3990 6202
282 306 423 364 “57

1436 310 1937 371 COMMENTARIA
1974 311 2042 368 IN
2078 313 2413 372 PSALMOS.

3352 318 3499 375 ηδε

276 444 369 501 ρον
416 428 447 482 6
486 426 775 499 Σύμμαχος
828 427 1351 506 ἀπέδωκενβῑπών·
1395 429 1505 497 ης
1555 432 1830 500 ἀμελείας

1936 441 2049 488 rent
2079 433 2247 488 vultui
2275 442 2384 489 tuo.
2414 433 2555 489 Anni
2587 433 2754 488 nostri
2785 433 2919 488 sicut
2942 450 3138 489 aranea
3170 434 3497 499 meditaban.

271 514 443 584 ἡμῶν
467 515 784 584 φαίνεσθαι
810 513 889 581 τῷ
927 516 1220 585 προσώπῳ
1246 532 1362 572 σου
1420 518 1495 573 Τὰ
1526 520 1630 588 ἔτη
1667 520 1836 589 ἡμῶν

269 604 413 660 ὡσεί
462 604 695 676 ἀράχνῃ
753 607 1062 677 ἐμελέτων.
1121 611 1192 664 At
1246 609 1454 679 ἡμέραι
1511 610 1628 666 τῶν
1686 614 1835 668 ἑτῶν

269 693 441 764 ἡμῶν
488 695 561 749 ἐν
608 696 810 764 αὐτοῖς
853 704 899 752 o’
932 700 1058 766 ἐτη.
1099 697 1234 753 Ἐὰν
1264 698 1333 753 δὲ
1362 700 1431 753 ἐν
1456 701 1835 771 δυναστείαις

273 785 635 858 ὁγδοήκοντα
659 789 787 858 ἐτη,
820 789 920 845 καὶ
947 791 1014 845 τὸ
1047 793 1257 846 πλεῖον
1283 791 1481 848 αὐτῶν
1510 796 1699 864 κόπος
1734 798 1837 852 καὶ

270 879 475 946 πόνος.
546 880 804 935 Ἐνταῦθα
876 882 1017 938 κατά
1079 884 1266 957 καιρὸν
1335 886 1667 959 παραθετὲον
1737 891 1835 963 τὴν

280 968 499 1024 Ἡσαΐου
541 974 906 1044 προφητείαν,
952 973 1020 1028 δι’
1063 971 1131 1049 ἦς
1182 993 1375 1047 φησιν*
1419 978 1517 1033 Ὠὰ
1562 980 1836 1037 ἀσπίδων

264 1062 528 1132 ἕρῤηξαν
553 1065 652 1119 καὶ
684 1065 856 1121 ἱστὸν
882 1067 1151 1138 ἀράχνης
1176 1070 1518 1140 ὑφαίνουσι.
1566 1073 1749 1131 Ταῦτα
1772 1075 1834 1131 δὲ

265 1154 546 1220 ὲθέσπιζεν
569 1158 597 1211 6
623 1158 936 1232 Προφήτης,
966 1159 1303 1233 ἀναπέμπων
1323 1161 1416 1217 τὸν
1436 1163 1593 1234 λόγον
1612 1166 1703 1220 ἐπὶ
1734 1167 1833 1238 τὴν

264 1248 592 1303 κατάστασιν
609 1249 702 1303 τοῦ
725 1250 853 1305 λαοῦ
873 1253 970 1325 τὴν
988 1253 1123 1324 μετά
1150 1255 1250 1328 τὴν
1276 1258 1577 1327 παρουσίαν
1604 1258 1699 1313 τοῦ
1730 1260 1834 1314 Σω-

261 1338 426 1411 τῆρος
448 1340 627 1412 ἡμῶν,
656 1342 778 1397 καθ’
808 1344 875 1415 ἢν
913 1348 961 1399 οἱ
1000 1345 1257 1418 ἄρχοντες
1290 1349 1468 1402 αὐτῶν
1498 1350 1651 1423 δίκην
1690 1351 1834 1424 ὅρνι-

261 1430 353 1495 θος
374 1432 661 1505 τικτούσης
681 1434 749 1489 τὰ
778 1436 982 1492 ἑαυτῶν
1007 1438 1428 1510 ἀπογεννώμενα
1448 1440 1685 1497 τοσαῦτα
1707 1460 1835 1514 προ-

261 1522 564 1590 ϐάλλονται,
592 1525 669 1589 ὡς
698 1526 920 1593 ἀσπίδος
949 1528 1263 1598 ὁμοιοῦσθαι
1286 1533 1580 1603 γεννήμασι
1618 1532 1706 1587 διὰ
1741 1534 1832 1588 τὸν

257 1614 535 1686 ἐνιέμενον
578 1617 670 1671 ὑπ’
696 1618 871 1673 αὐτῶν
916 1623 1013 1693 τῆς
1058 1622 1201 1678 κατά
1240 1622 1333 1678 τοῦ
1382 1624 1631 1697 Σωτῆρος
1674 1626 1831 1697 ἡμῶν

257 1705 607 1780 βλασφημίας
654 1711 730 1767 ίὸν
771 1715 865 1769 καὶ
897 1714 998 1785 τῆς
1025 1715 1192 1788 ἄλλης
1230 1716 1309 1780 είς
1349 1716 1510 1771 αὑτὸν
1555 1718 1827 1784 ἀπιστίας.

1936 535 2041 580 tur.
2074 525 2197 581 Dies
2246 542 2503 580 annorum
2536 534 2836 580 nostrorum
2895 526 2949 579 in
2994 526 3120 593 ipsis
3174 530 3496 599 septuaginta

1934 619 2081 674 anni.
2111 617 2171 673 Si
2200 627 2371 673 autem
2427 620 2485 671 in
2539 615 2892 683 potentatibus
2930 617 3197 687 octoginta
3238 620 3365 673 anni
3398 660 3414 685 ,
3444 630 3495 676 et

1936 710 2159 778 amplius
2186 726 2362 765 eorum
2380 709 2530 764 labor
2554 718 2604 764 et
2630 709 2803 763 dolor.
2830 707 2928 763 llic
2947 716 3249 778 opportune
3274 709 3498 779 adjicia-

1935 810 2026 857 tur
2048 801 2198 856 lsaia:
2213 801 2514 872 prophetia,
2533 816 2639 871 qua
2664 802 2760 863 ait,
2782 799 2893 855 Ova
2923 801 3165 868 aspidum
3192 812 3494 869 eruperunt,

1934 901 1984 947 et
2007 892 2162 945 telam
2182 908 2390 946 aranew
2413 901 2590 945 texunt
2612 890 2679 943 ⁸ο.
2708 889 2832 946 Haec
2867 904 3031 960 porro
3062 891 3386 947 vaticinatus
3410 902 3495 949 est

1932 984 2222 1055 Propheta,
2247 998 2547 1038 sermonem
2581 983 2649 1035 ad
2682 981 2863 1052 populi
2900 988 3023 1053 post
3058 981 3346 1037 adventum
3376 983 3493 1039 Sal—

1936 1076 2137 1132 vatoris
2164 1076 2335 1132 nostri
2364 1082 2564 1131 statum
2595 1073 2860 1140 relerens,
2876 1089 2986 1145 quo
3012 1076 3286 1146 principes
3305 1090 3493 1132 eorum

1934 1182 2035 1224 ceu
2065 1168 2260 1239 gallina
2289 1167 2529 1240 pariens,
2550 1181 2669 1222 eam
2694 1167 3014 1223 emittebant
3038 1167 3397 1239 prolem,qute
3423 1151 3494 1225 ob

1933 1261 2239 1317 immissum
2282 1261 2349 1315 ab
2396 1260 2503 1315 illis
2530 1259 2683 1316 virus
2719 1259 3066 1331 blasphemia:
3107 1259 3163 1315 in
3194 1259 3493 1325 Christum,

1930 1364 1988 1412 et
2013 1353 2082 1410 ob
2103 1354 2365 1423 reliquam
2398 1354 2544 1408 circa
2585 1353 2739 1407 illum
2785 1352 3215 1410 incredulitatem
3237 1393 3253 1416 ,
3313 1362 3499 1424 posset

1932 1443 2188 1517 aSpidum
2235 1443 2368 1500 fetui
2411 1444 2739 1514 comparari.
2783 1442 2921 1499 Olim
2953 1444 3172 1515 quidem
3228 1443 3498 1499 sacerdoti

1932 1537 2187 1595 texebant
2223 1542 2423 1600 vestes,
2453 1543 2508 1591 et
2534 1536 2703 1592 stolas
2727 1545 2982 1604 sanctas;
3021 1551 3168 1592 nunc
3203 1545 3382 1590 autem
3412 1542 3499 1589 to’-

1932 1635 2043 1683 tam
2080 1642 2267 1684 eorum
2311 1634 2622 1693 texturam,
2670 1634 2724 1684 et
2778 1634 2943 1682 totam
2988 1634 3302 1698 apparatam
3348 1626 3496 1682 illam

1933 1719 2081 1776 verbi
2114 1719 2438 1781 doctrinam.
2478 1733 2639 1788 quam
2695 1732 2793 1788 per
2832 1717 3137 1772 divinarum
3187 1703 3498 1788 Scriptura.

256 1797 434 1853 Πάλαι
459 1801 557 1871 μὲν
584 1798 677 1856 οὖν
705 1801 926 1873 ὕφαινον
949 1806 1182 1876 χιτῶνας
1212 1806 1290 1878 τῷ
1317 1808 1562 1879 ἀρχιερεῖ
1588 1807 1682 1862 καὶ
1717 1826 1830 1864 στο-

1933 1828 2052 1868 rum
2082 1812 2548 1883 complicationem
2566 1817 2622 1865 et
2638 1820 2905 1866 texturam
2936 1810 3266 1880 producunt,
3285 1824 3498 1865 araneae

254 1888 355 1954 λάς
391 1891 582 1961 ἁγίας·
616 1891 713 1947 νῦν
737 1895 798 1949 δὲ
837 1898 1013 1951 πᾶσαν
1053 1896 1150 1968 τὴν
1200 1897 1340 1970 ὑφὴν
1374 1897 1552 1952 αὐτῶν
1596 1901 1688 1953 καὶ
1736 1899 1835 1972 τὴν

254 1980 346 2037 διὰ
369 1982 461 2036 τοῦ
487 1984 643 2053 λόγου
678 1986 1221 2062 κατασκευαζομένην
1248 1989 1611 2053 διδασκαλίαν,
1644 1991 1711 2063 ἢν
1748 1992 1834 2046 διὰ

254 2073 356 2145 τῆς
390 2074 498 2128 τῶν
533 2075 692 2132 θείων
723 2078 953 2150 Γραφῶν
984 2080 1299 2152 συμπλοκῆς
1331 2098 1392 2135 τε
1425 2083 1519 2136 καὶ
1552 2083 1832 2152 ὐφάνσεως

249 2163 672 2236 προϐάλλονται,
699 2170 941 2243 ἀράχνης
975 2172 1251 2242 ὑφάσματι
1283 2174 1612 2246 παρείκασεν
1638 2177 1667 2228 6
1695 2193 1831 2248 προ-

249 2257 482 2327 φητικὸς
530 2258 703 2329 λόγος.
752 2263 843 2317 Διό
886 2280 1076 2336 φησιν’
1117 2265 1306 2320 ἰστὸν
1351 2266 1619 2336 ἀράχνης
1657 2269 1831 2337 ὑφαί-

250 2362 451 2404 ιωυσι.
497 2352 610 2407 Καὶ
646 2355 676 2407 6
718 2354 908 2427 παρὼν
949 2356 1007 2413 δὲ
1038 2357 1270 2428 ψαλμὸς,
1299 2358 1397 2431 τὴν
1438 2361 1502 2413 ὲκ
1540 2360 1829 2432 προσώπου

249 2441 433 2495 αὐτῶν
459 2442 726 2516 περιέχων
754 2446 1153 2521 ἐξομολόγησιν,
1181 2450 1348 2522 φησί’
1400 2450 1477 2506 Τὰ
1516 2451 1620 2520 ἔτη
1663 2450 1831 2521 ἡμῶν
1886 2504 1889 2509 .

252 2533 337 2599 ὡς
356 2534 587 2605 ἀράχνη
634 2538 946 2608 ἐμελέτων.
980 2542 1271 2614 ’Δντικρυς
1313 2542 1421 2615 γὰρ
1468 2543 1567 2607 τὰς
1601 2544 1831 2616 μελέτας

253 2625 364 2679 τῶν
393 2628 624 2700 Γραφῶν
657 2633 715 2685 ὲν
747 2628 836 2696 αἷς
866 2633 1301 2706 κατατρίϐονται,
1325 2635 1538 2701 καὶτὰς
1563 2636 1829 2707 δευτερώ⁹

252 2736 403 2785 σεις,
451 2721 520 2775 δι’
565 2716 641 2778 ὧν
687 2724 981 2796 ὑφάσματά
1027 2744 1148 2782 τινα
1190 2726 1535 2793 διδασκαλίας
1582 2728 1828 2784 δοκοῦσιν

250 2812 680 2882 ἀπεργάζεσθαι,
709 2817 952 2889 ἀράχνης
980 2818 1277 2873 ἀπείκασεν
1309 2819 1510 2891 ἔργοις.
1547 2819 1704 2874 Ἀλλὰ
1736 2822 1829 2876 καὶ

252 2901 353 2974 τὴν
386 2903 528 2978 ζωὴν
558 2907 738 2961 αὐτῶν
786 2908 952 2979 μόνην
995 2911 1157 2980 φασὶν
1200 2905 1461 2983 εἶναιτὴν
1497 2911 1828 2984 πρόσκαιρον

1930 1905 2055 1961 telis
2090 1903 2298 1960 confert
2342 1903 2692 1973 propheticus
2740 1916 2940 1957 sermo.
2991 1901 3331 1972 Quapropter
3380 1903 3497 1968 ait,

1932 1997 2114 2052 Telam
2138 2010 2351 2050 araneae
2380 2003 2584 2050 texunt.
2635 1992 2887 2050 Praesens
2915 2007 3132 2064 quoque
3159 1992 3402 2063 psalmus
3430 2008 3499 2048 ex

1928 2101 2114 2142 eorum
2149 2099 2380 2157 persona
2420 2083 2815 2140 confessionem
2847 2083 3105 2139 emittens
3131 2121 3148 2147 ,
3210 2082 3304 2147 ait,
3357 2081 3496 2141 Anni

1928 2177 2094 2231 nostri
2120 2176 2255 2231 sicut
2300 2191 2498 2229 aranea
2537 2174 2953 2230 meditabantur.
3012 2172 3213 2243 Aperte
3262 2186 3496 2242 namque

1928 2268 2305 2323 meditationes
2347 2265 2753 2338 Seripturarum
2802 2266 2858 2321 in
2889 2264 3090 2336 quibus
3120 2270 3335 2323 aetatem
3366 2278 3499 2318 con-

1924 2359 2125 2424 ferunt,
2152 2370 2205 2414 et
2226 2359 2563 2422 deuteroses,
2590 2359 2705 2413 sive
2732 2357 3001 2413 secundas
3044 2355 3366 2411 traditiones
3398 2370 3495 2410 eo-

1924 2466 2068 2516 rum,
2090 2450 2290 2521 quibus
2318 2449 2456 2506 telas
2483 2446 2743 2520 quasdam
2767 2447 3031 2503 doctrinm
3061 2445 3318 2501 videntur
3332 2445 3499 2501 ador-

1924 2556 2077 2605 nare.
2116 2555 2329 2597 araneae
2359 2539 2574 2610 opiﬁcio
2611 2546 2911 2610 comparat.
2965 2538 3082 2592 lino
3106 2538 3270 2593 etiam
3320 2536 3489 2591 vitam

1925 2651 2082 2694 suam
2117 2644 2522 2704 temporaneam
2547 2634 2724 2691 solum
2753 2648 2876 2688 esse
2914 2631 3125 2693 dicunt,
3154 2630 3497 2700 septuaginta

1928 2730 2013 2786 vel
2036 2727 2312 2801 octoginta
2339 2728 2498 2783 annis
2532 2722 3025 2795 circumscriptam.
3055 2720 3112 2776 ld
3145 2736 3311 2792 porro
3340 2721 3497 2775 aiunt

1928 2821 1996 2877 de
2026 2829 2228 2876 aeterna
2254 2824 2309 2876 et
2352 2817 2532 2873 futura
2580 2818 2715 2883 vita,
2744 2831 2867 2887 qua:
2912 2812 3183 2885 religiosis
3213 2811 3345 2868 viris
3368 2827 3495 2883 pro-

1928 2913 2159 2968 mittitur
2179 2952 2195 2976 ,
2227 2910 2597 2982 desperantes.

249 2997 314 3049 ὲν
356 3004 398 3050 ot
438 3000 530 3054 uel.
578 3006 632 3053 π’
663 2998 806 3054 ἔτεσι
849 3003 1378 3076 συμπεραιουμένην.
1409 3004 1579 3059 Τοῦτο
1603 3006 1658 3059 δέ
1692 3023 1822 3077 φασι
1856 3005 1955 3078 τὴν
1985 3004 2196 3060 αἰώνιον
2235 3002 2332 3058 καὶ
2367 3002 2659 3075 μέλλουσαν
2695 2999 2838 3073 ζωὴν
2867 2999 2965 3070 τὴν
3027 3000 3136 3061 τοῖς
3195 2994 3493 3065 θεοφιλέσιν

252 3088 731 3162 ἐπαγγελλομένην
758 3091 1246 3162 ἀπογινώσκοντες.

331 3214 458 3269 ‘02:
528 3214 753 3284 ἐπῆλθε
816 3217 1087 3286 πραΰτης
1134 3217 1234 3272 καὶ
1291 3217 1827 3290 παιδευθησόμεθα.

1997 3216 2164 3273 Vens.
2199 3217 2288 3281 Η,
2339 3214 2426 3271 12.
2502 3213 2767 3282 Quoniam
2816 3212 3108 3281 superuenit
3146 3211 3494 3269 mansuetudo

256 3305 362 3371 Τίς
390 3305 661 3374 γινώσκει
704 3307 772 3360 τὸ
815 3307 1031 3376 κράτος
1057 3306 1168 3376 τῆς
1195 3308 1378 3378 ὀργῆς
1397 3322 1534 3375 σου,
1577 3310 1676 3364 καὶ
1704 3311 1821 3365 ἀπὸ

251 3396 364 3453 τοῦ
394 3399 586 3468 φόϐου
621 3413 738 3453 σου
767 3399 878 3453 τὸν
903 3401 1093 3470 θυμόν
1118 3416 1237 3454 σου
1280 3401 1822 3471 ὲξαριθμήσασθαι;

250 3488 370 3557 τὴν
391 3488 597 3554 δεξιάν
626 3505 743 3544 σου
776 3490 931 3544 οὕτω
976 3491 1288 3561 γνώρισον,
1320 3493 1417 3546 καί
1447 3494 1592 3561 τοὺς
1625 3507 1824 3548 πεπαι-

249 3577 581 3649 δευμένους
622 3579 699 3649 τῆ
732 3581 945 3650 καρδίᾳ
982 3582 1052 3635 ἐν
1101 3584 1309 3657 σοφίᾳ.
1349 3583 1498 3638 ’Δντὶ
1549 3584 1666 3649 τοῦ,
1702 3586 1824 3640 Ὅτι

250 3669 477 3739 ἐπῆλθε
509 3672 776 3741 πραΰτης
801 3673 897 3727 καὶ
920 3672 1455 3744 παιδευθησόμεθα,
1478 3676 1507 3728 6
1530 3676 1824 3748 Σύμμαχός

254 3778 417 3833 φησι⁸
455 3762 778 3832 Τμηθέντες
800 3763 914 3833 γὰρ
940 3764 1106 3834 ἄφνω
1131 3766 1631 3838 ἐκπεταννύμεθα.
1668 3769 1825 3839 Ἐχε-

250 3871 342 3908 ται
369 3853 426 3907 δὲ
455 3853 557 3925 τῆς
584 3854 1016 3927 προδηλωθείσης
1043 3855 1280 3920 διανοίας
1317 3858 1411 3911 καὶ
1446 3859 1476 3910 6
1508 3856 1696 3928 παρὼν
1733 3858 1822 3917 λά·

250 3944 480 4014 γος.Τά
509 3943 619 4016 7&9
648 3944 745 4016 ἐτη
794 3944 973 4017 ἡμῶν,
1021 3947 1177 4017 φησὶ,
1229 3946 1298 4001 τὰ
1340 3948 1440 4019 τῆς
1489 3948 1823 4021 προσκαίρου

254 4035 403 4108 ζωῆς
428 4038 508 4101 είς
535 4044 578 4091 o’
611 4039 705 4091 καὶ
733 4044 788 4090 π’
813 4037 1043 4111 ἀριθμὸν
1075 4038 1213 4092 ἑτῶν
1241 4040 1502 4094 συντείνει
1522 4057 1536 4071 ο
1566 4043 1660 4095 καὶ
1685 4040 1821 4112 αὕτη

253 4128 406 4183 ἐστὶν
443 4130 477 4200 ἡ
526 4128 679 4200 ἡμῶν
720 4128 895 4195 ὲλπὶς,
948 4129 1066 4202 μεθ’
1094 4132 1162 4203 ἢν
1211 4130 1436 4202 οὐδεμία
1490 4130 1622 4202 ἀλλη
1677 4134 1826 4203 ἡμᾶς

252 4219 553 4287 διαδέξεται
571 4238 586 4252 ·
614 4221 911 4293 τμηθέντες
942 4222 1045 4296 γὰρ
1078 4224 1230 4293 ἄφνω
1255 4223 1394 4277 κατά
1424 4223 1521 4296 τὴν
1550 4224 1823 4295 τελευτὴν,

253 4312 699 4384 ἑκπεταννύμεθα
715 4329 729 4342 °
759 4313 896 4384 μετὰ
916 4314 973 4367 δὲ
1003 4313 1174 4369 ταῦτα
1200 4315 1252 4368 τί
1274 4332 1404 4369 ποτε
1428 4317 1576 4387 ἡμᾶς
1595 4314 1828 4382 διαδέξεο

253 4419 371 4467 ται,
397 4403 480 4468 τίς
517 4400 659 4470 οἷδεζ
707 4407 803 4471 Τίς
840 4406 949 4479 γὰρ
993 4405 1324 4479 ἑρμηνεῦσαι
1363 4407 1604 4472 δύναται,
1654 4406 1688 4478 ἢ
1733 4408 1828 4464 καὶ

253 4492 502 4565 ἀκριϐῶς
526 4495 723 4564 γνῶναι
755 4496 849 4550 καὶ
878 4495 1133 4563 ἐξειπεῖν,
1158 4496 1314 4551 ὁποία
1347 4497 1430 4562 τίς
1455 4500 1604 4552 ἐστιν
1630 4499 1665 4569 ἡ
1691 4497 1826 4569 μετά

1926 3319 1976 3365 et
1996 3309 2313 3366 erudiemur.
2349 3308 2478 3375 Quis
2507 3308 2648 3362 novit
2677 3313 2987 3376 potestatem
3026 3305 3122 3359 ine
3159 3314 3283 3369 tua,
3303 3314 3352 3359 et
3381 3320 3492 3373 prce

1928 3404 2113 3456 timore
2138 3412 2227 3455 tuo
2247 3402 2478 3471 furorem
2499 3408 2647 3453 tuum
2671 3399 3040 3454 dinumerare?
3057 3396 3324 3452 dexteram
3346 3404 3492 3450 tuam

1928 3493 2005 3547 sic
2034 3500 2214 3546 notam
2249 3490 2355 3561 fac,
2386 3498 2435 3544 et
2466 3487 2697 3544 eruditos
2758 3486 2911 3542 corde
2960 3486 3017 3540 in
3043 3486 3323 3555 sapientia.
3386 3483 3492 3541 Pro

1929 3586 2044 3649 illo,
2076 3585 2341 3652 Quoniam
2366 3581 2662 3652 superuenit
2698 3577 3066 3643 mansuetudo,
3098 3587 3147 3632 et
3167 3577 3488 3644 eradicatur,

1931 3676 2289 3750 Symmachus
2305 3674 2403 3738 ait,
2427 3673 2632 3729 Succisi
2653 3673 2810 3737 enim,
2834 3679 3037 3740 repente
3063 3670 3354 3725 enotamus.
3390 3667 3491 3725 Su-

1926 3769 2118 3841 perius
2145 3772 2460 3823 memorata:
2487 3764 2770 3821 sententiae
2796 3761 2888 3818 hic
2910 3776 3092 3818 sermo
3111 3760 3334 3820 insistit.
3350 3761 3492 3817 Nam

1928 3862 2026 3924 ait,
2054 3861 2184 3915 anni
2216 3859 2387 3915 nostri
2420 3856 2585 3927 hujus
2608 3863 2969 3925 temporsnete
3003 3854 3124 3908 vitae
3170 3853 3225 3907 in
3272 3858 3493 3923 septua-

1928 3954 2079 4024 ginta
2119 3952 2203 4008 vel
2233 3950 2507 4021 octoginta
2539 3962 2810 4002 annorum
2859 3960 3148 4002 numerum
3180 3943 3494 4017 producun-

1929 4052 2058 4099 tur:
2090 4051 2147 4098 et
2175 4043 2290 4098 haec
2322 4049 2509 4097 nostra
2556 4054 2683 4110 spes
2706 4046 2812 4105 est,
2839 4047 2966 4108 post
3008 4052 3171 4108 quam
3206 4037 3357 4093 nulla
3386 4037 3494 4093 alia

1928 4153 2031 4193 nos
2057 4135 2306 4205 excipiet.
2354 4132 2565 4189 Succisi
2593 4132 2739 4189 enim
2773 4137 2996 4202 repente
3022 4130 3078 4185 in
3106 4137 3350 4200 tempore
3375 4128 3495 4183 oni.-

1926 4237 2041 4293 tus,
2073 4228 2350 4283 avolamus
2379 4246 2391 4281 :
2423 4236 2609 4297 postea
2638 4240 2769 4280 vero
2813 4223 2946 4294 quid
2996 4237 3099 4278 nos
3140 4228 3495 4291 excepturum

1930 4318 2004 4373 sit
2033 4316 2157 4387 quis
2184 4314 2367 4371 novit?
2396 4314 2538 4379 Quis
2569 4313 2713 4368 enim
2736 4312 3010 4382 explicare
3038 4316 3233 4379 potest,
3255 4317 3350 4362 aut
3369 4310 3492 4378 quis

1932 4415 2183 4469 accurate
2220 4421 2383 4462 nosse
2421 4411 2599 4475 potest
2644 4418 2709 4458 ac
2750 4403 2952 4467 dicere,
2987 4416 3107 4471 quae
3137 4400 3212 4456 sit
3241 4400 3320 4453 ira
3363 4399 3488 4465 illa,

1932 4516 2052 4571 quae
2078 4506 2201 4570 post
2227 4499 2369 4552 hanc
2394 4497 2562 4552 vitam
2594 4501 2915 4563 peccatores
2935 4492 3193 4545 invasura
3213 4497 3297 4545 est
3315 4489 3347 4545 ἓ
3366 4487 3493 4546 Ideo

254 4584 431 4639 ταῦτα
483 4586 608 4648 τοὺς
651 4585 1006 4656 ἁμαρτωλοὺς
1060 4584 1473 4658 καταληψομένη
1522 4587 1688 4660 όργή;
1733 4587 1826 4640 Διό

1930 4593 2022 4655 ait,
2052 4592 2185 4658 Quis
2212 4590 2353 4644 novit
2380 4595 2685 4656 potestatem
2722 4586 2816 4640 ira:
2854 4596 2994 4648 tute,
3052 4592 3102 4639 et
3149 4597 3258 4643 pra:
3306 4583 3492 4637 timore

257 4693 394 4747 φησι
410 4693 426 4709 ’
460 4678 555 4744 Τίς
593 4676 867 4748 γινώσκει
895 4675 963 4731 τὸ
984 4674 1201 4745 κράτος
1223 4676 1334 4746 τῆς
1359 4677 1539 4756 ἀργῆς
1559 4695 1697 4743 σου,
1724 4680 1823 4735 καὶ

256 4768 377 4824 ἀπὸ
410 4768 515 4823 τοῦ
545 4771 733 4839 φόϐου
755 4783 871 4823 σου
899 4770 1003 4825 τὸν
1023 4772 1213 4841 θυμόν
1241 4788 1395 4836 σου;
1422 4772 1517 4837 Τίς
1541 4772 1598 4826 δὲ
1628 4767 1739 4837 οἷός
1764 4771 1826 4826 τέ

256 4860 410 4912 ἐστιν
441 4857 903 4932 ἐξαριθμήσασθαι
949 4860 1047 4932 τὴν
1077 4860 1254 4926 δεξιάν
1300 4878 1432 4927 σου;
1472 4860 1631 4916 Ἀλλά
1666 4862 1728 4915 σύ
1760 4879 1824 4931 γε

256 4952 389 5023 ἡμῖν
415 4951 444 5003 6
475 4950 607 5012 Θεὸς
636 4951 881 5005 ἐντεῦθεν
908 4953 1008 5025 ήδη
1048 4952 1310 5025 γνώρισον
1359 4954 1457 5026 τὴν
1502 4954 1676 5021 δεξιάν
1710 4972 1826 5020 σου,

257 5042 343 5105 εἰς
372 5039 432 5094 τὺ
475 5039 730 5096 δύνασθαι
763 5044 908 5116 ἡμᾶς
940 5045 1079 5098 νοεῖν
1117 5062 1178 5098 τε
1207 5045 1373 5115 αὐτὴν
1416 5047 1509 5100 καὶ
1536 5046 1634 5112 τὰς
1665 5047 1827 5102 δυνά-

260 5148 385 5204 μεις
421 5131 590 5202 αὐτῆς
610 5133 1054 5207 ἀπαριθμεῖσθαι.
1084 5135 1271 5203 Δεξιάν
1305 5137 1363 5191 δὲ
1412 5137 1546 5191 Θεοῦ
1577 5138 1664 5192 τὸν
1698 5140 1830 5209 Χρι-

257 5222 387 5276 στὸν
433 5223 598 5277 αὐτοῦ
632 5226 887 5291 πολλάκις
933 5227 1175 5293 ἐδίδαξαν
1222 5229 1271 5283 οἱ
1324 5230 1457 5301 ἱεροὶ
1481 5229 1647 5298 λόγοι.
1696 5230 1831 5284 Παι-

255 5312 509 5375 δεύονται
532 5315 709 5371 τοίνυν
728 5320 785 5372 -οἱ
816 5318 1114 5391 δηλούμενα
1157 5320 1296 5390 μετά
1333 5321 1430 5391 τὴν
1456 5320 1834 5394 ἐξομολόγησιν

257 5402 512 5477 εὔχεσθαι
560 5406 953 5482 καταξιωθῆναι
1000 5410 1213 5484 πρῶτον
1268 5414 1368 5483 μὲν
1412 5413 1512 5484 τῆς
1561 5412 1653 5467 τοῦ
1698 5413 1832 5467 Θεοῦ

262 5499 594 5570 πραΰτητος,
625 5500 700 5563 ώς
731 5500 798 5555 ἂν
829 5502 1165 5558 παιδευθεῖεν
1192 5502 1256 5556 δι’
1280 5504 1447 5581 αὐτῆς
1473 5518 1487 5534 ⁸
1520 5502 1709 5558 ἔπειτα
1732 5504 1835 5576 τῆς

261 5589 441 5655 δεξιᾶς
459 5591 645 5659 αὐτοῦ,
661 5592 858 5666 δηλαδὴ
882 5595 981 5666 τῆς
1000 5596 1248 5665 γνώσεως
1267 5597 1360 5651 τοῦ
1387 5596 1620 5670 Χριστοῦ
1647 5596 1833 5664 αὐτοῦ,

340 5748 385 5780 ⁸⁸
424 5748 527 5806 lsn.
568 5765 691 5807 ιιι.
727 5750 779 5804 5.

1930 4694 2019 4739 tuo
2051 4684 2189 4738 iram
2214 4692 2359 4736 tuam
2380 4683 2406 4737 ?
2426 4679 2560 4747 Quis
2606 4680 2950 4734 dinumerare
2989 4682 3168 4746 potest
3211 4674 3491 4731 dexteram

1931 4774 2114 4828 tuam?
2151 4771 2255 4828 Sed
2288 4779 2344 4826 tu
2378 4770 2520 4826 Deus
2570 4769 2665 4824 hic
2709 4768 2870 4824 nobis
2916 4767 3193 4823 dexteram
3223 4775 3377 4821 tuam
3401 4782 3495 4822 uo-

1930 4872 2041 4917 tam
2071 4862 2176 4925 fac,
2211 4870 2272 4915 ut
2298 4861 2571 4931 possimus
2600 4859 2746 4913 illam
2797 4857 3130 4929 intelligere,
3180 4864 3239 4911 et
3264 4857 3493 4913 virtutes

1931 4958 2050 5027 ejus
2096 4956 2462 5012 dinumerare.
2498 4950 2785 5008 Dexteram
2830 4964 2994 5021 porro
3040 4947 3171 5013 Dei,
3213 4948 3492 5005 Christum

1931 5047 2051 5117 ejus
2082 5043 2560 5116 esse,plerumque
2586 5040 2890 5096 docuerunt
2933 5054 3103 5095 sacra:
3145 5038 3357 5096 litterae.
3410 5039 3492 5094 illi

1933 5139 2116 5209 itaque
2152 5137 2265 5207 jam
2310 5133 2595 5191 memorati
2637 5132 3017 5196 instituuntur,
3045 5137 3105 5185 ut
3131 5139 3253 5203 post
3286 5130 3495 5186 confes-

1934 5235 2143 5287 sionem
2171 5225 2407 5284 conl‘erri
2454 5225 2558 5280 sibi
2596 5232 2926 5296 precentur,
2967 5223 3145 5295 primo
3188 5221 3283 5277 Dei
3336 5237 3493 5276 man-

1934 5320 2294 5385 suetudinem,
2316 5325 2376 5373 ut
2405 5316 2579 5374 abilla
2602 5313 2951 5380 erudiantur,
2979 5313 3175 5369 deinde
3212 5312 3488 5365 dexteram

1933 5416 2073 5487 ejus,
2106 5412 2315 5471 scilicet
2340 5411 2701 5483 cognitionem
2729 5407 2933 5464 Christi
2964 5405 3158 5477 ipsius,
3182 5411 3237 5458 et
3269 5401 3490 5455 mirabi-

1933 5509 2065 5564 lium
2100 5505 2219 5576 ejus
2267 5503 2566 5568 virtutum,
2624 5510 2681 5557 ut
2735 5500 2928 5555 horum
2984 5495 3176 5551 notitia
3236 5493 3491 5550 meliores

1935 5599 2185 5666 evadant,
2216 5604 2268 5653 ct
2296 5605 2353 5653 ut
2393 5605 2569 5653 mente
2610 5592 2843 5669 eruditi,
2905 5588 2994 5644 Dei
3029 5584 3309 5657 sapientia:
3354 5599 3490 5644 con-
