3988 6204
521 325 660 383 H39

1148 329 1419 386 EUSEBll
1449 329 1929 388 CIESARIENSIS
1971 331 2121 390 OPP.
2164 335 2345 390 PARS
2379 333 2467 388 ιιι.
2519 365 2589 378 -—
2630 333 3037 391 EXEGE‘I’ICA.

3611 327 3754 384 Hi0

517 449 698 497 sortes
759 441 868 494 sint
899 458 913 493 :
949 438 1201 497 Christus
1259 450 1440 498 autem
1470 452 1555 500 est
1584 444 1675 501 Dei
1710 445 1886 502 virtus
1920 454 1974 502 et
1996 444 2072 503 De

2191 447 2300 501 τῶν
2337 465 2394 502 τε
2441 447 2756 520 παραδόξων
2781 447 2946 502 αὐτοῦ
2978 445 3276 518 δυνάμεων,
3309 444 3384 509 ὡς
3413 443 3477 499 ἂν
3495 430 3498 434 ί
3519 443 3755 514 βελτίους

516 529 786 598 sapientia
821 529 884 580 “.

2189 539 2364 593 αὐτῶν
2410 541 2645 608 γένοιντο
2692 540 2798 594 ἀπὸ
2835 541 2936 610 τῆς
2973 539 3174 593 τούτων
3216 537 3498 607 γνώσεως,
3545 536 3640 592 καὶ
3681 535 3755 600 ὡς

513 621 600 690 ἂν,
635 624 1008 688 παιδευθέντες
1057 625 1156 697 τὴν
1194 625 1451 692 διάνοιαν,
1500 630 1816 703 μετάσχοιεν
1863 634 1962 706 τῆς
1995 633 2087 689 τοῦ
2161 635 2293 690 Θεοῦ
2375 636 2589 705 σοφίας·
2645 636 2875 706 Χριστὸς
2915 635 2971 688 δὲ
3017 633 3150 687 Θεοῦ
3188 633 3433 704 δύναμις,
3480 632 3571 687 καὶ
3618 627 3752 683 Θεοῦ

515 721 694 784 σοφία.

584 810 748 868 Vens.
787 813 962 868 15-17.
1004 814 1334 882 Convertere,
1392 816 1643 884 Domine,
1689 836 1950 891 usquequo
1975 865 1992 889 ,
2030 832 2081 876 et

509 902 852 973 deprecabilis
900 915 1011 960 esto
1041 923 1195 976 super
1238 925 1413 962 servos
1458 918 1594 964 tuos.
1641 910 1843 980 Repleti
1899 929 2079 967 sumus

509 1013 665 1050 mane
692 998 1058 1053 misericordia
1093 1010 1205 1065 tua,
1235 1010 1284 1056 et
1321 1003 1701 1059 exsultavimus
1747 1015 1799 1060 et
1841 1004 2083 1061 delectati

509 1106 690 1144 sumus
739 1091 979 1146 omnibus
1031 1092 1214 1147 diebus
1263 1096 1480 1149 nostris.
1527 1082 1722 1150 Lwtati
1769 1114 1950 1152 sumus
1986 1114 2080 1167 pro

507 1180 689 1236 diebus
716 1183 903 1252 quibus
933 1200 1027 1237 nos
1066 1183 1384 1249 humiliasti,
1417 1187 1569 1240 annis
1621 1187 1812 1259 quibus
1854 1187 2076 1242 vidimus

506 1273 674 1328 mala.
707 1270 774 1325 Et
807 1275 1000 1341 respice
1028 1274 1083 1326 in
1101 1289 1274 1328 servos
1305 1282 1420 1329 tuos
1451 1284 1500 1330 et
1528 1277 1583 1328 in
1605 1291 1760 1344 opera
1782 1285 1893 1341 tua,
1917 1287 1968 1331 et
1994 1277 2080 1332 di-

505 1365 616 1434 rige
642 1365 781 1435 filios
809 1381 990 1419 eorum
1016 1379 1034 1418 :
1065 1373 1115 1419 et
1148 1366 1220 1418 sit
1247 1364 1495 1434 splendor
1525 1366 1740 1421 Domini
1778 1367 1877 1422 Dei
1911 1369 2080 1422 nostri

503 1473 661 1525 super
681 1473 796 1521 nos,
825 1466 875 1510 et
903 1473 1060 1525 opera
1093 1473 1344 1512 manuum
1399 1467 1702 1513 nostrarum
1729 1459 1894 1540 dirige
1923 1476 2080 1530 super

503 1565 620 1613 nos,
653 1557 702 1602 et
725 1564 853 1618 opus
884 1565 1133 1603 manuum
1164 1560 1469 1605 nostrarum
1486 1551 1672 1622 dirige.
1699 1551 1831 1607 Post
1857 1553 2076 1610 confes-

505 1640 714 1694 sionem
770 1641 827 1697 in
882 1641 1316 1712 praecedentibus
1377 1642 1665 1710 traditam,
1716 1649 2080 1714 congruenter

2268 816 2684 883 Ἐπίστρεψον,
2716 815 2910 882 Κύριε,
2948 812 3059 879 ἕως
3104 813 3265 876 πότε,
3303 811 3400 865 καὶ
3448 814 3751 881 παρακλή-

2185 913 2316 978 θητι
2361 908 2459 962 ἐπὶ
2490 905 2630 972 τοὺς
2673 905 2931 971 δούλους
2977 920 3112 958 σου.
3155 903 3639 978 Ἐνεπλήσθημεν
3673 907 3752 973 τῷ

2185 1001 2333 1085 πρωῒ
2376 999 2484 1053 τοῦ
2521 997 2732 1063 ἐλέους
2777 1011 2915 1061 σου,
2959 995 3058 1050 καὶ
3107 995 3596 1067 ἡταλλιασάμεθα
3652 1002 3748 1054 καὶ

2182 1093 2597 1165 εὐφράνθημεν
2631 1091 2702 1145 ἐν
2735 1088 2957 1155 πάσαις
2994 1088 3120 1155 ταῖς
3151 1088 3396 1158 ἡμέραις
3415 1090 3601 1159 ἡμῶν,
3633 1095 3749 1147 εὑ.

2182 1185 2524 1258 φράνθημεν
2562 1183 2690 1238 ἀνθ’
2725 1175 2814 1236 ὧν
2849 1179 3082 1250 ἡμερῶν
3119 1180 3521 1249 ἐταπείνωσας
3572 1182 3748 1252 ἡμᾶς,

2182 1278 2332 1334 ἐτῶν
2350 1275 2438 1334 ὧν
2456 1278 2693 1348 εἴδομεν
2715 1275 2887 1331 κακά.
2918 1277 3032 1330 Καὶ
3083 1275 3172 1329 ἴδε
3201 1275 3300 1329 ἐπὶ
3322 1276 3458 1342 τοὺς
3489 1275 3749 1344 δούλους

2183 1389 2300 1426 σου
2341 1373 2440 1426 καί
2484 1370 2583 1424 ἐπὶ
2630 1368 2704 1424 τὰ
2751 1369 2898 1438 ἔργα
2943 1383 3078 1432 σου,
3119 1367 3216 1421 καὶ
3261 1367 3564 1438 όδήτησον
3610 1369 3752 1436 τοὺς

2183 1463 2350 1530 υἱοὺς
2377 1463 2604 1517 αὐτῶν
2635 1460 2734 1516 καί
2763 1461 2918 1516 ἔστω
2943 1461 2982 1529 ἡ
3011 1461 3356 1533 λαμπρότης
3394 1461 3615 1529 Kvplov
3643 1461 3750 1517 τοῦ

2187 1552 2334 1608 Θεοῦ
2381 1553 2552 1623 ἡμῶν
2591 1553 2684 1622 ἐφ’
2715 1551 2893 1622 ἡμᾶς,
2935 1551 3033 1606 καί
3079 1550 3151 1606 τὰ
3194 1553 3337 1622 ἔργα
3379 1550 3496 1606 τῶν
3542 1553 3749 1622 χειρῶν

2185 1647 2354 1715 ἡμῶν
2388 1646 2754 1699 κατεύθυνον
2797 1644 2890 1714 ἐφ’
2921 1642 3100 1718 ἡμᾶς,
3147 1643 3248 1697 καὶ
3289 1642 3359 1697 τὸ
3408 1643 3587 1714 ἔργον
3635 1643 3750 1698 τῶν

507 1731 723 1804 Moyses
769 1732 962 1787 orandi
1010 1733 1231 1788 modum
1279 1733 1446 1787 tradit
1491 1733 1560 1788 iis
1602 1749 1671 1789 ex
1713 1735 1934 1800 lsraele,
1983 1735 2072 1806 qui

2187 1734 2397 1804 χειρῶν
2434 1732 2604 1804 ἡμῶν
2645 1733 3032 1786 κατεύθυνον.
3094 1729 3422 1795 ’Δκολοὺθως
3471 1730 3610 1800 μετὰ
3654 1730 3749 1802 τὴν

506 1834 629 1896 post
660 1824 962 1879 Salvatoris
995 1825 1173 1879 nostri
1205 1824 1495 1879 adventum
1528 1824 1665 1895 lapsi
1697 1833 1849 1892 sunt,
1870 1835 1928 1880 ut
1957 1834 2080 1897 post

504 1915 808 1987 praemissa,
844 1915 982 1981 haec,
1029 1932 1151 1988 quae
1190 1917 1303 1985 jam
1336 1915 1646 1980 traduntur,
1680 1917 1955 1988 precando
1997 1916 2081 1971 di-

503 2016 632 2063 cant
679 2025 695 2062 :
736 2022 970 2077 quorum
1037 2007 1367 2062 sententiam
1417 2007 1622 2063 clarius
1687 2008 2081 2080 interpretatus

507 2097 866 2173 Symmachus
914 2107 998 2154 est
1046 2099 1150 2154 hoc
1208 2107 1367 2170 pacto
1401 2118 1414 2153 :
1449 2097 1778 2167 Convertere,
1827 2101 2076 2165 Domine.

503 2207 770 2261 usquequo
795 2206 816 2255 ;
840 2190 1182 2260 deprecabilis
1213 2200 1322 2244 esto
1354 2206 1508 2260 super
1535 2209 1708 2248 servos
1740 2203 1876 2249 tuos.
1924 2194 2082 2250 Satia

505 2299 600 2336 nos
638 2283 900 2337 matutina
932 2283 1300 2338 misericordia
1331 2292 1442 2348 tua,
1472 2292 1530 2336 ut
1560 2283 1885 2339 dormiamus
1915 2295 1964 2340 et
1989 2285 2081 2340 (w-

506 2383 676 2429 temur
691 2373 931 2428 omnibus
959 2373 1140 2429 diebus
1171 2374 1385 2430 nostris.
1423 2373 1658 2444 Lati/ica
1705 2393 1798 2431 nos
1837 2376 2079 2432 omnibus

2184 1825 2565 1898 ἐξομολόγησιν
2597 1825 2695 1897 τὴν
2719 1823 2806 1877 διὰ
2834 1823 2942 1877 τῶν
2978 1823 3405 1895 προτεινομένων
3431 1822 3752 1894 παραδοθεῖ-

2184 1937 2301 1985 σαν,
2325 1919 2402 1972 ἔτι
2418 1919 2516 1991 τὴν
2541 1917 2848 1988 προσευχὴν
2872 1916 2901 1968 ό
2929 1915 3171 1985 Μωῦσῆς
3190 1915 3426 1968 διδάσκει
3460 1916 3590 1976 τοὺς
3616 1913 3752 1984 μετὰ

2179 2009 2277 2080 τὴν
2308 2009 2400 2062 τοῦ
2417 2006 2836 2080 Σιιηῆροςὴμῶν
2856 2006 3156 2078 παρουσίαν
3176 2006 3638 2070 ἀποπεπτωκὰτας
3655 2005 3748 2058 τοῦ

2194 2094 2426 2168 Ἰσραὴλ,
2465 2097 2543 2158 είς
2570 2095 2631 2147 τὸ
2658 2094 2835 2163 λέγειν
2868 2094 3064 2158 αὐτοὺς
3095 2095 3578 2166 προσευχομένους,
3615 2097 3752 2166 μετὰ

2180 2185 2288 2238 τῶν
2315 2183 2680 2238 ἁποδοθέντων
2707 2185 2890 2239 καὶτὰ
2912 2184 3272 2256 προκείμενα’
3299 2177 3373 2238 ὧν
3399 2185 3498 2255 τὴν
3515 2185 3752 2241 διάνοιαν

2181 2276 2508 2348 σαφέστερον
2533 2276 2866 2348 ἐρμήνευσεν
2905 2278 2934 2330 ὁ
2973 2277 3284 2348 Σύμμαχος,
3312 2275 3494 2330 τοῦτον
3519 2277 3754 2342 ἀποδοὺς

2177 2369 2268 2423 τὸν
2296 2369 2492 2440 τρόπον
2511 2385 2524 2405 ε
2581 2367 3018 2438 Ἐπιστράφηθι,
3053 2369 3250 2437 Κύριε,
3285 2368 3395 2435 ἕως
3421 2369 3597 2422 πότε·
3638 2383 3750 2422 πα-

503 2464 709 2531 diebus,
741 2465 928 2539 quibus
953 2483 1048 2520 nos
1072 2467 1328 2546 amisisti,
1363 2469 1517 2522 annis
1549 2469 1602 2522 in
1636 2467 1823 2539 quibus
1855 2468 2072 2524 vidimus

2173 2459 2504 2530 ρακλήθητι
2531 2459 2682 2530 ὑπὲρ
2704 2458 2822 2513 τῶν
2846 2461 3079 2514 δούλων
3099 2475 3236 2515 σου.
3266 2463 3576 2529 Χόρτασον
3597 2459 3752 2530 ⁴ἡμᾶς

503 2557 667 2611 mala.
698 2555 1005 2630 Appareant
1031 2558 1170 2627 apud
1207 2574 1379 2613 servos
1414 2569 1528 2612 tuos
1565 2573 1721 2627 opera
1768 2567 1880 2622 tua,
1909 2568 1958 2612 et
1992 2558 2079 2612 di-

500 2649 678 2722 gnitas
721 2664 878 2718 super
923 2648 1064 2719 [ilios
1104 2658 1356 2715 nostros:
1382 2661 1432 2706 et
1476 2653 1542 2706 sit
1588 2649 1926 2720 pulchritudo
1973 2651 2080 2705 Do-

499 2739 633 2794 mini
669 2739 764 2794 Dei
791 2741 959 2794 nostri
987 2755 1142 2810 super
1170 2758 1286 2806 nos,
1317 2751 1367 2796 et
1399 2759 1556 2812 opera
1587 2759 1839 2796 manuum
1867 2752 2080 2797 nostra-

499 2846 622 2885 rum
655 2831 812 2900 ﬁrma
850 2831 938 2900 fac
981 2848 1138 2901 super
1168 2850 1284 2898 nos,
1319 2842 1368 2887 et
1396 2836 1654 2890 actionem
1697 2851 1949 2888 manuum
1982 2851 2078 2890 no-

501 2935 738 2978 strarum
785 2924 994 2996 perﬁce.
1054 2922 1151 2986 His
1202 2941 1366 2996 porro
1421 2927 1600 2995 docet,
1651 2935 1707 2981 ut
1754 2929 2077 2984 matutinam

503 3013 938 3070 misericordiam
979 3016 1240 3086 consequi
1273 3017 1573 3087 postulent,
1625 3024 1685 3072 ut
1714 3024 1838 3072 ortu
1885 3017 2078 3073 Salva-

2177 2550 2449 2620 όρθρινοῦ
2479 2551 2689 2618 ἐλέους
2716 2566 2854 2616 σου,
2884 2553 2983 2605 ἵνα
3013 2551 3381 2621 ὑπνώσωμεν
3405 2552 3506 2606 καί
3532 2555 3753 2623 εὐφρα-

2176 2642 2406 2712 νώμεθα
2431 2643 2504 2696 ἐν
2522 2642 2746 2709 πάσαις
2768 2641 2896 2709 ταῖς
2932 2642 3178 2713 ἡμέραις
3207 2641 3391 2713 ἡμῶν.
3431 2644 3753 2712 Εὕφρανσν

2175 2731 2332 2801 ἡμᾶς
2373 2731 2574 2799 πάσας
2599 2732 2823 2802 ἡμέρας
2850 2731 2924 2799 ἂς
2961 2732 3270 2800 ἐκάκωσας
3318 2731 3497 2803 ἡμᾶς,
3539 2735 3644 2802 ἐτη
3679 2736 3753 2789 ἐν

2175 2819 2266 2890 οἷς
2287 2823 2523 2894 είδομεν
2552 2823 2723 2878 κακά.
2767 2823 3013 2893 Φανήτω
3038 2823 3197 2894 παρὰ
3221 2824 3344 2891 τοῖς
3366 2825 3610 2890 δούλοις
3633 2841 3750 2880 σου

2175 2916 2247 2970 τὰ
2291 2915 2436 2987 ἔργα
2477 2931 2615 2981 σου,
2651 2916 2750 2970 καί
2799 2917 2865 2970 τὸ
2917 2917 3276 2986 ὰξιοπρεπὲς
3313 2917 3413 2971 ἐπὶ
3456 2918 3529 2972 τὰ
3568 2918 3752 2973 τέκνα

2174 3008 2372 3080 ἡμῶν·
2399 3010 2497 3064 καὶ
2534 3009 2688 3064 ἔστω
2715 3011 2782 3066 τὸ
2809 3009 3034 3077 κάλλος
3067 3011 3172 3065 τοῦ
3209 3011 3430 3078 Κυρίου
3457 3009 3564 3064 τοῦ
3602 3013 3750 3066 Θεοῦ

504 3107 647 3162 toris
682 3104 996 3178 dignentur.
1043 3105 1359 3161 Matutinam
1392 3109 1594 3179 quippe
1640 3110 2072 3166 misericordiam

2173 3102 2342 3173 ἡμῶν
2363 3102 2562 3157 ἐπάνω
2581 3103 2618 3170 ἡ
2621 3102 2770 3173 μῶν,
2806 3103 2904 3157 καὶ
2933 3103 3005 3157 τὰ
3035 3102 3178 3174 ἔργα
3206 3101 3324 3156 τῶν
3342 3103 3560 3174 χειρῶν
3583 3103 3752 3174 ἡμῶν

500 3198 704 3255 Christi
733 3213 852 3254 eam
878 3196 1010 3253 dicit
1037 3214 1181 3263 esse,
1211 3215 1331 3270 quae
1361 3199 1428 3253 ad
1456 3216 1647 3258 omnes
1673 3203 1920 3258 homines
1954 3203 2036 3258 ori
2054 3232 2069 3244 -

502 3296 615 3346 tur.
653 3287 788 3344 Nam
819 3295 878 3344 ut
905 3288 1035 3343 olim
1070 3289 1238 3360 priori
1269 3291 1470 3360 populo
1499 3294 1824 3346 matutinum
1856 3300 2068 3362 tempus

501 3381 629 3448 fuit,
679 3396 791 3454 quo
835 3381 890 3437 in
929 3381 1168 3454 Egypto
1209 3383 1414 3454 degens
1464 3384 1804 3454 inspectione
1833 3385 2068 3442 donatus

499 3485 620 3544 est;
658 3477 738 3532 sic
769 3477 826 3532 in
858 3477 1160 3532 novissimo
1193 3475 1404 3530 dierum
1444 3479 1710 3531 matutina
1761 3477 2069 3532 misericor-

497 3567 588 3624 dia
618 3567 874 3624 omnibus
905 3569 1156 3640 gentibus
1194 3567 1406 3623 ell'ulsitl
1432 3583 1530 3638 per
1558 3569 1848 3624 salutarem
1887 3568 2070 3628 orien-

499 3672 632 3724 tem,
655 3677 820 3733 quam
846 3663 1134 3718 memorati
1164 3661 1243 3715 illi
1278 3662 1526 3718 homines
1560 3663 1836 3733 postulare
1865 3661 2070 3717 docen-

497 3761 592 3809 tur
627 3754 683 3808 in
711 3754 993 3822 oratione;
1025 3755 1137 3808 imo
1167 3754 1330 3808 etiam
1361 3752 1503 3808 inter
1533 3754 1636 3808 alia
1670 3753 1870 3815 dicere,
1905 3752 1972 3806 Et
1996 3755 2066 3807 sit

497 3846 745 3915 splendor
775 3845 986 3900 Domini
1017 3844 1114 3900 Dei
1145 3846 1314 3900 nostri
1344 3861 1500 3914 super
1537 3862 1652 3908 nos,
1699 3855 1749 3900 et
1777 3855 2066 3915 appareant

497 3938 638 4004 apud
675 3949 848 3990 servos
881 3945 996 3990 tuos
1045 3952 1203 4006 opera
1246 3945 1360 3997 tua,
1399 3945 1448 3990 et
1473 3935 1704 4006 dignitas
1729 3945 1840 4000 tua,
1876 3945 1925 3990 et
1956 3935 2069 4004 pul-

497 4026 739 4080 chritudo
783 4026 996 4080 Domini
1026 4025 1124 4078 Dei
1155 4027 1353 4088 nostri;
1393 4033 1451 4078 ut
1483 4035 1538 4080 et
1582 4025 1685 4095 ipsi
1718 4025 1904 4080 divina
1947 4024 2067 4078 Sal-

496 4120 706 4174 vatoris
757 4116 1048 4188 praesentia
1092 4116 1406 4186 dignentur,
1456 4131 1670 4171 necnon
1714 4117 1898 4170 divina
1941 4116 2063 4185 ejus

497 4211 669 4282 gloria
704 4225 768 4264 ac
799 4207 1225 4280 pulchritudine,
1253 4207 1322 4262 de
1352 4221 1461 4277 quo
1488 4207 1695 4262 dictum
1716 4217 1822 4274 est,
1853 4206 2067 4276 Specio-

495 4319 586 4358 sus
615 4303 788 4372 forma
817 4317 929 4372 prae
965 4299 1095 4370 ﬁliis
1117 4299 1387 4355 hominum
1409 4299 1477 4363 “,
1515 4314 1578 4353 ac
1605 4298 1827 4370 insuper
1853 4297 2064 4354 caeteris

495 4395 752 4452 omnibus
775 4393 934 4449 bonis
961 4406 1082 4464 qua:
1131 4390 1189 4445 in
1247 4391 1468 4448 Christo
1500 4389 1594 4446 Dei
1653 4390 1879 4464 intelligi
1937 4405 2064 4462 pos.-

501 4499 651 4542 sunt.

2171 3195 2374 3264 ἐδραῖα
2416 3196 2673 3263 ποίησον
2706 3195 2856 3265 ὑπὲρ
2889 3196 3077 3266 ἡμῶν,
3115 3196 3215 3251 καί
3249 3195 3364 3264 τὴν
3391 3195 3612 3266 πρᾶξιν
3636 3197 3751 3251 τῶν

2171 3284 2386 3357 χειρῶν
2420 3286 2588 3362 ἡμῶν
2613 3285 2983 3350 ἐπιτέλεσον.
3018 3287 3265 3342 Διδάσκει
3309 3289 3365 3342 δὲ
3414 3290 3506 3342 διὰ
3543 3291 3751 3343 τούτων

2169 3378 2436 3436 αἰτεῖσθαι
2479 3380 2660 3450 τυχεῖν
2691 3377 2786 3442 τοῦ
2837 3377 3086 3451 ὀρθρινοῦ
3125 3378 3324 3443 ἐλέους,
3365 3379 3442 3444 ὡς
3485 3382 3550 3434 ἂν
3579 3398 3749 3434 κατα⁴

2171 3473 2411 3539 ξιωθεῖεν
2439 3475 2537 3544 τῆς
2561 3473 2821 3545 ἀνατολῆς
2848 3473 2940 3528 τοῦ
2970 3474 3237 3547 Σωτῆρος.
3269 3476 3342 3528 Τὸ
3367 3476 3607 3548 όρθρινὸν
3634 3475 3748 3546 γάρ

2168 3563 2316 3629 ἔλεος
2349 3564 2586 3637 Χριστοῦ
2619 3565 2679 3618 τὸ
2712 3567 2804 3620 ἐπὶ
2843 3566 3049 3631 πάντας
3083 3567 3365 3622 άνατεῖλαν
3404 3565 3736 3638 ἀνθρώπους.

2180 3657 2269 3721 Ὠς
2291 3657 2400 3727 γὰρ
2426 3657 2588 3711 πάλαι
2619 3658 2813 3727 γέγονε
2858 3661 3040 3730 πρωῒα
3079 3659 3157 3731 τῷ
3183 3659 3427 3732 προτέρῳ
3454 3657 3561 3729 λαῷ
3589 3658 3740 3716 κατὰ

2167 3745 2264 3818 τὴν
2293 3746 2596 3818 ἐπισκοπὴν
2625 3741 2692 3819 ἦς
2721 3748 3133 3820 κατηξιώθησαν
3166 3751 3224 3802 ἐν
3246 3748 3496 3820 Αἰγύπτῳ
3528 3747 3744 3819 διατρίο

2168 3840 2373 3905 ᾶοντες,
2411 3840 2582 3905 οὕτως
2604 3862 2606 3864 τ
2629 3842 2716 3902 ἐπ’
2762 3843 2992 3914 ἐσχάτου
3016 3843 3121 3896 τῶν
3153 3843 3378 3915 ἡμερῶν
3409 3841 3466 3895 τδ
3492 3840 3747 3913 όρθρινδν

2167 3931 2312 3996 ἔλεος
2336 3935 2450 3996 τοῖς
2481 3933 2643 3986 πᾶσιν
2672 3930 2939 4008 ἐξέλαμψε
2977 3936 3088 3998 τοῖς
3119 3933 3293 3990 ἔθνεσι
3317 3933 3408 3993 διὰ
3433 3932 3529 4005 τῆς
3561 3948 3744 4002 σωτη-

2171 4024 2285 4095 ρίου
2311 4023 2595 4096 ἀνατολῆς,
2624 4020 2692 4098 ἦς
2718 4025 3112 4097 καταξιωθῆναι
3138 4025 3473 4088 διδάσκονται
3501 4025 3549 4077 οἱ
3578 4024 3748 4094 δηλω-

2168 4115 2352 4180 θέντες
2399 4117 2486 4173 διὰ
2526 4117 2626 4188 τῆς
2662 4118 2969 4190 προσευχῆς
3011 4121 3208 4173 αἰτεῖνο
3252 4118 3391 4180 ἀλλὰ
3435 4118 3527 4179 καὶ
3562 4117 3746 4186 λέγειν

2169 4207 2307 4278 μετὰ
2336 4207 2444 4264 τῶν
2484 4207 2657 4266 ἄλλων
2673 4224 2687 4237 ’
2725 4209 2838 4264 Kal
2885 4211 3041 4268 ἔστω
3069 4209 3108 4278 ἠ
3133 4213 3481 4280 λαμπρότης
3519 4211 3746 4278 Κυρίου

2166 4299 2274 4354 τοῦ
2314 4301 2460 4358 Θεοῦ
2497 4299 2666 4375 ήμῶν
2688 4302 2780 4371 ἐφ’
2805 4299 2982 4372 ἡμᾶς,
3023 4303 3123 4356 καὶ
3155 4300 3398 4372 φανήτω
3429 4302 3591 4370 παρὰ
3618 4300 3746 4367 τοῖς

2165 4391 2405 4460 δούλοις
2433 4406 2548 4449 σου
2580 4393 2651 4448 τὰ
2688 4394 2832 4463 ἔργα
2870 4409 2988 4453 σου
3023 4395 3120 4451 καί
3161 4395 3228 4448 τὸ
3266 4393 3494 4461 κάλλος
3521 4395 3746 4461 Kvpiov

2094 4467 2139 4524 Ῐ)
2167 4483 2273 4538 τοῦ
2309 4482 2456 4539 Θεοῦ
2478 4481 2673 4553 ὴμῶνο
2701 4483 2777 4548 ὡς
2816 4483 2884 4538 ἂν
2912 4484 3006 4541 καὶ
3044 4485 3202 4545 αὐτοὶ
3230 4484 3610 4551 καταξιωθείεν
3643 4487 3745 4555 τῆς

499 4581 766 4653 σωτηρίου
802 4582 1154 4651 θεοφανείας,
1197 4579 1292 4635 καὶ
1331 4574 1432 4650 τῆς
1475 4579 1654 4634 ἐνθέου
1693 4580 1851 4654 δόξης
1902 4577 2090 4646 αὑτοῦ,
2119 4576 2213 4632 τοῦ
2259 4595 2319 4632 τε
2363 4576 2622 4643 κάλλους,
2669 4579 2797 4650 περὶ
2843 4574 2903 4634 οὗ
2945 4579 3185 4650 εἴρηται,
3262 4577 3484 4647 Ὠραῖος
3528 4577 3745 4632 κάλλει

493 4677 652 4746 παρὰ
682 4678 825 4744 τοὺς
860 4661 1032 4746 υίοὺς
1076 4677 1197 4732 τῶν
1270 4687 1572 4749 raptantur,
1619 4679 1711 4732 καὶ
1746 4678 1854 4733 τῶν
1885 4675 2085 4733 λοιπῶν
2121 4675 2372 4733 ἁπάντων
2401 4673 2510 4738 τῶι
2541 4674 2682 4737 κατὰ
2722 4674 2814 4734 τὸν
2841 4675 3077 4746 Χριστὸν
3112 4673 3206 4729 τοῦ
3240 4673 3377 4733 θεοῦ
3426 4673 3743 4742 ἐπινοουμέ-

494 4785 601 4842 νων
626 4771 863 4848 ἀγαθῶν.

1278 4887 1346 4946 C.

1278 4887 1346 4946 (ἶ.

569 4969 735 5032 Vens.
787 4973 838 5038 1,
872 4973 926 5026 2.
969 4973 1074 5051 Qui
1121 4887 1325 5032 habzat
1360 4979 1413 5039 in
1455 4977 1723 5049 adjutorio
1779 4978 2056 5043 Altissimi,

2925 4887 2975 4951 ια
2985 4925 2996 4936 .

2248 4977 2301 5029 Ὁ
2325 4975 2617 5030 κατοικῶν
2633 4976 2703 5030 ἐν
2715 4976 2970 5052 βοηθείᾳ
2989 4977 3098 5031 τοῦ
3125 4977 3429 5056 Ὑψίστου,
3445 4977 3516 5030 ἐν
3535 4977 3694 5030 ne:
3708 4996 3742 5046 η

503 5060 563 5117 in
593 5071 883 5134 tegumenta
921 5063 1021 5120 Dei
1053 5068 1168 5144 caeli
1226 5069 1659 5125 commorabitur.
1696 5067 1794 5123 Hic
1821 5069 2062 5138 psalmus

2173 5067 2268 5124 [οὗ
2297 5067 2444 5122 Θεοῦ
2474 5067 2582 5122 τοῦ
2625 5068 2887 5138 οὐρανοῦ
2923 5067 3377 5137 αὑλισθήσεται.
3415 5068 3740 5143 ’Δνεπξγρα-

505 5153 862 5226 inscriptione
888 5167 1056 5213 caret.
1079 5161 1164 5215 An
1199 5159 1338 5218 forte
1369 5177 1545 5241 neque
1575 5161 1817 5242 psalmus
1841 5172 1944 5224 est,
1967 5161 2061 5218 sed

2164 5177 2262 5230 φος
2285 5162 2313 5213 ὁ
2333 5159 2566 5232 ψαλμός.
2585 5160 2810 5231 Μήποτε
2839 5160 2896 5214 δέ
2918 5159 3040 5216 οὔτε
3058 5159 3271 5232 ψαλμδς
3295 5160 3571 5232 τυγχάνει,
3600 5162 3739 5215 ἀλλά

500 5247 786 5324 prophetia
825 5251 1072 5318 quaedam
1109 5253 1494 5325 protundiores
1535 5254 1604 5313 de
1637 5253 1859 5314 Christo
1901 5269 1965 5308 ac
1993 5254 2061 5310 de

2173 5270 2246 5316 τις
2277 5250 2581 5324 προφητεία
2613 5249 2945 5324 βαθυτέρους
2996 5251 3323 5328 περιέχουσα
3367 5253 3557 5322 λόγους
3605 5252 3737 5324 περὶ

491 5339 583 5405 iis,
613 5356 735 5414 quae
761 5340 816 5396 in
845 5341 965 5417 ipso
1001 5355 1378 5400 consummata
1414 5352 1565 5412 sunt,
1599 5361 1879 5404 sermones
1907 5360 2058 5400 com-

491 5432 777 5506 plectens?
824 5431 950 5489 Hac
983 5449 1148 5508 porro
1177 5451 1297 5506 quae
1322 5437 1435 5514 jam
1478 5445 1777 5496 tractamus
1826 5438 2053 5496 multam

493 5521 694 5578 habent
713 5539 837 5579 cum
867 5525 1189 5598 praecedenti
1216 5529 1426 5607 psalmo
1451 5528 1889 5610 discrepantiam.
1921 5529 2056 5585 Nam

493 5610 585 5668 ille
613 5615 829 5685 quidem
876 5633 973 5684 per
1017 5617 1220 5694 Moysis
1263 5621 1588 5689 orationem,
1634 5631 1933 5680 extremam
1964 5621 2060 5678 Ju-

561 5767 602 5798 “
645 5766 664 5826 l
696 5769 818 5827 Cor.
865 5789 919 5835 ι,
955 5771 1042 5830 2i.
1122 5776 1166 5811 ”
1205 5775 1347 5832 Psal.
1385 5791 1528 5840 XLIV,
1563 5776 1616 5832 5.

2159 5345 2396 5418 Χριστοῦ
2423 5345 2517 5400 καὶ
2541 5344 2650 5398 τῶν
2683 5346 2742 5398 ἐν
2797 5343 2945 5416 αὐτῷ
2975 5329 3400 5416 τελειουμένων;
3437 5345 3643 5416 Πολλὴν
3673 5344 3738 5397 δὲ

2165 5439 2520 5512 ἀσυμφωνίαν
2563 5438 2677 5510 ἔχει
2703 5437 2770 5491 τὰ
2810 5437 3144 5520 προκείμενα
3176 5437 3314 5510 πρὸς
3351 5437 3442 5491 τὸν
3477 5438 3742 5508 ἀνωτέρω

2164 5531 2376 5603 ψαλμὸν
2414 5531 2513 5604 τὴν
2555 5529 2891 5585 ἀκολουθίαν.
2936 5529 2994 5584 '0
3044 5530 3143 5602 μὲν
3185 5531 3292 5603 γὰρ
3343 5531 3442 5604 τὴν
3495 5531 3742 5614 ἐσχάτη-ν

2170 5623 2439 5698 ἀποϐολὴν
2495 5622 2585 5678 τοῦ
2627 5623 2891 5678 Ἰουδαίων
2929 5622 3112 5688 ἔθνους
3167 5622 3252 5676 διὰ
3305 5625 3406 5695 τῆς
3450 5624 3741 5698 Μωῦσέως
