3990 6202
244 371 389 431 ἥΗ·

1365 364 1873 431 COMMENTARIA.
1898 361 1967 420 ΙΝ
2005 361 2347 422 Ρελωοε.

3334 360 3478 421 ειη

245 489 565 563 προσευχῆς
585 491 909 558 ὲθέσπιζεν-ο·
930 493 961 546 6
998 491 1057 546 δὲ
1089 491 1279 564 παρὼν
1309 492 1436 557 τοὺς
1468 490 1684 561 ἀγῶνας
1716 491 1803 544 καὶ

1911 484 2084 546 daicm
2126 484 2306 556 gentis
2350 481 2711 553 abjectionem
2766 480 3198 545 vaticinabatur;
3229 476 3315 536 hic
3348 494 3478 536 vero

242 581 315 637 τὰ
345 584 673 656 πειρατήρια
698 582 792 637 τοῦ
819 582 965 637 κατὰ
989 583 1191 655 Κύριον
1228 582 1597 655 τελειουμένου
1631 580 1819 652 περιέε

244 689 358 746 χει·
395 674 534 729 ἀλλὰ
564 675 662 729 καὶ
689 674 855 729 αὑτοῦ
887 673 982 728 τοῦ
1014 673 1269 744 Σωτῆρος
1319 674 1477 747 ἡμῶν
1519 675 1615 735 τὸν,
1646 675 1704 728 ὲν
1744 676 1811 744 τῇ

241 763 439 837 ἐρήμῳ
479 766 783 838 πειρασμὸν
809 766 1176 839 προφητεύει,
1205 767 1295 820 ὅτε
1323 766 1530 839 ἀνήχθη
1563 767 1667 821 ὑπὸ
1717 765 1812 820 τοῦ

240 854 559 927 Πνεύματος
587 857 667 922 εις
695 857 795 931 τὴν
820 858 1021 930 ἔρημον
1054 857 1413 931 πειρασθῆναι
1438 859 1545 913 ὑπὸ
1570 858 1663 913 τοῦ
1694 859 1812 912 δια-

239 944 421 1012 ϐόλου,
449 947 544 1003 καὶ
566 948 667 1023 τὴν
694 950 787 1003 ἐπὶ
817 952 950 1005 πᾶσι
976 950 1131 1023 νίκην
1158 950 1340 1005 αὐτοῦ.
1366 951 1432 1004 Τί
1449 951 1513 1022 δὴ
1539 947 1637 1007 οῦν,
1649 968 1812 1023 φησιν

237 1034 273 1090 ὀ
306 1039 639 1110 προφητικὸς
666 1039 856 1111 λόγος;
893 1043 952 1096 '0
978 1041 1076 1113 μὲν
1108 1043 1370 1115 πρότερος
1397 1042 1524 1107 λαὸς
1546 1045 1577 1098 6
1599 1042 1693 1098 διὰ
1714 1043 1812 1115 τῆς

240 1128 660 1202 προηγουμένης
692 1132 968 1197 Μωῦσέως
1000 1132 1307 1206 προσευχῆς
1333 1133 1813 1205 ἀποκλαυσάμενος

236 1216 497 1288 ὁμολογεῖ
517 1221 764 1291 φάσκων,
784 1224 904 1277 Ὀτι
928 1224 1284 1294 ἐξελιπομεν
1307 1224 1378 1278 ἐν
1396 1222 1471 1293 τῇ
1496 1222 1641 1295 ὀργῆ
1670 1239 1808 1290 σου»

237 1310 335 1364 καὶ
364 1309 434 1364 τὰ
460 1310 643 1378 λοιπὰ,
676 1314 781 1368 ὅσα
800 1315 1054 1388 ἐδηλοῦτο
1083 1314 1172 1369 διὰ
1200 1314 1309 1369 τῶν
1331 1315 1748 1386 ἐμφερομένων
1782 1316 1812 1370 6

233 1398 300 1454 δὲ
332 1399 540 1472 μέλλων
570 1403 931 1477 συστήσεσθαι
963 1406 1081 1477 μετ’
1110 1407 1315 1460 ἐκεῖνον
1344 1403 1421 1476 τῷ
1448 1404 1570 1477 Θεῷ
1596 1405 1684 1460 διὰ
1714 1405 1809 1460 τοῦ

234 1491 476 1563 Χριστοῦ
503 1491 650 1560 λαὸς,
685 1494 779 1549 ἐπὶ
819 1497 885 1567 τῇ
927 1494 1149 1568 βοηθείᾳ
1176 1495 1271 1550 τοῦ
1325 1495 1580 1566 Ὑψίστου
1624 1512 1812 1549 πεποι-

234 1579 368 1648 θὼς,
395 1584 493 1649 καὶ
516 1584 606 1639 ἀεὶ
647 1585 706 1640 ὲν
735 1585 872 1658 αὐτῇ
904 1585 1196 1652 κατοικῶν,
1228 1586 1503 1659 άτάραχος
1538 1586 1634 1641 καὶ
1670 1587 1808 1642 ἀσά-

230 1670 426 1739 λευτος
450 1675 726 1748 διαμένει·
771 1677 849 1743 ῶς
881 1676 979 1744 ἂν,
1012 1678 1118 1733 ὑπὸ
1143 1677 1241 1751 τὴν
1277 1678 1489 1752 σκέπην
1538 1679 1631 1733 τοῦ
1673 1678 1809 1735 Θεοῦ

231 1763 607 1837 αὐλιζόμενος,
636 1767 826 1822 οὐδένα
854 1785 915 1822 τε
956 1768 1066 1824 τῶν
1108 1767 1429 1841 πειρασμῶν
1476 1769 1810 1841 ὲπιστραφήρ

1913 576 2224 637 certamina.
2246 584 2301 632 et
2334 574 2665 632 tentationes
2688 572 2810 645 ejus
2839 573 2934 645 qui
2966 572 3268 630 secundum
3292 570 3478 627 Domi-

1913 683 2042 725 num
2078 676 2511 731 consummatur,
2540 664 2958 736 complectitur;
3001 664 3111 718 imo
3151 666 3316 717 etiam
3361 659 3479 717 Ss!-

1911 760 2126 819 vatoris
2154 760 2329 820 nostri
2385 758 2441 813 in
2489 758 2707 814 deserto
2737 756 3094 817 tentationcm
3130 752 3476 825 praenuntiat,

1911 852 2133 926 quando
2175 860 2492 921 assumptus
2548 855 2633 904 cst
2663 863 2693 908 a
2736 848 2943 919 Spiritu
2993 847 3046 901 in
3090 845 3386 915 desertum,
3424 852 3480 896 ut

1912 951 2217 1002 tentaretur
2248 956 2278 996 ο
2312 939 2550 1004 diabolo,
2589 938 2944 1010 praedicitque
2975 936 3095 1007 ejus
3124 936 3178 991 in
3222 934 3478 991 omnibus

1911 1035 2224 1095 victoriam.
2288 1031 2430 1101 Quid
2492 1032 2678 1102 itaque
2731 1030 2808 1085 ait
2858 1026 3215 1101 propheticus
3261 1025 3479 1083 sermo?

1909 1126 2068 1184 Prior
2115 1125 2334 1199 quidem
2374 1112 2630 1196 populus,
2679 1120 2774 1193 qui
2808 1121 2862 1176 in
2910 1118 3238 1191 praecedenti
3272 1116 3479 1190 Moysis

1911 1219 2161 1277 oratione
2200 1216 2468 1290 plorabat,
2520 1214 2636 1274 haec
2679 1211 3062 1276 conﬁtebatur,
3099 1210 3241 1278 Quia
3282 1208 3478 1279 defeci—

1910 1328 2028 1367 mus
2053 1312 2108 1367 in
2136 1311 2218 1365 ira
2247 1321 2362 1376 tua,
2388 1316 2443 1366 et
2472 1315 2690 1372 caetera,
2724 1321 2846 1378 qua:
2871 1304 3072 1363 ibidem
3097 1303 3474 1368 declarantur;

1909 1403 2142 1476 populus
2184 1418 2314 1457 vero
2358 1401 2452 1472 qui
2492 1408 2614 1472 post
2640 1399 2792 1453 illum
2832 1413 2861 1451 a
2899 1396 3010 1453 Deo
3059 1411 3155 1467 per
3197 1394 3480 1450 Christum

1909 1493 2332 1553 constituendus
2383 1498 2522 1558 erat,
2570 1488 2847 1560 adjutorio
2889 1486 3157 1544 Altissimi
3210 1486 3479 1555 conlisus,

1913 1589 1969 1643 in
1999 1588 2230 1660 ipsoque
2254 1599 2469 1655 semper
2496 1583 2776 1648 habitans,
2809 1580 3223 1654 perturbatione
3250 1586 3305 1635 et
3325 1595 3479 1636 como

1911 1681 2154 1737 motione
2183 1669 2390 1734 vacuus
2432 1684 2651 1745 manet;
2686 1685 2870 1747 utpote
2893 1674 2987 1746 qui
3031 1673 3134 1730 sub
3166 1680 3478 1742 legumento

1908 1771 2003 1829 Dei
2032 1772 2198 1828 sedes;
2223 1769 2437 1836 habeat,
2494 1768 2968 1836 tentationuinque
3016 1764 3220 1823 nullam
3253 1776 3476 1818 aversa-

233 1869 410 1921 σεται,
439 1855 554 1910 ἀλλ’
574 1857 660 1928 ἐφ’
682 1858 895 1931 ἑκάστῳ
923 1861 1039 1932 ἐρεῖ
1055 1856 1134 1931 τῷ
1160 1858 1379 1931 Κυρίῳ’
1415 1859 1803 1929 Ἀντιλήπτωρ

1905 1864 2091 1931 bitur,
2140 1863 2235 1921 sed
2285 1862 2344 1917 in
2405 1859 2641 1932 singulis.
2682 1858 2829 1915 dicet
2883 1856 3159 1911 Domino:
3196 1853 3478 1924 Susceptor

224 1960 351 2014 μου
380 1943 440 1999 ετ
490 1944 589 2000 καὶ
619 1950 930 2019 καταφυγή
971 1966 1110 2019 μου,
1158 1951 1193 2003 ὁ
1241 1949 1385 2018 Θεός
1410 1966 1531 2019 μου
1548 1987 1565 2015 ,
1614 1949 1804 2004 ἐλπιῶ

230 2034 329 2089 ἐπ’
358 2037 561 2093 αὐτόν.
604 2038 750 2093 ’Δντὶ
785 2039 843 2100 δὲ
880 2039 995 2104 τοῦ,
1028 2040 1085 2095 '0
1136 2040 1425 2096 membr
1456 2040 1528 2096 ἐν
1551 2041 1803 2111 βοηθείᾳ

233 2128 344 2186 τοῦ
385 2129 686 2200 Ὑψίστου,
708 2132 738 2184 6
781 2131 882 2204 μὲν
915 2132 1232 2205 Σύμμαχος,
1270 2133 1329 2188 Ὁ
1363 2133 1653 2189 κατοικῶν
1683 2134 1804 2189 ὑπὸ

227 2219 473 2291 σκέπην
500 2220 609 2277 τοῦ
635 2222 915 2293 Ὑψίστου
935 2240 958 2269 ⁸-
982 2224 1013 2278 6
1039 2224 1097 2279 δὲ
1125 2224 1376 2291 Ἀκύλας,
1398 2226 1549 2297 καὶὴ
1580 2224 1801 2298 πέμπτη

227 2311 473 2379 ἔκδυσις,
512 2313 567 2368 Ὁ
608 2313 944 2387 καθήμενος
994 2316 1064 2372 ἐν
1114 2317 1440 2388 ἀποκρύφῳ
1498 2317 1800 2387 Ὑψίστου,

228 2406 594 2464 έκδεδὼκασιθ
631 2410 986 2483 σημαίνοντος
1032 2410 1127 2466 τοῦ
1173 2411 1330 2481 λόγου
1377 2411 1472 2466 τοῦ
1504 2411 1644 2467 κατὰ
1669 2412 1802 2467 Θεὸν

231 2502 295 2556 ἑν
314 2501 533 2575 Χριστῷ
553 2502 955 2583 ἀγωνιζομένου
977 2504 1040 2559 τδ
1057 2505 1269 2578 ἑδραῖον
1293 2504 1387 2559 καὶ
1406 2506 1676 2578 άπτόητον
1702 2506 1802 2579 τῆς

230 2592 505 2662 διανοίας,
543 2594 639 2649 καὶ
671 2595 748 2660 ὡς
800 2597 858 2650 ὲν
910 2595 1213 2669 ἀποκρύφῳ
1262 2596 1363 2669 τῆς
1409 2595 1573 2651 αὐτοῦ
1622 2594 1801 2668 ψυχῆς

228 2682 440 2750 ενοικος
496 2684 848 2755 έγκαθέζεται
878 2689 973 2742 καὶ
1019 2687 1211 2761 βοηθὸς
1253 2688 1413 2753 αὐτὸς
1453 2690 1483 2744 6
1516 2689 1795 2760 ’Υψιστος.

229 2776 402 2858 Πάλιν
425 2777 483 2833 δὲ
512 2778 635 2833 ἀντὶ
664 2778 782 2847 τοῦ,
825 2780 928 2835 Ἐν
953 2780 1151 2851 σκέπῃ
1183 2781 1289 2837 τοῦ
1321 2782 1468 2837 Θεοῦ
1500 2781 1606 2836 τοῦ
1626 2784 1802 2853 οὐρατ

227 2858 841 2938 νοῦιῖιύλισθήσεται,
893 2872 923 2927 6
977 2872 1075 2945 μὲν
1118 2872 1370 2939 Ἀκύλας,
1445 2874 1553 2928 Ἐν.
1603 2873 1798 2944 σκέπῃ

227 2960 444 3016 har-06
461 2961 896 3031 αὐλισθήσεται
914 2980 928 2995 ·
958 2965 988 3017 6
1019 2963 1078 3019 δὲ
1107 2964 1421 3037 Σύμμαχος,
1458 2965 1595 3020 Ὑπὸ
1618 2965 1799 3020 σκιὰν

224 3052 340 3108 τοῦ
382 3054 591 3110 ικανοῦ
627 3056 1028 3125 νυκτερεύων,
1060 3057 1365 3129 εἰρήκασιν.
1425 3056 1584 3112 Ἀλλὰ
1628 3057 1800 3113 ταῦτα

230 3146 338 3219 μὲν
369 3147 446 3212 ῶς
467 3149 526 3202 έν
554 3149 862 3222 προοιμίοις
890 3150 952 3203 τὸ
972 3150 1124 3219 ἅγιον
1146 3149 1369 3222 Πνεῦμα
1391 3149 1671 3223 διελάλησε
1687 3167 1702 3183 ο
1727 3149 1799 3213 τὰ

224 3211 278 3294 6’
307 3238 432 3311 ἑξῆς
667 3211 978 3315 προσερωνεῑ
994 3211 1131 3309 ,καὶ
1160 3242 1251 3297 τὸν
1293 3211 1472 3299 πάντα
1514 3211 1671 3314 λόγον
1716 3211 1806 3313 εἰς.
1823 3211 1869 3272 c

222 3330 402 3388 αὐτοῦ
433 3332 722 3405 πρόσωπον
756 3327 1123 3403 ἀποτείνεταιζ
1156 3335 1279 3408 ἢτοι
1320 3334 1415 3390 τοῦ
1457 3334 1536 3409 τῷ
1578 3336 1798 3409 Χριστῷ

225 3423 632 3497 ἀγωνιζομένου
686 3427 782 3481 καὶ
835 3425 1094 3490 νικῶντος
1112 3468 1127 3493 ,
1158 3425 1193 3497 ἢ
1244 3425 1339 3479 καὶ
1385 3424 1480 3480 τοῦ
1519 3424 1657 3480 κατὰ
1705 3424 1797 3479 τὸν

483 3519 772 3591 νοουμένου
819 3518 1141 3592 ἀνθρώπου,
1170 3511 1217 3589 ᾧ
1247 3519 1404 3591 δίκην
1441 3520 1673 3591 ὀργάνου
1707 3517 1798 3572 κέ-

224 3626 400 3694 χρητο
427 3611 457 3665 6
490 3609 674 3684 προὼν
709 3610 805 3665 τοῦ
840 3609 977 3665 Θεοῦ
1007 3611 1177 3681 Λόγος
1197 3629 1211 3643 ·
1255 3612 1350 3666 καὶ
1393 3611 1503 3685 γὰρ
1535 3628 1708 3675 ουτος,
1737 3610 1797 3664 ὲν

224 3700 453 3775 βοηθείᾳ
502 3702 774 3759 κατοικῶν
820 3701 919 3757 τοῦ
949 3702 1226 3774 Ὑψίστου,
1274 3703 1380 3758 ὑπὸ
1432 3703 1532 3776 τὴν
1588 3702 1799 3775 σκέπην

221 3790 477 3864 ηὐλίζετο
500 3793 597 3847 τοῦ
638 3792 970 3859 ἐνοικοῦντος
1021 3793 1172 3865 αὺτῷ
1223 3793 1358 3848 Θεοῦ
1403 3794 1575 3864 Λόγου
1597 3834 1614 3861 ,
1671 3792 1794 3847 ἑπι-

225 3885 543 3953 σκιάςοντος
574 3885 724 3958 αὐτῷ
753 3888 824 3959 τῇ
852 3883 1017 3940 αὐτοῦ
1050 3884 1287 3959 θεότητι,
1344 3880 1457 3957 εἶχέ
1485 3902 1551 3938 τε»
1581 3884 1796 3956 ἀντιλή-

221 3985 408 4049 πτορα
446 3976 542 4031 καὶ⁵
589 3977 912 4050 καταφυγὴν
934 3978 1039 4045 καὶ,
1074 3977 1295 4043 ἐλπίδας
1322 3977 1488 4037 αὐτοῦ
1534 3978 1632 4050 τὴν
1661 3977 1796 4049 πλη-

225 4063 430 4138 ροῦσαν
478 4066 640 4121 αὐτὸν
676 4066 771 4121 τοῦ
826 4061 974 4122 Θεοῦ“
991 4067 1166 4139 Λόγου
1210 4067 1458 4140 δύναμιν.
1490 4068 1699 4140 Ὠσπερ
1737 4068 1795 4122 δὲ

224 4155 391 4229 σῶμα
428 4157 666 4231 Χριστοῦ
698 4158 759 4212 τὸ
791 4158 1129 4233 ἀνθρώπιον
1173 4159 1344 4224 αὐτοῦ,
1366 4159 1597 4233 ὄργανον
1628 4161 1794 4241 ἐχρη-

223 4251 476 4323 μάτισεν,
494 4250 637 4306 οὕτω
655 4250 752 4306 καὶ
775 4253 815 4312 ὁ,
832 4252 963 4318 λαὸς
979 4252 1143 4309 αὐτοῦ
1170 4252 1410 4327 Χριστοῦ
1443 4253 1598 4325 σῶμα
1628 4269 1797 4325 προσ-

220 4342 518 4415 ηγόρευται
550 4344 656 4397 ὑπὸ
674 4342 773 4406 τοῦ
803 4343 949 4417 ιεροῦ
965 4344 1284 4407 ᾌποστόλου
1307 4345 1579 4415 λέγοντοςο
1613 4343 1819 4415 Ὑμεῖς

222 4430 295 4494 δέ
314 4433 455 4488 ἐστε
486 4434 656 4504 σῶμα
682 4433 960 4504 Χριστοῦ,
995 4434 1093 4490 καί
1118 4434 1275 4506 μέλη
1300 4434 1370 4498 ἐκ
1388 4434 1633 4506 μέρους.

1905 1973 2051 2013 meus
2088 1973 2143 2011 es
2168 1965 2224 2011 tu
2252 1965 2302 2010 et
2336 1953 2597 2025 refugium
2649 1965 2842 2014 meum,
2874 1947 3013 2004 Deus
3053 1963 3220 2011 meus,
3254 1945 3476 2014 sperabo

1905 2047 1960 2102 in
2010 2063 2150 2102 cum.
2185 2044 2293 2101 Pro
2327 2043 2422 2100 illo
2460 2048 2664 2109 autem,
2711 2039 2824 2107 Qui
2864 2036 3067 2092 habitat
3106 2036 3160 2091 in
3202 2035 3474 2104 adjutorio

1904 2138 2189 2206 Attissimi,
2227 2135 2611 2210 Symmachus,
2664 2132 2770 2200 Qui
2802 2131 3011 2185 habitat
3052 2128 3148 2184 sub
3178 2136 3473 2200 tegumenta

1903 2228 2166 2284 Altissimi
2186 2244 2216 2292 ξς
2249 2226 2443 2299 Aquila
2492 2242 2620 2282 vero
2662 2232 2717 2281 et
2750 2224 2942 2296 quinta
2967 2221 3158 2286 editio,
3193 2220 3299 2287 Qui
3329 2220 3469 2275 sedet

1902 2321 1958 2375 in
1987 2319 2291 2375 abscondito
2326 2318 2614 2382 Altissimi,
2649 2316 2959 2375 ediderunt.
2982 2314 3103 2382 Quo
3136 2312 3473 2385 signiﬁcatur

1902 2410 2040 2481 ejus,
2092 2412 2185 2482 qui
2231 2408 2536 2467 secundum
2587 2406 2757 2463 Deum
2807 2408 2862 2462 in
2904 2406 3126 2462 Christo
3164 2411 3469 2471 concertat,

1901 2503 2132 2559 ﬁrmitas
2184 2508 2239 2559 et
2278 2499 2686 2574 imperterritus
2733 2498 2972 2563 animus,
3020 2504 3075 2553 et
3104 2496 3382 2568 quomodo
3414 2495 3470 2551 in

1902 2608 2121 2651 recessu
2153 2594 2346 2650 anima:
2370 2592 2491 2663 ejus
2524 2590 2733 2647 habitet
2763 2588 3060 2658 sedeatque
3104 2586 3323 2656 adjutor
3347 2586 3469 2656 ejus

1899 2684 2240 2743 Altissimus.
2270 2684 2643 2754 Rursumque,
2672 2696 2772 2753 pro
2798 2680 2912 2744 illo,
2940 2678 3009 2733 ha
3058 2686 3349 2750 tegumenta
3368 2676 3470 2733 Dei

1900 2777 2019 2834 caeli
2038 2776 2471 2843 commorabitur,
2492 2773 2713 2846 Aquila,
2737 2771 2804 2827 In
2836 2779 3126 2843 tegumenta
3147 2769 3302 2848 [ortis
3326 2785 3471 2825 corn.

1899 2868 2231 2933 morabitur;
2284 2864 2648 2939 Symmachus
2697 2870 2904 2927 autem,
2954 2860 3062 2915 Sub
3094 2859 3281 2914 umbra
3310 2859 3468 2930 fortis

1895 2967 2231 3029 pertractans,
2256 2955 2599 3028 interpretati
2622 2961 2773 3010 sunt.
2800 2951 2909 3008 Sed
2931 2951 3049 3008 haec
3069 2951 3287 3023 quidem
3310 2951 3469 3023 quasi

1898 3055 1955 3110 in
1987 3052 2271 3127 promtniis
2302 3050 2543 3124 Spiritus
2577 3059 2804 3106 sanctus
2835 3047 3052 3102 locutus
3076 3055 3159 3103 est
3187 3066 3201 3101 :
3231 3061 3354 3118 quae
3379 3061 3469 3103 se-

1901 3152 2146 3218 quuntur
2171 3153 2353 3217 autem
2393 3142 2461 3198 ad
2511 3158 2635 3198 eum
2676 3139 2887 3211 dirigit,
2927 3148 3214 3210 totumque
3244 3156 3468 3197 sermo-

1897 3253 2021 3295 nem
2043 3237 2110 3299 ad
2139 3236 2261 3309 ejus
2297 3250 2589 3308 personam
2621 3233 2810 3299 refert,
2840 3232 2936 3303 qui
2962 3247 3062 3303 pro
3085 3232 3306 3288 Christo
3333 3246 3467 3287 con—

1896 3336 2071 3386 certat
2098 3344 2163 3384 ac
2200 3334 2459 3400 superat;
2511 3326 2627 3382 sive
2664 3326 2825 3381 etiam
2869 3325 2936 3379 ad
2967 3324 3242 3379 hominem
3273 3325 3367 3395 qui
3409 3325 3463 3380 iu

1899 3420 2183 3477 Saivatore
2234 3435 2358 3476 esse
2402 3417 2750 3488 intelligitur,
2808 3431 2920 3488 quo
2961 3431 3061 3471 ceu
3104 3416 3466 3472 instrumento

1896 3529 2055 3570 usum
2095 3519 2183 3569 est
2203 3511 2295 3567 Dei
2326 3508 2564 3566 Verbum
2597 3511 2744 3581 quod
2792 3510 3220 3583 praeexsistchat.
3254 3507 3466 3577 Etenim

1896 3604 1987 3661 ille
2014 3603 2071 3658 in
2099 3600 2375 3674 adjutorio
2407 3601 2674 3658 Altissimi
2702 3601 2980 3666 habitans,
3023 3597 3129 3656 sub‘
3155 3608 3467 3671 legumento

1897 3694 2256 3752 inhabitantis
2307 3693 2361 3747 in
2408 3708 2469 3749 se
2510 3692 2602 3748 Dei
2644 3692 2809 3750 Verbi
2860 3694 3320 3758 commorabatur,
3372 3692 3467 3762 qui

1896 3788 2096 3844 deitate
2127 3800 2227 3840 sua
2266 3787 2444 3856 ipsnni
2488 3784 2862 3851 inumbrabat;
2894 3794 3056 3856 atque
3082 3784 3130 3839 is
3160 3784 3215 3839 in
3263 3799 3456 3840 susce-

1897 3889 2127 3953 ptorem,
2150 3876 2429 3950 refugium
2459 3884 2513 3933 et
2536 3891 2688 3949 spem
2718 3878 2955 3933 habebat
2982 3878 3157 3949 ipsam
3186 3876 3279 3932 Dei
3302 3876 3466 3935 Verbi

1896 3973 2172 4038 virtutem,
2227 3987 2339 4042 qua
2396 3970 2729 4041 replebatur.
2776 3969 3242 4043 Quemadmodum
3287 3979 3467 4027 autem

1895 4055 2332 4133 Christi’corpus
2366 4062 2666 4124 humanum
2696 4061 2845 4118 illius
2870 4063 3292 4127 instrumentum
3319 4071 3466 4130 erat;

1896 4155 1978 4210 sic
1999 4163 2055 4212 et
2081 4154 2317 4228 populus
2348 4153 2492 4225 ejus,
2518 4152 2729 4210 Christi
2772 4167 2977 4228 corpus
3025 4168 3055 4207 a
3100 4161 3292 4209 sancto
3319 4152 3466 4223 Apo-

1895 4248 2037 4305 stolo
2086 4254 2313 4304 vocatur
2360 4246 2447 4301 his
2479 4245 2703 4301 verbis:
2740 4244 2854 4309 Vos~
2885 4255 3059 4310 autem
3107 4246 3233 4303 estis
3280 4259 3467 4313 corpus

1897 4338 2128 4404 Christi,
2151 4347 2203 4392 et
2230 4336 2467 4401 membra
2496 4351 2561 4391 ea:
2584 4344 2736 4405 parte
2758 4335 2824 4390 “.

297 4548 539 4613 Εἰκότως
575 4549 862 4622 τοιγαροῦν
887 4548 961 4604 τά
988 4550 1048 4604 έν
1082 4552 1195 4615 τοῖς
1232 4550 1609 4622 προκειμένοις
1637 4548 1795 4619 λεγάφ

1968 4545 2163 4603 Merito
2193 4544 2362 4617 igitur
2391 4556 2521 4615 ηοω
2564 4541 2655 4598 hic
2681 4540 2843 4613 quasi
2889 4539 2969 4596 de
2990 4552 3223 4609 corpore
3259 4534 3465 4592 Christi

225 4656 371 4711 μενα
398 4639 473 4705 ὡς
506 4641 635 4714 περὶ
677 4641 772 4696 τοῦ
825 4640 1077 4714 σώματος
1105 4642 1342 4715 Χριστοῦ
1380 4642 1686 4717 ἀναφέροιτ’
1727 4642 1795 4697 ἂν

225 4729 324 4783 καὶ
354 4731 435 4795 εἰς
463 4731 527 4785 τὺ
571 4731 907 4805 ἀνθρώπειον
942 4733 1039 4789 τοῦ
1078 4734 1329 4807 Σωτῆρος
1370 4735 1547 4808 ἡμῶν,
1574 4734 1668 4790 καὶ
1714 4737 1797 4802 είς

221 4820 323 4897 τὸν
362 4822 421 4876 ὲν
473 4822 625 4895 αὐτῷ
663 4823 1059 4897 τελειούμενον.
1096 4819 1201 4880 Ὧν
1227 4825 1401 4893 οὕτως
1453 4828 1758 4902 εἰρημένων
1776 4870 1792 4897 ,

222 4911 355 4985 ἑξῆς
383 4915 414 4969 6
437 4913 593 4985 λόγος
615 4914 948 4990 διεξέρχεται
971 4919 1073 4973 ὅσα
1103 4917 1255 4991 παρὰ
1284 4917 1377 4973 τοῦ
1405 4919 1539 4975 Θεοῦ
1564 4921 1797 4995 ὑπάρξει

222 5007 307 5083 τῷ
356 5011 700 5069 κατοικοῦντι
728 5016 788 5069 ὲν
831 5013 1052 5088 βοηθείᾳ
1090 5013 1186 5069 τοῦ
1225 5013 1478 5085 Ὑψίστου
1506 5017 1598 5071 καὶ
1648 5017 1799 5072 αὐλιφ

224 5099 441 5175 Cotuth
473 5104 581 5159 ὑπὸ
625 5104 725 5177 τὴν
766 5106 976 5180 σκέπην
1021 5106 1114 5161 τοῦ
1147 5106 1303 5172 Θεοῦ,
1357 5105 1567 5177 λέγοντί
1621 5126 1683 5164 τε
1720 5109 1801 5182 τῷ

221 5195 452 5270 Κυριιιν
494 5199 884 5270 Ἀντιλήπτωρ
923 5219 1044 5272 μου
1071 5196 1134 5257 ετ
1169 5200 1269 5257 καὶ
1307 5201 1616 5272 καταφυγή
1652 5220 1793 5273 μου,

224 5289 264 5345 ό
293 5290 438 5357 Oed;-
454 5308 599 5361 μου,
621 5292 719 5347 καὶ
748 5293 932 5348 ἐλπιῶ
959 5294 1054 5349 ἐπ’
1080 5295 1284 5349 αὐτόν.
1315 5293 1449 5348 Τίνα
1480 5294 1541 5348 δέ
1573 5296 1688 5348 ἐστι
1726 5294 1796 5349 τά

225 5379 361 5453 περὶ
385 5381 548 5438 αὑτὸν
585 5384 940 5456 γενησόμενα,
971 5385 1254 5455 καταλέγει
1296 5384 1385 5439 διὰ
1434 5382 1542 5438 τῶν
1593 5386 1794 5457 ἑπομέ-

225 5488 335 5528 νων
353 5489 368 5503 °
388 5473 517 5528 Ὅτι
541 5475 724 5545 αὐτὸς
739 5478 992 5546 ῥύσεται
1009 5496 1085 5549 με
1104 5481 1172 5535 ἐκ
1194 5478 1445 5551 παγίδος
1473 5479 1792 5548 θηρευτῶν,

227 5561 349 5618 ἀπὸ
400 5566 588 5635 λόγου
634 5566 1033 5637 ταραχώδους.
1091 5572 1186 5623 Ἐν
1233 5570 1354 5637 τοῖς
1403 5570 1795 5640 μεταφρένοις

228 5656 416 5724 αὑτοῦ
464 5657 811 5718 ἐπισκιάσει
842 5677 973 5727 σοι,
1028 5663 1125 5718 καί
1175 5662 1290 5723 ὑπὸ
1344 5664 1450 5731 τὰς
1502 5663 1797 5738 πτέρυγας

184 5832 187 5835 '
305 5812 350 5852 υ
388 5811 573 5880 lCor.
609 5829 731 5883 xu,
761 5814 852 5875 27.

1899 4641 2180 4705 dicuntur,
2210 4638 2372 4695 etiam
2413 4636 2483 4693 ad
2520 4634 2911 4692 humanitatem
2957 4628 3256 4687 Salvatoris
3290 4629 3464 4685 nostri

1899 4734 2226 4799 referantur,
2258 4739 2422 4803 atque
2453 4730 2677 4787 adeum
2700 4727 2796 4800 qui
2824 4726 2881 4782 in
2905 4725 3034 4798 ipso
3051 4731 3465 4781 consummatus

1898 4837 2004 4886 est.
2048 4827 2182 4895 Quae
2227 4840 2352 4882 cum
2402 4825 2507 4882 hac
2556 4823 2771 4881 ratione
2821 4819 2969 4876 dicta
3018 4818 3151 4885 sint,
3200 4818 3465 4890 deinceps

1899 4927 2211 4986 enarratur,
2246 4918 2451 4990 quanta
2490 4932 2522 4972 a
2551 4915 2666 4972 Deo
2700 4910 3031 4971 conterenda
3062 4909 3177 4967 sint
3213 4909 3267 4964 in
3314 4924 3464 4973 eum,

1897 5013 1993 5086 qui
2014 5013 2223 5070 habitat
2252 5012 2308 5068 in
2335 5007 2611 5081 adjutorio
2633 5005 2924 5069 Altissimi,
2946 5012 3002 5062 et
3026 5003 3131 5060 sub
3153 5006 3468 5073 legumento

1901 5105 1992 5162 Bei
2029 5113 2426 5171 commoratur,
2459 5114 2524 5156 ac
2565 5099 2699 5156 dicit
2732 5097 2979 5166 Domino,
3010 5094 3292 5165 Susceptor
3316 5107 3465 5149 meus

1896 5214 1976 5261 es,
2003 5206 2053 5252 et
2076 5195 2335 5268 refugium
2366 5208 2560 5259 meum,
2599 5190 2743 5247 Deus
2774 5207 2940 5257 meus,
2976 5186 3196 5257 sperabo
3231 5186 3291 5240 in
3321 5198 3461 5240 eum.

1899 5287 2157 5356 Quaenam
2192 5298 2369 5344 autem
2409 5288 2488 5343 illi
2520 5284 2852 5342 conferenda
2881 5283 2993 5340 sint
3020 5282 3074 5336 in
3109 5275 3467 5351 sequentibus

1898 5390 2089 5438 narrat
2115 5401 2129 5438 :
2155 5411 2223 5422 —
2245 5379 2412 5437 Vens.
2447 5379 2565 5436 5-9.
2594 5378 2857 5446 Quoniam
2889 5376 2996 5445 ipse
3024 5369 3264 5427 liberabit
3296 5382 3377 5421 me
3398 5364 3464 5421 de

1904 5474 2085 5543 laqueo
2117 5473 2433 5538 venantium,
2464 5482 2513 5528 et
2562 5489 2597 5527 α
2634 5471 2784 5527 verba
2818 5466 3133 5523 turbulento.
3169 5459 3236 5515 lu
3273 5474 3464 5528 scapu-

1906 5565 1971 5620 lis
2004 5567 2113 5620 suis
2153 5554 2491 5621 obumbrabit'
2513 5564 2630 5628 tibi,
2653 5573 2702 5619 et
2724 5561 2816 5618 sub
2854 5556 3032 5627 pennis
3059 5553 3173 5623 ejus
3202 5551 3459 5618 sperabis.

1907 5665 2065 5723 Scuto
2099 5662 2443 5725 circumdabit
2476 5671 2522 5716 te
2552 5660 2741 5715 veritas
2773 5655 2907 5724 ejus,
2952 5665 3055 5705 non
3082 5644 3283 5702 timebis
3323 5662 3354 5700 a
3395 5646 3467 5701 ti.
