3988 6204
516 364 658 422 1145

1207 355 1477 411 EUSEBII
1515 352 1990 411 CASSARIENSIS
2029 353 2175 411 OPP.
2221 351 2399 412 PARS
2435 351 2501 407 Ill
2526 380 2598 394 -—
2621 346 3028 405 EXEGETICA.

3596 348 3620 395 1
3638 349 3750 398 ιιι

515 491 661 533 more
687 481 961 534 nocturno,
1001 489 1032 523 a
1080 469 1281 540 sagitta
1322 469 1527 523 volante
1566 469 1621 522 in
1660 468 1764 535 die,
1807 485 1840 522 a
1869 470 2071 539 negotio

2192 466 2362 521 κὺτοῦ
2405 463 2648 530 ἐλπιεῖς.
2697 463 2897 528 Ὅπλῳ
2940 457 3234 514 κυκλώσει
3281 457 3357 512 ’σε
3406 458 3446 524 ἡ
3485 456 3755 524 ἀλήθεια

512 563 910 637 perambulante
938 563 993 615 in
1019 561 1266 626 tenebris,
1297 578 1329 614 a
1358 561 1512 615 ruina
1549 570 1599 616 et
1627 561 1886 618 deemonio
1915 562 2072 616 meri-

2174 557 2382 620 αὑτοῦ,
2408 559 2480 610 οὐ
2499 554 2810 625 φοϐηθήσῃ
2845 552 2963 607 ἀπὸ
3008 549 3194 620 φόϐου
3225 545 3590 614 νυκτερινοῦ,
3613 545 3758 600 ἀπὸ

512 636 695 710 diano.
726 655 923 708 Cadent
970 670 1001 707 ιι
1031 653 1195 708 latere
1232 661 1322 707 tuo
1360 653 1525 731 mille,
1565 662 1616 708 et
1642 655 1816 708 decem
1838 655 2009 709 millia
2042 671 2076 708 a

2192 647 2402 713 Βέλους
2447 644 2770 714 πετομένου
2819 641 3045 712 ἡμέρας
3067 680 3082 704 ,
3116 639 3239 731 ,ἀπὸ
3292 636 3626 731 πράγματος

511 747 712 802 dextris
760 747 887 809 tuis,
919 745 988 799 ad
1037 755 1086 800 te
1134 756 1304 802 autem
1345 763 1446 800 non
1477 746 1927 816 appropinquabit.
1974 745 2074 800 Ve-

2176 739 2378 792 σκότει
2435 732 2931 803 διαπορευομένου
2945 770 2960 795 ,
3014 730 3132 785 ἀπὸ
3169 727 3597 799 συμπτώματος
3639 726 3764 782 καὶ

512 847 810 892 rumtamen
843 835 1010 890 oculis
1059 837 1162 893 tuis
1196 835 1574 901 considerabis,
1605 847 1654 891 et
1687 835 2078 891 retributionem

2192 827 2483 897 δαιμονίου
2505 822 2925 895 μεσημϐρινοῦ.
2964 819 3237 876 Πεσεῒται
3256 819 3324 873 ἐκ
3356 817 3462 873 τοῦ
3493 819 3764 886 κλίτους

511 935 842 999 peccatorum
879 926 1093 982 videbis.
1128 927 1392 994 Quoniam
1426 937 1480 982 tu
1533 943 1642 996 spes
1681 944 1818 994 mea,
1863 927 2073 981 Altissi-

513 1037 656 1074 mum
683 1019 909 1090 posuisti
937 1020 1198 1090 refugium
1241 1029 1407 1075 tuum.
1442 1019 1678 1077 lnsultus
1726 1020 1988 1091 plurimos
2021 1019 2079 1074 in

512 1123 638 1164 eum
676 1108 790 1164 fore
831 1110 1178 1178 praenuntiat,
1214 1111 1306 1180 qui
1347 1111 1401 1164 in
1451 1111 1705 1166 vaticinio
1741 1115 2076 1166 enuntiatur.

513 1198 614 1254 llic
649 1214 775 1254 vero
806 1213 1062 1269 perrarus
1099 1209 1215 1254 erat
1242 1208 1296 1255 et
1338 1200 1620 1265 mirabilis,
1663 1201 1719 1255 in
1762 1200 2082 1257 abscondito

509 1291 776 1346 Altissimi
820 1291 1038 1357 sedens,
1094 1291 1196 1347 sub
1230 1290 1419 1346 umbra
1448 1291 1602 1348 fortis
1647 1307 1992 1348 commorans
2027 1300 2082 1348 et

516 1383 749 1439 Domino
800 1384 1006 1450 dicens,
1053 1383 1337 1454 Susceptor
1366 1400 1508 1440 meus
1540 1401 1593 1440 es
1623 1395 1679 1439 tu
1725 1394 1775 1439 et
1823 1386 2083 1456 refugium

514 1493 706 1543 meum,
730 1475 871 1531 Deus
892 1493 1058 1540 meus,
1086 1484 1135 1530 et
1157 1476 1372 1544 sperabo
1400 1477 1455 1531 in
1479 1493 1620 1541 eum;
1644 1478 1758 1534 sive
1786 1478 2084 1535 secundum

515 1568 792 1638 Aquilam,
824 1567 966 1622 Deus
998 1584 1173 1631 meus,
1206 1566 1466 1637 conﬁdam
1506 1569 1561 1622 in
1593 1568 1729 1632 illo;
1763 1577 1856 1623 aut
1884 1584 2083 1625 secun-

515 1658 644 1714 dum
691 1656 1098 1730 Symmachum,
1133 1657 1274 1712 Deus
1302 1674 1469 1722 meus,
1519 1667 1569 1712 et
1613 1656 1802 1712 bonam
1834 1658 2086 1728 ﬁduciam

517 1751 713 1807 habebo
765 1753 819 1805 in
869 1751 981 1806 illo.
1024 1749 1299 1805 Adversus
1339 1765 1463 1804 eum
1506 1749 1690 1820 igitur,
1736 1752 1828 1821 qui
1867 1765 1933 1805 eo
1979 1763 2088 1820 quo

517 1837 723 1892 dictum
752 1845 836 1893 est
865 1837 1024 1892 modo
1050 1838 1105 1891 in
1138 1835 1231 1891 Dei
1263 1837 1465 1891 auxilio
1491 1838 1763 1907 repositus
1789 1844 1926 1903 erat,
1953 1838 2089 1894 insi-

517 1929 620 1985 dia:
647 1931 891 2000 quaedam
912 1937 967 1984 et
991 1929 1399 2000 conjurationes
1438 1937 1818 1984 sexcentorum
1847 1929 2083 1985 hostium

519 2022 971 2079 insurrexerunt:
999 2036 1120 2093 qua:
1161 2022 1369 2076 scilicet
1400 2022 1577 2092 laquei
1596 2023 1933 2087 venantium,
1971 2037 2089 2078 ser-

518 2125 708 2167 mones
739 2111 1066 2178 turbulenti,
1120 2111 1287 2166 timor
1315 2121 1639 2176 nocturnus,
1673 2114 1868 2184 sagitta
1899 2116 2087 2174 volans

518 2208 574 2256 In
629 2199 739 2264 die,
773 2203 1050 2270 negotium
1106 2202 1491 2271 perambulans
1554 2203 1609 2258 in
1642 2205 1884 2261 tenebris
1926 2206 2086 2261 ruina

519 2290 771 2347 daemonii
800 2291 1086 2346 meridiani
1109 2300 1312 2347 vocata:
1327 2301 1455 2349 sunt
1482 2313 1494 2349 :
1517 2294 1584 2349 ad
1607 2294 1722 2350 haec
1750 2311 1900 2362 vero,
1919 2297 2088 2353 millia

518 2392 572 2436 et
621 2378 809 2435 decem
857 2380 1060 2446 millia;
1115 2380 1188 2435 ita
1236 2391 1295 2436 ut
1336 2382 1504 2438 millia
1549 2383 1857 2450 sinistram;
1900 2385 2088 2441 decem

517 2483 649 2524 vero
697 2469 868 2523 millia
917 2469 1192 2526 dexteram
1227 2471 1346 2541 ejus
1394 2481 1746 2542 occuparent.
1792 2473 1927 2528 Nam
1971 2475 2089 2531 haec

518 2560 728 2617 dextris
775 2561 1047 2632 partibus,
1078 2571 1264 2633 utpote
1296 2563 1625 2621 firmioribus
1663 2574 1718 2622 et
1747 2565 2084 2634 fortioribus,

517 2654 937 2712 insidiabantur.
985 2655 1075 2710 Ait
1113 2671 1239 2711 vero
1267 2657 1479 2712 nullum
1518 2657 1712 2714 horum
1755 2674 1878 2714 eum
1910 2661 2004 2731 qui
2030 2661 2088 2716 in

517 2745 778 2801 vaticinio
813 2745 986 2801 fertur
1036 2746 1300 2818 attingere
1350 2764 1530 2820 posse.
1579 2749 1846 2806 Praeterea
1886 2751 2088 2806 dicitur

516 2851 643 2894 eum
674 2837 1016 2892 incessurum
1047 2854 1168 2894 esse
1198 2855 1307 2894 non
1346 2841 1510 2896 modo
1538 2856 1703 2912 supra
1734 2850 2012 2914 serpentes
2034 2852 2089 2900 et

521 2932 860 3002 scorpiones,
907 2946 1034 2985 nam
1064 2931 1179 2987 haec
1207 2932 1419 2988 modica
1448 2944 1604 2989 erant
1628 2953 1642 3002 ;
1671 2937 1764 2992 sed
1806 2953 1968 3008 super
1994 2954 2087 2994 as-

521 3021 698 3092 pidem
726 3031 779 3078 et
802 3023 1138 3088 basiliscum,
1180 3031 1233 3079 et
1261 3025 1703 3081 conculcaturum
1724 3042 1845 3084 esse
1875 3029 2087 3085 leonem

520 3117 578 3166 et
605 3111 895 3167 draconem
923 3127 937 3164 :
972 3128 1092 3182 quae
1119 3129 1250 3169 sane
1277 3115 1420 3172 inter
1446 3116 1591 3172 feras
1608 3127 1661 3174 et
1693 3118 1904 3188 reptilia
1930 3118 2084 3189 prin-

519 3201 697 3271 cipem
739 3204 986 3260 obtinent
1018 3206 1220 3261 locum.
1251 3206 1518 3264 Existimo
1555 3217 1735 3265 autem
1764 3209 1852 3265 bis
1882 3211 2087 3281 princi-

520 3312 616 3369 pes
663 3297 827 3367 huius
874 3299 1057 3355 saeculi
1103 3301 1420 3373 significari,
1461 3316 1674 3357 necnon
1706 3301 2007 3357 invisibiles
2033 3309 2089 3357 et

522 3390 811 3459 primarias
835 3398 1149 3461 potestates.
1183 3390 1567 3448 Verumtamen
1595 3393 1688 3464 qui
1720 3393 1774 3448 in
1805 3393 2088 3464 prophetia

522 3480 696 3536 fertur
719 3496 908 3537 omnes
937 3483 1100 3539 simul
1117 3484 1536 3539 conculcaturus
1558 3499 1680 3542 esse
1707 3484 1922 3539 dicitur.
1953 3482 2090 3537 Nam

522 3590 677 3643 super
725 3573 980 3642 aspidem,
1016 3574 1210 3644 inquit,
1241 3583 1291 3628 et
1331 3574 1639 3629 basiliscum
1697 3574 2013 3639 ambulabis,
2039 3581 2090 3629 et

523 3665 850 3720 conculcabis
876 3667 1074 3722 leonem
1097 3676 1147 3722 et
1178 3665 1478 3722 draconem.

2180 935 2295 975 σου
2332 917 2547 987 χιλιὰς,
2581 916 2679 970 καὶ
2709 914 2920 984 μυριὰς
2947 913 3016 968 ἐκ
3049 911 3262 977 δεξιῶν
3289 927 3433 979 σου,
3473 909 3620 979 πρὸς
3671 909 3765 964 σὲ

2180 1011 2249 1066 δὲ
2283 1013 2394 1065 οὐκ
2439 1008 2637 1080 ἐγτιεῖ.
2671 1006 2844 1075 Πλὴν
2881 1006 3003 1072 τοῖς
3035 1004 3360 1075 ὀφθαλμοῖς
3398 1020 3512 1059 σου
3558 1019 3764 1057 κατα-

2180 1101 2442 1168 νοήσεις,
2468 1099 2568 1155 καί
2593 1096 2998 1154 ἀνταπόδοσιν
3034 1094 3396 1166 ἁμαρτωλῶν
3422 1096 3575 1165 ὄψει.
3617 1097 3763 1149 Ὅτι

2182 1193 2264 1250 σὺ
2296 1195 2334 1261 ἡ
2366 1192 2542 1259 ἐλπίς
2577 1207 2717 1260 μου,
2743 1189 2849 1243 τὸν
2883 1190 3169 1258 Ὕψιστον
3208 1189 3348 1244 ἔθου
3390 1185 3762 1256 καταφυγήν

2182 1302 2319 1340 σου.
2356 1282 2560 1346 Πολλὰς
2588 1280 2982 1344 ἐπαναστάσεις
3009 1282 3037 1332 ὁ
3069 1280 3224 1348 λόγος
3262 1278 3618 1352 προαγορεύει
3652 1296 3762 1347 γε-

2182 1375 2438 1448 νήσεσθαι
2469 1373 2547 1445 τῷ
2587 1372 3063 1446 προφητευομένῳ.
3109 1368 3274 1436 Οὗτος
3316 1372 3373 1425 δὲ
3407 1368 3474 1443 ἦν
3519 1372 3762 1436 σπάνιός

2182 1485 2266 1532 τις
2311 1469 2404 1521 καὶ
2445 1466 2775 1537 θαυμαστὸς,
2815 1467 2872 1519 ὲν
2901 1464 3202 1537 ἀποκρύφῳ
3226 1463 3320 1518 τοῦ
3358 1464 3602 1534 Ὑψίστου
3636 1481 3759 1519 κα.-

2185 1559 2452 1631 θήμενος,
2490 1559 2595 1615 ὑπὸ
2638 1559 2736 1630 τὴν
2781 1558 2938 1612 σκιάν
2991 1557 3084 1611 τοῦ
3134 1555 3318 1610 ἱκανοῦ
3364 1556 3755 1627 αὐλιζόμενος,

2187 1653 2281 1706 καὶ
2306 1651 2479 1720 λέγων
2508 1650 2586 1722 τῷ
2621 1649 2839 1722 Κυρίῳθ
2880 1649 3270 1718 Ἀντιλήπτωρ
3285 1666 3404 1717 μου
3443 1647 3541 1702 καὶ
3567 1664 3758 1702 κατα-

2187 1743 2346 1813 φυγή
2385 1760 2523 1812 μου.
2573 1745 2607 1796 ὀ
2644 1742 2788 1807 Θεός
2812 1760 2951 1811 μου,
2987 1740 3085 1796 καὶ
3115 1738 3301 1794 ἐλπιῶ
3347 1739 3440 1792 ἐπ’
3468 1741 3688 1793 αὐτόν’
3721 1739 3756 1810 ἢ

2186 1835 2326 1890 κατὰ
2361 1835 2452 1888 τὸν
2487 1835 2736 1900 Ἀκύλαν,
2755 1835 2817 1888 '0
2846 1836 2988 1900 Θεός
3011 1851 3151 1903 μου.
3176 1832 3518 1901 πεποιθήσω
3549 1832 3622 1884 ἐν
3640 1834 3758 1885 αὺ-

2188 1927 2294 1993 τῴο
2327 1927 2382 1997 ἢ,
2412 1929 2474 1980 '0
2507 1928 2648 1994 Θεός
2666 1945 2806 1996 μου,
2832 1928 2928 1982 καὶ
2946 1924 3301 1994 εὐθαρσήσω
3321 1926 3392 1978 ἐν
3413 1923 3594 1990 αὐτῷ,
3611 1923 3762 1979 κατὰ

2187 2017 2276 2071 τὸν
2330 2017 2643 2089 Σύμμαχον.
2699 2018 2885 2089 Τούτῳ
2925 2017 2991 2089 δὴ
3047 2014 3138 2072 οὖν
3173 2016 3250 2088 τῷ
3291 2016 3398 2070 τῶν
3445 2015 3762 2087 εἰρημένων

2185 2109 2370 2180 τρόπῳ
2413 2109 2753 2181 ἀνακειμένῳ
2801 2112 2868 2182 τῇ
2914 2108 3007 2163 τοῦ
3041 2107 3176 2162 Θεοῦ
3209 2107 3430 2179 βοηθείᾳ
3471 2107 3761 2162 ἐπιϐουλαὶ

2185 2217 2330 2264 τινες
2350 2201 2443 2253 καὶ
2469 2201 2730 2254 συσκευαὶ
2758 2199 2965 2272 μυρίων
2987 2199 3104 2254 κατ’
3122 2198 3286 2252 αὐτοῦ
3310 2198 3760 2270 στρατευομένων

2183 2291 2557 2362 ἐπανέστησαν
2577 2309 2590 2321 ·
2622 2291 2848 2359 παγίδες
2870 2289 2997 2360 γοῦν
3023 2289 3299 2362 θηρευτῶν
3332 2287 3754 2358 ὠνομάσθησαν,

2187 2384 2281 2437 καὶ
2331 2381 2476 2452 λόγοι
2523 2382 2892 2454 ταραχώδεις,
2926 2381 3021 2436 καὶ
3061 2382 3225 2452 φόϐος
3270 2380 3580 2452 νυκτερινὸς
3601 2421 3617 2445 ,
3660 2379 3758 2433 καὶ

2191 2476 2340 2546 βέλος
2373 2476 2663 2547 πετόμενον
2687 2475 2918 2546 ἡμέρας,
2945 2476 3038 2530 καὶ
3073 2477 3305 2546 πρᾶγμα
3333 2475 3391 2527 ἐν
3415 2473 3600 2527 σκότει
3633 2472 3756 2526 δια-

2187 2567 2568 2639 πορευόμενον,
2600 2567 2694 2622 καὶ
2717 2565 3028 2637 σύμπτωμα
3049 2566 3323 2637 δαιμονίου
3349 2562 3723 2636 μεσημϐρινοῦ
3738 2580 3752 2588 ⁸

2187 2661 2281 2716 καὶ
2313 2661 2452 2733 πρὸς
2487 2660 2695 2723 τούτοις
2721 2659 2892 2714 ἅπασι
2945 2658 3180 2730 χιλιάδες
3219 2658 3314 2712 καὶ
3365 2657 3656 2728 μυριάδεςο
3694 2654 3758 2711 αι

2191 2751 2290 2824 μὲν
2317 2750 2548 2822 χιλιάδες
2573 2749 2643 2803 τὰ
2665 2749 2925 2822 ἀριστερὰ
2948 2749 3112 2804 αὐτοῦ
3157 2747 3650 2818 ἀπολαμϐάνουσαι,
3693 2745 3759 2801 αἱ

2187 2844 2243 2897 δὲ
2274 2844 2343 2898 τά
2369 2842 2517 2908 δεξιὰ
2553 2844 2828 2915 μυριάδες.
2873 2842 3041 2898 Αύταὶ
3081 2840 3190 2913 γὰρ
3216 2843 3328 2904 τοῖς
3358 2839 3550 2906 δεξιοῖς
3581 2838 3653 2901 ὡς
3687 2837 3763 2892 ἂν

2188 2937 2595 3008 κραταιοτέροις
2616 2937 2710 2989 καὶ
2737 2935 3101 3007 ἰσχυροτέροις
3134 2933 3352 3005 μέρεσιν
3381 2931 3757 2985 ἐπεϐούλευον.

2188 3028 2401 3083 Τούτων
2432 3029 2489 3082 δὲ
2523 3028 2738 3081 πάντων
2760 3027 2911 3081 οὐδὲν
2937 3026 3271 3098 προσψαύειν
3295 3023 3372 3095 τῷ
3400 3024 3530 3096 περὶ
3543 3016 3605 3077 οὗ
3636 3023 3764 3076 ὁλό-

2189 3139 2284 3192 γος
2309 3120 2662 3194 προφητεύει.
2703 3121 2821 3174 Ἔτι
2860 3119 2916 3172 δὲ
2975 3118 3109 3190 πρὸς
3136 3116 3343 3180 τούτοις
3405 3114 3761 3187 ἐπιϐήσεσθαι

2186 3215 2420 3284 λέγεται,
2473 3214 2547 3285 (Ι)
2583 3213 2666 3267 ὅτι
2713 3213 2805 3266 καὶ
2859 3210 3043 3265 ἐπάνω
3085 3209 3258 3279 ὄφεων
3327 3209 3421 3262 καὶ
3450 3207 3757 3279 σκορπίων·

2196 3304 2367 3376 μικρὰ
2392 3306 2501 3376 γὰρ
2525 3300 2594 3376 ἦν
2609 3301 2813 3358 ταῦτα’
2840 3301 2954 3356 ἀλλ’
2983 3299 3284 3354 ὲπ⁹άσπίδα
3300 3299 3395 3355 καὶ
3429 3297 3760 3368 βασιλίσκον,

2189 3396 2591 3466 καταπατήσειν
2617 3410 2677 3447 τε
2702 3392 2891 3446 λέοντα
2931 3391 3025 3446 καὶ
3063 3390 3364 3462 δράκοντα·
3399 3387 3514 3458 ἃδὴ
3547 3385 3762 3456 βασιλι-

2189 3482 2408 3538 κώτατα
2446 3483 2540 3540 καὶ
2565 3479 2913 3553 άρχικώτατα
2936 3478 3042 3532 τῶν
3071 3479 3130 3532 ὲν
3156 3477 3366 3550 θηρίοις
3390 3479 3479 3530 καὶ
3507 3477 3764 3546 ἑρπετοῖς

2188 3572 2465 3644 τυγχάνει.
2494 3566 2657 3641 Οἶμαι
2693 3569 2822 3640 γοῦν
2858 3568 2948 3623 διὰ
2973 3567 3175 3622 τούτων
3209 3568 3335 3630 τοὺς
3374 3566 3625 3638 ἄρχοντας
3651 3563 3754 3617 τοῦ

2192 3664 2387 3728 αἰῶνος
2432 3662 2622 3717 τούτου
2663 3660 3055 3733 σημαίνεσθαι,
3091 3658 3315 3723 καὶτὰς
3362 3657 3606 3728 ἀοράτους
3651 3653 3759 3708 καὶ

467 3763 470 3766 ’
523 3757 844 3828 άρχθντικὰς
871 3759 1144 3829 δυνάμεις.
1172 3759 1316 3832 Πλὴν
1352 3760 1502 3830 ὅμως
1547 3762 1576 3813 ὁ
1620 3759 2091 3832 προφητευόμενος
2139 3757 2540 3826 καταπατήσειν
2577 3753 2786 3827 ἁθρόως
2819 3752 3034 3820 λέγεται
3077 3750 3177 3815 τὰς
3229 3751 3424 3814 πάσας.
3461 3744 3760 3815 Ἐπιϐήση

523 3851 650 3922 γάρ,
676 3853 858 3924 φησιν,
892 3851 991 3906 ἐπὶ
1032 3854 1262 3908 ἀσπίδα
1308 3855 1405 3909 καὶ
1441 3855 1837 3920 βασιλίσκον,
1877 3853 1976 3907 καὶ
2022 3851 2462 3918 καταπατήσεις
2496 3847 2714 3902 λέοντα
2741 3846 2839 3901 καὶ
2867 3845 3186 3914 δράκοντα.

591 3963 724 4029 Quis
744 3966 909 4034 igitur
929 3966 1020 4020 hic
1041 3965 1226 4032 fuerit,
1244 3983 1331 4022 cur
1359 3969 1485 4024 talia
1513 3978 1822 4038 competere
1852 3968 2088 4038 possint;

525 4066 577 4110 et
605 4058 728 4126 quis
754 4059 986 4127 populus
1021 4073 1178 4128 quem
1210 4060 1398 4114 decem
1439 4060 1606 4112 millia
1641 4059 1983 4113 inimicorum
2025 4059 2092 4113 ad

525 4146 800 4202 dexteram
829 4159 1164 4221 oppugnant,
1202 4151 1270 4204 ad
1310 4151 1540 4206 alterum
1579 4165 1706 4204 vero
1725 4150 1871 4205 latus
1898 4149 2090 4216 millia,

526 4255 701 4309 neque
743 4239 944 4297 audent
986 4242 1053 4298 ad
1080 4258 1210 4298 eum
1244 4243 1522 4308 accedere,
1569 4242 1663 4299 sed
1699 4257 1885 4297 coram
1910 4258 1976 4299 eo
2002 4257 2096 4296 ca—

525 4329 698 4398 dunt;
727 4347 826 4403 age
866 4333 1254 4406 disquiramus.
1307 4333 1440 4390 Dico
1478 4343 1658 4389 autem
1709 4335 1890 4404 aliquo
1933 4334 2095 4389 modo

526 4438 686 4494 posse
719 4428 830 4479 haec
866 4426 1056 4482 referri
1085 4409 1154 4482 ad.
1182 4427 1454 4481 hominem
1504 4427 1558 4480 in
1591 4426 1810 4483 Christo
1839 4441 2094 4482 consum-

2261 3964 2357 4028 Τίς
2388 3961 2480 4019 οὖν
2520 3962 2712 4032 γένοιτ’
2744 3961 2810 4015 ἂν
2849 3959 3108 4022 τοιοῦτος,
3150 3958 3225 4022 ὡς
3257 3956 3583 4029 ἐφαρμόζειν
3612 3952 3762 4023 αὐτῷ

2195 4056 2452 4114 δύνασθαι
2484 4054 2555 4108 τὰ
2581 4054 2825 4118 τοιαῦτα,
2858 4052 2953 4106 καὶ
2974 4051 3034 4115 ὃς
3064 4053 3093 4106 ὁ
3125 4051 3249 4115 λαὸς
3283 4051 3381 4121 μὲν
3419 4047 3628 4119 ἐχθρῶν
3659 4046 3759 4116 μὲν

2200 4149 2464 4222 μυριάδας
2510 4145 2959 4219 ἐπιστρατεύεται
2986 4143 3150 4202 αὑτοῦ
3176 4145 3287 4206 τοῖς
3317 4143 3532 4208 δεξιοῖς,
3567 4140 3677 4202 τοῖς
3701 4136 3759 4191 δὲ

2197 4241 2341 4296 κατά
2381 4241 2604 4312 θάτερον
2650 4239 2812 4311 μέρος
2838 4239 3099 4313 χιλιάδας,
3149 4236 3222 4308 μὴ
3257 4235 3458 4306 τολμᾷν
3499 4234 3556 4287 δὲ
3596 4229 3758 4286 αὑτοῦ

2199 4333 2553 4407 προσψαύειν,
2590 4332 2953 4389 καταπίπτειν
2982 4331 3038 4383 δὲ
3069 4327 3374 4401 ἔμπροσθεν
3405 4324 3589 4390 αὐτοῦ,
3630 4325 3758 4396 φέρε

2200 4426 2638 4495 κατανοήσωμεν.
2663 4423 2809 4492 Φημὶ
2840 4422 2895 4476 δὲ
2926 4421 3044 4475 καθ’
3069 4420 3165 4480 ἒνα
3187 4419 3384 4491 τρόπον
3404 4415 3756 4488 ἀναφέρεσθαι

526 4524 767 4582 malum;
798 4516 977 4586 qualis
1005 4526 1122 4572 erat
1155 4515 1380 4582 Paulus,
1420 4518 1514 4587 qui
1561 4517 1796 4579 dicebat,
1849 4516 1970 4571 Scio
2003 4516 2088 4570 ho-

2198 4517 2369 4571 ταῦτα
2401 4516 2495 4569 ἐπὶ
2523 4515 2615 4570 τὸν
2642 4515 2700 4569 ὲν
2743 4513 2964 4585 Χριστῷ
2992 4511 3404 4582 τετελειωμένον
3447 4509 3752 4580 ἄνθρωπον·

527 4608 715 4662 minem
746 4609 801 4662 in
831 4607 1042 4664 Christo
1064 4611 1109 4643 ⁸⁸
1134 4627 1152 4664 :
1182 4620 1234 4666 et
1259 4609 1327 4664 ad
1353 4625 1544 4665 omnes
1574 4609 1665 4678 qui
1692 4609 1914 4679 perinde
1937 4617 2098 4678 atque

530 4699 621 4752 ille
648 4699 830 4755 dicere
879 4703 1109 4771 possint,
1163 4702 1294 4768 Quis
1328 4719 1420 4757 nos
1453 4701 1718 4770 separabit
1751 4718 1784 4756 a
1840 4700 2098 4757 charitate

533 4789 666 4847 Dei?
693 4791 988 4858 tribulatio,
1013 4811 1080 4848 an
1112 4796 1378 4864 angustia,
1393 4813 1460 4850 an
1483 4795 1793 4863 persecutio,
1819 4811 1886 4848 an
1906 4794 2094 4863 fames,

530 4897 598 4935 an
628 4881 864 4946 auditas,
896 4901 964 4937 an
996 4883 1309 4951 periculum,
1369 4902 1436 4939 an
1465 4885 1673 4955 gladius
1727 4884 1772 4916 ⁸⁵
1799 4887 1824 4938 ?
1853 4898 1916 4936 ac
1973 4898 2095 4936 rur-

529 4987 672 5035 sum,
710 4971 896 5028 Certus
925 4991 1042 5029 sum
1071 4977 1210 5031 enim
1241 4977 1362 5045 quia
1391 4993 1551 5045 neque
1581 4993 1745 5040 mors,
1777 4990 1935 5044 neque
1963 4975 2091 5031 vita.

529 5080 689 5132 neque
717 5065 996 5134 instantia,
1038 5085 1197 5138 neque
1226 5068 1431 5137 futura,
1464 5085 1623 5139 neque
1662 5069 1901 5128 virtutes.
1935 5082 2096 5135 neque

530 5157 778 5221 altitudo,
811 5175 970 5229 neque
999 5162 1340 5230 profundum,
1374 5179 1533 5233 neque
1552 5172 1795 5216 creatura
1823 5161 1930 5214 alia
1947 5169 2095 5227 pote-

531 5247 600 5301 rit
631 5264 724 5301 nos
748 5264 992 5318 separare
1033 5267 1066 5304 a
1095 5249 1352 5304 charitate
1388 5249 1506 5313 Dei,
1540 5267 1654 5320 qua:
1684 5257 1760 5303 est
1791 5252 1844 5301 in
1887 5247 2098 5303 Christo

531 5338 655 5394 Iesu
679 5341 724 5372 ⁸⁸
753 5355 772 5392 :
803 5339 870 5394 ad
906 5341 1019 5394 haec
1051 5355 1180 5396 vero
1203 5341 1456 5410 quisquis
1485 5341 1665 5396 dicere
1694 5348 1892 5411 potest,
1922 5337 2022 5392 Sed
2041 5338 2096 5390 in

532 5431 610 5484 his
650 5431 889 5486 omnibus
921 5448 1226 5502 superamus
1257 5432 1324 5495 ⁸⁷,
1349 5431 1546 5500 dignus
1590 5447 1719 5487 sane
1753 5432 1915 5486 fuerit
1942 5441 2001 5487 ut
2030 5434 2097 5487 de

534 5520 650 5589 ipso
684 5522 764 5576 hae
794 5537 955 5576 voces
991 5521 1356 5592 proferantur.
1395 5520 1542 5576 Talis
1574 5530 1770 5592 quippe
1810 5524 1973 5576 homo
2003 5523 2099 5575 ha-

534 5610 709 5666 bitans
746 5616 802 5668 in
843 5615 1116 5685 adjutorio
1153 5614 1440 5681 Altissimi,
1472 5621 1524 5667 et
1564 5614 1618 5667 in
1665 5622 1972 5684 legumento
2008 5613 2098 5668 Dei

2199 4604 2308 4672 οἶος
2332 4605 2400 4680 ἦν
2424 4608 2674 4679 όδΠαῦλος
2697 4608 2868 4678 λέγων
2892 4623 2905 4636 ⁸
2934 4603 3076 4660 Οἶδα
3094 4606 3404 4674 ἄνθρωπον
3429 4604 3499 4656 ἐν
3514 4599 3753 4670 Χριστῴ⁸

2199 4701 2292 4755 ἐπὶ
2321 4701 2495 4758 πάντα
2526 4718 2584 4754 τε
2633 4700 2724 4754 τὸν
2759 4699 2957 4771 ὁμοίως
2997 4697 3187 4768 ἐκείνῳ
3221 4697 3398 4763 λέγειν
3429 4695 3718 4764 δυνάμενον
3737 4707 3752 4724 ·

2207 4793 2300 4857 Τίς
2349 4791 2508 4861 ἡμᾶς
2540 4792 2781 4862 χωρίσει
2831 4791 2948 4847 ἀπὸ
3006 4789 3116 4857 τῆς
3151 4787 3384 4858 ἀγάπης
3425 4786 3532 4841 τοῦ
3580 4783 3756 4845 Θεοῦ;

2201 4882 2424 4950 θλίψις,
2455 4880 2495 4950 ἣ
2540 4881 2905 4950 στενοχαῳία
2929 4919 2944 4945 ,
2991 4879 3028 4947 ἢ
3067 4877 3318 4948 διωγμὸς
3341 4918 3356 4942 ,
3403 4875 3440 4945 ἣ
3472 4875 3642 4941 λιμὸς
3663 4915 3677 4939 ,
3721 4872 3755 4941 ἦ

2201 4974 2531 5044 γυμνότης,
2579 4973 2618 5041 ἣ
2654 4973 2971 5038 κίνδυνος,
3012 4972 3049 5038 ἢ
3081 4969 3379 5040 μάχαιρα;
3434 4967 3525 5024 καὶ
3570 4965 3753 5021 πάλινο

2201 5066 2526 5136 Πέπεισμαι
2543 5067 2670 5137 γὰρ,
2705 5067 2796 5120 ὅτι
2825 5067 2964 5120 οὔτε
2985 5064 3257 5130 θάνατος,
3288 5063 3431 5117 οὔτε
3469 5059 3600 5126 ζωὴ,
3629 5058 3758 5111 οὔτε

2203 5159 2520 5225 ἐνεστῶτα,
2561 5161 2698 5214 οὔτε
2738 5158 3078 5229 μέλλοντα,
3102 5156 3241 5210 οὔτε
3287 5151 3588 5222 δυνάμεις,
3629 5149 3761 5203 οὔτε

2205 5250 2441 5320 ὕψωμα,
2477 5252 2613 5305 οὔτε
2636 5252 2847 5317 βάθος,
2875 5251 3013 5306 οὔτε
3044 5267 3133 5315 τις
3162 5248 3356 5313 κτίσις
3385 5245 3552 5313 ἑτέρα
3578 5241 3759 5309 δυνήσ-

2202 5354 2372 5394 σετιιι
2415 5341 2571 5409 ἡμᾶς
2605 5342 2854 5410 χωρίσαι
2883 5339 3000 5395 ἀπὸ
3054 5337 3162 5405 τῆς
3190 5335 3425 5407 ἀγάπης
3476 5333 3580 5387 τοῦ
3621 5329 3764 5385 Θεοῦ

2203 5431 2310 5500 τῆς
2339 5435 2407 5486 ἐν
2438 5433 2669 5503 Χριστῷ
2714 5433 2938 5502 Ἰησοῦ·
2979 5435 3008 5485 ὁ
3052 5431 3108 5484 δὲ
3141 5430 3277 5500 πρὸς
3316 5426 3524 5490 τούτοις
3566 5420 3674 5486 οἷὸς
3703 5437 3765 5474 τε

2204 5523 2278 5576 ὢν
2304 5526 2480 5594 λέγειν
2501 5543 2512 5556 ’
2555 5527 2704 5579 Ἀλλ’
2754 5527 2823 5578 ἐν
2866 5525 3093 5591 τούτοις
3123 5520 3313 5576 πᾶσιν
3341 5517 3766 5588 ὑπερνικῶμεν,

2207 5617 2353 5684 ἄξιος
2386 5617 2451 5671 ἂν
2475 5619 2683 5687 γένοιτο
2703 5617 2798 5673 τοῦ
2825 5618 2918 5674 καὶ
2944 5619 3030 5672 ἐπ’
3061 5615 3208 5687 αὐτῷ
3234 5613 3486 5687 λεχθῆναι
3506 5610 3607 5677 τὰς
3635 5624 3768 5686 προ-

603 5721 650 5752 ⁶⁶
690 5723 729 5775 ll
763 5724 890 5780 Cor.
930 5745 1006 5782 ιιι
1032 5770 1045 5795 ,
1077 5728 1130 5785 ‘2.
1209 5728 1253 5760 “
1295 5726 1451 5782 Rom.
1490 5741 1588 5782 vtlt
1621 5725 1710 5780 55.
1791 5727 1833 5757 δί’
1875 5726 2004 5782 ibid.
2044 5727 2088 5782 31

2192 5731 2235 5782 i9
2332 5731 2374 5762 ⁶⁷
2416 5728 2548 5786 ibid.
2590 5729 2677 5789 37.

596 5815 668 5884 (1)
707 5817 826 5872 ’Ότι
878 5820 968 5890 μή.
