  <div class='ocr_page' id='page_1' title='image "/cluster/home/n/w/nwhite01/storage/ocr_20150623/23/hvd.32044073501116/578.png"; bbox 0 0 3988 6204; ppageno 0'>
   <div class='ocr_carea' id='block_1_1' title="bbox 235 365 388 421">
    <p class='ocr_par' dir='ltr' id='par_1_1' title="bbox 235 365 388 421">
     <span class='ocr_line' id='line_1_1' title="bbox 235 365 388 421; baseline -0.013 0"><span class='ocrx_word' id='word_1_1' title='bbox 235 365 388 421; x_wconf 68' lang='lat'><strong>“45</strong></span> 
     </span>
    </p>
   </div>
   <div class='ocr_carea' id='block_1_2' title="bbox 1408 353 2395 415">
    <p class='ocr_par' dir='ltr' id='par_1_2' title="bbox 1408 353 2395 415">
     <span class='ocr_line' id='line_1_2' title="bbox 1408 353 2395 415; baseline -0.004 0"><span class='ocrx_word' id='word_1_2' title='bbox 1408 355 1914 415; x_wconf 73' lang='lat' dir='ltr'><strong>COMMENTARIA</strong></span> <span class='ocrx_word' id='word_1_3' title='bbox 1951 356 2018 413; x_wconf 85' lang='lat' dir='ltr'><strong>IN</strong></span> <span class='ocrx_word' id='word_1_4' title='bbox 2058 353 2395 412; x_wconf 78' lang='lat' dir='ltr'><strong>PSALMOS.</strong></span> 
     </span>
    </p>
   </div>
   <div class='ocr_carea' id='block_1_3' title="bbox 3349 361 3488 420">
    <p class='ocr_par' dir='ltr' id='par_1_3' title="bbox 3349 361 3488 420">
     <span class='ocr_line' id='line_1_3' title="bbox 3349 361 3488 420; baseline 0.014 -3"><span class='ocrx_word' id='word_1_5' title='bbox 3349 361 3488 420; x_wconf 63' lang='grc'><strong>1148</strong></span> 
     </span>
    </p>
   </div>
   <div class='ocr_carea' id='block_1_4' title="bbox 234 471 1812 554">
    <p class='ocr_par' dir='ltr' id='par_1_4' title="bbox 234 475 1812 554">
     <span class='ocr_line' id='line_1_4' title="bbox 234 475 1812 554; baseline -0.006 -17"><span class='ocrx_word' id='word_1_6' title='bbox 234 480 502 554; x_wconf 77' lang='grc' dir='ltr'><strong>κειμένας</strong></span> <span class='ocrx_word' id='word_1_7' title='bbox 539 477 738 549; x_wconf 79' lang='grc' dir='ltr'>φωνάς.</span> <span class='ocrx_word' id='word_1_8' title='bbox 775 478 834 532; x_wconf 82' lang='lat'><strong>&#39;0</strong></span> <span class='ocrx_word' id='word_1_9' title='bbox 875 478 984 550; x_wconf 78' lang='grc' dir='ltr'>γὰρ</span> <span class='ocrx_word' id='word_1_10' title='bbox 1010 476 1266 542; x_wconf 86' lang='grc' dir='ltr'>τοιοῦτος,</span> <span class='ocrx_word' id='word_1_11' title='bbox 1299 475 1568 530; x_wconf 82' lang='grc' dir='ltr'><strong>κατοικῶν</strong></span> <span class='ocrx_word' id='word_1_12' title='bbox 1607 477 1666 528; x_wconf 84' lang='grc' dir='ltr'>ὲν</span> <span class='ocrx_word' id='word_1_13' title='bbox 1690 475 1812 546; x_wconf 87' lang='grc' dir='ltr'>βοη-</span> 
     </span>
    </p>
   </div>
   <div class='ocr_carea' id='block_1_5' title="bbox 1913 471 3487 554">
    <p class='ocr_par' dir='ltr' id='par_1_5' title="bbox 1913 471 3487 545">
     <span class='ocr_line' id='line_1_5' title="bbox 1913 471 3487 545; baseline 0.006 -16"><span class='ocrx_word' id='word_1_14' title='bbox 1913 488 2278 543; x_wconf 87' lang='lat' dir='ltr'><strong>commorans,</strong></span> <span class='ocrx_word' id='word_1_15' title='bbox 2321 473 2467 529; x_wconf 87' lang='lat' dir='ltr'><strong>dicet</strong></span> <span class='ocrx_word' id='word_1_16' title='bbox 2513 471 2744 529; x_wconf 90' lang='lat' dir='ltr'><strong>Domino</strong></span> <span class='ocrx_word' id='word_1_17' title='bbox 2778 489 2790 525; x_wconf 87' lang='lat'><strong>:</strong></span> <span class='ocrx_word' id='word_1_18' title='bbox 2823 473 3110 545; x_wconf 82' lang='lat' dir='ltr'><strong>Susceptor</strong></span> <span class='ocrx_word' id='word_1_19' title='bbox 3149 493 3290 534; x_wconf 78' lang='lat' dir='ltr'><strong>meus</strong></span> <span class='ocrx_word' id='word_1_20' title='bbox 3327 496 3380 535; x_wconf 82' lang='lat' dir='ltr'><strong>es</strong></span> <span class='ocrx_word' id='word_1_21' title='bbox 3420 491 3487 539; x_wconf 80' lang='lat' dir='ltr'><strong>et</strong></span> 
     </span>
    </p>
   </div>
   <div class='ocr_carea' id='block_1_6' title="bbox 233 565 1817 646">
    <p class='ocr_par' dir='ltr' id='par_1_6' title="bbox 233 565 1817 646">
     <span class='ocr_line' id='line_1_6' title="bbox 233 565 1817 646; baseline -0.006 -18"><span class='ocrx_word' id='word_1_22' title='bbox 233 573 369 646; x_wconf 76' lang='grc' dir='ltr'>θείᾳ</span> <span class='ocrx_word' id='word_1_23' title='bbox 399 570 494 626; x_wconf 91' lang='grc' dir='ltr'><strong>τοῦ</strong></span> <span class='ocrx_word' id='word_1_24' title='bbox 536 570 812 640; x_wconf 78' lang='grc' dir='ltr'><strong>Ὑψίστου,</strong></span> <span class='ocrx_word' id='word_1_25' title='bbox 847 569 942 623; x_wconf 74' lang='grc' dir='ltr'>καὶ</span> <span class='ocrx_word' id='word_1_26' title='bbox 971 571 1031 623; x_wconf 82' lang='grc' dir='ltr'><strong>έν</strong></span> <span class='ocrx_word' id='word_1_27' title='bbox 1080 568 1259 640; x_wconf 83' lang='grc' dir='ltr'>σκέπῃ</span> <span class='ocrx_word' id='word_1_28' title='bbox 1289 566 1384 622; x_wconf 86' lang='grc' dir='ltr'><strong>τοῦ</strong></span> <span class='ocrx_word' id='word_1_29' title='bbox 1433 567 1570 620; x_wconf 86' lang='grc' dir='ltr'>Θεοῦ</span> <span class='ocrx_word' id='word_1_30' title='bbox 1599 565 1817 630; x_wconf 69' lang='grc' dir='ltr'><strong>αιῖδλιζό⁴</strong></span> 
     </span>
    </p>
   </div>
   <div class='ocr_carea' id='block_1_7' title="bbox 237 652 1819 735">
    <p class='ocr_par' dir='ltr' id='par_1_7' title="bbox 237 652 1819 735">
     <span class='ocr_line' id='line_1_7' title="bbox 237 652 1819 735; baseline -0.004 -18"><span class='ocrx_word' id='word_1_31' title='bbox 237 682 430 735; x_wconf 78' lang='grc' dir='ltr'>μενος,</span> <span class='ocrx_word' id='word_1_32' title='bbox 463 664 580 735; x_wconf 78' lang='grc' dir='ltr'>ἐρεῖ</span> <span class='ocrx_word' id='word_1_33' title='bbox 624 661 702 734; x_wconf 84' lang='grc' dir='ltr'>τῷ</span> <span class='ocrx_word' id='word_1_34' title='bbox 748 662 971 733; x_wconf 82' lang='grc' dir='ltr'><strong>Κυρίῳ·</strong></span> <span class='ocrx_word' id='word_1_35' title='bbox 1019 659 1418 728; x_wconf 72' lang='grc' dir='ltr'>Ἀντιλήπτωρ</span> <span class='ocrx_word' id='word_1_36' title='bbox 1457 675 1576 728; x_wconf 83' lang='grc' dir='ltr'><strong>μου</strong></span> <span class='ocrx_word' id='word_1_37' title='bbox 1618 652 1678 711; x_wconf 70' lang='lat' dir='ltr'><strong>si</strong></span> <span class='ocrx_word' id='word_1_38' title='bbox 1715 656 1819 712; x_wconf 76' lang='grc' dir='ltr'>καὶ</span> 
     </span>
    </p>
   </div>
   <div class='ocr_carea' id='block_1_8' title="bbox 233 752 1816 828">
    <p class='ocr_par' dir='ltr' id='par_1_8' title="bbox 233 752 1816 828">
     <span class='ocr_line' id='line_1_8' title="bbox 233 752 1816 828; baseline -0.002 -16"><span class='ocrx_word' id='word_1_39' title='bbox 233 756 561 828; x_wconf 71' lang='grc' dir='ltr'>καταφυγή</span> <span class='ocrx_word' id='word_1_40' title='bbox 606 774 724 826; x_wconf 80' lang='grc' dir='ltr'><strong>μου</strong></span> <span class='ocrx_word' id='word_1_41' title='bbox 747 795 764 822; x_wconf 89' lang='grc'><strong>,</strong></span> <span class='ocrx_word' id='word_1_42' title='bbox 804 759 837 811; x_wconf 82' lang='grc' dir='ltr'><strong>ό</strong></span> <span class='ocrx_word' id='word_1_43' title='bbox 877 755 1050 823; x_wconf 87' lang='grc' dir='ltr'><strong>Θεὸς,</strong></span> <span class='ocrx_word' id='word_1_44' title='bbox 1092 754 1193 810; x_wconf 77' lang='grc' dir='ltr'>καὶ</span> <span class='ocrx_word' id='word_1_45' title='bbox 1233 752 1420 809; x_wconf 77' lang='grc' dir='ltr'>ἐλπιῶ</span> <span class='ocrx_word' id='word_1_46' title='bbox 1466 753 1560 806; x_wconf 79' lang='grc' dir='ltr'><strong>ἐπ’</strong></span> <span class='ocrx_word' id='word_1_47' title='bbox 1607 753 1816 811; x_wconf 83' lang='grc' dir='ltr'>αὐτόν.</span> 
     </span>
    </p>
   </div>
   <div class='ocr_carea' id='block_1_9' title="bbox 232 843 1817 919">
    <p class='ocr_par' dir='ltr' id='par_1_9' title="bbox 232 843 1817 919">
     <span class='ocr_line' id='line_1_9' title="bbox 232 843 1817 919; baseline -0.003 -15"><span class='ocrx_word' id='word_1_48' title='bbox 232 850 433 904; x_wconf 88' lang='grc' dir='ltr'>Ταῦτα</span> <span class='ocrx_word' id='word_1_49' title='bbox 459 850 516 903; x_wconf 79' lang='grc' dir='ltr'>δὲ</span> <span class='ocrx_word' id='word_1_50' title='bbox 543 848 708 906; x_wconf 84' lang='grc' dir='ltr'>αὐτοῦ</span> <span class='ocrx_word' id='word_1_51' title='bbox 738 848 974 902; x_wconf 83' lang='grc' dir='ltr'><strong>διαθέσει</strong></span> <span class='ocrx_word' id='word_1_52' title='bbox 1017 847 1202 919; x_wconf 77' lang='grc' dir='ltr'><strong>τελείᾳ</strong></span> <span class='ocrx_word' id='word_1_53' title='bbox 1235 847 1536 919; x_wconf 73' lang='grc' dir='ltr'><strong>εἰρηκότος,</strong></span> <span class='ocrx_word' id='word_1_54' title='bbox 1569 843 1817 909; x_wconf 73' lang='grc' dir='ltr'>θεσπίζει</span> 
     </span>
    </p>
   </div>
   <div class='ocr_carea' id='block_1_10' title="bbox 157 937 1814 1014">
    <p class='ocr_par' dir='ltr' id='par_1_10' title="bbox 157 937 1814 1014">
     <span class='ocr_line' id='line_1_10' title="bbox 157 937 1814 1014; baseline -0.003 -18"><span class='ocrx_word' id='word_1_55' title='bbox 231 942 396 1014; x_wconf 79' lang='grc' dir='ltr'>αὐτῷ</span> <span class='ocrx_word' id='word_1_56' title='bbox 420 943 481 996; x_wconf 86' lang='grc' dir='ltr'><strong>τὸ</strong></span> <span class='ocrx_word' id='word_1_57' title='bbox 501 941 642 996; x_wconf 84' lang='grc' dir='ltr'>θεῖον</span> <span class='ocrx_word' id='word_1_58' title='bbox 672 939 915 1012; x_wconf 82' lang='grc' dir='ltr'><strong>Πνεῦμα,</strong></span> <span class='ocrx_word' id='word_1_59' title='bbox 931 941 1013 995; x_wconf 84' lang='grc' dir='ltr'><strong>δτι</strong></span> <span class='ocrx_word' id='word_1_60' title='bbox 1033 939 1098 1012; x_wconf 84' lang='grc' dir='ltr'>δὴ</span> <span class='ocrx_word' id='word_1_61' title='bbox 1124 938 1344 1008; x_wconf 82' lang='grc' dir='ltr'><strong>ἀσφαλῆ</strong></span> <span class='ocrx_word' id='word_1_62' title='bbox 1374 937 1554 993; x_wconf 84' lang='grc' dir='ltr'><strong>εἵλατο</strong></span> <span class='ocrx_word' id='word_1_63' title='bbox 1576 937 1814 1007; x_wconf 85' lang='grc' dir='ltr'>φύλακα,</span> 
     </span>
    </p>
   </div>
   <div class='ocr_carea' id='block_1_11' title="bbox 231 1030 1818 1110">
    <p class='ocr_par' dir='ltr' id='par_1_11' title="bbox 231 1030 1818 1110">
     <span class='ocr_line' id='line_1_11' title="bbox 231 1030 1818 1110; baseline -0.004 -19"><span class='ocrx_word' id='word_1_64' title='bbox 231 1037 340 1091; x_wconf 77' lang='grc' dir='ltr'><strong>καὶ</strong></span> <span class='ocrx_word' id='word_1_65' title='bbox 369 1035 539 1110; x_wconf 81' lang='grc' dir='ltr'>καλὴν</span> <span class='ocrx_word' id='word_1_66' title='bbox 572 1036 838 1107; x_wconf 78' lang='grc' dir='ltr'><strong>ἐκτήσατο</strong></span> <span class='ocrx_word' id='word_1_67' title='bbox 855 1032 1177 1105; x_wconf 85' lang='grc' dir='ltr'>καταφυγὴν</span> <span class='ocrx_word' id='word_1_68' title='bbox 1202 1033 1296 1086; x_wconf 85' lang='grc' dir='ltr'><strong>τὸν</strong></span> <span class='ocrx_word' id='word_1_69' title='bbox 1319 1031 1541 1104; x_wconf 77' lang='grc' dir='ltr'><strong>Κύριον.</strong></span> <span class='ocrx_word' id='word_1_70' title='bbox 1564 1030 1818 1085; x_wconf 86' lang='grc' dir='ltr'>Τοιοῦτον</span> 
     </span>
    </p>
   </div>
   <div class='ocr_carea' id='block_1_12' title="bbox 193 1112 1814 1201">
    <p class='ocr_par' dir='ltr' id='par_1_12' title="bbox 193 1112 1814 1201">
     <span class='ocr_line' id='line_1_12' title="bbox 193 1112 1814 1201; baseline -0.004 -20"><span class='ocrx_word' id='word_1_71' title='bbox 193 1112 202 1201; x_wconf 16' lang='lat' dir='ltr'><strong><em>ﬁ</em></strong></span> <span class='ocrx_word' id='word_1_72' title='bbox 230 1128 352 1200; x_wconf 78' lang='grc' dir='ltr'>γὰρ</span> <span class='ocrx_word' id='word_1_73' title='bbox 385 1127 522 1198; x_wconf 78' lang='grc' dir='ltr'>ἔχων</span> <span class='ocrx_word' id='word_1_74' title='bbox 556 1126 748 1198; x_wconf 80' lang='grc' dir='ltr'>βοηθὸν</span> <span class='ocrx_word' id='word_1_75' title='bbox 777 1127 871 1180; x_wconf 72' lang='grc' dir='ltr'><strong>καὶ</strong></span> <span class='ocrx_word' id='word_1_76' title='bbox 915 1126 1199 1197; x_wconf 85' lang='grc' dir='ltr'><strong>πρόμαχον</strong></span> <span class='ocrx_word' id='word_1_77' title='bbox 1230 1124 1326 1178; x_wconf 76' lang='grc' dir='ltr'><strong>καὶ</strong></span> <span class='ocrx_word' id='word_1_78' title='bbox 1369 1119 1814 1194; x_wconf 75' lang='grc' dir='ltr'>ύπερασπιστὴν,</span> 
     </span>
    </p>
   </div>
   <div class='ocr_carea' id='block_1_13' title="bbox 231 1213 1815 1291">
    <p class='ocr_par' dir='ltr' id='par_1_13' title="bbox 231 1213 1815 1291">
     <span class='ocr_line' id='line_1_13' title="bbox 231 1213 1815 1291; baseline -0.003 -18"><span class='ocrx_word' id='word_1_79' title='bbox 231 1219 430 1273; x_wconf 79' lang='grc' dir='ltr'>οὐδένα</span> <span class='ocrx_word' id='word_1_80' title='bbox 467 1217 576 1272; x_wconf 84' lang='grc' dir='ltr'><strong>τῶν</strong></span> <span class='ocrx_word' id='word_1_81' title='bbox 628 1217 840 1291; x_wconf 72' lang='grc' dir='ltr'>ἐχθρῶν</span> <span class='ocrx_word' id='word_1_82' title='bbox 899 1217 1298 1288; x_wconf 86' lang='grc' dir='ltr'>φοϐηθήσεται,</span> <span class='ocrx_word' id='word_1_83' title='bbox 1353 1213 1448 1268; x_wconf 71' lang='grc' dir='ltr'>ἅτε</span> <span class='ocrx_word' id='word_1_84' title='bbox 1503 1213 1669 1267; x_wconf 83' lang='grc' dir='ltr'>αὐτοῦ</span> <span class='ocrx_word' id='word_1_85' title='bbox 1719 1214 1815 1268; x_wconf 87' lang='grc' dir='ltr'><strong>τοῦ</strong></span> 
     </span>
    </p>
   </div>
   <div class='ocr_carea' id='block_1_14' title="bbox 231 1305 1818 1384">
    <p class='ocr_par' dir='ltr' id='par_1_14' title="bbox 231 1305 1818 1384">
     <span class='ocr_line' id='line_1_14' title="bbox 231 1305 1818 1384; baseline -0.003 -19"><span class='ocrx_word' id='word_1_86' title='bbox 231 1312 452 1384; x_wconf 77' lang='grc' dir='ltr'>Κυρίου</span> <span class='ocrx_word' id='word_1_87' title='bbox 498 1312 761 1383; x_wconf 79' lang='grc' dir='ltr'>ῥυομένου</span> <span class='ocrx_word' id='word_1_88' title='bbox 809 1310 970 1364; x_wconf 82' lang='grc' dir='ltr'>αὐτὸν</span> <span class='ocrx_word' id='word_1_89' title='bbox 1010 1309 1069 1375; x_wconf 73' lang='grc' dir='ltr'><strong>ἐξ</strong></span> <span class='ocrx_word' id='word_1_90' title='bbox 1114 1307 1391 1362; x_wconf 82' lang='grc' dir='ltr'>ἁπάντων.</span> <span class='ocrx_word' id='word_1_91' title='bbox 1437 1305 1548 1361; x_wconf 78' lang='grc' dir='ltr'>Καὶ</span> <span class='ocrx_word' id='word_1_92' title='bbox 1600 1305 1707 1377; x_wconf 87' lang='grc' dir='ltr'>γὰρ</span> <span class='ocrx_word' id='word_1_93' title='bbox 1751 1307 1818 1360; x_wconf 72' lang='grc' dir='ltr'>ἐκ</span> 
     </span>
    </p>
   </div>
   <div class='ocr_carea' id='block_1_15' title="bbox 232 1395 1817 1474">
    <p class='ocr_par' dir='ltr' id='par_1_15' title="bbox 232 1395 1817 1474">
     <span class='ocr_line' id='line_1_15' title="bbox 232 1395 1817 1474; baseline -0.006 -16"><span class='ocrx_word' id='word_1_94' title='bbox 232 1404 471 1473; x_wconf 81' lang='grc' dir='ltr'><strong>παγίδος</strong></span> <span class='ocrx_word' id='word_1_95' title='bbox 509 1403 789 1474; x_wconf 87' lang='grc' dir='ltr'>θηρευτῶν</span> <span class='ocrx_word' id='word_1_96' title='bbox 840 1400 1098 1468; x_wconf 76' lang='grc' dir='ltr'>ἑξελεῖται</span> <span class='ocrx_word' id='word_1_97' title='bbox 1137 1398 1298 1453; x_wconf 82' lang='grc' dir='ltr'>αὐτὸν</span> <span class='ocrx_word' id='word_1_98' title='bbox 1320 1438 1336 1464; x_wconf 91' lang='grc'><strong>,</strong></span> <span class='ocrx_word' id='word_1_99' title='bbox 1381 1395 1476 1452; x_wconf 77' lang='grc' dir='ltr'>καὶ</span> <span class='ocrx_word' id='word_1_100' title='bbox 1518 1396 1626 1451; x_wconf 82' lang='grc' dir='ltr'><strong>ἀπὸ</strong></span> <span class='ocrx_word' id='word_1_101' title='bbox 1657 1397 1817 1466; x_wconf 83' lang='grc' dir='ltr'>λόγου</span> 
     </span>
    </p>
   </div>
   <div class='ocr_carea' id='block_1_16' title="bbox 229 1487 1815 1568">
    <p class='ocr_par' dir='ltr' id='par_1_16' title="bbox 229 1487 1815 1568">
     <span class='ocr_line' id='line_1_16' title="bbox 229 1487 1815 1568; baseline -0.004 -19"><span class='ocrx_word' id='word_1_102' title='bbox 229 1495 587 1568; x_wconf 79' lang='grc' dir='ltr'><strong>ταραχώδους</strong></span> <span class='ocrx_word' id='word_1_103' title='bbox 617 1495 730 1558; x_wconf 89' lang='grc' dir='ltr'>τοῖς</span> <span class='ocrx_word' id='word_1_104' title='bbox 777 1492 1130 1565; x_wconf 88' lang='grc' dir='ltr'>μεταφρένοις</span> <span class='ocrx_word' id='word_1_105' title='bbox 1167 1487 1330 1543; x_wconf 85' lang='grc' dir='ltr'>αὐτοῦ</span> <span class='ocrx_word' id='word_1_106' title='bbox 1364 1488 1670 1542; x_wconf 75' lang='grc' dir='ltr'>ἐπισκιάσει</span> <span class='ocrx_word' id='word_1_107' title='bbox 1716 1489 1815 1542; x_wconf 64' lang='grc' dir='ltr'>αὐη</span> 
     </span>
    </p>
   </div>
   <div class='ocr_carea' id='block_1_17' title="bbox 227 1578 1816 1658">
    <p class='ocr_par' dir='ltr' id='par_1_17' title="bbox 227 1578 1816 1658">
     <span class='ocr_line' id='line_1_17' title="bbox 227 1578 1816 1658; baseline -0.004 -18"><span class='ocrx_word' id='word_1_108' title='bbox 227 1587 319 1658; x_wconf 81' lang='grc' dir='ltr'>τῷ</span> <span class='ocrx_word' id='word_1_109' title='bbox 339 1603 354 1618; x_wconf 75' lang='grc' dir='ltr'><strong>ο</strong></span> <span class='ocrx_word' id='word_1_110' title='bbox 387 1587 481 1640; x_wconf 78' lang='grc' dir='ltr'><strong>καὶ</strong></span> <span class='ocrx_word' id='word_1_111' title='bbox 513 1586 689 1641; x_wconf 86' lang='grc' dir='ltr'>πάντα</span> <span class='ocrx_word' id='word_1_112' title='bbox 708 1585 765 1638; x_wconf 79' lang='grc' dir='ltr'>δὲ</span> <span class='ocrx_word' id='word_1_113' title='bbox 784 1583 854 1638; x_wconf 80' lang='grc' dir='ltr'><strong>τά</strong></span> <span class='ocrx_word' id='word_1_114' title='bbox 886 1583 1012 1653; x_wconf 80' lang='grc' dir='ltr'>ἑξῆς</span> <span class='ocrx_word' id='word_1_115' title='bbox 1035 1578 1490 1653; x_wconf 85' lang='grc' dir='ltr'>κατηριθμημένα</span> <span class='ocrx_word' id='word_1_116' title='bbox 1523 1581 1616 1634; x_wconf 78' lang='grc' dir='ltr'>έπὶ</span> <span class='ocrx_word' id='word_1_117' title='bbox 1638 1580 1816 1634; x_wconf 87' lang='grc' dir='ltr'>πάντα</span> 
     </span>
    </p>
   </div>
   <div class='ocr_carea' id='block_1_18' title="bbox 227 1668 1817 1747">
    <p class='ocr_par' dir='ltr' id='par_1_18' title="bbox 227 1668 1817 1747">
     <span class='ocr_line' id='line_1_18' title="bbox 227 1668 1817 1747; baseline -0.005 -16"><span class='ocrx_word' id='word_1_118' title='bbox 227 1677 336 1731; x_wconf 78' lang='grc' dir='ltr'><strong>τὸν</strong></span> <span class='ocrx_word' id='word_1_119' title='bbox 359 1679 417 1730; x_wconf 81' lang='grc' dir='ltr'><strong>ἐν</strong></span> <span class='ocrx_word' id='word_1_120' title='bbox 449 1673 671 1747; x_wconf 81' lang='grc' dir='ltr'>Χριστῷ</span> <span class='ocrx_word' id='word_1_121' title='bbox 701 1673 906 1728; x_wconf 88' lang='grc' dir='ltr'>τέλειον</span> <span class='ocrx_word' id='word_1_122' title='bbox 933 1671 1220 1743; x_wconf 79' lang='grc' dir='ltr'>ἄνθρωπον</span> <span class='ocrx_word' id='word_1_123' title='bbox 1248 1668 1661 1740; x_wconf 84' lang='grc' dir='ltr'>ἀνενεχθήσεται</span> <span class='ocrx_word' id='word_1_124' title='bbox 1680 1708 1694 1733; x_wconf 89' lang='grc'><strong>,</strong></span> <span class='ocrx_word' id='word_1_125' title='bbox 1721 1670 1817 1723; x_wconf 76' lang='grc' dir='ltr'><strong>καὶ</strong></span> 
     </span>
    </p>
   </div>
   <div class='ocr_carea' id='block_1_19' title="bbox 228 1757 1815 1837">
    <p class='ocr_par' dir='ltr' id='par_1_19' title="bbox 228 1757 1815 1837">
     <span class='ocr_line' id='line_1_19' title="bbox 228 1757 1815 1837; baseline -0.004 -18"><span class='ocrx_word' id='word_1_126' title='bbox 228 1767 335 1820; x_wconf 74' lang='grc' dir='ltr'>ἐπὶ</span> <span class='ocrx_word' id='word_1_127' title='bbox 355 1765 416 1818; x_wconf 78' lang='grc' dir='ltr'><strong>τὸ</strong></span> <span class='ocrx_word' id='word_1_128' title='bbox 449 1765 606 1837; x_wconf 82' lang='grc' dir='ltr'>σῶμα</span> <span class='ocrx_word' id='word_1_129' title='bbox 642 1764 699 1818; x_wconf 85' lang='grc' dir='ltr'>δὲ</span> <span class='ocrx_word' id='word_1_130' title='bbox 729 1762 983 1836; x_wconf 79' lang='grc' dir='ltr'>Χριστοῦ,</span> <span class='ocrx_word' id='word_1_131' title='bbox 1019 1762 1134 1833; x_wconf 71' lang='grc' dir='ltr'>ἢτοι</span> <span class='ocrx_word' id='word_1_132' title='bbox 1167 1761 1258 1814; x_wconf 84' lang='grc' dir='ltr'><strong>τὸν</strong></span> <span class='ocrx_word' id='word_1_133' title='bbox 1287 1760 1352 1813; x_wconf 83' lang='grc' dir='ltr'>ὲκ</span> <span class='ocrx_word' id='word_1_134' title='bbox 1384 1759 1601 1812; x_wconf 80' lang='grc' dir='ltr'>τελείων</span> <span class='ocrx_word' id='word_1_135' title='bbox 1627 1757 1815 1830; x_wconf 82' lang='grc' dir='ltr'>ψυχῶν</span> 
     </span>
    </p>
   </div>
   <div class='ocr_carea' id='block_1_20' title="bbox 1917 564 3490 645">
    <p class='ocr_par' dir='ltr' id='par_1_20' title="bbox 1917 564 3490 645">
     <span class='ocr_line' id='line_1_20' title="bbox 1917 564 3490 645; baseline 0.004 -25"><span class='ocrx_word' id='word_1_136' title='bbox 1917 564 2177 638; x_wconf 72' lang='lat' dir='ltr'><strong>refugium</strong></span> <span class='ocrx_word' id='word_1_137' title='bbox 2200 582 2394 630; x_wconf 86' lang='lat' dir='ltr'><strong>meum,</strong></span> <span class='ocrx_word' id='word_1_138' title='bbox 2423 565 2588 632; x_wconf 85' lang='lat' dir='ltr'><strong>Deus,</strong></span> <span class='ocrx_word' id='word_1_139' title='bbox 2619 577 2670 622; x_wconf 83' lang='lat' dir='ltr'><strong>et</strong></span> <span class='ocrx_word' id='word_1_140' title='bbox 2695 566 2914 636; x_wconf 85' lang='lat' dir='ltr'><strong>sperabo</strong></span> <span class='ocrx_word' id='word_1_141' title='bbox 2939 568 2992 621; x_wconf 82' lang='lat' dir='ltr'><strong>in</strong></span> <span class='ocrx_word' id='word_1_142' title='bbox 3021 584 3158 623; x_wconf 88' lang='lat' dir='ltr'><strong>eum.</strong></span> <span class='ocrx_word' id='word_1_143' title='bbox 3183 568 3307 626; x_wconf 76' lang='lat' dir='ltr'><strong>ibeo</strong></span> <span class='ocrx_word' id='word_1_144' title='bbox 3327 573 3490 645; x_wconf 81' lang='lat' dir='ltr'><strong>quip-</strong></span> 
     </span>
    </p>
   </div>
   <div class='ocr_carea' id='block_1_21' title="bbox 1916 657 3488 730">
    <p class='ocr_par' dir='ltr' id='par_1_21' title="bbox 1916 657 3488 730">
     <span class='ocr_line' id='line_1_21' title="bbox 1916 657 3488 730; baseline 0.003 -15"><span class='ocrx_word' id='word_1_145' title='bbox 1916 674 1986 730; x_wconf 91' lang='lat' dir='ltr'><strong>pe</strong></span> <span class='ocrx_word' id='word_1_146' title='bbox 2009 675 2078 714; x_wconf 81' lang='lat' dir='ltr'><strong>ex</strong></span> <span class='ocrx_word' id='word_1_147' title='bbox 2120 658 2360 729; x_wconf 90' lang='lat' dir='ltr'><strong>perfecto</strong></span> <span class='ocrx_word' id='word_1_148' title='bbox 2393 665 2449 713; x_wconf 90' lang='lat' dir='ltr'><strong>et</strong></span> <span class='ocrx_word' id='word_1_149' title='bbox 2478 659 2695 714; x_wconf 90' lang='lat' dir='ltr'><strong>sincero</strong></span> <span class='ocrx_word' id='word_1_150' title='bbox 2742 657 2938 714; x_wconf 69' lang='lat' dir='ltr'><strong>affectu</strong></span> <span class='ocrx_word' id='word_1_151' title='bbox 2972 658 3263 728; x_wconf 75' lang='lat' dir='ltr'><strong>dicentem,</strong></span> <span class='ocrx_word' id='word_1_152' title='bbox 3298 663 3488 720; x_wconf 85' lang='lat' dir='ltr'><strong>vatici-</strong></span> 
     </span>
    </p>
   </div>
   <div class='ocr_carea' id='block_1_22' title="bbox 1915 748 3490 822">
    <p class='ocr_par' dir='ltr' id='par_1_22' title="bbox 1915 748 3490 822">
     <span class='ocr_line' id='line_1_22' title="bbox 1915 748 3490 822; baseline 0.003 -17"><span class='ocrx_word' id='word_1_153' title='bbox 1915 759 2081 806; x_wconf 88' lang='lat' dir='ltr'><strong>natur</strong></span> <span class='ocrx_word' id='word_1_154' title='bbox 2107 751 2328 807; x_wconf 88' lang='lat' dir='ltr'><strong>divinus</strong></span> <span class='ocrx_word' id='word_1_155' title='bbox 2369 748 2605 821; x_wconf 88' lang='lat' dir='ltr'><strong>Spiritus</strong></span> <span class='ocrx_word' id='word_1_156' title='bbox 2637 756 2813 806; x_wconf 90' lang='lat' dir='ltr'><strong>tutum</strong></span> <span class='ocrx_word' id='word_1_157' title='bbox 2844 751 3073 822; x_wconf 83' lang='lat' dir='ltr'><strong>elegisse</strong></span> <span class='ocrx_word' id='word_1_158' title='bbox 3106 753 3410 820; x_wconf 77' lang='lat' dir='ltr'><strong>custodem,</strong></span> <span class='ocrx_word' id='word_1_159' title='bbox 3432 763 3490 812; x_wconf 88' lang='lat' dir='ltr'><strong>et</strong></span> 
     </span>
    </p>
   </div>
   <div class='ocr_carea' id='block_1_23' title="bbox 1916 846 3488 919">
    <p class='ocr_par' dir='ltr' id='par_1_23' title="bbox 1916 846 3488 919">
     <span class='ocr_line' id='line_1_23' title="bbox 1916 846 3488 919; baseline 0.004 -17"><span class='ocrx_word' id='word_1_160' title='bbox 1916 847 2206 919; x_wconf 86' lang='lat' dir='ltr'><strong>pulchrum</strong></span> <span class='ocrx_word' id='word_1_161' title='bbox 2242 847 2552 903; x_wconf 87' lang='lat' dir='ltr'><strong>obtinuisse</strong></span> <span class='ocrx_word' id='word_1_162' title='bbox 2599 846 2895 918; x_wconf 75' lang='lat' dir='ltr'><strong>refugium,</strong></span> <span class='ocrx_word' id='word_1_163' title='bbox 2931 850 3140 906; x_wconf 77' lang='lat' dir='ltr'><strong>scilicet</strong></span> <span class='ocrx_word' id='word_1_164' title='bbox 3175 848 3488 909; x_wconf 87' lang='lat' dir='ltr'><strong>Dominum.</strong></span> 
     </span>
    </p>
   </div>
   <div class='ocr_carea' id='block_1_24' title="bbox 1915 939 3492 1012">
    <p class='ocr_par' dir='ltr' id='par_1_24' title="bbox 1915 939 3492 1012">
     <span class='ocr_line' id='line_1_24' title="bbox 1915 939 3492 1012; baseline 0.001 -15"><span class='ocrx_word' id='word_1_165' title='bbox 1915 943 2053 998; x_wconf 73' lang='lat' dir='ltr'><strong>Cum</strong></span> <span class='ocrx_word' id='word_1_166' title='bbox 2084 943 2247 997; x_wconf 83' lang='lat' dir='ltr'><strong>talem</strong></span> <span class='ocrx_word' id='word_1_167' title='bbox 2293 941 2494 1012; x_wconf 86' lang='lat' dir='ltr'><strong>quippe</strong></span> <span class='ocrx_word' id='word_1_168' title='bbox 2549 939 2875 1010; x_wconf 88' lang='lat' dir='ltr'><strong>adjutorem,</strong></span> <span class='ocrx_word' id='word_1_169' title='bbox 2927 950 3384 1012; x_wconf 79' lang='lat' dir='ltr'><strong>propugnatorem</strong></span> <span class='ocrx_word' id='word_1_170' title='bbox 3435 950 3492 1000; x_wconf 87' lang='lat' dir='ltr'><strong>et</strong></span> 
     </span>
    </p>
   </div>
   <div class='ocr_carea' id='block_1_25' title="bbox 1916 1025 3492 1104">
    <p class='ocr_par' dir='ltr' id='par_1_25' title="bbox 1916 1025 3492 1104">
     <span class='ocr_line' id='line_1_25' title="bbox 1916 1025 3492 1104; baseline 0.003 -19"><span class='ocrx_word' id='word_1_171' title='bbox 1916 1038 2282 1103; x_wconf 81' lang='lat' dir='ltr'><strong>protectorem</strong></span> <span class='ocrx_word' id='word_1_172' title='bbox 2331 1038 2530 1086; x_wconf 88' lang='lat' dir='ltr'><strong>nactus</strong></span> <span class='ocrx_word' id='word_1_173' title='bbox 2579 1030 2670 1097; x_wconf 85' lang='lat' dir='ltr'><strong>sit,</strong></span> <span class='ocrx_word' id='word_1_174' title='bbox 2704 1030 2913 1086; x_wconf 91' lang='lat' dir='ltr'><strong>nullum</strong></span> <span class='ocrx_word' id='word_1_175' title='bbox 2941 1031 3286 1088; x_wconf 84' lang='lat' dir='ltr'><strong>inimicorum</strong></span> <span class='ocrx_word' id='word_1_176' title='bbox 3318 1025 3492 1104; x_wconf 84' lang='lat' dir='ltr'><strong>perti-</strong></span> 
     </span>
    </p>
   </div>
   <div class='ocr_carea' id='block_1_26' title="bbox 1915 1121 3492 1194">
    <p class='ocr_par' dir='ltr' id='par_1_26' title="bbox 1915 1121 3492 1194">
     <span class='ocr_line' id='line_1_26' title="bbox 1915 1121 3492 1194; baseline 0 -14"><span class='ocrx_word' id='word_1_177' title='bbox 1915 1131 2144 1189; x_wconf 77' lang='lat' dir='ltr'><strong>mescat,</strong></span> <span class='ocrx_word' id='word_1_178' title='bbox 2173 1123 2301 1194; x_wconf 86' lang='lat' dir='ltr'><strong>quia</strong></span> <span class='ocrx_word' id='word_1_179' title='bbox 2335 1124 2511 1194; x_wconf 82' lang='lat' dir='ltr'><strong>ipsum</strong></span> <span class='ocrx_word' id='word_1_180' title='bbox 2535 1121 2800 1179; x_wconf 88' lang='lat' dir='ltr'><strong>Dominus</strong></span> <span class='ocrx_word' id='word_1_181' title='bbox 2828 1139 2894 1179; x_wconf 73' lang='lat' dir='ltr'><strong>ea</strong></span> <span class='ocrx_word' id='word_1_182' title='bbox 2922 1123 3178 1182; x_wconf 86' lang='lat' dir='ltr'><strong>omnibus</strong></span> <span class='ocrx_word' id='word_1_183' title='bbox 3208 1126 3372 1182; x_wconf 87' lang='lat' dir='ltr'><strong>eruit.</strong></span> <span class='ocrx_word' id='word_1_184' title='bbox 3395 1124 3492 1180; x_wconf 85' lang='lat' dir='ltr'><strong>Et-</strong></span> 
     </span>
    </p>
   </div>
   <div class='ocr_carea' id='block_1_27' title="bbox 1915 1215 3492 1287">
    <p class='ocr_par' dir='ltr' id='par_1_27' title="bbox 1915 1215 3492 1287">
     <span class='ocr_line' id='line_1_27' title="bbox 1915 1215 3492 1287; baseline 0.001 -15"><span class='ocrx_word' id='word_1_185' title='bbox 1915 1216 2058 1272; x_wconf 89' lang='lat' dir='ltr'><strong>enim</strong></span> <span class='ocrx_word' id='word_1_186' title='bbox 2084 1231 2152 1272; x_wconf 83' lang='lat' dir='ltr'><strong>ex</strong></span> <span class='ocrx_word' id='word_1_187' title='bbox 2169 1216 2366 1287; x_wconf 86' lang='lat' dir='ltr'><strong>laqueo</strong></span> <span class='ocrx_word' id='word_1_188' title='bbox 2399 1216 2712 1272; x_wconf 79' lang='lat' dir='ltr'><strong>venantium</strong></span> <span class='ocrx_word' id='word_1_189' title='bbox 2735 1215 2990 1272; x_wconf 81' lang='lat' dir='ltr'><strong>liberabit</strong></span> <span class='ocrx_word' id='word_1_190' title='bbox 3013 1233 3160 1282; x_wconf 90' lang='lat' dir='ltr'><strong>eum,</strong></span> <span class='ocrx_word' id='word_1_191' title='bbox 3192 1227 3247 1274; x_wconf 88' lang='lat' dir='ltr'><strong>et</strong></span> <span class='ocrx_word' id='word_1_192' title='bbox 3265 1232 3298 1272; x_wconf 87' lang='lat' dir='ltr'><strong>a</strong></span> <span class='ocrx_word' id='word_1_193' title='bbox 3322 1219 3492 1274; x_wconf 87' lang='lat' dir='ltr'><strong>verbo</strong></span> 
     </span>
    </p>
   </div>
   <div class='ocr_carea' id='block_1_28' title="bbox 1913 1308 3491 1383">
    <p class='ocr_par' dir='ltr' id='par_1_28' title="bbox 1913 1308 3491 1383">
     <span class='ocr_line' id='line_1_28' title="bbox 1913 1308 3491 1383; baseline 0.004 -21"><span class='ocrx_word' id='word_1_194' title='bbox 1913 1309 2253 1375; x_wconf 88' lang='lat' dir='ltr'><strong>turbulento,</strong></span> <span class='ocrx_word' id='word_1_195' title='bbox 2284 1309 2526 1380; x_wconf 79' lang='lat' dir='ltr'><strong>scapulis</strong></span> <span class='ocrx_word' id='word_1_196' title='bbox 2546 1309 2663 1366; x_wconf 87' lang='lat' dir='ltr'><strong>suis</strong></span> <span class='ocrx_word' id='word_1_197' title='bbox 2681 1308 3031 1366; x_wconf 90' lang='lat' dir='ltr'><strong>obumbrabit</strong></span> <span class='ocrx_word' id='word_1_198' title='bbox 3057 1311 3107 1365; x_wconf 92' lang='lat' dir='ltr'><strong>ei</strong></span> <span class='ocrx_word' id='word_1_199' title='bbox 3137 1329 3150 1365; x_wconf 89' lang='lat'><strong>:</strong></span> <span class='ocrx_word' id='word_1_200' title='bbox 3179 1312 3491 1383; x_wconf 84' lang='lat' dir='ltr'><strong>pariterque</strong></span> 
     </span>
    </p>
   </div>
   <div class='ocr_carea' id='block_1_29' title="bbox 1915 1399 3489 1473">
    <p class='ocr_par' dir='ltr' id='par_1_29' title="bbox 1915 1399 3489 1473">
     <span class='ocr_line' id='line_1_29' title="bbox 1915 1399 3489 1473; baseline 0.003 -17"><span class='ocrx_word' id='word_1_201' title='bbox 1915 1399 2096 1456; x_wconf 88' lang='lat' dir='ltr'><strong>omnia</strong></span> <span class='ocrx_word' id='word_1_202' title='bbox 2129 1415 2254 1471; x_wconf 69' lang='lat' dir='ltr'><strong>qua:</strong></span> <span class='ocrx_word' id='word_1_203' title='bbox 2302 1401 2406 1457; x_wconf 87' lang='lat' dir='ltr'><strong>sub</strong></span> <span class='ocrx_word' id='word_1_204' title='bbox 2453 1401 2568 1456; x_wconf 67' lang='lat' dir='ltr'><strong>haec</strong></span> <span class='ocrx_word' id='word_1_205' title='bbox 2598 1409 2979 1465; x_wconf 85' lang='lat' dir='ltr'><strong>recensentur,</strong></span> <span class='ocrx_word' id='word_1_206' title='bbox 3027 1402 3097 1457; x_wconf 88' lang='lat' dir='ltr'><strong>ad</strong></span> <span class='ocrx_word' id='word_1_207' title='bbox 3137 1404 3386 1473; x_wconf 75' lang='lat' dir='ltr'><strong>quemvis</strong></span> <span class='ocrx_word' id='word_1_208' title='bbox 3433 1407 3489 1462; x_wconf 91' lang='lat' dir='ltr'><strong>in</strong></span> 
     </span>
    </p>
   </div>
   <div class='ocr_carea' id='block_1_30' title="bbox 1914 1489 3489 1566">
    <p class='ocr_par' dir='ltr' id='par_1_30' title="bbox 1914 1489 3489 1566">
     <span class='ocr_line' id='line_1_30' title="bbox 1914 1489 3489 1566; baseline 0.003 -19"><span class='ocrx_word' id='word_1_209' title='bbox 1914 1489 2136 1547; x_wconf 85' lang='lat' dir='ltr'><strong>Christo</strong></span> <span class='ocrx_word' id='word_1_210' title='bbox 2152 1489 2454 1560; x_wconf 88' lang='lat' dir='ltr'><strong>perfectum</strong></span> <span class='ocrx_word' id='word_1_211' title='bbox 2488 1491 2762 1547; x_wconf 87' lang='lat' dir='ltr'><strong>hominem</strong></span> <span class='ocrx_word' id='word_1_212' title='bbox 2803 1490 3133 1562; x_wconf 83' lang='lat' dir='ltr'><strong>referentur;</strong></span> <span class='ocrx_word' id='word_1_213' title='bbox 3160 1495 3489 1566; x_wconf 69' lang='lat' dir='ltr'><strong>itemquead</strong></span> 
     </span>
    </p>
   </div>
   <div class='ocr_carea' id='block_1_31' title="bbox 1914 1580 3490 1656">
    <p class='ocr_par' dir='ltr' id='par_1_31' title="bbox 1914 1580 3490 1656">
     <span class='ocr_line' id='line_1_31' title="bbox 1914 1580 3490 1656; baseline 0.006 -20"><span class='ocrx_word' id='word_1_214' title='bbox 1914 1595 2116 1652; x_wconf 86' lang='lat' dir='ltr'><strong>corpus</strong></span> <span class='ocrx_word' id='word_1_215' title='bbox 2147 1581 2374 1647; x_wconf 85' lang='lat' dir='ltr'><strong>Christi,</strong></span> <span class='ocrx_word' id='word_1_216' title='bbox 2409 1580 2659 1639; x_wconf 85' lang='lat' dir='ltr'><strong>videlicet</strong></span> <span class='ocrx_word' id='word_1_217' title='bbox 2691 1584 2759 1638; x_wconf 86' lang='lat' dir='ltr'><strong>ad</strong></span> <span class='ocrx_word' id='word_1_218' title='bbox 2798 1592 3097 1656; x_wconf 82' lang='lat' dir='ltr'><strong>martyrum</strong></span> <span class='ocrx_word' id='word_1_219' title='bbox 3148 1587 3375 1643; x_wconf 87' lang='lat' dir='ltr'><strong>chorum</strong></span> <span class='ocrx_word' id='word_1_220' title='bbox 3421 1603 3490 1645; x_wconf 80' lang='lat' dir='ltr'><strong>ex</strong></span> 
     </span>
    </p>
   </div>
   <div class='ocr_carea' id='block_1_32' title="bbox 1913 1672 3490 1746">
    <p class='ocr_par' dir='ltr' id='par_1_32' title="bbox 1913 1672 3490 1746">
     <span class='ocr_line' id='line_1_32' title="bbox 1913 1672 3490 1746; baseline 0.006 -20"><span class='ocrx_word' id='word_1_221' title='bbox 1913 1672 2169 1743; x_wconf 75' lang='lat' dir='ltr'><strong>perfectis</strong></span> <span class='ocrx_word' id='word_1_222' title='bbox 2196 1673 2485 1730; x_wconf 78' lang='lat' dir='ltr'><strong>animabus</strong></span> <span class='ocrx_word' id='word_1_223' title='bbox 2517 1675 2912 1744; x_wconf 88' lang='lat' dir='ltr'><strong>compositum;</strong></span> <span class='ocrx_word' id='word_1_224' title='bbox 2944 1675 3060 1734; x_wconf 88' lang='lat' dir='ltr'><strong>sive</strong></span> <span class='ocrx_word' id='word_1_225' title='bbox 3093 1677 3160 1731; x_wconf 88' lang='lat' dir='ltr'><strong>ad</strong></span> <span class='ocrx_word' id='word_1_226' title='bbox 3196 1679 3490 1746; x_wconf 81' lang='lat' dir='ltr'><strong>perfectam</strong></span> 
     </span>
    </p>
   </div>
   <div class='ocr_carea' id='block_1_33' title="bbox 1916 1763 3489 1837">
    <p class='ocr_par' dir='ltr' id='par_1_33' title="bbox 1916 1763 3489 1837">
     <span class='ocr_line' id='line_1_33' title="bbox 1916 1763 3489 1837; baseline 0.006 -19"><span class='ocrx_word' id='word_1_227' title='bbox 1916 1763 2214 1820; x_wconf 87' lang='lat' dir='ltr'><strong>Ecclesiam</strong></span> <span class='ocrx_word' id='word_1_228' title='bbox 2251 1765 2446 1836; x_wconf 78' lang='lat' dir='ltr'><strong>ipsius,</strong></span> <span class='ocrx_word' id='word_1_229' title='bbox 2467 1781 2630 1836; x_wconf 88' lang='lat' dir='ltr'><strong>quam</strong></span> <span class='ocrx_word' id='word_1_230' title='bbox 2662 1767 2779 1837; x_wconf 90' lang='lat' dir='ltr'><strong>ipse</strong></span> <span class='ocrx_word' id='word_1_231' title='bbox 2811 1767 2918 1824; x_wconf 88' lang='lat' dir='ltr'><strong>sibi</strong></span> <span class='ocrx_word' id='word_1_232' title='bbox 2959 1775 3140 1826; x_wconf 84' lang='lat' dir='ltr'><strong>astare</strong></span> <span class='ocrx_word' id='word_1_233' title='bbox 3171 1769 3317 1836; x_wconf 80' lang='lat' dir='ltr'><strong>fecit,</strong></span> <span class='ocrx_word' id='word_1_234' title='bbox 3338 1771 3489 1828; x_wconf 90' lang='lat' dir='ltr'><strong>nulla</strong></span> 
     </span>
    </p>
   </div>
   <div class='ocr_carea' id='block_1_34' title="bbox 230 1850 1812 1930">
    <p class='ocr_par' dir='ltr' id='par_1_34' title="bbox 230 1850 1812 1927">
     <span class='ocr_line' id='line_1_34' title="bbox 230 1850 1812 1927; baseline -0.006 -14"><span class='ocrx_word' id='word_1_235' title='bbox 230 1855 743 1927; x_wconf 79' lang='grc' dir='ltr'>κατεσκευασμένον</span> <span class='ocrx_word' id='word_1_236' title='bbox 795 1852 1087 1925; x_wconf 82' lang='grc' dir='ltr'>μαρτύρων</span> <span class='ocrx_word' id='word_1_237' title='bbox 1137 1851 1327 1921; x_wconf 85' lang='grc' dir='ltr'>χορόν·</span> <span class='ocrx_word' id='word_1_238' title='bbox 1376 1850 1410 1922; x_wconf 84' lang='grc' dir='ltr'>ἢ</span> <span class='ocrx_word' id='word_1_239' title='bbox 1460 1851 1559 1922; x_wconf 79' lang='grc' dir='ltr'>τὴν</span> <span class='ocrx_word' id='word_1_240' title='bbox 1599 1850 1812 1904; x_wconf 87' lang='grc' dir='ltr'>τελείαν</span> 
     </span>
    </p>
   </div>
   <div class='ocr_carea' id='block_1_35' title="bbox 1913 1850 3488 1930">
    <p class='ocr_par' dir='ltr' id='par_1_35' title="bbox 1915 1857 3488 1929">
     <span class='ocr_line' id='line_1_35' title="bbox 1915 1857 3488 1929; baseline 0.005 -19"><span class='ocrx_word' id='word_1_241' title='bbox 1915 1857 2129 1912; x_wconf 88' lang='lat' dir='ltr'><strong>macula</strong></span> <span class='ocrx_word' id='word_1_242' title='bbox 2162 1866 2256 1912; x_wconf 90' lang='lat' dir='ltr'><strong>aut</strong></span> <span class='ocrx_word' id='word_1_243' title='bbox 2289 1859 2410 1914; x_wconf 88' lang='lat' dir='ltr'><strong>labe</strong></span> <span class='ocrx_word' id='word_1_244' title='bbox 2440 1866 2535 1913; x_wconf 86' lang='lat' dir='ltr'><strong>aut</strong></span> <span class='ocrx_word' id='word_1_245' title='bbox 2565 1861 2820 1928; x_wconf 89' lang='lat' dir='ltr'><strong>quopiam</strong></span> <span class='ocrx_word' id='word_1_246' title='bbox 2859 1859 3025 1916; x_wconf 87' lang='lat' dir='ltr'><strong>simili</strong></span> <span class='ocrx_word' id='word_1_247' title='bbox 3077 1861 3346 1917; x_wconf 76' lang='lat' dir='ltr'><strong>affectam.</strong></span> <span class='ocrx_word' id='word_1_248' title='bbox 3385 1861 3488 1929; x_wconf 85' lang='lat' dir='ltr'><strong>Qui</strong></span> 
     </span>
    </p>
   </div>
   <div class='ocr_carea' id='block_1_36' title="bbox 242 1945 1810 2022">
    <p class='ocr_par' dir='ltr' id='par_1_36' title="bbox 242 1945 1810 2022">
     <span class='ocr_line' id='line_1_36' title="bbox 242 1945 1810 2022; baseline 0.008 -17"><span class='ocrx_word' id='word_1_249' title='bbox 242 1950 580 2022; x_wconf 79' lang='grc' dir='ltr'>Ἐκκλησίαν</span> <span class='ocrx_word' id='word_1_250' title='bbox 605 1949 794 2013; x_wconf 84' lang='grc' dir='ltr'>αὐτοῦ,</span> <span class='ocrx_word' id='word_1_251' title='bbox 821 1949 889 2018; x_wconf 82' lang='grc' dir='ltr'>ἢν</span> <span class='ocrx_word' id='word_1_252' title='bbox 909 1946 1070 2010; x_wconf 67' lang='grc' dir='ltr'>αὐτὸς</span> <span class='ocrx_word' id='word_1_253' title='bbox 1100 1945 1275 2016; x_wconf 68' lang='grc' dir='ltr'><strong>ἑαυτῷ</strong></span> <span class='ocrx_word' id='word_1_254' title='bbox 1303 1947 1703 2017; x_wconf 74' lang='grc' dir='ltr'>παρεστήσατον</span> <span class='ocrx_word' id='word_1_255' title='bbox 1734 1945 1810 2017; x_wconf 72' lang='grc' dir='ltr'><strong>μὴ</strong></span> 
     </span>
    </p>
   </div>
   <div class='ocr_carea' id='block_1_37' title="bbox 226 2035 1813 2115">
    <p class='ocr_par' dir='ltr' id='par_1_37' title="bbox 226 2035 1813 2115">
     <span class='ocr_line' id='line_1_37' title="bbox 226 2035 1813 2115; baseline -0.004 -19"><span class='ocrx_word' id='word_1_256' title='bbox 226 2042 469 2115; x_wconf 81' lang='grc' dir='ltr'>ἔχουσαν</span> <span class='ocrx_word' id='word_1_257' title='bbox 502 2042 688 2095; x_wconf 84' lang='grc' dir='ltr'>σπῖλον</span> <span class='ocrx_word' id='word_1_258' title='bbox 715 2040 748 2110; x_wconf 81' lang='grc' dir='ltr'>ἢ</span> <span class='ocrx_word' id='word_1_259' title='bbox 779 2037 983 2110; x_wconf 76' lang='grc' dir='ltr'>ῥυτίδα,</span> <span class='ocrx_word' id='word_1_260' title='bbox 1009 2038 1044 2108; x_wconf 75' lang='grc' dir='ltr'>ἦ</span> <span class='ocrx_word' id='word_1_261' title='bbox 1076 2054 1129 2091; x_wconf 90' lang='grc' dir='ltr'><strong>τι</strong></span> <span class='ocrx_word' id='word_1_262' title='bbox 1155 2037 1264 2091; x_wconf 87' lang='grc' dir='ltr'><strong>τῶν</strong></span> <span class='ocrx_word' id='word_1_263' title='bbox 1282 2035 1558 2090; x_wconf 87' lang='grc' dir='ltr'>τοιούτων.</span> <span class='ocrx_word' id='word_1_264' title='bbox 1595 2036 1654 2090; x_wconf 86' lang='lat'><strong>&#39;0</strong></span> <span class='ocrx_word' id='word_1_265' title='bbox 1681 2035 1813 2104; x_wconf 87' lang='grc' dir='ltr'>γοῦν</span> 
     </span>
    </p>
   </div>
   <div class='ocr_carea' id='block_1_38' title="bbox 227 2127 1812 2205">
    <p class='ocr_par' dir='ltr' id='par_1_38' title="bbox 227 2127 1812 2205">
     <span class='ocr_line' id='line_1_38' title="bbox 227 2127 1812 2205; baseline -0.006 -17"><span class='ocrx_word' id='word_1_266' title='bbox 227 2135 331 2188; x_wconf 75' lang='grc' dir='ltr'><strong>ἐπὶ</strong></span> <span class='ocrx_word' id='word_1_267' title='bbox 363 2133 463 2205; x_wconf 79' lang='grc' dir='ltr'>τὴν</span> <span class='ocrx_word' id='word_1_268' title='bbox 493 2133 697 2204; x_wconf 85' lang='grc' dir='ltr'>πέτραν</span> <span class='ocrx_word' id='word_1_269' title='bbox 721 2129 1094 2201; x_wconf 74' lang='grc' dir='ltr'>οἰκοδομήσειν</span> <span class='ocrx_word' id='word_1_270' title='bbox 1125 2127 1532 2200; x_wconf 80' lang='grc' dir='ltr'>ὲπηγγελμένος</span> <span class='ocrx_word' id='word_1_271' title='bbox 1547 2127 1649 2200; x_wconf 84' lang='grc' dir='ltr'>τὴν</span> <span class='ocrx_word' id='word_1_272' title='bbox 1688 2128 1812 2180; x_wconf 86' lang='grc' dir='ltr'>Ἐκ-</span> 
     </span>
    </p>
   </div>
   <div class='ocr_carea' id='block_1_39' title="bbox 230 2218 1809 2296">
    <p class='ocr_par' dir='ltr' id='par_1_39' title="bbox 230 2218 1809 2296">
     <span class='ocr_line' id='line_1_39' title="bbox 230 2218 1809 2296; baseline -0.005 -16"><span class='ocrx_word' id='word_1_273' title='bbox 230 2225 469 2296; x_wconf 81' lang='grc' dir='ltr'>κλησίαν</span> <span class='ocrx_word' id='word_1_274' title='bbox 491 2221 676 2288; x_wconf 83' lang='grc' dir='ltr'>αὑτοῦ,</span> <span class='ocrx_word' id='word_1_275' title='bbox 699 2221 774 2287; x_wconf 86' lang='grc' dir='ltr'>ὼς</span> <span class='ocrx_word' id='word_1_276' title='bbox 801 2222 875 2294; x_wconf 72' lang='grc' dir='ltr'>μὴ</span> <span class='ocrx_word' id='word_1_277' title='bbox 899 2220 1073 2285; x_wconf 83' lang='grc' dir='ltr'>πύλας</span> <span class='ocrx_word' id='word_1_278' title='bbox 1101 2219 1229 2293; x_wconf 65' lang='grc' dir='ltr'>ᾅδου</span> <span class='ocrx_word' id='word_1_279' title='bbox 1252 2218 1597 2289; x_wconf 87' lang='grc' dir='ltr'>κατισχύσειν</span> <span class='ocrx_word' id='word_1_280' title='bbox 1622 2219 1809 2290; x_wconf 83' lang='grc' dir='ltr'>αὐτῆς,</span> 
     </span>
    </p>
   </div>
   <div class='ocr_carea' id='block_1_40' title="bbox 229 2310 1811 2386">
    <p class='ocr_par' dir='ltr' id='par_1_40' title="bbox 229 2310 1811 2386">
     <span class='ocr_line' id='line_1_40' title="bbox 229 2310 1811 2386; baseline -0.007 -13"><span class='ocrx_word' id='word_1_281' title='bbox 229 2315 403 2378; x_wconf 75' lang='grc' dir='ltr'>αὐτὸς</span> <span class='ocrx_word' id='word_1_282' title='bbox 449 2314 620 2386; x_wconf 80' lang='grc' dir='ltr'>αὐτῆς</span> <span class='ocrx_word' id='word_1_283' title='bbox 664 2312 756 2366; x_wconf 73' lang='grc' dir='ltr'>καὶ</span> <span class='ocrx_word' id='word_1_284' title='bbox 808 2311 981 2382; x_wconf 80' lang='grc' dir='ltr'>φύλαξ</span> <span class='ocrx_word' id='word_1_285' title='bbox 1030 2312 1124 2366; x_wconf 70' lang='grc' dir='ltr'>καὶ</span> <span class='ocrx_word' id='word_1_286' title='bbox 1172 2311 1407 2383; x_wconf 78' lang='grc' dir='ltr'>φρουρὸς</span> <span class='ocrx_word' id='word_1_287' title='bbox 1447 2310 1622 2374; x_wconf 77' lang='grc' dir='ltr'>ἔσται,</span> <span class='ocrx_word' id='word_1_288' title='bbox 1655 2325 1811 2380; x_wconf 86' lang='grc' dir='ltr'>περι-</span> 
     </span>
    </p>
   </div>
   <div class='ocr_carea' id='block_1_41' title="bbox 231 2400 1812 2481">
    <p class='ocr_par' dir='ltr' id='par_1_41' title="bbox 231 2400 1812 2481">
     <span class='ocr_line' id='line_1_41' title="bbox 231 2400 1812 2481; baseline -0.006 -19"><span class='ocrx_word' id='word_1_289' title='bbox 231 2407 493 2481; x_wconf 75' lang='grc' dir='ltr'>φράττων</span> <span class='ocrx_word' id='word_1_290' title='bbox 514 2405 685 2477; x_wconf 80' lang='grc' dir='ltr'>αὐτὴν</span> <span class='ocrx_word' id='word_1_291' title='bbox 711 2405 806 2459; x_wconf 75' lang='grc' dir='ltr'><strong>καὶ</strong></span> <span class='ocrx_word' id='word_1_292' title='bbox 849 2403 1278 2474; x_wconf 78' lang='grc' dir='ltr'>ἀσφαλιζόμενος</span> <span class='ocrx_word' id='word_1_293' title='bbox 1296 2441 1311 2467; x_wconf 92' lang='grc'><strong>,</strong></span> <span class='ocrx_word' id='word_1_294' title='bbox 1341 2401 1478 2472; x_wconf 82' lang='grc' dir='ltr'>πρὸς</span> <span class='ocrx_word' id='word_1_295' title='bbox 1503 2401 1566 2455; x_wconf 76' lang='grc' dir='ltr'>τὸ</span> <span class='ocrx_word' id='word_1_296' title='bbox 1604 2400 1679 2472; x_wconf 83' lang='grc' dir='ltr'>μὴ</span> <span class='ocrx_word' id='word_1_297' title='bbox 1712 2400 1812 2465; x_wconf 79' lang='grc' dir='ltr'>τὰς</span> 
     </span>
    </p>
   </div>
   <div class='ocr_carea' id='block_1_42' title="bbox 230 2485 1812 2569">
    <p class='ocr_par' dir='ltr' id='par_1_42' title="bbox 230 2485 1812 2569">
     <span class='ocr_line' id='line_1_42' title="bbox 230 2485 1812 2569; baseline -0.006 -14"><span class='ocrx_word' id='word_1_298' title='bbox 230 2500 417 2563; x_wconf 81' lang='grc' dir='ltr'>πύλας</span> <span class='ocrx_word' id='word_1_299' title='bbox 446 2485 541 2552; x_wconf 80' lang='grc' dir='ltr'><strong>τοῦ</strong></span> <span class='ocrx_word' id='word_1_300' title='bbox 586 2497 713 2569; x_wconf 72' lang='grc' dir='ltr'>ᾅδου</span> <span class='ocrx_word' id='word_1_301' title='bbox 768 2495 1082 2566; x_wconf 87' lang='grc' dir='ltr'>κατισχύειν</span> <span class='ocrx_word' id='word_1_302' title='bbox 1110 2495 1300 2565; x_wconf 80' lang='grc' dir='ltr'>αὐτῆς.</span> <span class='ocrx_word' id='word_1_303' title='bbox 1353 2493 1445 2547; x_wconf 84' lang='grc' dir='ltr'>Διὸ</span> <span class='ocrx_word' id='word_1_304' title='bbox 1490 2495 1557 2566; x_wconf 75' lang='grc' dir='ltr'>τῇ</span> <span class='ocrx_word' id='word_1_305' title='bbox 1589 2491 1812 2564; x_wconf 82' lang='grc' dir='ltr'>τοιαύτῃ</span> 
     </span>
    </p>
   </div>
   <div class='ocr_carea' id='block_1_43' title="bbox 243 2584 1810 2662">
    <p class='ocr_par' dir='ltr' id='par_1_43' title="bbox 243 2584 1810 2662">
     <span class='ocr_line' id='line_1_43' title="bbox 243 2584 1810 2662; baseline -0.004 -15"><span class='ocrx_word' id='word_1_306' title='bbox 243 2591 582 2662; x_wconf 76' lang='grc' dir='ltr'>Ἐκκλησία,</span> <span class='ocrx_word' id='word_1_307' title='bbox 616 2590 711 2643; x_wconf 79' lang='grc' dir='ltr'>καὶ</span> <span class='ocrx_word' id='word_1_308' title='bbox 749 2587 826 2659; x_wconf 82' lang='grc' dir='ltr'>τῷ</span> <span class='ocrx_word' id='word_1_309' title='bbox 857 2587 1082 2659; x_wconf 86' lang='grc' dir='ltr'>τοιούτῳ</span> <span class='ocrx_word' id='word_1_310' title='bbox 1123 2587 1188 2658; x_wconf 80' lang='grc' dir='ltr'>δὴ</span> <span class='ocrx_word' id='word_1_311' title='bbox 1221 2584 1460 2658; x_wconf 81' lang='grc' dir='ltr'>Χριστοῦ</span> <span class='ocrx_word' id='word_1_312' title='bbox 1519 2585 1810 2658; x_wconf 90' lang='grc' dir='ltr'>μαρτύρων</span> 
     </span>
    </p>
   </div>
   <div class='ocr_carea' id='block_1_44' title="bbox 229 2677 1808 2758">
    <p class='ocr_par' dir='ltr' id='par_1_44' title="bbox 229 2677 1808 2758">
     <span class='ocr_line' id='line_1_44' title="bbox 229 2677 1808 2758; baseline -0.004 -20"><span class='ocrx_word' id='word_1_313' title='bbox 229 2683 419 2758; x_wconf 84' lang='grc' dir='ltr'>χορῷ,</span> <span class='ocrx_word' id='word_1_314' title='bbox 453 2681 532 2754; x_wconf 82' lang='grc' dir='ltr'>τῷ</span> <span class='ocrx_word' id='word_1_315' title='bbox 560 2679 842 2736; x_wconf 88' lang='grc' dir='ltr'>κατοικίαν</span> <span class='ocrx_word' id='word_1_316' title='bbox 879 2680 974 2750; x_wconf 83' lang='grc' dir='ltr'><strong>μὲν</strong></span> <span class='ocrx_word' id='word_1_317' title='bbox 1016 2677 1278 2750; x_wconf 83' lang='grc' dir='ltr'>μηδαμῶς</span> <span class='ocrx_word' id='word_1_318' title='bbox 1330 2677 1506 2748; x_wconf 74' lang='grc' dir='ltr'>ἔχοντι</span> <span class='ocrx_word' id='word_1_319' title='bbox 1557 2678 1650 2731; x_wconf 78' lang='grc' dir='ltr'>ἐπὶ</span> <span class='ocrx_word' id='word_1_320' title='bbox 1683 2679 1808 2749; x_wconf 84' lang='grc' dir='ltr'>γῆς,</span> 
     </span>
    </p>
   </div>
   <div class='ocr_carea' id='block_1_45' title="bbox 228 2767 1812 2846">
    <p class='ocr_par' dir='ltr' id='par_1_45' title="bbox 228 2767 1812 2846">
     <span class='ocr_line' id='line_1_45' title="bbox 228 2767 1812 2846; baseline -0.005 -15"><span class='ocrx_word' id='word_1_321' title='bbox 228 2773 523 2846; x_wconf 82' lang='grc' dir='ltr'>δυναμένῳ</span> <span class='ocrx_word' id='word_1_322' title='bbox 553 2772 610 2828; x_wconf 81' lang='grc' dir='ltr'>δὲ</span> <span class='ocrx_word' id='word_1_323' title='bbox 641 2772 842 2841; x_wconf 86' lang='grc' dir='ltr'>λέγειν,</span> <span class='ocrx_word' id='word_1_324' title='bbox 887 2768 1074 2840; x_wconf 79' lang='grc' dir='ltr'><strong>Ἡμῶν</strong></span> <span class='ocrx_word' id='word_1_325' title='bbox 1129 2767 1196 2824; x_wconf 79' lang='grc' dir='ltr'>δὲ</span> <span class='ocrx_word' id='word_1_326' title='bbox 1253 2768 1318 2823; x_wconf 79' lang='grc' dir='ltr'>τὸ</span> <span class='ocrx_word' id='word_1_327' title='bbox 1367 2769 1698 2839; x_wconf 78' lang='grc' dir='ltr'>πολίτευμα</span> <span class='ocrx_word' id='word_1_328' title='bbox 1743 2769 1812 2823; x_wconf 74' lang='grc' dir='ltr'><strong>ἐν</strong></span> 
     </span>
    </p>
   </div>
   <div class='ocr_carea' id='block_1_46' title="bbox 230 2859 1812 2936">
    <p class='ocr_par' dir='ltr' id='par_1_46' title="bbox 230 2859 1812 2936">
     <span class='ocr_line' id='line_1_46' title="bbox 230 2859 1812 2936; baseline -0.004 -15"><span class='ocrx_word' id='word_1_329' title='bbox 230 2862 518 2936; x_wconf 78' lang='grc' dir='ltr'>οὐρανοῖς</span> <span class='ocrx_word' id='word_1_330' title='bbox 566 2863 821 2932; x_wconf 77' lang='grc' dir='ltr'>ὑπάρχει</span> <span class='ocrx_word' id='word_1_331' title='bbox 840 2904 855 2928; x_wconf 92' lang='grc'><strong>,</strong></span> <span class='ocrx_word' id='word_1_332' title='bbox 899 2860 1248 2932; x_wconf 86' lang='grc' dir='ltr'>λεχθήσεται·</span> <span class='ocrx_word' id='word_1_333' title='bbox 1301 2860 1356 2913; x_wconf 87' lang='lat'><strong>&#39;0</strong></span> <span class='ocrx_word' id='word_1_334' title='bbox 1403 2860 1697 2915; x_wconf 74' lang='grc' dir='ltr'>κατοικῶν</span> <span class='ocrx_word' id='word_1_335' title='bbox 1741 2859 1812 2915; x_wconf 75' lang='grc' dir='ltr'><strong>ἐν</strong></span> 
     </span>
    </p>
   </div>
   <div class='ocr_carea' id='block_1_47' title="bbox 223 2951 1808 3028">
    <p class='ocr_par' dir='ltr' id='par_1_47' title="bbox 223 2951 1808 3028">
     <span class='ocr_line' id='line_1_47' title="bbox 223 2951 1808 3028; baseline -0.004 -15"><span class='ocrx_word' id='word_1_336' title='bbox 223 2957 488 3028; x_wconf 79' lang='grc' dir='ltr'>βοηθείᾳ</span> <span class='ocrx_word' id='word_1_337' title='bbox 518 2955 624 3011; x_wconf 85' lang='grc' dir='ltr'><strong>τοῦ</strong></span> <span class='ocrx_word' id='word_1_338' title='bbox 639 2955 942 3024; x_wconf 71' lang='grc' dir='ltr'>Ὑψίστου,</span> <span class='ocrx_word' id='word_1_339' title='bbox 967 2953 1244 3020; x_wconf 72' lang='grc' dir='ltr'>ἐνσκέπῃ</span> <span class='ocrx_word' id='word_1_340' title='bbox 1269 2951 1375 3006; x_wconf 82' lang='grc' dir='ltr'><strong>τοῦ</strong></span> <span class='ocrx_word' id='word_1_341' title='bbox 1405 2951 1553 3007; x_wconf 83' lang='grc' dir='ltr'>Θεοῦ</span> <span class='ocrx_word' id='word_1_342' title='bbox 1580 2951 1690 3008; x_wconf 83' lang='grc' dir='ltr'><strong>τοῦ</strong></span> <span class='ocrx_word' id='word_1_343' title='bbox 1706 2953 1808 3006; x_wconf 83' lang='grc' dir='ltr'><strong>οὐ·</strong></span> 
     </span>
    </p>
   </div>
   <div class='ocr_carea' id='block_1_48' title="bbox 224 3042 1809 3123">
    <p class='ocr_par' dir='ltr' id='par_1_48' title="bbox 224 3042 1809 3123">
     <span class='ocr_line' id='line_1_48' title="bbox 224 3042 1809 3123; baseline 0.018 -19"><span class='ocrx_word' id='word_1_344' title='bbox 224 3049 426 3123; x_wconf 79' lang='grc' dir='ltr'>ρανοῦ</span> <span class='ocrx_word' id='word_1_345' title='bbox 444 3048 896 3118; x_wconf 79' lang='grc' dir='ltr'>αὑλισθήσεται.</span> <span class='ocrx_word' id='word_1_346' title='bbox 913 3042 1268 3117; x_wconf 70' lang='grc' dir='ltr'><strong>Εἶτ’ὲρεῖμὲν</strong></span> <span class='ocrx_word' id='word_1_347' title='bbox 1298 3045 1462 3109; x_wconf 64' lang='grc' dir='ltr'><strong>αὐτὸς</strong></span> <span class='ocrx_word' id='word_1_348' title='bbox 1491 3043 1569 3116; x_wconf 71' lang='grc' dir='ltr'><strong>τῷ</strong></span> <span class='ocrx_word' id='word_1_349' title='bbox 1599 3045 1809 3118; x_wconf 63' lang='grc' dir='ltr'><strong>Κυρίῳν</strong></span> 
     </span>
    </p>
   </div>
   <div class='ocr_carea' id='block_1_49' title="bbox 229 3137 1810 3210">
    <p class='ocr_par' dir='ltr' id='par_1_49' title="bbox 229 3137 1810 3210">
     <span class='ocr_line' id='line_1_49' title="bbox 229 3137 1810 3210; baseline -0.004 -12"><span class='ocrx_word' id='word_1_350' title='bbox 229 3140 299 3199; x_wconf 73' lang='grc' dir='ltr'>οὗ</span> <span class='ocrx_word' id='word_1_351' title='bbox 331 3142 509 3197; x_wconf 79' lang='grc' dir='ltr'>εἵλατο</span> <span class='ocrx_word' id='word_1_352' title='bbox 554 3142 830 3196; x_wconf 85' lang='grc' dir='ltr'>κατοικεῖν</span> <span class='ocrx_word' id='word_1_353' title='bbox 867 3137 974 3192; x_wconf 80' lang='grc' dir='ltr'>ὑπὸ</span> <span class='ocrx_word' id='word_1_354' title='bbox 1003 3138 1102 3210; x_wconf 77' lang='grc' dir='ltr'>τὴν</span> <span class='ocrx_word' id='word_1_355' title='bbox 1133 3137 1342 3210; x_wconf 83' lang='grc' dir='ltr'>σκέπην</span> <span class='ocrx_word' id='word_1_356' title='bbox 1362 3153 1380 3169; x_wconf 76' lang='grc' dir='ltr'><strong>ο</strong></span> <span class='ocrx_word' id='word_1_357' title='bbox 1421 3137 1810 3207; x_wconf 74' lang='grc' dir='ltr'>Ἀντιλήπτωρ</span> 
     </span>
    </p>
   </div>
   <div class='ocr_carea' id='block_1_50' title="bbox 1915 1947 3491 2021">
    <p class='ocr_par' dir='ltr' id='par_1_50' title="bbox 1915 1947 3491 2021">
     <span class='ocr_line' id='line_1_50' title="bbox 1915 1947 3491 2021; baseline 0.004 -19"><span class='ocrx_word' id='word_1_358' title='bbox 1915 1947 2078 2018; x_wconf 78' lang='lat' dir='ltr'><strong>igitur</strong></span> <span class='ocrx_word' id='word_1_359' title='bbox 2099 1948 2399 2004; x_wconf 86' lang='lat' dir='ltr'><strong>Ecclesiam</strong></span> <span class='ocrx_word' id='word_1_360' title='bbox 2425 1965 2584 2006; x_wconf 89' lang='lat' dir='ltr'><strong>suam</strong></span> <span class='ocrx_word' id='word_1_361' title='bbox 2616 1966 2676 2006; x_wconf 88' lang='lat' dir='ltr'><strong>se</strong></span> <span class='ocrx_word' id='word_1_362' title='bbox 2698 1965 2863 2020; x_wconf 89' lang='lat' dir='ltr'><strong>supra</strong></span> <span class='ocrx_word' id='word_1_363' title='bbox 2889 1959 3098 2021; x_wconf 86' lang='lat' dir='ltr'><strong>petram</strong></span> <span class='ocrx_word' id='word_1_364' title='bbox 3133 1952 3491 2009; x_wconf 85' lang='lat' dir='ltr'><strong>fundaturum</strong></span> 
     </span>
    </p>
   </div>
   <div class='ocr_carea' id='block_1_51' title="bbox 1911 2040 3489 2113">
    <p class='ocr_par' dir='ltr' id='par_1_51' title="bbox 1911 2040 3489 2113">
     <span class='ocr_line' id='line_1_51' title="bbox 1911 2040 3489 2113; baseline 0.001 -16"><span class='ocrx_word' id='word_1_365' title='bbox 1911 2055 2036 2097; x_wconf 85' lang='lat' dir='ltr'><strong>esse</strong></span> <span class='ocrx_word' id='word_1_366' title='bbox 2064 2040 2345 2112; x_wconf 84' lang='lat' dir='ltr'><strong>pollicitus</strong></span> <span class='ocrx_word' id='word_1_367' title='bbox 2380 2049 2501 2108; x_wconf 90' lang='lat' dir='ltr'><strong>est;</strong></span> <span class='ocrx_word' id='word_1_368' title='bbox 2541 2041 2614 2096; x_wconf 89' lang='lat' dir='ltr'><strong>ita</strong></span> <span class='ocrx_word' id='word_1_369' title='bbox 2658 2049 2715 2095; x_wconf 90' lang='lat' dir='ltr'><strong>ut</strong></span> <span class='ocrx_word' id='word_1_370' title='bbox 2763 2049 2935 2111; x_wconf 72' lang='lat' dir='ltr'><strong>porta:</strong></span> <span class='ocrx_word' id='word_1_371' title='bbox 2992 2041 3154 2100; x_wconf 83' lang='lat' dir='ltr'><strong>inferi</strong></span> <span class='ocrx_word' id='word_1_372' title='bbox 3207 2059 3489 2113; x_wconf 86' lang='lat' dir='ltr'><strong>nunquam</strong></span> 
     </span>
    </p>
   </div>
   <div class='ocr_carea' id='block_1_52' title="bbox 1911 2132 3494 2204">
    <p class='ocr_par' dir='ltr' id='par_1_52' title="bbox 1911 2132 3494 2204">
     <span class='ocr_line' id='line_1_52' title="bbox 1911 2132 3494 2204; baseline 0.003 -16"><span class='ocrx_word' id='word_1_373' title='bbox 1911 2135 2238 2204; x_wconf 67' lang='lat' dir='ltr'><strong>praavaleant</strong></span> <span class='ocrx_word' id='word_1_374' title='bbox 2281 2132 2546 2190; x_wconf 87' lang='lat' dir='ltr'><strong>adversus</strong></span> <span class='ocrx_word' id='word_1_375' title='bbox 2585 2148 2726 2197; x_wconf 89' lang='lat' dir='ltr'><strong>eam,</strong></span> <span class='ocrx_word' id='word_1_376' title='bbox 2764 2133 2912 2190; x_wconf 88' lang='lat' dir='ltr'><strong>illius</strong></span> <span class='ocrx_word' id='word_1_377' title='bbox 2964 2133 3082 2204; x_wconf 82' lang='lat' dir='ltr'><strong>ipse</strong></span> <span class='ocrx_word' id='word_1_378' title='bbox 3109 2142 3165 2190; x_wconf 90' lang='lat' dir='ltr'><strong>et</strong></span> <span class='ocrx_word' id='word_1_379' title='bbox 3210 2143 3402 2192; x_wconf 88' lang='lat' dir='ltr'><strong>custos</strong></span> <span class='ocrx_word' id='word_1_380' title='bbox 3437 2144 3494 2192; x_wconf 86' lang='lat' dir='ltr'><strong>et</strong></span> 
     </span>
    </p>
   </div>
   <div class='ocr_carea' id='block_1_53' title="bbox 1911 2226 3486 2297">
    <p class='ocr_par' dir='ltr' id='par_1_53' title="bbox 1911 2226 3486 2297">
     <span class='ocr_line' id='line_1_53' title="bbox 1911 2226 3486 2297; baseline 0.003 -16"><span class='ocrx_word' id='word_1_381' title='bbox 1911 2226 2288 2296; x_wconf 73' lang='lat' dir='ltr'><strong>praesidiarius</strong></span> <span class='ocrx_word' id='word_1_382' title='bbox 2313 2227 2441 2292; x_wconf 88' lang='lat' dir='ltr'><strong>erit,</strong></span> <span class='ocrx_word' id='word_1_383' title='bbox 2472 2226 2647 2297; x_wconf 87' lang='lat' dir='ltr'><strong>ipsam</strong></span> <span class='ocrx_word' id='word_1_384' title='bbox 2672 2226 3138 2284; x_wconf 86' lang='lat' dir='ltr'><strong>circummuniens</strong></span> <span class='ocrx_word' id='word_1_385' title='bbox 3167 2235 3223 2284; x_wconf 88' lang='lat' dir='ltr'><strong>et</strong></span> <span class='ocrx_word' id='word_1_386' title='bbox 3254 2230 3486 2295; x_wconf 88' lang='lat' dir='ltr'><strong>vallans,</strong></span> 
     </span>
    </p>
   </div>
   <div class='ocr_carea' id='block_1_54' title="bbox 1912 2318 3493 2390">
    <p class='ocr_par' dir='ltr' id='par_1_54' title="bbox 1912 2318 3493 2390">
     <span class='ocr_line' id='line_1_54' title="bbox 1912 2318 3493 2390; baseline 0.004 -17"><span class='ocrx_word' id='word_1_387' title='bbox 1912 2335 1982 2374; x_wconf 89' lang='lat' dir='ltr'><strong>ne</strong></span> <span class='ocrx_word' id='word_1_388' title='bbox 2013 2328 2180 2390; x_wconf 71' lang='lat' dir='ltr'><strong>porta:</strong></span> <span class='ocrx_word' id='word_1_389' title='bbox 2210 2318 2370 2374; x_wconf 83' lang='lat' dir='ltr'><strong>inferi</strong></span> <span class='ocrx_word' id='word_1_390' title='bbox 2392 2318 2722 2390; x_wconf 82' lang='lat' dir='ltr'><strong>praevaleant</strong></span> <span class='ocrx_word' id='word_1_391' title='bbox 2755 2319 3019 2376; x_wconf 88' lang='lat' dir='ltr'><strong>adversus</strong></span> <span class='ocrx_word' id='word_1_392' title='bbox 3044 2337 3185 2377; x_wconf 88' lang='lat' dir='ltr'><strong>eam.</strong></span> <span class='ocrx_word' id='word_1_393' title='bbox 3217 2321 3493 2388; x_wconf 85' lang='lat' dir='ltr'><strong>Quamob-</strong></span> 
     </span>
    </p>
   </div>
   <div class='ocr_carea' id='block_1_55' title="bbox 1910 2408 3492 2484">
    <p class='ocr_par' dir='ltr' id='par_1_55' title="bbox 1910 2408 3492 2484">
     <span class='ocr_line' id='line_1_55' title="bbox 1910 2408 3492 2484; baseline 0.005 -20"><span class='ocrx_word' id='word_1_394' title='bbox 1910 2425 2025 2466; x_wconf 87' lang='lat' dir='ltr'><strong>rem</strong></span> <span class='ocrx_word' id='word_1_395' title='bbox 2093 2411 2410 2480; x_wconf 84' lang='lat' dir='ltr'><strong>bujusmodi</strong></span> <span class='ocrx_word' id='word_1_396' title='bbox 2462 2408 2751 2479; x_wconf 83' lang='lat' dir='ltr'><strong>Ecclesiae,</strong></span> <span class='ocrx_word' id='word_1_397' title='bbox 2808 2422 2862 2468; x_wconf 89' lang='lat' dir='ltr'><strong>et</strong></span> <span class='ocrx_word' id='word_1_398' title='bbox 2914 2412 3232 2484; x_wconf 88' lang='lat' dir='ltr'><strong>hujusmodi</strong></span> <span class='ocrx_word' id='word_1_399' title='bbox 3285 2414 3492 2472; x_wconf 86' lang='lat' dir='ltr'><strong>Christi</strong></span> 
     </span>
    </p>
   </div>
   <div class='ocr_carea' id='block_1_56' title="bbox 1910 2501 3492 2575">
    <p class='ocr_par' dir='ltr' id='par_1_56' title="bbox 1910 2501 3492 2575">
     <span class='ocr_line' id='line_1_56' title="bbox 1910 2501 3492 2575; baseline 0.004 -21"><span class='ocrx_word' id='word_1_400' title='bbox 1910 2508 2214 2573; x_wconf 86' lang='lat' dir='ltr'><strong>martyrum</strong></span> <span class='ocrx_word' id='word_1_401' title='bbox 2248 2501 2437 2567; x_wconf 90' lang='lat' dir='ltr'><strong>choro,</strong></span> <span class='ocrx_word' id='word_1_402' title='bbox 2487 2503 2584 2574; x_wconf 90' lang='lat' dir='ltr'><strong>qui</strong></span> <span class='ocrx_word' id='word_1_403' title='bbox 2632 2503 3006 2560; x_wconf 86' lang='lat' dir='ltr'><strong>habitaculum</strong></span> <span class='ocrx_word' id='word_1_404' title='bbox 3039 2505 3262 2575; x_wconf 87' lang='lat' dir='ltr'><strong>quidem</strong></span> <span class='ocrx_word' id='word_1_405' title='bbox 3313 2507 3492 2562; x_wconf 89' lang='lat' dir='ltr'><strong>nulla-</strong></span> 
     </span>
    </p>
   </div>
   <div class='ocr_carea' id='block_1_57' title="bbox 1910 2597 3491 2669">
    <p class='ocr_par' dir='ltr' id='par_1_57' title="bbox 1910 2597 3491 2669">
     <span class='ocr_line' id='line_1_57' title="bbox 1910 2597 3491 2669; baseline 0.004 -20"><span class='ocrx_word' id='word_1_406' title='bbox 1910 2603 2074 2652; x_wconf 88' lang='lat' dir='ltr'><strong>tenus</strong></span> <span class='ocrx_word' id='word_1_407' title='bbox 2101 2597 2159 2651; x_wconf 90' lang='lat' dir='ltr'><strong>in</strong></span> <span class='ocrx_word' id='word_1_408' title='bbox 2189 2603 2336 2652; x_wconf 89' lang='lat' dir='ltr'><strong>terra</strong></span> <span class='ocrx_word' id='word_1_409' title='bbox 2370 2597 2575 2664; x_wconf 88' lang='lat' dir='ltr'><strong>habet,</strong></span> <span class='ocrx_word' id='word_1_410' title='bbox 2607 2599 2702 2654; x_wconf 91' lang='lat' dir='ltr'><strong>sed</strong></span> <span class='ocrx_word' id='word_1_411' title='bbox 2737 2598 2853 2654; x_wconf 76' lang='lat' dir='ltr'><strong>haec</strong></span> <span class='ocrx_word' id='word_1_412' title='bbox 2907 2598 3012 2654; x_wconf 86' lang='lat' dir='ltr'><strong>fari</strong></span> <span class='ocrx_word' id='word_1_413' title='bbox 3057 2607 3254 2669; x_wconf 88' lang='lat' dir='ltr'><strong>potest,</strong></span> <span class='ocrx_word' id='word_1_414' title='bbox 3287 2599 3491 2656; x_wconf 80' lang='lat' dir='ltr'><strong>Nostra</strong></span> 
     </span>
    </p>
   </div>
   <div class='ocr_carea' id='block_1_58' title="bbox 1912 2691 3491 2758">
    <p class='ocr_par' dir='ltr' id='par_1_58' title="bbox 1912 2691 3491 2758">
     <span class='ocr_line' id='line_1_58' title="bbox 1912 2691 3491 2758; baseline 0.003 -16"><span class='ocrx_word' id='word_1_415' title='bbox 1912 2698 2089 2744; x_wconf 87' lang='lat' dir='ltr'><strong>autem</strong></span> <span class='ocrx_word' id='word_1_416' title='bbox 2117 2691 2442 2744; x_wconf 80' lang='lat' dir='ltr'><strong>conversatio</strong></span> <span class='ocrx_word' id='word_1_417' title='bbox 2467 2691 2522 2744; x_wconf 84' lang='lat' dir='ltr'><strong>iu</strong></span> <span class='ocrx_word' id='word_1_418' title='bbox 2543 2691 2686 2746; x_wconf 75' lang='lat' dir='ltr'><strong>cmlis</strong></span> <span class='ocrx_word' id='word_1_419' title='bbox 2708 2700 2783 2745; x_wconf 85' lang='lat' dir='ltr'><strong>est</strong></span> <span class='ocrx_word' id='word_1_420' title='bbox 2807 2691 2872 2756; x_wconf 75' lang='grc'><strong>³⁸,</strong></span> <span class='ocrx_word' id='word_1_421' title='bbox 2895 2691 3130 2755; x_wconf 85' lang='lat' dir='ltr'><strong>dicetur,</strong></span> <span class='ocrx_word' id='word_1_422' title='bbox 3164 2691 3268 2758; x_wconf 84' lang='lat' dir='ltr'><strong>Qui</strong></span> <span class='ocrx_word' id='word_1_423' title='bbox 3286 2691 3491 2747; x_wconf 77' lang='lat' dir='ltr'><strong>habitat</strong></span> 
     </span>
    </p>
   </div>
   <div class='ocr_carea' id='block_1_59' title="bbox 1908 2779 3493 2852">
    <p class='ocr_par' dir='ltr' id='par_1_59' title="bbox 1908 2779 3493 2852">
     <span class='ocr_line' id='line_1_59' title="bbox 1908 2779 3493 2852; baseline 0.004 -20"><span class='ocrx_word' id='word_1_424' title='bbox 1908 2780 1964 2832; x_wconf 83' lang='lat' dir='ltr'><strong>in</strong></span> <span class='ocrx_word' id='word_1_425' title='bbox 1987 2779 2253 2849; x_wconf 88' lang='lat' dir='ltr'><strong>adjutorio</strong></span> <span class='ocrx_word' id='word_1_426' title='bbox 2294 2779 2579 2846; x_wconf 78' lang='lat' dir='ltr'><strong>Altissimi,</strong></span> <span class='ocrx_word' id='word_1_427' title='bbox 2603 2782 2659 2835; x_wconf 87' lang='lat' dir='ltr'><strong>in</strong></span> <span class='ocrx_word' id='word_1_428' title='bbox 2691 2791 2984 2852; x_wconf 86' lang='lat' dir='ltr'><strong>tegumenta</strong></span> <span class='ocrx_word' id='word_1_429' title='bbox 3006 2781 3104 2837; x_wconf 89' lang='lat' dir='ltr'><strong>Dei</strong></span> <span class='ocrx_word' id='word_1_430' title='bbox 3133 2783 3246 2837; x_wconf 73' lang='lat' dir='ltr'><strong>caeli</strong></span> <span class='ocrx_word' id='word_1_431' title='bbox 3268 2799 3493 2838; x_wconf 88' lang='lat' dir='ltr'><strong>commo-</strong></span> 
     </span>
    </p>
   </div>
   <div class='ocr_carea' id='block_1_60' title="bbox 1909 2869 3492 2942">
    <p class='ocr_par' dir='ltr' id='par_1_60' title="bbox 1909 2869 3492 2942">
     <span class='ocr_line' id='line_1_60' title="bbox 1909 2869 3492 2942; baseline 0.002 -19"><span class='ocrx_word' id='word_1_432' title='bbox 1909 2869 2137 2925; x_wconf 77' lang='lat' dir='ltr'><strong>rabitur.</strong></span> <span class='ocrx_word' id='word_1_433' title='bbox 2168 2869 2375 2926; x_wconf 88' lang='lat' dir='ltr'><strong>Deinde</strong></span> <span class='ocrx_word' id='word_1_434' title='bbox 2407 2870 2554 2925; x_wconf 87' lang='lat' dir='ltr'><strong>dicet</strong></span> <span class='ocrx_word' id='word_1_435' title='bbox 2588 2869 2808 2942; x_wconf 90' lang='lat' dir='ltr'><strong>quidem</strong></span> <span class='ocrx_word' id='word_1_436' title='bbox 2837 2871 2954 2942; x_wconf 89' lang='lat' dir='ltr'><strong>ipse</strong></span> <span class='ocrx_word' id='word_1_437' title='bbox 2982 2870 3235 2935; x_wconf 86' lang='lat' dir='ltr'><strong>Domino,</strong></span> <span class='ocrx_word' id='word_1_438' title='bbox 3269 2871 3374 2926; x_wconf 88' lang='lat' dir='ltr'><strong>sub</strong></span> <span class='ocrx_word' id='word_1_439' title='bbox 3394 2885 3492 2926; x_wconf 81' lang='lat' dir='ltr'><strong>cu-</strong></span> 
     </span>
    </p>
   </div>
   <div class='ocr_carea' id='block_1_61' title="bbox 1905 2959 3490 3034">
    <p class='ocr_par' dir='ltr' id='par_1_61' title="bbox 1905 2959 3490 3034">
     <span class='ocr_line' id='line_1_61' title="bbox 1905 2959 3490 3034; baseline 0.003 -20"><span class='ocrx_word' id='word_1_440' title='bbox 1905 2959 2000 3030; x_wconf 82' lang='lat' dir='ltr'><strong>jus</strong></span> <span class='ocrx_word' id='word_1_441' title='bbox 2035 2969 2347 3033; x_wconf 82' lang='lat' dir='ltr'><strong>legumento</strong></span> <span class='ocrx_word' id='word_1_442' title='bbox 2400 2960 2646 3017; x_wconf 86' lang='lat' dir='ltr'><strong>habitare</strong></span> <span class='ocrx_word' id='word_1_443' title='bbox 2678 2962 2975 3033; x_wconf 85' lang='lat' dir='ltr'><strong>cooptavit,</strong></span> <span class='ocrx_word' id='word_1_444' title='bbox 3017 2961 3302 3034; x_wconf 82' lang='lat' dir='ltr'><strong>Susceptor</strong></span> <span class='ocrx_word' id='word_1_445' title='bbox 3344 2978 3490 3018; x_wconf 80' lang='lat' dir='ltr'><strong>meus</strong></span> 
     </span>
    </p>
   </div>
   <div class='ocr_carea' id='block_1_62' title="bbox 1907 3051 3488 3125">
    <p class='ocr_par' dir='ltr' id='par_1_62' title="bbox 1907 3051 3488 3125">
     <span class='ocr_line' id='line_1_62' title="bbox 1907 3051 3488 3125; baseline 0.003 -18"><span class='ocrx_word' id='word_1_446' title='bbox 1907 3069 1964 3107; x_wconf 83' lang='lat' dir='ltr'><strong>es</strong></span> <span class='ocrx_word' id='word_1_447' title='bbox 2007 3063 2057 3108; x_wconf 91' lang='lat' dir='ltr'><strong>et</strong></span> <span class='ocrx_word' id='word_1_448' title='bbox 2082 3053 2342 3123; x_wconf 79' lang='lat' dir='ltr'><strong>refugium</strong></span> <span class='ocrx_word' id='word_1_449' title='bbox 2371 3069 2564 3119; x_wconf 85' lang='lat' dir='ltr'><strong>meum,</strong></span> <span class='ocrx_word' id='word_1_450' title='bbox 2596 3051 2737 3107; x_wconf 88' lang='lat' dir='ltr'><strong>Deus</strong></span> <span class='ocrx_word' id='word_1_451' title='bbox 2765 3071 2929 3121; x_wconf 86' lang='lat' dir='ltr'><strong>meus,</strong></span> <span class='ocrx_word' id='word_1_452' title='bbox 2952 3062 3002 3108; x_wconf 89' lang='lat' dir='ltr'><strong>et</strong></span> <span class='ocrx_word' id='word_1_453' title='bbox 3024 3054 3244 3125; x_wconf 77' lang='lat' dir='ltr'><strong>sperabo</strong></span> <span class='ocrx_word' id='word_1_454' title='bbox 3273 3056 3327 3109; x_wconf 77' lang='lat' dir='ltr'><strong>in</strong></span> <span class='ocrx_word' id='word_1_455' title='bbox 3347 3071 3488 3112; x_wconf 88' lang='lat' dir='ltr'><strong>eum.</strong></span> 
     </span>
    </p>
   </div>
   <div class='ocr_carea' id='block_1_63' title="bbox 1913 3143 3491 3210">
    <p class='ocr_par' dir='ltr' id='par_1_63' title="bbox 1913 3143 3491 3210">
     <span class='ocr_line' id='line_1_63' title="bbox 1913 3143 3491 3210; baseline 0.003 -12"><span class='ocrx_word' id='word_1_456' title='bbox 1913 3143 2047 3200; x_wconf 86' lang='lat' dir='ltr'><strong>Cum</strong></span> <span class='ocrx_word' id='word_1_457' title='bbox 2077 3152 2258 3200; x_wconf 90' lang='lat' dir='ltr'><strong>autem</strong></span> <span class='ocrx_word' id='word_1_458' title='bbox 2316 3144 2480 3199; x_wconf 88' lang='lat' dir='ltr'><strong>talem</strong></span> <span class='ocrx_word' id='word_1_459' title='bbox 2531 3143 2814 3201; x_wconf 87' lang='lat' dir='ltr'><strong>custodem</strong></span> <span class='ocrx_word' id='word_1_460' title='bbox 2866 3152 3063 3202; x_wconf 84' lang='lat' dir='ltr'><strong>nactus</strong></span> <span class='ocrx_word' id='word_1_461' title='bbox 3097 3146 3189 3210; x_wconf 84' lang='lat' dir='ltr'><strong>sit,</strong></span> <span class='ocrx_word' id='word_1_462' title='bbox 3237 3154 3292 3202; x_wconf 87' lang='lat' dir='ltr'><strong>et</strong></span> <span class='ocrx_word' id='word_1_463' title='bbox 3327 3146 3491 3202; x_wconf 87' lang='lat' dir='ltr'><strong>talem</strong></span> 
     </span>
    </p>
   </div>
   <div class='ocr_carea' id='block_1_64' title="bbox 227 3216 1812 3309">
    <p class='ocr_par' dir='ltr' id='par_1_64' title="bbox 227 3231 1809 3309">
     <span class='ocr_line' id='line_1_64' title="bbox 227 3231 1809 3309; baseline -0.004 -19"><span class='ocrx_word' id='word_1_464' title='bbox 227 3253 355 3309; x_wconf 87' lang='grc' dir='ltr'><strong>μου</strong></span> <span class='ocrx_word' id='word_1_465' title='bbox 385 3231 446 3288; x_wconf 79' lang='grc' dir='ltr'>ετ</span> <span class='ocrx_word' id='word_1_466' title='bbox 467 3235 565 3288; x_wconf 81' lang='grc' dir='ltr'>καὶ</span> <span class='ocrx_word' id='word_1_467' title='bbox 589 3232 902 3302; x_wconf 67' lang='grc' dir='ltr'>καταφυγή</span> <span class='ocrx_word' id='word_1_468' title='bbox 926 3249 1066 3302; x_wconf 82' lang='grc' dir='ltr'>μου,</span> <span class='ocrx_word' id='word_1_469' title='bbox 1093 3233 1126 3285; x_wconf 85' lang='grc' dir='ltr'><em>ὀ</em></span> <span class='ocrx_word' id='word_1_470' title='bbox 1155 3231 1299 3296; x_wconf 85' lang='grc' dir='ltr'>Θεός</span> <span class='ocrx_word' id='word_1_471' title='bbox 1320 3248 1462 3300; x_wconf 83' lang='grc' dir='ltr'>μου,</span> <span class='ocrx_word' id='word_1_472' title='bbox 1497 3231 1598 3285; x_wconf 77' lang='grc' dir='ltr'>καὶ</span> <span class='ocrx_word' id='word_1_473' title='bbox 1623 3231 1809 3287; x_wconf 77' lang='grc' dir='ltr'>ὲλπιῶ</span> 
     </span>
    </p>
   </div>
   <div class='ocr_carea' id='block_1_65' title="bbox 1913 3216 3491 3309">
    <p class='ocr_par' dir='ltr' id='par_1_65' title="bbox 1914 3233 3491 3306">
     <span class='ocr_line' id='line_1_65' title="bbox 1914 3233 3491 3306; baseline 0.001 -17"><span class='ocrx_word' id='word_1_474' title='bbox 1914 3235 2018 3290; x_wconf 83' lang='lat' dir='ltr'><strong>sibi</strong></span> <span class='ocrx_word' id='word_1_475' title='bbox 2051 3242 2384 3290; x_wconf 86' lang='lat' dir='ltr'><strong>servatorem</strong></span> <span class='ocrx_word' id='word_1_476' title='bbox 2427 3243 2483 3290; x_wconf 89' lang='lat' dir='ltr'><strong>et</strong></span> <span class='ocrx_word' id='word_1_477' title='bbox 2524 3233 2826 3304; x_wconf 86' lang='lat' dir='ltr'><strong>adjutorem</strong></span> <span class='ocrx_word' id='word_1_478' title='bbox 2853 3235 3194 3306; x_wconf 86' lang='lat' dir='ltr'><strong>ascripserit,</strong></span> <span class='ocrx_word' id='word_1_479' title='bbox 3235 3235 3380 3291; x_wconf 89' lang='lat' dir='ltr'><strong>dicet</strong></span> <span class='ocrx_word' id='word_1_480' title='bbox 3410 3236 3491 3291; x_wconf 92' lang='lat' dir='ltr'><strong>illi</strong></span> 
     </span>
    </p>
   </div>
   <div class='ocr_carea' id='block_1_66' title="bbox 229 3322 1812 3400">
    <p class='ocr_par' dir='ltr' id='par_1_66' title="bbox 229 3322 1809 3396">
     <span class='ocr_line' id='line_1_66' title="bbox 229 3322 1809 3396; baseline -0.004 -13"><span class='ocrx_word' id='word_1_481' title='bbox 229 3327 332 3383; x_wconf 80' lang='grc' dir='ltr'><strong>ἐπ’</strong></span> <span class='ocrx_word' id='word_1_482' title='bbox 360 3326 566 3380; x_wconf 80' lang='grc' dir='ltr'>αὐτόν.</span> <span class='ocrx_word' id='word_1_483' title='bbox 593 3323 936 3396; x_wconf 87' lang='grc' dir='ltr'>Κτησαμένῳ</span> <span class='ocrx_word' id='word_1_484' title='bbox 961 3323 1018 3378; x_wconf 82' lang='grc' dir='ltr'><strong>δὲ</strong></span> <span class='ocrx_word' id='word_1_485' title='bbox 1046 3322 1194 3395; x_wconf 79' lang='grc' dir='ltr'>αὐτῷ</span> <span class='ocrx_word' id='word_1_486' title='bbox 1213 3322 1452 3377; x_wconf 86' lang='grc' dir='ltr'>τοιοῦτον</span> <span class='ocrx_word' id='word_1_487' title='bbox 1478 3322 1694 3393; x_wconf 86' lang='grc' dir='ltr'>φύλακα</span> <span class='ocrx_word' id='word_1_488' title='bbox 1715 3325 1809 3377; x_wconf 74' lang='grc' dir='ltr'><strong>καὶ</strong></span> 
     </span>
    </p>
   </div>
   <div class='ocr_carea' id='block_1_67' title="bbox 1913 3322 3488 3400">
    <p class='ocr_par' dir='ltr' id='par_1_67' title="bbox 1915 3327 3488 3400">
     <span class='ocr_line' id='line_1_67' title="bbox 1915 3327 3488 3400; baseline 0.002 -18"><span class='ocrx_word' id='word_1_489' title='bbox 1915 3327 2156 3398; x_wconf 85' lang='lat' dir='ltr'><strong>Spiritus</strong></span> <span class='ocrx_word' id='word_1_490' title='bbox 2185 3327 2425 3393; x_wconf 89' lang='lat' dir='ltr'><strong>divinus,</strong></span> <span class='ocrx_word' id='word_1_491' title='bbox 2456 3327 2719 3398; x_wconf 87' lang='lat' dir='ltr'><strong>optimam</strong></span> <span class='ocrx_word' id='word_1_492' title='bbox 2774 3327 2953 3398; x_wconf 90' lang='lat' dir='ltr'><strong>ipsum</strong></span> <span class='ocrx_word' id='word_1_493' title='bbox 2987 3328 3292 3400; x_wconf 90' lang='lat' dir='ltr'><strong>portionem</strong></span> <span class='ocrx_word' id='word_1_494' title='bbox 3359 3327 3488 3385; x_wconf 86' lang='lat' dir='ltr'><strong>ade—</strong></span> 
     </span>
    </p>
   </div>
   <div class='ocr_carea' id='block_1_68' title="bbox 230 3415 1812 3493">
    <p class='ocr_par' dir='ltr' id='par_1_68' title="bbox 230 3415 1808 3488">
     <span class='ocr_line' id='line_1_68' title="bbox 230 3415 1808 3488; baseline -0.003 -14"><span class='ocrx_word' id='word_1_495' title='bbox 230 3417 478 3474; x_wconf 85' lang='grc' dir='ltr'>τοιοῦτον</span> <span class='ocrx_word' id='word_1_496' title='bbox 527 3417 747 3488; x_wconf 83' lang='grc' dir='ltr'>σωτῆρα</span> <span class='ocrx_word' id='word_1_497' title='bbox 793 3417 888 3472; x_wconf 76' lang='grc' dir='ltr'>καὶ</span> <span class='ocrx_word' id='word_1_498' title='bbox 925 3416 1115 3488; x_wconf 86' lang='grc' dir='ltr'>βοηθὸν</span> <span class='ocrx_word' id='word_1_499' title='bbox 1145 3415 1580 3488; x_wconf 73' lang='grc' dir='ltr'>ἐπιγραψαμένῳ</span> <span class='ocrx_word' id='word_1_500' title='bbox 1613 3416 1808 3488; x_wconf 84' lang='grc' dir='ltr'>λεχθή-</span> 
     </span>
    </p>
   </div>
   <div class='ocr_carea' id='block_1_69' title="bbox 1913 3415 3492 3493">
    <p class='ocr_par' dir='ltr' id='par_1_69' title="bbox 1913 3421 3492 3493">
     <span class='ocr_line' id='line_1_69' title="bbox 1913 3421 3492 3493; baseline 0 -16"><span class='ocrx_word' id='word_1_501' title='bbox 1913 3431 2067 3493; x_wconf 87' lang='lat' dir='ltr'><strong>ptum</strong></span> <span class='ocrx_word' id='word_1_502' title='bbox 2103 3436 2246 3487; x_wconf 87' lang='lat' dir='ltr'><strong>esse,</strong></span> <span class='ocrx_word' id='word_1_503' title='bbox 2276 3435 2495 3475; x_wconf 89' lang='lat' dir='ltr'><strong>murum</strong></span> <span class='ocrx_word' id='word_1_504' title='bbox 2515 3421 2908 3490; x_wconf 85' lang='lat' dir='ltr'><strong>ﬁrmissimum,</strong></span> <span class='ocrx_word' id='word_1_505' title='bbox 2927 3421 3344 3492; x_wconf 74' lang='lat' dir='ltr'><strong>inexpugnabile</strong></span> <span class='ocrx_word' id='word_1_506' title='bbox 3365 3437 3492 3477; x_wconf 87' lang='lat' dir='ltr'><strong>scu-</strong></span> 
     </span>
    </p>
   </div>
   <div class='ocr_carea' id='block_1_70' title="bbox 232 3509 1812 3583">
    <p class='ocr_par' dir='ltr' id='par_1_70' title="bbox 232 3509 1808 3581">
     <span class='ocr_line' id='line_1_70' title="bbox 232 3509 1808 3581; baseline -0.003 -14"><span class='ocrx_word' id='word_1_507' title='bbox 232 3530 389 3567; x_wconf 91' lang='grc' dir='ltr'>σεται</span> <span class='ocrx_word' id='word_1_508' title='bbox 419 3511 524 3564; x_wconf 70' lang='grc' dir='ltr'>ὑπὸ</span> <span class='ocrx_word' id='word_1_509' title='bbox 549 3509 644 3564; x_wconf 90' lang='grc' dir='ltr'><strong>τοῦ</strong></span> <span class='ocrx_word' id='word_1_510' title='bbox 682 3509 828 3564; x_wconf 84' lang='grc' dir='ltr'>θείου</span> <span class='ocrx_word' id='word_1_511' title='bbox 877 3509 1214 3581; x_wconf 84' lang='grc' dir='ltr'>Πνεύματος,</span> <span class='ocrx_word' id='word_1_512' title='bbox 1249 3510 1325 3573; x_wconf 82' lang='grc' dir='ltr'>ὡς</span> <span class='ocrx_word' id='word_1_513' title='bbox 1361 3509 1469 3580; x_wconf 81' lang='grc' dir='ltr'>ἄρα</span> <span class='ocrx_word' id='word_1_514' title='bbox 1499 3509 1586 3581; x_wconf 77' lang='grc' dir='ltr'><strong>εἴη</strong></span> <span class='ocrx_word' id='word_1_515' title='bbox 1640 3509 1808 3580; x_wconf 74' lang='grc' dir='ltr'>καλὴν</span> 
     </span>
    </p>
   </div>
   <div class='ocr_carea' id='block_1_71' title="bbox 1913 3509 3487 3583">
    <p class='ocr_par' dir='ltr' id='par_1_71' title="bbox 1915 3510 3487 3583">
     <span class='ocr_line' id='line_1_71' title="bbox 1915 3510 3487 3583; baseline 0.001 -17"><span class='ocrx_word' id='word_1_516' title='bbox 1915 3521 2054 3576; x_wconf 90' lang='lat' dir='ltr'><strong>tum,</strong></span> <span class='ocrx_word' id='word_1_517' title='bbox 2082 3511 2292 3567; x_wconf 89' lang='lat' dir='ltr'><strong>scilicet</strong></span> <span class='ocrx_word' id='word_1_518' title='bbox 2323 3510 2610 3567; x_wconf 89' lang='lat' dir='ltr'><strong>Dominum</strong></span> <span class='ocrx_word' id='word_1_519' title='bbox 2651 3527 2833 3568; x_wconf 88' lang='lat' dir='ltr'><strong>suum.</strong></span> <span class='ocrx_word' id='word_1_520' title='bbox 2867 3511 3024 3568; x_wconf 82' lang='lat' dir='ltr'><strong>Hunc</strong></span> <span class='ocrx_word' id='word_1_521' title='bbox 3044 3512 3244 3583; x_wconf 89' lang='lat' dir='ltr'><strong>quippe</strong></span> <span class='ocrx_word' id='word_1_522' title='bbox 3269 3519 3487 3577; x_wconf 87' lang='lat' dir='ltr'><strong>nactus,</strong></span> 
     </span>
    </p>
   </div>
   <div class='ocr_carea' id='block_1_72' title="bbox 231 3595 1812 3674">
    <p class='ocr_par' dir='ltr' id='par_1_72' title="bbox 231 3595 1810 3674">
     <span class='ocr_line' id='line_1_72' title="bbox 231 3595 1810 3674; baseline -0.001 -18"><span class='ocrx_word' id='word_1_523' title='bbox 231 3601 540 3674; x_wconf 78' lang='grc' dir='ltr'>εὑράμενος</span> <span class='ocrx_word' id='word_1_524' title='bbox 577 3595 756 3670; x_wconf 84' lang='grc' dir='ltr'>έαυτῷ</span> <span class='ocrx_word' id='word_1_525' title='bbox 792 3597 986 3670; x_wconf 76' lang='grc' dir='ltr'>μερίδα</span> <span class='ocrx_word' id='word_1_526' title='bbox 1017 3599 1112 3653; x_wconf 76' lang='grc' dir='ltr'><strong>καὶ</strong></span> <span class='ocrx_word' id='word_1_527' title='bbox 1165 3600 1342 3668; x_wconf 88' lang='grc' dir='ltr'>τεῖχος</span> <span class='ocrx_word' id='word_1_528' title='bbox 1389 3597 1613 3669; x_wconf 81' lang='grc' dir='ltr'>ὀχυρὸν,</span> <span class='ocrx_word' id='word_1_529' title='bbox 1645 3599 1810 3655; x_wconf 80' lang='grc' dir='ltr'>ὅπλον</span> 
     </span>
    </p>
   </div>
   <div class='ocr_carea' id='block_1_73' title="bbox 1913 3595 3488 3674">
    <p class='ocr_par' dir='ltr' id='par_1_73' title="bbox 1913 3602 3488 3674">
     <span class='ocr_line' id='line_1_73' title="bbox 1913 3602 3488 3674; baseline -0.001 -14"><span class='ocrx_word' id='word_1_530' title='bbox 1913 3605 1968 3660; x_wconf 91' lang='lat' dir='ltr'><strong>in</strong></span> <span class='ocrx_word' id='word_1_531' title='bbox 1999 3611 2117 3659; x_wconf 87' lang='lat' dir='ltr'><strong>tuto</strong></span> <span class='ocrx_word' id='word_1_532' title='bbox 2144 3612 2201 3660; x_wconf 90' lang='lat' dir='ltr'><strong>et</strong></span> <span class='ocrx_word' id='word_1_533' title='bbox 2223 3605 2342 3659; x_wconf 87' lang='lat' dir='ltr'><strong>sine</strong></span> <span class='ocrx_word' id='word_1_534' title='bbox 2381 3603 2750 3660; x_wconf 88' lang='lat' dir='ltr'><strong>sollicitudine</strong></span> <span class='ocrx_word' id='word_1_535' title='bbox 2780 3602 2959 3674; x_wconf 83' lang='lat' dir='ltr'><strong>deget,</strong></span> <span class='ocrx_word' id='word_1_536' title='bbox 2991 3609 3180 3673; x_wconf 84' lang='lat' dir='ltr'><strong>utpote</strong></span> <span class='ocrx_word' id='word_1_537' title='bbox 3207 3603 3299 3674; x_wconf 90' lang='lat' dir='ltr'><strong>qui</strong></span> <span class='ocrx_word' id='word_1_538' title='bbox 3330 3603 3488 3658; x_wconf 88' lang='lat' dir='ltr'><strong>habi-</strong></span> 
     </span>
    </p>
   </div>
   <div class='ocr_carea' id='block_1_74' title="bbox 230 3690 1809 3766">
    <p class='ocr_par' dir='ltr' id='par_1_74' title="bbox 230 3690 1809 3766">
     <span class='ocr_line' id='line_1_74' title="bbox 230 3690 1809 3766; baseline -0.003 -17"><span class='ocrx_word' id='word_1_539' title='bbox 230 3713 296 3749; x_wconf 89' lang='grc' dir='ltr'><strong>τε</strong></span> <span class='ocrx_word' id='word_1_540' title='bbox 327 3695 539 3766; x_wconf 81' lang='grc' dir='ltr'>ἄμαχον</span> <span class='ocrx_word' id='word_1_541' title='bbox 565 3693 656 3747; x_wconf 79' lang='grc' dir='ltr'><strong>τὸν</strong></span> <span class='ocrx_word' id='word_1_542' title='bbox 695 3691 888 3753; x_wconf 80' lang='grc' dir='ltr'>ἑαυτοῦ</span> <span class='ocrx_word' id='word_1_543' title='bbox 938 3692 1164 3764; x_wconf 81' lang='grc' dir='ltr'>Κύρων.</span> <span class='ocrx_word' id='word_1_544' title='bbox 1197 3691 1398 3746; x_wconf 85' lang='grc' dir='ltr'>Τοῦτον</span> <span class='ocrx_word' id='word_1_545' title='bbox 1427 3692 1537 3763; x_wconf 83' lang='grc' dir='ltr'>γὰρ</span> <span class='ocrx_word' id='word_1_546' title='bbox 1574 3690 1712 3761; x_wconf 75' lang='grc' dir='ltr'>ἔχων</span> <span class='ocrx_word' id='word_1_547' title='bbox 1749 3691 1809 3744; x_wconf 79' lang='grc' dir='ltr'><strong>έν</strong></span> 
     </span>
    </p>
   </div>
   <div class='ocr_carea' id='block_1_75' title="bbox 232 3782 1808 3857">
    <p class='ocr_par' dir='ltr' id='par_1_75' title="bbox 232 3782 1808 3857">
     <span class='ocr_line' id='line_1_75' title="bbox 232 3782 1808 3857; baseline -0.003 -17"><span class='ocrx_word' id='word_1_548' title='bbox 232 3784 473 3854; x_wconf 81' lang='grc' dir='ltr'>ἀσφαλεῖ</span> <span class='ocrx_word' id='word_1_549' title='bbox 516 3784 610 3838; x_wconf 78' lang='grc' dir='ltr'><strong>καὶ</strong></span> <span class='ocrx_word' id='word_1_550' title='bbox 656 3785 976 3857; x_wconf 85' lang='grc' dir='ltr'>ἀμερίμνως</span> <span class='ocrx_word' id='word_1_551' title='bbox 1022 3783 1252 3854; x_wconf 84' lang='grc' dir='ltr'>οἰκήσει,</span> <span class='ocrx_word' id='word_1_552' title='bbox 1295 3782 1390 3837; x_wconf 81' lang='grc' dir='ltr'>ἆτε</span> <span class='ocrx_word' id='word_1_553' title='bbox 1435 3782 1702 3838; x_wconf 85' lang='grc' dir='ltr'>κατοικῶν</span> <span class='ocrx_word' id='word_1_554' title='bbox 1751 3784 1808 3843; x_wconf 81' lang='grc' dir='ltr'><strong>έν</strong></span> 
     </span>
    </p>
   </div>
   <div class='ocr_carea' id='block_1_76' title="bbox 1911 3694 3489 3767">
    <p class='ocr_par' dir='ltr' id='par_1_76' title="bbox 1911 3694 3489 3767">
     <span class='ocr_line' id='line_1_76' title="bbox 1911 3694 3489 3767; baseline 0 -15"><span class='ocrx_word' id='word_1_555' title='bbox 1911 3702 1988 3752; x_wconf 89' lang='lat' dir='ltr'><strong>tet</strong></span> <span class='ocrx_word' id='word_1_556' title='bbox 2033 3695 2090 3750; x_wconf 87' lang='lat' dir='ltr'><strong>in</strong></span> <span class='ocrx_word' id='word_1_557' title='bbox 2129 3694 2403 3765; x_wconf 73' lang='lat' dir='ltr'><strong>adiutorio</strong></span> <span class='ocrx_word' id='word_1_558' title='bbox 2453 3694 2741 3761; x_wconf 82' lang='lat' dir='ltr'><strong>Altissimi,</strong></span> <span class='ocrx_word' id='word_1_559' title='bbox 2770 3704 2826 3752; x_wconf 92' lang='lat' dir='ltr'><strong>et</strong></span> <span class='ocrx_word' id='word_1_560' title='bbox 2865 3695 2922 3751; x_wconf 89' lang='lat' dir='ltr'><strong>in</strong></span> <span class='ocrx_word' id='word_1_561' title='bbox 2963 3702 3278 3767; x_wconf 86' lang='lat' dir='ltr'><strong>tegumento</strong></span> <span class='ocrx_word' id='word_1_562' title='bbox 3333 3695 3489 3752; x_wconf 83' lang='lat' dir='ltr'><strong>fortis</strong></span> 
     </span>
    </p>
   </div>
   <div class='ocr_carea' id='block_1_77' title="bbox 1910 3790 2297 3840">
    <p class='ocr_par' dir='ltr' id='par_1_77' title="bbox 1910 3790 2297 3840">
     <span class='ocr_line' id='line_1_77' title="bbox 1910 3790 2297 3840; baseline 0 0"><span class='ocrx_word' id='word_1_563' title='bbox 1910 3790 2297 3840; x_wconf 87' lang='lat' dir='ltr'><strong>commoretur.</strong></span> 
     </span>
    </p>
   </div>
   <div class='ocr_carea' id='block_1_78' title="bbox 235 3875 2151 3957">
    <p class='ocr_par' dir='ltr' id='par_1_78' title="bbox 235 3875 2151 3957">
     <span class='ocr_line' id='line_1_78' title="bbox 235 3875 2151 3957; baseline 0.001 -24"><span class='ocrx_word' id='word_1_564' title='bbox 235 3878 461 3957; x_wconf 80' lang='grc' dir='ltr'>βοηθείᾳ</span> <span class='ocrx_word' id='word_1_565' title='bbox 483 3876 576 3935; x_wconf 88' lang='grc' dir='ltr'><strong>τοῦ</strong></span> <span class='ocrx_word' id='word_1_566' title='bbox 633 3877 903 3948; x_wconf 79' lang='grc' dir='ltr'>Ὑψίστου,</span> <span class='ocrx_word' id='word_1_567' title='bbox 962 3878 1058 3931; x_wconf 76' lang='grc' dir='ltr'>καὶ</span> <span class='ocrx_word' id='word_1_568' title='bbox 1089 3878 1149 3936; x_wconf 69' lang='grc' dir='ltr'><strong>έν</strong></span> <span class='ocrx_word' id='word_1_569' title='bbox 1187 3875 1364 3951; x_wconf 77' lang='grc' dir='ltr'>σκέπῃ</span> <span class='ocrx_word' id='word_1_570' title='bbox 1407 3875 1498 3930; x_wconf 85' lang='grc' dir='ltr'><strong>τοῦ</strong></span> <span class='ocrx_word' id='word_1_571' title='bbox 1557 3875 1742 3931; x_wconf 78' lang='grc' dir='ltr'>ἱκανοῦ</span> <span class='ocrx_word' id='word_1_572' title='bbox 1785 3875 2151 3950; x_wconf 81' lang='grc' dir='ltr'>αὐλιζόμενος.</span> 
     </span>
    </p>
   </div>
   <div class='ocr_carea' id='block_1_79' title="bbox 311 3970 1808 4047">
    <p class='ocr_par' dir='ltr' id='par_1_79' title="bbox 311 3970 1808 4047">
     <span class='ocr_line' id='line_1_79' title="bbox 311 3970 1808 4047; baseline -0.001 -19"><span class='ocrx_word' id='word_1_573' title='bbox 311 3975 376 4029; x_wconf 78' lang='lat' dir='ltr'><strong>Ei</strong></span> <span class='ocrx_word' id='word_1_574' title='bbox 409 3973 538 4043; x_wconf 82' lang='grc' dir='ltr'>γοῦν</span> <span class='ocrx_word' id='word_1_575' title='bbox 567 3989 717 4036; x_wconf 84' lang='grc' dir='ltr'>ποτε,</span> <span class='ocrx_word' id='word_1_576' title='bbox 756 3975 938 4047; x_wconf 77' lang='grc' dir='ltr'>φησὶν,</span> <span class='ocrx_word' id='word_1_577' title='bbox 979 3974 1027 4031; x_wconf 79' lang='grc' dir='ltr'><strong>οἱ</strong></span> <span class='ocrx_word' id='word_1_578' title='bbox 1067 3971 1177 4028; x_wconf 82' lang='grc' dir='ltr'><strong>τῶν</strong></span> <span class='ocrx_word' id='word_1_579' title='bbox 1221 3971 1573 4045; x_wconf 83' lang='grc' dir='ltr'>ἀνθρωπείων</span> <span class='ocrx_word' id='word_1_580' title='bbox 1623 3970 1808 4044; x_wconf 82' lang='grc' dir='ltr'>ψυχῶν</span> 
     </span>
    </p>
   </div>
   <div class='ocr_carea' id='block_1_80' title="bbox 235 4063 1812 4138">
    <p class='ocr_par' dir='ltr' id='par_1_80' title="bbox 235 4063 1812 4138">
     <span class='ocr_line' id='line_1_80' title="bbox 235 4063 1812 4138; baseline -0.001 -16"><span class='ocrx_word' id='word_1_581' title='bbox 235 4066 502 4138; x_wconf 77' lang='grc' dir='ltr'>θηρευταὶ</span> <span class='ocrx_word' id='word_1_582' title='bbox 523 4105 538 4130; x_wconf 92' lang='grc'><strong>,</strong></span> <span class='ocrx_word' id='word_1_583' title='bbox 573 4065 796 4134; x_wconf 81' lang='grc' dir='ltr'>ἀφανεῖς</span> <span class='ocrx_word' id='word_1_584' title='bbox 843 4066 936 4121; x_wconf 74' lang='grc' dir='ltr'><strong>καὶ</strong></span> <span class='ocrx_word' id='word_1_585' title='bbox 987 4064 1206 4138; x_wconf 83' lang='grc' dir='ltr'>ἀόρατοι</span> <span class='ocrx_word' id='word_1_586' title='bbox 1254 4063 1510 4135; x_wconf 82' lang='grc' dir='ltr'>δυνάμεις</span> <span class='ocrx_word' id='word_1_587' title='bbox 1557 4064 1698 4119; x_wconf 83' lang='grc' dir='ltr'>κατὰ</span> <span class='ocrx_word' id='word_1_588' title='bbox 1748 4065 1812 4120; x_wconf 82' lang='grc' dir='ltr'><strong>τὸ</strong></span> 
     </span>
    </p>
   </div>
   <div class='ocr_carea' id='block_1_81' title="bbox 238 4154 1807 4228">
    <p class='ocr_par' dir='ltr' id='par_1_81' title="bbox 238 4154 1807 4228">
     <span class='ocr_line' id='line_1_81' title="bbox 238 4154 1807 4228; baseline -0.001 -19"><span class='ocrx_word' id='word_1_589' title='bbox 238 4154 474 4226; x_wconf 89' lang='grc' dir='ltr'>σύνηθες</span> <span class='ocrx_word' id='word_1_590' title='bbox 522 4155 705 4218; x_wconf 79' lang='grc' dir='ltr'>αὐτοῖς</span> <span class='ocrx_word' id='word_1_591' title='bbox 759 4155 992 4223; x_wconf 78' lang='grc' dir='ltr'>παγίδας</span> <span class='ocrx_word' id='word_1_592' title='bbox 1050 4154 1321 4228; x_wconf 84' lang='grc' dir='ltr'>λαθραίως</span> <span class='ocrx_word' id='word_1_593' title='bbox 1372 4154 1807 4225; x_wconf 76' lang='grc' dir='ltr'>έγκρύπτοντες,</span> 
     </span>
    </p>
   </div>
   <div class='ocr_carea' id='block_1_82' title="bbox 239 4245 1811 4321">
    <p class='ocr_par' dir='ltr' id='par_1_82' title="bbox 239 4245 1811 4321">
     <span class='ocr_line' id='line_1_82' title="bbox 239 4245 1811 4321; baseline 0.003 -21"><span class='ocrx_word' id='word_1_594' title='bbox 239 4245 639 4319; x_wconf 86' lang='grc' dir='ltr'>προϐάλλεσθαι</span> <span class='ocrx_word' id='word_1_595' title='bbox 669 4246 810 4301; x_wconf 87' lang='grc' dir='ltr'><strong>κατά</strong></span> <span class='ocrx_word' id='word_1_596' title='bbox 845 4246 938 4302; x_wconf 86' lang='grc' dir='ltr'><strong>σοῦ</strong></span> <span class='ocrx_word' id='word_1_597' title='bbox 960 4248 1246 4321; x_wconf 79' lang='grc' dir='ltr'>πειρῷντο,</span> <span class='ocrx_word' id='word_1_598' title='bbox 1273 4246 1423 4302; x_wconf 83' lang='grc' dir='ltr'>οὐδὲν</span> <span class='ocrx_word' id='word_1_599' title='bbox 1455 4249 1637 4312; x_wconf 86' lang='grc' dir='ltr'>αὐτοῖς</span> <span class='ocrx_word' id='word_1_600' title='bbox 1659 4247 1811 4304; x_wconf 76' lang='grc' dir='ltr'>ἔσται</span> 
     </span>
    </p>
   </div>
   <div class='ocr_carea' id='block_1_83' title="bbox 240 4338 1813 4413">
    <p class='ocr_par' dir='ltr' id='par_1_83' title="bbox 240 4338 1813 4413">
     <span class='ocr_line' id='line_1_83' title="bbox 240 4338 1813 4413; baseline 0.001 -21"><span class='ocrx_word' id='word_1_601' title='bbox 240 4338 432 4392; x_wconf 87' lang='grc' dir='ltr'>πλέον·</span> <span class='ocrx_word' id='word_1_602' title='bbox 463 4339 546 4392; x_wconf 82' lang='grc' dir='ltr'><strong>ὅτι</strong></span> <span class='ocrx_word' id='word_1_603' title='bbox 592 4338 754 4403; x_wconf 81' lang='grc' dir='ltr'>αὐτὸς</span> <span class='ocrx_word' id='word_1_604' title='bbox 785 4339 987 4410; x_wconf 85' lang='grc' dir='ltr'>Κύριος</span> <span class='ocrx_word' id='word_1_605' title='bbox 1017 4339 1236 4410; x_wconf 75' lang='grc' dir='ltr'>ῥύσεταί</span> <span class='ocrx_word' id='word_1_606' title='bbox 1270 4357 1330 4393; x_wconf 92' lang='grc' dir='ltr'><strong>σε</strong></span> <span class='ocrx_word' id='word_1_607' title='bbox 1365 4340 1430 4394; x_wconf 82' lang='grc' dir='ltr'>ὲκ</span> <span class='ocrx_word' id='word_1_608' title='bbox 1459 4339 1683 4409; x_wconf 76' lang='grc' dir='ltr'>παγίδος</span> <span class='ocrx_word' id='word_1_609' title='bbox 1716 4339 1813 4413; x_wconf 84' lang='grc' dir='ltr'>θη-</span> 
     </span>
    </p>
   </div>
   <div class='ocr_carea' id='block_1_84' title="bbox 243 4431 1808 4504">
    <p class='ocr_par' dir='ltr' id='par_1_84' title="bbox 243 4431 1808 4504">
     <span class='ocr_line' id='line_1_84' title="bbox 243 4431 1808 4504; baseline 0.001 -17"><span class='ocrx_word' id='word_1_610' title='bbox 243 4431 469 4504; x_wconf 85' lang='grc' dir='ltr'>ρευτῶν,</span> <span class='ocrx_word' id='word_1_611' title='bbox 506 4432 568 4488; x_wconf 87' lang='grc' dir='ltr'><strong><em>Ἠ</em></strong></span> <span class='ocrx_word' id='word_1_612' title='bbox 599 4431 779 4501; x_wconf 73' lang='grc' dir='ltr'>παγίς</span> <span class='ocrx_word' id='word_1_613' title='bbox 808 4432 1146 4500; x_wconf 78' lang='grc' dir='ltr'>συνετρίϐη,</span> <span class='ocrx_word' id='word_1_614' title='bbox 1190 4431 1291 4486; x_wconf 79' lang='grc' dir='ltr'>καὶ</span> <span class='ocrx_word' id='word_1_615' title='bbox 1319 4433 1490 4502; x_wconf 75' lang='grc' dir='ltr'>ἡμεῖς</span> <span class='ocrx_word' id='word_1_616' title='bbox 1515 4434 1808 4502; x_wconf 56' lang='lat' dir='ltr'><strong>sepuben-</strong></span> 
     </span>
    </p>
   </div>
   <div class='ocr_carea' id='block_1_85' title="bbox 236 4519 1809 4594">
    <p class='ocr_par' dir='ltr' id='par_1_85' title="bbox 236 4519 1809 4594">
     <span class='ocr_line' id='line_1_85' title="bbox 236 4519 1809 4594; baseline -0.001 -18"><span class='ocrx_word' id='word_1_617' title='bbox 236 4541 370 4594; x_wconf 80' lang='grc' dir='ltr'>μεν.</span> <span class='ocrx_word' id='word_1_618' title='bbox 405 4523 466 4576; x_wconf 87' lang='grc' dir='ltr'><strong>Εἰ</strong></span> <span class='ocrx_word' id='word_1_619' title='bbox 493 4522 552 4578; x_wconf 84' lang='grc' dir='ltr'>δὲ</span> <span class='ocrx_word' id='word_1_620' title='bbox 600 4521 694 4577; x_wconf 71' lang='grc' dir='ltr'><strong>καὶ</strong></span> <span class='ocrx_word' id='word_1_621' title='bbox 731 4521 910 4592; x_wconf 84' lang='grc' dir='ltr'>λόγοις</span> <span class='ocrx_word' id='word_1_622' title='bbox 952 4519 1197 4591; x_wconf 88' lang='grc' dir='ltr'>θορυϐεῖν</span> <span class='ocrx_word' id='word_1_623' title='bbox 1240 4522 1564 4592; x_wconf 75' lang='grc' dir='ltr'>ἐπιχειροῖεν</span> <span class='ocrx_word' id='word_1_624' title='bbox 1639 4521 1809 4586; x_wconf 78' lang='grc' dir='ltr'>ἱέντες</span> 
     </span>
    </p>
   </div>
   <div class='ocr_carea' id='block_1_86' title="bbox 239 4611 1808 4687">
    <p class='ocr_par' dir='ltr' id='par_1_86' title="bbox 239 4611 1808 4687">
     <span class='ocr_line' id='line_1_86' title="bbox 239 4611 1808 4687; baseline -0.002 -16"><span class='ocrx_word' id='word_1_625' title='bbox 239 4617 450 4672; x_wconf 79' lang='grc' dir='ltr'>ἑαυτῶν</span> <span class='ocrx_word' id='word_1_626' title='bbox 469 4616 560 4670; x_wconf 81' lang='grc' dir='ltr'><strong>τὸν</strong></span> <span class='ocrx_word' id='word_1_627' title='bbox 581 4617 680 4686; x_wconf 81' lang='grc' dir='ltr'><strong>τῆς</strong></span> <span class='ocrx_word' id='word_1_628' title='bbox 701 4613 952 4677; x_wconf 86' lang='grc' dir='ltr'>ἀσεϐείας</span> <span class='ocrx_word' id='word_1_629' title='bbox 981 4613 1057 4668; x_wconf 78' lang='grc' dir='ltr'>ἰὸν</span> <span class='ocrx_word' id='word_1_630' title='bbox 1077 4611 1164 4665; x_wconf 89' lang='grc' dir='ltr'><strong>διά</strong></span> <span class='ocrx_word' id='word_1_631' title='bbox 1184 4615 1284 4683; x_wconf 85' lang='grc' dir='ltr'><strong>τῆς</strong></span> <span class='ocrx_word' id='word_1_632' title='bbox 1308 4612 1513 4668; x_wconf 75' lang='grc' dir='ltr'>ἑαυτῶν</span> <span class='ocrx_word' id='word_1_633' title='bbox 1537 4612 1808 4687; x_wconf 86' lang='grc' dir='ltr'>γλώσσης,</span> 
     </span>
    </p>
   </div>
   <div class='ocr_carea' id='block_1_87' title="bbox 238 4704 1812 4776">
    <p class='ocr_par' dir='ltr' id='par_1_87' title="bbox 238 4704 1812 4776">
     <span class='ocr_line' id='line_1_87' title="bbox 238 4704 1812 4776; baseline -0.003 -12"><span class='ocrx_word' id='word_1_634' title='bbox 238 4710 374 4766; x_wconf 85' lang='grc' dir='ltr'>ἀλλὰ</span> <span class='ocrx_word' id='word_1_635' title='bbox 410 4710 502 4764; x_wconf 74' lang='grc' dir='ltr'>καὶ</span> <span class='ocrx_word' id='word_1_636' title='bbox 535 4707 739 4762; x_wconf 87' lang='grc' dir='ltr'>τούτων</span> <span class='ocrx_word' id='word_1_637' title='bbox 785 4704 963 4762; x_wconf 82' lang='grc' dir='ltr'>αὐτῶν</span> <span class='ocrx_word' id='word_1_638' title='bbox 1004 4705 1216 4774; x_wconf 65' lang='grc' dir='ltr'>πάλινδὸ</span> <span class='ocrx_word' id='word_1_639' title='bbox 1253 4704 1454 4776; x_wconf 84' lang='grc' dir='ltr'>Κύριος</span> <span class='ocrx_word' id='word_1_640' title='bbox 1482 4705 1692 4776; x_wconf 84' lang='grc' dir='ltr'>ἀϐλαϐῆ</span> <span class='ocrx_word' id='word_1_641' title='bbox 1720 4705 1812 4760; x_wconf 83' lang='grc' dir='ltr'><strong>τὸν</strong></span> 
     </span>
    </p>
   </div>
   <div class='ocr_carea' id='block_1_88' title="bbox 239 4795 1813 4875">
    <p class='ocr_par' dir='ltr' id='par_1_88' title="bbox 239 4795 1813 4875">
     <span class='ocr_line' id='line_1_88' title="bbox 239 4795 1813 4875; baseline -0.003 -19"><span class='ocrx_word' id='word_1_642' title='bbox 239 4802 433 4856; x_wconf 77' lang='grc' dir='ltr'>ἑαυτοῦ</span> <span class='ocrx_word' id='word_1_643' title='bbox 452 4801 732 4875; x_wconf 74' lang='grc' dir='ltr'>ἄνθρωπον</span> <span class='ocrx_word' id='word_1_644' title='bbox 755 4798 1126 4869; x_wconf 81' lang='grc' dir='ltr'>φυλάξει.⁹’1να</span> <span class='ocrx_word' id='word_1_645' title='bbox 1153 4795 1229 4869; x_wconf 81' lang='grc' dir='ltr'>μὴ</span> <span class='ocrx_word' id='word_1_646' title='bbox 1260 4797 1289 4850; x_wconf 89' lang='grc' dir='ltr'>ὁ</span> <span class='ocrx_word' id='word_1_647' title='bbox 1320 4798 1558 4870; x_wconf 73' lang='grc' dir='ltr'>φλογμὸς</span> <span class='ocrx_word' id='word_1_648' title='bbox 1585 4797 1681 4852; x_wconf 87' lang='grc' dir='ltr'><strong>τοῦ</strong></span> <span class='ocrx_word' id='word_1_649' title='bbox 1704 4797 1813 4852; x_wconf 92' lang='grc' dir='ltr'><strong>τῶν</strong></span> 
     </span>
    </p>
   </div>
   <div class='ocr_carea' id='block_1_89' title="bbox 237 4887 1812 4966">
    <p class='ocr_par' dir='ltr' id='par_1_89' title="bbox 237 4887 1812 4966">
     <span class='ocr_line' id='line_1_89' title="bbox 237 4887 1812 4966; baseline -0.003 -19"><span class='ocrx_word' id='word_1_650' title='bbox 237 4893 538 4966; x_wconf 86' lang='grc' dir='ltr'>ἀνθρώπων</span> <span class='ocrx_word' id='word_1_651' title='bbox 561 4892 676 4963; x_wconf 87' lang='grc' dir='ltr'>βίου</span> <span class='ocrx_word' id='word_1_652' title='bbox 710 4890 805 4944; x_wconf 74' lang='grc' dir='ltr'><strong>καὶ</strong></span> <span class='ocrx_word' id='word_1_653' title='bbox 834 4891 864 4943; x_wconf 83' lang='grc' dir='ltr'>ὁ</span> <span class='ocrx_word' id='word_1_654' title='bbox 887 4890 986 4960; x_wconf 85' lang='grc' dir='ltr'>τῆς</span> <span class='ocrx_word' id='word_1_655' title='bbox 1003 4888 1200 4952; x_wconf 83' lang='grc' dir='ltr'>κακίας</span> <span class='ocrx_word' id='word_1_656' title='bbox 1240 4887 1480 4954; x_wconf 87' lang='grc' dir='ltr'>καύσων,</span> <span class='ocrx_word' id='word_1_657' title='bbox 1508 4890 1602 4942; x_wconf 72' lang='grc' dir='ltr'><strong>ἐπὶ</strong></span> <span class='ocrx_word' id='word_1_658' title='bbox 1628 4889 1812 4948; x_wconf 84' lang='grc' dir='ltr'>πλεῖον</span> 
     </span>
    </p>
   </div>
   <div class='ocr_carea' id='block_1_90' title="bbox 237 4979 1813 5057">
    <p class='ocr_par' dir='ltr' id='par_1_90' title="bbox 237 4979 1813 5057">
     <span class='ocr_line' id='line_1_90' title="bbox 237 4979 1813 5057; baseline -0.003 -19"><span class='ocrx_word' id='word_1_659' title='bbox 237 4985 562 5049; x_wconf 70' lang='grc' dir='ltr'>ἐκκαυθεὶς,</span> <span class='ocrx_word' id='word_1_660' title='bbox 602 4984 776 5057; x_wconf 76' lang='grc' dir='ltr'>ἐξάψῃ</span> <span class='ocrx_word' id='word_1_661' title='bbox 804 4983 871 5038; x_wconf 89' lang='grc' dir='ltr'><strong>τά</strong></span> <span class='ocrx_word' id='word_1_662' title='bbox 917 4983 1062 5038; x_wconf 84' lang='grc' dir='ltr'><strong>κακά</strong></span> <span class='ocrx_word' id='word_1_663' title='bbox 1102 4981 1242 5036; x_wconf 85' lang='grc' dir='ltr'>κατὰ</span> <span class='ocrx_word' id='word_1_664' title='bbox 1277 4980 1372 5042; x_wconf 80' lang='grc' dir='ltr'><strong>τοῦ</strong></span> <span class='ocrx_word' id='word_1_665' title='bbox 1415 4981 1510 5051; x_wconf 85' lang='grc' dir='ltr'><strong>τῆς</strong></span> <span class='ocrx_word' id='word_1_666' title='bbox 1535 4979 1813 5043; x_wconf 85' lang='grc' dir='ltr'>εὐσεϐείας</span> 
     </span>
    </p>
   </div>
   <div class='ocr_carea' id='block_1_91' title="bbox 237 5073 1812 5150">
    <p class='ocr_par' dir='ltr' id='par_1_91' title="bbox 237 5073 1812 5150">
     <span class='ocr_line' id='line_1_91' title="bbox 237 5073 1812 5150; baseline -0.005 -15"><span class='ocrx_word' id='word_1_667' title='bbox 237 5079 492 5150; x_wconf 84' lang='grc' dir='ltr'>ἀθλητοῦ,</span> <span class='ocrx_word' id='word_1_668' title='bbox 508 5078 750 5143; x_wconf 83' lang='grc' dir='ltr'>θεσπίζει</span> <span class='ocrx_word' id='word_1_669' title='bbox 766 5077 987 5147; x_wconf 83' lang='grc' dir='ltr'>φάσκων</span> <span class='ocrx_word' id='word_1_670' title='bbox 1015 5078 1040 5131; x_wconf 83' lang='grc' dir='ltr'>ὁ</span> <span class='ocrx_word' id='word_1_671' title='bbox 1065 5074 1222 5145; x_wconf 86' lang='grc' dir='ltr'>λόγος</span> <span class='ocrx_word' id='word_1_672' title='bbox 1257 5073 1404 5144; x_wconf 80' lang='grc' dir='ltr'>αὐτῷ</span> <span class='ocrx_word' id='word_1_673' title='bbox 1419 5091 1432 5105; x_wconf 89' lang='grc'><strong>·</strong></span> <span class='ocrx_word' id='word_1_674' title='bbox 1452 5075 1546 5126; x_wconf 78' lang='grc' dir='ltr'><em>Ἐν</em></span> <span class='ocrx_word' id='word_1_675' title='bbox 1568 5073 1692 5140; x_wconf 85' lang='grc' dir='ltr'>τοῖς</span> <span class='ocrx_word' id='word_1_676' title='bbox 1704 5091 1812 5144; x_wconf 81' lang='grc' dir='ltr'>με·</span> 
     </span>
    </p>
   </div>
   <div class='ocr_carea' id='block_1_92' title="bbox 239 5165 1811 5240">
    <p class='ocr_par' dir='ltr' id='par_1_92' title="bbox 239 5165 1811 5240">
     <span class='ocr_line' id='line_1_92' title="bbox 239 5165 1811 5240; baseline -0.001 -14"><span class='ocrx_word' id='word_1_677' title='bbox 239 5171 552 5240; x_wconf 67' lang='grc' dir='ltr'>ταφρένοις</span> <span class='ocrx_word' id='word_1_678' title='bbox 608 5171 792 5225; x_wconf 86' lang='grc' dir='ltr'>αὐτοῦ</span> <span class='ocrx_word' id='word_1_679' title='bbox 838 5168 1182 5224; x_wconf 80' lang='grc' dir='ltr'>ἐπισκιάσει</span> <span class='ocrx_word' id='word_1_680' title='bbox 1231 5184 1330 5224; x_wconf 86' lang='grc' dir='ltr'><strong>σοι</strong></span> <span class='ocrx_word' id='word_1_681' title='bbox 1350 5207 1364 5230; x_wconf 89' lang='grc'><strong>,</strong></span> <span class='ocrx_word' id='word_1_682' title='bbox 1411 5166 1510 5220; x_wconf 79' lang='grc' dir='ltr'>καὶ</span> <span class='ocrx_word' id='word_1_683' title='bbox 1545 5166 1660 5223; x_wconf 84' lang='grc' dir='ltr'><strong>ὑπὸ</strong></span> <span class='ocrx_word' id='word_1_684' title='bbox 1702 5165 1811 5233; x_wconf 79' lang='grc' dir='ltr'>τὰς</span> 
     </span>
    </p>
   </div>
   <div class='ocr_carea' id='block_1_93' title="bbox 239 5257 1807 5333">
    <p class='ocr_par' dir='ltr' id='par_1_93' title="bbox 239 5257 1807 5333">
     <span class='ocr_line' id='line_1_93' title="bbox 239 5257 1807 5333; baseline -0.006 -15"><span class='ocrx_word' id='word_1_685' title='bbox 239 5264 537 5333; x_wconf 80' lang='grc' dir='ltr'>πτέρυγας</span> <span class='ocrx_word' id='word_1_686' title='bbox 564 5262 749 5317; x_wconf 86' lang='grc' dir='ltr'>αὐτοῦ</span> <span class='ocrx_word' id='word_1_687' title='bbox 781 5262 1106 5329; x_wconf 78' lang='grc' dir='ltr'>ἐλπιεῖς.Εἰ</span> <span class='ocrx_word' id='word_1_688' title='bbox 1131 5261 1189 5314; x_wconf 84' lang='grc' dir='ltr'><strong>δὲ</strong></span> <span class='ocrx_word' id='word_1_689' title='bbox 1218 5259 1313 5314; x_wconf 76' lang='grc' dir='ltr'>καὶ</span> <span class='ocrx_word' id='word_1_690' title='bbox 1346 5258 1619 5329; x_wconf 89' lang='grc' dir='ltr'>πολεμίων</span> <span class='ocrx_word' id='word_1_691' title='bbox 1646 5257 1807 5329; x_wconf 84' lang='grc' dir='ltr'>στίφη</span> 
     </span>
    </p>
   </div>
   <div class='ocr_carea' id='block_1_94' title="bbox 240 5350 1812 5428">
    <p class='ocr_par' dir='ltr' id='par_1_94' title="bbox 240 5350 1812 5428">
     <span class='ocr_line' id='line_1_94' title="bbox 240 5350 1812 5428; baseline -0.005 -17"><span class='ocrx_word' id='word_1_692' title='bbox 240 5356 610 5428; x_wconf 86' lang='grc' dir='ltr'>πεπυρωμένα</span> <span class='ocrx_word' id='word_1_693' title='bbox 651 5357 744 5410; x_wconf 77' lang='grc' dir='ltr'><strong>καὶ</strong></span> <span class='ocrx_word' id='word_1_694' title='bbox 770 5354 1123 5426; x_wconf 82' lang='grc' dir='ltr'>θανατηφόρα</span> <span class='ocrx_word' id='word_1_695' title='bbox 1145 5353 1272 5423; x_wconf 85' lang='grc' dir='ltr'>βέλη</span> <span class='ocrx_word' id='word_1_696' title='bbox 1296 5351 1468 5420; x_wconf 89' lang='grc' dir='ltr'>λόγων</span> <span class='ocrx_word' id='word_1_697' title='bbox 1489 5350 1695 5420; x_wconf 79' lang='grc' dir='ltr'>ψευδῶν</span> <span class='ocrx_word' id='word_1_698' title='bbox 1716 5351 1812 5424; x_wconf 75' lang='grc' dir='ltr'><strong>καὶ</strong></span> 
     </span>
    </p>
   </div>
   <div class='ocr_carea' id='block_1_95' title="bbox 239 5443 1811 5522">
    <p class='ocr_par' dir='ltr' id='par_1_95' title="bbox 239 5443 1811 5522">
     <span class='ocr_line' id='line_1_95' title="bbox 239 5443 1811 5522; baseline -0.006 -16"><span class='ocrx_word' id='word_1_699' title='bbox 239 5453 338 5522; x_wconf 81' lang='grc' dir='ltr'><strong>τῆς</strong></span> <span class='ocrx_word' id='word_1_700' title='bbox 357 5449 613 5521; x_wconf 81' lang='grc' dir='ltr'>ἀληθείας</span> <span class='ocrx_word' id='word_1_701' title='bbox 631 5449 888 5503; x_wconf 77' lang='grc' dir='ltr'>ἐναντίων</span> <span class='ocrx_word' id='word_1_702' title='bbox 905 5447 1175 5512; x_wconf 83' lang='grc' dir='ltr'>ἀκοντίζοι</span> <span class='ocrx_word' id='word_1_703' title='bbox 1192 5445 1332 5499; x_wconf 85' lang='grc' dir='ltr'><strong>κατά</strong></span> <span class='ocrx_word' id='word_1_704' title='bbox 1349 5443 1444 5498; x_wconf 91' lang='grc' dir='ltr'><strong>τοῦ</strong></span> <span class='ocrx_word' id='word_1_705' title='bbox 1462 5443 1619 5513; x_wconf 90' lang='grc' dir='ltr'>δηλου</span> <span class='ocrx_word' id='word_1_706' title='bbox 1629 5443 1811 5514; x_wconf 85' lang='grc' dir='ltr'>μένου,</span> 
     </span>
    </p>
   </div>
   <div class='ocr_carea' id='block_1_96' title="bbox 243 5537 1809 5615">
    <p class='ocr_par' dir='ltr' id='par_1_96' title="bbox 243 5537 1809 5615">
     <span class='ocr_line' id='line_1_96' title="bbox 243 5537 1809 5615; baseline -0.004 -19"><span class='ocrx_word' id='word_1_707' title='bbox 243 5544 401 5607; x_wconf 71' lang='grc' dir='ltr'>αὐτὸς</span> <span class='ocrx_word' id='word_1_708' title='bbox 430 5542 528 5615; x_wconf 74' lang='grc' dir='ltr'>μὲν</span> <span class='ocrx_word' id='word_1_709' title='bbox 568 5541 829 5612; x_wconf 83' lang='grc' dir='ltr'>ἡσυχάσει</span> <span class='ocrx_word' id='word_1_710' title='bbox 863 5541 1014 5613; x_wconf 86' lang='grc' dir='ltr'>νόμῳ</span> <span class='ocrx_word' id='word_1_711' title='bbox 1052 5540 1185 5610; x_wconf 72' lang='grc' dir='ltr'>θείῳ</span> <span class='ocrx_word' id='word_1_712' title='bbox 1233 5537 1542 5610; x_wconf 87' lang='grc' dir='ltr'>πειθαρχῶν</span> <span class='ocrx_word' id='word_1_713' title='bbox 1582 5539 1809 5606; x_wconf 65' lang='grc' dir='ltr'>λέγοντισ</span> 
     </span>
    </p>
   </div>
   <div class='ocr_carea' id='block_1_97' title="bbox 245 5627 1809 5702">
    <p class='ocr_par' dir='ltr' id='par_1_97' title="bbox 245 5627 1809 5702">
     <span class='ocr_line' id='line_1_97' title="bbox 245 5627 1809 5702; baseline -0.003 -16"><span class='ocrx_word' id='word_1_714' title='bbox 245 5635 455 5702; x_wconf 80' lang='grc' dir='ltr'>Κύριος</span> <span class='ocrx_word' id='word_1_715' title='bbox 491 5631 823 5701; x_wconf 76' lang='grc' dir='ltr'>πολεμήσει</span> <span class='ocrx_word' id='word_1_716' title='bbox 857 5631 1011 5701; x_wconf 81' lang='grc' dir='ltr'>ὑπὲρ</span> <span class='ocrx_word' id='word_1_717' title='bbox 1048 5629 1248 5699; x_wconf 80' lang='grc' dir='ltr'>ὑμῶν,</span> <span class='ocrx_word' id='word_1_718' title='bbox 1289 5629 1387 5684; x_wconf 77' lang='grc' dir='ltr'>καὶ</span> <span class='ocrx_word' id='word_1_719' title='bbox 1432 5627 1598 5697; x_wconf 83' lang='grc' dir='ltr'>ὑμεῖς</span> <span class='ocrx_word' id='word_1_720' title='bbox 1637 5629 1809 5698; x_wconf 55' lang='lat' dir='ltr'><strong>curri~</strong></span> 
     </span>
    </p>
   </div>
   <div class='ocr_carea' id='block_1_98' title="bbox 315 5784 1491 5858">
    <p class='ocr_par' dir='ltr' id='par_1_98' title="bbox 315 5784 1491 5858">
     <span class='ocr_line' id='line_1_98' title="bbox 315 5784 1491 5858; baseline -0.003 -14"><span class='ocrx_word' id='word_1_721' title='bbox 315 5790 362 5824; x_wconf 78' lang='grc'><strong>⁸⁸</strong></span> <span class='ocrx_word' id='word_1_722' title='bbox 399 5787 594 5858; x_wconf 82' lang='lat' dir='ltr'><strong>Philip.</strong></span> <span class='ocrx_word' id='word_1_723' title='bbox 636 5803 728 5854; x_wconf 79' lang='grc' dir='ltr'>ιιι,</span> <span class='ocrx_word' id='word_1_724' title='bbox 761 5787 850 5842; x_wconf 72' lang='lat'><strong>20.</strong></span> <span class='ocrx_word' id='word_1_725' title='bbox 931 5787 972 5819; x_wconf 60' lang='grc' dir='ltr'><strong>δί’</strong></span> <span class='ocrx_word' id='word_1_726' title='bbox 1016 5784 1164 5844; x_wconf 85' lang='lat' dir='ltr'><strong>Psal.</strong></span> <span class='ocrx_word' id='word_1_727' title='bbox 1203 5799 1365 5840; x_wconf 71' lang='lat' dir='ltr'><strong>cum</strong></span> <span class='ocrx_word' id='word_1_728' title='bbox 1391 5826 1404 5853; x_wconf 82' lang='lat'><strong>,</strong></span> <span class='ocrx_word' id='word_1_729' title='bbox 1441 5785 1491 5841; x_wconf 90' lang='lat'><strong>7.</strong></span> 
     </span>
    </p>
   </div>
   <div class='ocr_carea' id='block_1_99' title="bbox 1989 3971 3490 4044">
    <p class='ocr_par' dir='ltr' id='par_1_99' title="bbox 1989 3971 3490 4044">
     <span class='ocr_line' id='line_1_99' title="bbox 1989 3971 3490 4044; baseline -0.001 -16"><span class='ocrx_word' id='word_1_730' title='bbox 1989 3972 2049 4032; x_wconf 90' lang='lat' dir='ltr'><strong>Si</strong></span> <span class='ocrx_word' id='word_1_731' title='bbox 2075 3974 2259 4044; x_wconf 88' lang='lat' dir='ltr'><strong>itaque</strong></span> <span class='ocrx_word' id='word_1_732' title='bbox 2279 3971 2379 4038; x_wconf 90' lang='lat' dir='ltr'><strong>illi,</strong></span> <span class='ocrx_word' id='word_1_733' title='bbox 2412 3980 2508 4036; x_wconf 77' lang='lat' dir='ltr'><strong>ait,</strong></span> <span class='ocrx_word' id='word_1_734' title='bbox 2531 3972 2896 4027; x_wconf 87' lang='lat' dir='ltr'><strong>humanarum</strong></span> <span class='ocrx_word' id='word_1_735' title='bbox 2923 3973 3223 4028; x_wconf 73' lang='lat' dir='ltr'><strong>animarum</strong></span> <span class='ocrx_word' id='word_1_736' title='bbox 3269 3982 3490 4028; x_wconf 83' lang='lat' dir='ltr'><strong>venato-</strong></span> 
     </span>
    </p>
   </div>
   <div class='ocr_carea' id='block_1_100' title="bbox 1917 4065 3492 4135">
    <p class='ocr_par' dir='ltr' id='par_1_100' title="bbox 1917 4065 3492 4135">
     <span class='ocr_line' id='line_1_100' title="bbox 1917 4065 3492 4135; baseline -0.003 -10"><span class='ocrx_word' id='word_1_737' title='bbox 1917 4083 2029 4133; x_wconf 89' lang='lat' dir='ltr'><strong>res,</strong></span> <span class='ocrx_word' id='word_1_738' title='bbox 2053 4066 2354 4124; x_wconf 87' lang='lat' dir='ltr'><strong>invisibiles</strong></span> <span class='ocrx_word' id='word_1_739' title='bbox 2371 4066 2580 4122; x_wconf 89' lang='lat' dir='ltr'><strong>scilicet</strong></span> <span class='ocrx_word' id='word_1_740' title='bbox 2605 4073 2659 4121; x_wconf 91' lang='lat' dir='ltr'><strong>et</strong></span> <span class='ocrx_word' id='word_1_741' title='bbox 2687 4065 2916 4120; x_wconf 75' lang='lat' dir='ltr'><strong>occulta:</strong></span> <span class='ocrx_word' id='word_1_742' title='bbox 2938 4065 3193 4132; x_wconf 83' lang='lat' dir='ltr'><strong>virtutes,</strong></span> <span class='ocrx_word' id='word_1_743' title='bbox 3220 4080 3320 4135; x_wconf 88' lang='lat' dir='ltr'><strong>pro</strong></span> <span class='ocrx_word' id='word_1_744' title='bbox 3341 4079 3492 4120; x_wconf 90' lang='lat' dir='ltr'><strong>more</strong></span> 
     </span>
    </p>
   </div>
   <div class='ocr_carea' id='block_1_101' title="bbox 1917 4158 3491 4231">
    <p class='ocr_par' dir='ltr' id='par_1_101' title="bbox 1917 4158 3491 4231">
     <span class='ocr_line' id='line_1_101' title="bbox 1917 4158 3491 4231; baseline -0.003 -15"><span class='ocrx_word' id='word_1_745' title='bbox 1917 4161 2080 4217; x_wconf 92' lang='lat' dir='ltr'><strong>solito</strong></span> <span class='ocrx_word' id='word_1_746' title='bbox 2107 4160 2332 4231; x_wconf 88' lang='lat' dir='ltr'><strong>laqueos</strong></span> <span class='ocrx_word' id='word_1_747' title='bbox 2363 4159 2503 4213; x_wconf 90' lang='lat' dir='ltr'><strong>clam</strong></span> <span class='ocrx_word' id='word_1_748' title='bbox 2547 4158 2910 4224; x_wconf 86' lang='lat' dir='ltr'><strong>occultantes,</strong></span> <span class='ocrx_word' id='word_1_749' title='bbox 2942 4164 2997 4212; x_wconf 89' lang='lat' dir='ltr'><strong>te</strong></span> <span class='ocrx_word' id='word_1_750' title='bbox 3035 4172 3274 4227; x_wconf 90' lang='lat' dir='ltr'><strong>unquam</strong></span> <span class='ocrx_word' id='word_1_751' title='bbox 3303 4170 3491 4227; x_wconf 73' lang='lat' dir='ltr'><strong>aggre-</strong></span> 
     </span>
    </p>
   </div>
   <div class='ocr_carea' id='block_1_102' title="bbox 1915 4247 3491 4320">
    <p class='ocr_par' dir='ltr' id='par_1_102' title="bbox 1915 4247 3491 4320">
     <span class='ocr_line' id='line_1_102' title="bbox 1915 4247 3491 4320; baseline -0.006 -12"><span class='ocrx_word' id='word_1_752' title='bbox 1915 4251 2159 4316; x_wconf 89' lang='lat' dir='ltr'><strong>diantur,</strong></span> <span class='ocrx_word' id='word_1_753' title='bbox 2203 4250 2340 4306; x_wconf 87' lang='lat' dir='ltr'><strong>nihil</strong></span> <span class='ocrx_word' id='word_1_754' title='bbox 2389 4249 2632 4320; x_wconf 88' lang='lat' dir='ltr'><strong>proderit</strong></span> <span class='ocrx_word' id='word_1_755' title='bbox 2682 4248 2791 4306; x_wconf 90' lang='lat' dir='ltr'><strong>illis</strong></span> <span class='ocrx_word' id='word_1_756' title='bbox 2831 4267 2845 4304; x_wconf 88' lang='lat'><strong>:</strong></span> <span class='ocrx_word' id='word_1_757' title='bbox 2893 4249 3017 4318; x_wconf 90' lang='lat' dir='ltr'><strong>quia</strong></span> <span class='ocrx_word' id='word_1_758' title='bbox 3066 4249 3182 4319; x_wconf 88' lang='lat' dir='ltr'><strong>ipse</strong></span> <span class='ocrx_word' id='word_1_759' title='bbox 3229 4247 3491 4300; x_wconf 87' lang='lat' dir='ltr'><strong>Dominus</strong></span> 
     </span>
    </p>
   </div>
   <div class='ocr_carea' id='block_1_103' title="bbox 1914 4339 3490 4414">
    <p class='ocr_par' dir='ltr' id='par_1_103' title="bbox 1914 4339 3490 4414">
     <span class='ocr_line' id='line_1_103' title="bbox 1914 4339 3490 4414; baseline -0.006 -14"><span class='ocrx_word' id='word_1_760' title='bbox 1914 4350 2070 4400; x_wconf 89' lang='lat' dir='ltr'><strong>eruet</strong></span> <span class='ocrx_word' id='word_1_761' title='bbox 2101 4351 2154 4400; x_wconf 90' lang='lat' dir='ltr'><strong>te</strong></span> <span class='ocrx_word' id='word_1_762' title='bbox 2168 4342 2234 4399; x_wconf 90' lang='lat' dir='ltr'><strong>de</strong></span> <span class='ocrx_word' id='word_1_763' title='bbox 2263 4342 2458 4414; x_wconf 86' lang='lat' dir='ltr'><strong>laqueo</strong></span> <span class='ocrx_word' id='word_1_764' title='bbox 2486 4341 2824 4404; x_wconf 87' lang='lat' dir='ltr'><strong>venantium,</strong></span> <span class='ocrx_word' id='word_1_765' title='bbox 2853 4339 3090 4410; x_wconf 78' lang='lat' dir='ltr'><strong>Laqueus</strong></span> <span class='ocrx_word' id='word_1_766' title='bbox 3117 4339 3374 4393; x_wconf 82' lang='lat' dir='ltr'><strong>contritus</strong></span> <span class='ocrx_word' id='word_1_767' title='bbox 3389 4345 3490 4402; x_wconf 87' lang='lat' dir='ltr'><strong>est,</strong></span> 
     </span>
    </p>
   </div>
   <div class='ocr_carea' id='block_1_104' title="bbox 1914 4428 3492 4498">
    <p class='ocr_par' dir='ltr' id='par_1_104' title="bbox 1914 4428 3492 4498">
     <span class='ocr_line' id='line_1_104' title="bbox 1914 4428 3492 4498; baseline -0.004 -7"><span class='ocrx_word' id='word_1_768' title='bbox 1914 4446 1964 4491; x_wconf 86' lang='lat' dir='ltr'><strong>et</strong></span> <span class='ocrx_word' id='word_1_769' title='bbox 1994 4452 2088 4490; x_wconf 87' lang='lat' dir='ltr'><strong>nos</strong></span> <span class='ocrx_word' id='word_1_770' title='bbox 2121 4433 2330 4490; x_wconf 81' lang='lat' dir='ltr'><strong>liberati</strong></span> <span class='ocrx_word' id='word_1_771' title='bbox 2358 4448 2540 4486; x_wconf 85' lang='lat' dir='ltr'><strong>sumus</strong></span> <span class='ocrx_word' id='word_1_772' title='bbox 2574 4433 2640 4486; x_wconf 70' lang='lat'><strong>‘9.</strong></span> <span class='ocrx_word' id='word_1_773' title='bbox 2685 4430 2841 4498; x_wconf 86' lang='lat' dir='ltr'><strong>Quod</strong></span> <span class='ocrx_word' id='word_1_774' title='bbox 2885 4433 2929 4486; x_wconf 91' lang='lat' dir='ltr'><strong>si</strong></span> <span class='ocrx_word' id='word_1_775' title='bbox 2975 4445 3099 4486; x_wconf 90' lang='lat' dir='ltr'><strong>eum</strong></span> <span class='ocrx_word' id='word_1_776' title='bbox 3147 4428 3492 4485; x_wconf 85' lang='lat' dir='ltr'><strong>sermonibus</strong></span> 
     </span>
    </p>
   </div>
   <div class='ocr_carea' id='block_1_105' title="bbox 1915 4521 3492 4599">
    <p class='ocr_par' dir='ltr' id='par_1_105' title="bbox 1915 4521 3492 4599">
     <span class='ocr_line' id='line_1_105' title="bbox 1915 4521 3492 4599; baseline -0.003 -16"><span class='ocrx_word' id='word_1_777' title='bbox 1915 4543 2135 4599; x_wconf 87' lang='lat' dir='ltr'><strong>quoque</strong></span> <span class='ocrx_word' id='word_1_778' title='bbox 2179 4525 2402 4581; x_wconf 87' lang='lat' dir='ltr'><strong>turbare</strong></span> <span class='ocrx_word' id='word_1_779' title='bbox 2432 4524 2794 4589; x_wconf 80' lang='lat' dir='ltr'><strong>tentaverint,</strong></span> <span class='ocrx_word' id='word_1_780' title='bbox 2840 4522 3136 4592; x_wconf 87' lang='lat' dir='ltr'><strong>impietatis</strong></span> <span class='ocrx_word' id='word_1_781' title='bbox 3196 4537 3309 4577; x_wconf 71' lang='lat' dir='ltr'><strong>sua:</strong></span> <span class='ocrx_word' id='word_1_782' title='bbox 3343 4521 3492 4578; x_wconf 90' lang='lat' dir='ltr'><strong>virus</strong></span> 
     </span>
    </p>
   </div>
   <div class='ocr_carea' id='block_1_106' title="bbox 1916 4612 3488 4691">
    <p class='ocr_par' dir='ltr' id='par_1_106' title="bbox 1916 4612 3488 4691">
     <span class='ocr_line' id='line_1_106' title="bbox 1916 4612 3488 4691; baseline -0.005 -17"><span class='ocrx_word' id='word_1_783' title='bbox 1916 4619 2100 4691; x_wconf 88' lang='lat' dir='ltr'><strong>lingua</strong></span> <span class='ocrx_word' id='word_1_784' title='bbox 2155 4618 2498 4680; x_wconf 88' lang='lat' dir='ltr'><strong>emittentes,</strong></span> <span class='ocrx_word' id='word_1_785' title='bbox 2562 4615 2650 4670; x_wconf 89' lang='lat' dir='ltr'><strong>his</strong></span> <span class='ocrx_word' id='word_1_786' title='bbox 2707 4615 2870 4670; x_wconf 86' lang='lat' dir='ltr'><strong>etiam</strong></span> <span class='ocrx_word' id='word_1_787' title='bbox 2925 4613 3155 4670; x_wconf 73' lang='lat' dir='ltr'><strong>illaesum</strong></span> <span class='ocrx_word' id='word_1_788' title='bbox 3216 4612 3488 4667; x_wconf 88' lang='lat' dir='ltr'><strong>hominem</strong></span> 
     </span>
    </p>
   </div>
   <div class='ocr_carea' id='block_1_107' title="bbox 1914 4703 3492 4766">
    <p class='ocr_par' dir='ltr' id='par_1_107' title="bbox 1914 4703 3492 4766">
     <span class='ocr_line' id='line_1_107' title="bbox 1914 4703 3492 4766; baseline -0.004 0"><span class='ocrx_word' id='word_1_789' title='bbox 1914 4724 2074 4766; x_wconf 89' lang='lat' dir='ltr'><strong>suum</strong></span> <span class='ocrx_word' id='word_1_790' title='bbox 2105 4707 2368 4765; x_wconf 89' lang='lat' dir='ltr'><strong>Dominus</strong></span> <span class='ocrx_word' id='word_1_791' title='bbox 2397 4707 2658 4764; x_wconf 85' lang='lat' dir='ltr'><strong>servabit.</strong></span> <span class='ocrx_word' id='word_1_792' title='bbox 2687 4704 2767 4760; x_wconf 83' lang='lat' dir='ltr'><strong>Ac</strong></span> <span class='ocrx_word' id='word_1_793' title='bbox 2801 4721 2868 4761; x_wconf 92' lang='lat' dir='ltr'><strong>ne</strong></span> <span class='ocrx_word' id='word_1_794' title='bbox 2897 4706 3150 4761; x_wconf 68' lang='lat' dir='ltr'><strong>humana:</strong></span> <span class='ocrx_word' id='word_1_795' title='bbox 3183 4703 3306 4759; x_wconf 71' lang='lat' dir='ltr'><strong>vitae</strong></span> <span class='ocrx_word' id='word_1_796' title='bbox 3325 4711 3492 4759; x_wconf 72' lang='lat' dir='ltr'><strong>aestus</strong></span> 
     </span>
    </p>
   </div>
   <div class='ocr_carea' id='block_1_108' title="bbox 1913 4797 3491 4870">
    <p class='ocr_par' dir='ltr' id='par_1_108' title="bbox 1913 4797 3491 4870">
     <span class='ocr_line' id='line_1_108' title="bbox 1913 4797 3491 4870; baseline -0.005 -12"><span class='ocrx_word' id='word_1_797' title='bbox 1913 4811 1967 4858; x_wconf 90' lang='lat' dir='ltr'><strong>et</strong></span> <span class='ocrx_word' id='word_1_798' title='bbox 1999 4801 2160 4856; x_wconf 89' lang='lat' dir='ltr'><strong>ardor</strong></span> <span class='ocrx_word' id='word_1_799' title='bbox 2193 4799 2413 4855; x_wconf 68' lang='lat' dir='ltr'><strong>malitiae</strong></span> <span class='ocrx_word' id='word_1_800' title='bbox 2443 4799 2615 4870; x_wconf 84' lang='lat' dir='ltr'><strong>magis</strong></span> <span class='ocrx_word' id='word_1_801' title='bbox 2664 4798 2948 4868; x_wconf 80' lang='lat' dir='ltr'><strong>magisque</strong></span> <span class='ocrx_word' id='word_1_802' title='bbox 2974 4797 3264 4861; x_wconf 88' lang='lat' dir='ltr'><strong>incensus,</strong></span> <span class='ocrx_word' id='word_1_803' title='bbox 3299 4804 3491 4852; x_wconf 87' lang='lat' dir='ltr'><strong>contra</strong></span> 
     </span>
    </p>
   </div>
   <div class='ocr_carea' id='block_1_109' title="bbox 1911 4885 3491 4961">
    <p class='ocr_par' dir='ltr' id='par_1_109' title="bbox 1911 4885 3491 4961">
     <span class='ocr_line' id='line_1_109' title="bbox 1911 4885 3491 4961; baseline -0.004 -17"><span class='ocrx_word' id='word_1_804' title='bbox 1911 4890 2130 4961; x_wconf 89' lang='lat' dir='ltr'><strong>pietatis</strong></span> <span class='ocrx_word' id='word_1_805' title='bbox 2162 4889 2419 4944; x_wconf 89' lang='lat' dir='ltr'><strong>athletam</strong></span> <span class='ocrx_word' id='word_1_806' title='bbox 2433 4889 2576 4943; x_wconf 89' lang='lat' dir='ltr'><strong>mala</strong></span> <span class='ocrx_word' id='word_1_807' title='bbox 2595 4887 2914 4954; x_wconf 88' lang='lat' dir='ltr'><strong>succendat,</strong></span> <span class='ocrx_word' id='word_1_808' title='bbox 2942 4886 3058 4942; x_wconf 57' lang='lat' dir='ltr'><strong>hare</strong></span> <span class='ocrx_word' id='word_1_809' title='bbox 3082 4901 3261 4942; x_wconf 89' lang='lat' dir='ltr'><strong>sermo</strong></span> <span class='ocrx_word' id='word_1_810' title='bbox 3279 4885 3382 4954; x_wconf 87' lang='lat' dir='ltr'><strong>ipsi</strong></span> <span class='ocrx_word' id='word_1_811' title='bbox 3400 4899 3491 4938; x_wconf 86' lang='lat' dir='ltr'><strong>va-</strong></span> 
     </span>
    </p>
   </div>
   <div class='ocr_carea' id='block_1_110' title="bbox 1913 4975 3491 5046">
    <p class='ocr_par' dir='ltr' id='par_1_110' title="bbox 1913 4975 3491 5046">
     <span class='ocr_line' id='line_1_110' title="bbox 1913 4975 3491 5046; baseline -0.004 -10"><span class='ocrx_word' id='word_1_812' title='bbox 1913 4982 2194 5036; x_wconf 89' lang='lat' dir='ltr'><strong>ticinatur:</strong></span> <span class='ocrx_word' id='word_1_813' title='bbox 2215 4979 2282 5034; x_wconf 86' lang='lat' dir='ltr'><strong>In</strong></span> <span class='ocrx_word' id='word_1_814' title='bbox 2310 4978 2540 5046; x_wconf 83' lang='lat' dir='ltr'><strong>scapulis</strong></span> <span class='ocrx_word' id='word_1_815' title='bbox 2559 4979 2670 5032; x_wconf 88' lang='lat' dir='ltr'><strong>suis</strong></span> <span class='ocrx_word' id='word_1_816' title='bbox 2692 4975 3024 5033; x_wconf 88' lang='lat' dir='ltr'><strong>obumbrabit</strong></span> <span class='ocrx_word' id='word_1_817' title='bbox 3048 4977 3164 5041; x_wconf 88' lang='lat' dir='ltr'><strong>tibi,</strong></span> <span class='ocrx_word' id='word_1_818' title='bbox 3180 4985 3228 5031; x_wconf 88' lang='lat' dir='ltr'><strong>et</strong></span> <span class='ocrx_word' id='word_1_819' title='bbox 3245 4975 3338 5031; x_wconf 86' lang='lat' dir='ltr'><strong>sub</strong></span> <span class='ocrx_word' id='word_1_820' title='bbox 3369 4990 3491 5030; x_wconf 82' lang='lat' dir='ltr'><strong>neu-</strong></span> 
     </span>
    </p>
   </div>
   <div class='ocr_carea' id='block_1_111' title="bbox 1915 5067 3490 5142">
    <p class='ocr_par' dir='ltr' id='par_1_111' title="bbox 1915 5067 3490 5142">
     <span class='ocr_line' id='line_1_111' title="bbox 1915 5067 3490 5142; baseline -0.005 -15"><span class='ocrx_word' id='word_1_821' title='bbox 1915 5073 1997 5127; x_wconf 86' lang='lat' dir='ltr'><strong>nis</strong></span> <span class='ocrx_word' id='word_1_822' title='bbox 2019 5072 2132 5142; x_wconf 88' lang='lat' dir='ltr'><strong>ejus</strong></span> <span class='ocrx_word' id='word_1_823' title='bbox 2155 5069 2412 5141; x_wconf 85' lang='lat' dir='ltr'><strong>sperabis.</strong></span> <span class='ocrx_word' id='word_1_824' title='bbox 2432 5068 2589 5136; x_wconf 85' lang='lat' dir='ltr'><strong>Quod</strong></span> <span class='ocrx_word' id='word_1_825' title='bbox 2607 5069 2654 5125; x_wconf 89' lang='lat' dir='ltr'><strong>si</strong></span> <span class='ocrx_word' id='word_1_826' title='bbox 2690 5067 3037 5124; x_wconf 89' lang='lat' dir='ltr'><strong>inimicorum</strong></span> <span class='ocrx_word' id='word_1_827' title='bbox 3062 5067 3300 5139; x_wconf 84' lang='lat' dir='ltr'><strong>agmina,</strong></span> <span class='ocrx_word' id='word_1_828' title='bbox 3322 5067 3490 5138; x_wconf 89' lang='lat' dir='ltr'><strong>ignita</strong></span> 
     </span>
    </p>
   </div>
   <div class='ocr_carea' id='block_1_112' title="bbox 1907 5158 3487 5235">
    <p class='ocr_par' dir='ltr' id='par_1_112' title="bbox 1907 5158 3487 5235">
     <span class='ocr_line' id='line_1_112' title="bbox 1907 5158 3487 5235; baseline -0.007 -13"><span class='ocrx_word' id='word_1_829' title='bbox 1907 5173 1969 5235; x_wconf 88' lang='lat' dir='ltr'><strong>et</strong></span> <span class='ocrx_word' id='word_1_830' title='bbox 2015 5163 2265 5220; x_wconf 88' lang='lat' dir='ltr'><strong>lethifera</strong></span> <span class='ocrx_word' id='word_1_831' title='bbox 2317 5162 2661 5218; x_wconf 90' lang='lat' dir='ltr'><strong>mendacium</strong></span> <span class='ocrx_word' id='word_1_832' title='bbox 2694 5169 2750 5216; x_wconf 89' lang='lat' dir='ltr'><strong>et</strong></span> <span class='ocrx_word' id='word_1_833' title='bbox 2781 5177 2906 5216; x_wconf 88' lang='lat' dir='ltr'><strong>cum</strong></span> <span class='ocrx_word' id='word_1_834' title='bbox 2949 5176 3080 5217; x_wconf 88' lang='lat' dir='ltr'><strong>vero</strong></span> <span class='ocrx_word' id='word_1_835' title='bbox 3127 5158 3487 5232; x_wconf 89' lang='lat' dir='ltr'><strong>pugnantium</strong></span> 
     </span>
    </p>
   </div>
   <div class='ocr_carea' id='block_1_113' title="bbox 1883 5245 3486 5326">
    <p class='ocr_par' dir='ltr' id='par_1_113' title="bbox 1883 5245 3486 5326">
     <span class='ocr_line' id='line_1_113' title="bbox 1883 5245 3486 5326; baseline -0.007 -12"><span class='ocrx_word' id='word_1_836' title='bbox 1883 5245 1890 5251; x_wconf 62' lang='grc'><em>’</em></span> <span class='ocrx_word' id='word_1_837' title='bbox 1916 5270 2230 5313; x_wconf 85' lang='lat' dir='ltr'><strong>sermonum</strong></span> <span class='ocrx_word' id='word_1_838' title='bbox 2251 5256 2357 5312; x_wconf 91' lang='lat' dir='ltr'><strong>tela</strong></span> <span class='ocrx_word' id='word_1_839' title='bbox 2381 5255 2695 5326; x_wconf 76' lang='lat' dir='ltr'><strong>iaculentur</strong></span> <span class='ocrx_word' id='word_1_840' title='bbox 2715 5254 2978 5311; x_wconf 87' lang='lat' dir='ltr'><strong>adversus</strong></span> <span class='ocrx_word' id='word_1_841' title='bbox 2999 5259 3356 5309; x_wconf 89' lang='lat' dir='ltr'><strong>memoratum</strong></span> <span class='ocrx_word' id='word_1_842' title='bbox 3390 5251 3486 5303; x_wconf 82' lang='lat' dir='ltr'><strong>bo-</strong></span> 
     </span>
    </p>
   </div>
   <div class='ocr_carea' id='block_1_114' title="bbox 1915 5344 3486 5421">
    <p class='ocr_par' dir='ltr' id='par_1_114' title="bbox 1915 5344 3486 5421">
     <span class='ocr_line' id='line_1_114' title="bbox 1915 5344 3486 5421; baseline -0.008 -15"><span class='ocrx_word' id='word_1_843' title='bbox 1915 5351 2138 5416; x_wconf 90' lang='lat' dir='ltr'><strong>minem,</strong></span> <span class='ocrx_word' id='word_1_844' title='bbox 2169 5350 2262 5406; x_wconf 90' lang='lat' dir='ltr'><strong>ille</strong></span> <span class='ocrx_word' id='word_1_845' title='bbox 2287 5349 2509 5421; x_wconf 90' lang='lat' dir='ltr'><strong>quidem</strong></span> <span class='ocrx_word' id='word_1_846' title='bbox 2535 5349 2802 5418; x_wconf 88' lang='lat' dir='ltr'><strong>quiescet,</strong></span> <span class='ocrx_word' id='word_1_847' title='bbox 2836 5347 3035 5402; x_wconf 66' lang='lat' dir='ltr'><strong>divinae</strong></span> <span class='ocrx_word' id='word_1_848' title='bbox 3078 5347 3182 5416; x_wconf 87' lang='lat' dir='ltr'><strong>legi</strong></span> <span class='ocrx_word' id='word_1_849' title='bbox 3210 5344 3486 5412; x_wconf 86' lang='lat' dir='ltr'><strong>obtempe-</strong></span> 
     </span>
    </p>
   </div>
   <div class='ocr_carea' id='block_1_115' title="bbox 1914 5433 3485 5513">
    <p class='ocr_par' dir='ltr' id='par_1_115' title="bbox 1914 5433 3485 5513">
     <span class='ocr_line' id='line_1_115' title="bbox 1914 5433 3485 5513; baseline -0.006 -16"><span class='ocrx_word' id='word_1_850' title='bbox 1914 5458 2048 5499; x_wconf 88' lang='lat' dir='ltr'><strong>rans</strong></span> <span class='ocrx_word' id='word_1_851' title='bbox 2079 5457 2200 5513; x_wconf 70' lang='lat' dir='ltr'><strong>qua:</strong></span> <span class='ocrx_word' id='word_1_852' title='bbox 2227 5441 2304 5496; x_wconf 89' lang='lat' dir='ltr'><strong>ait</strong></span> <span class='ocrx_word' id='word_1_853' title='bbox 2355 5459 2369 5497; x_wconf 87' lang='lat'><strong>:</strong></span> <span class='ocrx_word' id='word_1_854' title='bbox 2419 5441 2677 5496; x_wconf 82' lang='lat' dir='ltr'><strong>Dominus</strong></span> <span class='ocrx_word' id='word_1_855' title='bbox 2707 5456 2802 5508; x_wconf 85' lang='lat' dir='ltr'><strong>pro</strong></span> <span class='ocrx_word' id='word_1_856' title='bbox 2831 5439 2973 5494; x_wconf 81' lang='lat' dir='ltr'><strong>vobis</strong></span> <span class='ocrx_word' id='word_1_857' title='bbox 3019 5433 3288 5506; x_wconf 85' lang='lat' dir='ltr'><strong>pugnabit,</strong></span> <span class='ocrx_word' id='word_1_858' title='bbox 3318 5441 3368 5487; x_wconf 90' lang='lat' dir='ltr'><strong>et</strong></span> <span class='ocrx_word' id='word_1_859' title='bbox 3399 5449 3485 5488; x_wconf 81' lang='lat' dir='ltr'><strong>vos</strong></span> 
     </span>
    </p>
   </div>
   <div class='ocr_carea' id='block_1_116' title="bbox 1889 5522 3485 5610">
    <p class='ocr_par' dir='ltr' id='par_1_116' title="bbox 1889 5522 3485 5610">
     <span class='ocr_line' id='line_1_116' title="bbox 1889 5522 3485 5610; baseline -0.006 -21"><span class='ocrx_word' id='word_1_860' title='bbox 1889 5534 2156 5610; x_wconf 3' lang='lat' dir='ltr'><strong>qtacebitis</strong></span> <span class='ocrx_word' id='word_1_861' title='bbox 2215 5548 2233 5586; x_wconf 91' lang='lat'><strong><em>:</em></strong></span> <span class='ocrx_word' id='word_1_862' title='bbox 2290 5541 2598 5603; x_wconf 86' lang='lat' dir='ltr'><strong>opportune</strong></span> <span class='ocrx_word' id='word_1_863' title='bbox 2656 5541 2836 5608; x_wconf 87' lang='lat' dir='ltr'><strong>autem</strong></span> <span class='ocrx_word' id='word_1_864' title='bbox 2901 5529 3004 5599; x_wconf 90' lang='lat' dir='ltr'><strong>ipsi</strong></span> <span class='ocrx_word' id='word_1_865' title='bbox 3036 5525 3235 5581; x_wconf 86' lang='lat' dir='ltr'><strong>dicitur</strong></span> <span class='ocrx_word' id='word_1_866' title='bbox 3270 5542 3285 5579; x_wconf 89' lang='lat'><strong>:</strong></span> <span class='ocrx_word' id='word_1_867' title='bbox 3323 5522 3485 5580; x_wconf 85' lang='lat' dir='ltr'><strong>Scuto</strong></span> 
     </span>
    </p>
   </div>
   <div class='ocr_carea' id='block_1_117' title="bbox 1915 5615 3482 5693">
    <p class='ocr_par' dir='ltr' id='par_1_117' title="bbox 1915 5615 3482 5693">
     <span class='ocr_line' id='line_1_117' title="bbox 1915 5615 3482 5693; baseline -0.005 -12"><span class='ocrx_word' id='word_1_868' title='bbox 1915 5625 2260 5682; x_wconf 82' lang='lat' dir='ltr'><strong>circumdabit</strong></span> <span class='ocrx_word' id='word_1_869' title='bbox 2311 5635 2356 5680; x_wconf 88' lang='lat' dir='ltr'><strong>te</strong></span> <span class='ocrx_word' id='word_1_870' title='bbox 2386 5626 2579 5681; x_wconf 72' lang='lat' dir='ltr'><strong>veritas</strong></span> <span class='ocrx_word' id='word_1_871' title='bbox 2638 5625 2771 5692; x_wconf 84' lang='lat' dir='ltr'><strong>ejus.</strong></span> <span class='ocrx_word' id='word_1_872' title='bbox 2836 5622 2953 5692; x_wconf 78' lang='lat' dir='ltr'><strong>ipsa</strong></span> <span class='ocrx_word' id='word_1_873' title='bbox 3006 5632 3240 5693; x_wconf 84' lang='lat' dir='ltr'><strong>namque</strong></span> <span class='ocrx_word' id='word_1_874' title='bbox 3281 5615 3482 5678; x_wconf 83' lang='lat' dir='ltr'><strong>Christi</strong></span> 
     </span>
    </p>
   </div>
  </div>
