3988 6204
479 366 620 424 ii"

1153 365 1424 428 EUSEBII
1459 363 1938 425 CESARIENSIS
1973 365 2127 424 OPP.
2170 365 2354 424 PARS
2390 366 2478 424 ιιι.
2517 349 2595 416 -ί
2626 363 3038 426 EXEGETICA.

3577 362 3730 425 1148

479 479 745 536 doctrinas
774 480 998 546 veritas,
1024 480 1281 536 virtutem
1321 495 1572 552 magnam
1608 479 1880 545 obtinens,
1917 493 2044 534 eum

2154 483 2328 536 σεσθε
2349 497 2362 512 ο
2396 480 2718 554 λεχθήσεται
2752 481 2810 535 δὲ
2831 478 2978 549 ἁῦτῷ
2997 477 3137 534 κατὰ
3163 477 3354 550 καιρδν
3376 475 3466 542 τὸ,
3511 475 3738 543 ὐπλῳ

479 574 920 637 circummuniet.
957 576 1014 629 in
1063 575 1299 629 circuitu
1328 574 1506 645 posita
1547 587 1612 629 ac
1653 579 1812 628 scuto
1861 579 2051 643 tegens

479 678 603 730 suo,
634 671 695 718 ut
723 680 807 728 ne,
836 665 1324 728 accedentenocte,
1361 671 1417 718 et
1451 662 1691 718 tenebris
1719 661 1930 725 oll'usis,
1958 677 2053 717 re-

482 755 735 811 formidet
778 756 886 820 ille,
922 763 1016 810 aut
1047 772 1160 826 prae
1190 763 1336 812 metu
1365 755 1645 822 turbetur;
1694 769 1871 825 neque
1906 753 2052 824 pari-

481 855 567 905 ter
587 849 644 904 in
683 848 774 904 die
804 850 1048 905 immissa
1081 849 1188 904 tela
1225 856 1451 904 metuat.
1483 847 1587 904 Per
1617 857 1831 903 noctem
1869 855 2052 902 autem

477 947 535 996 et
561 940 818 997 tenebras
872 941 1202 1002 calamitatis
1238 948 1484 1011 tempora
1512 939 1806 1012 signiﬁcat,
1845 938 1902 992 in
1929 937 2053 1009 qui-

481 1031 586 1088 bus
616 1033 752 1086 nihil
790 1031 1272 1087 reformidaturum
1302 1031 1378 1089 ait
1403 1046 1528 1086 eum
1557 1071 1574 1099 ,
1597 1030 1690 1101 qui
1725 1037 1882 1086 scuto
1909 1027 2054 1083 veri-

481 1126 615 1182 tatis
641 1126 1131 1182 circummunietur
1165 1144 1177 1179 :
1211 1139 1310 1195 per
1355 1123 1500 1180 diem
1559 1138 1710 1188 vero,
1759 1121 2051 1192 tranquilla

479 1218 537 1268 et
565 1218 758 1282 pacata
785 1219 1032 1281 tempora
1061 1210 1282 1275 indicat,
1315 1209 1594 1282 inquibus
1632 1209 1842 1270 inimici
1876 1206 2051 1264 nostri

479 1304 710 1377 sagittas
740 1305 958 1360 eminus
988 1304 1256 1368 volantes,
1286 1303 1606 1374 blasphema
1650 1316 1845 1372 nempe
1870 1311 1926 1357 et
1958 1300 2054 1354 im-

480 1399 572 1471 pia
607 1399 775 1462 dicta,
804 1399 860 1454 in
894 1413 997 1455 nos
1029 1397 1282 1454 emittere
1321 1397 1519 1453 solent.
1549 1395 1685 1452 Nam
1713 1395 2054 1468 persecutio-

481 1507 616 1548 num
645 1499 894 1564 tempure
921 1505 1031 1546 non
1065 1491 1280 1547 eminus
1322 1489 1430 1546 tela
1467 1489 1712 1554 mittunt,
1749 1487 1846 1544 sed
1884 1486 2055 1543 comi-.-

480 1603 588 1644 nus
613 1587 879 1658 impetum
909 1586 1194 1649 facientes,
1222 1600 1324 1642 nos
1351 1584 1638 1640 universos
1658 1582 1942 1649 devorare,
1963 1589 2055 1638 ut-

481 1687 610 1752 pote
655 1686 890 1735 mortem
939 1685 1255 1748 expetentes
1301 1683 1548 1733 nostram
1573 1715 1590 1743 ,
1636 1682 1938 1740 conantur;
1992 1681 2056 1730 ut

2150 572 2450 628 κυκλώσει
2479 589 2554 627 σε
2582 575 2622 643 ἡ
2649 572 2900 642 ἀλήθεια
2929 569 3134 626 αὑτοῦ.
3205 569 3347 641 Δῦτη
3378 567 3488 640 γὰρ
3515 568 3550 640 ἡ
3582 567 3733 638 ἀλή-

2152 664 2272 718 θεια
2301 664 2408 718 τῶν
2431 665 2665 736 Χριστοῦ
2693 665 3000 736 δογμάτων,
3020 662 3257 734 μεγάλην
3289 659 3596 732 κεκτημένη
3624 658 3734 712 δύ-

2151 775 2352 829 ναμιν,
2410 757 2501 812 τὸν
2556 757 2744 828 ἔχοντα
2797 756 2968 828 αὐτὴν
3017 754 3340 827 περιφράξει
3363 795 3380 821 ,
3451 749 3736 806 κυκλοῦσα

2151 850 2347 916 αὑτὸν,
2369 850 2478 920 ,καὶ
2517 850 2915 922 περιϐάλλουσα
2945 847 3024 920 τῷ
3062 847 3258 918 ἑαυτῆς
3285 845 3435 916 ὅπλῳ
3457 887 3473 910 ,
3506 843 3641 916 πρὸς
3663 843 3737 896 τὺ

2155 943 2290 1015 μήτε
2318 943 2510 1006 νυκτὸς
2535 942 2883 1014 ἐπελθούσης,
2912 943 3048 1015 μήτε
3069 941 3286 1005 σκοτίας
3309 937 3735 1008 καταλαϐούσης

2151 1035 2404 1101 δεδιέναι,
2437 1036 2560 1107 μηδ’
2589 1035 2694 1089 ὑπὸ
2720 1034 2899 1105 φόϐων
2926 1032 3318 1106 ταράττεσθαι,
3355 1033 3492 1103 μήτε
3522 1030 3631 1084 τῶν
3665 1031 3732 1082 ἑν

2152 1125 2335 1199 ἡμέρᾳ
2378 1126 2746 1199 πεμπομένων
2788 1124 2956 1196 βελῶν
2984 1124 3306 1197 φροντίζειν,
3364 1122 3523 1196 Δηλοῖ
3547 1121 3606 1176 δὲ
3630 1119 3732 1176 διὰ

2155 1219 2255 1291 μὲν
2285 1219 2387 1290 τῆς
2417 1218 2609 1283 νυκτὸς
2633 1217 2728 1272 καὶ
2759 1217 2858 1289 τῆς
2893 1218 3113 1282 σκοτίας
3141 1218 3267 1280 τοὺς
3303 1212 3731 1287 περιστατικοὺς

2152 1311 2409 1382 καιροὺς,
2451 1311 2570 1366 καθ’
2600 1311 2694 1376 οὓς
2717 1328 2853 1383 φησι
2878 1311 3042 1383 μηδὲν
3075 1309 3469 1383 φοϐηθήσεσθαι
3493 1309 3589 1363 τὸν
3613 1309 3735 1364 ὑπὸ

2149 1402 2246 1458 τοῦ
2270 1404 2368 1475 τῆς
2395 1402 2650 1475 ἀληθείας
2675 1402 2840 1461 ὅπλου
2863 1402 3376 1475 περιπεφραγμένον
3392 1419 3408 1435 ο
3434 1400 3522 1455 διὰ
3544 1401 3602 1454 δὲ
3618 1401 3734 1473 τῆς

2149 1494 2365 1566 ἡμέρας
2389 1495 2514 1558 τοὺς
2543 1497 2604 1551 ὲν
2621 1494 2832 1567 γαλήνῃ
2861 1496 2956 1549 καὶ
2986 1495 3137 1568 εὐδίᾳ
3159 1495 3253 1548 καὶ
3278 1495 3524 1566 εἰρηνικῇ
3554 1511 3733 1549 κατα-

2154 1586 2360 1652 στάσει,
2395 1586 2518 1642 καθ’
2535 1585 2629 1652 οὓς
2659 1587 2940 1660 πόρρωθεν
2971 1586 3097 1659 βέλη
3125 1585 3398 1657 πετόμενα
3423 1583 3543 1640 καθ’
3565 1583 3732 1656 ἡμῶν

2153 1678 2392 1751 πέμπειν
2441 1678 2694 1735 εἰώθασιν
2739 1682 2789 1735 ol
2823 1680 3042 1752 ἐχθροὶ,
3077 1680 3201 1744 τοὺς
3247 1677 3596 1750 βλασφήμους
3627 1679 3732 1732 καὶ

481 1770 778 1842 aliquando
821 1769 912 1826 ille
943 1785 1070 1826 eum
1100 1769 1279 1840 potuit
1308 1767 1610 1824 devoravit.
1647 1767 1720 1822 At
1765 1781 1866 1823 nos
1894 1772 2052 1822 scuto

2154 1769 2369 1835 ἀσεϐεῖς
2399 1770 2607 1826 ἑαυτῶν
2632 1769 2839 1841 λόγους.
2869 1769 3027 1826 Κατὰ
3051 1768 3160 1842 γὰρ
3183 1769 3312 1834 τοὺς
3337 1767 3443 1822 τῶν
3466 1766 3732 1838 διωγμῶν

481 1837 592 1935 iam
613 1870 916 1920 memorato
943 1837 1198 1933 protecti,
1227 1860 1474 1916 dicemus
1501 1877 1517 1916 :
1546 1857 1673 1914 Nisi
1699 1859 1826 1931 quia
1867 1857 2052 1914 Domi.

2155 1863 2397 1934 καιροὺς,
2425 1864 2488 1918 οὐ
2511 1837 2792 1936 πόρρωθεν
2823 1837 3216 1932 έστῶτεςνβέλη
3241 1859 3548 1931 πέμπουσιν
3567 1897 3584 1920 ,
3609 1837 3731 1911 ἀλλ’

479 1973 579 2012 nus
618 1967 728 2011 erat
761 1957 816 2032 in
849 1956 1018 2020 nobis,
1053 1971 1172 2009 cum
1213 1961 1553 2023 exsurgerent
1586 1952 1820 2008 homines
1850 1953 1907 2007 in
1931 1968 2050 2019 nos,

478 2047 618 2118 forte
645 2049 785 2103 vivos
822 2047 1163 2118 deglutisssnt
1202 2061 1296 2100 nos
1323 2045 1391 2101 ⁷⁸³.
1442 2043 1633 2116 Neque
1673 2050 1836 2101 nocte
1887 2043 2056 2116 igitur

479 2147 660 2208 neque
714 2137 953 2194 interdiu
999 2135 1134 2208 quid
1175 2143 1366 2193 contra
1405 2151 1507 2193 nos
1544 2142 1803 2208 poterunt
1844 2135 2053 2190 inimici

480 2231 654 2286 nostri
683 2231 907 2302 propter
952 2227 1242 2284 Dominum
1272 2235 1733 2300 propugnatorem
1780 2234 2052 2284 nostrum.

479 2320 663 2390 Quare
695 2321 904 2377 dictum
941 2327 1029 2376 est
1055 2337 1070 2375 :
1101 2317 1226 2373 Non
1257 2318 1460 2374 timebis
1494 2335 1529 2372 α
1559 2319 1745 2373 timore
1770 2326 2051 2383 nocturno,

479 2432 516 2471 α
565 2416 762 2486 sagitta
803 2413 1012 2470 uolunte
1036 2413 1092 2467 in
1118 2411 1224 2478 die,
1266 2425 1309 2467 a'
1341 2411 1544 2482 negotio
1577 2411 1972 2480 perambulante
1999 2412 2056 2466 in

481 2507 737 2571 tenebris;
772 2506 884 2562 imo
909 2519 1087 2576 neque
1115 2521 1149 2559 a
1177 2505 1335 2558 ruina
1371 2512 1423 2559 et
1457 2503 1718 2560 daemonio
1763 2501 2055 2558 meridiano

479 2601 814 2657 timebimus.
851 2585 1006 2666 Quod
1033 2599 1081 2654 si
1108 2597 1278 2653 millia
1305 2604 1362 2653 et
1387 2595 1575 2653 decem
1605 2595 1798 2660 millia,
1824 2595 1939 2652 sive
1969 2595 2056 2650 in-

478 2691 777 2750 visibilium
823 2705 922 2747 seu
947 2689 1249 2746 visibilium
1302 2687 1652 2743 inimicorum
1696 2693 1750 2742 et
1797 2686 2054 2751 hostium,

2154 1955 2384 2026 έγγύθεν
2416 1956 2729 2030 ὁρμῶντες,
2763 1957 3053 2012 καταπιεῖν
3079 1955 3226 2028 ἡμᾶς
3257 1953 3410 2017 δλους
3443 1946 3534 2008 οἷα
3561 1952 3732 2006 θανά-

2151 2063 2248 2102 του
2281 2047 2421 2118 φίλοι
2451 2047 2747 2120 πειρῶνται
2769 2065 2784 2080 ο
2817 2047 2876 2111 ὃς
2899 2045 3125 2101 κατέπιε
3154 2045 3278 2100 τότε
3303 2045 3545 2116 ίσχύσας.
3583 2041 3730 2096 Ἀλλ’

2153 2141 2314 2212 ἡμεῖς
2341 2157 2406 2211 γε
2429 2179 2444 2205 ,
2477 2140 2556 2214 τῷ
2585 2139 2874 2212 δηλωθέντι
2910 2129 3058 2211 ὅπλῳ
3094 2137 3500 2211 πεφυλαγμένοι
3518 2175 3534 2200 ,
3564 2135 3729 2210 ἐροῦ-

2157 2249 2258 2304 μεν
2275 2249 2290 2263 ·
2342 2229 2410 2287 El
2433 2233 2520 2303 μὴ
2551 2231 2641 2287 ὅτι
2673 2233 2890 2302 Κύριος
2910 2227 2992 2303 ἦν
3014 2231 3085 2286 ἐν
3108 2229 3274 2301 ἡμῖν,
3299 2227 3471 2295 ἐν.τῷ
3497 2229 3730 2284 ἐπανα-

2154 2321 2373 2392 στῆναι
2397 2322 2747 2392 ἀνθρώπους
2767 2321 2860 2392 ἐφ’
2889 2319 3049 2391 ἡμᾶς
3066 2360 3083 2386 ,
3116 2320 3232 2390 ἄρα
3254 2317 3473 2385 ζῶντας
3503 2317 3585 2373 ἂν
3620 2334 3730 2374 κα-

2153 2415 2362 2472 τέπιον
2387 2414 2566 2486 ἡμᾶς.
2596 2415 2720 2472 οὔτ’
2747 2412 2841 2472 οῦν
2870 2414 3084 2488 ἡμέρας
3107 2414 3232 2473 orm
3259 2412 3450 2476 νυκτὸς
3475 2412 3728 2484 δυνήσον-

2153 2507 2242 2564 ταί
2259 2526 2312 2563 τι
2335 2507 2458 2564 καθ’
2479 2508 2512 2580 ἡ
2520 2507 2636 2580 μῶν
2653 2509 2702 2563 οι
2719 2508 2902 2581 ἐχθροὶ
2921 2507 3007 2563 διὰ
3025 2507 3117 2563 τὸν
3134 2504 3552 2580 ὑπερμαχοῦντα
3569 2506 3604 2575 ἡ
3612 2503 3731 2575 μῶν

2154 2597 2378 2673 Κύριον.
2447 2599 2538 2654 Διδ
2585 2589 2861 2654 λέλεκται·
2912 2601 2996 2654 Οὐ
3043 2599 3357 2668 φοϐηθήσῃ
3386 2595 3505 2651 ἀπὸ
3536 2595 3731 2666 φόϐου

2153 2692 2524 2762 νυκτερινοῦ,
2547 2691 2663 2747 ἀπὸ
2691 2690 2922 2758 βέλους
2948 2689 3278 2760 πετομένου
3308 2688 3534 2758 ἡμέρας
3551 2726 3566 2752 ,
3607 2687 3732 2742 ἀπὸ

479 2790 676 2841 contra
714 2781 919 2839 Christi
956 2781 1217 2853 populum
1257 2787 1315 2836 et
1359 2785 1550 2834 contra
1597 2776 1897 2834 Ecclesiam
1934 2777 2052 2848 ejus

2155 2781 2496 2854 πράγματος
2522 2783 2594 2837 ἐν
2619 2784 2823 2838 σκότει
2863 2781 3365 2852 διαπορευομένου
3382 2797 3399 2821 '-
3449 2779 3563 2835 ἀλλ’
3607 2779 3732 2833 οὐδὲ

479 2873 916 2935 insurrexerint;
943 2887 1134 2929 omnes
1164 2885 1296 2928 sane
1320 2885 1428 2926 una
1454 2870 1631 2926 virtus
1658 2869 1780 2939 ejus
1805 2885 1915 2926 uno
1941 2885 2052 2926 mo-

2154 2873 2274 2930 ἁπὸ
2329 2875 2766 2945 συμπτώματος
2810 2872 2908 2928 καὶ
2959 2873 3267 2945 δαιμονίου
3319 2869 3732 2944 μεσημϐρινοῦ

481 2973 670 3023 mento
705 2966 972 3034 destruet,
1002 2971 1065 3019 ut
1102 2977 1205 3020 nos
1234 2961 1372 3034 ipsis
1407 2962 1584 3019 oculis
1611 2961 1908 3018 vindictam
1939 2977 2052 3034 per-

2156 2961 2597 3036 φοϐηθησόμεθα.
2652 2965 2718 3019 Et
2747 2965 2807 3019 δὲ
2837 2963 2934 3018 καὶ
2959 2965 3195 3036 χιλιάδες
3223 2964 3318 3018 καὶ
3350 2963 3609 3035 μυριάδες
3633 2965 3730 3016 ἀο-

481 3058 806 3132 spiciamus.
850 3056 977 3114 Ideo
1023 3055 1224 3111 dicitur
1262 3072 1276 3110 :
1329 3053 1699 3109 Verumtamen
1731 3054 1898 3109 oculis
1951 3055 2052 3111 tuis

2157 3054 2336 3128 ράτων
2362 3055 2396 3127 ἢ
2422 3055 2519 3110 καὶ
2551 3056 2762 3129 ὁρατῶν
2791 3057 3000 3131 ἐχθρῶν
3026 3058 3121 3118 καὶ
3155 3056 3428 3128 πολεμίων
3461 3055 3604 3110 κατὰ
3634 3053 3730 3110 τοῦ

481 3147 865 3216 considerabis,
905 3157 955 3204 et
974 3148 1032 3202 in
1060 3146 1453 3202 retributionem
1478 3155 1810 3216 peccaton
1836 3144 2051 3202 videbis.

2155 3143 2287 3206 λαοῦ
2332 3145 2427 3201 τοῦ
2479 3148 2716 3220 Χριστοῦ
2754 3151 2850 3205 καὶ
2878 3151 3020 3206 κατὰ
3058 3152 3161 3224 τῆς
3195 3148 3521 3221 Ἐκκλησίας
3564 3147 3730 3204 αὑτοῦ

480 3241 595 3299 Nos
637 3249 818 3298 autem
871 3240 1142 3298 sermonis
1181 3239 1467 3296 veritatem
1515 3239 1636 3311 ipsa
1679 3239 2052 3311 exemplorum

2158 3238 2542 3305 ὲπάνασταῖεν,
2571 3239 2709 3295 άλλά
2736 3243 2833 3297 καὶ
2869 3242 3078 3309 πάντας
3099 3241 3310 3314 ἀθρόως
3330 3239 3469 3312 ὁμοῦ
3502 3239 3596 3292 καὶ
3624 3238 3727 3291 πά.

479 3331 933 3402 interpretatione
953 3329 1318 3402 percepimus,
1340 3337 1636 3400 conspecto
1661 3328 1829 3385 variis
1849 3336 2052 3400 tempo~

2161 3345 2262 3400 σας
2286 3330 2320 3401 ἡ
2347 3328 2512 3385 αὐτοῦ
2534 3329 2760 3404 δύναμις
2787 3331 2848 3386 ὲν
2875 3333 2975 3404 μιᾷ
2999 3334 3140 3404 ῥοπῇ
3173 3329 3424 3395 καθελεῖ,
3452 3328 3529 3393 ὡς
3545 3329 3728 3395 αὐτοῖς

480 3423 633 3480 ribus
654 3419 952 3480 Ecclesium
977 3420 1182 3478 Christi
1209 3421 1642 3495 impugnantium
1661 3420 1786 3486 line,
1809 3421 1901 3492 qui
1917 3436 2052 3476 con-

2155 3418 2452 3493 ὀφθαλμοῖς
2484 3421 2816 3496 παραλαϐεῖν
2843 3424 2991 3496 ἡμᾶς
3017 3433 3116 3496 την
3143 3421 3441 3491 ἐκδίκησιν.
3523 3419 3616 3472 Διὸ
3641 3418 3729 3470 λέ-

480 3515 686 3580 festim,
702 3529 804 3572 nec
828 3515 990 3587 longo
1015 3524 1136 3587 post
1161 3523 1402 3585 tempore
1430 3528 1463 3569 a
1485 3511 1597 3570 Deo
1618 3512 1872 3570 debellati
1900 3519 2047 3570 sunt.

2155 3511 2363 3568 λεκταιο
2419 3514 2597 3585 Πλὴν
2621 3515 2744 3584 τοῖς
2781 3515 3111 3587 ὀφθαλμοῖς
3152 3531 3270 3573 σου
3310 3512 3727 3588 κατανοήσεις,

480 3613 582 3668 καὶ
631 3612 1043 3669 ἀνταπόδοσιν
1089 3609 1452 3680 ἁμαρτωλῶν
1501 3609 1656 3680 ὄψει.
1709 3609 1900 3681 Ἡμεῖς
1923 3609 1982 3664 δὲ
2020 3608 2114 3663 τοῦ
2150 3609 2309 3680 λόγου
2345 3610 2446 3683 τὴν
2485 3611 2745 3684 ἀλήθειαν
2789 3610 2851 3679 ἐξ
2885 3611 3054 3683 αὐτῆς
3083 3611 3188 3684 τῆς
3214 3609 3497 3684 ἑρμηνείας
3522 3623 3721 3676 παρειο

479 3705 732 3780 λὴφαμεν
753 3747 769 3773 ,
802 3707 944 3761 κατὰ
971 3707 1197 3779 καιροὺς
1243 3705 1313 3760 τὰ
1356 3705 1486 3777 τέλη
1550 3705 1882 3778 συνορῶντες
1912 3704 2142 3778 τῶνντὴν
2191 3706 2515 3780 Ἐκκλησίαν
2541 3707 2637 3763 τοῦ
2663 3707 2799 3764 θεοῦ
2828 3707 3274 3780 πολεμησάντων,
3306 3702 3633 3776 παραχρῆμά
3658 3718 3723 3755 τε

480 3799 576 3853 καὶ
601 3799 702 3852 οὐκ
737 3799 818 3864 είς
846 3799 1054 3872 μακρὸν
1084 3799 1188 3853 ὑπὸ
1209 3798 1303 3852 τοῦ
1332 3797 1468 3853 Θεοῦ
1500 3798 1936 3871 πολεμηθέντων,

553 3906 680 3962 Haec
710 3923 871 3978 porro
900 3909 1105 3973 omnia,
1140 3916 1198 3964 et
1237 3915 1432 3965 caetera
1451 3908 1554 3965 sub
1581 3908 1700 3965 haac
1728 3915 2048 3976 memorata,

2226 3911 2412 3968 Πάντα
2429 3912 2488 3967 δὲ
2500 3909 2669 3966 ταῦτα
2682 3911 2856 3968 καὶτά
2880 3909 3090 3975 τούτοις
3111 3909 3238 3983 ἑξῆς
3256 3909 3617 3980 ἐπιλεγόμενα
3637 3910 3729 3964 ἐπὶ

481 4001 552 4064 ad
586 4003 861 4058 hominem
899 4003 1061 4058 etiam
1095 4003 1189 4074 qui
1235 4002 1292 4058 in
1341 4002 1563 4060 Christo
1595 4014 1682 4061 est
1723 4003 2052 4072 referentur,

2157 4004 2248 4059 τδν
2268 4005 2325 4059 ἑν
2340 4003 2558 4077 Χριστῷ
2577 4003 2861 4078 ἄνθρωπον
2879 4002 3311 4076 άνενεχθήτσεται,
3333 4002 3429 4057 καὶ
3445 4003 3536 4055 ἐπὶ
3554 4001 3727 4056 πάντα

481 4110 697 4152 necnon
737 4094 805 4150 ad
850 4111 1042 4151 omnes
1069 4096 1171 4166 qui
1199 4095 1381 4151 dicere
1410 4094 1626 4150 valeant
1660 4114 1674 4150 :
1705 4094 1899 4152 Omnia
1927 4110 2052 4164 pos-

2157 4096 2249 4151 τὺν
2293 4091 2404 4150 οἷόν
2450 4113 2511 4150 τε
2547 4095 2724 4166 λέγειν
2743 4113 2762 4136 ο.
2802 4094 3007 4151 Πάντα
3050 4095 3237 4165 ἰσχύω
3269 4095 3341 4149 ἐν
3373 4093 3455 4160 τῷ
3480 4093 3728 4149 Mura-

482 4205 600 4244 sum
622 4189 676 4242 in
696 4205 756 4244 eo
777 4187 868 4258 qui
900 4203 981 4242 me
1001 4187 1264 4256 confortat
1295 4185 1506 4242 Christo
1531 4186 1731 4242 Iesu."
1762 4185 1862 4243 llic
1890 4204 2052 4259 porro

2154 4186 2371 4257 μοῧντί
2391 4204 2469 4257 με
2497 4185 2726 4256 Χριστῷ
2765 4185 2980 4256 Ἰησοῦ.
3050 4179 3218 4250 Οὗτος
3247 4185 3292 4240 δ’
3328 4185 3394 4240 ἂν
3425 4184 3512 4256 εἴη
3539 4186 3570 4239 6
3599 4185 3728 4257 Χρι-

485 4279 648 4336 luerit
674 4278 880 4335 Christi
902 4277 1125 4344 chorus,
1155 4276 1249 4360 qui
1273 4293 1336 4333 ex
1361 4278 1566 4334 sanctis
1591 4285 1644 4334 et
1674 4270 1929 4348 perfectis
1963 4278 2052 4336 Dei

2161 4277 2287 4334 στοῦ
2330 4279 2520 4352 χορὸς,
2557 4281 2586 4333 δ
2614 4277 2672 4346 ἐξ
2712 4277 2880 4349 ἁγίων
2912 4279 3006 4332 καὶ
3029 4276 3248 4332 τελείων
3272 4275 3409 4331 Θεοῦ
3436 4275 3730 4348 μαρτύρων

483 4371 817 4450 martyribus
867 4376 1107 4438 constat,
1137 4370 1340 4440 quique
1403 4368 1472 4424 ad
1519 4369 1836 4441 sanguinem
1885 4385 2052 4442 usque

2161 4371 2449 4436 συνεστὼς,
2483 4373 2511 4426 ὁ
2533 4371 2725 4444 μέχρις
2754 4369 2986 4443 αἵματος
3012 4367 3409 4442 ἀγωνιζόμενος
3429 4369 3572 4440 ὑπὲρ
3592 4368 3726 4440 άληο

483 4478 584 4535 pro
619 4463 843 4519 veritate
869 4462 1192 4527 decertavit,
1224 4469 1279 4518 et
1307 4461 1494 4517 bravia
1524 4461 1765 4518 victoria:
1795 4477 1918 4518 cum
1948 4461 2052 4520 Deo

2159 4465 2342 4530 θείας,
2381 4464 2477 4517 καὶ
2505 4463 2580 4518 τά
2620 4462 2848 4536 βραϐεῖα
2874 4463 2974 4534 τῆς
3018 4465 3078 4518 ὲν
3104 4461 3223 4532 Θεῷ
3259 4461 3417 4533 νίκης
3451 4461 3595 4516 κατὰ
3623 4461 3730 4516 τῶν

482 4560 653 4624 parta:
674 4553 939 4610 adversus
969 4553 1223 4610 inimicos
1249 4553 1454 4608 retulit.
1490 4551 1614 4608 llaec
1649 4553 1799 4619 item,
1831 4571 1954 4626 qua:
1971 4555 2052 4612 di-

2158 4556 2466 4611 ἀντιπάλων
2513 4556 2819 4629 αἰρόμενος.
2865 4555 2976 4610 Καὶ
3002 4555 3096 4609 ἐπὶ
3121 4554 3210 4609 τὸν
3239 4555 3528 4625 ἄνθρωπον
3551 4553 3612 4608 δὲ
3639 4553 3730 4607 τοῦ

479 4651 568 4700 cta
596 4652 744 4713 sunt,
769 4644 974 4702 Christi
1025 4645 1235 4700 homini
1272 4644 1672 4716 coaptabuntur
1711 4664 1725 4701 :
1773 4645 1878 4702 hoc
1908 4648 2052 4704 enim

2158 4649 2395 4721 Χριστοῦ
2421 4649 2820 4722 άρμοσθήσεται
2847 4649 2918 4704 τά
2947 4647 3212 4721 λεγόμενα
3232 4665 3246 4678 ο
3267 4645 3426 4701 τοῦτο
3440 4643 3574 4717 γοῦν
3593 4665 3730 4718 παρ⁴

483 4737 723 4792 declarat
758 4738 1031 4796 dictorum
1067 4737 1257 4794 series.
1293 4735 1430 4792 Nam
1477 4753 1601 4793 cum
1643 4738 1710 4794 ad
1743 4740 2052 4811 quempiam

2163 4742 2372 4815 ίστησιν
2403 4741 2541 4815 αῦτη
2593 4743 2627 4813 ἡ
2666 4741 2771 4798 τῶν
2797 4740 3186 4814 ἐμφερομένων
3206 4737 3513 4793 ἀκολουθία.
3546 4737 3730 4790 Εἰπὼν

482 4829 715 4886 dixisset
746 4849 760 4887 :
794 4832 1058 4902 Quoniam
1088 4833 1196 4903 ipse
1229 4831 1474 4888 liberabit
1525 4831 1588 4888 de
1637 4833 1824 4904 laqueo
1867 4851 2055 4890 venan-

484 4922 640 4988 tium,
661 4932 710 4977 et
729 4940 761 4977 a
787 4923 938 4979 verbo
972 4923 1296 4989 turbulento,
1322 4933 1375 4982 et
1406 4943 1420 4981 :
1453 4923 1520 4981 In
1552 4926 1785 4996 scapulis
1811 4928 1922 4982 suis
1959 4927 2054 4982 ob-

482 5013 745 5068 umbrabit
794 5015 910 5082 tibi,
952 5026 1001 5071 et
1032 5017 1127 5071 sub
1158 5018 1339 5088 pennis
1373 5017 1485 5087 ejus
1518 5017 1796 5087 sperabis;
1840 5028 1891 5074 et
1926 5035 2051 5074 cum

481 5105 730 5162 eumdem
761 5106 1042 5178 alloquens
1072 5108 1406 5164 subdidisset
1455 5127 1467 5163 :
1510 5107 1673 5162 Scuto
1705 5109 2052 5164 circumdabit

484 5210 534 5254 te
564 5199 755 5254 veritas
783 5199 939 5269 ejus;
970 5208 1024 5256 et
1050 5200 1184 5255 illud
1218 5219 1234 5257 :
1273 5199 1397 5256 Non
1431 5201 1634 5257 timebis
1675 5219 1710 5256 a
1751 5203 1934 5257 timore
1963 5219 2054 5258 no-

481 5301 700 5356 cturno;
737 5290 975 5362 itemque
1009 5310 1024 5346 :
1059 5292 1261 5348 Cadent
1295 5311 1328 5347 a
1367 5295 1529 5349 latere
1567 5304 1657 5350 tuo
1695 5294 1922 5361 mille,et
1961 5293 2054 5350 de-

483 5398 594 5438 cem
627 5381 800 5436 millia
836 5399 868 5436 a
897 5381 1096 5436 dextris
1126 5383 1273 5455 tuis,
1317 5381 1386 5436 ad
1417 5392 1465 5437 te
1512 5391 1687 5437 autem
1719 5399 1822 5438 non
1860 5398 2052 5453 appro-

481 5473 790 5546 pinquabit;
830 5479 886 5530 et
925 5472 1216 5544 adjecisset
1257 5492 1271 5528 :
1325 5472 1691 5529 Verumtamen
1728 5475 1894 5530 oculis
1943 5475 2048 5530 tuis

482 5563 861 5632 considerabis,
907 5575 958 5620 et
1000 5563 1394 5620 retributionem
1428 5575 1764 5632 peccatorum
1815 5565 2046 5628 videbis;

483 5670 608 5714 cum
652 5659 832 5714 omnia
856 5660 1204 5732 singulariter
1231 5661 1386 5732 quasi
1416 5660 1482 5716 de
1505 5676 1614 5716 uno
1644 5662 1858 5719 locutus
1883 5667 2048 5730 esset,

485 5860 508 5871 -
556 5811 604 5846 "
642 5809 783 5868 Psal.
816 5828 1002 5871 cxxm.
1041 5817 1157 5873 1-5.
1233 5819 1273 5850 τι
1317 5815 1514 5872 I‘liiliu.
1557 5833 1628 5873 iv.
1668 5813 1752 5871 15.

2158 4833 2268 4912 γὰρ
2295 4837 2324 4888 ὁ
2345 4834 2502 4904 λόγος
2531 4835 2667 4905 πρὸς
2693 4833 2788 4887 ἕνα
2816 4833 2939 4888 τινὰ
2957 4874 2973 4900 ,
3015 4833 3146 4888 Ὀτι
3179 4831 3363 4898 αὐτὸς
3384 4831 3642 4900 ῥύσεται
3665 4830 3730 4882 ἐι

2161 4927 2410 4997 παγίδος
2425 4925 2722 4995 θηρευτῶν
2742 4926 2839 4981 καὶ
2859 4926 2979 4982 ἀπὸ
2996 4927 3181 4998 λόγου
3197 4921 3598 4994 ταραχώδους,
3616 4924 3730 4984 καὶ.

2172 5019 2275 5072 Ἐν
2295 5016 2417 5084 τοῖς
2445 5016 2834 5088 μεταρρένοις
2860 5017 3047 5072 αὐτοῦ
3081 5014 3420 5071 ἐπισκιάσει
3456 5029 3556 5068 σοι
3576 5053 3593 5078 ,
3632 5016 3729 5066 καὶ

2163 5107 2282 5164 ὑπὸ
2327 5107 2434 5176 τὰς
2472 5108 2760 5180 πτέρυγας
2809 5109 2995 5164 αὐτοῦ
3025 5107 3281 5174 ἐλπιεῖς·
3337 5108 3430 5160 καὶ
3463 5105 3602 5179 πρὸς
3643 5105 3729 5160 τὸν

2163 5203 2325 5258 αὐτὸν
2353 5203 2572 5273 ἐπάγων
2599 5203 2660 5257 τὸ
2678 5245 2695 5271 ,
2736 5203 2941 5271 Ὀπλῳ
2984 5199 3282 5258 κυκλώσει
3307 5217 3384 5255 σε
3411 5201 3450 5270 ὴ
3480 5199 3727 5269 ἀλήθεια

2159 5293 2344 5349 αὐτοῦ
2363 5309 2378 5324 ’
2408 5293 2503 5346 καὶ
2538 5291 2634 5357 τὸ,
2662 5293 2746 5346 Οὐ
2770 5291 3085 5362 φοϐηθήσῃ
3110 5290 3228 5346 ἀπὸ
3251 5290 3726 5360 φόϐου-νυκτερε-

2151 5383 2264 5441 νοῦ
2285 5400 2299 5415 ο
2325 5384 2418 5438 καὶ
2443 5382 2523 5447 τὸ,
2558 5381 2834 5437 Πεσεῖται
2859 5381 2929 5436 ἐκ
2948 5381 3054 5436 τοῦ
3089 5381 3332 5446 κλίτους
3358 5396 3476 5435 σου
3507 5379 3727 5462 χιλιὰς⁹

2152 5474 2251 5529 καὶ
2274 5473 2491 5544 μυριὰς
2511 5473 2580 5528 ἐκ
2601 5471 2815 5538 δεξιῶν
2831 5486 2948 5527 σου
2961 5511 2976 5537 ,
3009 5470 3160 5542 πρὸς
3180 5470 3256 5526 σὲ
3277 5468 3346 5524 δὲ
3365 5471 3478 5524 οὐκ
3512 5466 3702 5538 ἐττιεῖ
3713 5483 3728 5498 ·

2154 5567 2245 5621 καὶ
2266 5565 2471 5629 τούτοις
2493 5563 2801 5636 προστιθεὶς
2823 5563 2905 5630 τὸ,
2929 5563 3103 5632 Πλὴν
3121 5561 3243 5629 τοῖς
3262 5559 3590 5632 ὀφθαλμοῖς
3613 5576 3728 5616 σου

2154 5656 2568 5728 κατανοήσεις,
2604 5657 2700 5712 καὶ
2733 5655 3138 5715 ἀνταπόδοσιν
3161 5652 3520 5726 ἁμαρτωλῶν
3551 5651 3689 5726 ὄψει
3710 5667 3728 5686 ⁸
