3990 6202
217 322 358 368 1149

1337 282 1840 373 consummata
1879 322 1944 373 ea
1984 321 2321 376 PSALMOS.

3318 325 3454 373 1150

216 426 398 482 πάντα
434 425 491 495 δὲ
514 425 585 481 τὰ
611 426 808 492 ἑνικῶς
832 426 1000 482 εἰπὼν
1019 425 1096 493 ὡς
1122 426 1260 500 πρὸς
1283 429 1380 484 ἕνα
1402 431 1542 497 τινὰ,
1573 432 1794 486 ἐπισυν-

1897 434 1978 489 sic
2011 432 2174 490 infert
2205 432 2502 500 :Quoniam
2534 439 2592 484 tu
2615 448 2690 496 es,
2725 430 2965 498 Domine,
2991 446 3102 501 spes
3125 447 3259 493 mea.
3292 433 3457 487 Altis-

215 519 379 587 ᾲπτει
419 519 612 598 λέγων,
654 521 776 574 Ὅτι
800 519 901 586 σὺ,
939 523 1134 600 Κύριε,
1151 523 1326 590 ἐλπίς
1334 541 1472 593 μου,
1493 525 1601 578 τὸν
1622 525 1645 545 "
1659 527 1790 594 ηἰη-

216 627 370 667 στογ
394 611 534 666 ἔθου
567 612 918 684 καταφυγήν
936 628 1052 668 σου
1069 632 1082 646 ’
1109 614 1417 683 σαφέστατα
1442 614 1788 687 παρίσταται,

214 701 302 755 ὅτι
339 699 546 772 Κύριος
581 695 650 772 ἦν
679 700 816 770 πρὸς
842 701 900 754 ὃν
924 700 1095 755 ταῦτα
1125 701 1300 755 πάντα
1325 702 1559 772 ἐλέγετο.
1609 705 1790 777 Μηδε-

216 793 352 862 μιᾶς
379 789 492 863 γὰρ
528 790 784 864 διαμέσου
814 791 1112 864 ὲναλλαγῆς
1143 792 1434 864 προσώπου
1474 795 1790 868 γενομένης,

215 877 457 954 συνῆψεν
480 885 509 938 ὁ
553 883 710 952 λόγος
741 885 845 938 ὑπὸ
894 886 1022 956 μίαν
1051 883 1286 940 διάνοιαν
1319 885 1394 948 ὡς
1423 885 1558 956 πρὸς
1598 885 1693 939 ἕνα
1723 887 1794 940 τὰ

212 974 429 1029 πάνταο
463 973 777 1047 παρέστησε
805 993 864 1029 τε
896 975 980 1040 τίς
1028 984 1157 1030 ποτε
1205 971 1273 1047 ἦν
1297 969 1471 1039 οὗτος,
1519 975 1794 1045 διασαφῶν

211 1066 350 1137 ἑξῆς
380 1067 474 1122 καὶ
503 1066 676 1138 λέγων
695 1084 708 1099 ·
745 1069 866 1121 Ὅτι
903 1067 984 1123 σὺ
1004 1108 1019 1132 ,
1045 1069 1262 1136 Κύριε,
1294 1067 1472 1134 ἐλπίς
1503 1086 1621 1137 μου
1640 1109 1655 1133 ,
1689 1067 1795 1122 τὸν

152 1218 172 1239 ,θ
211 1158 526 1228 ’Υψιστον
554 1160 696 1216 ἔθου
741 1157 1094 1230 καταφυγήν
1135 1174 1273 1215 σου.
1321 1159 1534 1232 Ἐπειδὴ
1565 1159 1671 1234 γὰρ
1705 1159 1791 1224 σὺ,

209 1251 421 1321 φησὶν,
449 1245 494 1305 ὧ
526 1249 730 1322 Κύριε,
763 1252 848 1321 ἐφ’
875 1250 935 1304 ὃν
962 1249 1074 1318 ἐγὼ
1105 1249 1306 1321 ἤλπισα
1329 1288 1345 1314 ,
1377 1249 1470 1304 τὸν
1515 1249 1792 1320 Ὕψιστον,

157 1412 160 1414 γ
207 1340 418 1412 δηλαδὴ
435 1341 526 1395 τὸν
553 1340 811 1394 ἀνωτάτω
830 1340 960 1394 Θεὸν
974 1380 990 1405 ,
1019 1340 1113 1394 καὶ
1139 1339 1336 1393 σαυτοῦ
1359 1339 1597 1413 Πατέρα,
1626 1357 1793 1394 κατα-

208 1432 398 1506 φυγὴν
435 1431 557 1486 ἔθου
587 1432 814 1485 σεαυτοῦ
834 1472 849 1497 ,
878 1430 968 1485 διὰ
991 1429 1151 1485 τοῦτο
1180 1430 1240 1485 οὺ
1267 1431 1687 1503 προσελεύσεταί
1714 1449 1795 1486 σοι

205 1516 342 1575 οῦτε
362 1519 558 1592 χιλιὰς,
583 1518 708 1573 οὔτε
735 1519 954 1594 μυριὰς,
987 1519 1110 1574 οὔτε
1135 1518 1363 1590 παγίδες
1384 1519 1680 1593 θηρευτιῖω,
1707 1520 1798 1574 οῦ-

204 1631 278 1668 τε
295 1632 350 1668 τι
380 1613 566 1686 ἕτερον
585 1612 694 1668 τῶν
713 1612 1214 1685 κατηριθμημένων
1231 1630 1246 1644 ο
1274 1611 1370 1667 καὶ
1392 1612 1689 1685 ἐπειδήπερ
1708 1613 1794 1678 σὺ,

203 1698 262 1760 ὦ
285 1704 482 1778 Κύριε,
515 1699 569 1758 εἴ
591 1721 691 1776 μου
711 1702 807 1757 τοῦ
833 1701 1005 1763 ταῦτα
1025 1703 1272 1774 λέγοντος
1299 1703 1474 1768 ἐλπὶς,
1506 1704 1617 1758 Τὸν
1632 1705 1799 1774 "Mt,

205 1811 371 1853 στον
401 1796 542 1851 ἔθου
572 1794 925 1865 καταφυγήν
948 1810 1064 1851 σου
1086 1813 1100 1826 ·
1135 1794 1224 1849 διά
1253 1793 1412 1849 τοῦτο
1440 1795 1534 1849 καὶ
1554 1795 1790 1867 ἀρχόμε-
1823 1782 1868 1842 Β

207 1905 308 1954 νος
349 1887 534 1962 ἔλεγον
579 1887 707 1959 περὶ
762 1887 878 1952 σοῦ,
915 1889 970 1941 '0
996 1887 1287 1943 κατοικῶν
1309 1887 1379 1941 ἐν
1401 1887 1663 1957 βοηθείᾳ
1685 1888 1793 1944 τοῦ

222 1976 540 2049 ’Υψίστοψ
555 1978 612 2050 ἢ,
628 1978 691 2031 '0
705 1978 1038 2048 καθήμενος
1049 1979 1118 2032 ἐν
1135 1978 1458 2047 ἀποκρύφῳ
1471 1977 1488 2002 '
1498 1980 1761 2048 Υψίστου
1775 1995 1792 2012 ο

209 2070 516 2142 ἐπειδήπερ
557 2070 616 2123 ὲν
651 2070 981 2144 ἀπορρήτοις
1024 2070 1118 2124 καὶ
1159 2070 1500 2142 ἀποκρύφοις
1545 2069 1794 2142 σύνεδρὰν

214 2180 280 2217 σε
312 2163 408 2217 καὶ
446 2161 731 2234 σύνθρονον
761 2164 790 2216 ὁ
821 2161 1080 2233 ’Υψιστος
1111 2162 1420 2235 ἐποιήσατο,
1450 2163 1630 2234 φήσας
1655 2162 1795 2234 πρὸς

217 2254 315 2309 σέο
369 2253 564 2310 Κάθου
595 2254 664 2308 ἐκ
691 2253 812 2308 τῶν
842 2253 1057 2319 δεξιῶν
1078 2271 1231 2324 μου,
1266 2253 1377 2322 ἕως
1420 2253 1498 2308 ἂν
1534 2253 1614 2309 θῶ
1653 2254 1796 2321 τοὺς

215 2347 468 2417 ἐχθρούς
495 2361 613 2403 σου
637 2347 972 2402 ὑποπόδιον
1001 2347 1121 2402 τῶν
1152 2345 1355 2402 ποδῶν
1381 2364 1519 2402 σου.

299 2438 552 2508 Ὑψίστου
566 2438 762 2515 δὲονοου
770 2438 928 2510 μένου
945 2440 1004 2492 ὲν
1021 2439 1231 2502 τούτοις
1248 2437 1342 2492 τοῦ
1358 2438 1634 2493 ἀνωτὰτου
1657 2437 1793 2492 Θεοῦ

218 2528 329 2584 τῶν
359 2529 526 2583 ὅλων·
554 2529 758 2600 Κυρίου
785 2529 842 2583 δὲ
868 2529 1000 2584 Υἱοῦ
1028 2529 1122 2583 τοῦ
1149 2529 1304 2596 Θεοῦ,
1333 2529 1392 2589 ὃς
1421 2529 1512 2583 τὸν
1531 2529 1794 2599 ’Υψιστον

218 2619 370 2676 ἔθετο
399 2621 714 2691 καταφυγὴν
740 2619 924 2686 αὑτοῦ,
955 2620 1182 2685 εἰκότως
1218 2621 1311 2675 καὶ
1329 2620 1568 2691 Μωῦσῆς
1589 2620 1668 2692 τῷ
1700 2621 1798 2675 αὺ-

217 2707 300 2780 τῷ
319 2707 444 2780 θείῳ
463 2709 738 2781 Πνεύματι
755 2709 1014 2781 θεοφοροό
1023 2727 1182 2781 μενος
1203 2710 1482 2765 ἐδίδασκεν
1501 2711 1559 2763 ὲν
1583 2710 1795 2784 μεγάλῃ

219 2797 330 2872 ᾠδῇ
356 2798 554 2868 λέγων·
612 2801 752 2854 Ὅτε
781 2799 1096 2870 διεμέριζεν
1127 2803 1161 2855 ὁ
1190 2801 1484 2870 "rutam;
1511 2802 1653 2870 ἔθνη
1674 2840 1689 2866 ,
1717 2802 1797 2868 ὠς

219 2888 556 2959 διέσπειρον
585 2889 754 2956 υἱοὺς
785 2889 979 2960 Ἀδὰμ,
1005 2890 1271 2959 ἔστησεν
1291 2890 1420 2959 ὅρια
1436 2890 1625 2946 ἐθνῶν
1649 2891 1798 2947 κατὰ

215 2982 468 3054 ἀριθμὸν
485 2981 754 3053 ἀγγέλων
777 2981 945 3036 Θεοῦ.
970 2980 1081 3038 Kal
1102 2980 1355 3052 ἐγενήθη
1372 2981 1556 3052 μέρος
1573 2985 1796 3052 Κυρίου

214 3075 370 3142 ⁸ιαός
384 3075 566 3130 αὐτοῦ
601 3073 815 3139 Ἰακὼϐ,
838 3073 1169 3144 σχοίνισμα
1189 3075 1590 3143 κληρονομίας
1612 3073 1798 3129 αὑτοῦ

230 3163 615 3232 Ἰσραήλ..Διά
637 3162 840 3217 τούτων
878 3163 1008 3232 γοῦν
1056 3162 1150 3216 καὶ
1181 3165 1210 3217 δ
1242 3163 1486 3233 Μωῡσῆς
1537 3164 1797 3234 Ὕψιστον

219 3254 415 3325 σαφῶς
432 3257 686 3328 προσεῖπε
728 3255 821 3309 τὸν
850 3255 1148 3325 ἀγέννητον
1178 3254 1311 3309 Θεὸν
1334 3293 1348 3319 ,
1383 3255 1701 3326 διανέμοντα
1728 3257 1796 3309 τά

216 3346 319 3401 ἀπὶ
331 3347 434 3418 γῆς
455 3345 578 3418 ἔθνη
595 3350 705 3411 τοῖς
727 3345 920 3400 ἑαυτοῦ
945 3346 1196 3415 ἀγγέλοις
1212 3363 1226 3377 ο
1255 3345 1460 3418 Κύριον
1478 3347 1536 3401 δὲ
1559 3347 1650 3401 τὸν
1670 3347 1796 3400 Υίδν

217 3438 324 3494 τοῦ
341 3437 600 3504 Θεοῦ,τδν
623 3438 774 3510 παρά
795 3437 889 3491 τοῦ
936 3438 1151 3509 Πατρὸς
1179 3437 1272 3491 τὸν
1306 3437 1518 3510 Ἰσραήλ
1547 3439 1797 3492 ὑποδεδε-

222 3529 450 3600 γμένον.
480 3530 651 3594 Αὐτὸς
671 3529 715 3582 δ’
739 3526 831 3582 οὖν
850 3521 1005 3591 οὗτος
1035 3529 1065 3580 ὁ
1083 3528 1291 3601 Κύριος
1319 3529 1411 3583 καὶ
1436 3527 1524 3582 διά
1536 3529 1644 3583 τῶν
1667 3546 1797 3602 προ-

220 3620 488 3692 κειμένων
517 3621 576 3674 ev
606 3619 824 3690 βοηθείᾳ
845 3617 939 3671 τοῦ
971 3615 1230 3686 Ὑψίστου
1258 3621 1533 3674 κατοικεῖν
1559 3621 1793 3690 ἐλέγετο,

223 3712 549 3782 καταφυγήν
575 3728 634 3765 τε
667 3711 858 3765 ἑαυτοῦ
883 3711 972 3765 τὸν
995 3710 1260 3781 ’Ὕψιστον
1281 3709 1571 3775 τεθεῖσθαι,
1598 3711 1796 3785 δηλαδή

220 3799 315 3853 τὸν
341 3799 534 3853 ἑαυτοῦ
588 3799 832 3871 Πατέρα.
868 3800 959 3854 Διὸ
991 3798 1237 3852 λέλεκται
1271 3799 1406 3870 πρὸς
1435 3801 1625 3855 αὐτόν’
1679 3803 1798 3858 Ὅτι

223 3890 307 3947 σὺ
329 3933 344 3957 ,
370 3893 546 3960 Κύριε
565 3931 580 3957 ,
614 3892 787 3957 ἐλπίς
813 3910 964 3960 μου,
987 3891 1101 3947 τὸν
1132 3893 1420 3960 Ὕψιστον
1445 3894 1584 3948 ἔθου
1615 3911 1795 3950 κατα-

222 3978 430 4051 φυγήν
455 3995 590 4035 σου.
650 3980 800 4034 Ἐπεὶ
823 3981 880 4034 δὲ
923 3980 1350 4052 Ἰουδαῖκώτερον
1375 3983 1406 4034 ὀ
1446 3982 1674 4048 Ἀκύλας
1705 3985 1798 4038 καὶ

224 4072 256 4124 δ
279 4071 570 4143 Σύμμαχος
595 4073 696 4143 τὴν
726 4073 1018 4144 ἑρμηνείαν
1047 4072 1387 4128 ὲκτεθείκασι
1406 4115 1422 4138 ,
1458 4075 1797 4147 ὑφορώμενοι

225 4164 288 4219 τὸ
322 4167 452 4236 περὶ
493 4165 584 4218 τοῦ
631 4165 879 4235 Ὑψίστου
913 4166 1008 4218 καὶ
1040 4166 1284 4238 περὶτοῦ
1311 4167 1516 4236 Κυρίου
1545 4169 1798 4223 ἀποδεδο-

228 4257 391 4329 μένον
421 4259 552 4330 ήμῖν
591 4258 798 4329 δόγμα·
836 4259 929 4312 καὶ
958 4259 986 4311 6
1034 4259 1132 4330 μὲν
1187 4259 1414 4324 Ἀκύλας
1457 4261 1800 4332 ήρμήνευσεν

225 4347 426 4402 ιιπώνο
462 4349 590 4403 Ὅτι
617 4348 719 4412 σὺ,
742 4349 936 4416 Κύριε,
967 4349 1143 4416 ἐλπίς
1164 4367 1314 4420 μου,
1367 4351 1632 4420 ὕψιστον
1672 4351 1802 4421 ἐθηι

225 4455 312 4494 κα
360 4437 812 4508 κατοικητήριον
843 4453 991 4497 σουε
1033 4441 1062 4493 ὁ
1104 4439 1161 4493 δὲ
1201 4440 1522 4512 Σύμμαχος·
1559 4441 1642 4495 Σὺ
1668 4441 1800 4512 γὰρ,

227 4531 364 4597 Θεέ,
390 4531 606 4600 ἀφοϐία
644 4548 788 4600 μου,
821 4531 1094 4599 ὑψίστην
1124 4530 1266 4586 ἔθου
1303 4530 1417 4599 τὴν
1447 4532 1802 4598 κατοίκησίν

223 4639 376 4682 σου·
411 4623 674 4696 τηρητέον
711 4621 925 4695 πρῶτον
957 4622 1055 4693 μὲν
1080 4660 1096 4686 ,
1137 4621 1213 4685 ὡς
1254 4623 1288 4694 ή
1325 4623 1546 4693 πέμπτη
1592 4621 1802 4687 ἔκδοσις

225 4716 446 4788 συνᾴδει
477 4717 589 4779 τοῖς
619 4713 1050 4786 Ἐὗδομήκοντα,
1091 4713 1312 4784 φήσασα
1339 4711 1435 4777 καὶ
1457 4711 1626 4783 αὑτήο
1673 4711 1802 4764 Ὅτι

223 4807 335 4872 σὺ,
361 4807 556 4876 Κύριε,
578 4805 751 4872 ἐλπίς
775 4821 914 4874 μου,
939 4803 1046 4858 τὸν
1071 4805 1361 4872 Ὕψιστον
1379 4801 1522 4858 ἔθου
1548 4819 1802 4872 καταφυ-

224 4897 349 4970 τήν
375 4911 492 4952 σου
513 4914 526 4928 ·
561 4897 844 4968 δεύτερον,
875 4895 951 4959 ὡς
982 4897 1017 4966 ή
1056 4893 1320 4967 Ἑϐραῖκὴ
1357 4893 1506 4965 φωνὴ
1526 4933 1541 4958 ,
1589 4893 1801 4949 Ἐλιων-

223 4989 559 5062 περιέχουσα
589 4987 681 5042 τὸν
711 4986 968 5056 Ὕψιστον
989 4985 1157 5057 δηλοῖ.
1189 4983 1438 5055 Εῦρομεν
1462 4982 1595 5052 γοῦν
1617 4984 1675 5036 ὲν
1699 4988 1796 5048 νς¹

224 5081 430 5154 ψαλμῷ
457 5081 703 5154 κείμενον
727 5079 788 5135 τὸ
806 5120 822 5145 ,
839 5077 1206 5148 Κεκράξομαι
1229 5075 1379 5146 πρὸς
1398 5075 1505 5132 τὸν
1524 5075 1675 5130 Θεὸν.
1692 5074 1798 5130 τὸν

225 5175 525 5244 ὕψιστον·
559 5171 688 5237 ἔνθα
720 5171 840 5226 ἀντὶ⁹
867 5169 962 5224 τοῦ
984 5210 999 5234 ,
1023 5168 1130 5232 τὸν
1160 5168 1424 5237 ὕψιστον
1441 5205 1458 5231 ,
1486 5165 1550 5220 τὸ
1582 5165 1796 5238 Ἐϐραῖ-

226 5265 330 5322 xliv
392 5263 604 5321 Ἐλίων
657 5263 920 5336 περιέχει,
968 5262 1044 5326 ὼς
1088 5261 1181 5315 καὶ
1240 5260 1335 5312 ἐπὶ
1382 5257 1475 5317 τοῦ
1514 5258 1796 5330 παρόντος.

228 5357 350 5411 Οὐκ
375 5356 482 5426 ἀρα
508 5356 612 5428 χρὴ
643 5353 993 5426 βιαζομένους
1029 5353 1130 5424 τὴν
1156 5349 1414 5421 ἀλήθειαν
1436 5346 1797 5419 διαστρέφειν.

227 5444 346 5507 Καὶ
393 5444 565 5508 ἄλλως
593 5444 650 5498 δὲ
667 5483 683 5508 ,
712 5445 869 5514 ειπερ
905 5439 1043 5500 κατά
1075 5438 1166 5493 τὸν
1213 5437 1442 5499 Ἀκύλαν
1476 5437 1614 5508 πρὸς
1641 5435 1802 5504 αὐτὸν

231 5537 330 5592 τὸν
377 5535 578 5608 Κύριον
629 5533 898 5599 λέλεκται,
1003 5532 1128 5585 Ὅτι
1182 5529 1302 5594 σὺ,
1367 5529 1577 5597 Κύριε,
1627 5526 1802 5593 ἐλπίς

230 5646 375 5702 μου,
446 5626 708 5696 ὕψιστον
757 5625 946 5695 ἔθηκα,
985 5621 1327 5702 οἰκητήριον
1371 5635 1517 5675 σου·
1574 5617 1607 5690 ἢ
1664 5618 1801 5681 κατά

310 5783 356 5817 "
392 5779 538 5842 Psal.
571 5793 694 5844 eis.
727 5778 779 5835 l.

851 5775 898 5809 "
938 5774 1091 5833 Deut.
1125 5790 1272 5832 sun
1296 5815 1310 5836 ,
1349 5776 1402 5833 8.
1439 5773 1491 5830 9.
1568 5775 1614 5807 "
1666 5773 1811 5831 Psal.
1843 5787 1862 5810 ν

1889 521 2081 573 simum
2123 520 2345 588 posuisti
2388 521 2646 590 refugium
2682 529 2862 584 tuum;
2911 520 3252 591 apertissime
3276 521 3456 576 decla-

1890 623 2018 664 rans
2040 607 2327 663 Dominum
2355 623 2476 664 esse
2500 607 2566 661 ad
2582 623 2740 678 quem
2765 607 2878 662 haec
2909 609 3089 663 omnia
3111 609 3450 663 dicebantur.

1891 695 2025 752 Cum
2061 697 2210 751 nulla
2253 697 2398 752 enim
2434 697 2490 751 in
2530 695 2708 751 medio
2750 711 2996 766 personae
3045 698 3274 752 mutatio
3312 696 3455 752 facta

1892 789 1984 856 sit,
2023 790 2205 844 omnia
2237 805 2341 843 una
2375 788 2662 852 sententia,
2696 789 2849 858 quasi
2899 789 2987 843 uni
3031 789 3200 851 dicta,
3232 789 3458 845 concin-

1893 888 2019 936 nata
2047 889 2194 944 sunt,
2225 895 2290 934 ac
2328 880 2413 936 his
2453 879 2633 935 verbis
2665 879 2810 935 clare
2839 879 3177 950 signiﬁcatur
3205 880 3420 936 declara
3439 909 3454 920 ο

1893 981 2087 1044 torque
2119 973 2240 1042 quis
2278 973 2368 1026 ille
2398 971 2470 1027 sit
2503 989 2516 1023 :
2545 971 2806 1038 Quoniam
2839 980 2894 1024 tu
2937 988 3013 1037 es,
3056 969 3299 1038 Domine,
3340 986 3454 1040 spes

1893 1083 2029 1130 mea,
2055 1065 2384 1118 Altissimum
2415 1064 2639 1133 posuisti
2659 1063 2917 1134 refugium
2940 1072 3106 1118 tuum.
3127 1062 3263 1129 Quia
3286 1064 3451 1127 enim,

1894 1155 2089 1226 inquit,
2137 1163 2217 1218 tu,
2266 1153 2510 1218 Domine,
2545 1153 2602 1209 in
2641 1168 2803 1225 quem
2848 1168 2948 1226 ego
2983 1153 3216 1224 speravi,
3241 1154 3456 1209 Altissi-

1893 1261 2062 1310 mum,
2111 1244 2164 1299 id
2215 1253 2298 1300 est
2333 1259 2647 1314 supremum
2704 1242 2874 1298 Deum
2918 1253 2972 1300 et
3026 1242 3239 1300 Patrem
3279 1251 3453 1309 tuum,

1893 1336 2158 1408 refugium
2193 1346 2343 1391 tuum
2391 1336 2646 1408 posuisti,
2687 1335 2810 1391 ideo
2841 1350 2949 1390 non
2979 1335 3239 1391 accedent
3273 1335 3339 1389 ad
3376 1345 3451 1398 te,

1893 1444 2069 1500 neque
2101 1429 2289 1493 millia,
2326 1444 2502 1501 neque
2532 1428 2717 1485 decem
2766 1428 2955 1493 mil-lia,
3004 1443 3104 1484 nec
3154 1429 3331 1498 laquei
3362 1443 3456 1482 ve-

1894 1523 2162 1586 nantium,
2195 1537 2368 1592 neque
2405 1520 2551 1576 aliud
2595 1520 2870 1592 quidpiam
2918 1536 2984 1576 ex
3019 1520 3368 1575 memoratis:
3403 1527 3463 1574 et.

1895 1616 2021 1687 quia
2047 1623 2127 1680 tu,
2168 1613 2413 1681 Domine,
2445 1629 2570 1685 spes
2608 1615 2713 1670 mei
2744 1631 2805 1670 es
2835 1614 2949 1669 haec
2978 1613 3206 1670 dicentis
3241 1632 3254 1668 :
3290 1613 3458 1666 Altis-

1896 1707 2089 1760 simum
2114 1705 2338 1775 posuisti
2369 1705 2628 1776 refugium
2661 1714 2848 1768 tuum;
2887 1705 3008 1761 ideo
3050 1703 3206 1758 initio
3249 1717 3458 1759 sermo-

1894 1796 1980 1853 nis
2011 1796 2077 1851 de
2107 1803 2159 1851 te
2203 1795 2448 1852 dicebam
2487 1814 2500 1848 :
2537 1795 2641 1861 Qui
2665 1795 2868 1850 habitat
2909 1795 2966 1850 in
2999 1794 3264 1865 adjutorio
3294 1795 3460 1851 Altis-

1894 1887 2034 1950 simi,
2071 1893 2165 1942 aut
2193 1903 2207 1941 :
2242 1887 2348 1954 Qui
2368 1886 2572 1940 habitat
2594 1887 2649 1940 in
2679 1886 2984 1942 abscondito
3013 1887 3296 1948 Altissimi,
3328 1888 3457 1958 quia

1893 1977 1950 2032 in
1978 1977 2195 2034 arcanis
2227 1986 2280 2034 et
2308 1978 2541 2035 occultis
2576 1985 2631 2033 te
2668 1978 2982 2034 Altissimus
3010 1979 3154 2035 sedis
3193 1987 3246 2035 et
3275 1979 3456 2033 throni

1893 2076 2202 2127 consortem
2226 2068 2425 2146 ell‘ecit,
2457 2078 2511 2126 te
2547 2071 2628 2126 sic
2667 2071 2952 2140 alloquens
2990 2089 3003 2125 :
3035 2069 3167 2126 Sede
3195 2088 3226 2125 a
3255 2070 3457 2126 dextris

1894 2161 2045 2226 meis,
2085 2159 2248 2215 donec
2285 2176 2477 2230 ponam
2520 2162 2760 2223 inimicos
2793 2173 2909 2218 tuos
2957 2161 3240 2220 scabellum
3273 2162 3459 2234 pedum

1897 2263 2106 2309 tuarum
2126 2255 2196 2308 τι.

1963 2411 2101 2468 Cum
2145 2421 2324 2468 autem
2353 2412 2666 2471 Altissimus
2687 2412 2781 2471 hic
2808 2429 3193 2484 prmsupremo
3217 2416 3460 2471 omnium

1895 2502 2006 2559 Deo
2034 2503 2397 2576 intelligatur;
2448 2503 2712 2560 Dominus
2765 2510 2946 2559 autem
3009 2520 3108 2574 pro
3164 2502 3302 2558 Filio
3345 2503 3460 2570 Dei,

1895 2595 1988 2666 qui
2028 2595 2367 2652 Altissimum
2399 2598 2580 2667 posuit
2613 2596 2882 2668 refugium
2924 2597 3272 2667 suum;jure
3316 2596 3465 2668 Moy-

1896 2700 1986 2741 ses
2006 2684 2249 2755 ejusdem
2282 2684 2521 2756 Spiritus
2536 2685 2760 2741 numine
2779 2685 2990 2746 amatus
3018 2685 3073 2738 in
3095 2701 3292 2756 magno
3334 2699 3466 2741 can-

1895 2781 2002 2837 tico
2036 2781 2149 2836 hac
2187 2780 2372 2836 docuit
2406 2799 2418 2834 :
2452 2779 2675 2846 Quando
2714 2778 2977 2833 diuidebat
3008 2778 3312 2836 Altissimus
3341 2793 3468 2850 gen-

1896 2881 1992 2936 tes,
2023 2882 2082 2928 ut
2103 2872 2480 2928 disseminabat
2513 2872 2656 2941 ﬁlios
2688 2870 2882 2935 Adam,
2914 2870 3184 2924 constituit
3218 2869 3464 2924 terminos

1897 2968 2228 3037 populorum,
2261 2964 2546 3021 secundum
2589 2981 2864 3018 numerum
2904 2964 3207 3036 angelorum
3251 2961 3361 3016 Dei.
3398 2959 3467 3014 Et

1899 3059 2042 3129 facta
2080 3067 2159 3114 est
2197 3059 2368 3126 portio
2402 3057 2616 3111 Domini
2642 3056 2864 3126 populus
2889 3055 3002 3126 ejus
3029 3053 3221 3116 Iacob,
3257 3052 3468 3120 funicu-

1823 3140 1865 3196 C
1898 3153 1980 3205 lus
2027 3149 2351 3204 hwreditatis
2406 3149 2521 3219 ejus
2587 3147 2758 3202 Israel
2800 3148 2870 3204 ⁷⁸.
2927 3146 3022 3201 His
3062 3145 3202 3200 enim
3256 3133 3468 3216 Moyses

1895 3243 2060 3298 Deum
2094 3241 2394 3312 ingenitum
2420 3240 2628 3311 liquido
2655 3239 2994 3295 Altissimum
3031 3237 3342 3308 appellavit,
3373 3235 3468 3306 qui

1893 3343 2080 3406 gentes
2140 3342 2294 3389 terra:
2350 3333 2557 3404 angelis
2613 3332 2730 3388 suis
2789 3329 3102 3393 distribuit;
3179 3327 3466 3383 Dominum

1891 3441 2022 3482 vero
2071 3423 2268 3479 Filium
2316 3422 2434 3487 Dei,
2468 3423 2562 3495 qni
2612 3423 2862 3479 lsraelem
2904 3437 2934 3478 a
2987 3420 3149 3476 Patre
3206 3419 3467 3489 suscepit.

1894 3517 1993 3574 Hic
2041 3533 2170 3590 ergo
2222 3519 2339 3588 ipse
2413 3515 2675 3572 Dominus
2746 3515 2801 3568 in
2865 3512 3137 3582 adjutorio
3202 3509 3468 3565 Altissimi

1893 3610 2138 3666 habitare
2208 3608 2594 3672 aﬂirmabatnr,
2668 3614 2723 3662 et
2791 3605 3132 3660 Altissimnm
3217 3604 3470 3674 posuisse

1892 3702 2158 3774 refugium
2207 3717 2386 3767 suum,
2427 3699 2679 3755 videlicet
2723 3697 2937 3752 Patrem
2983 3711 3164 3752 suum.
3196 3695 3472 3762 Quamob-

1893 3811 2007 3852 rem
2046 3794 2248 3849 dictum
2309 3801 2394 3851 est
2450 3794 2527 3849 illi
2585 3812 2598 3848 :
2654 3791 2919 3859 Quoniam
2969 3800 3027 3845 tu
3086 3806 3164 3851 es,
3226 3787 3466 3852 Domine,

1894 3900 2008 3953 spes
2040 3901 2175 3947 mea,
2206 3883 2539 3938 Altissimum
2569 3879 2796 3952 posuisti
2832 3879 3094 3949 refugium
3131 3889 3298 3932 tuum.
3330 3876 3470 3944 Quia

1893 3992 2023 4033 vero
2087 3976 2281 4047 Aquila
2331 3983 2385 4031 et
2430 3973 2790 4045 Symmachus
2844 3970 3006 4026 modo
3060 3969 3127 4024 ad
3185 3968 3471 4023 .Iutlaicam

1896 4068 2222 4126 sententiam
2282 4067 2510 4138 propius
2565 4065 2864 4121 accedente
2919 4062 3260 4132 interpretati
3319 4069 3468 4126 sunt,

1899 4154 2206 4219 doctrinam
2241 4170 2272 4212 a
2303 4155 2462 4210 nobis
2493 4155 2559 4208 de
2589 4154 2871 4211 Altissimo
2903 4161 2958 4207 et
2987 4152 3056 4208 de
3091 4151 3319 4205 Domino
3361 4159 3473 4204 tra-

1897 4245 2064 4300 ditam
2113 4254 2422 4315 suspectam
2467 4245 2772 4310 habentes;
2809 4244 3004 4313 Aquila
3059 4244 3202 4298 enim
3267 4241 3469 4301 ulidia,

1899 4336 2159 4403 Quoniam
2185 4347 2260 4402 tu,
2310 4335 2552 4399 Domine,
2588 4352 2704 4404 spes
2762 4352 2898 4395 mea,
2951 4333 3268 4386 altissimum
3317 4331 3471 4397 posui

1902 4428 2264 4483 habitaculum
2323 4435 2510 4490 tuum;
2558 4425 2919 4497 Symmachus
2969 4437 3129 4486 vero,
3190 4419 3266 4473 Tu
3309 4419 3469 4483 enim,

1903 4519 2065 4578 Deus.
2086 4520 2283 4590 ﬁducia
2312 4535 2449 4582 mea,
2475 4517 2795 4577 altissimam
2840 4514 3064 4585 posuisti
3093 4511 3470 4566 habitationem

1901 4623 2078 4674 tuam;
2109 4610 2505 4666 observandum
2538 4609 2715 4679 primo
2732 4614 2837 4668 est.
2865 4606 3116 4676 quintam
3181 4603 3472 4659 editionem

1903 4701 2251 4772 Septuaginta
2280 4698 2673 4771 lnterpretibus
2701 4697 2973 4763 accinere,
3005 4710 3129 4750 nam
3159 4707 3213 4750 et
3244 4695 3361 4765 ipsa
3390 4692 3473 4749 sic

1899 4793 2083 4858 habet,
2115 4791 2377 4858 Quoniam
2411 4801 2489 4855 tu,
2537 4789 2778 4853 Domine,
2811 4804 2924 4859 spes
2973 4804 3110 4853 mea,
3148 4787 3468 4842 altissimum

1899 4884 2125 4954 posuisti
2171 4883 2433 4954 refugium
2491 4893 2639 4937 tuum
2681 4897 2700 4946 ;
2737 4880 2999 4946 secundo,
3032 4879 3348 4940 [lebraicam
3375 4893 3472 4934 vo-

1902 4992 2042 5042 cem,
2069 4991 2190 5048 qua:
2228 4975 2386 5029 Elian
2411 4973 2574 5030 habet
2590 4972 2921 5036 Altissimum
2943 4971 3266 5043 significare.
3302 4969 3360 5025 ln
3385 4985 3474 5026 LVI

1900 5069 2044 5136 enim
2059 5067 2268 5140 psalmo
2283 5066 2363 5132 sic
2375 5080 2696 5137 expressum
2709 5064 3013 5120 invenimus
3030 5065 3075 5096 "
3095 5083 3108 5118 :
3135 5061 3388 5128 Clamabo
3403 5061 3474 5116 ad

1901 5158 2070 5227 Deum
2097 5158 2416 5213 altissimum
2447 5172 2465 5210 :
2504 5156 2595 5212 ubi
2620 5171 2720 5227 pro
2744 5155 2858 5220 illo,
2885 5154 3223 5219 altissimum,
3250 5152 3474 5208 Hebrai-

1902 5265 2030 5316 cum
2051 5248 2344 5318 exemplar,
2371 5246 2548 5310 Elian,
2582 5243 2914 5311 circumfert,
2938 5253 3000 5299 ut
3024 5252 3078 5299 et
3112 5244 3166 5299 in
3197 5240 3469 5311 presenti.

1899 5341 2018 5406 Non
2052 5349 2266 5410 oportet
2293 5354 2424 5410 ergo
2453 5337 2710 5406 violentia
2740 5345 2958 5393 utentes
3006 5335 3289 5392 veritatem
3319 5346 3472 5387 ever-

1901 5441 2037 5489 tere.
2069 5429 2136 5498 Ει
2162 5429 2402 5500 alioquin
2423 5429 2470 5484 si
2493 5427 2794 5485 secundum
2821 5426 3073 5497 Aquilam
3107 5423 3208 5493 ipsi
3240 5419 3472 5476 Domino

1901 5524 2106 5581 dictum
2141 5523 2232 5591 sit,
2264 5522 2526 5590 Quoniam
2560 5530 2614 5575 tu
2640 5538 2717 5588 es,
2741 5519 2982 5584 Domine,
3015 5531 3127 5585 spes
3159 5529 3294 5577 mea,
3315 5510 3470 5566 altis-

1903 5619 2096 5674 simum
2144 5617 2298 5689 posui
2348 5615 2708 5672 habitaculum
2773 5622 2955 5672 tuum;
3014 5613 3107 5660 aut
3171 5601 3469 5670 secundum

1880 5789 1925 5827 εἰ
1998 5772 2050 5828 3.
