3988 6204
587 283 726 340 1151

1262 272 1532 331 EUSEBII
1569 271 2047 331 CESARIENSIS
2083 272 2232 339 OPP.
2269 271 2448 328 PARS
2480 271 2570 330 Ill.
2607 303 2691 321 -ι
2714 268 3122 327 EXEGETICA.

3675 268 3823 327 “52

524 462 529 468 _
586 393 991 469 Symmachum,
1022 392 1101 447 Tu
1132 392 1291 457 enim,
1323 390 1482 454 Deus,
1523 390 1721 461 fiducia
1770 408 1908 456 mea,
1950 391 2148 447 altissi-

2254 392 2343 448 τὸν
2358 393 2671 465 Σύμμαχον,
2693 389 2776 446 Σὺ
2790 387 2920 460 γὰρ,
2938 388 3131 456 Κύριε,
3157 386 3373 457 ἁφοϐία
3386 403 3528 457 μου,
3548 388 3823 458 {tibia-tur

584 502 728 542 mam
764 485 989 555 posuisti
1029 483 1410 538 habitationem
1443 490 1627 546 tuam;
1653 493 1707 539 et
1736 497 1939 549 sermo,
1970 492 2029 538 ut
2056 481 2152 538 Ju-

582 577 684 634 daei
711 578 1025 649 opinantur,
1074 576 1143 632 ad
1192 575 1360 632 Deum
1408 577 1789 632 universorum
1835 574 2147 633 referatur:

580 684 684 725 cur
728 667 984 739 deinceps
1042 667 1281 732 additur,
1336 666 1635 723 secundum
1687 666 1962 738 Aquilam,
2025 665 2149 721 Non

579 760 954 829 importabitur
979 758 1073 813 tibi
1095 758 1323 825 malitia,
1355 767 1406 812 et
1433 758 1594 828 plaga
1620 773 1727 812 non
1758 757 2150 827 appropinqua-

581 849 657 904 bit
689 858 977 922 tegumenta
1006 858 1119 915 tuo,
1139 850 1387 921 quoniam
1414 850 1615 921 angelis
1657 852 1770 906 suis
1796 851 2064 919 principiet
2092 859 2151 904 ut

578 942 883 998 custodiant
927 952 974 997 te
1011 944 1066 997 in
1116 942 1355 998 omnibus
1383 943 1482 998 viis
1514 944 1639 999 tuis.
1667 941 1737 997 In
1774 941 2016 998 manibus
2050 941 2152 995 tol-

580 1034 689 1090 lent
721 1047 790 1100 te,
824 1052 886 1090 ne
913 1035 1049 1104 forte
1092 1034 1324 1105 o/fendat
1348 1036 1407 1089 in
1451 1034 1625 1105 lapide
1649 1049 1738 1105 pes
1769 1045 1924 1099 tuus;
1955 1048 2153 1091 secun-

576 1126 708 1182 dum
765 1118 1159 1199 Symmachum
1194 1142 1345 1193 vero,
1398 1136 1525 1199 post
1570 1127 1727 1193 illud,
1776 1127 1880 1207 lla,
1904 1126 2148 1191 Domine,

579 1217 780 1287 ﬁducia
809 1234 945 1283 mea,
970 1218 1289 1273 altissimam
1309 1219 1535 1288 posuisti
1565 1219 1940 1275 habitationem
1967 1228 2148 1285 tuam;

580 1323 689 1378 qua
712 1308 781 1364 de
808 1324 978 1364 causa
1005 1308 1447 1379 subjicitur,Non
1474 1309 1775 1381 praevalebit
1803 1310 2079 1367 adversum
2101 1322 2154 1368 te

581 1401 803 1467 malum,
830 1417 991 1470 neque
1015 1401 1174 1472 plaga
1211 1403 1647 1475 appropinquabit
1674 1403 2014 1459 tabernaculo
2036 1413 2145 1460 tuo.

581 1492 845 1558 Quoniam
888 1494 1087 1565 angelis
1124 1494 1236 1548 suis
1276 1494 1548 1549 mandabit
1572 1495 1635 1550 de
1663 1504 1731 1559 te,
1763 1508 1820 1549 ut
1848 1495 2149 1551 custodiant

580 1594 630 1639 te
660 1585 716 1639 in
745 1585 985 1641 omnibus
1008 1587 1104 1641 riis
1134 1587 1262 1641 tuis.
1297 1585 1363 1639 In
1391 1586 1635 1641 manibus
1672 1585 1952 1657 gestabant
1990 1596 2058 1650 te.
2090 1596 2150 1642 ut

579 1693 643 1731 ne
673 1678 938 1748 impingas
988 1679 1043 1733 in
1095 1678 1325 1748 lapidem
1359 1677 1487 1747 pede
1528 1681 1664 1735 tuo?
1685 1677 1812 1734 Baro
1844 1680 2044 1751 quippe
2080 1679 2149 1736 de

2252 480 2392 537 ἕθου
2418 481 2530 550 τὴν
2555 480 2798 549 οῖκησίν
2839 495 2957 533 σου
2975 495 2988 508 ·
3018 476 3352 549 ἀναφέρεταί
3382 494 3442 530 τε
3465 478 3496 531 ὁ
3522 476 3678 548 λόγος
3695 519 3716 543 ,
3745 479 3823 546 ὡς

2248 571 2315 627 ἂν
2341 573 2571 645 οἰηθεῖεν
2611 572 2879 629 Ἰουδαίων
2903 571 3108 636 παῖδες,
3134 571 3228 626 ἐπὶ
3253 571 3343 626 τὸν
3364 569 3471 625 τῶν
3500 569 3636 625 ὅλων
3660 571 3821 638 Θεὸν,

2249 665 2666 736 πῶςλσυνῆπται
2699 664 2825 736 ἑξῆς
2872 664 3013 719 κατὰ
3046 663 3146 736 μὲν
3183 663 3275 718 τὸν
3327 662 3555 717 Ἀκύλαν
3599 661 3695 727 τὺ,
3738 666 3824 720 Οὐ

2243 758 2681 831 μεταχθήσεται
2708 757 2856 826 πρὸς
2874 757 2950 811 σὲ
2976 755 3157 811 κακία
3175 793 3190 821 ,
3213 753 3311 809 καὶ
3340 753 3465 825 ἁφὴ
3497 757 3608 811 οὐκ
3636 754 3827 826 ἐπ·ιεῖ

2247 854 2318 909 ὲν
2346 851 2546 920 σκέπῃ
2575 864 2691 905 σου
2708 865 2722 881 ο
2750 849 2842 904 ὅτι
2878 848 3155 919 ἀγγέλοις
3180 847 3366 903 αὐτοῦ
3388 845 3715 901 ἐντελεῖται
3747 864 3826 904 σε

2249 942 2515 1015 φυλάξαι
2533 942 2605 996 ἐν
2627 940 2851 1007 πάσαις
2871 939 3033 1006 ὁδοῖς
3053 954 3194 995 σου.
3237 938 3361 993 Ἐπὶ
3381 937 3620 1007 ταρσῶν
3645 938 3825 1008 ἀροῦ-

2240 1053 2334 1103 σι,
2361 1036 2593 1106 μήποτε
2630 1035 2950 1103 προσκόψῃ
3068 1033 3215 1098 λίθῳ
3241 1034 3276 1087 ό
3305 1031 3462 1098 ποῦς
3491 1045 3638 1084 σου·
3667 1030 3823 1085 κατὰ

2247 1128 2305 1183 δὲ
2332 1127 2424 1183 τὸν
2445 1126 2761 1199 Σύμμαχον,
2794 1122 2931 1196 μετὰ
2951 1123 3012 1176 τὸ
3029 1163 3044 1188 ,
3067 1122 3180 1186 Σὺ,
3202 1121 3410 1192 Κύριε,
3435 1121 3651 1191 ἁφοόία
3664 1137 3819 1189 μου,

2248 1221 2521 1290 ὑψίστην
2551 1220 2692 1276 ἔθου
2721 1216 2836 1287 τὴν
2863 1216 3107 1285 οῑκησίν
3152 1230 3299 1270 σου⁶
3353 1214 3471 1280 πῶς
3504 1213 3822 1282 cunmm

2248 1313 2329 1377 τὸ.
2357 1315 2439 1369 Οῠ
2470 1313 2825 1382 κατισχύσει
2856 1324 2972 1365 σου
2998 1307 3221 1367 κακὸν.
3259 1306 3401 1373 οὐδὲ
3424 1306 3546 1376 ἁφὴ
3589 1306 3825 1376 ὲγτίσει

2246 1405 2322 1474 τῇ
2344 1403 2547 1474 σκηνῇ
2571 1419 2708 1460 σου.
2741 1403 2869 1457 Ὅτι
2892 1398 3307 1470 τοῖςάγγέλοις
3332 1396 3655 1452 ἐντελεῖται
3679 1398 3823 1466 περὶ

2244 1497 2364 1554 σοῦ
2384 1497 2730 1567 φυλάσσειν
2748 1511 2824 1551 σε
2843 1495 2912 1550 ἐν
2935 1491 3159 1559 πάσαις
3174 1491 3303 1558 ταῖς
3322 1490 3483 1557 ὁδοῖς
3502 1504 3635 1545 σου.
3677 1489 3823 1544 Ἐπὶ

2247 1590 2461 1662 χειρῶν
2471 1588 2865 1656 ,ϐαστάσουσι
2891 1600 2987 1650 σε,
3012 1586 3112 1640 ἵνα
3134 1584 3220 1655 μὴ
3249 1584 3599 1653 προσπαίσῃ
3624 1583 3692 1636 ἐν
3714 1583 3820 1659 ,ιι-

2242 1686 2328 1747 θφ
2352 1681 2491 1738 ποδί
2519 1697 2670 1745 σου;
2716 1679 2905 1734 Ταῦτα
2938 1677 3049 1749 γὰρ
3089 1676 3228 1749 πρὸς
3256 1676 3348 1730 τὸν
3372 1674 3483 1729 τῶν
3524 1674 3659 1729 ὅλων
3682 1673 3825 1728 Θεὸν

578 1767 691 1823 Deo
747 1769 1128 1825 universorum
1175 1770 1320 1825 dicta
1369 1778 1581 1839 putare.
1608 1770 1700 1840 qui
1752 1785 1863 1825 non
1900 1771 2144 1826 omnium

2249 1774 2504 1845 λέγεσθαι
2537 1773 2653 1836 πῶς
2690 1773 2791 1825 οὐκ
2820 1770 2888 1825 ἂν
2919 1769 3003 1839 εἴη
3034 1769 3249 1822 πάντων
3286 1765 3687 1831 “causam;
3724 1765 3822 1830 Τις

576 1859 964 1929 impiissimum
1016 1860 1216 1915 fuerit?
1238 1860 1378 1926 Quis
1414 1861 1561 1915 enim
1602 1862 1809 1933 angelis
1838 1862 1957 1918 suis
1994 1877 2149 1917 man-

574 1950 669 2005 det
707 1950 776 2007 de
825 1951 935 2007 Deo
986 1952 1386 2015 universorum,
1445 1960 1505 2006 ut
1564 1953 1873 2009 custodiant
1918 1969 2043 2009 eum
2093 1956 2150 2011 in

576 2042 831 2098 omnibus
883 2042 987 2098 viis
1024 2042 1236 2114 ipsius?
1264 2050 1358 2097 aut
1404 2044 1679 2113 quomodo
1702 2043 2010 2115 Denm,qui
2050 2061 2149 2102 su-

576 2148 674 2203 pra
702 2134 885 2187 omnia
916 2141 1025 2199 est,
1064 2134 1316 2190 manibus
1344 2135 1655 2207 gestabant,
1685 2144 1748 2190 ut
1776 2151 1885 2191 non
1913 2136 2152 2193 en‘eadat

577 2224 646 2278 ad
681 2224 911 2295 lapidem
949 2238 1046 2295 pes
1075 2223 1235 2294 ejus?
1271 2224 1338 2279 At
1386 2223 1540 2281 vides
1565 2240 1673 2280 non
1705 2225 1872 2283 licere
1909 2242 2005 2297 per
2034 2243 2152 2284 ser-

576 2313 756 2369 monis
805 2314 1023 2378 seriem,
1069 2314 1184 2370 haec
1230 2316 1298 2370 ad
1347 2332 1637 2386 personam
1688 2312 1801 2381 Dei,
1846 2319 1940 2389 qui
1982 2335 2150 2392 supra

575 2408 759 2459 omnia
805 2413 910 2472 est,
940 2405 1149 2461 referre
1178 2426 1192 2462 :
1225 2422 1402 2477 neque
1449 2409 1579 2463 item
1617 2409 1872 2480 superius
1903 2411 2049 2466 dicta
2082 2413 2151 2468 ab

574 2495 690 2561 illo,
716 2493 981 2561 Quoniam
999 2498 1109 2565 ipse
1144 2497 1385 2552 liberabit
1428 2509 1476 2554 te
1511 2499 1576 2554 de
1605 2500 1791 2571 laqueo
1823 2503 2146 2567 venantium,

575 2601 609 2640 a
655 2586 806 2642 verbo
854 2588 1172 2646 turbulento.
1207 2588 1267 2645 In
1301 2591 1531 2659 scapulis
1561 2593 1671 2647 suis
1697 2592 2028 2648 obumbrabit
2056 2593 2153 2648 tibi

572 2687 623 2732 et
652 2678 748 2733 sub
772 2680 954 2748 pennis
981 2681 1095 2751 ejus
1119 2683 1374 2751 sperabis,
1390 2690 1445 2738 et
1461 2691 1657 2740 cetera
1680 2700 1804 2755 quae
1824 2696 2148 2756 sequuntur.

642 2770 801 2836 Quod
847 2772 893 2828 si
936 2773 1060 2843 quis
1101 2772 1216 2828 hmo
1254 2775 1487 2844 accipiat
1518 2776 1585 2831 de
1623 2775 1846 2832 Christo
1883 2775 2001 2839 Dei,
2056 2779 2151 2847 qui

2249 1864 2358 1934 γὰρ
2377 1864 2406 1915 ὁ
2427 1865 2538 1926 τοῖς
2566 1860 2816 1930 ἀγγέλοις
2835 1856 3000 1912 αὐτοῦ
3023 1856 3397 1929 ἐντελλόμενος
3424 1857 3551 1929 περὶ
3570 1855 3669 1910 τοῦ
3683 1854 3820 1909 Θεοῦ

2240 1954 2354 2009 τῶν
2376 1954 2534 2018 ὅλων,
2560 1952 2699 2007 ὥστε
2730 1951 3019 2021 φυλάττειν
3037 1949 3198 2004 αὐτὸν
3230 1949 3289 2002 ὲν
3319 1948 3521 2013 πάσαις
3540 1951 3664 2012 ταῖς
3680 1948 3821 2012 ὁδοῖς

2248 2045 2443 2111 αύτοῦ;
2489 2047 2524 2117 ἢ
2556 2044 2673 2109 πῶς
2714 2043 2805 2098 τὸν
2840 2042 2934 2096 ἐπὶ
2965 2042 3179 2099 πάντων
3201 2042 3336 2096 Θεὸν
3372 2044 3464 2096 ἐπὶ
3490 2042 3689 2115 χειρῶν
3730 2042 3822 2112 βα-

2249 2139 2535 2193 στάσουσιν
2561 2178 2577 2203 ,
2626 2138 2713 2192 ἵνα
2760 2135 2840 2209 μὴ
2889 2133 3204 2208 προσπαίσῃ
3234 2132 3369 2203 λίθῳ
3392 2134 3423 2187 ὁ
3447 2132 3585 2198 ποῦς
3621 2133 3815 2199 αὖτεῦῧὲ

2260 2227 2400 2281 Ἀλλ’
2425 2228 2557 2300 ὁρᾷς
2574 2267 2589 2292 ,
2619 2226 2695 2291 ὡς
2722 2228 2752 2282 ὁ
2785 2227 2944 2297 λόγος
2968 2227 3076 2281 οὐκ
3106 2224 3394 2297 ἐπιτρέπει
3416 2226 3497 2290 εἰς
3530 2224 3818 2296 πρόσωπον

2247 2315 2341 2391 τοῦ
2366 2318 2458 2371 ἐπὶ
2485 2317 2700 2371 πάντων
2737 2317 2871 2372 Θεοῦ
2906 2316 3081 2372 ταῦτα
3106 2314 3505 2388 ἀναφέρεσθαι*
3534 2316 3663 2369 ἐπεὶ
3692 2315 3820 2387 μηδὲ

2248 2408 2317 2463 τὰ
2339 2408 2595 2480 ἀνωτέρω
2617 2408 2727 2463 ἀπὸ
2748 2408 2842 2463 τοῦ
2857 2450 2874 2477 ,
2906 2410 3027 2463 Ὅτι
3054 2408 3236 2475 αὐτὸς
3254 2407 3509 2477 ῥύσεταί
3530 2423 3608 2462 σε
3626 2408 3697 2462 ἐκ
3718 2422 3824 2463 xa-

2248 2501 2414 2573 γίδος
2439 2499 2760 2569 θηρευτῶν,
2788 2501 2907 2556 ἀπὸ
2938 2503 3125 2572 λόγου
3152 2498 3557 2571 ταραχώδους.
3573 2501 3681 2556 Ἐν
3702 2501 3823 2568 τοῖς

2244 2590 2634 2662 μεταφρένοις
2671 2590 2860 2646 αὐτοῦ
2892 2591 3239 2647 ἐπισκιάσει
3266 2606 3400 2657 σοι,
3433 2592 3535 2647 καὶ
3571 2591 3694 2647 ὑπό
3719 2591 3823 2660 τὰς

2250 2680 2547 2752 πτέρυγας
2571 2681 2757 2737 αὑτοῦ
2791 2681 3053 2749 ἐλπιεῖςδ,
3090 2683 3186 2737 καὶ
3211 2681 3278 2736 τὰ
3303 2682 3518 2749 τούτοις
3558 2684 3820 2754 ἑπόμενα.

2325 2776 2389 2831 El
2408 2774 2466 2828 δέ
2486 2792 2571 2840 τις
2597 2774 2767 2829 ταῦτα
2793 2775 3014 2830 ἐκλάῦοι
3041 2776 3134 2829 ἐπὶ
3158 2775 3251 2831 τὸν
3278 2776 3516 2850 Χριστὸν
3539 2776 3637 2832 τοῦ
3661 2777 3821 2845 Θεοῦ,

571 2859 683 2926 hic,
711 2869 771 2915 ut
810 2861 973 2916 etiam
1005 2862 1155 2929 alibi,
1185 2862 1452 2921 Dominus
1481 2873 1740 2933 vocatur,
1774 2868 1822 2924 is
1846 2882 1958 2923 non
1988 2869 2148 2925 aber-

2250 2869 2347 2923 καὶ
2369 2868 2603 2924 ἐνταῦθα
2640 2870 2873 2942 Κύριον,
2924 2869 3114 2942 ὥσπερ
3141 2865 3235 2924 οὖν
3261 2871 3357 2925 καὶ
3378 2873 3443 2926 ’ὲν
3481 2870 3664 2937 ἄλλοις
3687 2872 3823 2927 ὤνο-

571 2953 776 3007 ravcrit
817 2967 849 3006 a
900 2969 1029 3010 vero
1070 2973 1084 3010 :
1120 2969 1248 3010 nam
1292 2955 1585 3026 Apostolus
1616 2973 1833 3029 quoque
1857 2960 1974 3016 ait:
2005 2958 2148 3016 Unus

2255 2960 2529 3032 μασμένον
2548 3001 2563 3025 ,
2584 2961 2687 3015 οὐκ
2703 2961 2790 3018 ,ἂν
2818 2960 3106 3034 διαμάρτοι
3129 2962 3231 3033 τῆς
3257 2962 3515 3034 ἀληθείας
3532 2981 3546 2994 ·
3577 2964 3704 3018 ἐπεὶ
3733 2965 3825 3019 καὶ

573 3040 717 3097 Deus
759 3059 825 3099 ea:
864 3061 967 3116 quo
1012 3047 1209 3113 omnia,
1246 3058 1297 3103 et
1337 3064 1475 3104 unus
1541 3048 1801 3107 Dominus
1858 3068 1949 3121 per
1997 3070 2148 3125 quem

579 3135 809 3159 -.....ι-τιι
838 3154 852 3159 -
891 3152 949 3159 --
974 3153 1190 3159 ..--..,--..-
1253 3138 1394 3159 Ιτμ-.-
1453 3139 1520 3159 h-
1548 3141 1654 3159 “9,”
1688 3158 1691 3159 ,
1772 3141 1785 3159 9
1911 3145 1943 3159 ι.

2251 3053 2281 3105 ὁ
2313 3046 2803 3159 ’Δπόστολομέῖίς
2828 3051 3007 3118 Θεὸς,
3039 3051 3110 3118 ἐξ
3133 3047 3208 3109 οὗ
3235 3053 3307 3109 τὰ
3343 3052 3541 3107 πάντα
3560 3092 3577 3119 ,
3612 3055 3713 3110 καὶ
3740 3050 3825 3122 εἷς

574 3135 809 3190 omnia"
838 3154 853 3190 :
889 3152 952 3192 ac
974 3153 1216 3203 rursum,
1250 3138 1397 3194 Unus
1448 3139 1723 3204 Dominus.
1770 3141 1984 3213 inqu-it,
2039 3160 2148 3199 una

2249 3142 2460 3209 Κύριος
2479 3182 2493 3208 ,
2525 3141 2601 3195 δι’
2635 3137 2707 3198 οὗ
2731 3142 2806 3197 τὰ
2834 3141 3059 3197 πάντα·
3090 3144 3187 3198 καὶ
3227 3143 3389 3199 πάλιν
3408 3183 3426 3210 ,
3453 3142 3562 3212 Εἷς
3592 3147 3823 3214 Κύριος,

574 3228 728 3298 ﬁdes,
772 3244 936 3284 unum
974 3228 1257 3300 baptisma.
1309 3231 1454 3288 Unus
1506 3232 1671 3299 Deus,
1713 3235 1804 3304 qui
1860 3246 1942 3289 est
1996 3251 2148 3303 super

2249 3233 2403 3305 φησι,
2421 3234 2531 3303 μία
2544 3234 2766 3301 πίστις,
2786 3234 2856 3289 ἐν
2864 3236 3199 3307 βάπτισμα.
3219 3232 3329 3304 Εἷς
3345 3237 3492 3305 Θεὸς
3510 3238 3657 3293 dea!
3677 3239 3825 3295 auir-

573 3320 773 3383 omnia,
822 3330 872 3374 et
913 3335 1007 3388 per
1054 3324 1256 3387 omnia,
1286 3332 1336 3378 et
1378 3323 1437 3378 in
1477 3325 1801 3382 omnibus".
1827 3325 1945 3381 Duo
1970 3334 2148 3382 autem

2249 3341 2368 3379 των
2398 3327 2496 3381 καὶ
2528 3326 2626 3381 διὰ
2655 3328 2898 3383 πάντων
2925 3329 3025 3384 καὶ
3051 3330 3122 3383 ἐν
3160 3328 3330 3385 πᾶσι.
3385 3329 3580 3402 Κύριοι
3627 3346 3690 3383 τε
3734 3328 3826 3384 δύο

576 3407 791 3466 Domini
817 3420 1003 3483 aperte
1032 3429 1064 3468 a
1094 3413 1296 3470 Davide
1321 3416 1453 3472 dicti
1478 3425 1607 3472 sunt
1630 3418 1687 3473 in
1718 3418 1832 3481 illo,
1859 3417 2003 3472 Dixit
2037 3418 2149 3473 Do-

576 3506 753 3560 minus
793 3506 1020 3561 Domino
1050 3524 1183 3571 meo,
1216 3507 1348 3564 Sede
1383 3527 1415 3564 a
1440 3509 1642 3565 dextris
1676 3512 1830 3577 meis,
1856 3510 2020 3567 donec
2056 3526 2151 3578 po-

573 3613 702 3652 nam
761 3597 1003 3652 inimicos
1066 3609 1183 3653 tuos
1237 3601 1526 3655 scabellum
1572 3600 1764 3671 pedum
1839 3605 2148 3670 tuorum";

575 3689 687 3745 imo
710 3689 874 3746 etiam
904 3689 1039 3745 illud
1070 3690 1291 3763 Moysis,
1319 3691 1468 3748 Pluit
1504 3693 1761 3749 Dominus
1789 3712 1823 3749 a
1844 3695 2069 3750 Domino
2094 3695 2151 3749 in

576 3783 863 3840 Sodomam
892 3795 944 3841 et
991 3784 1341 3845 Gomorrham
1376 3785 1598 3855 sulphur
1623 3796 1673 3841 et
1701 3787 1952 3858 ignem",
1973 3787 2149 3844 eidem

575 3878 860 3934 sententia:
890 3879 1248 3951 astipuletur;
1314 3877 1775 3951 quemadmodum
1818 3880 1983 3936 etiam
2023 3894 2151 3937 cum

574 3970 803 4033 diceret,
834 3972 1059 4039 Quando
1080 3972 1343 4027 dividebat
1360 3972 1667 4026 Altissimus
1687 3983 1885 4043 gentes,
1913 3972 2056 4042 facta
2071 3983 2150 4029 est

572 4075 699 4129 pars
718 4061 931 4117 Domini
946 4064 1172 4133 populus
1198 4062 1314 4134 ejus
1345 4062 1606 4129 Iacob";
1637 4062 1926 4120 manifeste
1954 4064 2151 4137 quippe

574 4153 704 4207 hinc
751 4161 805 4209 et
855 4153 1202 4209 Altissimum
1251 4161 1306 4210 et
1357 4154 1647 4209 Dominum
1690 4169 1854 4211 nosse
1896 4155 2148 4226 videtur;

573 4242 914 4299 Altissimum
973 4243 1194 4315 quidem
1243 4260 1392 4311 eum,
1427 4245 1517 4316 qui
1565 4245 1847 4301 distribuit
1875 4254 2150 4304 etsortcs

572 4335 665 4389 dat
686 4334 893 4406 angelis
925 4336 1077 4403 suis;
1120 4334 1411 4391 Dominum
1449 4352 1597 4402 vero,
1650 4337 1742 4407 qui
1788 4352 1914 4392 cum
1942 4338 2150 4409 angelis

571 4423 967 4494 praecellentem
1001 4424 1243 4480 omnium
1277 4425 1517 4495 gentium
1544 4434 1743 4482 sortem
1772 4427 1990 4498 accipit.
2011 4426 2150 4493 Quia

572 4516 739 4588 igitur
766 4516 1049 4593 Dominus,
1085 4518 1180 4590 qui
1219 4518 1312 4574 hic
1343 4519 1636 4585 indicatur,
1668 4519 1843 4575 forma
1883 4521 2026 4577 servi
2053 4535 2147 4577 ac-

572 4618 751 4678 cepta,
785 4610 839 4664 in
871 4611 1283 4668 similitudinem
1324 4610 1607 4667 hominum
1633 4611 1811 4668 factus
1841 4619 1925 4669 est
1958 4620 2012 4667 et
2046 4613 2146 4668 ba-

573 4699 689 4753 bitu
740 4700 992 4757 inventus
1034 4708 1095 4755 ut
1140 4701 1324 4768 homo,
1353 4716 1419 4757 ac
1443 4710 1568 4774 post
1591 4702 1922 4774 baptismum
1946 4702 2000 4758 in
2022 4702 2145 4759 Jor-

573 4791 715 4847 danc
764 4808 978 4849 omnem
1019 4807 1217 4864 passus
1250 4795 1603 4851 tcntationem
1633 4803 1737 4863 est,
1796 4796 2016 4868 quando
2044 4795 2146 4852 du-

572 4890 695 4937 ctus
731 4891 816 4939 est
841 4899 873 4937 a
902 4882 1106 4954 Spiritu
1138 4883 1197 4939 in
1236 4885 1513 4941 desertum
1549 4892 1608 4941 ut
1634 4893 1941 4942 tentaretur
1966 4902 1997 4941 a
2024 4885 2145 4941 dia-

573 4973 719 5037 bolo,
745 4982 799 5030 et
827 4974 883 5029 in
912 4977 1205 5033 solitudine
1233 4978 1591 5051 quadraginta
1616 4980 1809 5037 diebus
1829 4987 1883 5037 et
1908 4981 2144 5052 quadra-

574 5066 722 5134 ginta
767 5067 1023 5125 noctibus
1072 5076 1314 5126 tentatus
1361 5078 1465 5137 est,
1498 5079 1552 5127 et
1591 5080 1864 5128 eratcum
1906 5071 2059 5139 leris,
2086 5082 2146 5130 ut

573 5156 651 5211 ait
689 5158 1109 5230 evangelista";
1139 5162 1265 5232 jure
1298 5159 1416 5218 hmo
1440 5166 1623 5218 omnia
1656 5164 1892 5235 Spiritus
1920 5173 2145 5223 sanctus

572 5252 935 5321 pnnnuntiare
954 5262 1205 5324 occupat,
1232 5255 1546 5326 significans
1567 5265 1771 5328 quanta
1799 5257 1990 5313 diebus
2010 5274 2147 5329 qua-

572 5334 824 5407 draginta
864 5346 1130 5398 tentatus.
1162 5348 1365 5408 quanta
1397 5341 1622 5397 totidem
1691 5342 1944 5399 noctibus
1980 5344 2147 5400 susti-

574 5431 711 5486 nuit.
763 5429 901 5486 Cum
941 5431 1085 5487 enim
1134 5432 1202 5487 ad
1253 5432 1603 5506 Evangelium
1643 5435 1800 5509 regni
1823 5435 1919 5492 Dei
1951 5435 2146 5507 przedi-

646 5632 691 5707 ἶξ
732 5632 746 5683 l
781 5631 905 5687 Cor.
938 5650 1074 5707 vnn,
1110 5634 1163 5690 6.
1239 5636 1284 5667 ⁷⁸
1321 5633 1520 5707 Epiros.
1566 5651 1635 5701 IV,
1674 5636 1744 5705 5,
1785 5635 1838 5690 6.
1918 5637 1962 5669 ⁷⁷
2002 5633 2148 5693 Psal.

2249 5651 2298 5703 ι,
2340 5636 2390 5692 l.
2464 5638 2510 5670 ⁷⁸
2548 5635 2681 5694 Gen.
2718 5654 2842 5705 χιι,
2874 5637 2963 5694 24.

575 5701 620 5731 ⁸θ
646 5700 811 5754 Marc.
849 5719 895 5761 ι.
932 5704 1014 5759 15.

2247 3415 2506 3488 ἄντικρυς
2535 3418 2631 3473 καὶ
2660 3419 2766 3474 ὑπὸ
2792 3420 2887 3475 τοῦ
2932 3419 3095 3474 Δαυῒδ
3126 3419 3522 3491 ὠνομάσθησαν
3558 3421 3708 3475 κατὰ
3742 3419 3826 3485 τὺ,

2250 3506 2435 3563 Εἶπεν
2465 3513 2498 3564 ό
2534 3512 2749 3579 Κύριος
2784 3511 2865 3579 τῷ
2884 3513 3081 3581 Κυρίῳ
3102 3528 3256 3582 μουο
3287 3510 3479 3568 Κάθου
3506 3511 3574 3565 ἐκ
3600 3510 3830 3575 δεξιῶν

2243 3618 2362 3672 μου
2379 3642 2395 3666 ν
2424 3602 2535 3668 ἕως
2561 3602 2639 3656 ἂν
2666 3602 2746 3658 θῶ
2774 3603 2916 3670 τοὺς
2937 3604 3188 3674 ἐχθρούς
3211 3617 3331 3659 σου
3350 3600 3677 3659 ὑποπόδιον
3698 3599 3826 3655 τῶν

2249 3692 2449 3747 ποδῶν
2479 3708 2596 3749 σου
2613 3711 2628 3724 ·
2647 3693 2783 3750 ἀλλὰ
2804 3694 2902 3749 καὶ
2928 3694 3170 3766 Μωῦοῆς
3199 3694 3393 3764 λέγων,
3426 3690 3661 3761 Ἐὄρεξε
3697 3693 3829 3747 Κύ-

2241 3800 2373 3851 ριος
2411 3782 2571 3852 παρὰ
2599 3784 2821 3853 Κυρίου
2842 3782 2946 3837 ἐπὶ
2973 3782 3211 3853 Σόδομα
3233 3784 3333 3839 καὶ
3368 3782 3636 3851 Γόμορρα
3658 3780 3831 3836 θεῖον

2249 3873 2349 3928 καὶ
2400 3874 2553 3943 πῦρ,
2597 3877 2698 3947 τῆς
2736 3875 2907 3948 αὐτῆς
2938 3873 3009 3930 ἂν
3040 3874 3251 3945 γένοιτο
3287 3875 3476 3945 δόξηςο
3510 3873 3705 3945 ὥσπερ
3732 3869 3833 3929 οὖν

2248 3967 2345 4022 καὶ
2371 3968 2431 4023 ὲν
2458 3962 2541 4032 οἷς
2577 3967 2783 4038 ἔφασκε
2819 3967 2882 4022 τὸ
2898 4010 2915 4037 ,
2951 3969 3080 4024 Ὅτε
3108 3967 3427 4040 διεμέριζεν
3464 3970 3498 4023 ὁ
3527 3969 3829 4038 ’Υψιστος

2247 4060 2425 4127 ἔθνη,
2468 4059 2720 4130 ἐγενήθη
2754 4060 2925 4131 μερὶς
2944 4061 3170 4130 Kvplov
3192 4061 3344 4128 λαὸς
3360 4061 3549 4117 αὑτοῦ
3588 4060 3827 4116 Ἰακώϐ·

2249 4149 2507 4222 ἄντικρυς
2529 4149 2638 4222 γὰρ
2668 4152 2755 4205 διὰ
2777 4151 2894 4218 τοῦ,
2920 4152 3015 4207 τὸν
3030 4152 3295 4223 ’Ὕψιστον
3316 4153 3412 4206 καὶ
3436 4151 3647 4225 Κύριον
3672 4151 3829 4215 εἰδὼς

2250 4237 2528 4305 φαίνεται’
2590 4239 2852 4310 Ὕψιστον
2882 4239 2984 4311 μὲν
3020 4240 3114 4295 τὸν
3145 4241 3466 4313 διανέμοντα
3498 4241 3597 4296 καὶ
3628 4241 3831 4314 κληρο-

2248 4327 2503 4384 δοτοῖωτα
2545 4332 2656 4394 τοῖς
2682 4330 2870 4386 ἑαυτοῦ
2902 4332 3153 4401 ἀγγέλοις
3169 4372 3186 4399 ,
3214 4333 3417 4406 Κύριον
3459 4333 3521 4387 δὲ
3556 4334 3657 4389 τὸν
3692 4332 3828 4405 μετὰ

2249 4416 2360 4471 τῶν
2410 4418 2655 4488 ἀγγέλων
2694 4420 2894 4493 κληρού
2902 4437 3063 4492 μενον
3096 4419 3197 4493 τὴν
3238 4422 3458 4477 πάντων
3501 4421 3614 4478 τῶν
3656 4422 3828 4478 ἐθνῶν

2253 4509 2610 4583 διαφέρουσαν
2656 4512 2869 4585 μερίδα.
2936 4513 3089 4568 Ἐπεὶ
3126 4513 3303 4569 τοίνυν
3344 4515 3373 4568 ὁ
3400 4513 3739 4586 δηλούμενος
3772 4515 3827 4568 ἑν

2249 4602 2455 4667 τούτοις
2495 4603 2697 4676 Κύριος
2746 4603 2956 4678 μορφὴν
2985 4604 3169 4660 δούλου
3196 4605 3377 4662 λαϐὼν
3421 4607 3479 4661 ἓν
3515 4608 3829 4679 ὁμοιώματι

2253 4691 2553 4764 ἀνθρώπων
2577 4695 2767 4766 γέγονε
2787 4735 2805 4763 ,
2840 4697 2934 4751 καὶ
2989 4697 3226 4769 σχήματι
3269 4697 3468 4769 εὑρέθη
3500 4698 3578 4761 ὡς
3610 4699 3823 4772 ἄνθρω-

2248 4802 2370 4849 πος,
2398 4785 2658 4858 ὑπέμεινέ
2675 4805 2738 4841 τε
2760 4788 2935 4842 πάντα
2962 4788 3265 4860 πειρασμὸν
3294 4790 3431 4861 μετὰ
3450 4790 3513 4845 τὸ
3538 4788 3824 4863 βάπτισμα

2247 4879 2310 4933 τὸ
2347 4880 2407 4933 ὲν
2446 4879 2716 4953 Ἰορδάνῃ,
2749 4881 2837 4934 ὅτε
2868 4880 3077 4953 ἀνήχθη
3119 4881 3224 4936 ὑπὸ
3257 4881 3353 4936 τοῦ
3394 4881 3724 4953 Πνεύματθς
3748 4885 3821 4945 εις

2247 4970 2349 5041 τὴν
2378 4969 2584 5043 ἔρημον
2609 4971 2963 5043 πειρασθῆναι
2989 4973 3093 5027 ὑπὸ
3114 4973 3207 5029 τοῦ
3232 4973 3475 5028 διαϐόλου
3493 5014 3511 5040 ,
3539 4975 3643 5030 καὶ
3668 4978 3734 5031 ὲν
3758 4975 3820 5045 τῇ

2248 5065 2440 5137 ἐρήμῳ
2471 5072 2543 5136 ·μ’
2577 5065 2792 5139 ἡμέρας
2822 5066 2917 5122 καὶ
2944 5074 3006 5138 μ’
3038 5067 3239 5132 νύκτας
3264 5068 3701 5140 πειραζόμενος,
3732 5068 3820 5122 καὶ

2248 5152 2316 5229 ἦν
2346 5157 2484 5228 μετὰ
2505 5156 2611 5212 τῶν
2636 5158 2858 5230 θηρίων,
2892 5158 2971 5223 ὥς
2999 5176 3161 5231 φησιν
3192 5162 3221 5213 ὁ
3244 5160 3657 5232 εὐαγγελιστής·
3683 5157 3821 5214 εἰπώ-

2248 5265 2357 5312 τως
2397 5249 2568 5304 ταῦτα
2601 5251 2777 5305 πάντα
2802 5249 2865 5304 τδ
2893 5250 3117 5322 Πνεῦμα
3141 5251 3202 5306 τὸ
3235 5250 3390 5321 ἅγιον
3414 5250 3691 5323 apolava
3729 5249 3817 5303 θε-

2252 5339 2454 5405 σπίζει,
2478 5344 2735 5413 σημαῖνον
2753 5342 2853 5396 ὅσα
2870 5359 2929 5397 τε
2949 5345 3008 5397 ὲν
3028 5345 3144 5407 ταῖς
3163 5343 3565 5414 τεσσαράκοντα
3580 5341 3818 5413 ἡμέρας

2253 5433 2640 5505 πειραζόμενος
2666 5434 2941 5508 ὑπέμεινε,
2973 5435 3068 5489 καὶ
3082 5434 3190 5490 ὅσα
3215 5433 3354 5488 κατὰ
3371 5433 3472 5499 τὰς
3490 5431 3821 5504 ίσαρίθμους

3071 5640 3116 5673 ’θ
3157 5636 3307 5693 Deut.
3371 5650 3519 5691 xm:
3615 5633 3691 5701 8,
3757 5630 3815 5692 ο.
