3988 6204
511 295 650 354 “55

1210 283 1475 347 susse“
1514 287 1992 346 manusuam
2032 285 2182 345 ore.
2215 287 2396 344 rans
2428 284 2519 346 Ill.
2557 305 2630 332 -ι
2665 275 3073 348 exsomnes;

3608 298 3757 354 H56

509 412 578 470 Et
602 413 778 486 primo
802 410 1022 482 Quidam
1066 408 1343 465 diabolum
1377 386 1608 468 aliorum
1659 410 2074 483 particularium

2182 411 2279 483 μὲν
2310 412 2498 484 πρῶτα
2516 413 2584 466 δι’
2614 413 2818 484 ἐτέρων
2845 415 3088 486 μερικῶν
3115 413 3441 486 πνευμάτων
3467 417 3757 490 πειράζειν

509 506 798 578 spirituum
830 518 994 573 opera
1027 502 1203 574 ipsum
1231 510 1474 558 tentasse
1501 522 1515 559 :
1545 519 1716 574 quare
1736 503 1938 558 dictum
1967 510 2072 571 est,

509 593 579 649 Et
607 601 724 648 erat
756 609 875 646 eum
905 591 1032 662 feris
1064 591 1130 646 οι.
1173 591 1512 660 Quibusnam
1553 593 1715 649 feris?
1741 594 1795 648 id
1817 595 1990 666 aperit
2019 595 2076 649 in

506 687 863 759 sequentibus
893 701 1073 744 sermo
1111 702 1356 759 praesens
1378 686 1465 742 his
1497 688 1702 754 verbis,
1737 686 1906 758 Super
1931 688 2075 758 aspi-

501 779 621 835 dem
645 788 697 834 'et
719 778 1026 833 basiliscum
1059 778 1388 843 ambulabis,
1414 785 1469 832 et
1509 779 1838 833 conculcabis
1876 780 2076 834 leonem

500 880 554 928 et
580 873 887 928 draconem.
944 871 1178 933 Etenim,
1216 877 1278 925 ut
1307 869 1603 926 verisimile
1629 877 1735 936 est,
1763 871 1859 926 tali
1894 872 2076 942 specie

481 962 714 1034 talique
739 961 912 1018 forma
943 969 1198 1032 suscepta
1216 1001 1232 1028 ,
1259 961 1512 1032 malignae
1552 962 1800 1032 quaedam
1824 963 2074 1031 virtutes,

506 1052 850 1123 principatus
879 1059 934 1107 et
963 1058 1262 1121 potestates
1283 1090 1299 1116 ,
1324 1057 1580 1124 rectores
1605 1050 1791 1106 mundi
1824 1050 2076 1106 tenebra-

505 1157 630 1197 rum
659 1142 875 1211 barum,
899 1156 963 1196 ac
999 1141 1304 1212 spiritualia
1341 1142 1619 1214 nequitiae,
1647 1158 1745 1214 per
1766 1158 1946 1200 aerem
1980 1157 2076 1198 vo-

504 1235 718 1302 lantes;
747 1233 864 1292 sive
890 1235 1183 1307 allegorico
1211 1249 1384 1300 more,
1411 1235 1648 1306 aspides,
1668 1235 1930 1301 basilisci,
1963 1235 2076 1291 leo-

503 1343 605 1384 nes
634 1335 688 1383 et
737 1327 1006 1384 dracones
1035 1334 1276 1394 vocatae;
1303 1327 1419 1383 sive
1466 1327 1538 1382 ob
1571 1327 1790 1382 malitiae
1821 1325 2077 1382 similitu-

502 1418 685 1474 dinem
720 1418 807 1474 bis
839 1428 1184 1489 comparatae,
1217 1433 1379 1474 omne
1415 1419 1780 1474 tentationum
1809 1433 1982 1491 genus
2017 1419 2076 1474 in

503 1511 684 1581 ipsum
716 1518 1022 1567 moverunt.
1053 1511 1110 1566 In
1144 1510 1249 1566 fine
1280 1517 1464 1566 autem
1489 1511 1756 1574 omnium,
1791 1511 2079 1581 conspica-

504 1610 594 1658 tus
622 1600 870 1658 diabolus
913 1618 1038 1658 eum
1067 1617 1231 1674 super
1255 1603 1496 1674 aspidem
1537 1611 1589 1658 et
1623 1601 1940 1658 basiliscum
1963 1617 2079 1657 am-

503 1693 711 1758 bulare,
740 1708 1036 1764 omnesque
1069 1694 1172 1764 ipsi
1207 1695 1454 1750 subditas
1483 1693 1827 1765 operationes
1854 1693 2078 1749 concul-

503 1786 799 1858 carezipse
824 1787 1041 1844 demum
1070 1787 1301 1842 accessit
1334 1785 1559 1841 humilis
1587 1795 1640 1841 et
1666 1784 2071 1847 formidolosus,
2105 1806 2148 1862 Β

504 1875 718 1947 ipsique
771 1875 1228 1946 interrogationes
1279 1875 1335 1929 in
1408 1873 1718 1945 Evangeliis
1773 1873 2076 1944 descriptas

505 1968 810 2040 proposuit,
841 1976 1056 2053 tentans
1083 1982 1208 2021 eum
1237 1981 1301 2020 ac
1321 1965 1510 2022 dicens
1538 1986 1552 2021 :
1587 1964 1646 2021 Si
1673 1965 1844 2022 Filius
1870 1965 1963 2022 Dei
1991 1981 2072 2032 es,

505 2058 626 2112 haec
650 2057 840 2122 dicito,
873 2058 964 2110 illa
997 2055 1181 2110 facito.
1222 2053 1484 2124 Impetum
1508 2056 1693 2126 itaque
1717 2055 2004 2112 confertim
2043 2071 2078 2112 a

506 2145 759 2217 malignis
809 2145 1092 2216 spiritibus
1133 2143 1360 2208 factum,
1401 2158 1701 2214 eorumque
1742 2145 1953 2200 cladem
1989 2143 2078 2200 de-

506 2237 698 2294 scribit
728 2237 841 2292 haec
869 2235 1149 2307 prophetia
1179 2251 1337 2306 :quze
1358 2235 1482 2290 illos
1505 2232 1618 2289 'una
1661 2230 1880 2316 quidem
1947 2250 2077 2291 coa-

505 2339 626 2384 ctos
649 2343 773 2384 esse
797 2327 974 2392 docet,
991 2341 1166 2397 neque
1181 2334 1362 2381 tamen
1388 2325 1592 2396 aliquid
1613 2340 1771 2396 agere
1795 2326 2072 2395 potuisse;

505 2421 604 2477 sed
635 2437 759 2477 cum
790 2421 1291 2492 appropinquarent
1319 2419 1442 2489 ipsi,
1464 2419 1616 2476 humi
1638 2419 1928 2476 decidisse.
1953 2418 2078 2476 ldeo

504 2512 711 2567 dictum
744 2524 848 2575 εει,
891 2510 1092 2566 Cadent
1122 2527 1156 2563 a
1181 2501 1346 2564 latere
1369 2518 1457 2563 tuo
1489 2508 1656 2574 mille,
1687 2518 1736 2563 et
1760 2510 1936 2565 decem
1958 2511 2075 2565 mil-

506 2604 582 2658 lia
604 2622 638 2657 α
654 2602 854 2657 dextris
882 2602 1008 2656 tuis.
1033 2600 1138 2666 Pro
1155 2601 1247 2656 illo
1277 2611 1479 2665 autem,
1498 2602 1540 2655 Α
1560 2601 1722 2656 latere
1748 2609 1859 2667 tuo,
1883 2602 2075 2673 Aquila

503 2706 559 2751 et
606 2692 988 2766 Symmachus,
1027 2709 1092 2748 ex
1130 2701 1432 2749 transterso
1481 2702 1592 2757 tuo,
1638 2692 1960 2761 ediderunt;
1994 2695 2075 2750 sic

506 2786 784 2840 sinistram
833 2783 1133 2842 Salvatoris
1177 2791 1529 2855 nuncupante
1555 2784 1740 2840 divina
1770 2783 2072 2856 Scriptura,

507 2877 634 2947 quia
670 2875 898 2933 fortasse
926 2891 1092 2946 penes
1122 2892 1247 2933 eum
1274 2876 1411 2931 nihil
1444 2876 1639 2934 laevum
1668 2884 1762 2932 aut
1791 2877 2074 2934 sinistrum

505 2976 612 3024 est.
639 2969 904 3025 Caeterum
925 2969 992 3025 de
1015 2969 1271 3026 omnibus
1301 2968 1466 3024 simul
1495 2968 1824 3026 adversariis
1844 2977 2078 3040 potesta-

508 3061 657 3116 tibus
677 3059 881 3116 dictum
915 3068 998 3118 est
1040 3061 1195 3125 illud,
1235 3060 1312 3116 Ad
1354 3071 1402 3116 te
1429 3069 1603 3115 autem
1648 3079 1750 3116 non
1795 3064 2076 3133 appropin-

2176 503 2336 556 αὑτὸν
2368 506 2660 575 ἐπιχειρεῖν
2683 505 2774 558 τὸν
2806 505 3044 560 διάϐολον
3064 521 3078 536 ⁶
3108 506 3189 561 διὸ
3215 507 3465 560 λέλεκται
3485 525 3499 538 ο
3529 510 3637 563 Καὶ
3673 505 3761 579 ἦν

2172 596 2321 667 μετὰ
2350 596 2470 651 τῶν
2495 597 2733 667 θηρίων.
2761 597 2939 653 Ποίων
2971 598 3030 652 δέ
3057 598 3295 671 θηρίων;
3325 600 3355 652 ὁ
3392 599 3528 670 μετὰ
3556 604 3760 672 χεῖρας

2177 687 2470 761 παρίστησι
2501 688 2658 758 λόγος
2691 689 2895 762 προῖὼν
2931 691 3059 762 ἑξῆς
3081 693 3175 746 καὶ
3194 692 3388 762 λέγων’
3415 695 3541 749 Ἐπ’
3566 697 3761 750 ἀσπί-

2177 779 2252 834 δα
2283 781 2383 835 καὶ
2426 781 2802 846 ,βασιλίσκον
2831 784 3123 853 ἐπιϐήσῃ,
3163 785 3264 839 καὶ
3304 788 3761 857 καταπατήσας

2175 871 2392 927 λέοντα
2436 871 2536 926 καὶ
2582 872 2898 941 δράκοντα.
2947 874 3223 940 Τοιούτοις
3273 875 3384 946 γάρ
3436 893 3610 941 τισιν,
3677 877 3762 941 ὼς

2175 963 2343 1027 εἰκὸς,
2378 961 2543 1015 εἷδεσί
2573 980 2633 1016 τε
2680 964 2774 1017 καὶ
2834 968 3069 1036 μορφαῖς
3120 965 3605 1039 σχηματιζόμεναι,
3657 969 3762 1025 τὸν

2175 1052 2358 1124 ἀέριον
2386 1053 2549 1107 τόπον
2590 1053 2938 1126 διιπτάμεναί
2990 1073 3133 1121 τινες
3187 1057 3444 1130 δυνάμεις
3473 1061 3758 1132 πονηραὶ,

2175 1143 2341 1216 ἀρχαί
2366 1161 2426 1197 τε
2459 1145 2552 1198 καὶ
2581 1143 2841 1210 ἐξουσίαι,
2875 1147 2969 1201 καὶ
3008 1149 3450 1222 κοσμοκράτορες
3489 1151 3581 1204 τοῦ
3620 1153 3761 1206 0x6-

2174 1252 2300 1299 τους
2345 1235 2566 1302 τούτου,
2625 1239 2720 1292 καὶ
2775 1241 3120 1310 πνευματικὰ
3175 1242 3476 1312 πονηρίας,
3521 1243 3760 1314 τρόποις

2175 1327 2502 1400 ἀλληγορίας
2544 1329 2770 1392 ἀσπίδες
2813 1330 2905 1384 καὶ
2950 1331 3253 1401 βασιλίσκοι
3303 1334 3397 1387 καὶ
3451 1334 3759 1405 δράκοντες

2175 1413 2270 1466 καὶ
2295 1413 2502 1478 λέοντες
2538 1415 2950 1487 ὀνομαζόμεναι,
2981 1418 3014 1489 ἢ
3043 1420 3136 1472 καὶ
3165 1419 3252 1473 διὰ
3283 1421 3345 1473 τὸ
3377 1422 3607 1493 ἐμφερὲς
3639 1425 3756 1496 τῆς

2177 1502 2374 1568 κακίας
2401 1505 2611 1569 τούτοις
2657 1506 3137 1578 παραϐαλλόμεναι
3161 1550 3175 1574 ,
3211 1509 3389 1564 πάντα
3443 1513 3758 1584 πειρασμὸν

2175 1593 2385 1649 ἐκίνουν
2418 1596 2537 1648 κατ’
2566 1596 2749 1650 αὐτοῦ.
2769 1595 2891 1650 Ἐπὶ
2919 1597 3060 1650 τέλει
3096 1599 3152 1651 δέ
3182 1601 3416 1664 πάντων,
3552 1599 3692 1656 εἶδεν
3715 1605 3752 1658 ὁ

2174 1683 2417 1750 διάϐολος
2439 1686 2524 1739 ἐπ’
2549 1686 2749 1742 ἀσπίδα
2769 1688 2862 1741 καὶ
2878 1688 3187 1758 βασιλίσκον
3208 1691 3573 1764 ἐπιϐεϐηκότα
3585 1695 3753 1750 αὑτὸν

2176 1778 2270 1831 καὶ
2300 1781 2798 1850 καταπεπατηκότα
2819 1780 2998 1845 πάσας
3019 1780 3118 1844 τὰς
3141 1782 3232 1836 ὑπ’
3255 1774 3416 1837 αύτδν
3444 1786 3751 1856 ἐνεργείας,

2177 1868 2340 1932 αὐτὸς
2369 1863 2470 1940 ἤδη
2502 1870 2684 1925 λοιπὸν
2718 1871 2785 1924 δι’
2831 1873 3024 1927 ἑαυτοῦ
3071 1874 3301 1946 προσῄει
3355 1878 3608 1940 ταπεινὸς
3654 1880 3754 1932 καὶ

2176 1955 2551 2024 ὑποδεδοικὼς,
2581 1961 2883 2034 προσέφερέ
2921 1981 2981 2016 τε
3013 1964 3158 2036 αὐτῷ
3192 1965 3292 2029 τὰς
3314 1967 3612 2038 ἐρωτήσεις
3648 1970 3752 2033 τὰς

2175 2051 2232 2104 ἐν
2260 2053 2371 2114 τοῖς
2404 2050 2752 2120 Εὐαγγελίοις
2792 2054 3306 2127 ἀναγεγραμμένας,
3343 2056 3623 2130 πειράζων
3653 2059 3753 2112 αύ-

2173 2142 2265 2197 τὸν
2299 2143 2393 2197 καὶ
2432 2143 2624 2213 λέγων,
2658 2145 2720 2198 El
2746 2145 2870 2209 Υἱὸς
2900 2141 2951 2199 εἷ
2970 2145 3064 2199 τοῦ
3101 2146 3255 2212 Θεοῦ,
3297 2148 3416 2201 εἰπὲ
3455 2149 3606 2214 τάδε,
3657 2151 3753 2203 καὶ

2176 2233 2400 2302 ποίησον
2429 2233 2576 2287 τάδε.
2611 2230 2723 2305 Τὴν
2752 2229 2845 2288 οὖν
2890 2235 3091 2308 ἀθρόαν
3137 2236 3313 2310 ὁρμὴν
3340 2237 3452 2293 τῶν
3494 2241 3750 2311 πονηρῶν

2175 2325 2497 2396 πνευμάτων
2543 2327 2635 2380 καὶ
2667 2327 2766 2399 τὴν
2799 2322 2968 2400 ἧτταν
3000 2327 3176 2384 αὐτῶν
3237 2331 3272 2401 ἡ
3324 2330 3578 2402 παροῦσα
3611 2350 3753 2404 παρ-

2178 2413 2353 2486 ίστησι
2398 2415 2704 2487 προφητεία
2726 2433 2739 2446 ·
2789 2416 2923 2489 ὁμοῦ
2957 2417 3055 2489 μὲν
3097 2418 3358 2490 συνῆχθαι
3402 2420 3748 2491 διδάσκουσα,

2178 2505 2252 2577 μὴ
2291 2505 2395 2576 μὴν
2445 2505 2762 2578 δεδυνῆσθαι
2805 2525 2857 2561 τι
2903 2508 3026 2580 μηδ’
3067 2509 3380 2578 ίσχυκέναι·
3415 2510 3532 2564 ἀλλ’
3577 2514 3635 2565 ἐν
3669 2514 3751 2584 τῷ

2175 2597 2493 2669 πλησιάζειν
2529 2593 2676 2670 αύτῷ
2717 2599 3079 2654 καταπίπτειν
3109 2601 3298 2672 χαμαί.
3329 2602 3423 2656 Διὸ
3468 2603 3748 2661 λέλεκταιο

2173 2689 2448 2744 Πεσεῖται
2472 2691 2542 2745 ἐκ
2571 2692 2677 2746 τοῦ
2716 2693 2961 2759 κλίτους
2984 2709 3101 2747 σου
3138 2695 3358 2763 χιλιὰς,
3406 2695 3504 2750 καί
3538 2698 3754 2766 μυριὰς

2172 2781 2243 2835 ἐκ
2286 2779 2500 2846 δεξιῶν
2554 2798 2689 2837 σου.
2727 2783 2872 2837 Ἀντί¹
2913 2783 2971 2837 δὲ
3013 2783 3137 2837 τοῦθ
3191 2787 3292 2839 Ἐκ
3345 2786 3456 2840 τοῦ
3503 2788 3752 2856 relicom;

2173 2885 2311 2936 σου,
2346 2871 2575 2936 Ἀκύλας
2599 2872 2693 2925 καὶ
2721 2873 3034 2946 Σύμμαχος,
3070 2877 3172 2930 Ἐκ
3196 2876 3302 2930 τοῦ
3323 2878 3589 2945 πλαγίου
3608 2893 3750 2943 σου,

2174 2961 2535 3016 ἐκδεόώκασιν
2553 2983 2568 2996 ·
2595 2963 2738 3018 οὕτω
2776 2965 2876 3036 τῆς
2905 2965 3092 3038 θεῖκῆς
3112 2967 3334 3039 Γραφῆς
3365 2966 3436 3020 ea:
3485 2970 3753 3041 ἀριστερά

2175 3054 2267 3108 τοῦ
2306 3056 2556 3128 Σωτῆρος
2583 3057 2956 3130 ὀνομαζούσης
2976 3098 2990 3121 ,
3035 3059 3178 3130 τάχα
3209 3059 3270 3112 τὸ
3299 3060 3466 3131 μηδὲν
3511 3057 3649 3116 εἶναι
3691 3065 3752 3116 ἐν

508 3150 781 3222 ιιιιιὸιιηι;
834 3151 1071 3222 itemque
1112 3150 1268 3218 illud,
1325 3150 1694 3206 Verumtamen
1749 3154 1917 3208 oculis
1968 3154 2071 3208 tuis

2174 3145 2323 3217 αὐτῷ
2353 3148 2539 3201 σκαιὸν
2573 3148 2704 3220 μηδὲ
2735 3149 3038 3220 ἀριστερόν.
3071 3149 3215 3220 Πλὴν
3236 3150 3372 3204 ἀλλὰ
3396 3151 3524 3224 περὶ
3554 3152 3748 3207 πασῶν

509 3243 890 3310 considerabis,
921 3255 970 3300 et
996 3243 1390 3300 retributionem
1408 3254 1740 3317 peccatorum
1763 3243 1980 3300 uidebis.
2007 3243 2072 3299 Et

509 3336 646 3402 haec,
679 3335 876 3407 inquit,
908 3337 1092 3392 omnia
1124 3337 1224 3393 tibi
1257 3337 1534 3405 accident;
1564 3335 1826 3408 quoniam
1868 3344 1947 3400 tu,
1977 3335 2074 3390 Do-

511 3428 686 3495 mine,
750 3443 876 3500 spes
934 3443 1090 3496 mea,
1150 3429 1480 3486 ditissimum
1535 3429 1757 3499 posuisti
1813 3428 2071 3500 refugium

511 3530 680 3576 tuum.

580 3815 815 3874 Estimo
844 3825 1023 3874 autem
1057 3817 1158 3875 has
1191 3817 1494 3875 invisibiles
1525 3824 1580 3874 et
1605 3815 1944 3874 adversarias
1976 3831 2074 3887 po-

508 3916 760 3973 testates,
799 3925 922 3980 qua:
973 3911 1079 3966 sub
1110 3913 1368 3967 universo
1420 3910 1562 3966 caelo
1603 3917 1778 3974 erant,
1813 3909 2074 3964 adversus

509 4012 634 4054 cum
681 3997 966 4052 confertim
1001 4005 1357 4070 congregatas
1394 3997 1584 4060 fuisse,
1617 3997 1761 4067 quod
1794 3996 2075 4066 perturba-

507 4095 701 4146 rentur
731 4104 800 4144 ex
829 4090 991 4144 allata
1020 4090 1120 4159 ipsi
1151 4104 1303 4156 voce,
1337 4087 1556 4158 quando
1581 4089 1634 4142 in
1657 4087 1920 4143 columba:
1950 4103 2074 4158 spe-

509 4185 594 4241 cie
627 4183 864 4256 Spiritus
899 4193 1124 4241 sanctus
1167 4183 1448 4240 descendit
1476 4183 1530 4238 in
1573 4181 1745 4248 illum,
1780 4191 1833 4238 et
1889 4183 2074 4237 audita

509 4291 614 4330 vox
645 4284 732 4332 est
763 4273 999 4346 desuper
1036 4275 1224 4331 dicens
1261 4292 1275 4329 :
1312 4273 1414 4328 Hic
1444 4283 1522 4328 est
1568 4271 1742 4327 Filius
1774 4289 1916 4327 meus
1941 4273 2074 4327 dile-

509 4382 646 4434 ctus,
683 4370 737 4423 in
786 4385 887 4439 quo
941 4366 1069 4422 mihi
1115 4367 1410 4436 complacui
1437 4366 1503 4420 ⁸³.
1551 4363 1665 4420 Hac
1697 4365 1859 4436 igitur
1889 4363 2071 4419 audita

2174 3238 2384 3312 ἁθρόως
2412 3238 2520 3294 τῶν
2539 3239 2925 3310 ἀντικειμένων
2957 3240 3230 3311 δυνάμεων
3249 3242 3462 3312 εἴρηται
3485 3243 3565 3305 τὸ,
3589 3239 3750 3312 Πρὸς

2173 3331 2250 3384 σὲ
2279 3330 2347 3384 δὲ
2373 3334 2484 3385 οὐκ
2511 3331 2796 3401 ἐγγιοῦσι,
2830 3334 2924 3388 καὶ
2957 3333 3034 3401 τὸ,
3067 3331 3237 3394 Πλὴν
3272 3335 3394 3401 τοῖς
3421 3337 3750 3406 ὀφθαλμοῖς

2172 3439 2290 3477 σου
2347 3423 2743 3491 κατανοήσεις
2760 3465 2775 3489 ,
2801 3426 2900 3479 καὶ
2952 3425 3361 3481 ἀνταπόδοσιν
3384 3427 3748 3496 ἁμαρτωλῶν

2173 3514 2328 3583 ὄψει.
2365 3515 2475 3569 Καὶ
2513 3515 2706 3582 ταῦτα,
2728 3517 2882 3589 φησι,
2936 3517 3113 3573 πάντα
3143 3518 3296 3574 ἐσται
3323 3521 3446 3591 περὶ
3476 3522 3551 3586 σέ,
3585 3520 3748 3576 ἐπει-

2171 3605 2344 3678 δήπερ
2371 3607 2458 3671 σὺ,
2495 3601 2542 3660 ὧ
2591 3607 2761 3680 Κύριε
2789 3649 2804 3674 ,
2843 3611 2878 3681 ἡ
2927 3608 3035 3681 ἐμίἰ
3081 3609 3270 3676 ἐλπὶς,
3319 3612 3420 3666 τὸν
3446 3613 3743 3681 Ὕψιστον

2172 3699 2312 3754 ἔθου
2339 3699 2691 3770 καταφυγήν
2718 3716 2856 3756 σου.

2255 3813 2525 3886 Ἦγοῦμαι
2565 3815 2621 3868 δέ
2657 3815 2754 3879 τὰς
2779 3816 3043 3890 ἀοράτους
3066 3818 3268 3881 ταύτας
3300 3818 3390 3871 καὶ
3428 3817 3749 3888 ἀντικειμέ-

2173 3922 2270 3969 νας
2297 3905 2591 3977 δυνάμεις,
2621 3907 2721 3971 τὰς
2763 3909 2868 3962 ὑπὸ
2914 3910 3075 3963 παντὶ
3118 3910 3196 3981 τῷ
3230 3909 3440 3982 οὐρανῷ
3480 3909 3750 3980 συνῆχθαι

2173 3997 2352 4060 πάσας
2400 3998 2612 4070 ἁθρόως
2659 4001 2779 4052 κατ’
2822 3999 2985 4054 αὑτοῦ
3033 3999 3428 4072 θορυϐηθείσας
3483 4000 3592 4052 ἀπὺ
3643 4000 3751 4069 τῆς

2173 4089 2484 4161 ἐνεχθείσης
2531 4091 2670 4166 πρὸς⁴
2695 4090 2856 4144 αὐτὸν
2881 4091 3084 4161 φωνῆς,
3115 4092 3205 4145 ὅτε
3230 4092 3288 4144 ἐν
3331 4091 3461 4144 εΰει
3491 4109 3752 4163 περιστε-

2175 4182 2275 4253 ρᾶς
2300 4181 2361 4235 τὸ
2389 4181 2612 4252 Πνεῦμα
2640 4182 2700 4235 τὸ
2733 4181 2885 4250 ἆγιον
2923 4183 3242 4238 κατέόαινεν
3270 4184 3358 4236 ἐπ’
3395 4183 3582 4247 αὑτὸν,
3615 4184 3650 4253 ἦ
3684 4201 3750 4237 τε

2173 4273 2376 4328 ἄνωθεν
2425 4274 2577 4346 φωνὴ
2631 4273 2872 4346 ἠκούσθη
2925 4274 3191 4344 λέγουσαο
3255 4270 3435 4340 Οὗτός
3486 4275 3658 4328 ἐστιν
3717 4280 3753 4330 ὁ

2182 4365 2314 4432 Υίός
2332 4382 2450 4435 μου
2476 4369 2508 4420 o’
2541 4365 2865 4434 ἀγαπητὸς,
2887 4367 2958 4420 ἐν
2986 4360 3035 4433 ᾧ
3062 4367 3384 4434 εὐδόκησα.
3415 4365 3752 4421 Ἀκούσασαι

508 4477 664 4529 voce,
693 4459 1022 4531 conspicatae
1047 4459 1176 4514 item
1213 4475 1242 4513 a
1278 4457 1484 4530 Spiritu
1519 4465 1708 4514 sancto
1740 4471 1837 4526 per
1859 4457 2070 4511 colum-

2175 4457 2302 4526 γοῦν
2333 4456 2434 4527 τῆς
2467 4459 2649 4529 φωνῆς
2675 4457 2897 4529 ταύτης,
2926 4461 3022 4514 καὶ
3051 4459 3377 4530 θεασάμεναι
3401 4458 3492 4512 τὸν
3521 4459 3626 4512 ὑπὸ
3646 4459 3750 4512 τοῦ

506 4553 630 4610 bam
662 4561 1150 4608 commonstratum
1203 4551 1375 4607 fuisse
1412 4550 1685 4606 hominem
1737 4547 1932 4603 Filium
1977 4547 2070 4604 Dei

507 4645 864 4716 appellatum,
897 4658 1074 4713 neque
1103 4642 1221 4698 voci
1240 4657 1349 4697 non
1383 4640 1628 4705 credere,
1653 4654 1852 4710 neque,
1890 4638 2070 4693 homi-

507 4752 635 4792 nem
675 4751 840 4791 carne
872 4734 1120 4791 indutum
1158 4733 1630 4798 cernentes,hunc
1662 4731 1921 4786 dilectum
1950 4746 2072 4787 esse

511 4825 604 4881 Dei
644 4842 964 4897 persuasum
993 4825 1193 4880 habere
1230 4832 1500 4894 poterant.
1533 4822 1713 4890 Quare
1743 4822 2070 4893 stupendum

509 4917 806 4988 quidpiam,
838 4927 892 4974 et
935 4932 1128 4973 novam
1172 4916 1410 4972 hominis
1449 4924 1702 4970 naturam
1759 4921 2066 4979 cernentes,

511 5023 667 5064 suam
711 5009 972 5078 operandi
1017 5009 1124 5064 vim
1161 5008 1526 5080 praestantiori
1563 5009 1764 5063 virtute
1787 5007 2068 5064 delendam

510 5115 635 5156 esse
682 5101 1091 5170 exspectabant.
1134 5099 1340 5156 Idcirco
1381 5101 1530 5156 illum
1564 5101 1768 5156 adortae
1799 5107 1947 5164 sunt,
1977 5101 2068 5170 qui

512 5207 630 5247 sese
673 5192 841 5246 alacri
903 5192 1085 5246 animo
1124 5194 1374 5248 omnibus
1422 5193 1811 5249 tentationibus
1850 5191 2067 5255 obtulit,

509 5295 648 5352 quas
686 5295 788 5352 pro
810 5281 984 5335 salute
1018 5280 1292 5334 hominum
1324 5291 1658 5354 susceperat.
1686 5281 1820 5337 Nam
1851 5291 2074 5346 cum,ut

510 5372 646 5437 dixi,
688 5373 1082 5445 praedicaturus
1133 5380 1279 5428 esset
1324 5377 1540 5440 captivis
1583 5376 1964 5440 dimissionem,
2020 5383 2070 5429 et

510 5467 661 5518 ca'cis
683 5467 821 5519 visus
845 5465 1220 5519 restitutionem
1239 5503 1256 5528 ,
1302 5465 1597 5521 secundum
1643 5467 1981 5539 prophetiam
2004 5465 2072 5522 de

511 5553 628 5624 ipso
645 5557 910 5625 prolatam
926 5557 1000 5623 ⁸³;
1026 5565 1188 5628 atque
1208 5555 1446 5611 futurum
1466 5567 1631 5621 esset,
1653 5568 1710 5611 ut
1733 5559 1942 5613 animas
1973 5559 2071 5612 Ιιοο

2173 4549 2328 4618 ἁγίου
2375 4550 2690 4620 Πνεύματος
2733 4550 2822 4604 διὰ
2859 4551 2958 4623 τῆς
2995 4554 3320 4624 περιστερᾶς
3362 4552 3750 4622 ἀναδειχθέντα

2171 4638 2454 4724 ἄνθρωπον
2488 4639 2613 4693 Υἱδν
2666 4639 2802 4694 Θεοῦ
2854 4641 3262 4713 ὠνομασμένον,
3312 4642 3435 4696 οὕτε
3482 4646 3547 4714 τῇ
3591 4646 3748 4714 φωνῇ

2171 4731 2420 4784 ἀπιστεῖν
2465 4726 2630 4802 εἶχον,
2683 4730 2806 4785 οὔτε
2861 4733 2956 4787 τὸν
2989 4733 3272 4806 ἄνθρωπον
3317 4734 3520 4804 ὁρῶσαι
3565 4736 3749 4807 σάρκα

2171 4823 2544 4892 ἠμφιεσμένον
2569 4821 2840 4877 πιστεύειν
2865 4823 3052 4877 τοῦτον
3074 4821 3212 4878 εἶναι
3231 4824 3322 4878 τὸν
3340 4824 3619 4896 ἀγαπητὸν
3649 4824 3748 4876 τοῦ

2171 4913 2326 4968 Θεοῦ.
2341 4915 2430 4968 Διὸ
2455 4914 2601 4980 ξένον
2633 4932 2686 4968 τι
2715 4916 2904 4987 χρῆμα
2940 4916 3031 4971 καὶ
3052 4917 3242 4989 καινὴν
3264 4916 3546 4989 ἀνθρώπου
3579 4917 3749 4984 φύσιν

2173 5004 2441 5076 θεώμεναι
2462 5047 2477 5072 ,
2506 5005 2606 5071 τὰς
2646 5008 2851 5072 οἰκείας
2881 5009 3161 5081 ἐνεργείας
3197 5009 3423 5079 δυνάμει
3474 5007 3748 5078 κρείττονι

2173 5097 2668 5171 καθαιρεθήσεσθαι
2691 5099 3115 5172 προσεδόκησαν.
3133 5101 3224 5154 Διὸ
3241 5100 3305 5172 δὴ
3327 5099 3564 5171 ἐπῄεσαν
3595 5099 3748 5169 αὐτῷ

2175 5187 2404 5241 ἐπιδόντι
2436 5183 2495 5242 εὖ
2539 5187 2683 5260 μάλα
2717 5189 3010 5261 προθύμως
3035 5189 3227 5244 ἐαυτὸν
3260 5192 3340 5254 είς
3379 5189 3588 5252 πάντας
3617 5189 3747 5253 τοὺς

2175 5281 2531 5352 πειρασμοὺς,
2563 5280 2654 5345 οὒς
2677 5281 2816 5353 ὑπὲρ
2841 5281 2942 5353 τῆς
2977 5281 3276 5354 ἀνθρώπων
3309 5280 3579 5352 σωτηρίας
3612 5280 3745 5333 ἀνο-

2173 5371 2406 5427 δέδεκτο.
2423 5373 2646 5428 Μέλλων
2666 5371 3024 5446 γοῦν,⁶ὥσπερ
3043 5373 3200 5444 ἔφην,
3213 5373 3501 5445 κηρύττειν
3531 5373 3746 5440 cellpa-

2172 5464 2382 5531 λώτοις
2406 5464 2646 5534 ἄφεσιν,
2683 5465 2781 5518 καί
2811 5465 3061 5535 τυφλοῖς
3089 5463 3441 5533 ἀνάϐλεψιν,
3474 5461 3617 5516 κατὰ
3642 5461 3745 5532 τὴν

2172 5557 2302 5632 περὶ
2333 5556 2496 5612 αὑτοῦ
2530 5558 2886 5631 προφητείαν,
2917 5558 3171 5628 ἀφέλκειν
3198 5574 3257 5610 τε
3279 5556 3378 5625 τὰς
3401 5554 3510 5610 τῶν
3527 5551 3744 5624 ἀνθρὼ-

584 5708 628 5742 ⁸¹
668 5708 833 5765 Ilarc.
874 5729 919 5775 ι,
959 5714 1039 5769 l3.
1115 5713 1161 5748 ⁸¹
1202 5712 1389 5769 Matth.
1425 5729 1522 5779 III,
1561 5715 1642 5770 l7.
1712 5716 1757 5747 ⁸³
1798 5712 1930 5769 Luc.
1962 5730 2034 5779 ιν,
2068 5713 2165 5777 l8;
2205 5713 2308 5768 lsa.
2343 5729 2430 5766 I‘T'
2508 5718 2524 5739 ‘
