3988 6204
216 306 344 368 ιιιςι

1371 288 1872 362 οοιιιιΕΝῒΑιιιΑ
1910 302 1976 360 IN
2011 290 2350 364 PSALMOS.

3312 310 3460 368 1158

214 444 326 482 πων
350 425 525 497 ψυχὰς
565 424 672 478 ἀπὸ
708 423 816 478 τῶν
857 423 1024 479 πάλαι
1081 423 1538 494 ᾐχμαλωτικότων
1571 423 1741 488 αὑτὰς
1764 463 1780 488 ,

1887 424 2090 479 minum
2133 426 2202 479 ab
2232 425 2321 487 iis.
2349 423 2443 495 qui
2484 424 2633 494 ipsas
2665 424 2794 479 olim
2831 424 2889 480 in
2921 425 3287 498 captivitatem
3331 426 3462 482 abe-

211 517 524 591 ἐλευθεροῦν
554 533 615 570 τε
641 517 810 580 αὐτὰς
841 517 950 570 ἀπὸ
986 517 1086 586 τῆς
1123 515 1512 589 είδωλολάτρου
1552 517 1780 586 πλάνης,

211 609 517 681 ἀναγκαίως
541 609 754 682 πρῶτον
782 607 1035 662 ἁπάντων
1070 609 1190 661 κατ’
1218 607 1399 661 αὐτῶν
1423 605 1784 679 ἐστρατεύετο

209 699 315 754 τῶν
363 699 454 754 τὸν
511 697 719 770 μακρὸν
755 695 928 750 αίῶνα
954 696 1455 766 τετυραννηκότων.
1521 697 1675 751 Ἐπεὶ⁵
1725 698 1782 752 δὲ

207 791 416 855 τούτοις
452 788 860 862 κατηγωνίσατο
915 787 980 842 δι’
1014 789 1293 861 ὑπομονῆς
1334 789 1536 854 παντὸς
1593 807 1786 864 πειραο

210 883 369 955 σμοῦ,
395 883 475 936 διό
501 900 661 954 φησιν
687 883 714 936 ό
742 882 955 944 Λουκᾶς
982 897 996 912 ο
1025 880 1138 936 Kal
1178 883 1558 948 συντελέσας
1588 883 1786 938 πάντα
1817 935 1822 939 .

207 976 538 1045 πειρασμόν
570 979 602 1031 ό
639 974 918 1041 διάϐολος
954 972 1193 1044 ἀπέστη
1244 974 1345 1028 ἀπ’
1385 974 1590 1029 αὐτοῦ.
1628 977 1783 1031 Μετὰ

207 1068 378 1123 ταῦτα
425 1069 518 1121 ἐπὶ
565 1067 810 1138 τὴντῶν
860 1065 1164 1137 ἀνθρώπων
1219 1064 1518 1137 θεραπείαν
1549 1066 1780 1139 ἐχώρειο

210 1159 357 1214 ἐνθεν
405 1158 499 1214 καὶ
553 1158 802 1232 ἔφριττον
851 1157 1014 1211 αὐτὸν
1041 1159 1090 1211 οἱ
1138 1155 1429 1228 δαίμονες,
1468 1157 1783 1230 ὡμολόγουν

207 1260 266 1304 τε
292 1247 456 1304 αύτδν
503 1248 700 1302 εἰδέναι
751 1248 898 1312 ὅστις
923 1246 1040 1318 εῐη,
1079 1245 1309 1317 βοῶντες
1357 1247 1451 1300 καὶ
1503 1247 1780 1316 λέγοντεςο

212 1342 335 1404 'Ea,
364 1341 421 1393 τί
444 1339 590 1409 ἡμῖν
619 1341 722 1394 καί
762 1355 884 1402 σοι,
939 1338 1033 1393 Υἱὲ
1060 1337 1169 1392 τοῦ
1206 1338 1391 1401 Θεού;
1438 1337 1685 1408 οἴδαμέν
1711 1355 1786 1394 σε

207 1433 300 1497 τίς
323 1428 400 1496 εἷ,
427 1435 460 1486 ὀ
488 1432 655 1501 ἅγιος
685 1430 792 1485 τοῦ
817 1430 985 1485 Θεοῦ.
1031 1429 1164 1484 Ἀπὸ
1199 1429 1310 1501 γὰρ
1342 1429 1440 1501 τῆς
1461 1430 1597 1503 πρὸς
1625 1431 1785 1485 αὑτὸν

208 1523 517 1594 ἐνεχθείσης
545 1522 730 1593 φωνῆς
762 1521 1176 1594 μεμαθήκεισαν
1200 1521 1349 1584 ὅστις
1379 1516 1447 1593 ἦν
1466 1539 1501 1553 ·-
1522 1520 1659 1575 ἀλλὰ
1689 1522 1785 1575 καὶ⁹

207 1613 302 1683 ἀφ’
347 1607 422 1668 ὧν
467 1611 762 1684 εἰργάσατο
801 1611 944 1666 κατὰ
979 1611 1074 1665 τὸν
1117 1609 1212 1665 τοῦ
1250 1611 1557 1684 πειρασμοῦ
1595 1613 1785 1684 καιρὸν

205 1705 404 1777 ᾔδεσαν
442 1703 606 1760 αὑτοῦ
631 1703 728 1775 τὴν
754 1702 1007 1774 δύναμιν.

282 1813 365 1866 Οὐ
392 1813 860 1881 προσελεύσεται
893 1811 1042 1881 πρὸς
1086 1811 1160 1866 σὲ
1203 1813 1378 1876 κακὰ,
1412 1814 1511 1866 καὶ
1555 1813 1780 1882 μάστιξ

204 1906 320 1957 οὐκ
350 1902 533 1973 anu:
551 1902 629 1970 τῷ
662 1902 1007 1972 σκηνώματί
1038 1910 1176 1958 σου.
1201 1903 1320 1956 Ὅτι
1349 1902 1474 1969 τοῖς
1505 1901 1780 1973 ἀγγέλοις

203 1994 394 2052 αὑτοῦ
447 1994 768 2050 ἐντελεῖται
812 1995 946 2064 περὶ
993 1993 1111 2049 σοῦ
1162 1994 1270 2049 τοῦ
1301 1988 1662 2064 διαφυλάξαι
1707 2012 1780 2049 σε

202 2087 275 2141 ἐν
319 2086 544 2152 πάσαις
580 2085 710 2152 ταῖς
747 2085 907 2152 ὁδοῖς
953 2101 1089 2140 σου.
1141 2086 1265 2140 Ἐπὶ
1308 2083 1520 2156 χειρῶν
1563 2085 1782 2155 ἀροῦσί

203 2190 300 2243 σε,
321 2179 556 2248 μήποτε
580 2179 935 2248 προσκόψῃς
961 2178 1109 2246 πρὸς
1130 2179 1306 2233 λίθον
1332 2180 1436 2233 τὸν
1461 2178 1617 2234 πόδα
1640 2169 1798 2233 σου,

202 2271 317 2325 Καὶ
339 2267 513 2323 ταῦτα
545 2268 621 2340 τῷ
650 2267 792 2321 κατὰ
814 2268 1048 2340 Χριστὸν
1075 2269 1481 2340 τετελειωμένῳ
1503 2268 1660 2340 ἀνδρὶ
1686 2267 1782 2321 καὶ

203 2359 280 2431 τῷ
312 2361 459 2432 χορῷ
499 2360 607 2413 τῶν
639 2359 731 2414 τοῦ
782 2359 1018 2430 Χριστοῦ
1057 2359 1387 2432 μαρτύρων,
1435 2360 1501 2430 τῇ
1547 2376 1606 2412 τε
1650 2359 1782 2431 ἁγίᾳ

203 2451 375 2504 αὐτοῦ
415 2445 726 2522 Ἐκκλησία,
756 2449 934 2523 καὶδὴ
960 2451 1054 2505 καὶ
1098 2449 1246 2521 αύτῷ
1279 2449 1356 2520 τῷ
1394 2448 1630 2522 Χριστοῦ
1675 2451 1782 2504 σὼ-

205 2557 342 2612 ματι
374 2541 660 2613 ἁρμόσειεν
688 2536 753 2594 ἂν
802 2539 1088 2608 λέγεσθαι·
1129 2539 1192 2592 El
1235 2539 1345 2610 γὰρ
1380 2539 1782 2608 παρεμϐάλλει

201 2630 462 2704 ἄγγελος
493 2629 708 2700 Κυρίου
739 2633 941 2694 κύκλῳ
985 2629 1103 2684 τῶν
1155 2629 1540 2700 φοϐουμένων
1575 2631 1782 2696 αὐτὸν,

202 2725 306 2778 καὶ
321 2724 575 2793 ῥύσεται
607 2722 851 2789 αὐτοὺς,
880 2721 988 2775 τῶν
1016 2721 1472 2794 ὑπερϐεϐηκότων
1499 2719 1590 2777 τὸν
1621 2722 1784 2793 φόϐον

204 2817 304 2872 καὶ
335 2818 393 2869 ὲν
440 2816 548 2881 ’ἐξει
594 2814 774 2886 τελεία
806 2813 906 2884 τῆς
955 2813 1094 2868 κατὰ
1125 2814 1302 2886 ψυχὴν
1339 2813 1538 2887 ἀρετῆς
1581 2832 1784 2886 τυγχα-

203 2911 429 2974 νόντων,
457 2910 638 2973 ὁποῖός
664 2911 808 2962 ἐστιν
837 2910 871 2962 ό
907 2907 1252 2976 καθήμενος
1281 2907 1350 2960 ἐν
1374 2907 1626 2976 βοηθείᾳ
1679 2909 1786 2963 τοῦ

216 3002 536 3072 Ὑψίστου,
565 2999 663 3055 καὶ
690 2997 807 3054 ὑπὸ
833 2998 946 3068 τὴν
973 3000 1157 3052 σκιὰν
1172 2996 1277 3052 τοῦ
1300 2995 1512 3053 ἱκανοῦ
1555 2997 1788 3060 αὐλιζό-

196 3110 422 3165 μενος·
478 3093 586 3146 τῶν
642 3086 730 3146 οὖν
791 3088 1044 3144 τοιούτων
1090 3091 1187 3161 ούχ
1239 3085 1318 3154 εἷς
1369 3089 1615 3160 ἄγγελος,
1651 3090 1786 3145 ἀλλὰ

204 3183 556 3256 παρεμϐολαὶ
595 3182 810 3246 πλείους
850 3181 1201 3235 καθίστανται
1239 3181 1498 3250 φύλακες,
1533 3181 1653 3236 ὅσαι
1697 3183 1789 3236 καὶ

203 3275 432 3338 πλείους
477 3275 527 3328 οἱ
575 3273 655 3345 τῷ
711 3273 852 3327 κατὰ
905 3272 1038 3327 Θεὸν
1077 3272 1266 3342 τελείῳ
1326 3271 1784 3337 ἐπιϐουλεύοντες.

203 3370 367 3423 Οὓτω
410 3365 540 3436 γοῦν
563 3366 656 3420 καὶ
698 3365 790 3418 τὸν
833 3365 1117 3436 προφήτην
1183 3363 1480 3418 Ἐλισσαῖον
1529 3363 1789 3417 ὲκύκλουν

203 3456 416 3526 πλῆθος
439 3454 750 3525 δορυφόρων
771 3453 1038 3523 ἀγγέλων.
1064 3453 1155 3506 Διὸ
1183 3453 1331 3508 οὐδὲν
1350 3453 1456 3507 τῶν
1481 3453 1788 3524 βλαπτικῶν

201 3544 608 3603 ἐπελεύσεσθαι
634 3545 852 3614 λέγεται
883 3544 960 3616 τῷ
988 3545 1075 3599 διὰ
1095 3541 1186 3598 τοῦ
1208 3541 1424 3617 ψαλμοῦ
1454 3560 1790 3618 προφητευό-

205 3644 391 3712 μένῳο
428 3637 540 3692 ἀλλ’
580 3637 698 3691 οὐδὲ
728 3636 925 3707 μάστιξ
951 3635 1044 3690 ἐπὶ
1063 3636 1123 3690 τὸ
1154 3636 1312 3708 σῶμα
1335 3635 1645 3706 ἐφάψασθαι
1693 3636 1786 3691 τοῦ

204 3732 568 3802 σκηνώματός
599 3728 764 3783 αὑτοῦ
785 3745 798 3760 ·
841 3729 1079 3798 μάστιγα
1106 3726 1367 3782 νοούντων
1405 3728 1561 3800 ἡμῶν
1598 3729 1658 3782 ού
1689 3730 1788 3801 τὴν

203 3823 513 3894 κοινότερον
537 3821 860 3894 λεγομένηνο
894 3819 1068 3894 ταύτῃ
1103 3820 1212 3892 γὰρ
1243 3821 1645 3893 ὲμαστίχθησαν
1683 3839 1787 3893 μυ-

205 3917 316 3989 ρίοι
331 3915 438 3968 τῶν
455 3914 620 3982 ἁγίων
637 3914 731 3967 τοῦ
745 3911 878 3967 Θεοῦ
895 3911 1183 3985 μαρτύρων
1202 3912 1295 3966 καὶ
1315 3913 1478 3967 αὑτοῦ
1496 3913 1553 3966 δὲ
1563 3913 1656 3967 τοῦ
1676 3914 1788 3967 Σω-

201 4010 376 4080 τῆρος
393 4005 547 4077 ἡμῶν
566 4004 626 4058 τὸ
636 4003 942 4075 σωματικὸν
958 4005 1220 4076 σκήνωμα
1237 4005 1374 4076 καὶὴ
1389 4003 1523 4076 σὰρξ
1541 4004 1788 4076 μάστιξιν

201 4097 414 4171 ᾐκίσθη
471 4095 609 4149 κατὰ
661 4097 751 4150 τδν
798 4098 986 4169 καιρὸν
1034 4095 1128 4150 τοῦ
1187 4097 1426 4163 πάθους,
1483 4095 1787 4161 ἀκολούθως

203 4191 278 4259 τῇ
342 4184 622 4258 φασκούσῃ
674 4188 801 4258 περὶ
842 4188 1004 4242 αὑτοῦ
1062 4191 1395 4262 προφητείᾳ,
1442 4191 1554 4245 Τὸν
1594 4190 1786 4246 νῶτόν

199 4295 330 4347 μου
371 4275 560 4330 ἔδωκα
590 4279 677 4342 εἷς
703 4276 1036 4346 μάστιγας,
1083 4282 1189 4348 τὰς
1231 4282 1299 4336 δὲ
1340 4282 1626 4350 σιαγόνας
1664 4299 1784 4353 μου

203 4373 302 4436 εἰς
321 4371 700 4438 ῥαπίσματα·
731 4368 810 4421 διὸ
841 4369 1077 4440 μάστιγα
1104 4372 1198 4426 νῦν
1231 4372 1518 4445 δηλοῦσθαι
1553 4374 1650 4444 τὴν
1677 4373 1785 4428 ἀπὸ

202 4449 530 4534 ϐαιμονικῆς
573 4461 849 4534 ἐνεργείας
897 4462 1106 4534 πληγὴν
1139 4465 1443 4536 νομιστέον,
1475 4466 1666 4530 ὁποίας
1711 4467 1786 4520 εί·-

1887 524 2098 586 gerant,
2133 515 2447 580 abduceret,
2481 517 2847 587 Iiberaretque
2891 517 2960 572 ab
3001 517 3270 572 idolorum
3302 533 3460 572 erro-

1884 625 1979 676 re;
2016 609 2324 665 necessario
2360 609 2560 664 bellum
2621 611 2798 680 primo
2854 611 3074 680 gerebat
3129 609 3184 664 in
3241 625 3338 665 eos
3365 613 3458 681 qui

1884 699 2149 754 diuturno
2186 707 2430 769 tempore
2459 699 2806 771 tyrannidem
2847 699 3192 757 obtinebant.
3233 700 3298 756 Et
3331 702 3461 772 quia

1884 791 2036 862 ipsos
2072 806 2168 861 per
2207 792 2570 847 tentationum
2620 791 2866 847 omnium
2904 791 3250 847 tolerantiam
3288 807 3464 865 oppu-

1885 881 2111 953 gnabat,
2135 881 2259 937 ideo
2284 880 2463 938 Lucas
2497 882 2573 937 ait
2602 901 2616 938 :
2655 881 2724 935 Et
2757 898 2874 936 cum
2895 895 3316 938 consummasset
3347 901 3465 940 om-

1885 989 2002 1028 nem
2039 975 2381 1030 tentationem
2411 973 2678 1041 diabolus,
2708 977 2951 1031 discessit
2987 976 3052 1030 ab
3080 992 3140 1031 eo
3170 977 3237 1031 ⁸⁸.
3259 975 3464 1033 Deinde

1883 1080 2014 1120 vero
2046 1064 2114 1119 ad
2147 1065 2430 1123 hominum
2463 1067 2800 1123 curationem
2833 1075 2888 1123 et
2925 1067 3190 1123 medelam
3239 1067 3464 1123 accede-

1884 1158 1978 1213 bat
2029 1177 2042 1212 :
2083 1173 2253 1228 quare
2305 1157 2611 1214 fremebant
2642 1159 2697 1213 in
2747 1173 2871 1214 eum
2909 1160 3209 1223 daemones,
3237 1159 3464 1214 conﬁte-

1884 1248 2193 1318 banturquc
2226 1263 2284 1304 se
2317 1262 2482 1305 nosse
2503 1250 2628 1320 quis
2668 1257 2837 1313 esset,
2865 1250 3166 1305 clamantes
3196 1256 3250 1304 et
3271 1250 3463 1305 dicen-

1885 1352 2008 1398 tes:
2047 1339 2191 1408 Sine,
2223 1342 2347 1412 quid
2381 1343 2531 1397 nobis
2573 1352 2623 1397 et
2673 1342 2785 1408 tibi,
2824 1340 2930 1396 Fili
2953 1341 3092 1397 Dei?
3130 1340 3387 1396 Nouimus
3417 1350 3464 1397 te

1883 1436 2000 1506 quis
2030 1435 2128 1501 sis,
2164 1445 2377 1490 sanctus
2401 1435 2498 1490 Dei
2530 1435 2860 1492 ".Abillata
2879 1437 3028 1492 enim
3053 1435 3132 1489 illi
3173 1450 3305 1490 voce
3332 1435 3463 1491 didi-

1885 1534 2075 1581 cerant
2105 1525 2357 1595 quisnam
2387 1535 2565 1594 esset;
2602 1525 2714 1579 imo
2743 1527 2907 1580 etiam
2937 1540 3004 1580 ex
3035 1524 3104 1580 iis
3135 1539 3257 1594 quae
3286 1530 3463 1579 tenta‘

1885 1618 2050 1674 tionis
2081 1629 2324 1690 tempore
2362 1625 2627 1690 gesserat,
2654 1616 2776 1686 ejus
2805 1617 3064 1672 virtutem
3102 1622 3391 1671 noverant.

1954 1823 2120 1880 Vens.
2137 1823 2320 1881 10-12.
2348 1818 2470 1878 Non
2495 1819 2738 1878 accedent
2761 1823 2830 1876 ad
2863 1832 2909 1876 te
2935 1822 3097 1888 mala,
3121 1830 3170 1877 et
3193 1820 3462 1894 ﬂagellum

1879 1934 1982 1973 non
2009 1911 2449 1988 appropinquabit
2474 1915 2813 1970 tabernaculo
2839 1924 2947 1970 tuo.
2969 1915 3234 1982 Quoniam
3263 1913 3462 1985 angelis

1879 2009 1991 2064 suis
2023 1996 2295 2062 mandabit
2326 2008 2388 2062 de
2414 2010 2481 2069 te,
2514 2015 2572 2060 ut
2600 2005 2899 2060 custodiant
2936 2014 2983 2059 te
3014 2007 3067 2060 in
3097 2005 3338 2060 omnibus
3359 2005 3460 2060 viis

1881 2102 2006 2156 tuis.
2032 2099 2099 2154 In
2130 2099 2376 2155 manibus
2396 2099 2681 2169 portabunt
2712 2105 2779 2163 te,
2799 2115 2860 2153 ne
2876 2115 3106 2170 unquam
3138 2093 3374 2167 offendas
3393 2095 3462 2150 ad

1881 2191 2108 2261 lapidem
2136 2190 2318 2262 pedem
2350 2201 2516 2248 tuum.
2544 2189 2670 2246 Haec
2702 2191 2769 2246 de
2800 2190 2918 2246 viro
2957 2190 3256 2246 secundum
3304 2188 3464 2244 Chri-

1881 2291 2026 2340 stum
2057 2289 2457 2344 consummato,
2481 2281 2548 2337 de
2577 2282 2747 2336 choro
2786 2288 3087 2352 martyrum
3117 2273 3345 2348 Christi,
3376 2278 3462 2335 vel

1881 2375 1950 2431 de
1983 2385 2173 2431 sancta
2209 2374 2329 2445 ejus
2379 2363 2658 2440 Ecclesia;
2693 2373 2802 2428 imo
2827 2390 2958 2430 vero
2991 2370 3058 2429 de
3100 2374 3221 2445 ipso
3249 2372 3459 2430 Christi

1879 2478 2112 2534 corpore
2147 2470 2450 2532 opportune
2482 2459 2588 2516 dici
2625 2469 2871 2532 possunt.
2901 2462 3042 2516 Nam
3082 2463 3131 2517 si
3161 2471 3462 2518 castrame-

1885 2562 2030 2608 talur
2057 2552 2271 2623 angelus
2304 2547 2517 2606 Domini
2546 2553 2601 2605 in
2634 2543 2859 2606 circuitu
2892 2549 3187 2606 timentium
3229 2567 3368 2614 eum,
3404 2560 3458 2605 et

1882 2643 2065 2712 eripiet
2094 2659 2181 2697 eos
2204 2644 2271 2704 ⁸⁸,
2297 2641 2389 2712 qui
2415 2641 2758 2696 formidinem
2784 2650 3130 2713 superarunt,
3145 2649 3198 2696 et
3228 2642 3284 2696 in
3312 2642 3462 2697 bono

1882 2734 2120 2798 virtutis,
2153 2748 2276 2804 qua:
2313 2732 2611 2788 secundum
2646 2732 2896 2788 animam'
2934 2743 3016 2790 est
3041 2772 3056 2798 ,
3109 2731 3307 2788 aﬂ‘ectu
3338 2748 3462 2788 vcr-

1885 2835 2096 2892 santur,
2125 2825 2304 2896 qualis
2345 2835 2429 2880 est
2459 2825 2549 2894 qui
2597 2824 2736 2879 sedet
2769 2821 2822 2878 in
2852 2823 3118 2895 adjutorio
3172 2825 3462 2891 Altissimi,

1886 2929 1936 2974 et
1963 2917 2058 2972 sub
2085 2916 2273 2972 umbra
2331 2917 2488 2988 fortis
2531 2926 2922 2982 commoratur;
2969 2919 3038 2975 iis
3078 2933 3211 2974 sane
3240 2917 3333 2989 qui
3382 2917 3463 2974 sic

1889 3009 2063 3064 aﬂ‘ecti
2098 3016 2246 3074 sunt,
2280 3024 2390 3064 non
2421 3008 2647 3078 angelus
2669 3023 2836 3072 unus,
2874 3008 2967 3063 sed
2997 3016 3180 3063 castra
3223 3007 3461 3079 plurima

1889 3101 1944 3157 in
1967 3100 2271 3156 custodiam
2301 3096 2501 3153 tradita
2522 3107 2670 3164 sunt,
2693 3106 2749 3154 et
2786 3105 2940 3154 tanto
2967 3098 3225 3170 plurima,
3250 3103 3460 3168 quanto

1888 3190 1980 3262 qui
2013 3191 2129 3245 viro
2159 3187 2458 3245 secundum
2491 3187 2659 3246 Deum
2700 3186 2947 3260 profecto
2977 3187 3330 3244 insidiantur.
3369 3185 3465 3243 Sic

1890 3282 2075 3352 itaque
2115 3279 2370 3336 Elisteum
2423 3279 2744 3351 prophetam
2802 3277 3118 3333 muniebant
3169 3278 3462 3334 satellitum

1889 3374 2201 3445 angelorum
2260 3379 2454 3428 turmae
2527 3371 2892 3439 Quamobrem
2957 3370 3270 3425 nocumenti
3320 3371 3462 3424 nihil

1888 3480 2156 3536 passurus
2181 3480 2303 3522 esse
2327 3465 2529 3520 dicitur
2556 3465 2650 3535 qui
2682 3465 2738 3519 in
2775 3463 2988 3535 psalmo
3017 3463 3420 3534 praenuntiatur
3445 3480 3460 3529 ;

1888 3565 2064 3620 neque
2096 3548 2366 3622 ﬂagellum
2395 3551 2613 3621 corpori
2641 3549 2978 3605 tabernaculi
3022 3548 3142 3618 ejus
3191 3548 3464 3603 incutien-

1888 3641 2015 3696 dum
2069 3642 2400 3712 pnedicitur.
2449 3641 2554 3697 Per
2581 3641 2848 3713 ﬂagellum
2897 3654 3029 3695 vero
3080 3655 3188 3695 non
3243 3639 3463 3709 vulgare

1888 3733 2019 3788 illud
2052 3733 2436 3804 intelligimus;
2471 3747 2597 3786 nam
2627 3746 2693 3787 eo
2720 3731 2846 3786 caesi
2874 3739 3005 3787 sunt
3031 3730 3462 3786 innumerabiles

1887 3827 2063 3884 sancti
2098 3825 2191 3881 Dei
2226 3832 2513 3896 martyres,
2545 3831 2708 3895 atque
2748 3824 2927 3895 ipsum
2973 3838 3298 3895 corporeum
3329 3821 3460 3878 Ser-

1886 3920 2090 3974 vatoris
2138 3915 2312 3971 nostri
2347 3914 2756 3970 tabernaculum
2803 3920 2858 3968 et
2898 3927 3028 3968 caro
3061 3912 3180 3982 ejus
3213 3919 3463 3984 tempore

1887 4007 2157 4080 passionis
2186 4005 2414 4078 ﬂagellis
2439 4006 2713 4061 lancinata
2757 4013 2861 4071 est,
2893 4004 3193 4061 secundum
3225 4005 3461 4076 proﬁte-

1887 4100 2016 4155 tiam
2041 4115 2160 4170 qua:
2194 4097 2260 4153 de
2284 4100 2400 4170 ipso
2423 4098 2584 4161 fatur,
2615 4096 2844 4152 Donum
2894 4114 3064 4152 meum
3086 4095 3207 4151 dedi
3237 4096 3306 4150 ad
3353 4098 3460 4167 fla-

1885 4193 2071 4263 gellas,
2090 4201 2137 4245 et
2168 4207 2326 4262 genas
2353 4208 2495 4245 meas
2523 4189 2591 4244 ad
2623 4189 2809 4259 alapas
2831 4189 2875 4220 ⁸⁷
2906 4207 2919 4244 :
2953 4187 3048 4244 sed
3073 4187 3340 4260 ﬂagellum
3372 4189 3462 4244 hic

1887 4284 2094 4353 plagam
2117 4281 2414 4336 daemonica
2445 4281 2497 4334 vi
2534 4280 2788 4336 inﬂictam
2810 4278 3122 4350 significare
3152 4277 3456 4348 putandum

1885 4381 2005 4435 est,
2059 4372 2237 4441 qualia
2279 4371 2395 4440 ipse
2449 4368 2704 4424 Servator
2762 4371 3099 4438 impurorum
3149 4366 3458 4422 daemonum

1887 4464 2200 4519 hominibus
2230 4463 2450 4517 incussa
2473 4461 2679 4533 ﬂagella
2703 4476 2926 4516 curasse
2949 4467 3228 4515 narratur.
3250 4459 3458 4529 Hujus-

206 4563 376 4628 ρηται
413 4554 573 4617 αὐτὸς
616 4554 644 4606 ὁ
698 4555 886 4626 Σωτὴρ
937 4554 1187 4609 ἰάσασθαι
1236 4558 1329 4609 καὶ
1375 4556 1696 4628 θεραπεύειν
1725 4559 1782 4611 ὲν

1891 4555 2036 4609 modi
2065 4554 2337 4626 ﬂagellum
2371 4553 2573 4608 dicitur
2597 4569 2704 4607 non
2738 4552 3298 4624 appropinquaturum
3339 4566 3460 4608 esse

203 4647 520 4719 ἀνθρώποις
552 4645 815 4718 δαιμόνων
841 4646 1164 4719 ἀκαθάρτων
1200 4648 1482 4718 μάστιγας.
1517 4647 1783 4721 Τοιαύτην

202 4737 306 4795 οὖν
346 4740 582 4811 μάστιγά
629 4756 796 4810 φησιν
831 4740 862 4792 ό
910 4737 1098 4811 παρὼν
1131 4737 1285 4808 λόγος
1317 4741 1392 4812 μὴ
1426 4742 1664 4810 ἐγγίσειν
1706 4740 1781 4813 τῷ

207 4831 534 4904 σκηνώματι
559 4830 652 4884 τοῦ
691 4829 1190 4903 προφητευομένου,
1217 4831 1306 4885 διὰ
1329 4831 1390 4884 τὸ
1420 4833 1782 4903 φυλάττεσθαι

204 4925 320 4980 ὑπὸ
351 4925 458 4978 τῶν
483 4924 902 4996 καθεσταμένων
929 4925 1021 4978 ἐπὶ
1047 4925 1108 4979 τὸ
1147 4928 1405 4998 φρουρεῖν
1435 4926 1594 4980 αὑτὸν
1617 4927 1783 4997 ἀγγέ-

203 5019 343 5079 λων,
372 5017 421 5069 οἶ
460 5016 523 5086 δὴ
561 5017 653 5070 καὶ
702 5015 794 5068 ἐπὶ
840 5014 1040 5100 χειρῶν
1091 5015 1254 5069 αὐτὸν
1279 5015 1550 5087 μετέωρον
1588 5017 1784 5089 ἀναλη-

201 5107 410 5182 ψεσθαι
436 5108 699 5176 λέγονται,
730 5107 867 5179 πρὸς
892 5105 952 5161 τὸ
975 5108 1049 5180 μὴ
1074 5108 1440 5179 προσκόπτειν
1463 5107 1626 5162 αὑτοῦ
1653 5108 1784 5180 λίθῳ

201 5203 306 5257 τὸν
337 5201 490 5255 πόδα.
529 5202 798 5272 Σκήνωμα
836 5201 892 5253 δὲ
936 5201 1098 5255 αύτοῦ
1132 5201 1254 5256 καθ’
1288 5201 1385 5254 ἕνα
1436 5201 1534 5272 μὲν
1585 5202 1784 5274 τρόπον

200 5295 360 5368 ἐρεῖς
405 5289 542 5347 εἶναι
589 5293 685 5365 τὴν
720 5292 1042 5363 Ἐκκλησίαν
1081 5291 1267 5356 αὑτοῦ,
1317 5293 1459 5347 κατὰ
1502 5292 1562 5348 τὸ
1585 5335 1600 5358 ,
1638 5294 1785 5361 Ἕως

202 5386 291 5440 ἄν
341 5383 492 5452 εὕρω
549 5385 737 5438 τόπον
789 5383 871 5450 τῷ
913 5386 1139 5454 Κυρίῳ,
1200 5383 1488 5455 σκήνωμα
1532 5383 1613 5450 τῷ
1664 5382 1785 5450 Θεῷ

214 5475 451 5533 Ἰακώϐ·
488 5475 628 5530 οὕτω
672 5475 765 5530 καὶ
798 5475 1019 5531 πλείονα
1049 5477 1381 5548 σκηνώματα
1409 5475 1504 5542 τὰς
1543 5476 1783 5529 ἁπαντα-

321 5631 367 5709 ft
404 5631 534 5709 Luc.
578 5649 651 5697 ιν,
693 5632 778 5709 id.
876 5633 924 5667 ⁸⁸
963 5633 1130 5691 Marc.
1168 5650 1206 5701 ι,
1239 5633 1338 5701 2t;
1374 5631 1508 5689 Luc.
1541 5647 1613 5701 ιν,
1640 5632 1733 5693 54.

1894 5633 2039 5693 Psal.
2075 5649 2278 5709 xxxiii,
2313 5638 2367 5694 8.

204 5703 254 5736 "
295 5701 436 5758 Psal.
473 5719 697 5764 uuln.
733 5704 786 5759 2.

1889 4648 2245 4702 tabernaculo
2291 4647 2433 4717 ejus,
2466 4647 2558 4717 qui
2590 4647 2644 4700 in
2675 4645 2933 4702 vaticinia
2975 4645 3181 4714 fertur;
3234 4645 3361 4716 quia
3391 4646 3461 4703 ab

1889 4738 2096 4809 angelis
2124 4737 2190 4792 ad
2226 4737 2529 4793 custodiam
2559 4735 2677 4806 ejus
2707 4735 2979 4807 deputatis
3016 4734 3340 4800 servabitur,
3364 4737 3457 4806 qui

1888 4830 2050 4886 etiam
2077 4845 2200 4885 eum
2239 4830 2293 4884 in
2329 4828 2581 4884 manibus
2626 4828 2910 4884 sublimem
2962 4828 3298 4899 assumpturi
3336 4843 3458 4884 esse

1892 4920 2169 4985 dicuntur,
2202 4929 2261 4974 ut
2299 4936 2366 4975 ne
2419 4935 2514 4990 pes
2544 4919 2663 4990 ejus
2690 4920 2758 4973 ad
2788 4917 3020 4990 lapidem
3051 4917 3306 4973 oﬂ‘cndat.
3347 4917 3457 4974 Ta-

1893 5015 2246 5070 bernaculum
2278 5029 2440 5085 porro
2487 5013 2605 5084 ejus
2643 5013 2822 5084 aliqua
2869 5013 3082 5068 ratione
3129 5012 3283 5069 dicas
3339 5027 3459 5071 esse

1892 5103 2190 5160 Ecclesiam
2220 5106 2414 5176 ipsius,
2447 5103 2743 5160 secundum
2777 5103 2931 5167 illud,
2974 5102 3150 5158 Donec
3198 5105 3457 5159 inveniam

1894 5198 2064 5251 locum
2092 5197 2319 5252 Domino
2341 5237 2356 5262 ,
2397 5195 2792 5250 tabernaculum
2825 5195 2935 5250 Deo
2974 5195 3142 5250 Iacob
3171 5195 3246 5264 ⁸⁸;
3293 5195 3373 5250 sic
3404 5202 3456 5252 at

1892 5291 2016 5345 illas
2047 5306 2142 5361 per
2171 5290 2357 5345 orbem
2410 5290 2672 5345 ecclesias
2713 5289 2941 5359 plurima
2964 5287 3311 5344 tabernacula
3333 5301 3455 5343 esse

1891 5383 2043 5438 novit
2074 5383 2165 5454 qui
2193 5381 2349 5448 dixit,
2380 5381 2548 5448 Quam
2576 5381 2769 5436 dilecta
2800 5381 3140 5436 tabernacula
3161 5387 3300 5442 ‘tua,
3343 5377 3454 5432 Do-

1891 5475 2030 5529 mine
2052 5475 2306 5528 virtutum
2339 5472 2417 5526 "l
2465 5472 2587 5528 Alio
2613 5481 2794 5528 autem
2828 5474 3010 5538 modo,
3046 5483 3366 5539 corporeum
3394 5470 3456 5525 il-

2472 5633 2515 5666 ⁸⁷
2554 5631 2657 5688 lsa.
2692 5631 2819 5700 1.,6.
2915 5629 2959 5661 ⁸⁸
2999 5626 3140 5682 Psal.
3179 5640 3363 5692 cum,
3398 5625 3450 5680 5.
