3988 6204
532 272 685 334 “59’

1193 273 1978 348 EUSEBILCIESARIENSIS
2013 275 2166 334 OPP.
2205 279 2384 337 PARS
2415 281 2506 340 Ill.
2538 313 2606 324 -—
2646 279 3054 344 EXEGETICA.

3626 301 3775 350 ίίυυ

528 397 620 452 Iud
651 399 1094 460 instrumentum,
1127 397 1182 452 in
1213 413 1324 467 quo
1377 398 1644 454 habitavit
1698 399 1792 456 Dei
1819 399 2078 469 Verbum1

2198 404 2294 476 χοῦ
2336 405 2439 475 γῆς
2471 406 2769 477 εἰρημένας
2805 408 3098 478 ἐκκλησίας
3121 403 3259 463 οἶδεν
3290 413 3318 465 6
3351 411 3528 483 φήσας
3571 413 3731 484 λόγος
3757 435 3774 447 ο

525 486 729 542 dixeris
751 485 1161 540 tabernaculum
1191 486 1313 557 ejus
1339 503 1481 544 esse.

2213 495 2310 561 Ὠς
2332 496 2605 565 ἀγαπητὰ
2626 496 2698 552 τὰ
2732 499 3091 568 σκηνώματά
3119 516 3257 563 σου,
3292 505 3468 570 Κύριε
3501 505 3617 559 τῶν
3658 507 3779 561 δυ-

525 575 792 671 νάμεων]
811 576 946 630 Καθ’
976 577 1160 648 ἓτερον
1185 577 1242 631 δὲ
1272 579 1472 648 τρόπον
1500 580 1562 634 τὸ
1601 582 1910 652 σωματικὸν
1939 584 2186 654 ὄργανον,
2243 589 2301 644 ἐν
2345 582 2392 659 ᾧ
2449 592 2860 663 κατεσκήνωσεν
2909 587 2938 644 6
2984 593 3076 646 τοῦ
3113 593 3247 647 Θεοῦ
3307 597 3496 666 Λόγος,
3548 598 3778 671 λεχθείη

525 668 592 723 ἂν
620 668 784 722 αὐτοῦ
822 671 1106 742 σκήνωμα.

593 762 660 817 Ει
687 763 906 834 quidem
953 765 1225 836 praecipua
1273 777 1327 822 et
1361 768 1567 838 majora
1605 779 1756 840 gesta
1787 769 1967 837 illius,
2001 773 2096 843 qui

521 850 578 904 in
607 850 890 921 prophetia
913 852 1246 916 enuntiatur,
1277 867 1443 923 opera
1482 856 1876 924 praestantioris
1905 859 2095 929 cujus-

520 943 666 1012 piam
697 943 1027 1011 edebantur;
1060 959 1184 1000 nam
1214 945 1261 1000 is
1291 945 1383 1016 qui
1424 947 1726 1002 secundum
1775 963 1997 1003 carnem
2025 965 2092 1006 ex

521 1035 730 1090 semine
757 1034 978 1091 Davidis
1005 1051 1128 1092 esse
1153 1051 1184 1089 a
1225 1037 1384 1093 nobis
1415 1037 1755 1110 intelligitur,
1777 1054 1903 1094 cum
1935 1041 2090 1097 sede-

519 1134 603 1181 ret
633 1126 690 1181 in
713 1125 987 1197 adjutorio
1009 1127 1297 1192 Altissimi,
1327 1136 1384 1183 et
1441 1144 1569 1185 cum
1597 1131 1937 1188 Altissimum
1994 1148 2090 1204 po.

518 1216 720 1272 suisset
746 1216 1014 1288 refugium
1051 1232 1235 1282 suum,
1263 1216 1388 1288 jure
1422 1220 1492 1274 ab
1523 1220 1802 1277 Altissimo
1830 1225 2089 1280 servaba-

519 1315 627 1362 tur.
647 1306 1008 1374 Quamobrem
1025 1309 1240 1363 diccbat
1270 1309 1670 1380 illi,Susceptor
1695 1329 1840 1368 meus
1867 1330 1923 1368 es
1953 1323 2010 1368 tu
2037 1324 2088 1370 et

517 1398 779 1469 refugium
806 1415 998 1464 meum,
1028 1398 1165 1453 Deus
1196 1416 1363 1465 meus,
1391 1410 1441 1454 et
1465 1401 1685 1472 sperabo
1716 1404 1768 1456 in
1796 1421 1934 1460 eum.
1968 1404 2088 1476 Ipse

516 1506 754 1562 namque
780 1492 1005 1550 eruebat
1035 1507 1160 1548 eum
1195 1491 1260 1547 de
1291 1493 1486 1562 laqueo
1518 1495 1833 1549 venantium
1855 1535 1871 1561 ,
1924 1503 1980 1552 et
2029 1498 2089 1554 in

517 1585 756 1653 scapulis
789 1585 905 1641 suis
925 1585 1282 1641 obumbrabat
1344 1586 1455 1652 illi;
1488 1587 1620 1656 quin
1651 1588 1812 1643 etiam
1847 1589 2086 1646 circum-

515 1671 680 1728 dabat
711 1673 865 1728 illum
888 1673 1135 1728 veritatis
1191 1680 1348 1728 scuto
1398 1674 1678 1744 obtegens.
1739 1677 1806 1730 Et
1861 1676 1978 1732 haec
2009 1677 2086 1732 illi

2265 775 2347 830 Τὰ
2375 775 2474 847 μὲν
2506 774 3008 850 κεφαλαιωδέστερα
3042 777 3138 830 καὶ
3177 778 3395 849 μείζονα
3430 780 3538 835 τῶν
3561 801 3775 856 κατορ-

2195 862 2461 933 θωμάτων
2480 862 2572 916 τοῦ
2594 862 2683 916 διὰ
2703 864 2803 934 τῆς
2823 866 3154 936 προφητείας
3180 867 3336 939 δηλου
3344 869 3504 941 μένου
3527 873 3612 926 διὰ
3634 892 3776 928 συν-

2196 955 2413 1027 εργείας
2441 957 2536 1010 τοῦ
2567 957 2808 1028 μείζονος
2833 958 3197 1030 κατωρθοῦτο.
3227 963 3546 1035 Καθήμενος
3570 967 3678 1039 γάρ
3707 970 3777 1022 ἐν

2198 1047 2419 1120 βοηθείᾳ
2449 1049 2546 1103 τοῦ
2581 1048 2835 1120 Ὑψίστου
2866 1051 2895 1105 6
2929 1051 3070 1106 κατὰ
3100 1052 3278 1124 σάρκα
3307 1055 3590 1128 νοούμενος
3629 1062 3775 1132 ἡμῖν

2192 1141 2222 1195 6
2273 1141 2339 1195 ἐκ
2392 1141 2705 1214 σπέρματος
2760 1142 2920 1196 Δαυῒδ
2975 1143 3245 1213 γεγονὼς,
3279 1149 3309 1200 6
3359 1149 3521 1214 αὐτὸς
3561 1152 3617 1206 δὲ
3668 1154 3775 1207 τὸν

2195 1233 2458 1303 ’Ὕψιστον
2491 1233 2714 1305 θέμενος
2774 1235 2938 1290 αὐτοῦ
2991 1239 3348 1310 καταφυγὴν,
3389 1242 3613 1307 εἰκότως
3652 1245 3771 1298 ὑπὸ

2190 1323 2284 1379 τοῦ
2343 1325 2598 1396 Ὑψίστου
2646 1325 3002 1395 ἐφυλάττετο*
3059 1327 3138 1380 διὸ
3184 1328 3280 1382 καὶ
3325 1329 3470 1400 αὐτῷ
3529 1331 3722 1398 ἔλεγεν
3749 1349 3763 1362 ·

2205 1412 2596 1482 Ἀντιλήπτωρ
2639 1431 2758 1482 μου
2795 1405 2853 1466 εἶ
2889 1413 2986 1467 καὶ
3014 1413 3323 1484 καταφυγή
3352 1433 3492 1484 μου,
3536 1418 3569 1469 d
3610 1417 3768 1483 Θεός

2187 1522 2306 1575 μου
2330 1544 2346 1570 ,
2400 1505 2500 1559 καὶ
2553 1503 2740 1559 ἐλπιῶ
2791 1504 2883 1558 ἐπ’
2941 1506 3144 1559 αὐτόν.
3205 1504 3376 1569 Αὐτὸς
3425 1508 3532 1578 γὰρ
3590 1507 3764 1560 αὐτὸν

2192 1597 2414 1670 ἐρρύετο
2442 1599 2506 1651 ἐκ
2561 1594 2783 1665 παγίδος
2846 1595 3153 1667 θηρευτῶν,
3181 1595 3276 1652 καὶ
3329 1597 3385 1650 ἐν
3432 1599 3540 1660 τοῖς
3588 1614 3764 1667 μετα-

2193 1691 2408 1764 φρένοις
2435 1689 2600 1744 αὑτοῦ
2626 1689 2951 1755 ἐπεσκίαζεν
2988 1691 3180 1745 αὐτόν·
3223 1691 3359 1745 ἀλλὰ
3397 1693 3490 1746 καὶ
3522 1690 3760 1744 ἐκύκλου

513 1765 697 1822 omnia
726 1765 1041 1822 Altissimus
1062 1765 1371 1835 praestabat,
1401 1773 1464 1819 ut
1495 1780 1564 1820 ne
1607 1766 1919 1822 turbaretur
1954 1784 1984 1822 a
2017 1769 2078 1822 ti-

2187 1783 2348 1837 αὐτὸν
2375 1781 2714 1853 περιϐάλλων
2746 1781 3004 1855 ἀληθείας
3033 1784 3198 1855 ὅπλῳ.
3229 1783 3338 1838 Καὶ
3369 1783 3540 1838 ταῦτα
3573 1785 3760 1838 πάντα

516 1872 668 1913 more
697 1865 987 1920 nocturno,
1020 1856 1104 1910 vel
1137 1871 1169 1909 a
1212 1855 1410 1925 sagitta
1435 1857 1650 1912 volante
1695 1857 1751 1911 in
1782 1857 1890 1922 die,
1933 1867 2027 1913 aut
2053 1875 2082 1914 a

514 1948 732 2018 negotio
769 1945 1180 2017 perambulante
1208 1945 1264 1998 in
1297 1944 1534 2000 tenebris
1567 1983 1582 2007 ,
1635 1953 1727 1998 aut
1779 1960 1810 2000 a
1839 1947 1997 2000 ruina
2033 1955 2087 2001 et

512 2037 782 2093 daemonio
815 2035 1136 2091 meridiano.
1171 2033 1250 2087 Ad
1290 2034 1404 2089 limo
1434 2051 1564 2090 vero
1611 2035 1926 2093 Altissimus
1979 2052 2082 2091 au-

514 2126 733 2182 xiliatos
759 2124 809 2178 ei
835 2124 902 2178 de
927 2138 1036 2194 quo
1073 2121 1252 2194 agitur
1279 2138 1469 2178 omnes
1516 2122 1862 2178 inimicorum
1899 2133 1952 2180 et
1991 2124 2086 2180 ho-

513 2215 681 2271 stium
715 2213 837 2282 ejus
874 2213 1104 2267 virtutes
1148 2210 1216 2267 de
1267 2211 1448 2266 medio
1499 2212 1719 2266 tollebat
1769 2221 1824 2268 et
1854 2213 2083 2282 pedibus

511 2306 633 2376 ejus
655 2303 1002 2374 subjiciebat.
1039 2301 1218 2369 Quare
1253 2301 1456 2357 dictum
1487 2310 1593 2366 est,
1623 2301 1822 2358 Cadent
1847 2322 1879 2358 a
1921 2303 2085 2359 latere

495 2409 603 2453 .tuo
639 2397 803 2462 mille,
826 2407 875 2449 et
913 2395 1086 2450 decem
1116 2393 1288 2448 millia
1325 2412 1356 2448 a
1405 2394 1607 2450 dextris
1632 2397 1758 2461 tuis,
1793 2397 1861 2450 ad
1902 2406 1950 2452 te
1985 2415 2083 2453 au-

511 2496 614 2546 tem
648 2506 750 2544 non
776 2486 1236 2558 appropinquabit.
1269 2485 1461 2557 Magna
1497 2487 1701 2558 itaque,
1730 2497 1788 2544 ut
1831 2489 1987 2555 dixi,
2027 2497 2081 2547 et

510 2579 749 2650 perfecta
777 2594 942 2650 opera
969 2577 1285 2634 Altissimus
1317 2577 1453 2647 ipse,
1485 2587 1781 2636 memorato
1804 2581 1923 2636 viro
1956 2581 2077 2653 opi-

509 2673 727 2739 tulans,
767 2671 996 2736 edebat;
1037 2670 1248 2725 minora
1280 2678 1482 2736 autem,
1515 2679 1574 2726 ut
1604 2673 1727 2743 quis
1749 2672 1986 2741 dixerit,
2025 2681 2080 2732 et

508 2761 715 2818 leviora
744 2775 1133 2833 corporeaquc,
1174 2760 1382 2832 angelis
1412 2763 1756 2833 procuranda
1787 2763 2078 2820 demanda-

506 2857 620 2912 bat.
645 2855 770 2911 llaac
791 2870 955 2926 porro
975 2861 1131 2909 erant
1156 2870 1278 2924 quae
1297 2853 1364 2908 ad
1396 2855 1826 2924 tabernaculum,
1858 2857 1973 2913 sive
2004 2855 2077 2914 ad

507 2963 832 3020 corporeum
863 2948 1288 3004 instrumentum
1333 2954 1496 3018 atque
1527 2947 1596 3002 ad
1640 2947 1813 3019 ipsam
1855 2965 2076 3007 carnem

507 3038 881 3110 pertinebant;
911 3043 965 3091 et
1004 3036 1137 3098 haec,
1173 3043 1357 3107 utpote
1388 3052 1508 3107 qua:
1535 3037 1769 3103 modica,
1793 3045 1954 3108 atque
1981 3055 2072 3094 su-
2135 3061 2143 3071 -

2189 1876 2446 1946 παρεῖχεν
2477 1872 2626 1944 αὐτῷ
2651 1872 2938 1941 Ὕψιστος,
2973 1875 3119 1937 ὅπως
3163 1874 3238 1945 μὴ
3271 1875 3604 1946 ταράττηται
3644 1876 3759 1930 άπὸ

2186 1965 2349 2035 φόϐου
2380 1981 2716 2037 νυκτερινου,
2751 1965 2887 2035 μήτε
2921 1963 3028 2018 άπὸ
3063 1962 3248 2033 βέλους
3283 1964 3579 2034 πετομένου
3608 1963 3756 2034 ἡμέ-

2187 2069 2306 2122 ρας,
2344 2051 2476 2122 μηδὲ
2498 2049 2606 2104 ἀπὸ
2630 2051 2956 2123 πράγματος
2979 2052 3038 2104 ἐν
3073 2051 3252 2104 σκότει
3273 2051 3752 2123 διαπορευομένου,

2187 2140 2321 2212 μηδὲ
2343 2139 2449 2194 άπὸ
2483 2139 2886 2212 συμπτώματος
2923 2143 3016 2197 καὶ
3050 2142 3321 2214 δαιμονίου
3351 2143 3750 2215 μεσημϐρινοῦ.

2186 2231 2306 2284 Ἐτι
2337 2230 2395 2285 δὲ
2419 2230 2554 2302 πρὸς
2585 2231 2793 2297 τούτοις
2825 2233 2986 2298 αὐτὸς
3017 2235 3045 2287 6
3075 2234 3334 2304 Ὕψιστος
3366 2233 3645 2304 συνεργῶν
3670 2234 3753 2304 τῷ

2181 2323 2310 2394 περὶ
2339 2317 2398 2377 οὗ
2425 2326 2453 2376 6
2483 2323 2661 2392 λόγος,
2701 2323 2881 2389 πάσας
2909 2325 3007 2389 τὰς
3043 2324 3150 2379 τῶν
3194 2325 3402 2396 ἐχθρῶν
3453 2325 3620 2379 αὑτοῦ
3653 2325 3754 2378 καὶ

2182 2413 2454 2486 πολεμίων
2503 2416 2762 2488 δυνάμεις
2805 2416 3032 2489 καθῄρει
3075 2418 3170 2471 καὶ
3223 2415 3326 2470 ὑπὸ
3368 2399 3536 2482 πόδας
3583 2417 3749 2472 αὐτοῦ

2181 2506 2497 2561 κατέϐαλλε.
2525 2508 2616 2560 Διὸ
2647 2507 2890 2577 ἐλέγετο·
2940 2510 3215 2563 Hect-ritca
3253 2509 3319 2563 ἐκ
3352 2508 3460 2564 τοῦ
3499 2509 3750 2576 κλίτους

2179 2613 2295 2651 σου
2336 2598 2532 2667 χιλιὰς
2561 2599 2660 2653 καὶ
2709 2599 2929 2670 μυριὰς
2959 2599 3027 2653 ἐκ
3055 2598 3268 2664 δεξιῶν
3302 2616 3449 2665 σου,
3483 2600 3634 2669 πρὸς
3668 2599 3752 2654 σὲ

2179 2687 2247 2742 δὲ
2271 2691 2381 2745 οὐκ
2405 2689 2604 2760 ἐγγιεῒ.
2648 2690 2730 2744 Τὰ
2783 2692 2879 2762 μὲν
2905 2685 3026 2756 οὖν,
3057 2690 3132 2754 ὠς
3178 2691 3347 2761 ἔφην,
3400 2691 3612 2762 μεγάλα
3655 2691 3751 2744 καὶ

2177 2781 2364 2852 ἐντελῆ
2397 2782 2790 2856 κατορθώματα
2810 2785 2838 2836 6
2867 2784 3127 2854 ’Υψιστος
3165 2783 3340 2852 αὐτὸς
3360 2783 3637 2855 συνεργῶν
3664 2783 3750 2853 τῷ

2176 2873 2484 2947 δηλουμένῳ
2536 2875 2800 2943 ἐξετέλει·
2825 2875 2894 2931 τά
2924 2876 3000 2942 δὲ,
3037 2876 3112 2942 ὡς
3159 2877 3224 2932 ἂν
3256 2875 3398 2930 εἴποι
3422 2894 3526 2942 τις,
3574 2875 3749 2930 item}.

2176 2967 2270 3020 καὶ
2339 2965 2769 3040 σωματικώτερα
2820 2968 3070 3038 ἀγγέλοις
3143 2969 3503 3024 διακονεῖσθαι
3577 2988 3748 3042 προσ-

2175 3055 2382 3111 έταττε.
2426 3055 2609 3110 Ταῦτα
2638 3055 2694 3110 δέ
2739 3052 2808 3129 ἦν
2843 3057 2911 3111 τά
2959 3059 3088 3130 περ)⁵
3130 3058 3190 3111 τὸ
3241 3061 3504 3130 σκήνωμα
3552 3059 3744 3124 αὐτοῦ,

506 3136 692 3208 perius
719 3135 1033 3191 memoratis
1077 3134 1310 3199 collata,
1364 3135 1488 3189 vilia
1532 3147 1748 3201 essent,
1806 3135 2074 3192 ministris

2179 3146 2374 3218 δηλαδὴ
2405 3147 2467 3200 τὸ
2500 3125 2804 3218 σωματικδν
2841 3125 3096 3221 ὄργανον,
3131 3150 3226 3202 καὶ
3275 3125 3344 3204 τά
3397 3125 3525 3222 περὶ
3573 3151 3748 3222 αὐτὴν

505 3230 715 3302 angelis
741 3228 810 3283 ad
841 3228 1149 3284 custodiam
1171 3228 1658 3308 concredebantur,
1695 3244 1762 3285 ne
1802 3227 1932 3301 quid
1978 3245 2075 3284 no-

503 3327 746 3383 cumenti
805 3325 1022 3396 corpori
1069 3326 1190 3396 ejus
1235 3325 1529 3383 inferretur
1557 3367 1573 3392 ,
1627 3343 1762 3384 neve
1803 3327 2073 3400 ﬂagellum

503 3417 817 3488 quodpiam,
839 3432 948 3472 non
973 3417 1097 3487 ipsi,
1118 3415 1213 3472 scd
1243 3416 1591 3474 tabernaculo
1636 3417 1756 3488 ejus
1778 3417 2075 3478 ,incutere—

503 3515 596 3564 tur
629 3527 644 3564 :
675 3524 799 3563 nam
834 3507 937 3579 ipsi
993 3523 1171 3579 neque
1223 3507 1392 3563 millia
1418 3548 1434 3575 ,
1466 3524 1643 3579 neque
1685 3509 1870 3565 decem
1904 3510 2070 3564 millia

503 3607 866 3678 malignarum
933 3607 1192 3663 virtutum
1267 3608 1705 3679 appropinquare
1777 3607 2068 3662 audebant.

500 3699 668 3756 Carni
701 3714 830 3754 vero
851 3708 903 3754 et
930 3699 1146 3769 corpori
1165 3697 1304 3768 ejus,
1338 3699 1433 3768 qui
1478 3698 1532 3752 in
1565 3697 1848 3769 prophetia
1876 3696 2069 3762 fertur,

502 3791 679 3862 angeli
713 3790 1097 3846 ministrabant
1131 3789 1213 3844 vel
1245 3789 1301 3842 in
1344 3789 1587 3844 minimis
1633 3798 1690 3844 et
1737 3789 2021 3845 vilissimis
2051 3811 2064 3846 :

499 3881 646 3953 quod
670 3895 802 3938 sane
821 3881 907 3935 his
936 3879 1245 3935 declaratur
1267 3919 1284 3946 ,
1336 3877 1420 3934 Ne
1461 3879 1697 3950 o/fendas
1727 3879 1795 3934 ad
1843 3881 2071 3951 lapidem

498 3974 681 4046 pedem
717 3983 884 4028 tuum.
920 3972 1014 4028 llis
1043 3973 1241 4043 quippe
1281 3971 1512 4027 indicari
1545 3971 1782 4027 arbitror
1814 4011 1830 4038 ,
1881 3975 1962 4028 vel
2015 3975 2072 4031 in

500 4064 743 4120 minimis
786 4072 840 4120 et
871 4063 1022 4133 parvi
1046 4063 1301 4118 momenti
1333 4064 1496 4117 rebus
1523 4077 1643 4132 qua:
1677 4063 1894 4131 corpori
1923 4064 2068 4120 acci-

497 4155 629 4211 dere
660 4154 926 4221 solebant,
962 4155 1182 4226 angelos
1243 4153 1348 4223 ipsi
1388 4152 1749 4208 ministrasse.
1792 4151 1852 4208 ln
1890 4152 2072 4209 Evan-

498 4249 654 4322 geliis
685 4263 848 4318 porro
900 4247 1004 4302 hoc
1039 4245 1106 4302 de
1137 4243 1417 4300 Salvatore
1450 4244 1821 4300 testimonium
1871 4244 2068 4316 deprc-

498 4341 743 4409 bendas;
777 4339 992 4394 Marcus
1021 4338 1167 4395 enim
1208 4337 1432 4407 scripsit
1461 4344 1705 4408 tempore
1749 4339 2066 4395 tentationis

498 4430 835 4488 Salvatorem
890 4445 1013 4486 cum
1071 4429 1199 4485 feris
1257 4429 1449 4491 fuisse,
1485 4437 1539 4484 et
1570 4429 1790 4500 angelos
1822 4430 1872 4485 ei
1907 4429 2068 4484 mini-
2096 4463 2142 4520 Ι)

498 4536 706 4583 strasse
734 4524 813 4590 '°;
845 4521 1132 4576 Mattlneus
1167 4535 1296 4575 vero
1327 4519 1562 4589 idipsum
1597 4529 1810 4590 tempus
1856 4520 2065 4590 signifi-

494 4631 629 4672 cans
657 4615 733 4670 ait
761 4633 774 4668 :
809 4613 954 4667 Tunc
974 4611 1192 4664 dimittit
1227 4627 1344 4664 eum
1373 4609 1650 4676 diabolus,
1677 4619 1725 4664 et
1751 4627 1864 4665 ecce
1892 4612 2065 4682 angeli

499 4713 827 4760 accesserunt
854 4713 903 4758 et
932 4701 1306 4758 ministrabant
1336 4700 1383 4754 ei
1408 4702 1476 4754 ³³.
1509 4699 1651 4756 Sane
1695 4700 1839 4771 quod
1889 4701 2065 4772 angeli

501 4797 604 4867 ipsi
637 4795 1104 4858 ministraverint,
1156 4793 1501 4865 evangelista:
1551 4793 1861 4858 declarant;
1921 4791 2064 4864 quod

497 4896 676 4943 autem
714 4887 1000 4943 ministerii
1021 4902 1190 4958 genus
1241 4885 1346 4956 ipsi
1395 4884 1763 4956 praestiterint,
1798 4900 1907 4939 non
1957 4899 2065 4940 me-

496 4987 778 5035 morarunt
812 4979 926 5034 illi:
961 4978 1055 5034 sed
1100 4978 1155 5033 id
1211 4993 1452 5050 praesens
1504 4976 1786 5048 prophetia
1843 4975 2058 5041 docuit,

494 5074 746 5130 videlicet
776 5072 924 5130 circa
949 5087 1211 5143 corporea
1242 5081 1298 5129 et
1326 5072 1550 5127 minima
1587 5086 1776 5126 eorum
1815 5069 2062 5126 ministe—

494 5169 636 5222 rium
667 5166 856 5223 fuisse.
898 5165 1034 5221 Nam
1068 5165 1188 5236 ejus
1221 5167 1630 5222 tabernaculum
1659 5163 2061 5232 custodiebant,

493 5275 563 5314 ne
589 5257 857 5330 flagellum
907 5258 1010 5328 ipsi
1055 5257 1549 5329 apprOpinquaret;
1590 5255 1711 5326 ejus
1755 5264 1933 5311 autem
1963 5271 2058 5326 pe-

493 5350 588 5406 des
615 5351 952 5417 tutabantur,
977 5360 1128 5407 utne
1155 5351 1238 5406 vel
1261 5350 1317 5404 in
1346 5349 1571 5404 minimo
1595 5349 1950 5404 aclevissimo
1977 5347 2060 5403 of-

496 5445 798 5500 fenderent.

2174 3237 2276 3308 τὴν
2331 3238 2542 3309 σάρκα,
2578 3237 2614 3293 ἃ
2670 3239 2734 3311 δὴ
2779 3240 2852 3304 ὼς
2901 3242 3110 3313 σμικρὰ
3159 3242 3253 3297 καὶ
3285 3241 3583 3313 παραθέσει
3631 3243 3745 3296 τῶν

2174 3328 2479 3400 ἔμπροσθεν
2547 3331 3050 3402 κατωνομασμένων
3126 3333 3317 3404 εὐτελῆ
3345 3373 3360 3396 ,
3443 3333 3745 3404 ὑπηρέταις

2173 3421 2422 3489 ἀγγέλοις
2451 3420 2763 3493 παρεδίδοτο
2800 3423 2879 3486 είς
2930 3422 2988 3476 τὸ
3021 3422 3329 3492 φυλάττειν,
3365 3426 3436 3496 μή
3482 3443 3532 3476 τι
3573 3441 3746 3477 κακο-

2173 3510 2326 3564 ποιὸν
2367 3511 2581 3565 ἐπέλθοι
2631 3510 2708 3584 τῷ
2746 3510 2954 3584 σώματι
3003 3513 3199 3582 αὑτοῦ,
3248 3515 3380 3588 μηδέ
3417 3533 3505 3585 ,τις
3535 3516 3747 3586 μάστιξ

2172 3603 2549 3676 ἐγχρίμψειεν,
2585 3604 2685 3658 οὐκ
2711 3603 2876 3676 αὐτῷ,
2911 3604 3046 3659 ἀλλὰ
3090 3605 3168 3676 τῷ
3203 3606 3507 3678 σκηνώματι
3530 3605 3736 3658 αὑτοῦ·

2171 3693 2320 3766 αὐτῷ
2353 3697 2462 3766 γὰρ
2489 3694 2613 3749 οὗτε
2665 3697 2932 3768 χιλιάδες,
2979 3696 3102 3750 οὔτε
3140 3697 3391 3771 μυριάδες
3446 3697 3741 3767 δυνάμεων

2171 3786 2423 3858 πονηρῶν
2458 3786 2773 3859 πλησιάζειν
2787 3788 3046 3859 ἐτόλμων.
3061 3789 3410 3860 Αιηκονοῦντο
3430 3787 3484 3840 δέ
3509 3787 3744 3856 ἄγγελοι

2169 3880 2236 3949 τῇ
2271 3881 2433 3948 σαρκὶ
2458 3878 2550 3931 τοῦ
2597 3881 3070 3952 προφητευομένου
3110 3879 3204 3934 καὶ
3247 3879 3326 3951 τῷ
3365 3880 3604 3949 σώματι,
3639 3880 3745 3932 καὶ

2173 3967 2335 4039 μέχρι
2375 3967 2468 4020 τοῦ
2513 3969 2872 4038 σμικροτάτου
2915 3969 3008 4022 καὶ
3035 3968 3415 4024 εὐτελεστάτου
3436 3985 3449 3998 ·
3482 3969 3510 4020 ὃ
3547 3967 3612 4038 δὴ
3641 3969 3745 4021 καὶ

2169 4059 2495 4132 παρίστησιν
2523 4061 2552 4113 6
2583 4059 2738 4129 λόγος
2767 4060 2987 4130 φάσκων
3007 4077 3020 4092 ⁸
3048 4063 3236 4128 Ὅπως
3258 4060 3344 4132 μὴ
3379 4063 3744 4130 προσκόψῃς

2170 4150 2320 4219 πρὸς
2373 4153 2547 4206 λίθον
2575 4151 2680 4206 τὸν
2719 4151 2874 4206 πόδα
2910 4169 3045 4207 σου.
3102 4154 3399 4224 Σημαίνειν
3445 4153 3553 4225 γὰρ
3585 4150 3741 4223 alga:

2167 4242 2255 4296 διὰ
2280 4243 2469 4296 τούτου
2494 4241 2553 4296 τὸ
2576 4243 2669 4296 καὶ
2700 4243 2860 4314 μέχρι
2887 4242 2980 4296 τοῦ
3008 4244 3256 4314 τυχόντος
3280 4246 3374 4298 καὶ
3397 4245 3740 4318 βραχυτάτου

2168 4333 2488 4405 συμϐαίνειν
2521 4333 2709 4398 εἰωθὸς
2742 4334 2868 4406 περὶ
2906 4333 3000 4387 τοῦ
3033 4333 3280 4405 σώματος
3316 4337 3580 4404 ἀγγέλους
3619 4337 3741 4389 δια-

2169 4425 2442 4480 κονεῖσθαι
2485 4425 2652 4497 αὐτῷ.
2696 4427 2878 4497 Ἔχεις
2925 4426 2981 4480 δὲ
3028 4428 3120 4480 καὶ
3163 4429 3220 4481 ἐν
3250 4428 3597 4496 Εὐαγγελίοις
3643 4431 3742 4482 ἐπὶ

2167 4519 2540 4592 τοῦ.Σωτῆρος
2581 4519 2745 4574 αὑτοῦ
2786 4519 2986 4592 ταύτην
3024 4519 3120 4592 τὴν
3170 4523 3491 4593 μαρτυρίαν.
3533 4521 3591 4575 '0
3636 4523 3740 4593 μὲν

2168 4613 2276 4685 γὰρ
2309 4614 2532 4685 Μάρκος
2577 4612 2850 4684 ἀνέγραψε
2898 4612 3038 4668 κατὰ
3067 4612 3158 4667 τὸν
3198 4614 3385 4684 καιρὸν
3416 4613 3509 4666 τοῦ
3542 4630 3740 4684 πειρα-

2169 4705 2307 4774 σμοῦ
2341 4704 2435 4758 τοῦ
2468 4705 2736 4776 Σωτῆρος,
2765 4705 2840 4770 ῶς
2863 4706 2969 4778 ἄρα
2988 4700 3055 4778 ἦν
3083 4705 3219 4778 μετὰ
3238 4706 3347 4759 τῶν
3370 4706 3596 4778 θηρίων,
3639 4707 3736 4760 καὶ

2167 4795 2216 4848 ol
2256 4793 2477 4864 ἄγγελοι
2525 4795 2804 4866 διηκόνουν
2854 4795 3031 4868 αὐτῷ·
3071 4799 3099 4850 6
3126 4796 3396 4859 Βίατθαῖος
3451 4795 3612 4848 πάλιν
3643 4797 3737 4848 τὶν

2167 4886 2328 4942 αὐτὸν
2355 4887 2542 4958 καιρὸν
2591 4887 3066 4960 ἐπισημηνάμενὸς
3092 4905 3223 4959 φησι
3242 4903 3257 4918 ο
3313 4889 3448 4942 Τότε
3479 4887 3735 4956 ἀφίησιν

2166 4978 2352 5033 αὐτὸν
2389 4982 2422 5034 ὀ
2450 4979 2756 5050 διάϐολος,
2807 4980 2905 5034 καὶ
2941 4980 3070 5034 ιδοὺ
3115 4979 3354 5051 ἄγγελοι
3383 4978 3735 5048 προσῆλθον

2167 5073 2265 5128 καὶ
2297 5073 2619 5142 διηκόνουν
2649 5074 2826 5142 αὐτῷ.
2846 5075 3003 5130 Ἀλλὰ
3042 5077 3126 5129 ὅτι
3169 5074 3268 5147 μὲν
3294 5074 3344 5127 οἱ
3371 5071 3589 5141 ἄγγελοι
3616 5070 3731 5140 6n;-

2165 5164 2352 5218 κόνουν
2373 5165 2541 5236 αὐτῷ,
2569 5165 2774 5232 ἔδειξαν
2799 5167 2849 5220 οί
2884 5165 3264 5236 εὐαγγελισταί
3284 5180 3298 5194 ο
3331 5163 3486 5225 ποίας
3516 5161 3576 5214 δὲ
3611 5159 3729 5212 δια-

2166 5256 2348 5320 κονίας
2375 5257 2522 5328 αὺτῷ
2555 5261 2833 5330 παρεῖχον,
2869 5251 3014 5314 οὗτοι
3049 5258 3147 5328 μὲν
3171 5257 3268 5310 οὐκ
3287 5252 3726 5327 ἐμνημόνευσαν·

2168 5350 2202 5419 ἡ
2231 5349 2286 5402 δὲ
2321 5350 2652 5422 προκειμένη
2703 5353 3007 5423 προφητεία
3042 5349 3306 5413 ἐδίδαξεν,
3339 5349 3420 5400 ὅτι
3466 5344 3566 5417 τὴν
3602 5341 3730 5411 περὶ

2141 5441 2234 5511 ,τὰ
2260 5443 2542 5514 σωματικὰ
2574 5445 2667 5498 καὶ
2700 5444 2904 5515 σμικρά
2931 5443 3222 5498 διακονίαν.
3268 5439 3592 5509 Ἐφύλαττον
3619 5433 3730 5504 γὰρ

498 5537 662 5590 αὐτοῦ
683 5536 744 5590 τὸ
769 5537 1053 5607 σκήνωμα,
1072 5536 1218 5598 ὅπως
1250 5534 1326 5604 μὴ
1363 5532 1725 5604 μάστιξαὺτῷ
1750 5530 2050 5602 πλησιάσῃ·
2092 5531 2388 5603 ἐφρούρουν
2419 5534 2475 5588 δὲ
2504 5533 2669 5589 αὑτοῦ
2696 5535 2790 5590 καὶ
2817 5535 2940 5600 τοὺς
2972 5535 3159 5599 πόδας,
3191 5531 3264 5599 ὡς
3292 5531 3358 5587 ἂν
3422 5528 3496 5601 μὴ
3563 5539 3736 5597 1:906-

501 5632 719 5703 κόψειαν
751 5632 911 5704 μέχρι
939 5630 1032 5683 τοῦ
1065 5630 1423 5700 σμικροτάτου
1458 5629 1551 5681 καὶ
1579 5629 1980 5686 εὐτελεστάτου.

567 5751 613 5787 ὀ
655 5751 818 5804 Marc.
859 5765 906 5810 ι,
942 5750 1027 5802 15.
1104 5752 1145 5781 ⁹¹
1193 5748 1384 5806 Mattb.
1423 5764 1473 5802 Iv
1504 5786 1519 5808 ,
1561 5748 1644 5800 ll.
