3988 6204
229 282 383 332 libi

1366 272 1867 328 LOMLEN'IAKIA
1905 272 1968 325 ΙΝ
2011 269 2352 326 PSALMOS.

3305 266 3471 357 ιΗίὶξ

321 390 428 444 Καὶ
479 391 646 444 ταῦτα
679 390 776 462 μὲν
828 390 947 443 κατ’
980 386 1148 457 αὐτὴν
1200 385 1295 456 τὴν
1348 384 1523 451 λέξιψ
1575 384 1711 456 πρὸς
1755 383 1811 437 δὲ

1982 382 2048 437 Ει
2074 383 2187 438 haec
2212 383 2429 453 quidem
2466 382 2762 437 secundum
2806 383 3006 438 nudam
3046 382 3330 438 lectionem
3366 403 3380 438 :
3420 394 3475 438 at

246 483 485 536 ’διάνοιαν
516 483 870 553 ὲπισκήνωμα
901 479 994 533 τοῦ
1012 478 1260 548 Σωτῆρος
1288 475 1493 547 ἠμῶνή
1524 475 1814 546 Ἐκκλησία

255 570 417 625 αὐτοῦ
463 571 837 625 ἀποδέδεικται
865 588 878 600 ·
933 568 1071 624 ἀλλὰ
1109 568 1203 621 καὶ
1232 567 1392 637 σῶμα
1433 563 1599 619 αὑτοῦ
1631 566 1661 618 6
1689 563 1815 627 λαὸς

254 663 415 716 αὐτοῦ
440 662 578 716 κατὰ
602 661 693 716 τὸν
727 663 969 732 φήσαντα
993 658 1308 712 ’Δπόστολον
1323 673 1337 686 ·
1371 655 1555 725 Ὑμεῖς
1572 654 1649 709 δέ
1675 656 1815 708 ἐστε

255 755 425 824 σῶμα
448 753 699 822 Χριστοῦ
714 792 729 817 ,
764 753 862 806 καί
890 751 1043 821 μέλη
1071 749 1139 802 ἐκ
1177 748 1417 818 μέρους,
1465 742 1588 799 Εἶεν
1616 745 1683 799 ἂν
1709 745 1815 799 τῶν

258 840 436 910 μελῶν
465 843 513 894 oi
554 841 653 912 μὲν
681 840 963 910 ὀφθαλμοὶς
981 838 1075 892 τοῦ
1109 834 1346 908 Χριστοῦ
1379 834 1648 906 σώματος,
1677 837 1726 889 oi
1752 835 1813 890 δὲ

250 932 345 984 καὶ
361 925 497 995 ὦτα,
527 932 577 985 οί
598 931 653 985 δὲ
682 931 778 987 καὶ
800 934 979 1002 χεῖρες
999 945 1016 962 ·
1044 930 1183 983 κατὰ
1204 928 1375 983 ταῦτα.
1398 928 1575 983 τοίνυν
1602 927 1815 983 ἔσονται

250 1021 413 1075 αὐτοῦ
439 1023 534 1075 καὶ
561 1022 717 1086 πόδες
736 1021 934 1093 ἕτεροι,
964 1021 1095 1093 περὶ⁵
1121 1014 1199 1075 ὧν
1222 1020 1437 1093 εἴρηται
1456 1038 1470 1052 ·
1506 1021 1602 1086 Ὡς
1614 1020 1814 1089 ὡραῖοι

249 1117 303 1168 οί
336 1114 517 1180 πόδες
554 1112 674 1166 τῶν
701 1110 1237 1183 εὐαγγελιζομένων
1263 1112 1489 1181 ἀγαθά]
1513 1113 1726 1165 Τούτων
1749 1112 1813 1184 δὴ

248 1194 341 1253 οὖν
365 1198 473 1252 τῶν
495 1198 691 1266 ποδῶν,
718 1200 866 1262 ὅπως
896 1201 969 1272 μή
991 1217 1074 1265 τις
1094 1199 1376 1271 προσκόψῃ
1401 1200 1536 1271 πρὸς
1559 1199 1702 1253 λίθον
1723 1201 1813 1254 τὸν

249 1293 408 1357 πόδα,
442 1291 574 1363 μηδὲ
607 1289 1022 1361 σκανδαλίζηται
1055 1293 1112 1345 ἐν
1137 1289 1217 1362 τῷ
1262 1290 1469 1362 δρόμῳ,
1508 1290 1725 1363 ὁμαλῶς
1753 1308 1812 1345 τε

250 1383 345 1436 καὶ
363 1379 655 1445 ἀκωλύτως
682 1382 938 1454 διατρέχῃ
964 1381 1063 1453 τὴν
1094 1381 1189 1435 τοῦ
1210 1381 1539 1451 Εύαγγελίου
1569 1381 1811 1453 πορείαν,

248 1473 469 1542 ἄγγελοι
531 1472 887 1527 καθέστανται
939 1472 1298 1546 φρουροῦντες
1342 1473 1435 1527 τοῦ
1487 1474 1816 1545 δηλωθέντος

251 1564 603 1636 οκηνώματος
628 1562 883 1632 φύλακες.
903 1564 1073 1618 Πάλιν
1093 1564 1268 1637 ἕτεροι
1290 1563 1511 1632 ἄγγελοι
1537 1566 1586 1619 oi
1603 1564 1704 1630 τάς
1724 1566 1817 1618 ex.

249 1656 479 1726 κλησίας
509 1654 601 1710 τοῦ
638 1653 875 1727 Χριστοῦ
909 1654 1009 1718 τὰς
1033 1655 1345 1725 ἁπανταχοῦ
1378 1657 1480 1727 γῆς
1514 1656 1813 1728 ίδρυθείσας

246 1744 686 1816 πεπιστευμένοι.
718 1742 901 1801 Ταῦτα
926 1744 984 1797 δὲ
1010 1746 1083 1816 μὴ
1114 1746 1311 1809 συνιεὶς
1332 1749 1361 1800 6
1389 1745 1662 1811 διάϐολος·
1696 1749 1814 1813 πῶς

246 1835 359 1907 γὰρ
386 1835 419 1907 ἧ
449 1834 608 1890 πόθεν
636 1835 783 1907 αύτῷ
804 1835 899 1889 τοῦ
925 1836 1070 1890 θείου
1095 1836 1408 1919 Πνεύματος
1438 1839 1672 1893 συνιέναι
1699 1858 1812 1910 φω-

247 1930 382 1992 νάς;
411 1929 468 1980 ὲν
497 1925 576 1998 τῷ
605 1927 884 1999 πειράζειν
911 1927 1002 1980 τὸν
1043 1928 1291 1999 Σωτῆρα,
1314 1930 1397 1993 εἰς
1437 1930 1497 1983 τδ
1524 1930 1814 2004 πτερύγιον

246 2015 410 2070 αὑτὸν
437 2015 527 2068 τοῦ
552 2014 694 2086 ἱεροῦ
720 2014 1028 2084 ἀναγαγὼν,
1052 2010 1172 2068 εἶπε
1198 2016 1333 2088 πρὸς
1357 2017 1516 2073 αὐτόν
1533 2035 1547 2050 ⁸
1578 2022 1649 2074 El
1686 2022 1815 2088 mc

242 2102 307 2161 εἷ
331 2105 435 2160 τοῦ
465 2107 632 2172 Θεοῦ,
659 2105 816 2172 ,βάλε
845 2106 1105 2163 σεαυτὸν
1125 2107 1300 2163 κάτω.
1332 2111 1661 2180 Γέγραπται
1682 2115 1812 2184 γὰρ,

243 2195 337 2251 ὅτι
357 2196 479 2264 τοῖς
517 2198 791 2277 ἀγγέλοις
820 2199 1006 2254 αὐτοῦ
1037 2199 1359 2255 ἐντελεῖται
1389 2203 1521 2271 περὶ
1548 2205 1684 2267 σοῦ,
1717 2205 1815 2260 καὶ

244 2287 347 2343 ἐπὶ
381 2286 594 2358 χειρῶν
625 2289 842 2357 ἀροῦσί
874 2304 969 2356 σε,
1002 2289 1235 2359 μήποτε
1274 2295 1632 2364 προσκόψῃς
1667 2297 1815 2365 πρὸς

244 2378 424 2432 λίθον
456 2376 561 2432 τὸν
601 2377 757 2432 πόδα
795 2393 930 2433 σου.
979 2382 1210 2436 Συνιδὼν
1254 2374 1362 2455 γάρ
1406 2382 1586 2455 ἔργοις
1636 2386 1815 2449 αὐτοῖς

244 2472 329 2535 εἰς
359 2470 448 2524 τὸν
482 2470 706 2542 Σωτῆρα
737 2472 1174 2545 πεπληρωμένην
1205 2477 1304 2546 τὴν
1345 2478 1401 2529 ὲν
1443 2479 1554 2540 τοῖς
1598 2494 1816 2548 προκει-

247 2562 434 2634 μένοις
479 2561 832 2633 προφητείαν,
864 2562 1003 2635 ὀρῶν
1031 2581 1091 2617 τε
1122 2565 1269 2631 ξένον
1300 2566 1479 2637 θέαμα
1523 2569 1580 2621 ἐν
1614 2567 1817 2640 ἀνθρώ-

244 2668 355 2732 που
388 2652 565 2724 φύσει,
600 2653 885 2718 ὡςονπᾶσαν
922 2655 1085 2709 αὑτοῦ
1116 2658 1215 2729 τὴν
1261 2659 1544 2729 στρατείαν
1576 2660 1815 2734 καθῃρῆ-

247 2744 395 2810 σθαι,
422 2746 514 2798 καὶ
541 2744 720 2808 πάσας
748 2745 912 2800 αὑτοῦ
946 2748 1255 2819 νενικῆσθαι
1276 2749 1374 2812 τὰς
1406 2750 1681 2822 δυνάμεις,
1712 2751 1815 2806 ὑπὸ

241 2835 344 2889 τοῦ
390 2836 736 2907 φαινομένου,
776 2837 1018 2908 χιλιάδας
1062 2856 1121 2892 τε
1159 2839 1380 2913 ἁθρόας,
1426 2843 1521 2895 καὶ
1555 2843 1816 2915 μυριάδας

243 2927 636 3000 άπέμπροσθεν
661 2928 825 2983 αὐτοῦ
852 2928 1172 2993 πιπτούσας,
1200 2931 1357 2984 αὐτόν
1381 2948 1442 2984 τε
1472 2931 1698 3004 ἀτρεμεὶ
1724 2934 1815 2986 καὶ

1845 1718 1886 1776 Β

241 3018 700 3114 ἀπαραπόδιστως
741 3019 1063 3114 ἐπ’-ἀσπίδα
1105 3020 1198 3075 καὶ
1251 3021 1558 3091 βασιλίσκον
1607 3023 1815 3077 ἐπιϐαξ-
1842 3059 1883 3114 C

242 3125 430 3170 νοντα,
459 3106 647 3162 λέοντά
670 3125 730 3160 τε
774 3108 867 3162 καὶ
906 3109 1193 3180 δράκοντα,
1227 3112 1327 3175 τὰς
1358 3113 1680 3185 άρχοντικὰς
1721 3115 1817 3168 αὐ-

241 3196 345 3252 τοῦ
372 3198 643 3269 δυνάμεις,
669 3201 1098 3267 καταπατοῦντα,
1123 3204 1214 3257 καὶ
1236 3203 1379 3256 τοῦτ’
1405 3205 1657 3276 ὲπείραζε
1681 3205 1819 3273 γνὼ-

173 3304 179 3310 ·
245 3305 365 3354 ναι,
392 3290 461 3353 εί,
494 3290 683 3343 ἑαυτὸν
720 3292 827 3344 άπὸ
855 3291 946 3344 τοῦ
978 3291 1267 3362 πτερυγίου
1302 3291 1572 3364 ῥίψαντος,
1600 3291 1816 3360 ἄγγελοι

243 3378 638 3453 προσελθόντες
668 3382 828 3436 αὐτὸν
860 3380 1207 3452 βαστάσουσι.
1238 3383 1378 3455 Πρὸς
1417 3383 1619 3455 ταύτην
1652 3383 1815 3438 αὑτοῦ

240 3471 347 3543 τὴν
389 3470 641 3526 ὑπόνοιαν
670 3471 1056 3544 διεψευσμένην
1096 3471 1258 3528 οὖσαν
1289 3475 1318 3528 6
1358 3473 1546 3545 Σωτὴρ
1589 3474 1818 3545 ἁπεκρί-

242 3574 409 3616 νατο⁵
442 3561 796 3633 Γέγραπται,
827 3563 1022 3633 λέγων,
1052 3566 1172 3618 Οὐκ
1204 3565 1578 3634 ἐκπειράσεις
1601 3566 1819 3634 Κύριον

246 3653 357 3708 τὸν
383 3650 531 3707 Θεόν
562 3669 696 3708 σου.
724 3654 797 3707 Τὸ
828 3655 937 3726 γὰρ
973 3654 1165 3709 ἑαυτὸν
1188 3655 1504 3728 κρημνίζειν
1534 3657 1627 3710 καὶ
1654 3674 1819 3711 κατα-

249 3744 468 3799 ϐάλλειν
497 3746 604 3800 ἀπὸ
647 3746 755 3802 τῶν
800 3746 1169 3818 ὑψηλοτάτων,
1204 3750 1298 3802 καὶ
1331 3749 1487 3802 τοῦτο
1533 3753 1705 3805 ποιεῖν
1733 3751 1820 3803 ἴνα

248 3834 382 3905 γνῷ.
408 3834 634 3906 πότερόν
677 3852 805 3890 ποτε
850 3836 1103 3908 βοηθείας
1140 3836 1389 3901 τεύξεται
1431 3838 1531 3907 τῆς
1579 3837 1669 3892 διὰ
1711 3839 1820 3891 τῶν

248 3925 519 3994 ἀγγέλων,
548 3924 581 3995 ἢ
618 3926 712 3997 μὴ,
759 3928 1106 3998 πειράζοντος
1132 3921 1199 4000 ἦν
1227 3927 1318 3981 τὸν
1352 3928 1483 3981 Θεόν
1502 3946 1515 3958 ·
1548 3928 1577 3981 ὃ
1608 3928 1672 4000 δὴ
1699 3947 1819 3983 πει-

252 4015 441 4088 ράζειν
490 4014 736 4070 ἐϐούλετο
771 4020 800 4071 6
829 4017 1124 4092 πειράζων.
1172 4021 1381 4074 Οίκεῖον
1418 4020 1526 4091 γὰρ
1549 4065 1552 4068 .
1577 4021 1723 4091 αὐτῷ
1753 4017 1823 4094 ἦν

249 4111 569 4182 πειράζοντι
589 4110 678 4163 τὸν
715 4110 959 4181 Σωτῆρα,
991 4112 1198 4165 καὶτὸν
1226 4110 1357 4165 Θεὸν
1387 4112 1661 4184 πειράζειν
1698 4112 1821 4165 τολ-

256 4203 385 4273 μᾷν.
432 4200 570 4253 Ἀλλ’
599 4201 696 4271 οὐχ
735 4202 767 4254 6
790 4202 979 4274 Σωτήρ
1016 4220 1081 4272 γε
1124 4202 1410 4275 ἐπείραζεν
1430 4221 1443 4233 ·
1475 4200 1533 4257 εὖ
1568 4204 1676 4276 γὰρ
1707 4203 1821 4277 ᾔδει

1914 472 2247 543 intelligendi
2289 486 2439 528 more
2490 471 2899 527 tabernaculum
2956 471 3261 528 Servatoris
3301 476 3474 530 nostri

1913 561 2211 617 Eeclesiam
2258 563 2378 631 ejus
2423 576 2546 618 esse
2592 571 3076 618 commonstratum
3114 572 3233 631 est;
3276 579 3477 636 corpus

1914 669 2041 710 vero
2070 654 2211 725 ejus,
2244 655 2479 725 populus
2508 655 2630 726 ejus
2668 663 2774 719 est,
2806 655 3106 710 secundum
3130 654 3475 725 Apostolum,

1912 745 2006 815 qui
2037 745 2113 799 ait
2143 763 2156 798 :
2186 744 2288 799 Vos
2323 755 2496 799 autem
2518 747 2643 800 estis
2672 761 2857 814 corpus
2896 745 3116 810 Christi,
3165 755 3217 800 et
3244 746 3481 801 membra

1907 850 1977 890 ea:
1999 845 2148 902 parte
2177 836 2243 891 “.
2275 835 2354 890 Ex
2377 836 2638 893 membris
2661 847 2841 891 autem
2872 837 2965 890 alii
2992 835 3197 891 fuerint
3231 837 3480 908 corporis

1912 928 2114 984 Christi
2137 930 2302 993 oculi,
2338 930 2429 983 alii
2458 943 2638 995 aures,
2677 929 2769 983 alii
2804 944 3032 994 manus;
3064 929 3164 985 hac
3188 946 3353 1001 porro
3393 947 3480 988 ra-

1912 1021 2061 1076 tione
2092 1021 2184 1075 alii
2220 1022 2384 1091 pedes
2427 1021 2551 1091 ejus
2580 1029 2758 1085 erunt,
2787 1022 2854 1076 de
2886 1022 3084 1092 quibus
3116 1022 3324 1077 dictum
3350 1033 3435 1081 est
3456 1044 3475 1081 ι

1914 1112 2086 1179 Quam
2131 1114 2348 1181 speciosi
2392 1113 2544 1182 pedes
2599 1115 3069 1185 euangelizantium
3104 1115 3241 1169 bona
3266 1116 3351 1170 ”!
3400 1116 3480 1173 Ne

1912 1203 2036 1272 quis
2064 1218 2191 1258 vero
2226 1204 2487 1258 horumce
2520 1205 2716 1273 pedum
2758 1203 2826 1259 ad
2880 1205 3116 1274 lapidem
3145 1204 3478 1275 offenderet,

1912 1307 2091 1363 neque
2119 1293 2175 1347 in
2202 1308 2366 1349 cursu
2395 1295 2750 1365 impingeret,
2804 1295 2899 1350 sed
2950 1296 3110 1365 plana
3140 1296 3226 1350 via
3258 1305 3312 1352 et
3361 1297 3481 1353 sine

1912 1382 2067 1437 obice
2094 1381 2197 1436 iter
2240 1382 2608 1452 evangelicum
2656 1391 2990 1452 permearet,
3046 1384 3223 1454 angeli
3271 1393 3480 1441 tutores

1913 1486 1979 1525 ac
2036 1470 2295 1527 custodes
2352 1471 2557 1541 praefati
2609 1472 2943 1527 tabernaculi
2994 1473 3274 1529 constituti
3327 1482 3476 1529 sunt.
3538 1468 3543 1473 ’

1913 1562 2150 1619 Rursum
2219 1577 2349 1618 vero
2403 1570 2619 1618 exstant
2680 1563 2770 1618 alii
2827 1565 3050 1633 angeli,
3111 1565 3311 1634 quibus
3376 1563 3482 1618 Ec-

1914 1655 2091 1711 clesias
2118 1653 2320 1709 Christi
2374 1653 2575 1723 ubique
2605 1660 2875 1708 terrarum
2912 1654 3170 1718 fundatae,
3197 1654 3481 1711 concredi-

1915 1749 1983 1797 ta:
2009 1749 2155 1796 sunt.
2189 1739 2343 1806 Quod
2374 1754 2499 1794 cum
2532 1754 2641 1794 non
2671 1740 2996 1810 intelligeret
3022 1739 3273 1796 diabolus
3298 1759 3312 1795 :
3342 1754 3481 1811 quo-

1914 1829 2076 1885 modo
2094 1829 2236 1885 enim
2265 1840 2358 1883 aut
2382 1828 2526 1883 unde
2551 1828 2720 1884 divini
2743 1827 2978 1899 Spiritus
2992 1845 3156 1887 voces
3181 1830 3482 1901 intelligere

1913 1923 2121 1992 possit?
2146 1938 2270 1978 cum
2293 1919 2629 1976 Salvatorem
2658 1928 2912 1986 tentaret,
2931 1923 3107 1993 ipsum
3124 1922 3193 1977 ad
3215 1923 3480 1992 pinnacu-

1914 2014 2027 2068 lum
2059 2013 2243 2082 templi
2275 2012 2497 2066 ductum
2527 2012 2607 2067 sic
2625 2011 3007 2083 alloquebatur
3043 2032 3056 2066 :
3087 2012 3148 2067 Si
3179 2011 3355 2066 Filius
3381 2009 3481 2065 Dei

1913 2120 1991 2169 es,
2027 2104 2177 2158 mitte
2206 2114 2253 2157 te
2277 2103 2542 2161 deorsum.
2575 2094 2840 2171 Scriptum
2870 2113 2946 2156 est
2978 2104 3139 2167 enim,
3166 2105 3292 2173 quia
3323 2118 3484 2172 ange-

1916 2195 1982 2251 lis
2011 2197 2122 2249 suis
2155 2194 2426 2248 mandabit
2457 2194 2520 2248 de
2549 2204 2616 2259 te,
2638 2203 2688 2248 et
2722 2195 2777 2248 in
2817 2196 3060 2250 manibus
3098 2196 3278 2249 tollent
3310 2205 3377 2257 te,
3419 2212 3482 2255 uc

1915 2300 2145 2353 unquam
2190 2283 2427 2353 oﬂ'endas
2470 2282 2539 2336 ad
2584 2282 2810 2352 lapidem
2867 2284 3045 2352 pedem
3089 2285 3318 2340 tuum”.
3344 2286 3482 2340 Nam

1915 2390 2037 2429 cum
2078 2390 2145 2429 ex
2178 2375 2310 2445 ipsis
2337 2375 2593 2444 cperibus
2639 2375 2989 2444 perspiceret,
3024 2377 3363 2447 prophetiam
3396 2375 3482 2431 his

1915 2464 2095 2519 verbis
2129 2463 2381 2520 traditam
2439 2463 2495 2517 in
2547 2462 2828 2519 Salvatore
2881 2465 3114 2535 impleri,
3159 2480 3223 2520 ac
3254 2478 3483 2536 stupen-

1914 2556 2043 2611 dum
2092 2555 2147 2610 in
2194 2555 2431 2611 hominis
2463 2567 2656 2611 natura
2688 2556 3060 2626 spectaculum
3092 2568 3369 2626 cerneret;
3404 2560 3482 2613 ita

1914 2657 1977 2702 nt
2003 2648 2182 2703 omnis
2203 2649 2474 2705 exercitus
2507 2664 2640 2703 suus
2662 2648 2726 2704 de
2749 2648 2928 2704 medio
2966 2648 3235 2717 sublatus,
3263 2664 3482 2706 omnes-

1915 2755 2021 2809 que
2060 2740 2286 2816 virtutes
2324 2756 2436 2796 suae
2480 2738 2548 2794 ab
2588 2754 2654 2794 eo
2692 2739 2786 2810 qui
2814 2747 3140 2812 apparuerat
3188 2750 3479 2812 superatae,

1914 2832 2082 2885 millia
2108 2846 2235 2886 vero
2255 2840 2308 2886 et
2329 2831 2516 2887 decem
2547 2831 2714 2885 millia
2745 2832 2800 2886 in
2830 2840 3127 2902 conspectu
3154 2832 3300 2889 illius
3329 2833 3483 2903 lapsa

1914 2933 2119 2988 essent,
2155 2924 2242 2978 ille
2274 2932 2454 2978 autem
2480 2923 2604 2978 sine
2634 2922 2921 2978 formidine
2942 2931 2994 2978 et
3017 2923 3171 2979 obice
3200 2939 3365 2994 super
3393 2940 3483 2980 as-

1916 3014 2093 3085 pidem
2135 3022 2187 3070 et
2231 3014 2545 3070 basiliscum
2579 3014 2898 3078 ambularet,
2934 3015 3142 3069 leonem
3177 3024 3231 3069 et
3278 3015 3481 3070 draco-

1919 3124 2057 3174 nem,
2092 3108 2366 3179 principes
2399 3107 2518 3177 ejus
2539 3109 2789 3173 virtutes,
2813 3107 3193 3175 conculcaret;
3223 3107 3329 3161 hoc
3352 3109 3481 3164 item

1917 3200 2146 3271 experiri
2184 3199 2415 3262 volebat,
2448 3214 2575 3251 num
2606 3198 2785 3267 ipsum
2810 3213 2875 3252 ex
2907 3196 3202 3267 pinnaculo
3232 3212 3290 3253 se
3313 3199 3483 3268 proji-

1918 3292 2172 3354 cientem,
2204 3292 2523 3346 accedentes
2549 3288 2723 3360 angeli
2761 3289 3023 3360 gestatnri
3049 3300 3250 3363 essent.
3283 3288 3482 3360 Hujus-

1919 3384 2063 3437 modi
2091 3384 2270 3454 itaque
2294 3382 2445 3438 falsa:
2467 3382 2767 3453 suspicioni
2789 3385 2859 3435 ita
2887 3381 3169 3451 respondit
3191 3380 3480 3436 Servatur:

1919 3476 2183 3547 Scriptum
2208 3484 2307 3539 est,
2339 3472 2463 3529 Non
2494 3473 2713 3530 tentabis
2753 3473 3028 3528 Dominum
3060 3472 3222 3527 Deum
3253 3482 3396 3529 tuum
3415 3475 3480 3526 ³⁸.

1918 3552 2051 3624 Nam
2085 3584 2115 3623 e
2144 3567 2363 3623 sublimi
2395 3583 2516 3623 sese
2543 3566 2882 3637 praecipitare
2928 3581 2992 3620 ac
3029 3564 3285 3635 dejicere,
3323 3564 3486 3635 idque

1920 3654 2103 3714 animo
2149 3657 2469 3727 experiundi
2523 3672 2590 3710 an
2619 3657 2935 3726 angelorum
2970 3655 3231 3709 auxilium
3269 3653 3485 3723 adfutu-

1921 3767 2040 3805 rum
2077 3761 2242 3815 esset,
2284 3764 2477 3815 necne,
2508 3748 2610 3802 hoc
2637 3763 2769 3803 sane
2798 3754 3006 3802 tentare
3050 3745 3216 3803 Deum
3249 3747 3441 3803 fuisset
3468 3768 3481 3802 :

1920 3841 2065 3914 quod
2102 3841 2335 3911 experiri
2388 3848 2625 3894 tentator
2654 3838 2895 3910 Optabat.
2927 3837 3061 3891 Nam
3100 3839 3203 3908 ipsi
3233 3838 3486 3892 Salvato-

1919 3949 2034 3989 rem
2059 3935 2307 3995 tentanti,
2329 3931 2605 4002 pmprium
2633 3938 2750 3985 erat
2773 3931 2854 3986 vel
2876 3930 3054 4000 ipsum
3071 3927 3250 4000 Deum
3278 3937 3489 3985 tentare

1921 4025 2140 4081 audere.
2176 4023 2244 4078 At
2275 4022 2530 4079 Servatur
2554 4030 2763 4078 tentare
2799 4023 2974 4077 noluit
3008 4042 3021 4076 :
3056 4037 3259 4093 gnarus
3287 4023 3489 4092 quippe

1920 4125 2038 4174 erat
2059 4131 2123 4172 ac
2147 4128 2467 4186 persuasum
2499 4114 2730 4169 habebat
2760 4112 2938 4168 Patris
2962 4114 3219 4168 virtutem
3242 4113 3343 4169 sibi
3367 4117 3490 4182 ομισ-

1922 4206 2101 4262 tulari.
2128 4207 2305 4273 Quare
2346 4206 2665 4277 imperantis
2717 4220 2866 4261 more
2894 4205 3109 4259 diabolo
3141 4204 3278 4259 dixit
3306 4225 3319 4260 :
3361 4205 3488 4259 Non

253 4293 356 4346 καὶ
397 4291 659 4384 πέπειστο
704 4292 834 4384 περὶ
872 4293 968 4384 τῆλς
1006 4295 1099 4384 τοῦ
1141 4289 1677 4384 Ῑξατρὸςδυνάεξεως
1723 4296 1818 4367 τῆς

1924 4292 2145 4350 tentabis
2193 4295 2478 4348 Dominum
2525 4293 2696 4347 Peum
2746 4303 2912 4356 tuum,
2950 4294 3146 4347 divina).
3194 4292 3489 4364 Scriptum:

255 4380 624 4454 συνεργούσης
659 4378 825 4450 αύτῷ.
870 4380 959 4432 Διό
991 4381 1085 4434 καὶ
1115 4381 1191 4453 τῷ
1227 4383 1457 4455 διαϐόλῳ
1496 4378 1818 4456 προστακτι-

1924 4382 2126 4439 diCtuiii
2161 4401 2223 4440 ex
2258 4387 2373 4455 lege
2408 4390 2683 4451 sumptum
2723 4381 2886 4449 hujus
2918 4380 3212 4450 Scriptum:
3240 4383 3358 4436 voci
3390 4399 3489 4453 op-

252 4471 369 4535 )όῶς
418 4471 812 4543 παρεκελεύετο
861 4469 1032 4540 λέγων
1056 4490 1069 4503 ο
1121 4476 1241 4527 Οὐκ
1288 4475 1662 4544 ἐκπειράσεις
1708 4477 1823 4530 Κύ-

244 4578 385 4635 ριον
430 4562 537 4617 τὸν
578 4564 724 4616 Θεόν
760 4579 896 4627 σου,
934 4561 1083 4625 θείας
1120 4563 1339 4634 Γραφῆς
1383 4563 1525 4631 λέξιν
1568 4564 1667 4636 τὴν
1714 4565 1824 4619 ἀπὸ

248 4650 350 4707 τοῦ
391 4652 555 4724 νόμου
600 4652 1039 4726 ἀντιπαρατιθεὶς
1083 4656 1148 4726 τῇ
1197 4657 1347 4728 φωνῇ
1396 4657 1495 4727 τῆς
1542 4656 1821 4727 παρούσης

252 4745 501 4817 Γραφῆς,
529 4747 594 4816 ἢν
630 4744 704 4817 μή
736 4747 931 4817 νοήσας
955 4746 985 4798 6
1014 4745 1258 4809 διάϐολος
1300 4749 1612 4817 προήγαγεν
1649 4746 1818 4817 αὐτῷ,

253 4837 336 4909 μὴ
353 4838 572 4901 συνιεὶς,
597 4838 675 4891 ὅτι
699 4839 797 4891 οὐκ
819 4838 984 4892 ἐδεῖτο
1010 4837 1261 4909 βοηθείας
1289 4838 1532 4907 ἀγγέλων
1558 4841 1586 4893 6
1613 4838 1819 4910 Σωτὴρ,

248 4933 303 4984 εἰ
328 4930 421 4983 καὶ
447 4929 567 4982 καθ’
592 4926 847 4983 ὑπόθεσιν
879 4932 1054 5003 οἰκείᾳ
1083 4922 1400 5002 προαιρέσει
1424 4930 1664 4985 καθεῖναι
1698 4934 1822 4985 ἐαυ-

248 5022 344 5076 τὸν
385 5020 647 5091 ἐϐουλήθη
667 5038 680 5051 ο
715 5022 836 5074 ἐπεὶ
873 5023 966 5075 καὶ
996 5023 1139 5076 κατὰ
1168 5021 1265 5093 τὴν
1299 5024 1378 5085 είς
1409 5020 1668 5091 οὐρανοὺς
1696 5023 1824 5075 ἀνάλ

249 5110 417 5181 ληψιν
463 5110 618 5183 (ὅπερ
653 5106 721 5182 ἦν
766 5112 973 5182 μεῖζονι
1002 5113 1104 5183 τῆς
1142 5114 1248 5168 ἀπὸ
1278 5113 1371 5166 τοῦ
1417 5113 1704 5185 πτερυγίου
1728 5113 1821 5167 τοῦ

252 5200 405 5272 ἱεροῦ
444 5201 536 5254 ἐπὶ
562 5202 659 5274 τὴν
691 5204 793 5273 γῆν
820 5203 884 5256 δι’
914 5204 1074 5277 ἀέρος
1102 5204 1373 5278 καθόδου),
1403 5206 1503 5258 οὐκ
1530 5205 1822 5275 ἁγγελικῆς

252 5291 452 5363 ἐδεήθη
477 5293 679 5364 χειρός.
711 5293 851 5365 Ὅρα
887 5294 963 5362 δὲ,
1004 5295 1141 5361 πιῖις,
1179 5295 1558 5368 μνημονεύσας
1589 5297 1618 5348 6
1643 5295 1824 5349 διάϐο-

248 5384 345 5445 λος
372 5381 487 5449 τοῦ,
534 5383 656 5436 Ἐπὶ
682 5383 893 5452 χειρῶν
924 5387 1142 5455 ἀροῦσί
1176 5405 1269 5456 σε,
1294 5387 1525 5457 μήποτε
1567 5386 1825 5455 προσκό-

1928 4491 2154 4545 ponens,
2176 4490 2337 4545 quam
2372 4488 2480 4527 non
2508 4472 2813 4541 intelligens
2840 4469 3091 4526 diabolus
3114 4471 3215 4541 ipsi
3245 4464 3489 4541 profere-

1928 4567 2041 4630 bat,
2072 4567 2327 4635 ignorans
2348 4562 2686 4618 Servatorcm
2719 4562 3030 4630 angelorum
3055 4575 3155 4630 ope
3180 4578 3287 4618 non
3308 4580 3484 4635 egere,

1927 4634 2138 4712 etiamsi
2169 4657 2388 4726 proprio
2414 4664 2544 4710 nutu
2577 4654 2834 4708 voluisset
2878 4668 2998 4709 sese
3024 4653 3279 4709 deorsum
3320 4634 3492 4727 proji-

1927 4764 2069 4803 cere.
2098 4746 2549 4817 Quandoquidem
2600 4745 2652 4799 in
2698 4759 2796 4799 sua
2836 4742 2904 4797 ad
2946 4744 3114 4799 caelos
3168 4748 3491 4803 ostensione

1929 4839 2091 4910 (quod
2124 4854 2254 4894 sane
2285 4839 2460 4908 majus
2493 4846 2631 4901 erat,
2661 4852 2821 4907 quam
2874 4836 2963 4891 ille
2987 4852 3016 4890 a
3044 4838 3333 4907 pinnaculo
3362 4849 3494 4895 tem-

1928 4935 2000 5004 pli
2042 4932 2105 4987 ad
2137 4941 2334 4988 terram
2380 4946 2476 5002 per
2512 4945 2690 4985 aerem
2730 4930 3040 4995 transitus),
3094 4945 3204 4984 non
3249 4931 3492 4999 angelica

1930 5039 2091 5077 manu
2126 5038 2263 5093 opus
2311 5023 2518 5077 habuit.
2552 5020 2936 5076 Animadverte
2966 5037 3149 5091 Porro,
3184 5010 3492 5092 quo°pacto

1931 5114 2180 5169 diabolus
2218 5114 2302 5169 his
2334 5112 2793 5172 commemoratis,
2834 5109 2901 5164 In
2937 5112 3178 5165 manibus
3211 5112 3389 5165 tollent
3421 5121 3489 5175 te,

1933 5222 1993 5259 ne
2036 5221 2266 5274 unquam
2306 5202 2539 5272 offendas
2575 5202 2641 5256 ad
2673 5201 2898 5272 lapidem
2930 5202 3107 5272 pedem
3136 5212 3315 5266 tuum;
3345 5201 3491 5270 quod

1931 5296 2260 5367 sequebatur
2284 5310 2392 5350 non
2421 5293 2710 5359 addiderit,
2745 5292 2994 5349 videlicet
3031 5295 3185 5357 illuil,
3218 5309 3372 5361 super
3402 5309 3490 5345 as-

1929 5386 2099 5455 pidem
2126 5396 2174 5439 et
2202 5384 2503 5439 basiliscum
2539 5368 2850 5448 ambulabis,
2868 5392 2916 5437 et
2939 5382 3265 5437 conculcabis
3295 5381 3491 5437 leonem

251 5478 381 5563 ιξοῃς
411 5473 559 5543 πρὸς
589 5476 761 5529 λίθον
786 5475 893 5529 τὸν
923 5478 1079 5534 πόδα
1108 5496 1246 5545 σου,
1275 5479 1336 5533 τὸ
1375 5479 1503 5551 ἑξῆς
1544 5477 1818 5549 συνημμέ-

1932 5487 1981 5531 et
2013 5477 2315 5543 draconem,
2346 5474 2490 5546 quod
2523 5472 2821 5531 Salvatoris
2845 5473 2911 5530 de
2933 5472 3148 5539 diabolo
3190 5479 3244 5527 et
3286 5469 3489 5542 angeli!

330 5664 375 5695 ⁹¹
414 5661 432 5716 l
472 5661 598 5720 Cor.
639 5677 747 5724 xu,
780 5661 870 5718 27.
946 5664 992 5695 ⁹³
1031 5663 1191 5718 Roni.
1228 5680 1299 5728 ι,
1338 5663 1424 5720 15.
1506 5663 1549 5696 ³⁵
1588 5660 1781 5717 Matth.

1934 5661 1987 5717 o.
2032 5662 2112 5738 gs
2152 5657 2285 5714 ibid.
2324 5658 2372 5713 τ.

579 5758 849 5819 Parant.
900 5756 1015 5820 Gn.
1052 5755 1287 5817 XXIII.

3100 5749 3184 5806 37
