3988 6204
352 224 355 229 ’
461 255 602 311 nos

1135 244 1404 303 EUSEBll
1440 238 1918 300 cmsmnsssrs
1951 236 2102 296 ore.
2142 217 2322 293 ptas
2351 231 2444 291 ur.
2480 260 2547 275 .-
2580 221 2995 284 EXEGETICA.
3558 218 3711 278 uss

458 369 581 440 eius
639 372 971 439 reportatam
1022 363 1310 419 victoriam
1354 360 1645 417 manifeste
1693 357 2024 414 declarabat.

2155 370 2218 408 νον
2248 352 2309 407 οὐ
2359 347 2663 423 προσέθηκε
2683 363 2698 376 ο
2737 343 2897 402 τοῦτο
2940 342 3005 416 δὴ
3036 339 3118 409 τδ,
3159 338 3305 440 Ἐπ’.
3323 333 3553 440 ἀσπίδα
3599 334 3713 390 καὶ

460 428 872 519 ﬁniebat-enim
904 457 990 515 sui
1024 455 1458 513 confutationem
1486 452 1754 522 adjicere;
1787 447 2029 519 alioquin

2155 443 2495 501 ιασιλισκον
2536 437 2819 509 ἐπιϐήσῃ,
2860 436 2958 491 καὶ
3000 428 3719 522 καταπατήσας

462 552 750 611 ratiocinio
778 548 1139 622 colligendum
1157 555 1212 604 et
1243 543 1711 617 comprobandum
1751 541 1854 612 ipsi
1891 547 2029 606 erat,

461 646 718 705 eumdem
755 645 934 716 ipsum
967 641 1061 712 qui
1100 656 1266 712 super
1321 640 1458 695 tales
1495 636 1778 710 .principes
1808 636 2033 691 virtutes

461 737 788 801 ambularet,
834 736 1091 807 ipsasque
1139 731 1507 797 conculcaret,
1568 744 1679 783 non
1719 741 1879 799 posse
1921 739 2034 781 non

459 827 736 885 oﬁendere
768 826 835 880 ad
862 824 1093 897 lapidem
1127 823 1262 895 pede
1291 836 1426 887 suo;
1453 820 1533 874 ita
1560 825 1621 873 ut
1645 816 1713 871 ad
1736 817 1839 873 hoc
1869 831 2034 886 ange-

448 918 639 973 lorum
665 915 832 970 tutela
853 920 907 969 et
939 912 1142 967 auxilio
1174 917 1374 982 egeret.
1406 907 1606 962 Verum
1647 907 1762 961 haec
1795 921 1904 961 non
1933 918 2031 960 ca-

458 1008 620 1080 piens
683 1006 774 1061 ille
836 1005 1005 1075 hujus
1050 1002 1347 1074 prophetiae
1388 1014 1521 1055 voce
1566 1008 1649 1055 est
1689 1013 1846 1062 usus,
1886 996 2033 1068 quod

463 1108 658 1155 caetera
697 1097 753 1151 in
790 1097 882 1151 illo
910 1096 1131 1167 impleta
1180 1109 1302 1149 csse
1346 1098 1614 1149 cerneret.
1655 1088 1911 1146 Servator
1934 1103 2035 1142 au-

466 1200 574 1248 tem
602 1205 713 1245 non
744 1196 903 1259 negat
932 1187 998 1242 de
1023 1202 1081 1243 se
1098 1186 1366 1258 prolatum
1395 1183 1676 1240 oraculum
1717 1181 1906 1247 fuisse,
1938 1179 2033 1236 sed

465 1282 737 1338 diabolum
770 1280 864 1350 qui
899 1278 1018 1348 ejus
1048 1292 1271 1333 sensum
1305 1292 1417 1332 non
1443 1281 1682 1347 caperet,
1711 1271 2033 1344 congruenti

466 1391 601 1432 usus
629 1374 1007 1446 responsione,
1029 1368 1227 1442 rejicit.
1260 1370 1543 1438 Quomodo
1568 1377 1749 1425 autem
1778 1380 1881 1423 nos
1908 1380 2033 1439 gra-

466 1466 543 1522 tia
564 1465 871 1522 Salvatoris
900 1464 1080 1521 nostri
1120 1464 1342 1535 singula
1365 1461 1603 1533 propriis
1635 1461 1691 1515 in
1726 1459 1862 1517 locis
1883 1474 2034 1515 com-

467 1556 694 1613 mentsti
734 1557 928 1621 simus,
958 1555 1264 1626 legentibus
1292 1554 1576 1625 explorare
1614 1567 1782 1623 supra
1828 1551 2032 1607 licebit.

2128 538 2227 594 καί
2254 536 2571 607 δράκοντα,
2609 532 2796 603 σαφῶς
2831 529 2931 602 τὴν
2966 528 3084 582 κατ’
3113 522 3278 580 αὐτοῦ
3317 521 3414 577 τοῦ
3456 519 3715 575 διαϐόλου

2130 631 2225 685 καὶ
2266 628 2374 685 τῶν
2416 626 2663 697 ἀγγέλων
2695 621 2860 679 αὐτοῦ
2904 621 3062 692 νίκην
3105 616 3201 673 τοῦ
3246 615 3497 687 Σωτῆρος
3541 629 3721 683 παρι-

2131 721 2359 777 στῶντα.
2405 720 2482 774 Οὐ
2522 718 2630 790 γὰρ
2668 714 2918 770 ἐϐούλετο
2962 711 3053 766 τὸν
3095 709 3217 765 καθ’
3260 705 3450 762 ἑαυτοῦ
3487 704 3725 775 ἔλεγχον

2131 813 2545 888 παρατίθεσθαι.
2567 812 2633 865 Et
2664 810 2722 864 δὲ
2745 809 2820 881 μὴ
2838 806 2935 879 τὴν
2954 805 3076 879 (sic)
3097 801 3274 874 ἑαυτῷ
3290 799 3554 862 συνέσεως
3567 797 3723 868 χρῆν

2137 887 2581 974 ἐπιλογίσασθαι,
2615 902 2689 967 ὡς
2732 901 2833 955 οὐκ
2868 895 2937 971 ἧν
2985 895 3082 951 τοῦ
3133 893 3299 949 αὐτοῦ
3338 892 3401 946 τδ
3447 887 3726 945 δύνασθαι

2138 995 2439 1050 ἐπιϐαίνειν
2485 993 2580 1049 καὶ
2609 993 2942 1047 καταπατεῖν
2967 988 3067 1052 τὰς
3102 985 3356 1047 τοιαύτας
3384 978 3727 1054 ἀρχοντικὰς

2139 1087 2417 1157 δυνάμεις,
2457 1086 2553 1140 καὶ
2586 1082 2663 1156 μὴ
2690 1081 3053 1155 προσκόπτειν
3085 1078 3225 1151 πρὸς
3253 1075 3398 1129 λίθον
3431 1072 3523 1125 τὸν
3550 1068 3723 1130 πόδα,

2139 1178 2214 1244 ὡς
2254 1178 2459 1234 δεῖσθαι
2504 1176 2754 1248 φυλακῆς
2794 1173 3040 1244 ἀγγέλων
3092 1171 3190 1226 καὶ
3244 1166 3515 1241 βοηθείας.
3570 1159 3724 1214 Ἀλλ’

2140 1274 2346 1337 ἐκεῖνος
2375 1272 2476 1344 μὲν
2500 1272 2558 1325 οὐ
2594 1270 2794 1333 συνιεὶς
2820 1267 3085 1340 κέχρηται
3113 1266 3180 1335 τῇ
3211 1262 3320 1318 άπδ
3350 1254 3727 1332 προκειμένης

2140 1366 2477 1439 προφητείας
2529 1366 2703 1437 φωνῇ,
2747 1361 2838 1417 διὰ
2882 1360 2945 1415 τὸ
2989 1357 3061 1413 τὰ
3108 1355 3271 1411 λοιπὰ
3311 1348 3727 1423 συνεωρακέναι

2139 1457 2544 1531 πεπληρωμένα
2570 1459 2652 1521 είς
2674 1453 2863 1511 αὐτόν·
2888 1454 2918 1506 ὁ
2955 1451 3015 1506 δὲ
3042 1449 3234 1521 Σωτὴρ
3257 1447 3358 1501 οὐκ
3387 1442 3725 1515 άπαρνεῖται

2145 1554 2242 1625 μὶν
2274 1551 2336 1607 τὸ
2376 1552 2505 1625 περὶ
2529 1549 2693 1605 αὐτοῦ
2735 1545 2987 1622 εἰρῆσθαι
3012 1545 3075 1600 τὸ
3104 1544 3283 1613 λόγιον
3301 1558 3315 1572 ο
3358 1539 3434 1612 μὴ
3464 1534 3721 1591 συνιέντα

465 1647 524 1701 δὲ
544 1646 692 1703 αὐτὸ
714 1647 803 1700 τὸν
832 1644 1094 1710 διάϐολον,
1117 1643 1308 1715 ἀφίησι
1338 1643 1656 1715 καταλλήλῳ
1688 1643 2031 1715 χρησάμενος
2066 1646 2133 1716 τῇ
2164 1643 2299 1716 πρὸς
2328 1644 2489 1699 αὐτὸν
2518 1642 2829 1714 ἀποκρίσει.
2869 1638 3061 1710 Ἡμεῖς
3106 1635 3187 1700 δὲ,
3217 1636 3285 1707 τῇ
3335 1629 3501 1687 αὐτοῦ
3531 1628 3727 1701 χάριτι

467 1736 562 1792 τοῦ
604 1734 853 1809 Σωτῆρος
889 1735 1069 1807 ἡμῶν,
1123 1736 1271 1798 ὅπως
1323 1732 1391 1787 τά
1462 1732 1605 1787 κατὰ
1657 1734 1782 1797 τοὺς
1831 1734 2025 1798 τόπους
2077 1734 2529 1808 τεθεωρήκαμεν,
2573 1733 2858 1806 πρόκειται
2894 1730 3009 1794 τοῖς
3052 1725 3467 1798 ἐντυγχάνωσιν
3511 1723 3579 1776 ὲκ
3611 1719 3733 1778 τῶν

455 1832 590 1904 κείρη
598 1830 773 1902 μένων
804 1827 1196 1898 διαγινώσκειν.

541 1945 708 2002 Vsus.
732 1944 822 2010 l5,
854 1945 941 2000 14.
970 1943 1141 2015 Super
1175 1944 1410 2014 aspidem
1437 1956 1486 2000 et
1510 1945 1823 2001 'basiliscum
1857 1946 2043 2001 ambu-

2229 1940 2348 1995 Ἐπ’
2375 1939 2608 1998 ἀσπίδα
2628 1937 2727 1993 καὶ
2752 1936 3128 2004 βασιλίσκων·
3167 1933 3448 2003 ἐπιϐήσῃ,
3490 1932 3591 1988 καὶ
3622 1947 3736 1989 κα-

454 2038 628 2103 ·Ιαὺὲε,
660 2045 712 2091 et
753 2035 1087 2091 eoneulcabis
1122 2036 1321 2092 leonem
1362 2048 1412 2093 et
1453 2038 1758 2094 draconem.
1784 2039 2050 2106 Quoniam

469 2132 527 2186 in
558 2146 637 2186 me
660 2129 907 2199 speravit,
939 2138 997 2183 et
1018 2128 1247 2184 liberabo
1270 2146 1419 2194 eum;
1445 2139 1712 2202 protegam
1755 2148 1894 2199 eum,
1923 2149 2052 2203 quo-

468 2223 617 2279 niam
633 2221 869 2292 cognovit
891 2237 1077 2275 nomen
1099 2220 1573 2277 rneum.Clamabit
1593 2221 1662 2276 ad
1688 2239 1788 2291 me,
1810 2233 1859 2278 et
1883 2240 2052 2279 exau-

471 2316 618 2371 diam
657 2331 799 2378 eum,
831 2328 950 2368 cum
983 2314 1097 2384 ipso
1139 2330 1257 2369 sum
1306 2315 1362 2369 in
1413 2314 1751 2371 tribulatione
1779 2331 1798 2370 :
1829 2318 2052 2385 eripiam

470 2420 590 2467 eum
625 2416 678 2465 et
719 2407 1028 2480 gloriﬁcabo
1054 2418 1203 2462 ’e’um.
1231 2406 1819 2479 Longitudine-dierum
1845 2408 2051 2477 replebo

452 2518 612 2571 eum,
640 2511 690 2558 et
718 2501 994 2558 ostendam
1021 2501 1107 2556 illi
1130 2500 1369 2557 salutare
1399 2518 1593 2559 meum.
1623 2502 1755 2570 Qum
1779 2503 1847 2559 ad
1872 2501 2055 2559 taber-

471 2595 731 2651 naculum
776 2594 1099 2667 spectabant
1158 2594 1367 2667 angelis
1419 2595 1814 2659 committebat.
1853 2603 1914 2650 ut
1959 2612 2054 2653 su-

462 2702 573 2759 pra
609 2687 869 2753 diximus,
897 2686 1234 2758 cxplicantes
1272 2701 1382 2757 quo
1404 2695 1566 2758 pacto
1591 2688 1769 2758 angeli
1790 2696 2054 2743 tueantur

473 2784 529 2832 et
554 2775 865 2833 custodiant
884 2776 1060 2831 virum
1084 2774 1139 2830 in
1170 2774 1392 2831 Christo
1411 2774 1736 2848 perfectura,
1762 2792 1863 2831 seu
1886 2777 2052 2831 etiam

474 2868 777 2926 Ecclesium
825 2868 980 2939 ejus;
1011 2874 1105 2922 aut
1158 2882 1379 2923 carnem
1421 2883 1530 2938 qua
1565 2868 1915 2923 instrumenti
1965 2870 2055 2924 in-

476 2965 593 3015 star
617 2970 718 3031 pro
756 2958 1038 3014 hominum
1069 2958 1247 3014 salute
1274 2974 1410 3015 usus
1437 2969 1541 3015 est.
1566 2958 1691 3014 Haec
1720 2959 1939 3031 quippe,
1967 2967 2055 3014 ut-

475 3055 603 3120 pote
648 3050 861 3105 minora
907 3049 1233 3121 vilioraque,
1281 3049 1488 3121 angelis
1536 3049 1832 3105 commissa
1891 3059 2052 3120 sunt;

372 3183 381 3193 .
477 3141 689 3209 eadem,
716 3142 975 3207 arbitror,
1010 3141 1247 3207 ratione,
1273 3155 1382 3213 qua
1414 3141 1684 3212 quispiam
1709 3141 1927 3199 famulis
1949 3142 2056 3198 cal-

462 3249 704 3290 ~ccorum
734 3243 829 3289 aut
852 3234 1041 3291 vilium
1068 3233 1305 3309 perinde
1353 3248 1537 3290 rerum
1582 3249 1771 3290 curam
1800 3243 1855 3291 et
1892 3235 2055 3291 mini-

2148 2034 2515 2103 τιαπατήσεις
2556 2032 2777 2088 λέοντα
2822 2029 2923 2085 καί
2956 2028 3274 2099 spuma.
3319 2028 3438 2081 Ὀτι
3481 2027 3578 2081 ἐπ’
3623 2026 3769 2097 ἐμὲσ

2152 2130 2395 2199 ἦλπισε,
2428 2125 2529 2182 καί
2543 2126 2807 2196 ῥύσομαι
2836 2123 3052 2178 αὐτόν·
3086 2118 3374 2178 σκεπάσω
3399 2119 3609 2184 αὐτὸν,
3638 2116 3733 2174 ὅτι

2149 2221 2302 2292 ἔγνω
2347 2219 2414 2274 τὸ
2466 2217 2651 2288 ὄνομά
2700 2234 2839 2287 μου.
2892 2212 3250 2283 Κεκράξεται
3294 2211 3442 2280 πρὸς
3486 2211 3588 2281 μὲ,
3628 2210 3732 2268 καὶ

2149 2313 2558 2381 ἐπακούσομαι
2596 2308 2805 2372 αὐτοῦ,
2839 2306 2969 2379 μετ’
3012 2303 3201 2361 αὐτοῦ
3238 2305 3354 2374 ειμι
3388 2304 3458 2357 ἐν
3487 2304 3731 2373 aliger

2149 2405 2469 2475 ἐξελοῦμαι
2497 2401 2703 2470 αὐτὸν,
2737 2400 2837 2456 καί
2869 2399 3109 2465 δοξάσω
3137 2398 3343 2454 αὐτόν.
3376 2395 3736 2465 Μακρότητα

2151 2491 2388 2564 ἡμερῶν
2417 2491 2708 2563 ἐμπλήσω
2734 2489 2942 2558 αὑτὸν,
2972 2488 3070 2543 καί
3110 2487 3286 2553 δείξω
3317 2485 3478 2554 αὐτῷ
3514 2486 3582 2541 τὸ
3613 2501 3735 2541 σω-

2152 2584 2358 2655 τήριόν
2385 2602 2526 2655 μου.
2561 2582 2641 2639 Τὰ
2684 2584 2781 2656 μὲν
2814 2583 2944 2656 περὶ
2970 2581 3064 2636 τοῦ
3095 2579 3455 2654 σκηνώματα,⁹
3481 2579 3738 2649 ἀγγέλοις

2153 2678 2477 2742 ἐνετέλλετο,
2494 2677 2638 2732 κατὰ
2651 2676 2722 2730 τά
2743 2674 3204 2748 προαποδοθέντα,
3225 2674 3376 2738 ὅπως
3391 2673 3615 2744 ἄγγελοι
3632 2691 3737 2746 τη-

2158 2770 2361 2843 μελῶσι
2378 2771 2473 2825 καὶ
2497 2768 2806 2840 φυλάττωσι
2842 2767 2935 2822 τοῦ
2972 2769 3031 2823 ὲν
3054 2765 3275 2841 Χριστῷ
3309 2762 3739 2839 τετελειωμένον

2153 2863 2365 2936 ἀνδρὸς,
2382 2862 2417 2935 ἢ
2434 2862 2636 2935 καὶτῆς
2663 2860 2992 2933 Ἐκκλησίας
3011 2858 3199 2926 αὑτοῦ,
3217 2858 3253 2931 ἢ
3270 2859 3367 2914 καί⁸
3387 2859 3490 2931 τῆς
3510 2854 3740 2931 σαρκδς,

2153 2949 2188 3030 ᾖ
2201 2954 2434 3028 κέχρητο
2442 2955 2597 3027 δίκην
2609 2953 2838 3026 ὀργάνου
2854 2953 2995 3023 ὑπὲρ
3008 2952 3109 3023 τῆς
3122 2946 3423 3023 ἀνθρώπων
3436 2951 3739 3023 σωτηρίας.

2155 3045 2338 3101 Ταῦτα
2370 3046 2479 3120 γὰρ
2511 3046 2586 3111 ὡς
2616 3044 2927 3117 βραχύτερα
2955 3043 3052 3099 καὶ
3097 3041 3455 3114 εὐτελέστερα
3481 3039 3743 3113 ἀγγέλοις

2153 3140 2545 3212 ὲπετέτραπτσ
2566 3135 2824 3210 καὶοῇιαι
2839 3138 2941 3203 ὅτι,
2958 3137 3033 3202 ὡς
3048 3136 3113 3192 ἄν
3140 3154 3225 3201 τις
3248 3133 3488 3201 όίκέταις
3515 3137 3744 3210 ἐπιτρέ-

2152 3233 2303 3304 ψειεν
2342 3232 2706 3311 ὑποδημάτων
2730 3229 3027 3294 διακονίαν,
3055 3228 3088 3301 ἦ
3122 3228 3295 3283 ἄλλων
3328 3222 3493 3282 τινῶν
3523 3228 3742 3282 εὐτελε-

478 3326 707 3382 sterium
738 3324 937 3394 tradit;
968 3325 1050 3381 sic
1086 3336 1427 3397 quiscunque
1457 3325 1673 3382 modica
1701 3334 1756 3382 et
1789 3342 2052 3399 corporea

2159 3325 2363 3395 στέρων
2411 3323 2733 3395 ὑπηρεσίαν,
2758 3322 2931 3386 οὕτως
2957 3322 3057 3376 ὅσα
3102 3320 3274 3392 μικρὰ
3320 3314 3414 3374 καὶ
3447 3319 3740 3390 σωματικά

468 3434 578 3490 per
599 3417 898 3475 Salvatoris
929 3418 1102 3474 nostri
1124 3433 1345 3474 carnem
1369 3418 1760 3486 eﬂiciebantur,
1796 3434 1860 3475 ea
1893 3434 2058 3490 ange-

480 3511 659 3565 lorum
680 3524 829 3566 ουτω
849 3511 1354 3578 committebantur,
1381 3510 1478 3582 qui
1506 3510 1895 3568 ministrabant
1916 3511 2054 3582 ipsi:

460 3601 550 3658 de
574 3601 775 3673 quibus
804 3601 1014 3673 angelis
1042 3601 1158 3657 haec
1208 3601 1535 3658 testiﬁcatur
1578 3595 1861 3672 Evangelii
1894 3599 2059 3657 'Scri-

472 3700 642 3764 .ptura
655 3692 845 3750 dicens
862 3712 874 3748 :
890 3694 1236 3749 Accesserant
1261 3693 1455 3765 angeli,
1472 3703 1522 3750 et
1537 3694 1911 3749 ministrabant
1926 3693 1977 3748 ei
1988 3693 2056 3748 ".

483 3781 886 3839 Praestabiliora
918 3793 1118 3850 autem,
1169 3785 1377 3854 majora
1408 3792 1462 3840 et
1494 3784 1709 3850 altiora,
1739 3799 1851 3839 non
1897 3798 2061 3855 ange-

483 3876 574 3942 lis,
606 3876 701 3931 sed
730 3876 830 3946 ipsi
868 3875 1143 3932 ‘Salvat'ori
1195 3877 1439 3933 ascribit.
1471 3875 1731 3943 Quaenam
1787 3876 1879 3932 illa
1924 3877 2057 3941 sint,

484 3967 740 4039 superius
796 3974 1287 4024 commonstratum
1339 3978 1451 4037 est;
1506 3969 1649 4024 inter
1703 3969 1821 4024 haec
1876 3972 2059 4026 autem

474 4052 621 4114 illud
640 4065 780 4127 erat,
815 4058 1019 4114 Cadent
1048 4077 1081 4114 a
1112 4060 1395 4116 latere'tuo
1424 4060 1589 4127 mille,
1624 4072 1675 4118 et
1714 4062 1890 4117 decem
1937 4063 2062 4116 mil-

486 4151 562 4205 lia
608 4168 642 4205 a
688 4149 889 4205 dextris
921 4153 1047 4206 tuis.
1082 4150 1141 4207 In
1176 4152 1286 4208 ﬁne
1322 4169 1450 4209 vero
1487 4156 1731 4211 omnium
1762 4153 2060 4211 Salvatoris

485 4244 661 4300 nostri
686 4245 917 4300 victoria
946 4246 1013 4301 de
1054 4245 1313 4301 omnibus
1347 4257 1623 4317 reportata
1666 4257 1943 4319 postrema
1973 4262 2061 4303 re-

485 4343 742 4392 censetur
788 4336 874 4391 his
925 4337 1127 4403 verbis,
1171 4335 1338 4407 Super
1372 4340 1607 4409 aspidem
1649 4349 1700 4395 et
1755 4339 2060 4395 basiliscum

474 4424 804 4492 ambulabis,
836 4437 884 4481 et
915 4427 1247 4483 coneulcabis
1298 4428 1495 4484 leonem
1539 4440 1589 4484 et
1627 4430 1929 4487 draconem.
1964 4430 2061 4488 His

487 4530 651 4587 porro
693 4517 991 4589 signiﬁcari
1036 4519 1250 4576 aestimo
1308 4522 1672 4593 principatus,
1733 4529 2058 4599 potestates,

486 4606 678 4661 mundi
716 4616 960 4663 rectores
994 4616 1049 4664 et
1088 4611 1391 4680 spiritualia
1420 4612 1694 4683 nequitiae.
1714 4611 1901 4683 Super
1946 4612 2061 4666 haec

2162 3416 2251 3476 διὰ
2286 3417 2388 3487 τῆς
2418 3416 2511 3469 τοῦ
2556 3411 2812 3486 Σωτῆρος
2849 3412 3006 3484 ἡμῶν
3039 3408 3323 3484 ἐνηργεῖτο
3366 3412 3585 3483 σαρκὸς,
3609 3407 3740 3463 τοῦ-

2162 3526 2270 3563 των
2323 3507 2591 3581 ὑπηρέται
2643 3506 2966 3562 καθίσταντο
3018 3504 3259 3575 ἄγγελοι,
3309 3501 3403 3559 καὶ
3452 3504 3739 3575 διηκόνουν

2164 3599 2312 3671 αὐτῷ
2334 3617 2348 3631 ·
2387 3599 2517 3670 περὶ
2547 3592 2621 3655 ὧν
2650 3597 2742 3653 καὶ
2766 3600 2799 3670 ὴ
2825 3597 2917 3652 τοῦ
2946 3596 3281 3667 Εὐαγγελίου
3313 3594 3487 3668 γραφὴ
3516 3610 3735 3664 μαρτυ·

2166 3694 2252 3766 ρεῖ
2289 3688 2544 3761 λέγουσα,
2582 3693 2664 3746 ὅτι
2693 3688 3050 3760 Προσῆλθον
3095 3688 3354 3760 ἄγγελοι,
3386 3686 3480 3741 καί
3522 3682 3739 3754 διηπόο

2163 3803 2315 3841 νουν
2345 3783 2523 3851 αὐτῷ.
2558 3778 2640 3839 Τὰ
2668 3784 2725 3837 δὲ
2768 3780 3197 3854 προύργιαίτερα
3243 3782 3338 3835 καὶ
3380 3777 3595 3852 μείζονα
3638 3778 3743 3833 καὶ

2165 3877 2471 3950 ὑψηλότερα
2515 3868 2699 3930 οὐκέτι
2735 3872 3008 3943 ἀγγέλοις,
3055 3872 3171 3927 ἀλλ’
3214 3871 3363 3944 αὐτῷ
3402 3871 3480 3942 τῷ
3524 3868 3746 3943 Σωτῆρι

2165 3970 2471 4042 ἀνατίθησι.
2497 3970 2633 4024 Τίνα
2669 3968 2726 4022 δὲ
2756 3963 2825 4039 ἦν
2850 3966 3044 4032 ταῦτα,
3074 3964 3366 4038 δεδήλωται
3394 3964 3484 4019 διά
3508 3963 3619 4018 τῶν
3642 3962 3747 4034 ἒμ-

2164 4063 2401 4137 προσθεν
2424 4080 2439 4094 ⁸
2472 4064 2529 4118 ὲν
2579 4055 2661 4127 οἷς
2687 4050 2760 4133 ἦν
2795 4060 2889 4115 καὶ
2919 4060 3001 4124 τὸ,
3036 4058 3310 4114 Πεσεῖται
3348 4057 3419 4112 ἐκ
3456 4056 3564 4111 τοῦ
3607 4056 3746 4110 κλί-

2166 4175 2307 4225 τους
2342 4173 2460 4213 σου
2498 4155 2696 4226 χιλιὰς
2733 4154 2834 4210 καί
2860 4153 3078 4225 μυριὰς
3113 4154 3183 4208 ἐκ
3208 4150 3327 4206 τῶν
3355 4149 3573 4217 δεξιῶν
3601 4166 3744 4204 σου.

2167 4251 2332 4315 Τέλος
2366 4250 2422 4305 δὲ
2450 4249 2681 4304 πάντων
2715 4249 2811 4302 καὶ
2854 4246 3058 4319 ὑστάτη
3085 4246 3225 4300 κατὰ
3255 4242 3475 4299 πάντων
3501 4241 3598 4296 τοῦ
3631 4241 3747 4295 Σω-

2165 4337 2331 4416 τῆρος
2353 4339 2510 4414 ἡμῶν
2559 4339 2685 4412 νίκη
2726 4339 3059 4410 παρίσταται
3097 4338 3185 4392 διὰ
3209 4336 3325 4402 τοῦ,
3366 4336 3486 4389 Ἐπ’
3511 4333 3749 4391 ἀσπίδα

2167 4436 2265 4491 καί
2291 4434 2664 4500 βασιλίσκω·
2696 4431 2954 4502 ἐπιϐήσῃ
2983 4432 3081 4486 καί
3123 4425 3567 4496 καταπατήσας
3603 4424 3747 4495 δρά-

2167 4543 2350 4581 κοντα
2377 4526 2477 4581 καὶ
2500 4523 2739 4580 λέοντα.
2783 4522 3083 4596 Δηλοῦσθαι
3123 4521 3181 4575 δὲ
3226 4520 3313 4574 διὰ
3343 4518 3549 4573 τούτων
3577 4516 3748 4589 ἠγοῦ-

2171 4635 2269 4690 μαι
2303 4616 2478 4689 άρχάς
2509 4617 2605 4670 καὶ
2634 4615 2882 4684 ἐξουσίας
2922 4616 3016 4670 καὶ
3056 4612 3524 4685 κοσμοκράτορας,
3548 4611 3649 4665 καὶ
3674 4608 3747 4662 τά

486 4704 672 4751 autem
727 4697 1028 4764 ambulare,
1055 4708 1110 4755 et
1136 4708 1223 4756 tot
1272 4702 1416 4758 feras
1452 4703 1653 4759 divinis
1689 4704 1909 4758 virtutis
1954 4718 2052 4759 sua

2171 4707 2517 4781 πνευματικὰ
2560 4707 2657 4779 τῆς
2694 4706 2981 4779 πονηρίας.
3010 4706 3247 4768 Ταύταις
3289 4704 3389 4775 μὲν
3413 4698 3507 4757 οὖν
3535 4700 3752 4755 ἐπιϐαίο

485 4788 771 4859 gressibus
811 4792 1138 4849 conculcare
1168 4795 1368 4850 dicitur
1404 4796 1523 4867 ipse
1574 4793 1851 4851 Servator.
1906 4794 2065 4863 Quod

430 4942 433 4943 ν
486 4890 619 4935 vero
650 4879 705 4934 in
734 4881 885 4937 nullo
908 4882 1166 4949 oﬂ'endat,
1205 4902 1303 4943 nec
1331 4887 1608 4959 quidpiam
1632 4887 1912 4959 corporeis
1943 4889 2064 4957 ejus

487 4973 900 5043 operationibus
946 4978 1334 5050 impedimento
1387 4981 1482 5046 sit,
1514 4982 1568 5037 id
1612 4984 1929 5053 angelorum
1960 4982 2066 5035 mi-

488 5066 732 5122 nisterio
780 5072 1151 5127 concreditum
1192 5084 1290 5129 est.
1331 5072 1437 5130 Sed
1488 5074 1947 5146 quemadmodum
1998 5074 2067 5130 de

491 5174 756 5230 corporeo
820 5162 941 5233 ejus
989 5165 1341 5221 tabernaculo
1397 5167 1699 5235 dicebatur,
1763 5164 2065 5238 Flagellum

492 5262 597 5300 non
649 5250 1083 5320 appropinquabit
1143 5252 1481 5329 tabernaculo
1553 5264 1661 5320 tuo,
1708 5263 1764 5312 et
1816 5256 1937 5326 ejus
1984 5256 2065 5312 rei

494 5351 659 5394 causa
688 5339 801 5394 hac
837 5339 1214 5410 adjiciebatur,
1247 5344 1511 5411 Quoniam
1542 5348 1742 5419 angelis
1773 5348 1883 5403 suis
1914 5365 2067 5403 man-

495 5426 639 5483 dabit
667 5430 732 5486 de
762 5441 843 5497 te,‘
869 5432 943 5486 ita
972 5441 1028 5489 et
1056 5450 1200 5489 nunc
1232 5444 1355 5507 post
1381 5439 1535 5505 illud,
1560 5439 1729 5509 Super
1755 5440 1992 5511 aspidem
2016 5451 2066 5495 et

496 5519 796 5575 basiliscum
817 5521 1134 5593 ambulabis,
1156 5535 1205 5581 et
1228 5527 1557 5585 conculcabis
1581 5528 1779 5586 leonem
1803 5541 1852 5587 et
1879 5531 2071 5585 draco-

562 5676 610 5708 ”
649 5674 815 5730 Matth
871 5696 939 5747 tv,
977 5681 1062 5737 Η.

2171 4815 2305 4866 νειν,
2331 4799 2427 4854 καὶ
2451 4798 2521 4853 τὰ
2549 4797 2788 4853 τοσαῦτα
2820 4797 2983 4870 θηρία
3022 4798 3354 4851 καταπατεῖν
3383 4796 3498 4858 τοῖς
3535 4791 3749 4847 θειοτέ-

2170 4910 2284 4966 ροις
2313 4891 2413 4963 τῆς
2435 4890 2619 4946 ἐνθέου
2644 4890 2925 4962 δυνάμεως
2954 4887 3118 4945 αὑτοῦ
3154 4888 3481 4960 βαδίσμασιν
3510 4885 3677 4950 αὐτὸς
3716 4886 3749 4939 ὁ

2167 4983 2359 5056 Σωτὴρ
2389 4982 2634 5052 λέγεται·
2667 4981 2730 5036 τὸ
2768 4982 2826 5037 δὲ
2871 4982 2929 5036 ὲν
2965 4980 3153 5054 μηδενὶ
3194 4981 3582 5054 προσκόπτειν,
3621 4977 3750 5049 μηδ’

2167 5072 2417 5147 ἐμποδὼν
2459 5072 2705 5145 γίνεσθαί
2745 5091 2867 5127 τινα
2916 5075 3036 5137 ταῖς
3068 5071 3549 5143 σωματικωτέραις
3586 5071 3749 5140 ὲνερο

2167 5166 2342 5236 γείαις
2368 5165 2554 5233 αὐτοῦ,
2584 5165 2804 5236 ἄγγελοι
2828 5165 2928 5236 τὴν
2959 5163 3235 5219 διακονίαν
3259 5162 3572 5235 εἰλήφεσαν.
3604 5157 3749 5213 Ἀλλ’

2171 5256 2360 5331 ὥσπερ
2391 5258 2483 5312 ἐπὶ
2525 5256 2620 5311 τοῦ
2665 5255 2976 5330 σωματικοῦ
3023 5255 3379 5327 σκηνώματος
3422 5251 3590 5309 αὐτοῦ
3633 5250 3725 5304 ιτ.λέ

2173 5365 2319 5418 γετο,
2360 5345 2596 5413 Μὰστιξ
2622 5348 2733 5402 οὐκ
2776 5346 2957 5418 emet
2985 5346 3056 5400 ἐν
3095 5344 3176 5412 τῷ
3218 5342 3561 5415 σκηνώματι
3605 5357 3755 5422 σου,

2173 5441 2269 5494 καὶ
2298 5440 2358 5494 τδ
2385 5440 2557 5495 αἴτιον
2596 5441 2835 5511 ἐπήγετο
2861 5438 2951 5494 διὰ
2993 5437 3111 5504 τοῦ,
3146 5439 3266 5492 Ὅτι
3302 5436 3427 5504 τοῖς
3466 5434 3761 5508 ἀγγέλοις

2174 5530 2361 5587 αὑτοῦ
2390 5530 2711 5588 ἐντελεῖται
2740 5529 2875 5602 περὶ
2904 5528 3049 5587 σοῦ·
3080 5527 3224 5585 οὕτω
3250 5528 3347 5585 καὶ
3377 5528 3470 5586 νῦν
3495 5525 3640 5602 μετὰ
3661 5524 3760 5594 τὸ,
