3988 6204
289 297 420 356 “65

1428 296 1922 352 COMMENTARIA
1967 295 2028 350 IN
2068 295 2400 353 PSALMOS.

3359 293 3496 350 1166

296 415 413 469 Ἐπ’
442 415 666 470 ἀσπίδα
699 415 790 468 καὶ
817 415 1184 480 ,ϐασιλίσκον
1214 413 1492 482 ἐπιϐήσῃ,
1527 416 1622 468 καὶ
1655 423 1831 469 κατα-

1941 432 2071 478 nem,
2137 431 2300 470 causa
2375 431 2592 471 rursum
2658 414 2892 478 additur,
2954 427 3232 482 qumrem
3281 428 3386 468 non
3431 415 3496 468 ad

283 507 570 576 πατήσεις
597 507 889 574 δράκοντα
913 508 1009 560 καὶ
1031 506 1267 568 λέοντα,
1299 503 1458 558 πάλιν
1487 508 1520 576 ἡ
1548 506 1694 559 αἰτία
1719 508 1839 558 ἑπι-

282 599 522 668 λέγεται,
554 601 653 652 οὐκ
685 600 770 652 ἐπ’
796 599 1059 668 ἀγγέλους
1094 597 1456 668 ἀναφέρουσα,
1487 597 1599 650 ἀλλ’
1626 599 1712 650 ἐπ’
1747 599 1842 650 αὐ-

259 691 372 762 τὸν
394 691 484 743 τὸν
515 691 791 760 ”Υψιστον,
816 684 876 744 οὗ
903 693 966 744 ὲκ
998 688 1286 762 προσώπου
1311 688 1578 753 λέλεκται,
1610 690 1727 742 Ὅτι
1749 691 1841 742 ἐπ’

282 781 388 850 ἐμὲ
420 781 660 849 ἤλπισε,
685 781 784 834 καὶ
809 783 1069 849 ῥύσομαι
1100 779 1305 833 αὐτόν.
1331 779 1454 842 Πῶς
1485 779 1541 832 δὲ
1573 781 1656 832 ἐπ’
1683 779 1842 832 αὑτὸν

281 851 496 942 ῆλπξσε,
527 873 810 944 προλαϐὼν
842 872 1071 939 ἐδίδαξεν
1099 873 1127 925 ὁ
1158 872 1314 939 λόγος
1341 870 1505 924 εἰπών
1530 886 1544 900 °
1580 871 1634 923 '0
1660 887 1844 925 κατοι-

281 963 406 1017 κῶν
430 965 498 1016 ἐν
521 965 771 1033 βοηθείᾳ
809 965 912 1018 τοῦ
953 965 1235 1033 Ὑψίστου
1255 981 1268 993 ο
1298 963 1414 1026 καὶ,
1451 961 1603 1030 Ἑρεῖ
1622 961 1700 1028 τῷ
1726 965 1844 1015 Κυ-

276 1054 413 1121 ρίῳ’
456 1053 845 1124 Ἀντιλήπτωρ
885 1072 1004 1124 μου
1051 1049 1124 1118 εἷ,
1159 1053 1258 1106 καὶ
1301 1052 1609 1120 καταφυγή
1637 1069 1775 1120 μου,
1811 1055 1844 1104 ὁ

283 1146 427 1210 680’;-
457 1163 596 1214 μου,
639 1145 733 1199 καί
775 1145 960 1198 ἐλπιῶ
985 1145 1075 1198 ἐπ’
1119 1145 1322 1198 αὐτόν.
1359 1144 1424 1196 Ἦ
1469 1144 1645 1196 τοίνυν
1671 1143 1840 1196 ὲπινί-

289 1252 406 1299 κιος
435 1236 528 1288 καὶ
555 1236 836 1290 τελευταία
859 1237 1055 1309 πρᾶξις
1079 1235 1216 1307 μετὰ
1244 1235 1422 1298 πάσας
1453 1235 1548 1298 τάς
1579 1251 1845 1306 προκαταο

280 1325 560 1396 λεχθείσας
589 1325 682 1380 τοῦ
729 1328 976 1398 Σωτῆρος
1026 1329 1200 1398 ἡμῶν,
1243 1326 1276 1396 ἢ
1323 1328 1417 1379 καὶ
1457 1325 1550 1378 τοῦ
1595 1329 1652 1379 ὲν
1698 1326 1844 1397 αὐτῷ

281 1418 650 1490 τελειουμένου
682 1418 894 1491 ἀνδρὸς,
929 1420 962 1490 ἢ
993 1420 1087 1472 καὶ
1114 1420 1209 1472 τοῦ
1239 1418 1402 1472 αὑτοῦ
1438 1418 1639 1471 τελείου
1664 1418 1846 1487 σώμα-

280 1525 372 1571 τος
411 1508 509 1577 τῆς
543 1507 863 1579 Ἐκκλησίας
892 1508 1078 1572 αὐτοῦ,
1120 1508 1420 1579 δηλωθεῖσα
1451 1511 1540 1564 διὰ
1565 1509 1680 1574 τοῦ,
1728 1510 1844 1562 Ἐπ’

281 1598 511 1654 ἀσπίδα
537 1597 636 1651 καὶ
657 1599 1033 1663 ,ϐασιλίσκον
1059 1600 1341 1669 ἑπιϐήσῃ,
1384 1602 1481 1654 καὶ
1513 1602 1848 1669 καταπατή-

281 1702 413 1755 σεις
457 1687 750 1756 δράκοντα
789 1689 890 1743 καὶ
931 1689 1168 1755 λέοντα,
1207 1692 1307 1762 τὴν
1349 1693 1528 1746 πᾶσαν
1572 1692 1846 1763 ἀναφορὰν

281 1779 498 1848 καὶτῆς
529 1778 684 1848 νίκης
707 1778 806 1848 τὴν
835 1779 1012 1833 αἰτίαν
1035 1780 1128 1832 ἐπὶ
1157 1779 1235 1849 τῷ
1269 1779 1504 1850 ’Υψίστῳ
1538 1762 1836 1852 ἀνατίθησι.
1877 1762 1917 1816 Β

281 1865 372 1918 Διὸ
403 1865 678 1920 λέλεκται·
724 1867 842 1920 Ὅτι
884 1869 978 1921 ἐπ’
1009 1868 1114 1938 ἐμὲ
1161 1869 1403 1936 ἤλπισε,
1445 1870 1542 1924 καί
1579 1873 1839 1940 ῥύσομαι

279 1957 483 2024 αὐτὸν,
517 1957 605 2011 ὅτι
627 1959 778 2028 ἔγνω
797 1959 862 2012 τὸ
893 1959 1078 2029 ὄνομά
1097 1978 1236 2030 μου.
1263 1962 1402 2014 Μετ’
1431 1962 1614 2016 αὑτοῦ
1637 1965 1751 2031 ειμι
1771 1963 1841 2016 ἐν

279 2049 500 2116 θλίψει,
534 2048 849 2118 ἐξελοῦμαι
888 2051 985 2104 καί
1011 2050 1248 2116 δοξάσω
1271 2053 1474 2105 αὐτόν.
1507 2052 1615 2106 Καί
1650 2071 1738 2123 μοι
1759 2053 1842 2106 δο-

278 2141 367 2191 κεῖ
419 2138 539 2193 καθ’
587 2139 778 2211 ἑτέραν
830 2141 1068 2195 διάνοιαν
1119 2144 1152 2213 ἡ
1209 2144 1513 2214 προφητεία
1567 2143 1840 2210 θεσπίζειν

278 2229 454 2282 πάντα
499 2230 588 2284 τὸν
625 2231 825 2302 τρόπον
855 2231 950 2285 τοῦ
983 2232 1125 2286 κατὰ
1162 2233 1444 2305 ἄνθρωπον
1470 2233 1584 2304 βίου
1609 2235 1702 2288 τοῦ
1728 2236 1838 2289 Σω-

275 2321 444 2394 τῆρος
467 2323 499 2393 ἠ
509 2321 622 2392 μῶν
642 2339 655 2353 ·
681 2321 824 2391 λέγω
847 2323 903 2376 δὲ
924 2322 1014 2376 τὸν
1038 2322 1251 2396 πρῶτον
1284 2325 1604 2396 πειρασμὸν,
1634 2327 1728 2379 καὶ
1749 2327 1840 2381 τὸν

277 2411 421 2465 κατά
448 2412 508 2465 τὸ
551 2412 740 2478 πάθος,
777 2415 875 2484 τήν
898 2431 956 2467 τε
991 2415 1127 2485 μετὰ
1165 2415 1264 2486 τὴν
1287 2415 1436 2469 λύσιν
1466 2417 1558 2470 τοῦ
1595 2419 1841 2488 σώματος

276 2503 372 2555 ἐπὶ
393 2503 494 2566 τὰς
535 2505 914 2576 ἀντικειμένας
955 2506 1212 2577 δυνάμεις
1250 2507 1458 2576 ἔφοδον.
1487 2509 1597 2563 Καὶ
1637 2510 1703 2563 τὰ
1743 2510 1841 2580 μὲν

276 2593 473 2665 πρῶτα
507 2593 600 2648 τοῦ
641 2595 888 2667 ψαλμοῦο
932 2598 1231 2669 κοινότερον
1260 2599 1318 2652 δὲ
1347 2599 1489 2654 οὕτω
1530 2600 1768 2670 λεγέσθω
1805 2605 1838 2673 ἠ

280 2682 531 2756 παροῦσα
573 2688 874 2758 προφητεία
912 2688 1001 2742 τὸν
1046 2691 1348 2761 πειρασμὸν
1392 2687 1719 2746 αἰνίττεσθαι
1750 2693 1840 2747 τὸν

278 2776 375 2830 ἐπὶ
417 2775 516 2846 τῆς
565 2777 793 2848 ἐρήμου,
841 2779 899 2831 ὃν
946 2780 1005 2833 ὲν
1052 2783 1163 2846 τοῖς
1201 2783 1549 2852 Εὑαγγελίοις
1592 2785 1840 2855 εἰσῆκται

279 2866 563 2939 πειραθεὶς
601 2867 704 2921 ὑπὸ
743 2869 836 2923 τοῦ
865 2869 1142 2925 διαϐόλουο
1187 2873 1256 2926 τὰ
1294 2874 1350 2927 δὲ
1385 2874 1630 2946 δεύτερα,
1665 2876 1722 2928 ὲν
1759 2870 1840 2938 οἷς

281 2957 545 3024 ἀγγέλους
571 2957 926 3015 διακονεῖσθαι
960 2961 1036 3033 τῷ
1061 2963 1226 3017 αὐτοῦ
1260 2964 1471 3035 σώματι
1503 2966 1840 3037 παρέστησεν

279 3050 310 3103 ὁ
335 3049 510 3117 λόγος,
537 3052 633 3122 τὴν
660 3051 800 3104 κατὰ
823 3053 912 3106 τὸν
942 3054 1276 3126 ἀνθρώπινον
1309 3057 1420 3127 βίον
1446 3058 1719 3132 διατριϐὴν
1748 3061 1842 3114 αὺ-

279 3138 406 3192 τοῦ·
438 3139 505 3193 τὰ
535 3139 591 3193 δὲ
615 3141 790 3211 τρίτα,
825 3143 890 3196 δι’
925 3141 999 3200 ὢν
1031 3145 1242 3215 λέγεται
1272 3149 1356 3200 ἐπ’
1387 3150 1584 3204 ἀσπίδα
1609 3153 1701 3204 καὶ
1737 3151 1835 3222 βα·-

283 3228 520 3283 σιλίσκον
563 3231 966 3304 ἐπιϐεϐηκέναι,
1013 3238 1104 3290 καί
1149 3241 1660 3312 καταπεπατηκέναι
1707 3243 1837 3314 δρά-

281 3335 445 3371 κοντα
479 3321 572 3374 καὶ
615 3321 823 3389 λέοντα,
868 3327 964 3396 τὴν
1000 3329 1137 3398 μετὰ
1174 3330 1264 3383 τὸν
1308 3331 1537 3394 θάνατον
1567 3333 1704 3385 κατὰ
1731 3333 1839 3388 τῶν

279 3409 615 3480 ἀρχοντικῶν
658 3418 977 3487 πνευμάτων
1019 3420 1200 3492 νίκην·
1239 3422 1355 3492 μεθ’
1382 3423 1418 3476 ὃ.
1453 3424 1627 3478 πάντα
1661 3425 1841 3478 ἐπιλέ-

277 3518 465 3571 γετςιι·
531 3505 870 3577 Ἐξελοῦμαι
924 3511 1111 3565 αὑτὸν
1168 3514 1264 3567 καὶ
1309 3513 1550 3579 δοξάσω
1609 3519 1833 3570 αὐτόν·

277 3597 631 3665 Μακρότητα
664 3599 896 3669 ἡμερῶν
943 3602 1232 3672 ἐμπλήσω
1278 3606 1483 3671 αὑτὸν,
1528 3607 1625 3660 καί
1665 3607 1838 3671 δείξω

275 3687 437 3753 αὐτῷ
467 3688 532 3743 τὸ
571 3691 870 3761 σωτήριόν
905 3713 1046 3763 μου,
1075 3697 1173 3768 τῆς
1207 3699 1343 3769 μετὰ
1383 3699 1473 3753 τὸν
1517 3698 1743 3754 θάνατον
1776 3700 1840 3752 ὲκ

277 3781 483 3852 νεκρῶν
528 3785 820 3856 σωτηρίας,
867 3787 962 3840 καὶ
997 3787 1094 3858 τῆς
1135 3788 1476 3861 μακραίωνος
1507 3791 1596 3844 καὶ
1637 3789 1839 3844 ἀθανά-

1943 505 2164 569 angelos
2192 505 2408 569 referat,
2435 505 2528 561 sed
2556 505 2621 558 ad
2649 506 2824 575 ipsum
2855 503 3214 565 Altissimum,
3238 521 3303 558 ex
3343 505 3501 572 cujus

1943 609 2172 663 persona
2199 593 2420 658 dicitur,
2441 595 2700 660 Quoniam
2730 595 2782 648 in
2814 611 2890 648 me
2913 596 3157 664 speravit,
3198 603 3246 646 et
3271 593 3500 650 liberabo

1941 701 2077 738 eum.
2093 684 2372 750 Quomodo
2390 685 2444 740 in
2463 687 2580 756 ipso
2596 687 2906 756 speraverit,
2927 686 3040 754 jam
3069 685 3353 755 Scriptura
3373 686 3503 739 edc-

1944 791 2066 831 ccrc
2087 780 2372 852 occupavit
2402 779 2486 834 his
2533 779 2712 833 verbis
2739 797 2752 833 :
2785 777 3115 844 Quihabitat
3151 778 3205 831 in
3235 777 3500 846 adjutorio

1943 870 2227 933 Altisslmi.
2263 879 2317 926 et
2349 891 2362 926 :
2400 871 2548 926 Dicet
2581 871 2803 925 Domino
2840 869 3164 940 :Susceptor
3186 887 3328 924 meus
3362 889 3416 925 es
3447 882 3500 924 tu

1943 969 1991 1014 et
2022 961 2278 1032 refugium
2311 958 2506 1028 meum,
2551 961 2689 1016 Deus
2729 977 2894 1026 meus,
2923 969 2974 1014 et
3010 961 3227 1028 sperabo
3255 962 3308 1014 in
3359 977 3497 1014 eunt.

1945 1049 2312 1121 Triumphalis
2345 1053 2524 1122 itaque
2576 1063 2629 1107 et
2681 1059 2954 1120 postrema
3007 1052 3172 1115 actio,
3207 1067 3327 1121 qua:
3377 1063 3519 1121 post-

1945 1141 2048 1194 alia
2075 1150 2372 1196 memorata
2397 1142 2714 1209 Salvatoris,
2751 1151 2844 1196 aut
2895 1143 2996 1196 viri
3037 1142 3091 1196 in
3139 1157 3204 1197 eo
3243 1157 3499 1198 consum-

1945 1229 2096 1291 mati.
2124 1238 2216 1283 aut
2263 1231 2381 1300 ejus
2440 1229 2662 1301 perfecti
2731 1231 3000 1301 corporis,
3053 1230 3168 1286 sive
3223 1231 3497 1293 Ecclesiae,

1945 1331 2093 1389 gesta
2131 1322 2433 1392 signiﬁcata
2465 1323 2517 1374 in
2545 1321 2639 1375 illo
2676 1341 2688 1376 :
2733 1321 2902 1392 Super
2941 1324 3173 1392 aspidem
3215 1334 3263 1376 et
3319 1324 3502 1378 basili-

1945 1427 2093 1464 scum
2119 1413 2435 1477 ambulabis,
2457 1423 2505 1466 et
2529 1414 2857 1469 conrulcabis
2892 1415 3086 1469 leonem
3116 1427 3164 1469 et
3193 1415 3498 1479 draconem;

1945 1509 2080 1569 tota,
2136 1519 2259 1556 cum
2306 1505 2548 1558 victoria:
2619 1519 2805 1569 causa,
2853 1504 3134 1560 Altissimo
3181 1506 3498 1561 ascribitur.

1947 1589 2304 1656 Quamobrem
2337 1592 2536 1646 dicitur
2567 1608 2580 1644 :
2613 1593 2875 1659 Quoniam
2931 1595 2986 1648 in
3038 1611 3117 1649 me
3167 1597 3414 1664 speravit,
3448 1605 3501 1650 et

1949 1681 2175 1736 liberabo
2203 1699 2342 1749 eum,
2369 1685 2614 1753 quoniam
2665 1685 2896 1754 cognovit
2925 1701 3110 1739 nomen
3141 1701 3329 1740 meum.
3366 1685 3500 1740 Cum

1945 1775 2060 1842 ipso
2094 1791 2208 1828 sum
2245 1775 2296 1827 in
2330 1774 2686 1838 tribulatione,
2709 1776 2926 1843 eripiam
2958 1792 3075 1829 eum
3107 1785 3157 1828 et
3189 1776 3500 1846 gloriﬁcabo

1946 1883 2082 1920 eum.
2125 1866 2246 1920 Alio
2274 1867 2402 1921 item
2440 1883 2602 1924 sensu
2632 1868 2913 1937 prophetia
2944 1869 3158 1922 videtur
3193 1871 3324 1924 mihi
3358 1871 3498 1926 vatio

1945 1957 2117 2011 cinari
2153 1971 2368 2012 omnem
2403 1958 2653 2014 humanae
2691 1958 2988 2014 Salvatoris
3019 1961 3192 2016 nostri
3231 1961 3354 2017 vitae
3377 1978 3497 2017 mo-

1944 2049 2103 2116 dum;
2134 2049 2256 2104 dico
2279 2058 2460 2105 autem
2494 2052 2723 2121 primam
2751 2053 3134 2121 tentationem;
3172 2054 3318 2108 illam
3346 2055 3496 2121 item,

1944 2155 2106 2211 quam
2141 2141 2194 2195 in
2239 2142 2494 2211 passione
2536 2143 2824 2208 sustinuit;
2857 2158 2920 2199 ac
2975 2147 3139 2199 etiam
3169 2161 3310 2213 eam,
3334 2163 3496 2218 quam

1944 2241 2068 2300 post
2097 2232 2422 2288 solutionem
2477 2235 2723 2304 corporis
2779 2235 2906 2291 fecit
2932 2245 3125 2291 contra
3159 2238 3500 2294 adversarias

1941 2330 2241 2392 potestates
2297 2325 2677 2395 irruptionem.
2711 2325 2776 2380 Et
2833 2328 2947 2382 hinc
2979 2329 3196 2398 quidem
3250 2331 3422 2400 prima
3445 2339 3500 2386 et

1944 2418 2213 2487 prmeipua
2244 2419 2298 2471 in
2333 2419 2542 2487 psalmo
2587 2425 2714 2474 sunt
2751 2437 2764 2472 ε
2799 2420 3090 2490 vulgariori
3123 2429 3302 2476 autem
3348 2438 3499 2477 more

1944 2507 2156 2562 dicatur
2186 2507 2300 2562 haec
2331 2507 2613 2578 prophetia
2663 2510 3018 2566 tentationem
3074 2511 3128 2564 in
3183 2512 3397 2568 deserto
3422 2516 3499 2568 si-

1943 2600 2221 2672 gniﬁcare,
2257 2617 2362 2670 qua
2405 2609 2650 2657 tentatus
2679 2618 2802 2658 esse
2832 2617 2862 2656 a
2897 2603 3116 2657 diabolo
3164 2612 3419 2659 narratur
3439 2606 3498 2660 in

1944 2689 2265 2763 Evang‘elio;
2299 2691 2536 2748 secunda
2567 2708 2714 2758 vero,
2742 2693 2938 2766 quibus
2972 2695 3195 2765 angelos
3218 2694 3335 2764 ejus
3367 2711 3494 2752 cor-
3589 2761 3602 2774 ν

1945 2783 2062 2854 pori
2107 2783 2449 2838 ministrasse
2503 2783 2847 2850 declaratur,
2871 2783 2989 2854 ejus
3027 2785 3079 2838 in
3127 2785 3360 2840 humana
3387 2787 3495 2841 vita

1944 2875 2409 2930 conversationem
2447 2875 2724 2944 indicant;
2759 2876 2916 2932 tertia
2945 2885 3148 2941 autem,
3191 2878 3388 2947 quibus
3411 2879 3496 2932 di-

1943 2967 2107 3028 citur.
2126 2981 2249 3021 eum
2281 2981 2444 3036 super
2466 2965 2708 3036 aspidem
2738 2975 2791 3020 ιιι
2821 2966 3133 3023 basiliscum
3161 2969 3492 3032 ambulasse,

1944 3066 1998 3110 et
2019 3057 2371 3112 concul-casse
2423 3057 2631 3112 leonem
2678 3066 2732 3114 et
2782 3059 3096 3122 draconem,
3133 3059 3306 3129 ipsum
3370 3071 3492 3132 post

1941 3158 2167 3204 mortem
2203 3149 2270 3204 de
2298 3149 2638 3220 principibus
2667 3150 2951 3220 spiritibus
2975 3150 3256 3206 victoriam
3303 3168 3494 3223 repor-

1943 3250 2088 3298 tasse
2121 3249 2381 3307 narrant;
2415 3249 2537 3311 post
2559 3257 2680 3312 qua:
2709 3242 2890 3296 omnia
2910 3243 3166 3313 adjicitur
3199 3260 3211 3294 :
3257 3243 3494 3314 Eripiam

1942 3351 2060 3388 eum
2085 3343 2133 3388 et
2161 3333 2470 3404 gloriﬁcabo
2495 3350 2631 3389 eum.
2662 3332 3008 3403 Longitudine
3039 3337 3241 3389 dierum
3289 3335 3496 3404 replebo

1943 3441 2082 3488 eum,
2107 3432 2156 3478 et
2178 3422 2447 3478 ostendam
2471 3423 2553 3475 illi
2582 3422 2816 3476 salutare
2854 3440 3058 3487 meum;
3088 3425 3289 3495 quibus
3311 3425 3494 3480 decla-

1942 3522 2026 3567 rat
2057 3512 2176 3580 ejus
2205 3520 2326 3580 post
2346 3512 2553 3566 obitum
2586 3514 3040 3569 resurrectionem
3068 3531 3132 3569 ex
3177 3516 3406 3570 mortuis
3441 3525 3496 3571 et

1944 3607 2194 3668 salutem,
2229 3604 2522 3673 longmvam
2551 3611 2605 3656 ct
2634 3603 2994 3660 immortalem
3032 3609 3218 3670 vitam,
3255 3607 3494 3663 divinam

1943 3697 2194 3766 gloriam,
2240 3704 2295 3749 et
2351 3695 2612 3749 honorem
2669 3711 3005 3767 regnumque
3066 3699 3208 3770 apud
3278 3698 3492 3756 Patrem

1946 3797 2278 3858 susceptura.

275 3888 370 3926 του
425 3872 590 3945 ζωῆς,
629 3877 725 3947 τῆς
754 3894 828 3930 ,τε
873 3877 1055 3932 ἐνθέου
1099 3879 1255 3950 δόξης
1305 3882 1398 3934 καὶ
1443 3883 1540 3952 τῆς
1590 3883 1737 3954 παρὰ
1768 3880 1845 3952 τῷ
1881 3881 2054 3952 lla-cpi.
2100 3879 2260 3949 τιμῆς
2298 3894 2359 3930 τε
2399 3878 2492 3932 καὶ
2540 3877 2812 3948 βασιλείας
2848 3878 2937 3932 διὰ
2977 3881 3179 3934 τούτων
3231 3900 3499 3954 παριστα-

279 3965 468 4034 μένης.

276 4073 566 4128 ΨΑΛΜΟΣ
603 4077 813 4147 ῼΔΗΣ,
853 4081 1464 4222 ἓλΣΤέξΙΝΗΕΜΕΡΑΝ
1504 4087 1640 4140 ΤΟΥ
1679 4085 1833 4138 2A8-

361 4238 600 4308 Ἀγαθὸν
629 4241 691 4293 τὸ
710 4241 1185 4315 ἐξομολογεῖσθαι
1205 4249 1284 4316 τῷ
1309 4252 1520 4318 Κυρίῳ,
1548 4253 1656 4307 καί·
1675 4252 1830 4321 ψάλ-

1976 4077 2295 4133 PSAMIUS
2342 4077 2637 4144 CANTICI,
2674 4079 2739 4134 IN
2801 4079 2910 4135 DlE
2971 4081 3276 4140 SABBATI.
3315 4085 3456 4144 XCI.

2009 4240 2174 4296 Vens.
2211 4240 2266 4303 Ξ,
2299 4241 2351 4294 5.
2395 4238 2599 4292 Bonum
2625 4246 2702 4292 est
2731 4238 2969 4308 conﬁteri
3003 4238 3243 4302 Domino,
3276 4252 3325 4296 et
3348 4245 3494 4312 psal-

278 4328 411 4380 λειν
447 4326 528 4392 τῷ
558 4329 802 4398 ὀνόματί
843 4348 978 4396 σου,
1012 4336 1275 4404 Ὗψιστε,
1306 4341 1410 4394 τοῦ
1443 4342 1834 4412 ἀναγγέλλων

1941 4335 2044 4388 lere
2066 4332 2263 4386 nomini
2293 4340 2404 4392 tuo,
2446 4329 2733 4390 Altissinie,
2767 4328 2836 4380 ad
2881 4332 3301 4384 annuntiandum
3341 4351 3494 4390 mune

277 4417 345 4471 τὸ
367 4419 515 4486 πρωῒ
542 4420 606 4474 τό
626 4421 800 4488 ἔλεός
829 4437 945 4478 σου
969 4426 1065 4479 καὶ
1083 4399 1204 4496 τὴν
1233 4433 1522 4501 ἀλήθειάν
1545 4399 1662 4489 σου
1689 4435 1834 4488 κατὰ

1941 4423 2352 4478 misericordiam
2377 4432 2544 4483 tuam,
2574 4429 2622 4472 ct
2667 4421 2933 4474 veritatem
2959 4430 3103 4474 tuam
3139 4438 3227 4490 per
3259 4435 3488 4492 noctem,

274 4511 484 4576 «νύκτα,
512 4513 582 4566 ἐν
607 4513 943 4584 δεκαχόρδφ
973 4521 1280 4589 ψαλτηρίῳ
1305 4526 1430 4592 μετ’
1463 4525 1621 4594 ᾠδῆς
1650 4527 1720 4579 ἐν
1751 4545 1832 4580 κι-

275 4601 443 4670 θάρᾳ.
477 4601 586 4666 Τὰς
624 4603 730 4657 τῶν
764 4606 1051 4662 Σαϐϐάτων
1082 4611 1287 4682 ἡμέρας
1331 4615 1518 4687 οἱῠπρὸ
1561 4615 1832 4678 Μωῦσέως

274 4693 468 4747 δίκαιοι
511 4696 606 4748 καὶ
645 4695 905 4765 θεοφιλεῖς
942 4700 1132 4773 ἄνδρες
1169 4703 1279 4756 οὔτ’
1307 4705 1522 4776 ᾔδεσαν,
1552 4705 1661 4760 οὔτ’
1701 4707 1832 4776 ἐφύ-

273 4784 483 4839 λαττον.
510 4785 635 4840 Οῠτ’
680 4785 774 4842 οὖν
804 4791 962 4855 αὐτὸς
1003 4793 1267 4866 Ἀϐραάμ,
1300 4796 1420 4849 οὔτε
1464 4799 1666 4862 Ἰσαὰκ,
1707 4797 1830 4852 οὔτε

285 4877 498 4941 Ἰακὼϐ,
519 4877 641 4932 οὕτε
675 4882 724 4933 οἱ
759 4882 947 4936 τούτου
991 4886 1194 4950 παῖδες,
1225 4887 1338 4940 ἀλλ’
1369 4889 1487 4942 οὐδὲ
1519 4891 1567 4942 οἱ
1601 4890 1681 4942 ἔτι
1706 4890 1828 4943 τού-

269 4987 376 5022 των
420 4969 496 5040 τῷ
549 4971 724 5042 χρόνῳ
770 4974 1112 5046 παλαιότεροι
1161 4977 1437 5047 φαίνονται
1479 4979 1828 5048 γινώσκοντες

270 5062 481 5134 ἡμέραν
507 5063 800 5118 Σαϐϐάτου.
842 5066 994 5120 Ἐπεὶ
1018 5068 1195 5122 τοίνυν
1221 5071 1270 5121 οἱ
1308 5072 1371 5123 ἐκ
1405 5073 1722 5143 περιτομῆς,
1755 5073 1830 5135 ὡς

271 5152 413 5222 μέγα
439 5171 488 5206 τι
521 5155 926 5226 κατορθοῦντες,
952 5158 1022 5212 τά
1048 5159 1296 5214 Σάϐϐατα
1319 5161 1600 5229 φυλάττειν
1637 5163 1830 5233 ἡγοῦν-

269 5261 380 5309 ται,
408 5244 444 5297 ἃ.
473 5245 592 5298 οὐδὲ
632 5246 953 5314 φυλάττουσι
988 5250 1130 5304 κατὰ
1155 5252 1215 5304 τὸ
1243 5251 1485 5324 βούλημα
1515 5253 1607 5306 τοῦ
1639 5255 1822 5324 νόμου,

269 5331 601 5404 παραθετέον
632 5335 813 5400 αὐτοῖς
855 5339 928 5390 τὰ
964 5340 1242 5411 εἰρημένα.
1291 5343 1398 5394 Καὶ
1438 5342 1623 5414 ἐπειδὴ
1664 5344 1829 5398 κατά-

267 5442 466 5479 παυσιν
494 5427 744 5497 σημαίνει
772 5428 832 5481 τὸ
860 5429 1152 5496 Σάϐϐατον,
1179 5433 1486 5505 γέγραπται
1521 5435 1650 5503 γοῦν
1672 5451 1687 5466 ο
1717 5437 1826 5490 Καὶ

265 5515 645 5569 κατέπαυσεν
681 5519 714 5570 ὁ
747 5519 891 5585 Θεὸς
929 5521 1000 5574 ἐν
1026 5521 1101 5591 τῇ
1131 5523 1317 5593 ἡμέρᾳ
1355 5523 1428 5593 τῇ
1464 5522 1506 5584 ζ’
1527 5524 1644 5579 ἀπὸ
1681 5526 1827 5578 πάν-

265 5623 383 5659 των
415 5605 532 5659 τῶν
559 5607 746 5676 ἔργων
779 5611 985 5680 αὐτοῦ,
1019 5606 1106 5669 ὧν
1131 5615 1395 5683 ἐποίησε,
1438 5614 1534 5668 καί
1573 5615 1825 5685 ἡγίασεν

336 5725 378 5756 ⁸⁷
419 5722 548 5780 Gen.
588 5740 661 5794 ιι,
693 5725 762 5792 2,
797 5727 850 5782 5.

1940 4517 1992 4568 in
2012 4511 2344 4569 ‘decachordo
2380 4512 2626 4579 psalterio
2663 4527 2782 4563 cum
2813 4511 3014 4563 cantico
3037 4512 3089 4564 in
3131 4513 3355 4572 cithara.
3389 4517 3492 4584 Qui

1935 4613 2061 4661 ante
2115 4604 2350 4676 Maysem
2395 4609 2552 4656 erant
2594 4601 2729 4670 justi
2787 4617 2850 4656 ac
2909 4603 3144 4673 religiosi
3198 4606 3321 4670 viri,
3374 4609 3496 4666 dies

1939 4699 2300 4752 Sabbatorum
2352 4711 2459 4749 non
2510 4702 2706 4748 norant
2767 4710 2865 4749 nec
2929 4696 3332 4754 custodiebant.
3383 4700 3494 4757 Nec

1934 4789 2082 4844 enim
2114 4788 2406 4848 Abraham.
2443 4802 2619 4856 neque
2662 4786 2830 4851 Isaac,
2877 4803 3053 4858 neque
3089 4788 3279 4855 Jacob,
3316 4809 3492 4864 neque

1935 4883 2054 4952 ejus
2113 4882 2228 4944 lilii,
2254 4895 2428 4950 neque
2478 4881 2640 4934 etiam
2689 4878 2780 4948 qui
2833 4879 2900 4934 iis
2946 4880 3280 4951 antiquiores
3308 4896 3485 4949 erant,

1934 4973 2075 5028 diem
2108 4971 2327 5026 Sablaati
2354 4971 2571 5025 novisse
2602 4970 2872 5024 videntur.
2915 4970 3049 5036 Quia
3087 4973 3250 5044 igitur
3297 4979 3390 5046 qui
3423 4994 3488 5031 cx

1935 5064 2356 5118 circumcisione
2405 5071 2554 5127 sunt,
2587 5062 2740 5130 quasi
2794 5061 2974 5130 magni
3027 5064 3300 5134 quidpiam
3348 5083 3488 5136 prae-

1935 5162 2099 5219 stent,
2136 5170 2194 5208 se
2224 5153 2457 5206 Sabbata
2504 5166 2721 5206 servare
2766 5158 2978 5220 putant,
3011 5168 3132 5222 qua:
3167 5161 3346 5209 tmnen
3401 5171 3487 5210 se-

1935 5244 2172 5298 cundum
2235 5242 2368 5312 legis
2431 5251 2666 5296 mentem
2731 5257 2840 5295 non
2891 5244 3229 5308 custodiunt,
3290 5245 3486 5314 psalmi

1930 5335 2074 5389 dicta
2106 5333 2238 5403 ipsis
2264 5339 2390 5388 sunt
2425 5331 2765 5400 exponenda.
2798 5331 2863 5385 Et
2897 5334 3022 5402 quia
3063 5334 3350 5388 Sabbatum
3393 5350 3483 5388 re-

1931 5427 2111 5498 quiem
2167 5424 2470 5493 signilicat;
2508 5437 2632 5476 nam
2683 5424 2944 5493 scriptum
2971 5435 3054 5478 est
3085 5444 3097 5478 :
3136 5424 3204 5477 Et
3241 5423 3484 5493 requievit

1930 5520 2069 5575 Deus
2092 5517 2176 5572 die
2225 5516 2445 5585 septimo
2476 5514 2539 5568 ab
2581 5515 2818 5569 omnibus
2842 5517 3081 5584 operibus
3127 5516 3234 5568 suis
3261 5531 3377 5584 qua:
3407 5523 3483 5584 ιε-

1928 5623 2091 5677 cerat,
2127 5623 2176 5666 et
2210 5609 2556 5679 sanctiﬁcarit
2592 5609 2837 5682 illum";
2870 5609 3019 5664 dicas
3061 5623 3191 5664 sane
3244 5607 3335 5663 Dei
3400 5626 3486 5664 re-
