3988 6204
405 278 539 332 H67

1169 269 1434 324 EUSEBII
1475 261 1951 322 CASSARIENSIS
1987 260 2136 316 OPP.
2175 259 2350 314 PARS
2389 257 2477 314 Ill.
2518 289 2586 297 —
2626 251 3032 308 EXEGETICA.

3482 245 3622 302 “68

405 396 588 466 quiem
629 389 1119 450 considerandam,
1173 400 1470 455 verumque
1522 383 1817 436 Sabbatum
1863 393 1960 451 pro

2086 373 2280 442 ιῠτήνο
2315 376 2479 445 ὲρεῖς,
2513 373 2596 426 ὅτι
2638 371 2900 442 προσήκει
2939 369 3125 438 νοῆσαι
3170 365 3305 418 Θεοῦ
3336 369 3622 430 κατάπαυ-

406 487 668 556 dignitate
699 481 791 536 Dei
831 477 1208 550 accipiendum
1247 491 1392 530 esse.
1436 475 1504 527 At
1547 473 1691 527 enim
1724 472 1964 526 declarat

408 580 518 642 ille,
549 575 745 646 impios
778 573 1026 629 homines
1054 587 1164 625 non
1227 570 1574 638 ingressuros
1620 580 1743 620 esse
1794 563 1846 616 in
1879 578 1966 616 re-

407 670 585 740 quiem
620 666 815 736 ipsius,
839 664 895 718 in
924 661 1150 733 psalmis
1181 660 1310 714 talia
1330 659 1470 713 latus
1501 673 1516 709 :
1548 657 1758 723 Semper
1786 660 1966 707 errant

409 761 586 816 corde.
623 757 738 826 Ipsi
782 772 899 810 vero
951 771 1053 808 non
1097 758 1442 822 cognouerunt
1474 749 1584 803 vias
1635 762 1799 808 meas,
1833 746 1968 798 sicut

407 835 582 920 iuraui
611 853 665 904 in
696 851 778 903 ira
809 864 946 910 mea,
983 847 1030 900 si
1055 843 1343 898 introibant
1374 843 1429 894 in
1459 840 1684 910 requiem
1713 854 1881 892 meam
1899 836 1962 890 ⁸⁸.

407 945 643 1000 Necesse
668 943 832 1014 igitur
855 949 939 996 est
967 937 1206 993 Sabbata
1263 934 1359 990 Dei
1405 931 1702 989 secundum
1735 938 1968 986 mentem

410 1035 679 1105 accipere,
725 1043 782 1087 et
808 1030 919 1085 Deo
976 1035 1365 1098 congruentem
1419 1023 1662 1093 requiem
1708 1021 1968 1092 cogitare,

409 1141 516 1198 qua
569 1124 723 1196 impii
747 1139 856 1178 non
911 1116 1353 1189 donanturhsed
1413 1115 1513 1172 soli
1574 1113 1709 1183 justi
1755 1127 1818 1166 ac
1878 1110 1973 1166 Dei

411 1217 592 1273 amici.
629 1217 708 1270 lta
746 1214 890 1270 enim
925 1210 1224 1266 dixerimus
1257 1207 1551 1267 Abraham,
1588 1202 1760 1264 Isaac,
1804 1199 1974 1255 Jacob

410 1318 465 1366 et
487 1322 676 1363 omnes
698 1312 965 1375 quotquot
994 1307 1126 1354 ante
1157 1306 1212 1353 et
1262 1302 1386 1366 post
1443 1294 1564 1348 illos
1610 1291 1704 1347 Dei
1735 1291 1973 1345 cultores

407 1400 587 1464 fuere,
627 1395 967 1468 intelligendi
992 1409 1144 1449 more
1182 1393 1360 1447 solum
1409 1389 1632 1444 novisse
1687 1400 1750 1440 ac
1790 1393 1974 1438 custo-

413 1491 561 1546 disse
608 1486 845 1545 Sabbata
903 1484 1020 1552 Dei,
1053 1492 1108 1539 et
1149 1482 1426 1554 ingressos
1455 1494 1578 1535 esse
1624 1477 1681 1531 in
1730 1473 1972 1542 requiem

413 1583 555 1653 ejus.
583 1579 725 1647 Quid
747 1581 914 1650 igitur
956 1575 1226 1648 signiﬁcet
1282 1572 1601 1635 Sabbatum,
1643 1567 1975 1640 perpendere

417 1675 791 1732 necessarium
849 1680 956 1728 est.
1019 1670 1315 1725 Sabbatum
1383 1680 1504 1721 esse
1573 1662 1816 1732 requiem
1879 1658 1973 1713 Dei

2066 486 2168 527 σιν,
2209 469 2301 520 καὶ
2333 467 2393 518 τὸ
2431 464 2680 534 ἀληθινὸν
2721 462 2991 516 Σάϐϐατον
3043 455 3354 523 ἐκδέξασθαι
3387 455 3627 520 ἐπαξίως

2045 560 2156 614 -τοῦ
2206 557 2360 612 Θεοῦ.
2411 559 2547 620 Τοὺς
2593 554 2701 626 γὰρ
2750 553 2969 615 ἀσεϐεῖς
3013 549 3327 622 ἀνθρώπους
3372 547 3504 618 φησί
3549 546 3626 617 μὴ

2064 649 2459 705 εἰσελεύσεσθαι
2505 650 2584 713 εἰς
2620 647 2717 718 τὴν
2757 645 3097 700 κατάπαυσιν
3140 641 3300 695 αὐτοῦ
3347 640 3517 708 λέγων
3569 642 3628 695 ὲν

2063 742 2314 813 ψαλμοῖς,
2358 741 2463 794 Ἀεὶ
2493 737 2833 792 πλανῶνται
2857 735 2932 804 τῇ
2961 733 3188 802 καρδίᾳ.
3217 732 3396 786 Αὑτοί
3418 730 3486 783 δὲ
3515 731 3633 784 οὐκ

2066 835 2339 905 ἔγνωσαν
2380 832 2487 898 τὰς
2519 831 2696 897 ὁδούς
2737 847 2876 899 μου,
2920 828 3000 893 ὡς
3031 825 3235 896 ὤμοσα
3272 824 3342 877 ὲν
3372 821 3446 890 τῇ
3481 819 3633 890 ὀργῆ

2062 946 2203 999 μου,
2228 928 2282 981 εὶ
2322 925 2769 980 εἰσελεύσονται
2799 923 2884 986 εις
2933 919 3049 987 τὴν
3086 916 3466 971 κατάπαυσίν
3488 931 3630 982 μου.

2070 1018 2276 1075 Οὐκοῦν
2316 1019 2609 1086 ἀναγκαῖον
2648 1013 2787 1067 κατά
2825 1013 3058 1067 διάνοιαν
3105 1008 3350 1064 ἐκλαϐεῖν
3382 1005 3640 1058 Σάϐϐατα

2069 1111 2226 1176 Θεοῦ,
2271 1111 2364 1163 καὶ
2407 1109 2713 1163 ἀνάπαυσιν
2759 1103 2877 1174 Θεῷ
2923 1103 3257 1174 πρέπουσαν,
3299 1094 3367 1170 ἧς
3417 1096 3638 1157 ἀσεϐεῖς

2075 1203 2172 1272 μὲν
2215 1200 2314 1253 οὐκ
2346 1197 2642 1264 ἀξιοῦνται,
2677 1194 2826 1266 μόνοι
2861 1193 2918 1245 δὲ
2947 1193 2996 1244 οί
3029 1190 3220 1243 δίκαιοι
3249 1186 3456 1241 καὶτοῦ
3496 1185 3638 1238 Θεοῦ

2073 1292 2233 1362 φίλοι.
2261 1287 2573 1359 Οῦτωγοῦν
2611 1288 2854 1357 εἴποιμεν
2881 1284 2947 1338 ἂν
2975 1283 3069 1336 καὶ
3108 1282 3199 1335 τὸν
3233 1278 3497 1351 Ἀϐραὰμ,
3536 1276 3634 1330 καὶ

2029 1421 2034 1426 -
2073 1385 2162 1439 τὸν
2202 1383 2402 1449 Ἰσαὰκ,
2429 1382 2522 1436 καὶ
2559 1381 2648 1434 τὸν
2681 1378 2897 1442 Ἰακὼϐ,
2933 1377 3056 1440 τούς
3088 1393 3145 1428 τε
3179 1374 3284 1446 πρὸ
3319 1371 3493 1425 αὐτῶν
3531 1370 3630 1423 καὶ

2077 1479 2193 1550 μετ’
2223 1477 2417 1539 αὐτοὺς
2445 1472 2711 1542 θεοφιλεῖς
2744 1471 2950 1534 πάντας
2981 1468 3118 1522 κατά
3149 1466 3385 1520 διάνοιαν
3408 1461 3632 1530 ἐγνωκέ-

2073 1590 2158 1625 ναι
2187 1571 2281 1624 καὶ
2307 1567 2671 1638 πεφυλαχέναι
2697 1565 2766 1618 τά
2806 1561 3054 1617 Σάϐϐατα
3081 1560 3174 1614 τοῦ
3200 1558 3355 1622 Θεοῦ,
3399 1557 3492 1610 καὶ
3515 1557 3628 1608 εἰσι

2077 1661 2388 1735 εληλυθέναι
2425 1660 2502 1722 εἰς
2528 1656 2623 1728 τὴν
2657 1656 2994 1711 κατάπαυσιν
3017 1652 3202 1707 αὐτοῦ.
3235 1650 3300 1703 Τί
3324 1649 3389 1720 δὴ
3417 1645 3506 1702 οὖν
3544 1665 3642 1717 ση-

405 1769 701 1839 ‘Scriptura
731 1765 996 1824 declarat,
1047 1773 1211 1830 quam
1237 1763 1359 1827 post
1417 1751 1761 1809 sensibilium
1821 1750 1975 1802 crea-

2086 1753 2256 1825 μαίνει
2296 1751 2358 1804 τὸ
2397 1747 2690 1812 Σάϐϐατον,
2726 1747 3018 1814 ἀναγκαῖον
3050 1741 3354 1812 ἐπιστῆσαι.
3396 1740 3453 1792 Ὀ
3482 1739 3642 1806 λόγος

416 1862 621 1917 tionem
655 1849 885 1912 inducit.
939 1853 1037 1908 Dei
1067 1866 1194 1906 vero
1254 1847 1471 1917 requies
1500 1859 1619 1914 quae
1651 1843 1756 1896 alia
1790 1839 1974 1904 fuerit,

417 1954 524 2009 nisi
552 1948 894 2007 conversatio
939 1946 995 2000 in
1051 1940 1481 2012 intelligibilibus
1533 1944 1588 1991 et
1642 1932 1974 1989 cmlestibus.

416 2045 554 2100 Nam
605 2056 730 2098 cum
781 2034 1134 2094 sensibilibus
1191 2030 1477 2102 prOSpicit,
1507 2034 1565 2083 et
1619 2026 1767 2081 circa
1813 2037 1978 2094 opera

418 2133 773 2208 providentiae
796 2125 988 2183 mundi
1033 2131 1303 2187 versatur,
1331 2128 1464 2173 tunc
1497 2116 1698 2172 dicitur
1727 2112 1977 2185 Operari;

417 2206 677 2298 atquesic
695 2218 1098 2291 intelligendum
1116 2217 1217 2270 hoc
1235 2211 1528 2268 Salvatoris
1541 2208 1715 2264 nostri
1737 2206 1942 2262 dictum
1963 2224 1977 2260 :

420 2320 584 2374 Pater
612 2332 756 2372 meus
801 2328 961 2382 usque
993 2311 1146 2363 modo
1180 2318 1426 2377 operatur
1463 2313 1512 2358 et
1552 2319 1644 2373 ego
1683 2316 1864 2370 operor
1883 2299 1928 2330 ⁹⁹
1964 2317 1976 2352 :

419 2427 543 2468 cum
573 2419 750 2464 autem
781 2407 926 2460 circa
969 2417 1132 2472 opera
1162 2402 1500 2468 incorporea,
1531 2403 1584 2450 et
1610 2393 1873 2455 caelestia,
1905 2397 1979 2455 et,

421 2515 481 2559 ut
511 2502 635 2574 quis
675 2498 892 2562 dixerit,
923 2496 1068 2550 circa
1095 2506 1213 2547 eam
1243 2504 1364 2560 quae
1415 2486 1493 2542 ibi
1541 2486 1748 2557 geritur
1802 2496 1986 2537 rerum

421 2591 921 2652 considerationem
967 2592 1239 2649 versatur,
1282 2589 1414 2636 tunc
1463 2579 1705 2648 requiem
1755 2575 1980 2638 habere,

410 2702 476 2745 et
511 2687 807 2742 Sabbatum
852 2695 1011 2736 suum
1063 2692 1221 2750 agere
1277 2673 1614 2743 intelligitur.
1667 2667 1866 2722 Eadem
1894 2683 1985 2720 ra-

423 2784 569 2837 tione
598 2778 764 2848 igitur
785 2775 888 2830 viri
921 2787 1138 2843 quoque
1171 2768 1289 2834 Dei,
1314 2765 1534 2838 quando
1583 2763 1841 2834 operibus
1865 2758 1985 2815 ani-

423 2883 568 2925 mam
598 2864 1023 2936 defatigantibus
1061 2861 1212 2932 (talia
1242 2873 1372 2913 vero
1398 2863 1528 2912 sunt
1575 2854 1757 2908 omnia
1786 2866 1983 2916 corpo-

424 2973 539 3024 rea,
569 2964 625 3014 et
653 2964 881 3010 terrenae
907 2952 1089 3006 carnis
1119 2948 1317 3019 amica)
1343 2946 1580 3010 liberati,
1631 2943 1739 2998 Deo
1762 2957 1987 3013 prorsus

423 3058 642 3112 vacant,
675 3061 739 3101 ac
769 3045 1077 3101 divinorum
1125 3037 1601 3112 spiritualiumque
1655 3032 1989 3102 contempla-

425 3141 564 3197 tioni
596 3136 767 3194 dediti
823 3141 970 3196 sunt,
1001 3139 1140 3186 tunc
1204 3137 1424 3199 accepta
1476 3126 1587 3182 Deo
1639 3123 1896 3187 Sabbata,
1934 3130 1987 3177 et

426 3233 669 3304 requiem
704 3229 934 3284 Domino
950 3225 1059 3280 Deo
1089 3231 1276 3295 agunt.
1307 3220 1383 3275 De
1436 3220 1522 3274 his
1571 3232 1700 3274 vero
1736 3216 1988 3271 Sabbatis

427 3325 531 3379 hoc
563 3324 639 3376 ait
676 3340 689 3375 :
713 3318 868 3373 Nunc
890 3315 1204 3386 relinquitur
1231 3311 1582 3366 sabbatismus
1603 3308 1792 3378 populo
1823 3305 1990 3359 Dei‘?

428 3423 486 3470 et
508 3427 729 3467 rursum
758 3430 770 3464 :
798 3408 1124 3464 Festinemus
1171 3405 1334 3474 igitur
1382 3400 1586 3471 ingredi
1632 3401 1683 3452 in
1715 3399 1866 3452 illam
1905 3413 1987 3450 re-

427 3507 650 3578 quiem’.
686 3502 820 3557 Nam
871 3500 1169 3572 perfectum
1199 3497 1496 3552 Sabbatum
1522 3501 1576 3547 et
1603 3491 1840 3562 perfecta
1866 3490 1988 3544 bea-

429 3597 750 3666 tissimaque
791 3593 1011 3662 requies
1045 3592 1101 3645 in
1153 3603 1322 3660 regno
1367 3586 1482 3651 Dei,
1530 3599 1696 3654 supra
1749 3599 1844 3638 sex
1872 3582 1989 3637 die-

430 3706 554 3745 rum
587 3689 889 3759 opiﬁcium,
918 3685 1156 3746 exsistit,
1187 3690 1241 3738 et
1289 3689 1445 3736 extra
1475 3681 1660 3734 omnia
1711 3676 1991 3732 sensibilia

433 3783 486 3835 in
547 3779 885 3849 incorporeis
939 3787 992 3831 et
1043 3774 1359 3830 caelestibus
1401 3779 1671 3836 versatur,
1701 3769 1845 3823 unde
1894 3784 1993 3822 au-

430 3870 569 3941 fugit
625 3869 800 3932 dolor,
856 3866 1077 3920 tristitia
1120 3871 1174 3920 et
1233 3862 1501 3934 gemitus;
1555 3861 1645 3914 ubi
1694 3873 1726 3912 a
1775 3858 1994 3912 mortali

429 3971 487 4017 et
517 3959 870 4030 icorruptioni
923 3957 1157 4012 obnoxia
1199 3957 1312 4011 vita
1366 3953 1557 4024 erepti,
1601 3962 1766 4022 atque
1820 3952 1992 4006 otium

432 4051 545 4106 Deo
591 4059 806 4122 gratum
840 4065 903 4104 ac
944 4048 1158 4103 beatum
1190 4057 1433 4116 agentes,
1454 4053 1509 4098 et
1538 4060 1570 4098 a
1620 4043 1867 4113 corporis
1899 4058 1994 4097 ac-

433 4142 678 4198 tionibus
733 4148 896 4210 atque
940 4153 971 4192 a
1028 4137 1288 4192 servitute
1354 4135 1537 4189 carnis
1594 4133 1834 4197 liberati,
1869 4147 1995 4187 cum

380 4232 388 4243 ’
437 4239 558 4306 ipso
592 4231 700 4288 Deo
734 4240 788 4288 et
819 4231 960 4302 apud
1017 4231 1191 4299 ipsum
1243 4235 1544 4291 versantes,
1603 4224 1900 4279 Sabbatum
1942 4233 1997 4279 et

433 4328 678 4399 requiem
702 4339 942 4397 agemus.
993 4322 1354 4389 Quamobrem
1401 4320 1476 4372 ait
1520 4319 1814 4388 Apostolus
1851 4314 1999 4372 :Fe-

2076 1844 2376 1898 ἀνάπαυσιν
2414 1839 2561 1910 δηλοῖ
2599 1837 2766 1891 Θεοῦ’
2809 1836 3014 1903 εἰσάγει
3043 1851 3102 1886 τε
3135 1832 3338 1903 ταύτην
3381 1829 3516 1901 μετά
3542 1830 3644 1897 τὴν

2075 1935 2183 1988 τῶν
2217 1932 2488 2004 αἰσθητῶν
2539 1928 2911 2000 κοσμοποιίαν.
2951 1923 3085 1978 Θεοῦ
3133 1925 3190 1978 δὲ
3233 1923 3534 1984 ἀνάπαυσις
3560 1922 3646 1982 τίς

2078 2028 2144 2082 ἂν
2165 2028 2370 2095 γένοιτο
2399 2024 2558 2093 ἑτέρα
2586 2022 2684 2092 τῆς
2717 2019 2850 2090 πρὸς
2883 2021 2993 2081 τοῖς
3036 2017 3244 2086 νοητοῖς
3267 2015 3358 2069 καὶ
3409 2015 3644 2084 ὑπερκο-

2083 2119 2260 2188 σμίοις
2311 2114 2620 2185 διαγωγῆςς
2680 2112 2807 2163 Ὅτε
2849 2109 2948 2181 μὲν
2988 2108 3095 2180 γάρ
3141 2107 3270 2179 περὶ
3319 2105 3385 2158 τά
3411 2105 3644 2176 αἰσθητά

2081 2207 2518 2282 περισκοπεῖκαί
2555 2204 2682 2275 περὶ
2723 2202 2792 2256 τὰ
2822 2201 2957 2272 ἔργα
2997 2201 3095 2270 τῆς
3132 2198 3226 2253 τοῦ
3267 2197 3468 2268 κόσμου
3513 2213 3648 2265 προ-

2081 2302 2227 2364 νοίας
2266 2297 2633 2366 καταγίνεται,
2676 2292 2997 2366 ἐργάζεσθαι
3038 2290 3254 2359 λέγεται
3279 2306 3294 2321 ο
3337 2288 3430 2340 καὶ
3471 2285 3646 2348 οὕτως

2081 2392 2368 2448 ἀκουστέον
2411 2391 2654 2459 λέγοντος
2695 2385 2790 2440 τοῦ
2833 2385 3082 2455 Σωτῆρος
3122 2382 3319 2453 ἡμῶν,,
3348 2381 3400 2434 Ὁ
3443 2379 3644 2446 Πατήρ

2076 2504 2194 2558 μου
2219 2486 2329 2550 ἕως
2365 2483 2493 2551 ἄρτι
2518 2479 2848 2550 ἐργάζεται,
2898 2475 3059 2547 κάγὼ
3097 2474 3400 2545 ἐργάζωμαι
3419 2489 3433 2502 ο
3468 2473 3556 2524 ὅτε
3588 2472 3645 2524 δὲ

2084 2579 2219 2650 πρὸς
2243 2579 2354 2639 τοῖς
2388 2574 2702 2644 ἀσωμάτοις
2728 2573 2821 2626 καὶ
2849 2569 3236 2640 ύπερκοσμίοις
3263 2567 3400 2628 ἐστὶ,
3425 2566 3538 2628 καὶ,
3570 2564 3646 2627 ὡς

2083 2669 2147 2724 ἂν
2175 2668 2317 2721 είποι
2354 2683 2457 2730 τις,
2501 2667 2558 2718 ὲν
2582 2667 2648 2736 τῇ
2677 2664 2870 2717 αὐτόσε
2904 2660 3067 2715 αὑτοῦ
3099 2661 3377 2731 περιωπῇ,
3400 2657 3463 2709 τὸ
3499 2674 3652 2730 111v:-

2085 2760 2258 2814 καῦτα
2289 2758 2590 2812 ἀνάπαυσιν
2630 2755 2803 2827 ἄγειν,
2828 2754 2922 2810 καὶ
2949 2753 3007 2808 τὸ
3032 2749 3192 2808 αὐτοῦ
3226 2751 3500 2805 Σάϐϐατον
3531 2752 3652 2802 ἐπι-

2085 2853 2254 2910 τελεῖν
2280 2854 2497 2908 νοεῖται.
2540 2849 2696 2905 Κατὰ
2723 2850 2792 2903 τά
2836 2849 2972 2902 αύτά
3007 2845 3293 2918 τοιγαροῦν
3331 2846 3426 2898 καὶ
3467 2845 3515 2896 οἱ
3555 2843 3650 2896 τοῦ

2087 2946 2221 3000 Θεοῦ
2250 2945 2459 3016 ἄνδρες,
2497 2940 2736 3007 ἐπειδὰν,
2777 2939 2884 2993 τῶν
2924 2937 3231 2992 κοπούντων
3265 2934 3512 3006 (εἱε)’τὴν
3552 2935 3655 3003 ttu—

2091 3040 2187 3112 χὴν
2213 3039 2385 3111 ἔργων
2441 3035 2680 3109 (τοιαῦτα
2705 3033 2761 3086 δὲ
2790 3025 2964 3087 πάντα
2992 3030 3062 3083 τὰ
3088 3029 3371 3100 σωματικά
3403 3027 3498 3079 καὶ
3525 3025 3654 3095 φίλα

2089 3135 2186 3202 τῆς
2223 3131 2453 3201 γεώδους
2497 3127 2738 3200 σαρκὸς),
2782 3123 3200 3192 ἀπαλλαγέντες,
3239 3122 3349 3175 ὅλοι
3390 3121 3655 3189 γένωνται

2089 3224 2224 3296 πρὸς
2271 3221 2348 3292 τῷ
2397 3221 2514 3292 Θεῷ
2551 3219 2646 3273 καὶ
2697 3219 2832 3290 πρὸς
2881 3220 2946 3288 τῇ
2977 3215 3084 3268 τῶν
3113 3215 3272 3268 θείων
3313 3215 3407 3266 καὶ
3447 3211 3655 3284 νοητῶν

2091 3294 2249 3386 σχολῇ
2288 3331 2346 3366 τε
2378 3314 2471 3367 καὶ
2516 3311 2736 3383 θεωρίᾳ,
2761 3310 2881 3363 τότε
2905 3309 2972 3362 τά
3007 3307 3134 3376 φίλα
3160 3306 3236 3378 τῷ
3261 3294 3649 3376 ΘεῷΣάϐϐατα

2090 3409 2181 3460 καὶ
2205 3407 2506 3463 ἀνάπαυσιν
2539 3403 2727 3476 Κυρίῳ
2753 3402 2830 3473 τῷ
2858 3401 2976 3472 Θεῷ
3005 3400 3215 3470 ἄγουσι.
3251 3400 3359 3452 Καὶ
3386 3398 3508 3467 περὶ
3543 3397 3652 3450 τῶν

2089 3499 2342 3551 τοιούτων
2371 3497 2660 3551 Σαϐϐάτων
2688 3495 2926 3548 διδάσκει
2948 3494 3147 3561 λέγων’
3175 3489 3315 3560 'Apa
3342 3491 3646 3545 ἀπολείπε-

2090 3607 2184 3643 ται
2221 3588 2624 3658 σαϐϐατισμὸς
2663 3586 2744 3652 τῷ
2791 3585 2919 3651 λαῴ
2967 3586 3072 3639 τοῦ
3114 3585 3298 3647 Θεοῦ;
3333 3584 3416 3636 καὶ
3448 3580 3637 3635 πάλιν·

2093 3680 2533 3750 Σπουδάσωμεν
2556 3675 2670 3735 οὖν
2695 3677 2988 3732 εἰσελθεῖν
3013 3679 3100 3741 εις
3137 3677 3376 3743 ἐκείνην
3402 3671 3511 3741 τὴν
3537 3687 3644 3724 κα-

2091 3773 2411 3827 τάπαυσιν.
2446 3771 2519 3822 Τὸ
2543 3770 2650 3841 γὰρ
2691 3769 2892 3822 τέλειον
2939 3767 3232 3831 Σάϐϐατόν,
3276 3767 3366 3819 καὶ
3397 3766 3430 3834 ἡ
3470 3761 3650 3815 τελεία

2095 3865 2187 3916 καὶ
2219 3867 2250 3934 ὴ
2279 3861 2646 3934 τρισμακαρία
2688 3861 3027 3922 κατάπαυσις
3063 3861 3120 3912 ἐν
3157 3861 3222 3930 τῇ
3262 3857 3356 3911 τοῦ
3386 3855 3515 3909 Θεοῦ
3561 3855 3656 3925 βα-

2097 3954 2266 4025 σιλείᾳ
2307 3953 2581 4024 τυγχάνει,
2625 3953 2762 4023 ὑπὲρ
2807 3953 2906 4022 τὴν
2955 3951 3256 4022 ἐξαημερον
3304 3949 3661 4020 δημιουργίαν

2096 4048 2188 4102 καὶ
2215 4046 2321 4099 τῶν
2354 4043 2623 4116 αἰσθητῶν
2662 4039 2916 4098 ἁπάντων
2937 4041 3092 4104 ἐκτὸς
3134 4041 3191 4094 ὲν
3220 4041 3531 4110 ἀσωμάτοις
3568 4040 3662 4092 καὶ

2096 4137 2516 4209 ύπερκοσμίοις,
2563 4135 2692 4189 ἔνθα
2742 4133 2952 4204 ἀπέδρα
2999 4131 3156 4201 ὀδύνη
3205 4131 3299 4184 καὶ
3339 4129 3515 4200 λύπη,
3567 4129 3663 4182 καὶ

2099 4229 2427 4298 στεναγμός·
2487 4227 2614 4281 ἔνθα
2665 4226 2763 4295 τῆς
2814 4223 3013 4294 θνητῆς
3065 4224 3158 4276 καὶ
3215 4221 3462 4292 φθαρτῆς
3516 4220 3663 4290 ζωῆς

2098 4321 2521 4390 ἀπαλλαγέντες,
2568 4321 2659 4372 καὶ
2692 4318 2886 4388 ἀργίαν
2927 4317 3266 4387 ἀργήσαντες
3308 4314 3403 4385 τὴν
3440 4313 3664 4382 θεοφιλῆ

435 4422 687 4476 stinemus
714 4419 874 4489 igitur
901 4415 1100 4487 ingredi
1129 4416 1182 4468 in
1212 4412 1362 4466 illaut
1403 4412 1650 4482 requiem.
1699 4409 1985 4480 Imaginem

2098 4415 2190 4470 καὶ
2221 4414 2514 4486 μακαρίαν,
2546 4413 2652 4466 τῶν
2695 4430 2753 4466 τε
2800 4409 3121 4481 σωματικῶν
3156 4407 3404 4480 πράξεων
3443 4407 3668 4476 καὶτῆς

435 4527 601 4583 porro
632 4511 778 4565 illius
810 4508 1032 4563 Sabbati
1077 4523 1140 4562 ac
1182 4505 1434 4576 perfectae
1463 4505 1894 4572 beatissimaeque
1919 4517 2001 4558 re-

429 4604 583 4676 quiei
617 4604 838 4658 interra
865 4609 1138 4672 gestantes
1167 4600 1271 4654 viri
1304 4598 1422 4663 Dei,
1468 4599 1634 4654 ferias
1683 4596 1915 4668 agebant
1945 4603 2000 4650 et

436 4696 800 4751 cessationem
850 4693 916 4747 ab
948 4692 1036 4756 iis,
1070 4706 1189 4760 qua:
1235 4705 1266 4744 a
1307 4690 1416 4745 Deo
1463 4690 1652 4760 procul
1712 4695 1997 4752 amovent;

437 4786 540 4844 toti
596 4792 777 4838 autem
837 4782 1146 4841 divinorum
1197 4779 1642 4849 contemplationi
1694 4777 1884 4841 dediti,
1913 4777 2001 4830 die

434 4886 706 4946 nocteque
733 4877 786 4930 in
814 4889 1098 4930 sacrorum
1128 4888 1441 4928 sermonum
1497 4870 1849 4927 meditatione
1879 4885 2002 4938 per-

438 4981 776 5033 severantes,
807 4977 994 5024 sancta
1044 4965 1281 5020 Sabbata
1319 4973 1373 5020 et
1432 4963 1539 5018 Deo
1593 4970 1870 5031 acceptam
1917 4976 2004 5015 re-

439 5061 619 5133 quiem
671 5061 1020 5132 agebaut;ac
1049 5068 1181 5114 tunc
1225 5073 1352 5114 vere
1410 5056 1707 5110 Sabbatum
1760 5053 2003 5108 celebra-

439 5153 596 5208 bant.
631 5150 811 5216 Quare
844 5158 1147 5220 opportune
1193 5148 1395 5220 Moysis
1430 5150 1536 5213 lex,
1562 5147 1674 5216 jam
1731 5145 2002 5200 dictorum

441 5242 666 5298 umbras
691 5248 744 5297 et
767 5241 1007 5312 symbola
1030 5240 1272 5302 tradens,
1299 5238 1626 5294 multitudini
1651 5237 1791 5291 diem
1814 5249 2005 5304 quam-

441 5333 568 5387 dam
597 5331 916 5402 assignavit,
941 5341 1000 5385 ut
1034 5331 1225 5384 saltem
1254 5330 1310 5382 in
1339 5344 1402 5382 ea
1433 5343 1462 5380 a
1511 5327 1791 5383 consuetis
1821 5324 2006 5395 cperi-

442 5425 545 5480 bus
594 5425 949 5485 abstinerent,
987 5423 1184 5477 divina:
1231 5430 1414 5474 autem
1473 5420 1608 5488 legis
1660 5416 2004 5473 meditationi

444 5528 718 5575 vacarent.
751 5517 996 5574 Praesens
1034 5526 1180 5574 certe
1212 5517 1454 5585 psalmus
1489 5515 1692 5571 diserte
1745 5515 1900 5569 docet
1941 5529 2005 5568 ea

514 5704 559 5736 ⁸⁸
594 5703 738 5760 Psal.
777 5719 916 5770 κων,
953 5704 1050 5771 l0,
1091 5705 1175 5759 ll.
1222 5703 1296 5776 ﬁ.”
1333 5700 1490 5758 Joan.
1527 5717 1578 5760 v,
1619 5700 1703 5756 l7.

2104 4507 2343 4568 δουλείας
2382 4507 2480 4576 τῆς
2528 4505 2724 4576 σαρκὸς
2765 4501 3229 4572 ἐλευθερωθέντες,
3274 4501 3368 4553 σὺν
3405 4499 3553 4569 αύτῷ
3586 4499 3670 4568 τῷ

2105 4597 2221 4668 Θεῷ
2261 4598 2352 4650 καὶ
2375 4598 2502 4667 παρ’
2536 4595 2684 4665 αὐτῷ
2719 4594 3017 4663 γενόμενοι,
3047 4591 3438 4661 σαϐϐατίσομέν
3467 4609 3524 4643 τε
3572 4592 3671 4643 καὶ

2107 4686 2543 4757 ἁναπαυσόμεθα.
2571 4686 2659 4738 Διό
2687 4701 2849 4756 φησιν
2880 4685 2908 4736 ὁ
2939 4681 3252 4744 Ἀπόστολος
3270 4699 3284 4712 ·
3310 4679 3673 4758 Σπορδιὶσω-

2101 4797 2214 4848 μεν
2248 4776 2362 4834 οὖν
2391 4777 2688 4832 εἰσελθεῖν
2729 4779 2814 4842 εἰς
2856 4776 3094 4842 ἐκείνην
3121 4775 3236 4841 τὴν
3265 4771 3670 4826 κατάπαυσιν.

2108 4872 2302 4923 Εἰκόνα
2328 4869 2372 4922 δ’
2397 4870 2602 4922 ἐκείνου
2632 4869 2724 4921 τοῦ
2754 4866 3028 4921 Σαϐϐάτου
3056 4867 3148 4920 καὶ
3175 4866 3272 4936 τῆς
3295 4863 3502 4926 τελείας
3527 4865 3676 4918 ὲκεί-

2107 4978 2203 5033 νης
2235 4962 2326 5014 καὶ
2359 4961 2757 5032 τρισμακαρίας
2781 4960 3138 5021 ἀναπαύσεως
3167 4958 3420 5028 φέροντες
3454 4959 3546 5010 ἐπὶ
3569 4959 3677 5027 γῆς

2107 5053 2196 5106 τοῦ
2236 5052 2368 5106 Θεοῦ
2417 5053 2626 5125 ἄνδρες,
2659 5053 2851 5124 σχολὴν
2897 5053 2994 5122 μὲν
3037 5051 3314 5104 ἐποιοῦντο
3350 5051 3443 5103 καὶ
3472 5050 3678 5119 ἀργίαν

2107 5146 2215 5200 τῶν
2261 5145 2475 5217 μακρὰν
2504 5146 2842 5215 ἀφιστάντων
2875 5145 2969 5198 τοῦ
2997 5144 3151 5208 Θεοῦ,
3179 5144 3288 5196 ὅλοι
3321 5144 3376 5196 δὲ
3416 5142 3554 5212 πρὸς
3605 5144 3674 5211 τῇ

2108 5237 2217 5289 τῶν
2252 5235 2412 5289 θείων
2449 5235 2646 5307 θεωρίᾳ
2671 5234 2998 5306 γιγνόμενοι.
3024 5234 3090 5287 δι’
3121 5233 3331 5304 ἡμέρας
3360 5248 3417 5284 τε
3459 5230 3553 5282 καὶ
3584 5248 3679 5282 νυ·-

2110 5331 2234 5392 κτὸς
2267 5333 2332 5400 τῇ
2362 5329 2469 5382 τῶν
2504 5329 2664 5400 ἱερῶν
2693 5329 2864 5397 λόγων
2893 5328 3084 5398 μελέτῃ
3113 5323 3676 5398 προσκαρτεροῦντες,

2112 5425 2240 5492 ἆγια
2278 5423 2526 5476 Σάϐϐατα
2567 5422 2658 5475 καὶ
2698 5421 3000 5475 ἀνάπαυσιν
3033 5419 3192 5490 φίλην
3231 5418 3309 5489 τῷ
3325 5415 3452 5488 ,Θεῷ
3500 5415 3682 5468 διανέ-

2113 5533 2282 5567 παυον
2321 5515 2439 5566 τότε
2477 5515 2569 5567 καὶ
2607 5513 2975 5577 ὲσαϐὄάτιζον.
3027 5511 3215 5566 Ἔνθεν
3262 5511 3485 5574 εἰκότως
3518 5511 3614 5564 καὶ
3649 5511 3686 5563 ὁ

1787 5701 1801 5730 ¹
1843 5697 2005 5754 Hebr.
2048 5711 2120 5751 iv.
2163 5697 2214 5749 9.
2294 5699 2312 5726 ¹
2369 5696 2490 5743 mill.
2537 5696 2590 5738 tt
