3990 6202
291 286 430 342 H69

1407 289 1905 348 COMMENTARIA
1935 291 2004 347 IN
2036 290 2371 349 PSALMOS.

3373 283 3523 338 1171ς

288 397 563 461 Μωῠσέως
606 400 786 470 νόμος,
820 399 974 464 σκιὰς
1017 400 1125 454 τῶν
1153 401 1453 472 εἰρημένων
1491 406 1582 457 καὶ
1612 404 1850 475 σύμϐολα

1958 405 2024 460 de
2076 420 2240 460 causa
2279 403 2499 459 Sabbati
2553 404 2722 458 otium
2765 403 2858 475 agi
2900 386 3116 468 debere,
3159 411 3212 458 et
3258 401 3505 456 lnutilem

289 488 635 560 παραδιέοῖες,
685 490 896 563 ἡμέραν
947 492 1074 545 τινάΔ
1122 495 1233 555 τοῖς
1281 492 1538 566 πλήθεσιν
1587 494 1849 566 ἀφώρισε,

289 580 437 644 ὅπως
458 578 559 633 κάν
587 580 756 653 ταύτῃ
782 583 1088 653 ἀπέχωνται
1116 584 1215 655 μὲν
1250 584 1356 639 τῶν
1390 585 1628 656 συνήθων
1656 586 1849 659 ἔργων,

292 672 601 743 σχολάζοιεν
638 674 694 728 δὲ
721 678 785 744 τῇ
815 674 908 728 τοῦ
938 675 1079 730 θείου
1108 677 1269 747 νόμου
1306 677 1522 748 μελέτῃ.
1558 678 1626 731 ’⁷0
1659 695 1721 747 γε
1749 677 1854 749 μὴν

290 762 479 834 παρὼν
503 763 715 834 ψαλμὸς
745 765 1039 839 διαρρήδην
1060 766 1297 820 διδάσκει
1325 767 1416 820 ἐπὶ
1442 766 1597 821 τοῦτο
1627 767 1736 820 δεῖν
1757 767 1855 838 τὴν

288 852 382 907 τοῦ
421 853 695 910 Σαϐϐάτω
728 856 921 928 σχολὴν
950 856 1217 911 ποιεῖσθαι
1254 859 1348 911 καὶ
1384 859 1484 931 τὴν
1507 858 1613 912 τῶν
1645 859 1857 928 ἀνωφε-

289 941 397 994 λῶν
440 943 645 1014 ἀργιῶν
679 947 770 999 ἐπὶ
802 947 864 1000 τὸ
906 946 1045 1000 κατά
1084 948 1278 1002 ταύτὸν
1323 948 1744 1021 συνερχομένους
1774 951 1859 1021 ἐρ⁴

290 1030 548 1101 γάζεσθαι
570 1033 639 1087 τὰ
660 1035 745 1089 διὰ
767 1035 860 1089 τοῦ
893 1036 1106 1108 ψαλμοῦ
1128 1038 1449 1110 δηλούμενα.
1481 1035 1591 1093 Ἦν
1627 1039 1684 1093 δέ
1710 1040 1857 1111 πρῶ-

288 1140 379 1176 τον
412 1122 845 1196 ἐξομολογεῖσθαι
868 1127 945 1199 τῷ
976 1128 1168 1200 Κυρίῳ
1189 1145 1204 1161 ο
1231 1129 1481 1201 δεύτερον
1517 1129 1736 1200 ψάλλειν
1768 1131 1855 1185 διὰ

289 1214 398 1269 τῶν
439 1218 711 1287 μουσικῶν
756 1219 999 1291 ὀργάνων
1044 1218 1122 1289 τῷ
1159 1219 1378 1292 ὀνόματι
1426 1221 1588 1277 αὐτοῦ
1606 1239 1619 1252 ·
1673 1222 1854 1294 τρίτον

288 1308 635 1378 ἀναγγέλλειν
664 1312 804 1366 κατά
832 1311 932 1376 τάς
960 1310 1187 1374 ἑωθινὰς
1217 1312 1365 1383 ὥρας
1392 1314 1451 1366 τὸ
1476 1313 1622 1377 ἔλεος
1646 1313 1811 1367 αὐτοῦ
1837 1332 1849 1344 ·

1956 497 2315 553 cessationem
2348 496 2717 568 depellendam
2743 512 2885 563 esse,
2915 503 2974 552 ut
2995 497 3051 552 in
3083 510 3249 551 unum
3275 507 3506 564 congre-

1958 589 2065 658 gati
2108 602 2170 643 ea
2204 604 2324 657 qua:
2370 588 2614 658 psalmus
2666 587 2872 643 indicat
2912 593 3263 659 peragantur.
3306 583 3508 638 Eorum

1959 686 2139 732 autem
2180 679 2412 748 primum
2447 686 2551 743 est,
2582 678 2830 734 conliteri
2872 677 3136 744 Domino;
3188 673 3509 741 secundum,

1960 788 2083 827 cum
2118 774 2346 830 musicis
2402 774 2783 831 instrumentis
2825 775 3056 845 psallere
3107 770 3313 828 nomini
3357 769 3507 840 ejus;

1958 864 2203 929 tertium,
2244 864 2526 921 matutinis
2602 865 2754 921 horis
2824 865 3153 920 annuntiare
3197 863 3513 919 misericor-

1958 953 2106 1008 diam
2138 954 2591 1026 ejus;quartum,
2645 955 2931 1011 nocturnis
2968 953 3304 1024 temporibus
3350 966 3508 1007 enaro

1958 1058 2085 1098 rare
2118 1046 2401 1100 veritatem
2430 1047 2592 1117 ejus:
2630 1054 2684 1102 et
2732 1046 2848 1101 haec
2897 1060 3006 1100 non
3047 1044 3209 1099 modo
3252 1042 3412 1098 labiis
3462 1050 3511 1096 et

1958 1150 2111 1198 voce,
2147 1135 2242 1192 sed
2287 1137 2449 1192 etiam
2496 1152 2591 1207 per
2635 1137 2968 1193 musicorum
3026 1137 3511 1191 instrumentorum

1957 1225 2316 1295 pulsationem
2347 1240 2507 1296 agere
2541 1243 2555 1278 ε
2593 1240 2719 1280 nam
2745 1226 2821 1280 ait
2863 1243 2876 1279 :
2911 1224 2977 1279 In
3008 1217 3331 1281 decachordo
3369 1223 3515 1294 psal-

1962 1314 2111 1378 terio,
2144 1330 2261 1367 cum
2284 1316 2489 1369 cantico
2517 1315 2572 1369 in
2604 1315 2831 1370 cithara.

287 1406 543 1479 τέταρτον
575 1407 875 1478 διηγεῖσθαι
919 1409 1017 1480 τὴν
1047 1410 1299 1481 ἀλήθειαν
1342 1408 1505 1462 αὐτοῦ
1545 1409 1687 1462 κατά
1729 1410 1854 1473 τοὺς
1888 1410 2230 1481 νυκτερινοὺς
2260 1409 2514 1480 καιρούς·
2558 1411 2650 1463 καὶ
2691 1409 2861 1463 ταῦτα
2892 1409 3148 1482 πράττειν
3216 1410 3292 1481 μὴ
3356 1408 3514 1480 μόνον

286 1501 487 1572 χείλεσι
531 1502 626 1556 καὶ
658 1505 829 1574 φωνῇ,
906 1504 1041 1557 ἀλλὰ
1083 1505 1176 1558 καὶ
1207 1504 1295 1557 διά
1327 1504 1425 1574 τῆς
1462 1503 1569 1558 τῶν
1614 1505 1883 1575 μουσικῶν
1946 1504 2190 1577 ὁργάνων
2227 1504 2638 1576 ἀνακρούσεωςο
2686 1506 2781 1557 Ἐν
2820 1503 3159 1575 δεκαχόρδῳ
3188 1504 3318 1577 γὰρ,
3358 1504 3510 1576 φησὶ,

284 1597 595 1664 ¹ψαλτηρίφ
623 1596 723 1650 καὶ
738 1598 864 1666 μετ’
887 1596 1047 1666 ᾠδῆς
1069 1598 1139 1651 ἐν
1161 1598 1392 1667 κιθάρᾳ.

370 1687 529 1760 Ὁρᾷς
565 1684 656 1743 οὖν
690 1690 789 1744 ὅσα
823 1690 1081 1761 πράττειν
1125 1693 1154 1745 ὁ
1192 1691 1378 1761 παρὼν
1418 1692 1573 1761 λόγος
1600 1695 1850 1764 παραινεῖ

2022 1688 2186 1745 Vides
2217 1688 2381 1760 igitur
2407 1687 2473 1742 ad
2505 1704 2623 1759 quae
2653 1689 2707 1744 in
2740 1689 2827 1745 die
2858 1688 3275 1746 resurrectionis
3307 1687 3539 1759 agenda.

286 1780 428 1834 κατά
471 1781 570 1851 τὴν
614 1781 710 1852 τῆς
759 1782 1104 1846 ἀναστάσεως
1139 1783 1383 1854 ἡμέραν;
1431 1782 1854 1854 Ἑπιγέγραπται

284 1869 415 1939 γοῦν
445 1872 474 1923 ὁ
542 1870 772 1942 ψαλμὸς,
819 1875 907 1938 εὶς
957 1871 1072 1941 τὴν
1109 1872 1338 1942 ἡμέραν
1378 1873 1485 1928 τοῦ
1530 1871 1852 1928 Σαϐϐάτου.

296 1961 457 2016 Ἀλλά
499 1964 595 2016 καὶ
641 1964 689 2017 οἱ
735 1965 899 2035 ἱερεῖς
950 1965 1009 2019 ἐν
1045 1964 1123 2034 τῷ
1155 1964 1283 2036 ἱερῷ
1326 1964 1464 2018 κατὰ
1494 1965 1553 2018 τὸ
1582 1964 1853 2019 Σάϐϐατον

283 2051 445 2127 ἕτερα
489 2053 713 2107 πλεῖστα
763 2053 1029 2125 ἐπραττον
1078 2054 1219 2109 κατά
1255 2055 1344 2109 τὸν
1381 2055 1562 2127 νόμον.
1603 2056 1716 2110 Οὐκ
1746 2056 1853 2126 ἄρα

282 2143 582 2216 ὁλοσχερῶς
600 2145 787 2216 ἀργεῖν
815 2147 1155 2218 προστάττει.
1174 2146 1313 2200 Ἀλλ’
1337 2147 1455 2200 οὐδὲ
1482 2149 1593 2211 τοῖς
1622 2146 1854 2219 ἱερεῦσιν

283 2238 318 2306 ἡ
349 2234 442 2289 τοῦ
477 2236 752 2291 Σαϐϐάτου
783 2238 966 2310 ἡμέρα
997 2239 1380 2311 νενομοθέτητο
1398 2256 1411 2270 ·
1449 2239 1628 2310 μόνοις
1659 2239 1716 2292 δὲ
1742 2241 1855 2301 τοῖς

287 2327 364 2401 μὴ
390 2328 521 2392 οἵοις
550 2345 611 2381 τε
643 2324 760 2383 οῦσι
791 2330 882 2383 τὸν
920 2332 1092 2384 πάντα
1124 2330 1311 2402 χρόνον
1342 2330 1443 2400 τῆς
1475 2330 1652 2384 αὐτῶν
1684 2328 1851 2400 ζωῆς,

284 2420 381 2474 καὶ
412 2418 591 2485 πάσας
626 2420 804 2474 αὐτῶν
847 2422 945 2484 τάς
969 2421 1181 2492 ἡμέρας
1224 2423 1290 2493 τῇ
1337 2420 1433 2475 τοῦ
1470 2420 1603 2475 Θεοῦ
1631 2420 1853 2493 λατρεία

282 2510 381 2565 καὶ
422 2514 534 2575 τοῖς
582 2510 658 2582 τῷ
705 2510 822 2582 Θεῷ
852 2512 1025 2580 φίλοις
1070 2512 1251 2583 ἔργοις
1297 2511 1572 2583 σχολάζειν
1592 2529 1606 2543 ’
1646 2512 1854 2577 τούτοις

283 2599 395 2672 γὰρ
439 2601 504 2654 ἐκ
547 2601 926 2674 διαστημάτων
982 2603 1154 2658 ταῦτα
1211 2605 1467 2677 πράττειν
1528 2603 1849 2676 ἐνομοθέτει.

284 2693 412 2757 Τοῖς
435 2709 499 2762 γε
530 2694 640 2765 μὴν
671 2694 950 2768 πλησμονῇ
983 2696 1217 2769 γαστρὸς
1248 2696 1342 2750 καὶ
1384 2694 1540 2769 μέθῃ,
1582 2696 1676 2749 καὶ
1706 2695 1851 2767 πάσῃ

279 2781 525 2857 ἀκοσμίᾳ
575 2784 715 2839 κατά
763 2787 861 2857 τὴν
900 2787 1116 2859 ,ἡμέραν
1160 2786 1254 2840 τοῦ
1304 2787 1581 2841 Σαϐϐάτου
1628 2787 1854 2850 ἑαυτοὺς

283 2876 634 2947 παρέχωσιν,
664 2878 694 2930 ό
719 2877 849 2941 Θεὸς
873 2878 960 2933 διὰ
1000 2879 1092 2932 τοῦ
1129 2881 1402 2952 προφήτου
1449 2878 1853 2932 ἐπανατείνεται

283 2967 485 3037 λέγων’
521 2972 585 3024 Ol
637 2970 1030 3040 ἐφαπτόμενοι
1089 2969 1332 3040 ψευδῶν
1368 2971 1711 3025 Σαϐϐάτωνο
1759 2971 1853 3024 καὶ

1955 1780 2207 1835 hortetur
2262 1779 2351 1833 hic
2404 1779 2666 1848 psalmus.
2718 1776 3018 1848 inscriptus
3071 1778 3217 1832 enim
3270 1763 3516 1848 psalmus

1953 1881 2059 1936 est,
2092 1872 2147 1924 in
2189 1870 2326 1924 diem
2372 1867 2612 1929 Sabbati.
2655 1868 2758 1924 Sed
2790 1877 2844 1924 et
2882 1869 3193 1925 sacerdotes
3228 1870 3284 1924 in
3317 1869 3517 1939 templo

1952 1963 2040 2019 die
2074 1962 2297 2017 Sabbati
2332 1962 2435 2018 alia
2461 1962 2693 2031 plurima
2732 1960 3031 2016 secundum
3054 1961 3224 2032 legem
3264 1960 3517 2030 agebant.

1952 2054 2073 2110 Non
2110 2069 2239 2126 ergo
2267 2053 2513 2124 praecipit
2542 2060 2601 2107 ut
2628 2051 2853 2108 omnino
2880 2058 3124 2107 vacetnr.
3158 2050 3345 2122 Neque
3385 2067 3516 2107 vero

1951 2144 2329 2202 sacerdotibus
2357 2144 2473 2200 dies
2508 2143 2731 2199 Sabbati
2762 2144 3250 2214 praescribebatur;
3293 2143 3387 2200 sed
3426 2160 3516 2200 so-

1952 2238 2064 2293 lum
2092 2236 2162 2293 iis
2195 2236 2289 2307 qui
2318 2251 2422 2292 nec
2466 2243 2582 2291 toto
2613 2236 2739 2292 vitae
2789 2250 2903 2290 suae
2939 2243 3203 2307 tempore,
3254 2252 3355 2292 nec
3401 2237 3517 2293 sin-

1951 2329 2092 2398 gulis
2124 2328 2314 2385 diebus
2360 2328 2474 2383 suis
2504 2335 2727 2397 possent
2766 2325 2862 2382 Dei
2893 2328 3061 2382 cultui
3107 2337 3164 2384 et
3202 2326 3311 2383 Deo
3358 2342 3515 2383 acce-

1953 2420 2060 2490 ptis
2098 2419 2355 2489 Operibus
2398 2434 2594 2475 vacare
2621 2439 2635 2473 :
2660 2434 2786 2473 nam
2820 2418 2911 2484 iis,
2946 2427 3004 2473 ut
3043 2421 3355 2476 intermisso
3395 2419 3514 2476 die-

1952 2524 2074 2566 rum
2115 2510 2293 2581 spatio
2341 2510 2397 2564 id
2442 2516 2682 2583 agerent,
2737 2511 2852 2581 lege
2904 2518 3168 2565 statutum
3215 2520 3351 2566 erat.
3403 2511 3511 2567 Eos

1954 2617 2118 2676 porro
2145 2602 2240 2674 qui
2273 2603 2530 2674 crapulm,
2554 2602 2826 2667 ebrietati,
2870 2600 3102 2671 aliisque
3144 2603 3400 2659 omnibus
3428 2606 3515 2660 in-

1952 2697 2169 2753 decoris
2216 2697 2386 2769 gestis
2441 2697 2529 2752 die
2564 2693 2787 2752 Sabbati
2833 2710 2893 2752 se
2946 2695 3172 2760 dedunt,
3232 2680 3385 2751 Deus.
3416 2713 3513 2768 per

1953 2789 2273 2862 prophetam
2319 2789 2402 2844 sic
2443 2802 2638 2859 aspere
2691 2787 3032 2859 alloquitur:
3064 2787 3170 2853 Qui
3208 2788 3516 2859 contingunt

1951 2881 2094 2951 falsa
2118 2879 2352 2936 Sabbata
2373 2880 2430 2949 ⁸;
2464 2894 2529 2936 ac
2558 2893 2800 2945 rursum,
2835 2877 3153 2934 Neomenias
3200 2889 3421 2946 vestras,
3461 2890 3515 2935 et

1953 2973 2175 3030 sabbata
2199 2982 2248 3028 et
2269 2973 2408 3028 diem
2430 2988 2676 3043 magnam
2704 2988 2809 3027 non
2829 2971 2941 3042 fero
2963 2972 3006 3024 ⁸.
3037 2969 3218 3040 Quare
3248 2971 3508 3038 Verbum,

282 3036 448 3116 πάλιν
465 3077 478 3090 ·
521 3062 632 3128 Τὰς
660 3036 977 3132 νεομηνίας
1002 3036 1169 3133 ὑμῶν
1201 3064 1299 3118 καὶ
1332 3064 1403 3118 τὰ
1444 3062 1713 3119 Σάϐϐατα
1753 3064 1850 3118 καὶ

1954 3065 2087 3136 ipsis
2115 3036 2564 3136 repugnantibus,
2587 3080 2683 3137 per
2704 3036 2913 3122 Novum
2944 3036 3350 3119 Testamentum
3368 3036 3511 3131 Sab;

282 3152 511 3221 τνιέραν
530 3152 802 3224 μεγάλην
829 3155 940 3209 οὐκ
967 3154 1268 3224 ἀνέχομαι·
1308 3155 1399 3208 Διὸ
1429 3155 1493 3227 δὴ
1524 3153 1849 3228 παρῃτημέ-

283 3260 393 3300 νων
440 3244 677 3310 ἐκείνων,
704 3244 791 3299 διὰ
824 3244 920 3316 τῆς
952 3245 1156 3315 Καινῆς
1186 3245 1461 3316 Διαθὴκης
1488 3245 1660 3315 Λόγος
1689 3246 1854 3318 μετὴ-

282 3351 423 3404 γαγε
449 3335 542 3388 καὶ
574 3333 920 3406 μετατέθεικε
964 3334 1062 3406 τὴν
1098 3333 1191 3388 τοῦ
1226 3333 1498 3388 Σαϐϐάτου
1527 3334 1719 3407 ἑορτὴν
1759 3336 1852 3390 ἐπὶ

281 3429 382 3502 τὴν
410 3428 502 3483 τοῦ
531 3429 705 3499 φωτὸς
750 3428 1031 3500 ἀνατολὴν,
1069 3430 1163 3483 καὶ
1200 3428 1512 3500 παρέδωκεν
1544 3430 1675 3499 ἡμῖν
1721 3429 1853 3501 ἀλη-

280 3520 437 3591 θινῆς
470 3512 825 3586 ἀναπαύσεως
865 3521 1068 3586 εἰκόνα,
1095 3519 1194 3591 τὴν
1229 3520 1498 3593 σωτηρίαν
1528 3522 1622 3575 καὶ
1642 3522 1851 3592 Κυρια-

280 3610 384 3683 κὴν
411 3613 504 3665 καὶ
530 3612 750 3683 πρώτην
778 3611 872 3665 τοῦ
900 3612 1076 3681 φωτὸς
1102 3612 1334 3684 ἡμέραν,
1363 3612 1483 3668 καθ’
1513 3614 1581 3684 ἦν
1610 3614 1638 3666 ὁ
1663 3612 1852 3685 Σωτὴρ

277 3703 375 3759 τοῦ
416 3704 622 3776 κόσμου
661 3703 804 3777 μετά
853 3704 1030 3768 πάσας
1085 3703 1249 3757 αὐτοῦ
1301 3704 1399 3769 τάς
1440 3704 1499 3758 ἐν
1545 3704 1851 3776 ἀνθρώποις

278 3794 530 3869 πράξεις,
561 3797 657 3868 τὴν
683 3794 823 3851 κατὰ
862 3792 956 3851 τοῦ
988 3795 1210 3852 θανάτου.
1246 3796 1401 3870 νίκην
1431 3797 1725 3870 ἀράμενος,
1752 3797 1851 3863 τάς

278 3885 561 3957 οὐρανίους
618 3885 790 3949 πύλας
833 3886 1186 3959 ὑπερέϐαινεν
1227 3888 1369 3960 ὑπὲρ
1408 3888 1507 3960 τὴν
1550 3887 1849 3961 ἐξαήμερον

279 3978 635 4050 κοσμοποιίαν
676 3979 1010 4051 γιγνόμενος,
1043 3981 1104 4034 τό
1140 3998 1200 4033 τε
1242 3979 1535 4052 θεοπρεπὲς
1576 3981 1850 4037 Σάϐϐατον

279 4070 377 4123 καὶ
407 4070 504 4142 τὴν
530 4072 933 4144 τρισμακαρίαν
975 4073 1277 4128 ἀνάπαυσιν
1309 4072 1723 4144 ὑπολαμϐάνων,
1752 4072 1846 4128 τοῦ

278 4160 495 4233 Πατρὸς
546 4161 825 4232 εἰρηκότος
870 4162 1049 4233 αὐτῷ’
1106 4161 1301 4218 Κάθου
1340 4162 1410 4217 ἐκ
1448 4161 1660 4228 δεξιῶν
1704 4180 1847 4231 μου,

277 4251 391 4319 ἕως
419 4252 495 4307 ἂν
519 4252 601 4308 θῶ
636 4254 776 4320 τοὺς
806 4255 1051 4323 ἐχθρούς
1082 4271 1198 4310 σου
1234 4254 1564 4310 ὑποπόδιον
1593 4253 1710 4309 τῶν
1739 4272 1846 4310 πο-

1952 3157 2066 3212 bati
2095 3156 2369 3213 festum'in
2398 3157 2536 3215 lucis
2576 3165 2755 3213 ortum
2785 3159 3084 3224 transtulit,
3117 3158 3386 3231 nobisque
3416 3175 3512 3216 ve-

1949 3264 2026 3305 rat
2074 3251 2283 3322 requiei
2334 3252 2623 3322 imaginem
2666 3251 2926 3316 tradidit,
2979 3251 3273 3307 salutarem
3312 3265 3527 3322 nempe-

1951 3340 2309 3407 Dominicam,
2358 3353 2413 3399 et
2451 3343 2680 3413 primam
2730 3343 2870 3400 lucis
2906 3343 3073 3409 diem,
3109 3358 3219 3415 qua
3263 3342 3512 3398 Salvator

1949 3433 2138 3490 mundi
2175 3442 2300 3504 post
2340 3434 2521 3489 omnia
2554 3449 2653 3489 sua
2699 3435 2756 3489 in
2796 3435 3111 3491 hominibus
3139 3435 3286 3491 edita
3314 3450 3506 3505 opera,

1950 3524 2181 3585 victoria
2210 3523 2277 3579 de
2308 3532 2484 3580 morte
2514 3533 2810 3595 reportata,
2840 3525 3094 3581 cmlestes
3111 3534 3296 3597 portas
3328 3532 3510 3581 trans.

1949 3631 2197 3688 gressus,
2229 3631 2326 3671 sex
2375 3615 2587 3671 dierum
2629 3615 2906 3687 opiﬁcium
2948 3612 3322 3681 transcendit,
3358 3623 3512 3671 tunc-

1947 3714 2054 3770 que
2086 3698 2197 3755 Deo
2233 3699 2539 3756 eondecens
2582 3698 2877 3755 Sabbatum
2912 3708 2968 3755 et
2996 3699 3368 3757 beatissimam
3415 3715 3523 3755 re-

1946 3788 2127 3860 quiem
2156 3790 2386 3860 accepit,
2426 3789 2640 3845 dicente
2669 3788 2851 3856 Patre,
2884 3788 3017 3846 Sede
3052 3807 3084 3844 a
3116 3789 3315 3845 dextris
3352 3791 3502 3854 meis,

1948 3881 2111 3937 donec
2155 3897 2348 3951 ponam
2388 3881 2628 3936 inimicos
2670 3890 2787 3937 tuo:
2828 3882 3112 3937 scabellum
3155 3882 3342 3952 pedum
3388 3892 3508 3937 tuo-

1948 3990 2067 4027 rum
2089 3973 2132 4028 ⁸.
2177 3972 2253 4028 Ea
2293 3974 2402 4051 die,
2451 3988 2574 4044 quae
2606 3990 2746 4030 verae
2788 3975 2928 4031 lucis
2965 3982 3020 4031 et
3063 3976 3179 4031 veri
3225 3976 3358 4032 solis
3390 3975 3535 4032 dies,

1947 4074 2050 4133 est,
2092 4079 2193 4122 nos
2230 4065 2334 4137 ipsi
2381 4067 2716 4138 congregati,
2761 4082 2857 4123 sex
2903 4066 3097 4124 diebus
3147 4066 3506 4138 interpositis,

1948 4163 2136 4212 sancta
2164 4163 2217 4213 et
2246 4156 2549 4229 spiritualia
2583 4155 2815 4213 Sabbata
2846 4159 3205 4216 celebrantes.
3245 4166 3528 4229 quotquot.

1947 4262 2014 4304 ex
2043 4250 2295 4321 gentibus
2325 4250 2381 4304 in
2418 4250 2555 4305 orbe
2594 4257 2708 4304 toto
2747 4264 2843 4319 per
2887 4265 3011 4305 eum
3048 4250 3262 4305 liberati
3294 4265 3506 4313 sumus,

278 4340 403 4396 δῶν
437 4358 572 4397 σου.
614 4345 701 4398 Ἐν
736 4339 792 4420 ᾖ,
847 4346 1021 4415 φωτὸς
1069 4344 1203 4419 οὔσῃ
1253 4348 1349 4400 καὶ
1383 4344 1573 4418 πρώτῃ
1619 4347 1711 4401 καὶ
1750 4346 1845 4401 τοῦ

1951 4355 2068 4411 qua:
2098 4338 2408 4397 sacerdotes
2440 4340 2496 4395 in
2530 4339 2619 4396 die
2660 4339 2881 4395 Sabbati
2911 4354 3072 4410 agere
3108 4339 3165 4393 in
3196 4338 3309 4410 lege
3334 4346 3500 4395 statu-

278 4432 514 4504 ἀληθοῦς
538 4433 689 4503 ἡλίου
728 4434 930 4507 ἡμέρᾳ,
967 4435 1061 4488 καὶ
1091 4438 1251 4507 ἡμεῖς
1278 4437 1428 4490 αὐτοὶ
1468 4437 1846 4509 συνερχόμενοι

279 4521 371 4578 διὰ
401 4521 565 4593 μέσου
596 4521 655 4587 ἓξ
677 4522 919 4594 ἡμερῶν,
950 4524 1080 4592 ἅγιά
1104 4541 1162 4577 τε
1191 4525 1439 4581 Σάϐϐατα
1470 4527 1566 4581 καὶ
1604 4544 1846 4599 πνευμα-

279 4613 411 4668 τικά
435 4614 777 4684 ἑορτάζοντες
805 4617 852 4668 οἱ
886 4614 943 4681 ἐξ
970 4614 1136 4668 ἐθνῶν
1160 4616 1228 4670 δι’
1256 4617 1419 4671 αὐτοῦ
1456 4617 1847 4691 λελυτρωμένοι

281 4703 403 4758 καθ’
434 4705 561 4775 ὅλης
582 4703 682 4775 τῆς
704 4705 1045 4777 οἰκουμένης,
1078 4705 1146 4760 τὰ
1185 4706 1264 4778 τῷ
1293 4708 1553 4781 Σαϐϐάτῳ
1588 4711 1847 4782 πράττειν

286 4801 392 4863 τοῖς
431 4798 632 4870 ἱερεῦσι
660 4798 1123 4873 νενομοθετημένα
1163 4802 1304 4856 κατά
1342 4804 1435 4858 τὸν
1482 4806 1845 4878 πνευματικὸν

282 4888 444 4960 νόμον
495 4889 862 4962 ἐπιτελοῦμεν.
914 4892 1114 4956 Θυσίας
1157 4909 1217 4945 τε
1266 4892 1375 4965 γὰρ
1425 4896 1520 4949 καὶ
1569 4897 1844 4969 ἀναφορὰς

285 4979 581 5050 ποιούμεθα
612 4976 1005 5053 πνευματικὰς,
1037 4984 1135 5047 τὰς
1171 4983 1509 5055 καλουμένας
1545 4986 1734 5053 θυσίας
1762 4990 1841 5042 αί-

289 5072 500 5135 δέσεως,
547 5072 641 5125 καὶ
683 5072 872 5137 θυσίας
912 5074 1259 5146 ἀλαλαγμοῦ*
1304 5076 1366 5130 τό
1403 5092 1463 5128 τε
1499 5077 1745 5149 θυμίαμα
1779 5078 1840 5132 τὸ

286 5163 476 5226 ,ὑῶδες
517 5164 931 5235 ἀναπέμπομεν,
967 5166 1095 5237 περὶ
1138 5162 1199 5220 οὗ
1245 5167 1485 5238 εἴρηταιο
1528 5169 1843 5238 Γενηθήτω

286 5257 318 5324 ἡ
348 5255 656 5324 προσευχή
680 5274 799 5326 μου
827 5257 906 5323 ὡς
937 5257 1195 5327 θυμίαμα
1233 5258 1485 5314 ἐνώπιόν
1511 5276 1645 5314 σου.
1686 5260 1844 5313 Ἀλλά

288 5346 374 5402 at
419 5346 542 5409 τοὺς
586 5347 780 5419 ἄρτους
823 5347 924 5417 τῆς
966 5347 1276 5420 προθέσεως
1320 5350 1715 5421 προσφέρομεν,
1746 5349 1842 5421 τὴν

278 5436 548 5506 ’ῖωτήριον
594 5437 808 5508 μνήμην
850 5437 1346 5509 ἀναζωπυροῦντες,
1378 5439 1439 5493 τό
1491 5456 1550 5492 τε
1583 5438 1676 5491 τοῦ
1719 5441 1844 5510 ραν-

289 5523 474 5596 τισμοῦ
512 5522 669 5596 αἷμα,
704 5526 799 5580 τοῦ
839 5520 1032 5597 ’Δμνοῦ
1070 5527 1164 5580 τοῦ
1202 5527 1355 5593 Θεοῦ,
1386 5528 1478 5582 τοῦ
1512 5528 1846 5601 περιελόντες

1952 4438 2067 4486 tum
2098 4440 2235 4497 erat,
2267 4447 2330 4487 ea
2355 4447 2455 4489 nos
2479 4432 2780 4488 secundum
2811 4431 2982 4502 legem
3015 4430 3353 4501 spiritualem
3383 4445 3501 4500 per-

1957 4522 2190 4579 ilcimus.
2241 4522 2374 4578 Nam
2423 4523 2691 4580 sacriﬁcia
2728 4531 2782 4579 et
2829 4521 3133 4578 oblationes
3170 4521 3505 4593 spirituales,

1952 4632 2073 4687 qua:
2103 4617 2291 4671 hostia:
2322 4616 2499 4672 laudis
2540 4624 2594 4672 et
2635 4616 2827 4672 hostiae
2847 4613 3191 4686 jubilationis
3218 4621 3504 4679 vocantur,

1950 4707 2307 4779 persolvimus
2334 4726 2348 4762 :
2386 4707 2668 4763 incensum
2694 4707 2821 4762 boni
2849 4706 3032 4762 odoris
3087 4706 3410 4770 emittimus,
3437 4706 3504 4763 de

1949 4814 2058 4870 quo
2089 4797 2291 4853 dictum
2314 4805 2399 4853 est
2431 4817 2443 4852 :
2475 4796 2602 4851 Fiat
2640 4797 2809 4852 oratio
2830 4815 2944 4852 mea
2983 4798 3117 4852 sicut
3154 4798 3420 4852 incensum
3451 4799 3505 4853 in

1947 4898 2221 4958 conspectu
2259 4899 2349 4943 tuo
2370 4888 2411 4943 ⁸.
2441 4886 2553 4943 lmo
2578 4889 2739 4943 etiam
2772 4904 2940 4959 panes
2987 4889 3381 4961 propositionis
3417 4889 3503 4946 of-

1949 4980 2197 5045 ferimus,
2241 4981 2532 5037 salutarem
2572 4982 2887 5036 memoriam
2920 4980 3278 5051 rel‘ricantes;
3317 4999 3512 5054 asper-

1946 5073 2157 5129 sionem
2189 5073 2317 5131 item
2356 5072 2637 5143 sanguinis
2666 5072 2806 5143 Agni
2845 5073 2960 5139 Dei,
3003 5076 3097 5145 qui
3142 5075 3284 5130 tollit
3311 5090 3501 5146 peccao

1946 5172 2062 5219 tum
2092 5163 2300 5229 mundi,
2346 5164 2618 5234 piaculum
2654 5164 2957 5219 animarum
2994 5176 3330 5230 nostrarum,
3367 5163 3494 5218 faci-

1948 5269 2072 5309 mus
2099 5272 2113 5308 :
2139 5254 2344 5308 lumina
2370 5270 2588 5325 quoque
2615 5254 2944 5325 cognitionis
2971 5258 3157 5313 vultus
3186 5255 3280 5311 Dei
3306 5268 3493 5307 accen-—

1947 5345 2147 5402 dimus.
2180 5344 2380 5401 Verum
2420 5346 2581 5401 etiam
2623 5362 2704 5415 ea,
2754 5363 2875 5418 qua:
2917 5348 2973 5403 in
3005 5348 3214 5419 psalmo
3244 5341 3522 5415 praesenti-

1949 5445 2328 5503 recensentur,
2366 5438 2456 5493 illa
2485 5439 2573 5494 die
2607 5440 2865 5508 perﬁcere
2903 5439 3220 5509 satagimus,
3247 5444 3301 5489 et
3332 5448 3497 5504 opere

1951 5535 2006 5582 et
2031 5527 2210 5583 verbis
2234 5528 2553 5584 conﬁtcntes
2580 5527 2829 5596 Domino,
2859 5535 2913 5584 et
2953 5525 3246 5597 psallentes
3291 5520 3515 5576 nomini

352 5680 372 5709 "
414 5681 577 5735 Amos
610 5695 693 5739 vn.
728 5680 779 5735 5.
855 5681 875 5713 ⁵
913 5679 1015 5737 lsa.
1053 5698 1097 5739 ι.
1136 5683 1221 5737 15.
1300 5685 1319 5716 ⁸
1359 5682 1500 5739 i’sai.
1535 5699 1655 5739 εικ.
1703 5684 1749 5738 ί.
1828 5685 1846 5715 ⁸

1951 5684 2023 5737 al.
2062 5698 2161 5737 cu.
2226 5683 2279 5734 ἓ.
