3988 6204
497 324 626 380 1171

1231 321 1495 380 ausam:
1536 322 2006 379 CAESABIENSIS
2035 322 2184 379 orp.
2228 319 2405 376 rans
2437 318 2518 376 ιιι.
2561 350 2626 360 .-
2660 280 3094 373 exeamus.”

3573 314 3712 371 H72

493 445 758 500 Altissimi
789 465 800 500 :
831 460 990 502 mane
1019 461 1232 516 quoque
1272 448 1338 502 ad
1381 447 1644 503 orientem
1676 449 1813 504 lucis
1844 459 2042 503 nostrae

2144 446 2238 518 τὴν
2263 445 2530 517 ἁμαρτίαν
2558 443 2651 498 τοῦ
2698 443 2924 514 κόσμου,
2961 437 3252 511 καθάρσιον
3283 436 3391 491 τῶν
3435 435 3717 510 ἡμετέρων

493 536 927 592 miscricordiam
960 554 990 591 a
1010 537 1122 594 Deo
1141 540 1301 594 nobis
1326 541 1615 610 praestitam
1640 540 2044 604 annuntiamus,

491 633 548 679 et
582 625 866 682 veritatem
911 628 1032 699 ejus
1085 631 1141 684 in
1174 632 1426 686 noctibus
1468 647 1566 704 per
1595 619 1831 687 sobriam
1871 640 1922 687 et
1957 647 2050 686 ea-

489 723 628 769 stam
660 721 1134 776 conversationem
1163 723 1514 790 exhibemus;
1559 725 1614 778 in
1649 738 1857 779 summa
1887 731 2048 794 quot-

449 837 452 842 -
488 811 620 874 quot
649 807 754 861 alia
783 807 838 862 in
864 807 1100 865 Sabbato
1123 826 1377 882 peragere
1405 812 1670 867 sancitum
1695 821 1828 879 erat,
1859 829 1920 868 ea
1948 829 2049 868 nos

447 905 458 962 ζ
487 898 543 950 in
582 897 914 956 Dominicam
947 904 1346 965 transtulimus.
1379 912 1560 973 utpote
1590 921 1710 975 quae
1738 906 1910 976 magis
1933 906 2050 960 ido-

453 993 458 1001 '
488 1003 590 1043 nea
612 999 665 1044 et
701 994 942 1062 propria,
971 1009 1033 1049 ac
1067 995 1239 1064 prima
1283 995 1409 1050 item
1441 997 1512 1051 sit
1556 1007 1607 1051 et
1642 1012 1830 1068 agmen
1863 999 2045 1063 ducat,

489 1086 543 1135 et
595 1079 823 1137 Judaico
880 1081 1114 1138 Sabhato
1161 1086 1472 1155 pretiosior.
1529 1086 1661 1142 Nam
1711 1088 1801 1143 illa
1852 1089 1938 1144 die
1994 1090 2050 1144 in

489 1172 676 1227 mundi
701 1175 916 1244 Opilieio
947 1192 1070 1230 eum
1100 1177 1327 1233 dixisset
1365 1177 1528 1243 Deus,
1562 1179 1685 1232 Fiat
1711 1180 1802 1233 tua:
1827 1219 1843 1245 ,
1906 1179 2049 1235 facta

489 1274 572 1318 est
607 1265 729 1319 lux'
753 1285 764 1320 :
788 1267 840 1320 in
871 1267 962 1322 illa
993 1284 1210 1340 quoque
1239 1271 1522 1326 animabus
1551 1273 1755 1328 nostris
1781 1282 1934 1329 ortus
1965 1283 2049 1330 est

492 1354 586 1410 Sol
612 1357 860 1428 justitize.
898 1359 1078 1427 Quare
1127 1373 1184 1415 ut
1223 1377 1286 1417 ea
1323 1362 1411 1418 die
1459 1364 1845 1419 convcniamus
1881 1364 2050 1418 tradi-

489 1456 604 1502 tum
637 1451 793 1507 nobis
831 1462 934 1516 est,
969 1461 1021 1509 et
1050 1469 1110 1509 ea
1135 1470 1255 1524 qua:
1285 1455 1338 1508 in
1365 1456 1574 1525 psalmo
1602 1455 1861 1525 jubentur
1890 1455 2048 1512 nobis

489 1543 710 1612 exsequi
738 1554 1063 1616 praeceptum
1095 1555 1177 1603 est
1203 1565 1216 1614 ;
1245 1563 1476 1618 quorum
1515 1549 1748 1618 primum
1781 1555 1885 1613 est,
1916 1563 2047 1602 con-

491 1634 630 1688 ﬁteri
661 1653 673 1688 :
703 1652 827 1690 nam
870 1637 1198 1709 principium
1257 1621 1522 1694 bonorum
1564 1647 1648 1694 est
1691 1639 2046 1709 pristinorum

489 1726 755 1781 malorum
782 1729 1050 1799 depositio
1095 1745 1190 1800 per
1218 1746 1400 1784 veram
1435 1730 1804 1800 paenitentiam
1837 1741 1890 1785 et
1914 1745 2048 1784 con-

2146 536 2331 608 ψυχῶν
2352 555 2364 566 ·
2407 535 2705 607 ποιούμεθα
2734 553 2792 588 τε
2826 534 2894 587 τὰ
2930 533 3082 603 φῶτα
3125 531 3224 600 τῆς
3261 529 3506 598 γνώσεως
3548 546 3725 602 προσ-

2145 628 2294 682 ώπου
2344 627 2434 681 τοῦ
2483 627 2614 680 Θεοῦ
2669 625 3028 696 ἐξαπτόμενα.
3074 622 3232 676 Ἀλλά
3273 621 3367 674 καὶ
3413 621 3483 674 τὰ
3529 623 3586 673 ἐν
3636 623 3726 688 τῷ

2151 719 2286 789 μετά
2312 721 2494 790 χεῖρας
2523 718 2718 788 ψαλμῷ
2747 716 3042 786 φιλοτίμως
3069 714 3303 767 ἐκτελεῖν
3335 711 3594 782 κατάτὴν
3622 711 3723 763 αῦ-

2145 810 2243 880 τὴν
2275 811 2485 881 ἡμέραν
2522 808 2906 880 σπουδάζομεν,
2947 807 3126 875 ἔργοις
3169 806 3376 868 τούτοις
3410 803 3504 857 καὶ
3539 802 3727 870 λόγοις

2147 898 2620 971 ἐξομολογούμενοι
2667 899 2874 970 Κυρίῳ,
2909 897 3001 951 καὶ
3041 895 3330 965 ψάλλοντες
3367 889 3446 964 τῷ
3490 893 3721 962 ὀνόματι

2146 991 2239 1045 τοῦ
2286 990 2571 1060 Ὑψίστοψ
2615 989 2808 1062 δρθρου
2833 1006 2889 1042 τε
2925 989 3058 1060 πρὸς
3089 989 3276 1050 αὑταῖς
3310 985 3592 1048 ἀνατολαῖς
3624 984 3718 1037 τοῦ

2148 1083 2407 1155 ἡμετέρου
2453 1081 2626 1150 φωτὸς
2672 1080 2730 1134 τὸ
2773 1079 3057 1151 γενόμενον
3106 1078 3250 1142 ἕλεος
3299 1080 3385 1146 ἐφ’
3428 1078 3574 1148 ἡμᾶς
3625 1073 3719 1128 τοῦ

2147 1174 2280 1228 Θεοῦ
2325 1173 2754 1242 διαγγέλλοντες,
2795 1175 2888 1226 καὶ
2931 1172 3028 1244 τὴν
3073 1170 3327 1242 ἀλήθειαν
3368 1167 3531 1222 αὐτοῦ
3576 1166 3721 1220 κατὰ

2148 1265 2243 1330 τὰς
2273 1264 2472 1329 νύκτας
2503 1264 2588 1318 διά
2623 1264 2893 1336 σώφρονος
2923 1263 3017 1318 καὶ
3060 1263 3230 1332 ἁγνῆς
3262 1259 3606 1330 ἀναστροφῆς
3636 1259 3695 1309 ἐν

2146 1354 2494 1427 δεικνύμενοι,
2528 1357 2621 1409 καὶ
2659 1355 2832 1409 πάντα
2871 1355 2934 1426 δὴ
2984 1355 3083 1407 ὅσα
3124 1353 3254 1407 ἄλλα
3288 1352 3449 1422 ἐχρῆν
3483 1351 3541 1402 ἐν
3577 1349 3705 1402 Σαδ-

2147 1447 2293 1518 6άτῳ
2323 1448 2514 1512 τελεῖν,
2543 1447 2712 1500 ταῦτα
2735 1449 2894 1519 ἡμεῖς
2925 1448 2982 1501 ἐν
3022 1448 3089 1518 τῇ
3122 1445 3371 1516 Κυριακῇ
3407 1442 3692 1513 μετατεθεί

2147 1555 2339 1610 καμεν,
2371 1539 2445 1602 ὡς
2479 1537 2544 1591 ἂν
2571 1537 2908 1608 κυριωτέρας
2931 1535 3094 1605 οῦσης
3137 1535 3324 1605 αὐτῆς,
3348 1534 3442 1586 καὶ
3479 1531 3716 1603 ἡγουμέ-

2147 1647 2264 1701 νης,
2281 1632 2372 1684 καὶ
2407 1629 2646 1702 πρώτης,
2669 1629 2761 1682 καὶ
2777 1629 2869 1682 τοῦ
2909 1627 3192 1684 Ἰουδαϊκοῦ
3213 1626 3490 1680 Σαόόάτου
3519 1641 3718 1694 τιμιω-

2145 1703 2327 1794 τέρας.
2355 1720 2510 1774 Κατὰ
2535 1720 2734 1790 ταύτην
2766 1719 2873 1791 γὰρ
2906 1720 2962 1774 ἐν
2993 1723 3058 1791 τῇ
3083 1717 3405 1788 κοσμοποιία
3436 1714 3719 1786 εἰρηκότος

491 1815 804 1883 fessionem,
838 1834 956 1887 qua:
985 1817 1052 1872 ad
1084 1819 1285 1872 bonum
1318 1817 1498 1885 ﬁnem,
1527 1816 1734 1872 scilicet
1765 1816 1830 1871 ad
1873 1814 2041 1871 Deum

2144 1815 2234 1869 τοῦ
2284 1815 2438 1878 Θεοῦ,
2486 1811 2800 1881 Γενηθήτω
2837 1811 2982 1880 φῶς,
3027 1811 3121 1864 καὶ
3157 1809 3369 1878 ἐγένετο
3425 1808 3567 1876 φῶς·
3627 1806 3722 1857 κο.)⁸

489 1908 669 1978 ipsum
699 1909 936 1964 deducit.
981 1909 1193 1964 Etenim
1241 1909 1285 1964 si
1337 1925 1495 1964 nemo
1531 1909 1707 1964 bonus
1744 1909 1848 1964 nisi
1881 1907 2042 1973 Deus,

488 2001 706 2070 Optima:
735 2001 834 2055 vite
862 2001 927 2054 ad
958 2000 1124 2055 Deum
1151 2001 1398 2056 ducentis
1433 2000 1780 2070 principium.
1827 1999 2044 2055 confes-

487 2091 573 2146 sio
602 2090 782 2145 fuerit.
816 2091 940 2145 Ideo
961 2091 1167 2148 dictum
1198 2098 1300 2153 est,
1327 2092 1529 2146 Bonum
1563 2101 1638 2145 est
1661 2091 1897 2159 conﬁteri
1938 2089 2037 2145 Do-

487 2181 650 2234 mino.
674 2179 780 2235 Par
807 2183 1007 2252 quippe
1045 2193 1127 2238 est
1157 2198 1264 2237 non
1305 2181 1616 2237 hominibus
1647 2180 2043 2237 confessionem

487 2270 673 2336 edere,
707 2271 802 2326 sed
834 2272 936 2341 ipsi
964 2271 1195 2327 Domino
1235 2271 1399 2327 corda
1432 2272 1719 2328 scrutanti.
1751 2270 1886 2337 Quia
1917 2286 2043 2325 vero

488 2360 763 2416 confessio
796 2377 894 2430 pro
923 2363 1220 2431 gratiarum
1257 2363 1468 2416 actione
1505 2363 1631 2417 item
1667 2361 1951 2431 accipitur,
1986 2368 2045 2415 ut

481 2451 594 2521 jam
630 2454 826 2522 saepius
849 2453 1108 2520 diximus,
1145 2453 1268 2522 jure
1317 2451 1594 2506 Dominica
1633 2451 1719 2506 die
1749 2451 2044 2522 gratiarum

486 2545 730 2598 actiones
759 2543 986 2597 Domino
1017 2543 1318 2607 reddimus,
1351 2543 1553 2612 ubique
1587 2552 1852 2597 terrarum
1879 2541 1935 2595 in
1957 2556 2045 2596 cc-

484 2633 669 2687 clesiis
701 2633 821 2702 ejus
865 2631 1197 2704 c’ongregati.
1228 2633 1364 2687 Cum
1398 2639 1578 2687 autem
1615 2647 1712 2702 per
1741 2623 2074 2688 eonfessio-‘

485 2741 608 2779 nem
640 2741 988 2796 progressum
1039 2733 1090 2780 et
1118 2732 1464 2795 augmentum
1508 2722 1896 2794 aeeeperimus,
1929 2728 2042 2776 tum

479 2816 737 2885 jubemur
766 2817 994 2888 psallere
1032 2815 1098 2869 ad
1130 2817 1406 2870 meliorem
1441 2815 1635 2869 animae
1681 2822 1882 2870 statum
1917 2828 2044 2884 pro-

482 2908 625 2961 vecti
660 2925 675 2962 :
701 2909 846 2964 aucti
877 2924 1007 2963 vero
1046 2924 1110 2962 ac
1139 2909 1390 2963 meliores
1420 2907 1617 2972 ell'ecti,
1645 2908 1757 2962 haec
1787 2907 1909 2963 aliis
1947 2922 2043 2962 an-

485 2998 761 3064 nuntiare,
796 3013 858 3053 ac
887 3015 981 3053 eos
1011 2999 1101 3069 qui
1137 2999 1204 3054 ad
1247 3014 1347 3054 nos
1370 3000 1613 3069 proxime
1642 2998 1905 3055 accedunt
1936 3001 2040 3054 mi-

485 3088 814 3146 sericordias
878 3089 970 3145 Dei
1023 3091 1255 3146 edocere
1316 3091 1714 3162 praecipimur:
1764 3099 1925 3162 atque
1986 3090 2040 3146 id

484 3193 645 3249 agere
674 3180 955 3235 matutinis
1002 3180 1172 3244 horis,
1221 3181 1377 3252 quasi
1416 3181 1680 3252 primitias
1719 3180 2035 3236 diurnarum

484 3271 758 3326 actionum
787 3272 1049 3329 doctrina:
1075 3274 1142 3328 de
1171 3273 1263 3328 Dei
1302 3273 1672 3328 misericordia
1698 3273 1962 3329 dicantes.

2147 1907 2262 1961 κατ’
2288 1905 2454 1978 αὐτὴν
2479 1909 2595 1968 ταῖς
2633 1905 2923 1975 ἡμετέραις
2949 1903 3144 1973 ψυχαῖς
3183 1902 3212 1954 ὁ
3242 1901 3343 1970 τῆς
3375 1896 3722 1965 δικαιοσύνης

2145 1999 2500 2052 ἀνατέταλκεν
2528 1999 2738 2062 ’Ἥλιος-
2763 1997 2841 2050 διὸ
2867 1996 2930 2068 δὴ
2946 1998 3036 2049 καὶ
3063 1997 3190 2066 ἡμῖν
3213 1991 3560 2065 συνέρχεσθαι
3577 1989 3720 2042 κατά

2143 2087 2344 2158 ταύτην
2377 2087 2750 2159 παραδέδοται,
2779 2087 2870 2140 καὶ
2911 2085 2978 2139 τά
3014 2086 3103 2139 διὰ
3135 2084 3230 2137 τοῦ
3258 2081 3469 2154 ψαλμοῦ
3501 2097 3721 2152 παρηγ-

2145 2173 2378 2250 γελμένα
2416 2180 2509 2233 καὶ
2539 2181 2667 2250 ἡμῖν
2707 2180 2969 2233 ἐπιτελεῖν
3004 2177 3426 2251 προστέτακται·
3451 2167 3528 2227 ὧν
3565 2171 3719 2243 πρῶ-

2145 2271 2233 2324 τόν
2261 2272 2376 2324 ἐστι
2401 2271 2463 2324 τὸ
2493 2271 2921 2342 ἐξομολογεῖσθαι
2943 2287 2956 2300 ⁸
2987 2269 3128 2341 ἀρχὴ
3160 2268 3267 2340 γὰρ
3301 2265 3517 2336 ἀγαθῶν
3548 2266 3580 2334 ἡ
3608 2263 3723 2315 τῶν

2146 2361 2422 2434 προτέρων
2449 2361 2632 2416 κακῶν
2665 2361 2922 2426 ἀπόλυσις
2947 2361 3034 2415 διὰ
3063 2360 3287 2432 γνησίας
3313 2356 3598 2430 μετανοίας
3624 2353 3720 2408 καὶ

2145 2453 2576 2525 ἐξομολογήσεως
2617 2455 2976 2525 ἐγγιγνομένη
3003 2494 3016 2516 ,
3071 2453 3276 2522 ἄγουσά
3330 2469 3386 2504 τε
3430 2449 3523 2502 ἐπὶ
3564 2448 3720 2512 τέλος

2145 2546 2342 2614 ἀγαθὸν
2371 2546 2531 2600 αὐτὸν
2560 2547 2651 2599 τὸν
2677 2546 2826 2603 Θεόν.
2868 2547 2931 2598 Εἰ
2973 2544 3080 2616 γὰρ
3108 2544 3278 2607 οὐδεὶς
3326 2541 3528 2611 ἀγαθὸς
3557 2542 3605 2592 εἰ
3642 2539 3717 2610 μὴ

2143 2639 2171 2692 ό
2198 2637 2348 2704 Θεὸς,
2381 2638 2585 2708 ἀγαθῆς
2624 2638 2846 2709 πορείας
2876 2636 2974 2707 τῆς
3017 2637 3109 2689 ἐπὶ
3153 2636 3243 2689 τὸν
3278 2633 3408 2688 Θεδν
3451 2632 3718 2701 ἀγούσης,

2143 2729 2320 2801 ἀγαθὴ
2345 2730 2539 2798 γένοιτ’
2568 2729 2631 2783 ἂν
2659 2728 2798 2802 ἀρχὴ
2823 2730 2856 2800 ἡ
2887 2725 3284 2798 ἐξομολόγησις.
3319 2725 3409 2778 Διδ
3433 2724 3711 2776 λέλεκται·

2157 2822 2393 2894 Ἀγαθὸν
2425 2823 2491 2876 τὸ
2527 2820 3011 2891 ἐξομολογεῖσθαι
3059 2817 3138 2884 τῷ
3191 2817 3401 2887 Κιρῑῳ.
3455 2815 3564 2867 Καὶ
3605 2813 3715 2884 γὰρ

2143 2917 2408 2988 προσήκει
2444 2915 2517 2988 μὴ
2547 2913 2852 2986 ἀνθρώποις
2892 2909 3291 2964 ἐπιδείκνυσθαι
3328 2907 3427 2979 τὴν
3460 2906 3715 2976 ἐξομολό-

2143 3024 2320 3079 γησιν,
2343 3006 2456 3060 ἀλλ’
2489 3005 2634 3076 αύτῷ
2663 3004 2739 3076 τῷ
2768 3003 2868 3067 τὰς
2910 3001 3134 3074 καρδίας
3179 2998 3466 3072 ἐρευνῶντι
3502 2997 3712 3068 Κυρίῳ.

2158 3099 2305 3153 Ἐπεὶ
2323 3098 2378 3152 δὲ
2409 3097 2734 3169 λαμϐάνεται
2771 3097 2804 3167 ἡ
2833 3092 3215 3165 ἐξομολόγησις
3248 3091 3341 3146 καὶ
3371 3089 3462 3144 ἐπὶ
3499 3089 3595 3159 τῆς
3627 3087 3718 3140 εὐ-

2141 3185 2444 3258 χαριστίας,
2471 3185 2546 3249 ὼς
2578 3184 2836 3248 πολλάκις
2873 3186 3006 3256 ἡμῖν
3040 3184 3276 3255 εἴρηται,
3312 3181 3537 3242 εἰκότως
3575 3179 3717 3231 κατά

2140 3278 2234 3349 τὴν
2251 3277 2532 3349 Κυριακὴν
2559 3277 2767 3349 ἡμέραν
2791 3275 2885 3329 καὶ
2909 3275 3006 3340 τὰς
3033 3275 3378 3346 εὐχαριστίας
3401 3271 3557 3342 ἡμῶν
3587 3273 3716 3330 ἀπο,

481 3364 696 3435 δίδομεν
723 3364 801 3436 τῷ
831 3365 1037 3437 Κυρίῳ,
1071 3366 1341 3436 πανταχοῦ
1371 3367 1468 3437 τῆς
1491 3364 1812 3436 οίκουμένης
1841 3367 1896 3418 ἐν
1925 3367 2042 3429 ταῖς
2070 3367 2379 3439 ἐκκλησίαις
2415 3367 2576 3421 αὐτοῦ
2625 3367 3023 3438 συνερχόμενοι.
3064 3364 3443 3438 Προκόψαντες
3506 3364 3562 3416 δὲ
3624 3364 3713 3416 διὰ

481 3460 580 3530 τῆς
608 3458 1058 3531 ἐξομολογήσεως,
1090 3461 1191 3532 ήδη
1220 3461 1312 3514 καὶ¹
1343 3459 1562 3530 ψάλλειν
1595 3459 1923 3530 κελευόμεθα
1957 3461 2050 3513 ἐπὶ
2079 3461 2356 3532 κρείττονα
2391 3463 2567 3534 ψυχῆς
2622 3462 2950 3516 κατάστασιν
3014 3461 3402 3533 προελθόντες
3439 3459 3711 3522 ἐπιδόντες

481 3552 540 3606 δὲ
571 3551 650 3605 ἔτι
694 3554 787 3607 καὶ
833 3553 1068 3624 βελτίους
1113 3555 1389 3625 γενόμενοι
1421 3553 1628 3607 ἑαυτῶν
1648 3594 1662 3618 ,
1709 3552 1808 3625 ἡδη
1853 3553 1945 3607 καὶ
1983 3556 2061 3618 είς
2088 3553 2303 3619 ἐτέρους
2333 3554 2712 3623 ἀπαγγέλλειν,
2739 3553 3008 3608 διδάσκειν
3037 3569 3097 3605 τε
3121 3552 3246 3614 τοὺς
3295 3553 3421 3620 ἡμῖν
3478 3548 3708 3618 πλησιά-

483 3643 674 3707 ζοντας
719 3646 788 3700 τὰ
836 3645 929 3700 τοῦ
979 3649 1184 3719 Κυρίου
1236 3648 1358 3718 ἐλέη
1414 3646 1888 3718 προσταττόμεθαο
1946 3647 2039 3700 καὶ
2069 3647 2226 3702 τοῦτο
2249 3649 2503 3720 πράττειν
2533 3647 2672 3701 κατά
2705 3645 2804 3710 τὰς
2830 3645 3071 3718 πρωῖνάς
3118 3644 3264 3717 ὥρας
3304 3643 3476 3712 ὥσπερ
3522 3643 3705 3711 ἀπαρ-

482 3735 582 3806 χάς
606 3737 714 3790 τῶν
740 3738 808 3791 δι’
831 3737 1042 3810 ἡμέρας
1069 3739 1316 3810 πράξεων
1340 3738 1677 3802 ἀνατιθέντες
1706 3741 1772 3810 τῇ
1799 3737 1924 3809 περὶ
1952 3739 2044 3791 τοῦ
2073 3737 2251 3803 ἐλέους
2279 3739 2374 3793 τοῦ
2396 3737 2530 3792 Θεοῦ
2559 3737 2892 3808 διδασκαλίᾳ.

558 3845 680 3901 llaac
740 3861 902 3919 porro
969 3846 1122 3917 jubet
1181 3846 1462 3918 Scriptura
1524 3864 1782 3920 peragere
1865 3849 2042 3920 primo

484 3937 761 4004 diluculo,
831 3947 1116 4010 postquam
1177 3939 1387 3994 animas
1448 3946 1501 3994 et
1555 3955 1786 4010 corpora
1852 3949 2042 3996 nostra

484 4039 754 4086 nocturno
798 4039 1038 4102 tempore
1090 4039 1277 4086 saneta
1350 4040 1404 4088 et
1450 4048 1480 4086 a
1520 4032 1775 4088 sordibus
1823 4035 2043 4104 quibus-

485 4137 590 4192 que
645 4137 779 4194 pura
835 4121 1270 4184 servaverimus,
1327 4123 1654 4194 pietatisque
1717 4124 2038 4189 veritatem,

483 4213 710 4281 repetita
792 4211 1074 4265 nocturnis
1145 4210 1294 4274 horis
1369 4211 1550 4266 cultus
1623 4210 1715 4266 Dei
1778 4213 2039 4266 memoria

482 4303 904 4372 susceperimus.
957 4300 1096 4356 Olim
1149 4301 1366 4371 quidem
1419 4316 1543 4356 cum
1598 4303 1780 4373 populi
1826 4318 1893 4358 ex
1939 4303 2039 4357 cir-

479 4397 814 4453 eumeisione
859 4410 953 4466 per
1015 4394 1258 4466 symbola
1318 4401 1370 4448 et
1422 4393 1621 4465 ﬁguras
1665 4394 1832 4449 Deum
1888 4395 2035 4450 cole-

2209 3851 2391 3905 Ταῦτα
2440 3851 2496 3904 δὲ
2535 3851 2793 3923 πράττειν
2836 3853 2866 3905 ό
2920 3850 3078 3920 λόγος
3130 3847 3550 3922 παρακελεύεται
3589 3848 3713 3919 ἅμα.

2139 3943 2204 4011 τῇ
2237 3940 2346 4011 ἐῳ,
2395 3940 2839 4013 πῳφυλάξαντας
2883 3941 3082 4014 δηλαδὴ
3134 3941 3338 3995 ἑαυτῶν
3386 3940 3480 4003 τὰς
3533 3939 3712 4010 ψυχὰς

2138 4032 2232 4085 καὶ
2269 4030 2338 4084 ea:
2371 4031 2595 4102 σώματα
2628 4030 2768 4084 κατά
2808 4032 2930 4094 τοὺς
2965 4031 3061 4102 τῆς
3094 4029 3284 4094 νυκτὸς
3321 4031 3543 4101 καιροὺς
3579 4030 3713 4097 ἅγια

2139 4124 2231 4176 καὶ
2266 4123 2462 4188 παντὸς
2494 4124 2769 4196 μολυσμοῦ
2812 4124 3202 4195 καθαρεύοντα,
3229 4123 3482 4193 ἀλήθειάν
3521 4139 3580 4173 τε
3619 4122 3713 4174 εύ-

2140 4215 2352 4280 σεόείας
2375 4215 2834 4287 ἐπιδεδεγμένους,
2864 4215 2951 4268 διά
2983 4215 3076 4268 τοῦ
3109 4215 3200 4268 καὶ
3229 4217 3345 4276 ταῖς
3370 4215 3714 4284 νυκτεριναξ

2144 4307 2315 4380 ὥραις
2363 4309 2460 4379 τῆς
2489 4309 2579 4362 τοῦ
2629 4308 2762 4362 Θεοῦ
2817 4308 3108 4379 θεραπείας
3165 4305 3488 4378 μεμνῆσθαι.
3538 4306 3714 4359 Πάλαι

2147 4399 2244 4469 μὲν
2300 4393 2412 4466 οὖν,
2457 4398 2690 4470 ὁπηνίκα
2741 4399 2830 4453 διὰ
2875 4399 3156 4470 συμϐόλων
3205 4398 3298 4452 καὶ
3349 4397 3535 4450 τύπων
3590 4397 3714 4450 ἐλά-

480 4498 620 4552 rent,
653 4504 758 4542 non
791 4488 1146 4556 incongruum
1176 4496 1292 4540 erat
1314 4502 1408 4556 per
1434 4487 1688 4556 psalteria
1720 4495 1773 4542 et
1799 4487 2038 4543 citharas

2144 4507 2331 4562 τρευον
2362 4492 2410 4543 oi
2442 4491 2505 4543 ἐκ
2545 4488 2859 4562 περιτομῆς,
2892 4491 2991 4544 οὐκ
3034 4489 3254 4552 ἀπεικὸς
3287 4484 3352 4560 ῆν
3383 4488 3470 4541 διὰ
3505 4485 3714 4557 ψαλτη-

479 4582 710 4652 bymnos
742 4581 848 4635 Deo
875 4581 1141 4642 emittere,
1174 4578 1333 4648 idque
1362 4579 1449 4636 die
1495 4577 1714 4633 Sabbati
1763 4589 2038 4651 praestare,

479 4673 650 4730 otium
697 4686 889 4750 nempe
929 4670 1220 4734 solventes,
1259 4671 1400 4725 etin
1451 4669 1551 4724 hoc
1602 4669 1770 4743 legem
1817 4671 2038 4732 Sabbati

478 4767 961 4837 transgredientes.
1000 4765 1112 4822 Nos
1160 4782 1288 4820 vero
1326 4764 1570 4835 Judteum
1623 4766 1676 4820 in
1716 4766 2037 4821 abscondito

478 4865 760 4913 servantes
814 4857 1111 4913 secundum
1167 4857 1298 4911 illud
1356 4856 1598 4926 Apostoli
1645 4857 1846 4912 dictum
1877 4856 2036 4913 :Non

477 4949 614 5005 enim
643 4949 733 5017 qui
783 4950 835 5002 in
885 4949 1184 5016 manifesto,
1217 4948 1438 5004 Judwus
1491 4960 1590 5016 est,
1621 4967 1776 5021 neque
1825 4968 1940 5022 qua:
1983 4953 2036 5005 iu

477 5038 778 5106 manifesto,
813 5041 868 5093 in
898 5056 1071 5105 carne,
1091 5050 1169 5095 est
1197 5041 1558 5104 circumcisio;
1589 5041 1677 5095 sed
1704 5043 1793 5110 qui
1830 5043 1882 5095 in
1907 5042 2035 5096 abs-

476 5127 684 5181 condito
720 5129 940 5184 ludwus
977 5140 1076 5192 est,
1112 5140 1161 5186 et
1204 5132 1529 5187 circumcisio
1546 5133 1716 5187 cordis
1741 5135 1793 5187 in
1825 5134 2033 5202 spiritu,

477 5235 579 5272 non
607 5219 857 5286 littera“;
893 5221 1090 5276 viventi
1133 5223 1389 5292 psalterio
1416 5231 1471 5277 et
1512 5224 1716 5278 cithara
1773 5225 2034 5290 animata,

477 5309 966 5379 spiritualibusque
1039 5311 1266 5364 canticis
1348 5311 1607 5382 hymnum
1681 5311 2028 5369 eﬂ’undimus.

475 5400 635 5454 Omni
669 5402 867 5472 quippe
893 5403 1256 5457 instrumento
1282 5404 1490 5458 musico
1531 5405 1804 5475 acceptior
1829 5413 1880 5460 et
1905 5421 2033 5460 sua-

474 5490 593 5546 vior
625 5491 731 5546 Deo
760 5493 922 5547 fuerit
961 5493 1162 5548 Christi
1204 5495 1525 5564 populorum
1574 5505 1893 5562 concentus,
1925 5512 2034 5566 quo

473 5582 528 5638 in
573 5585 828 5638 omnibus
870 5584 960 5638 Dei
990 5585 1238 5641 ecclesiis
1289 5601 1393 5639 una
1441 5597 1636 5655 mente,
1673 5603 1781 5644 uno
1817 5587 2031 5655 aliectu,

601 5734 733 5792 Gen.
774 5752 820 5802 ι,
857 5737 910 5794 5.
985 5739 1003 5770 ⁸
1045 5737 1199 5796 Rom.
1238 5755 1310 5808 ιι,
1343 5739 1445 5807 9.8,
1483 5739 1570 5798 ἓξ).

2149 4586 2274 4656 ρίων
2317 4585 2408 4638 καὶ
2447 4585 2672 4656 κιθάρας
2723 4584 3061 4656 ἀναπέμπειν
3104 4584 3250 4647 τινάς
3288 4582 3364 4653 τῷ
3419 4582 3540 4652 Θεῷ
3588 4584 3713 4645 τοὺς

2146 4677 2365 4748 ὕμνους,
2400 4677 2493 4731 καὶ
2531 4676 2687 4731 τοῦτο
2732 4680 2901 4732 ποιεῖν
2937 4680 3057 4740 ταῖς
3100 4676 3332 4748 ἡμέραις
3365 4674 3459 4727 τοῦ
3499 4674 3711 4727 Σαϐϐα-

2141 4785 2255 4832 του,
2291 4768 2663 4839 παραλύοντας
2702 4768 2897 4839 δηλαδὴ
2931 4767 3028 4840 τὴν
3060 4767 3278 4839 ἀργίαν,
3312 4766 3403 4818 καὶ
3443 4766 3713 4836 παραεαῇ

2118 4878 2330 4924 -νοντας
2365 4862 2453 4914 τὸν
2483 4861 2642 4931 νόμον
2671 4860 2760 4913 τὸν
2800 4859 2928 4930 περὶ
2964 4857 3056 4912 τοῦ
3097 4857 3400 4915 Σαὸόάτου·
3438 4858 3601 4926 ἡμεῖς
3633 4857 3712 4919 δὲ,

2141 4952 2231 5006 τὸν
2281 4954 2340 5023 ἐν
2403 4952 2628 5025 κρυπτῷ
2687 4953 2934 5006 Ἰουδαῖον
2989 4950 3360 5014 ἀποσώζοντες
3424 4948 3563 5002 κατὰ
3617 4950 3712 5002 τὸν

2142 5043 2416 5111 φάσκοντα
2452 5043 2765 5098 Ἀπόστολον
2785 5059 2797 5071 ·
2837 5045 2916 5096 Οὐ
2949 5043 3058 5112 γὰρ
3086 5042 3154 5094 ὲν
3179 5039 3259 5106 τῷ
3305 5039 3541 5109 φανερῷ
3577 5041 3710 5093 Yet»

2140 5132 2304 5200 δαῖὀς
2332 5133 2519 5198 ἐστιν,
2545 5132 2684 5189 οὐδὲ
2711 5134 2748 5200 ἡ
2778 5134 2848 5186 ἐν
2880 5131 2959 5199 τῷ
2995 5130 3228 5201 φανερῷ
3281 5131 3350 5193 ἐν
3391 5131 3570 5198 σαρκὶ
3607 5147 3707 5184 πε-

2131 5224 2367 5295 ριτομὴ,
2391 5225 2526 5278 ἀλλ’
2546 5227 2579 5278 ὁ
2611 5225 2680 5278 ἐν
2705 5221 2784 5289 τῷ
2809 5221 3046 5292 κρυπτῷ
3085 5221 3376 5286 Ἰουδαῖος,
3412 5219 3510 5273 καὶ
3539 5221 3576 5286 ἡ
3601 5236 3704 5272 πε-

2133 5314 2344 5383 ριτομὴ
2379 5315 2621 5383 καρδίας
2651 5316 2720 5368 ἐν
2742 5316 3048 5383 πνεύματι,
3091 5314 3163 5367 οὐ
3199 5312 3504 5383 γράμματι,
3545 5311 3704 5375 ζῶντι

2138 5405 2415 5478 ψαλτηρίῳ
2438 5408 2531 5460 καὶ
2556 5407 2756 5479 κιθάρα
2783 5406 3030 5478 ἐμψύχῳ,
3053 5405 3443 5474 πνευματικαῖς
3459 5419 3521 5455 τε
3541 5402 3703 5473 ᾠδαῖς

2139 5496 2225 5548 τὸν
2267 5495 2430 5566 ὕμνον
2473 5496 2805 5568 ἀποδίδομεν.
2852 5496 3056 5559 Παντὸς
3084 5496 3128 5548 δ’
3164 5490 3257 5548 οὖν
3295 5492 3527 5564 ὀργάνου
3570 5510 3699 5562 μου-ο

2142 5589 2289 5643 σικοῦ
2318 5591 2506 5658 γένοιτ’
2527 5589 2590 5644 ἂν
2616 5589 2691 5660 τῷ
2711 5589 2829 5661 Θεῷ
2853 5586 3250 5662 προσηνεστέρα
3277 5586 3310 5656 ἡ
3333 5585 3436 5639 τῶν
3463 5583 3696 5657 Χριστοῦ
