3988 6204
317 296 460 354 ἔΙἸὸ

1403 296 1906 353 COMMENTARIA
1947 295 2014 352 IN.
2048 283 2416 349 PSALMOSI

3407 291 3546 346 1174

313 418 455 473 λαῶν
492 418 810 491 συμφωνία,
858 420 1074 492 καθ”ῆν
1114 422 1172 475 ἐν
1215 422 1414 485 πάσαις
1459 423 1577 485 ταῖς
1619 421 1711 474 τοῦ
1750 421 1871 474 Θεοί

1986 422 2102 493 pari
2135 435 2407 476 consensu
2437 422 2490 471 et
2518 427 2624 472 una
2651 416 2916 472 sententia
2937 415 3056 471 ﬁdei
3085 422 3137 472 et
3165 404 3403 487 pietatis,
3435 434 3544 473 una

312 511 648 583 ἐκκλησίαις,
679 511 1018 582 ὁμογνώμονι
1053 511 1196 582 ψυχῇ
1227 512 1319 565 καὶ
1355 512 1453 582 μιᾷ
1482 510 1736 575 διαθέσει,
1763 510 1884 581 ὁμο-

311 605 552 678 φροσύνῃ
601 621 660 658 τε
711 605 805 658 καὶ
847 603 1095 675 ὁμοδοξία
1145 603 1378 666 πίστεως
1425 602 1519 656 καὶ
1567 601 1880 668 εὐσεϐείας,

310 694 587 765 ὁμόφωνον
617 693 776 764 μέλος
805 693 860 745 ὲν
891 694 1008 754 ταῖς
1049 691 1437 763 ψαλμολογίαις
1469 691 1879 761 ἀναπέμπομεν.

309 786 597 849 Τοιαύταις
642 780 732 839 οῦν
767 785 1103 857 ψαλμῳδίαις
1155 784 1250 838 καὶ
1295 782 1545 854 κιθάραις
1591 799 1883 853 πνευματι-

308 879 432 940 καῖς
469 877 700 949 χρῆσθαι
732 877 1020 949 εἰώθαμεν,
1068 877 1190 930 ἐπεὶ
1233 875 1328 928 καὶ⁵
1371 874 1528 928 τοῦτο
1573 873 1811 927 διδάσκει
1855 875 1883 927 6

321 968 636 1032 Ἀπόστολος
662 969 865 1037 λέγων’
902 968 1167 1038 Ψαλμοῖς
1201 967 1298 1022 καί
1329 965 1506 1034 ᾠδαῖς
1532 966 1632 1021 καί
1673 966 1882 1035 ὕμνοις

307 1060 744 1130 πνευματικοῖς.
783 1061 882 1133 Εῖη
915 1061 962 1114 δ’
1001 1060 1067 1114 ἂν
1105 1059 1279 1123 ἄλλως
1319 1059 1520 1131 κιθάρα
1568 1059 1666 1130 μὲν
1691 1058 1742 1111 τί
1758 1058 1881 1120 ιπᾶν

309 1150 487 1222 σῶμα,
511 1147 570 1206 οῦ
603 1151 690 1206 διὰ
719 1151 828 1206 τῶν
859 1154 1123 1224 κινήσεων
1148 1152 1242 1206 καὶ
1266 1150 1374 1204 τῶν
1398 1148 1649 1220 πράξεων
1677 1151 1710 1219 ἡ
1737 1149 1881 1219 ψυχὴ

304 1243 396 1297 τὸν
430 1244 705 1315 πρέποντα
743 1244 821 1315 τῷ
859 1243 976 1315 Θεῷ
1009 1243 1174 1315 ὕμνον
1223 1241 1542 1296 ἀποδίδωσιο
1585 1240 1881 1312 ψαλτήριον

304 1334 360 1389 δὲ
387 1335 705 1407 δεκάχορδον
730 1339 763 1407 ἠ
794 1335 886 1389 τοῦ
915 1335 1069 1405 άγίου
1101 1336 1239 1389 Πνεύ
1249 1351 1415 1406 ματος
1442 1332 1528 1386 διὰ
1560 1332 1666 1386 τῶν
1693 1331 1882 1404 αἰσθη-

304 1427 506 1499 τηρίων
547 1427 708 1481 πέντε
751 1428 849 1499 μὲν
889 1428 981 1481 τοῦ
1027 1426 1293 1497 σώματος,
1337 1424 1634 1496 ἰσαρίθμων
1680 1423 1736 1477 δὲ
1781 1422 1882 1493 τῆς

302 1517 481 1592 ψυχῆς
506 1520 805 1591 δυνάμεων,
830 1519 1220 1590 ἐπιτελουμένη
1253 1516 1477 1589 λατρεία
1499 1533 1512 1547 '
1541 1515 1576 1571 ἃ
1619 1515 1683 1586 δὴ
1714 1531 1878 1586 παρι-

303 1612 434 1675 στὰς
474 1613 503 1664 6
548 1611 706 1676 αὐτὸς
735 1610 1057 1676 Ἀπόστολός
1101 1609 1232 1682 φησί
1287 1626 1419 1664 που⁸
1469 1600 1882 1676 Προσεύξομαι

302 1702 383 1769 τῷ
414 1705 722 1774 πνεύματι,
747 1704 1152 1774 προσεύξομαι
1192 1701 1260 1756 δὲ
1293 1702 1390 1755 καί
1424 1697 1504 1765 τῷ
1550 1700 1672 1754 νοΐο
1701 1698 1880 1768 ψαλῶ

1985 528 2136 579 voce,
2174 513 2344 568 melos
2379 512 2432 566 in
2483 509 2801 580 psalmodiis
2855 509 3176 565 emittimus.
3219 507 3545 578 Hujusmodi

1981 607 2149 678 igitur
2178 605 2492 678 psalmodiis
2521 612 2575 659 et
2613 603 2839 659 citharis
2879 602 3254 673 spiritualibus
3301 603 3378 655 uti
3412 619 3545 658 con-

1982 698 2304 754 suevimus:
2358 696 2487 765 quia
2539 693 2592 748 id
2648 694 2806 749 docet
2853 691 3146 764 Apostolus
3198 691 3284 748 bis
3340 693 3546 760 verbis,

1984 788 2220 842 Psalmis
2265 795 2315 841 et
2344 785 2564 840 canticis
2599 793 2648 838 et
2691 785 2898 855 hymnis
2945 782 3372 854 spiritualibus’.
3425 783 3547 837 Alia

1980 880 2109 935 item
2169 879 2384 933 ratione
2435 876 2646 931 cithara
2696 874 2860 930 fuerit
2900 882 3072 928 totum
3121 889 3341 945 corpus,
3392 873 3550 943 cujus

1981 970 2220 1025 motibus
2251 978 2304 1025 et
2333 968 2589 1040 operibus
2640 966 2822 1021 anima
2859 966 3244 1022 condecentem
3286 966 3551 1037 hymnum

1982 1060 2091 1116 Deo
2116 1060 2334 1116 emittit.
2377 1058 2702 1116 Psalterium
2745 1065 2924 1111 autem
2963 1056 3146 1110 decem
3194 1055 3546 1114 chordarum.

1984 1151 2222 1222 Spiritus
2266 1152 2439 1206 sancti
2498 1151 2680 1206 cultus
2726 1157 2831 1213 est,
2879 1163 2975 1219 per
3005 1149 3245 1219 quinque
3302 1146 3549 1217 corporis

1981 1259 2197 1306 sensus,
2230 1249 2283 1297 et
2317 1258 2413 1312 per
2458 1243 2682 1298 totidem
2726 1242 2919 1296 anima:
2955 1242 3185 1296 virtutes
3223 1239 3496 1296 exbibitus
3532 1253 3544 1290 :

1980 1353 2102 1409 qua:
2141 1337 2227 1392 his
2277 1336 2519 1392 declarat
2563 1336 2704 1391 idem
2756 1335 3070 1406 Apostolus,
3120 1332 3296 1389 Orabo
3337 1332 3558 1406 spiritu,

1982 1425 2143 1481 orabo
2181 1437 2353 1478 autem
2384 1434 2433 1478 et
2468 1433 2677 1488 mente;
2711 1425 2941 1494 psallam
2976 1424 3167 1495 spiritu
3188 1463 3201 1487 ,
3233 1422 3460 1491 psallam
3483 1431 3562 1472 vet.

1982 1523 2150 1568 mente
2165 1513 2228 1568 ‘°.
2263 1511 2430 1578 Quasi
2465 1514 2673 1568 scilicet
2696 1530 2850 1570 mens
2881 1515 3042 1570 etiam
3075 1522 3256 1567 motus
3297 1527 3427 1568 suos
3452 1510 3550 1564 b‘a—

1981 1606 2129 1674 beat,
2169 1604 2366 1675 quibus
2395 1605 2576 1674 pulsat
2615 1620 2843 1676 corpus;
2877 1614 2930 1660 et
2980 1605 3204 1675 spiritus
3253 1604 3382 1659 item
3415 1618 3548 1675 pro-

1981 1695 2130 1766 prios
2165 1695 2406 1750 obtineat
2435 1703 2636 1760 motus,
2675 1697 2874 1766 quibus
2908 1698 3155 1750 animam-
3171 1704 3370 1753 movet.

299 1792 382 1860 τῷ
413 1795 721 1864 πνεύματι,
760 1792 934 1862 ψαλῶ
981 1793 1049 1847 δὲ
1096 1792 1192 1847 καί
1239 1790 1320 1858 τῷ
1373 1792 1498 1846 νοτ·
1548 1790 1622 1854 ὡς
1661 1790 1754 1842 καὶ
1800 1786 1893 1841 τοῦ
1930 1785 2049 1850 νοὸς
2099 1785 2231 1848 ἰδίας
2270 1785 2482 1856 ἔχοντος
2531 1789 2790 1859 κινήσεις,
2837 1789 2905 1842 δι’
2950 1782 3028 1843 ὧν
3059 1787 3417 1861 ἀνακρούεται
3487 1790 3550 1844 τὸ

302 1889 482 1961 σῶμα,
519 1891 612 1944 καὶ
643 1890 736 1944 τοῦ
783 1889 1089 1961 πνεύματος
1123 1888 1282 1944 πάλιν
1313 1887 1539 1952 οἰκείας,
1573 1887 1638 1939 δι’
1666 1878 1740 1939 ὧν
1778 1884 1874 1956 τὴν
1900 1881 2074 1954 ψυχὴν
2106 1883 2336 1952 ἐνεργεῖ.

289 2031 292 2034 ~
374 2007 491 2059 Ὅτι
514 2004 814 2075 εὔφρανας
839 2022 936 2074 με,
964 2004 1160 2072 Κύριε,
1194 2003 1263 2057 ὲν
1302 2001 1382 2068 τῷ
1417 2001 1699 2071 ποιήματι
1737 2017 1871 2064 σου,

2037 1995 2203 2051 VERS.
2241 1997 2293 2051 5.
2330 1995 2470 2061 Quia
2499 1995 2772 2052 delectasti
2815 2015 2914 2063 me,
2970 1998 3210 2066 Domine,
3247 2001 3304 2055 in
3335 2001 3548 2070 factLra

299 2097 397 2152 καί
419 2098 488 2152 ὲν
508 2093 631 2165 τοῖς
657 2100 850 2168 ἔργοις
872 2095 989 2150 τῶν
1014 2096 1226 2166 χειρῶν
1251 2111 1367 2150 σου
1408 2093 1869 2165 ἀγηλλιάσομαι.

309 2189 370 2243 ’0
399 2190 596 2258 νοήσας
636 2188 732 2260 τὴν
776 2187 880 2240 ὑπὸ
916 2186 1008 2241 τοῦ
1053 2186 1188 2240 Θεοῦ
1233 2187 1605 2257 πεποιημένην
1638 2184 1871 2256 ἡμέραν,

298 2281 426 2354 περὶ
459 2276 526 2354 ἧς
558 2280 792 2354 εἴρηται,
835 2281 996 2348 Αὕτη
1045 2281 1084 2349 ἡ
1128 2279 1338 2350 ἡμέρα,
1381 2278 1462 2347 ἣν
1508 2279 1796 2344 ἐποίησεν
1841 2280 1874 2331 ὀ

297 2377 530 2445 Κύριος,
560 2375 1054 2446 ἀμλλιασὼμεθα
1097 2375 1196 2429 καί
1226 2373 1644 2444 εὐφρανθῶμεν
1667 2373 1740 2427 ἐν
1764 2374 1873 2426 αὐ-

297 2467 392 2538 τῇ,
438 2463 590 2532 οὗτος
639 2469 774 2540 ἐρεῖ,
813 2468 933 2522 Ὅτι
974 2466 1277 2536 εὔφρανας
1312 2484 1408 2535 με,
1445 2467 1647 2534 Κύριε,
1682 2465 1754 2519 ἐν
1792 2463 1874 2530 τῷ

297 2561 580 2632 ποιήματι
623 2575 758 2616 σου.
801 2560 938 2613 Ἀλλ’
970 2561 1156 2632 ἐπειδὴ
1208 2561 1334 2632 περί
1375 2558 1476 2628 τῆς
1520 2557 1730 2632 ἡμέρας
1778 2557 1871 2611 τοῦ

296 2653 576 2710 Σαϐϐάτω
619 2654 647 2706 6
681 2652 870 2724 παρὼν
915 2653 1124 2724 ψαλμὺς
1158 2651 1590 2724 προγέγραπται,
1620 2651 1874 2722 ζητήσεις

298 2746 417 2809 πῶς
465 2748 521 2800 ὲν
551 2745 732 2818 ἡμέρα
776 2744 1052 2798 Σαὸὁάτου
1095 2743 1402 2816 ηὑφράνθαι
1443 2741 1609 2812 λέγει,
1641 2741 1740 2795 οὐκ
1780 2742 1873 2795 ἐπὶ

297 2841 362 2911 τῇ
405 2838 744 2893 καταπαύσει
779 2838 873 2892 τοῦ
917 2836 1073 2902 Θεοῦ,
1105 2823 1210 2890 οὐδ’
1246 2837 1338 2890 ἐπὶ
1376 2839 1440 2908 τῇ
1480 2835 1657 2908 ἀργίᾳ
1685 2833 1869 2900 αὐτοῦ,

296 2930 396 2993 ὡς.
421 2929 487 2984 ἂν
533 2929 850 2983 ὑπολάϐοιεν
899 2928 1160 2991 Ἰουδαῖοι,
1187 2927 1276 2981 διὰ
1311 2927 1372 2980 τὸ
1421 2928 1479 2980 ὲν
1523 2928 1658 2997 αὐτῇ
1704 2942 1871 2978 κατα-

297 3020 501 3075 παῦσαι
541 3022 648 3074 άπὸ
685 3022 902 3075 πάντων
933 3020 1039 3074 τῶν
1077 3018 1251 3091 ἔργων
1290 3017 1475 3081 αὐτοῦ,
1512 3011 1586 3071 ὧν
1629 3017 1870 3088 εποίησε.

295 3111 409 3165 Καὶ
435 3111 538 3182 μὴν
564 3112 752 3182 ἐχρῆν,
783 3110 938 3182 εἴπερ
960 3111 1065 3183 ἄρα
1091 3112 1170 3174 εἰς
1192 3110 1252 3163 τὸ
1287 3109 1574 3164 Ἰουδαϊκὸν
1600 3108 1873 3164 Σάϐϐατον

296 3200 590 3270 ἀνεφέρετο
633 3201 701 3254 τὰ
743 3199 832 3254 διὰ
875 3199 971 3253 τοῦ
1015 3199 1227 3272 ψαλμοῦ
1280 3199 1619 3271 δηλούμενα,
1672 3199 1764 3253 ἐπὶ
1805 3201 1870 3271 τῇ

299 3289 464 3361 σχολῇ
507 3289 602 3342 τοῦ
649 3289 806 3354 Θεοῦ,
846 3289 941 3344 καὶ
973 3292 1058 3361 τῇ,
1092 3289 1168 3352 ὡς
1210 3289 1275 3343 ἂν
1312 3290 1535 3356 εἴποιεν,
1571 3289 1872 3343 ἀναπαύσει

1976 2099 2088 2154 tua,
2127 2097 2176 2142 et
2208 2089 2264 2142 in
2297 2089 2535 2156 operibus
2579 2106 2828 2143 manuum
2863 2100 3075 2144 tuarum
3115 2092 3412 2151 exsultabo.
3445 2094 3548 2160 Qui

1975 2181 2117 2237 diem
2149 2196 2180 2235 a
2225 2179 2459 2237 Domino
2499 2181 2700 2236 factam
2753 2183 3038 2250 intellexit,
3077 2184 3144 2239 de
3185 2201 3292 2256 qua
3338 2165 3552 2240 dictum.

1974 2280 2078 2337 est,
2113 2271 2241 2326 Hazc
2273 2271 2405 2337 dies,
2449 2289 2606 2343 quam
2638 2272 2761 2341 fecit
2809 2273 3088 2339 Dominus,
3139 2276 3459 2331 exsultemus
3496 2287 3553 2332 et-

1976 2367 2214 2422 lwtemur
2235 2368 2296 2421 in
2327 2368 2469 2434 ea",
2501 2366 2592 2422 hic
2615 2367 2778 2430 dicet,
2812 2367 2951 2434 Quia
2982 2368 3260 2424 delectasti
3304 2387 3404 2434 me,
3438 2370 3550 2424 Do.

1975 2461 2132 2524 mine,
2164 2461 2219 2514 in
2253 2461 2467 2532 factura
2499 2468 2611 2512 tua.
2651 2458 2757 2513 Sed
2789 2460 3047 2529 quoniam
3087 2460 3154 2514 de
3192 2461 3277 2516 die
3320 2461 3546 2518 Sabbati

1974 2552 2062 2607 hic
2086 2553 2330 2623 psalmus
2370 2551 2668 2622 inscriptus
2697 2558 2802 2615 est,
2832 2566 3046 2620 quaeras
3069 2567 3169 2605 cur
3195 2552 3249 2606 in
3285 2553 3375 2607 die
3403 2552 3546 2608 Sab-

1973 2643 2087 2698 bati
2123 2659 2182 2700 se
2229 2644 2559 2700 delectatum
2607 2657 2730 2698 esse
2778 2642 2944 2710 dicat,
2976 2657 3086 2697 non
3120 2642 3186 2697 de
3216 2641 3310 2698 Dei
3333 2646 3544 2716 requie,

1973 2750 2154 2806 neque
2181 2734 2249 2792 de
2277 2738 2397 2806 ejus
2430 2734 2756 2798 cessatione,
2785 2741 2843 2788 ut
2872 2731 3044 2788 ludsi
3075 2734 3388 2804 opinentur,
3416 2735 3548 2810 quia

1974 2828 2028 2883 in
2081 2827 2202 2898 ipso
2239 2828 2474 2884 cessavit
2508 2828 2577 2884 ab
2623 2829 2880 2886 omnibus
2926 2833 3186 2904 Operibus
3239 2833 3376 2896 suis,
3424 2848 3554 2903 qua.

1976 2918 2124 2974 fecit.
2161 2919 2229 2973 Et
2255 2935 2385 2975 vero
2414 2919 2462 2976 si
2488 2935 2550 2976 ea
2580 2937 2700 2991 quae
2729 2924 2784 2978 in
2831 2925 3042 2995 psalmo
3069 2923 3318 2980 feruntur
3358 2925 3558 2980 Judai-.

1975 3023 2100 3065 cum
2130 3008 2428 3065 Sabbatum
2453 3012 2806 3083 respicerent,
2829 3022 3114 3084 oporteret.
3138 3017 3342 3072 dixisse
3367 3016 3542 3081 illum,

1975 3115 2034 3156 se
2055 3101 2122 3156 de
2169 3101 2282 3156 otio
2315 3099 2432 3165 Dei,
2469 3112 2652 3173 atque,
2688 3110 2748 3158 ut
2781 3103 2854 3159 ita
2893 3105 3098 3170 dicant,
3131 3106 3199 3164 de
3237 3107 3550 3166 cessatione

1975 3193 2044 3247 ab
2090 3192 2346 3262 operibus
2385 3192 2708 3249 delectatum
2737 3210 2859 3250 esse
2888 3211 2901 3248 :
2942 3205 2996 3250 at
3026 3213 3134 3252 non
3173 3198 3247 3251 ita
3280 3197 3544 3269 loquitur,

1976 3282 2072 3338 sed
2096 3282 2191 3347 ait,
2229 3281 2517 3338 Delectasti
2567 3302 2667 3351 me,
2710 3284 2952 3349 Domine,
2986 3288 3040 3341 in
3093 3288 3304 3362 factura
3344 3298 3458 3356 tua,
3494 3297 3561 3343 et

296 3357 391 3433 καὶ
440 3357 606 3452 ἀργίᾳ
645 3381 809 3434 αὐτοῦ
845 3357 1152 3454 ηὐφράνθαι
1201 3380 1482 3450 λέγεσθαιο
1533 3383 1628 3436 νῦν
1672 3382 1728 3435 δὲ
1775 3382 1871 3454 ούχ

1976 3377 2029 3430 in
2069 3375 2310 3441 operibus
2343 3393 2594 3431 manuum
2631 3388 2845 3432 tuarum
2886 3360 3184 3448 exsultabo,
3222 3391 3407 3453 aperte
3451 3381 3547 3437 de-

294 3468 439 3524 οῦτω
469 3472 651 3544 φησὶν,
688 3471 802 3525 ἀλλ’
833 3471 1148 3542 Εὕφρανάς
1169 3490 1267 3542 με,
1291 3475 1483 3541 Κύριε,
1504 3473 1574 3528 ἐν
1595 3473 1676 3540 τῷ
1702 3474 1862 3542 ποιήι

290 3563 435 3632 ματί
475 3577 614 3628 σου,
667 3563 765 3618 καί
821 3563 890 3617 ἐν
933 3565 1055 3632 τοῖς
1100 3564 1296 3634 ἔργοις
1344 3563 1461 3618 τῶν
1501 3565 1713 3635 χειρῶν
1755 3581 1870 3619 σου

293 3654 756 3725 ἁγαλλιάσομαι,
792 3655 1046 3727 ἄντικρυς
1084 3655 1354 3728 παριστὰς
1401 3655 1542 3719 ἰδίως
1589 3656 1688 3726 μὲν
1730 3659 1868 3710 νοεῖ-

297 3746 420 3800 σθαι
450 3746 512 3800 τὺ
543 3746 770 3819 ποίημα,
802 3749 896 3802 καὶ
921 3749 1080 3802 πάλιν
1111 3748 1259 3813 ἰδίως
1286 3747 1354 3801 τὰ
1374 3748 1511 3820 ἔργα
1533 3749 1641 3802 τῶν
1672 3747 1869 3819 χειρῶν

295 3834 388 3889 τοῦ
413 3835 569 3900 Θεοῦ,
599 3839 682 3906 ἐφ’
722 3833 802 3902 οἷς
840 3837 1147 3910 ηὐφράνθαι
1195 3839 1463 3910 ὁμολογεῖ,
1491 3837 1604 3892 ἀλλ’
1637 3839 1738 3893 οὐκ
1776 3838 1869 3891 ἐπὶ

294 3926 361 3996 τῇ
408 3925 594 3997 ἀργίᾳ.
634 3927 733 3996 Εῐη
777 3927 821 3979 δ’
873 3927 938 3981 ἂν
991 3927 1199 4000 ποίημα
1242 3928 1338 3999 μὲν
1383 3928 1505 3981 καθ’
1538 3927 1637 3982 ἕνα
1670 3928 1869 4000 τρόπον

294 4013 433 4094 αῦτη
463 4017 498 4086 ἡ
537 4016 736 4088 ἡμέρα,
770 4020 897 4089 περὶ
927 4014 994 4092 ἧς
1030 4018 1272 4091 εἴρηται·
1302 4019 1462 4088 Αὕτη
1496 4020 1534 4087 ἡ
1569 4020 1758 4091 ἡμέρα
1789 4017 1870 4087 ἢν

294 4105 584 4174 ἐποίησεν
621 4110 653 4160 ό
682 4109 912 4176 Κύριος,
943 4110 1438 4181 ἀγαλλιασώμεθα
1479 4112 1575 4165 καί
1615 4114 1868 4181 εὐφραν-

297 4195 492 4266 θῶμεν
516 4197 585 4251 ἐν
607 4197 758 4266 αὐτῇ
778 4216 790 4229 °
831 4200 979 4272 δηλοί
1008 4202 1064 4256 δὲ
1093 4202 1189 4274 τὴν
1222 4203 1588 4274 ἀναστάσιμον
1636 4204 1727 4257 καὶ
1752 4206 1866 4257 Κυ-

299 4287 494 4360 ριακὴν
535 4288 765 4360 ἡμέραν,
807 4289 882 4352 ὡς
929 4293 986 4344 ὲν
1021 4293 1225 4364 ἑτέροις
1271 4294 1662 4359 ἀποδεικτικῶς
1698 4313 1856 4366 παρεο

298 4380 606 4451 στήσαμεν,
659 4380 726 4436 τὰ
775 4381 881 4435 ἀπὸ
927 4382 1024 4452 τῆς
1070 4386 1420 4456 κοσμοποιίας
1477 4386 1864 4458 παραθέμενοι,

295 4470 416 4524 καθ’
454 4471 520 4543 ἢν
562 4474 591 4526 6
636 4473 893 4544 Μωῦσῆςο
934 4473 1028 4525 Ἐν
1064 4474 1241 4545 ἀρχῇ,
1283 4479 1466 4550 φησὶν,
1511 4479 1802 4548 ἐποίησεν
1833 4481 1867 4533 d

296 4563 441 4631 Θεὸς
465 4564 572 4618 τὸν
600 4565 860 4634 οὐρανὸν
881 4566 978 4619 καί
1008 4567 1121 4636 τὴν
1150 4567 1294 4637 γῆν·
1326 4571 1420 4623 καὶ
1460 4571 1720 4640 ἐπιλέγει,
1758 4574 1866 4625 Γε-

291 4653 532 4723 νηθήτω
567 4653 712 4724 φῶς,
761 4653 860 4710 καὶ
901 4655 1138 4725 ἐγένετο
1181 4656 1338 4726 φῶς·
1387 4659 1486 4713 καί
1512 4661 1807 4714 ἐκάλεσεν
1833 4663 1866 4715 d

294 4744 438 4812 Θεὸς
479 4747 543 4799 τὸ
586 4744 710 4814 φῶς
750 4745 997 4816 ἡμέραν.
1027 4747 1188 4818 Ὁρᾷς
1233 4747 1344 4819 γὰρ
1379 4750 1454 4813 ὼς
1494 4750 1644 4804 οὐδὲν
1681 4751 1867 4823 ἕτερον

290 4839 350 4890 ὲν
393 4836 564 4910 ταύτῃ
590 4839 799 4906 γίνεται
843 4839 1253 4913 δημιούργημα,
1296 4841 1409 4895 ἀλλ’
1454 4844 1590 4916 αῦτη
1650 4844 1784 4916 μόνη
1833 4847 1866 4916 ἡ

287 4927 494 5000 ἡμέρα,
525 4928 600 4994 ὡς
629 4930 958 5002 ἐφαρμόζειν
984 4933 1120 5005 αὐτῇ
1150 4933 1210 4986 τὸ
1239 4933 1445 5004 φάσκον
1474 4934 1672 5006 λόγιον,
1708 4937 1866 5005 Αὕτη

289 5015 328 5082 ἡ
355 5014 548 5085 ἡμέρα
571 5015 650 5083 ἢν
673 5017 962 5087 ἐποίησεν
989 5023 1022 5074 ό
1050 5023 1280 5090 Κύριος.
1329 5023 1462 5077 Οὐδὲ
1506 5025 1616 5096 γὰρ
1657 5025 1783 5080 ἄλλο
1814 5043 1865 5078 τι

288 5105 402 5160 ἀλλ’
432 5106 602 5178 αὐτὴν
644 5108 741 5180 τὴν
779 5111 992 5183 ἡμέραν
1034 5113 1306 5184 ἐποίησεν,
1346 5115 1468 5187 ἥτις
1502 5113 1570 5188 ἦν
1610 5120 1644 5189 ἡ
1675 5117 1864 5188 πρώτη

287 5197 564 5270 Κυριακὴ,
590 5201 718 5274 περὶ
741 5196 808 5273 ἦς
839 5205 933 5258 καὶ
954 5204 1049 5258 νῦν
1084 5203 1337 5275 λέγεσθαι
1369 5207 1450 5272 τὸ,
1482 5209 1600 5263 Ὅτι
1639 5211 1864 5278 ηὔφρα-

286 5287 401 5356 νάς
431 5307 528 5360 με,
549 5292 744 5361 Κύριε,
774 5293 844 5348 ἐν
869 5295 950 5362 τῷ
984 5297 1265 5368 ποιήματι
1302 5313 1449 5354 σου’
1486 5301 1620 5373 ἔργα
1665 5302 1722 5354 δὲ
1753 5320 1864 5374 χει-

291 5381 400 5452 ρῶν
426 5382 588 5437 αύτοῦ
617 5384 686 5440 τὰ
705 5387 766 5455 ξν
786 5389 906 5451 ταῖς
932 5388 1069 5459 μετὰ
1090 5390 1261 5444 ταῦτα
1284 5392 1517 5463 ἡμέραις
1542 5393 1864 5465 γεγενῆσθαι

282 5471 769 5546 ἀναγεγραμμένα.
806 5479 963 5534 Κατὰ
998 5480 1056 5534 δὲ
1098 5480 1282 5554 ἕτερον
1313 5483 1514 5554 τρόπον
1546 5484 1760 5556 λεχθείη
1800 5487 1865 5540 ἂν

286 5564 497 5636 ποίημα
526 5567 626 5638 μὲν
663 5567 732 5622 τά
773 5571 938 5642 νοητά
980 5572 1074 5626 καὶ
1116 5572 1306 5642 λογικὰ
1348 5575 1440 5628 καὶ
1476 5575 1742 5648 ἀσώματα
1769 5578 1862 5630 τοῦ

1976 3468 2192 3522 clarans
2242 3469 2473 3524 seorsim
2521 3469 2812 3536 facturam,
2859 3486 2922 3526 ac
2959 3472 3187 3528 seorsim
3219 3487 3385 3543 opera
3427 3488 3545 3526 ma-

1971 3575 2141 3613 nuum
2171 3559 2265 3614 Dei
2307 3560 2563 3626 indicari,
2600 3562 2656 3617 in
2688 3563 2888 3636 quibus
2935 3579 3006 3619 se»
3042 3563 3369 3620 delectatum
3423 3580 3548 3622 esse

1971 3651 2282 3718 confitetur,
2318 3653 2414 3708 sed
2443 3669 2550 3709 non
2612 3656 2669 3709 in
2717 3655 3046 3712 cessatione.
3096 3655 3328 3716 Factura
3362 3667 3560 3716 autem

1971 3742 2153 3814 aliquo
2206 3744 2368 3800 modo
2417 3743 2578 3800 fuerit
2608 3745 2724 3816 ipsa
2762 3746 2901 3813 dies,
2928 3747 2995 3802 de
3025 3762 3131 3816 qua
3165 3747 3371 3802 dictum
3415 3758 3541 3803 est:

1974 3833 2105 3888 Haec
2126 3834 2255 3901 dies,
2288 3853 2447 3906 quam
2495 3837 2616 3906 fecit
2650 3836 2926 3904 Dominus,
2967 3840 3286 3894 exsultemus
3316 3850 3366 3894 et
3399 3840 3546 3894 la'te.

1972 3945 2091 3982 mur
2119 3929 2175 3983 in
2208 3946 2290 3984 ea.
2321 3928 2602 4001 Signiﬁcat
2637 3948 2765 3988 vero
2798 3933 3227 3989 resurrectionis
3261 3933 3402 3988 diem
3432 3933 3542 3988 Do-

1969 4020 2250 4085 minicam,
2277 4029 2337 4076 ut
2382 4022 2505 4078 aliis
2547 4023 2602 4077 in
2640 4024 2778 4082 locis
2817 4032 3004 4097 aperte
3041 4025 3543 4094 comprobavimus,

1969 4111 2098 4168 dum
2126 4129 2245 4184 qua
2271 4113 2340 4169 ad
2370 4114 2558 4169 mundi
2587 4116 2917 4174 creationem
2965 4125 3213 4188 spectant
3242 4118 3543 4188 explicare-

1970 4219 2125 4260 mus:
2153 4204 2220 4260 de
2242 4221 2350 4276 qua
2384 4205 2521 4261 dixit
2561 4206 2773 4279 Moyses
2801 4225 2814 4262 :
2838 4208 2906 4262 In
2948 4209 3205 4278 principio
3238 4209 3360 4278 fecit
3401 4208 3541 4262 Deus

1968 4296 2152 4348 coalum
2175 4305 2225 4349 et
2261 4304 2456 4349 terram
2475 4296 2552 4362 11';
2611 4312 2674 4352 ac
2715 4297 2956 4366 subjicit,
2982 4295 3130 4352 Fiat
3164 4299 3277 4360 lux,
3317 4309 3369 4352 et
3397 4298 3542 4365 facta

1965 4393 2042 4439 est
2071 4385 2263 4439 lux:et
2292 4385 2572 4455 appellavit
2595 4386 2732 4441 Deus
2755 4387 2941 4454 lucem,
2969 4387 3105 4441 diem
3126 4389 3187 4440 ⁸⁸.
3209 4376 3372 4442 Vides
3395 4388 3538 4442 enim

1969 4475 2181 4530 nullum
2215 4476 2361 4530 aliud
2377 4476 2650 4546 opiﬁcium
2678 4493 2741 4532 ea
2759 4476 2846 4532 die
2867 4477 3005 4532 eﬂici
3036 4477 3144 4532 nisi
3176 4477 3345 4532 solam
3370 4476 3556 4540 diem,

1968 4567 2043 4621 ita
2078 4575 2137 4622 ut
2185 4568 2263 4622 illi
2316 4567 2419 4622 hoc
2452 4568 2657 4623 dictum
2705 4569 2874 4639 probe
2902 4569 3212 4633 conveniat,
3249 4567 3376 4624 Illuc
3403 4568 3538 4635 dies,

1969 4677 2127 4732 quam
2155 4661 2278 4730 fecit
2311 4660 2588 4715 Dominus.
2614 4659 2760 4715 Nihil
2791 4662 2992 4732 quippe
3041 4661 3189 4716 aliud
3226 4668 3421 4731 prater
3456 4655 3540 4731 ip,-

1900 4729 1944 4783 θ
1971 4729 2086 4808 sam
2119 4729 2259 4808 diem
2301 4752 2562 4818 condidit,
2597 4768 2717 4822 qua:
2763 4729 3096 4822 erat—prima
3139 4729 3442 4816 Doininica,
3473 4729 3542 4808 de

1971 4861 2076 4916 qua
2119 4860 2265 4900 nunc
2297 4845 2519 4906 dicitur.
2569 4843 2708 4910 Quia
2747 4843 3021 4899 delectasti
3063 4861 3164 4908 me,
3204 4843 3450 4911 Domine,
3483 4848 3542 4908 in.

1968 4939 2332 5006 facturatua:
2373 4953 2543 5008 opera
2571 4945 2750 4991 autem
2807 4951 3065 4990 manuum
3099 4936 3219 5006 ejus
3260 4952 3322 4992 ea
3381 4947 3534 5004 sunt,

1967 5045 2087 5100 quae
2120 5031 2475 5101 sequentibus
2499 5029 2690 5092 diebus
2720 5028 2860 5083 facta
2886 5029 3223 5084 scribuntur.
3257 5029 3378 5084 Alio
3409 5031 3537 5085 item

1969 5121 2132 5178 modo
2175 5122 2384 5177 factura
2421 5122 2678 5176 dicantur
2719 5120 2993 5176 intellectu
3025 5120 3270 5190 pratdita,
3301 5122 3538 5177 rationa-

1966 5212 2095 5268 bilia
2125 5219 2178 5267 et
2203 5213 2526 5282 incorporea
2573 5211 2667 5267 Dei
2695 5211 2932 5282 opiﬁcia,
2967 5228 3073 5281 qua
3117 5213 3327 5268 ratione
3353 5212 3531 5264 anima

1967 5302 2034 5358 ad
2063 5302 2354 5374 imaginem
2387 5301 2483 5357 Dei
2513 5301 2655 5357 facta
2682 5318 2804 5358 esse
2835 5303 3041 5373 scripto
3071 5304 3340 5366 traditur;
3368 5315 3538 5370 opera

1967 5411 2094 5450 vero
2117 5411 2376 5449 manuum
2412 5395 2552 5465 ejus,
2572 5395 2856 5451 sensibilia
2886 5403 2939 5450 ct
2970 5411 3229 5465 corporea
3254 5394 3372 5463 eius
3401 5408 3532 5463 opev

1967 5501 2049 5554 ra,
2090 5487 2156 5542 de
2197 5487 2394 5556 quibus
2435 5487 2640 5542 dictum
2679 5496 2783 5552 est,
2827 5488 3088 5554 Quoniam
3128 5485 3304 5539 videbo
3352 5485 3530 5548 caelos,

1969 5594 2126 5648 opera
2171 5583 2455 5648 digitorum
2493 5587 2723 5643 tuorum,
2767 5581 2950 5632 lunam
2989 5588 3038 5632 ot
3079 5579 3282 5643 stellas,
3315 5593 3430 5647 qua:
3478 5589 3543 5634 tu.

355 5723 376 5754 ’
415 5719 613 5794 Ephes.
656 5742 709 5794 v,
750 5725 836 5785 l9.
917 5729 958 5762 ὀ
1001 5728 1022 5783 Ι
1056 5730 1184 5788 Cor.
1218 5746 1330 5801 11v,
1370 5731 1454 5789 l5.
1535 5735 1572 5766 “
1616 5733 1761 5791 Psal.
1799 5749 1864 5789 cx

1972 5775 1978 5798 ,
2020 5733 2107 5789 24.
2191 5735 2231 5766 ¹¹
2271 5732 2402 5790 Gen.
2446 5721 2602 5801 1,1.
2671 5734 2712 5766 ¹³
2752 5731 2878 5788 ibid.
2919 5731 2986 5788 5.
3018 5730 3052 5786 5
