3988 6204
477 256 620 315 H75
1178 253 1446 317 EUSEBII
1483 256 1958 320 CESARIENSIS
1991 261 2141 322 OPP.
2176 264 2356 322 PARS
2392 263 2478 321 ill.
2516 295 2587 309 ———
2627 254 3034 317 EXEGET‘ICA.
3562 266 3715 324 H76

470 375 707 435 fundasti
722 375 783 428 ¹⁸.
816 373 979 430 Docet
1017 374 1187 445 igitur
1230 375 1345 431 hate
1382 375 1684 448 Scriptura,
1719 380 1775 435 in
1807 381 1921 436 otio
1948 382 2033 437 di-

2137 381 2267 436 Θεοῦ
2301 382 2592 453 κτίσματα,
2620 380 2739 434 καθ’
2778 378 2807 431 ὃ
2852 378 2946 432 καὶ
2981 379 3014 450 ἡ
3064 379 3183 431 κατ’
3216 377 3396 432 εἰκόνα
3437 378 3529 433 τοῦ
3569 378 3712 435 Θεοῦ

470 468 716 525 vinarum
766 467 1239 536 exercitationum,
1275 469 1442 540 inque
1478 473 1784 533 cessatione
1818 489 1850 528 a
1902 489 2028 530 cor-

2139 475 2471 544 γεγενημένη
2512 471 2655 543 ψυχὴ
2702 469 3027 542 πεποιῆσθαι
3072 468 3512 540 ἀναγέγραπται³
3570 470 3714 544 ἔργα

468 561 645 632 porcis
675 566 729 614 et
763 559 1086 614 mortalibus
1132 557 1410 631 op‘eribus,
1445 577 1606 631 quam
1653 561 1947 619 Sabbatum
1978 571 2034 622 et

2139 561 2428 636 δὲ-χειρῶν
2481 560 2644 617 αὐτοῦ
2690 563 2759 617 τὰ
2805 560 3036 632 αἰσθητὰ
3076 562 3168 616 καὶ
3213 562 3496 633 σωματικὰ
3541 561 3714 617 αὐτοῦ

467 649 707 720 requiem
771 649 1053 721 Scriptura
1106 661 1285 717 vocat,
1320 667 1415 708 eos
1448 654 1539 723 qui
1586 656 2030 726 contemplationi

2143 650 2606 723 δημιουργήματα,
2631 652 2756 723 περ⁴ι
2785 644 2861 705 ὧν
2890 650 3129 723 εἴρηται·
3166 650 3289 704 Ὅτι
3318 651 3533 721 ὄψομαι
3567 658 3718 720 τοὺς

465 741 834 812 spiritualium
875 743 1037 798 simul
1066 752 1119 798 et
1160 744 1496 800 sensibilium
1528 745 1622 802 Dei
1661 762 1885 818 operum
1932 764 2027 803 va-

2142 741 2450 812 οὺρανοὺς,
2474 743 2618 813 ἔργα
2654 742 2769 796 τῶν
2801 741 3117 799 δακτύλων
3136 755 3273 806 σου,
3313 741 3588 810 σελήνην
3613 745 3717 799 καὶ

466 842 608 899 cant,
633 835 835 899 dicere,
857 836 995 903 Quia
1022 835 1294 907 detectasti
1322 854 1422 901 me,
1462 837 1705 904 Domine,
1734 840 1787 893 in
1815 839 2028 909 factura

2143 832 2422 902 ἀστέρας,
2466 833 2505 889 ἂ
2560 833 2640 888 σὺ
2684 833 3098 903 ἐθεμελίωσας.
3150 834 3402 889 Διδάσκει
3452 835 3718 907 τοίνυν·ἠ

466 935 576 990 tua,
607 935 656 980 et
674 927 727 980 in
755 928 993 995 aperibus
1030 944 1279 982 manuum
1307 939 1517 983 tuarum
1544 930 1820 986 exsultabo
1855 947 1873 985 :
1902 948 2025 987 nam

2144 923 2274 994 μετὰ
2306 926 2491 996 χεῖρας
2535 923 2744 997 Γραφὴ,
2776 926 2834 977 ὲν
2874 927 2940 995 τῇ
2987 923 3146 995 σχολῇ
3192 923 3298 977 τῶν
3335 923 3495 978 θείων
3539 925 3719 992 ἀσκή-

467 1023 526 1071 ea':
564 1018 922 1088 magnitudine
967 1028 1016 1073 et
1060 1019 1451 1088 pulchritudine
1501 1034 1866 1077 creaturarum
1905 1039 2028 1092 pro-

2135 1032 2291 1082 σεων,
2316 1017 2410 1069 καὶ
2432 1018 2496 1087 τῇ
2521 1016 2629 1070 τῶν
2651 1016 2974 1087 σωματικῶν
3006 1016 3098 1070 καὶ
3124 1016 3328 1087 θνητῶν
3353 1016 3530 1088 ἔργων
3549 1018 3710 1086 ἀσχο-

465 1110 698 1176 portione
720 1110 949 1180 quadam
969 1111 1142 1181 opifex
1166 1128 1347 1167 earum
1377 1115 1697 1182 conspicitur
1720 1115 1765 1147 ¹⁵
1788 1133 1800 1167 :
1829 1130 1893 1172 ac
1916 1118 2027 1187 spi-.-

2144 1108 2222 1180 ita
2252 1124 2311 1162 τε
2357 1109 2450 1162 καὶ
2480 1108 2667 1182 ἀργίᾳ,
2702 1109 2770 1178 ἦν
2812 1124 2932 1162 τινα
2969 1108 3244 1163 Σάδδατον
3269 1109 3364 1164 καὶ
3407 1110 3719 1164 ἀνάπαυσιν

464 1199 702 1264 ritualia,
758 1201 1075 1273 incorporea
1124 1211 1178 1259 et
1211 1204 1478 1269 coelestia,
1523 1221 1736 1261 necnon
1784 1208 2021 1263 visibilis

2147 1206 2154 1252 ι
2182 1201 2337 1271 λόγος
2362 1200 2641 1266 ἀποκαλεῖ,
2680 1202 2737 1255 ὲν
2763 1204 2828 1273 τῇ
2852 1200 3053 1274 θεωρίᾳ
3090 1202 3196 1254 τῶν
3238 1218 3298 1254 τε
3333 1202 3536 1273 νοητῶν
3575 1200 3722 1272 ὁμοῦ

463 1286 601 1360 ejus,
636 1305 667 1343 a
705 1292 980 1347 creatione
1010 1293 1196 1353 mundi
1220 1294 1475 1364 operibus
1508 1295 1777 1350 intellecta
1804 1298 2021 1368 conspi-

2139 1295 2220 1348 καὶ
2238 1294 2346 1347 τῶν
2368 1292 2530 1363 αίσθη
2539 1310 2649 1346 των
2665 1292 2840 1365 ἕργῶν
2856 1292 2949 1347 τοῦ
2969 1292 3100 1347 Θεοῦ
3121 1291 3474 1364 σχολάζοντας
3505 1292 3714 1362 λέγειν’

464 1380 702 1443 ciuntur,
737 1383 1037 1437 secundum
1067 1391 1315 1438 sanctum
1345 1384 1662 1454 Apostolum
1682 1387 1743 1440 ’⁸.

2139 1388 2247 1440 Ὅτι
2286 1384 2601 1456 ωὕφρανάς
2646 1403 2743 1456 με,
2784 1386 2980 1454 Κύριε,
3012 1385 3079 1438 ἐν
3122 1384 3204 1450 τῷ
3240 1383 3519 1453 ποιήματι
3565 1398 3714 1447 σου,

462 1486 558 1527 και
582 1474 654 1528 ἐν
682 1474 804 1542 τοῖς
831 1476 1026 1547 ἔργοις
1063 1477 1181 1531 τῶν
1211 1479 1422 1555 χειρῶν
1441 1496 1557 1535 σου
1577 1481 2035 1552 ἀγαλλιάσομαι,
2062 1483 2131 1537 ἐκ
2152 1482 2441 1553 μεγέθους
2462 1481 2570 1553 γὰρ
2595 1482 2694 1536 καὶ
2715 1479 3021 1549 καλλονῆς
3046 1478 3382 1548 κτισμάτων
3405 1481 3714 1549 ἀναλόγως

461 1580 494 1632 δ
520 1571 933 1641 γενεσιοιιιργύς
967 1571 1166 1627 αὐτῶν
1209 1577 1498 1644 θεωρεῖται
1516 1592 1528 1606 ·
1558 1578 1650 1631 καὶ
1680 1576 1747 1630 τὰ
1775 1578 1939 1649 νοητὰ
1960 1579 2015 1632 δὲ
2061 1582 2154 1634 καὶ
2178 1581 2442 1650 ἀσώματα
2464 1580 2559 1633 καὶ
2599 1578 2959 1650 ὑπερκόσμια,
2988 1579 3059 1632 τά
3092 1595 3150 1631 τε
3186 1577 3357 1650 ὁρατά
3406 1576 3566 1632 αὐτοῦ
3601 1578 3713 1631 ἀπὸ

462 1662 686 1728 κτίσεως
729 1664 930 1735 κόσμου
972 1668 1080 1730 τοῖς
1125 1668 1391 1740 ποιήμασι
1441 1668 1702 1741 νοούμενα
1752 1672 2066 1744 καθορᾶται,
2119 1672 2260 1727 κατὰ
2316 1673 2406 1727 τὸν
2463 1672 2605 1744 ἱερὸν
2652 1672 2992 1726 Ἀπόστολον.

533 1778 703 1835 Vens.
736 1779 791 1846 6,
819 1780 869 1835 7.
913 1782 1086 1848 Quam
1141 1785 1480 1856 magniﬁcam
1527 1797 1650 1842 sunt
1705 1805 1863 1859 opera
1913 1800 2027 1855 tua,
2061 1797 2105 1854 Β

2212 1791 2306 1859 Ὦς
2332 1792 2704 1861 ἐμεγαλύνθη
2745 1791 2816 1845 τὰ
2863 1790 3009 1861 ἔργα
3056 1804 3192 1855 σου,
3234 1791 3430 1859 Κύριε,
3477 1788 3718 1860 σφόὸιῃ

462 1869 719 1926 Domine!
741 1873 898 1928 nimis
921 1876 1198 1944 profunda:
1223 1878 1378 1945 facta:
1392 1888 1511 1932 sunt
1531 1882 1874 1950 cogitationes
1899 1893 2027 1941 tum.

2139 1879 2555 1951 ἑϐαθύνθησαν
2594 1886 2649 1936 οι
2697 1882 3074 1952 διαλογισμοί
3111 1898 3249 1937 σου.
3289 1881 3459 1951 Ἀνὴρ
3509 1881 3714 1951 ἄφρων

469 1959 564 2014 Vir
586 1962 839 2033 insipiens
867 1981 969 2018 non
994 1977 1290 2035 cognoscet,
1330 1977 1379 2021 et
1413 1971 1609 2024 stultus
1640 1989 1742 2025 non
1785 1974 2038 2044 intelliget

2135 1977 2209 2029 οὐ
2246 1973 2554 2045 γνώσεται,
2596 1973 2694 2026 καὶ
2739 1973 3032 2040 ἀσύνετος
3084 1974 3154 2028 οὐ
3201 1970 3461 2039 ovi-rios:
3500 1971 3710 2026 ταῦτα.

458 2049 588 2105 hinc.
621 2052 728 2115 Me,
756 2054 952 2125 inquit,
985 2055 1281 2121 delectasti,
1317 2058 1560 2124 Domine,
1592 2062 1645 2115 in
1675 2062 1887 2131 [actura
1919 2075 2031 2130 tua,

2147 2065 2305 2136 Ἐμὲ,
2347 2065 2530 2136 φησὶν,
2553 2064 2881 2132 ηὔφρανας,
2912 2058 2958 2118 ὦ
2977 2064 3176 2132 Κύριε,
3216 2063 3285 2118 ἐν
3325 2062 3404 2129 τῷ
3426 2063 3714 2131 ποιήματι

457 2152 504 2196 et
536 2144 591 2196 in
620 2144 864 2214 operibus
900 2162 1149 2201 manuum
1174 2138 1424 2213 tuarum;
1460 2152 1552 2206 sed
1595 2169 1705 2208 non
1733 2156 1913 2225 quivis
1934 2156 2032 2212 ho-

2136 2176 2269 2222 σου,
2293 2158 2392 2212 καί
2411 2158 2481 2211 ἐν
2500 2159 2624 2223 τοῖς
2646 2156 2840 2227 ἔργοις
2860 2154 2976 2210 τῶν
2993 2154 3209 2226 χειρῶν
3220 2171 3335 2210 σου
3353 2173 3367 2186 ⁸
3386 2154 3499 2209 ἀλλ’
3524 2156 3587 2208 οὐ
3614 2156 3711 2210 καὶ

457 2248 547 2287 mo
574 2235 693 2306 pari
734 2241 898 2304 atque
929 2251 1030 2307 ego
1060 2239 1223 2293 modo
1263 2239 1488 2299 all‘ectus
1541 2250 1645 2300 est.
1689 2245 1843 2302 Multi
1874 2264 2027 2304 nam:

2135 2252 2240 2314 πᾶς
2263 2249 2400 2321 ἀνὴρ
2425 2249 2525 2322 τὴν
2552 2247 2718 2319 αὐτὴν
2758 2248 2881 2320 ἐμοὶ
2907 2247 3061 2319 φέρει
3093 2246 3350 2303 διάθεσιν.
3384 2247 3582 2301 Πολλοὶ
3600 2246 3710 2318 γάρ

457 2341 565 2396 que
590 2325 914 2396 insipientes
929 2335 982 2383 et
1007 2328 1381 2400 imprudentes
1398 2343 1547 2399 sunt,
1577 2336 1670 2405 qui
1700 2351 1802 2392 nec
1828 2348 2031 2395 norunt

2133 2344 2266 2396 εἰσιν
2295 2342 2525 2415 ἄφρονες
2546 2340 2638 2395 καὶ
2658 2339 2923 2404 ἀσύνετοι,
2950 2340 3010 2392 οὐ
3035 2338 3410 2408 γινώσκοντες,
3434 2339 3556 2393 οὐδὲ
3580 2357 3708 2392 συν-

456 2430 557 2493 nec
592 2415 902 2488 intelligunt
936 2434 1021 2486 ea,
1055 2419 1108 2473 in
1136 2421 1336 2490 quibus
1366 2439 1452 2478 me
1481 2424 1740 2480 delectari
1769 2434 1823 2482 et
1850 2429 2030 2484 exsul-

2133 2434 2303 2498 ιέντες
2347 2432 2486 2487 αὐτὰ
2513 2432 2577 2503 δὴ
2614 2432 2787 2485 ταῦτα
2812 2470 2826 2495 ,
2869 2433 2952 2501 ἐφ’
3002 2425 3083 2496 οἷς
3123 2431 3283 2496 αὐτὸς
3327 2431 3708 2503 εὐφραίνεσθαι

458 2511 576 2560 tare
622 2505 905 2582 conﬁteor.
950 2507 1316 2575 Quamobrem
1367 2513 1457 2583 qui
1504 2529 1631 2570 vere
1679 2516 1946 2588 insipiens
1974 2528 2029 2576 et

2135 2527 2221 2581 Ital.
2257 2525 2517 2597 ἀγαλλιᾷν
2558 2523 2825 2597 ὁμολογῶ.
2860 2524 3058 2595 Διόπερ
3086 2525 3115 2577 ὁ
3157 2523 3232 2588 ῶς
3263 2522 3480 2596 άληθῶς
3517 2522 3710 2594 ἄφρων

454 2598 659 2655 stultus
710 2607 815 2664 est,
862 2598 957 2655 Dei
1006 2603 1347 2672 providentia
1390 2614 1444 2661 et
1494 2607 1661 2664 verbo
1710 2611 2025 2668 universum

2133 2620 2220 2674 καὶ
2249 2618 2504 2682 ἀσύνετος
2534 2618 2747 2689 ἀναιρεῖ
2781 2617 2879 2688 μὲν
2907 2617 2968 2670 τὸ
2995 2616 3222 2689 προνοίᾳ
3262 2615 3359 2669 καὶ
3399 2615 3543 2686 λόγῳ
3569 2614 3708 2669 Θεοῦ

454 2692 772 2748 constitisse
819 2701 1018 2764 negat;
1050 2695 1143 2751 sed
1196 2696 1306 2752 fato
1339 2708 1395 2753 et
1434 2701 1770 2766 necessitati,
1799 2702 2023 2761 insano-

2135 2709 2445 2764 συνεστάναι
2470 2708 2530 2762 τὸ
2558 2710 2686 2774 πᾶν,
2718 2708 3024 2781 εἱμαρμένῃ
3050 2707 3107 2761 δὲ
3143 2705 3239 2760 καὶ⁵
3272 2705 3505 2779 ἀνάγκη,
3526 2705 3710 2777 ἀλόγῳ

453 2797 560 2854 que
600 2783 817 2839 cuidam
857 2785 1045 2840 cursui
1090 2801 1153 2840 ac
1200 2786 1437 2845 fortuna:
1484 2798 1633 2846 tanta
1673 2790 1770 2847 Dei
1807 2792 2023 2864 opiﬁcis

2135 2819 2182 2855 ιε
2213 2802 2355 2874 φορᾷ
2385 2799 2480 2854 καὶ
2503 2799 2641 2870 τύχῃ
2666 2797 3006 2869 προσγράφει
3035 2797 3103 2851 τὰ
3124 2795 3423 2869 τηλικαῦτα
3450 2795 3544 2849 τοῦ
3564 2795 3710 2849 Θεοῦ

424 2906 427 2907 ν
456 2876 699 2934 ascribit.
736 2876 935 2933 Verum
971 2878 1155 2947 etiam,
1201 2889 1258 2935 ut
1290 2880 1538 2947 insanus,
1564 2882 1622 2938 in
1652 2884 1894 2941 universi
1923 2886 1999 2943 ad-

2133 2893 2593 2966 δημιουργήματα.
2631 2890 2792 2944 me
2830 2891 2925 2945 καὶ
2966 2889 3041 2954 ὡς
3084 2888 3338 2954 ἀσύνετος
3368 2888 3708 2961 προσκόπτει

455 2968 863 3025 ministratione
900 2970 1010 3024 ruit
1058 2977 1112 3025 et
1153 2971 1353 3028 labitur
1400 2973 1678 3045 opinione,
1722 2977 1868 3048 quod
1915 2978 2020 3049 ipsi

2129 2988 2184 3058 τῇ
2209 2985 2471 3055 διοικήσει
2505 2982 2603 3037 τοῦ
2633 2983 2853 3049 παντὸς,
2878 2982 2965 3036 διὰ
3005 2982 3066 3037 τὸ
3110 2983 3285 3037 δοκεῖν
3319 2980 3520 3047 πολλὰς
3558 2983 3704 3036 ἀνω-

455 3059 705 3114 videatur
757 3061 988 3114 multum
1033 3060 1215 3117 inesse
1248 3063 1303 3117 in
1344 3064 1558 3119 mortali
1596 3064 1705 3119 vita
1738 3066 2019 3139 inaequali-

2135 3076 2321 3148 κοιλίας
2350 3077 2407 3130 ὲν
2442 3075 2522 3147 τῷ
2546 3073 2725 3146 θνητῷ
2758 3074 2859 3146 βίῳ
2887 3073 3130 3145 θεωρεῖν.
3165 3075 3222 3128 '0
3265 3074 3365 3145 μὲν
3392 3068 3485 3127 οῦν
3512 3073 3710 3145 ἄφρων

457 3151 608 3206 tatis.
640 3149 911 3223 [nsipiens
960 3152 1127 3223 igitur
1151 3153 1241 3209 ille
1272 3162 1327 3211 et
1359 3155 1587 3214 insanus
1615 3173 1728 3213 rem
1772 3175 1913 3231 aegre
1941 3159 2017 3215 fe—

2128 3149 2213 3225 καὶ
2243 3168 2500 3233 ἀσύνετος
2531 3167 2892 3240 δυσχεραίνων
2920 3166 3080 3232 εὐθὺς
3112 3166 3204 3221 ἐπὶ
3243 3166 3563 3239 βλάσφημον
3603 3166 3703 3220 καὶ

455 3258 604 3306 rens,
634 3244 814 3300 statim
842 3244 909 3300 ad
936 3244 1312 3316 blaspliemum
1340 3255 1395 3304 et
1422 3248 1647 3319 impium
1667 3251 2014 3307 ratiocinium

2128 3259 2292 3332 ἀσεϐῆ
2316 3257 2571 3330 λογισμὸν
2602 3257 2884 3330 τρέπεται,
2922 3257 3189 3329 ἀθεότητά
3226 3275 3285 3311 τε
3315 3258 3409 3312 κα)⁸
3439 3259 3703 3330 άπρονοη⁴

455 3334 706 3398 vertitur,
729 3334 923 3390 horum
956 3348 1173 3390 causam
1198 3336 1457 3395 dictitans
1483 3354 1626 3404 esse,
1659 3341 1803 3412 quod
1835 3342 2019 3400 nullus

2131 3352 2242 3405 τίαν
2258 3391 2274 3416 ,
2304 3351 2398 3405 καὶ
2421 3350 2480 3404 τὸ
2503 3348 2651 3420 εἰκῆ,
2673 3348 2766 3402 καὶ
2793 3348 2869 3412 ὡς
2891 3346 3069 3419 ἔτυχε,
3093 3347 3297 3403 τούτων
3321 3342 3457 3400 εἶναι
3477 3346 3706 3414 φάσκων

456 3426 531 3481 sit
562 3425 725 3491 Deus,
759 3427 908 3481 nulla
957 3427 1331 3498 providentia;
1376 3429 1472 3485 sed
1500 3432 1697 3486 ’omnia
1738 3440 1939 3489 temere
1967 3445 2021 3489 et

2124 3444 2299 3497 αἴτια·
2333 3440 2443 3513 ἐγὼ
2492 3441 2570 3508 δὲ,
2616 3440 2709 3494 καὶ
2750 3440 2844 3492 ἐπὶ
2888 3438 2996 3492 τῶν
3042 3438 3453 3511 προειρημένων
3485 3437 3699 3508 ἀδήλων

456 3533 589 3574 casu
628 3517 891 3576 ferantur.
928 3518 1040 3591 Ego
1071 3535 1200 3576 vero
1225 3521 1390 3576 etiam
1418 3521 1470 3575 in
1501 3521 1610 3579 illis
1637 3524 1889 3579 obscuris
1922 3539 2020 3580 oc-

2123 3532 2360 3591 εὐσεὸεῖν
2416 3529 2825 3603 δεδιδαγμένος,
2877 3530 3217 3602 πέπεισμαι,
3279 3530 3359 3584 ὅτι
3404 3529 3539 3599 ὑπὲρ
3589 3527 3698 3598 τὴν

456 3609 727 3679 cultisque
765 3610 951 3675 rebus,
984 3611 1070 3683 pia
1105 3611 1347 3666 imbutus
1374 3613 1665 3679 sententia,
1696 3626 2021 3685 persuasum

2121 3625 2261 3698 ἐμὴν
2308 3625 2646 3697 σμικρότητα
2688 3621 3043 3694 τυγχάνουσιν
3086 3623 3134 3676 οί
3174 3622 3276 3692 τῆς
3330 3622 3421 3692 σῆς
3455 3620 3690 3691 κρίσεως

454 3702 631 3759 habeo
672 3703 865 3772 judicii
922 3712 976 3761 et
1020 3705 1515 3762 administrationis
1572 3715 1677 3764 tina
1728 3709 2020 3776 rationem,

2122 3718 2216 3773 καὶ
2235 3716 2548 3789 διοικήσεως
2572 3715 2741 3785 λόγοι.
2772 3715 2864 3769 Διό
2889 3732 3031 3787 φημι
3048 3733 3061 3745 ·
3099 3714 3198 3781 Ὠς
3223 3712 3580 3784 cmpuli}qu
3617 3709 3694 3764 τὰ

456 3796 775 3865 parvitatem
802 3812 977 3852 meam
1002 3798 1162 3869 longe
1191 3814 1470 3868 superare.
1489 3798 1856 3866 Quamobrem
1876 3802 2019 3866 dico,

2123 3808 2264 3879 ἔργα
2295 3822 2434 3874 σου,
2457 3807 2668 3875 Κύριε]
2703 3804 2940 3876 σφόδρα
2981 3803 3458 3874 ὐπερυψώθησαν
3478 3804 3533 3856 ol
3561 3800 3698 3856 δια·-

440 3885 633 3953 ’ριιαηι
675 3889 1015 3959 magni/inata
1045 3900 1166 3943 sunt
1196 3906 1354 3960 opera
1392 3901 1505 3954 tua,
1549 3890 1807 3947 Domine!
1838 3893 2015 3947 admo-

2129 3900 2397 3971 λογισμοί
2444 3912 2581 3953 σου.
2624 3899 2737 3953 Καὶ
2783 3897 2945 3952 πόθεν
2989 3897 3097 3970 γάρ
3155 3895 3368 3968 θνητοῖς
3422 3893 3704 3964 λογισμοῖς

456 3976 583 4030 dum
636 3976 854 4031 excelsae
898 3978 1054 4047 facta:
1107 3990 1229 4033 sunt
1277 3981 1616 4051 cogitationes
1661 3990 1785 4038 tum.
1824 3985 1887 4037 Et
1928 3986 2021 4054 qui

2131 3993 2345 4064 ἐρευνᾷν
2387 3990 2455 4045 τὰ
2482 3990 2620 4062 βάθη
2645 3989 2738 4045 τοῦ
2773 3991 2937 4058 Θεοῦ,
2968 3990 3063 4047 καὶ
3096 3987 3382 4059 γινώσκειν
3423 3986 3549 4050 τοὺς
3579 3986 3706 4040 δια-

457 4069 670 4138 possint
702 4070 953 4124 mortalia
1001 4071 1309 4139 ratiocinia,
1362 4073 1634 4142 profunda
1686 4071 1782 4129 Dei
1834 4076 2019 4145 explo-

2129 4086 2409 4156 λογισμοὺς
2436 4082 2604 4137 αὑτοῦ
2636 4082 2853 4147 καθόῦς
2887 4083 3079 4137 διοικεῖ
3115 4081 3185 4135 τὰ
3221 4079 3565 4152 ἁνθρώπινα;
3610 4079 3704 4144 Ὠς

456 4176 600 4225 rare,
629 4168 685 4216 et
712 4161 1073 4232 cogitationes
1101 4162 1221 4233 ejus
1238 4164 1389 4234 queis
1409 4165 1646 4219 humana
1673 4165 2021 4223 administrat

2131 4179 2228 4250 γὰρ
2248 4177 2423 4241 οὐδεὶς
2453 4177 2593 4246 ἔγνω
2610 4176 2728 4230 τῶν
2754 4175 3080 4244 ἀνθρώπων
3093 4173 3165 4228 τὰ
3183 4172 3287 4227 τοῦ
3308 4169 3622 4239 ἀνθρώπου
3644 4170 3706 4224 ει

456 4251 826 4323 cognoscere?
849 4253 1317 4318 Quemadmodum
1358 4257 1502 4310 enim
1532 4257 1717 4314 nullus
1748 4257 2016 4314 hominum

2116 4269 2199 4340 μὴ
2222 4269 2287 4324 τὸ
2308 4269 2542 4337 πνεῦμα
2558 4267 2624 4322 τὸ
2643 4268 2712 4321 ἐν
2730 4265 2908 4333 αὐτῷ,
2927 4267 3081 4321 οὕτω
3102 4264 3201 4320 καὶ
3220 4263 3295 4318 τὰ
3313 4262 3419 4318 τοῦ
3438 4262 3587 4316 Θεοῦ
3606 4262 3683 4315 οὐ

455 4342 595 4396 novit
621 4359 737 4413 qua:
762 4353 882 4397 sunt
906 4343 1152 4410 hominis,
1186 4346 1289 4400 nisi
1327 4348 1545 4417 spiritus
1575 4350 1665 4419 qui
1695 4352 1747 4403 in
1773 4350 1884 4419 ipso
1913 4360 2014 4415 est;

2133 4360 2241 4428 5qu
2274 4362 2426 4431 ἔγνω
2461 4361 2515 4414 εί
2544 4358 2631 4429 μὴ
2663 4359 2731 4413 τὸ
2759 4357 3001 4429 Πνεῦμα
3019 4357 3124 4412 τοῦ
3152 4354 3321 4419 Θεοῦ,
3350 4355 3447 4407 καὶ
3465 4353 3564 4424 οὐχ
3589 4346 3708 4416 οἷός

453 4433 530 4487 sic
556 4449 673 4503 qua:
707 4432 799 4487 Dei
827 4443 950 4488 sunt
975 4434 1151 4490 nullus
1205 4439 1370 4505 novit,
1411 4440 1517 4494 nisi
1560 4438 1792 4509 Spiritus
1834 4441 1931 4496 Dei
1947 4443 2012 4509 ν’,

2124 4470 2181 4508 τε
2209 4454 2408 4523 λέγειν.
2438 4452 2630 4522 Ἡμεῖς
2650 4451 2719 4505 δὲ
2738 4452 2810 4505 οὑ
2837 4449 2902 4505 τὸ
2922 4449 3156 4519 πνεῦμα
3176 4447 3281 4503 τοῦ
3309 4447 3546 4516 κόσμου
3567 4440 3699 4498 ad

453 4539 629 4594 neque
656 4524 836 4582 dicere
863 4533 1043 4597 potest
1067 4544 1082 4582 :
1104 4526 1216 4583 Nos
1246 4538 1419 4584 autem
1434 4548 1537 4585 non
1562 4533 1807 4602 spiritum
1836 4534 2017 4588 mundi

2125 4521 2320 4615 σομεν,
2354 4521 2503 4598 ἀλλὰ
2527 4544 2587 4596 τὸ
2628 4541 2854 4614 Πνεῦμα
2881 4541 2977 4596 τοῦ
3002 4539 3134 4595 Θεοῦ
3154 4558 3168 4571 ·
3208 4540 3335 4612 περὶ
3363 4531 3424 4592 οῦ
3457 4538 3700 4610 εἴρηται·

454 4616 746 4684 accepimus
762 4616 826 4681 “',
859 4617 955 4673 sed
987 4617 1249 4688 Spiritum
1284 4618 1399 4684 Dei,
1431 4622 1497 4678 de
1527 4639 1636 4693 quo
1660 4625 1972 4682 dictum'est
2000 4643 2012 4678 :

2133 4638 2197 4692 Τὸ
2229 4636 2340 4707 γὰρ
2368 4635 2611 4705 Πνεῦμα
2658 4633 2854 4690 πάντα
2891 4630 3126 4702 ἐρευνᾷ,
3157 4630 3256 4686 καὶ
3287 4630 3360 4685 τὰ
3394 4630 3559 4697 ,βάθη
3592 4628 3708 4682 τοῦ

457 4705 601 4760 Nam
655 4707 886 4777 Spiritus
945 4712 1122 4764 omnia
1181 4722 1479 4782 scrutatur,
1532 4717 1692 4770 etiam
1753 4718 2015 4788 profunda

2127 4705 2307 4785 Θεοῧέ
2334 4729 2476 4800 άπερ
2499 4725 2674 4793 εἰδὼς,
2706 4726 2958 4798 οὐδαμῶς
3001 4724 3095 4779 ἐπὶ
3134 4727 3198 4796 τῇ
3244 4722 3353 4777 τῶν
3392 4718 3702 4792 ἀνθρώπων

453 4795 555 4852 Dei
575 4796 652 4866 ¹⁹;
680 4813 801 4869 quae
843 4815 967 4855 cum
1007 4802 1175 4871 probe
1217 4805 1415 4871 norim,
1455 4807 1765 4865 nullatenus
1805 4810 1873 4866 de
1921 4811 2021 4865 bo-

2129 4820 2406 4893 ἀνωμαλίᾳ
2445 4795 2818 4892 ταράττομαι·
2844 4795 3041 4890 -χαίρω
3091 4817 3149 4871 δὲ
3192 4795 3290 4870 καὶ
3335 4813 3704 4885 εὐφραίνομαε

454 4888 667 4943 minum
714 4891 1079 4961 intequalitate
1129 4895 1452 4964 perturbor;
1492 4898 1601 4953 imo
1641 4916 1773 4955 vero
1807 4901 2017 4972 gaudeo

2122 4888 2252 4979 robe
2272 4888 2651 4985 τῆς-προνοίας
2680 4888 2877 4979 λόγους
2893 4888 3012 4963 οῦκ
3053 4907 3162 4962 ἀπὸ
3188 4906 3295 4960 τῶν
3317 4905 3459 4960 κατὰ
3485 4903 3697 4974 ἄνθρω-

453 4987 509 5036 et
539 4980 718 5048 laetor,
766 4982 1123 5051 providentia:
1171 4987 1437 5043 rationem
1490 5005 1601 5046 non
1646 4992 1714 5047 ab
1761 4992 2018 5051 humanis

2125 5017 2217 5056 πον
2252 4980 2701 5072 συμπτωμάτων,
2740 4998 2846 5053 ἀπὸ
2883 4998 2940 5052 δὲ
2978 4997 3086 5052 τῶν
3122 4996 3298 5070 ἔργων
3339 4994 3448 5049 τῶν
3492 4993 3700 5064 χειρῶν

453 5073 697 5163 casibus,
725 5076 819 5129 sed
845 5076 914 5131 ab
960 5078 1216 5147 operibus
1260 5096 1522 5135 manuum
1552 5082 1644 5138 Dei
1689 5085 1832 5140 etab
1861 5087 2019 5157 opili-

2123 5093 2208 5148 τοῦ
2235 5092 2371 5147 Θεοῦ
2406 5093 2501 5147 καὶ
2531 5092 2637 5146 ἀπὸ
2660 5091 2767 5147 τῶν
2797 5091 3116 5162 ποιημάτων
3146 5088 3310 5163 αὐτοῦ
3340 5085 3698 5157 καταλαμϐάο

453 5165 556 5222 ciis
580 5153 700 5234 éjus
727 5176 909 5224 mente
941 5171 1278 5242 concipiens.
1316 5172 1538 5229 Gaudeo
1580 5176 1705 5232 item
1737 5185 1791 5232 et
1825 5177 2017 5235 admo-

2127 5201 2240 5238 νων.
2282 5183 2390 5237 Καὶ
2428 5183 2605 5255 χαίρω
2644 5199 2709 5252 γε
2751 5182 2845 5236 καὶ
2883 5153 3389 5253 ὑπερευφραίνομαι
3438 5153 3702 5231 τοιοῦτων

454 5256 583 5312 dum
610 5255 782 5323 laetor,
804 5258 872 5315 iis
892 5259 1129 5316 donatus
1160 5262 1338 5327 bonis,
1372 5265 1572 5334 quibus
1599 5266 1861 5337 insipiens
1892 5269 2016 5338 qui-

2120 5268 2491 5335 καταξιωθεὶς,
2525 5262 2599 5324 ὧν
2626 5269 2911 5343 ἐπέρηται
2940 5271 3047 5332 πᾶς
3077 5268 3266 5340 ἄφρων
3290 5269 3381 5323 καὶ
3410 5266 3694 5328 ἀσύνετος.

453 5345 587 5401 libet
616 5354 670 5403 ct
699 5348 901 5409 stultus
937 5351 1207 5420 privatur,
1236 5368 1339 5408 nec
1367 5354 1512 5409 valet
1549 5357 1619 5410 ab
1648 5357 1903 5426 operibus
1919 5356 2015 5414 Dei

2119 5361 2179 5412 οὑ
2210 5358 2502 5429 δυνάμενος
2527 5358 2634 5413 ἀπὸ
2662 5359 2769 5415 τῶν
2795 5358 2968 5431 ἔργων
2995 5358 3086 5413 τοῦ
3118 5358 3275 5424 Θεοῦ,
3297 5361 3412 5423 τοῖς
3442 5357 3573 5430 περὶ
3595 5358 3694 5427 τῆς

454 5437 599 5496 illius
629 5440 983 5513 providentia:
1006 5444 1063 5498 in
1087 5444 1269 5499 omnia
1302 5444 1542 5507 rationes
1574 5447 1833 5523 ediscere.

1706 5464 1833 5523 :ere.
2121 5451 2347 5506 καθόλου
2380 5454 2633 5523 προνοίας
2659 5452 2833 5522 λόγοις
2865 5437 3281 5525 μαθητεύεσθαιξ

559 5657 602 5687 ’⁸
640 5656 781 5713 Psal.
815 5675 943 5727 vin,
980 5663 1031 5717 4.
1114 5662 1153 5695 ’⁵
1197 5662 1325 5736 Sap.
1358 5681 1483 5734 xm,
1518 5667 1569 5723 5.
1671 5671 1712 5701 ¹⁶
1750 5668 1902 5724 Rom.
1944 5687 1981 5737 l,
2020 5674 2107 5729 90.

1944 5687 1981 5737 ι,
2020 5674 2107 5729 90.
2193 5675 2234 5706 ¹τ
2273 5674 2453 5730 ICor.
2494 5691 2562 5742 ll,
2601 5674 2685 5730 il.
2768 5676 2810 5709 ¹⁸
2850 5676 2977 5732 ibid.
3018 5675 3101 5731 12.
3182 5675 3223 5709 ⁸⁹
3266 5674 3394 5730 ibid.
3435 5675 3519 5731 10.
