3988 6204
265 291 397 348 ίΙΊἸ

1382 289 1883 349 COMMENTARIA
1920 291 1987 346 IN
2028 292 2364 351 PSALMOS.

3339 289 3473 345 H78

346 408 438 461 Ἑν
454 406 534 473 τῷ
558 407 862 464 ἀνατεὶίαι
884 407 1267 479 ἁμαρτωοὺς
1283 409 1427 464 ὡσεὶ
1450 411 1688 479 χόρτον,
1721 409 1805 464 καὶ

1996 409 2156 467 Vsus.
2185 412 2238 467 8.
2280 412 2413 467 Cum
2453 416 2624 468 exorti
2663 415 2855 483 fuerint
2891 420 3183 484 peccatores
3223 410 3357 479 sicut
3404 407 3454 474 fe

256 499 554 569 διέκυψαν
602 499 824 568 πάντες
872 505 927 557 oi
978 502 1350 573 ἐργαζόμενοι
1390 503 1506 571 τὴν
1540 503 1816 573 ἀνομίαν,

256 590 416 658 ὅπως
454 592 534 646 ἂν
571 592 1075 662 ἐξολοθρευθῶσιν
1091 597 1179 660 είς
1201 593 1309 648 τὸν
1332 592 1517 648 αἰῶνα
1542 595 1650 649 τοῦ
1689 594 1821 648 αἰῶ-

255 693 381 742 νος.
417 677 474 732 '0
506 679 603 750 μὲν
647 679 836 751 ἀφρων
885 682 978 736 καὶ
1009 681 1284 745 ἀσύνετος,
1322 682 1464 751 ὀρῶν
1490 682 1705 748 ἀσεϐεῖς
1730 685 1823 737 εὐ-

256 764 650 838 θυμουμένους,
682 770 922 835 δικαίους
968 772 1024 825 δὲ
1062 773 1155 826 καὶ
1189 773 1429 838 εὐσεϐεῖς
1453 775 1821 845 κακουμένους

251 856 312 910 οὐ
351 858 559 930 συνίησι
614 862 738 925 τοὺς
767 862 868 932 τῆς
908 864 1171 935 Προνοίας
1228 864 1438 933 λόγους,
1497 865 1611 918 ἀλλ’
1659 867 1816 929 εὐθὺς

251 948 343 1001 ἐπ’
371 949 587 1015 ἀσεϐεῖς
627 952 883 1024 τρέπεται
906 955 1220 1026 λογισμοὺς,
1253 957 1532 1010 ἐκπίπτων
1560 960 1639 1022 είς
1664 958 1818 1011 ἀθεό-

249 1055 391 1111 τητα
416 1058 429 1072 ο
491 1043 603 1112 ἐγὼ
654 1046 731 1109 δὲ,
779 1047 856 1118 τῷ
905 1049 1170 1120 ποιήματί
1211 1066 1303 1102 σου
1335 1050 1556 1121 ὲνορῶν,
1586 1051 1817 1114 καὶτοῖς

246 1132 435 1204 ¹ἔργοις
479 1136 589 1191 τῶν
634 1138 835 1211 χειρῶν
880 1158 994 1206 σου,
1045 1141 1182 1213 μετά
1210 1141 1318 1195 τῶν
1350 1141 1522 1195 ἄλλων
1558 1142 1814 1205 συνεῖδον,

250 1225 336 1279 ὅτι
364 1226 426 1281 τὸ
456 1227 606 1292 τέλος
635 1229 743 1284 τῶν
768 1232 907 1285 κατά
933 1234 1022 1286 τὸν
1056 1232 1169 1304 βίον
1200 1233 1572 1304 εὐθυμούντων
1603 1232 1816 1287 ἀσεϐῶν

250 1316 470 1391 ὄλεθρον
504 1321 743 1392 περιέχει
770 1324 863 1377 καὶ
888 1324 1159 1378 ἀπώλειαν
1176 1342 1189 1355 ·
1218 1325 1299 1379 διὸ
1326 1324 1459 1380 πολὺ
1498 1324 1658 1380 πλέον
1689 1326 1815 1388 τοὺς

249 1408 349 1479 τῆς
374 1409 521 1475 θείας
547 1413 780 1483 κρίσεως
802 1414 995 1483 λόγους
1035 1415 1568 1487 ὑπερεκπλήττομαι.
1600 1416 1812 1486 Ὥσπερ

249 1498 384 1566 γοῦν
417 1500 607 1571 χόρτος
635 1503 727 1555 καὶ
748 1502 816 1556 τά
840 1504 947 1557 ἀπὸ
972 1505 1074 1575 γῆς
1103 1506 1235 1577 ἀνθη
1272 1505 1407 1576 πρὸς
1431 1505 1608 1574 ὀλίγον
1638 1506 1814 1578 ὡραῖα

249 1588 519 1657 φαίνεται,
554 1593 647 1645 καὶ
698 1592 878 1661 θέλγει
915 1595 1012 1664 τὴν
1047 1596 1255 1665 ὅρασιν,
1304 1597 1397 1650 καὶ
1433 1597 1531 1668 τὴν
1563 1595 1812 1667 αἴσθησιν

246 1680 487 1745 ἃπασαν,
515 1683 639 1737 ὅσον
668 1684 724 1737 δὲ
780 1686 988 1740 οὐδέπω
1029 1688 1347 1757 μεταϐάλλει
1390 1688 1483 1742 καὶ
1525 1688 1806 1761 τρέπεται,

1922 519 2068 567 num,
2099 515 2147 558 et
2188 506 2527 574 apparuerint
2570 522 2746 560 omnes
2792 505 2882 576 qui
2917 512 3196 573 operantur
3240 500 3462 570 iniquita

1920 607 2021 649 tem
2046 612 2067 659 ;
2095 606 2153 649 ut
2184 597 2443 651 intereant
2472 600 2527 650 in
2557 597 2806 651 strculum
2830 596 3029 650 saeculi.
3061 593 3326 661 [nsipiens
3355 591 3457 660 qui-

1921 685 2041 741 dem
2076 702 2140 741 ac
2170 688 2370 743 stultus
2403 688 2509 751 ille,
2534 703 2657 741 cum
2687 687 2831 742 videt
2860 686 3055 755 impios
3082 684 3330 738 homines
3361 696 3466 752 pro

1919 794 2077 849 spere
2123 794 2302 849 agere,
2332 780 2512 848 justos
2560 788 2739 833 autem
2790 788 2844 833 et
2884 766 3003 848 pios
3044 775 3288 830 homines
3321 774 3474 826 malis

1918 870 2172 939 Opprimi,
2206 868 2563 925 Providentize
2591 872 2854 925 rationem
2895 884 3005 923 non
3044 865 3336 934 intelligit;
3383 862 3475 918 sed

1919 960 2099 1015 statim
2135 960 2200 1013 ad
2247 961 2408 1029 impia
2456 961 2740 1015 ratiocinia
2778 961 3031 1021 vertitur,
3080 958 3152 1012 ita
3202 957 3388 1025 lapsus
3419 962 3473 1007 ut

1918 1052 2276 1106 nullum'esse
2307 1051 2472 1107 Deum
2506 1060 2676 1123 putet.
2704 1052 2815 1123 Ego
2842 1067 2971 1106 vero
2998 1048 3269 1119 opiﬁcium
3299 1054 3475 1110 tuum,

1916 1152 1969 1197 et
2001 1159 2162 1213 opera
2197 1159 2451 1199 manuum
2490 1152 2704 1200 tuarum
2755 1144 3130 1203 considerans,
3162 1140 3214 1193 in
3257 1139 3342 1194 his
3380 1136 3459 1191 de-

1916 1233 2173 1303 prehendi
2207 1235 2365 1289 ﬁnem
2399 1235 2708 1305 impiorum,
2733 1234 2821 1304 qui
2856 1234 2909 1287 in
2939 1233 3041 1285 hac
3074 1230 3181 1284 vita
3220 1241 3475 1298 prospere

1916 1333 2103 1395 agunt,
2144 1340 2267 1380 esse
2302 1325 2577 1380 interitum
2617 1341 2681 1379 ac
2719 1326 3007 1395 perniciem
3043 1341 3056 1376 :
3097 1335 3266 1391 quare
3306 1319 3475 1372 multo

1915 1414 2087 1483 magis
2117 1414 2284 1467 divini
2331 1415 2518 1483 judicii
2563 1415 2827 1468 rationem
2863 1413 3121 1467 admiror.
3156 1408 3289 1463 Nam
3331 1408 3475 1462 sicut

1917 1502 2096 1557 fenum
2137 1513 2191 1558 et
2216 1503 2375 1559 ﬂores
2406 1511 2563 1559 terrae
2594 1504 2659 1557 ad
2692 1504 2853 1558 breve
2875 1512 3085 1570 tempus
3115 1498 3363 1568 speciosa
3392 1497 3474 1551 vi-

1913 1594 2109 1649 dentur
2142 1596 2437 1666 oculosque
2477 1611 2542 1650 ac
2589 1611 2809 1650 sensum
2842 1595 3185 1657 demulcent,
3225 1589 3319 1645 sed
3346 1602 3471 1641 mox

1885 1712 1889 1716 -
1913 1692 2193 1740 mutantur
2221 1702 2286 1740 ac
2316 1695 2620 1750 vertuntur,
2660 1686 3021 1754 facillimoque
3047 1688 3390 1736 marcescunt
3415 1684 3472 1731 et

250 1772 429 1840 φθίνει
457 1792 516 1829 τε
548 1778 720 1848 ῥᾷστα
750 1779 841 1831 καὶ
863 1778 1176 1834 ἀπόλλυται·
1195 1780 1285 1834 τὸν
1311 1780 1474 1835 αὐτὸν
1492 1782 1692 1852 τρόπον
1717 1784 1805 1836 καὶ

1913 1783 2175 1843 pereunt;
2212 1777 2401 1831 eodem
2446 1776 2605 1831 modo
2633 1784 2970 1845 peccatores,
3001 1774 3092 1843 qui
3137 1786 3302 1840 penes
3330 1768 3469 1823 mul-

245 1867 297 1918 οί
327 1867 478 1938 παρὰ
518 1871 631 1933 τοῖς
660 1870 873 1934 πολλοῖς
914 1872 1312 1943 θαυμαζόμενοι
1353 1875 1663 1947 ἁμαρτωλοὶ⁸
1695 1875 1812 1946 ἅμα

243 1971 305 2009 τε
348 1957 644 2024 ἀνέτειλαν,
680 1956 773 2013 καὶ
832 1962 970 2034 πρὸς
1012 1964 1188 2031 ὀλίγον
1236 1964 1587 2036 ἀνθήσαντες,
1632 1966 1809 2020 διέκυ-

241 2047 373 2117 ψαν,
399 2050 672 2122 ἐφάνησάν
697 2067 755 2104 τε
785 2051 928 2116 τίνες
958 2053 1085 2106 ποτέ
1111 2056 1237 2118 εἰσι,
1270 2056 1362 2109 καὶ
1397 2057 1586 2121 ὁποίας
1620 2076 1810 2130 προαι-

245 2139 479 2210 ρέσεως*
517 2138 615 2195 εἴτ’
646 2144 746 2196 οὐκ
775 2146 855 2208 είς
885 2146 1093 2218 μακρὸν
1118 2147 1312 2211 αὐτοὺς
1341 2149 1600 2220 μετῆλθεν
1625 2151 1807 2204 οὐκέτι

233 2231 450 2305 βραχὺς
475 2237 568 2289 καὶ
593 2236 920 2310 πρόσκαιρος
947 2238 1185 2312 ὄλεθρος,
1219 2241 1354 2294 ἀλλά
1375 2242 1625 2314 διηνεκὴς
1660 2245 1808 2297 ἀπώ-

238 2324 379 2380 λεια.
430 2327 800 2401 Ἐπειδήπερη
825 2331 891 2402 σὴ
915 2331 1278 2401 δικαιοκρισία
1306 2337 1417 2399 τοῖς
1452 2335 1806 2407 ἀνθρωπίνοις

239 2415 509 2489 ἐφέστηκε
553 2420 857 2491 πράγμασι,
898 2421 979 2475 διὸ
1009 2422 1071 2494 δὴ
1100 2424 1329 2493 μάλιστα
1361 2428 1807 2499 συγκεχωρῆσθαι

236 2510 355 2570 τοῖς
373 2509 713 2581 ἁμαρτωλοῖς
744 2513 837 2565 καὶ
869 2516 982 2577 τοῖς
1025 2514 1407 2587 ἐργαζομένοις
1434 2519 1534 2589 τὴν
1580 2520 1806 2591 ἀνομίαν

236 2600 303 2654 τὸ
338 2601 612 2656 ἀνατεῖλαι
638 2605 731 2658 καὶ
756 2604 1012 2675 διακῦψαι
1034 2605 1302 2677 ἡγοῦμαιο
1330 2608 1405 2672 ὡς
1432 2608 1497 2662 ἀν
1525 2609 1804 2681 ἐλεγχθείη

234 2694 472 2767 αὐτῶνή
511 2697 847 2769 προαίρεσις,
894 2698 956 2752 οὐ
986 2700 1165 2763 καλῶς
1214 2703 1324 2764 τοῖς
1351 2701 1444 2755 τοῦ
1468 2702 1600 2756 Θεοῦ
1633 2704 1808 2776 δωρή-

239 2803 375 2857 μασι
427 2789 771 2862 κεχρημένησ
822 2791 1008 2862 διόπερ
1064 2792 1274 2856 ἔκδικος
1341 2794 1535 2858 αὐτοὺς
1588 2794 1806 2867 δλεθρος

236 2880 459 2945 αἰώνιος
478 2882 792 2950 διαδέξεται.

312 2971 397 3025 Σὺ
427 2972 496 3025 δὲ
519 2973 802 3042 Ὕψιστος
816 2977 902 3042 εις
932 2974 1042 3031 τὸν
1071 2977 1279 3043 αίῶνα,
1305 2981 1504 3048 Κύριε.
1526 2980 1644 3034 Ὅτι
1677 2978 1804 3034 ἰδοὺ

235 3066 295 3118 οἱ
315 3066 518 3135 ἐχθροί
528 3081 665 3131 σου,
689 3068 886 3134 Κύριε,
919 3065 1008 3120 ὅτι
1036 3067 1165 3122 ἰδοὺ
1193 3072 1259 3123 οί·
1282 3069 1480 3138 ἐχθροί
1515 3084 1630 3124 σου
1656 3070 1803 3124 ἀπο-

234 3157 509 3222 λοῦνται,
564 3158 665 3213 καὶ
704 3160 1353 3231 διασκορπισθήσονται
1378 3161 1598 3226 πάντες
1624 3163 1679 3215 οἱ
1717 3159 1805 3228 ἐρ-

236 3246 543 3320 γαζόμενοι
573 3249 688 3318 τὴν
715 3252 986 3322 ἀνομίαν.
1010 3250 1120 3306 Καὶ
1159 3251 1542 3321 ὑψωθήσεται
1571 3253 1652 3318 ὡς
1689 3268 1800 3321 μο-

230 3340 562 3409 νοκέρωτος
608 3343 674 3397 τὸ
724 3344 902 3412 κέρας
922 3362 1061 3414 μου,
1115 3344 1212 3397 καὶ
1256 3343 1323 3398 τὸ
1366 3343 1554 3414 γῆράς
1580 3361 1697 3413 μου
1733 3343 1803 3396 ἐν

231 3435 421 3501 ἐλαίῳ
444 3436 629 3493 πίονι.
661 3437 771 3491 Καί
801 3437 1035 3493 ἐπεῖδεν
1051 3441 1083 3493 ὁ
1114 3438 1420 3507 ὀφθαλμός
1437 3455 1556 3507 μου
1582 3437 1652 3491 ἐν
1677 3435 1801 3503 τοῖς

233 3525 472 3594 ἐχθροῖς
499 3544 638 3596 μου,
667 3528 767 3581 καί
810 3527 880 3581 ὲν
903 3527 1027 3597 τοῖς
1054 3526 1551 3596 ἐπανισταμένοις
1579 3526 1672 3580 ἐπ’
1696 3525 1802 3596 ἐμὲ

230 3618 735 3687 πονηρευομένοις
772 3619 1167 3674 ἐπακούσεται
1202 3620 1269 3674 τὸ
1293 3616 1401 3685 οὖς
1417 3637 1550 3688 μου.
1585 3618 1798 3689 Σὺ’μὲν,

233 3703 421 3772 φησὶν,
450 3699 496 3759 ὦ
518 3704 710 3777 Κύριε,
740 3707 826 3760 ἀεὶ
857 3706 1081 3761 κατάτά
1101 3707 1238 3761 αὐτὰ
1274 3708 1366 3762 καὶ
1392 3706 1649 3771 ὡσαύτως
1663 3707 1801 3778 ἔχων

243 3794 494 3867 Ὕψιστος
508 3797 566 3850 ὲν
583 3798 804 3869 ὑψηλοῖς
828 3799 1098 3870 διαμενεῖς
1125 3799 1216 3853 τὸν
1239 3799 1524 3871 σύμπαντα
1546 3799 1716 3854 αἰῶνα
1739 3799 1800 3852 οὐ

236 3889 588 3960 τρεπόμενος,
621 3892 683 3943 οὐ
712 3891 1161 3963 ταπεινούμενος,
1193 3892 1291 3945 οὐκ
1318 3890 1713 3961 ἀλλοιούμενος,
1738 3891 1800 3944 οὐ

235 3975 500 4048 κρείττων
558 3977 754 4031 σαυτοῦ
800 3980 1101 4051 γινόμενος,
1138 3980 1200 4033 ού
1236 3985 1351 4045 τοῖς
1389 3984 1665 4044 ταπεινοῖς
1694 3980 1801 4035 τῶν

234 4066 333 4120 ἐπὶ
385 4066 487 4136 γῆς
523 4067 889 4138 ὁμοιούμενος,
932 4070 1053 4123 οὐδὲ
1105 4072 1299 4143 μικρόν
1334 4089 1386 4124 τι
1432 4071 1525 4125 καὶ
1552 4071 1800 4126 ταπεινὸν

234 4157 448 4228 φρονῶν
480 4156 572 4212 καὶ
600 4157 871 4228 πράττων,
899 4160 1013 4214 ἀλλ’
1047 4163 1126 4225 είς
1149 4163 1370 4234 ἄπειρον
1406 4162 1588 4233 σαυτῷ
1614 4162 1801 4232 διαμέ-

235 4265 343 4301 νων
373 4249 555 4318 ὅμοιος
575 4265 590 4281 ο
620 4250 778 4320 ἡμεῖς
799 4251 857 4304 δὲ
881 4253 931 4305 οἱ
959 4254 1201 4307 ταπεινοὶ
1223 4255 1315 4308 καὶ
1342 4254 1559 4327 μακρὰν
1580 4256 1677 4326 τῆς
1699 4257 1798 4325 σῆς

235 4339 533 4423 ἀπέχοντες
585 4339 864 4410 δυνάμεως
908 4342 1093 4396 ἄλλοτε
1132 4343 1305 4410 ἄλλως
1358 4345 1652 4417 φερόμεθα,
1704 4347 1797 4399 καὶ

1912 1873 1997 1920 tos
2036 1865 2090 1918 in
2120 1867 2476 1921 admiratione
2528 1866 2816 1930 habentur,
2851 1880 2974 1919 cum
3018 1864 3252 1935 primum
3296 1859 3470 1915 exorti

1911 1958 2150 2023 fuerunt,
2184 1959 2331 2013 brevi
2363 1958 2680 2022 floruerunt,
2711 1973 2775 2012 ac
2820 1956 3095 2026 conspecti
3147 1962 3308 2017 sunt;
3359 1960 3470 2006 sta-

1908 2048 2114 2118 timque
2138 2047 2389 2117 apparuit
2413 2048 2600 2116 quales
2626 2045 2848 2109 fuerint,
2876 2053 2928 2099 ct
2968 2043 3113 2113 quod
3155 2042 3465 2096 institutum

1908 2142 2032 2196 vitae
2065 2141 2358 2195 tenuerint.
2394 2139 2504 2194 Nec
2532 2140 2625 2194 diu
2672 2146 2858 2209 postea
2898 2138 3046 2207 ipsos
3082 2134 3345 2205 pernicies
3383 2132 3470 2185 in—

1907 2234 2068 2298 vasit,
2103 2248 2212 2288 non
2247 2233 2359 2302 jam
2407 2232 2588 2287 brevis
2624 2239 2677 2284 et
2724 2241 3090 2299 temporanea,
3129 2225 3224 2282 sed
3272 2238 3466 2295 perpe-

1906 2333 2057 2379 tuum
2105 2324 2350 2387 exitium,
2398 2324 2526 2392 quia
2566 2322 2708 2376 enim
2746 2321 2953 2390 justum
2992 2317 3261 2387 judicium
3313 2323 3467 2369 tuum

1906 2418 2071 2472 rebus
2098 2416 2344 2469 imminet
2376 2413 2652 2477 humanis,
2693 2413 2899 2481 idcirco
2925 2411 3135 2465 aestimo
3169 2407 3467 2479 peccatori-

1904 2508 2007 2564 bus
2032 2516 2085 2563 et
2111 2507 2463 2578 operantibus
2499 2505 2836 2575 iniquitatem
2862 2501 3106 2565 concedi,
3128 2509 3188 2555 ut
3213 2501 3466 2555 exoriau-

1903 2610 1994 2655 tur
2023 2608 2077 2655 et
2108 2615 2364 2670 prospere
2392 2606 2588 2669 agant;
2630 2604 2690 2651 ut
2740 2610 2926 2651 eorum
2965 2592 3252 2648 consilium
3285 2599 3339 2645 et
3365 2604 3463 2645 vo-

1903 2695 2107 2757 luntas,
2142 2691 2232 2748 Dei
2259 2691 2576 2747 muneribus
2609 2704 2717 2744 non
2762 2688 2899 2742 bene
2941 2700 3063 2747 usa,
3092 2690 3415 2753 coarguatur
3445 2699 3460 2736 :

1903 2784 2257 2856 quamobrem
2300 2783 2468 2838 ultrix
2520 2797 2614 2838 eos
2667 2788 2723 2836 et
2764 2788 2965 2835 aeterna
3020 2777 3288 2849 pernicies
3316 2774 3465 2831 exci-

1903 2877 2033 2948 piet.

1972 2971 2138 3026 Vens.
2173 2971 2207 3027 9
2230 3002 2255 3013 -
2286 2970 2371 3025 ιε.
2408 2970 2487 3023 Τιι
2532 2976 2706 3023 autent
2750 2966 3056 3020 Altissimus
3100 2965 3153 3017 iu
3186 2972 3462 3023 aeternum,

1904 3063 2144 3119 Domine.
2201 3063 2465 3129 Quoniam
2513 3076 2627 3114 ecce
2677 3058 2875 3112 inimici
2921 3057 3018 3119 tui,
3072 3055 3312 3115 Domine,
3343 3064 3466 3121 quo-

1904 3156 2048 3209 niam
2075 3172 2189 3209 ecce
2222 3154 2423 3208 inimici
2468 3154 2547 3206 tui
2586 3149 2848 3218 peribunt,
2882 3158 2931 3203 et
2969 3147 3325 3215 dispergentur
3350 3158 3464 3196 om-

1903 3264 1991 3301 nes
2026 3247 2114 3316 qui
2141 3256 2422 3316 operantur
2467 3243 2818 3312 iniquitatem.
2861 3237 2929 3293 Et
2970 3236 3292 3292 exaltabitur
3327 3233 3463 3287 sicut

1901 3340 2168 3392 unicornis
2191 3354 2352 3392 cornu
2372 3352 2564 3398 meum,
2589 3344 2638 3389 et
2663 3341 2896 3388 senectus
2920 3347 3033 3384 mea
3055 3330 3109 3381 in
3131 3328 3241 3381 oleo
3261 3324 3461 3394 pingui.

1905 3430 1974 3484 Et
2008 3431 2234 3499 respexit
2259 3428 2443 3484 oculus
2481 3444 2626 3482 meus
2661 3424 2896 3480 inimicos
2918 3438 3079 3484 meos,
3110 3429 3158 3473 et
3194 3419 3250 3472 in
3283 3418 3464 3470 insur—

1901 3522 2140 3592 gentibus
2170 3523 2225 3575 in
2254 3538 2334 3575 me
2372 3521 2782 3591 malignantibus
2813 3518 2990 3573 audiet
3030 3515 3174 3568 auris
3207 3527 3343 3566 mea.
3378 3507 3459 3562 Tu

1901 3615 2143 3687 quidem,
2190 3612 2285 3676 ait,
2336 3610 2581 3677 Domine,
2620 3612 2713 3681 qui
2752 3625 2963 3679 semper
2989 3620 3118 3669 ,uno
3161 3602 3463 3669 eodemque

1900 3708 2063 3762 modo
2098 3705 2411 3760 Altissimus
2456 3718 2535 3767 es,
2585 3704 2642 3759 in
2673 3701 2906 3757 excelsis
2945 3711 3132 3751 manes
3178 3708 3274 3765 per
3300 3703 3461 3745 omne

1902 3799 2182 3862 saeculum,
2216 3812 2324 3851 non
2347 3794 2597 3859 mutaris,
2616 3808 2725 3847 non
2758 3789 3033 3859 dejiceris,
3069 3800 3178 3841 non
3206 3780 3461 3845 verteris,

1901 3906 2010 3946 non
2051 3890 2222 3958 teipso
2246 3887 2438 3941 melior
2465 3884 2673 3947 evadis,
2705 3896 2804 3937 nec
2832 3881 2899 3935 iis
2927 3878 3020 3949 qui
3059 3877 3111 3931 in
3143 3883 3288 3930 terra
3332 3877 3463 3928 sunt

1901 3980 2197 4037 humilibus
2223 3976 2420 4033 similis
2441 3991 2520 4042 es,
2545 3989 2653 4029 non
2682 3972 2933 4042 exiguum
2962 3975 3055 4023 aut
3078 3965 3280 4021 humile
3302 3961 3461 4033 quid-

1899 4072 2045 4143 piam
2079 4072 2248 4126 sentis
2294 4080 2389 4120 aut
2417 4067 2555 4136 agis,
2608 4063 2702 4119 sed
2741 4062 2795 4115 in
2845 4067 3107 4114 aeternum
3136 4053 3235 4109 tibi
3266 4050 3463 4107 similis

1898 4177 2223 4238 permanes;
2263 4174 2366 4215 nos
2391 4167 2568 4212 autem
2608 4154 2862 4219 humiles,
2888 4150 2983 4222 qui
3005 4146 3240 4220 procula
3259 4144 3463 4200 virtute

1897 4265 1988 4310 tua
2020 4255 2303 4317 absumus,
2347 4250 2453 4303 alio
2489 4249 2701 4317 alioque
2731 4244 2892 4299 modo
2939 4241 3163 4297 ferimur
3198 4243 3251 4291 et
3281 4240 3460 4288 muta-

1896 4360 2040 4400 mur.
2068 4343 2273 4398 Inimici
2300 4341 2482 4409 itaque
2513 4338 2612 4401 tui,
2647 4335 2890 4396 Domine,
2923 4332 3015 4401 qui
3046 4342 3165 4383 sese
3188 4325 3318 4388 vita,
3340 4335 3460 4391 qua:

238 4417 702 4502 μεταϐαλλόμεθα.
725 4431 787 4484 Οἱ
825 4432 921 4503 μὲν
954 4428 1046 4486 οὖν
1075 4434 1254 4505 ἐχθροί
1288 4453 1405 4501 σου,
1429 4435 1474 4489 ὦ
1505 4435 1695 4506 Κύριε,
1721 4434 1795 4499 ὡς

1904 4435 2042 4507 apud
2075 4442 2128 4490 te
2153 4442 2255 4497 est,
2290 4426 2962 4486 alienosconstituerunt;
2998 4434 3062 4473 ac
3095 4417 3464 4487 praeoptarunt

234 4519 303 4594 ᾃν
326 4520 550 4585 ἑαυτοὺς
580 4521 889 4593 ἀλλοτρίους
932 4526 1365 4596 καταστήσαντες
1396 4528 1495 4598 τῆς
1522 4527 1671 4600 παρὰ
1716 4528 1800 4580 σοὶ

231 4610 401 4681 ζωῆς,
436 4611 634 4685 ἔχθραν
666 4630 723 4666 τε
768 4615 888 4670 ἀντὶ
918 4615 1097 4685 φιλίας
1129 4616 1264 4690 πρὸς
1284 4618 1343 4670 σὲ
1370 4618 1460 4672 τὸν
1486 4618 1643 4690 μόνον
1665 4620 1800 4688 ἀγα-

232 4704 325 4769 θὸν
372 4705 638 4777 ἑλόμενοι,
696 4706 1040 4774 ἀπολοῦνται,
1079 4709 1290 4775 ἑαυτοῖς
1326 4710 1488 4765 αἴτιοι
1522 4711 1800 4782 γενόμενοι

229 4796 525 4861 ἀπωλείας,
574 4796 662 4851 διά
715 4798 774 4852 τὸ
801 4798 879 4871 μὴ
921 4800 1170 4872 ἐθελῆσαί
1212 4817 1294 4855 σοι
1335 4802 1669 4874 παραμένειν
1705 4801 1799 4857 καί

232 4904 314 4941 σοι
341 4888 670 4960 φιλωθῆναι·
714 4890 916 4963 ἔχθραν
955 4892 1013 4946 δὲ
1052 4891 1282 4966 ἄρασθαι
1303 4892 1401 4964 τὴν
1444 4894 1579 4964 πρὸς
1617 4894 1679 4946 σὲ
1710 4874 1800 4946 τὸν

230 4980 438 5034 ἑαυτῶν
469 4983 694 5053 ποιητήν
721 4999 783 5035 τε
810 4982 903 5035 καὶ
934 4983 1171 5054 σωτῆρα.
1195 4983 1287 5035 Διὸ
1310 4981 1411 5035 κᾶν
1443 4982 1610 5054 μυρία
1640 5000 1801 5035 συνα-

227 5074 471 5143 γάγωσιν
503 5073 561 5127 ὲν
586 5073 664 5143 τῷ
693 5073 792 5145 βίῳ
810 5073 985 5146 τούτῳ
1004 5075 1283 5147 χρήματα,
1310 5076 1403 5128 καὶ
1426 5073 1673 5139 πλοῦτον,
1703 5074 1799 5129 καὶ

228 5164 555 5235 θησαυροὺς,
612 5163 745 5231 ἀλλὰ
787 5166 855 5219 τὰ
911 5165 1088 5220 πάντα
1122 5168 1218 5221 σὺν
1249 5168 1369 5230 ταῖς
1392 5166 1570 5220 αὐτῶν
1601 5167 1799 5237 ψυχαῖς

228 5254 325 5309 καὶ
368 5255 552 5319 αὐτοῖς
608 5257 821 5326 σώμασι
865 5256 1465 5329 διασκορπισθήσονται.
1519 5257 1658 5326 Ἐγὼ
1689 5258 1745 5311 δὲ
1770 5259 1799 5311 ὁ

225 5349 327 5420 τὴν
355 5346 492 5419 πρὸς
526 5346 587 5401 σὲ
610 5347 811 5416 γνῶσιν
828 5349 924 5403 καὶ
945 5349 1127 5419 φιλίαν
1140 5348 1546 5421 ἀσπασάμενος,
1575 5351 1667 5404 καὶ
1690 5349 1797 5404 τῶν

226 5437 435 5510 ἐχθρῶν
455 5454 548 5491 σου
575 5439 851 5511 ἀλλότριος
876 5439 1136 5509 γεγονὼς,
1154 5441 1473 5513 πέπεισμαι,
1493 5442 1573 5495 ὅτι
1589 5441 1686 5513 τῆς
1703 5442 1796 5495 ἐπὶ

225 5532 287 5585 τὸ
316 5534 562 5603 κρεῖττον
614 5533 916 5605 μεταϐολῆς
944 5534 1201 5606 τεύξομαι
1222 5538 1288 5607 τῇ
1329 5538 1395 5606 σῇ
1432 5535 1797 5606 δικαιοκρισῐᾳ

228 5624 513 5679 πιστεύων
542 5624 683 5678 ὥστε
711 5628 759 5679 εἰ
793 5625 887 5679 καὶ
918 5627 1057 5680 κατὰ
1086 5626 1176 5679 τὸν
1199 5626 1439 5697 παρόντα
1463 5626 1582 5696 ,βίον
1613 5624 1795 5689 ἄδοξός

227 5734 308 5784 τις
350 5716 489 5777 εἶναι
543 5719 754 5793 δοκοίην
805 5723 898 5775 καὶ
949 5720 1201 5785 ταπεινὸς
1243 5720 1390 5792 παρά
1422 5722 1532 5783 τοῖς
1562 5719 1792 5787 πολλοῖς,

1899 4529 2219 4585 inimicitias
2241 4534 2441 4588 tecum,
2472 4522 2565 4593 qui
2592 4520 2743 4578 solus
2773 4518 2948 4571 bonus
2969 4528 3050 4580 es,
3067 4524 3273 4582 gerere,
3296 4520 3460 4582 quam

1899 4619 2140 4674 amicitia
2171 4616 2277 4670 frui
2313 4625 2426 4680 tua,
2470 4611 2746 4681 peribunt,
2790 4604 3002 4674 .lbique
3053 4600 3157 4669 ipsi
3203 4593 3461 4667 perniciei

1898 4720 2151 4767 auctores
2183 4714 2343 4763 erunt
2397 4724 2411 4761 :
2453 4704 2580 4775 quia
2637 4701 2927 4755 noluerunt
2965 4694 3103 4764 apud
3152 4700 3205 4747 te
3243 4702 3463 4746 manere

1896 4802 2164 4872 amicique
2207 4800 2284 4853 tui
2324 4812 2482 4861 esse;
2539 4792 2631 4850 sed
2688 4789 3002 4846 inimicitias
3048 4786 3336 4840 adversum
3382 4785 3459 4843 te,

1897 4894 2144 4966 opiﬁcem
2173 4901 2227 4948 et
2259 4886 2595 4945 servatorem
2628 4900 2811 4948 suum,
2852 4894 3160 4950 suscepere.
3194 4873 3464 4943 Quamob-

1896 5002 2010 5043 rem
2039 4984 2255 5041 etiamsi
2294 4981 2535 5035 inlinitas
2578 4978 2635 5033 in
2663 4977 2764 5031 bac
2791 4975 2903 5028 vita
2931 4972 3209 5043 pecunias,
3241 4966 3462 5023 divitias

1895 5088 1950 5136 et
1978 5078 2265 5134 thesauros
2287 5073 2546 5144 colligant
2565 5068 2707 5138 ;'sed
2740 5068 2920 5123 omnia
2945 5080 3067 5121 cum
3095 5060 3379 5117 animabus
3407 5062 3462 5112 et

1897 5170 2219 5240 corporibus
2242 5168 2480 5237 ipsorum
2510 5163 2905 5233 dispergentur.
2927 5156 3036 5228 Ego
3062 5170 3187 5210 vero
3233 5152 3327 5223 qui
3368 5164 3464 5240 co-

1896 5238 2192 5333 gnitionem
2227 5268 2279 5313 et
2306 5254 2597 5309 amicitiam
2634 5262 2778 5307 tuam
2814 5248 3171 5319 amplexatus,
3202 5250 3256 5298 et
3282 5238 3464 5295 inimi—

1897 5332 1977 5406 cis
2015 5350 2123 5406 tuis
2149 5349 2359 5404 alienus
2393 5345 2619 5402 effectus
2644 5356 2787 5407 sum,
2819 5352 3140 5412 persuasum
3179 5332 3350 5386 habeo
3372 5342 3462 5417 me

1896 5443 2254 5501 mutationem
2280 5438 2560 5510 iamelius
2588 5444 2876 5491 nacturum
2908 5444 3051 5495 esse,
3076 5428 3225 5497 justo
3252 5417 3463 5491 judicio

1896 5546 1992 5592 tuo
2037 5534 2194 5591 ﬁdem
2246 5532 2474 5587 habens.
2514 5529 2700 5600 Itaque
2739 5524 2953 5583 etiamsi
2984 5524 3038 5576 in
3064 5512 3315 5589 prmscnti
3348 5511 3463 5564 vita

1899 5628 2163 5699 inglorius
2192 5633 2246 5680 et
2274 5626 2397 5679 vilis
2436 5638 2557 5678 esse
2587 5635 2751 5691 penes
2785 5617 2983 5672 multos
3010 5610 3227 5672 videar;
3266 5603 3361 5661 sed
3406 5603 3463 5657 in

1899 5723 2001 5779 ﬁne
2029 5736 2208 5775 rerum
2229 5719 2539 5785 exaltabor;
2565 5718 2671 5771 imo
2697 5712 2874 5785 potius
2903 5720 3074 5762 cornu
3107 5716 3284 5758 meum
3308 5697 3463 5753 exal-
