3988 6204
557 273 694 331 H79

1257 267 1526 325 EUSEBII
1562 268 2032 327 C/ESARIENSIS
2067 267 2216 325 OPP.
2257 267 2436 323 PARS
2464 267 2548 327 lli.
2590 298 2661 312 —
2693 265 3099 322 EXEGETICA.
3139 236 3142 238 Ἴ

3635 264 3788 321 “80

554 387 776 448 tabitur,
808 383 862 439 id
899 389 1004 447 est,
1041 397 1166 453 spes
1212 382 1362 453 regni
1397 381 1542 438 illius
1572 381 1715 452 quod
1761 383 1903 452 apud
1934 391 1985 439 te
2023 397 2108 438 me

2229 382 2320 434 ιλλ·
2343 386 2400 436 ἐν
2429 383 2507 454 τῷ
2537 383 2680 435 τέλει
2708 381 2816 434 τῶν
2848 379 3185 451 πραγμάτων
3225 374 3598 448 ὑψωθήσομαι,
3635 378 3790 448 μᾶλ-

556 481 974 534 consecuturum
1026 481 1314 544 exspecto;
1355 489 1476 544 quae
1538 473 1746 529 scilicet
1789 475 1905 545 pari
1953 472 2111 528 modo

555 569 881 628 exaltabitur
909 575 1070 638 atque
1112 567 1412 624 unicornis.
1459 568 1594 623 Nam
1642 569 1688 624 si
1717 571 1841 640 quis
1870 576 1954 625 est
1991 568 2113 623 uni-

555 661 740 718 cornis
761 661 822 715 in
837 659 1229 730 spiritualibus,
1251 659 1413 729 quite
1440 658 1654 715 Patrem
1679 676 1838 720 suum
1866 668 1924 715 ut
1945 674 2112 714 unum

556 770 729 808 cornu
765 752 866 809 sibi
909 750 1161 819 ascribit;
1209 751 1347 807 bene
1388 752 1513 806 novi
1546 767 1652 818 me,
1687 752 1909 823 perinde
1952 760 2113 822 atque

557 843 730 905 illum,
769 841 1115 897 exaltandum
1153 855 1291 896 esse.
1339 839 1475 907 Quia
1517 842 1661 897 enim
1705 841 1950 897 haredes
1996 841 2110 908 Dei,

556 935 863 990 cohaeredes
884 945 1060 989 autem
1082 933 1284 989 Christi
1300 949 1585 1000 vocamur;
1619 949 1777 1004 spero
1795 948 1880 989 me
1901 934 2112 1000 eodem,

556 1044 665 1098 quo
694 1028 965 1091 Christus,
995 1042 1162 1098 regno
1191 1027 1484 1082 fruiturum
1527 1042 1670 1092 esse,
1705 1041 1828 1081 cum
1856 1035 2116 1082 senectus

557 1133 697 1182 mea,
725 1119 777 1172 id
810 1125 893 1172 est
919 1125 1161 1173 extrema
1187 1117 1311 1172 vita:
1338 1132 1490 1180 meae,
1543 1117 1869 1171 exaltabitur
1901 1117 1956 1172 in
1997 1118 2117 1172 oleo

557 1209 765 1280 pingui.
820 1207 1046 1264 Etiamsi
1089 1209 1233 1264 enim
1270 1208 1570 1279 juventutis
1599 1215 1652 1262 et
1686 1209 1888 1279 vigoris
1924 1210 2118 1265 anima:

559 1315 693 1353 mea:
717 1305 935 1370 tempus
972 1298 1027 1353 in
1054 1299 1156 1354 hac
1187 1299 1322 1364 vita,
1362 1313 1460 1353 ceu
1507 1298 1562 1352 in
1591 1301 1907 1368 certamine,
1937 1301 2120 1355 humi-

560 1389 748 1444 liatnm
790 1398 1141 1457 exerceatur;
1199 1398 1254 1444 at
1291 1398 1555 1456 extrema,
1591 1391 1873 1462 ipsiusque
1927 1392 2120 1448 anima:

562 1481 925 1545 senectus,.id
955 1489 1038 1538 est
1067 1484 1466 1550 consummatio
1493 1483 1633 1552 ejus,
1667 1483 2020 1537 mutationem
2063 1484 2118 1537 in

562 1573 756 1629 melius
801 1573 1103 1640 obtinebit;
1158 1587 1221 1628 ac
1265 1573 1387 1628 oleo
1433 1573 1835 1643 superemuenti
1875 1574 2026 1629 diviti
2068 1584 2121 1630 et

562 1664 772 1736 pingui,
797 1666 939 1736 apud
960 1675 1013 1721 te
1042 1665 1352 1721 misericors
1379 1664 1541 1729 Deus,
1563 1665 1943 1722 viviﬁcabitur.
1965 1665 2120 1721 Tunc

2211 471 2298 524 λον
2323 472 2379 524 δὲ
2412 471 2473 524 τὸ
2505 471 2668 542 κέρας
2708 489 2808 542 μου
2849 469 3210 541 ὑψωθήσεται,
3261 466 3532 520 τουτέστιν
3558 469 3591 538 ή
3616 468 3790 531 ἐλπὶς

2209 561 2308 631 τῆς
2360 561 2810 634 προσδοκωμένης
2865 578 2966 632 μου
2995 559 3145 630 παρά
3200 558 3283 610 σοι
3325 556 3620 626 βασιλείας,
3651 560 3786 629 ἥτις

2211 651 2551 721 ὑψωθήσεται
2595 652 2866 717 τοσοῦτον,
2900 653 3023 704 ὅσον
3051 650 3144 704 κα)⁵
3175 651 3208 721 ἡ
3255 649 3350 702 τοῦ
3381 649 3785 720 μονοκέρωτος.

2210 745 2274 797 Εἰ
2303 745 2411 815 γάρ
2431 744 2546 797 ἐστί
2573 761 2656 807 τις
2687 745 2744 798 ἐν
2791 746 3000 812 νοητοῖς
3053 741 3360 812 μονόκερως
3383 740 3442 793 ἓν
3465 741 3634 812 κέρας
3660 742 3790 793 ἐπι-

2210 836 2556 909 γραφόμενός
2582 853 2642 889 σε
2662 837 2750 890 τὸν
2781 835 2944 890 αὑτοῦ
2985 835 3224 906 Πατέρα,
3259 828 3317 886 εὖ
3339 829 3456 887 οἶδα
3486 833 3582 886 καὶ⁸
3618 833 3793 896 αὑτὸς

2211 927 2410 999 ὁμοίως
2446 927 2636 999 ἐκείνῳ
2678 926 3110 998 ὑψωθησόμενος.
3154 925 3305 977 Ἐπεὶ
3327 924 3433 996 γὰρ
3464 923 3794 994 κεκλήμεθα

2213 1019 2540 1091 κληρονόμοι
2573 1015 2710 1072 εἶναι
2741 1018 2896 1083 Θεοῦ,
2945 1016 3372 1088 συγκληρονόμοι
3419 1016 3476 1069 δὲ
3514 1014 3791 1086 Χριστοῦ,

2215 1112 2533 1183 πέπεισμαι,
2591 1111 2746 1183 φησὶ,
2793 1111 2890 1182 τῆς
2929 1111 3100 1182 αὐτῆς
3137 1109 3216 1180 τῷ
3252 1107 3468 1181 Χριστῷ
3500 1125 3593 1161 σου
3634 1107 3796 1177 βασι-

2215 1204 2364 1267 λείας
2400 1201 2746 1269 ἀπολαύσειν,
2784 1200 3019 1272 ὁπηνίκα
3059 1199 3121 1252 τὸ
3154 1198 3330 1271 γῆράς
3370 1215 3491 1268 μου,
3535 1197 3796 1250 τουτέστι

2216 1297 2285 1350 τὰ
2305 1295 2506 1365 ἔσχατα
2529 1295 2626 1366 τῆς
2650 1295 2788 1365 ἐμῆς
2810 1291 2954 1362 ζωῆς
2973 1290 3315 1362 ὑψωθήσεται
3341 1292 3397 1343 ἐν
3424 1289 3588 1360 ἐλαίῳ
3614 1290 3791 1344 πίονι.

2218 1393 2281 1446 Et
2318 1391 2433 1463 yap
2465 1389 2558 1443 καί
2607 1387 2675 1440 τά
2709 1384 2946 1456 μάλιστα
2981 1380 3049 1434 τὰ
3075 1380 3176 1450 τῆς
3204 1379 3452 1451 νεότητος
3477 1379 3574 1432 καί
3594 1379 3667 1431 τὰ
3688 1378 3796 1450 τῆς

2219 1480 2402 1552 ἀκμῆς
2423 1479 2522 1550 τῆς
2554 1476 2694 1546 ἐμῆς
2717 1473 2891 1544 ψυχῆς
2921 1471 2995 1534 ὡς
3034 1471 3092 1524 ἐν
3126 1470 3296 1538 ἀγῶνι
3328 1469 3406 1540 τῷ
3431 1469 3653 1540 παρόντι
3685 1467 3796 1539 βίῳ

2219 1570 2568 1628 ταπεινοῦται
2592 1584 2660 1637 γυ
2669 1563 2998 1638 μναζόμενα,
3019 1562 3154 1618 ἀλλὰ
3169 1563 3238 1616 τά
3260 1579 3324 1631 γε
3339 1561 3543 1631 ἔσχατα
3569 1561 3666 1614 καλ.
3684 1559 3795 1630 τῆς

2219 1663 2396 1734 ψυχῆς
2425 1659 2593 1729 αὐτῆς
2637 1657 2697 1710 τὸ
2734 1656 2932 1727 γῆρας,
2965 1652 3239 1707 τουτέστιν
3277 1654 3312 1723 ἡ
3349 1651 3628 1715 τελείωσις
3663 1651 3794 1706 τεύ-

563 1770 696 1810 sane
721 1755 910 1810 oculus
941 1771 1093 1810 meus
1122 1755 1212 1825 qui
1245 1770 1406 1825 super
1428 1761 1739 1825 peccatores
1763 1756 2116 1820 contabescit,

2229 1755 2368 1821 Ξεται
2397 1751 2494 1822 τῆς
2523 1749 2614 1803 ἐπὶ
2633 1747 2692 1802 τὸ
2725 1748 2969 1818 κρεῖττον
2992 1743 3310 1816 μεταϐολῆς,
3337 1743 3393 1795 ὲν
3421 1742 3585 1813 ἐλαίῳ
3602 1759 3795 1815 περιτ-

561 1853 617 1901 et
647 1847 924 1901 mortalem
952 1847 1117 1900 vitam
1149 1847 1414 1917 deplorat,
1449 1846 1518 1901 ab
1558 1846 1794 1903 inimicis
1826 1847 1961 1903 meis
1991 1863 2121 1902 con-

565 1936 846 2006 spicietur,
879 1951 1081 2006 eosque
1109 1936 1315 1992 debitas
1341 1952 1531 2006 pmnas
1565 1938 1716 1994 luere
1756 1938 1988 2005 videbit;
2027 1939 2119 2009 qui

560 2027 675 2095 jam
725 2025 866 2094 apud
913 2026 1114 2081 multos
1163 2027 1335 2097 gloria
1369 2029 1732 2094 celebrantur,
1781 2044 2122 2099 quorumque

566 2119 691 2175 ﬁnis
726 2119 1050 2190 dispersioni
1084 2120 1347 2175 tradetur.
1398 2118 1550 2174 Tunc
1587 2136 1694 2174 non
1729 2121 1892 2176 modo
1932 2121 2124 2176 oculus

566 2225 741 2275 meus,
772 2209 867 2265 sed
907 2210 1068 2265 etiam
1107 2210 1254 2265 auris
1301 2211 1495 2266 animai
1539 2226 1691 2275 meae,
1728 2211 1888 2267 linem
1944 2212 2125 2267 audiet

565 2315 776 2363 eorum,
805 2301 897 2370 qui
923 2300 1037 2370 jam
1068 2300 1667 2377 insurguntadversum
1692 2317 1778 2357 me
1806 2309 1860 2357 et
1893 2303 2126 2375 maligne

568 2402 752 2462 agunt.
782 2391 986 2448 Horum
1007 2409 1134 2464 ergo
1159 2395 1400 2448 omnium
1428 2409 1593 2450 causa
1622 2395 1981 2462 admiratione
2003 2411 2127 2467 per-

568 2485 754 2539 culsus
809 2483 877 2540 de
932 2486 1288 2555 providentiae
1341 2498 1444 2541 tua:
1484 2488 1714 2551 ratione,
1749 2495 1802 2541 et
1853 2487 1922 2543 de
1976 2488 2127 2557 justo

565 2572 770 2641 judicio
796 2572 893 2629 abs
925 2580 979 2630 te
1005 2574 1258 2630 omnibus
1286 2575 1581 2638 reddendo,
1602 2591 1701 2646 ego
1730 2575 1946 2645 quidem
1979 2576 2129 2631 laetor

566 2672 622 2719 et
646 2666 860 2720 exsulto
887 2666 944 2720 in
977 2668 1231 2736 cperibus
1257 2682 1515 2721 manuum
1549 2674 1800 2734 tuarum;
1827 2668 2006 2724 omnis
2032 2683 2130 2723 au-

567 2759 678 2808 tem
707 2755 790 2809 vir
819 2755 1080 2826 insipiens
1105 2766 1158 2811 et
1183 2758 1383 2812 stultus
1419 2773 1526 2812 non
1555 2756 1803 2828 intelligit
1827 2757 1961 2812 haec.
1985 2757 2131 2824 Qua—

571 2854 794 2915 propter
839 2847 960 2900 dico
1001 2864 1016 2902 :
1064 2847 1234 2912 Quam
1282 2849 1623 2918 magniﬁcam
1659 2859 1780 2904 sunt
1812 2867 1970 2920 opera
2013 2861 2127 2918 tua,

572 2937 828 2991 Domine!
858 2953 957 2993 nec
985 2938 1144 2992 modo
1173 2937 1452 3007 profundae
1481 2938 1636 2995 facta
1673 2949 1819 3005 sunt,
1850 2945 1944 2999 sed
1976 2945 2132 2999 valde

571 3026 848 3098 profundae
870 3027 1026 3098 facta:
1053 3038 1172 3083 sunt
1204 3031 1542 3101 cogitationes
1573 3041 1713 3097 tute;
1743 3034 1945 3103 quibus
1990 3037 2132 3107 cogi-

2219 1845 2427 1900 τεύοντι
2475 1841 2567 1896 καὶ
2624 1838 2864 1909 πλουσίῳ
2913 1837 3009 1892 καὶ
3044 1836 3208 1901 πίονι,
3233 1834 3312 1906 τῷ
3366 1834 3517 1907 παρὰ
3563 1836 3671 1899 σοι,
3719 1835 3794 1904 τῷ

2221 1939 2468 2010 ὲλεήμονι
2491 1932 2610 2005 Θεῷ
2634 1930 2960 2003 ζησομένης.
2997 1930 3130 1982 Τότε
3155 1928 3219 2000 δὴ
3245 1923 3365 1982 τότε
3393 1927 3485 1980 καὶ
3518 1927 3548 1978 ὁ
3577 1926 3676 1980 νῦν
3705 1927 3794 1980 ἐπὶ

2219 2032 2332 2093 τοῖς
2383 2025 2723 2099 ἁμαρτωλοῖς
2773 2021 3133 2093 ὲκτηκόμενός
3184 2037 3284 2091 μου
3342 2019 3620 2089 ὀφθαλμὸς
3644 2058 3661 2083 ,
3705 2019 3794 2071 καὶ

2220 2120 2311 2174 τὸν
2343 2117 2532 2188 θνητὸν
2567 2114 2678 2186 βίον
2709 2111 3135 2182 ἀποκλαόμενος,
3160 2107 3418 2177 ἐπόψεται
3436 2110 3550 2171 τοῖς
3581 2107 3795 2178 ἐχθροῖς

2227 2225 2349 2280 μου,
2382 2205 2527 2277 ὁρῶν·
2573 2203 2727 2274 δίκην
2770 2202 2870 2273 τὴν
2913 2201 3231 2272 πρέπουσαν
3263 2197 3499 2261 διδόντας
3549 2197 3681 2260 τοὺς
3706 2196 3794 2250 νῦν

2225 2299 2377 2372 παρά
2421 2300 2534 2361 τοῖς
2568 2294 2782 2357 πολλοῖς
2828 2290 3237 2362 δοξαζομένους,
3269 2281 3344 2343 ὧν
3387 2288 3448 2342 τδ
3501 2289 3662 2352 τέλος
3687 2290 3795 2343 δια-

2227 2386 2552 2462 σκορπισμῷ
2579 2382 3030 2457 παραδοθήσεται.
3047 2382 3179 2435 Τότε
3192 2381 3253 2434 δὲ
3276 2380 3337 2434 οὒ
3370 2379 3529 2450 μόνον
3549 2382 3579 2434 ό
3601 2379 3794 2448 ὀφθαλ-

2229 2481 2327 2551 μός
2350 2497 2476 2551 μου,
2511 2475 2646 2532 ἀλλὰ
2689 2476 2782 2530 καὶ
2827 2473 2960 2527 αὑτὸ
3005 2472 3065 2527 τὸ
3093 2465 3185 2535 οὖς
3211 2473 3309 2541 τῆς
3344 2469 3484 2541 ἐμῆς
3520 2469 3707 2541 ψυχῆς
3743 2471 3800 2522 τὸ

2225 2574 2378 2637 τέλος
2433 2569 2724 2626 ἀκούσεται
2783 2567 2890 2621 τῶν
2941 2565 3179 2636 σήμερον
3230 2563 3682 2633 ἐπανισταμένων
3719 2563 3798 2615 ἐπ’

2228 2665 2329 2736 ἐμὲ
2358 2662 2452 2716 καὶ
2484 2657 2952 2731 πονηρευομένων.
2979 2655 3195 2708 Τούτων
3220 2653 3264 2708 δ’
3283 2648 3376 2707 οὖν
3394 2653 3556 2706 ἕνεκα
3586 2654 3802 2706 πάντων

2226 2751 2664 2827 ὑπερθαυμάζων
2678 2749 2804 2813 τοὺς
2824 2751 2923 2820 τῆς
2952 2747 3051 2819 σῆς
3072 2745 3563 2819 προνοίαςλόγους,
3597 2746 3695 2798 καὶ
3712 2744 3802 2816 τὴν

2230 2846 2594 2918 ἀποκειμένην
2634 2844 2747 2905 τοῖς
2779 2843 2911 2894 πᾶσι
2940 2838 3089 2912 παρά
3123 2837 3218 2892 σοῦ
3247 2836 3670 2908 δικαιοκρισίαν,
3701 2834 3808 2904 ἐγὼ

2235 2944 2333 3014 μὲν
2383 2941 2884 3015 ὑπερευφραίνομαι
2941 2939 3033 2994 καὶ
3080 2936 3320 3007 ἀγαλλιῶ
3350 2935 3443 2989 ἐπὶ
3481 2938 3595 2998 τοῖς
3627 2934 3806 3005 ἔργοις

2231 3037 2338 3090 τῶν
2371 3036 2568 3109 χειρῷν
2627 3053 2750 3090 σου·
2788 3037 2896 3100 πᾶς
2935 3033 2992 3088 δὲ
3021 3032 3209 3104 ἄφρων
3247 3030 3387 3102 ἀνὴρ
3427 3029 3522 3082 καὶ
3552 3027 3807 3088 ἀσύνετος

574 3116 872 3174 tationibus
893 3134 1091 3175 arcano
1120 3129 1176 3174 et
1206 3098 1475 3192 profundo
1503 3124 1662 3179 modo
1696 3098 2006 3181 universum
2037 3098 2129 3183 ad-

2233 3130 2294 3184 οὑ
2344 3098 2558 3201 συνίησι
2605 3129 2799 3184 ταῦτα.
2834 3098 2924 3181 Διὸ
2956 3127 3020 3198 δή
3065 3098 3239 3196 si»an
3428 3120 3804 3190 ἐμεταλύνθη

540 3260 543 3263 .
576 3210 854 3266 ministras
889 3229 903 3265 :
933 3226 997 3265 ac
1027 3211 1163 3268 sinis
1205 3213 1422 3283 quidem
1453 3225 1507 3270 et
1550 3214 1824 3281 concedis,
1879 3224 1938 3270 ut
1983 3217 2129 3288 impii

2232 3221 2305 3276 τὰ
2322 3223 2466 3292 ἔργα
2499 3236 2636 3284 σου,
2680 3220 2898 3289 Κύριε]
2930 3220 3025 3272 καὶ
3057 3219 3156 3288 οὑχ
3190 3214 3376 3278 ἁπλῶς
3413 3211 3804 3282 ἐϐαθὼθησαν,

577 3303 678 3358 hoc
697 3310 936 3372 tempore
965 3305 1271 3361 exaltentur
1307 3314 1360 3362 et
1403 3308 1763 3374 extollantur;
1790 3309 1861 3378 pii
1889 3324 2017 3365 vero
2033 3310 2129 3365 hu-

2235 3313 2370 3368 ἀλλὰ
2393 3314 2626 3384 σφόδρα
2672 3305 3087 3378 ἐϐὶιθύνθησαν
3135 3310 3191 3362 οὶ
3239 3303 3618 3374 διαλογισμοί
3657 3315 3803 3355 σου⁶

577 3396 872 3460 milientur,
909 3413 1138 3469 quorum
1181 3406 1358 3453 tamen
1407 3400 1529 3454 linis
1563 3400 1795 3455 mirabili
1834 3408 1888 3456 et
1921 3402 2129 3472 sapien-

2237 3405 2359 3461 καθ’
2393 3405 2486 3468 οὒς
2504 3404 2884 3474 διαλογισμοὺς
2906 3402 3232 3473 ἀπορρήτως
3247 3399 3344 3453 καὶ
3365 3396 3570 3468 βαθέως
3589 3395 3809 3456 δωικεῖς

575 3487 800 3542 ιίεεὶιηω
829 3487 1223 3558 dispensationi
1247 3502 1352 3545 tuae
1379 3491 1747 3546 testimonium
1771 3492 1992 3562 praebet,
2017 3507 2129 3562 qua!

2238 3497 2298 3550 τὸ
2326 3497 2453 3559 πᾶν,
2486 3494 2794 3564 ἐπιτρέπων
2831 3494 2922 3548 καὶ
2953 3492 3247 3563 συγχωρῶν
3278 3489 3495 3544 ἀσεϐέσι
3540 3487 3638 3557 μὲν
3664 3483 3811 3537 κατὰ

577 3581 926 3650 conspicatus
954 3581 1175 3636 divinus
1210 3581 1500 3652 Apostolus
1531 3582 1611 3636 sic
1642 3581 1974 3638 vociferatus
2002 3591 2087 3639 est
2119 3602 2129 3636 :

2241 3587 2332 3640 τὸν
2357 3585 2597 3657 παρόντα
2647 3583 2836 3656 καιρὸν
2882 3582 3203 3655 ἐπαίρεσθαι
3241 3573 3336 3635 καὶ
3365 3576 3636 3647 ὑψοῦσθαι,
3673 3575 3810 3638 τοὺς

579 3671 626 3728 0
657 3672 882 3727 altitudo
903 3674 1206 3728 divitiarum
1229 3675 1502 3743 sapientia:
1519 3683 1569 3728 et
1592 3675 1824 3729 scientia:
1841 3673 1955 3738 Dei,
1980 3691 2129 3745 quam

2241 3678 2298 3732 δὲ
2327 3677 2566 3741 εὐσεϐεῖς
2607 3673 3014 3740 ταπεινοῦσθαι,
3047 3667 3121 3738 ὧν
3157 3672 3227 3726 τὰ
3258 3671 3383 3742 τέλη
3415 3668 3676 3740 μαρτυρεῖ
3709 3682 3810 3718 σου

577 3765 1120 3834 incomprehensibilia
1148 3775 1269 3820 sunt
1289 3765 1494 3835 judicia
1519 3767 1631 3836 ejus
1672 3776 1722 3821 et
1753 3766 2129 3838 investigabilea

2241 3772 2309 3841 τῇ
2351 3770 2635 3840 θαυμαστῇ
2681 3768 2774 3820 καὶ
2802 3765 3058 3835 πανσόφῳ
3079 3763 3369 3834 διοικήσει·
3409 3759 3445 3813 ἃ.
3471 3758 3536 3829 δὴ
3579 3753 3812 3808 συνιδὼν

580 3856 678 3910 υίίε
703 3858 816 3923 εἰπε
839 3857 882 3888 ’⁰
907 3858 921 3912 Ῐ
2001 3861 2004 3866 ’
2153 3929 2156 3932 ψ
2244 3860 2340 3913 καὶ
2365 3861 2393 3912 ὁ
2410 3859 2551 3923 θεῖος
2565 3857 2886 3920 Ἀπόστολος
2903 3854 3211 3926 ἐξεφώνησε
3228 3853 3311 3917 τὸ,
3331 3852 3391 3906 Ὢ
3420 3849 3606 3915 βάθος
3627 3847 3814 3900 πλού-

579 3967 687 4004 του
733 3952 829 4005 καὶ
868 3951 1086 4022 σοφίας
1115 3951 1214 4008 καὶ
1235 3951 1499 4024 γνώσεως
1539 3953 1708 4020 Θεοῦ,
1767 3955 1846 4024 ὡς
1897 3953 2332 4024 άνεξερεύνητα
2369 3956 2442 4012 τὰ
2475 3954 2728 4028 κρίματά
2783 3969 2934 4027 σου,
2981 3952 3078 4007 καὶ
3123 3948 3568 4018 ἀνεξιχνίαστοι
3597 3947 3658 3999 αι
3689 3942 3812 4000 ὁδοί

579 4042 787 4096 αὑτοῦ.
2337 4065 2340 4068 ’

597 4199 600 4204 .
651 4156 818 4214 Vens.
855 4161 941 4224 15,
971 4160 1056 4216 14.
1090 4159 1280 4217 Justus
1309 4171 1365 4218 ut
1394 4164 1572 4231 palma
1605 4163 1844 4232 ﬂorebit,
1873 4165 2008 4219 sicut
2057 4181 2129 4220 ce-

2315 4165 2551 4228 Δίκαιος
2596 4162 2677 4227 ὠς
2715 4157 2916 4230 φοίνιξ
2957 4154 3230 4225 ἀνθήσει,
3258 4154 3349 4220 ὡς
3379 4153 3417 4221 ἡ
3441 4151 3724 4219 κέδρος-’ἠ
3747 4151 3816 4204 ἐν

580 4250 731 4325 ἀγυι,
756 4269 872 4322 quae
899 4255 954 4306 in
986 4251 1186 4308 Libano
1217 4265 1314 4321 est,
1339 4255 1795 4325 muliiplicabitur.
1820 4255 2129 4314 Peccatores

2247 4253 2327 4321 τῷ
2347 4252 2577 4320 Λιϐάνῳ
2601 4248 3111 4321 πληθυνθήσεται.
3135 4247 3198 4300 Oi
3227 4245 3324 4316 μὲν
3346 4241 3663 4314 ἁμαρτωλοὶ
3689 4241 3816 4294 ὡσεὶ

582 4323 799 4412 quidem
836 4342 979 4396 sicut
1027 4341 1213 4397 fenum
1240 4346 1462 4428 exoriri,
1497 4353 1552 4402 et
1585 4347 1652 4401 ad
1689 4348 1994 4418 exemplum
2033 4348 2129 4402 feni

2249 4345 2438 4417 χόρτος
2497 4343 2743 4412 ἐλέγοντο
2795 4339 3107 4396 ἀνατέλλειν
3127 4378 3141 4403 ,
3188 4337 3284 4391 καὶ
3341 4334 3693 4438 καταλλήλιιὶς
3715 4332 3818 4438 ’τῷ

581 4449 693 4489 non
720 4435 813 4488 diu
844 4445 1026 4504 postea
1072 4437 1249 4505 perire
1294 4424 1423 4492 dicti
1450 4451 1596 4493 sunt.
1628 4438 1761 4493 Nam
1791 4449 2036 4495 exortum
2071 4437 2129 4494 fel

2250 4435 2654 4507 παραδείγματι
2675 4432 2770 4487 τοῦ
2806 4431 3018 4504 χόρτου,
3044 4430 3237 4492 οὑκείς
3276 4426 3484 4498 μακρὸν
3513 4424 3817 4495 διαφθείρε-

517 4533 520 4536 ’
583 4539 713 4579 num
743 4525 924 4579 statim
956 4527 1304 4582 exsiccatum.
1322 4535 1425 4595 est,
1455 4537 1508 4584 et
1529 4529 1627 4585 llos
1656 4529 1877 4598 decidit,
1899 4547 1963 4586 eo
1987 4546 2129 4601 pror-

2248 4527 2392 4581 σθαιο
2428 4526 2544 4597 ἅμα
2571 4542 2632 4578 τε
2658 4524 2767 4596 γὰρ
2802 4522 3071 4577 ἀνέτειλεν
3100 4522 3128 4573 ό
3157 4518 3349 4590 χόρτος
3393 4515 3488 4571 καὶ
3526 4515 3815 4586 ἐξηράνθη,

584 4631 680 4672 sus
712 4615 873 4670 modo
905 4632 1014 4686 quo
1061 4626 1401 4686 peccatorum
1450 4619 1561 4674 vita
1607 4628 1662 4675 et
1709 4621 1899 4692 gloria.
1957 4620 2129 4678 Justus

2249 4617 2344 4671 καὶ
2368 4615 2428 4669 τὸ
2445 4614 2602 4677 ἄνθος
2617 4613 2892 4678 ἐξέπεσεν,
2923 4611 3110 4682 ὥσπερ
3128 4605 3221 4662 οὖν
3249 4607 3344 4661 καὶ
3367 4609 3400 4678 ή
3429 4605 3540 4659 τῶν
3563 4607 3817 4676 ἀμαρτω-

585 4713 767 4761 autem
794 4721 900 4760 non
934 4707 1077 4762 sicut
1118 4706 1299 4762 fenum
1323 4746 1338 4772 ,
1377 4708 1472 4763 sed
1507 4712 1698 4780 palmae
1727 4713 1900 4767 instar
1937 4713 2126 4770 ﬂorebi

2252 4711 2358 4766 λῶν
2386 4710 2497 4781 ζωή
2527 4727 2586 4762 τε
2613 4709 2708 4762 καὶ
2735 4706 2859 4771 δόξα
2877 4724 2890 4737 ·
2920 4708 2948 4759 ό
2991 4705 3050 4759 δὲ
3080 4704 3286 4767 δίκαιος
3315 4703 3377 4755 οὐ
3408 4701 3551 4755 κατά
3576 4699 3671 4753 τὸν
3703 4699 3816 4770 χόρ-

589 4809 808 4850 sursum
847 4793 1060 4848 radices
1087 4802 1141 4848 et
1169 4809 1353 4852 comas
1377 4794 1642 4865 ell'erens;
1675 4815 1850 4868 neque
1882 4800 2032 4854 humi
2053 4816 2152 4871 po-

589 4887 745 4949 sitas,
777 4886 967 4941 sed-ad
1008 4887 1203 4942 caelum
1231 4895 1500 4944 extensas.
1527 4888 1644 4954 Qua
1677 4890 1743 4945 de
1770 4905 1934 4946 causa
1965 4893 2155 4962 palmae

590 4975 806 5046 quidem
829 4976 1011 5046 justus
1052 4986 1438 5048 comparatur;
1474 4995 1583 5034 non
1617 4990 1796 5036 autem
1829 4983 1990 5038 unico
2039 4983 2156 5053 pal-

592 5082 695 5121 mae
717 5076 950 5122 trunco:
985 5083 1109 5122 nam
1143 5071 1198 5122 in
1226 5071 1391 5125 ramis
1437 5071 1830 5142 multiplicatur
1853 5112 1869 5137 ,
1912 5074 2005 5144 qui
2039 5091 2150 5129 una

592 5172 718 5213 cum
748 5157 841 5211 illa
877 5167 931 5214 et
981 5175 1076 5229 per
1106 5160 1251 5213 illam
1282 5161 1511 5216 salutem
1553 5172 1982 5234 consequuntur.
2037 5164 2155 5232 Qua

594 5249 664 5307 de
681 5265 847 5305 causa
879 5250 1275 5320 comparandus
1307 5253 1433 5307 item
1457 5254 1640 5320 cedro,
1668 5271 1776 5311 non
1799 5257 2040 5322 cuilibet,
2061 5258 2157 5315 sed

545 5407 550 5409 _
595 5345 647 5401 el
679 5359 802 5415 quae
835 5343 888 5397 in
918 5341 1126 5399 Libano
1160 5353 1263 5399 est.
1309 5343 1586 5415 Multiplex
1619 5358 1796 5403 autem
1830 5349 1920 5402 illa
1948 5360 2050 5413 est,
2078 5357 2159 5404 at-

597 5451 707 5506 que
734 5435 1024 5491 admodum
1062 5452 1288 5492 numero
1318 5437 1734 5509 crescit,utpote
1759 5457 1879 5512 quae
1900 5442 1953 5495 in
1977 5450 2160 5498 monte

602 5529 987 5601 pinguissimo,
1040 5528 1133 5601 qui
1165 5529 1496 5587 celsissimas
1530 5531 1752 5590 arbores
1805 5533 2056 5605 producit
2105 5541 2159 5591 ct

709 5687 752 5718 "
790 5684 950 5743 Rom.
988 5701 1079 5750 XI,
1116 5686 1204 5742 55.

2253 4822 2364 4870 τον,
2389 4803 2524 4858 ἀλλὰ
2547 4801 2784 4872 φοίνικος
2803 4799 2955 4868 δίκην
2973 4796 3218 4867 ἀνθήσει,
3247 4795 3360 4848 ἀνω
3390 4810 3494 4847 που
3519 4791 3708 4863 φέρων
3730 4790 3816 4852 τὰς

2259 4896 2432 4968 ῥίζας,
2474 4894 2568 4947 κα)⁵
2608 4892 2706 4956 τάς
2745 4889 2940 4962 κομὰς,
2972 4890 3034 4942 οὑ
3074 4889 3249 4960 χαμαὶ
3285 4885 3564 4956 κειμένας,
3598 4883 3716 4936 ἀλλ’
3747 4883 3816 4943 είς

2257 4983 2482 5056 οὐρανὸν
2510 4979 2907 5051 ἐκτεινομένας.
2943 4977 3158 5031 Τούτων
3195 4975 3292 5046 μὲν
3327 4970 3419 5027 οὑν
3440 4974 3602 5026 ἕνεκα
3627 4971 3832 5041 φοίνικι·

2258 5074 2632 5145 παραϐληθείη
2659 5073 2774 5126 avo
2801 5072 3026 5134 δίκαιος,
3061 5069 3161 5123 οὑκ
3206 5066 3284 5120 ἔτι
3333 5066 3392 5119 δὲ
3437 5065 3530 5118 καὶ
3549 5063 3630 5134 τῷ
3678 5078 3819 5133 μονο-

2262 5169 2387 5237 φυεῖ
2416 5166 2654 5235 στελέχει
2695 5163 2790 5218 τοῦ
2839 5163 3080 5234 φοίνικος
3098 5179 3112 5192 ’
3143 5157 3474 5230 πθλυπληθεῖ
3493 5155 3604 5227 γὰρ
3629 5158 3690 5208 ἐν
3720 5155 3818 5237 rei;

2262 5236 2476 5321 κλάδοις
2501 5259 2611 5320 τοῖς
2642 5255 2756 5326 ἅμα
2777 5253 2924 5324 αὑτῷ
2948 5253 3043 5306 καὶ
3066 5251 3133 5304 δι’
3154 5248 3318 5304 αὑτοῦ
3345 5245 3696 5315 σωζομένοις.
3730 5236 3819 5294 Ὧν

2261 5349 2425 5402 ἕνεκα
2455 5345 2823 5418 παραϐλητέον
2855 5339 2988 5413 αὑτῇ
3015 5344 3079 5413 τῇ
3102 5339 3305 5412 κέδρῳ,
3328 5337 3426 5407 οὐχ
3451 5334 3664 5397 ἁπλῶς,
3696 5329 3824 5386 ἀλλὰ

2262 5442 2329 5510 τῇ
2362 5441 2417 5493 ἐν
2453 5438 2531 5509 τῷ
2588 5438 2829 5507 Λιϐάνῳ·
2865 5433 3040 5504 πολλὴ
3065 5432 3123 5485 δὲ
3160 5431 3296 5501 αὑτη
3333 5428 3428 5482 καὶ
3471 5421 3823 5497 μεγαλοφυῶς

2266 5531 2574 5604 πληθύουσα
2593 5548 2605 5561 °
2644 5529 2738 5584 ἆτε
2764 5531 2819 5583 ἐν
2843 5527 2957 5599 ὖρει
2981 5524 3186 5596 φύουσα
3205 5519 3589 5593 λιπαρωτάτῳ,
3606 5518 3830 5588 φέροντι
