3990 6202
280 290 412 344 1181

1388 293 1888 351 οοΜΜεΝτΑιιιΑ
1921 296 1996 353 iN
2033 272 2364 357 mimos:

3359 307 3491 363 “89

272 405 370 457 καὶ
425 404 674 478 τρέφοντι
723 405 1069 480 οὐρανομήκη
1115 408 1274 477 φυτά.
1327 407 1480 464 Οὐτω
1526 411 1570 464 δ’
1616 403 1706 464 οῦν
1746 410 1838 464 καὶ

1941 413 2053 478 alit,
2087 424 2363 472 nascatur.
2419 414 2509 470 Sic
2555 418 2737 488 itaque
2782 416 2986 486 justus,
3018 419 3256 475 infinitos
3309 436 3491 476 secum

269 499 300 549 ὁ
351 499 577 561 δίκαιος,
637 499 858 570 μυρίους
915 498 1051 570 έχων
1093 502 1218 564 τοὺς
1266 500 1333 553 δι’
1381 501 1544 555 αὐτοῦ
1595 502 1688 556 καὶ⁵
1741 503 1836 556 σὺν

271 586 423 658 αὐτῷ
470 587 822 658 σωζομένους,
870 591 1011 644 κατά
1043 591 1198 644 τοῦτο
1249 593 1344 662 μὲν
1385 592 1452 646 ἂν
1489 594 1734 664 ἐμφερὴς
1769 597 1834 665 τῇ

272 680 480 750 κέδρῳ,
533 679 613 750 τῷ
665 681 721 733 δὲ
766 682 963 750 φοίνικι
995 683 1133 736 κατά
1173 683 1241 737 τὰ
1271 683 1443 749 ἄλλως
1477 685 1834 756 δεδηλωμένα.

285 770 426 822 Ἀλλ’
452 770 513 823 οὐ
539 771 765 825 τοιοῦτοι
786 769 922 843 ἦσαν
939 775 987 825 οἱ
1017 773 1249 839 ἀσεϐεῖς,
1267 775 1316 827 οί
1335 775 1465 827 ὡσεὶ
1495 775 1684 845 χόρτος
1706 775 1838 828 ἀνα-

270 861 550 925 τέλλοντες
603 863 695 916 καὶ
725 865 1058 936 παραχρῆμα
1104 867 1502 936 ἀφανιζόμενοι.
1538 870 1837 936 Πεφυτευ-

266 950 442 1019 μένοι
476 953 547 1006 ἐν
597 952 674 1018 τῷ
726 954 867 1020 οἴκῳ
892 955 998 1023 τοῦ
1036 956 1204 1020 Θεοῦ,
1245 956 1314 1008 ἐν
1346 956 1473 1022 ταῖς
1495 957 1708 1021 αὐλαῖς
1731 955 1838 1010 τοῦ

274 1041 428 1095 Θεοῦ
486 1042 653 1111 ἡμῶν
706 1043 1132 1109 ἐξανθήσσυσι.
1190 1046 1418 1110 Σπάνιος
1462 1048 1558 1117 μὲν
1597 1049 1626 1100 ὁ
1656 1048 1839 1118 ἄκρως

273 1133 498 1197 τέλειος,
521 1137 548 1187 ὁ
574 1135 664 1188 καὶ
678 1135 883 1199 δίκαιος
907 1135 1304 1207 ὠνομασμένος,
1337 1139 1535 1207 φοίνικι
1556 1139 1648 1191 καὶ
1667 1139 1838 1210 κέδρῳ

277 1225 594 1296 παραΰεϐλη
604 1226 763 1295 μένος
780 1244 794 1258 ·
819 1229 941 1280 ἐπεὶ
968 1228 1023 1280 δὲ
1051 1228 1126 1298 μὴ
1154 1228 1351 1292 πάντες
1373 1217 1623 1294 τοιοῦτοι,
1646 1229 1835 1294 ἰστέον,

275 1315 362 1368 ὃτι
398 1317 489 1368 καὶ⁷
513 1317 619 1369 τῶν
648 1317 1030 1388 ἀτελεστέρων,
1066 1318 1202 1388 πλὴν
1234 1318 1368 1371 ἀλλά
1389 1319 1490 1388 τῆς
1524 1321 1582 1372 ὲν
1605 1318 1681 1389 τῷ
1707 1320 1838 1388 οἴκῳ

275 1404 374 1458 τοῦ
394 1405 526 1458 Θεοῦ
554 1407 776 1475 φυτείας
807 1407 1144 1477 ἠξιωμένων,
1173 1407 1285 1460 ἐστι
1318 1425 1368 1460 τι
1403 1409 1608 1477 ἀγαθὸν
1648 1408 1802 1472 τέλος
1820 1426 1834 1440 ο

275 1497 339 1548 ὲν
370 1497 495 1566 γοῦν
538 1501 657 1560 ταῖς
711 1497 901 1562 αὐλαῖς
941 1497 1036 1552 τοῦ
1083 1497 1215 1552 Θεοῦ
1259 1500 1416 1570 ἡμῶν
1467 1499 1835 1570 ὲξανθήσουσι.

273 1590 511 1661 Νοήσεις
537 1589 593 1641 δὲ
626 1589 892 1642 καὶτοῦτο
910 1585 1056 1644 οἷκον
1091 1590 1260 1660 μέγαν
1283 1592 1484 1660 Κυρίου
1508 1591 1718 1645 ἀκούων
1743 1593 1840 1663 τὴν

1938 505 2143 562 habens
2170 509 2262 577 qui
2296 509 2468 578 ipsius
2511 524 2674 578 opera
2704 510 2932 565 salutem
2989 520 3390 582 assequuntur,
3428 529 3491 569 ea

1936 598 2152 668 quidem
2210 601 2419 655 ratione
2463 603 2626 656 cedro
2671 604 3104 673 comparandus,
3162 606 3265 659 alia
3313 615 3491 662 autem

1937 691 2088 761 prius
2117 693 2418 756 enuntiata,
2447 693 2658 762 palmze.
2717 693 2784 747 At
2814 710 2922 749 non
2979 695 3288 764 hnjusmodi
3337 705 3496 752 erant

1937 783 2106 851 impii,
2141 783 2254 851 qui,
2277 792 2532 853 tanquam
2565 784 2744 838 fenum
2774 787 2970 849 exorti,
3000 803 3121 843 mox
3149 789 3307 843 deleti
3342 798 3495 844 sunt.

1939 874 2177 928 Plantati
2211 876 2263 927 in
2293 875 2444 928 domo
2467 875 2585 940 Dei,
2626 878 2678 930 in
2713 879 2864 931 atriis
2893 878 2990 932 Dei
3011 881 3184 934 nostri
3210 881 3492 948 ﬂorebunt.

1937 967 2196 1021 Perrarus
2225 966 2440 1036 quidem
2474 975 2588 1032 est,
2620 969 2712 1036 qui
2745 968 2809 1022 ad
2845 986 3113 1025 summum
3149 970 3498 1042 perfectionis

1937 1058 2228 1119 devenerit,
2261 1058 2349 1128 qui
2380 1065 2433 1112 et
2457 1060 2640 1128 justus
2671 1069 2896 1116 vocatur
2917 1100 2932 1125 ,
2978 1063 3277 1133 palmaeque
3320 1079 3383 1118 ac
3409 1079 3498 1120 ce-

1937 1150 2036 1204 dro
2084 1149 2380 1204 confertur.
2454 1150 2558 1204 Sed
2612 1151 2738 1220 quia
2793 1167 2899 1206 non
2946 1167 3134 1208 onmes
3182 1153 3497 1223 bnjusmodi

1937 1247 2086 1305 sunt,
2110 1240 2386 1294 sciendum
2419 1247 2521 1302 est,
2551 1240 2712 1294 etiam
2758 1240 3264 1310 imperfectioribus,
3288 1245 3378 1312 qui
3417 1251 3496 1296 ta-

1935 1345 2059 1384 men
2088 1330 2176 1384 illa
2217 1331 2268 1385 in
2303 1331 2462 1385 domo
2495 1331 2588 1385 Dei
2631 1332 2964 1401 plantatione
2994 1332 3198 1403 dignati
3254 1332 3495 1396 fuerint,

1936 1421 2136 1475 bonum
2178 1423 2462 1491 quemdam
2516 1423 2675 1477 finem
2718 1425 3016 1492 repositum
3059 1440 3180 1480 esse
3215 1441 3228 1476 :
3283 1441 3406 1479 nam
3442 1426 3498 1480 in

1938 1510 2090 1566 atriis
2121 1509 2313 1565 domus
2362 1511 2454 1566 Dei
2503 1513 2675 1566 nostri
2722 1511 3006 1566 ﬂorebunt.
3043 1513 3098 1568 Id
3132 1529 3260 1568 vero
3296 1514 3498 1569 intelli-

1938 1614 2054 1669 gas,
2086 1599 2130 1654 si
2158 1615 2255 1669 pro
2280 1615 2471 1670 magna
2495 1601 2658 1655 domo
2677 1600 2910 1663 Domini,
2943 1603 3237 1659 Ecclesiam
3277 1605 3397 1673 ejus
3439 1605 3496 1660 in

285 1681 616 1753 Ἐκκλησίαν
659 1681 844 1743 αὐτοῦ,
895 1681 993 1753 τὴν
1022 1681 1112 1733 ἐπὶ
1148 1682 1268 1751 γῆς,
1305 1683 1444 1734 κατά
1467 1682 1557 1736 τὸν
1596 1684 1838 1754 φήσαντα

1941 1697 2083 1744 terra
2113 1691 2271 1745 sitam
2296 1690 2530 1759 accipias
2559 1692 2857 1745 secundum
2885 1693 3227 1762 Apostolum,
3271 1696 3364 1765 qui
3396 1696 3494 1758 ait,

283 1773 610 1828 Ἀπόστολον
626 1790 638 1802 ·
678 1775 800 1828 Ἵνα
824 1773 959 1840 ἴδῃς
983 1771 1108 1838 πῶς
1136 1772 1228 1826 δεῖ
1255 1773 1324 1825 ἐν
1343 1775 1484 1836 οῖκῳ
1523 1774 1668 1828 Θεοῦ
1695 1775 1838 1829 ἀνα-

1949 1781 2017 1835 Ut
2055 1783 2227 1836 videas
2257 1783 2510 1853 quomodo
2538 1793 2769 1852 oporteat
2793 1785 2845 1838 in
2877 1761 3030 1840 domo
3051 1787 3150 1840 Dei
3177 1761 3494 1852 conuersari,

273 1863 660 1932 στρέφεσθαι,
683 1863 814 1930 ἣτις
845 1864 1016 1916 ἐστὶν
1054 1863 1375 1925 Ἐκκλησία
1411 1863 1556 1918 Θεοῦ
1591 1863 1800 1931 ζῶντος
1821 1882 1836 1898 ο

274 1953 717 2024 πεφυτευμένους
771 1953 826 2005 δὲ
858 1957 914 2005 ἐν
967 1955 1137 2026 ταύτῃ
1175 1954 1300 2016 τοὺς
1325 1938 1421 2016 τὰς
1452 1954 1624 2026 ἀρχὰς
1654 1957 1751 2027 τῆς
1783 1958 1840 2011 ὲν

277 2043 560 2114 θεοσεϐείᾳ
613 2045 892 2115 προκοπῆς
936 2043 1183 2096 ἐντεῦθεν
1219 2044 1524 2116 εἰληφότας,
1551 2041 1650 2100 οἷοι
1678 2043 1837 2118 ἦσαν,

273 2131 373 2196 οὓς
426 2131 716 2200 ἐφύτευσεν
761 2134 789 2185 ὁ
838 2131 1064 2196 Παῦλος,
1096 2132 1159 2184 δι’
1182 2131 1274 2196 οὐς
1309 2134 1402 2187 καὶ
1453 2133 1657 2203 ἔλεγεν,
1703 2136 1842 2205 Ἐγὼ

273 2223 600 2292 ἐφύτευσα,
646 2222 938 2288 Ἀπολλὼς
973 2224 1272 2288 ἐπότισεν,
1303 2225 1440 2278 ἀλλ’
1478 2229 1510 2279 ό
1553 2226 1696 2292 Θεὸς
1736 2227 1842 2294 ηὕ-

279 2314 484 2378 ξανεν.
504 2309 660 2368 Οὗτοι
675 2309 766 2367 οὗν
786 2315 834 2366 οἱ
848 2314 906 2366 ὲν
923 2315 986 2384 τῇ
1007 2331 1072 2366 πε
1082 2314 1264 2385 ριγείῳ
1290 2315 1580 2386 Ἐκκλησία
1603 2315 1694 2369 τοῦ
1707 2316 1838 2369 Θεοῦ

280 2405 675 2475 πεφυτευμένοι
699 2405 855 2469 ἀνθος
891 2404 1255 2459 ἀποδώσουσιν
1281 2405 1474 2469 εὐῶδες
1510 2407 1602 2459 καὶ
1623 2406 1839 2477 γόνιμον

282 2497 377 2550 καὶ
402 2497 508 2551 τῶν
540 2496 758 2550 τελείων
783 2498 1006 2567 καρπῶν
1022 2497 1277 2560 οἰστικὸν,
1299 2498 1357 2550 ὲν
1381 2501 1499 2562 ταῖς
1530 2497 1718 2561 αὐλαῖς
1745 2496 1838 2550 τοῦ

277 2588 414 2644 Θεοῦ
448 2590 602 2662 ἡμῶν
635 2587 1142 2660 μεταφυτευθέντες,
1170 2588 1443 2642 τουτέστιν
1459 2590 1515 2642 ὲν
1531 2591 1650 2653 ταῖς
1676 2590 1838 2640 ἐπου-

284 2685 484 2754 ρανίοις
527 2685 715 2753 μοναῖς
735 2700 749 2712 ο
800 2681 927 2749 εῐγε
961 2679 1147 2734 πολλαὶ
1191 2679 1342 2752 παρὰ
1383 2681 1460 2752 τῷ
1492 2680 1686 2752 Πατρὶ,
1713 2678 1838 2733 ἔνθα

281 2775 400 2826 κατ’
453 2773 608 2840 ἀξίαν
657 2771 1096 2844 διαμερισθέντες
1139 2771 1188 2822 οἱ
1230 2769 1324 2824 νῦν
1363 2772 1419 2823 ὲν
1456 2769 1534 2841 τῷ
1579 2769 1712 2840 οἴκῳ
1741 2767 1834 2821 τοῦ

281 2863 417 2916 Θεοῦ
478 2863 892 2934 πεφυτευμένοι,
933 2859 1072 2915 κατά
1118 2860 1305 2931 καιρὸν
1359 2861 1448 2915 τὸν
1497 2863 1838 2933 προσήκοντα

281 2955 577 3026 ἐξανθήσου
585 2973 686 3009 σιν.

355 3069 477 3121 Ἔτι
527 3066 1055 3136 πληθυνθήσονται
1111 3068 1180 3122 ἐν
1220 3067 1374 3138 γήρᾳ
1406 3069 1589 3135 πίονι,
1625 3071 1721 3125 καὶ
1747 3073 1838 3126 εὐο

281 3161 614 3228 παθοῦντες
655 3163 917 3223 ἔσονται,
961 3160 1067 3214 τοῦ
1115 3161 1476 3231 ἀναγγεῖλαι,
1532 3162 1620 3216 ὅτι
1659 3164 1840 3233 εὐθὴς

280 3251 498 3318 Κύριος
530 3255 561 3306 ό
593 3252 736 3318 Θεὸς
781 3252 966 3322 ἡμῶν,
1021 3250 1118 3305 καὶ
1165 3254 1273 3307 οὐκ
1327 3253 1498 3307 ἐστιν
1546 3255 1743 3310 ἀδικία
1773 3257 1842 3310 ἐν

279 3347 464 3412 αὐτῷ.
517 3345 592 3402 Οὐ
646 3348 801 3419 μόνον
847 3347 1030 3420 φησὶν,
1065 3348 1145 3402 ὅτι
1194 3348 1577 3420 ὲξανθήσουσιν
1625 3353 1685 3404 ὲν
1721 3355 1840 3415 ταῖς

278 3439 470 3503 αὐλαῖς
489 3441 581 3494 τοῦ
607 3441 740 3494 Θεοῦ
768 3442 816 3494 oi
845 3442 1080 3512 σήμερον
1112 3442 1169 3494 ὲν
1202 3441 1279 3512 τῷ
1311 3441 1441 3512 οἴκῳ
1478 3443 1638 3497 αὐτοῦ
1671 3462 1842 3514 πεφυ-

277 3531 550 3602 τευμένοι,
602 3532 736 3586 ἀλλά
781 3533 874 3588 καὶ
917 3533 1069 3587 αὐτοὶ⁵
1117 3531 1600 3604 πληθυνθήσονται,
1655 3533 1842 3608 ὥσπερ

280 3621 537 3693 ἀνωτέρω
548 3625 581 3693 ἡ
601 3623 831 3694 κέδροςή
859 3627 914 3678 ἐν
931 3624 1006 3696 τῷ
1022 3623 1236 3692 Λιϐάνῳ
1252 3624 1595 3697 ἐπληθύνετο.
1627 3626 1761 3679 Πότὲ
1781 3627 1837 3680 δὲ

279 3713 440 3766 τοῦτο
468 3714 648 3778 αὐτοῖς
682 3714 852 3779 ἔσται,
872 3715 1030 3787 ἀλλ’ἢ
1048 3719 1104 3770 ὲν
1118 3717 1194 3786 τῷ
1213 3718 1281 3787 γή
1291 3733 1358 3788 pq.
1372 3717 1448 3788 τῷ
1465 3716 1605 3770 πίονι
1626 3734 1640 3782 ;
1660 3717 1840 3787 Γῆρας

277 3803 338 3858 δὲ
372 3803 603 3858 ἐνταῦθα
628 3804 725 3876 τὴν
771 3805 1043 3861 τελείωσιν
1067 3808 1292 3862 πέπεισο
1335 3808 1581 3876 λέγεσθαι
1616 3808 1716 3878 τῆς
1742 3809 1842 3878 ψυ-

280 3897 406 3968 χῆς,
439 3900 496 3951 ὲν
529 3892 863 3971 ᾖγενόμενοι
917 3899 1275 3964 εὐπαθοῦντες
1335 3901 1546 3955 ἔσονται
1589 3901 1637 3954 oi
1662 3900 1756 3954 νῦν
1782 3902 1840 3954 ὲν

276 3988 358 4058 τῷ
396 3989 526 4059 οἴκῳ
570 3991 774 4060 Κυρίου
813 3991 1221 4060 πεφυτευμένοι.
1261 3990 1323 4043 El
1355 3991 1464 4063 γάρ
1499 3993 1592 4047 καὶ
1639 3992 1706 4045 τὰ
1734 3993 1840 4064 μά-

275 4079 436 4132 λιστα
488 4080 629 4134 κατά
657 4081 769 4153 ,τὸν
829 4081 1066 4152 παρόντα
1091 4081 1299 4153 καιρὸν,
1351 4084 1407 4135 ὲν
1439 4077 1482 4150 ᾧ
1527 4082 1841 4151 φυτεύονται

277 4174 342 4225 ὲν
372 4172 448 4243 τῷ
469 4176 602 4244 οἴκῳ
640 4152 842 4242 Κυρίου
893 4152 1323 4237 κακοπαθοῦντες
1364 4172 1680 4240 διατελοῦσι,
1716 4175 1842 4234 τοὺς

277 4264 526 4336 πρώτους
582 4264 678 4333 τῆς
729 4263 998 4334 γεωργίας
1049 4251 1238 4328 πόνους
1293 4265 1646 4336 ὑπομένοντες
1669 4283 1682 4296 ·
1727 4267 1839 4320 ἀλλ’

277 4353 419 4408 ἐπὰν
449 4353 542 4406 τοῦ
569 4355 750 4424 γήρως
786 4352 879 4406 τοῦ
907 4354 1085 4418 πίονος
1133 4355 1452 4421 ἀξιωθῶσιν,
1487 4356 1841 4422 εὐπαθοῦντες

1943 1891 2059 1944 qua:
2081 1883 2157 1928 est
2185 1873 2417 1928 Ecclesia
2439 1873 2535 1928 Dei
2561 1875 2770 1928 viventis
2802 1876 2881 1940 ²¹;
2919 1886 2972 1932 et
3002 1878 3046 1932 si
3070 1892 3169 1947 pro
3193 1878 3299 1932 illis
3326 1878 3416 1948 qui
3440 1878 3494 1931 in

1945 1980 2007 2021 ea
2033 1967 2257 2036 plantati
2287 1974 2433 2029 sunt,
2462 1981 2556 2020 eos
2586 1967 2678 2035 qui
2702 1966 2980 2036 profectus
3011 1967 3063 2020 in
3090 1968 3346 2038 religione
3381 1967 3497 2037 pri-

1945 2054 2151 2108 mordia
2198 2054 2250 2107 in
2291 2054 2378 2107 illa
2429 2065 2791 2124 acceperunt:
2838 2057 3026 2126 quales
3074 2058 3108 2110 ii
3153 2065 3310 2111 erant
3358 2072 3528 2133 quos.

1945 2145 2203 2214 plantavit
2231 2144 2450 2213 Paulus,
2480 2165 2820 2220 quorumque
2845 2167 3009 2206 causa
3037 2153 3191 2220 dixit,
3221 2151 3325 2223 Ego
3345 2151 3501 2221 plan~

1897 2264 1902 2266 -
1945 2236 2070 2298 tavi,
2095 2235 2282 2304 Apollo
2310 2239 2535 2308 rigavit;
2573 2241 2663 2295 sed
2689 2243 2829 2295 Deus
2865 2244 3232 2296 incrementum
3271 2243 3409 2297 dedit
3430 2244 3495 2298 ".

1944 2324 2010 2379 Hi
2037 2327 2215 2397 itaque
2239 2329 2330 2398 qui
2363 2329 2417 2382 in
2445 2337 2658 2385 terrena
2691 2331 2783 2387 Dei
2815 2332 3055 2388 Ecclesia
3093 2335 3317 2403 plantati
3347 2341 3495 2400 sunt,

1944 2416 2126 2473 ﬂorem
2146 2421 2390 2476 emittent
2439 2423 2622 2478 suavis
2656 2424 2840 2480 odoris
2873 2439 2936 2479 ac
2972 2441 3289 2495 generosum
3325 2426 3500 2496 perie-

1943 2516 2260 2581 ctorumque
2289 2511 2564 2568 fructuum
2595 2513 2859 2581 feracem;
2897 2516 2953 2571 in
2987 2518 3137 2572 atriis
3160 2517 3254 2572 Dei
3285 2520 3494 2584 nostri,

1944 2599 1998 2654 id
2028 2601 2216 2656 est'in
2265 2603 2578 2659 cmicstibus
2636 2607 3008 2661 mansionibus
3062 2609 3492 2677 transplantati:

1943 2694 2208 2764 siquidem
2247 2697 2429 2751 multae
2473 2704 2602 2751 sunt
2630 2699 2943 2755 mansiones
2972 2698 3114 2770 apud
3140 2699 3376 2768 Patrem,
3402 2705 3497 2759 ubi

1943 2801 2043 2856 pro
2075 2787 2269 2842 merito
2302 2788 2580 2844 distributi
2609 2789 2699 2859 qui
2735 2789 2927 2862 iamjn
2958 2789 3120 2846 domo
3143 2789 3236 2846 Dei
3268 2792 3497 2862 plantati

1941 2885 2089 2945 sunt,
2113 2881 2430 2950 congruenti
2455 2889 2693 2951 tempore
2720 2881 3008 2938 florebunt.
3501 2879 3506 2890 ’

2011 3072 2173 3130 Vnus.
2207 3075 2294 3141 15,
2328 3075 2414 3129 16.
2443 3075 2626 3130 Adhuc
2659 3077 3142 3146 multiplicabuntur
3163 3080 3216 3133 in
3242 3088 3500 3134 senectute

1937 3164 2137 3234 pingui,
2185 3174 2235 3219 et
2277 3164 2411 3218 bona
2455 3167 2749 3236 accipient;'
2781 3176 2839 3220 ut
2878 3171 3213 3234 annuntient,
3251 3171 3498 3240 quoniam

1938 3266 2106 3310 rectus
2131 3255 2382 3311 Dominus
2410 3256 2548 3312 Deus
2576 3269 2771 3324 noster,
2797 3269 2846 3314 et
2889 3277 2993 3315 non
3019 3271 3098 3315 est
3140 3261 3392 3332 iniquitas
3440 3263 3497 3316 in

1936 3363 2015 3403 eo.
2058 3346 2176 3402 Non
2203 3349 2376 3405 solum
2413 3349 2464 3403 id
2495 3350 2604 3418 ait,
2655 3351 2710 3405 in
2767 3353 2918 3408 atriis
2951 3352 3046 3409 Dei
3087 3354 3357 3410 ﬂorebunt
3403 3356 3498 3426 qui

1937 3438 2098 3494 hodie
2128 3439 2184 3493 in
2209 3439 2369 3494 domo
2397 3439 2516 3509 ejus
2547 3441 2770 3510 plantati
2801 3449 2964 3508 sunt;
2999 3443 3093 3498 sed
3135 3451 3189 3499 et
3228 3444 3330 3515 ipsi
3362 3445 3500 3498 mul-

1938 3529 2347 3600 tiplicabuntur,
2379 3531 2518 3585 sicut
2547 3531 2762 3595 cedrus,
2793 3549 2913 3604 qua:
2940 3534 2997 3588 in
3027 3533 3234 3591 Libano
3268 3544 3370 3598 est,
3404 3550 3498 3590 su-

1939 3637 2034 3694 pra
2084 3622 2434 3693 multiplicari
2485 3622 2785 3680 dicebatur.
2839 3623 3196 3691 Quandonam
3251 3626 3304 3682 id
3363 3626 3498 3697 ipsis

1939 3715 2167 3782 eveniet,
2192 3715 2296 3770 nisi
2327 3715 2382 3770 in
2414 3723 2689 3773 senectute
2717 3717 2942 3787 pingui?
2964 3715 3062 3772 Hic
3093 3731 3221 3772 vero
3244 3724 3498 3772 senectu-

1939 3815 2046 3862 tem
2078 3823 2174 3876 pro
2203 3809 2676 3864 consummatione
2698 3807 2892 3862 animae
2919 3807 3026 3862 dici
3056 3823 3375 3877 persuasum
3399 3809 3499 3862 ba-

1939 3900 2277 3971 beas,in.qua
2300 3883 2577 3958 constituti
2599 3902 3138 3970 bonisfruentur,qui
3157 3917 3300 3955 nunc
3335 3903 3388 3956 in
3401 3901 3500 3958 do-

1939 4009 2028 4048 mo
2046 3992 2255 4048 Domini
2275 3994 2498 4065 plantati
2518 4002 2664 4050 sunt.
2683 3994 2814 4048 Nam
2839 3994 2882 4050 si
2900 3994 3012 4064 jam
3034 3994 3087 4047 in
3114 3992 3274 4050 domo
3287 3992 3498 4048 Domini

1940 4084 2184 4154 plantati,
2213 4085 2351 4138 mala
2407 4084 2672 4155 patientes
2724 4093 3092 4155 perseverant,
3125 4083 3316 4154 primis
3349 4083 3496 4155 agri-

1940 4175 2166 4230 culturae
2195 4177 2469 4234 laboribus
2497 4177 2768 4244 afﬂictati;
2796 4178 2888 4232 sed
2919 4193 3042 4234 cum
3073 4186 3350 4232 senectute
3379 4176 3499 4245 pin-

1939 4267 2027 4338 gui
2068 4267 2250 4321 donati
2289 4267 2506 4332 fuerint,
2535 4268 2694 4324 bonis
2730 4268 2996 4338 fruentur,
3021 4283 3084 4322 ac
3116 4266 3354 4336 requiem
3396 4279 3498 4318 na-

1939 4357 2032 4420 cti,
2062 4357 2304 4410 laborum
2345 4359 2810 4427 certaminumque
2851 4358 3070 4427 praemia
3100 4356 3380 4418 referent,
3433 4368 3498 4409 ac

274 4446 592 4516 γενήσονται
612 4447 1009 4518 ἀναπαυόμενοι
1033 4447 1140 4500 τῶν
1167 4450 1424 4518 καμάτων
1451 4451 1546 4502 καὶ
1561 4449 1665 4502 τῶν
1695 4451 1838 4519 ἁγὼ-

1939 4447 2357 4513 confitebuntur,
2384 4448 2644 4514 Quoniam
2666 4458 2835 4502 rectus
2863 4447 3116 4500 Dominus
3142 4445 3278 4501 Deus
3299 4452 3493 4508 noster,

274 4553 386 4592 νων
442 4537 509 4590 τά
553 4537 757 4590 ἔπαθλα
808 4537 1240 4609 ἀποληψόμενοι·
1298 4539 1718 4612 Ὀμολογήσουσί
1759 4560 1838 4609 τε,

277 4629 414 4681 Ὀτι
441 4628 622 4697 εὐθὴς
648 4631 861 4697 Κύριος
894 4632 926 4683 o'
957 4628 1100 4696 Θεὸς
1142 4630 1332 4698 ἡμῶν,
1377 4634 1474 4687 καὶ
1512 4635 1622 4688 οὐκ
1673 4633 1842 4687 ἔστιν

271 4721 477 4776 ἀδικία
503 4722 571 4774 ἐν
591 4721 769 4788 αὐτῷ.
796 4723 856 4776 Et
881 4722 988 4796 γὰρ
1014 4723 1089 4794 μὴ
1105 4723 1172 4775 τὰ
1197 4724 1649 4796 κατηριθμημένα
1663 4725 1841 4794 ἀγαθὰ

272 4809 468 4879 ἔμελλε
509 4809 839 4881 διαδέχεσθαι
882 4814 1007 4876 τοὺς
1055 4811 1130 4883 τῷ
1161 4812 1280 4884 Θεῷ
1315 4815 1718 4886 ἀνακειμένους,
1749 4817 1841 4870 καὶ⁸

268 4903 326 4954 εἰ
364 4901 438 4976 μὴ
466 4902 525 4955 τὸ
548 4903 787 4974 ὀλέθριον
819 4905 969 4967 τέλος
1015 4904 1302 4976 περιέμενε
1354 4908 1477 4970 τοὺς
1507 4908 1717 4972 ἀσεϐεῖς
1746 4908 1840 4962 καὶ

271 4973 402 5058 τοὺς
441 4973 836 5066 ἐργαζομένους
886 4996 983 5068 τὴν
1015 4973 1262 5069 ἀνομίαν,
1291 4993 1357 5069 ἦν
1376 4998 1442 5051 ἂν
1464 4999 1601 5069 τάχα
1629 5000 1839 5054 ἀδικίαν

272 5086 596 5139 ἐπικαλέσαι
654 5090 719 5158 τῇ
770 5086 866 5140 τοῦ
912 5087 1044 5141 Θεοῦ
1090 5089 1334 5161 προνοίᾳ.
1377 5089 1505 5142 Ὅτε
1532 5089 1587 5142 δὲ
1611 5090 1840 5148 ,τοιαῦτα

271 5178 404 5247 τέλη
461 5178 553 5232 καὶ
597 5181 706 5242 τοῖς
755 5179 982 5243 δικαίοις
1026 5179 1366 5252 ἡτοίμασται,
1394 5181 1522 5233 οἴων
1565 5181 1656 5234 καὶ
1682 5183 1840 5253 ἡμεῖς

272 5269 546 5339 εὐχόμεθα
583 5273 763 5341 τυχεῖν
792 5313 806 5337 ,
858 5272 952 5324 καὶ⁵
984 5274 1096 5336 τοῖς
1130 5273 1346 5326 ἀσεϐέσι
1401 5273 1642 5327 τοιαῦται
1683 5277 1839 5344 ήπεί-

1935 4549 1985 4593 et
2015 4556 2118 4594 non
2149 4549 2226 4594 est
2255 4539 2503 4607 iniquitas
2527 4540 2581 4592 in
2613 4555 2690 4593 eo.
2721 4538 2837 4594 Nisi
2871 4537 3013 4593 enim
3037 4536 3148 4605 jam
3181 4542 3498 4591 enumerata

1936 4631 2078 4686 bona
2119 4647 2214 4686 eos
2255 4631 2346 4701 qui
2377 4629 2487 4684 Deo
2520 4629 2720 4684 addicti
2753 4637 2880 4686 sunt
2929 4635 3226 4695 exceptura
3269 4633 3494 4691 essent,

1936 4732 1988 4778 et
2015 4725 2119 4779 nisi
2144 4725 2345 4794 impios
2373 4731 2426 4780 et
2447 4731 2739 4793 operantcs
2772 4721 3112 4791 iniquitatem
3134 4717 3401 4774 exitiosus
3429 4717 3495 4773 li-

1905 4816 2021 4870 .nis
2067 4823 2340 4882 maneret;
2396 4815 2592 4870 divinae
2627 4812 2982 4868 Providentia-
3022 4811 3308 4881 culpanda:
3357 4810 3498 4867 forte

1934 4921 2099 4961 causa
2125 4907 2391 4962 subesset.
2449 4904 2516 4958 At
2543 4903 2760 4976 quando
2814 4903 2937 4959 linis
2980 4901 3292 4973 hujnsmodi
3333 4901 3498 4972 justis

1933 5004 2154 5069 paratus
2187 5005 2290 5060 est,
2323 4997 2535 5066 qualem
2567 5011 2668 5050 nos
2707 4995 2966 5064 consequi
3021 5002 3399 5064 peroptamus;
3431 5007 3496 5047 ac

1935 5089 2112 5157 impiis
2138 5090 2260 5143 talia
2289 5089 2677 5144 denuntiantur
2719 5087 2983 5157 supplicia
3008 5128 3022 5152 ,
3065 5103 3096 5142 a
3138 5088 3338 5158 quibus
3396 5100 3497 5140 nos

1933 5178 2064 5248 eripi
2104 5179 2422 5248 contingat:
2482 5193 2650 5248 quare
2702 5187 3123 5231 consentaneum
3183 5193 3288 5231 non
3336 5174 3499 5228 fuerit

1933 5270 2197 5335 conﬁteri,
2229 5271 2492 5336 Quoniam
2536 5278 2704 5323 rectus
2746 5267 3005 5322 Dominus
3036 5266 3176 5322 Deus
3205 5275 3407 5326 noster,
3445 5271 3495 5316 et

271 5359 463 5430 ληνται
488 5360 762 5431 τιμωρίαι,
793 5360 886 5428 ἀφ’
913 5353 986 5412 ὧν
1009 5359 1213 5427 γένοιτο
1233 5361 1375 5433 ἡμᾶς
1400 5360 1662 5432 ῥωσθῆναι
1681 5377 1694 5390 ·
1719 5362 1834 5426 πῶς

1940 5377 2040 5414 non
2066 5371 2142 5414 est
2166 5362 2414 5431 iniquitas
2452 5363 2504 5414 in
2527 5363 2630 5416 eo?
2666 5363 2732 5414 At
2786 5361 3048 5430 insipiens
3085 5360 3198 5413 haec
3241 5372 3348 5411 non
3400 5370 3495 5409 co-

269 5452 373 5504 οὐκ
402 5450 688 5504 ἀκόλουθον
715 5449 780 5505 ἂν
806 5450 890 5520 εἴη
934 5450 1229 5520 ὁμολογεῖν,
1262 5451 1377 5503 ’Ὁτι
1412 5450 1596 5519 εὐθὴς
1622 5453 1834 5519 Κύριος

1937 5462 2194 5523 gnoscet,
2226 5468 2326 5506 nec
2356 5454 2548 5508 stultus
2581 5453 2861 5522 intelliget,
2893 5450 3037 5522 quod
3081 5465 3111 5502 a
3141 5446 3366 5502 stultitia
3395 5461 3496 5501 sua

273 5549 306 5599 o-
340 5544 483 5611 Θεὸς
520 5541 708 5612 ἡμῶν,
756 5542 854 5595 καὶ
905 5542 1014 5594 οὐκ
1061 5540 1232 5594 ἐστιν
1282 5540 1479 5595 ἀδικία
1521 5541 1590 5598 ἐν
1639 5541 1832 5609 αὐτῷ;

1940 5544 2174 5601 tenebris
2235 5544 2558 5600 oﬂ‘undatur.
2618 5544 2726 5616 Ego
2782 5560 2906 5601 vero
2951 5541 3045 5612 qui
3098 5539 3279 5597 ἱειιιιιεο
3326 5538 3497 5609 ριιυικι

343 5702 386 5772 ξι
429 5699 448 5752 ι
483 5698 622 5754 τίω.
665 5713 757 5764 ιιι,
796 5698 880 5752 iis.
956 5698 998 5730 "
1039 5695 1210 5752 lCor.
1250 5711 1342 5761 ιιι,
1374 5697 1426 5752 6.
