3988 6204
549 271 687 330 “85

1246 267 1513 324 EUSEBII
1550 264 2029 325 CIESARIENSIS
2062 265 2211 324 OPP.
2248 262 2428 322 PARS
2453 261 2544 319 Ill.
2568 292 2637 305 —
2656 255 3041 316 EXEGETICA

3642 253 3777 311 “8-!

545 400 871 460 cognoscam
895 391 950 441 et
973 384 1289 455 intelligam,
1323 384 1451 455 quia
1483 400 1514 438 a
1542 382 1747 455 Spiritu
1774 391 1964 440 sancto
1987 384 2109 438 illu-

2221 381 2356 440 Ἀλλ’
2380 382 2409 435 0
2433 380 2533 453 μὲν
2555 379 2745 452 ἄφρων
2772 374 2945 430 ταῦτα
2973 373 3034 427 ού
3054 369 3341 442 γνώσεται,
3372 369 3493 424 οὐδὲ
3519 369 3781 434 ἀσύνετος

547 486 752 535 stratus
798 490 942 541 sum,
965 484 1019 531 et
1048 475 1193 547 quod
1243 475 1581 531 considerem
1612 489 1774 545 quam
1832 473 2113 545 profundae

549 568 704 622 facta:
744 568 854 622 sint
881 566 1239 636 cogitationes
1286 564 1408 633 Dei;
1460 566 1585 635 jure
1631 566 1783 621 laetor
1812 572 1867 621 et
1900 564 2112 621 exsulto

546 658 614 714 de
633 658 814 713 divina
844 656 1253 728 dispensatione
1279 675 1293 711 :
1337 657 1623 727 praesentia
1645 670 1773 711 vero
1816 656 1957 710 mala
1978 696 1994 719 ,
2042 656 2113 711 ob

546 765 697 819 spem
728 748 1035 804 futurorum
1067 755 1288 805 strenue
1312 749 1501 803 tolero.
1520 747 1637 814 Qua
1666 748 1733 803 de
1750 762 1916 802 causa
1941 755 2112 803 totum

546 843 717 897 otium
751 858 929 897 meum
972 852 1028 898 et
1069 842 1431 897 cessationem
1480 855 1511 894 a
1551 842 1709 897 malis
1766 839 1874 895 Deo
1920 856 2114 897 conse-

546 947 728 996 erans,
760 932 1099 988 delectabilia
1131 934 1219 988 illa
1247 940 1302 987 et
1327 937 1513 987 sancta
1563 929 1797 988 Sabbata
1830 931 2115 987 observare

546 1030 756 1095 satago,
787 1024 1122 1087 conﬁtendo.
1161 1026 1440 1096 psallendo
1466 1034 1525 1081 et
1554 1024 1927 1079 annuntiando
1955 1038 2114 1079 mane

546 1114 977 1171 misericordiam
1007 1114 1126 1180 Dei,
1155 1125 1210 1171 et
1238 1116 1521 1172 veritatem
1565 1116 1685 1185 ejus
1731 1131 1827 1185 per
1877 1120 2110 1170 noctem.

548 1205 706 1262 Tunc
733 1207 878 1262 enim
913 1208 1145 1263 maxime
1170 1223 1200 1261 a
1230 1209 1481 1280 religiosa
1515 1209 1698 1262 anima
1726 1208 1925 1264 veritas
1961 1206 2115 1262 exhi-

546 1297 724 1361 betur,
751 1312 873 1353 cum
900 1299 956 1353 in
981 1299 1221 1355 tenebris
1240 1308 1294 1355 et
1320 1300 1653 1355 obscuritate
1681 1299 1881 1370 degens
1904 1338 1919 1363 ,
1955 1298 2114 1369 quasi

547 1389 604 1442 in
633 1389 1073 1458 splendidissima
1105 1391 1224 1446 luce
1260 1398 1313 1446 et
1342 1391 1649 1447 clarissima
1689 1391 1799 1454 die,
1830 1390 2115 1446 conscien-

548 1483 637 1536 tiae
664 1482 951 1538 sinceritas
984 1485 1273 1553 etpuritas
1300 1485 1627 1539 ostenditur.
1667 1482 1814 1539 Talis
1853 1492 1937 1539 est
1966 1484 2114 1554 psal-

547 1590 670 1627 mus
690 1589 813 1628 cum
841 1575 1056 1631 cantico
1086 1577 1175 1631 die
1205 1574 1429 1631 Sabbati
1457 1576 1656 1640 dictus,
1689 1575 1742 1630 id
1774 1582 1859 1631 est
1894 1575 1947 1629 in
1976 1581 2116 1629 tem-

548 1681 680 1736 pore
710 1666 876 1731 illius,
909 1667 1053 1735 quod
1093 1668 1392 1723 secundum
1426 1667 1593 1723 Deum
1635 1675 1752 1730 est,
1802 1667 1901 1722 Otii
1930 1681 1995 1721 ac
2024 1682 2112 1721 re-

2214 475 2430 546 συνήσει
2456 472 2648 538 ταῦτα,
2677 470 2767 525 διὰ
2797 469 2858 523 τὸ
2910 464 3244 531 σκοτίζεσθαι
3292 463 3396 518 ὑπὸ
3430 464 3529 535 τῆς
3572 462 3781 528 οἰκείας

2213 564 2521 638 ἀφροσύνης
2542 580 2556 595 ·
2584 561 2694 632 ἐγὼ
2718 562 2774 616 δὲ
2808 562 2839 614 0
2863 560 3025 630 γνοὺς
3052 557 3190 612 αύτά
3218 562 3312 610 καὶ
3351 558 3550 619 συνιεὶς
3586 555 3683 609 διὰ
3722 555 3785 609 τι

2214 658 2321 714 ὑπὸ
2341 657 2484 711 θείου
2514 655 2826 727 Πνεύματος
2846 652 3201 724 πεφογτίσθαι,
3232 650 3327 704 καὶ
3351 649 3439 703 διά
3462 649 3527 702 τὸ
3550 648 3787 720 θεωρεῐν

2211 752 2360 814 ὅπως
2406 747 2771 820 ὲϐαθύνθησαν
2819 746 3020 818 σφόδρα
3049 746 3099 798 οἱ
3128 743 3463 814 διαλογισμοὶ
3487 731 3584 796 τοῦ
3610 740 3781 795 6:06-

2212 841 2432 905 είκάτως
2458 840 2813 912 εὐφραίνομαι
2850 838 2943 891 καὶ
2968 835 3210 906 ἀγαλλιῶ
3251 834 3344 888 ἐπὶ
3385 836 3451 905 τῇ
3490 832 3616 904 θείᾳ
3651 832 3781 886 διοι-

2212 933 2390 1005 κήσει,
2445 930 2596 1004 φέρω
2631 946 2691 982 τε
2739 928 2809 983 τὰ
2863 928 3103 1000 παρόντα
3129 925 3389 996 γενναίως
3421 925 3511 979 διὰ
3536 925 3640 996 τὴν
3672 925 3778 977 τῶν

2215 1022 2515 1095 μελλόντων
2561 1021 2772 1076 ἐλπίδα.
2810 1012 2909 1073 Ὧν
2940 1019 3100 1073 ἕνεκα
3149 1018 3247 1090 τὴν
3303 1019 3484 1072 πᾶσαν
3542 1015 3779 1088 ἐμαυτοῦ

2215 1113 2428 1185 σχολὴν,
2465 1114 2559 1168 ναὶ
2588 1112 2687 1184 τὴν
2715 1112 2824 1167 ἀπὸ
2845 1110 2953 1164 τῶν
2968 1110 3154 1165 κακῶν
3175 1109 3373 1181 ἀργίαν
3403 1109 3685 1173 ἀνατιθεὶς
3709 1107 3781 1179 τῷ

2212 1207 2349 1279 Θεῷ,
2377 1207 2447 1261 τά
2468 1205 2711 1279 τρυφερὰ
2750 1206 2844 1260 καὶ
2890 1203 3019 1275 ἅγια
3046 1202 3309 1257 Σάϐϐατα
3343 1201 3614 1256 ἐπιτελεῖν
3668 1219 3780 1256 πει·

2217 1298 2413 1370 ρῶμαι,
2443 1297 2533 1351 διὰ
2556 1296 2649 1351 τοῦ
2682 1293 3112 1367 ἐξομολογεῖσθαι
3134 1294 3228 1347 καὶ
3253 1292 3468 1363 ψάλλειν
3489 1293 3587 1345 καὶ
3618 1293 3786 1361 ἀναγ-

2212 1389 2422 1460 γέλλειν
2448 1389 2508 1442 τὺ
2541 1386 2685 1461 πρωτ
2713 1388 2774 1442 τδ
2798 1387 2942 1452 ἔλεος
2958 1386 3052 1441 τοῦ
3084 1387 3242 1451 Θεοῦ,
3280 1386 3374 1440 καὶ
3405 1385 3503 1457 τὴν
3523 1384 3785 1455 ἀλήθειαν

2213 1480 2378 1535 αὐτοῦ
2411 1478 2550 1535 κατά
2576 1481 2766 1536 νύκτα.
2799 1480 2933 1532 Τότε
2956 1478 3063 1551 γὰρ
3096 1478 3326 1550 μάλιστα
3361 1478 3394 1548 ἡ
3430 1476 3655 1546 ἀλήθεια
3683 1477 3789 1549 τῆς

2214 1572 2494 1636 θεοσεϐοῦς
2517 1572 2787 1626 δείκνυται
2816 1569 3013 1641 ψυχῆς,
3035 1570 3237 1640 ὂτε,ξὲν
3268 1568 3457 1639 σκοτίᾳ
3473 1567 3565 1620 καὶ
3598 1567 3784 1622 σκότει

2213 1665 2571 1736 τυγχάνουσα,
2604 1662 2680 1726 ὡς
2715 1664 2772 1716 ὲν
2808 1661 3174 1734 λαμπροτάτῳ
3216 1660 3355 1730 φωτὶ
3382 1660 3474 1713 καὶ
3505 1660 3565 1713 ὲν
3604 1659 3788 1732 ἡμέρᾳ

546 1759 695 1828 quiei
721 1778 734 1813 ;
768 1774 875 1829 quo
904 1776 1004 1816 nos
1031 1761 1193 1815 etiam
1222 1760 1528 1815 divinarum
1554 1759 1970 1831 disciplinarum
1998 1774 2113 1813 me-

2215 1755 2570 1826 διαυγεστάτῃ
2601 1754 2663 1808 τὺ
2692 1754 2913 1827 γνήσιον
2950 1754 3047 1809 καὶ
3079 1752 3364 1825 εἱλικρινὲς
3403 1752 3504 1824 τῆς
3537 1752 3786 1824 συνειδὴο

546 1848 799 1903 ditationi
823 1857 1110 1915 vacantes,
1150 1850 1445 1920 gratiarum
1481 1851 1710 1905 actionis
1740 1848 1904 1904 verba
1932 1848 2114 1904 hocin

548 1938 766 1994 cantico
795 1941 1076 1994 enuntiata
1107 1939 1215 1994 Deo
1243 1940 1490 1995 emittere
1520 1954 1618 2010 par
1652 1946 1760 1995 est.

2220 1866 2355 1912 σεως
2377 1848 2756 1902 ἐπιδείκνυται.
2787 1846 3037 1911 Τοιοῦτος
3073 1848 3167 1902 καὶ
3194 1847 3223 1899 0
3252 1845 3366 1913 μετ’
3390 1844 3533 1915 ᾠδῆς
3563 1844 3785 1917 εἰρημέ-

2218 1958 2309 2004 νος
2343 1939 2556 2011 ψαλμὸς
2602 1940 2681 2004 είς
2707 1937 2806 2011 τὴν
2831 1939 3041 2011 ἡμέραν
3083 1937 3177 1992 τοῦ
3204 1938 3505 2003 Σαϐϐάτου,
3538 1936 3783 1990 τουτέστι

472 2090 484 2102 ,
546 2029 638 2084 τὸν
662 2032 759 2100 τῆς
781 2032 923 2086 κατά
947 2032 1077 2085 Θεὸν
1098 2033 1292 2104 σχολῆς
1323 2051 1382 2087 τε
1406 2035 1499 2088 καλ⁸
1517 2034 1875 2098 ἀναπαύσεως
1896 2033 2106 2105 καιρὸν,
2137 2034 2194 2087 ὲν
2216 2028 2261 2104 ᾧ
2288 2036 2382 2090 καὶ
2404 2036 2554 2106 ἡμᾶς
2603 2037 2670 2107 τῇ
2713 2033 2908 2107 μελέτη
2951 2033 3056 2088 τῶν
3077 2034 3236 2089 θείων
3286 2033 3627 2105 μαθημάτων
3668 2048 3783 2103 σχο-

547 2120 826 2188 λάζοντας,
874 2125 1000 2188 τοὺς
1044 2126 1491 2198 εὐχαριστηρίους
1540 2127 1728 2197 λόγους
1771 2130 1870 2200 τῆς
1911 2131 2275 2204 προκειμένης
2295 2130 2436 2203 ᾠδῆς
2466 2131 2808 2203 ἀναπέμπειν
2836 2132 3100 2205 προσήκει
3130 2130 3209 2203 τῷ
3238 2129 3377 2202 Θεῷ.

722 2238 905 2293 LAUS
945 2240 1219 2298 CANTlCI
1263 2241 1390 2298 lPSl
1426 2242 1631 2299 DAVID
1663 2245 1762 2318 (l).
1839 2248 1996 2305 XCII.

620 2330 788 2389 Vens.
828 2333 880 2386 1.
917 2332 1174 2389 Dominus
1216 2337 1483 2406 regnavit,
1507 2336 1743 2393 decorem
1776 2340 1988 2413 indutus
2013 2352 2113 2397 est.

547 2421 712 2491 Quia,
768 2424 1072 2479 secundum
1122 2425 1485 2497 Apostolum,
1541 2431 1788 2501 regnavit
1846 2447 1995 2489 mors
2047 2435 2116 2490 ab

547 2514 717 2570 Adam
745 2531 919 2587 usque
940 2517 1008 2571 ad
1039 2516 1278 2590 Moysem
1303 2520 1371 2585 ",
1403 2520 1456 2575 id
1476 2528 1560 2578 est
1584 2537 1615 2576 a
1645 2524 1818 2594 prima
1833 2524 2114 2580 hominum

549 2609 825 2666 creatione
876 2625 1050 2681 usque
1082 2612 1148 2666 ad
1179 2627 1501 2683 corporeum
1536 2615 1834 2671 secundum
1876 2617 2115 2690 Moysem

549 2703 786 2767 cultum,
812 2703 907 2774 qui
932 2704 988 2757 in
1028 2711 1247 2760 terrena
1277 2705 1579 2762 Jerusalem
1612 2709 1913 2779 antiquitus
1945 2726 2117 2781 usque

552 2793 620 2848 ad
652 2792 955 2852 Salvatoris
977 2798 1155 2853 nostri
1180 2795 1307 2853 Jesu
1341 2797 1545 2855 Christi
1573 2800 1861 2857 adventum
1878 2803 2119 2874 perﬁcie-

550 2885 743 2955 batur;
767 2902 898 2943 sane
927 2903 1050 2943 cum
1083 2904 1231 2945 mors
1265 2898 1536 2962 regnaret,
1564 2900 1617 2947 et
1642 2893 1688 2948 is
1710 2893 1803 2964 qui
1834 2894 2117 2964 imperium

536 2979 744 3034 .mortis
772 2978 953 3059 habet,
985 2980 1244 3036 nimirum
1266 2981 1535 3050 diabolus,
1560 2982 1952 3051 dominaretur,
1968 2993 2116 3054 tunc,

2539 2249 2740 2304 mox
2767 2248 2939 2302 οΔιιΣ
2965 2247 3052 2302 Το
3086 2246 3309 2302 una.
3344 2245 3457 2315 ur.

2296 2343 2359 2398 '0
2416 2342 2634 2411 Κύριος
2680 2342 3113 2404 ἐϐασίλευσεν,
3172 2340 3534 2406 εὐπρέπειαν
3581 2339 3781 2394 ἐνεόὐο

2217 2452 2387 2491 σατο.
2432 2435 2584 2488 Ἐπεὶ
2611 2433 2754 2487 κατά
2778 2434 2869 2487 τὸν
2915 2430 3235 2485 Ἀπόστολον
3263 2431 3617 2485 ἐϐασίλευσεν
3640 2434 3671 2485 δ
3698 2431 3785 2488 06-

2218 2545 2374 2591 νατος
2395 2527 2502 2582 ἀπὸ
2542 2527 2710 2599 ’Δδάμ
2741 2526 2899 2599 μέχρι
2917 2524 3215 2589 Μωῦσέως,
3244 2523 3523 2579 τουτέστιν
3552 2524 3669 2577 ἀπὸ
3692 2523 3786 2595 τῆς

2222 2616 2440 2689 πρώτης
2466 2615 2762 2689 ἀνθρώπων
2784 2616 3047 2686 γενέσεως
3077 2614 3236 2687 μέχρι
3256 2615 3356 2685 τῆς
3379 2614 3524 2667 κατά
3551 2614 3787 2670 Μωῦσέα

2224 2711 2540 2780 σωματικῆς
2573 2706 2847 2779 λατρείας,
2882 2708 3002 2778 ἥτις
3023 2705 3263 2774 ἐπιγείου
3304 2705 3667 2777 Ἰερουσαλὴμ
3693 2705 3787 2759 πά·-

2221 2798 2313 2851 λαι
2351 2798 2615 2870 πρότερον
2654 2797 2812 2869 μέχρι
2857 2798 2958 2868 τῆς
2983 2794 3078 2849 τοῦ
3120 2794 3371 2866 Σωτῆρος
3400 2794 3559 2866 ἡμῶν
3615 2792 3785 2866 Ἰησοῦ

2222 2888 2456 2963 Χριστοῦ
2489 2889 2789 2961 παρουσίας
2818 2887 3149 2941 συνετελεῖτο
3171 2903 3184 2918 ο
3221 2887 3444 2950 εἰκότως
3468 2887 3558 2940 ὅτε
3586 2888 3618 2939 0
3640 2886 3788 2941 θάνα-

2221 3000 2313 3049 τος
2338 2981 2639 3047 ἐϐασίλευε,
2684 2981 2776 3035 καὶ
2813 2982 2841 3035 0
2887 2980 2950 3035 τὸ
2991 2979 3190 3053 κράτος
3223 2978 3359 3051 ἔχων
3402 2976 3501 3032 τοῦ
3535 2978 3785 3043 θανάτου,

550 3077 613 3126 ut
648 3085 993 3143 consequens
1021 3080 1139 3128 erat
1160 3114 1175 3140 ,
1200 3072 1463 3131 Dominus
1497 3091 1604 3131 non
1629 3077 1892 3147 regnabat
1925 3078 1980 3133 in
2019 3079 2113 3133 bo-

2218 3078 2489 3132 τουτέστιν
2516 3078 2545 3131 0
2573 3074 2814 3137 διάϐολος
2841 3073 3188 3145 κατεκράτει,
3215 3072 3313 3125 οὐκ
3342 3066 3411 3142 ἦν
3440 3071 3566 3124 τότε
3592 3069 3791 3143 ἀνθρώ

552 3162 814 3229 minibus,
848 3165 944 3221 sed
970 3165 1189 3235 quidam
1216 3167 1515 3222 multorum
1547 3167 1772 3222 deorum
1805 3176 1859 3224 et
1889 3169 2120 3224 diaboli—

552 3267 652 3310 cus
676 3270 851 3312 error.
888 3257 1010 3328 Ipse
1037 3266 1217 3313 autem
1262 3258 1557 3329 Apostolus
1586 3259 1700 3315 haec
1746 3259 1814 3316 de
1839 3259 2120 3317 Salvatorc

553 3354 744 3401 nostro
765 3346 923 3402 docet
947 3367 960 3403 :
982 3348 1122 3414 Quia
1140 3365 1260 3419 ergo
1272 3352 1418 3419 pueri
1440 3352 1949 3407 communicaverunt
1973 3339 2122 3415 carni

551 3449 601 3492 et
629 3441 896 3511 sanguini,
931 3451 980 3496 et
1011 3444 1120 3513 ipse
1142 3443 1388 3499 similiter
1411 3445 1750 3515 participavit
1772 3446 1966 3502 eisdem
1996 3465 2121 3518 pas-

552 3528 790 3583 sionibus
814 3545 833 3593 ;
857 3538 913 3583 ut
936 3547 1028 3600 per
1049 3541 1269 3587 mortem
1305 3533 1599 3589 destrueret
1624 3536 1868 3608 eum,qui
1900 3536 2121 3590 habebat

554 3618 740 3674 mortis
771 3621 1068 3689 imperium,
1089 3622 1145 3675 id
1169 3633 1247 3677 est
1271 3622 1542 3678 diabolum
1573 3623 1637 3681 ".
1661 3624 1790 3681 lure
1824 3626 2004 3697 itaque
2026 3624 2118 3681 Dei

552 3707 814 3777 Verbum,
845 3712 988 3783 quod
1007 3715 1159 3785 prius
1183 3715 1507 3781 exsistebat,
1536 3730 1660 3770 cum
1690 3717 1802 3773 vita
1820 3718 1934 3787 ipsa
1954 3729 2118 3784 esset,

553 3802 623 3857 ad
662 3805 855 3860 mortis
905 3805 1353 3872 destructionem,
1384 3808 1615 3864 mortale
1673 3809 2115 3877 instrumentum,

458 3940 462 3948 .
551 3907 755 3962 corpus
818 3896 1028 3952 scilicet
1077 3897 1376 3951 humanum
1449 3913 1766 3965 assumens,
1832 3899 2121 3971 ipsumque

551 3983 715 4036 morti
750 3983 992 4049 tradens,
1029 3985 1098 4039 ad
1154 3996 1363 4042 natura:
1417 4002 1530 4043 sua:
1569 3987 2117 4059 demonstrationem;

550 4071 802 4144 idemque
825 4083 1013 4146 postea
1043 4092 1072 4130 a
1094 4086 1268 4134 morte
1296 4094 1581 4135 resumens
1603 4078 1671 4134 ad
1703 4079 1940 4135 divinam
1965 4097 2120 4139 suam

547 4164 810 4221 virtutem
848 4166 1251 4234 declarandam,
1282 4172 1411 4226 dum
1467 4172 1662 4228 mortis
1696 4171 1915 4243 quidem
1951 4173 2121 4244 impe-

546 4256 691 4312 rium
735 4258 919 4324 solvit,
943 4260 1144 4315 diaboli
1186 4261 1374 4318 itidem
1400 4263 1455 4318 in
1487 4263 1734 4320 homines
1775 4265 2117 4335 tyrannidem

545 4347 814 4417 destruit;
845 4349 954 4404 imo
985 4349 1148 4405 etiam
1181 4349 1486 4407 daemonum
1529 4353 1891 4424 malignorum
1923 4370 1987 4411 ac
2007 4355 2118 4425 spi-

2220 3187 2336 3224 πων
2365 3168 2660 3240 βασιλεύων
2692 3169 2721 3221 0
2751 3166 2976 3237 Κύριος,
3009 3163 3144 3219 ἀλλά
3166 3181 3250 3227 τις
3279 3161 3539 3227 πολύθεος
3566 3164 3663 3217 καὶ
3682 3163 3791 3218 δαι-

2222 3262 2412 3334 μονικὴ
2444 3261 2639 3335 πλάνη.
2670 3259 2915 3314 Διδάσκει
2952 3257 3007 3312 δὲ
3033 3259 3062 3314 0
3104 3255 3264 3322 αὐτὸς
3311 3255 3633 3321 Ἀπόστολδς
3665 3257 3789 3328 περὶ

2217 3352 2311 3410 τοῦ
2357 3353 2605 3427 Σωτῆρος
2642 3353 2797 3426 ἡμῶν
2841 3352 3014 3421 λέγων
3039 3368 3053 3382 ο
3115 3350 3271 3404 Ἐπεὶ
3314 3345 3427 3405 οὖν
3472 3348 3546 3403 τὰ
3579 3348 3790 3402 παιδία

2218 3447 2648 3516 κεκοινώνηκεν
2695 3446 2941 3516 αἵματος
2994 3443 3097 3499 καὶ
3148 3442 3393 3510 σαρκὸς,
3451 3441 3548 3495 καὶ
3599 3440 3791 3506 αὐτὸς

2219 3540 2652 3610 παραπλησίως
2699 3536 2957 3608 μετέσχε
3004 3535 3122 3590 τῶν
3157 3534 3356 3589 αὐτῶν
3398 3530 3786 3600 παθημάτων,

2218 3634 2316 3687 ἵνα
2350 3632 2446 3686 διὰ
2484 3630 2589 3685 τοῦ
2620 3629 2878 3685 θανάτου
2922 3625 3272 3698 καταργήσῃ
3311 3624 3410 3679 τὸν
3447 3622 3511 3677 r0
3557 3621 3793 3689 κράτος

2217 3724 2437 3794 ἔχοντα
2466 3723 2574 3777 τοῦ
2607 3721 2885 3790 θανάτου,
2925 3720 3201 3776 τουτέσῐι
3234 3718 3337 3773 τὸν
3362 3714 3659 3770 διάϐολον.
3698 3714 3796 3767 Εἱ-

2217 3816 2390 3879 κότως
2421 3810 2512 3869 οὖν
2534 3816 2563 3868 0
2599 3813 2779 3888 προὼν
2805 3812 2898 3867 τοῦ
2923 3811 3059 3867 Θεοῦ
3081 3812 3271 3880 Λόγος,
3309 3808 3463 3872 αὐτὸς
3487 3806 3561 3860 ὣν
3581 3809 3620 3878 ἡ
3649 3805 3791 3877 ζωὴ,

2217 3908 2309 3960 ἐπὶ
2342 3906 2659 3977 καθαιρέσει
2685 3906 2779 3959 τοῦ
2811 3905 3042 3960 θανάτου
3071 3902 3261 3973 θνητὸν
3290 3900 3520 3974 ὄργανον
3541 3898 3603 3951 τὸ
3625 3897 3796 3969 σῶμα

2215 3998 2276 4052 τὸ
2303 3997 2638 4070 ἀνθρώπειον
2672 3996 2983 4061 ἀναλαϐὼν,
3020 3994 3115 4050 καὶ
3145 3992 3304 4047 τοῦτο
3336 3992 3415 4063 τῷ
3443 3990 3660 4062 θανάτῳ
3688 4006 3796 4044 παρ

2220 4090 2409 4163 ραδοὺς
2460 4091 2540 4154 εἰς
2581 4087 2801 4154 ἔνδειξιν
2857 4087 2958 4159 τῆς
3005 4085 3208 4149 οἰκείας
3263 4083 3499 4155 φύσεως,
3551 4083 3794 4136 κᾶπειτα

2216 4181 2346 4236 αὐτὸ
2372 4180 2466 4234 τοῦ
2492 4181 2718 4234 θανάτου
2765 4177 2961 4245 ἐξελὼν
2993 4179 3073 4242 είς
3100 4175 3445 4249 παράστασιν
3478 4173 3581 4243 τῆς
3606 4171 3794 4227 ἐνθέου

2215 4268 2515 4344 δυνάμεως,
2563 4270 2678 4324 λύει
2716 4270 2814 4342 μὲν
2843 4268 2937 4324 τοῦ
2966 4268 3194 4323 θανάτου
3227 4266 3289 4320 τὺ
3326 4266 3547 4338 κράτος,
3575 4263 3702 4318 λύει
3740 4265 3797 4317 δὲ

2217 4364 2313 4418 καὶ
2358 4363 2453 4417 τοῦ
2490 4363 2734 4417 διαϐόλου
2778 4361 2877 4434 τὴν
2918 4360 3058 4415 κατὰ
3093 4359 3201 4415 τῶν
3242 4357 3543 4430 ἀνθρώπων
3587 4374 3796 4428 τυραν-

543 4440 749 4495 rituum
798 4440 1161 4512 impurorutn,
1201 4443 1293 4513 qui
1324 4443 1453 4496 olim
1495 4443 1550 4496 in
1612 4442 1905 4497 humanum
1943 4458 2112 4514 genus

2215 4454 2347 4510 νίδα·
2372 4455 2507 4510 ἀλλά
2535 4457 2627 4509 κα)⁸
2645 4450 2754 4509 τῶν
2776 4454 2944 4509 πάλαι
2967 4450 3454 4524 κατακρατούντων
3472 4448 3567 4503 τοῦ
3585 4450 3796 4521 ἀνθρω-

544 4531 832 4601 imperium
889 4532 1243 4597 obtinebant,
1286 4534 1548 4605 operandi
1605 4535 1716 4589 vim
1775 4534 2105 4607 exstinguit,

544 4623 760 4679 sublata
804 4637 901 4693 per
928 4624 1293 4692 evangelicam
1334 4626 1773 4696 praedicationem
1815 4628 1963 4681 omni
2015 4626 2113 4680 ad-

543 4713 785 4768 versaria
808 4723 862 4768 et
885 4715 1104 4768 inimica
1135 4715 1245 4771 Deo
1268 4725 1558 4786 potestate,
1596 4723 1881 4788 paternum
1906 4718 2016 4773 Deo
2054 4718 2108 4772 in

544 4819 734 4860 omnes
764 4815 954 4875 gentes
988 4821 1217 4877 regnum
1258 4816 1535 4878 procurat.
1561 4808 1903 4882 Quapropter
1930 4813 2108 4867 soluta

542 4897 740 4953 mortis
774 4906 1062 4967 potestate,
1115 4915 1180 4955 ac
1226 4900 1505 4957 destructo
1550 4917 1637 4965 eo,
1664 4902 1758 4975 qui
1819 4904 2106 4973 imperium

506 4984 513 5005 ⁷
543 4987 738 5043 mortis
772 4987 1027 5053 habebat,
1061 4991 1116 5045 id
1168 4999 1273 5058 est,
1306 4992 1558 5061 diabolo;
1586 4995 1698 5065 jam
1745 5006 2004 5066 regnante
2049 4998 2104 5052 in

542 5077 797 5134 omnibus
829 5081 1081 5150 gentibus
1112 5081 1372 5146 Domino,
1408 5093 1670 5154 regnante
1704 5086 1830 5142 item
1855 5103 1980 5142 cum
2012 5089 2106 5144 ilio

543 5185 596 5223 in
632 5169 943 5228 hominibus
987 5175 1093 5227 vita
1132 5175 1245 5240 illa,
1275 5190 1395 5246 quae
1441 5179 1740 5241 secundum
1781 5179 1948 5235 Deum
1985 5190 2106 5249 est;

542 5264 735 5321 merito
771 5262 1006 5334 Spiritus
1028 5276 1254 5324 sanctus
1282 5285 1380 5340 pro
1410 5277 1561 5325 tanto
1596 5270 1841 5329 facinore
1878 5274 2106 5331 choreas

543 5369 728 5428 agens,
748 5371 961 5427 nosque
1008 5373 1200 5414 omnes
1248 5360 1316 5415 ad
1356 5361 1586 5419 choreas
1635 5378 1964 5429 convocans,
1994 5369 2107 5421 haec

545 5446 914 5505 vociferatur:
961 5449 1221 5507 Dominus
1282 5456 1550 5524 regnavit,
1612 5461 1849 5512 decorem
1908 5459 2100 5514 induit.

613 5601 659 5633 ³³
696 5601 855 5658 Rom.
891 5622 946 5674 ν,
998 5608 1084 5664 Η.
1161 5608 1206 5642 ³⁵
1246 5607 1410 5665 ilebr.
1451 5625 1524 5672 ιι,
1565 5611 1649 5666 Η.

2216 4548 2369 4602 πείου
2421 4548 2609 4617 γένους
2673 4547 2941 4617 δαιμόνων
3004 4542 3254 4617 πονηρῶν
3308 4541 3404 4596 καὶ
3459 4542 3795 4612 πνευμάτων

2217 4637 2542 4711 ἀκαθάρτων
2570 4637 2666 4710 τὴν
2695 4637 2970 4709 ἐνέργειαν
3006 4634 3275 4701 σϐέννυσι,
3314 4633 3496 4688 πᾶσάν
3526 4649 3591 4685 τε
3634 4632 3792 4687 καθεο

2213 4730 2320 4784 λὼν
2347 4731 2448 4804 τὴν
2481 4729 2860 4802 ἀντικειμένην
2901 4729 2993 4783 καὶ
3030 4726 3230 4801 ὲχθράν
3262 4726 3341 4797 τῷ
3377 4723 3499 4796 Θεῷ
3536 4724 3787 4796 δύναμιν,

2213 4822 2310 4894 τὴν
2336 4823 2603 4894 πατρικὴν
2629 4819 2704 4892 τῷ
2728 4820 2846 4893 Θεῷ
2885 4819 3166 4893 βασιλείαν
3188 4817 3277 4872 διὰ
3306 4815 3399 4871 τοῦ
3429 4813 3791 4884 εύαγγελικοῦ

2213 4913 2565 4986 κηρύγματος
2598 4915 2731 4967 πᾶσι
2773 4916 2885 4977 τοῖς
2923 4912 3101 4966 ἔθνεσι
3136 4910 3405 4984 προξενεῖ.
3449 4907 3542 4960 Διδ
3588 4908 3662 4979 δὴ
3701 4923 3790 4959 κα-

2211 5005 2533 5076 ταλυθείσης
2556 5006 2653 5077 τῆς
2681 5004 2776 5060 τοῦ
2809 5005 3039 5060 θανάτου
3083 5000 3420 5067 δυναστείας,
3455 5002 3552 5056 καὶ
3582 5017 3789 5071 καταρ·

2211 5097 2469 5170 γηθέντος
2511 5097 2606 5151 τοῦ
2634 5098 2695 5151 τὸ
2744 5098 2946 5170 κράτος
2975 5097 3189 5169 ἔχοντος
3218 5096 3313 5149 τοῦ
3357 5094 3618 5157 θανάτου,
3673 5109 3787 5145 του-

2207 5189 2358 5243 τέστι
2389 5189 2483 5243 τοῦ
2512 5189 2778 5257 διαϐόλου,
2813 5190 3187 5262 βασιλεύοντος
3211 5188 3268 5242 δὲ
3307 5187 3411 5259 ἤδη
3461 5185 3658 5239 λοιπὸν
3682 5184 3786 5237 τῶν

2207 5280 2301 5332 ἐπὶ
2337 5281 2440 5351 γῆς
2464 5280 2718 5334 ἁπάντων
2752 5281 2921 5335 ὲθνῶν
2951 5279 3046 5333 τοῦ
3063 5278 3294 5350 Κυρίου,
3324 5278 3421 5332 σὺν
3450 5275 3604 5347 αὐτῷ
3637 5275 3787 5346 βασιρ

2207 5368 2468 5443 λευούσης
2501 5371 2801 5445 ἀνθρώπων
2847 5374 2945 5442 τῆς
2993 5370 3132 5425 κατά
3162 5370 3294 5423 Θεὸν
3346 5367 3525 5438 ζωῆς,
3558 5368 3786 5427 εἰκότως

2205 5461 2267 5515 τὸ
2299 5463 2439 5517 θεῖον
2473 5463 2716 5535 Πνεῦμα,
2751 5464 2975 5536 χορεῦον
3021 5464 3113 5517 ἐπὶ
3143 5461 3222 5533 τῷ
3266 5459 3653 5533 κατορθώματι
3695 5456 3787 5510 καὶ

620 5704 693 5788 (l)
733 5718 954 5794 Vulgata
994 5724 1179 5795 adjicit
1210 5722 1274 5779 In
1312 5723 1396 5780 die
1426 5735 1544 5779 ante
1567 5722 1874 5793 Sabbulum,
1909 5726 2115 5797 quando
2149 5724 2369 5796 [mrdam
2394 5736 2468 5783 cst
2499 5735 2656 5781 terra.
