3990 6202
157 264 296 336 1185

1273 266 1771 325 COMMENTARIA
1816 267 1880 322 IN
1921 254 2271 323 PSALMOS.

3244 274 3377 328 H86

168 386 369 449 πάντας
395 387 544 455 ἡμᾶς
565 386 657 439 ἐπὶ
687 386 786 457 τὴν
813 386 1029 457 χορείαν
1063 386 1312 454 συνάγον,
1335 386 1605 456 ἀναφωνεῖ
1629 385 1720 438 καὶ

1830 384 2031 457 Regnat
2065 401 2225 455 porro
2265 383 2546 448 Dominus,
2570 384 2664 454 qui
2703 383 2822 453 ipsa
2845 383 2951 438 vita
2984 393 3086 448 est,
3117 392 3172 438 et
3200 384 3376 455 ipsum

166 477 306 544 λέγει
325 492 338 505 ·
377 475 440 529 '0
466 478 670 545 Κύριος
698 477 1114 543 ἐϐασίλευσεν,
1141 477 1500 545 εὐπρέπειαν
1522 476 1719 530 ἐνεδύ-

162 583 327 622 σατο.
358 566 641 623 Βασιλεύει
672 570 728 623 δὲ
761 572 789 625 6
825 570 1048 641 Κύριος,
1087 569 1248 633 αὐτὸς
1277 569 1353 624 ὢν
1386 572 1420 640 ἡ
1449 569 1582 641 ζωὴ,
1621 568 1716 623 καὶ

162 658 320 721 αὐτὸς
360 656 437 713 ὢν
481 661 510 713 6
554 658 647 713 τοῦ
687 660 820 715 Θεοῦ
851 662 1042 730 Λόγος,
1085 661 1266 732 πάσης
1291 661 1500 733 ψυχῆς,
1545 656 1614 732 ἦς
1643 660 1717 732 μὴ

162 748 490 803 καθάπτεται
536 748 725 818 ἀλογία
762 751 856 805 καὶ
888 750 1186 823 ἀφροσύνη,
1230 751 1324 805 καὶ
1358 747 1426 822 ἦς
1463 750 1535 822 μὴ
1568 750 1717 821 βασι-

161 837 303 892 λεύει
337 838 600 910 ἁμαρτία,
636 842 728 893 καί⁵
751 835 818 911 ἧς
846 842 919 912 μὴ
944 844 1143 912 κρατεῖ
1168 841 1197 892 6
1229 840 1491 904 διάϐολος,
1523 839 1617 892 καὶ
1649 834 1718 912 ἦς

159 928 238 1001 μὴ
269 930 718 984 καταδυναστεύει
769 930 1020 996 θάνατος,
1053 931 1369 1005 τιτρώσκων
1410 930 1577 1003 αὐτὴν
1623 931 1716 984 καὶ

156 1020 397 1095 ἀναιρῶν
427 1021 516 1081 διὰ
552 1022 658 1075 τῶν
709 1021 849 1076 ἰδίων
888 1023 1146 1093 κέντρων.
1182 1023 1254 1076 Τὸ
1281 1022 1339 1076 δὲ
1371 1022 1594 1094 κέντρον
1619 1019 1714 1074 τοῦ

157 1111 388 1167 θανάτου
420 1113 518 1184 τὴν
560 1113 832 1184 ἁμαρτίαν
865 1108 1001 1166 εἶναι
1034 1112 1271 1167 διδάσκει
1311 1114 1340 1165 6
1376 1110 1714 1176 Ἀπόστολος,

156 1202 227 1256 δι’
253 1198 321 1276 ἦς
348 1204 648 1276 ἀναιρεῖται
678 1204 824 1275 ψυχὴ
858 1205 998 1258 κατὰ
1036 1204 1133 1274 τὴν
1164 1203 1477 1273 φάσκουσαν
1506 1196 1718 1275 προφη-

157 1295 357 1350 τείαν·“
384 1295 554 1365 Ψυχὴ
581 1297 619 1363 ἡ
647 1296 1093 1365 ἁμαρτάνουσα,
1132 1295 1283 1362 αὐτὴ
1313 1295 1713 1350 ἀποθανεῖται.

156 1387 254 1440 Διὸ
283 1387 544 1457 ἀσκητέον
574 1387 633 1440 16
656 1388 793 1458 μήτε
822 1386 1066 1455 ἀλογίαν,
1100 1388 1237 1457 μήτε
1259 1385 1548 1458 ἁμαρτίαν,
1579 1387 1717 1458 μήτε

154 1477 250 1532 τὸν
268 1477 528 1540 διάϐολον,
564 1480 698 1549 μήτε
728 1477 819 1530 τὸν
842 1476 1068 1531 θάνατον
1102 1477 1256 1549 ἡμῶν
1291 1478 1378 1532 διά
1416 1477 1517 1548 τῆς
1543 1479 1719 1549 ἀμαρ-

154 1570 281 1633 τίας
312 1571 564 1642 κρατεῖν·
614 1569 770 1640 μόνον
803 1570 860 1622 δὲ
901 1568 1174 1640 κυριεύειν
1225 1566 1380 1639 ὴμῶν
1426 1569 1516 1622 τὸν
1547 1569 1717 1637 Λόγον

1823 476 1917 532 Dei
1954 476 2210 544 Verbum,
2264 477 2319 530 in
2363 491 2576 530 omnem
2631 476 2891 538 animam.
2924 476 3010 529 cui
3072 491 3183 530 non
3242 476 3372 532 ine:

1821 569 2055 625 amentia
2083 577 2136 624 et
2160 567 2412 631 stultitia,
2436 568 2492 622 in
2521 583 2683 638 quam
2709 582 2818 622 non
2850 573 3042 639 regnat
3071 576 3375 638 peccatum,

1822 661 1912 716 cui
1941 675 2049 716 non
2086 661 2313 731 imperat
2337 660 2609 722 diabolus,
2640 660 2726 714 cui
2758 675 2865 714 non
2885 660 3195 714 dominatur
3212 674 3379 723 mors,

1823 752 2060 822 propriis
2089 752 2235 805 illam
2268 750 2506 806 stimulis
2536 749 2858 806 confodieris
2887 759 2939 806 et
2970 752 3245 807 occidens.
3275 749 3378 805 Sti-
3426 814 3431 819 ξ

1822 843 2027 896 mulum
2061 856 2226 913 porro
2276 842 2471 898 mortis
2500 850 2787 914 peccatum
2819 858 2941 899 esse
2964 843 3121 898 docet
3151 843 3384 914 Aposto.

1821 933 1907 988 lus
1937 934 2031 989 "z
2076 948 2186 1003 quo
2236 934 2457 989 stimulo
2507 933 2773 988 occiditur
2829 934 3031 997 anima,
3085 933 3383 989 secundum

1822 1025 2159 1096 prophetiam
2190 1040 2310 1095 qua:
2339 1027 2415 1079 ait
2454 1045 2470 1082 :
2518 1025 2712 1080 Anima
2771 1042 2887 1097 quae
2934 1026 3241 1095 peccaverit,
3271 1026 3386 1093 ipsa

1822 1119 2077 1172 morietur
2100 1118 2167 1172 ".
2200 1117 2378 1184 Quare
2407 1118 2756 1173 adnitendum
2786 1126 2890 1183 est,
2924 1126 2981 1170 ut
3006 1132 3181 1187 neque
3208 1131 3388 1171 amen-

1824 1211 1918 1275 tia,
1941 1225 2116 1280 neque
2166 1219 2467 1280 peccatum,
2498 1226 2673 1281 neque
2720 1210 2986 1273 diabolus,
3038 1222 3213 1278 neque
3241 1222 3387 1262 mors

1823 1317 1920 1372 per
1971 1302 2149 1371 ipsum
2197 1309 2480 1372 peccatum
2513 1302 2567 1356 in
2608 1301 2767 1356 nobis
2799 1301 3142 1369 dominetur;
3175 1301 3269 1358 sed
3297 1317 3387 1357 so-

1824 1394 2099 1450 lummodo
2127 1392 2362 1450 Verbum
2394 1394 2599 1457 etvita,
2631 1393 2684 1448 id
2714 1401 2819 1461 est,
2849 1393 3131 1457 Dominus,
3167 1396 3257 1464 qui
3292 1408 3389 1463 per

1822 1502 1982 1541 omne
2006 1485 2267 1540 virtutum
2296 1501 2465 1557 genus
2490 1495 2679 1558 regnat
2702 1487 2758 1541 in
2786 1502 2903 1550 eos,
2934 1486 3028 1557 qui
3057 1486 3178 1556 ejus
3211 1486 3385 1555 impe-

1822 1572 1904 1625 rio
1924 1572 2071 1642 digni
2098 1572 2385 1628 habentur.

156 1662 252 1716 καί
280 1664 378 1734 τὴν
412 1649 575 1734 ζωὴν,
607 1662 850 1716 τουτέστι
892 1663 984 1717 τὸν
1024 1662 1246 1734 Κύριον,
1292 1661 1379 1715 διά
1415 1661 1595 1732 πάσης
1645 1662 1848 1733 ἀρετῆς
1910 1664 2266 1735 βασιλεύοντα
2318 1664 2428 1718 τῶν
2469 1664 2894 1738 κατηξιωμένων
2935 1667 3034 1737 τῆς
3068 1666 3160 1719 ὑπ’
3216 1662 3385 1718 αὐτοῦ

157 1753 456 1823 βασιλείας.

242 1866 397 1919 Ἐπεὶ
438 1838 496 1918 δὲ
544 1866 750 1937 μέλλων
785 1866 1086 1937 βασιλεύειν
1111 1904 1126 1929 ,
1168 1865 1231 1918 οὐ
1286 1864 1444 1936 μόνον
1485 1864 1722 1930 ζώντων,

1897 1862 2034 1929 Quia
2062 1878 2194 1918 vero
2235 1863 2329 1945 Dei
2357 1862 2621 1929 Verbum,
2653 1865 2771 1935 ipse
2820 1865 3084 1923 Dominus
3128 1877 3388 1939 regnatu-

157 1957 295 2011 ἀλλά
326 1957 420 2010 καὶ
450 1958 656 2028 νεκρῶν
688 1959 716 2011 6
743 1958 833 2011 τοῦ
869 1957 1001 2011 Θεοῦ
1033 1957 1204 2026 Λόγος
1237 1956 1398 2020 αὐτὸς
1424 1954 1498 2009 ὢν
1535 1958 1564 2008 6
1606 1954 1721 2009 Κύ-

163 2067 296 2123 ριος,
345 2049 438 2102 καὶ
480 2050 541 2102 οὐ
580 2050 738 2120 μόνον
784 2050 890 2103 τῶν
922 2052 980 2103 ὲν
1012 2050 1258 2122 οὐρανοῖς
1303 2049 1438 2103 ἀλλά
1489 2050 1584 2103 καὶ
1615 2049 1723 2103 τῶν

160 2141 257 2196 ἐπὶ
284 2140 409 2211 γῆς,
449 2140 633 2207 καθὼς
680 2142 841 2206 αὐτὸς
869 2142 1110 2195 διδάσκει
1136 2142 1329 2210 λέγων,
1381 2142 1588 2209 Ἐδόθη
1626 2159 1726 2210 μοι

162 2232 333 2287 ,πᾶσα
367 2232 616 2297 ἐξουσία
646 2233 717 2286 ἐν
752 2232 983 2301 οὐρανῷ
1015 2233 1114 2287 καί
1152 2234 1249 2286 ἐπὶ
1279 2232 1389 2302 τῆς
1426 2232 1569 2303 τῆς·
1606 2232 1727 2298 ἐκέ-τ

165 2335 334 2372 νωσεν
384 2320 595 2385 ἑαυτὸν,
647 2322 859 2392 μορφὴν
901 2321 1084 2374 δούλου
1134 2320 1330 2386 λαϐὼν,
1382 2323 1627 2376 τουτέστι
1667 2322 1728 2374 τὺ

165 2410 358 2482 θνητὸν
408 2410 565 2482 σῶμα
620 2411 713 2465 καὶ
764 2410 824 2464 16
880 2410 1218 2481 ἀνθρώπειον
1256 2412 1517 2484 ὄργανον·
1570 2410 1728 2465 τοῦτο

166 2503 274 2574 γὰρ
321 2499 389 2573 ἦν
422 2505 455 2573 ἡ
491 2502 672 2575 μορφὴ
719 2502 814 2556 τοῦ
867 2501 1085 2556 δούλου·
1118 2504 1236 2557 τότε
1284 2505 1401 2574 μὲν,
1444 2504 1532 2557 ὅτε
1576 2501 1727 2557 ταῦτ’

164 2594 453 2663 ἔπραττεν,
488 2594 790 2665 ἀπρέπειαν
814 2593 1211 2667 περιεϐάλλετο,
1240 2595 1380 2648 ὥστε
1409 2595 1537 2667 περὶ
1566 2593 1728 2648 αὐτοῦ

162 2684 360 2754 λέγειν,
384 2685 637 2756 Είδομεν
664 2685 866 2747 αὐτόν,
895 2686 992 2740 καὶ
1030 2688 1142 2741 οὐκ
1169 2688 1331 2756 εἶχεν
1360 2684 1547 2752 εἶδος,
1589 2682 1731 2740 οὐδὲ

165 2772 391 2843 κάλλος
410 2793 423 2806 ·
463 2778 600 2832 ἀλλ’
630 2774 708 2847 ἦν
726 2777 792 2831 τὸ
817 2773 975 2843 εἶδος
999 2777 1184 2832 αὐτοῦ
1204 2777 1412 2847 ἄτιμον
1430 2778 1526 2831 καὶ
1549 2775 1733 2830 ἐκλεῖ-

164 2883 284 2922 πον
311 2868 467 2936 παρά
493 2869 638 2935 τοὺς
669 2869 840 2936 υἱοὺς
868 2869 987 2922 τῶν
1015 2868 1338 2938 ἀνθρώπων
1355 2885 1368 2896 ·
1402 2870 1488 2922 ὅτε
1513 2868 1569 2921 δὲ
1597 2870 1733 2922 ἁπο-

164 2957 343 3033 λαᾷὼν
382 2957 480 3029 τὴν
521 2957 697 3023 δόξαν,
753 2960 818 3029 ἣν
868 2959 963 3011 καὶ
1009 2958 1269 3029 πρότερον
1312 2953 1424 3028 εἶχε
1468 2957 1619 3028 παρὰ
1654 2957 1733 3029 τῷ

167 3049 362 3120 Πατρὶ,
420 3047 515 3120 τὴν
579 3049 673 3102 τοῦ
718 3048 903 3102 δούλου
964 3049 1175 3123 μορφὴν
1231 3049 1322 3101 ἐπὶ
1380 3049 1441 3102 τὸ
1493 3052 1733 3119 κρεῖττον

168 3138 626 3209 μετεσχημάτισε,
672 3139 812 3192 κατά
856 3138 952 3209 τὴν
998 3139 1360 3223 ἁποστρλικὴν
1409 3138 1730 3210 μαρτυρίαν,

1825 1971 1919 2012 rus
1949 1963 2189 2011 eratnon
2219 1956 2393 2011 solum
2428 1956 2757 2021 viventibus,
2788 1956 2880 2010 sed
2914 1958 3080 2011 etiam
3117 1962 3384 2029 mortuis;

1823 2063 1924 2102 nec
1959 2049 2132 2102 solum
2179 2049 2515 2115 caelestibus,
2544 2047 2639 2104 sed
2671 2049 2833 2103 etiam
2864 2052 3137 2123 _terrenis,
3174 2059 3232 2106 ut
3273 2054 3388 2124 ipse

1825 2139 2067 2195 declarat
2101 2140 2185 2196 his
2215 2141 2394 2196 verbis
2419 2140 2582 2194 :Data
2612 2148 2690 2194 est
2722 2140 2850 2193 mihi
2880 2142 3049 2196 omnis
3072 2154 3303 2212 potestas
3335 2146 3390 2199 in
3438 2130 3449 2136 ’

1825 2232 1950 2289 caelo
1983 2243 2030 2288 et
2056 2234 2109 2287 in
2134 2235 2367 2299 terra";
2399 2234 2519 2289 ideo
2555 2234 2791 2304 seipsum
2823 2235 3122 2290 exinanivit
3157 2236 3389 2293 formam

1827 2328 1971 2380 servi
2009 2325 2303 2395 accipiens,
2325 2325 2379 2379 id
2404 2334 2507 2388 est,
2529 2326 2759 2381 mortale
2789 2340 2987 2397 corpus
3013 2338 3064 2382 et
3094 2327 3389 2384 humanum
3428 2392 3433 2397 ν

1828 2417 2288 2483 instrumentum;
2338 2432 2466 2470 nam
2534 2417 2768 2487 idipsum
2824 2425 2942 2472 erat
3003 2417 3178 2473 forma
3221 2422 3386 2476 servi.

1827 2511 1962 2564 Cum
1997 2517 2176 2564 autem
2200 2507 2315 2563 haec
2347 2515 2549 2580 ageret,
2574 2516 2705 2562 tunc
2733 2507 2980 2564 dedecus
3018 2508 3245 2565 indutus
3268 2519 3388 2579 est;

1828 2599 1902 2652 ita
1938 2607 1998 2653 ut
2038 2599 2103 2654 de
2138 2586 2255 2668 ipso
2285 2597 2535 2653 dicatur:
2571 2596 2806 2652 Vidimus
2851 2615 2990 2664 eum,
3026 2609 3074 2653 et
3105 2596 3209 2653 non
3237 2600 3394 2655 liabe-

1830 2687 1917 2741 bat
1940 2688 2179 2758 speciem,
2212 2704 2372 2757 neque
2408 2686 2892 2757 pulchritudinem;
2917 2687 3007 2742 sed
3035 2698 3151 2742 erat
3193 2691 3391 2759 species

1828 2779 1939 2848 ejus
1989 2779 2326 2842 inhonorata,
2361 2788 2408 2832 et
2438 2779 2683 2848 deﬁciens
2713 2794 2823 2847 pra:
2868 2778 2996 2849 ﬁliis
3026 2780 3296 2835 hominum
3321 2783 3388 2835 ’⁸.

1829 2870 1966 2923 Cum
1993 2879 2191 2932 autem,
2216 2877 2431 2938 recepta
2446 2883 2532 2934 ea,
2557 2885 2717 2940 quam
2749 2872 2982 2941 primum
3007 2872 3147 2943 apud
3176 2870 3392 2927 Patrem

1832 2960 2114 3025 habuerat,
2144 2960 2335 3031 gloria,
2372 2960 2598 3015 formam
2630 2963 2771 3016 servi
2797 2964 2850 3017 in
2881 2964 3074 3019 melius
3091 2964 3390 3028 transtulit,

1832 3050 2130 3108 secundum
2160 3052 2414 3123 EApostoli
2460 3053 2835 3132 testimonium
2877 3055 2958 3110 sic
2996 3056 3203 3111 habens
3238 3075 3250 3111 :
3288 3056 3393 3123 Qui

1837 3138 2235 3207 transformabit
2289 3155 2473 3207 corpus
2502 3139 2817 3196 humilitatis
2871 3154 3087 3210 nostrte,
3128 3145 3397 3214 conforme

162 3231 199 3301 ἥ
235 3246 423 3300 φησιν,
471 3233 565 3297 Ὃς
604 3231 1113 3300 μετασχηματίσει
1153 3220 1221 3284 τὸ
1263 3230 1433 3299 σῶμα
1470 3229 1580 3299 τῆς
1628 3248 1728 3286 τα-

1831 3230 2039 3299 corpori
2090 3230 2274 3300 gloria:
2323 3228 2523 3283 Christi
2552 3234 2620 3296 ”,
2683 3240 2811 3286 tunc
2860 3232 3112 3301 decorem
3168 3234 3391 3288 induit:

164 3320 502 3388 πεινώσεως
528 3321 717 3392 ἡμῶν,
754 3323 1109 3392 σύμμορφον
1141 3321 1220 3387 τῷ
1249 3322 1472 3392 σώματι
1495 3322 1607 3391 τῆς
1633 3321 1730 3375 δό-

167 3410 281 3480 ξης
318 3413 424 3467 τοῦ
455 3413 745 3481 Χριστοῦ,
795 3412 855 3466 16
900 3412 1200 3484 τηνικαῦτα
1238 3414 1572 3485 εὐπρέπειαν
1616 3415 1732 3467 ἐνε-

163 3505 364 3559 δύσατο
385 3521 399 3534 ·
440 3505 526 3557 ὅτε
558 3505 649 3558 καί
680 3506 778 3575 τὴν
820 3504 913 3557 τοῦ
962 3505 1173 3576 Πατρὸς
1205 3503 1498 3572 βασιλείαν,
1542 3506 1635 3559 καὶ
1662 3504 1731 3559 τὰ

167 3598 407 3661 πάντων,
457 3597 517 3650 ού
569 3596 726 3667 μόνον
769 3596 873 3651 τῶν
906 3599 964 3651 ὲν
1004 3596 1270 3667 οὐρανοῖς,
1311 3596 1445 3651 ἀλλὰ
1483 3598 1576 3651 καὶ
1621 3596 1730 3651 τῶν

168 3689 288 3743 καθ’
321 3688 451 3759 ὅλης
494 3689 590 3758 τῆς
632 3688 953 3760 οἰκουμένης
1000 3688 1165 3742 ὲῠνῶν
1214 3689 1510 3759 ἐκράτυνε,
1554 3688 1731 3739 πᾶσαν

164 3782 265 3853 τὴν
306 3778 564 3834 πολύθεον
612 3778 853 3832 καθελὼν
891 3780 1117 3850 πλάνην.
1170 3780 1273 3833 Διὸ
1306 3779 1580 3833 λέλεκται·
1615 3780 1732 3833 Κύ-

154 3890 294 3941 ριος
348 3872 750 3925 ἐϐασίλευσεν
774 3909 789 3933 ,
842 3870 1198 3938 εὐπρέπειαν
1258 3870 1582 3923 ἐνεδύσατο
1602 3886 1616 3899 ·
1673 3868 1733 3922 16

165 3963 301 4032 γοῦν
335 3961 682 4025 ἐνεδύσατο,
709 3959 784 4023 ώς
814 3960 953 4013 κατά
976 3977 1097 4012 τινα
1119 3959 1306 4030 καιρὸν
1327 3958 1731 4028 ἀποδυσαμένου

164 4057 269 4128 τὴν
303 4054 653 4127 εὐπρέπειαν,
707 4050 983 4105 λέλεκται·
1020 4053 1111 4105 καὶ
1140 4053 1227 4105 ὅτε
1275 4051 1372 4122 μὲν
1405 4049 1639 4119 ὑπέμενε
1666 4047 1735 4102 τὰ

166 4145 316 4199 κατά
356 4143 418 4198 16
461 4143 650 4209 πάθος,
699 4139 1038 4209 ἐσταυρώθη
1062 4181 1077 4206 ,
1118 4140 1281 4210 φησὶν
1325 4141 1353 4193 6
1398 4137 1731 4201 Ἀπόστολος,

162 4236 239 4300 ἐξ
278 4234 624 4300 ἀσθενείας·
660 4233 748 4286 ὅτε
785 4231 842 4285 δὲ
887 4231 1183 4302 νενικηκὼς
1207 4232 1300 4284 τὸν
1345 4229 1604 4294 θάνατον,
1636 4229 1735 4298 τὴν

167 4326 319 4380 κατά
350 4327 564 4379 πάντων
592 4322 940 4395 ἀπελάμϐανε
974 4322 1271 4393 βασιλείαν,
1310 4320 1469 4374 πάλιν
1499 4319 1734 4390 ἐπλήρου

165 4418 255 4483 τὸ,
305 4417 653 4483 Ἐνεδύσατο
682 4418 899 4485 Κύριος
928 4415 1179 4485 δύναμιν
1203 4415 1299 4468 καὶ
1329 4412 1732 4482 περιεζώσατο.

165 4510 407 4581 Χριστὸς
435 4508 542 4580 γάρ
586 4508 721 4562 Θεοῦ
754 4508 979 4579 δύναμις
1006 4501 1072 4577 ἦν
1115 4506 1206 4558 καὶ
1229 4505 1364 4558 Θεοῦ
1394 4505 1573 4575 σοφία.
1622 4499 1735 4556 Εἶθ’

165 4602 271 4656 ᾶτε
322 4601 420 4673 τὴν
457 4601 662 4655 οἰκείαν
708 4599 933 4672 δύναμιν
978 4598 1371 4667 ἐνδυσάμενος,
1419 4597 1513 4649 καὶ
1561 4593 1734 4668 ταύτῃ

165 4691 638 4767 περιζωσάμενος,
680 4691 898 4765 μεγάλῳ
929 4689 1309 4762 κατορθώματι
1343 4688 1529 4743 ἑαυτὸν
1561 4686 1733 4741 ὲπιδί-

164 4788 326 4841 δωσι.
361 4787 425 4839 Τί
456 4787 513 4840 δὲ
531 4783 598 4859 ἦν
624 4786 800 4849 τοῦτο,
829 4785 956 4854 έξῆς
978 4785 1007 4837 6
1035 4783 1187 4851 λόγος
1210 4781 1447 4834 διδάσκει
1477 4781 1697 4849 φάσκων
1721 4792 1733 4808 ⁸

164 4877 285 4933 Καὶ
320 4875 426 4946 γὰρ
456 4874 781 4943 ἐστερέωσε
817 4873 930 4943 τὴν
954 4870 1337 4941 οἰκουμένην,
1373 4870 1503 4937 ἣτις
1525 4872 1596 4924 οὐ
1636 4887 1736 4925 σαρ

164 4969 551 5034 λευθήσεται.
591 4966 800 5040 Μικροῦ
850 4965 958 5037 γὰρ
1012 4965 1120 5018 δεῖν
1176 4963 1303 5034 ὃλην
1345 4962 1512 5033 αὐτὴν
1561 4962 1733 5016 διόλου

166 5062 320 5120 κστά
351 5061 639 5134 βαράθρων
668 5061 994 5132 ἐνεχθεῖσαν,
1042 5059 1277 5130 ὁπηνίκα
1314 5057 1383 5114 τὰ
1420 5058 1519 5129 τῆς
1550 5058 1736 5128 δαιμο-

165 5150 333 5221 νικῆς
362 5149 635 5222 ἐνεργείας
666 5148 809 5203 κατά
847 5150 1062 5203 πάντων
1103 5148 1302 5219 ἴσχυεν,
1348 5148 1603 5219 ἀνήγειρε
1643 5150 1737 5202 καὶ

165 5236 543 5311 διωρθώσατο,
567 5239 744 5292 πᾶσαν
775 5238 873 5311 τὴν
907 5236 1104 5309 ὲχορὰν
1131 5237 1226 5290 καί⁵
1247 5236 1561 5308 δαιμονικὴν
1589 5236 1740 5290 δύνα-

172 5348 294 5402 μιν,
332 5333 429 5401 τήν
457 5347 516 5384 τε
552 5329 806 5383 πολύθεον
837 5328 1042 5400 πλάνην
1071 5328 1395 5400 ἀνατρέψας.
1427 5328 1583 5382 Οὕτω
1610 5327 1741 5397 γοῦν

171 5422 474 5496 ἐστερέωσε
521 5421 619 5494 τὴν
669 5421 1023 5493 οἰκουμένην,
1070 5421 1147 5485 ώς
1201 5420 1387 5493 μηκέτ’
1436 5420 1604 5492 αὐτὴν
1644 5437 1741 5474 σα-

249 5601 295 5633 ”
327 5601 347 5655 1
379 5599 506 5657 Cor.
540 5614 633 5665 xv,
667 5597 755 5653 56.
829 5597 875 5629 "
913 5595 1108 5651 Ezecb.
1143 5611 1303 5661 xvm,
1336 5596 1428 5653 ΞΟ.
1504 5596 1548 5628 ³⁷
1588 5592 1728 5651 Hall]

1846 5611 2049 5663 sxvni,
2113 5596 2195 5651 18.

178 5671 225 5703 ³⁸
267 5669 309 5725 ll
342 5670 470 5727 Cor.
497 5684 624 5736 xm,
659 5668 713 5724 4.
787 5668 828 5701 ³⁸
869 5664 891 5719 ι
922 5667 1048 5725 Cor.
1088 5682 1138 5733 ι,
1170 5666 1261 5722 ill.

1829 3320 2046 3392 quando
2073 3321 2287 3392 penitus
2316 3323 2529 3377 sublato
2552 3324 2844 3378 multorum
2874 3326 3159 3378 numinum
3184 3341 3392 3389 errore,

1828 3421 1883 3469 et
1936 3412 2115 3468 Patris
2160 3428 2409 3484 regnum,
2463 3422 2517 3469 et
2570 3430 2677 3468 non
2722 3415 2883 3469 modo
2928 3416 3254 3483 cwlestium,
3298 3417 3395 3473 sed

1829 3506 1992 3561 etiam
2038 3506 2278 3559 omnium
2336 3522 2431 3573 per
2463 3506 2648 3561 orbem
2702 3507 2943 3576 gentium
2996 3523 3083 3561 res
3139 3509 3393 3564 ﬁrmavit.

1830 3594 2009 3662 Quare
2038 3596 2237 3650 dicitur
2272 3615 2286 3650 :
2319 3597 2575 3651 Dominus
2616 3599 2869 3668 regnavit,
2904 3597 3140 3653 decorem
3180 3599 3396 3654 indutus
3467 3651 3473 3658 ,

1829 3696 1947 3741 est:
1977 3688 2107 3742 illud
2138 3689 2303 3755 enim,
2335 3687 2551 3744 indutus
2595 3699 2693 3754 est,
2721 3692 2877 3759 quasi
2928 3692 3112 3761 aliquo
3157 3702 3397 3761 tempore

1831 3779 2080 3835 decorem
2126 3781 2356 3847 exuerit,
2389 3781 2686 3850 prolertur.
2722 3780 2999 3852 Siquidem
3027 3784 3246 3853 quando
3272 3799 3399 3854 pas-

1832 3871 2001 3927 sionis
2052 3881 2321 3926 tormenta
2376 3873 2657 3934 sustinuit,
2708 3874 3004 3943 cruciﬁxus
3056 3881 3155 3937 est,
3218 3874 3398 3944 inquit

1832 3962 2144 4032 Apostolus,
2191 3978 2255 4017 ea:
2310 3964 2720 4031 inﬁrmitate”;
2774 3979 2897 4018 cum
2953 3972 3136 4018 autem
3184 3963 3398 4018 devicta

1832 4063 2028 4121 morte,
2057 4072 2284 4127 regnum
2315 4056 2370 4109 in
2392 4071 2581 4111 omnes
2602 4056 3044 4126 accepit,rursns
3074 4058 3178 4111 hoc
3208 4056 3399 4126 imple.

1833 4158 1946 4205 tum
1980 4156 2063 4203 est
2101 4165 2115 4199 :
2152 4146 2335 4203 Induit
2368 4148 2620 4202 Dominus
2643 4148 3005 4216 fortitudinem
3048 4158 3097 4201 et
3119 4149 3398 4217 prwcinxit

1834 4255 1908 4294 se.
1939 4238 2073 4293 Nam
2104 4239 2355 4294 Christus
2377 4239 2469 4294 Dei
2497 4241 2668 4293 virtus
2691 4244 2808 4293 erat
2834 4245 2889 4291 et
2917 4237 3009 4291 Dei
3048 4238 3311 4306 sapientia
3326 4237 3393 4290 ³¹.

1834 4329 2063 4396 Deinde,
2102 4338 2288 4399 utpote
2318 4331 2535 4398 prapria
2567 4329 2789 4381 indutus
2817 4328 3016 4380 virtute
3057 4342 3229 4395 caque
3258 4341 3394 4395 prae-

1836 4422 2070 4483 cinctus,
2092 4437 2345 4492 magnum
2371 4421 2581 4474 facinus
2602 4417 2933 4488 aggreditur.
2951 4416 3234 4482 Quodnam
3251 4424 3398 4471 esset

1839 4512 1993 4575 illud,
2032 4512 2274 4567 declarat
2329 4518 2517 4579 postea
2559 4506 2842 4578 Scriptura
2893 4506 3133 4560 dicens:
3186 4504 3396 4559 Etenim

1837 4603 2069 4673 ﬁrmavit
2099 4602 2274 4655 orbem
2304 4610 2478 4664 terrte,
2506 4600 2595 4670 qui
2624 4615 2725 4652 non
2772 4597 3194 4652 commovebitur.
3245 4595 3396 4651 Illam

1838 4694 2058 4765 quippe,
2088 4707 2215 4747 cum
2235 4698 2444 4745 tantum
2475 4706 2585 4744 non
2617 4691 2673 4743 in
2711 4688 2966 4743 barathra
3015 4685 3228 4758 penitus
3262 4688 3390 4743 ruis-

1839 4795 1941 4845 set,
1987 4781 2202 4852 quando
2248 4779 2552 4836 daamonum
2604 4783 2686 4835 vis
2740 4787 2794 4834 et
2853 4778 3090 4834 ellicacia
3144 4778 3398 4836 omnibus

1838 4872 2179 4943 prawalebat,
2205 4871 2377 4926 erexit
2417 4886 2481 4924 ac
2513 4870 2771 4932 restituit,
2803 4884 2926 4923 cum
2961 4885 3175 4923 omnem
3225 4869 3380 4923 inimi

1839 4980 1958 5019 cam
1983 4972 2036 5020 et
2066 4964 2452 5020 daamoniacam
2484 4964 2760 5026 virtutem,
2784 4970 2838 5016 et
2878 4963 3169 5016 multorum
3217 4962 3398 5016 numi-

1841 5069 1969 5109 num
1998 5069 2241 5109 errorem
2281 5054 2586 5108 evertisset.
2636 5049 2718 5104 Ita
2746 5049 2891 5105 enim
2945 5049 3182 5103 ﬁrmavit
3211 5050 3400 5104 orbem

1841 5154 2018 5208 terra},
2052 5153 2111 5199 ut
2136 5159 2310 5214 neque
2346 5159 2375 5197 a
2405 5145 2602 5213 pietate
2629 5157 2755 5216 erga
2777 5141 2944 5197 Deum
2979 5141 3348 5196 dimoveretur
3383 5157 3397 5193 :

1843 5235 2136 5292 Ecclesiam
2171 5251 2301 5291 vero
2329 5236 2522 5306 ipsius,
2552 5250 2671 5305 qua:
2696 5248 2860 5305 supra
2908 5245 3114 5304 petram
3143 5230 3396 5285 fundatur

1838 5338 1892 5383 et
1933 5328 2198 5384 adversus
2227 5344 2388 5399 quam
2428 5337 2600 5398 portae
2644 5327 2803 5381 inferi
2853 5342 2963 5381 non
3011 5321 3397 5395 pra-vaiebunt,

1842 5420 1932 5476 hic
1976 5436 2071 5492 per
2123 5420 2308 5477 urbem
2338 5428 2498 5475 terrae
2526 5420 2840 5486 indicatam,
2873 5418 2947 5473 ita
2978 5416 3241 5470 ﬁrmatam
3279 5421 3396 5464 esse

2293 5597 2336 5629 ²⁸
2377 5597 2479 5653 lsa.
2518 5611 2645 5662 un,
2675 5595 2729 5650 2.
2821 5595 2864 5627 ε’
2902 5590 3131 5661 Philipp.
3170 5602 3267 5654 ιιι,
3308 5585 3397 5641 ει.
