3990 6202
566 292 705 349 “87
1271 287 1534 342 EL'SEBII
1571 283 2042 342 CxESARlENSlS
2080 279 2230 336 OPP.
2270 275 2448 332 PARS
2484 275 2573 330 lll.
2611 307 2681 316 --
2719 270 3128 328 EXEGETICA.
3711 271 3800 327 188

565 412 720 475 dicit,
744 417 803 464 ut
833 425 941 464 non
965 409 1103 462 ultra
1125 407 1329 462 moveri
1350 406 1544 476 possit.
1567 405 1702 460 Nam
1724 405 1867 475 quod
1892 406 1945 458 in
1980 412 2123 474 petra

2233 396 2478 450 λεύεσθαι
2507 394 2609 465 τῆς
2634 393 2774 448 κατά
2803 393 2934 445 Θεὸν
2968 390 3276 453 εὐσεϐείαςο
3317 389 3412 443 καὶ
3587 387 3802 458 Ἐκκλη-

563 501 844 566 fundetur,
875 509 1045 571 porta:
1092 500 1250 555 inferi
1303 516 1415 554 non
1452 499 1821 568 praevalebunt
1873 496 2123 550 adversus

2235 491 2357 544 σίαν
2381 490 2438 542 δὲ
2469 487 2631 543 αὐτοῦ
2661 486 2758 557 τὴν
2791 486 2886 537 ἐπὶ
2926 483 3026 554 τὴν
3068 483 3274 555 πέτραν
3314 481 3799 553 τεθεμελιωμένην,

536 593 708 648 'eam.

2233 580 2301 656 ἦς
2325 582 2488 635 πύλαι
2525 580 2649 652 ᾅδου
2680 579 2742 631 οὐ
2783 575 3192 646 κατισχύσουσι,
3231 575 3320 629 διά
3349 575 3450 645 τῆς
3487 572 3804 642 οἰκουμένης

563 686 592 736 ὁ
618 685 776 754 λόγος
811 686 1077 756 σημήνας,
1119 685 1211 738 καὶ
1246 683 1450 754 ταύτην
1493 681 1708 753 άληθῶς
1757 678 2120 752 ιστερεῶσθαί
2170 693 2355 747 φησιν,
2389 676 2511 746 ἥτις
2542 674 2602 726 οὑ
2633 670 3043 741 σαλευθήσεται.
3078 667 3249 720 Πύλαι
3293 666 3404 739 γάρ
3469 667 3606 739 ξιδου
3650 665 3803 736 uini};

563 777 623 829 οὐ
650 775 1066 849 κατισχύσουσι,
1100 773 1187 828 διά
1227 775 1288 826 τὸ
1317 771 1744 844 τεθεμελιῶσθαι
1783 770 1874 823 ἐπὶ
1907 769 2006 840 τὴν
2035 768 2260 838 πέτραν.

635 887 804 942 Vens.
825 888 879 953 2,
901 889 954 942 5.
979 887 1210 940 Paratus
1238 887 1453 940 thronus
1488 895 1605 938 tuus
1625 900 1689 938 ex
1715 892 1856 946 tunc,
1877 900 1908 936 a
1939 880 2132 936 sarculo

563 991 623 1036 tu
649 998 723 1036 es.
759 980 1101 1034 Elevaverunt
1129 980 1372 1048 ﬂumina,
1411 978 1650 1042 Domine,
1675 978 1996 1031 elevaverunt
2025 975 2129 1043 ﬂu-

562 1075 708 1127 mina
735 1089 904 1128 vocem
933 1089 1107 1126 suam.
1147 1071 1402 1126 Thronu's
1453 1079 1601 1134 tuus,
1648 1068 1847 1138 inquit,
1878 1066 2124 1129 Domine,

561 1183 672 1221 non
701 1181 846 1219 nunc
866 1165 1124 1234 primum,
1161 1178 1284 1218 cum
1320 1173 1444 1233 post
1490 1161 1922 1216 incarnationem
1954 1159 2008 1212 in
2029 1172 2135 1211 etn-

560 1259 673 1313 lum
709 1257 1032 1320 ascendlsti,
1066 1268 1399 1327 prazparatus
1430 1263 1512 1312 est
1539 1255 1676 1322 tibi;
1718 1255 1827 1309 imo
1855 1267 1982 1308 vero
2020 1250 2133 1320 jam

560 1351 690 1406 olim
715 1359 770 1405 et
794 1359 924 1404 ante
946 1351 1126 1404 omnia
1155 1350 1353 1404 saecula
1383 1358 1510 1404 tuus
1536 1354 1675 1412 erat,
1703 1362 1767 1401 ac
1796 1361 2008 1417 semper
2038 1344 2135 1400 tibi

560 1451 786 1514 paratus
836 1443 957 1504 fuit,
1007 1441 1261 1512 quoniam
1316 1442 1433 1510 ipse
1487 1455 1518 1494 a
1577 1438 1796 1500 saeculo,
1845 1438 1954 1492 imo
2009 1445 2136 1491 ante

558 1536 741 1588 omnia
776 1534 972 1588 saecula
1003 1533 1245 1594 exsistis,
1272 1541 1331 1585 ut
1365 1532 1479 1601 ipse
1517 1530 1747 1585 docuisti
1780 1529 1866 1585 his
1899 1529 2077 1583 verbis
2113 1545 2126 1582 2

559 1623 816 1678 Dominus
839 1623 1028 1677 creavit
1060 1639 1138 1676 me
1163 1623 1372 1675 initium
1401 1622 1606 1675 viarum
1628 1635 1854 1673 suarum
1895 1619 1950 1672 in
1974 1633 2130 1686 opera

555 1716 832 1771 sua.Ante
864 1714 1114 1768 swculum
1137 1712 1377 1780 [undavit
1410 1727 1510 1772 me,
1541 1719 1590 1763 et
1614 1719 1894 1779 antequam
1931 1716 2129 1761 montes

2311 877 2588 944 Ἕτοιμος
2616 874 2650 926 ὁ
2687 871 2894 939 θρόνος
2927 885 3043 924 σου
3071 869 3187 924 ἀπὸ
3217 870 3371 932 τότε,
3396 870 3522 924 ἀπὸ
3553 871 3665 926 τοῦ
3693 873 3804 926 αἰῶ·

2236 985 2343 1035 νος
2370 967 2454 1021 σὺ
2501 962 2572 1020 εἶ.
2615 962 2874 1031 Ἐπῆραν
2917 965 2972 1015 οἱ
3009 962 3294 1031 ποταμοὶ,
3337 964 3540 1031 Κύριε,
3585 964 3805 1034 ἐπῆραν

2233 1065 2287 1116 οὶ
2333 1059 2583 1128 ποταμοὶ
2639 1057 2754 1126 τὴν
2809 1057 3018 1126 φωνὴν
3059 1054 3274 1109 αὐτῶν.
3346 1057 3404 1110 '0
3458 1057 3655 1130 θρόνος
3703 1077 3804 1123 σου,

2235 1155 2420 1223 φησὶν,
2445 1145 2491 1205 ὧ
2526 1150 2717 1221 Κύριε,
2748 1150 2808 1203 οὐ
2842 1149 2937 1203 νῦν
2969 1149 3203 1220 πρῶτον,
3247 1150 3336 1201 ὅτε
3368 1149 3507 1220 μετά
3536 1151 3643 1222 τὴν
3667 1155 3807 1206 ἐναν-

2233 1242 2516 1313 Θρώπησιν
2549 1243 2628 1303 εἰς
2670 1239 2931 1311 οὐρανοὺς
2985 1237 3340 1308 ἀνελήλυθας,
3388 1242 3804 1314 παρεσκευάσθη

2238 1351 2317 1386 σοι
2337 1351 2350 1363 ·
2389 1333 2526 1386 ἀλλά
2559 1332 2654 1386 καὶ
2683 1317 2847 1384 πάλαι
2879 1330 2973 1385 καὶ
3001 1329 3296 1402 πρόπαλαι,
3327 1333 3422 1394 καί
3456 1334 3558 1404 πρὸ
3589 1336 3806 1390 πάντων

2235 1425 2446 1479 αἰώνων
2487 1427 2576 1488 σὸς
2616 1420 2707 1496 ἦν,
2743 1423 2830 1478 ἀεί
2880 1440 2940 1476 τε
2983 1424 3076 1476 καὶ
3132 1423 3221 1477 διὰ
3277 1425 3480 1489 παντὸς
3511 1429 3807 1499 ἡτοίμαστό

2240 1536 2343 1580 σοι,
2399 1516 2584 1588 ἐπειδὴ
2637 1516 2730 1569 καὶ
2777 1515 2939 1579 αὐτὸς
3002 1515 3108 1568 ἀπὸ
3170 1515 3264 1569 τοῦ
3334 1517 3552 1583 αἰῶνος,
3609 1521 3805 1590 μᾶλλον

2237 1608 2294 1661 δὲ
2325 1608 2430 1679 πρὸ
2465 1607 2680 1661 πάντων
2727 1605 2941 1660 αἰώνων
2999 1607 3283 1679 ὑπάρχεις,
3323 1607 3400 1672 ὡς
3437 1609 3601 1674 αὐτὸς
3640 1612 3804 1666 ἐδίδα-

2239 1699 2337 1766 ξας
2370 1698 2567 1752 εἰπών’
2603 1699 2820 1766 Κύριος
2841 1697 3044 1751 ἐκτισέ
3079 1716 3158 1768 με
3200 1699 3398 1768 ἀρχὴν
3434 1701 3600 1754 ὁδῶν
3630 1703 3804 1758 αὐτοῦ

560 1807 926 1875 ﬁrmarentur,
959 1813 1007 1858 et
1037 1813 1156 1858 ante
1177 1820 1352 1856 omnes
1401 1802 1561 1855 colles
1590 1802 1756 1872 gignit
1790 1802 1946 1856 me".
1983 1799 2123 1856 Tuus

2233 1794 2320 1857 εἰς
2349 1791 2492 1861 ἔργα
2524 1791 2730 1844 αὐτοῦ.
2771 1790 2893 1858 Πρὸ
2929 1789 3037 1844 τοῦ
3075 1788 3288 1857 αὶῶνος
3320 1792 3691 1862 ἐθεμελίωσέ
3716 1814 3802 1864 με,

558 1897 742 1966 itaque
775 1897 1007 1950 thronus
1037 1903 1155 1950 erat
1188 1894 1350 1948 etiam
1377 1900 1501 1947 ante
1529 1894 1710 1946 omnia
1743 1893 1940 1947 saecula
1976 1911 1991 1946 :
2025 1893 2133 1945 imo

553 1995 612 2040 et
639 1985 856 2055 quando
870 1983 1216 2038 exinanivisti
1240 1982 1612 2052 temetipsum,
1637 1998 1703 2036 ac
1731 1983 1874 2038 servi
1901 1980 2132 2035 formam

557 2074 838 2144 accepisti,
870 2073 971 2126 tibi
1009 2073 1206 2126 iterum
1234 2081 1456 2141 paratus
1488 2071 1842 2135 servabatur,
1870 2071 1996 2142 quia
2034 2071 2132 2125 tibi

556 2165 658 2220 soli
709 2179 772 2218 ac
819 2163 1021 2218 nemini
1069 2163 1160 2216 alii
1191 2179 1220 2216 a
1252 2161 1414 2216 Patre
1446 2162 1653 2216 dictum
1691 2161 1890 2222 fuerat,
1931 2160 2063 2216 Sede
2099 2179 2133 2215 a

554 2256 755 2310 dextris
808 2256 954 2318 meis,
988 2255 1155 2308 donec
1191 2271 1383 2324 ponam
1421 2255 1660 2307 inimicos
1695 2261 1810 2306 tuos
1846 2253 2132 2306 scabellum

551 2349 738 2418 pedum
765 2347 1051 2401 tuorum”.
1069 2344 1160 2401 Sic
1181 2347 1347 2416 igitur
1373 2352 1596 2415 paratus
1621 2345 1717 2398 tibi
1741 2345 1969 2400 thronus
1991 2352 2129 2407 erat,

551 2441 608 2496 in
639 2455 746 2510 quo
773 2446 836 2493 ut
862 2454 1047 2494 secum
1095 2439 1336 2502 sederes,
1369 2438 1461 2508 qui
1494 2444 1548 2492 te
1577 2436 1782 2507 genuit,
1808 2435 1969 2492 Pater
1995 2453 2130 2507 pra:-

551 2533 716 2604 cepit.
741 2531 1077 2601 Para‘tusque
1099 2538 1217 2585 erat
1249 2547 1314 2585 ex
1342 2539 1494 2598 tunc,
1527 2547 1557 2586 a
1591 2530 1794 2588 saeculo
1827 2549 1840 2585 :
1873 2530 2131 2600 quoniam

552 2631 608 2676 tu
643 2623 758 2693 ipse
791 2636 821 2674 a
845 2621 1044 2676 saeculo
1072 2636 1152 2675 es.
1175 2619 1293 2674 Non
1322 2621 1402 2675 ait
1431 2661 1445 2686 ,
1475 2638 1626 2685 eras;
1657 2621 1774 2686 sed,
1801 2637 1876 2676 es.
1900 2619 2034 2675 Nam
2063 2623 2132 2676 de

551 2725 604 2772 te
633 2715 750 2771 solo
779 2714 888 2768 dici
924 2714 1203 2779 convenit,
1233 2731 1309 2769 es.
1345 2713 1525 2779 Quare
1555 2713 1686 2768 alibi
1716 2729 1934 2784 quoque
1989 2712 2131 2768 dici-

546 2815 660 2869 tur,
709 2806 788 2860 Tu
841 2815 1014 2860 autem
1063 2807 1172 2873 ipse
1193 2822 1266 2866 es,
1291 2815 1340 2859 et
1372 2806 1498 2859 anni
1540 2807 1618 2859 tui
1667 2824 1771 2860 non
1802 2806 2043 2876 deﬁcient
2061 2807 2128 2862 ³⁸.

548 2895 707 2952 Hunc
734 2913 898 2968 porro
933 2899 1190 2951 thronum
1223 2898 1278 2951 in
1318 2899 1425 2950 alio
1453 2914 1672 2968 quoque
1705 2900 1918 2969 psalmo
1955 2898 2132 2969 Spiri-

545 2994 639 3042 tus
679 2997 902 3042 sanctus
931 2987 1135 3042 indicat
1160 2987 1347 3042 dicens
1380 3006 1393 3042 :
1433 2988 1671 3043 Thronus
1706 2999 1852 3054 tuus,
1881 2988 2049 3053 Deus,
2073 2991 2128 3044 in

547 3081 801 3134 srculum
834 3081 1016 3134 sazculi
1044 3098 1062 3134 :
1093 3082 1239 3150 virga
1286 3081 1617 3135 rectitudinis
1664 3083 1810 3152 virga
1841 3085 1986 3154 regni
2026 3085 2122 3138 tui.

2233 1883 2328 1935 καὶ
2357 1883 2471 1950 πρὸ
2491 1882 2600 1936 τοῦ
2629 1881 2734 1950 ὄρη
2754 1881 3119 1951 ἑδρασθῆναι
3138 1899 3152 1913 ο
3188 1882 3302 1950 πρὸ
3317 1882 3387 1935 δὲ
3401 1885 3653 1938 πάντων
3672 1888 3806 1950 ,Βου-

2231 1972 2354 2027 νῶν
2385 1971 2568 2044 γεννᾷ
2604 1989 2702 2042 με.
2732 1969 2842 2026 Ἦν
2875 1973 2974 2042 μὲν
3010 1967 3104 2025 οὖν
3143 1973 3232 2036 σὸς
3270 1975 3299 2026 ό
3331 1974 3527 2046 Θρόνος
3571 1979 3666 2029 καὶ
3709 1978 3805 2050 πρὸ

2233 2068 2447 2121 πάντων
2476 2065 2705 2120 αἰώνων·
2733 2066 2792 2119 οὐ
2814 2066 2921 2138 μὴν
2947 2066 3082 2120 ἀλλά
3117 2069 3208 2121 καὶ
3235 2067 3323 2120 ὅτε
3350 2071 3633 2135 ὲκένωσας
3661 2089 3804 2125 σεαυ-

2231 2160 2344 2221 τὸν,
2377 2159 2473 2212 καὶ
2521 2160 2620 2230 τὴν
2652 2158 2839 2212 δούλου
2891 2159 3104 2231 μορφὴν
3153 2160 3469 2232 ἀνείληφας,
3525 2165 3612 2216 co".
3655 2165 3802 2219 πάλιν

2231 2253 2444 2322 ἕτοιμος
2467 2250 2826 2319 ὲφυλάττετο’
2881 2252 3068 2324 ἐπειδή
3095 2269 3174 2304 σοι
3205 2252 3375 2324 μόνῳ,
3416 2255 3516 2307 καὶ
3544 2255 3802 2328 οὐδετέρῳ

2233 2346 2370 2418 πρὸς
2399 2345 2494 2398 τοῦ
2525 2344 2620 2398 σοῦ
2647 2345 2861 2416 Πατρδς
2887 2347 3092 2416 εἴρητο’
3118 2344 3316 2399 Κάθου
3331 2345 3401 2398 ἐκ
3430 2345 3651 2411 δεξιῶν
3671 2367 3797 2417 μου,

2230 2435 2340 2501 ἕως
2363 2433 2439 2489 ἂν
2461 2435 2542 2490 θῶ
2569 2435 2712 2503 τοὺς
2742 2436 2996 2504 ἐχθρούς
3033 2449 3150 2489 σου
3177 2435 3518 2490 ὑποπόδιον
3555 2436 3676 2491 τῶν
3705 2453 3798 2491 ,τοι

2230 2526 2352 2580 δῶν
2387 2543 2523 2580 σου.
2560 2526 2714 2580 Οὕτω
2751 2527 2882 2596 γοῦν
2923 2522 2992 2599 ἦν
3034 2527 3249 2598 ἕτοιμος
3284 2531 3313 2581 ό
3347 2529 3540 2601 θρόνος
3582 2548 3700 2593 σου,
3726 2533 3799 2601 ἐφ’

2233 2619 2294 2671 ὃν
2341 2620 2438 2672 σὺν
2473 2617 2622 2690 αὐτῷ
2655 2617 2982 2682 καθέζεσθαι
3010 2621 3040 2672 ὁ
3066 2620 3334 2690 γεννήσας
3378 2637 3438 2673 σε
3473 2622 3671 2693 Πατὴρ
3708 2640 3800 2676 m-

2232 2710 2565 2782 ρεκελεύετο.
2621 2711 2732 2764 Καὶ
2785 2711 3002 2780 ἕτοιμος
3052 2705 3121 2781 ἦν
3175 2711 3283 2763 ἀπὸ
3333 2711 3494 2777 τότε,
3552 2712 3667 2766 ἀπὸ
3717 2713 3800 2766 τοῦ

2231 2801 2447 2866 αἰῶνος,
2481 2801 2604 2854 ἐπεὶ
2642 2803 2738 2856 καὶ
2765 2802 2928 2865 αὐτὸς
2961 2803 3068 2856 ἀπὸ
3107 2801 3200 2856 τοῦ
3231 2803 3428 2867 αἰῶνος
3460 2805 3527 2858 σὺ
3553 2801 3627 2859 εἰ.
3673 2806 3800 2858 Ἀλλ’

2229 2894 2349 2957 οὐκ,
2381 2895 2478 2963 ἦς,
2509 2895 2695 2967 φησὶν,
2726 2893 2862 2959 ἀλλ’,
2893 2890 2968 2950 εἴ.
3000 2895 3174 2949 Μόνον
3200 2896 3309 2967 γάρ
3332 2897 3482 2968 αὐτῷ
3511 2899 3594 2964 τὸ,
3632 2899 3714 2953 σὺ
3735 2895 3800 2962 εἷ,

2229 2984 2482 3055 λέγεσθαι
2516 2987 2797 3058 ἁρμόττει.
2834 2987 2926 3040 Διὸ
2957 2989 3051 3042 καὶ
3087 2989 3144 3040 ὲν
3175 2987 3384 3059 ἑτέροις
3423 2990 3678 3062 εἴρηται·
3723 2993 3799 3046 Σὺ

2227 3077 2296 3130 δὲ
2339 3081 2372 3132 ό
2410 3080 2594 3146 αὐτὸς
2628 3075 2700 3144 εἷ,
2735 3081 2831 3133 καὶ
2871 3081 2944 3134 τὰ
2977 3081 3079 3149 ἐτη
3127 3095 3244 3135 σου
3273 3083 3386 3136 οὐκ
3419 3083 3795 3152 ἐκλείψουσι.

547 3171 796 3227 Dilexisti
827 3174 1098 3242 justitiam
1139 3183 1190 3227 et
1246 3173 1404 3229 odisti
1451 3175 1776 3244 iniquitatem
1808 3192 1826 3229 :
1852 3185 2123 3245 propterea

2229 3169 2428 3224 Τοῦτον
2447 3171 2503 3224 δὲ
2537 3171 2628 3225 τὸν
2665 3171 2853 3244 θρόνον
2886 3173 2981 3226 καὶ
3017 3175 3074 3227 ὲν
3104 3175 3277 3246 ὲτὲρῳ
3318 3175 3380 3228 τὸ
3409 3175 3552 3230 θεῖον
3585 3178 3798 3248 Πνεῦμα

545 3266 700 3318 unxit
735 3275 782 3318 te
805 3264 964 3327 Deus.
989 3265 1124 3320 Deus
1152 3275 1292 3329 tuus,
1329 3267 1439 3320 oleo
1467 3267 1836 3321 exsultatiom‘s
1860 3282 1974 3336 pra:
1993 3284 2119 3322 con-

545 3357 777 3410 sortibus
811 3358 913 3412 tuis
937 3357 1004 3412 ³⁸.
1032 3357 1260 3414 Paratus
1290 3359 1472 3429 itaque
1492 3368 1614 3414 erat
1645 3359 1876 3414 thronus
1904 3368 2028 3414 tuus
2054 3376 2121 3414 ex

541 3457 716 3513 tunc;
767 3462 834 3502 ex
880 3464 990 3518 quo
1028 3449 1238 3504 scilicet
1287 3451 1428 3520 apud
1459 3448 1674 3504 Patrem
1728 3466 1873 3516 eras,
1903 3451 2030 3522 quia
2062 3459 2120 3506 tu

542 3537 661 3607 ipse
699 3553 730 3592 a
757 3541 958 3596 saeculo
987 3555 1066 3595 es.
1101 3540 1368 3595 Caeterum
1397 3541 1559 3597 etiam
1601 3558 1749 3597 nunc
1793 3543 2120 3597 elevaverunt

541 3633 788 3702 ﬂumina,
837 3632 1075 3687 Domine.
1124 3634 1262 3700 Quid
1311 3635 1665 3700 elevaverint,
1717 3638 1948 3706 repetito
2005 3653 2123 3692 ser-

543 3740 706 3779 mone
750 3733 938 3794 postea
981 3726 1224 3781 declarat
1255 3727 1339 3782 his
1389 3727 1572 3782 verbis
1603 3747 1615 3782 :
1647 3727 1993 3782 Elevaverunt
2023 3729 2124 3798 [lu-

542 3817 688 3870 mina
717 3833 887 3870 vocem
909 3833 1082 3874 suam.
1103 3817 1244 3872 .Ilzec
1265 3818 1409 3872 enim
1441 3833 1564 3873 cum
1593 3820 1896 3890 antiquitus
1929 3821 2119 3876 latuis-

543 3913 688 3969 sent,
739 3922 884 3962 nunc
932 3909 1114 3964 audita
1173 3909 1393 3963 fuerunt
1463 3909 1739 3974 omnibus,
1796 3912 1888 3981 qui
1935 3911 2121 3966 divino

542 3995 750 4068 Spiritu
780 3999 987 4068 dignati
1019 4011 1168 4065 sunt,
1205 4002 1503 4070 prophetis,
1531 4004 1792 4071 apostolis
1817 4013 1871 4059 et
1890 4019 2122 4076 evange-

543 4091 708 4159 listis,
738 4091 1076 4163 inﬁnitisque
1125 4093 1362 4164 populis,
1387 4094 1480 4163 qui
1508 4109 1605 4164 per
1636 4101 1810 4148 totum
1841 4096 2029 4151 orbem
2065 4101 2117 4151 in

543 4183 793 4240 ecclesiis
824 4185 1060 4239 salutare
1084 4200 1308 4256 regnum
1341 4186 1690 4250 annuntiant,
1719 4187 1812 4258 qui
1853 4189 1980 4243 item
2012 4189 2123 4244 ele-

541 4281 808 4329 vaverunt
829 4290 1015 4329 vocem
1047 4291 1224 4337 suam,
1247 4274 1471 4330 eil‘usam
1492 4277 1545 4330 in
1565 4293 1756 4332 omnes
1781 4277 1871 4332 Dei
1888 4279 2116 4349 gratiam

539 4379 736 4434 magna
766 4378 898 4419 voce
929 4365 1304 4434 praedicantes.
1341 4364 1448 4420 Sed
1481 4367 1643 4420 etiam
1669 4368 1879 4424 aestimo
1903 4368 2118 4425 divinas

537 4455 770 4512 virtutes
824 4463 879 4510 et
930 4456 1334 4528 multitudinem
1379 4459 1829 4530 angelorum,qui
1877 4461 1932 4514 in
1977 4463 2118 4515 coelo

2226 3262 2482 3333 σημαίνει
2519 3262 2711 3332 λέγονο
2756 3264 2810 3316 '0
2843 3266 3055 3334 θρόνος
3082 3281 3218 3328 σου,
3260 3269 3293 3319 ὁ
3344 3266 3518 3332 Θεὸς,
3568 3271 3659 3334 εις
3701 3269 3801 3322 τὸν

2220 3350 2404 3406 αἰῶνα
2427 3354 2532 3409 τοῦ
2554 3355 2784 3422 αἰῶνος
2805 3355 3024 3424 ῥάϐδος
3043 3356 3368 3424 εὐθύτητος
3391 3358 3429 3423 ἡ
3452 3357 3681 3427 ῥάϐδος
3700 3359 3801 3428 τῆς

2215 3444 2536 3512 ,ϐασιλείας
2573 3459 2708 3500 σου.
2737 3446 3076 3516 Ἠγὰπησας
3098 3447 3509 3516 δικαιοσύνην,
3548 3452 3645 3502 καὶ
3687 3453 3805 3520 ἐμι-

2220 3551 2422 3605 σησας
2459 3539 2717 3608 ἀνομίαν
2740 3555 2753 3568 '
2800 3538 2897 3592 διὰ
2935 3538 3110 3594 τοῦτο
3141 3539 3350 3610 ἔχρισέ
3389 3557 3459 3596 σε
3486 3545 3521 3594 ὁ
3545 3542 3718 3607 Θεὸς,
3763 3547 3800 3596 d

2224 3630 2367 3696 Θεός
2389 3645 2524 3684 σου.
2539 3631 2720 3695 ἐλαίῳ
2744 3631 3153 3699 ἀγαλλιάσεως
3175 3631 3333 3701 παρὰ
3347 3633 3475 3696 τοὺς
3490 3635 3800 3702 μετόχους

2220 3735 2358 3776 σου.
2391 3716 2501 3774 Ἦν
2537 3722 2636 3792 μὲν
2659 3719 2750 3775 οὖν
2773 3722 2988 3792 ἕτοιμος
3017 3723 3046 3774 ὁ
3066 3721 3256 3793 θρόνος
3286 3741 3372 3777 σου
3391 3724 3496 3777 ἀπὸ
3524 3724 3673 3789 τότε,
3699 3728 3800 3800 ἀφ’

2221 3806 2282 3866 οὗ
2310 3811 2512 3884 δηλαδὴ
2541 3813 2692 3886 παρὰ
2734 3813 2813 3884 τῷ
2851 3815 3029 3885 Πατρί
3063 3810 3152 3886 ἦς,
3203 3817 3326 3870 ἐπεὶ
3363 3819 3455 3871 καὶ
3495 3818 3658 3884 αὐτὸς
3691 3821 3799 3873 ἀπὸ

2219 3902 2312 3955 τοῦ
2340 3903 2534 3967 αἰῶνος
2558 3905 2621 3957 σὺ
2652 3900 2720 3957 εἴ.
2758 3905 2904 3977 Πλὴν
2938 3905 3073 3959 ἀλλά
3096 3908 3190 3960 καὶ
3216 3907 3312 3961 νῦν
3337 3909 3571 3979 ἐπῆραν
3601 3914 3656 3965 οἰ
3688 3926 3794 3966 που

2221 3992 2413 4060 ταμοί,
2465 3994 2660 4063 Κύριε.
2700 3995 2764 4048 Τί
2792 3995 2847 4048 δὲ
2880 3996 3113 4067 ἐπῆραν,
3146 3999 3514 4072 ὲπιδευτερῶν
3555 4003 3681 4074 ὲξῆς
3707 4003 3794 4056 τὸν

2219 4083 2377 4152 λόγον
2412 4086 2740 4158 παρίστησιν
2764 4087 2934 4143 εἰπών
2955 4105 2968 4118 ο
3012 4087 3279 4158 Ἐπῆραν
3311 4097 3367 4147 οι
3394 4095 3647 4163 ποταμοὶ
3678 4111 3792 4163 φω-

2221 4175 2341 4243 νὴν
2361 4176 2562 4230 αὐτῶν
2580 4195 2592 4208 ο
2624 4178 2798 4233 ταῦτα
2821 4181 2930 4255 γάρ
2957 4184 3287 4240 λανθάνοντα
3307 4186 3478 4240 πάλαι
3515 4188 3791 4258 πρότερον,

2220 4268 2314 4322 νῦν
2344 4273 2423 4334 εἰς
2451 4271 2774 4335 ἐξάκουστον
2821 4276 3075 4331 ἁπάντων
3106 4278 3295 4347 γέγονε
3350 4277 3462 4332 τῶν
3510 4279 3604 4332 τοῦ
3654 4279 3790 4332 θείου

2221 4363 2537 4434 Πνεύματος
2568 4365 2885 4438 ἠξιωμένων
2915 4373 3228 4443 προφητῶν,
3269 4372 3585 4425 ἀποστόλων
3617 4389 3674 4424 τε
3703 4372 3789 4425 καὶ

2221 4455 2643 4524 εὐαγγελιστῶν,
2701 4461 3044 4535 μυριάνδρων
3090 4481 3150 4516 τε
3194 4463 3338 4517 λαῶν
3368 4463 3479 4516 τῶν
3515 4465 3636 4518 καθ’
3669 4465 3787 4533 ὅλης

539 4557 690 4612 sunt,
735 4564 883 4603 nunc
940 4547 1164 4602 ﬂumina
1214 4551 1420 4604 vocari.
1449 4549 1555 4616 Qui
1603 4552 1731 4607 item
1771 4553 2120 4608 elevaverunt

2226 4545 2317 4615 τῆς
2355 4546 2681 4619 οἰκουμένης
2705 4550 2764 4602 ὲν
2808 4554 2925 4615 ταῖς
2967 4551 3283 4624 ἐκκλησίαις
3317 4554 3784 4622 καταγγελλόντων

537 4651 724 4691 vocem
761 4652 938 4700 suam,
971 4639 1190 4708 quando
1211 4655 1279 4694 ex
1304 4639 1583 4696 hominum
1615 4645 1894 4698 consortio
1917 4645 1971 4698 in
2004 4659 2116 4699 cm-

539 4727 622 4782 los
670 4729 1052 4784 ascendentem
1089 4731 1457 4797 Servatorem,
1503 4733 1698 4788 decore
1744 4735 1964 4790 deitatis
2004 4749 2117 4791 suae

539 4815 813 4880 indutum,
832 4826 1057 4888 paterna
1076 4820 1278 4875 virtute
1301 4822 1672 4892 prmeinctum,
1692 4823 2114 4894 propriumques

539 4903 614 4957 ibi
675 4907 827 4976 regni
877 4907 1133 4961 thronum
1183 4918 1546 4978 repetentem,
1584 4913 2111 4982 contemplabantur.

539 4994 666 5050 Haec
706 5011 870 5065 porro
906 4996 1157 5054 dicebant
1191 5000 1298 5054 alta
1343 5017 1473 5058 voce
1502 5003 1799 5060 clamantes
1832 5023 1844 5059 :
1873 5004 2113 5060 Attollite

536 5097 739 5156 portas,
753 5089 1034 5156 principes,
1063 5101 1282 5157 vestras,
1303 5104 1352 5147 et
1380 5095 1674 5160 elevamini,
1697 5107 1864 5165 porta:
1880 5107 2109 5163 wternw,

537 5189 589 5234 et
617 5180 855 5234 introibit
885 5195 978 5234 rea:
991 5180 1196 5251 gloriae.
1221 5185 1355 5250 Quis
1372 5200 1450 5240 est
1475 5187 1580 5254 ipse
1595 5203 1686 5242 rex
1701 5190 1913 5259 gloriw?
1927 5189 2112 5244 Domi-

539 5289 637 5328 nus
654 5272 806 5342 [ortis
826 5282 1086 5340 etpotens,
1108 5274 1361 5332 Dominus
1372 5287 1552 5347 potens
1568 5280 1619 5332 in
1635 5279 1891 5347 prwlio“;
1913 5295 1975 5332 ac
1994 5296 2109 5336 rur-

537 5383 682 5431 sum,
701 5366 959 5421 Dominus
976 5367 1249 5433 virtutum,
1268 5370 1376 5438 ipse
1387 5380 1464 5424 est
1483 5387 1573 5424 rex
1590 5371 1774 5440 gloria:
1791 5372 1855 5425 ³⁷.
1873 5369 2112 5426 Multitu—

535 5459 693 5515 dines
708 5461 829 5516 item
840 5461 1190 5517 ecclesiarum
1204 5460 1508 5519 Servatoris
1524 5463 1851 5535 nostri_apud
1869 5465 2119 5522 homines

679 5614 852 5691 Διξιτηι,
919 5633 1050 5685 vm,
1105 5615 1293 5674 2285.
1371 5617 1422 5663 ³³-
1455 5616 1594 5673 Psal.
1621 5688 1630 5691 γ
1653 5634 1770 5689 (ιιι,
1807 5619 1859 5675 1.

521 5684 582 5756 ,³⁷
621 5685 749 5741 ibid.
793 5687 880 5743 ιο.

1961 5621 2005 5653 ⁸⁸
2046 5619 2190 5678 Psal.
2227 5636 2311 5690 Cl,
2349 5624 2438 5680 88.
2518 5625 2562 5662 ³⁸
2598 5624 2743 5684 Psal.
2781 5642 2925 5696 κων,
2965 5627 3015 5695 7,
3055 5624 3106 5683 8.

2207 4636 2316 4708 τὴν
2350 4639 2616 4710 σωτήριον
2650 4639 2926 4710 βασιλείαν
2947 4683 2961 4708 ,
2993 4643 3042 4696 οἳ
3085 4645 3179 4697 καί
3231 4646 3445 4716 ἐπῆραν
3482 4647 3583 4716 τὴν
3617 4645 3784 4716 φωνὴν

2219 4729 2419 4794 αὐτῶν,
2459 4730 2556 4802 τὴν
2591 4734 2912 4803 ἐκχυθεῖσαν
2963 4737 3044 4800 εἰς
3094 4738 3295 4802 πάντας
3325 4739 3421 4792 τοῦ
3461 4739 3600 4793 Θεοῦ
3639 4741 3784 4811 χάριν

2225 4823 2434 4894 μεγάλῃ
2484 4826 2550 4895 τῇ
2595 4828 2744 4896 φωνῇ
2800 4827 3292 4898 εὐαγγελιζόμενοι.
3337 4829 3499 4885 Ἀλλά
3557 4832 3650 4884 καὶ
3691 4828 3780 4890 τας

2221 4913 2370 4978 Θείας
2418 4915 2676 4988 δυνάμεις
2729 4918 2823 4971 καὶ
2873 4919 2934 4972 τὸ
2989 4919 3192 4990 πλῆθος
3248 4920 3357 4975 τῶν
3406 4926 3528 4976 κατ’
3562 4923 3778 4995 οὐρανὸν

2219 5006 2466 5074 ἀγγέλων
2494 5004 2644 5078 οἶμαι
2674 5007 2769 5062 νῦν
2801 5012 3080 5081 ποταμοὺς
3105 5012 3487 5084 ὀνομάζεσθαι.
3517 5015 3584 5069 Οἰ
3605 5016 3666 5087 δὴ
3692 5012 3777 5066 καὶ

2220 5097 2375 5150 αὐτοὶ
2399 5099 2610 5171 ἐπῆραν
2640 5100 2739 5172 τὴν
2773 5102 2956 5174 φωνὴν
2989 5103 3188 5168 αὐτῶν,
3218 5104 3459 5176 ὁπηνίκα
3488 5108 3553 5159 ὲκ
3577 5108 3672 5177 τῆς
3695 5106 3782 5156 σὺν

2216 5188 2520 5262 ἀνθρώποις
2536 5191 2814 5262 διατριϐῆς
2835 5193 3049 5247 ἀνιόντα
3070 5196 3149 5257 εἰς
3172 5194 3432 5267 οὐρανοὺς
3454 5197 3545 5251 τὸν
3569 5198 3783 5266 Σωτῆρα

2214 5285 2310 5338 καὶ
2337 5285 2434 5356 τὴν
2457 5285 2554 5357 τῆς
2579 5285 2742 5338 αὑτοῦ
2774 5285 3024 5357 θεότητος
3068 5288 3400 5355 εὐπρέπειαν
3439 5289 3782 5360 ἐνδυόμενον,

2219 5375 2444 5448 δυνάμει
2490 5380 2729 5450 πατρικῇ
2773 5376 3242 5450 περιζωννύμενον
3268 5421 3282 5446 ,
3323 5381 3418 5432 καί
3456 5381 3548 5434 τὸν
3596 5381 3788 5434 οἰκεῖον

2224 5467 2677 5540 ἀπολαμϐάνοντα
2709 5469 2810 5540 τῆς
2852 5468 3125 5540 βασιλείας
3166 5470 3356 5542 θρόνον
3397 5471 3651 5527 ἐθεῶντο.
3680 5469 3790 5524 Καὶ

3213 5627 3258 5663 ³⁸
3297 5627 3591 5688 Psal.xxm
3613 5670 3629 5697 ,
3668 5626 3788 5683 7-9.
