3990 6202
201 287 234 345 Ἰ
246 291 347 348 689

1397 283 1903 342 COMMENIAMA
1945 287 2008 334 ΙΝ
2051 285 2385 342 PSALMOS.

3300 298 3440 356 “)0

200 404 305 478 τῆς
343 423 406 476 γε
448 406 630 479 φωνῆς
659 401 836 462 αύτῶν
863 407 1044 461 ἐκεῖνα
1074 400 1164 479 ἦν,
1193 407 1258 461 δι’
1282 397 1356 460 ὧν
1394 406 1563 460 ἐϐόων
1586 405 1768 475 λέγον-

1870 405 2198 472 constitutae,
2230 408 2628 466 conﬂuentibus
2669 410 2740 466 ibi
2776 410 3016 470 ﬂuminis
3054 412 3228 470 instar
3259 417 3442 486 genti-

201 515 326 562 τες·
364 501 574 570 ’Ἄρατε
611 500 826 564 πύλας,
856 501 908 552 οἱ
929 499 1216 568 ἄρχοντες
1246 497 1434 568 ὑμῶν,
1463 499 1561 552 καὶ
1592 497 1769 566 ἐπάρ-

192 595 348 659 -θητε
375 592 560 646 πύλαι
587 589 828 654 αἱώνιοι,
854 589 951 642 καὶ
979 589 1385 644 εἰσελεύσεται
1415 591 1448 643 ό
1470 588 1770 654 ,βασιλεὺς

195 681 318 751 τῆς
342 681 545 750 δόξης.
589 684 685 747 Τίς
715 683 883 736 ἐστιν
915 676 1092 747 οὗτος
1119 683 1152 734 ὁ
1184 679 1484 746 ,βασιλεὺς
1511 678 1619 748 τῆς
1665 679 1766 734 δό-

199 773 356 841 ﬁne;
383 775 598 842 Κύριος
619 774 897 842 κραταιὸς
917 773 1014 826 καὶ
1042 771 1320 837 δυνατὸς,
1357 772 1570 839 Κύριος
1591 769 1769 824 δύναι-

201 868 310 934 τὸς
331 869 402 922 ἐν
427 868 665 938 πολέμῳ
681 887 694 899 ·
730 870 822 923 καὶ
857 869 1044 923 πάλινο
1081 868 1294 934 Κύριος
1315 864 1435 919 τῶν
1462 864 1771 934 δυνάμεων

201 959 389 1025 αὐτός
419 960 590 1013 ἐστιν
621 963 654 1014 ὀ
679 958 979 1025 ,βασιλεὺς
1004 956 1113 1027 τῆς
1135 958 1340 1025 δόξης.
1359 956 1469 1011 Καὶ
1493 954 1563 1008 τὰ
1589 955 1766 1026 πλήθη

199 1049 259 1102 δὲ
292 1050 399 1104 τῶν
437 1053 494 1105 ἐν
521 1050 823 1124 ἀνθρώποις
853 1050 946 1104 τοῦ
983 1051 1233 1121 Σωτῆρος
1266 1047 1423 1120 ἡμῶν
1465 1045 1768 1117 ἐκκλησιῶν

203 1143 514 1214 ποταμηδόν
545 1145 603 1196 ἐν
641 1143 832 1206 αὐταῖς
869 1142 976 1196 τῶν
1016 1141 1074 1207 ἐξ
1119 1140 1289 1194 ἐθνῶν
1329 1138 1768 1193 πεπιστευκότων

1873 498 1975 553 bus
2006 513 2124 569 qua:
2154 501 2522 566 crediderunt,
2547 503 2992 575 elevantibusque
3012 520 3198 561 vocem
3228 507 3284 561 in
3312 523 3438 562 ora-

1873 589 2112 646 tionibus
2142 592 2208 646 ad
2239 591 2406 647 Deum
2429 595 2665 659 emissis,
2688 595 2852 667 inque
2878 597 3131 654 laudibus
3154 613 3250 669 per
3281 599 3443 670 hym-

1870 695 1972 736 nos
2020 690 2074 736 et
2119 683 2359 751 psalmos
2396 682 2561 738 editis
2589 724 2605 749 ,
2662 694 2894 756 possunt
2941 685 3163 740 ﬂumina
3204 688 3435 750 vocari:

1873 771 2088 840 quando
2143 773 2260 842 ipse
2303 771 2566 828 Dominus
2614 783 2800 831 noster
2853 791 2966 842 eos,
2994 792 3131 847 quos
3163 793 3227 832 ex
3257 793 3355 834 sua
3381 787 3437 834 et

1872 859 2054 914 divina
2073 859 2323 916 doctrina
2343 861 2582 928 haurire,
2615 871 2668 918 et
2689 881 2755 919 ex
2789 863 2998 934 Spiritu
3032 877 3222 922 sancto
3252 867 3438 923 bibere

1873 949 2114 1006 futurum
2163 963 2310 1019 erat,
2368 953 2684 1010 ﬂuminibus
2731 965 3009 1026 comparat
3059 957 3294 1014 dicens:
3332 958 3438 1025 Qui

1873 1043 2056 1099 biberit
2087 1062 2152 1100 ea:
2183 1063 2340 1118 aqua,
2361 1065 2515 1119 quant
2537 1065 2626 1120 ego
2655 1049 2791 1103 dabo
2821 1051 2894 1116 ei,
2919 1051 3142 1119 ﬂumina
3178 1051 3242 1106 de
3265 1064 3439 1106 ventre

1871 1136 1984 1201 ejus
2009 1137 2174 1207 ﬂuent
2203 1156 2351 1209 aqua:
2386 1142 2532 1207 victe,
2563 1141 2802 1197 salientis
2825 1144 2878 1196 in
2910 1145 3068 1197 vitam
3097 1153 3347 1198 aeternam
3365 1144 3434 1198 ³⁸.

202 1237 540 1297 ωρόεόντων
581 1238 686 1299 ἀεὶ,
719 1237 1052 1308 ἐπαιρόντων
1078 1252 1138 1287 τε
1173 1232 1354 1304 φωνὴν
1393 1234 1451 1286 ἐν
1481 1234 1603 1294 ταῖς
1669 1231 1804 1301 πρὸς
1840 1230 1930 1283 τὸν
1963 1230 2093 1284 Θεὸν
2139 1233 2345 1302 εὐχαῖς,
2376 1232 2433 1286 ἐν
2465 1251 2524 1287 τε
2551 1237 2668 1298 ταῖς
2715 1233 2780 1286 δι’
2841 1233 3022 1305 ὓμνων
3073 1237 3168 1288 καὶ
3209 1235 3440 1305 ψαλμῶν

201 1325 548 1394 δοξολογίαις,
591 1327 841 1381 δύνανται
891 1326 1143 1395 λέγεσθαι
1193 1325 1462 1396 ποταμοί·
1517 1325 1638 1378 ἐπεὶ
1679 1324 1773 1377 καὶ
1809 1325 1970 1389 αὐτὸς
2000 1327 2029 1378 ὁ
2059 1323 2262 1394 Κύριος
2327 1325 2482 1395 ἡμῶν
2513 1325 2638 1388 τοὺς
2675 1325 2966 1396 μέλλοντας
3024 1329 3090 1380 ἐκ
3127 1327 3228 1398 τῆς
3269 1328 3436 1380 αὐτοῦ

199 1420 298 1472 καὶ
323 1419 471 1484 θείας
493 1419 838 1483 διδασκαλίας
864 1419 1148 1491 ἀρύεσθαι,
1184 1418 1396 1472 καὶτοῦ
1447 1417 1604 1487 ἁγίου
1641 1418 1957 1490 Πνεύματος
2011 1417 2209 1482 πίνειν,
2253 1421 2515 1489 ποταμοῖς
2563 1419 2898 1491 παραϐάλλει
2966 1419 3159 1489 λέγων’
3201 1422 3298 1487 Ὃς
3361 1420 3438 1474 ἂν

200 1510 308 1578 πίῃ
344 1512 412 1565 ἐκ
450 1511 553 1566 τοῦ
589 1513 806 1579 ὓδατος
835 1508 906 1568 οὗ
938 1511 1051 1579 ἐγὼ
1088 1511 1258 1566 δώσω
1297 1510 1476 1577 αὐτῷ,
1511 1512 1757 1582 ποταμοὶ
1783 1513 1851 1566 ἐκ
1884 1511 1994 1582 τῆς
2025 1511 2255 1578 κοιλίας
2290 1512 2476 1567 αὑτοῦ
2517 1514 2851 1581 ῥεύσουσιν
2914 1513 3131 1580 ὕδατος
3201 1512 3436 1585 ζῶντος,

182 1599 548 1671 ’ἁλλομένου
577 1604 663 1668 εις
692 1601 843 1671 ζωὴν
856 1602 1116 1657 αίώνιον.

285 1723 514 1792 Ἄροῦσι
545 1723 797 1793 ποταμοὶ
821 1723 1152 1792 ἑπιτρίψεις
1173 1723 1369 1777 αὐτῶν
1401 1723 1516 1778 ἀπὸ
1552 1723 1764 1793 φωνῶν

1933 1719 2177 1787 VsnsJ,
2211 1721 2264 1775 5.
2303 1721 2505 1776 Tollent
2539 1721 2763 1790 ﬂumina
2807 1722 3000 1791 ﬂuctus
3047 1740 3172 1777 suos
3214 1741 3246 1778 a
3295 1726 3436 1779 voci-

193 1809 434 1867 esde
470 1811 734 1867 πολλῶν.
770 1812 1105 1882 Θαύμαστοὶ
1149 1817 1202 1868 o'l
1231 1815 1614 1885 μετεωρισμοι
1657 1814 1766 1884 τῆς

189 1901 537 1972 θαλάσσης,
573 1904 912 1973 θαυμαστὸς
945 1905 1015 1958 ἐν
1051 1907 1332 1974 ὑψίστοις
1368 1909 1402 1960 ό
1437 1908 1665 1976 Κύριος.
1690 1899 1764 1961 Ἐί

197 1992 478 2063 νενόηνται
507 1994 555 2045 οί
587 1996 819 2065 ποταμοὶ
849 1995 899 2048 σί
927 1995 1020 2048 ἐπὶ
1052 1997 1118 2066 τῇ
1149 1994 1273 2065 δόξῃ
1295 1996 1391 2066 τῆς
1427 1996 1521 2051 τοῦ
1561 1997 1764 2069 Κυρίου

201 2083 474 2156 βασιλείας
501 2085 600 2156 τὴν
631 2084 810 2139 αὐτῶν
835 2085 1016 2156 φωνὴν
1045 2085 1380 2158 ἐπαίροντες,
1403 2087 1466 2140 ἐκ
1488 2087 1582 2141 τοῦ
1610 2091 1764 2141 ἐναν-

197 2175 318 2229 τίου
358 2175 708 2248 νοηθήτωσαν
745 2175 922 2247 ἐτεροι
961 2176 1196 2247 ποταμοὶ
1234 2175 1633 2248 ἐπιτριϐόμενοι
1674 2180 1766 2231 καὶ

200 2268 656 2340 κατεπαιρόμενοι
679 2268 779 2339 τῆς
801 2266 1054 2336 γνώσεως
1076 2267 1169 2321 τοῦ
1192 2267 1349 2334 Θεοῦ,
1365 2267 1617 2332 ἐναντίως
1637 2269 1694 2322 δέ
1709 2287 1765 2322 τε

201 2355 534 2427 διακείμενοι
589 2359 702 2421 τοῖς
753 2358 1039 2430 ἐπαίρουσι
1092 2357 1189 2428 τὴν
1241 2357 1424 2430 φωνὴν
1480 2359 1654 2412 αὐτῶν
1689 2359 1768 2430 τῷ

200 2447 339 2520 Θεῷ.
375 2439 532 2501 Οὗτοι
558 2448 632 2520 ’δὴ
651 2443 742 2502 οὗν
774 2451 824 2502 οί
855 2448 1085 2523 ἐναντίοι
1108 2449 1341 2519 ποταμοὶ
1359 2449 1588 2521 αἴρουσι,
1613 2451 1764 2522 φησὶ,

201 2537 300 2602 τὰς
345 2539 648 2610 ἐπιτρίψεις
693 2540 892 2607 αὐτῶν,
937 2538 1212 2593 τουτέστιν
1253 2538 1616 2610 ἀποθήσονται
1661 2540 1767 2592 πᾶν

200 2629 426 2704 ιπαρμα
449 2633 542 2685 καὶ
569 2632 748 2686 πάντα
777 2631 967 2701 τῦφον,
1001 2634 1096 2686 καὶ⁹
1121 2634 1299 2686 πᾶσαν
1327 2629 1642 2701 ἐπιτριϐήν·
1675 2629 1768 2684 καὶ

202 2722 364 2777 τοῦτο
394 2726 712 2796 ποιήσουσιν
734 2723 844 2778 άπὸ
871 2725 969 2796 τῆς
997 2723 1177 2796 φωνῆς
1202 2721 1310 2776 τῶν
1340 2720 1506 2789 ἁγίων
1538 2719 1764 2774 ὑδάτων»

203 2815 434 2887 Νοήσεις
464 2817 521 2871 δὲ
561 2816 620 2871 τὺ
660 2816 945 2888 είρημένον
984 2816 1302 2886 ἐπιστήσας,
1337 2813 1413 2876 ὡς
1457 2812 1618 2866 πάλαι
1668 2811 1767 2884 μὲν

203 2909 264 2961 ἐν
301 2905 606 2980 ἀνθρώποις
663 2907 919 2972 πολλάκις
966 2903 1034 2978 ἦν
1077 2904 1374 2976 ἐπαγγελία
1435 2904 1624 2974 σοφίας
1673 2901 1766 2957 τοῦ

201 2999 398 3062 αίῶνος
423 2998 638 3064 τούτου,
666 2999 758 3052 καὶ
784 2998 1099 3069 φιλοσοφίας
1117 2995 1461 3070 ἀνθρωπίνης
1489 2993 1762 3066 ἐπιτριϐήο

1868 1812 1961 1866 bus
1997 1828 2253 1883 aquarum
2285 1812 2594 1867 multarum.
2639 1811 2914 1867 Mirabiles
2943 1814 3194 1869 elationes
3245 1818 3435 1882 maris,

1865 1905 2124 1960 mirabilis
2151 1906 2204 1960 in
2236 1904 2511 1960 altissimis
2564 1904 2841 1960 Dominus.
2901 1903 2959 1961 Si
3007 1907 3226 1963 ﬂumina
3281 1909 3438 1964 intel-

1865 1996 2112 2060 leximus,
2177 2011 2298 2067 qua:
2351 2012 2516 2068 super
2564 1997 2733 2068 gloria
2780 1999 2931 2069 regni
2985 1999 3196 2054 Domini
3245 2015 3434 2055 vocem

1866 2101 2020 2140 suam
2083 2086 2463 2154 elevaverunt;
2535 2087 2841 2141 econtrario
2889 2087 3263 2160 intelligantur
3325 2091 3435 2144 alia

1865 2175 2086 2230 ﬂumina
2119 2191 2238 2246 qua:
2274 2174 2472 2231 ﬂuctus
2491 2176 2732 2231 excitant
2752 2184 2806 2231 et
2839 2178 3092 2233 attollunt
3121 2190 3310 2234 contra
3333 2193 3432 2236 co-

1866 2267 2159 2337 gnitionem
2193 2266 2308 2332 Dei,
2338 2276 2500 2339 atque
2541 2269 2608 2326 iis
2629 2270 2881 2342 Opposita
2910 2286 3030 2341 quae
3062 2287 3248 2328 vocem
3275 2287 3433 2328 suam

1867 2358 1978 2414 Deo
2004 2359 2236 2414 elevant.
2272 2357 2399 2414 Haec
2420 2360 2602 2431 itaque
2631 2347 2904 2417 contraria
2935 2361 3179 2428 ﬂumina,
3207 2363 3438 2422 ﬂuctuso

1867 2447 2063 2517 inquit,
2110 2462 2240 2504 suos
2292 2448 2526 2517 tollunt;
2559 2449 2614 2505 id
2643 2459 2728 2506 est
2755 2465 2970 2506 omnem
3001 2452 3312 2517 elationem,
3348 2463 3438 2508 tu-

1866 2553 2074 2594 morem
2119 2545 2174 2594 et
2229 2539 2533 2596 allisionem
2585 2541 2903 2612 deponent:
2936 2541 3097 2613 idque
3150 2544 3353 2599 facient
3404 2561 3437 2599 a

1866 2644 2000 2684 voce
2029 2636 2343 2685 sanctarum
2378 2645 2662 2702 aquarum.
2696 2632 2810 2689 Hoc
2841 2649 3004 2705 porro
3041 2635 3247 2692 dictum
3272 2638 3437 2694 intel-

1867 2721 2026 2790 ligas,
2051 2722 2096 2776 si
2121 2722 2448 2794 perpendas,
2479 2724 2609 2778 olim
2647 2725 2790 2796 apud
2832 2725 3081 2783 homines
3120 2729 3439 2799 plerumque

1867 2814 2146 2870 exstitisse
2183 2817 2454 2887 specimen
2491 2817 2768 2888 sapientiae
2819 2819 2984 2889 hujus
3012 2821 3216 2884 saeculi,
3255 2831 3309 2876 et
3337 2821 3438 2876 hu-

1869 2919 2043 2960 mana:
2069 2907 2426 2978 philosophiae
2457 2909 2849 2980 arrogantiam,
2872 2925 2979 2982 qua
3018 2911 3188 2966 inﬂati
3214 2912 3438 2970 extolle-

1867 2995 2087 3062 bantur,
2120 3005 2174 3053 et
2216 3012 2249 3052 a
2301 3006 2481 3055 mente
2507 3001 2690 3056 carnis
2722 3016 2836 3056 sua:
2877 3003 3246 3072 erigebantur,
3278 3003 3437 3073 quasi

201 3091 290 3160 ἐφ’
307 3084 341 3165 ᾖ
358 3092 452 3144 καὶ
472 3091 736 3162 ἐπήροντο
752 3091 942 3158 φυσιού
950 3107 1098 3162 μενοι
1118 3089 1211 3144 καὶ
1240 3088 1641 3160 ἐπιτριϐόμενα
1659 3088 1764 3154 ὑπὸ

1869 3101 2093 3158 magnas
2143 3098 2198 3144 et
2249 3089 2522 3160 sapientes
2570 3090 2890 3162 disciplinas
2919 3093 3130 3148 adirent
3167 3094 3437 3166 sapientes

198 3181 298 3235 τοῦ
320 3182 436 3246 νοὸς
451 3183 546 3253 τῆς
564 3181 761 3253 σαρκὸς
776 3181 969 3234 αὐτῶν·
993 3180 1067 3245 ὡς
1088 3181 1150 3252 δὴ
1170 3181 1379 3252 μεγάλα
1392 3181 1511 3235 τινὰ
1525 3182 1618 3236 καὶ
1633 3181 1772 3251 σοφὰ

204 3270 504 3344 μαθήματα
534 3272 918 3344 μετερχόμενοι
947 3273 996 3325 οἱ
1027 3273 1180 3342 σοφοὶ
1205 3272 1298 3324 τοῦ
1326 3272 1518 3335 αἰῶνος
1559 3271 1768 3327 τούτου.

193 3363 335 3416 Ὀτε
363 3380 425 3432 γε
459 3364 563 3434 μὴν
597 3364 676 3426 εἰς
707 3363 886 3416 πᾶσαν
925 3362 1024 3434 τὴν
1058 3362 1161 3433 γῆν
1188 3363 1316 3432 παρ’
1339 3361 1562 3432 Ἕλλησί
1587 3378 1648 3414 τε
1677 3361 1772 3415 καὶ

202 3454 354 3526 παρὰ
377 3454 670 3526 βαρϐάροις
694 3452 1121 3525 ἐκκλησίαιΘεοῦ
1154 3452 1503 3524 συνέστησαν,
1529 3451 1625 3523 τὴν
1640 3452 1771 3524 άλη-

201 3545 270 3618 θῆ
301 3546 488 3616 σοφίαν
521 3545 816 3617 μετιοῦσαι,
833 3547 925 3598 καὶ
943 3545 1040 3611 τὰς
1070 3544 1379 3617 πρεπούσας
1402 3544 1478 3616 τῷ
1491 3543 1608 3616 Θεῷ
1633 3541 1773 3610 δοξο-

200 3637 386 3708 λογίας
401 3656 459 3692 τε
474 3641 567 3693 καὶ
584 3639 902 3710 ὑμνολογίας
919 3655 1053 3692 ποτα
1060 3638 1224 3709 μηδὸν
1236 3639 1329 3692 καὶ
1350 3638 1486 3708 μετὰ
1527 3637 1771 3708 μείζονος

201 3733 296 3786 καὶ
315 3731 874 3804 πεπαρῤησιασμένης
891 3731 1016 3802 βοῆς
1030 3730 1465 3802 ἀναπέμπουσαι,
1482 3729 1771 3801 κατῶσπερ

202 3821 410 3875 ὑδάτων
441 3820 648 3874 πολλῶν
696 3821 878 3893 φωνὴν
919 3819 1008 3874 διὰ
1032 3819 1092 3873 τὺ
1131 3819 1334 3890 πλῆθος
1378 3817 1770 3872 θεοσεϐούντων

201 3913 464 3983 ἀφιεῖσαι,
495 3911 555 3966 τὺ
574 3896 870 3982 τηνικαῦτα
895 3909 1172 3983 καθῃρέθη
1205 3910 1234 3962 ὁ
1263 3909 1430 3978 τῦφος
1468 3907 1578 3961 τῶν
1603 3908 1769 3962 πάλαι

205 4006 569 4078 νομιζομένων
597 4003 794 4074 σοφῶν,
821 4004 915 4058 καὶ
943 4005 1092 4058 πᾶσα
1121 4000 1298 4056 αὐτῶν
1331 3999 1584 4071 ἐπιτριϐὴ
1615 4016 1770 4053 τετα-

204 4097 485 4161 πείνωται,
531 4096 632 4166 τῆς
675 4095 864 4165 σοφίας
894 4093 1072 4148 αὐτῶν
1112 4093 1194 4157 είς
1221 4092 1374 4146 οὐδὲν
1406 4090 1765 4164 λογισθεῐσης.

205 4190 268 4242 El
293 4188 351 4241 δέ
379 4205 463 4252 τις
497 4187 717 4241 πώποτε
743 4185 1022 4257 ἐθαύμασε
1059 4184 1154 4238 καὶ
1193 4184 1294 4256 τῆς
1343 4182 1617 4254 θαλάσσης
1643 4183 1768 4247 τοὺς

207 4280 633 4352 μετεωρισμοὺς,
656 4280 750 4332 τοῦ
782 4278 896 4349 βίου
926 4267 1123 4349 δηλαδὴ
1162 4275 1256 4329 τοῦ
1291 4274 1486 4347 θνητοῦ
1522 4273 1620 4338 τὰς
1649 4291 1768 4344 τρι-

205 4371 408 4442 κυμίας
435 4369 528 4423 καὶ
559 4369 683 4432 τοὺς
710 4367 985 4429 κλύδωνας
1023 4366 1150 4429 τοῦς
1191 4363 1588 4436 ἐπαιρομένους
1630 4362 1770 4416 κατὰ

1872 3177 2036 3248 hujus
2067 3180 2273 3236 saeculi.
2305 3181 2374 3234 At
2404 3180 2622 3252 quando
2649 3198 2745 3254 per
2767 3183 2952 3239 orbem
2977 3185 3116 3255 apud
3151 3185 3367 3241 Graecos
3385 3194 3439 3242 et

1870 3269 2132 3327 barbaros
2160 3271 2406 3328 ecclesiae
2439 3271 2531 3328 Dei
2563 3275 2874 3329 constitutae
2916 3283 3064 3338 sunt,
3096 3290 3216 3345 quae
3254 3291 3434 3331 veram

1870 3361 2192 3431 sapientiam
2219 3362 2450 3428 adirent,
2477 3379 2541 3420 ac
2573 3363 2682 3421 Deo
2706 3365 2957 3422 decentes
2987 3365 3174 3422 laudes
3205 3374 3258 3422 et
3281 3367 3440 3437 bym-

1869 3466 1972 3506 nos
2021 3451 2170 3507 ﬂuxu
2213 3453 2446 3524 quodam
2479 3469 2543 3510 sc
2591 3469 2715 3510 cum
2770 3454 2976 3527 majore
3013 3465 3069 3512 et
3097 3457 3294 3513 ﬁducia
3323 3458 3437 3527 ple-

1869 3543 2025 3598 niore
2055 3557 2189 3598 voce
2211 3544 2543 3611 emitterent,
2571 3553 2645 3612 et,
2675 3545 2745 3600 ob
2772 3545 3172 3602 multitudinem
3211 3547 3437 3618 religio-

1870 3649 2056 3690 sorum
2101 3635 2402 3702 hominum,
2436 3637 2593 3707 quasi
2633 3651 2898 3707 aquarum
2928 3639 3221 3692 multarum
3251 3653 3439 3694 vocem

1869 3727 2122 3796 ederent;
2158 3735 2290 3783 tunc
2321 3729 2570 3786 sublatus
2597 3737 2684 3786 est
2709 3745 2896 3786 eorum
2933 3731 3027 3801 qui
3066 3731 3193 3785 olim
3221 3731 3440 3800 sapien-

1868 3824 1952 3874 tes
1994 3819 2407 3884 :estimabantur
2463 3828 2666 3887 tumor,
2710 3823 3000 3893 omnisque
3036 3822 3250 3878 illorum
3279 3835 3439 3876 arro-

1869 3910 2052 3980 gantia
2080 3909 2340 3982 depressa
2364 3921 2468 3978 est,
2499 3913 2647 3983 quod
2675 3914 2940 3984 sapientia
2989 3915 3177 3970 earum
3212 3927 3310 3983 pro
3353 3911 3442 3967 ni-

1866 4002 1980 4056 hilo
2033 4001 2340 4059 haberetur.
2387 4002 2545 4071 Quod
2595 4005 2642 4062 si
2700 4006 2824 4076 quis
2877 4021 3116 4076 unquam
3167 4005 3435 4064 elationes

1868 4094 2037 4149 maris
2089 4093 2391 4152 admiratus
2447 4096 2540 4162 sit,
2576 4096 2829 4152 videlicet
2874 4097 3122 4154 mortalis
3156 4097 3283 4153 vitae
3311 4113 3441 4168 pro-

1867 4185 2035 4240 cellas
2085 4193 2139 4241 et
2179 4185 2396 4254 ﬂuctus,
2436 4188 2529 4258 qui
2552 4196 2742 4243 contra
2763 4187 2856 4244 Dei
2877 4189 3241 4260 cognitionem
3265 4189 3441 4263 erige-

1867 4273 2102 4343 bantur;
2140 4277 2279 4333 sciat
2309 4277 2399 4332 ille
2433 4293 2545 4348 prae
2587 4279 2842 4332 omnibus
2872 4277 3174 4332 mirabilem
3202 4277 3255 4330 in
3285 4277 3439 4332 altis-

1869 4367 2024 4423 simis
2052 4383 2175 4423 esse
2221 4367 2543 4435 Dominum;
2577 4369 2652 4422 ita
2680 4379 2739 4422 ut
2764 4369 2800 4422 ii
2834 4369 2927 4438 qui
2958 4369 3014 4421 in
3046 4367 3275 4421 Domino
3303 4383 3437 4422 con-

205 4462 306 4532 τῆς
338 4459 590 4530 γνώσεως
620 4460 714 4514 τοῦ
745 4457 898 4512 Θεοῦ·
935 4456 1048 4510 ἀλλ’
1079 4456 1238 4521 ἴστω,
1279 4457 1360 4510 ὅτι
1393 4455 1532 4528 ὑπὲρ
1563 4453 1768 4517 πάντας

1874 4457 2067 4521 ﬁdunt,
2097 4473 2206 4512 non
2236 4457 2379 4512 ultra
2416 4458 2679 4514 elationes
2708 4458 2875 4512 maris
2899 4457 3023 4527 jure
3053 4458 3438 4526 pertimescere

202 4553 520 4625 θαυμαστός
546 4554 692 4605 ἐστιν
729 4551 786 4604 ἐν
818 4549 1040 4620 ὑψηλοῖς
1067 4549 1095 4601 ό
1127 4547 1438 4619 Κύριος-ὡς
1467 4546 1656 4618 μηκέτ’
1683 4546 1771 4598 εὑ⁴

203 4649 378 4716 λόγως
417 4647 543 4708 τοὺς
593 4643 1000 4718 μετεωρισμοὺς
1039 4640 1140 4711 τῆς
1174 4639 1446 4711 θαλάσσης
1493 4638 1770 4708 φοϐεῖσθαι

203 4741 314 4794 δεῖν
341 4740 466 4802 τοὺς
493 4738 584 4791 ἐπὶ
614 4736 691 4808 τῷ
713 4735 905 4806 Κυρίῳ
935 4732 1277 4796 πεποιθότας.
1304 4731 1462 4795 Εἰκὸς
1490 4731 1548 4785 δὲ
1574 4730 1774 4784 θαλάσ-

202 4848 306 4902 σης
334 4827 472 4883 εἶναι
505 4828 906 4901 μετεωρισμοὺς
926 4825 1051 4888 τοὺς
1074 4823 1534 4895 ἐπανισταμένους
1565 4827 1630 4894 τῇ
1661 4823 1774 4874 Ἑκ-

202 4922 408 4994 κλησία
464 4920 557 4974 τοῦ
605 4919 739 4973 Θεοῦ
789 4917 1100 4988 διωγμούς·
1153 4915 1246 4979 οὓς
1290 4917 1318 4969 ό
1358 4915 1456 4986 τὴν
1501 4915 1771 4969 θάλασσαν

205 5011 477 5068 κατοικῶν
507 5012 720 5084 δράκων
747 5011 986 5082 ἐνεργεῖν
1017 5007 1224 5072 εἴωθεν,
1255 5010 1283 5060 ό
1313 5006 1652 5078 μετεωρίζων
1675 5008 1772 5061 κύ-

207 5121 356 5177 ματα
377 5105 564 5174 αὐτῆς,
595 5101 810 5175 βομϐῶν
839 5119 898 5155 τε
921 5100 1014 5154 καὶ
1039 5099 1186 5170 ήχῶν
1213 5098 1308 5152 καὶ
1345 5098 1646 5169 ταράττων,
1679 5098 1772 5150 καὶ

205 5197 492 5269 μονονουχὶ
515 5194 752 5249 ἀπειλῶν
782 5197 960 5248 πᾶσαν
988 5192 1156 5265 ἄρδην
1189 5189 1545 5244 κατακλύσειν
1578 5207 1637 5244 τε
1677 5191 1772 5246 καὶ

204 5288 488 5358 ἀφανίσειν
509 5287 606 5360 τὴν
638 5285 959 5356 Ἐκκλησίαν
985 5285 1080 5338 τοῦ
1108 5283 1263 5337 Θεοῦ.
1297 5284 1482 5347 Είποις
1509 5283 1551 5336 δ’
1582 5282 1648 5336 ἂν
1679 5284 1773 5337 καὶ

210 5379 380 5444 Ξλλως
397 5380 532 5452 πρὸς
545 5379 687 5444 λέξιν
701 5378 873 5433 ταῦτα
886 5376 1260 5448 διηγούμενος,
1275 5375 1520 5447 ἐπαίρειν
1536 5375 1662 5438 τοὺς
1677 5392 1771 5428 πο-

210 5473 437 5543 ταμοὺς,
458 5473 654 5536 αὐτοὺς
671 5470 734 5543 δὴ
749 5471 967 5534 τούτους
983 5470 1110 5532 τοὺς
1124 5468 1433 5538 αἰσθητοὺς,
1463 5467 1561 5538 τὴν
1591 5465 1770 5538 φωνὴν

211 5561 385 5616 ιύτῶν
414 5561 491 5633 τῷ
515 5561 653 5633 Θεῷ,
693 5561 786 5616 τοῦ
813 5561 876 5634 δη
887 5556 1260 5633 μιουργοῦετοῦ
1275 5557 1339 5630 δὴ
1366 5557 1460 5612 καὶ
1490 5559 1770 5623 κτίσαντος

279 5721 323 5754 ³⁸
363 5690 521 5777 Joan.
556 5736 654 5784 vn,
701 5720 790 5775 38.

1871 4547 2122 4604 debeant.
2163 4545 2471 4603 Verisimile
2515 4555 2693 4602 autem
2723 4556 2808 4602 est
2836 4547 3099 4602 elationes
3127 4545 3296 4600 maris
3317 4560 3441 4602 esse

1870 4636 2279 4707 persecutiones
2331 4637 2386 4690 in
2420 4626 2720 4692 Ecclesiam
2766 4635 2862 4690 Dei
2907 4636 3271 4706 insurgentes,
3298 4649 3438 4704 quas

1870 4727 2108 4782 excitare
2139 4727 2276 4782 solet
2306 4727 2471 4781 draco
2503 4726 2591 4780 ille
2643 4727 2697 4779 in
2732 4726 2868 4780 mari
2909 4727 3183 4789 habitans,
3215 4724 3306 4795 qui
3335 4722 3440 4780 ﬂu-

1870 4828 1992 4874 ctus
2023 4819 2144 4889 ejus
2194 4819 2248 4872 in
2278 4819 2509 4875 sublime
2543 4820 2703 4883 tollit,
2752 4819 2901 4883 boat,
2947 4826 3103 4875 sonat
3128 4828 3183 4873 et
3217 4825 3440 4873 contur-

1870 4910 1984 4978 bat,
2031 4920 2241 4966 tantum
2295 4929 2404 4967 non
2458 4912 2819 4967 interminans
2869 4925 2927 4967 se
2983 4910 3283 4966 Ecclesiam
3339 4908 3438 4965 Dei

1872 5001 2262 5057 inundaturum
2319 5017 2383 5057 ac
2448 5000 2694 5056 funditus
2749 4989 3054 5056 deleturum
3111 5015 3254 5055 esse.
3315 4999 3438 5054 Alio

1869 5095 1998 5148 item
2051 5092 2211 5148 modo
2243 5093 2356 5147 haec
2387 5093 2453 5146 ad
2489 5093 2723 5146 litteram
2779 5105 3046 5146 enarrans
3101 5089 3305 5145 dixeris
3343 5090 3438 5142 ﬂu-

1872 5187 2019 5241 mina
2049 5186 2163 5240 haec
2197 5185 2474 5240 sensibilis
2504 5185 2716 5240 elevare
2748 5198 2932 5239 vocem
2974 5195 3126 5238 suam
3158 5179 3288 5241 Deo,
3314 5178 3436 5247 Opi-

1873 5278 1957 5333 ﬂci
1987 5293 2198 5347 nempe,
2225 5277 2315 5348 qui
2346 5291 2404 5332 se
2425 5276 2627 5330 creavit
2653 5283 2708 5331 et
2738 5276 3002 5332 exsistere
3040 5273 3186 5334 fecit,
3208 5266 3435 5340 gloriam

1870 5369 2177 5424 eﬂerentes.
2204 5365 2672 5434 Quemadmodum
2703 5366 2847 5421 enim
2872 5379 2938 5420 ex
2971 5357 3340 5431 magnitudine
3381 5359 3436 5408 et

1871 5462 2276 5532 pulchritudine
2325 5470 2696 5517 creaturarum
2736 5457 2917 5530 opifex
2960 5450 3325 5522 conspicitur;
3355 5444 3437 5500 sic

1871 5570 1935 5612 ex
1987 5555 2233 5627 partibus
2260 5555 2468 5625 mundi,
2502 5553 2823 5612 miraculum
2869 5546 3051 5620 magni
3100 5542 3194 5600 Dei
3233 5535 3436 5611 opiﬂcii
