3990 6202
556 295 686 351 H91

1224 294 1487 349 EUSEBII
1519 294 1999 352 CAESARIENSIS
2030 294 2179 351 OPP.
2222 295 2399 353 PARS
2435 297 2521 352 ill.
2558 328 2627 338 -—
2666 295 3077 353 EXEGETICA.

3648 299 3675 353 1
3688 298 3783 353 ωε

556 412 645 476 iis,
683 411 775 480 qui
806 409 1025 466 videndi
1067 411 1326 467 facultate
1366 412 1579 483 prtediti
1610 423 1757 477 sunt,
1791 414 2118 469 declaratur.

2226 416 2421 480 αὐτοὺς
2458 417 2551 470 καὶ
2596 414 3046 487 ὑποστησομένου
3072 415 3173 486 τὴν
3212 413 3370 481 δόξαν
3402 413 3780 485 ἐμφαίνοντας.

474 498 477 503 ’
557 502 612 558 Si
643 500 941 573 quis'enim
973 520 1159 561 secum
1211 512 1444 573 reputet,
1481 506 1626 560 unde
1667 507 1789 562 talis
1836 505 2119 561 ﬂuminum

554 596 731 650 ﬂuxus
783 594 1007 658 feratur,
1042 596 1183 652 unde
1239 603 1390 651 tanta
1425 596 1661 652 humida:
1697 598 2013 653 substantia:
2041 598 2121 653 vis

552 697 608 743 et
629 687 807 757 copia,
827 688 969 743 unde
1015 687 1191 744 fontes
1220 689 1296 742 illi
1318 690 1410 759 qui
1432 706 1460 744 a
1484 691 1687 745 saeculo
1725 705 2003 760 nunquam
2035 690 2124 746 de-

555 778 826 844 fecerunt,
867 780 958 849 qui
1002 781 1259 849 perennia
1291 793 1345 835 et
1377 781 1715 851 amplissima
1751 779 1977 834 ﬂumina
2007 795 2123 835 sca-

554 873 788 937 turiunt,
817 887 883 927 ex
919 873 1121 942 quibus
1169 872 1384 944 abyssis
1425 872 1694 937 oriantur,
1753 888 1818 928 ex
1852 888 1958 943 qua
1992 872 2123 927 sub-

554 965 769 1018 stantiae
802 965 959 1034 copia
991 980 1085 1035 per
1145 980 1306 1019 omne
1350 965 1610 1019 saaculum
1657 966 1857 1032 ﬂuant;
1898 965 1943 1022 si
1974 966 2120 1034 quis,

556 1058 801 1128 inquam,
840 1057 953 1110 haec
992 1056 1322 1119 consideret,
1356 1056 1403 1111 is
1439 1072 1571 1112 sane
1613 1056 1819 1111 videbit
1852 1057 1967 1111 haec
2001 1066 2124 1110 tan-

555 1158 671 1203 tum
722 1164 829 1204 non
864 1163 1053 1203 vocem
1098 1147 1367 1213 emittere,
1409 1162 1551 1217 qua),
1597 1164 1693 1219 per
1721 1148 1838 1219 ipsa
1875 1146 2120 1212 ﬂumina,

554 1244 821 1299 creatoris
868 1250 922 1297 et
962 1242 1176 1312 epiiieis
1228 1241 1612 1296 universorum
1662 1240 2122 1311 magniﬁcentiam

554 1336 813 1404 declaret,
858 1343 912 1390 et
961 1336 1081 1405 ejus
1123 1334 1381 1389 deitatem
1436 1334 1783 1390 testiﬁcetur.
1830 1330 1920 1387 Sic
1960 1346 2123 1405 porro

555 1430 819 1485 elationes
859 1428 1028 1483 maris
1080 1424 1437 1481 considerans
1483 1425 1774 1496 quispiam,
1808 1438 1917 1494 quo
1965 1433 2125 1494 pacto

557 1521 766 1577 scilicet
813 1520 1008 1576 ﬂuctus
1055 1521 1174 1589 ejus
1224 1518 1419 1574 tumidi
1454 1519 1511 1573 in
1554 1516 1786 1572 sublime
1825 1516 2121 1587 erigantur,

558 1627 730 1682 usque
762 1627 982 1666 rursum
1013 1609 1327 1673 decidentes
1360 1608 1420 1664 iu
1449 1606 1647 1678 seipsis
1679 1604 2023 1675 frangantur,
2069 1610 2125 1658 et

555 1702 830 1777 quomodo
864 1719 964 1759 nec
992 1703 1207 1774 possint
1236 1716 1338 1757 nec
1374 1699 1611 1755 audeant
1634 1697 1929 1753 terminum
1959 1703 2015 1751 et
2046 1695 2126 1750 le-

2236 508 2326 572 Ὠς
2361 508 2469 579 γὰρ
2496 511 2559 561 ἐκ
2588 507 2852 579 μεγέθους
2877 508 2974 560 καὶ
3007 506 3267 576 καλλονῆς
3309 506 3624 577 κτισμάτων
3648 507 3680 559 ό
3697 522 3786 574 γε-

2224 614 2400 650 νεσιου
2408 597 2533 669 ργὺς
2548 596 2849 670 θεωρεῖται,
2866 596 2959 650 τὸν
2986 597 3148 651 αὐτὸν
3172 598 3371 666 τρόπον
3393 598 3456 649 ὲκ
3478 595 3591 650 τῶν
3614 596 3789 667 μερῶν

2224 688 2325 743 τοῦ
2360 690 2563 760 κόσμου
2607 690 2670 743 τὸ
2706 688 2891 761 θαῦμα
2932 688 3034 759 τῆς
3075 688 3169 742 τοῦ
3219 687 3354 742 Θεοῦ
3392 689 3789 760 μεγαλουργίας

2222 784 2334 845 τοῖς
2369 783 2501 854 όρᾷν
2540 781 2860 852 δυναμένοις
2905 781 3250 852 παρίσταται.
3280 782 3344 833 El
3372 780 3506 848 γοῦν
3537 797 3625 844 τις
3664 785 3789 852 παρ’

2223 873 2399 945 ἑαυτῷ
2418 874 2711 944 λογίσαιτο,
2730 874 2893 928 πόθεν
2914 875 3021 945 ἄρα
3041 873 3261 945 φέρεται
3273 873 3564 945 ητοσαύτη
3577 874 3692 927 76w
3708 890 3791 927 πο-

2221 968 2413 1039 ταμῶν
2438 966 2598 1038 φορὰ,
2620 966 2782 1020 πόθεν
2809 964 2878 1020 τὰ
2902 966 3137 1020 τοσαῦτα
3163 966 3365 1038 μεγέθη
3392 967 3489 1020 καὶ
3520 966 3590 1020 τὰ
3616 967 3788 1039 πλήθη

2221 1060 2322 1129 τῆς
2342 1061 2514 1132 ὑγρᾶς
2531 1059 2738 1124 οὐσίας,
2760 1058 2923 1113 πόθεν
2944 1060 3000 1112 αἱ
3019 1058 3153 1130 μηδὲ
3170 1057 3385 1112 πώποτε
3406 1058 3464 1124 ἐξ
3478 1058 3797 1123 αἰῶνοςδια-

2222 1151 2473 1222 λείψασαι
2509 1151 2708 1221 πηγαὶ,
2739 1151 2796 1205 αἱ
2823 1150 2948 1213 τοὺς
2985 1149 3244 1214 ἀεννάους
3273 1150 3373 1203 καὶ
3411 1150 3795 1221 παμμεγέθεις

2225 1242 2482 1314 βρύουσαι
2527 1242 2836 1315 ποταμούς
2872 1242 2981 1296 ἀπὸ
3023 1242 3191 1295 ποίων
3219 1238 3327 1313 ἆρα
3368 1241 3543 1312 βυθῶν
3574 1243 3791 1315 ὁρμῶν-

2222 1354 2332 1403 ται,
2368 1337 2461 1391 καὶ
2485 1339 2550 1392 ἐκ
2574 1337 2734 1400 ποίας
2760 1336 3106 1398 ὑποστάσεως
3130 1335 3223 1388 τὸν
3255 1336 3544 1407 σύμπαντα
3573 1337 3795 1409 ῥέουσιν

2224 1429 2426 1488 αἰῶνα·
2471 1432 2525 1485 ετ
2563 1448 2648 1494 τις
2690 1428 2863 1484 ταῦτα
2909 1430 3231 1500 ἐννοήσειεν,
3280 1428 3474 1498 ὄψεται
3505 1429 3579 1493 ὡς
3632 1448 3792 1501 μονο-

2224 1528 2373 1599 νουχὶ
2405 1526 2586 1597 φωνὴν
2617 1526 2830 1595 ἀφίησι,
2872 1524 3025 1595 καὶή
3058 1522 3144 1576 διὰ
3169 1521 3277 1577 τῶν
3306 1521 3571 1591 ποταμῶν
3613 1520 3791 1578 αὐτῶν

2223 1619 2287 1690 δὴ
2314 1617 2516 1671 τούτων
2558 1613 2935 1687 παρισταμένη
2968 1612 3062 1666 τοῦ
3095 1611 3311 1666 κτίστου
3343 1610 3438 1663 καὶ
3461 1608 3788 1680 δημιουργοῦ

2221 1706 2330 1761 τῶν
2376 1706 2512 1760 ὅλων
2557 1703 2948 1778 μεγαλουργία,
2981 1699 3333 1775 μαρτυροῦσα
3366 1704 3434 1772 τῇ
3480 1700 3655 1755 αὑτοῦ
3685 1700 3791 1752 θεό-

557 1811 678 1867 gem
707 1794 814 1849 sibi
843 1793 1121 1849 deﬁnitam
1144 1788 1524 1862 praetergredi;
1557 1787 1684 1843 hinc
1715 1802 1850 1845 sane
1875 1786 1969 1842 Dei
2002 1800 2119 1839 ma-

2226 1817 2358 1871 τητι.
2389 1797 2543 1852 Οῦτω
2583 1797 2641 1850 δέ
2669 1797 2763 1850 καὶ
2793 1796 2918 1860 τοὺς
2950 1794 3359 1868 μετεωρισμοῦς
3388 1793 3493 1861 τῆς
3523 1794 3792 1864 θαλάσσης

564 1890 892 1963 gniﬁcentize
923 1889 1031 1943 vim
1065 1884 1450 1956 deprehendet.
1485 1882 1617 1937 Nam
1660 1882 1738 1936 illi
1783 1880 1969 1943 edixit,
2014 1878 2124 1933 llu-

556 1994 765 2048 cusque
795 1978 1003 2041 venies,
1053 1983 1107 2029 ct
1148 1975 1203 2028 in
1233 1983 1288 2029 te
1332 1979 1688 2028 conterentur
1732 1969 1931 2025 ﬂuctus
1961 1970 2121 2036 tui",

556 2070 960 2137 terminumque
992 2067 1097 2137 ipsi
1136 2066 1341 2134 posuit,
1379 2079 1541 2133 quem
1576 2077 1685 2116 non
1715 2060 2125 2133 praetergredie-

550 2170 667 2223 tur,
721 2173 896 2229 neque
938 2164 1292 2211 convertetur
1333 2154 1399 2207 ad
1442 2153 1791 2223 operiendam
1838 2150 2121 2209 terram“.

556 2252 759 2307 Praeter
797 2266 861 2307 ea
889 2264 1020 2305 vero
1067 2255 1187 2320 qua).
1240 2262 1403 2318 supra
1446 2245 1888 2310 memoravimus,
1926 2244 2126 2299 dixerit

548 2346 850 2418 quispiam,
906 2353 1036 2396 tunc
1091 2340 1368 2394 mirabiles
1421 2337 1591 2393 fuisse
1644 2336 1909 2391 elationes
1957 2336 2125 2392 maris

546 2453 681 2494 «cum
710 2436 1031 2491 accedentes
1052 2432 1305 2503 discipuli
1334 2430 1590 2485 dixerunt
1610 2429 1683 2492 ei,
1703 2428 1946 2494 Domine,
1977 2429 2125 2483 salva

555 2545 675 2593 nos,
698 2527 928 2595 perimus
953 2525 996 2556 ιι
1024 2539 1039 2577 :
1069 2521 1289 2594 quando
1322 2521 1608 2592 imperavit
1636 2520 1761 2591 ipsi,
1798 2527 1853 2574 et
1871 2518 2016 2573 facta
2040 2526 2127 2575 est

557 2620 928 2691 tranquillitas
967 2631 1183 2687 magna.
1236 2613 1304 2668 Et
1333 2613 1467 2668 alias
1512 2613 1709 2668 iterum
1755 2626 1880 2666 cum
1911 2610 2127 2665 Domini

550 2714 713 2783 jussu
753 2711 987 2766 divisum
1039 2709 1093 2762 in
1154 2719 1322 2775 seque
1369 2706 1487 2774 ipso
1520 2703 1781 2759 secedens
1823 2716 1887 2756 ac
1926 2701 2129 2756 distra-

558 2818 732 2870 ctum,
778 2805 1068 2859 transitum
1112 2800 1346 2872 praebuit
1392 2799 1518 2854 ﬂliis
1548 2797 1745 2862 Israel,
1772 2803 1830 2850 ut
1866 2811 1966 2867 per
1993 2794 2128 2849 illud

557 2902 715 2972 quasi
762 2915 861 2970 per
892 2898 1104 2952 aridam
1149 2905 1351 2949 terram
1385 2895 1727 2966 praeterirent
1759 2912 1773 2948 :
1805 2900 1939 2947 tunc
1979 2891 2126 2946 enim

558 2994 839 3051 mirabiles
868 2992 1089 3046 fuerunt
1115 2989 1380 3044 elationes
1411 2988 1550 3058 ejus.
1585 2987 1700 3040 lmo
1719 2986 1879 3040 etiam
1903 2983 2127 3038 ﬂumina

554 3085 666 3138 alio
691 3083 852 3137 modo
884 3092 1073 3135 vocem
1107 3080 1475 3140 elevaverunt,
1504 3077 1724 3149 quando
1749 3089 1875 3129 arca
1901 3089 1997 3144 per
2010 3072 2128 3127 Jor-

2221 1889 2362 1961 ὁρῶν
2387 1904 2492 1952 τις,
2535 1888 2611 1951 ὼς
2650 1887 2935 1957 ἐπαίρεται
2977 1885 3318 1958 κυρτούμενα
3347 1886 3523 1957 αὐτῆς
3552 1887 3635 1949 είς
3668 1885 3791 1955 ὕψος

2221 1981 2289 2035 τὰ
2321 1980 2559 2051 κύματα,
2585 1980 2678 2032 καὶ⁵
2703 1979 2780 2043 ὡς
2807 1979 2967 2033 πάλιν
2991 1978 3166 2033 ταῦτα
3192 1978 3579 2050 συμπίπτοντα
3616 1980 3677 2031 ἐν
3699 1978 3789 2031 αὐ-

2222 2074 2333 2135 τοῖς
2366 2070 2659 2143 θραύεται,
2709 2070 2803 2124 καὶ
2857 2070 2935 2134 ὡς
2965 2071 3028 2124 οὐ
3074 2070 3293 2125 δύναται
3329 2070 3450 2123 οὐδὲ
3485 2070 3668 2141 τολμᾷ
3707 2069 3788 2123 τὸν

2221 2165 2345 2237 ὅρον
2380 2163 2476 2217 καὶ
2517 2163 2609 2216 τὸν
2661 2162 2824 2233 νόμον
2864 2162 3162 2234 ὑπερϐῆναι
3203 2162 3293 2216 τὸν
3325 2163 3513 2224 αὐτοῇ
3554 2162 3790 2215 διατετα-

2222 2255 2445 2326 γμένον,
2471 2255 2656 2325 δψεται
2693 2255 2788 2308 καὶ
2811 2253 2898 2307 διὰ
2921 2254 3238 2327 τούτωνξτῆς
3273 2252 3369 2307 τοῦ
3389 2252 3531 2307 Θεοῦ
3565 2254 3787 2325 μεγαλο-

2224 2347 2487 2420 πρεπείας
2507 2346 2603 2418 τὴν
2631 2347 2876 2418 δύναμιν.
2906 2343 3042 2400 Εἷπε
3062 2345 3192 2415 γοῦν
3216 2347 3375 2417 αὐτῇ,
3405 2347 3590 2418 Μέχρι
3613 2346 3787 2401 τούτου

2224 2437 2438 2509 ἐλεὺσῃ,
2487 2438 2582 2491 καὶ
2613 2438 2671 2490 ἐν
2706 2439 2788 2490 σοὶ
2823 2437 3273 2509 συντριϐήσονταί
3313 2454 3408 2490 σου
3452 2438 3529 2492 τὰ
3559 2438 3785 2508 κύματα,

2224 2530 2318 2583 καὶ
2362 2530 2508 2601 ὃριον
2553 2529 2689 2600 αὐτῇ
2741 2527 2913 2593 ἔθετο,
2965 2530 3059 2583 καὶ
3093 2529 3190 2599 οὐχ
3241 2529 3645 2601 ὑπερϐήσεται,
3680 2529 3789 2583 οὒᾶ

2226 2621 2542 2693 ἐπιστρέψει
2577 2621 2814 2691 καλῦψαι
2827 2622 2925 2693 τὴν
2963 2621 3091 2691 γῆν.
3132 2621 3544 2692 Καὶέτέρωςδὲ
3569 2622 3791 2695 παρὰτὰ

2225 2715 2489 2786 εἰρημένα
2521 2714 2665 2768 εἴποι
2690 2713 2756 2768 ἄν
2774 2731 2859 2778 τις
2886 2712 3232 2785 θαυμαστοὺς
3263 2707 3406 2767 εἶναι
3423 2715 3558 2779 τοὺς
3598 2732 3793 2787 μετεω-

2224 2808 2454 2880 ρισμοὺς
2466 2808 2564 2879 τῆς
2584 2806 2877 2878 θαλάσσης,
2902 2806 3138 2876 ὁπηνίκα
3157 2805 3551 2878 προσελθόντες
3564 2810 3615 2861 oi
3632 2808 3796 2878 μαθη-

2224 2899 2315 2952 ταὶ
2333 2894 2492 2952 εἶπαν
2518 2897 2685 2969 αὐτῷ,
2706 2899 2904 2966 Κύριε,
2932 2896 3147 2952 σῶσον
3172 2895 3350 2966 ἡμᾶς,
3369 2899 3791 2969 ἀπολλύμεθα·

2225 2988 2315 3041 ὅτε
2336 2989 2429 3042 καὶ
2444 2987 2771 3059 ἐπετίμησεν
2791 2988 2951 3059 αὐτῇ,
2972 2987 3068 3041 καὶ
3112 2986 3304 3054 γέγονε
3324 2989 3539 3059 γαλήνη
3572 2987 3792 3058 μεγάλη.

2227 3079 2340 3132 Καὶ
2386 3079 2572 3133 ἄλλοτε
2611 3078 2791 3143 πάλιν,
2840 3080 2929 3133 ὅτε
2971 3078 3053 3149 τῷ
3091 3078 3186 3133 τοῦ
3225 3078 3435 3150 Κυρίου
3470 3078 3796 3149 κελεύσματι

546 3178 755 3231 dancm
792 3182 1134 3237 transeunte,
1170 3171 1496 3227 secedebant
1525 3185 1679 3241 aquae
1706 3176 1761 3224 et
1796 3168 2032 3229 stabant,
2065 3181 2124 3220 re

2226 3170 2574 3243 διαιρεθεῖσα,
2618 3173 2711 3226 καὶ
2739 3173 2819 3236 είς
2849 3171 3045 3243 ἑαυτὴν
3076 3172 3337 3226 διαστᾶσα
3376 3171 3475 3225 καὶ
3513 3170 3796 3241 ἀναχωρῇ.

550 3267 676 3337 ipsa
705 3266 930 3336 gloriam
969 3263 1062 3319 Dei
1104 3263 1421 3325 clamantes,
1481 3271 1535 3316 et
1583 3260 1803 3331 quando
1845 3259 1964 3329 ipso
1996 3258 2125 3313 Ser-

555 3365 746 3410 vatore
781 3357 835 3409 in
885 3354 1074 3409 eodem
1119 3352 1339 3406 ﬂumine
1387 3351 1683 3421 baptizato,
1735 3349 1977 3406 caelestis
2018 3365 2124 3404 vox

557 3451 735 3521 ipsum
774 3445 975 3501 Filium
1004 3460 1127 3501 esse
1143 3434 1399 3499 dilectum
1434 3442 1502 3497 ad
1527 3443 1770 3496 omnium
1792 3456 1955 3497 aures
1981 3456 2123 3511 prae-

556 3544 786 3597 dicaret.

2231 3279 2403 3325 σασα,
2445 3262 2681 3333 παρέσχε
2712 3261 2880 3315 δίοδον
2912 3264 3023 3326 τοῖς
3053 3264 3189 3326 υἱοῖς
3219 3261 3439 3332 Ἰσραὴλ
3479 3261 3711 3315 διελθεῖν
3736 3261 3795 3313 δι’

2230 3354 2399 3425 αὐτῆς
2427 3354 2503 3418 ὡς
2551 3355 2637 3409 διὰ
2671 3355 2838 3426 ξηρᾶς
2881 3355 3005 3424 γῆς.
3040 3356 3149 3408 Καὶ
3190 3354 3310 3407 τότε
3339 3353 3449 3423 γὰρ
3502 3349 3800 3422 θαυμαστοὶ

2230 3447 2517 3515 γεγόνασιν
2548 3446 2714 3517 αὐτῆς
2748 3447 2798 3499 οἱ
2834 3445 3216 3518 μετεωρισμοε.
3262 3444 3338 3498 Οὐ
3392 3444 3498 3513 μὴν
3530 3442 3666 3496 ἀλλὰ
3706 3452 3800 3497 και

2225 3538 2277 3589 οἱ
2325 3538 2560 3609 ποταμοὶ
2605 3538 2819 3610 ἐπῆραν
2860 3539 3043 3609 φωνὴν
3082 3538 3316 3609 ἑτέρως,
3355 3539 3442 3590 ὅτε
3482 3538 3515 3604 ἡ
3564 3532 3799 3593 κιϐωτὸς

552 3632 693 3705 διῄει
746 3633 836 3686 τὸν
902 3629 1192 3701 Ἰορδάνην,
1264 3627 1602 3697 ὑπανεχώρει
1650 3644 1711 3680 τε
1751 3629 1842 3681 καὶ
1888 3627 2070 3680 ἵστατο
2113 3626 2181 3680 τὰ
2219 3627 2384 3683 ὕδατα
2429 3629 2613 3701 ἔργοις
2664 3631 2762 3701 τὴν
2816 3629 2971 3695 δόξαν
3022 3629 3299 3684 ὲκϐοῶντα
3341 3628 3429 3681 τοῦ
3480 3625 3643 3678 Θεοῦ·
3694 3620 3793 3676 καὶ

555 3728 665 3791 ὅτε,
704 3724 870 3781 αὑτοῦ
911 3724 1006 3778 τοῦ
1039 3723 1289 3794 Σωτῆρος
1323 3720 1707 3791 βαπτισθέντος
1754 3723 1811 3775 ἐν
1853 3721 1930 3792 τῷ
1979 3719 2126 3791 αὐτῷ
2162 3722 2408 3795 ποταμῷ,
2442 3726 2475 3795 ἡ
2539 3724 2788 3797 οὐράνιος
2815 3724 2964 3796 φωνὴ
2999 3724 3127 3778 Υίὸν
3163 3723 3324 3777 αὐτὸν
3372 3718 3643 3790 ἀγαπητὸν
3710 3718 3798 3781 εἰς

556 3821 656 3881 τὰς
687 3817 900 3869 πάντων
928 3814 1095 3877 ἀκοὰς
1118 3815 1470 3886 ἀνεκήρυττε.

608 3909 798 3971 Natis.
830 3908 883 3962 3.
927 3906 1252 3960 Testimonia
1285 3906 1557 3959 credibilia
1592 3905 1735 3974 facta
1772 3915 1895 3959 sunt
1928 3908 2076 3963 valde
2106 3924 2125 3962 :

556 4004 771 4054 domum
799 4008 942 4051 tuam
965 3997 1107 4052 decet
1135 3997 1457 4060 sanctitudo,
1487 3996 1730 4061 Domine,
1762 3998 1816 4051 in
1841 3998 2127 4069 longitudi-

557 4107 675 4146 nem
702 4090 926 4144 dierum.
959 4088 1262 4159 Prophetia:
1296 4089 1629 4153 futurorum,
1662 4090 1717 4142 in
1747 4090 1946 4159 quibus
1976 4090 2128 4145 testi-

558 4184 743 4239 monia
792 4181 859 4238 de
900 4197 1069 4252 regno
1118 4180 1329 4234 Domini
1384 4179 1722 4243 ferebantur,
1773 4189 1897 4236 ante
1944 4198 2127 4237 rerum

552 4282 836 4340 e’ventum,
878 4289 1187 4331 sermonum
1217 4272 1633 4328 credibilitatem
1663 4272 1904 4328 nondum
1941 4275 2128 4329 videre

2300 3902 2376 3959 Τὰ
2395 3902 2686 3972 μαρτύρια
2734 3899 3154 3967 ἐπιστώθησαν
3202 3898 3470 3968 σφόδρα·
3521 3895 3603 3963 τῷ
3656 3898 3800 3965 olm

2226 4009 2341 4046 σου
2373 3991 2582 4059 πρέπει
2607 3989 2891 4060 (ig—laeum,
2918 3989 3120 4057 Κύριε.
3156 3990 3244 4054 εὶς
3277 3987 3625 4057 μακρότητα
3655 3989 3794 4057 ἠμε-

2220 4080 2365 4150 ρῶν.
2417 4082 2482 4133 At
2531 4080 2658 4151 περὶ
2698 4079 2806 4132 τῶν
2842 4077 3142 4149 μελλόντων
3191 4080 3545 4149 προφητεῖαι,
3585 4077 3706 4130 καθ’
3734 4076 3800 4141 5.;

2224 4172 2480 4244 ἐφέροντο
2504 4171 2596 4225 καὶ
2619 4170 2675 4224 αἱ
2706 4170 2833 4240 περὶ
2859 4169 2956 4241 τῆς
2980 4168 3072 4222 τοῦ
3113 4168 3318 4238 Κυρίου
3349 4166 3629 4236 βασιλείας
3663 4182 3800 4237 μαρ-

2223 4266 2429 4337 τυρίαι,
2477 4263 2584 4337 πρὸ
2624 4262 2723 4332 τῆς
2761 4261 2868 4313 τῶν
2903 4260 3242 4332 πραγμάτιον
3288 4258 3601 4323 ἐκϐάσεως,
3652 4255 3799 4310 οὔπω

555 4370 830 4427 sinebant.
890 4368 1024 4422 Nam
1080 4374 1204 4438 post
1263 4372 1541 4430 eventum,
1608 4376 1660 4421 et
1716 4374 1840 4436 post
1892 4365 2124 4437 perfecta

2227 4352 2486 4422 παρεῖχον
2516 4350 2647 4421 ὁρᾷν
2689 4349 2751 4401 τὸ
2787 4348 2977 4401 πιστὸν
3023 4348 3129 4401 τῶν
3178 4346 3373 4415 λόγων.
3410 4348 3566 4400 Μετὰ
3604 4346 3662 4399 δὲ
3701 4347 3797 4416 τὴν

551 4476 746 4533 opera,
791 4468 923 4514 tunc
980 4475 1111 4514 sane
1152 4456 1467 4513 testimonia
1505 4453 1599 4509 Dei
1646 4435 1927 4510 credibilia
1984 4455 2124 4509 facta

2228 4442 2469 4505 ἔκϐασιν,
2486 4443 2580 4495 καὶ
2594 4440 2661 4494 τὰ
2676 4439 2763 4493 διὰ
2784 4439 2892 4493 τῶν
2912 4438 3087 4510 ἔργων
3109 4437 3512 4508 ἐπιτελὲσματα
3530 4435 3792 4506 inter:an

558 4528 710 4610 sunt.
743 4551 1020 4623 Siquidem
1050 4550 1160 4620 jam
1192 4548 1322 4604 olim
1351 4545 1493 4602 dicta
1527 4556 1581 4602 et
1615 4547 1974 4620 praenuntiata
2009 4544 2123 4600 fue-

2231 4535 2298 4587 τὰ
2329 4532 2601 4606 μαρτύρια
2647 4530 2741 4585 τοῦ
2783 4530 2937 4584 Θεοῦ.
2990 4529 3160 4583 Πάλαι
3213 4528 3310 4601 μὲν
3342 4528 3453 4600 γὰρ
3486 4530 3671 4600 εἴρητο
3705 4529 3791 4580 καὶ

558 4656 705 4712 rant,
738 4657 790 4701 et
812 4621 1019 4716 jamdiu
1054 4642 1512 4713 exspectabantur
1557 4656 1643 4704 ea,
1675 4649 1795 4712 qua“.
1828 4638 1895 4694 ad
1937 4637 2027 4693 Dei
2068 4639 2120 4692 in

2232 4627 2666 4699 προπεφήτευτο,
2697 4624 2762 4677 ἐκ
2799 4622 3010 4697 μακροῦ
3039 4639 3099 4675 τε
3146 4622 3515 4693 προσεδοκᾶτο
3559 4621 3632 4675 τὰ
3674 4621 3790 4691 περὶ

546 4752 751 4793 omnes
808 4713 994 4806 gentes
1047 4749 1275 4804 regnum
1323 4731 1667 4802 spectabant.
1725 4730 2119 4786 Testimonium

2226 4722 2323 4790 τῆς
2372 4719 2453 4781 εἰς
2484 4717 2701 4771 ἅπαντα
2730 4716 2799 4770 τὰ
2841 4715 2968 4787 ἔθνη
3018 4716 3112 4769 τοῦ
3151 4713 3284 4768 Θεοῦ
3328 4714 3646 4786 βασιλείας·
3681 4716 3790 4766 ἐπι-

560 4842 690 4881 vero
738 4805 871 4879 illud
916 4840 1080 4909 nunc.
1107 4808 1370 4880 credibile
1426 4820 1632 4876 factum
1684 4828 1787 4884 est,
1820 4836 1944 4876 cum
1986 4819 2121 4891 ipsis

2231 4810 2406 4882 στώθη
2436 4808 2492 4863 δὲ
2522 4809 2582 4863 τὸ
2616 4811 2796 4880 φῆσαν
2830 4806 2986 4862 τοῦτο
3011 4805 3306 4879 μαρτύριον
3346 4806 3466 4869 νῦν,
3493 4807 3584 4860 ὅτε
3617 4805 3785 4877 ἔργοις

550 4917 817 4987 cperibus
840 4916 1121 4986 impletum
1149 4916 1428 4971 oraculum
1454 4914 1720 4969 cernitur.
1755 4912 1820 4967 Et
1849 4914 1976 4967 olim
2001 4914 2125 4983 qui-

550 5009 684 5062 dem
727 5006 794 5061 de
825 5006 1055 5062 Domino
1078 4995 1394 5069 idicebatur,
1428 5005 1575 5076 quod
1620 5004 1870 5059 decorem
1913 5003 2124 5059 induis-

557 5104 674 5164 set;
713 5111 857 5151 nunc
896 5104 1074 5151 autem
1113 5096 1435 5151 conﬁrmato
1457 5112 1524 5151 ex
1563 5095 1820 5166 operibus
1850 5109 2124 5161 sermone,

558 5190 765 5245 veritas
795 5188 1164 5260 praedictionis
1193 5188 1467 5259 apparuit,
1502 5202 1626 5242 cum
1674 5194 1840 5242 exuta
1880 5186 1997 5250 Dei,
2040 5187 2126 5241 in-

552 5283 695 5340 duta
727 5282 867 5338 servi
902 5279 1098 5348 forma,
1135 5295 1199 5335 ac
1226 5294 1401 5349 usque
1445 5280 1511 5333 ad
1541 5285 1758 5350 turpem
1801 5291 2124 5347 progressus

558 5384 814 5437 mortem,
858 5378 1041 5442 postea
1076 5369 1313 5424 dedecus
1357 5368 1490 5422 illud
1537 5367 1790 5438 deposuit
1841 5366 2125 5434 induitque

551 5471 798 5532 paternae
838 5459 1024 5532 gloriae
1072 5458 1346 5522 decorem,
1392 5472 1560 5527 regno
1593 5457 1801 5511 scilicet
1840 5456 1893 5509 in
1942 5456 2126 5509 omnia

551 5565 684 5605 etim
727 5551 971 5627 emlestia
999 5557 1119 5605 tum
1162 5558 1378 5604 terrena
1408 5556 1727 5603 coronatus.
1772 5544 2126 5622 Rursumque

2227 4904 2417 4974 ὁρᾶται
2459 4901 2884 4973 πεπληρωμένον
2901 4898 2964 4952 τὸ
2995 4898 3193 4967 λόγιον.
3220 4898 3331 4952 Καὶ
3361 4898 3535 4952 πάλαι
3563 4898 3662 4968 μὲν
3684 4894 3786 4949 ἐλέ-

2228 5011 2355 5063 γετο
2407 4991 2658 5065 περὶτοῦ
2708 4991 2937 5062 Κυρίου,
2980 4989 3054 5055 ὼς
3095 4989 3204 5061 ἄρα
3256 4989 3594 5060 εὐπρέπειαν
3628 4983 3792 5041 ἐνεδύ-

2231 5101 2392 5139 σατο”
2425 5082 2521 5138 νῦν
2560 5083 2638 5147 δὲ,
2663 5082 3019 5153 πιστουμένου
3060 5079 3153 5133 τοῦ
3186 5080 3346 5150 λόγου
3389 5080 3456 5134 δι’
3484 5080 3667 5134 αὐτῶν
3694 5077 3790 5131 τῶν

2231 5176 2406 5248 ἔργων
2425 5216 2440 5240 ,
2464 5176 2701 5246 πέφηνεν
2728 5172 3005 5245 samem
3027 5175 3126 5244 τῆς
3153 5172 3515 5244 προρρήσεως
3532 5212 3549 5236 ,
3564 5173 3654 5226 ὅτε
3670 5172 3792 5224 ἁπο-

2229 5268 2525 5338 δυσὰμενος
2546 5264 2646 5337 τὴν
2678 5264 2771 5319 τοῦ
2805 5264 2941 5318 Θεοῦ
2972 5264 3209 5335 μορφὴν,
3242 5265 3334 5317 καὶ
3364 5263 3462 5335 τὴν
3492 5264 3590 5318 τοῦ
3618 5263 3790 5317 δούλου

2230 5358 2602 5433 περιθέμενος,
2620 5358 2714 5412 καὶ
2739 5356 2898 5428 μέχρι
2912 5372 2974 5425 γε
2990 5354 3084 5408 τοῦ
3105 5355 3388 5428 ἀπρεποῦς
3409 5355 3643 5412 θανάτου
3667 5353 3794 5424 φθά-

2233 5467 2351 5515 σας,
2390 5450 2526 5521 μετὰ
2565 5448 2737 5503 ταῦτα
2777 5448 2877 5520 τὴν
2906 5447 3006 5519 μὲν
3038 5448 3344 5520 ἀπρέπειαν
3378 5449 3588 5520 ταύτην
3615 5447 3798 5502 ἀποτέ-

2232 5541 2424 5607 θειται,
2454 5541 2740 5597 ἐνεδύσατο
2766 5541 2823 5598 δὲ
2857 5542 2956 5615 τῆς
2996 5542 3269 5614 πατρικῆς
3300 5541 3461 5613 δόξης
3484 5542 3588 5615 τὴν
3621 5538 3803 5611 εὐπρέ-

652 5705 709 5789 j’
734 5702 837 5761 Job
874 5720 1099 5771 xxxviii,
1137 5703 1224 5760 11.
1301 5702 1347 5736 ⁸⁰
1403 5701 1552 5759 Psal.
1586 5715 1702 5784 cm,
1732 5701 1786 5757 9.
1864 5698 1906 5730 δι
1983 5695 2170 5754 Malllt-
2210 5696 2437 5767 “11.35.
