3990 6202
298 310 437 372 1193

1379 299 1876 359 ΕΘΜΜΕΝΤΑΒῘᾹ
1915 299 1983 354 IN
2022 297 2352 355 I‘SAIJIOS.

3385 298 3520 356 1191

293 439 477 485 πειαν,
501 420 600 494 τὴν
629 421 769 476 κατὰ
808 421 1021 475 πάντων
1056 417 1346 491 βασιλείαν,
1373 416 1482 469 τῶν
1520 433 1578 469 τε
1604 416 1663 467 ὲν
1689 416 1855 484 οὐρα-

1969 412 2272 482 propheliea
2319 411 2628 466 testimonia
2660 409 3042 474 enuntiabant,
3085 408 3367 464 Dominum
3406 412 3523 467 vir-

296 514 409 574 νοῖς
435 509 662 564 καὶτῶν
704 510 796 563 ἐπὶ
838 511 941 578 γῆς
967 507 1392 578 ἀναδησάμενος.
1439 506 1547 558 Καὶ
1592 504 1752 557 πάλιν
1792 501 1860 555 τὰ

301 603 399 675 μὲν
428 602 737 673 προφητικά
773 600 1045 673 μαρτύρια
1079 600 1373 671 περιεῖχεν,
1399 597 1473 660 ὡς
1505 594 1861 665 ἐνδυσάμενος

296 694 527 764 δύναμιν
567 694 595 746 ὁ
640 693 858 764 Κύριος,
888 689 1187 762 έστερέωσε
1227 689 1326 761 τὴν
1368 686 1713 756 οἰκουμένην,
1739 685 1861 755 ἥτις

295 786 358 840 οὐ
387 784 795 855 σαλευθήσεται.
843 780 1145 851 Ἐπιστὼθη
1178 778 1232 832 δὲ
1263 776 1571 838 καὶταῦτα,
1605 775 1694 828 ὅτε
1724 774 1862 846 μετὰ

295 877 356 931 τὸ
380 874 569 941 πάθος,
593 874 692 945 τὴν
717 872 919 928 οἰκείαν
950 870 1232 926 ἀπολαϐὼν
1259 870 1502 940 δύναμιν,
1532 871 1589 922 ὲν
1619 869 1766 940 πάσῃ
1793 871 1860 940 τῇ

296 969 406 1022 τῶν
465 966 764 1039 ἀνθρώπων
821 965 1112 1035 οἰκουμένῃ
1172 964 1269 1035 τὴν
1327 963 1654 1034 Ἐκκλησίαν
1696 959 1862 1015 αὐτοῦ

300 1061 653 1132 ἐστερέωσεν,
685 1062 764 1122 εἰς
793 1059 854 1111 τὸ
900 1057 1096 1129 μηκέτι
1142 1055 1461 1108 σαλεύεσθαι
1511 1048 1613 1108 ὦδε
1639 1056 1864 1107 κάκεῖσε

294 1151 397 1216 τὰς
434 1152 541 1205 τῶν
573 1149 873 1223 ἀνθρώπων
910 1147 1087 1219 ψυχὰς
1120 1146 1248 1217 περὶ
1279 1145 1375 1218 τὴν
1421 1145 1578 1199 ἄθεον
1620 1144 1866 1199 δεισιδαι-

301 1244 489 1315 μονίαν
517 1242 889 1313 πλανωμένας.
916 1241 1025 1294 Καὶ
1054 1240 1215 1294 πάλιν
1241 1238 1309 1292 τὰ
1347 1240 1442 1310 μὲν
1473 1238 1561 1292 διὰ
1596 1238 1705 1291 τῶν
1734 1254 1866 1309 προ-

300 1334 483 1406 φητῶν
525 1332 797 1406 μαρτύρια
843 1333 1231 1404 προεφήτευον,
1263 1331 1339 1394 ὡς
1384 1330 1491 1400 ἄρα
1538 1330 1586 1382 οἰ
1633 1328 1865 1399 ποταμοί¹

298 1426 561 1499 ἑπαροῦσι
595 1425 775 1495 φωνὴν
817 1422 1016 1488 αὐτῶν,
1064 1423 1158 1476 καὶ
1201 1421 1347 1476 ἄλλοι
1394 1420 1629 1492 ποταμοὶ
1674 1420 1864 1491 άροῦσι

295 1517 393 1582 τὰς
443 1514 743 1585 ἐπιτρίψεις
775 1512 1010 1567 αὐτῶν·“
1036 1512 1129 1566 καὶ
1167 1511 1336 1565 ταῦτα
1375 1511 1432 1564 δὲ
1480 1510 1549 1564 τὰ
1595 1510 1866 1583 μαρτύρια

294 1605 591 1676 ὲπιστώθη,
632 1606 719 1658 ὅτε
737 1603 878 1659 κατὰ
901 1602 1080 1666 πάσας
1110 1602 1208 1667 τὰς
1255 1601 1577 1672 Ἑκκλησίας
1608 1600 1701 1654 τοῦ
1730 1601 1864 1655 Θεοῦ

296 1701 390 1752 καὶ
428 1698 547 1752 καθ’
573 1698 700 1767 ὅλης
739 1698 837 1767 τῆς
881 1695 1200 1767 οἰκουμένης
1238 1695 1305 1748 τὰ
1352 1694 1529 1765 πλήθη
1562 1694 1669 1746 τῶν
1709 1695 1864 1748 εὐσε-

1960 511 2076 557 tute
2106 503 2354 557 indutum
2386 505 2633 557 lirmasse
2674 504 2861 557 urbem
2893 510 3075 566 terrm,
3101 502 3195 571 qui
3236 516 3347 556 non
3378 502 3521 558 ultra

1960 594 2385 649 commovendus
2441 604 2605 649 esset.
2664 593 2868 648 Horum
2918 608 3081 663 porro
3133 595 3523 650 veritas’com‘

1960 685 2187 756 probata
2210 694 2315 747 est,
2357 700 2479 739 cum
2519 695 2639 754 post
2679 685 3012 756 passionem,
3053 686 3272 755 propria
3306 696 3524 757 recepta

1961 783 2181 840 virtute,
2216 793 2311 846 per
2340 785 2513 831 totum
2540 779 2723 832 orbem
2758 778 3054 831 Ecclesiam
3091 777 3322 832 firmavit
3345 793 3523 835 suam.

1962 879 2022 923 ut
2055 887 2161 925 non
2190 871 2329 923 ultra
2357 874 2833 925 commoverentur
2853 869 3101 925 humana:
3123 870 3336 930 animae.
3361 872 3525 941 impia
3577 884 3610 898 ·“

1963 960 2351 1030 superstitione
2383 960 2493 1013 huc
2530 960 2658 1015 illuc
2691 960 3031 1015 errabundas.
3068 960 3374 1030 lterumque
3401 976 3525 1030 pro.

1966 1052 2250 1122 plietarum
2298 1052 2614 1105 testimonia
2663 1052 3119 1121 przeuuntiabant,
3164 1049 3390 1105 flumina
3434 1066 3528 1105 vo-

1963 1156 2080 1197 cem
2112 1144 2410 1204 elevatura,
2454 1143 2670 1213 aliaque
2712 1140 2935 1196 flumina
2975 1141 3171 1196 fluctus
3204 1156 3334 1196 suos
3374 1141 3527 1197 exal-

1963 1240 2144 1286 tatura
2175 1249 2314 1289 esse.
2368 1232 2493 1287 Haec
2545 1241 2726 1287 autem
2783 1232 3094 1287 testimonia
3144 1246 3271 1287 vera
3309 1237 3525 1301 reperta

1965 1332 2114 1387 sunt,
2144 1339 2266 1379 cum
2302 1325 2359 1378 in
2388 1325 2639 1379 omnibus
2682 1323 2776 1378 Dei
2821 1322 3079 1379 Ecelesiis
3124 1338 3187 1378 ac
3219 1338 3315 1394 per
3349 1330 3527 1377 totum

1963 1417 2172 1482 orbem,
2213 1416 2510 1472 secundum
2549 1414 2923 1487 Evangelium,
2965 1424 3142 1470 cretus
3177 1416 3388 1484 piorum
3430 1428 3529 1469 vo-

1963 1523 2058 1562 ces
2081 1509 2376 1578 gratiarum
2407 1509 2661 1573 actionis,
2693 1523 2790 1578 per
2823 1508 3101 1562 orationes
3128 1514 3181 1562 et
3204 1509 3435 1579 hymnos
3458 1506 3527 1561 ad

1964 1596 2131 1651 Deum
2162 1598 2453 1652 emittunt:
2480 1598 2636 1667 queis
2669 1599 2745 1652 illi
2774 1599 2902 1652 olim
2934 1605 3273 1668 arrogantes,
3311 1599 3529 1668 sapien-

1968 1698 2050 1744 tes
2088 1688 2251 1758 hujus
2286 1689 2491 1753 sseculi,
2532 1689 2755 1756 sublati,
2791 1700 2846 1744 et
2881 1697 3063 1743 tumor
3090 1705 3279 1744 eorum
3311 1689 3531 1744 destru-

297 1788 534 1843 ϐούντων
580 1787 718 1841 κατὰ
765 1787 826 1839 τὸ
850 1786 1176 1855 Εύαγγέλιον
1221 1785 1434 1857 ἐπαίρει
1480 1784 1661 1853 φωνὰς
1706 1786 1865 1855 εὐχα-

1969 1789 2088 1836 ctus
2116 1789 2239 1847 est;
2267 1781 2338 1834 ita
2369 1788 2428 1834 ut
2456 1796 2645 1835 eorum
2679 1782 3021 1853 philosophia
3054 1797 3281 1853 prorsus
3320 1784 3531 1837 exstin-

302 1879 632 1951 ριστηρίους,
665 1879 762 1942 τὰς
789 1879 854 1932 δι’
893 1879 1065 1950 εὐχῶν
1093 1878 1186 1932 καὶ
1226 1876 1560 1947 ὑμνολογιῶν
1599 1876 1705 1929 τῶν
1732 1876 1866 1949 πρὸς

295 1965 390 2020 τὸν
420 1964 551 2019 Θεὸν
581 1964 1060 2037 ἀναπεμπομένας,
1090 1965 1177 2034 ὑφ’
1197 1958 1271 2018 ὧν
1300 1965 1350 2017 οἰ
1383 1964 1547 2018 πάλαι
1596 1966 1869 2036 ἐπιτριϐό-

302 2074 454 2130 μενοι
483 2058 636 2127 σοφοὶ
665 2057 759 2110 τοῦ
798 2057 992 2121 αἰῶνος
1019 2056 1209 2111 τούτου
1250 2057 1607 2128 κατῄρηνται,
1648 2058 1743 2111 καὶ
1768 2057 1867 2122 τὰς

295 2149 601 2221 ὲπιτρίψεις
659 2148 838 2204 αὐτῶν
880 2149 1169 2221 περιεῖλον,
1204 2150 1279 2214 ὼς
1314 2150 1491 2203 πᾶσαν
1531 2148 1711 2202 αὐτῶν
1741 2148 1866 2201 σϐει

296 2241 489 2313 σθῆναι
528 2239 625 2312 τὴν
677 2240 1008 2311 φιλοσοφίαν.
1039 2243 1193 2295 Κατὰ
1222 2241 1291 2295 τὰ
1344 2240 1483 2294 αὐτὰ
1522 2239 1579 2293 δὲ
1631 2240 1726 2293 καί
1769 2239 1869 2303 τὰς

293 2330 488 2396 λοιπὰς
537 2332 646 2386 τῶν
705 2330 1050 2403 πῳφητειῶν
1111 2333 1441 2404 προρρήσεις
1493 2328 1721 2396 διεξιὼν,
1782 2329 1867 2399 ἐφ’

298 2424 513 2494 ἑκάστῳ
537 2422 798 2494 άρμρσεις
841 2424 920 2489 τὸ,
957 2425 1031 2478 Τὰ
1059 2422 1350 2494 μαρτύριὰ
1381 2437 1498 2478 σου
1538 2421 1867 2489 ἐπιστώθη-

297 2532 421 2572 σαν
457 2515 709 2585 σφόδρα.
746 2517 809 2569 Αἰ
861 2516 959 2587 μὲν
1004 2511 1095 2569 οὖν
1139 2515 1246 2569 ἀπὸ
1289 2513 1396 2566 τῶν
1437 2512 1595 2566 θείων
1636 2511 1868 2585 Γραφῶν

300 2604 617 2677 μαρτυρίαι,
668 2603 871 2675 σφόδρα
919 2602 981 2657 τὸ
1031 2602 1223 2655 πιστὸν
1276 2602 1525 2673 εἰλήφασι
1557 2599 1642 2654 διὰ
1687 2600 1784 2671 τῆς
1810 2601 1868 2653 ὲν

296 2701 421 2761 ταῖς
442 2696 727 2750 ἰκϐάσεσιν
754 2695 1038 2766 ὀρωμένης
1068 2693 1323 2764 ἀληθείας
1342 2709 1355 2722 ·
1391 2692 1467 2762 τῷ
1491 2691 1548 2745 δὲ
1585 2691 1718 2762 οἴκῳ
1750 2708 1866 2755 σου,

295 2790 546 2845 τουτέστι
585 2789 651 2859 τῇ
709 2785 1003 2857 Ἐκκλησία
1030 2802 1146 2847 σου,
1194 2783 1342 2837 οὐδὲν
1382 2781 1524 2836 οὕτω
1553 2783 1752 2854 πρέπει
1790 2783 1870 2846 εἰς

299 2879 362 2932 τὸ
407 2876 768 2948 φυλάττεσθαι
812 2876 978 2947 αὐτὴν
1030 2878 1109 2940 είς
1162 2876 1476 2947 μακρότητα
1516 2872 1754 2946 ἡμερῶν,
1794 2873 1870 2938 ὡς

299 2969 598 3041 ἁγιωσύνῃ.
641 2968 728 3032 Ὦς
752 2966 861 3039 γὰρ
888 2969 1000 3031 τοῖς
1041 2966 1358 3039 μαρτυρίοις
1384 2983 1477 3019 σου
1507 2964 1684 3019 οἰκεία
1722 2964 1869 3017 ἐστὶν

299 3064 336 3135 ἠ
369 3060 597 3133 ἀλήθεια
628 3061 722 3114 καὶ⁵
749 3061 782 3131 ἡ
819 3059 1019 3123 πίστις,
1049 3058 1193 3111 οὕτω
1222 3058 1315 3111 καὶ
1341 3057 1419 3130 τῷ
1446 3057 1581 3127 οἴκῳ
1613 3073 1705 3109 σου
1736 3055 1869 3128 πρέ-

1967 1875 2055 1922 cta
2088 1868 2270 1923 fuerit.
2315 1868 2371 1922 Si
2407 1877 2586 1923 autem
2627 1870 2742 1938 pari
2777 1871 2938 1924 modo
2972 1872 3179 1939 reliqua
3221 1871 3532 1940 prophetia-

1968 1975 2087 2014 rum
2113 1962 2367 2015 vaticinia
2402 1976 2709 2031 percurras,
2745 1963 2974 2031 singulis
2996 1963 3207 2032 aptabis
3242 1962 3398 2028 illud,
3432 1962 3532 2016 Te-

1968 2053 2218 2106 stimonia
2255 2062 2348 2107 tua
2402 2054 2673 2107 credibilia
2720 2056 2866 2122 [acta
2918 2064 3041 2109 sunt
3106 2056 3275 2110 valde.
3340 2054 3533 2127 Itaque

1969 2144 2272 2200 divinarum
2331 2143 2739 2216 Scripturarum
2791 2147 3142 2213 testimonia,
3210 2163 3241 2203 a
3303 2148 3533 2203 veritate

1969 2245 2282 2302 eventuum,
2320 2237 2609 2292 admodum
2645 2234 2923 2293 credibilia
2951 2247 3262 2294 evaserunt.
3302 2238 3531 2294 Domum

1970 2344 2103 2384 vero
2141 2337 2313 2391 tuam,
2351 2328 2403 2382 id
2442 2335 2549 2391 est,
2580 2327 2877 2384 Ecclesiam
2917 2337 3087 2396 tuam,
3122 2330 3257 2384 nihil
3295 2338 3406 2385 tam
3438 2329 3532 2385 de-

1968 2426 2076 2484 cet,
2127 2428 2187 2472 ut
2235 2424 2292 2472 in
2346 2419 2741 2489 longitudinem
2793 2421 3003 2476 dierum
3047 2431 3313 2489 servetur,
3366 2438 3532 2494 quam

1969 2511 2298 2567 sanctitudo.
2326 2510 2482 2564 Sicut
2513 2512 2657 2565 enim
2691 2513 3018 2568 testimoniis
3046 2515 3154 2570 tuis
3188 2515 3406 2586 propria
3441 2532 3535 2571 vc-

1968 2605 2103 2659 ritas
2125 2613 2210 2658 est
2229 2612 2282 2657 et
2307 2602 2475 2671 fides;
2500 2603 2574 2656 ita
2601 2604 2819 2659 domum
2842 2613 2987 2663 tuam
3010 2605 3163 2661 decet
3182 2607 3530 2664 sanctitudo:

1969 2696 2072 2750 sub
2103 2695 2263 2765 cujus
2290 2696 2461 2750 tutela
2489 2702 2671 2750 manet
2702 2702 3103 2766 et'perseverat
3149 2700 3201 2753 in
3236 2699 3533 2770 longitudi-

1968 2802 2094 2841 nem
2124 2786 2358 2841 dierum.
2394 2785 2527 2841 Nam
2560 2786 2606 2841 si
2641 2787 2858 2858 quando
2896 2788 3176 2859 contingat
3207 2789 3445 2845 dedecus
3476 2790 3535 2846 in

1970 2876 2134 2933 domo
2175 2884 2268 2931 tua
2305 2877 2555 2948 reperiri,
2590 2893 2654 2931 ac
2700 2880 2820 2933 loco
2852 2879 3183 2945 sanctitatis,
3214 2880 3530 2951 profanum.

1970 2968 2242 3039 impurum
2309 2983 2371 3022 ac
2447 2969 2838 3025 exsecrandum
2892 2970 3105 3027 facinus
3171 2968 3531 3043 deprehendi;

1971 3061 2088 3116 ﬁeri
2120 3071 2298 3117 tamen
2331 3062 2518 3132 nequit
2549 3071 2607 3115 ut
2634 3063 2766 3119 illud
2794 3065 2847 3117 in
2888 3063 3282 3136 longitudinem
3321 3065 3534 3121 dierum

301 3168 396 3208 πει
433 3152 741 3223 ἁγιωσύνηο
773 3152 863 3221 ὐφ’
891 3145 959 3222 ἧς
992 3149 1391 3221 φυλαττόμενος
1442 3148 1593 3220 μένει
1637 3147 1732 3201 καὶ
1771 3163 1867 3201 πα-

1976 3161 2308 3224 perseveret.
2343 3152 2556 3207 Etenim
2587 3154 2656 3217 si,
2686 3153 2831 3224 quod
2867 3155 3048 3210 absit!
3083 3155 3341 3239 indecens
3382 3154 3537 3227 quid-

304 3248 531 3320 ραμενεϊ
568 3246 648 3309 εἰς
683 3242 994 3315 μακρότητα
1024 3241 1264 3314 ἡμερῶν.
1310 3242 1373 3295 Εἰ
1422 3240 1529 3312 γάρ
1561 3257 1691 3293 ποτε
1729 3256 1867 3310 συμ-

1977 3245 2121 3316 piam
2147 3253 2202 3300 et
2233 3246 2469 3300 alienum
2496 3245 2551 3299 in
2592 3245 2755 3300 domo
2784 3245 2879 3301 Dei
2913 3243 3372 3318 deprehendatur,
3402 3264 3537 3305 sane

301 3337 431 3410 ϐαίη
489 3338 790 3410 ἀπρέπειαν
833 3336 891 3387 ἐν
944 3334 1021 3407 τῷ
1080 3336 1217 3405 οἴκῳ
1274 3351 1365 3388 σου
1416 3333 1723 3406 εὑρεθῆναι,
1776 3334 1867 3386 καὶ

1976 3334 2120 3391 Deus
2144 3336 2199 3390 in
2224 3335 2340 3406 ipsa
2369 3336 2644 3402 habitans,
2674 3338 2767 3409 qui
2798 3347 3022 3395 sanctus
3053 3348 3137 3396 est
3168 3350 3219 3397 et
3246 3342 3300 3396 in
3330 3343 3536 3400 sanctis

300 3432 423 3486 ἀντὶ
454 3431 789 3501 ἀγιάσματος
824 3427 1067 3500 βέϐηλον,
1096 3429 1190 3480 καὶ
1218 3425 1546 3498 ἀκάθαρτον.
1569 3425 1664 3478 καὶ
1698 3440 1867 3495 μυσα-

1976 3427 2293 3498 requiescit,
2328 3428 2494 3493 dicet,
2540 3427 2673 3483 Ecce
2711 3430 3034 3501 relinquetur
3055 3431 3197 3487 vobis
3228 3433 3413 3488 domus
3451 3449 3538 3489 ve-

303 3520 651 3601 ράνιπρᾶξιν,
680 3520 858 3574 οὐκέθ’
878 3518 987 3573 οἶόν
1013 3535 1073 3572 τε
1111 3518 1242 3573 αὐτὸ
1274 3520 1351 3581 εἰς
1394 3518 1709 3591 μακρότητα
1732 3520 1867 3590 ἠμε-

1974 3528 2090 3574 stra
2127 3518 2334 3574 deserta
2351 3520 2417 3576 δ’.
2453 3522 2817 3587 Quamobrem
2847 3539 2948 3579 nos
2971 3524 3039 3594 ⁸ἱιι
3071 3526 3289 3580 domum
3321 3525 3415 3581 Dei
3452 3527 3537 3582 in-
3612 3572 3629 3586 .

304 3611 416 3685 ρῶν
442 3611 731 3683 διαμένειν.
776 3611 924 3682 Ἐρεῖ
965 3608 1073 3681 γὰρ
1111 3611 1139 3663 ὁ
1166 3611 1223 3661 ὲν
1254 3608 1403 3679 αὐτῷ
1434 3607 1705 3662 κατοικῶν
1736 3607 1867 3670 Θεὸς

1972 3625 2212 3681 gressus,
2240 3626 2350 3681 prae
2376 3613 2630 3670 omnibus
2669 3621 2723 3669 et
2760 3630 2927 3685 super
2963 3616 3145 3671 omnia
3176 3619 3454 3675 sanctitati
3480 3626 3538 3676 et

302 3705 458 3772 ἅγιος
485 3702 561 3757 ὢν
578 3703 670 3756 καὶ
691 3705 748 3757 ὲν
765 3702 937 3771 ἁγίοις
954 3700 1384 3771 ἀναπαυόμενος,
1413 3698 1467 3770 ἢ,
1497 3698 1527 3752 ὸ
1544 3699 1618 3771 μὴ
1632 3698 1861 3769 γένοιτο,

1970 3709 2342 3773 temperantia:
2368 3703 2590 3760 studere
2622 3713 2857 3784 oportet.

299 3796 548 3870 ἀπρεπές
579 3814 633 3850 τι
660 3798 754 3852 καί⁵
784 3797 1061 3869 ἀλλότριον
1087 3796 1423 3867 ἁγιάσματος
1451 3797 1577 3868 περὶ
1608 3796 1699 3849 τὸν
1721 3792 1868 3850 οἷκον
1903 3797 2067 3851 αὐτοῦ
2102 3799 2356 3872 εὐρηθείη
2400 3802 2550 3867 ποτὲ,
2595 3802 2672 3867 τὸ,
2711 3802 2868 3857 Ἰδοὺ
2907 3805 3140 3876 ἀφίεται
3188 3807 3330 3878 ὑμῖν
3385 3811 3419 3863 ὁ
3454 3802 3541 3863 οἴ-

299 3911 407 3960 κος
439 3893 607 3962 ὑμῶν
641 3892 875 3963 ἕρημος.
907 3891 996 3946 Διὸ
1022 3891 1202 3964 δεήσει
1224 3892 1369 3964 ἡμᾶς
1398 3891 1504 3964 πρὸ
1529 3890 1745 3946 πάντων
1772 3893 1865 3947 καὶ
1892 3892 2030 3966 ὐπὲρ
2063 3895 2277 3949 πάντων
2324 3894 2651 3968 φροντίζειν,
2699 3898 2962 3964 εἰσιόντας
2997 3900 3071 3963 εἰς
3135 3899 3226 3954 τὸν
3265 3896 3412 3955 οἷκον
3448 3898 3535 3955 τοῦ

172 4012 179 4017 ·
294 3988 461 4055 Θεοῦ,
492 3988 761 4061 ἁγιασμοῦ
787 3991 880 4043 καὶ
906 3988 1273 4061 σωφροσύνης.

351 4108 645 4165 ΨΔΔΜΟΣ
696 4109 784 4181 Τῼ
836 4108 1051 4247 AA“:
1065 4107 1387 4231 Γ’1“1²ὶΤῙἈΔΙ
1448 4108 1823 4163 ΣΑΒΒΔΤΩΝ.

375 4295 521 4365 Θεὸς
570 4294 940 4364 ἐκδικήσεων
991 4296 1205 4364 Κύριος
1227 4336 1244 4360 ,
1303 4294 1440 4362 Θεὸς
1502 4293 1874 4365 ὲκδικήσεων

296 4386 809 4458 ἑπαρῤησιάσατο.
899 4387 1289 4459 ’Δνεπίγραφος
1364 4387 1462 4458 μέν
1536 4388 1650 4440 ἐστι
1738 4388 1871 4457 παρ’

1978 4071 2298 4165 essurus
2371 4108 2635 4178 DAVIDI,
2702 4112 2985 4178 QUARTA
3052 4113 3536 4176 SABBATORUM.
3626 4114 3673 4149 ~‘

2675 4181 2854 4240 XCIII.

2046 4290 2212 4348 Vens.
2246 4292 2297 4347 1.
2342 4292 2480 4348 Deus
2510 4294 2772 4349 ultionum
2802 4295 3082 4362 Dominus,
3113 4297 3250 4353 Deus
3276 4299 3539 4354 ultionum

1975 4382 2134 4437 libere
2165 4384 2287 4453 egit.
2308 4382 2409 4437 Hic
2447 4385 2691 4454 psalmus
2722 4387 2862 4455 apud
2891 4385 3146 4442 Hebraeos
3186 4389 3540 4460 inscriptione

312 4478 584 4553 Ἑϐραίοις
631 4482 660 4533 ὁ
709 4479 943 4551 ψαλμὸς,
996 4479 1235 4551 περιέχει
1285 4480 1341 4533 δὲ
1388 4479 1729 4551 παράκλησιν
1775 4478 1867 4533 καὶ

1974 4484 2146 4540 caret,
2177 4474 2604 4532 consolationem
2652 4484 2832 4531 autem
2867 4484 2922 4532 et
2950 4478 3192 4533 levamen
3223 4482 3542 4552 complecti-

305 4571 657 4644 παραμυθίαν
691 4570 798 4625 τῶν
835 4570 976 4624 κατὰ
1006 4569 1096 4624 τὸν
1139 4570 1251 4641 βίον
1276 4570 1365 4624 τὸν
1394 4571 1663 4624 ἐνεστῶτα
1684 4569 1874 4623 διωκο-

309 4662 485 4733 μένων
515 4662 610 4715 καὶ
639 4659 1122 4732 καταπονουμένων
1153 4660 1433 4724 εὐσεϐείας
1460 4662 1641 4726 ἓνεκα,
1679 4654 1754 4715 ὧν
1782 4660 1875 4714 καὶ

307 4752 407 4825 τὴν
456 4753 619 4825 εὐχὴν
671 4752 1016 4817 ὑποκαταϐὰς
1078 4752 1279 4823 τίθησι.
1329 4752 1623 4824 Προτάττει
1670 4752 1728 4805 δὲ
1777 4752 1876 4822 τῆς

308 4841 476 4913 εὐχῆς
509 4843 606 4915 τὴν
633 4842 975 4914 παράκλησιν
1007 4841 1098 4894 καὶ
1123 4838 1219 4912 τὴν
1250 4840 1599 4911 παραμυθίαν
1628 4840 1872 4913 προλαμ-

309 4935 487 4989 ϐάνων
507 4934 603 5007 τὴν
622 4934 802 5006 δέησιν
825 4935 931 4988 τῶν
960 4935 1299 5010 διωκομένων
1326 4934 1420 4987 καὶ
1449 4934 1871 5007 προθεραπεύων

303 5026 486 5081 αὐτῶν
523 5027 649 5090 τούς
675 5027 887 5091 πόνους,
915 5025 1095 5099 ἔργοις
1124 5042 1181 5078 τε
1207 5024 1471 5098 παριστὰς
1498 5026 1872 5099 πληρούμενον

305 5121 394 5172 ἐπ’
431 5119 611 5183 αὐτοῖς
658 5119 741 5184 τὸ,
794 5121 923 5173 Ἔτι
968 5119 1304 5184 λαλοῦντός
1349 5133 1465 5172 σου
1505 5117 1652 5187 ἐρᾶν
1717 5118 1869 5173 Ἰδοὺ

306 5210 563 5282 πάρειμι.
594 5211 854 5285 Θαρσεῖτε
890 5210 1194 5283 τοιγαροῦν,
1230 5205 1275 5264 ὦ
1318 5205 1482 5272 οὗτοι,
1524 5210 1686 5282 φησίν
1707 5228 1721 5241 ·
1756 5211 1871 5266 ἔστι

305 5305 417 5376 γὰρ
447 5307 476 5359 ὁ
507 5304 729 5377 Κύριος,
764 5306 847 5374 ἐφ’
868 5305 927 5359 ὸν
953 5304 1237 5374 ἠλπίσατε,
1267 5302 1456 5374 ὥσπερ
1486 5301 1616 5366 Θεὸς
1646 5304 1871 5375 ποιητὴς

306 5398 403 5451 καὶ
456 5397 590 5461 Θεὸς
639 5395 989 5471 δημιουργὸς,
1039 5399 1132 5451 καὶ
1179 5396 1312 5460 Θεὸς
1363 5395 1566 5467 σωτὴρ,
1617 5396 1710 5449 καὶ
1740 5394 1871 5461 Θεὸς

306 5487 619 5560 εὐεργέτης,
665 5490 757 5543 καὶ
801 5490 933 5552 Θεὸς
980 5488 1191 5559 κριτὴς,
1247 5488 1341 5542 καὶ
1379 5485 1511 5551 Θεὸς
1554 5486 1733 5560 πατὴρ
1764 5486 1872 5541 τῶν

306 5581 637 5653 οἰκτιρμῶν,
655 5581 748 5636 καὶ
777 5580 908 5645 Θεὸς
937 5580 1114 5645 πάσης
1146 5578 1561 5650 παρακλήσεως,
1597 5578 1870 5653 μακροθυ-

380 5740 426 5773 δ’
465 5738 597 5797 Luc.
633 5756 731 5795 xm
759 5781 773 5804 .
809 5741 901 5798 35.
974 5741 1021 5774 δ’
1060 5740 1162 5797 Isa.
1198 5757 1367 5810 Lvin,
1404 5743 1459 5801 9.

594 5837 859 5897 ΡΑτιιοι..
894 5837 1010 5898 Gs.
1060 5838 1289 5899 XXIII.

1976 4576 2066 4622 tur
2096 4583 2194 4639 pro
2214 4569 2282 4623 iis
2309 4569 2400 4639 qui
2425 4568 2479 4623 in
2494 4569 2746 4640 prmsenti
2772 4573 2883 4624 vita
2905 4570 3121 4641 pietatis
3143 4587 3307 4628 causa
3332 4589 3539 4630 vexan~

1979 4670 2068 4713 tur
2098 4668 2152 4714 et
2183 4659 2514 4731 affliguntur,
2545 4674 2777 4732 quorum
2820 4660 2946 4716 item
2975 4662 3276 4719 orationem
3307 4664 3539 4723 inferius

1977 4753 2287 4824 consignat.
2321 4752 2567 4810 Orationi
2598 4769 2726 4809 vero
2751 4755 3181 4811 consolationem
3209 4768 3264 4812 et
3294 4759 3538 4814 levamen

1978 4845 2281 4915 praemittit,
2339 4862 2367 4898 a
2401 4845 2802 4916 supplicatione
2843 4861 3030 4901 eorum
3055 4847 3147 4918 qui
3198 4852 3539 4919 persecutio-

1978 4952 2102 4992 nem
2119 4936 2402 5007 patiuntnr
2417 4952 2599 5002 orsus,
2621 4952 2919 5008 eorumque
2948 4939 3105 4995 malis
3128 4941 3423 4997 remedium
3443 4943 3541 4999 ad-

1984 5043 2204 5083 movere
2227 5043 2525 5099 occupans,
2550 5028 2941 5101 declaransque
2963 5045 3127 5101 opere
3163 5032 3441 5105 impletum
3472 5038 3539 5089 il-

1978 5118 2070 5173 lud
2086 5133 2228 5184 esse,
2249 5119 2433 5173 Adhuc
2455 5129 2501 5175 te
2518 5121 2753 5191 loquente
2766 5121 2940 5176 dicam
2958 5138 2977 5176 :
2992 5121 3127 5178 Ecce
3152 5124 3341 5179 adsum
3355 5125 3422 5181 ⁸³.
3446 5125 3536 5178 Ait

1978 5210 2184 5281 itaque,
2219 5209 2363 5267 Heus
2375 5226 2494 5275 vos,
2527 5213 2816 5270 confidite:
2844 5214 2999 5271 adest
3025 5216 3225 5287 quippe
3251 5216 3535 5279 Dominus,

1976 5302 2035 5357 in
2068 5317 2229 5373 quem
2275 5305 2559 5374 sperastis,
2591 5314 2777 5376 utpote
2809 5305 2951 5363 Deus
2980 5309 3182 5379 opifex.
3216 5307 3359 5387 Deus
3381 5321 3537 5361 crea-

1977 5402 2085 5459 tor,
2131 5394 2277 5452 Deus
2315 5407 2578 5461 servator,
2630 5397 2773 5454 Deus
2822 5399 3120 5463 beneficus,
3166 5398 3310 5455 Deus
3344 5398 3535 5469 iudex,

1981 5486 2123 5544 Deus
2152 5499 2304 5560 pater
2339 5490 2864 5560 misericordiarum,
2890 5490 3033 5548 Deus
3066 5492 3235 5548 totius
3282 5493 3537 5548 consola-

1979 5579 2165 5648 tionis,
2216 5582 2454 5640 tolerans
2498 5591 2555 5643 et
2599 5585 2828 5641 multum
2874 5575 3217 5650 misericors:
3252 5584 3539 5654 placabilis

3144 5839 3223 5903 38
