3990 6202
454 304 594 361 1195

1132 295 1222 352 ευ
1231 291 1404 349 SEBll
1436 282 1912 346 CESARIENSIS
1948 278 2055 335 OPI

2158 274 2318 330 PARS
2347 273 2444 331 ll].
2483 302 2554 315 —-
2590 263 3001 325 EXEGETICA.

3541 239 3694 317 tios

455 440 621 496 super
672 430 912 494 peccata,
959 421 1047 473 cui
1080 422 1352 472 sexcentse
1393 413 1514 468 aliae
1540 409 1740 466 divina:
1775 406 2019 462 rationes
2048 448 2055 461 .

2158 400 2223 462 ,ός
2250 415 2307 451 τε
2340 396 2434 450 καὶ
2476 392 2763 455 πολυέλεος
2795 388 2890 443 καὶ
2923 384 3199 458 μετανοῶν
3226 384 3318 437 ἐπὶ
3347 384 3467 445 ταῖς
3507 382 3700 453 ἁμαρ-

457 520 804 584 competunt;
835 518 997 580 atque
1029 511 1101 560 ita
1143 505 1257 575 jam
1306 503 1451 559 Deus
1491 502 1763 557 ultionum
1796 498 2022 552 dicitur.

458 607 659 663 Curam
689 602 833 657 enim
860 600 1023 654 habet
1055 609 1405 665 eorum,qute
1434 593 1489 647 in
1518 591 1672 647 caelis
1704 588 1936 659 [melius,
1969 586 2027 639 in

458 691 656 765 terrai]
686 700 973 763 geruntur,
1002 690 1076 743 ita
1105 696 1164 742 ut
1188 685 1408 755 dignam
1449 684 1711 738 ultionem
1747 678 1815 734 de
1846 678 2028 748 inique

461 782 743 854 agentibus
798 788 999 840 sumat,
1037 777 1187 847 juste
1233 773 1484 845 judicet,
1529 786 1652 826 reos
1700 769 1920 840 plectat,
1964 781 2030 821 ac

461 874 661 942 cuique
710 870 917 924 tribuat
947 866 1253 924 secundum
1282 878 1445 934 opera
1475 877 1596 919 sua.
1623 859 1891 916 Conﬁdite
1929 857 2032 928 igi~

464 978 573 1029 tur,
624 962 801 1018 edocti
855 976 952 1014 vos
1014 958 1184 1014 Deum
1233 958 1501 1013 ultionum
1548 953 1800 1007 habere:
1851 957 2033 1005 vester

462 1055 664 1124 quippe
705 1050 871 1113 Deus,
917 1050 1184 1103 ultionum
1228 1046 1373 1100 Deus
1421 1059 1542 1099 esse
1572 1043 1731 1097 solet.
1762 1039 1825 1093 Et
1861 1038 2030 1109 quod,

465 1155 650 1217 utpote
683 1143 823 1199 Deus
857 1140 1051 1196 vindex
1074 1153 1264 1195 eorum
1292 1138 1383 1207 qui
1419 1137 1710 1200 laeduntur,
1741 1148 1863 1187 cum
1898 1130 2035 1187 fidu-

466 1240 553 1292 cia
587 1245 739 1306 agat;
770 1233 1005 1303 idipsum
1037 1232 1183 1285 clare
1210 1239 1265 1283 et
1287 1242 1411 1282 cum
1440 1226 1638 1281 ﬁducia
1676 1240 1772 1295 per
1802 1221 2037 1295 prophe-

466 1338 554 1384 tas
586 1343 716 1384 suos
760 1325 1134 1395 depraadicat:
1183 1329 1346 1390 atque
1398 1319 1479 1373 sic
1523 1316 1644 1387 ejus
1686 1314 2036 1386 providentiae

469 1423 608 1478 ratio
634 1419 902 1482 cons:stit,
935 1430 1040 1486 qua
1069 1415 1215 1485 juste
1247 1418 1301 1466 et
1336 1412 1610 1479 sapienter
1640 1406 1823 1462 omnia
1862 1403 2039 1458 admi-

469 1514 688 1569 nistrat.
719 1508 777 1565 In
819 1509 922 1563 hac
947 1508 1163 1578 quidem
1194 1506 1305 1559 vita
1349 1505 1521 1561 solem
1549 1515 1707 1557 suum
1746 1498 1879 1552 oriri
1908 1496 2039 1550 facit

473 1622 637 1678 super
666 1606 847 1675 justos
890 1608 944 1657 et
995 1601 1248 1671 injustas,
1281 1613 1346 1652 ac
1377 1597 1515 1667 pluit
1561 1609 1722 1664 super
1761 1591 2039 1662 improbos

472 1710 528 1754 et
562 1700 756 1760 bonos,
789 1703 951 1765 atque
982 1693 1126 1747 bona
1178 1705 1279 1748 sua
1324 1687 1606 1758 aequaliter
1652 1683 1904 1739 omnibus
1935 1682 2039 1736 im—

474 1791 671 1861 pertit;
706 1787 801 1843 sed
837 1784 1155 1856 congruenti
1186 1790 1431 1852 tempore
1467 1777 1610 1833 Deus
1642 1775 1905 1830 ultionum
1931 1772 2042 1828 eni-

477 1884 673 1944 cietur,
708 1878 927 1950 quando
962 1874 1284 1948 promeritus
1332 1886 1522 1944 pinnas
1554 1870 1624 1925 ab
1656 1869 1723 1924 iis
1756 1868 1849 1939 qui
1876 1866 2042 1921 bene-

477 1974 618 2031 ticiis
648 1972 767 2043 ejus
796 1986 905 2026 non
938 1977 1085 2024 recte
1113 1974 1242 2023 sunt
1268 1966 1354 2020 usi
1384 1970 1621 2035 expetet.

549 2233 720 2290 Vens.
750 2233 868 2288 2-4.
924 2231 1198 2297 Exaltare,
1242 2231 1331 2300 qui
1371 2226 1586 2298 judico:
1627 2236 1845 2285 terram.
1893 2223 2049 2279 redde

490 2319 881 2374 retributionem
921 2315 1178 2384 superbis.
1240 2312 1515 2383 Usquequo
1569 2320 1885 2381 peccatores,
1941 2308 2050 2362 Do-

487 2415 645 2475 mine,
678 2426 939 2482 usquequo
971 2416 1266 2477 peccatores
1297 2404 1700 2477 gloriabuntur?
1730 2402 2053 2471 Eﬂobuntur

484 2516 532 2561 et
559 2502 831 2572 loquentur
852 2500 1198 2569 iniquitatem,
1226 2498 1497 2567 loquentur
1518 2511 1692 2550 omnes
1719 2496 1807 2564 qui
1829 2508 2051 2561 operan-

487 2605 576 2649 tur
609 2592 966 2663 injustitiam?
1000 2588 1238 2660 Spiritus
1276 2586 1493 2657 quidem
1532 2593 1756 2641 sanctus
1803 2584 1887 2638 vel
1930 2591 2055 2638 ante

487 2691 790 2742 orationem
828 2682 1139 2755 prophetico
1168 2678 1579 2751 responsionem
1610 2676 1741 2736 edit.
1768 2674 1900 2730 illud
1930 2690 2057 2746 pro-

488 2780 633 2835 ferre
662 2792 937 2847 occupans
958 2775 1103 2845 quod
1127 2783 1249 2845 post
1266 2771 1567 2826 orationem
1594 2768 1885 2824 dicendum
1903 2773 2053 2835 erat;

492 2869 656 2940 idque
685 2884 753 2924 ex
786 2865 1124 2937 praescientia
1146 2879 1333 2920 eorum
1366 2876 1485 2932 quae
1508 2860 1561 2914 in
1589 2860 1837 2917 oratione
1869 2857 2055 2912 dicen-

492 2959 563 3015 da
601 2956 775 3015 erant.
803 2956 1169 3028 Quamobrem
1201 2954 1309 3009 duo
1340 2951 1595 3010 versiculi
1644 2950 2056 3022 responsionem

2125 494 2286 556 τίαις,
2310 490 2405 543 καὶ
2437 488 2598 550 ἄλλας
2614 484 2822 556 μυρίας
2851 481 2989 552 ἔχων
3024 478 3211 540 θεῖκὰς
3244 473 3485 537 ἐπινοίας
3505 490 3518 503 ’
3553 472 3708 528 οὓτω

2128 586 2220 639 καὶ
2253 583 2384 645 Θεὸς
2417 579 2767 648 ὲκδικήσεων.
2818 573 2985 629 Μέλει
3023 572 3132 644 γὰρ
3175 567 3321 637 αὑτῷ
3366 565 3477 619 τῶν
3508 566 3566 617 ὲν
3608 564 3711 617 οὐ-

2131 677 2312 751 ρανοῖς
2363 668 2769 743 πραττομένων,
2795 666 2872 731 ὡς
2913 666 3009 720 καὶ
3035 665 3189 735 δίκην
3217 661 3317 731 τὴν
3346 658 3505 723 ἀξίαν
3550 656 3715 729 παρά

2128 749 2236 822 τῶν
2280 762 2602 821 ἀδικούντων
2648 757 3089 832 εἰσπράττεσθαι,
3124 755 3331 826 κρίνειν
3375 769 3436 805 τε
3484 749 3718 811 δικαίως

2131 860 2224 915 καὶ
2253 856 2502 922 κολάζειν
2527 853 2620 919 οὒς
2654 853 2754 916 δεῖ,
2789 849 3102 905 ἀποδιδόναι
3127 865 3187 901 τε
3219 845 3434 915 ἑκάστῳ
3467 842 3613 897 κατὰ
3643 841 3721 895 τὰ

2131 951 2269 1023 ἔργα
2310 947 2495 1003 αὑτοῦ.
2526 946 2786 1017 Θαρσεῖτε
2827 939 3113 1012 τοιγαροῦν
3144 936 3429 1009 μαθόντες,
3464 935 3549 987 ὅτι
3578 932 3721 986 Θεὸν

2132 1044 2283 1115 ἔχετε
2315 1041 2681 1110 ἑκδικήσεων’
2731 1036 2938 1105 πέφυκε
2982 1031 3091 1105 γὰρ
3137 1026 3275 1084 εἶναι
3311 1026 3445 1091 Θεὸς
3500 1024 3727 1095 ἐκδικήο

2136 1151 2272 1188 σεων
2308 1136 2337 1188 ό
2384 1132 2648 1203 ὑμέτερος
2679 1128 2830 1192 Θεὸς,
2863 1126 2957 1179 καὶ
2989 1123 3067 1195 τῷ
3102 1118 3413 1192 παρρησίαν
3443 1116 3604 1186 ἄγειν
3644 1115 3723 1178 ὡς

2134 1225 2265 1289 Θεὸς
2306 1224 2514 1289 ἔκδικος
2570 1220 2674 1274 τῶν
2724 1216 3109 1287 ἀδικουμένων,
3163 1209 3461 1284 διαρρήδην
3515 1226 3575 1261 τε
3628 1208 3725 1261 καὶ

2139 1319 2277 1391 μετὰ
2315 1313 2621 1389 παρρησίας
2674 1311 2832 1368 τοῦτο
2885 1309 2974 1363 διὰ
3020 1306 3129 1359 τῶν
3194 1302 3359 1359 αὐτοῦ
3420 1299 3725 1371 προφητῶν

2137 1409 2413 1483 κηρύττει’
2448 1405 2593 1461 οὕτω
2614 1403 2745 1474 γοῦν
2770 1400 2934 1457 αὐτοῦ
2957 1398 3047 1453 καὶ
3079 1399 3107 1450 ὁ
3141 1397 3271 1467 περὶ
3304 1394 3558 1465 προνοίας
3594 1409 3726 1445 συν.

2141 1504 2350 1557 ίσταται
2385 1499 2559 1568 λόγος,
2610 1496 2730 1552 καθ’
2769 1495 2835 1566 ἥν
2880 1493 3103 1555 δικαίως
3131 1490 3226 1544 καὶ
3257 1488 3437 1557 σοφῶς
3463 1486 3533 1539 τὰ
3579 1483 3722 1554 σύμ·-

2139 1610 2319 1649 παντα
2359 1592 2568 1646 διοικεῖ.
2622 1588 2775 1651 Τέως
2833 1585 2931 1658 μὲν
2961 1583 3104 1638 κατὰ
3138 1581 3230 1634 τὸν
3271 1577 3543 1633 ἐνεστῶτα
3583 1575 3723 1646 βίον,

2140 1684 2443 1742 ἀνατέλλων
2467 1683 2557 1735 τὸν
2589 1680 2739 1751 ἣλιον
2768 1676 2933 1733 αὐτοῦ
2957 1675 3050 1729 ἐπὶ
3083 1673 3321 1736 δικαίους
3357 1670 3449 1724 καί⁵
3481 1669 3725 1730 ἀδίκους,

2142 1776 2236 1830 καὶ
2285 1773 2493 1846 βρέχων
2543 1770 2636 1824 ἐπὶ
2668 1766 2937 1840 πονηροὺς
2965 1766 3059 1819 καὶ
3103 1762 3361 1832 ἀγαθοὺς,
3406 1758 3467 1824 ἐξ
3516 1758 3639 1811 ἴσου
3668 1773 3729 1810 τε

2142 1868 2253 1930 τοῖς
2282 1866 2416 1919 πᾶσι
2475 1861 2542 1915 τὰ
2588 1858 2755 1914 αὐτοῦ
2804 1856 3055 1930 παρέχων
3088 1852 3295 1923 ἁγαθὰ-
3340 1849 3484 1904 κατὰ
3531 1847 3728 1921 καιρὸν

2142 1955 2199 2009 δὲ
2238 1955 2326 2009 τὸν
2370 1953 2715 2025 προσήκοντα
2762 1948 2894 2012 Θεὸς
2938 1944 3266 2016 ὲκδικήσεων
3300 1941 3605 2011 γινόμενος,
3637 1939 3725 1990 ὅτε

2145 2045 2239 2099 καὶ
2264 2045 2364 2117 τὴν
2410 2043 2725 2114 πρέπουσαν
2765 2038 2919 2110 δίκην
2959 2035 3108 2109 παρὰ
3135 2034 3242 2087 τῶν
3272 2032 3348 2104 μὴ
3391 2030 3574 2093 καλῶς
3608 2031 3727 2091 ταῖς

2147 2136 2485 2209 εὐεργεσίαις
2516 2133 2679 2189 αὑτοῦ
2708 2129 3058 2204 κεχρημένων
3090 2124 3465 2197 εἰσπράξεται.

2230 2225 2511 2297 Ὺψώθητι
2556 2227 2589 2281 ὁ
2622 2223 2844 2292 κρίνων
2874 2218 2989 2288 τὴν
3019 2216 3155 2289 γῆν,
3190 2214 3418 2280 ἀπόδος
3458 2211 3726 2267 ἀνταπό-

2148 2320 2323 2375 δοσιν
2372 2315 2491 2382 τοῖς
2531 2311 2956 2383 ὑπερηφάνοις.
2991 2312 3144 2377 Ἕως
3189 2308 3333 2361 πότε
3366 2304 3726 2375 ἁμαρτωλοὶ,

2150 2409 2344 2477 Κύριε,
2375 2404 2484 2473 ἓως
2512 2404 2655 2457 πότε
2695 2399 3028 2472 ἁμαρτωλοὶ
3068 2397 3513 2469 καυῃὶσονταη
3550 2392 3729 2462 eaer-

2152 2500 2361 2565 εονται
2393 2496 2491 2551 καὶ
2520 2494 2906 2562 λαλήσουσιν
2928 2491 3183 2557 ἀδικίαν,
3204 2487 3556 2557 λαλήσουσι
3582 2485 3730 2538 xeir-

2153 2609 2251 2658 τες
2281 2594 2334 2644 οι
2374 2586 2742 2658 ἐργαζόμενοι
2774 2585 3048 2649 ἀδικίαν;
3082 2583 3156 2638 Τὸ
3197 2583 3295 2654 μὲν
3335 2581 3479 2636 θεῖον
3509 2578 3731 2649 Πνεῦμα

2156 2680 2506 2756 προφητικῶς
2525 2680 2617 2735 καὶ
2644 2679 2767 2749 περὶ
2794 2678 2892 2749 τῆς
2914 2676 3078 2748 εὐχῆς
3099 2675 3197 2748 τὴν
3223 2674 3518 2746 ἀπόκρισιν
3547 2671 3731 2740 ἑποιήο

2157 2794 2287 2831 σατο
2323 2773 2588 2847 προλαϐδν
2614 2773 2674 2826 τὸ
2696 2770 2885 2843 μέλλον
2913 2766 3243 2841 ῥηθήσεσθαι
3278 2764 3418 2837 μετὰ
3440 2765 3542 2837 τὴν
3570 2763 3732 2833 εὐχὴν

2155 2872 2242 2925 διὰ
2284 2870 2384 2942 τὴν
2433 2868 2737 2939 πρόγνωσιν
2783 2864 2891 2918 τῶν
2927 2864 2985 2916 ἐν
3028 2865 3094 2933 τῇ
3128 2861 3263 2932 εὐχῇ
3302 2858 3731 2931 περιεχομένων.

2157 2964 2358 3034 Διόπερ
2388 2963 2439 3015 οἱ
2490 2961 2583 3014 δύο
2638 2957 3022 3030 προετάγησαν
3073 2955 3244 3025 στίχοι
3291 2952 3393 3024 τὴν
3440 2952 3735 3023 ἀπόκρισιν

495 3051 668 3110 sancti
698 3047 933 3120 Spiritus
961 3045 1196 3103 orationi
1226 3054 1611 3116 congruentem
1639 3042 2055 3112 complectentes

2162 3055 2505 3128 περιέχοντες
2534 3050 2628 3106 τοῦ
2686 3050 2841 3120 ἁγίου
2891 3046 3224 3119 Πνεὺματος,
3258 3044 3359 3116 τὴν
3392 3044 3737 3115 ἁρμόζουσαν

494 3142 760 3219 ι)ηωὶεεί
818 3147 968 3197 sunt.
999 3136 1135 3196 Nam
1175 3152 1296 3209 qua:
1336 3135 1407 3190 ad
1450 3132 1900 3206 supplicationem
1946 3130 2055 3187 Deo

2160 3151 2227 3220 τῇ
2264 3143 2653 3219 προσευχῇ.Τά
2669 3159 2729 3196 τε
2766 3140 2871 3213 μὴν
2896 3141 2997 3212 τῆς
3031 3137 3308 3211 ἱκετηρίας
3338 3137 3439 3209 τῆς
3479 3136 3619 3210 πρὸς
3649 3135 3738 3189 τὸν

494 3236 752 3305 emissam
776 3233 1031 3296 attinent,
1062 3232 1129 3289 ab
1157 3230 1261 3288 hoc
1291 3228 1459 3292 dicto,
1495 3226 1772 3290 Exoltore,
1803 3226 1894 3297 qui
1905 3223 2059 3294 judi-

498 3346 587 3386 ros
620 3339 837 3391 terram,
870 3321 1154 3380 exordium
1185 3321 1403 3376 habent.
1437 3320 1529 3373 Ait
1565 3332 1694 3389 ergo
1729 3315 2010 3388 Scriptura
2040 3335 2053 3369 :

498 3421 574 3479 Ex
600 3436 707 3491 quo
743 3419 1021 3475 hominum
1053 3428 1224 3487 genus
1273 3428 1396 3469 esse
1423 3411 1606 3481 cmpit,
1636 3417 1949 3480 peccatores
1970 3409 2062 3480 ju-

500 3515 601 3569 stis
632 3511 924 3584 prmvalerc
951 3514 1254 3579 coeperunt,
1287 3513 1347 3559 ut
1363 3502 1494 3558 Cain
1524 3502 1697 3566 Abeli,
1732 3509 1787 3556 et
1816 3508 2059 3571 tempore

498 3604 689 3661 diluvii
723 3603 965 3674 gigantes
991 3600 1114 3657 aliis
1146 3612 1330 3655 secum
1358 3595 1741 3657 versantibus;
1770 3593 1875 3648 imo
1897 3592 2061 3646 etiam

502 3697 645 3752 Esau
676 3694 901 3756 Jaru‘bo,
930 3691 1167 3761 Josepho
1200 3688 1395 3744 fmtres
1422 3687 1563 3756 ejus.
1590 3685 1668 3740 Ac
1700 3686 1747 3741 si
1779 3687 1851 3738 ita
1877 3683 2064 3739 subse-

501 3784 724 3857 quentia
764 3792 1004 3855 tempora
1035 3793 1344 3852 percurras,
1390 3777 1446 3835 in
1482 3775 1712 3846 singulis
1753 3770 2062 3844 generatio-

502 3880 666 3935 nibus
699 3883 1012 3947 pcccatorcs
1036 3878 1226 3927 contra
1251 3870 1432 3940 justos
1468 3868 1748 3936 insurgere
1770 3862 2066 3935 deprehen-

503 3971 622 4027 des.
668 3967 984 4038 Usquequo,
1016 3963 1261 4025 Domine,
1296 3961 1411 4015 haec
1453 3958 1656 4014 erunt?
1681 3955 1977 4027 Usquequo
2009 3954 2064 4007 in

503 4072 709 4117 tantam
755 4059 1064 4129 superbiam
1119 4061 1429 4125 peccatores
1474 4052 1769 4120 erigentur,
1796 4057 1854 4103 ut
1882 4048 1937 4101 in
1967 4047 2067 4101 im-

508 4155 804 4229 pietatibus
831 4153 946 4207 suis
971 4150 1306 4223 glorientur;
1330 4159 1505 4214 neque
1536 4150 1685 4214 geda
1705 4155 1802 4196 sua
1826 4146 2064 4203 taceant,

505 4267 685 4324 neque
730 4248 990 4305 malitiam
1025 4244 1300 4300 occultent
1338 4256 1528 4306 suam;
1560 4238 1654 4295 sed
1687 4238 1981 4312 loquantur
2014 4234 2068 4287 in

506 4344 861 4413 omniumque
907 4339 1132 4395 auribus
1169 4333 1469 4406 injustitias
1490 4332 1716 4388 eﬂ’crant
1749 4344 1880 4385 suas
1908 4329 1932 4381 ?
1961 4326 2069 4383 Us-

2162 3238 2293 3293 Θεὸν
2324 3237 2432 3292 ἀπὸ
2457 3235 2574 3300 τοῦ,
2619 3235 2901 3304 Ὑψώθητι
2934 3235 2967 3286 ό
3006 3232 3226 3300 κρίνων
3263 3229 3380 3298 τὴν
3406 3227 3547 3298 τῆν,
3575 3229 3736 3300 ἄρχε-

2163 3348 2271 3385 ται.
2301 3330 2438 3398 Φησὶ
2461 3327 2639 3383 τοίνυν
2668 3329 2699 3381 ό
2728 3324 2901 3394 Λόγος
2922 3340 2937 3354 ·
2987 3324 3103 3394 Ἀφ’
3128 3317 3300 3393 οὗπερ
3343 3323 3370 3375 ὁ
3394 3321 3506 3374 τῶν
3529 3318 3734 3391 ἀνθρὼ-

2165 3435 2282 3471 πων
2313 3417 2514 3488 ἧρξατο
2561 3414 2878 3469 συνεστάναι
2925 3410 3058 3483 βίος,
3101 3411 3210 3466 ἀπὸ
3252 3410 3377 3464 τότε
3417 3409 3731 3488 ἁμαρτωλοὶ

2166 3486 2474 3580 κατισχύειν
2500 3506 2609 3560 τῶν
2632 3503 2851 3561 δικαίων
2875 3503 3105 3575 ἤρξαντο
3122 3520 3135 3534 “
3161 3503 3236 3567 ὡς
3256 3502 3396 3557 Κάῖν
3421 3501 3513 3554 τοῦ
3544 3486 3723 3562 Ἅϐελ,

2166 3601 2262 3656 καὶ
2287 3604 2335 3655 oi
2358 3601 2449 3655 ἐπὶ
2466 3595 2561 3653 τοῦ
2593 3595 2978 3667 κατακλυσμοῦ
3010 3595 3264 3664 γίγαντες
3295 3592 3402 3647 τῶν
3419 3595 3475 3646 έν
3499 3592 3683 3652 αὐτοῖς
3703 3608 3716 3620 ·

2168 3695 2303 3751 ἀλλὰ
2329 3696 2422 3750 καὶ
2462 3692 2631 3747 Ἠσαῦ
2663 3690 2757 3746 τοῦ
2803 3688 3018 3753 Ἰακὼϐ,
3051 3687 3253 3743 καὶτοῦ
3288 3686 3473 3757 Ἰωσὴφ
3494 3686 3544 3738 οἱ
3575 3684 3723 3738 ἀδελ-

2170 3786 2305 3860 φοί⁹
2332 3790 2424 3842 καὶ
2462 3786 2604 3841 οὕτω
2649 3783 2855 3857 προῖὼν
2880 3784 2992 3846 τοῖς
3023 3781 3253 3852 χρόνοις,
3287 3780 3457 3851 εὕροις
3489 3775 3553 3831 ἂν
3599 3775 3723 3829 καθ’

2170 3880 2404 3951 ἑκάστην
2465 3876 2653 3946 γενεὰν
2701 3875 2824 3937 τοὺς
2869 3871 3221 3944 ἁμαρτωλοὺς
3276 3869 3733 3938 ἐπανισταμένους

2169 3975 2281 4035 τοῖς
2306 3969 2550 4031 δικαίοις.
2582 3966 2724 4030 Ἕως
2755 3961 2846 4019 οὖν
2879 3965 3029 4026 πότε,
3056 3957 3102 4016 ὦ
3139 3960 3327 4033 Κύριε,
3359 3958 3517 4013 τοῦτο
3552 3960 3733 4023 ﬁatut;

2174 4065 2317 4128 Ἕως
2348 4062 2477 4117 πότε
2502 4062 2581 4125 εἰς
2603 4058 2854 4112 τοσοῦτον
2878 4054 3163 4128 ὲπιτριϐῆς
3187 4053 3466 4108 ἐλάσουσιν
3486 4054 3534 4105 οἱ
3564 4052 3739 4124 ἁμαρο

2170 4156 2352 4221 τωλοὶ,
2386 4155 2461 4218 ὡς
2494 4153 2587 4206 καὶ
2637 4148 3009 4222 έγκαυχᾶσθαι
3053 4149 3171 4211 ταῖς
3217 4144 3492 4209 ἀσεϐείαις
3540 4144 3736 4206 αὐτῶν,

2174 4246 2267 4301 καὶ
2298 4243 2430 4323 μηδὲ
2464 4242 2673 4313 σιωπᾷν
2705 4241 2794 4309 ἐφ’
2821 4233 2903 4304 οἷς
2953 4239 3270 4310 πράττουσι,
3317 4237 3452 4308 μηδὲ
3497 4235 3738 4308 ἀποκρύ-

2176 4353 2328 4391 πτειν
2371 4334 2466 4407 τὴν
2499 4333 2675 4388 αὐτῶν
2713 4331 2932 4395 κακίαν,
2976 4329 3113 4384 ἀλλὰ
3151 4328 3245 4383 καὶ
3286 4326 3619 4397 φθέγξασθαι
3651 4326 3741 4379 καὶ

505 4452 724 4510 queque
756 4435 918 4506 igitur
934 4448 1029 4488 eos
1058 4431 1184 4485 talia
1210 4428 1471 4483 audentes
1506 4424 1683 4480 feras?
1708 4424 1776 4476 At
1807 4436 1930 4477 eum
1955 4420 2055 4489 jan'

2176 4427 2498 4495 ἐξάκουστον
2528 4424 2642 4486 τοῖς
2666 4424 2828 4475 πᾶσιν
2864 4420 3109 4474 ἐκλαλείν
3144 4418 3240 4481 τὰς
3280 4416 3493 4480 ἀδικίας
3528 4415 3737 4473 aii-.6»;

507 4533 564 4589 in
593 4529 865 4586 excelsum
886 4524 1018 4596 justi
1051 4520 1238 4593 iudicii
1267 4519 1344 4573 tui
1367 4518 1622 4572 thronum
1658 4511 2067 4575 conscenderis,

511 4620 788 4683 Exoltore,
812 4618 899 4686 qui
913 4615 1126 4686 judico:
1150 4622 1363 4672 terram,
1392 4615 1469 4673 et,
1502 4605 1656 4660 redde
1681 4603 2073 4657 retributionem

511 4712 784 4781 superbis,
837 4706 1186 4778 promeritum
1239 4700 1371 4772 ipsis
1423 4696 1670 4766 indigens
1721 4694 2070 4766 supplicium.

509 4804 667 4860 Nunc
695 4801 839 4857 enim
886 4808 936 4853 te
972 4810 1187 4869 quoque
1219 4791 1550 4862 despiciunt,
1592 4787 1749 4858 quasi
1803 4785 1939 4842 nihil
1980 4800 2076 4839 ex-

511 4896 718 4952 celsum
757 4892 978 4953 habeas,
1030 4888 1164 4943 nihil
1210 4884 1417 4944 videas.
1457 4897 1557 4937 nec
1606 4888 1805 4936 terram
1837 4877 2070 4944 judices.

513 4989 857 5057 Quapmpter
884 5000 1000 5053 qua:
1024 4981 1091 5036 ad
1120 4970 1285 5036 vitam
1315 4978 1585 5047 pertinent
1614 4988 1765 5030 suam
1794 4981 1846 5026 et
1866 4970 2076 5043 judicio

513 5089 568 5135 ct
601 5075 936 5148 providentia
968 5087 1154 5127 carere
1194 5070 1553 5125 arbitrantur.
1597 5070 1666 5117 At
1694 5078 1794 5133 ego
1821 5062 1913 5133 qui
1956 5076 2077 5135 pre-

515 5188 612 5228 cor
638 5177 692 5225 ct
725 5176 852 5243 opto
885 5168 952 5219 ab
982 5154 1257 5235 impietate
1297 5176 1485 5216 eorum
1532 5159 1741 5213 alienus
1773 5171 1916 5219 esse,
1949 5169 2075 5224 per-

516 5277 737 5321 suasum
777 5260 947 5315 habeo
977 5266 1030 5312 te
1064 5256 1230 5310 Deum
1276 5254 1541 5307 ultionum
1576 5265 1716 5315 esse,
1744 5254 1910 5319 teque
1932 5245 2080 5316 judi-

516 5372 644 5412 care
688 5368 903 5410 onmem
940 5360 1160 5405 terram.
1196 5346 1417 5401 Etiamsi
1461 5345 1604 5399 enim
1640 5339 2076 5399 mansuetudine,

516 5446 807 5503 tolerantia
853 5452 906 5499 et
956 5440 1217 5513 patientia
1278 5452 1412 5492 usus
1484 5437 1718 5504 teipsum
1767 5432 2076 5503 deprimas,

517 5548 777 5609 tuamque
803 5543 995 5592 contra
1036 5531 1235 5602 impios
1265 5531 1400 5584 iram
1430 5527 1723 5594 cohibeas;
1754 5534 1808 5579 at
1832 5539 1931 5594 ego
1963 5538 2077 5576 cer-

516 5636 609 5687 tus
634 5631 841 5701 judicio
868 5637 984 5692 tuo,
1018 5626 1110 5697 qui
1143 5621 1327 5679 omnia
1351 5619 1639 5692 prospicis,
1675 5617 1808 5672 nihil
1840 5617 2081 5671 immune

521 5721 657 5790 fore,
712 5721 956 5795 supplico
1009 5729 1309 5790 precorque
1358 5719 1414 5767 ut
1469 5708 1753 5777 cxalteris,
1818 5715 2076 5778 tuamque

2176 4518 2318 4579 Ἕως
2349 4512 2440 4569 οὖν
2475 4514 2602 4567 πότε
2630 4511 2738 4584 ἄρα
2758 4510 3090 4583 προχωρήσῃ
3109 4509 3289 4571 αὐτοῖς
3309 4505 3478 4560 ταῦτα
3504 4503 3738 4565 πουοῦσις

2186 4604 2344 4664 Ἀλλὰ
2378 4603 2486 4675 γὰρ
2520 4602 2618 4675 ἠδη
2659 4600 2785 4654 ποτὲ
2817 4599 2911 4652 ἐπὶ
2937 4598 3028 4651 τὸν
3062 4595 3261 4666 ὑψηλὸν
3293 4594 3503 4657 ἀναϐὰς
3526 4592 3629 4663 τῆς
3663 4591 3741 4644 δι-

2175 4697 2514 4774 καιοκρισίας
2568 4711 2658 4751 σου
2714 4692 2920 4771 θρόνον,
2968 4689 3248 4759 ’Υψώθητι
3291 4690 3324 4741 ό
3371 4687 3594 4755 κρίνων
3633 4682 3743 4750 τὴν

2175 4789 2312 4863 γῆν,
2336 4788 2448 4852 καὶ,
2476 4786 2703 4852 ἀπόδος
2732 4781 3136 4842 ἀνταπόδοσιν
3168 4777 3291 4845 τοῖς
3315 4775 3740 4846 ὑπερηφάνοις,

2176 4884 2290 4953 τὴν
2326 4882 2505 4947 ἀξίαν
2547 4878 2747 4946 αὐτοῖς
2772 4874 3096 4940 ἀποδιδοὺς
3128 4871 3427 4943 τιμωρίαν.
3477 4869 3593 4922 Νῦν
3639 4867 3742 4937 γάρ

2179 4992 2272 5029 σου
2325 4972 2487 5028 αὑτοῦ
2553 4969 3128 5047 καταπεφρονήκασιν,
3181 4964 3258 5027 ὡς
3324 4961 3489 5034 μηδὲν
3548 4956 3742 5029 ὑψηλὸν

2178 5068 2409 5139 ἔχοντος,
2445 5065 2577 5137 μηδὲ
2609 5058 2861 5139 ὁρῶντος,
2896 5059 3028 5130 μηδὲ
3062 5056 3335 5134 κρίνοντος
3361 5053 3461 5124 τὴν
3495 5052 3616 5122 γῆν.
3660 5048 3743 5102 Διὸ

2180 5157 2274 5215 καὶ
2324 5156 2522 5233 ἄκριτα
2581 5154 2674 5207 καὶ
2724 5153 3034 5229 ἀπρονόητα
3082 5147 3443 5218 ὑπειλήφασιν
3489 5141 3628 5197 εἶναι
3683 5142 3746 5195 τὰ

2180 5247 2319 5301 κατὰ
2348 5248 2437 5299 τὸν
2473 5245 2674 5300 ἑαυτῶν
2711 5244 2840 5315 βίον.
2886 5239 3026 5295 ’Δλῖ
3074 5240 3183 5311 ἐγὼ
3213 5240 3313 5311 τῆς
3356 5236 3610 5300 ἀσεϐείας
3659 5235 3750 5288 a6-

2180 5339 2287 5392 τῶν
2337 5337 2610 5409 ἀλλότριος
2658 5332 2793 5388 εἶναι
2835 5335 3142 5405 εὐχόμενος,
3180 5332 3499 5403 πέπεισμαι,
3555 5329 3636 5381 ὅτι
3690 5324 3747 5378 σὺ

2178 5431 2310 5493 Θεὸς
2337 5429 2685 5500 ἐκδικήσεων,
2717 5430 2752 5500 ἢ
2785 5428 2879 5482 καὶ
2931 5428 2995 5480 σὺ
3033 5420 3083 5479 εἷ
3126 5427 3154 5477 ό
3196 5424 3394 5500 κρίνων
3431 5424 3612 5475 πᾶσαν
3658 5417 3750 5489 τὴν

2181 5523 2302 5593 γῆν.
2337 5522 2398 5574 Ei
2426 5521 2534 5595 γὰρ
2579 5520 2672 5574 καὶ
2716 5521 2991 5582 ταπεινοῖς
3025 5517 3268 5580 σεαυτὸν,
3300 5515 3628 5587 xpetit/atqu
3662 5510 3752 5565 καὶ

2181 5615 2345 5683 ἀνοχῇ
2395 5614 2488 5665 καὶ
2536 5611 2883 5683 μακροουμίᾳ⁴
2928 5610 3225 5681 χρώμενος.
3272 5603 3486 5675 ἐπέχὲις
3544 5620 3601 5658 τε
3658 5601 3753 5671 τὴν

2188 5703 2328 5759 κατὰ
2369 5701 2476 5757 τῶν
2519 5702 2727 5761 ἀσεϐῶν
2771 5703 2973 5775 ὀργήνι
3019 5698 3141 5782 ἀλλ’⁸
3167 5697 3275 5773 ἐγὼ
3326 5694 3627 5763 πιστεύων,
3675 5693 3753 5747 δτι
