  <div class='ocr_page' id='page_1' title='image "/cluster/home/n/w/nwhite01/storage/ocr_20150623/23/hvd.32044073501116/605.png"; bbox 0 0 3990 6202; ppageno 0'>
   <div class='ocr_carea' id='block_1_1' title="bbox 440 226 614 300">
    <p class='ocr_par' dir='ltr' id='par_1_1' title="bbox 440 226 614 300">
     <span class='ocr_line' id='line_1_1' title="bbox 440 226 614 300; baseline 0.023 -4"><span class='ocrx_word' id='word_1_1' title='bbox 440 226 614 300; x_wconf 55' lang='grc' dir='ltr'>νιιθθ</span> 
     </span>
    </p>
   </div>
   <div class='ocr_carea' id='block_1_2' title="bbox 1135 225 2998 305">
    <p class='ocr_par' dir='ltr' id='par_1_2' title="bbox 1135 225 2998 305">
     <span class='ocr_line' id='line_1_2' title="bbox 1135 225 2998 305; baseline 0.001 -6"><span class='ocrx_word' id='word_1_2' title='bbox 1135 243 1399 300; x_wconf 75' lang='lat' dir='ltr'><strong>EUSEBH</strong></span> <span class='ocrx_word' id='word_1_3' title='bbox 1422 243 1914 305; x_wconf 68' lang='lat' dir='ltr'><strong>C£SARIENSIS</strong></span> <span class='ocrx_word' id='word_1_4' title='bbox 1951 246 2100 304; x_wconf 82' lang='lat' dir='ltr'><strong>OPP.</strong></span> <span class='ocrx_word' id='word_1_5' title='bbox 2144 225 2323 305; x_wconf 63' lang='lat' dir='ltr'><strong>PARS</strong></span> <span class='ocrx_word' id='word_1_6' title='bbox 2358 247 2444 305; x_wconf 84' lang='lat' dir='ltr'><strong>lll.</strong></span> <span class='ocrx_word' id='word_1_7' title='bbox 2488 280 2556 289; x_wconf 88' lang='lat'><em>--</em></span> <span class='ocrx_word' id='word_1_8' title='bbox 2585 245 2998 304; x_wconf 77' lang='lat' dir='ltr'><strong>EXEGETICA.</strong></span> 
     </span>
    </p>
   </div>
   <div class='ocr_carea' id='block_1_3' title="bbox 3542 230 3685 303">
    <p class='ocr_par' dir='ltr' id='par_1_3' title="bbox 3542 230 3685 303">
     <span class='ocr_line' id='line_1_3' title="bbox 3542 230 3685 303; baseline 0.028 -4"><span class='ocrx_word' id='word_1_9' title='bbox 3542 230 3685 303; x_wconf 66' lang='lat' dir='ltr'><strong>nos</strong></span> 
     </span>
    </p>
   </div>
   <div class='ocr_carea' id='block_1_4' title="bbox 432 340 2031 435">
    <p class='ocr_par' dir='ltr' id='par_1_4' title="bbox 432 340 2031 432">
     <span class='ocr_line' id='line_1_4' title="bbox 432 340 2031 432; baseline 0.003 -17"><span class='ocrx_word' id='word_1_10' title='bbox 432 370 451 381; x_wconf 74' lang='lat'>‘</span> <span class='ocrx_word' id='word_1_11' title='bbox 476 358 629 425; x_wconf 69' lang='lat' dir='ltr'><strong>caeci,</strong></span> <span class='ocrx_word' id='word_1_12' title='bbox 663 351 838 430; x_wconf 79' lang='lat' dir='ltr'><strong>potest</strong></span> <span class='ocrx_word' id='word_1_13' title='bbox 865 340 975 413; x_wconf 82' lang='lat' dir='ltr'><strong>non</strong></span> <span class='ocrx_word' id='word_1_14' title='bbox 1008 356 1189 416; x_wconf 77' lang='lat' dir='ltr'><strong>videre</strong></span> <span class='ocrx_word' id='word_1_15' title='bbox 1214 369 1267 414; x_wconf 90' lang='lat' dir='ltr'><strong>et</strong></span> <span class='ocrx_word' id='word_1_16' title='bbox 1300 377 1406 416; x_wconf 88' lang='lat' dir='ltr'><strong>non</strong></span> <span class='ocrx_word' id='word_1_17' title='bbox 1442 361 1647 425; x_wconf 86' lang='lat' dir='ltr'><strong>audire,</strong></span> <span class='ocrx_word' id='word_1_18' title='bbox 1671 364 1763 432; x_wconf 87' lang='lat' dir='ltr'><strong>qui</strong></span> <span class='ocrx_word' id='word_1_19' title='bbox 1792 364 1905 418; x_wconf 74' lang='lat' dir='ltr'><strong>lucc</strong></span> <span class='ocrx_word' id='word_1_20' title='bbox 1924 380 2031 419; x_wconf 87' lang='lat' dir='ltr'><strong>non</strong></span> 
     </span>
    </p>
   </div>
   <div class='ocr_carea' id='block_1_5' title="bbox 2130 340 3701 435">
    <p class='ocr_par' dir='ltr' id='par_1_5' title="bbox 2136 344 3701 435">
     <span class='ocr_line' id='line_1_5' title="bbox 2136 344 3701 435; baseline -0.001 -15"><span class='ocrx_word' id='word_1_21' title='bbox 2136 366 2315 431; x_wconf 83' lang='grc' dir='ltr'>κότας·</span> <span class='ocrx_word' id='word_1_22' title='bbox 2333 368 2449 420; x_wconf 77' lang='grc' dir='ltr'><strong>Οὐκ</strong></span> <span class='ocrx_word' id='word_1_23' title='bbox 2462 365 2667 435; x_wconf 68' lang='grc' dir='ltr'>ὄψεται</span> <span class='ocrx_word' id='word_1_24' title='bbox 2685 368 2717 418; x_wconf 81' lang='grc' dir='ltr'><em>ὁ</em></span> <span class='ocrx_word' id='word_1_25' title='bbox 2728 344 2959 434; x_wconf 69' lang='grc' dir='ltr'>Κύριος,</span> <span class='ocrx_word' id='word_1_26' title='bbox 2976 362 3115 418; x_wconf 73' lang='grc' dir='ltr'>οὐδὲ</span> <span class='ocrx_word' id='word_1_27' title='bbox 3130 345 3383 430; x_wconf 72' lang='grc' dir='ltr'>συνῆσει</span> <span class='ocrx_word' id='word_1_28' title='bbox 3397 366 3430 418; x_wconf 81' lang='grc' dir='ltr'><strong>ό</strong></span> <span class='ocrx_word' id='word_1_29' title='bbox 3445 362 3578 430; x_wconf 80' lang='grc' dir='ltr'>Θεὸς</span> <span class='ocrx_word' id='word_1_30' title='bbox 3588 365 3701 419; x_wconf 81' lang='grc' dir='ltr'>τοῦ</span> 
     </span>
    </p>
   </div>
   <div class='ocr_carea' id='block_1_6' title="bbox 475 450 2036 526">
    <p class='ocr_par' dir='ltr' id='par_1_6' title="bbox 475 450 2036 526">
     <span class='ocr_line' id='line_1_6' title="bbox 475 450 2036 526; baseline -0.001 -17"><span class='ocrx_word' id='word_1_31' title='bbox 475 454 800 510; x_wconf 87' lang='lat' dir='ltr'><strong>habentibus</strong></span> <span class='ocrx_word' id='word_1_32' title='bbox 837 452 1111 522; x_wconf 73' lang='lat' dir='ltr'><strong>impertit?</strong></span> <span class='ocrx_word' id='word_1_33' title='bbox 1143 450 1273 506; x_wconf 85' lang='lat' dir='ltr'><strong>Nam</strong></span> <span class='ocrx_word' id='word_1_34' title='bbox 1328 454 1375 507; x_wconf 90' lang='lat' dir='ltr'><strong>is</strong></span> <span class='ocrx_word' id='word_1_35' title='bbox 1419 460 1566 509; x_wconf 90' lang='lat' dir='ltr'><strong>certe</strong></span> <span class='ocrx_word' id='word_1_36' title='bbox 1604 455 1697 524; x_wconf 88' lang='lat' dir='ltr'><strong>qui</strong></span> <span class='ocrx_word' id='word_1_37' title='bbox 1732 455 1856 510; x_wconf 91' lang='lat' dir='ltr'><strong>aliis</strong></span> <span class='ocrx_word' id='word_1_38' title='bbox 1884 456 2036 526; x_wconf 82' lang='lat' dir='ltr'><strong>quid-</strong></span> 
     </span>
    </p>
   </div>
   <div class='ocr_carea' id='block_1_7' title="bbox 476 541 2035 615">
    <p class='ocr_par' dir='ltr' id='par_1_7' title="bbox 476 541 2035 615">
     <span class='ocr_line' id='line_1_7' title="bbox 476 541 2035 615; baseline 0.001 -17"><span class='ocrx_word' id='word_1_39' title='bbox 476 544 617 614; x_wconf 87' lang='lat' dir='ltr'><strong>piam</strong></span> <span class='ocrx_word' id='word_1_40' title='bbox 646 542 945 612; x_wconf 74' lang='lat' dir='ltr'><strong>elargitur,</strong></span> <span class='ocrx_word' id='word_1_41' title='bbox 1006 542 1156 612; x_wconf 90' lang='lat' dir='ltr'><strong>prior</strong></span> <span class='ocrx_word' id='word_1_42' title='bbox 1203 543 1388 612; x_wconf 88' lang='lat' dir='ltr'><strong>utique</strong></span> <span class='ocrx_word' id='word_1_43' title='bbox 1439 541 1601 598; x_wconf 88' lang='lat' dir='ltr'><strong>habet</strong></span> <span class='ocrx_word' id='word_1_44' title='bbox 1646 557 1710 599; x_wconf 89' lang='lat' dir='ltr'><strong>ea</strong></span> <span class='ocrx_word' id='word_1_45' title='bbox 1757 560 1878 615; x_wconf 67' lang='lat' dir='ltr'><strong>qua:</strong></span> <span class='ocrx_word' id='word_1_46' title='bbox 1914 547 2035 601; x_wconf 87' lang='lat' dir='ltr'><strong>aliis</strong></span> 
     </span>
    </p>
   </div>
   <div class='ocr_carea' id='block_1_8' title="bbox 475 631 2036 706">
    <p class='ocr_par' dir='ltr' id='par_1_8' title="bbox 475 631 2036 706">
     <span class='ocr_line' id='line_1_8' title="bbox 475 631 2036 706; baseline 0.001 -16"><span class='ocrx_word' id='word_1_47' title='bbox 475 634 858 690; x_wconf 80' lang='lat' dir='ltr'><strong>communicat.</strong></span> <span class='ocrx_word' id='word_1_48' title='bbox 901 631 995 688; x_wconf 86' lang='lat' dir='ltr'><strong>Est</strong></span> <span class='ocrx_word' id='word_1_49' title='bbox 1047 649 1209 703; x_wconf 85' lang='lat' dir='ltr'><strong>porro</strong></span> <span class='ocrx_word' id='word_1_50' title='bbox 1251 650 1428 689; x_wconf 85' lang='lat' dir='ltr'><strong>sermo</strong></span> <span class='ocrx_word' id='word_1_51' title='bbox 1455 635 1751 705; x_wconf 77' lang='lat' dir='ltr'><strong>syllogismi</strong></span> <span class='ocrx_word' id='word_1_52' title='bbox 1787 638 1893 691; x_wconf 91' lang='lat' dir='ltr'><strong>ritu</strong></span> <span class='ocrx_word' id='word_1_53' title='bbox 1918 651 2036 706; x_wconf 76' lang='lat' dir='ltr'><strong>pto-</strong></span> 
     </span>
    </p>
   </div>
   <div class='ocr_carea' id='block_1_9' title="bbox 476 723 2034 796">
    <p class='ocr_par' dir='ltr' id='par_1_9' title="bbox 476 723 2034 796">
     <span class='ocr_line' id='line_1_9' title="bbox 476 723 2034 796; baseline 0.001 -16"><span class='ocrx_word' id='word_1_54' title='bbox 476 723 617 780; x_wconf 88' lang='lat' dir='ltr'><strong>latns</strong></span> <span class='ocrx_word' id='word_1_55' title='bbox 673 732 727 779; x_wconf 90' lang='lat' dir='ltr'><strong>et</strong></span> <span class='ocrx_word' id='word_1_56' title='bbox 786 726 1146 780; x_wconf 77' lang='lat' dir='ltr'><strong>concinnatus</strong></span> <span class='ocrx_word' id='word_1_57' title='bbox 1204 725 1271 780; x_wconf 88' lang='lat' dir='ltr'><strong>ad</strong></span> <span class='ocrx_word' id='word_1_58' title='bbox 1331 727 1680 796; x_wconf 76' lang='lat' dir='ltr'><strong>providentia:</strong></span> <span class='ocrx_word' id='word_1_59' title='bbox 1727 727 2034 783; x_wconf 83' lang='lat' dir='ltr'><strong>doctrinam</strong></span> 
     </span>
    </p>
   </div>
   <div class='ocr_carea' id='block_1_10' title="bbox 473 816 2034 886">
    <p class='ocr_par' dir='ltr' id='par_1_10' title="bbox 473 816 2034 886">
     <span class='ocr_line' id='line_1_10' title="bbox 473 816 2034 886; baseline 0.001 -14"><span class='ocrx_word' id='word_1_60' title='bbox 473 816 950 886; x_wconf 77' lang='lat' dir='ltr'><strong>comprobandum.</strong></span> <span class='ocrx_word' id='word_1_61' title='bbox 1000 816 1103 870; x_wconf 81' lang='lat' dir='ltr'><strong>Par</strong></span> <span class='ocrx_word' id='word_1_62' title='bbox 1145 825 1321 870; x_wconf 79' lang='lat' dir='ltr'><strong>autem</strong></span> <span class='ocrx_word' id='word_1_63' title='bbox 1360 826 1475 872; x_wconf 89' lang='lat' dir='ltr'><strong>erat</strong></span> <span class='ocrx_word' id='word_1_64' title='bbox 1502 818 1568 885; x_wconf 81' lang='lat' dir='ltr'><strong>iis</strong></span> <span class='ocrx_word' id='word_1_65' title='bbox 1597 818 1830 874; x_wconf 77' lang='lat' dir='ltr'><strong>maxime</strong></span> <span class='ocrx_word' id='word_1_66' title='bbox 1885 820 2034 877; x_wconf 82' lang='lat' dir='ltr'><strong>Scri-</strong></span> 
     </span>
    </p>
   </div>
   <div class='ocr_carea' id='block_1_11' title="bbox 471 907 2031 980">
    <p class='ocr_par' dir='ltr' id='par_1_11' title="bbox 471 907 2031 980">
     <span class='ocr_line' id='line_1_11' title="bbox 471 907 2031 980; baseline 0.001 -18"><span class='ocrx_word' id='word_1_67' title='bbox 471 916 644 980; x_wconf 60' lang='lat' dir='ltr'><strong>ptura:</strong></span> <span class='ocrx_word' id='word_1_68' title='bbox 670 907 867 962; x_wconf 65' lang='lat' dir='ltr'><strong>divina:</strong></span> <span class='ocrx_word' id='word_1_69' title='bbox 890 908 1023 963; x_wconf 89' lang='lat' dir='ltr'><strong>locis</strong></span> <span class='ocrx_word' id='word_1_70' title='bbox 1044 909 1280 963; x_wconf 87' lang='lat' dir='ltr'><strong>animum</strong></span> <span class='ocrx_word' id='word_1_71' title='bbox 1310 909 1585 972; x_wconf 87' lang='lat' dir='ltr'><strong>adhibere,</strong></span> <span class='ocrx_word' id='word_1_72' title='bbox 1611 915 1670 964; x_wconf 93' lang='lat' dir='ltr'><strong>ut</strong></span> <span class='ocrx_word' id='word_1_73' title='bbox 1694 909 2031 974; x_wconf 84' lang='lat' dir='ltr'><strong>ostendatur,</strong></span> 
     </span>
    </p>
   </div>
   <div class='ocr_carea' id='block_1_12' title="bbox 468 1000 2033 1065">
    <p class='ocr_par' dir='ltr' id='par_1_12' title="bbox 468 1000 2033 1065">
     <span class='ocr_line' id='line_1_12' title="bbox 468 1000 2033 1065; baseline 0 -9"><span class='ocrx_word' id='word_1_74' title='bbox 468 1015 580 1056; x_wconf 86' lang='lat' dir='ltr'><strong>non</strong></span> <span class='ocrx_word' id='word_1_75' title='bbox 612 1000 823 1055; x_wconf 82' lang='lat' dir='ltr'><strong>ratione</strong></span> <span class='ocrx_word' id='word_1_76' title='bbox 867 1016 1091 1055; x_wconf 77' lang='lat' dir='ltr'><strong>vacuam</strong></span> <span class='ocrx_word' id='word_1_77' title='bbox 1136 1002 1209 1055; x_wconf 88' lang='lat' dir='ltr'><strong>ibi</strong></span> <span class='ocrx_word' id='word_1_78' title='bbox 1253 1000 1411 1055; x_wconf 80' lang='lat' dir='ltr'><strong>fidem</strong></span> <span class='ocrx_word' id='word_1_79' title='bbox 1460 1002 1618 1057; x_wconf 89' lang='lat' dir='ltr'><strong>nobis</strong></span> <span class='ocrx_word' id='word_1_80' title='bbox 1668 1000 1889 1065; x_wconf 70' lang='lat' dir='ltr'><strong>oll‘erri,</strong></span> <span class='ocrx_word' id='word_1_81' title='bbox 1937 1001 2033 1056; x_wconf 85' lang='lat' dir='ltr'><strong>sed</strong></span> 
     </span>
    </p>
   </div>
   <div class='ocr_carea' id='block_1_13' title="bbox 469 1092 2035 1166">
    <p class='ocr_par' dir='ltr' id='par_1_13' title="bbox 469 1092 2035 1166">
     <span class='ocr_line' id='line_1_13' title="bbox 469 1092 2035 1166; baseline 0 -17"><span class='ocrx_word' id='word_1_82' title='bbox 469 1093 634 1149; x_wconf 89' lang='lat' dir='ltr'><strong>claris</strong></span> <span class='ocrx_word' id='word_1_83' title='bbox 662 1092 965 1147; x_wconf 75' lang='lat' dir='ltr'><strong>ratiociniis</strong></span> <span class='ocrx_word' id='word_1_84' title='bbox 1018 1100 1070 1147; x_wconf 82' lang='lat' dir='ltr'><strong>et</strong></span> <span class='ocrx_word' id='word_1_85' title='bbox 1121 1093 1677 1151; x_wconf 83' lang='lat' dir='ltr'><strong>demonstrationibus</strong></span> <span class='ocrx_word' id='word_1_86' title='bbox 1711 1095 1898 1166; x_wconf 75' lang='lat' dir='ltr'><strong>logicis</strong></span> <span class='ocrx_word' id='word_1_87' title='bbox 1942 1094 2035 1149; x_wconf 91' lang='lat' dir='ltr'><strong>do-</strong></span> 
     </span>
    </p>
   </div>
   <div class='ocr_carea' id='block_1_14' title="bbox 468 1182 2032 1241">
    <p class='ocr_par' dir='ltr' id='par_1_14' title="bbox 468 1182 2032 1241">
     <span class='ocr_line' id='line_1_14' title="bbox 468 1182 2032 1241; baseline 0.002 -5"><span class='ocrx_word' id='word_1_88' title='bbox 468 1182 657 1237; x_wconf 70' lang='lat' dir='ltr'><strong>ctrina:</strong></span> <span class='ocrx_word' id='word_1_89' title='bbox 686 1183 993 1238; x_wconf 88' lang='lat' dir='ltr'><strong>testimonia</strong></span> <span class='ocrx_word' id='word_1_90' title='bbox 1023 1183 1289 1238; x_wconf 79' lang='lat' dir='ltr'><strong>exhiberi.</strong></span> <span class='ocrx_word' id='word_1_91' title='bbox 1325 1184 1587 1239; x_wconf 71' lang='lat' dir='ltr'><strong>Sexcenta</strong></span> <span class='ocrx_word' id='word_1_92' title='bbox 1618 1192 1798 1239; x_wconf 85' lang='lat' dir='ltr'><strong>autem</strong></span> <span class='ocrx_word' id='word_1_93' title='bbox 1830 1186 2032 1241; x_wconf 84' lang='lat' dir='ltr'><strong>similia</strong></span> 
     </span>
    </p>
   </div>
   <div class='ocr_carea' id='block_1_15' title="bbox 469 1272 2033 1347">
    <p class='ocr_par' dir='ltr' id='par_1_15' title="bbox 469 1272 2033 1347">
     <span class='ocr_line' id='line_1_15' title="bbox 469 1272 2033 1347; baseline 0.003 -22"><span class='ocrx_word' id='word_1_94' title='bbox 469 1272 524 1326; x_wconf 89' lang='lat' dir='ltr'><strong>in</strong></span> <span class='ocrx_word' id='word_1_95' title='bbox 550 1272 723 1328; x_wconf 91' lang='lat' dir='ltr'><strong>sacris</strong></span> <span class='ocrx_word' id='word_1_96' title='bbox 749 1272 935 1328; x_wconf 87' lang='lat' dir='ltr'><strong>Bibliis</strong></span> <span class='ocrx_word' id='word_1_97' title='bbox 964 1288 1263 1343; x_wconf 80' lang='lat' dir='ltr'><strong>conspersa</strong></span> <span class='ocrx_word' id='word_1_98' title='bbox 1288 1282 1437 1328; x_wconf 86' lang='lat' dir='ltr'><strong>sunt.</strong></span> <span class='ocrx_word' id='word_1_99' title='bbox 1473 1273 1813 1347; x_wconf 78' lang='lat' dir='ltr'><strong>Syllogismis</strong></span> <span class='ocrx_word' id='word_1_100' title='bbox 1850 1275 2033 1347; x_wconf 84' lang='lat' dir='ltr'><strong>itaque</strong></span> 
     </span>
    </p>
   </div>
   <div class='ocr_carea' id='block_1_16' title="bbox 466 1362 2034 1433">
    <p class='ocr_par' dir='ltr' id='par_1_16' title="bbox 466 1362 2034 1433">
     <span class='ocr_line' id='line_1_16' title="bbox 466 1362 2034 1433; baseline 0.003 -18"><span class='ocrx_word' id='word_1_101' title='bbox 466 1362 665 1431; x_wconf 89' lang='lat' dir='ltr'><strong>impios</strong></span> <span class='ocrx_word' id='word_1_102' title='bbox 692 1371 745 1416; x_wconf 91' lang='lat' dir='ltr'><strong>et</strong></span> <span class='ocrx_word' id='word_1_103' title='bbox 783 1362 973 1418; x_wconf 86' lang='lat' dir='ltr'><strong>atheos</strong></span> <span class='ocrx_word' id='word_1_104' title='bbox 1014 1362 1278 1426; x_wconf 86' lang='lat' dir='ltr'><strong>confutat,</strong></span> <span class='ocrx_word' id='word_1_105' title='bbox 1302 1363 1395 1433; x_wconf 90' lang='lat' dir='ltr'><strong>qui</strong></span> <span class='ocrx_word' id='word_1_106' title='bbox 1423 1363 1673 1418; x_wconf 84' lang='lat' dir='ltr'><strong>dicebant</strong></span> <span class='ocrx_word' id='word_1_107' title='bbox 1722 1364 1887 1419; x_wconf 84' lang='lat' dir='ltr'><strong>Deum</strong></span> <span class='ocrx_word' id='word_1_108' title='bbox 1938 1364 2034 1419; x_wconf 80' lang='lat' dir='ltr'><strong>bu-</strong></span> 
     </span>
    </p>
   </div>
   <div class='ocr_carea' id='block_1_17' title="bbox 467 1452 2033 1524">
    <p class='ocr_par' dir='ltr' id='par_1_17' title="bbox 467 1452 2033 1524">
     <span class='ocr_line' id='line_1_17' title="bbox 467 1452 2033 1524; baseline 0.003 -19"><span class='ocrx_word' id='word_1_109' title='bbox 467 1465 628 1506; x_wconf 87' lang='lat' dir='ltr'><strong>mana</strong></span> <span class='ocrx_word' id='word_1_110' title='bbox 652 1468 758 1507; x_wconf 88' lang='lat' dir='ltr'><strong>non</strong></span> <span class='ocrx_word' id='word_1_111' title='bbox 787 1453 1074 1523; x_wconf 88' lang='lat' dir='ltr'><strong>respicere.</strong></span> <span class='ocrx_word' id='word_1_112' title='bbox 1103 1452 1247 1510; x_wconf 87' lang='lat' dir='ltr'><strong>Heus</strong></span> <span class='ocrx_word' id='word_1_113' title='bbox 1273 1469 1392 1518; x_wconf 85' lang='lat' dir='ltr'><strong>vos,</strong></span> <span class='ocrx_word' id='word_1_114' title='bbox 1426 1454 1621 1524; x_wconf 88' lang='lat' dir='ltr'><strong>inquit,</strong></span> <span class='ocrx_word' id='word_1_115' title='bbox 1647 1455 2033 1510; x_wconf 87' lang='lat' dir='ltr'><strong>animaliumne</strong></span> 
     </span>
    </p>
   </div>
   <div class='ocr_carea' id='block_1_18' title="bbox 468 1544 2030 1617">
    <p class='ocr_par' dir='ltr' id='par_1_18' title="bbox 468 1544 2030 1617">
     <span class='ocr_line' id='line_1_18' title="bbox 468 1544 2030 1617; baseline 0.002 -19"><span class='ocrx_word' id='word_1_116' title='bbox 468 1550 664 1598; x_wconf 85' lang='lat' dir='ltr'><strong>natura</strong></span> <span class='ocrx_word' id='word_1_117' title='bbox 701 1560 799 1614; x_wconf 86' lang='lat' dir='ltr'><strong>per</strong></span> <span class='ocrx_word' id='word_1_118' title='bbox 838 1559 897 1598; x_wconf 89' lang='lat' dir='ltr'><strong>se</strong></span> <span class='ocrx_word' id='word_1_119' title='bbox 924 1552 1115 1617; x_wconf 81' lang='lat' dir='ltr'><strong>sponte</strong></span> <span class='ocrx_word' id='word_1_120' title='bbox 1143 1546 1407 1608; x_wconf 84' lang='lat' dir='ltr'><strong>substitit.</strong></span> <span class='ocrx_word' id='word_1_121' title='bbox 1439 1561 1506 1600; x_wconf 91' lang='lat' dir='ltr'><strong>an</strong></span> <span class='ocrx_word' id='word_1_122' title='bbox 1535 1560 1565 1599; x_wconf 90' lang='lat' dir='ltr'><strong>a</strong></span> <span class='ocrx_word' id='word_1_123' title='bbox 1601 1544 1832 1617; x_wconf 83' lang='lat' dir='ltr'><strong>quadam</strong></span> <span class='ocrx_word' id='word_1_124' title='bbox 1866 1561 2030 1603; x_wconf 86' lang='lat' dir='ltr'><strong>causa</strong></span> 
     </span>
    </p>
   </div>
   <div class='ocr_carea' id='block_1_19' title="bbox 470 1635 2032 1706">
    <p class='ocr_par' dir='ltr' id='par_1_19' title="bbox 470 1635 2032 1706">
     <span class='ocr_line' id='line_1_19' title="bbox 470 1635 2032 1706; baseline 0.003 -19"><span class='ocrx_word' id='word_1_125' title='bbox 470 1635 686 1688; x_wconf 89' lang='lat' dir='ltr'><strong>condita</strong></span> <span class='ocrx_word' id='word_1_126' title='bbox 716 1635 833 1689; x_wconf 85' lang='lat' dir='ltr'><strong>est?</strong></span> <span class='ocrx_word' id='word_1_127' title='bbox 858 1636 903 1690; x_wconf 81' lang='lat' dir='ltr'><strong>si</strong></span> <span class='ocrx_word' id='word_1_128' title='bbox 926 1635 1140 1689; x_wconf 79' lang='lat' dir='ltr'><strong>dicatur</strong></span> <span class='ocrx_word' id='word_1_129' title='bbox 1175 1636 1319 1690; x_wconf 87' lang='lat' dir='ltr'><strong>enim</strong></span> <span class='ocrx_word' id='word_1_130' title='bbox 1351 1643 1549 1690; x_wconf 82' lang='lat' dir='ltr'><strong>temere</strong></span> <span class='ocrx_word' id='word_1_131' title='bbox 1568 1675 1583 1699; x_wconf 90' lang='lat'><strong>,</strong></span> <span class='ocrx_word' id='word_1_132' title='bbox 1637 1651 1701 1689; x_wconf 88' lang='lat' dir='ltr'><strong>ac</strong></span> <span class='ocrx_word' id='word_1_133' title='bbox 1730 1645 1874 1691; x_wconf 85' lang='lat' dir='ltr'><strong>sorte</strong></span> <span class='ocrx_word' id='word_1_134' title='bbox 1896 1651 2032 1706; x_wconf 81' lang='lat' dir='ltr'><strong>qua—</strong></span> 
     </span>
    </p>
   </div>
   <div class='ocr_carea' id='block_1_20' title="bbox 469 1704 2103 1797">
    <p class='ocr_par' dir='ltr' id='par_1_20' title="bbox 469 1704 2103 1797">
     <span class='ocr_line' id='line_1_20' title="bbox 469 1704 2103 1797; baseline 0.001 -17"><span class='ocrx_word' id='word_1_135' title='bbox 469 1725 616 1791; x_wconf 91' lang='lat' dir='ltr'><strong>dam,</strong></span> <span class='ocrx_word' id='word_1_136' title='bbox 650 1728 766 1781; x_wconf 84' lang='lat' dir='ltr'><strong>sine</strong></span> <span class='ocrx_word' id='word_1_137' title='bbox 792 1727 1003 1782; x_wconf 83' lang='lat' dir='ltr'><strong>ratione</strong></span> <span class='ocrx_word' id='word_1_138' title='bbox 1046 1736 1101 1782; x_wconf 89' lang='lat' dir='ltr'><strong>et</strong></span> <span class='ocrx_word' id='word_1_139' title='bbox 1142 1735 1333 1797; x_wconf 87' lang='lat' dir='ltr'><strong>sponte</strong></span> <span class='ocrx_word' id='word_1_140' title='bbox 1382 1742 1480 1783; x_wconf 91' lang='lat' dir='ltr'><strong>sua</strong></span> <span class='ocrx_word' id='word_1_141' title='bbox 1512 1727 1621 1781; x_wconf 79' lang='lat' dir='ltr'><strong>vita</strong></span> <span class='ocrx_word' id='word_1_142' title='bbox 1669 1704 1939 1783; x_wconf 80' lang='lat' dir='ltr'><strong>carentem</strong></span> <span class='ocrx_word' id='word_1_143' title='bbox 1976 1736 2031 1783; x_wconf 90' lang='lat' dir='ltr'><strong>et</strong></span> <span class='ocrx_word' id='word_1_144' title='bbox 2064 1704 2103 1759; x_wconf 77' lang='grc' dir='ltr'><strong><em>Β</em></strong></span> 
     </span>
    </p>
   </div>
   <div class='ocr_carea' id='block_1_21' title="bbox 470 1816 2032 1895">
    <p class='ocr_par' dir='ltr' id='par_1_21' title="bbox 470 1816 2032 1895">
     <span class='ocr_line' id='line_1_21' title="bbox 470 1816 2032 1895; baseline 0.003 -24"><span class='ocrx_word' id='word_1_145' title='bbox 470 1816 822 1871; x_wconf 83' lang='lat' dir='ltr'><strong>inanimatam</strong></span> <span class='ocrx_word' id='word_1_146' title='bbox 850 1819 1130 1873; x_wconf 90' lang='lat' dir='ltr'><strong>materiam</strong></span> <span class='ocrx_word' id='word_1_147' title='bbox 1161 1826 1243 1895; x_wconf 81' lang='lat' dir='ltr'><strong>tot</strong></span> <span class='ocrx_word' id='word_1_148' title='bbox 1271 1817 1549 1882; x_wconf 84' lang='lat' dir='ltr'><strong>animalia,</strong></span> <span class='ocrx_word' id='word_1_149' title='bbox 1576 1824 1632 1872; x_wconf 86' lang='lat' dir='ltr'><strong>et</strong></span> <span class='ocrx_word' id='word_1_150' title='bbox 1670 1818 1900 1889; x_wconf 78' lang='lat' dir='ltr'><strong>singulis</strong></span> <span class='ocrx_word' id='word_1_151' title='bbox 1938 1834 2032 1889; x_wconf 80' lang='lat' dir='ltr'><strong>ge-</strong></span> 
     </span>
    </p>
   </div>
   <div class='ocr_carea' id='block_1_22' title="bbox 467 1908 2030 1978">
    <p class='ocr_par' dir='ltr' id='par_1_22' title="bbox 467 1908 2030 1978">
     <span class='ocr_line' id='line_1_22' title="bbox 467 1908 2030 1978; baseline -0.001 -11"><span class='ocrx_word' id='word_1_152' title='bbox 467 1911 694 1967; x_wconf 84' lang='lat' dir='ltr'><strong>neribus</strong></span> <span class='ocrx_word' id='word_1_153' title='bbox 716 1911 941 1964; x_wconf 87' lang='lat' dir='ltr'><strong>inditam</strong></span> <span class='ocrx_word' id='word_1_154' title='bbox 973 1908 1279 1978; x_wconf 75' lang='lat' dir='ltr'><strong>huiusmodi</strong></span> <span class='ocrx_word' id='word_1_155' title='bbox 1306 1910 1746 1964; x_wconf 80' lang='lat' dir='ltr'><strong>constitutionem</strong></span> <span class='ocrx_word' id='word_1_156' title='bbox 1766 1949 1781 1974; x_wconf 90' lang='lat'><strong>,</strong></span> <span class='ocrx_word' id='word_1_157' title='bbox 1826 1909 2030 1966; x_wconf 91' lang='lat' dir='ltr'><strong>formas</strong></span> 
     </span>
    </p>
   </div>
   <div class='ocr_carea' id='block_1_23' title="bbox 470 1999 2028 2072">
    <p class='ocr_par' dir='ltr' id='par_1_23' title="bbox 470 1999 2028 2072">
     <span class='ocr_line' id='line_1_23' title="bbox 470 1999 2028 2072; baseline -0.003 -14"><span class='ocrx_word' id='word_1_158' title='bbox 470 2005 600 2058; x_wconf 89' lang='lat' dir='ltr'><strong>item</strong></span> <span class='ocrx_word' id='word_1_159' title='bbox 645 2010 699 2058; x_wconf 91' lang='lat' dir='ltr'><strong>et</strong></span> <span class='ocrx_word' id='word_1_160' title='bbox 729 2001 961 2072; x_wconf 84' lang='lat' dir='ltr'><strong>species,</strong></span> <span class='ocrx_word' id='word_1_161' title='bbox 998 2015 1060 2053; x_wconf 90' lang='lat' dir='ltr'><strong>ac</strong></span> <span class='ocrx_word' id='word_1_162' title='bbox 1088 2007 1289 2053; x_wconf 88' lang='lat' dir='ltr'><strong>tantam</strong></span> <span class='ocrx_word' id='word_1_163' title='bbox 1320 1999 1555 2069; x_wconf 85' lang='lat' dir='ltr'><strong>partium</strong></span> <span class='ocrx_word' id='word_1_164' title='bbox 1585 2008 1639 2054; x_wconf 89' lang='lat' dir='ltr'><strong>et</strong></span> <span class='ocrx_word' id='word_1_165' title='bbox 1664 2000 2028 2055; x_wconf 87' lang='lat' dir='ltr'><strong>membrorum</strong></span> 
     </span>
    </p>
   </div>
   <div class='ocr_carea' id='block_1_24' title="bbox 472 2089 2032 2161">
    <p class='ocr_par' dir='ltr' id='par_1_24' title="bbox 472 2089 2032 2161">
     <span class='ocr_line' id='line_1_24' title="bbox 472 2089 2032 2161; baseline -0.003 -13"><span class='ocrx_word' id='word_1_166' title='bbox 472 2093 889 2148; x_wconf 86' lang='lat' dir='ltr'><strong>concinnitatem</strong></span> <span class='ocrx_word' id='word_1_167' title='bbox 916 2132 931 2156; x_wconf 92' lang='lat'><strong>,</strong></span> <span class='ocrx_word' id='word_1_168' title='bbox 989 2089 1407 2161; x_wconf 83' lang='lat' dir='ltr'><strong>pulchritudinis</strong></span> <span class='ocrx_word' id='word_1_169' title='bbox 1463 2090 1774 2145; x_wconf 84' lang='lat' dir='ltr'><strong>varietatem</strong></span> <span class='ocrx_word' id='word_1_170' title='bbox 1799 2132 1814 2156; x_wconf 91' lang='lat'><strong>,</strong></span> <span class='ocrx_word' id='word_1_171' title='bbox 1867 2098 1922 2146; x_wconf 89' lang='lat' dir='ltr'><strong>et</strong></span> <span class='ocrx_word' id='word_1_172' title='bbox 1952 2100 2032 2145; x_wconf 88' lang='lat' dir='ltr'><strong>tot</strong></span> 
     </span>
    </p>
   </div>
   <div class='ocr_carea' id='block_1_25' title="bbox 470 2182 2030 2253">
    <p class='ocr_par' dir='ltr' id='par_1_25' title="bbox 470 2182 2030 2253">
     <span class='ocr_line' id='line_1_25' title="bbox 470 2182 2030 2253; baseline -0.001 -14"><span class='ocrx_word' id='word_1_173' title='bbox 470 2185 783 2241; x_wconf 74' lang='lat' dir='ltr'><strong>discrimina</strong></span> <span class='ocrx_word' id='word_1_174' title='bbox 807 2183 1068 2253; x_wconf 85' lang='lat' dir='ltr'><strong>producta</strong></span> <span class='ocrx_word' id='word_1_175' title='bbox 1103 2197 1258 2246; x_wconf 85' lang='lat' dir='ltr'><strong>esse;</strong></span> <span class='ocrx_word' id='word_1_176' title='bbox 1293 2182 1516 2237; x_wconf 92' lang='lat' dir='ltr'><strong>stultum</strong></span> <span class='ocrx_word' id='word_1_177' title='bbox 1567 2192 1716 2238; x_wconf 91' lang='lat' dir='ltr'><strong>certe</strong></span> <span class='ocrx_word' id='word_1_178' title='bbox 1754 2183 2030 2239; x_wconf 88' lang='lat' dir='ltr'><strong>insanum-</strong></span> 
     </span>
    </p>
   </div>
   <div class='ocr_carea' id='block_1_26' title="bbox 471 2273 2028 2347">
    <p class='ocr_par' dir='ltr' id='par_1_26' title="bbox 471 2273 2028 2347">
     <span class='ocr_line' id='line_1_26' title="bbox 471 2273 2028 2347; baseline -0.003 -16"><span class='ocrx_word' id='word_1_179' title='bbox 471 2293 578 2347; x_wconf 90' lang='lat' dir='ltr'><strong>que</strong></span> <span class='ocrx_word' id='word_1_180' title='bbox 610 2276 768 2331; x_wconf 87' lang='lat' dir='ltr'><strong>fuerit</strong></span> <span class='ocrx_word' id='word_1_181' title='bbox 788 2274 941 2338; x_wconf 89' lang='lat' dir='ltr'><strong>illud,</strong></span> <span class='ocrx_word' id='word_1_182' title='bbox 964 2283 1016 2329; x_wconf 89' lang='lat' dir='ltr'><strong>et</strong></span> <span class='ocrx_word' id='word_1_183' title='bbox 1049 2274 1327 2328; x_wconf 88' lang='lat' dir='ltr'><strong>hominum</strong></span> <span class='ocrx_word' id='word_1_184' title='bbox 1358 2274 1597 2344; x_wconf 88' lang='lat' dir='ltr'><strong>quivere</strong></span> <span class='ocrx_word' id='word_1_185' title='bbox 1625 2273 1805 2328; x_wconf 88' lang='lat' dir='ltr'><strong>anima</strong></span> <span class='ocrx_word' id='word_1_186' title='bbox 1827 2274 2028 2328; x_wconf 89' lang='lat' dir='ltr'><strong>mortui</strong></span> 
     </span>
    </p>
   </div>
   <div class='ocr_carea' id='block_1_27' title="bbox 472 2362 2027 2433">
    <p class='ocr_par' dir='ltr' id='par_1_27' title="bbox 472 2362 2027 2433">
     <span class='ocr_line' id='line_1_27' title="bbox 472 2362 2027 2433; baseline -0.004 -10"><span class='ocrx_word' id='word_1_187' title='bbox 472 2367 692 2433; x_wconf 81' lang='lat' dir='ltr'><strong>fuerint,</strong></span> <span class='ocrx_word' id='word_1_188' title='bbox 720 2364 1100 2420; x_wconf 88' lang='lat' dir='ltr'><strong>&#39;ratiocinium.</strong></span> <span class='ocrx_word' id='word_1_189' title='bbox 1149 2362 1429 2429; x_wconf 85' lang='lat' dir='ltr'><strong>Quomodo</strong></span> <span class='ocrx_word' id='word_1_190' title='bbox 1484 2362 1628 2417; x_wconf 91' lang='lat' dir='ltr'><strong>enim</strong></span> <span class='ocrx_word' id='word_1_191' title='bbox 1672 2362 1816 2432; x_wconf 89' lang='lat' dir='ltr'><strong>quod</strong></span> <span class='ocrx_word' id='word_1_192' title='bbox 1863 2362 2027 2417; x_wconf 87' lang='lat' dir='ltr'><strong>vitam</strong></span> 
     </span>
    </p>
   </div>
   <div class='ocr_carea' id='block_1_28' title="bbox 472 2454 2029 2525">
    <p class='ocr_par' dir='ltr' id='par_1_28' title="bbox 472 2454 2029 2525">
     <span class='ocr_line' id='line_1_28' title="bbox 472 2454 2029 2525; baseline -0.003 -12"><span class='ocrx_word' id='word_1_193' title='bbox 472 2474 581 2513; x_wconf 90' lang='lat' dir='ltr'><strong>non</strong></span> <span class='ocrx_word' id='word_1_194' title='bbox 610 2458 770 2513; x_wconf 86' lang='lat' dir='ltr'><strong>habet</strong></span> <span class='ocrx_word' id='word_1_195' title='bbox 802 2457 958 2511; x_wconf 87' lang='lat' dir='ltr'><strong>alteri</strong></span> <span class='ocrx_word' id='word_1_196' title='bbox 1004 2456 1311 2525; x_wconf 82' lang='lat' dir='ltr'><strong>impertiat?</strong></span> <span class='ocrx_word' id='word_1_197' title='bbox 1338 2463 1431 2508; x_wconf 91' lang='lat' dir='ltr'><strong>aut</strong></span> <span class='ocrx_word' id='word_1_198' title='bbox 1460 2454 1732 2525; x_wconf 89' lang='lat' dir='ltr'><strong>quomodo</strong></span> <span class='ocrx_word' id='word_1_199' title='bbox 1759 2454 2029 2510; x_wconf 90' lang='lat' dir='ltr'><strong>inanima-</strong></span> 
     </span>
    </p>
   </div>
   <div class='ocr_carea' id='block_1_29' title="bbox 454 2547 2030 2618">
    <p class='ocr_par' dir='ltr' id='par_1_29' title="bbox 454 2547 2030 2618">
     <span class='ocr_line' id='line_1_29' title="bbox 454 2547 2030 2618; baseline -0.004 -12"><span class='ocrx_word' id='word_1_200' title='bbox 454 2557 586 2618; x_wconf 29' lang='lat' dir='ltr'><strong>.tum</strong></span> <span class='ocrx_word' id='word_1_201' title='bbox 636 2549 870 2603; x_wconf 87' lang='lat' dir='ltr'><strong>animam</strong></span> <span class='ocrx_word' id='word_1_202' title='bbox 924 2547 1305 2603; x_wconf 85' lang='lat' dir='ltr'><strong>constituerit?</strong></span> <span class='ocrx_word' id='word_1_203' title='bbox 1337 2556 1430 2601; x_wconf 91' lang='lat' dir='ltr'><strong>aut</strong></span> <span class='ocrx_word' id='word_1_204' title='bbox 1477 2548 1846 2603; x_wconf 88' lang='lat' dir='ltr'><strong>irrationabile</strong></span> <span class='ocrx_word' id='word_1_205' title='bbox 1894 2563 2030 2618; x_wconf 85' lang='lat' dir='ltr'><strong>quo-</strong></span> 
     </span>
    </p>
   </div>
   <div class='ocr_carea' id='block_1_30' title="bbox 471 2638 2031 2713">
    <p class='ocr_par' dir='ltr' id='par_1_30' title="bbox 471 2638 2031 2713">
     <span class='ocr_line' id='line_1_30' title="bbox 471 2638 2031 2713; baseline -0.003 -15"><span class='ocrx_word' id='word_1_206' title='bbox 471 2642 633 2699; x_wconf 87' lang='lat' dir='ltr'><strong>modo</strong></span> <span class='ocrx_word' id='word_1_207' title='bbox 654 2641 928 2713; x_wconf 88' lang='lat' dir='ltr'><strong>quidpiam</strong></span> <span class='ocrx_word' id='word_1_208' title='bbox 956 2640 1280 2696; x_wconf 85' lang='lat' dir='ltr'><strong>rationabile</strong></span> <span class='ocrx_word' id='word_1_209' title='bbox 1324 2639 1680 2710; x_wconf 82' lang='lat' dir='ltr'><strong>produxerit?</strong></span> <span class='ocrx_word' id='word_1_210' title='bbox 1709 2638 1829 2705; x_wconf 90' lang='lat' dir='ltr'><strong>Quo</strong></span> <span class='ocrx_word' id='word_1_211' title='bbox 1873 2648 2031 2709; x_wconf 85' lang='lat' dir='ltr'><strong>pacto</strong></span> 
     </span>
    </p>
   </div>
   <div class='ocr_carea' id='block_1_31' title="bbox 470 2721 2031 2805">
    <p class='ocr_par' dir='ltr' id='par_1_31' title="bbox 470 2721 2031 2805">
     <span class='ocr_line' id='line_1_31' title="bbox 470 2721 2031 2805; baseline -0.003 -18"><span class='ocrx_word' id='word_1_212' title='bbox 470 2735 706 2805; x_wconf 91' lang='lat' dir='ltr'><strong>primum</strong></span> <span class='ocrx_word' id='word_1_213' title='bbox 738 2732 1059 2796; x_wconf 90' lang='lat' dir='ltr'><strong>movebitur,</strong></span> <span class='ocrx_word' id='word_1_214' title='bbox 1083 2728 1177 2785; x_wconf 88' lang='lat' dir='ltr'><strong>aut</strong></span> <span class='ocrx_word' id='word_1_215' title='bbox 1198 2731 1342 2784; x_wconf 88' lang='lat' dir='ltr'><strong>aliud</strong></span> <span class='ocrx_word' id='word_1_216' title='bbox 1376 2721 1630 2797; x_wconf 74' lang='lat' dir='ltr'><strong>movebit,</strong></span> <span class='ocrx_word' id='word_1_217' title='bbox 1662 2730 1806 2801; x_wconf 90' lang='lat' dir='ltr'><strong>quod</strong></span> <span class='ocrx_word' id='word_1_218' title='bbox 1841 2746 1906 2785; x_wconf 77' lang='lat' dir='ltr'><strong>ex</strong></span> <span class='ocrx_word' id='word_1_219' title='bbox 1936 2745 2031 2784; x_wconf 86' lang='lat' dir='ltr'><strong>na-</strong></span> 
     </span>
    </p>
   </div>
   <div class='ocr_carea' id='block_1_32' title="bbox 472 2821 2031 2891">
    <p class='ocr_par' dir='ltr' id='par_1_32' title="bbox 472 2821 2031 2891">
     <span class='ocr_line' id='line_1_32' title="bbox 472 2821 2031 2891; baseline -0.002 -11"><span class='ocrx_word' id='word_1_220' title='bbox 472 2834 593 2880; x_wconf 86' lang='lat' dir='ltr'><strong>tura</strong></span> <span class='ocrx_word' id='word_1_221' title='bbox 646 2839 744 2880; x_wconf 88' lang='lat' dir='ltr'><strong>sua</strong></span> <span class='ocrx_word' id='word_1_222' title='bbox 778 2824 1051 2878; x_wconf 86' lang='lat' dir='ltr'><strong>immobile</strong></span> <span class='ocrx_word' id='word_1_223' title='bbox 1096 2822 1205 2879; x_wconf 72' lang='lat' dir='ltr'><strong>sit?</strong></span> <span class='ocrx_word' id='word_1_224' title='bbox 1254 2821 1573 2891; x_wconf 86' lang='lat' dir='ltr'><strong>llujusmodi</strong></span> <span class='ocrx_word' id='word_1_225' title='bbox 1602 2830 1685 2878; x_wconf 86' lang='lat' dir='ltr'><strong>est</strong></span> <span class='ocrx_word' id='word_1_226' title='bbox 1714 2830 1873 2877; x_wconf 85' lang='lat' dir='ltr'><strong>terrae</strong></span> <span class='ocrx_word' id='word_1_227' title='bbox 1920 2821 2031 2878; x_wconf 82' lang='lat' dir='ltr'><strong>cle-</strong></span> 
     </span>
    </p>
   </div>
   <div class='ocr_carea' id='block_1_33' title="bbox 472 2897 2025 2985">
    <p class='ocr_par' dir='ltr' id='par_1_33' title="bbox 472 2897 2025 2985">
     <span class='ocr_line' id='line_1_33' title="bbox 472 2897 2025 2985; baseline -0.002 -15"><span class='ocrx_word' id='word_1_228' title='bbox 472 2927 732 2981; x_wconf 85' lang='lat' dir='ltr'><strong>mentum,</strong></span> <span class='ocrx_word' id='word_1_229' title='bbox 751 2931 814 2970; x_wconf 68' lang='lat' dir='ltr'><strong>ex</strong></span> <span class='ocrx_word' id='word_1_230' title='bbox 839 2897 947 2985; x_wconf 81' lang='lat' dir='ltr'><strong>quo</strong></span> <span class='ocrx_word' id='word_1_231' title='bbox 967 2915 1146 2969; x_wconf 88' lang='lat' dir='ltr'><strong>omnia</strong></span> <span class='ocrx_word' id='word_1_232' title='bbox 1181 2922 1236 2969; x_wconf 91' lang='lat' dir='ltr'><strong>et</strong></span> <span class='ocrx_word' id='word_1_233' title='bbox 1253 2915 1401 2968; x_wconf 91' lang='lat' dir='ltr'><strong>varia</strong></span> <span class='ocrx_word' id='word_1_234' title='bbox 1426 2912 1673 2983; x_wconf 84' lang='lat' dir='ltr'><strong>prodiere</strong></span> <span class='ocrx_word' id='word_1_235' title='bbox 1711 2914 2025 2969; x_wconf 87' lang='lat' dir='ltr'><strong>animalium</strong></span> 
     </span>
    </p>
   </div>
   <div class='ocr_carea' id='block_1_34' title="bbox 472 3004 2101 3104">
    <p class='ocr_par' dir='ltr' id='par_1_34' title="bbox 472 3004 2101 3104">
     <span class='ocr_line' id='line_1_34' title="bbox 472 3004 2101 3104; baseline 0 -42"><span class='ocrx_word' id='word_1_236' title='bbox 472 3021 667 3077; x_wconf 78' lang='lat' dir='ltr'><strong>genera</strong></span> <span class='ocrx_word' id='word_1_237' title='bbox 688 3045 701 3070; x_wconf 91' lang='lat'><strong>,</strong></span> <span class='ocrx_word' id='word_1_238' title='bbox 733 3021 852 3076; x_wconf 77' lang='lat' dir='ltr'><strong>quae</strong></span> <span class='ocrx_word' id='word_1_239' title='bbox 894 3005 1066 3061; x_wconf 84' lang='lat' dir='ltr'><strong>oculis</strong></span> <span class='ocrx_word' id='word_1_240' title='bbox 1088 3045 1105 3072; x_wconf 92' lang='lat'><strong>,</strong></span> <span class='ocrx_word' id='word_1_241' title='bbox 1152 3004 1376 3060; x_wconf 89' lang='lat' dir='ltr'><strong>auribus</strong></span> <span class='ocrx_word' id='word_1_242' title='bbox 1425 3005 1744 3075; x_wconf 69' lang='lat' dir='ltr'><strong>caaterisque</strong></span> <span class='ocrx_word' id='word_1_243' title='bbox 1776 3005 2027 3062; x_wconf 81' lang='lat' dir='ltr'><strong>sensibus</strong></span> <span class='ocrx_word' id='word_1_244' title='bbox 2052 3041 2101 3104; x_wconf 67' lang='grc' dir='ltr'>ο</span> 
     </span>
    </p>
   </div>
   <div class='ocr_carea' id='block_1_35' title="bbox 473 3093 2028 3170">
    <p class='ocr_par' dir='ltr' id='par_1_35' title="bbox 473 3093 2028 3170">
     <span class='ocr_line' id='line_1_35' title="bbox 473 3093 2028 3170; baseline -0.002 -15"><span class='ocrx_word' id='word_1_245' title='bbox 473 3093 739 3155; x_wconf 84' lang='lat' dir='ltr'><strong>instructa</strong></span> <span class='ocrx_word' id='word_1_246' title='bbox 760 3108 904 3163; x_wconf 89' lang='lat' dir='ltr'><strong>sunt,</strong></span> <span class='ocrx_word' id='word_1_247' title='bbox 923 3099 1053 3161; x_wconf 90' lang='lat' dir='ltr'><strong>vita,</strong></span> <span class='ocrx_word' id='word_1_248' title='bbox 1073 3106 1219 3153; x_wconf 90' lang='lat' dir='ltr'><strong>motu</strong></span> <span class='ocrx_word' id='word_1_249' title='bbox 1240 3105 1294 3154; x_wconf 90' lang='lat' dir='ltr'><strong>et</strong></span> <span class='ocrx_word' id='word_1_250' title='bbox 1317 3100 1553 3170; x_wconf 83' lang='lat' dir='ltr'><strong>appetitu</strong></span> <span class='ocrx_word' id='word_1_251' title='bbox 1580 3099 1842 3169; x_wconf 70' lang='lat' dir='ltr'><strong>prazdita?</strong></span> <span class='ocrx_word' id='word_1_252' title='bbox 1866 3099 2028 3153; x_wconf 91' lang='lat' dir='ltr'><strong>homo</strong></span> 
     </span>
    </p>
   </div>
   <div class='ocr_carea' id='block_1_36' title="bbox 470 3190 2024 3261">
    <p class='ocr_par' dir='ltr' id='par_1_36' title="bbox 470 3190 2024 3261">
     <span class='ocr_line' id='line_1_36' title="bbox 470 3190 2024 3261; baseline -0.001 -15"><span class='ocrx_word' id='word_1_253' title='bbox 470 3199 599 3247; x_wconf 83' lang='lat' dir='ltr'><strong>vero</strong></span> <span class='ocrx_word' id='word_1_254' title='bbox 648 3191 716 3246; x_wconf 88' lang='lat' dir='ltr'><strong>iis</strong></span> <span class='ocrx_word' id='word_1_255' title='bbox 742 3192 899 3261; x_wconf 77' lang='lat' dir='ltr'><strong>longe</strong></span> <span class='ocrx_word' id='word_1_256' title='bbox 919 3196 1157 3260; x_wconf 64' lang='lat' dir='ltr'><strong>praestat,</strong></span> <span class='ocrx_word' id='word_1_257' title='bbox 1181 3204 1304 3244; x_wconf 92' lang='lat' dir='ltr'><strong>cum</strong></span> <span class='ocrx_word' id='word_1_258' title='bbox 1334 3190 1404 3245; x_wconf 89' lang='lat' dir='ltr'><strong>sit</strong></span> <span class='ocrx_word' id='word_1_259' title='bbox 1424 3199 1631 3244; x_wconf 66' lang='lat' dir='ltr'><strong>natura:</strong></span> <span class='ocrx_word' id='word_1_260' title='bbox 1661 3190 2024 3253; x_wconf 75' lang='lat' dir='ltr'><strong>rationabilis,</strong></span> 
     </span>
    </p>
   </div>
   <div class='ocr_carea' id='block_1_37' title="bbox 471 3279 2028 3352">
    <p class='ocr_par' dir='ltr' id='par_1_37' title="bbox 471 3279 2028 3352">
     <span class='ocr_line' id='line_1_37' title="bbox 471 3279 2028 3352; baseline -0.001 -15"><span class='ocrx_word' id='word_1_261' title='bbox 471 3298 535 3338; x_wconf 85' lang='lat' dir='ltr'><strong>ac</strong></span> <span class='ocrx_word' id='word_1_262' title='bbox 565 3285 761 3339; x_wconf 87' lang='lat' dir='ltr'><strong>mentis</strong></span> <span class='ocrx_word' id='word_1_263' title='bbox 786 3291 838 3338; x_wconf 91' lang='lat' dir='ltr'><strong>et</strong></span> <span class='ocrx_word' id='word_1_264' title='bbox 874 3282 1116 3338; x_wconf 62' lang='lat' dir='ltr'><strong>scientiae</strong></span> <span class='ocrx_word' id='word_1_265' title='bbox 1143 3288 1333 3351; x_wconf 83' lang='lat' dir='ltr'><strong>capax.</strong></span> <span class='ocrx_word' id='word_1_266' title='bbox 1367 3279 1507 3335; x_wconf 84' lang='lat' dir='ltr'><strong>Num</strong></span> <span class='ocrx_word' id='word_1_267' title='bbox 1533 3281 1696 3352; x_wconf 82' lang='lat' dir='ltr'><strong>igitur</strong></span> <span class='ocrx_word' id='word_1_268' title='bbox 1718 3296 1784 3335; x_wconf 78' lang='lat' dir='ltr'><strong>ex</strong></span> <span class='ocrx_word' id='word_1_269' title='bbox 1816 3280 2028 3336; x_wconf 85' lang='lat' dir='ltr'><strong>ratione</strong></span> 
     </span>
    </p>
   </div>
   <div class='ocr_carea' id='block_1_38' title="bbox 471 3360 2022 3430">
    <p class='ocr_par' dir='ltr' id='par_1_38' title="bbox 471 3360 2022 3430">
     <span class='ocr_line' id='line_1_38' title="bbox 471 3360 2022 3430; baseline -0.001 -5"><span class='ocrx_word' id='word_1_270' title='bbox 471 3388 644 3429; x_wconf 84' lang='lat' dir='ltr'><strong>vacuo</strong></span> <span class='ocrx_word' id='word_1_271' title='bbox 675 3382 731 3430; x_wconf 87' lang='lat' dir='ltr'><strong>et</strong></span> <span class='ocrx_word' id='word_1_272' title='bbox 760 3373 1058 3428; x_wconf 86' lang='lat' dir='ltr'><strong>inanimato</strong></span> <span class='ocrx_word' id='word_1_273' title='bbox 1088 3360 1353 3427; x_wconf 81' lang='lat' dir='ltr'><strong>elemento</strong></span> <span class='ocrx_word' id='word_1_274' title='bbox 1399 3371 1511 3425; x_wconf 65' lang='lat' dir='ltr'><strong>haec</strong></span> <span class='ocrx_word' id='word_1_275' title='bbox 1556 3371 1739 3425; x_wconf 86' lang='lat' dir='ltr'><strong>omnia</strong></span> <span class='ocrx_word' id='word_1_276' title='bbox 1769 3370 2022 3426; x_wconf 86' lang='lat' dir='ltr'><strong>substite-</strong></span> 
     </span>
    </p>
   </div>
   <div class='ocr_carea' id='block_1_39' title="bbox 470 3457 2028 3536">
    <p class='ocr_par' dir='ltr' id='par_1_39' title="bbox 470 3457 2028 3536">
     <span class='ocr_line' id='line_1_39' title="bbox 470 3457 2028 3536; baseline -0.003 -14"><span class='ocrx_word' id='word_1_277' title='bbox 470 3457 637 3522; x_wconf 80' lang='lat' dir='ltr'><strong>runt?</strong></span> <span class='ocrx_word' id='word_1_278' title='bbox 665 3466 733 3520; x_wconf 85' lang='lat' dir='ltr'><strong>At</strong></span> <span class='ocrx_word' id='word_1_279' title='bbox 755 3481 879 3522; x_wconf 89' lang='lat' dir='ltr'><strong>eum</strong></span> <span class='ocrx_word' id='word_1_280' title='bbox 911 3466 1004 3536; x_wconf 90' lang='lat' dir='ltr'><strong>qui</strong></span> <span class='ocrx_word' id='word_1_281' title='bbox 1036 3465 1148 3520; x_wconf 65' lang='lat' dir='ltr'><strong>haec</strong></span> <span class='ocrx_word' id='word_1_282' title='bbox 1176 3462 1421 3520; x_wconf 81' lang='lat' dir='ltr'><strong>conﬁteri</strong></span> <span class='ocrx_word' id='word_1_283' title='bbox 1447 3463 1601 3527; x_wconf 86' lang='lat' dir='ltr'><strong>nolit,</strong></span> <span class='ocrx_word' id='word_1_284' title='bbox 1635 3464 1711 3517; x_wconf 88' lang='lat' dir='ltr'><strong>rei</strong></span> <span class='ocrx_word' id='word_1_285' title='bbox 1746 3462 1918 3533; x_wconf 89' lang='lat' dir='ltr'><strong>ipsius</strong></span> <span class='ocrx_word' id='word_1_286' title='bbox 1946 3463 2028 3518; x_wconf 85' lang='lat' dir='ltr'><strong>vis</strong></span> 
     </span>
    </p>
   </div>
   <div class='ocr_carea' id='block_1_40' title="bbox 470 3543 2026 3625">
    <p class='ocr_par' dir='ltr' id='par_1_40' title="bbox 470 3543 2026 3625">
     <span class='ocr_line' id='line_1_40' title="bbox 470 3543 2026 3625; baseline -0.005 -11"><span class='ocrx_word' id='word_1_287' title='bbox 470 3564 525 3614; x_wconf 88' lang='lat' dir='ltr'><strong>et</strong></span> <span class='ocrx_word' id='word_1_288' title='bbox 554 3556 789 3614; x_wconf 73' lang='lat' dir='ltr'><strong>efﬁcacia</strong></span> <span class='ocrx_word' id='word_1_289' title='bbox 820 3556 1017 3621; x_wconf 89' lang='lat' dir='ltr'><strong>vincit,</strong></span> <span class='ocrx_word' id='word_1_290' title='bbox 1064 3570 1126 3611; x_wconf 90' lang='lat' dir='ltr'><strong>ac</strong></span> <span class='ocrx_word' id='word_1_291' title='bbox 1164 3554 1340 3625; x_wconf 91' lang='lat' dir='ltr'><strong>ipsum</strong></span> <span class='ocrx_word' id='word_1_292' title='bbox 1385 3554 1634 3609; x_wconf 80' lang='lat' dir='ltr'><strong>naturale</strong></span> <span class='ocrx_word' id='word_1_293' title='bbox 1678 3543 2026 3608; x_wconf 86' lang='lat' dir='ltr'><strong>ratiocinium</strong></span> 
     </span>
    </p>
   </div>
   <div class='ocr_carea' id='block_1_41' title="bbox 467 3645 2024 3720">
    <p class='ocr_par' dir='ltr' id='par_1_41' title="bbox 467 3645 2024 3720">
     <span class='ocr_line' id='line_1_41' title="bbox 467 3645 2024 3720; baseline -0.003 -15"><span class='ocrx_word' id='word_1_294' title='bbox 467 3664 598 3706; x_wconf 87' lang='lat' dir='ltr'><strong>vera</strong></span> <span class='ocrx_word' id='word_1_295' title='bbox 620 3650 801 3705; x_wconf 84' lang='lat' dir='ltr'><strong>dicere</strong></span> <span class='ocrx_word' id='word_1_296' title='bbox 830 3649 1007 3720; x_wconf 77' lang='lat' dir='ltr'><strong>cogit;</strong></span> <span class='ocrx_word' id='word_1_297' title='bbox 1044 3648 1302 3703; x_wconf 89' lang='lat' dir='ltr'><strong>nimirum</strong></span> <span class='ocrx_word' id='word_1_298' title='bbox 1327 3662 1426 3702; x_wconf 85' lang='lat' dir='ltr'><strong>nec</strong></span> <span class='ocrx_word' id='word_1_299' title='bbox 1453 3645 1807 3701; x_wconf 86' lang='lat' dir='ltr'><strong>inanimatam</strong></span> <span class='ocrx_word' id='word_1_300' title='bbox 1853 3654 2024 3700; x_wconf 86' lang='lat' dir='ltr'><strong>mate-</strong></span> 
     </span>
    </p>
   </div>
   <div class='ocr_carea' id='block_1_42' title="bbox 469 3736 2026 3812">
    <p class='ocr_par' dir='ltr' id='par_1_42' title="bbox 469 3736 2026 3812">
     <span class='ocr_line' id='line_1_42' title="bbox 469 3736 2026 3812; baseline -0.004 -16"><span class='ocrx_word' id='word_1_301' title='bbox 469 3744 607 3797; x_wconf 87' lang='lat' dir='ltr'><strong>riam</strong></span> <span class='ocrx_word' id='word_1_302' title='bbox 633 3782 651 3807; x_wconf 95' lang='lat'><strong>,</strong></span> <span class='ocrx_word' id='word_1_303' title='bbox 691 3757 866 3812; x_wconf 87' lang='lat' dir='ltr'><strong>neque</strong></span> <span class='ocrx_word' id='word_1_304' title='bbox 900 3740 1106 3795; x_wconf 88' lang='lat' dir='ltr'><strong>aridam</strong></span> <span class='ocrx_word' id='word_1_305' title='bbox 1150 3740 1465 3810; x_wconf 88' lang='lat' dir='ltr'><strong>rationeque</strong></span> <span class='ocrx_word' id='word_1_306' title='bbox 1516 3752 1741 3793; x_wconf 83' lang='lat' dir='ltr'><strong>vacuam</strong></span> <span class='ocrx_word' id='word_1_307' title='bbox 1773 3736 2026 3792; x_wconf 86' lang='lat' dir='ltr'><strong>substan-</strong></span> 
     </span>
    </p>
   </div>
   <div class='ocr_carea' id='block_1_43' title="bbox 468 3826 2025 3899">
    <p class='ocr_par' dir='ltr' id='par_1_43' title="bbox 468 3826 2025 3899">
     <span class='ocr_line' id='line_1_43' title="bbox 468 3826 2025 3899; baseline -0.005 -11"><span class='ocrx_word' id='word_1_308' title='bbox 468 3836 624 3899; x_wconf 82' lang='lat' dir='ltr'><strong>tiam,</strong></span> <span class='ocrx_word' id='word_1_309' title='bbox 665 3834 859 3889; x_wconf 85' lang='lat' dir='ltr'><strong>horum</strong></span> <span class='ocrx_word' id='word_1_310' title='bbox 907 3846 1029 3887; x_wconf 86' lang='lat' dir='ltr'><strong>esse</strong></span> <span class='ocrx_word' id='word_1_311' title='bbox 1074 3844 1339 3889; x_wconf 87' lang='lat' dir='ltr'><strong>causam:</strong></span> <span class='ocrx_word' id='word_1_312' title='bbox 1391 3831 1485 3886; x_wconf 86' lang='lat' dir='ltr'><strong>sed</strong></span> <span class='ocrx_word' id='word_1_313' title='bbox 1540 3829 1729 3885; x_wconf 88' lang='lat' dir='ltr'><strong>mundi</strong></span> <span class='ocrx_word' id='word_1_314' title='bbox 1777 3826 2025 3899; x_wconf 81' lang='lat' dir='ltr'><strong>opiﬁcem</strong></span> 
     </span>
    </p>
   </div>
   <div class='ocr_carea' id='block_1_44' title="bbox 352 3920 2025 3996">
    <p class='ocr_par' dir='ltr' id='par_1_44' title="bbox 352 3920 2025 3996">
     <span class='ocr_line' id='line_1_44' title="bbox 352 3920 2025 3996; baseline -0.003 -16"><span class='ocrx_word' id='word_1_315' title='bbox 352 3934 359 3959; x_wconf 81' lang='lat'>&#39;</span> <span class='ocrx_word' id='word_1_316' title='bbox 469 3941 593 3980; x_wconf 83' lang='lat' dir='ltr'><strong>esse</strong></span> <span class='ocrx_word' id='word_1_317' title='bbox 630 3934 862 3980; x_wconf 90' lang='lat' dir='ltr'><strong>mentem</strong></span> <span class='ocrx_word' id='word_1_318' title='bbox 885 3925 1172 3996; x_wconf 81' lang='lat' dir='ltr'><strong>quamdam</strong></span> <span class='ocrx_word' id='word_1_319' title='bbox 1208 3925 1447 3979; x_wconf 87' lang='lat' dir='ltr'><strong>divinam</strong></span> <span class='ocrx_word' id='word_1_320' title='bbox 1485 3931 1539 3976; x_wconf 90' lang='lat' dir='ltr'><strong>et</strong></span> <span class='ocrx_word' id='word_1_321' title='bbox 1567 3922 1907 3987; x_wconf 77' lang='lat' dir='ltr'><strong>creatricem,</strong></span> <span class='ocrx_word' id='word_1_322' title='bbox 1933 3920 2025 3976; x_wconf 89' lang='lat' dir='ltr'><strong>Dei</strong></span> 
     </span>
    </p>
   </div>
   <div class='ocr_carea' id='block_1_45' title="bbox 472 4013 2025 4085">
    <p class='ocr_par' dir='ltr' id='par_1_45' title="bbox 472 4013 2025 4085">
     <span class='ocr_line' id='line_1_45' title="bbox 472 4013 2025 4085; baseline -0.002 -15"><span class='ocrx_word' id='word_1_323' title='bbox 472 4030 664 4085; x_wconf 90' lang='lat' dir='ltr'><strong>nempe</strong></span> <span class='ocrx_word' id='word_1_324' title='bbox 695 4014 947 4078; x_wconf 84' lang='lat' dir='ltr'><strong>Verbum,</strong></span> <span class='ocrx_word' id='word_1_325' title='bbox 976 4030 1158 4071; x_wconf 90' lang='lat' dir='ltr'><strong>rerum</strong></span> <span class='ocrx_word' id='word_1_326' title='bbox 1194 4015 1438 4069; x_wconf 90' lang='lat' dir='ltr'><strong>omnium</strong></span> <span class='ocrx_word' id='word_1_327' title='bbox 1467 4013 1761 4078; x_wconf 67' lang='lat' dir='ltr'><strong>factorem,&quot;</strong></span> <span class='ocrx_word' id='word_1_328' title='bbox 1785 4014 1877 4083; x_wconf 91' lang='lat' dir='ltr'><strong>qui</strong></span> <span class='ocrx_word' id='word_1_329' title='bbox 1912 4023 2025 4067; x_wconf 91' lang='lat' dir='ltr'><strong>tum</strong></span> 
     </span>
    </p>
   </div>
   <div class='ocr_carea' id='block_1_46' title="bbox 472 4103 2027 4177">
    <p class='ocr_par' dir='ltr' id='par_1_46' title="bbox 472 4103 2027 4177">
     <span class='ocr_line' id='line_1_46' title="bbox 472 4103 2027 4177; baseline -0.001 -18"><span class='ocrx_word' id='word_1_330' title='bbox 472 4105 698 4177; x_wconf 88' lang='lat' dir='ltr'><strong>reliquis</strong></span> <span class='ocrx_word' id='word_1_331' title='bbox 723 4105 999 4168; x_wconf 88' lang='lat' dir='ltr'><strong>omnibus,</strong></span> <span class='ocrx_word' id='word_1_332' title='bbox 1026 4112 1140 4158; x_wconf 91' lang='lat' dir='ltr'><strong>tum</strong></span> <span class='ocrx_word' id='word_1_333' title='bbox 1174 4104 1275 4173; x_wconf 89' lang='lat' dir='ltr'><strong>ipsi</strong></span> <span class='ocrx_word' id='word_1_334' title='bbox 1305 4103 1512 4160; x_wconf 85' lang='lat' dir='ltr'><strong>homini</strong></span> <span class='ocrx_word' id='word_1_335' title='bbox 1554 4118 1747 4157; x_wconf 88' lang='lat' dir='ltr'><strong>sensus</strong></span> <span class='ocrx_word' id='word_1_336' title='bbox 1778 4106 2027 4173; x_wconf 89' lang='lat' dir='ltr'><strong>corporis</strong></span> 
     </span>
    </p>
   </div>
   <div class='ocr_carea' id='block_1_47' title="bbox 472 4192 2026 4264">
    <p class='ocr_par' dir='ltr' id='par_1_47' title="bbox 472 4192 2026 4264">
     <span class='ocr_line' id='line_1_47' title="bbox 472 4192 2026 4264; baseline -0.001 -14"><span class='ocrx_word' id='word_1_337' title='bbox 472 4195 689 4261; x_wconf 88' lang='lat' dir='ltr'><strong>indidit,</strong></span> <span class='ocrx_word' id='word_1_338' title='bbox 720 4203 775 4252; x_wconf 90' lang='lat' dir='ltr'><strong>et</strong></span> <span class='ocrx_word' id='word_1_339' title='bbox 805 4194 998 4249; x_wconf 69' lang='lat' dir='ltr'><strong>anima:</strong></span> <span class='ocrx_word' id='word_1_340' title='bbox 1023 4193 1273 4249; x_wconf 71' lang='lat' dir='ltr'><strong>humanae</strong></span> <span class='ocrx_word' id='word_1_341' title='bbox 1290 4192 1837 4264; x_wconf 88' lang='lat' dir='ltr'><strong>ratiocimum,atque</strong></span> <span class='ocrx_word' id='word_1_342' title='bbox 1863 4195 2026 4250; x_wconf 89' lang='lat' dir='ltr'><strong>etiam</strong></span> 
     </span>
    </p>
   </div>
   <div class='ocr_carea' id='block_1_48' title="bbox 471 4285 2026 4359">
    <p class='ocr_par' dir='ltr' id='par_1_48' title="bbox 471 4285 2026 4359">
     <span class='ocr_line' id='line_1_48' title="bbox 471 4285 2026 4359; baseline -0.003 -13"><span class='ocrx_word' id='word_1_343' title='bbox 471 4298 727 4353; x_wconf 83' lang='lat' dir='ltr'><strong>mentem,</strong></span> <span class='ocrx_word' id='word_1_344' title='bbox 757 4300 864 4359; x_wconf 91' lang='lat' dir='ltr'><strong>qua</strong></span> <span class='ocrx_word' id='word_1_345' title='bbox 890 4295 1139 4341; x_wconf 88' lang='lat' dir='ltr'><strong>naturam</strong></span> <span class='ocrx_word' id='word_1_346' title='bbox 1168 4300 1350 4342; x_wconf 87' lang='lat' dir='ltr'><strong>rerum</strong></span> <span class='ocrx_word' id='word_1_347' title='bbox 1379 4285 1725 4353; x_wconf 88' lang='lat' dir='ltr'><strong>consideret;</strong></span> <span class='ocrx_word' id='word_1_348' title='bbox 1755 4299 1819 4341; x_wconf 89' lang='lat' dir='ltr'><strong>ac</strong></span> <span class='ocrx_word' id='word_1_349' title='bbox 1851 4286 2026 4343; x_wconf 90' lang='lat' dir='ltr'><strong>oculis</strong></span> 
     </span>
    </p>
   </div>
   <div class='ocr_carea' id='block_1_49' title="bbox 2149 449 3703 528">
    <p class='ocr_par' dir='ltr' id='par_1_49' title="bbox 2149 449 3703 528">
     <span class='ocr_line' id='line_1_49' title="bbox 2149 449 3703 528; baseline -0.002 -18"><span class='ocrx_word' id='word_1_350' title='bbox 2149 456 2361 521; x_wconf 77' lang='grc' dir='ltr'>Ἰακὼϐ,</span> <span class='ocrx_word' id='word_1_351' title='bbox 2389 458 2737 528; x_wconf 80' lang='grc' dir='ltr'>ἀποκρίνεται</span> <span class='ocrx_word' id='word_1_352' title='bbox 2768 455 3084 525; x_wconf 75' lang='grc' dir='ltr'>λέγων’Καὶ</span> <span class='ocrx_word' id='word_1_353' title='bbox 3116 454 3252 520; x_wconf 86' lang='grc' dir='ltr'>πῶς,</span> <span class='ocrx_word' id='word_1_354' title='bbox 3274 449 3320 509; x_wconf 80' lang='grc' dir='ltr'>ὧ</span> <span class='ocrx_word' id='word_1_355' title='bbox 3338 454 3436 525; x_wconf 66' lang='grc' dir='ltr'>τὴν</span> <span class='ocrx_word' id='word_1_356' title='bbox 3466 455 3703 508; x_wconf 77' lang='grc' dir='ltr'>διάνοιαν</span> 
     </span>
    </p>
   </div>
   <div class='ocr_carea' id='block_1_50' title="bbox 2135 546 3702 619">
    <p class='ocr_par' dir='ltr' id='par_1_50' title="bbox 2135 546 3702 619">
     <span class='ocr_line' id='line_1_50' title="bbox 2135 546 3702 619; baseline -0.002 -18"><span class='ocrx_word' id='word_1_357' title='bbox 2135 549 2348 619; x_wconf 88' lang='grc' dir='ltr'>άληθῶς</span> <span class='ocrx_word' id='word_1_358' title='bbox 2380 547 2588 617; x_wconf 72' lang='grc' dir='ltr'>τυφλοὶ,</span> <span class='ocrx_word' id='word_1_359' title='bbox 2629 548 2690 601; x_wconf 79' lang='grc' dir='ltr'><strong>ού</strong></span> <span class='ocrx_word' id='word_1_360' title='bbox 2724 548 2945 601; x_wconf 86' lang='grc' dir='ltr'>δύναται</span> <span class='ocrx_word' id='word_1_361' title='bbox 2979 546 3052 618; x_wconf 77' lang='grc' dir='ltr'><strong>μή</strong></span> <span class='ocrx_word' id='word_1_362' title='bbox 3095 548 3246 619; x_wconf 77' lang='grc' dir='ltr'>ὀρᾷν,</span> <span class='ocrx_word' id='word_1_363' title='bbox 3285 547 3419 617; x_wconf 67' lang='grc' dir='ltr'>μηδὲ</span> <span class='ocrx_word' id='word_1_364' title='bbox 3464 547 3702 610; x_wconf 71' lang='grc' dir='ltr'>ἀκούειν,</span> 
     </span>
    </p>
   </div>
   <div class='ocr_carea' id='block_1_51' title="bbox 2132 637 3707 712">
    <p class='ocr_par' dir='ltr' id='par_1_51' title="bbox 2132 637 3707 712">
     <span class='ocr_line' id='line_1_51' title="bbox 2132 637 3707 712; baseline -0.003 -18"><span class='ocrx_word' id='word_1_365' title='bbox 2132 641 2162 694; x_wconf 84' lang='grc' dir='ltr'><strong>ό</strong></span> <span class='ocrx_word' id='word_1_366' title='bbox 2186 643 2298 703; x_wconf 82' lang='grc' dir='ltr'>τοῖς</span> <span class='ocrx_word' id='word_1_367' title='bbox 2324 639 2398 711; x_wconf 79' lang='grc' dir='ltr'>μὴ</span> <span class='ocrx_word' id='word_1_368' title='bbox 2433 640 2611 711; x_wconf 79' lang='grc' dir='ltr'>ἔχουσι</span> <span class='ocrx_word' id='word_1_369' title='bbox 2652 637 2823 692; x_wconf 79' lang='grc' dir='ltr'>ταῦτα</span> <span class='ocrx_word' id='word_1_370' title='bbox 2860 639 3307 712; x_wconf 75' lang='grc' dir='ltr'>παρασχόμενοςς</span> <span class='ocrx_word' id='word_1_371' title='bbox 3349 637 3572 700; x_wconf 79' lang='grc' dir='ltr'><strong>Πάντως</strong></span> <span class='ocrx_word' id='word_1_372' title='bbox 3594 637 3707 708; x_wconf 83' lang='grc' dir='ltr'><strong>γάρ</strong></span> 
     </span>
    </p>
   </div>
   <div class='ocr_carea' id='block_1_52' title="bbox 2134 728 3707 803">
    <p class='ocr_par' dir='ltr' id='par_1_52' title="bbox 2134 728 3707 803">
     <span class='ocr_line' id='line_1_52' title="bbox 2134 728 3707 803; baseline -0.003 -18"><span class='ocrx_word' id='word_1_373' title='bbox 2134 749 2235 785; x_wconf 88' lang='grc' dir='ltr'><strong>που</strong></span> <span class='ocrx_word' id='word_1_374' title='bbox 2272 735 2301 785; x_wconf 84' lang='grc' dir='ltr'>ὀ</span> <span class='ocrx_word' id='word_1_375' title='bbox 2346 731 2654 803; x_wconf 69' lang='grc' dir='ltr'>μεταδιδοὺς</span> <span class='ocrx_word' id='word_1_376' title='bbox 2704 731 2907 803; x_wconf 77' lang='grc' dir='ltr'>ἑτέροις</span> <span class='ocrx_word' id='word_1_377' title='bbox 2962 730 3175 802; x_wconf 85' lang='grc' dir='ltr'>πρῶτος</span> <span class='ocrx_word' id='word_1_378' title='bbox 3228 730 3392 793; x_wconf 79' lang='grc' dir='ltr'>αὐτὸς</span> <span class='ocrx_word' id='word_1_379' title='bbox 3441 728 3707 799; x_wconf 78' lang='grc' dir='ltr'>κέκτηται</span> 
     </span>
    </p>
   </div>
   <div class='ocr_carea' id='block_1_53' title="bbox 2132 814 3707 890">
    <p class='ocr_par' dir='ltr' id='par_1_53' title="bbox 2132 814 3707 890">
     <span class='ocr_line' id='line_1_53' title="bbox 2132 814 3707 890; baseline -0.002 -17"><span class='ocrx_word' id='word_1_380' title='bbox 2132 820 2323 883; x_wconf 79' lang='grc' dir='ltr'>ταῦτα,</span> <span class='ocrx_word' id='word_1_381' title='bbox 2355 814 2429 872; x_wconf 82' lang='grc' dir='ltr'>ὧν</span> <span class='ocrx_word' id='word_1_382' title='bbox 2467 819 2835 890; x_wconf 85' lang='grc' dir='ltr'>μεταδίδωσιν.</span> <span class='ocrx_word' id='word_1_383' title='bbox 2870 820 3025 873; x_wconf 83' lang='grc' dir='ltr'>Ἔστι</span> <span class='ocrx_word' id='word_1_384' title='bbox 3064 819 3121 872; x_wconf 87' lang='grc' dir='ltr'>δὲ</span> <span class='ocrx_word' id='word_1_385' title='bbox 3151 820 3179 871; x_wconf 84' lang='grc' dir='ltr'><strong>ό</strong></span> <span class='ocrx_word' id='word_1_386' title='bbox 3210 817 3363 887; x_wconf 84' lang='grc' dir='ltr'><strong>λόγος</strong></span> <span class='ocrx_word' id='word_1_387' title='bbox 3393 817 3537 871; x_wconf 74' lang='grc' dir='ltr'>κατὰ</span> <span class='ocrx_word' id='word_1_388' title='bbox 3575 817 3707 870; x_wconf 84' lang='grc' dir='ltr'>συλ-</span> 
     </span>
    </p>
   </div>
   <div class='ocr_carea' id='block_1_54' title="bbox 2132 908 3708 981">
    <p class='ocr_par' dir='ltr' id='par_1_54' title="bbox 2132 908 3708 981">
     <span class='ocr_line' id='line_1_54' title="bbox 2132 908 3708 981; baseline -0.001 -18"><span class='ocrx_word' id='word_1_389' title='bbox 2132 908 2388 981; x_wconf 80' lang='grc' dir='ltr'>λογισμὸν</span> <span class='ocrx_word' id='word_1_390' title='bbox 2436 910 2721 980; x_wconf 77' lang='grc' dir='ltr'><strong>εἰρημένος</strong></span> <span class='ocrx_word' id='word_1_391' title='bbox 2764 911 2860 964; x_wconf 77' lang='grc' dir='ltr'><strong>καὶ</strong></span> <span class='ocrx_word' id='word_1_392' title='bbox 2898 910 3396 972; x_wconf 74' lang='grc' dir='ltr'><strong>κατασκευαστικὸς</strong></span> <span class='ocrx_word' id='word_1_393' title='bbox 3441 909 3536 962; x_wconf 81' lang='grc' dir='ltr'>τοῦ</span> <span class='ocrx_word' id='word_1_394' title='bbox 3574 912 3708 980; x_wconf 81' lang='grc' dir='ltr'>περὶ</span> 
     </span>
    </p>
   </div>
   <div class='ocr_carea' id='block_1_55' title="bbox 2134 1000 3710 1073">
    <p class='ocr_par' dir='ltr' id='par_1_55' title="bbox 2134 1000 3710 1073">
     <span class='ocr_line' id='line_1_55' title="bbox 2134 1000 3710 1073; baseline 0.001 -20"><span class='ocrx_word' id='word_1_395' title='bbox 2134 1002 2384 1073; x_wconf 81' lang='grc' dir='ltr'><strong>προνοίας</strong></span> <span class='ocrx_word' id='word_1_396' title='bbox 2428 1002 2709 1073; x_wconf 85' lang='grc' dir='ltr'>δόγματος.</span> <span class='ocrx_word' id='word_1_397' title='bbox 2745 1002 2994 1073; x_wconf 79' lang='grc' dir='ltr'>Προσῆκε</span> <span class='ocrx_word' id='word_1_398' title='bbox 3021 1001 3076 1055; x_wconf 83' lang='grc' dir='ltr'>δὲ</span> <span class='ocrx_word' id='word_1_399' title='bbox 3117 1001 3346 1072; x_wconf 84' lang='grc' dir='ltr'>μάλιστα</span> <span class='ocrx_word' id='word_1_400' title='bbox 3378 1005 3490 1064; x_wconf 84' lang='grc' dir='ltr'>τοῖς</span> <span class='ocrx_word' id='word_1_401' title='bbox 3529 1000 3710 1055; x_wconf 85' lang='grc' dir='ltr'>τοιού-</span> 
     </span>
    </p>
   </div>
   <div class='ocr_carea' id='block_1_56' title="bbox 2130 1092 3709 1164">
    <p class='ocr_par' dir='ltr' id='par_1_56' title="bbox 2130 1092 3709 1164">
     <span class='ocr_line' id='line_1_56' title="bbox 2130 1092 3709 1164; baseline 0 -20"><span class='ocrx_word' id='word_1_402' title='bbox 2130 1109 2244 1155; x_wconf 83' lang='grc' dir='ltr'>τοις</span> <span class='ocrx_word' id='word_1_403' title='bbox 2263 1092 2370 1146; x_wconf 89' lang='grc' dir='ltr'><strong>τῶν</strong></span> <span class='ocrx_word' id='word_1_404' title='bbox 2391 1092 2550 1146; x_wconf 85' lang='grc' dir='ltr'><strong>θείων</strong></span> <span class='ocrx_word' id='word_1_405' title='bbox 2576 1092 2806 1164; x_wconf 86' lang='grc' dir='ltr'>Γραφῶν</span> <span class='ocrx_word' id='word_1_406' title='bbox 2831 1092 3115 1162; x_wconf 73' lang='grc' dir='ltr'><strong>ἐφιστάναι</strong></span> <span class='ocrx_word' id='word_1_407' title='bbox 3139 1093 3228 1145; x_wconf 78' lang='grc' dir='ltr'>τὸν</span> <span class='ocrx_word' id='word_1_408' title='bbox 3249 1092 3372 1145; x_wconf 79' lang='grc' dir='ltr'>νοῦν</span> <span class='ocrx_word' id='word_1_409' title='bbox 3392 1092 3602 1163; x_wconf 71' lang='grc' dir='ltr'>τόποις,</span> <span class='ocrx_word' id='word_1_410' title='bbox 3629 1093 3709 1156; x_wconf 85' lang='grc' dir='ltr'><strong>είς</strong></span> 
     </span>
    </p>
   </div>
   <div class='ocr_carea' id='block_1_57' title="bbox 2132 1180 3710 1254">
    <p class='ocr_par' dir='ltr' id='par_1_57' title="bbox 2132 1180 3710 1254">
     <span class='ocr_line' id='line_1_57' title="bbox 2132 1180 3710 1254; baseline -0.001 -19"><span class='ocrx_word' id='word_1_411' title='bbox 2132 1181 2405 1247; x_wconf 84' lang='grc' dir='ltr'>ἀπόδειξιν</span> <span class='ocrx_word' id='word_1_412' title='bbox 2433 1180 2527 1235; x_wconf 81' lang='grc' dir='ltr'>τοῦ</span> <span class='ocrx_word' id='word_1_413' title='bbox 2572 1183 2645 1251; x_wconf 84' lang='grc' dir='ltr'>μὴ</span> <span class='ocrx_word' id='word_1_414' title='bbox 2694 1181 2885 1251; x_wconf 76' lang='grc' dir='ltr'>ἄλογον</span> <span class='ocrx_word' id='word_1_415' title='bbox 2920 1182 3101 1234; x_wconf 86' lang='grc' dir='ltr'>πίστιν</span> <span class='ocrx_word' id='word_1_416' title='bbox 3143 1180 3540 1254; x_wconf 71' lang='grc' dir='ltr'>προϐάλλεσθαι</span> <span class='ocrx_word' id='word_1_417' title='bbox 3572 1181 3710 1251; x_wconf 74' lang='grc' dir='ltr'>ἡμῖν</span> 
     </span>
    </p>
   </div>
   <div class='ocr_carea' id='block_1_58' title="bbox 2132 1271 3710 1344">
    <p class='ocr_par' dir='ltr' id='par_1_58' title="bbox 2132 1271 3710 1344">
     <span class='ocr_line' id='line_1_58' title="bbox 2132 1271 3710 1344; baseline -0.002 -17"><span class='ocrx_word' id='word_1_418' title='bbox 2132 1273 2224 1327; x_wconf 79' lang='grc' dir='ltr'><strong>ὑπ’</strong></span> <span class='ocrx_word' id='word_1_419' title='bbox 2255 1272 2452 1339; x_wconf 81' lang='grc' dir='ltr'>αὐτῶν,</span> <span class='ocrx_word' id='word_1_420' title='bbox 2503 1275 2641 1343; x_wconf 81' lang='grc' dir='ltr'>μετὰ</span> <span class='ocrx_word' id='word_1_421' title='bbox 2691 1271 2964 1342; x_wconf 77' lang='grc' dir='ltr'><strong>λογισμῶν</strong></span> <span class='ocrx_word' id='word_1_422' title='bbox 2992 1272 3049 1325; x_wconf 81' lang='grc' dir='ltr'>δὲ</span> <span class='ocrx_word' id='word_1_423' title='bbox 3080 1271 3326 1344; x_wconf 79' lang='grc' dir='ltr'>ἐναργῶν</span> <span class='ocrx_word' id='word_1_424' title='bbox 3365 1272 3460 1325; x_wconf 78' lang='grc' dir='ltr'><strong>καὶ</strong></span> <span class='ocrx_word' id='word_1_425' title='bbox 3489 1271 3710 1325; x_wconf 73' lang='grc' dir='ltr'>ἀποδεί-</span> 
     </span>
    </p>
   </div>
   <div class='ocr_carea' id='block_1_59' title="bbox 2133 1364 3705 1435">
    <p class='ocr_par' dir='ltr' id='par_1_59' title="bbox 2133 1364 3705 1435">
     <span class='ocr_line' id='line_1_59' title="bbox 2133 1364 3705 1435; baseline -0.003 -15"><span class='ocrx_word' id='word_1_426' title='bbox 2133 1364 2266 1431; x_wconf 79' lang='grc' dir='ltr'>ξεων</span> <span class='ocrx_word' id='word_1_427' title='bbox 2288 1364 2520 1434; x_wconf 82' lang='grc' dir='ltr'>λογικῶν</span> <span class='ocrx_word' id='word_1_428' title='bbox 2540 1364 2639 1428; x_wconf 82' lang='grc' dir='ltr'>τὰς</span> <span class='ocrx_word' id='word_1_429' title='bbox 2661 1364 2768 1419; x_wconf 90' lang='grc' dir='ltr'><strong>τῶν</strong></span> <span class='ocrx_word' id='word_1_430' title='bbox 2790 1364 3071 1435; x_wconf 79' lang='grc' dir='ltr'>δογμάτων</span> <span class='ocrx_word' id='word_1_431' title='bbox 3098 1364 3400 1434; x_wconf 77' lang='grc' dir='ltr'>μαρτυρίας</span> <span class='ocrx_word' id='word_1_432' title='bbox 3420 1366 3705 1435; x_wconf 80' lang='grc' dir='ltr'>παρέχειν·</span> 
     </span>
    </p>
   </div>
   <div class='ocr_carea' id='block_1_60' title="bbox 2130 1453 3705 1530">
    <p class='ocr_par' dir='ltr' id='par_1_60' title="bbox 2130 1453 3705 1530">
     <span class='ocr_line' id='line_1_60' title="bbox 2130 1453 3705 1530; baseline -0.002 -20"><span class='ocrx_word' id='word_1_433' title='bbox 2130 1455 2317 1530; x_wconf 84' lang='grc' dir='ltr'>Μυρία</span> <span class='ocrx_word' id='word_1_434' title='bbox 2352 1454 2396 1508; x_wconf 76' lang='grc' dir='ltr'>δ’</span> <span class='ocrx_word' id='word_1_435' title='bbox 2428 1454 2494 1508; x_wconf 79' lang='grc' dir='ltr'>ἂν</span> <span class='ocrx_word' id='word_1_436' title='bbox 2522 1455 2608 1527; x_wconf 77' lang='grc' dir='ltr'><strong>εἴη</strong></span> <span class='ocrx_word' id='word_1_437' title='bbox 2650 1454 2873 1508; x_wconf 76' lang='grc' dir='ltr'>τοιαῦτα</span> <span class='ocrx_word' id='word_1_438' title='bbox 2925 1458 3046 1518; x_wconf 83' lang='grc' dir='ltr'>ταῖς</span> <span class='ocrx_word' id='word_1_439' title='bbox 3089 1456 3262 1525; x_wconf 78' lang='grc' dir='ltr'>ἱεραῖς</span> <span class='ocrx_word' id='word_1_440' title='bbox 3324 1453 3527 1525; x_wconf 73' lang='grc' dir='ltr'>βίϐλοις</span> <span class='ocrx_word' id='word_1_441' title='bbox 3567 1470 3705 1507; x_wconf 82' lang='grc' dir='ltr'>κατ-</span> 
     </span>
    </p>
   </div>
   <div class='ocr_carea' id='block_1_61' title="bbox 2130 1544 3707 1619">
    <p class='ocr_par' dir='ltr' id='par_1_61' title="bbox 2130 1544 3707 1619">
     <span class='ocr_line' id='line_1_61' title="bbox 2130 1544 3707 1619; baseline -0.003 -18"><span class='ocrx_word' id='word_1_442' title='bbox 2130 1547 2467 1619; x_wconf 84' lang='grc' dir='ltr'>εσπαρμένα.</span> <span class='ocrx_word' id='word_1_443' title='bbox 2502 1545 2872 1615; x_wconf 79' lang='grc' dir='ltr'>Συλλογίζεται</span> <span class='ocrx_word' id='word_1_444' title='bbox 2901 1545 3184 1617; x_wconf 76' lang='grc' dir='ltr'>τοιγαροῦν</span> <span class='ocrx_word' id='word_1_445' title='bbox 3211 1547 3338 1609; x_wconf 76' lang='grc' dir='ltr'>τοὺς</span> <span class='ocrx_word' id='word_1_446' title='bbox 3377 1544 3591 1608; x_wconf 79' lang='grc' dir='ltr'>ἀσεϐεῖς</span> <span class='ocrx_word' id='word_1_447' title='bbox 3613 1547 3707 1597; x_wconf 78' lang='grc' dir='ltr'>καὶ</span> 
     </span>
    </p>
   </div>
   <div class='ocr_carea' id='block_1_62' title="bbox 2130 1635 3708 1710">
    <p class='ocr_par' dir='ltr' id='par_1_62' title="bbox 2130 1635 3708 1710">
     <span class='ocr_line' id='line_1_62' title="bbox 2130 1635 3708 1710; baseline -0.002 -18"><span class='ocrx_word' id='word_1_448' title='bbox 2130 1637 2323 1702; x_wconf 80' lang='grc' dir='ltr'>ἀθέους</span> <span class='ocrx_word' id='word_1_449' title='bbox 2342 1638 2435 1691; x_wconf 80' lang='grc' dir='ltr'><strong>τοῦ</strong></span> <span class='ocrx_word' id='word_1_450' title='bbox 2463 1637 2537 1710; x_wconf 80' lang='grc' dir='ltr'>μὴ</span> <span class='ocrx_word' id='word_1_451' title='bbox 2559 1639 2759 1709; x_wconf 71' lang='grc' dir='ltr'>ἑφορᾷν</span> <span class='ocrx_word' id='word_1_452' title='bbox 2785 1645 2875 1691; x_wconf 81' lang='grc' dir='ltr'>τὸν</span> <span class='ocrx_word' id='word_1_453' title='bbox 2894 1637 3028 1690; x_wconf 78' lang='grc' dir='ltr'>Θεὸν</span> <span class='ocrx_word' id='word_1_454' title='bbox 3048 1637 3117 1690; x_wconf 75' lang='grc' dir='ltr'><strong>τὰ</strong></span> <span class='ocrx_word' id='word_1_455' title='bbox 3137 1635 3452 1709; x_wconf 78' lang='grc' dir='ltr'>ἀνθρώπινα</span> <span class='ocrx_word' id='word_1_456' title='bbox 3475 1637 3708 1706; x_wconf 78' lang='grc' dir='ltr'>φάσκον-</span> 
     </span>
    </p>
   </div>
   <div class='ocr_carea' id='block_1_63' title="bbox 2128 1722 3708 1802">
    <p class='ocr_par' dir='ltr' id='par_1_63' title="bbox 2128 1722 3708 1802">
     <span class='ocr_line' id='line_1_63' title="bbox 2128 1722 3708 1802; baseline -0.002 -19"><span class='ocrx_word' id='word_1_457' title='bbox 2128 1747 2247 1794; x_wconf 89' lang='grc' dir='ltr'>τας.</span> <span class='ocrx_word' id='word_1_458' title='bbox 2282 1730 2492 1802; x_wconf 84' lang='grc' dir='ltr'><strong>Πότερα</strong></span> <span class='ocrx_word' id='word_1_459' title='bbox 2516 1728 2647 1801; x_wconf 84' lang='grc' dir='ltr'>γὰρ,</span> <span class='ocrx_word' id='word_1_460' title='bbox 2678 1736 2862 1799; x_wconf 76' lang='grc' dir='ltr'>φησὶν,</span> <span class='ocrx_word' id='word_1_461' title='bbox 2891 1723 2936 1781; x_wconf 81' lang='grc' dir='ltr'><strong>ὧ</strong></span> <span class='ocrx_word' id='word_1_462' title='bbox 2959 1722 3122 1792; x_wconf 74' lang='grc' dir='ltr'>οὗτοι,</span> <span class='ocrx_word' id='word_1_463' title='bbox 3154 1728 3454 1798; x_wconf 81' lang='grc' dir='ltr'>αὐτόματος</span> <span class='ocrx_word' id='word_1_464' title='bbox 3492 1727 3708 1798; x_wconf 77' lang='grc' dir='ltr'><strong>ὑπέστη</strong></span> 
     </span>
    </p>
   </div>
   <div class='ocr_carea' id='block_1_64' title="bbox 2130 1815 3709 1889">
    <p class='ocr_par' dir='ltr' id='par_1_64' title="bbox 2130 1815 3709 1889">
     <span class='ocr_line' id='line_1_64' title="bbox 2130 1815 3709 1889; baseline -0.004 -16"><span class='ocrx_word' id='word_1_465' title='bbox 2130 1818 2236 1873; x_wconf 81' lang='grc' dir='ltr'><strong>τῶν</strong></span> <span class='ocrx_word' id='word_1_466' title='bbox 2270 1817 2423 1882; x_wconf 81' lang='grc' dir='ltr'>ζώων</span> <span class='ocrx_word' id='word_1_467' title='bbox 2451 1820 2485 1889; x_wconf 86' lang='grc' dir='ltr'><strong>ή</strong></span> <span class='ocrx_word' id='word_1_468' title='bbox 2517 1817 2696 1887; x_wconf 80' lang='grc' dir='ltr'>φύσις,</span> <span class='ocrx_word' id='word_1_469' title='bbox 2731 1817 2764 1889; x_wconf 74' lang='grc' dir='ltr'>ἦ</span> <span class='ocrx_word' id='word_1_470' title='bbox 2809 1818 3031 1886; x_wconf 81' lang='grc' dir='ltr'>γέγονεν</span> <span class='ocrx_word' id='word_1_471' title='bbox 3075 1816 3140 1870; x_wconf 72' lang='grc' dir='ltr'>ἐκ</span> <span class='ocrx_word' id='word_1_472' title='bbox 3180 1833 3325 1880; x_wconf 78' lang='grc' dir='ltr'><strong>¹ιτινος</strong></span> <span class='ocrx_word' id='word_1_473' title='bbox 3376 1815 3595 1880; x_wconf 84' lang='grc' dir='ltr'>αίτίου;</span> <span class='ocrx_word' id='word_1_474' title='bbox 3636 1815 3709 1867; x_wconf 79' lang='grc' dir='ltr'><strong>τὸ</strong></span> 
     </span>
    </p>
   </div>
   <div class='ocr_carea' id='block_1_65' title="bbox 2130 1906 3708 1983">
    <p class='ocr_par' dir='ltr' id='par_1_65' title="bbox 2130 1906 3708 1983">
     <span class='ocr_line' id='line_1_65' title="bbox 2130 1906 3708 1983; baseline -0.001 -18"><span class='ocrx_word' id='word_1_475' title='bbox 2130 1913 2230 1983; x_wconf 84' lang='grc' dir='ltr'>μὲν</span> <span class='ocrx_word' id='word_1_476' title='bbox 2253 1906 2346 1965; x_wconf 84' lang='grc' dir='ltr'>οὖν</span> <span class='ocrx_word' id='word_1_477' title='bbox 2369 1911 2599 1981; x_wconf 83' lang='grc' dir='ltr'>φάσκειν</span> <span class='ocrx_word' id='word_1_478' title='bbox 2630 1912 2751 1982; x_wconf 80' lang='grc' dir='ltr'>εἰκῇ</span> <span class='ocrx_word' id='word_1_479' title='bbox 2781 1911 2875 1964; x_wconf 70' lang='grc' dir='ltr'>καὶ</span> <span class='ocrx_word' id='word_1_480' title='bbox 2899 1910 2975 1974; x_wconf 83' lang='grc' dir='ltr'>ὡς</span> <span class='ocrx_word' id='word_1_481' title='bbox 3008 1910 3212 1981; x_wconf 71' lang='grc' dir='ltr'>ἔτυχεν,</span> <span class='ocrx_word' id='word_1_482' title='bbox 3246 1909 3458 1978; x_wconf 77' lang='grc' dir='ltr'>ἀλόγως</span> <span class='ocrx_word' id='word_1_483' title='bbox 3484 1908 3582 1962; x_wconf 69' lang='grc' dir='ltr'>καὶ</span> <span class='ocrx_word' id='word_1_484' title='bbox 3603 1910 3708 1963; x_wconf 77' lang='grc' dir='ltr'><strong>αὐ-</strong></span> 
     </span>
    </p>
   </div>
   <div class='ocr_carea' id='block_1_66' title="bbox 2128 1998 3708 2072">
    <p class='ocr_par' dir='ltr' id='par_1_66' title="bbox 2128 1998 3708 2072">
     <span class='ocr_line' id='line_1_66' title="bbox 2128 1998 3708 2072; baseline -0.001 -18"><span class='ocrx_word' id='word_1_485' title='bbox 2128 2001 2382 2072; x_wconf 80' lang='grc' dir='ltr'>τομάτως</span> <span class='ocrx_word' id='word_1_486' title='bbox 2401 2000 2500 2071; x_wconf 77' lang='grc' dir='ltr'>τὴν</span> <span class='ocrx_word' id='word_1_487' title='bbox 2526 1998 2699 2063; x_wconf 77' lang='grc' dir='ltr'>ἄζωον</span> <span class='ocrx_word' id='word_1_488' title='bbox 2729 2000 2823 2053; x_wconf 76' lang='grc' dir='ltr'>καὶ</span> <span class='ocrx_word' id='word_1_489' title='bbox 2859 1998 3060 2069; x_wconf 78' lang='grc' dir='ltr'>ἄψυχον</span> <span class='ocrx_word' id='word_1_490' title='bbox 3088 1999 3183 2053; x_wconf 71' lang='grc' dir='ltr'>καὶ</span> <span class='ocrx_word' id='word_1_491' title='bbox 3214 1999 3438 2070; x_wconf 77' lang='grc' dir='ltr'>ἀνόητον</span> <span class='ocrx_word' id='word_1_492' title='bbox 3478 1998 3615 2070; x_wconf 81' lang='grc' dir='ltr'>ὕλην</span> <span class='ocrx_word' id='word_1_493' title='bbox 3637 1999 3708 2053; x_wconf 66' lang='grc' dir='ltr'>τὰ</span> 
     </span>
    </p>
   </div>
   <div class='ocr_carea' id='block_1_67' title="bbox 2127 2088 3707 2162">
    <p class='ocr_par' dir='ltr' id='par_1_67' title="bbox 2127 2088 3707 2162">
     <span class='ocr_line' id='line_1_67' title="bbox 2127 2088 3707 2162; baseline 0 -18"><span class='ocrx_word' id='word_1_494' title='bbox 2127 2090 2362 2145; x_wconf 79' lang='grc' dir='ltr'>τοσαῦτα</span> <span class='ocrx_word' id='word_1_495' title='bbox 2413 2088 2527 2155; x_wconf 77' lang='grc' dir='ltr'>ζῶα</span> <span class='ocrx_word' id='word_1_496' title='bbox 2569 2091 2663 2144; x_wconf 75' lang='grc' dir='ltr'>καὶ</span> <span class='ocrx_word' id='word_1_497' title='bbox 2703 2089 2802 2162; x_wconf 75' lang='grc' dir='ltr'><strong>τήν</strong></span> <span class='ocrx_word' id='word_1_498' title='bbox 2846 2092 2929 2159; x_wconf 70' lang='grc' dir='ltr'><strong>ἐφ’</strong></span> <span class='ocrx_word' id='word_1_499' title='bbox 2957 2092 3168 2161; x_wconf 78' lang='grc' dir='ltr'>ἑκάστῳ</span> <span class='ocrx_word' id='word_1_500' title='bbox 3198 2091 3342 2158; x_wconf 79' lang='grc' dir='ltr'>γένει</span> <span class='ocrx_word' id='word_1_501' title='bbox 3388 2091 3502 2144; x_wconf 88' lang='grc' dir='ltr'><strong>τῶν</strong></span> <span class='ocrx_word' id='word_1_502' title='bbox 3548 2089 3707 2155; x_wconf 81' lang='grc' dir='ltr'>ζώων</span> 
     </span>
    </p>
   </div>
   <div class='ocr_carea' id='block_1_68' title="bbox 2128 2181 3705 2253">
    <p class='ocr_par' dir='ltr' id='par_1_68' title="bbox 2128 2181 3705 2253">
     <span class='ocr_line' id='line_1_68' title="bbox 2128 2181 3705 2253; baseline 0 -18"><span class='ocrx_word' id='word_1_503' title='bbox 2128 2181 2333 2235; x_wconf 80' lang='grc' dir='ltr'>τοιάνδε</span> <span class='ocrx_word' id='word_1_504' title='bbox 2362 2181 2725 2253; x_wconf 78' lang='grc' dir='ltr'>κατασκευὴν,</span> <span class='ocrx_word' id='word_1_505' title='bbox 2756 2181 2855 2245; x_wconf 83' lang='grc' dir='ltr'>τὰς</span> <span class='ocrx_word' id='word_1_506' title='bbox 2883 2199 2944 2234; x_wconf 86' lang='grc' dir='ltr'><strong>τε</strong></span> <span class='ocrx_word' id='word_1_507' title='bbox 2974 2184 3031 2235; x_wconf 81' lang='grc' dir='ltr'>ὲν</span> <span class='ocrx_word' id='word_1_508' title='bbox 3052 2183 3235 2246; x_wconf 79' lang='grc' dir='ltr'>αὐτοῖς</span> <span class='ocrx_word' id='word_1_509' title='bbox 3258 2183 3471 2253; x_wconf 71' lang='grc' dir='ltr'>μορφὰς</span> <span class='ocrx_word' id='word_1_510' title='bbox 3511 2183 3611 2235; x_wconf 71' lang='grc' dir='ltr'>καὶ</span> <span class='ocrx_word' id='word_1_511' title='bbox 3636 2182 3705 2235; x_wconf 69' lang='grc' dir='ltr'><strong>τά</strong></span> 
     </span>
    </p>
   </div>
   <div class='ocr_carea' id='block_1_69' title="bbox 2127 2272 3705 2346">
    <p class='ocr_par' dir='ltr' id='par_1_69' title="bbox 2127 2272 3705 2346">
     <span class='ocr_line' id='line_1_69' title="bbox 2127 2272 3705 2346; baseline 0 -19"><span class='ocrx_word' id='word_1_512' title='bbox 2127 2273 2242 2345; x_wconf 75' lang='grc' dir='ltr'>εἴδη</span> <span class='ocrx_word' id='word_1_513' title='bbox 2276 2274 2369 2327; x_wconf 74' lang='grc' dir='ltr'>καὶ</span> <span class='ocrx_word' id='word_1_514' title='bbox 2394 2274 2493 2346; x_wconf 81' lang='grc' dir='ltr'>τὴν</span> <span class='ocrx_word' id='word_1_515' title='bbox 2523 2273 2790 2344; x_wconf 80' lang='grc' dir='ltr'>τοσαύτην</span> <span class='ocrx_word' id='word_1_516' title='bbox 2816 2272 2924 2327; x_wconf 88' lang='grc' dir='ltr'><strong>τῶν</strong></span> <span class='ocrx_word' id='word_1_517' title='bbox 2959 2274 3152 2345; x_wconf 84' lang='grc' dir='ltr'>μερῶν.</span> <span class='ocrx_word' id='word_1_518' title='bbox 3164 2290 3224 2326; x_wconf 89' lang='grc' dir='ltr'><strong>τε</strong></span> <span class='ocrx_word' id='word_1_519' title='bbox 3254 2275 3349 2328; x_wconf 74' lang='grc' dir='ltr'>καὶ</span> <span class='ocrx_word' id='word_1_520' title='bbox 3386 2272 3565 2344; x_wconf 84' lang='grc' dir='ltr'>μελῶν</span> <span class='ocrx_word' id='word_1_521' title='bbox 3586 2274 3705 2327; x_wconf 80' lang='grc' dir='ltr'>διά-</span> 
     </span>
    </p>
   </div>
   <div class='ocr_carea' id='block_1_70' title="bbox 2128 2363 3706 2437">
    <p class='ocr_par' dir='ltr' id='par_1_70' title="bbox 2128 2363 3706 2437">
     <span class='ocr_line' id='line_1_70' title="bbox 2128 2363 3706 2437; baseline 0.002 -20"><span class='ocrx_word' id='word_1_522' title='bbox 2128 2363 2296 2429; x_wconf 88' lang='grc' dir='ltr'>θεσιν,</span> <span class='ocrx_word' id='word_1_523' title='bbox 2326 2366 2423 2437; x_wconf 89' lang='grc' dir='ltr'><strong>τήν</strong></span> <span class='ocrx_word' id='word_1_524' title='bbox 2450 2381 2509 2418; x_wconf 89' lang='grc' dir='ltr'><strong>τε</strong></span> <span class='ocrx_word' id='word_1_525' title='bbox 2546 2364 2638 2418; x_wconf 80' lang='grc' dir='ltr'>τοῦ</span> <span class='ocrx_word' id='word_1_526' title='bbox 2673 2364 2899 2427; x_wconf 82' lang='grc' dir='ltr'>κάλλους</span> <span class='ocrx_word' id='word_1_527' title='bbox 2929 2364 3217 2429; x_wconf 84' lang='grc' dir='ltr'>ποικιλίαν,</span> <span class='ocrx_word' id='word_1_528' title='bbox 3241 2365 3338 2418; x_wconf 75' lang='grc' dir='ltr'>καὶ</span> <span class='ocrx_word' id='word_1_529' title='bbox 3378 2367 3479 2429; x_wconf 65' lang='grc' dir='ltr'>τὰς</span> <span class='ocrx_word' id='word_1_530' title='bbox 3510 2366 3706 2420; x_wconf 79' lang='grc' dir='ltr'>τοσαύ-</span> 
     </span>
    </p>
   </div>
   <div class='ocr_carea' id='block_1_71' title="bbox 2126 2455 3707 2529">
    <p class='ocr_par' dir='ltr' id='par_1_71' title="bbox 2126 2455 3707 2529">
     <span class='ocr_line' id='line_1_71' title="bbox 2126 2455 3707 2529; baseline 0.001 -21"><span class='ocrx_word' id='word_1_531' title='bbox 2126 2472 2225 2519; x_wconf 88' lang='grc' dir='ltr'><strong>τας</strong></span> <span class='ocrx_word' id='word_1_532' title='bbox 2262 2455 2523 2526; x_wconf 85' lang='grc' dir='ltr'>διαφορὰς</span> <span class='ocrx_word' id='word_1_533' title='bbox 2552 2455 2989 2527; x_wconf 79' lang='grc' dir='ltr'>προενηνοχέναι,</span> <span class='ocrx_word' id='word_1_534' title='bbox 3025 2456 3227 2528; x_wconf 84' lang='grc' dir='ltr'>σφόδρα</span> <span class='ocrx_word' id='word_1_535' title='bbox 3256 2457 3437 2529; x_wconf 73' lang='grc' dir='ltr'>μωρὸν</span> <span class='ocrx_word' id='word_1_536' title='bbox 3462 2459 3559 2511; x_wconf 70' lang='grc' dir='ltr'>καὶ</span> <span class='ocrx_word' id='word_1_537' title='bbox 3588 2457 3707 2528; x_wconf 71' lang='grc' dir='ltr'>ἡλίο</span> 
     </span>
    </p>
   </div>
   <div class='ocr_carea' id='block_1_72' title="bbox 2127 2546 3702 2621">
    <p class='ocr_par' dir='ltr' id='par_1_72' title="bbox 2127 2546 3702 2621">
     <span class='ocr_line' id='line_1_72' title="bbox 2127 2546 3702 2621; baseline 0.001 -20"><span class='ocrx_word' id='word_1_538' title='bbox 2127 2548 2262 2610; x_wconf 89' lang='grc' dir='ltr'>θιον,</span> <span class='ocrx_word' id='word_1_539' title='bbox 2288 2549 2380 2602; x_wconf 75' lang='grc' dir='ltr'>καὶ</span> <span class='ocrx_word' id='word_1_540' title='bbox 2395 2547 2601 2619; x_wconf 86' lang='grc' dir='ltr'>ἀνδρῶν</span> <span class='ocrx_word' id='word_1_541' title='bbox 2617 2546 2693 2611; x_wconf 84' lang='grc' dir='ltr'><strong>ὡς</strong></span> <span class='ocrx_word' id='word_1_542' title='bbox 2715 2546 2928 2617; x_wconf 87' lang='grc' dir='ltr'>ἀληθῶς</span> <span class='ocrx_word' id='word_1_543' title='bbox 2943 2548 3040 2611; x_wconf 85' lang='grc' dir='ltr'><strong>τὰς</strong></span> <span class='ocrx_word' id='word_1_544' title='bbox 3054 2546 3232 2618; x_wconf 78' lang='grc' dir='ltr'>ψυχὰς</span> <span class='ocrx_word' id='word_1_545' title='bbox 3256 2549 3702 2621; x_wconf 80' lang='grc' dir='ltr'>νενεκρωμένων.</span> 
     </span>
    </p>
   </div>
   <div class='ocr_carea' id='block_1_73' title="bbox 2128 2637 3704 2713">
    <p class='ocr_par' dir='ltr' id='par_1_73' title="bbox 2128 2637 3704 2713">
     <span class='ocr_line' id='line_1_73' title="bbox 2128 2637 3704 2713; baseline 0.001 -21"><span class='ocrx_word' id='word_1_546' title='bbox 2128 2638 2253 2702; x_wconf 83' lang='grc' dir='ltr'><strong>Πῶς</strong></span> <span class='ocrx_word' id='word_1_547' title='bbox 2286 2638 2395 2709; x_wconf 79' lang='grc' dir='ltr'><strong>γάρ</strong></span> <span class='ocrx_word' id='word_1_548' title='bbox 2424 2639 2485 2691; x_wconf 84' lang='grc' dir='ltr'>τὸ</span> <span class='ocrx_word' id='word_1_549' title='bbox 2518 2638 2592 2710; x_wconf 75' lang='grc' dir='ltr'>μὴ</span> <span class='ocrx_word' id='word_1_550' title='bbox 2626 2637 2768 2709; x_wconf 80' lang='grc' dir='ltr'>ζωῆς</span> <span class='ocrx_word' id='word_1_551' title='bbox 2798 2640 3021 2710; x_wconf 81' lang='grc' dir='ltr'>μετέχον</span> <span class='ocrx_word' id='word_1_552' title='bbox 3048 2637 3192 2710; x_wconf 77' lang='grc' dir='ltr'>ζωὴν</span> <span class='ocrx_word' id='word_1_553' title='bbox 3213 2639 3386 2711; x_wconf 79' lang='grc' dir='ltr'>ἑτέρῳ</span> <span class='ocrx_word' id='word_1_554' title='bbox 3418 2640 3487 2693; x_wconf 74' lang='grc' dir='ltr'>ἂν</span> <span class='ocrx_word' id='word_1_555' title='bbox 3524 2643 3704 2713; x_wconf 73' lang='grc' dir='ltr'>παράο</span> 
     </span>
    </p>
   </div>
   <div class='ocr_carea' id='block_1_74' title="bbox 2128 2730 3705 2803">
    <p class='ocr_par' dir='ltr' id='par_1_74' title="bbox 2128 2730 3705 2803">
     <span class='ocr_line' id='line_1_74' title="bbox 2128 2730 3705 2803; baseline 0.002 -20"><span class='ocrx_word' id='word_1_556' title='bbox 2128 2748 2279 2802; x_wconf 86' lang='grc' dir='ltr'>σχοι;</span> <span class='ocrx_word' id='word_1_557' title='bbox 2306 2731 2339 2802; x_wconf 80' lang='grc' dir='ltr'>ἢ</span> <span class='ocrx_word' id='word_1_558' title='bbox 2377 2731 2436 2784; x_wconf 85' lang='grc' dir='ltr'>τὸ</span> <span class='ocrx_word' id='word_1_559' title='bbox 2462 2730 2665 2802; x_wconf 76' lang='grc' dir='ltr'>ἄψυχον</span> <span class='ocrx_word' id='word_1_560' title='bbox 2696 2731 2811 2793; x_wconf 88' lang='grc' dir='ltr'><strong>πῶς</strong></span> <span class='ocrx_word' id='word_1_561' title='bbox 2839 2730 2904 2785; x_wconf 79' lang='grc' dir='ltr'>ἂν</span> <span class='ocrx_word' id='word_1_562' title='bbox 2926 2730 3103 2803; x_wconf 73' lang='grc' dir='ltr'>ψυχὴν</span> <span class='ocrx_word' id='word_1_563' title='bbox 3141 2732 3543 2802; x_wconf 79' lang='grc' dir='ltr'>ὑποστήσαιτο;</span> <span class='ocrx_word' id='word_1_564' title='bbox 3575 2733 3609 2803; x_wconf 79' lang='grc' dir='ltr'>ἢ</span> <span class='ocrx_word' id='word_1_565' title='bbox 3642 2731 3705 2786; x_wconf 73' lang='grc' dir='ltr'>τὸ</span> 
     </span>
    </p>
   </div>
   <div class='ocr_carea' id='block_1_75' title="bbox 2128 2822 3701 2894">
    <p class='ocr_par' dir='ltr' id='par_1_75' title="bbox 2128 2822 3701 2894">
     <span class='ocr_line' id='line_1_75' title="bbox 2128 2822 3701 2894; baseline 0.001 -17"><span class='ocrx_word' id='word_1_566' title='bbox 2128 2823 2321 2892; x_wconf 78' lang='grc' dir='ltr'>ἄλογον</span> <span class='ocrx_word' id='word_1_567' title='bbox 2348 2824 2465 2887; x_wconf 89' lang='grc' dir='ltr'><strong>πῶς</strong></span> <span class='ocrx_word' id='word_1_568' title='bbox 2488 2822 2553 2876; x_wconf 79' lang='grc' dir='ltr'>ἂν</span> <span class='ocrx_word' id='word_1_569' title='bbox 2577 2823 2789 2892; x_wconf 83' lang='grc' dir='ltr'>λογικόν</span> <span class='ocrx_word' id='word_1_570' title='bbox 2816 2840 2869 2877; x_wconf 86' lang='grc' dir='ltr'><strong>τι</strong></span> <span class='ocrx_word' id='word_1_571' title='bbox 2888 2824 3348 2891; x_wconf 74' lang='grc' dir='ltr'>κατασκευάσειες</span> <span class='ocrx_word' id='word_1_572' title='bbox 3372 2825 3501 2889; x_wconf 87' lang='grc' dir='ltr'><strong>Πῶς</strong></span> <span class='ocrx_word' id='word_1_573' title='bbox 3517 2825 3701 2894; x_wconf 69' lang='grc' dir='ltr'>δὲ’τὴν</span> 
     </span>
    </p>
   </div>
   <div class='ocr_carea' id='block_1_76' title="bbox 2127 2914 3703 2989">
    <p class='ocr_par' dir='ltr' id='par_1_76' title="bbox 2127 2914 3703 2989">
     <span class='ocr_line' id='line_1_76' title="bbox 2127 2914 3703 2989; baseline -0.001 -19"><span class='ocrx_word' id='word_1_574' title='bbox 2127 2916 2697 2989; x_wconf 70' lang='grc' dir='ltr'>ἀρχὴνκινπθήσεται,</span> <span class='ocrx_word' id='word_1_575' title='bbox 2728 2917 2762 2988; x_wconf 81' lang='grc' dir='ltr'><strong>ἢ</strong></span> <span class='ocrx_word' id='word_1_576' title='bbox 2792 2914 2909 2981; x_wconf 89' lang='grc' dir='ltr'><strong>πῶς</strong></span> <span class='ocrx_word' id='word_1_577' title='bbox 2946 2916 3131 2988; x_wconf 69' lang='grc' dir='ltr'>ἕτερον</span> <span class='ocrx_word' id='word_1_578' title='bbox 3159 2918 3370 2988; x_wconf 84' lang='grc' dir='ltr'>κινήσει</span> <span class='ocrx_word' id='word_1_579' title='bbox 3396 2917 3459 2971; x_wconf 77' lang='grc' dir='ltr'><strong>τὸ</strong></span> <span class='ocrx_word' id='word_1_580' title='bbox 3491 2917 3551 2984; x_wconf 74' lang='grc' dir='ltr'><strong>ἐξ</strong></span> <span class='ocrx_word' id='word_1_581' title='bbox 3575 2918 3703 2970; x_wconf 80' lang='grc' dir='ltr'>ἑαυ-</span> 
     </span>
    </p>
   </div>
   <div class='ocr_carea' id='block_1_77' title="bbox 2129 3006 3703 3080">
    <p class='ocr_par' dir='ltr' id='par_1_77' title="bbox 2129 3006 3703 3080">
     <span class='ocr_line' id='line_1_77' title="bbox 2129 3006 3703 3080; baseline -0.001 -19"><span class='ocrx_word' id='word_1_582' title='bbox 2129 3007 2222 3061; x_wconf 83' lang='grc' dir='ltr'>τοῦ</span> <span class='ocrx_word' id='word_1_583' title='bbox 2260 3007 2358 3080; x_wconf 82' lang='grc' dir='ltr'>τὴν</span> <span class='ocrx_word' id='word_1_584' title='bbox 2386 3008 2545 3079; x_wconf 89' lang='grc' dir='ltr'>φύσιν</span> <span class='ocrx_word' id='word_1_585' title='bbox 2564 3007 2817 3079; x_wconf 82' lang='grc' dir='ltr'>ἀκίνητον</span> <span class='ocrx_word' id='word_1_586' title='bbox 2836 3024 2851 3073; x_wconf 89' lang='lat'><strong>;</strong></span> <span class='ocrx_word' id='word_1_587' title='bbox 2879 3008 3131 3060; x_wconf 80' lang='grc' dir='ltr'>Τοιοῦτον</span> <span class='ocrx_word' id='word_1_588' title='bbox 3152 3007 3209 3061; x_wconf 83' lang='grc' dir='ltr'>δὲ</span> <span class='ocrx_word' id='word_1_589' title='bbox 3231 3007 3294 3060; x_wconf 82' lang='grc' dir='ltr'>τὸ</span> <span class='ocrx_word' id='word_1_590' title='bbox 3314 3006 3417 3077; x_wconf 86' lang='grc' dir='ltr'><strong>τῆς</strong></span> <span class='ocrx_word' id='word_1_591' title='bbox 3437 3007 3544 3078; x_wconf 90' lang='grc' dir='ltr'><strong>γῆς</strong></span> <span class='ocrx_word' id='word_1_592' title='bbox 3567 3022 3703 3060; x_wconf 70' lang='grc' dir='ltr'>στα·</span> 
     </span>
    </p>
   </div>
   <div class='ocr_carea' id='block_1_78' title="bbox 2132 3086 3701 3170">
    <p class='ocr_par' dir='ltr' id='par_1_78' title="bbox 2132 3086 3701 3170">
     <span class='ocr_line' id='line_1_78' title="bbox 2132 3086 3701 3170; baseline 0.003 -20"><span class='ocrx_word' id='word_1_593' title='bbox 2132 3100 2296 3167; x_wconf 82' lang='grc' dir='ltr'>χεῖον,</span> <span class='ocrx_word' id='word_1_594' title='bbox 2324 3098 2383 3164; x_wconf 78' lang='grc' dir='ltr'><strong>ἐξ</strong></span> <span class='ocrx_word' id='word_1_595' title='bbox 2410 3090 2471 3150; x_wconf 74' lang='grc' dir='ltr'><strong>οὗ</strong></span> <span class='ocrx_word' id='word_1_596' title='bbox 2514 3100 2738 3152; x_wconf 85' lang='grc' dir='ltr'>παντοῖα</span> <span class='ocrx_word' id='word_1_597' title='bbox 2765 3086 2997 3168; x_wconf 83' lang='grc' dir='ltr'>προῆλθε</span> <span class='ocrx_word' id='word_1_598' title='bbox 3031 3096 3184 3161; x_wconf 75' lang='grc' dir='ltr'>ζώων</span> <span class='ocrx_word' id='word_1_599' title='bbox 3211 3097 3701 3170; x_wconf 41' lang='grc' dir='ltr'>γένηιόφθαλμοὴ</span> 
     </span>
    </p>
   </div>
   <div class='ocr_carea' id='block_1_79' title="bbox 2133 3180 3701 3260">
    <p class='ocr_par' dir='ltr' id='par_1_79' title="bbox 2133 3180 3701 3260">
     <span class='ocr_line' id='line_1_79' title="bbox 2133 3180 3701 3260; baseline 0.001 -21"><span class='ocrx_word' id='word_1_600' title='bbox 2133 3186 2322 3257; x_wconf 74' lang='grc' dir='ltr'>ἔχοντα</span> <span class='ocrx_word' id='word_1_601' title='bbox 2350 3187 2443 3241; x_wconf 71' lang='grc' dir='ltr'>καὶ</span> <span class='ocrx_word' id='word_1_602' title='bbox 2467 3180 2580 3240; x_wconf 77' lang='grc' dir='ltr'>ὦτα</span> <span class='ocrx_word' id='word_1_603' title='bbox 2629 3188 2722 3241; x_wconf 74' lang='grc' dir='ltr'>καὶ</span> <span class='ocrx_word' id='word_1_604' title='bbox 2742 3187 2811 3240; x_wconf 80' lang='grc' dir='ltr'><strong>τά</strong></span> <span class='ocrx_word' id='word_1_605' title='bbox 2841 3187 3002 3241; x_wconf 83' lang='grc' dir='ltr'>λοιπὰ</span> <span class='ocrx_word' id='word_1_606' title='bbox 3042 3186 3391 3260; x_wconf 71' lang='grc' dir='ltr'>αἰσθητήρια,</span> <span class='ocrx_word' id='word_1_607' title='bbox 3426 3186 3576 3258; x_wconf 78' lang='grc' dir='ltr'>ζωῆς</span> <span class='ocrx_word' id='word_1_608' title='bbox 3607 3188 3701 3241; x_wconf 77' lang='grc' dir='ltr'>καὶ</span> 
     </span>
    </p>
   </div>
   <div class='ocr_carea' id='block_1_80' title="bbox 2132 3275 3699 3347">
    <p class='ocr_par' dir='ltr' id='par_1_80' title="bbox 2132 3275 3699 3347">
     <span class='ocr_line' id='line_1_80' title="bbox 2132 3275 3699 3347; baseline 0.002 -19"><span class='ocrx_word' id='word_1_609' title='bbox 2132 3277 2396 3346; x_wconf 83' lang='grc' dir='ltr'>κινήσεως</span> <span class='ocrx_word' id='word_1_610' title='bbox 2427 3276 2521 3329; x_wconf 75' lang='grc' dir='ltr'>καὶ</span> <span class='ocrx_word' id='word_1_611' title='bbox 2562 3275 2738 3347; x_wconf 74' lang='grc' dir='ltr'>ὁρμῆς</span> <span class='ocrx_word' id='word_1_612' title='bbox 2785 3275 3019 3347; x_wconf 80' lang='grc' dir='ltr'>μέτοχα;</span> <span class='ocrx_word' id='word_1_613' title='bbox 3049 3275 3332 3347; x_wconf 78' lang='grc' dir='ltr'>ἄνθρωπος</span> <span class='ocrx_word' id='word_1_614' title='bbox 3363 3277 3422 3330; x_wconf 81' lang='grc' dir='ltr'>δὲ</span> <span class='ocrx_word' id='word_1_615' title='bbox 3451 3279 3547 3330; x_wconf 80' lang='grc' dir='ltr'><strong>καὶ</strong></span> <span class='ocrx_word' id='word_1_616' title='bbox 3577 3278 3699 3331; x_wconf 82' lang='grc' dir='ltr'>τού-</span> 
     </span>
    </p>
   </div>
   <div class='ocr_carea' id='block_1_81' title="bbox 2130 3358 3697 3437">
    <p class='ocr_par' dir='ltr' id='par_1_81' title="bbox 2130 3358 3697 3437">
     <span class='ocr_line' id='line_1_81' title="bbox 2130 3358 3697 3437; baseline 0.002 -19"><span class='ocrx_word' id='word_1_617' title='bbox 2130 3382 2240 3419; x_wconf 81' lang='grc' dir='ltr'><strong>των</strong></span> <span class='ocrx_word' id='word_1_618' title='bbox 2267 3368 2530 3437; x_wconf 79' lang='grc' dir='ltr'>ἐπάγεται</span> <span class='ocrx_word' id='word_1_619' title='bbox 2554 3367 2737 3432; x_wconf 80' lang='grc' dir='ltr'>πλέον,</span> <span class='ocrx_word' id='word_1_620' title='bbox 2770 3365 2990 3437; x_wconf 82' lang='grc' dir='ltr'>λογικῆς</span> <span class='ocrx_word' id='word_1_621' title='bbox 3030 3364 3106 3419; x_wconf 86' lang='grc' dir='ltr'><strong>ῶν</strong></span> <span class='ocrx_word' id='word_1_622' title='bbox 3133 3358 3368 3436; x_wconf 83' lang='grc' dir='ltr'>φύσεως,</span> <span class='ocrx_word' id='word_1_623' title='bbox 3395 3367 3488 3421; x_wconf 76' lang='grc' dir='ltr'><strong>νοῦ</strong></span> <span class='ocrx_word' id='word_1_624' title='bbox 3511 3385 3568 3421; x_wconf 79' lang='grc' dir='ltr'><strong>τε</strong></span> <span class='ocrx_word' id='word_1_625' title='bbox 3599 3368 3697 3422; x_wconf 72' lang='grc' dir='ltr'>καὶ</span> 
     </span>
    </p>
   </div>
   <div class='ocr_carea' id='block_1_82' title="bbox 2132 3454 3687 3532">
    <p class='ocr_par' dir='ltr' id='par_1_82' title="bbox 2132 3454 3687 3532">
     <span class='ocr_line' id='line_1_82' title="bbox 2132 3454 3687 3532; baseline 0.001 -22"><span class='ocrx_word' id='word_1_626' title='bbox 2132 3459 2440 3530; x_wconf 73' lang='grc' dir='ltr'>ἐπιστήμης</span> <span class='ocrx_word' id='word_1_627' title='bbox 2480 3458 2726 3523; x_wconf 76' lang='grc' dir='ltr'>δεκτικὸς</span> <span class='ocrx_word' id='word_1_628' title='bbox 2767 3458 3068 3531; x_wconf 82' lang='grc' dir='ltr'>τυγχάνων.</span> <span class='ocrx_word' id='word_1_629' title='bbox 3096 3455 3220 3532; x_wconf 75' lang='grc' dir='ltr'><strong>Ἀρ⁹</strong></span> <span class='ocrx_word' id='word_1_630' title='bbox 3246 3454 3340 3514; x_wconf 74' lang='grc' dir='ltr'>οὖν</span> <span class='ocrx_word' id='word_1_631' title='bbox 3388 3459 3444 3525; x_wconf 67' lang='grc' dir='ltr'><strong>ἐξ</strong></span> <span class='ocrx_word' id='word_1_632' title='bbox 3492 3459 3687 3526; x_wconf 78' lang='grc' dir='ltr'>ἀλόγου</span> 
     </span>
    </p>
   </div>
   <div class='ocr_carea' id='block_1_83' title="bbox 2130 3550 3680 3621">
    <p class='ocr_par' dir='ltr' id='par_1_83' title="bbox 2130 3550 3680 3621">
     <span class='ocr_line' id='line_1_83' title="bbox 2130 3550 3680 3621; baseline 0 -17"><span class='ocrx_word' id='word_1_633' title='bbox 2130 3552 2225 3604; x_wconf 75' lang='grc' dir='ltr'><strong>καὶ</strong></span> <span class='ocrx_word' id='word_1_634' title='bbox 2246 3550 2451 3621; x_wconf 78' lang='grc' dir='ltr'>ἀψύχου</span> <span class='ocrx_word' id='word_1_635' title='bbox 2474 3552 2733 3621; x_wconf 83' lang='grc' dir='ltr'>στοιχείου</span> <span class='ocrx_word' id='word_1_636' title='bbox 2751 3551 2820 3605; x_wconf 82' lang='grc' dir='ltr'><strong>τά</strong></span> <span class='ocrx_word' id='word_1_637' title='bbox 2844 3551 3019 3606; x_wconf 84' lang='grc' dir='ltr'>τοιάδε</span> <span class='ocrx_word' id='word_1_638' title='bbox 3050 3552 3225 3605; x_wconf 76' lang='grc' dir='ltr'>πάντα</span> <span class='ocrx_word' id='word_1_639' title='bbox 3247 3551 3481 3620; x_wconf 59' lang='lat' dir='ltr'><strong>tineam;</strong></span> <span class='ocrx_word' id='word_1_640' title='bbox 3521 3550 3680 3604; x_wconf 76' lang='grc' dir='ltr'>Ἀλλά</span> 
     </span>
    </p>
   </div>
   <div class='ocr_carea' id='block_1_84' title="bbox 2132 3639 3679 3714">
    <p class='ocr_par' dir='ltr' id='par_1_84' title="bbox 2132 3639 3679 3714">
     <span class='ocr_line' id='line_1_84' title="bbox 2132 3639 3679 3714; baseline -0.003 -19"><span class='ocrx_word' id='word_1_641' title='bbox 2132 3642 2227 3695; x_wconf 76' lang='grc' dir='ltr'>καὶ</span> <span class='ocrx_word' id='word_1_642' title='bbox 2264 3642 2355 3696; x_wconf 86' lang='grc' dir='ltr'>τὸν</span> <span class='ocrx_word' id='word_1_643' title='bbox 2395 3642 2467 3714; x_wconf 86' lang='grc' dir='ltr'>μὴ</span> <span class='ocrx_word' id='word_1_644' title='bbox 2502 3642 2817 3714; x_wconf 85' lang='grc' dir='ltr'>βουλόμενον</span> <span class='ocrx_word' id='word_1_645' title='bbox 2847 3643 3124 3713; x_wconf 80' lang='grc' dir='ltr'>ὁμολογεῖν</span> <span class='ocrx_word' id='word_1_646' title='bbox 3157 3642 3293 3695; x_wconf 79' lang='grc' dir='ltr'>αὐτὰ</span> <span class='ocrx_word' id='word_1_647' title='bbox 3329 3643 3501 3712; x_wconf 82' lang='grc' dir='ltr'>νικᾷ,ή</span> <span class='ocrx_word' id='word_1_648' title='bbox 3528 3639 3679 3710; x_wconf 77' lang='grc' dir='ltr'>ἐνέρ-</span> 
     </span>
    </p>
   </div>
   <div class='ocr_carea' id='block_1_85' title="bbox 2131 3731 3681 3808">
    <p class='ocr_par' dir='ltr' id='par_1_85' title="bbox 2131 3731 3681 3808">
     <span class='ocr_line' id='line_1_85' title="bbox 2131 3731 3681 3808; baseline -0.003 -21"><span class='ocrx_word' id='word_1_649' title='bbox 2131 3750 2274 3804; x_wconf 87' lang='grc' dir='ltr'>γεια,</span> <span class='ocrx_word' id='word_1_650' title='bbox 2302 3734 2396 3787; x_wconf 75' lang='grc' dir='ltr'>καὶ</span> <span class='ocrx_word' id='word_1_651' title='bbox 2425 3736 2455 3788; x_wconf 82' lang='grc' dir='ltr'>ὁ</span> <span class='ocrx_word' id='word_1_652' title='bbox 2475 3735 2614 3788; x_wconf 76' lang='grc' dir='ltr'>κατὰ</span> <span class='ocrx_word' id='word_1_653' title='bbox 2651 3734 2811 3803; x_wconf 83' lang='grc' dir='ltr'>φύσιν</span> <span class='ocrx_word' id='word_1_654' title='bbox 2854 3733 3111 3804; x_wconf 80' lang='grc' dir='ltr'>λογισμὸς</span> <span class='ocrx_word' id='word_1_655' title='bbox 3138 3732 3343 3804; x_wconf 85' lang='grc' dir='ltr'>τάληθῆ</span> <span class='ocrx_word' id='word_1_656' title='bbox 3380 3731 3551 3808; x_wconf 62' lang='grc' dir='ltr'>λέγειν</span> <span class='ocrx_word' id='word_1_657' title='bbox 3586 3732 3681 3783; x_wconf 67' lang='grc' dir='ltr'>ὲκε-</span> 
     </span>
    </p>
   </div>
   <div class='ocr_carea' id='block_1_86' title="bbox 2132 3822 3685 3897">
    <p class='ocr_par' dir='ltr' id='par_1_86' title="bbox 2132 3822 3685 3897">
     <span class='ocr_line' id='line_1_86' title="bbox 2132 3822 3685 3897; baseline -0.002 -19"><span class='ocrx_word' id='word_1_658' title='bbox 2132 3825 2394 3890; x_wconf 76' lang='grc' dir='ltr'>6ιάζεται,</span> <span class='ocrx_word' id='word_1_659' title='bbox 2419 3826 2481 3878; x_wconf 77' lang='grc' dir='ltr'>τὸ</span> <span class='ocrx_word' id='word_1_660' title='bbox 2506 3826 2579 3897; x_wconf 85' lang='grc' dir='ltr'>μὴ</span> <span class='ocrx_word' id='word_1_661' title='bbox 2598 3826 2696 3895; x_wconf 78' lang='grc' dir='ltr'>τὴν</span> <span class='ocrx_word' id='word_1_662' title='bbox 2716 3826 2917 3896; x_wconf 75' lang='grc' dir='ltr'>ἄψυχον</span> <span class='ocrx_word' id='word_1_663' title='bbox 2941 3825 3093 3896; x_wconf 78' lang='grc' dir='ltr'>ὓλην,</span> <span class='ocrx_word' id='word_1_664' title='bbox 3125 3825 3258 3896; x_wconf 79' lang='grc' dir='ltr'>μηδὲ</span> <span class='ocrx_word' id='word_1_665' title='bbox 3281 3824 3379 3896; x_wconf 74' lang='grc' dir='ltr'>τὴν</span> <span class='ocrx_word' id='word_1_666' title='bbox 3405 3822 3568 3895; x_wconf 77' lang='grc' dir='ltr'>ξηρὰν</span> <span class='ocrx_word' id='word_1_667' title='bbox 3588 3825 3685 3876; x_wconf 68' lang='grc' dir='ltr'>καὶ</span> 
     </span>
    </p>
   </div>
   <div class='ocr_carea' id='block_1_87' title="bbox 2131 3915 3688 3989">
    <p class='ocr_par' dir='ltr' id='par_1_87' title="bbox 2131 3915 3688 3989">
     <span class='ocr_line' id='line_1_87' title="bbox 2131 3915 3688 3989; baseline -0.004 -16"><span class='ocrx_word' id='word_1_668' title='bbox 2131 3918 2323 3988; x_wconf 80' lang='grc' dir='ltr'>ἄλογον</span> <span class='ocrx_word' id='word_1_669' title='bbox 2349 3918 2532 3971; x_wconf 81' lang='grc' dir='ltr'>οὐσίαν</span> <span class='ocrx_word' id='word_1_670' title='bbox 2559 3918 2760 3971; x_wconf 82' lang='grc' dir='ltr'>τούτων</span> <span class='ocrx_word' id='word_1_671' title='bbox 2787 3917 3051 3989; x_wconf 79' lang='grc' dir='ltr'>ὑπάρχειν</span> <span class='ocrx_word' id='word_1_672' title='bbox 3084 3916 3260 3970; x_wconf 84' lang='grc' dir='ltr'>αἰτίαν</span> <span class='ocrx_word' id='word_1_673' title='bbox 3278 3934 3291 3948; x_wconf 91' lang='grc'><strong>·</strong></span> <span class='ocrx_word' id='word_1_674' title='bbox 3320 3916 3445 3969; x_wconf 82' lang='grc' dir='ltr'>νοῦν</span> <span class='ocrx_word' id='word_1_675' title='bbox 3475 3915 3533 3970; x_wconf 72' lang='grc' dir='ltr'>δέ</span> <span class='ocrx_word' id='word_1_676' title='bbox 3566 3932 3688 3968; x_wconf 77' lang='grc' dir='ltr'>τινα</span> 
     </span>
    </p>
   </div>
   <div class='ocr_carea' id='block_1_88' title="bbox 2133 4005 3688 4082">
    <p class='ocr_par' dir='ltr' id='par_1_88' title="bbox 2133 4005 3688 4082">
     <span class='ocr_line' id='line_1_88' title="bbox 2133 4005 3688 4082; baseline -0.002 -19"><span class='ocrx_word' id='word_1_677' title='bbox 2133 4010 2274 4063; x_wconf 84' lang='grc' dir='ltr'>θεῖον</span> <span class='ocrx_word' id='word_1_678' title='bbox 2304 4011 2397 4064; x_wconf 76' lang='grc' dir='ltr'>καὶ</span> <span class='ocrx_word' id='word_1_679' title='bbox 2416 4010 2802 4082; x_wconf 81' lang='grc' dir='ltr'>δημιουργικὸν</span> <span class='ocrx_word' id='word_1_680' title='bbox 2829 4005 2966 4063; x_wconf 83' lang='grc' dir='ltr'>εἶναι</span> <span class='ocrx_word' id='word_1_681' title='bbox 2994 4008 3162 4077; x_wconf 82' lang='grc' dir='ltr'>Λόγον</span> <span class='ocrx_word' id='word_1_682' title='bbox 3192 4008 3326 4061; x_wconf 81' lang='grc' dir='ltr'>Θεοῦ</span> <span class='ocrx_word' id='word_1_683' title='bbox 3358 4008 3449 4061; x_wconf 66' lang='grc' dir='ltr'>τὶν</span> <span class='ocrx_word' id='word_1_684' title='bbox 3489 4023 3688 4077; x_wconf 84' lang='grc' dir='ltr'>κοσμο-</span> 
     </span>
    </p>
   </div>
   <div class='ocr_carea' id='block_1_89' title="bbox 2132 4097 3689 4170">
    <p class='ocr_par' dir='ltr' id='par_1_89' title="bbox 2132 4097 3689 4170">
     <span class='ocr_line' id='line_1_89' title="bbox 2132 4097 3689 4170; baseline -0.002 -16"><span class='ocrx_word' id='word_1_685' title='bbox 2132 4100 2304 4165; x_wconf 81' lang='grc' dir='ltr'>ποιὸν,</span> <span class='ocrx_word' id='word_1_686' title='bbox 2334 4101 2428 4154; x_wconf 73' lang='grc' dir='ltr'><strong>καὶ</strong></span> <span class='ocrx_word' id='word_1_687' title='bbox 2459 4102 2673 4154; x_wconf 85' lang='grc' dir='ltr'>πάντων</span> <span class='ocrx_word' id='word_1_688' title='bbox 2716 4099 2944 4170; x_wconf 81' lang='grc' dir='ltr'>ποιητὴν</span> <span class='ocrx_word' id='word_1_689' title='bbox 2984 4098 3165 4162; x_wconf 80' lang='grc' dir='ltr'>αὐτὸν,</span> <span class='ocrx_word' id='word_1_690' title='bbox 3196 4098 3291 4152; x_wconf 83' lang='grc' dir='ltr'>καὶ</span> <span class='ocrx_word' id='word_1_691' title='bbox 3328 4101 3441 4162; x_wconf 78' lang='grc' dir='ltr'>τοῖς</span> <span class='ocrx_word' id='word_1_692' title='bbox 3485 4097 3689 4162; x_wconf 78' lang='grc' dir='ltr'>λοιποῖς</span> 
     </span>
    </p>
   </div>
   <div class='ocr_carea' id='block_1_90' title="bbox 2132 4189 3689 4263">
    <p class='ocr_par' dir='ltr' id='par_1_90' title="bbox 2132 4189 3689 4263">
     <span class='ocr_line' id='line_1_90' title="bbox 2132 4189 3689 4263; baseline -0.002 -15"><span class='ocrx_word' id='word_1_693' title='bbox 2132 4193 2301 4248; x_wconf 70' lang='grc' dir='ltr'>ἅπασι</span> <span class='ocrx_word' id='word_1_694' title='bbox 2333 4193 2427 4247; x_wconf 56' lang='grc' dir='ltr'><strong>καὶ⁵</strong></span> <span class='ocrx_word' id='word_1_695' title='bbox 2453 4192 2600 4263; x_wconf 77' lang='grc' dir='ltr'>αὐτῷ</span> <span class='ocrx_word' id='word_1_696' title='bbox 2622 4190 2890 4263; x_wconf 81' lang='grc' dir='ltr'>ἀνθρώπῳ</span> <span class='ocrx_word' id='word_1_697' title='bbox 2923 4189 3199 4263; x_wconf 72' lang='grc' dir='ltr'>αἰσθήσεις</span> <span class='ocrx_word' id='word_1_698' title='bbox 3215 4190 3485 4245; x_wconf 79' lang='grc' dir='ltr'>δεδωκότα</span> <span class='ocrx_word' id='word_1_699' title='bbox 3508 4189 3689 4262; x_wconf 66' lang='grc' dir='ltr'>σώμαι</span> 
     </span>
    </p>
   </div>
   <div class='ocr_carea' id='block_1_91' title="bbox 2130 4282 3688 4356">
    <p class='ocr_par' dir='ltr' id='par_1_91' title="bbox 2130 4282 3688 4356">
     <span class='ocr_line' id='line_1_91' title="bbox 2130 4282 3688 4356; baseline -0.003 -17"><span class='ocrx_word' id='word_1_700' title='bbox 2130 4302 2242 4350; x_wconf 89' lang='grc' dir='ltr'>τος,</span> <span class='ocrx_word' id='word_1_701' title='bbox 2274 4285 2370 4340; x_wconf 55' lang='grc' dir='ltr'><strong>καὶ⁵</strong></span> <span class='ocrx_word' id='word_1_702' title='bbox 2400 4284 2580 4356; x_wconf 71' lang='grc' dir='ltr'>ψυχῆς</span> <span class='ocrx_word' id='word_1_703' title='bbox 2614 4284 2890 4355; x_wconf 80' lang='grc' dir='ltr'>λογισμὸν,</span> <span class='ocrx_word' id='word_1_704' title='bbox 2919 4284 3014 4338; x_wconf 77' lang='grc' dir='ltr'>καὶ</span> <span class='ocrx_word' id='word_1_705' title='bbox 3044 4284 3167 4339; x_wconf 80' lang='grc' dir='ltr'>νοῦν</span> <span class='ocrx_word' id='word_1_706' title='bbox 3203 4284 3339 4355; x_wconf 80' lang='grc' dir='ltr'>πρὸς</span> <span class='ocrx_word' id='word_1_707' title='bbox 3374 4282 3585 4347; x_wconf 78' lang='grc' dir='ltr'>τούτοις</span> <span class='ocrx_word' id='word_1_708' title='bbox 3610 4284 3688 4346; x_wconf 80' lang='grc' dir='ltr'><strong>είς</strong></span> 
     </span>
    </p>
   </div>
   <div class='ocr_carea' id='block_1_92' title="bbox 469 4374 2031 4450">
    <p class='ocr_par' dir='ltr' id='par_1_92' title="bbox 469 4374 2029 4449">
     <span class='ocr_line' id='line_1_92' title="bbox 469 4374 2029 4449; baseline -0.001 -17"><span class='ocrx_word' id='word_1_709' title='bbox 469 4379 707 4449; x_wconf 85' lang='lat' dir='ltr'><strong>quidem,</strong></span> <span class='ocrx_word' id='word_1_710' title='bbox 731 4374 966 4433; x_wconf 89' lang='lat' dir='ltr'><strong>visibilia</strong></span> <span class='ocrx_word' id='word_1_711' title='bbox 993 4376 1282 4446; x_wconf 81' lang='lat' dir='ltr'><strong>respiciat;</strong></span> <span class='ocrx_word' id='word_1_712' title='bbox 1315 4376 1536 4431; x_wconf 83' lang='lat' dir='ltr'><strong>auribus</strong></span> <span class='ocrx_word' id='word_1_713' title='bbox 1580 4390 1744 4441; x_wconf 82' lang='lat' dir='ltr'><strong>vero,</strong></span> <span class='ocrx_word' id='word_1_714' title='bbox 1778 4375 1833 4431; x_wconf 91' lang='lat' dir='ltr'><strong>in</strong></span> <span class='ocrx_word' id='word_1_715' title='bbox 1874 4377 2029 4430; x_wconf 87' lang='lat' dir='ltr'><strong>audi-</strong></span> 
     </span>
    </p>
   </div>
   <div class='ocr_carea' id='block_1_93' title="bbox 2130 4374 3687 4450">
    <p class='ocr_par' dir='ltr' id='par_1_93' title="bbox 2130 4374 3687 4449">
     <span class='ocr_line' id='line_1_93' title="bbox 2130 4374 3687 4449; baseline -0.001 -18"><span class='ocrx_word' id='word_1_716' title='bbox 2130 4378 2191 4432; x_wconf 86' lang='grc' dir='ltr'>τὸ</span> <span class='ocrx_word' id='word_1_717' title='bbox 2217 4377 2523 4432; x_wconf 70' lang='grc' dir='ltr'>ἐπιϐάλλειν</span> <span class='ocrx_word' id='word_1_718' title='bbox 2548 4378 2614 4448; x_wconf 75' lang='grc' dir='ltr'><strong>τῇ</strong></span> <span class='ocrx_word' id='word_1_719' title='bbox 2637 4376 2793 4446; x_wconf 85' lang='grc' dir='ltr'>φύσει</span> <span class='ocrx_word' id='word_1_720' title='bbox 2822 4376 2933 4430; x_wconf 85' lang='grc' dir='ltr'><strong>τῶν</strong></span> <span class='ocrx_word' id='word_1_721' title='bbox 2955 4376 3288 4449; x_wconf 84' lang='grc' dir='ltr'>πραγμάτων</span> <span class='ocrx_word' id='word_1_722' title='bbox 3304 4393 3318 4407; x_wconf 78' lang='grc'><em>’</em></span> <span class='ocrx_word' id='word_1_723' title='bbox 3352 4375 3447 4429; x_wconf 81' lang='grc' dir='ltr'>καὶ</span> <span class='ocrx_word' id='word_1_724' title='bbox 3469 4374 3687 4446; x_wconf 75' lang='grc' dir='ltr'>θεωρεῖν</span> 
     </span>
    </p>
   </div>
   <div class='ocr_carea' id='block_1_94' title="bbox 472 4468 2029 4539">
    <p class='ocr_par' dir='ltr' id='par_1_94' title="bbox 472 4468 2029 4539">
     <span class='ocr_line' id='line_1_94' title="bbox 472 4468 2029 4539; baseline -0.001 -15"><span class='ocrx_word' id='word_1_725' title='bbox 472 4480 584 4524; x_wconf 92' lang='lat' dir='ltr'><strong>tum</strong></span> <span class='ocrx_word' id='word_1_726' title='bbox 618 4472 865 4526; x_wconf 84' lang='lat' dir='ltr'><strong>cadentia</strong></span> <span class='ocrx_word' id='word_1_727' title='bbox 893 4470 1117 4537; x_wconf 90' lang='lat' dir='ltr'><strong>audiat;</strong></span> <span class='ocrx_word' id='word_1_728' title='bbox 1152 4468 1510 4539; x_wconf 78' lang='lat' dir='ltr'><strong>cogitationes</strong></span> <span class='ocrx_word' id='word_1_729' title='bbox 1548 4468 1796 4536; x_wconf 86' lang='lat' dir='ltr'><strong>demum,</strong></span> <span class='ocrx_word' id='word_1_730' title='bbox 1828 4468 2029 4524; x_wconf 86' lang='lat' dir='ltr'><strong>intelli-</strong></span> 
     </span>
    </p>
   </div>
   <div class='ocr_carea' id='block_1_95' title="bbox 470 4559 2027 4634">
    <p class='ocr_par' dir='ltr' id='par_1_95' title="bbox 470 4559 2027 4634">
     <span class='ocr_line' id='line_1_95' title="bbox 470 4559 2027 4634; baseline 0 -19"><span class='ocrx_word' id='word_1_731' title='bbox 470 4563 653 4632; x_wconf 75' lang='lat' dir='ltr'><strong>gibilia</strong></span> <span class='ocrx_word' id='word_1_732' title='bbox 681 4562 1120 4634; x_wconf 81' lang='lat' dir='ltr'><strong>comprehendat.</strong></span> <span class='ocrx_word' id='word_1_733' title='bbox 1147 4559 1250 4628; x_wconf 90' lang='lat' dir='ltr'><strong>Qui</strong></span> <span class='ocrx_word' id='word_1_734' title='bbox 1272 4560 1436 4631; x_wconf 73' lang='lat' dir='ltr'><strong>igitur</strong></span> <span class='ocrx_word' id='word_1_735' title='bbox 1465 4559 1576 4615; x_wconf 77' lang='lat' dir='ltr'><strong>ﬁeri</strong></span> <span class='ocrx_word' id='word_1_736' title='bbox 1617 4568 1796 4630; x_wconf 87' lang='lat' dir='ltr'><strong>potest</strong></span> <span class='ocrx_word' id='word_1_737' title='bbox 1825 4569 1903 4626; x_wconf 88' lang='lat' dir='ltr'><strong>ut,</strong></span> <span class='ocrx_word' id='word_1_738' title='bbox 1933 4560 2027 4631; x_wconf 89' lang='lat' dir='ltr'><strong>qui</strong></span> 
     </span>
    </p>
   </div>
   <div class='ocr_carea' id='block_1_96' title="bbox 469 4650 2025 4721">
    <p class='ocr_par' dir='ltr' id='par_1_96' title="bbox 469 4650 2025 4721">
     <span class='ocr_line' id='line_1_96' title="bbox 469 4650 2025 4721; baseline 0 -16"><span class='ocrx_word' id='word_1_739' title='bbox 469 4652 594 4707; x_wconf 85' lang='lat' dir='ltr'><strong>aliis</strong></span> <span class='ocrx_word' id='word_1_740' title='bbox 620 4650 925 4707; x_wconf 85' lang='lat' dir='ltr'><strong>facultatem</strong></span> <span class='ocrx_word' id='word_1_741' title='bbox 957 4651 1194 4715; x_wconf 88' lang='lat' dir='ltr'><strong>videndi,</strong></span> <span class='ocrx_word' id='word_1_742' title='bbox 1225 4665 1387 4721; x_wconf 89' lang='lat' dir='ltr'><strong>quam</strong></span> <span class='ocrx_word' id='word_1_743' title='bbox 1415 4666 1482 4705; x_wconf 77' lang='lat' dir='ltr'><strong>ex</strong></span> <span class='ocrx_word' id='word_1_744' title='bbox 1512 4666 1571 4705; x_wconf 88' lang='lat' dir='ltr'><strong>se</strong></span> <span class='ocrx_word' id='word_1_745' title='bbox 1596 4665 1706 4705; x_wconf 92' lang='lat' dir='ltr'><strong>non</strong></span> <span class='ocrx_word' id='word_1_746' title='bbox 1729 4651 2025 4717; x_wconf 89' lang='lat' dir='ltr'><strong>habebant,</strong></span> 
     </span>
    </p>
   </div>
   <div class='ocr_carea' id='block_1_97' title="bbox 472 4739 2026 4812">
    <p class='ocr_par' dir='ltr' id='par_1_97' title="bbox 472 4739 2026 4812">
     <span class='ocr_line' id='line_1_97' title="bbox 472 4739 2026 4812; baseline 0.003 -19"><span class='ocrx_word' id='word_1_747' title='bbox 472 4739 754 4810; x_wconf 86' lang='lat' dir='ltr'><strong>impertiit,</strong></span> <span class='ocrx_word' id='word_1_748' title='bbox 782 4755 890 4796; x_wconf 82' lang='lat' dir='ltr'><strong>non</strong></span> <span class='ocrx_word' id='word_1_749' title='bbox 942 4742 1058 4810; x_wconf 81' lang='lat' dir='ltr'><strong>ipse</strong></span> <span class='ocrx_word' id='word_1_750' title='bbox 1093 4741 1311 4797; x_wconf 69' lang='lat' dir='ltr'><strong>videat!</strong></span> <span class='ocrx_word' id='word_1_751' title='bbox 1364 4741 1465 4808; x_wconf 87' lang='lat' dir='ltr'><strong>Qui</strong></span> <span class='ocrx_word' id='word_1_752' title='bbox 1498 4740 1614 4797; x_wconf 83' lang='lat' dir='ltr'><strong>ﬁeri</strong></span> <span class='ocrx_word' id='word_1_753' title='bbox 1646 4750 1823 4812; x_wconf 82' lang='lat' dir='ltr'><strong>potest</strong></span> <span class='ocrx_word' id='word_1_754' title='bbox 1855 4750 1915 4797; x_wconf 90' lang='lat' dir='ltr'><strong>ut</strong></span> <span class='ocrx_word' id='word_1_755' title='bbox 1942 4743 1989 4799; x_wconf 90' lang='lat' dir='ltr'><strong>is</strong></span> <span class='ocrx_word' id='word_1_756' title='bbox 2011 4782 2026 4808; x_wconf 91' lang='lat'><strong>,</strong></span> 
     </span>
    </p>
   </div>
   <div class='ocr_carea' id='block_1_98' title="bbox 472 4829 2029 4903">
    <p class='ocr_par' dir='ltr' id='par_1_98' title="bbox 472 4829 2029 4903">
     <span class='ocr_line' id='line_1_98' title="bbox 472 4829 2029 4903; baseline 0.001 -19"><span class='ocrx_word' id='word_1_757' title='bbox 472 4829 568 4901; x_wconf 90' lang='lat' dir='ltr'><strong>qui</strong></span> <span class='ocrx_word' id='word_1_758' title='bbox 602 4829 659 4883; x_wconf 91' lang='lat' dir='ltr'><strong>in</strong></span> <span class='ocrx_word' id='word_1_759' title='bbox 686 4837 903 4885; x_wconf 88' lang='lat' dir='ltr'><strong>terreno</strong></span> <span class='ocrx_word' id='word_1_760' title='bbox 929 4839 984 4886; x_wconf 90' lang='lat' dir='ltr'><strong>et</strong></span> <span class='ocrx_word' id='word_1_761' title='bbox 1013 4831 1157 4887; x_wconf 91' lang='lat' dir='ltr'><strong>luteo</strong></span> <span class='ocrx_word' id='word_1_762' title='bbox 1184 4846 1314 4889; x_wconf 86' lang='lat' dir='ltr'><strong>vase</strong></span> <span class='ocrx_word' id='word_1_763' title='bbox 1339 4831 1579 4887; x_wconf 88' lang='lat' dir='ltr'><strong>auditum</strong></span> <span class='ocrx_word' id='word_1_764' title='bbox 1615 4843 1666 4887; x_wconf 91' lang='lat' dir='ltr'><strong>et</strong></span> <span class='ocrx_word' id='word_1_765' title='bbox 1690 4848 1874 4887; x_wconf 88' lang='lat' dir='ltr'><strong>aurem</strong></span> <span class='ocrx_word' id='word_1_766' title='bbox 1906 4848 2029 4903; x_wconf 90' lang='lat' dir='ltr'><strong>per-</strong></span> 
     </span>
    </p>
   </div>
   <div class='ocr_carea' id='block_1_99' title="bbox 475 4922 2025 4995">
    <p class='ocr_par' dir='ltr' id='par_1_99' title="bbox 475 4922 2025 4995">
     <span class='ocr_line' id='line_1_99' title="bbox 475 4922 2025 4995; baseline 0.003 -19"><span class='ocrx_word' id='word_1_767' title='bbox 475 4923 670 4976; x_wconf 77' lang='lat' dir='ltr'><strong>foravit</strong></span> <span class='ocrx_word' id='word_1_768' title='bbox 692 4960 708 4984; x_wconf 90' lang='lat'><strong>,</strong></span> <span class='ocrx_word' id='word_1_769' title='bbox 759 4922 833 4976; x_wconf 89' lang='lat' dir='ltr'><strong>ita</strong></span> <span class='ocrx_word' id='word_1_770' title='bbox 869 4930 923 4977; x_wconf 88' lang='lat' dir='ltr'><strong>ut</strong></span> <span class='ocrx_word' id='word_1_771' title='bbox 965 4930 1115 4977; x_wconf 88' lang='lat' dir='ltr'><strong>muta</strong></span> <span class='ocrx_word' id='word_1_772' title='bbox 1143 4931 1197 4978; x_wconf 90' lang='lat' dir='ltr'><strong>et</strong></span> <span class='ocrx_word' id='word_1_773' title='bbox 1230 4923 1395 4979; x_wconf 81' lang='lat' dir='ltr'><strong>surda</strong></span> <span class='ocrx_word' id='word_1_774' title='bbox 1433 4924 1681 4988; x_wconf 90' lang='lat' dir='ltr'><strong>materia,</strong></span> <span class='ocrx_word' id='word_1_775' title='bbox 1713 4939 1777 4979; x_wconf 90' lang='lat' dir='ltr'><strong>ea</strong></span> <span class='ocrx_word' id='word_1_776' title='bbox 1809 4939 1929 4995; x_wconf 60' lang='lat' dir='ltr'><strong>qua}</strong></span> <span class='ocrx_word' id='word_1_777' title='bbox 1957 4925 2025 4980; x_wconf 81' lang='lat' dir='ltr'><strong>ad</strong></span> 
     </span>
    </p>
   </div>
   <div class='ocr_carea' id='block_1_100' title="bbox 475 5012 2028 5088">
    <p class='ocr_par' dir='ltr' id='par_1_100' title="bbox 475 5012 2028 5088">
     <span class='ocr_line' id='line_1_100' title="bbox 475 5012 2028 5088; baseline 0.003 -20"><span class='ocrx_word' id='word_1_778' title='bbox 475 5024 656 5068; x_wconf 80' lang='lat' dir='ltr'><strong>aurem</strong></span> <span class='ocrx_word' id='word_1_779' title='bbox 682 5012 1030 5083; x_wconf 81' lang='lat' dir='ltr'><strong>proferuntur</strong></span> <span class='ocrx_word' id='word_1_780' title='bbox 1056 5015 1259 5083; x_wconf 89' lang='lat' dir='ltr'><strong>audiat,</strong></span> <span class='ocrx_word' id='word_1_781' title='bbox 1297 5030 1405 5069; x_wconf 92' lang='lat' dir='ltr'><strong>non</strong></span> <span class='ocrx_word' id='word_1_782' title='bbox 1445 5016 1559 5085; x_wconf 89' lang='lat' dir='ltr'><strong>ipse</strong></span> <span class='ocrx_word' id='word_1_783' title='bbox 1588 5017 1783 5072; x_wconf 83' lang='lat' dir='ltr'><strong>melius</strong></span> <span class='ocrx_word' id='word_1_784' title='bbox 1811 5024 1864 5071; x_wconf 90' lang='lat' dir='ltr'><strong>et</strong></span> <span class='ocrx_word' id='word_1_785' title='bbox 1889 5030 2028 5088; x_wconf 68' lang='lat' dir='ltr'><strong>prae-</strong></span> 
     </span>
    </p>
   </div>
   <div class='ocr_carea' id='block_1_101' title="bbox 474 5100 2027 5181">
    <p class='ocr_par' dir='ltr' id='par_1_101' title="bbox 474 5100 2027 5181">
     <span class='ocr_line' id='line_1_101' title="bbox 474 5100 2027 5181; baseline 0.002 -19"><span class='ocrx_word' id='word_1_786' title='bbox 474 5106 709 5163; x_wconf 78' lang='lat' dir='ltr'><strong>stantins</strong></span> <span class='ocrx_word' id='word_1_787' title='bbox 734 5100 856 5161; x_wconf 71' lang='lat' dir='ltr'><strong>aliis</strong></span> <span class='ocrx_word' id='word_1_788' title='bbox 882 5106 1133 5163; x_wconf 88' lang='lat' dir='ltr'><strong>omnibus</strong></span> <span class='ocrx_word' id='word_1_789' title='bbox 1167 5107 1430 5164; x_wconf 88' lang='lat' dir='ltr'><strong>humanas</strong></span> <span class='ocrx_word' id='word_1_790' title='bbox 1464 5108 1819 5179; x_wconf 67' lang='lat' dir='ltr'><strong>cogitationes</strong></span> <span class='ocrx_word' id='word_1_791' title='bbox 1849 5109 2027 5181; x_wconf 83' lang='lat' dir='ltr'><strong>perci-</strong></span> 
     </span>
    </p>
   </div>
   <div class='ocr_carea' id='block_1_102' title="bbox 478 5196 2027 5271">
    <p class='ocr_par' dir='ltr' id='par_1_102' title="bbox 478 5196 2027 5271">
     <span class='ocr_line' id='line_1_102' title="bbox 478 5196 2027 5271; baseline 0.001 -18"><span class='ocrx_word' id='word_1_792' title='bbox 478 5198 627 5270; x_wconf 76' lang='lat' dir='ltr'><strong>piat?</strong></span> <span class='ocrx_word' id='word_1_793' title='bbox 686 5196 839 5263; x_wconf 85' lang='lat' dir='ltr'><strong>Quod</strong></span> <span class='ocrx_word' id='word_1_794' title='bbox 870 5196 915 5252; x_wconf 87' lang='lat' dir='ltr'><strong>si</strong></span> <span class='ocrx_word' id='word_1_795' title='bbox 954 5197 1221 5253; x_wconf 71' lang='lat' dir='ltr'><strong>universa:</strong></span> <span class='ocrx_word' id='word_1_796' title='bbox 1255 5212 1351 5269; x_wconf 86' lang='lat' dir='ltr'><strong>per</strong></span> <span class='ocrx_word' id='word_1_797' title='bbox 1392 5198 1577 5255; x_wconf 89' lang='lat' dir='ltr'><strong>orbem</strong></span> <span class='ocrx_word' id='word_1_798' title='bbox 1626 5209 1809 5271; x_wconf 80' lang='lat' dir='ltr'><strong>gentes</strong></span> <span class='ocrx_word' id='word_1_799' title='bbox 1835 5240 1850 5265; x_wconf 89' lang='lat'><strong>,</strong></span> <span class='ocrx_word' id='word_1_800' title='bbox 1902 5216 2027 5255; x_wconf 91' lang='lat' dir='ltr'><strong>cum</strong></span> 
     </span>
    </p>
   </div>
   <div class='ocr_carea' id='block_1_103' title="bbox 475 5288 2029 5362">
    <p class='ocr_par' dir='ltr' id='par_1_103' title="bbox 475 5288 2029 5362">
     <span class='ocr_line' id='line_1_103' title="bbox 475 5288 2029 5362; baseline 0.001 -16"><span class='ocrx_word' id='word_1_801' title='bbox 475 5293 719 5347; x_wconf 69' lang='lat' dir='ltr'><strong>barbarae</strong></span> <span class='ocrx_word' id='word_1_802' title='bbox 738 5299 850 5344; x_wconf 79' lang='lat' dir='ltr'><strong>tum</strong></span> <span class='ocrx_word' id='word_1_803' title='bbox 866 5288 1090 5352; x_wconf 64' lang='lat' dir='ltr'><strong>Graiae.</strong></span> <span class='ocrx_word' id='word_1_804' title='bbox 1123 5291 1358 5344; x_wconf 86' lang='lat' dir='ltr'><strong>naturali</strong></span> <span class='ocrx_word' id='word_1_805' title='bbox 1385 5291 1795 5362; x_wconf 73' lang='lat' dir='ltr'><strong>cogitationum.</strong></span> <span class='ocrx_word' id='word_1_806' title='bbox 1833 5307 1968 5362; x_wconf 89' lang='lat' dir='ltr'><strong>quas</strong></span> <span class='ocrx_word' id='word_1_807' title='bbox 1998 5308 2029 5348; x_wconf 90' lang='lat' dir='ltr'><strong>a</strong></span> 
     </span>
    </p>
   </div>
   <div class='ocr_carea' id='block_1_104' title="bbox 474 5380 2029 5453">
    <p class='ocr_par' dir='ltr' id='par_1_104' title="bbox 474 5380 2029 5453">
     <span class='ocr_line' id='line_1_104' title="bbox 474 5380 2029 5453; baseline 0.003 -19"><span class='ocrx_word' id='word_1_808' title='bbox 474 5381 585 5439; x_wconf 59' lang='lat' dir='ltr'><strong>Duo</strong></span> <span class='ocrx_word' id='word_1_809' title='bbox 616 5388 959 5453; x_wconf 75' lang='lat' dir='ltr'><strong>acceperunt.</strong></span> <span class='ocrx_word' id='word_1_810' title='bbox 994 5380 1228 5451; x_wconf 82' lang='lat' dir='ltr'><strong>impulsu</strong></span> <span class='ocrx_word' id='word_1_811' title='bbox 1253 5420 1269 5446; x_wconf 90' lang='lat'><strong>,</strong></span> <span class='ocrx_word' id='word_1_812' title='bbox 1327 5382 1589 5451; x_wconf 87' lang='lat' dir='ltr'><strong>quasdam</strong></span> <span class='ocrx_word' id='word_1_813' title='bbox 1643 5383 1746 5439; x_wconf 89' lang='lat' dir='ltr'><strong>sibi</strong></span> <span class='ocrx_word' id='word_1_814' title='bbox 1799 5385 1943 5453; x_wconf 77' lang='lat' dir='ltr'><strong>leges</strong></span> <span class='ocrx_word' id='word_1_815' title='bbox 1974 5391 2029 5439; x_wconf 91' lang='lat' dir='ltr'><strong>et</strong></span> 
     </span>
    </p>
   </div>
   <div class='ocr_carea' id='block_1_105' title="bbox 476 5471 2029 5553">
    <p class='ocr_par' dir='ltr' id='par_1_105' title="bbox 476 5471 2029 5553">
     <span class='ocr_line' id='line_1_105' title="bbox 476 5471 2029 5553; baseline 0.004 -30"><span class='ocrx_word' id='word_1_816' title='bbox 476 5474 890 5531; x_wconf 69' lang='lat' dir='ltr'><strong>c-onstitmlones</strong></span> <span class='ocrx_word' id='word_1_817' title='bbox 926 5471 1315 5553; x_wconf 55' lang='lat' dir='ltr'><strong>eﬂ‘ormaruut;</strong></span> <span class='ocrx_word' id='word_1_818' title='bbox 1348 5473 1618 5544; x_wconf 88' lang='lat' dir='ltr'><strong>quomodo</strong></span> <span class='ocrx_word' id='word_1_819' title='bbox 1662 5476 1708 5530; x_wconf 89' lang='lat' dir='ltr'><strong>is</strong></span> <span class='ocrx_word' id='word_1_820' title='bbox 1737 5475 1828 5546; x_wconf 87' lang='lat' dir='ltr'><strong>qui</strong></span> <span class='ocrx_word' id='word_1_821' title='bbox 1864 5475 2029 5529; x_wconf 87' lang='lat' dir='ltr'><strong>talem</strong></span> 
     </span>
    </p>
   </div>
   <div class='ocr_carea' id='block_1_106' title="bbox 477 5564 2030 5637">
    <p class='ocr_par' dir='ltr' id='par_1_106' title="bbox 477 5564 2030 5637">
     <span class='ocr_line' id='line_1_106' title="bbox 477 5564 2030 5637; baseline 0.002 -20"><span class='ocrx_word' id='word_1_822' title='bbox 477 5564 610 5634; x_wconf 87' lang='lat' dir='ltr'><strong>ipsis</strong></span> <span class='ocrx_word' id='word_1_823' title='bbox 644 5567 980 5637; x_wconf 90' lang='lat' dir='ltr'><strong>prudentiam</strong></span> <span class='ocrx_word' id='word_1_824' title='bbox 1011 5564 1236 5622; x_wconf 88' lang='lat' dir='ltr'><strong>indidit.</strong></span> <span class='ocrx_word' id='word_1_825' title='bbox 1267 5580 1377 5619; x_wconf 89' lang='lat' dir='ltr'><strong>non</strong></span> <span class='ocrx_word' id='word_1_826' title='bbox 1416 5572 1607 5636; x_wconf 74' lang='lat' dir='ltr'><strong>arguat</strong></span> <span class='ocrx_word' id='word_1_827' title='bbox 1638 5581 1733 5623; x_wconf 83' lang='lat' dir='ltr'><strong>eos</strong></span> <span class='ocrx_word' id='word_1_828' title='bbox 1759 5566 1852 5637; x_wconf 91' lang='lat' dir='ltr'><strong>qui</strong></span> <span class='ocrx_word' id='word_1_829' title='bbox 1892 5581 2030 5637; x_wconf 71' lang='lat' dir='ltr'><strong>pne-</strong></span> 
     </span>
    </p>
   </div>
   <div class='ocr_carea' id='block_1_107' title="bbox 477 5653 2028 5722">
    <p class='ocr_par' dir='ltr' id='par_1_107' title="bbox 477 5653 2028 5722">
     <span class='ocr_line' id='line_1_107' title="bbox 477 5653 2028 5722; baseline 0.002 -14"><span class='ocrx_word' id='word_1_830' title='bbox 477 5660 560 5709; x_wconf 87' lang='lat' dir='ltr'><strong>ter</strong></span> <span class='ocrx_word' id='word_1_831' title='bbox 578 5664 830 5714; x_wconf 85' lang='lat' dir='ltr'><strong>naturam</strong></span> <span class='ocrx_word' id='word_1_832' title='bbox 862 5671 924 5711; x_wconf 87' lang='lat' dir='ltr'><strong>ac</strong></span> <span class='ocrx_word' id='word_1_833' title='bbox 965 5665 1156 5722; x_wconf 64' lang='lat' dir='ltr'><strong>praeter</strong></span> <span class='ocrx_word' id='word_1_834' title='bbox 1192 5670 1379 5712; x_wconf 81' lang='lat' dir='ltr'><strong>sanam</strong></span> <span class='ocrx_word' id='word_1_835' title='bbox 1427 5662 1658 5711; x_wconf 89' lang='lat' dir='ltr'><strong>mentem</strong></span> <span class='ocrx_word' id='word_1_836' title='bbox 1702 5653 1833 5720; x_wconf 86' lang='lat' dir='ltr'><strong>quid</strong></span> <span class='ocrx_word' id='word_1_837' title='bbox 1872 5670 2028 5720; x_wconf 71' lang='lat' dir='ltr'><strong>agere</strong></span> 
     </span>
    </p>
   </div>
   <div class='ocr_carea' id='block_1_108' title="bbox 2134 4463 3684 4540">
    <p class='ocr_par' dir='ltr' id='par_1_108' title="bbox 2134 4463 3684 4540">
     <span class='ocr_line' id='line_1_108' title="bbox 2134 4463 3684 4540; baseline -0.004 -18"><span class='ocrx_word' id='word_1_838' title='bbox 2134 4463 2232 4540; x_wconf 75' lang='grc' dir='ltr'>μὲν</span> <span class='ocrx_word' id='word_1_839' title='bbox 2262 4468 2558 4540; x_wconf 85' lang='grc' dir='ltr'>ὀφθαλμοῖς</span> <span class='ocrx_word' id='word_1_840' title='bbox 2584 4468 2652 4522; x_wconf 81' lang='grc' dir='ltr'>τὰ</span> <span class='ocrx_word' id='word_1_841' title='bbox 2672 4466 2863 4540; x_wconf 81' lang='grc' dir='ltr'>ὁρατὰ,</span> <span class='ocrx_word' id='word_1_842' title='bbox 2886 4467 2989 4521; x_wconf 75' lang='grc' dir='ltr'><strong>ὠσὶ</strong></span> <span class='ocrx_word' id='word_1_843' title='bbox 3015 4468 3071 4521; x_wconf 66' lang='grc' dir='ltr'>δὲ</span> <span class='ocrx_word' id='word_1_844' title='bbox 3094 4466 3162 4520; x_wconf 79' lang='grc' dir='ltr'><strong>τά</strong></span> <span class='ocrx_word' id='word_1_845' title='bbox 3183 4465 3423 4520; x_wconf 79' lang='grc' dir='ltr'>ἀκουστὰ</span> <span class='ocrx_word' id='word_1_846' title='bbox 3447 4465 3684 4527; x_wconf 77' lang='grc' dir='ltr'>ἀκούειν,</span> 
     </span>
    </p>
   </div>
   <div class='ocr_carea' id='block_1_109' title="bbox 2128 4551 3686 4631">
    <p class='ocr_par' dir='ltr' id='par_1_109' title="bbox 2128 4551 3686 4631">
     <span class='ocr_line' id='line_1_109' title="bbox 2128 4551 3686 4631; baseline -0.002 -19"><span class='ocrx_word' id='word_1_847' title='bbox 2128 4559 2368 4631; x_wconf 82' lang='grc' dir='ltr'>λογισμῷ</span> <span class='ocrx_word' id='word_1_848' title='bbox 2397 4560 2455 4613; x_wconf 74' lang='grc' dir='ltr'>δὲ</span> <span class='ocrx_word' id='word_1_849' title='bbox 2490 4559 2723 4614; x_wconf 78' lang='grc' dir='ltr'>συνιέναι</span> <span class='ocrx_word' id='word_1_850' title='bbox 2752 4559 2824 4613; x_wconf 79' lang='grc' dir='ltr'><strong>τά</strong></span> <span class='ocrx_word' id='word_1_851' title='bbox 2856 4559 3037 4629; x_wconf 87' lang='grc' dir='ltr'>νοητά.</span> <span class='ocrx_word' id='word_1_852' title='bbox 3083 4558 3203 4623; x_wconf 86' lang='grc' dir='ltr'><strong>Πῶς</strong></span> <span class='ocrx_word' id='word_1_853' title='bbox 3232 4553 3324 4612; x_wconf 82' lang='grc' dir='ltr'>οὖν</span> <span class='ocrx_word' id='word_1_854' title='bbox 3369 4551 3481 4611; x_wconf 76' lang='grc' dir='ltr'>οἶόν</span> <span class='ocrx_word' id='word_1_855' title='bbox 3512 4573 3572 4612; x_wconf 82' lang='grc' dir='ltr'><strong>τε</strong></span> <span class='ocrx_word' id='word_1_856' title='bbox 3599 4556 3686 4609; x_wconf 75' lang='grc' dir='ltr'>τὸν</span> 
     </span>
    </p>
   </div>
   <div class='ocr_carea' id='block_1_110' title="bbox 2128 4647 3686 4725">
    <p class='ocr_par' dir='ltr' id='par_1_110' title="bbox 2128 4647 3686 4725">
     <span class='ocr_line' id='line_1_110' title="bbox 2128 4647 3686 4725; baseline -0.003 -20"><span class='ocrx_word' id='word_1_857' title='bbox 2128 4652 2332 4725; x_wconf 68' lang='grc' dir='ltr'>ἑτέροις</span> <span class='ocrx_word' id='word_1_858' title='bbox 2353 4655 2464 4716; x_wconf 75' lang='grc' dir='ltr'>τοῖς</span> <span class='ocrx_word' id='word_1_859' title='bbox 2498 4651 2571 4724; x_wconf 82' lang='grc' dir='ltr'>μὴ</span> <span class='ocrx_word' id='word_1_860' title='bbox 2592 4653 2721 4724; x_wconf 83' lang='grc' dir='ltr'>παρ’</span> <span class='ocrx_word' id='word_1_861' title='bbox 2748 4651 2956 4705; x_wconf 80' lang='grc' dir='ltr'>ἑαυτῶν</span> <span class='ocrx_word' id='word_1_862' title='bbox 2982 4651 3161 4722; x_wconf 73' lang='grc' dir='ltr'>ἔχουσι</span> <span class='ocrx_word' id='word_1_863' title='bbox 3185 4648 3571 4721; x_wconf 77' lang='grc' dir='ltr'>παρεσχηκότα</span> <span class='ocrx_word' id='word_1_864' title='bbox 3589 4647 3686 4718; x_wconf 72' lang='grc' dir='ltr'><strong>τήν</strong></span> 
     </span>
    </p>
   </div>
   <div class='ocr_carea' id='block_1_111' title="bbox 2128 4738 3686 4815">
    <p class='ocr_par' dir='ltr' id='par_1_111' title="bbox 2128 4738 3686 4815">
     <span class='ocr_line' id='line_1_111' title="bbox 2128 4738 3686 4815; baseline -0.003 -19"><span class='ocrx_word' id='word_1_865' title='bbox 2128 4742 2386 4815; x_wconf 81' lang='grc' dir='ltr'>ὁρατικὴν</span> <span class='ocrx_word' id='word_1_866' title='bbox 2416 4741 2663 4814; x_wconf 89' lang='grc' dir='ltr'>δύναμιν,</span> <span class='ocrx_word' id='word_1_867' title='bbox 2703 4741 2863 4797; x_wconf 73' lang='grc' dir='ltr'>αὑτὸν</span> <span class='ocrx_word' id='word_1_868' title='bbox 2909 4740 2982 4813; x_wconf 79' lang='grc' dir='ltr'>μὴ</span> <span class='ocrx_word' id='word_1_869' title='bbox 3011 4742 3171 4813; x_wconf 75' lang='grc' dir='ltr'>όρᾷν;</span> <span class='ocrx_word' id='word_1_870' title='bbox 3206 4739 3330 4802; x_wconf 85' lang='grc' dir='ltr'><strong>Πῶς</strong></span> <span class='ocrx_word' id='word_1_871' title='bbox 3374 4739 3433 4792; x_wconf 71' lang='grc' dir='ltr'>δὲ</span> <span class='ocrx_word' id='word_1_872' title='bbox 3464 4738 3686 4793; x_wconf 74' lang='grc' dir='ltr'>δυνατὸν</span> 
     </span>
    </p>
   </div>
   <div class='ocr_carea' id='block_1_112' title="bbox 2127 4830 3689 4906">
    <p class='ocr_par' dir='ltr' id='par_1_112' title="bbox 2127 4830 3689 4906">
     <span class='ocr_line' id='line_1_112' title="bbox 2127 4830 3689 4906; baseline -0.002 -19"><span class='ocrx_word' id='word_1_873' title='bbox 2127 4833 2218 4888; x_wconf 85' lang='grc' dir='ltr'>τὸν</span> <span class='ocrx_word' id='word_1_874' title='bbox 2259 4835 2316 4887; x_wconf 81' lang='grc' dir='ltr'>ὲν</span> <span class='ocrx_word' id='word_1_875' title='bbox 2346 4832 2423 4904; x_wconf 84' lang='grc' dir='ltr'>τῷ</span> <span class='ocrx_word' id='word_1_876' title='bbox 2470 4834 2659 4902; x_wconf 85' lang='grc' dir='ltr'>γεώδει</span> <span class='ocrx_word' id='word_1_877' title='bbox 2705 4834 2797 4888; x_wconf 60' lang='grc' dir='ltr'><strong>καὶ¹</strong></span> <span class='ocrx_word' id='word_1_878' title='bbox 2835 4833 3041 4906; x_wconf 84' lang='grc' dir='ltr'>πηλίνῳ</span> <span class='ocrx_word' id='word_1_879' title='bbox 3093 4830 3275 4886; x_wconf 81' lang='grc' dir='ltr'>σκεύει</span> <span class='ocrx_word' id='word_1_880' title='bbox 3325 4830 3689 4902; x_wconf 77' lang='grc' dir='ltr'>διατρήσαντα</span> 
     </span>
    </p>
   </div>
   <div class='ocr_carea' id='block_1_113' title="bbox 2127 4918 3687 4998">
    <p class='ocr_par' dir='ltr' id='par_1_113' title="bbox 2127 4918 3687 4998">
     <span class='ocr_line' id='line_1_113' title="bbox 2127 4918 3687 4998; baseline -0.003 -18"><span class='ocrx_word' id='word_1_881' title='bbox 2127 4926 2296 4998; x_wconf 82' lang='grc' dir='ltr'>ἀκοὴν</span> <span class='ocrx_word' id='word_1_882' title='bbox 2327 4925 2419 4980; x_wconf 73' lang='grc' dir='ltr'>καὶ</span> <span class='ocrx_word' id='word_1_883' title='bbox 2446 4920 2559 4990; x_wconf 79' lang='grc' dir='ltr'>οὖς,</span> <span class='ocrx_word' id='word_1_884' title='bbox 2590 4924 2738 4978; x_wconf 74' lang='grc' dir='ltr'>ἐνθεν</span> <span class='ocrx_word' id='word_1_885' title='bbox 2771 4924 2842 4979; x_wconf 82' lang='grc' dir='ltr'><strong>τά</strong></span> <span class='ocrx_word' id='word_1_886' title='bbox 2870 4927 2950 4988; x_wconf 75' lang='grc' dir='ltr'>εἰς</span> <span class='ocrx_word' id='word_1_887' title='bbox 2980 4918 3096 4979; x_wconf 76' lang='grc' dir='ltr'>ὧτσ.</span> <span class='ocrx_word' id='word_1_888' title='bbox 3125 4922 3343 4978; x_wconf 79' lang='grc' dir='ltr'>ἀκούειν</span> <span class='ocrx_word' id='word_1_889' title='bbox 3386 4924 3489 4993; x_wconf 76' lang='grc' dir='ltr'>τὴν</span> <span class='ocrx_word' id='word_1_890' title='bbox 3525 4925 3687 4977; x_wconf 75' lang='grc' dir='ltr'>ἄναυ-</span> 
     </span>
    </p>
   </div>
   <div class='ocr_carea' id='block_1_114' title="bbox 2127 5013 3688 5088">
    <p class='ocr_par' dir='ltr' id='par_1_114' title="bbox 2127 5013 3688 5088">
     <span class='ocr_line' id='line_1_114' title="bbox 2127 5013 3688 5088; baseline -0.003 -17"><span class='ocrx_word' id='word_1_891' title='bbox 2127 5017 2215 5071; x_wconf 87' lang='grc' dir='ltr'><strong>δον</strong></span> <span class='ocrx_word' id='word_1_892' title='bbox 2258 5015 2352 5070; x_wconf 77' lang='grc' dir='ltr'>καὶ</span> <span class='ocrx_word' id='word_1_893' title='bbox 2388 5016 2577 5088; x_wconf 81' lang='grc' dir='ltr'>κωφὴν</span> <span class='ocrx_word' id='word_1_894' title='bbox 2609 5015 2739 5088; x_wconf 77' lang='grc' dir='ltr'>ὓλην</span> <span class='ocrx_word' id='word_1_895' title='bbox 2774 5015 2882 5069; x_wconf 81' lang='grc' dir='ltr'><strong>τῶν</strong></span> <span class='ocrx_word' id='word_1_896' title='bbox 2919 5013 3114 5081; x_wconf 74' lang='grc' dir='ltr'>ἔξωθεν</span> <span class='ocrx_word' id='word_1_897' title='bbox 3156 5015 3348 5084; x_wconf 79' lang='grc' dir='ltr'>φωνῶν</span> <span class='ocrx_word' id='word_1_898' title='bbox 3380 5014 3580 5078; x_wconf 76' lang='grc' dir='ltr'>αὐτῶν,</span> <span class='ocrx_word' id='word_1_899' title='bbox 3616 5013 3688 5084; x_wconf 79' lang='grc' dir='ltr'>μὴ</span> 
     </span>
    </p>
   </div>
   <div class='ocr_carea' id='block_1_115' title="bbox 2127 5088 3689 5180">
    <p class='ocr_par' dir='ltr' id='par_1_115' title="bbox 2127 5088 3689 5180">
     <span class='ocr_line' id='line_1_115' title="bbox 2127 5088 3689 5180; baseline -0.003 -18"><span class='ocrx_word' id='word_1_900' title='bbox 2127 5108 2247 5179; x_wconf 68' lang='grc' dir='ltr'>οὐχὶ</span> <span class='ocrx_word' id='word_1_901' title='bbox 2278 5107 2386 5180; x_wconf 78' lang='grc' dir='ltr'>πρὸ</span> <span class='ocrx_word' id='word_1_902' title='bbox 2416 5108 2629 5161; x_wconf 82' lang='grc' dir='ltr'>πάντων</span> <span class='ocrx_word' id='word_1_903' title='bbox 2663 5106 2792 5161; x_wconf 77' lang='grc' dir='ltr'>πολὺ</span> <span class='ocrx_word' id='word_1_904' title='bbox 2825 5088 3145 5178; x_wconf 70' lang='grc' dir='ltr'>κρειττόνως</span> <span class='ocrx_word' id='word_1_905' title='bbox 3170 5107 3263 5161; x_wconf 74' lang='grc' dir='ltr'>καὶ</span> <span class='ocrx_word' id='word_1_906' title='bbox 3294 5105 3555 5177; x_wconf 65' lang='grc' dir='ltr'>μειζόνως</span> <span class='ocrx_word' id='word_1_907' title='bbox 3582 5109 3689 5166; x_wconf 72' lang='grc' dir='ltr'>τοῖς</span> 
     </span>
    </p>
   </div>
   <div class='ocr_carea' id='block_1_116' title="bbox 2127 5196 3688 5272">
    <p class='ocr_par' dir='ltr' id='par_1_116' title="bbox 2127 5196 3688 5272">
     <span class='ocr_line' id='line_1_116' title="bbox 2127 5196 3688 5272; baseline -0.002 -18"><span class='ocrx_word' id='word_1_908' title='bbox 2127 5201 2235 5254; x_wconf 88' lang='grc' dir='ltr'><strong>τῶν</strong></span> <span class='ocrx_word' id='word_1_909' title='bbox 2281 5200 2580 5272; x_wconf 81' lang='grc' dir='ltr'>ἀνθρώπων</span> <span class='ocrx_word' id='word_1_910' title='bbox 2611 5200 2887 5254; x_wconf 70' lang='grc' dir='ltr'>ἐπιϐάλλει</span> <span class='ocrx_word' id='word_1_911' title='bbox 2922 5200 3229 5270; x_wconf 84' lang='grc' dir='ltr'>λογισμοῖς;</span> <span class='ocrx_word' id='word_1_912' title='bbox 3263 5200 3327 5252; x_wconf 79' lang='lat' dir='ltr'><strong>Ei</strong></span> <span class='ocrx_word' id='word_1_913' title='bbox 3366 5196 3425 5251; x_wconf 74' lang='grc' dir='ltr'>δὲ</span> <span class='ocrx_word' id='word_1_914' title='bbox 3460 5199 3556 5252; x_wconf 71' lang='grc' dir='ltr'>καὶ</span> <span class='ocrx_word' id='word_1_915' title='bbox 3596 5197 3688 5251; x_wconf 80' lang='grc' dir='ltr'>ὅλα</span> 
     </span>
    </p>
   </div>
   <div class='ocr_carea' id='block_1_117' title="bbox 2129 5288 3687 5363">
    <p class='ocr_par' dir='ltr' id='par_1_117' title="bbox 2129 5288 3687 5363">
     <span class='ocr_line' id='line_1_117' title="bbox 2129 5288 3687 5363; baseline -0.001 -20"><span class='ocrx_word' id='word_1_916' title='bbox 2129 5288 2255 5362; x_wconf 71' lang='grc' dir='ltr'>ἔθνη</span> <span class='ocrx_word' id='word_1_917' title='bbox 2284 5290 2351 5345; x_wconf 80' lang='grc' dir='ltr'><strong>τὰ</strong></span> <span class='ocrx_word' id='word_1_918' title='bbox 2366 5289 2461 5343; x_wconf 72' lang='grc' dir='ltr'><strong>ἐπὶ</strong></span> <span class='ocrx_word' id='word_1_919' title='bbox 2480 5291 2585 5362; x_wconf 87' lang='grc' dir='ltr'><strong>γῆς</strong></span> <span class='ocrx_word' id='word_1_920' title='bbox 2607 5291 2854 5363; x_wconf 76' lang='grc' dir='ltr'>βάρϐαρά</span> <span class='ocrx_word' id='word_1_921' title='bbox 2880 5307 2939 5345; x_wconf 83' lang='grc' dir='ltr'><strong>τε</strong></span> <span class='ocrx_word' id='word_1_922' title='bbox 2971 5291 3065 5345; x_wconf 74' lang='grc' dir='ltr'>καὶ</span> <span class='ocrx_word' id='word_1_923' title='bbox 3102 5290 3413 5361; x_wconf 75' lang='grc' dir='ltr'>Ἑλληνικά,</span> <span class='ocrx_word' id='word_1_924' title='bbox 3436 5291 3687 5359; x_wconf 84' lang='grc' dir='ltr'>φυσικαῖς</span> 
     </span>
    </p>
   </div>
   <div class='ocr_carea' id='block_1_118' title="bbox 2129 5381 3687 5453">
    <p class='ocr_par' dir='ltr' id='par_1_118' title="bbox 2129 5381 3687 5453">
     <span class='ocr_line' id='line_1_118' title="bbox 2129 5381 3687 5453; baseline 0 -21"><span class='ocrx_word' id='word_1_925' title='bbox 2129 5382 2358 5445; x_wconf 68' lang='grc' dir='ltr'>ἐννοίαις</span> <span class='ocrx_word' id='word_1_926' title='bbox 2397 5381 2706 5453; x_wconf 81' lang='grc' dir='ltr'>κινούμενα,</span> <span class='ocrx_word' id='word_1_927' title='bbox 2745 5382 2812 5446; x_wconf 71' lang='grc' dir='ltr'>ἃς</span> <span class='ocrx_word' id='word_1_928' title='bbox 2841 5381 2946 5436; x_wconf 77' lang='grc' dir='ltr'><strong>ὑπὸ</strong></span> <span class='ocrx_word' id='word_1_929' title='bbox 2991 5381 3126 5435; x_wconf 77' lang='grc' dir='ltr'>Θεοῦ</span> <span class='ocrx_word' id='word_1_930' title='bbox 3174 5382 3455 5453; x_wconf 74' lang='grc' dir='ltr'>εἰλήφασι,</span> <span class='ocrx_word' id='word_1_931' title='bbox 3496 5381 3687 5450; x_wconf 86' lang='grc' dir='ltr'>νόμους</span> 
     </span>
    </p>
   </div>
   <div class='ocr_carea' id='block_1_119' title="bbox 2128 5467 3693 5538">
    <p class='ocr_par' dir='ltr' id='par_1_119' title="bbox 2128 5467 3693 5538">
     <span class='ocr_line' id='line_1_119' title="bbox 2128 5467 3693 5538; baseline 0.006 -14"><span class='ocrx_word' id='word_1_932' title='bbox 2128 5471 2279 5535; x_wconf 79' lang='grc' dir='ltr'>τινάς</span> <span class='ocrx_word' id='word_1_933' title='bbox 2311 5472 2403 5525; x_wconf 71' lang='grc' dir='ltr'>καὶ</span> <span class='ocrx_word' id='word_1_934' title='bbox 2426 5471 2693 5537; x_wconf 79' lang='grc' dir='ltr'>διατάξεις</span> <span class='ocrx_word' id='word_1_935' title='bbox 2721 5474 2931 5538; x_wconf 77' lang='grc' dir='ltr'>ἑαυτοῖς</span> <span class='ocrx_word' id='word_1_936' title='bbox 2966 5472 3401 5527; x_wconf 73' lang='grc' dir='ltr'>διετυπώσαντοο</span> <span class='ocrx_word' id='word_1_937' title='bbox 3433 5471 3549 5535; x_wconf 78' lang='grc' dir='ltr'><strong>πῶς</strong></span> <span class='ocrx_word' id='word_1_938' title='bbox 3574 5467 3693 5534; x_wconf 62' lang='grc' dir='ltr'><strong>οἱδὶ*ι</strong></span> 
     </span>
    </p>
   </div>
   <div class='ocr_carea' id='block_1_120' title="bbox 2129 5563 3692 5637">
    <p class='ocr_par' dir='ltr' id='par_1_120' title="bbox 2129 5563 3692 5637">
     <span class='ocr_line' id='line_1_120' title="bbox 2129 5563 3692 5637; baseline 0.008 -21"><span class='ocrx_word' id='word_1_939' title='bbox 2129 5564 2158 5616; x_wconf 82' lang='grc' dir='ltr'>ὁ</span> <span class='ocrx_word' id='word_1_940' title='bbox 2189 5563 2391 5635; x_wconf 76' lang='grc' dir='ltr'>ταύτην</span> <span class='ocrx_word' id='word_1_941' title='bbox 2423 5565 2602 5630; x_wconf 79' lang='grc' dir='ltr'>αὐτοῖς</span> <span class='ocrx_word' id='word_1_942' title='bbox 2631 5564 2728 5637; x_wconf 75' lang='grc' dir='ltr'>τὴν</span> <span class='ocrx_word' id='word_1_943' title='bbox 2764 5566 2977 5622; x_wconf 84' lang='grc' dir='ltr'>σύνεσιν</span> <span class='ocrx_word' id='word_1_944' title='bbox 2998 5564 3364 5637; x_wconf 79' lang='grc' dir='ltr'>δεδωρημένος</span> <span class='ocrx_word' id='word_1_945' title='bbox 3391 5564 3521 5624; x_wconf 75' lang='grc' dir='ltr'>Θεδς</span> <span class='ocrx_word' id='word_1_946' title='bbox 3549 5563 3692 5629; x_wconf 50' lang='grc' dir='ltr'><strong>θέτ’</strong></span> 
     </span>
    </p>
   </div>
   <div class='ocr_carea' id='block_1_121' title="bbox 2133 5653 3694 5721">
    <p class='ocr_par' dir='ltr' id='par_1_121' title="bbox 2133 5653 3694 5721">
     <span class='ocr_line' id='line_1_121' title="bbox 2133 5653 3694 5721; baseline 0.003 -13"><span class='ocrx_word' id='word_1_947' title='bbox 2133 5655 2213 5719; x_wconf 74' lang='grc' dir='ltr'><strong>εει</strong></span> <span class='ocrx_word' id='word_1_948' title='bbox 2240 5657 2364 5721; x_wconf 80' lang='grc' dir='ltr'>τοὺς</span> <span class='ocrx_word' id='word_1_949' title='bbox 2388 5654 2536 5709; x_wconf 73' lang='grc' dir='ltr'>παοὰ</span> <span class='ocrx_word' id='word_1_950' title='bbox 2554 5656 2663 5712; x_wconf 62' lang='grc' dir='ltr'>τὴν</span> <span class='ocrx_word' id='word_1_951' title='bbox 2695 5657 2853 5719; x_wconf 71' lang='grc' dir='ltr'>φύσιν</span> <span class='ocrx_word' id='word_1_952' title='bbox 2882 5660 2977 5713; x_wconf 71' lang='grc' dir='ltr'>καὶ</span> <span class='ocrx_word' id='word_1_953' title='bbox 3006 5660 3154 5713; x_wconf 61' lang='grc' dir='ltr'>παρὰ</span> <span class='ocrx_word' id='word_1_954' title='bbox 3180 5656 3276 5718; x_wconf 60' lang='grc' dir='ltr'><strong>τάς</strong></span> <span class='ocrx_word' id='word_1_955' title='bbox 3296 5655 3459 5719; x_wconf 75' lang='grc' dir='ltr'>δοθὰς</span> <span class='ocrx_word' id='word_1_956' title='bbox 3488 5653 3694 5714; x_wconf 69' lang='grc' dir='ltr'>ἐννοίας</span> 
     </span>
    </p>
   </div>
  </div>
