4044 6212
357 323 491 380 1201

1477 327 1986 386 COMMENTARIA
2024 329 2093 385 1N
2112 370 2113 373 η
2132 330 2474 389 PSALMOS.

3441 321 3581 380 ηοξ

358 438 615 511 πράττειν
639 457 691 493 τι
720 439 1069 511 τολμῶντας;
1107 440 1275 496 Πόθεν
1306 441 1362 494 δὲ
1392 440 1696 513 ἀνθρώποις
1730 444 1763 513 ὴ
1798 444 1922 513 περὶ

2044 448 2144 502 ιιιεί
2170 446 2406 503 fuerint?
2441 444 2594 500 Unde
2621 444 2930 500 hominibus
2961 440 3161 513 prodiit
3200 440 3379 497 omnis
3404 448 3459 495 et
3487 454 3587 494 cu-

361 531 560 596 παντδς
591 532 896 586 οὑτινοσοῦν
936 533 1256 603 πράγματος
1284 533 1519 602 γνῶσις;
1561 535 1720 590 πόθεν
1752 537 1809 590 αἱ
1839 536 1926 589 τέ-

359 639 483 693 χναι
504 639 524 687 ',
549 622 710 677 πόθεν
736 622 843 677 τῶν
865 624 1181 696 ἐπιστημῶν
1205 627 1263 678 αἱ
1284 626 1504 699 θεωρία.
1529 650 1543 691 ,
1567 604 1730 682 πάθεν
1746 631 1795 682 oi
1819 628 1926 683 τῶν

361 710 701 783 μαθημάτων
743 711 924 782 λύγοις
959 709 1045 785 ἆρ’
1075 715 1175 768 οὐκ
1197 715 1305 769 ἀπὸ
1332 715 1423 770 τοῦ
1466 719 1928 791 κατασπείραντος

362 803 422 854 ὲν
451 803 632 866 αὐτοῖς
676 803 773 875 τὴν
804 804 1032 875 δύναμιν
1069 806 1167 878 τῆς
1197 807 1400 863 τούτων
1444 807 1822 879 καταλήψεωςς
1864 809 1929 864 Τί

360 889 489 960 οῦν;
520 894 548 946 ὁ
580 893 833 967 τοιαύτην
870 896 1141 969 ἀνθρώπῳ
1178 898 1337 969 φύσιν
1359 900 1742 972 χαρισάμενος,
1768 903 1931 968 αὐτὸς

362 985 646 1076 εστὲρηται
691 988 788 1059 τῆς
814 988 1083 1057 γνώσεως,
1129 991 1205 1054 ὡς
1251 992 1388 1063 μηδὲ
1422 993 1708 1062 γινώσκειν
1738 996 1928 1059 ταῦτα,

363 1069 438 1131 ὧν
469 1078 627 1141 αὐτὸς
654 1080 905 1148 τυγχάνει
925 1081 1088 1154 δοτὴρ
1113 1100 1127 1148 ;
1168 1084 1325 1138 Ἀλλὰ
1355 1085 1462 1157 γάρ
1492 1087 1771 1141 παύσασθε
1811 1090 1931 1143 ἀσε-

360 1167 607 1233 ϐοῦντες,
657 1163 702 1223 ὦ
755 1170 1009 1241 μάταιοι·
1061 1174 1248 1243 ἀληθεῖ
1296 1176 1352 1230 δὲ
1406 1177 1547 1247 λόγῳ
1602 1179 1929 1250 πειθόμενοι,

363 1256 560 1325 γνῶτε,
592 1259 674 1312 δτι
721 1261 751 1313 ὁ
791 1261 1060 1330 φυτεύσας
1104 1263 1164 1316 ὲν
1200 1265 1504 1337 ἀνθρώποις
1540 1269 1598 1322 τὸ
1645 1264 1757 1334 οῦς,
1796 1270 1932 1325 πολὺ

363 1346 627 1418 πρότερος
674 1348 836 1413 αὐτὸς
881 1350 991 1403 τῶν
1034 1351 1185 1423 παρὰ
1236 1353 1541 1424 ἀνθρώποις
1589 1355 1933 1428 λαλουμένων

364 1432 656 1488 ἀκούσεται
677 1451 692 1466 ο
728 1438 822 1492 καὶ
857 1438 918 1490 ού
955 1439 1114 1510 μόνον
1142 1441 1329 1511 ὄψεται
1370 1446 1465 1498 καὶ
1494 1444 1561 1501 τά
1588 1448 1936 1518 πραττόμενα

366 1526 693 1581 ἐποπτεύσει
721 1531 751 1583 ὁ
778 1532 838 1584 ὲν
883 1531 1191 1607 ἀνθρώποις
1224 1535 1434 1600 πλάσας
1475 1536 1772 1609 ὀφθαλμὸν,
1801 1538 1937 1593 ἀλλὰ

368 1617 464 1672 καὶ
493 1619 591 1682 τὰς
630 1620 974 1694 ἐνθυμήσεις,
1003 1624 1103 1690 τὰς
1133 1626 1215 1680 ἔτι
1249 1627 1388 1682 κατὰ
1431 1627 1667 1684 διάνοιαν
1702 1646 1938 1701 κρυπτο-

367 1709 537 1780 μένας
564 1712 799 1784 συνήσει.
833 1714 980 1787 Δΰτη
1009 1718 1119 1789 γάρ
1149 1718 1281 1774 Θεοῦ
1315 1719 1539 1791 δύναμις
1584 1721 1937 1790 γινώσκοντος

367 1798 465 1853 καὶ
505 1798 871 1872 διακρίνοντος
894 1804 1020 1868 τοὺς
1053 1806 1435 1879 διαλογισμοὺς
1459 1808 1569 1863 τῶν
1603 1808 1934 1883 ἀνθρώπιον,

366 1891 451 1945 δτι
477 1893 582 1946 είσί
614 1894 853 1963 μάταιοι.
902 1898 1140 1969 ’Δληθῶς
1169 1900 1277 1972 γὰρ
1309 1903 1457 1956 πᾶσα
1484 1904 1517 1973 ἡ
1547 1902 1699 1974 παρὰ
1726 1903 1936 1976 ἀνθρώ-

366 2000 493 2048 ποις
538 1987 861 2059 νομιζομένη
900 1989 1146 2060 ἀλήθεια,
1194 1994 1288 2046 καὶ
1326 1996 1475 2047 πᾶσα
1520 1996 1553 2066 ἡ
1593 1997 1724 2067 παρ’
1756 1998 1940 2062 αὐτοῖς

345 2078 552 2159 νσοιρία,
585 2079 650 2150 ἢν
681 2079 738 2146 ἐξ
772 2082 986 2136 οἰκείων
1014 2082 1286 2155 λογισμῶν
1331 2087 1426 2143 καὶ
1457 2086 1664 2159 θνητῶν
1706 2089 1942 2162 ἐνθυμή-

370 2186 507 2225 σεων
551 2170 964 2243 προϐάλλονται,
1009 2174 1236 2245 μάταιος
1262 2176 1328 2231 ἂν
1361 2178 1469 2250 εῑη.
1500 2180 1616 2233 Πᾶν
1643 2182 1750 2252 γὰρ
1780 2182 1941 2251 σοφὸν

367 2262 464 2316 καὶ
504 2261 701 2334 ἀληθὲς
741 2266 871 2337 παρ’
903 2265 1051 2338 αὐτῷ
1086 2267 1231 2340 μόνῳ
1266 2270 1542 2341 τυγχάνει,
1565 2273 1660 2327 καὶ
1688 2274 1816 2345 παρ’
1840 2274 1940 2327 αύ-

370 2350 462 2405 τοῦ
489 2352 668 2423 μόνοις
696 2357 806 2418 τοῖς
833 2355 1005 2422 άξίοις
1026 2357 1247 2413 δίδοται.

440 2445 740 2516 Μακάριος
781 2449 1108 2519 ἄνθρωπος,
1150 2452 1223 2507 ὃν
1254 2453 1332 2508 ἂν
1364 2456 1715 2527 παιδεύσῃς,
1745 2461 1942 2529 Κύριε,

369 2537 468 2591 καί
495 2539 564 2592 ἐκ
594 2540 698 2594 τοῦ
729 2542 916 2611 νόμου
946 2560 1062 2611 qov
1091 2544 1340 2613 διδάξῃς
1376 2550 1582 2614 αὐτὸν,
1616 2551 1723 2604 τοῦ
1751 2552 1943 2619 πραῧ-

371 2643 470 2683 ναι
492 2628 653 2694 αὐτῷ
685 2630 785 2700 ἀφ’
812 2633 1046 2701 ἡμερῶν
1070 2636 1368 2704 πονηρῶν,
1393 2637 1504 2705 ἕως
1533 2636 1605 2695 οὗ
1631 2640 1818 2711 ὀρυγῇ
1863 2642 1945 2709 τῷ

373 2721 696 2792 ἀμαρτωλῷ
712 2723 951 2792 βόθρος.
983 2725 1230 2791 Πεισθεὶς
1255 2728 1366 2798 ἐγὼ
1396 2732 1490 2786 καὶ
1516 2733 1810 2798 πιστεύσας
1831 2737 1945 2801 τοῖς

370 2814 698 2886 εἰρημένοις,
733 2818 826 2870 καὶ
851 2817 932 2871 ὅτι
957 2819 1005 2870 οἱ
1021 2818 1359 2892 διαλογισμοὶ
1375 2821 1486 2876 τῶν
1505 2823 1808 2897 ἀνθρώπων
1838 2827 1948 2882 elot-

375 2906 613 2975 μάταιοι,
646 2907 870 2973 εἰκότως
900 2910 1105 2962 ἐκεῖνον
1132 2911 1292 2981 μόνον
1327 2914 1594 2985 μακάριον
1619 2912 1755 2970 εἶναι
1780 2918 1946 2988 ἡγοῦ-

375 3010 498 3063 μαι,
528 2988 574 3047 ὣ
606 2994 799 3068 Κύριε,
821 2997 912 3053 τὸν
938 2999 1049 3052 άπὸ
1076 3001 1174 3071 τῆς
1203 3001 1304 3071 σῆς
1334 3004 1525 3074 σοφίας
1561 3009 1656 3061 καὶ
1678 3008 1942 3075 παιδείας,

2020 532 2246 602 juslibet
2278 535 2357 609 rei
2394 532 2628 589 notitia?
2661 534 2802 588 unde
2826 532 3007 587 artes?
3033 531 3176 586 unde
3229 530 3595 584 scientiarum

2027 627 2465 699 speculationes?
2500 627 2642 680 unde
2688 625 3099 693 disciplinarum
3129 620 3449 678 sermones?
3493 635 3589 673 an—

2028 736 2137 775 non
2177 719 2246 774 ab
2293 733 2360 775 eo
2410 718 2504 788 qui
2553 717 2814 771 harumce
2861 727 3043 770 rerum
3087 710 3588 781 comprehensionis

2031 812 2340 867 facultatem
2374 810 2430 865 in
2459 809 2567 864 illis
2601 807 2833 863 insevit?
2859 806 2999 874 Quid
3029 804 3226 875 igitur?
3252 818 3382 857 num
3420 801 3467 855 is
3494 800 3589 870 qui

2030 901 2126 955 tali
2144 900 2414 954 hominem
2431 905 2627 955 natura
2644 897 2885 961 donavit,
2904 897 3020 966 ipse
3033 893 3364 964 cognitionis
3396 904 3592 958 expers

2029 993 2157 1054 erit,
2191 992 2265 1046 ita
2292 998 2352 1045 ut
2386 1006 2453 1046 ne
2481 991 2598 1061 ipsa
2643 988 2884 1059 quidem,
2918 1002 3151 1057 quorum
3199 985 3314 1054 ipse
3364 981 3595 1051 largitor

2030 1091 2137 1148 est,
2164 1081 2495 1153 cognoscat?
2529 1079 2727 1135 Verum
2760 1078 2924 1149 impie
2975 1075 3248 1147 cogitandi
3278 1089 3341 1128 ac
3371 1074 3599 1143 loquen-

2033 1174 2088 1228 di
2121 1173 2279 1229 linem
2306 1172 2489 1236 facite,
2518 1188 2552 1227 o
2582 1170 2707 1226 vani
2765 1170 3053 1225 homines:
3099 1182 3164 1222 ac
3191 1181 3320 1222 vero
3358 1164 3597 1221 sermoni

2032 1265 2720 1336 obtemperantesscitote,
2751 1278 2876 1318 eum
2907 1262 3000 1333 qui
3032 1259 3293 1331 plantavit
3321 1272 3510 1312 aurem
3541 1256 3597 1310 in

2032 1356 2365 1421 hominibus,
2394 1356 2554 1425 longe
2611 1354 2763 1425 prius
2812 1367 2934 1423 qua:
2978 1351 3237 1406 dicuntur
3284 1348 3595 1411 auditurum

2031 1466 2190 1517 esse;
2240 1465 2306 1505 ac
2346 1464 2473 1504 eum
2501 1447 2592 1519 qui
2626 1447 2843 1501 oculum
2879 1445 3035 1500 ﬁnxit
3080 1440 3430 1505 hominibus,
3488 1452 3594 1494 non

2036 1541 2198 1596 modo
2225 1541 2474 1595 visurum
2513 1552 2577 1593 ac
2615 1544 2766 1608 gesta
2801 1540 3255 1604 conspecturum:
3300 1531 3396 1586 sed
3424 1538 3477 1585 et
3502 1543 3599 1582 co-

2035 1632 2324 1702 gitationes
2368 1628 2551 1682 adhuc.
2588 1627 2644 1681 in
2693 1632 2873 1680 mente
2922 1624 3149 1678 latentes
3195 1622 3607 1677 intellecturum.

2033 1739 2178 1779 esse.
2222 1721 2345 1776 llaec
2397 1723 2541 1775 enim
2572 1721 2749 1773 virtus
2798 1725 2881 1772 est
2920 1714 3012 1771 Dei
3040 1754 3057 1776 .
3107 1712 3485 1785 cognoscentis
3535 1724 3601 1763 ac

2037 1813 2398 1872 discernentis
2449 1811 2806 1882 cogitationes
2840 1810 3119 1866 hominum
3153 1808 3409 1879 quoniam
3447 1817 3603 1858 vanae

2039 1921 2189 1965 sunt.
2216 1908 2423 1962 Revera
2453 1904 2653 1964 omnis.
2683 1912 2740 1958 ut
2775 1904 2915 1973 apud
2947 1902 3194 1956 homines
3233 1899 3598 1963 existimatur,

2037 2002 2260 2063 veritas,
2295 1998 2585 2067 omnisque
2607 1996 2825 2050 illorum
2857 1993 3141 2064 sapientia,
3172 2006 3336 2061 quam
3371 2004 3436 2044 ex
3470 2003 3603 2058 pro-

2039 2088 2174 2160 priis
2205 2086 2504 2142 ratiociniis
2545 2092 2600 2140 et
2637 2083 2960 2138 mortalibus
3014 2079 3435 2152 cogitationibus
3466 2088 3604 2147 prte-

2041 2182 2256 2244 l'eruut,
2295 2194 2437 2233 vana
2474 2184 2622 2233 certe
2661 2175 2842 2232 fuerit.
2874 2173 3064 2231 Omnis
3093 2174 3291 2243 quippe
3318 2168 3602 2240 sapientia

2040 2284 2095 2332 et
2116 2275 2316 2331 veritas
2340 2282 2506 2343 penes
2532 2271 2708 2340 ipsum
2741 2268 2916 2325 solum
2949 2257 3184 2332 exsistit,
3214 2271 3267 2321 et
3294 2263 3361 2318 ab
3390 2264 3507 2333 ipso
3536 2261 3606 2316 iis

2042 2376 2253 2421 tantum
2283 2365 2377 2436 qui
2406 2364 2556 2436 digni
2588 2370 2716 2418 sunt
2750 2359 2975 2414 inditur.

2117 2456 2280 2511 Vens.
2313 2455 2408 2518 12,
2452 2455 2541 2508 15.
2585 2451 2779 2507 Beatus
2828 2449 2979 2503 homo
3018 2463 3167 2519 quem
3213 2455 3269 2501 tu
3308 2443 3621 2507 erudieris..

2044 2549 2283 2610 Domine,
2315 2555 2365 2599 et
2385 2544 2449 2600 de
2477 2545 2585 2616 lege
2618 2553 2709 2597 tua
2737 2540 2977 2595 docueris
3016 2556 3156 2609 eum,
3186 2547 3243 2592 ιιι
3274 2537 3477 2606 mitiges
3500 2536 3548 2593 ei
3574 2552 3623 2589 σ-

2042 2642 2222 2697 diebus
2263 2638 2440 2701 malis,
2471 2639 2632 2693 donec
2689 2626 2924 2706 fodiatur
2985 2623 3257 2702 peccatore;
3290 2629 3457 2699 (om.
3494 2626 3608 2699 Ego

2044 2751 2209 2806 supra
2239 2733 2402 2788 dictis
2425 2733 2809 2801 obtemperans
2840 2736 2894 2783 et
2937 2725 3188 2790 credens,
3222 2723 3478 2778 nimirum
3514 2736 3610 2776 co-

2045 2828 2339 2900 gitationes
2374 2825 2653 2881 hominum
2696 2836 2873 2877 vanas
2914 2834 3038 2876 esse
3090 2818 3243 2874 illum
3274 2816 3449 2872 solum
3481 2814 3609 2869 bea-

2044 2931 2159 2977 tum
2180 2921 2303 2988 jure
2336 2917 2593 2981 arbitror,
2629 2914 2884 2981 Domine,
2926 2910 3026 2982 qui
3050 2925 3117 2967 ex
3148 2916 3239 2963 tua
3269 2907 3531 2978 sapientia
3555 2916 3610 2961 et

2045 3011 2352 3068 eruditione
2381 3011 2527 3066 velut
2555 3024 2625 3064 ex
2658 3006 2805 3062 fonte
2839 3006 3039 3060 hausit.
3102 3000 3386 3069 Quomodo
3427 3006 3609 3053 autem

374 3083 565 3190 ῶσπερ
592 3086 699 3140 άπὸ
720 3088 916 3190 ,πηγῇς
950 3091 1450 3163 μεταλαμϐάνοντα.
1483 3097 1606 3162 Πῶς
1625 3098 1685 3152 δὲ
1720 3100 1942 3171 μεταλά-

2046 3104 2172 3175 quis
2204 3102 2529 3158 eruditionis
2576 3111 2682 3157 tua:
2707 3101 2977 3171 particeps
3015 3097 3210 3161 luerit,
3258 3094 3366 3151 nisi
3416 3092 3615 3148 divina

374 3173 549 3266 Gai-iv
576 3192 659 3266 τις
684 3178 783 3266 τῆς
812 3179 908 3249 σῆς
939 3180 1185 3246 παιδείας
1215 3183 1247 3255 ἢ
1287 3183 1366 3255 τῷ
1397 3185 1545 3258 νόμῳ
1569 3205 1662 3241 σου
1697 3189 1776 3261 τῷ
1815 3190 1942 3263 θείῳ

2046 3173 2182 3266 lcgis
2211 3203 2316 3250 tua:
2355 3193 2644 3265 disciplina
2679 3182 2998 3255 institutus?
3046 3186 3183 3244 Nam
3232 3186 3356 3243 ideo
3395 3183 3620 3255 pietatis

378 3263 764 3333 μαθητευθείς;
802 3267 900 3321 Διὰ
926 3267 1082 3323 τοῦτο
1106 3270 1214 3342 γάρ
1243 3272 1334 3325 καὶ
1372 3275 1679 3347 ἐγγράφους
1704 3280 1946 3352 παρέδω-

377 3369 481 3418 κας
509 3356 788 3422 εὐσεϐείας
818 3359 1035 3432 νόμους,
1064 3365 1143 3426 είς
1168 3363 1229 3416 τὸ
1258 3366 1692 3438 μεταλαμϐάνειν
1715 3369 1816 3440 τῆς
1848 3372 1948 3443 σῆς

377 3446 709 3513 παιδεύσεως
747 3452 873 3515 τοὺς
928 3454 1396 3527 μαθητευομένους
1434 3460 1635 3525 αὐτοῖς.
1694 3462 1947 3518 Διδασκόο

378 3538 520 3611 μεθα
544 3540 599 3594 δὲ
620 3541 708 3595 διά
735 3544 956 3611 τούτων,
989 3548 1069 3601 ὅτι
1093 3549 1158 3602 τά
1185 3550 1548 3622 συμϐαίνοντα
1576 3557 1687 3618 τοῖς
1720 3555 1948 3621 δικαίοις

374 3629 595 3705 λυπηρὰ
623 3636 709 3689 ἐπ’
753 3636 989 3712 ὠφελείᾳ.
1040 3641 1216 3695 αὐτῶν
1257 3643 1482 3713 γίνεται,
1526 3647 1948 3719 γυμναζομένων

380 3728 473 3780 καὶ
503 3730 906 3801 πειραζομένων
929 3732 1082 3806 δίκην
1104 3734 1348 3807 ἀθλητῶν
1376 3737 1515 3792 Θεοῦ
1541 3739 1630 3795 διά
1650 3743 1824 3796 πόνων
1856 3744 1949 3799 καὶ

383 3819 469 3875 διὰ
499 3819 720 3891 πληγῶν
749 3824 806 3876 ὲν
843 3826 1088 3899 ὑπομονῇ
1131 3827 1587 3901 δοκιμαζομένων·
1628 3832 1719 3885 Διδ
1748 3834 1808 3887 οὐ
1843 3834 1947 3909 Χρὴ

378 3910 687 3979 λυπεῖσθαι,
716 3916 835 3969 οὐδὲ
855 3918 1141 3989 ἀδημονεῖν
1168 3920 1259 3974 ἐπὶ
1288 3924 1400 3986 τοῖς
1422 3910 1785 3995 κακουμένοις
1808 3930 1949 3983 κατά

380 4006 473 4056 τὸν
506 4005 750 4075 παρόντα
789 4007 922 4077 βίον,
956 4012 1277 4082 μακαρίζειν
1311 4013 1367 4066 δὲ
1398 4014 1596 4085 μᾶλλον
1625 4018 1839 4084 αὐτοὺς,
1875 4020 1951 4087 ὼς

382 4093 491 4148 ὑπὸ
519 4093 611 4148 τοῦ
636 4095 766 4150 Θεοῦ
791 4100 1203 4172 παιδευομένους
1223 4119 1237 4134 ⁸
1269 4103 1573 4174 Μακάριος
1600 4106 1709 4180 γάρ
1731 4108 1951 4178 ἄνθρω-

382 4202 519 4253 πος,
554 4186 628 4241 ὃν
665 4188 741 4242 ἂν
771 4191 1118 4263 παιδεύσῃς,
1138 4198 1313 4265 Κύριε
1324 4214 1344 4263 ;
1375 4198 1474 4253 καί
1518 4201 1582 4254 ἐκ
1615 4200 1720 4255 τοῦ
1763 4201 1949 4271 νόμου

383 4293 501 4332 σου
543 4278 795 4349 διδάξῃς
829 4284 1029 4338 αὐτόν.
1068 4287 1126 4340 Ὀ
1155 4289 1261 4360 γάρ
1294 4288 1677 4364 παιδευόμενος
1710 4293 1812 4346 ὑπὸ
1855 4292 1948 4349 σοῦ

384 4371 481 4423 καὶ
505 4370 906 4444 διδασκόμενος,
945 4378 1240 4447 πραΰνεται
1277 4382 1334 4435 ὲν
1364 4386 1483 4447 ταῖς
1514 4388 1774 4457 πονηραῖς
1809 4387 1948 4458 ἠμέ-

2047 3289 2194 3360 leges
2243 3288 2446 3358 scripto
2496 3286 2808 3348 tradidisti,
2868 3292 2927 3339 ut
2993 3282 3085 3354 qui
3150 3282 3261 3339 illis
3317 3279 3612 3336 instituun-

2048 3391 2161 3446 tur,
2193 3379 2514 3436 eruditionis
2556 3388 2660 3434 tua:
2697 3376 2991 3449 participes
3021 3377 3151 3432 sint.
3186 3373 3283 3429 llis
3330 3388 3460 3430 vero
3505 3372 3608 3428 do-

2050 3488 2238 3528 cernur
2261 3470 2439 3526 tristia
2492 3470 2605 3534 illa,
2639 3485 2759 3541 quae
2795 3468 2960 3538 justis
3009 3467 3285 3530 accidunt,
3311 3465 3380 3520 ad
3424 3480 3611 3521 eorum

2052 3564 2337 3618 utilitatem
2367 3577 2488 3618 esse
2519 3580 2533 3629 ;
2570 3562 2744 3617 instar
2771 3562 2913 3616 enim
2945 3560 3280 3613 athletarum
3311 3556 3430 3621 Dei,
3456 3554 3612 3610 labo-

2051 3656 2205 3712 ribus
2258 3655 2629 3710 exercitantur
2656 3668 2723 3709 ac
2769 3659 3074 3719 tentantur,
3108 3648 3392 3721 plagisque
3425 3647 3480 3701 in
3513 3661 3613 3716 pa-

2052 3748 2242 3804 tientia
2268 3748 2585 3818 probantur.
2623 3744 2965 3816 Quapropter
2996 3741 3372 3815 ingruentibus
3403 3741 3457 3794 in
3484 3754 3616 3810 pra:-

2054 3840 2194 3897 senti
2224 3840 2332 3894 vita
2364 3839 2790 3903 calamitatibus,
2827 3852 2938 3891 non
2966 3834 3258 3890 dolendum
3288 3847 3390 3888 nec
3419 3830 3617 3901 despe-

2053 3933 2285 3989 randum
2313 3941 2430 3999 est;
2467 3933 2577 3987 imo
2602 3932 2783 4003 potius
2816 3930 2938 3986 illos
2967 3929 3162 3985 beatos
3182 3926 3456 3983 aestimare
3484 3939 3619 3979 con-

2052 4026 2224 4090 venit,
2267 4024 2468 4095 quoda
2508 4023 2617 4079 Deo
2657 4023 2981 4078 erudiantur
3015 4038 3031 4077 :
3062 4034 3189 4075 nam
3239 4019 3421 4073 beatus
3461 4017 3627 4072 homo

2052 4133 2207 4188 quem
2252 4126 2308 4171 tu
2344 4115 2600 4171 erudieris
2651 4114 2894 4181 Domine,
2921 4122 2973 4168 et
3019 4111 3083 4166 de
3122 4113 3231 4175 leae
3259 4121 3350 4165 tua
3377 4108 3616 4164 docueris

2052 4225 2192 4263 eum.
2228 4206 2438 4262 Etenim
2471 4209 2564 4277 qui
2616 4206 2713 4263 abs
2777 4214 2830 4262 te
2878 4205 3128 4259 eruditur
3170 4214 3223 4258 et
3274 4202 3525 4266 docetur,
3559 4202 3617 4254 in

2054 4298 2248 4352 diebus
2277 4296 2435 4351 malis
2466 4296 2764 4365 mitigatur.
2797 4281 3016 4365 ln‘ipsis
3067 4293 3267 4364 quippe
3312 4289 3620 4346 alllictioni-

2056 4387 2161 4441 bus
2189 4393 2247 4440 et
2269 4385 2663 4441 tentationibus
2696 4399 2725 4438 a
2753 4386 2872 4456 lege
2923 4394 3014 4439 tua
3058 4382 3490 4437 consolationem
3523 4396 3620 4435 na~

385 4480 525 4535 ραις.
570 4464 658 4519 Ἐν
683 4467 872 4531 αὐταῖς
909 4469 1038 4538 γοῦν
1063 4474 1182 4536 ταῖς
1227 4476 1616 4545 κακοπαθείαις
1648 4480 1741 4533 καὶ
1770 4482 1827 4534 ἐν
1857 4480 1942 4533 αύ-

2057 4485 2199 4537 ctus,
2230 4476 2356 4531 hinc
2382 4475 2647 4531 medelam
2679 4476 2896 4546 accipit,
2926 4474 2995 4529 ad
3044 4474 3354 4545 patientiam
3398 4481 3452 4526 et
3491 4472 3620 4526 tole-

383 4558 497 4620 τοῖς
526 4560 639 4622 τοῖς
685 4564 1010 4632 πειρασμοῖς
1039 4562 1138 4626 τάς
1181 4564 1288 4618 ἀπὸ
1313 4566 1406 4619 τοῦ
1443 4570 1609 4641 νόμου
1651 4587 1741 4624 σου
1776 4588 1951 4644 παρα-

387 4649 585 4718 μυθίας
632 4650 918 4722 λαμϐάνων
963 4652 1341 4725 θεραπεύεται,
1386 4660 1673 4729 ὑπομένειν
1708 4662 1951 4718 διδασκόι

387 4757 546 4812 μενος
569 4743 661 4797 καὶ
683 4744 1073 4817 μακροθυμεῖν,
1095 4747 1205 4816 ἕως
1233 4744 1304 4805 οὖ
1328 4751 1513 4820 ὁρυγῇ
1535 4752 1611 4818 τῷ
1626 4754 1950 4823 ἁμαρτωλῷ

375 4832 629 4900 ,ϐόθροςο
664 4833 822 4888 τοῦτο
853 4836 960 4907 γὰρ
984 4838 1145 4891 αὐτὸν
1175 4840 1455 4911 περιμένει
1484 4842 1543 4894 τὸ
1571 4842 1740 4909 τέλος,
1782 4844 1949 4899 καθά-

384 4938 490 4996 περ
514 4928 544 4979 ὁ
567 4926 658 4989 σὸς
680 4927 842 4997 νόμος
865 4928 1120 4984 διδάσκει.
1150 4930 1240 4983 Διὸ
1259 4931 1427 4985 ταῦτα
1454 4932 1735 5003 μανθάνων
1762 4936 1819 4990 ἐν
1840 4939 1952 5001 τοῖς

384 5016 493 5068 τῶν
522 5019 839 5090 πειρασμῶν
871 5024 1081 5092 καιροῖς
1107 5022 1135 5074 ὁ
1160 5021 1385 5087 δίκαιος,
1422 5025 1721 5095 πραΰνεται
1749 5029 1842 5080 καὶ
1864 5027 1950 5081 θε-

384 5108 701 5181 ραπεύεται,
744 5112 842 5174 τὰς
891 5114 1143 5178 ἐκϐάσεις
1185 5114 1292 5167 τῶν
1336 5116 1672 5186 πραγμάτων
1710 5119 1946 5184 σκοπῶν,

2056 4570 2288 4623 rantiam
2319 4568 2623 4632 institutus,
2657 4568 2820 4623 donec
2860 4567 3096 4638 fodiatur
3138 4566 3399 4637 peccatori
3440 4565 3618 4629 fovea;

2057 4661 2147 4715 hic
2179 4661 2322 4715 enim
2347 4661 2498 4715 illum
2529 4660 2651 4716 linis
2678 4666 2980 4730 exspectant,
3024 4668 3081 4713 ut
3105 4660 3189 4714 lex
3228 4667 3322 4713 tua
3354 4658 3610 4713 declarat.

2055 4751 2424 4819 Quamobrem
2461 4753 2646 4824 justus
2696 4754 2809 4807 haec
2872 4756 2927 4808 in
2992 4752 3311 4809 tentationis
3376 4758 3621 4823 tempore

2057 4847 2304 4909 edoctus.
2359 4846 2640 4918 mitigatur
2702 4862 2767 4901 ac
2823 4847 3088 4903 medelam
3164 4844 3383 4916 accipit,
3434 4859 3612 4899 reruni

2056 4946 2307 5007 eventus,
2340 4946 2504 5007 atque
2561 4937 2814 4992 vexantis
2863 4952 2924 4993 se
2971 4937 3277 5007 peccatoris
3306 4935 3539 4997 foveam,
3564 4933 3627 4991 ir.

2055 5043 2219 5098 quam
2269 5030 2446 5098 cadet,
2502 5029 2882 5093 considerans,
2910 5030 3216 5101 bonamque
3257 5043 3415 5085 suam
3472 5023 3635 5100 apud.

2057 5120 2222 5176 Deum
2253 5136 2402 5192 spem
2434 5137 2546 5192 pra:
2570 5122 2744 5176 oculis
2784 5121 3009 5177 habens.

384 5164 401 5181 ,
688 5164 700 5176 ,
825 5164 839 5174 ,.
1344 5164 1664 5186 .-Γρηηην
1715 5164 1946 5184 ------...,
2057 5164 2222 5176 .,.,.....
2253 5164 2402 5192 νην...
2436 5164 2545 5192 ιη...
2571 5164 2744 5176 mm..-
2784 5164 3009 5177 ...ων-..η
3294 5184 3301 5191 ,
3350 5182 3356 5191 ,
3544 5164 3547 5169 ›

384 5204 479 5257 καὶ
516 5204 609 5258 τοῦ
661 5206 759 5277 μὲν
806 5207 1238 5273 καταπονοῦντος
1274 5207 1435 5262 αὑτὸν
1488 5208 1809 5282 άμαρτωλοῦ
1853 5211 1947 5267 τὸν
1975 5212 2167 5285 βόθρον
2185 5214 2265 5277 είς
2286 5213 2346 5271 ἂν
2372 5215 2710 5289 ἐμπεσεῖται,
2734 5212 2927 5269 ἑαυτοῦ
2947 5212 3004 5267 δὲ
3028 5212 3125 5277 τὰς
3181 5208 3332 5280 παρὰ
3383 5206 3463 5277 τῷ
3500 5206 3636 5289 θεῷ

383 5295 590 5368 ἀγαθάς
622 5297 839 5362 ἐλπίδας
866 5299 971 5371 πρὸ
995 5299 1284 5372 ὀφθαλμῶν
1308 5300 1608 5371 τιθέμενος.
1645 5325 1653 5337 σ

458 5392 587 5444 Ὅτι
618 5393 730 5445 οὐκ
759 5389 1060 5447 ἀπώσεται
1092 5396 1303 5462 Κύριος
1326 5392 1430 5446 τὸν
1455 5391 1608 5447 λαὸν
1631 5391 1835 5455 αὑτοῦ,
1858 5392 1959 5447 καὶ

386 5484 499 5552 τὴν
553 5485 960 5555 κληρονομίαν
990 5485 1177 5540 αὐτοῦ
1209 5488 1315 5541 οὐκ
1366 5487 1806 5557 ἐγκαταλείψει,
1840 5486 1950 5554 ἕως

382 5574 455 5633 ι)ιῖ
485 5576 837 5646 δικαιοσύνη
864 5577 1196 5647 ἐπιστρέψῃ
1230 5581 1315 5645 εἰς
1351 5579 1569 5647 κρίσιν,
1614 5578 1713 5632 καὶ
1749 5578 1952 5648 ἐχόμε-

385 5662 475 5726 νοι
499 5669 692 5739 αὐτῆς
710 5669 932 5737 πάντες
957 5673 1011 5725 οι
1031 5671 1225 5738 εὑθεῖς
1254 5670 1328 5740 τῇ
1356 5671 1588 5741 καρδίᾳ.
1617 5669 1948 5742 Alcidama.

401 5761 729 5826 ’Δκολούθως
763 5762 899 5816 μετὰ
938 5763 996 5817 τὸ
1028 5762 1322 5827 διωιοάύαι
1354 5764 1443 5828 τξν
1486 5762 1841 5817 ἀποκείμενον
1877 5761 1952 5819 τῶ

2135 5391 2300 5448 Vens.
2328 5391 2415 5457 Μ,
2450 5391 2536 5446 l5.
2581 5391 2722 5458 Quia
2756 5407 2859 5445 non
2894 5389 3102 5459 repellet
3136 5386 3393 5461 Dominus
3410 5376 3631 5457 plebem.

2054 5502 2226 5548 suam,
2265 5494 2316 5540 et
2344 5482 2702 5539 Ita'reditalem
2737 5500 2889 5537 suam
2921 5499 3024 5536 non
3046 5480 3385 5553 derelinquat,
3409 5481 3620 5549 quoad.-

2057 5592 2218 5642 usque
2230 5576 2445 5644 justitia
2474 5584 2810 5628 convertatur
2839 5575 2892 5626 in
2916 5554 3206 5640 judicium,
3246 5582 3295 5623 ct
3329 5571 3419 5639 qui
3438 5569 3590 5628 adlice

2058 5677 2169 5722 rent
2203 5669 2302 5737 ipsi
2340 5684 2517 5721 omnes
2559 5668 2686 5720 recti
2730 5663 2903 5719 corde.
2937 5659 3272 5731 Diapsalma.
3316 5659 3612 5732 Postquam

2060 5771 2321 5840 paratam.
2356 5758 2626 5826 peccaturi
2692 5756 2897 5829 loream
2939 5749 3324 5820 descripserat,
3370 5749 3613 5808 ίιιιιειιιιιι
