4044 6212
492 332 630 395 12θὸ

1191 339 1465 398 EUSEBII
1504 341 1987 403 CIESARIENSIS
2020 345 2168 402 OPP.
2212 345 2392 404 PARS
2450 346 2537 405 Ill.
2567 376 2621 391 -
2678 343 3096 407 EXEGBTICA.

3597 344 3738 403 ιιοι

489 468 678 508 eorum
703 454 802 525 qui
824 463 1044 527 propter
1078 453 1248 512 Deum
1290 467 1557 514 vexantur
1601 458 1760 516 linem
1801 470 2036 516 enarrat.

2150 462 2459 534 ἁμαρτωλῷ
2490 461 2701 535 βόθρον,
2731 464 2799 517 τὰ
2828 463 3041 536 χρηστὰ
3068 462 3198 535 τέλη
3231 460 3339 517 τῶν
3371 461 3461 517 διὰ
3488 462 3579 517 τὸν
3603 463 3739 518 θεόν

486 542 753 612 Quoniam
803 546 950 603 enim
1006 563 1173 618 supra
1226 548 1434 604 dictum
1507 550 1687 606 fuerat
1735 568 1749 605 :
1791 551 2053 623 Populum

485 648 656 703 tuam,
686 636 932 701 Domine,
966 639 1397 708 Itumiliaverunt,
1431 652 1482 697 et
1517 625 1879 699 [nereditatem
1905 656 2052 699 tuam

482 737 819 792 mouerunt,
850 728 1048 784 merito
1066 728 1179 799 jam
1230 729 1503 785 ltumiliati
1553 731 1739 801 populi
1759 739 1815 787 et
1845 740 2052 788 vexatae

480 818 812 877 baereditatis
833 820 993 877 linem
1023 820 1266 877 declarat
1323 822 1408 877 bis
1436 822 1615 878 verbis
1642 838 1655 874 :
1692 821 1815 879 Non
1844 825 2050 895 repellet

478 910 739 968 Dominus
787 912 986 983 plebem
1035 931 1210 979 suam,
1241 923 1290 968 et
1341 913 1709 969 Itwreditatem
1737 932 1892 971 suam
1947 934 2050 971 non

477 1002 820 1075 derelinquet.
852 1004 1079 1062 Etiamsi
1105 1008 1252 1063 enim
1301 1006 1369 1062 ad
1419 1006 1584 1063 breve
1614 1016 1831 1080 tempus
1869 1009 2051 1082 impiis

477 1095 743 1153 concedat
764 1105 823 1151 ut
844 1097 1100 1167 populum
1135 1113 1294 1151 suum
1326 1098 1618 1153 humilient
1650 1106 1704 1154 et
1734 1107 1970 1166 vexeut;
1996 1108 2051 1155 at

477 1202 587 1243 non
620 1188 675 1243 in
707 1187 867 1243 ﬁnem
891 1203 1063 1258 usque
1089 1189 1311 1259 repellet
1337 1189 1546 1259 plebem
1574 1206 1753 1255 suam,
1784 1198 1839 1247 et
1884 1191 2053 1249 luere-

476 1276 700 1331 ditatem
734 1291 889 1331 suam
942 1276 1303 1348 derelinquat.
1351 1279 1485 1345 Qua:
1550 1281 1702 1351 plebs
1728 1321 1743 1345 ,
1781 1297 1903 1352 quae
1941 1283 2049 1338 bas.

474 1368 679 1425 reditas
711 1369 802 1423 illa
838 1370 932 1434 sit,
964 1370 1217 1424 novimus
1244 1386 1313 1425 ex
1359 1372 1463 1427 hac
1510 1388 1646 1428 voce
1690 1373 1758 1429 de
1815 1389 2049 1446 persona

473 1459 677 1514 tibristi
702 1460 914 1531 prolata
952 1477 966 1515 :
1004 1460 1228 1516 Postula
1264 1480 1296 1516 a
1343 1480 1444 1529 me,
1484 1474 1535 1519 et
1579 1465 1717 1520 dabo
1743 1466 1840 1520 tibi
1874 1478 2047 1538 gentes

470 1552 832 1607 [nereditatem
900 1564 1068 1619 tuam,
1098 1566 1146 1610 et
1189 1558 1570 1625 possessione»:
1609 1568 1757 1613 tuom
1802 1561 2047 1615 terminos

473 1662 628 1735 terra:
644 1650 710 1702 ’⁷.
734 1647 893 1706 lluuc
917 1652 1096 1723 ipsum
1119 1668 1183 1707 ex
1214 1653 1471 1723 gentibus
1504 1652 1749 1709 futurum
1784 1654 2045 1724 populum

471 1738 768 1798 Zacharias
829 1744 1088 1815 propheta
1149 1746 1481 1802 vaticinatur
1539 1746 1730 1804 dicens
1778 1762 1793 1799 :
1841 1743 2043 1809 Gaude,

2159 551 2510 624 κακουμένων
2552 553 2854 625 ὑφηγεῖται.
2900 552 3054 608 Ἐπεὶ
3080 552 3192 625 γὰρ
3220 552 3308 607 διὰ
3338 552 3447 607 τῶν
3479 554 3737 626 ἀνωτέρω

2156 643 2361 715 εἴρητο,
2402 642 2513 699 Τὸν
2553 645 2706 698 λαόν
2731 660 2868 709 σου,
2918 645 3110 711 Κύριε,
3148 643 3580 705 ἐταπείνωσαν,
3634 643 3736 696 και

2156 734 2274 803 τὴν
2294 735 2705 804 κληρονομίαν
2745 751 2861 790 σου
2895 733 3235 799 ἐκάκωσαν,
3283 733 3508 797 εἰκότως
3540 733 3636 788 νῦν
3668 736 3738 789 τὰ

2155 827 2283 898 τέλη
2333 828 2427 881 τοῦ
2476 827 2895 898 ταπεινουμένου
2943 826 3074 881 λαοῦ
3120 822 3214 880 καὶ
3247 826 3350 896 τῆς
3390 826 3739 898 κακουμένης

2156 917 2519 989 κληρονομίας
2556 918 2856 990 παρίστησι
2898 917 3100 986 λέγων’
3130 918 3251 972 Οὐκ
3287 915 3589 972 ἀπώσεται
3616 919 3736 971 Κύ-

2146 1027 2280 1079 ριος
2309 1010 2418 1065 τὸν
2442 1010 2597 1065 λαὸν
2618 1011 2825 1076 αὑτοῦ,
2853 1010 2950 1064 καὶ
2978 1008 3094 1079 τὴν
3121 1010 3527 1079 κληρονομίαν
3545 1008 3737 1065 αὐτοῦ

2155 1104 2267 1158 οὐκ
2309 1103 2750 1174 ἐγκαταλείψει.
2799 1103 2863 1157 El
2906 1102 3017 1174 γὰρ
3043 1102 3139 1155 καὶ⁵
3185 1102 3322 1175 πρὸς
3366 1100 3573 1173 βραχύν
3611 1117 3736 1155 τινα

2155 1192 2345 1264 καιρόν
2383 1192 2669 1266 ἐπιτρέπει
2701 1194 2814 1256 τοῖς
2859 1191 3078 1246 ἀσεϐέσι
3117 1191 3415 1264 συγχωρῶν
3443 1186 3737 1246 ταπεινοῦν

2156 1285 2247 1338 καὶ
2266 1284 2470 1339 κακοῦν
2506 1285 2596 1338 τὸν
2627 1283 2752 1337 λαδν
2794 1282 2977 1348 αὐτοῦ,
3011 1282 3125 1338 ἀλλ’
3148 1284 3249 1337 οὐκ
3280 1286 3360 1348 εἰς
3399 1282 3549 1348 τέλος
3573 1284 3733 1337 ἀπώ-

2156 1395 2308 1433 σεται
2340 1377 2431 1432 τὸν
2456 1376 2584 1431 λαὸν
2608 1373 2795 1440 αὐτοῦ,
2827 1374 2946 1429 οὐδὲ
2967 1375 3067 1447 τὴν
3093 1374 3455 1447 κληρονομίαν
3479 1374 3734 1431 καταλείο

2152 1471 2264 1542 ψει.
2292 1471 2449 1524 Ποῖον
2488 1470 2546 1523 δὲ
2582 1468 2708 1523 λαὸν
2735 1468 2831 1523 καὶ
2869 1467 3026 1523 ποίαν
3062 1467 3445 1540 κληρονομίαν,
3484 1467 3732 1540 ἔγνωμεν

2153 1547 2261 1619 ἀπδ
2289 1563 2388 1633 τῆς
2416 1565 2497 1626 είς
2522 1552 2810 1633 πρόσωπον
2837 1560 2934 1613 τοῦ
2958 1559 3193 1633 Χριστοῦ
3216 1559 3478 1630 λεγούσης
3510 1559 3692 1632 φωνῆς
3709 1576 3724 1589 ·

2152 1650 2405 1718 Almo-at
2431 1651 2566 1719 παρ’
2586 1648 2735 1719 ἐμοῦ
2759 1648 2857 1703 καί
2882 1648 3053 1703 δώσω
3078 1665 3177 1704 σοι
3198 1648 3345 1718 ἔθνη
3369 1648 3485 1718 τὴν
3511 1654 3730 1718 κληρο-

2151 1740 2368 1811 νομίαν
2395 1755 2532 1802 σου,
2567 1739 2665 1792 καὶ
2701 1738 2815 1808 τὴν
2845 1739 3221 1810 κατάσχεσιν
3249 1752 3366 1794 σου
3400 1739 3472 1794 τὰ
3502 1739 3731 1809 πέρατα

474 1832 719 1898 multum,
744 1835 864 1904 [ilia
890 1834 1018 1891 Sion
1043 1838 1343 1908 :prmdica,
1374 1839 1491 1907 ﬁlia
1521 1837 1821 1894 Jerusalem
1850 1853 1869 1891 :
1915 1836 2036 1891 licet

2151 1828 2259 1899 τῆς
2281 1827 2415 1900 γῆς.
2451 1828 2555 1883 Τὸν
2600 1829 2761 1882 αὑτὸν
2791 1829 2847 1882 δὲ
2879 1829 3024 1897 λαὸν,
3057 1825 3149 1883 τὸν
3177 1826 3239 1894 ἐξ
3269 1828 3459 1895 ἐθνῶν,
3495 1830 3589 1884 καὶ
3623 1832 3732 1884 Ζα-

470 1940 564 1992 ego
591 1926 757 1990 neuio,
792 1937 843 1982 et
880 1927 1130 1983 habitabo
1159 1930 1213 1983 in
1262 1929 1430 1985 medio
1463 1931 1562 1995 tui,
1597 1930 1727 1984 dicit
1759 1929 2042 1984 Dominus.

473 2014 543 2068 Et
565 2018 863 2089 confugient
884 2031 1058 2090 gentes
1092 2021 1275 2076 multa:
1326 2021 1397 2075 ad
1436 2020 1723 2077 Dominum
1757 2036 1777 2075 :
1808 2029 1857 2076 et
1887 2028 2045 2076 erunt

473 2106 686 2162 nti/tiin
733 2111 1002 2178 populum,
1023 2121 1072 2165 et
1118 2129 1211 2184 ego
1258 2128 1348 2169 ero
1397 2114 1563 2168 eisin
1614 2109 2045 2168 Deum“.llunc

472 2198 643 2269 igitur
670 2213 929 2272 populum
959 2221 1119 2260 suum
1152 2221 1259 2262 non
1285 2206 1508 2276 repellet
1534 2204 1817 2269 Dominus,
1847 2213 1903 2260 et
1930 2202 2043 2258 bte-

472 2292 764 2348 reditatem
823 2311 979 2352 suam
1040 2313 1150 2352 non
1196 2297 1564 2369 derelinquet,
1611 2297 1786 2353 donec
1826 2296 2040 2367 justitia

471 2394 819 2440 convertatur
859 2386 915 2441 in
946 2385 1239 2456 judicium.
1276 2388 1408 2443 Nam
1452 2403 1518 2443 eo
1557 2402 1732 2459 usque
1777 2386 2036 2458 populum

471 2493 632 2533 suum
660 2477 1144 2551 hereditatemque
1175 2497 1331 2537 suam
1358 2481 1651 2545 custodiet,
1683 2479 1856 2533 donec
1882 2477 2041 2547 justi-

470 2572 545 2625 tia
570 2570 664 2626 Dei
684 2582 969 2628 convertat
1003 2589 1083 2638 se,
1111 2574 1361 2629 laborum
1399 2574 1623 2645 praemia
1657 2571 1725 2626 iis
1769 2570 1864 2641 qui
1902 2568 2038 2623 bene

467 2659 866 2718 decertaverint
899 2663 1199 2718 redditura.
1242 2664 1347 2731 Qui
1394 2679 1522 2721 vero
1545 2662 1775 2734 justitia:
1812 2660 1907 2717 Dei
1938 2660 2032 2715 adv

467 2751 700 2821 haerent,
744 2757 991 2825 proxime
1051 2755 1203 2811 illum
1263 2756 1507 2821 stabunt,
1536 2772 1568 2810 a
1615 2754 1824 2811 dextris
1873 2751 2037 2823 Regis

464 2847 869 2914 constituendi;
901 2854 1088 2919 utpote
1145 2849 1239 2920 qui
1292 2856 1447 2905 recto
1492 2858 1548 2905 et
1597 2847 1814 2903 sincero
1872 2844 2038 2902 corde

465 2939 817 3019 tueriut,nec
845 2942 902 2995 in
958 2940 1199 2996 animam
1230 2941 1510 3013 quidpiam
1572 2953 1892 3012 perversum
1942 2944 2039 2996 aut

465 3042 773 3092 tortuosum
800 3035 1141 3103 advexerint,
1172 3035 1228 3093 in
1259 3037 1375 3094 sola
1406 3043 1587 3105 autem
1611 3040 1760 3091 recta
1792 3047 1855 3089 ac
1887 3031 2037 3103 regia

462 3128 551 3182 via
583 3128 932 3190 incesserint.

2146 1921 2344 1996 χαρίας
2364 1923 2393 1975 ό
2424 1922 2709 1993 προφήτης
2745 1919 2988 1984 θεσπίζει
3032 1920 3237 1989 λέγων’
3260 1920 3436 1990 Χαζοε
3466 1920 3727 1991 σφόδρα,

2145 2019 2399 2088 θύγατερ
2452 2014 2632 2070 Σιών·
2663 2016 2969 2085 κήρυσσε,
3011 2018 3261 2088 θύγατερ
3298 2018 3728 2089 Ἰερουσαλήιμ

2147 2109 2275 2164 ιδοὺ
2302 2107 2694 2179 ἐγὼὲρχυμαι,
2722 2109 2818 2163 καὶ
2845 2108 3290 2177 κατασκηνώσω
3306 2110 3376 2164 ἐν
3391 2108 3560 2181 μέσῳ
3584 2127 3727 2176 σου,

2145 2201 2307 2271 λέγει
2352 2203 2592 2270 Κύριος.
2644 2200 2752 2256 Kal
2806 2199 3280 2270 καταφεύξονται
3329 2202 3472 2271 ἔθνη
3523 2204 3728 2258 πολλὰ

2146 2294 2245 2349 ἐπὶ
2273 2293 2382 2349 τὸν
2407 2294 2658 2363 Κύριον
2687 2292 2788 2348 καὶ
2817 2293 3062 2349 ἔσονταί
3099 2311 3202 2365 μοι
3230 2297 3319 2361 εἰς
3348 2293 3521 2359 λαὸν,
3562 2295 3730 2366 κάγὼ

2145 2386 2359 2457 ἔσομαι
2377 2385 2583 2453 αὐτοῖς
2605 2388 2693 2452 είς
2723 2386 2891 2443 Θεόν.
2921 2385 3121 2441 Τοῦτον
3145 2386 3323 2441 τοίνυν
3354 2384 3446 2441 τὸν
3476 2387 3602 2442 λαὸν
3627 2386 3727 2444 αὖα

2146 2478 2245 2532 τοῦ
2274 2478 2374 2532 οὑκ
2404 2477 2681 2533 ἀπώσεται
2708 2476 2929 2550 Κύριος,
2957 2477 3078 2531 οὐδὲ
3107 2477 3206 2550 τὴν
3237 2478 3600 2551 κληρονομίαν
3627 2482 3727 2535 a6-

2140 2571 2236 2625 τοῦ
2281 2570 2681 2641 ἐγκαταλείψει,
2734 2570 2839 2634 ἓως
2874 2564 2935 2625 οὗ
2968 2556 3276 2644 δικαιοσύνη
3308 2570 3610 2645 ἐπιστρέψῃ
3642 2573 3724 2637 είς

2143 2663 2341 2736 κρίσιν.
2371 2661 2549 2734 Μέχρι
2582 2661 2691 2734 γὰρ
2711 2660 2901 2716 τούτου
2932 2661 3157 2732 φυλάξει
3182 2663 3275 2717 τὸν
3294 2661 3419 2716 λαὸν
3438 2663 3608 2717 αὐτοῦ
3628 2665 3724 2718 καὶ

2140 2755 2239 2828 τὴν
2260 2754 2620 2827 κληρονομίαν
2647 2752 2835 2820 αὑτοῦ,
2862 2754 2966 2818 ἕως
2991 2754 3057 2810 ἂν
3079 2754 3380 2829 ἐπιστρέψῃ
3406 2756 3440 2826 ﬂ
3469 2755 3567 2809 τοῦ
3583 2755 3721 2810 Θεοῦ

2128 2846 2475 2917 δικαιοσύνη,
2519 2844 2589 2898 τὰ
2629 2843 2836 2898 ἔπαθλα
2869 2843 2978 2898 τῶν
3017 2843 3194 2899 πόνων
3222 2844 3578 2902 ἀποδώσουσα
3605 2848 3723 2912 τοῖς

2143 2937 2321 3002 καλῶς
2342 2936 2756 3008 ἠγωνισμένοις.
2790 2936 2855 2989 οι
2890 2934 2948 2987 δὲ
2978 2936 3224 3006 ἐχόμενοι
3256 2937 3355 3007 τῆς
3375 2936 3724 3010 δικαιοσύνης

2140 3030 2233 3085 τοῦ
2256 3029 2391 3084 Θεοῦ
2415 3030 2643 3101 πλησίον
2671 3028 2835 3083 αὐτοῦ
2863 3030 3150 3101 στήσονται
3185 3030 3243 3081 ὲν
3273 3031 3386 3093 τοῖς
3409 3029 3604 3095 δεξιοῖς
3621 3030 3721 3083 τοῦ

2063 3118 2106 3177 C
2141 3121 2402 3193 βασιλέως
2433 3121 2963 3192 καταταγησόμενοι·
2999 3121 3094 3176 ἆτε
3124 3119 3187 3193 δὴ
3219 3120 3369 3192 ὀρθοὶ
3405 3123 3501 3176 καὶ
3541 3120 3722 3185 εὐθεῖς

462 3220 741 3291 γενόμενοι
781 3223 847 3293 τῇ
883 3222 1099 3293 καρδίᾳ,
1148 3223 1244 3277 καὶ
1295 3222 1457 3295 μηδὲν
1498 3224 1565 3294 τῇ
1623 3220 1767 3292 ψυχῇ
1822 3216 2053 3281 σκολιὸν,
2118 3216 2253 3288 μηδὲ
2311 3214 2555 3285 σκαμὸὸν
2590 3215 3029 3286 ὲπενηνεγμένοι,
3069 3214 3235 3286 μόνην
3269 3215 3326 3269 δὲ
3365 3214 3466 3287 τὴν
3502 3214 3722 3269 εὐθεῖαν

462 3317 557 3372 καὶ
590 3316 874 3389 βασιλικὴν
896 3316 1013 3373 ὀδόν
1048 3318 1408 3389 βεὸαδικότες.

533 3431 702 3489 Vens.
744 3432 932 3489 16-18.
967 3433 1097 3501 Quis
1132 3444 1408 3507 consurget
1455 3435 1583 3488 mihi
1639 3433 1888 3487 adrersus
1918 3447 2033 3484 ma-

462 3523 740 3596 lignantes,
773 3534 866 3579 aut
890 3526 1006 3591 quis
1037 3526 1200 3580 stabit
1254 3542 1452 3580 mecum
1482 3527 1733 3579 adrersus
1761 3532 2032 3594 operantes

459 3616 836 3686 iniquitatem?
867 3615 991 3670 Nisi
1041 3617 1167 3687 quia
1202 3616 1459 3671 Dominus
1489 3616 1692 3685 adjuvit
1722 3632 1823 3677 me.
1872 3614 2033 3684 paulo

459 3708 635 3761 minus
665 3705 956 3762 habitasset
982 3709 1034 3762 in
1057 3708 1261 3779 inferno
1285 3712 1468 3764 anima
1501 3726 1635 3764 utea.
1670 3708 1729 3764 Si
1752 3707 1987 3763 dicebam
2010 3723 2029 3761 :

459 3797 639 3854 Holus
677 3808 755 3853 est
783 3812 873 3867 pes
917 3816 1085 3868 utens,
1115 3798 1483 3855 misericordia
1523 3810 1635 3864 tua,
1658 3799 1901 3864 Domine,
1935 3798 2032 3853 ad-

452 3888 676 3959 iuvabat
699 3905 797 3942 me.
835 3887 1222 3959 Diapsalmatis
1248 3889 1534 3945 distinctio
1565 3905 1816 3961 magnam
1852 3888 2032 3944 attulit

458 3981 743 4035 sententiae
772 3981 1153 4035 mutationem.
1206 3981 1343 4036 Nam
1374 3983 1532 4052 quasi
1565 3982 1748 4053 priore
1779 3981 2031 4037 absoluto

457 4085 732 4137 sermone,
762 4087 863 4127 ceu
885 4072 1033 4127 aliud
1058 4073 1344 4128 exordium
1368 4073 1575 4127 ducens
1600 4074 1676 4126 ait
1707 4089 1722 4125 :
1752 4072 1884 4140 Quis
1914 4089 2031 4125 con-

457 4173 635 4235 surget
667 4164 796 4219 mihi
829 4162 1077 4219 adversus
1105 4164 1498 4235 malignantes?
1521 4163 1678 4227 Nam,
1724 4164 1921 4233 inquit,
1963 4178 2028 4218 ex

457 4251 695 4326 Spiritus
717 4256 893 4312 sancti
918 4255 1168 4314 doctrina
1217 4255 1566 4320 edidicimus,
1600 4254 1767 4311 Deum
1805 4255 2029 4312 ultionis

454 4365 578 4406 esse
600 4348 917 4413 Dominum,
968 4365 1032 4404 ac
1069 4349 1410 4406 redditurum
1442 4365 1565 4406 esse
1613 4350 2026 4405 retributionem

453 4440 730 4511 superbis,
767 4447 823 4496 et
853 4440 1097 4495 futurum
1127 4455 1250 4496 esse
1283 4448 1342 4495 ut
1376 4439 1617 4495 fodiatur
1645 4438 1914 4510 peecatori
1945 4436 2029 4493 fo—

453 4546 574 4596 vea,
606 4547 782 4604 neque
807 4549 1048 4604 unquam
1100 4542 1422 4590 eventurum
1453 4541 1513 4588 ut
1568 4532 1794 4603 repellat
1844 4530 2030 4587 Domi-

453 4638 559 4680 Ilus
590 4626 803 4695 plebem
851 4642 1032 4691 suam,
1065 4625 1148 4681 vel
1204 4626 1579 4681 ltaareditatem
1614 4638 1769 4680 suam
1790 4624 2027 4680 derelin-

2208 3422 2303 3489 τίς
2345 3419 2756 3487 ἀναστήσεται
2805 3437 2905 3491 μοι
2945 3420 3047 3475 ἐπὶ
3092 3422 3628 3494 πονηρευομένους,
3672 3426 3713 3497 ᾖ

2131 3516 2213 3582 τίς
2258 3510 2839 3584 συμπαραστήσεταί
2856 3530 2961 3583 μοι
2990 3514 3088 3568 ἐπὶ
3111 3515 3253 3582 τοὺς
3290 3515 3714 3588 ἐργαζομένους

2133 3607 2247 3676 τὴν
2289 3606 2580 3675 ἀνομίαν;
2626 3608 2698 3660 El
2737 3605 2823 3677 μὴ
2868 3600 2959 3660 ὅτι
3010 3607 3223 3676 Κύριος
3259 3608 3545 3676 ἐϐοήθησέ
3576 3629 3704 3680 μοι,

2132 3700 2295 3768 παρὰ
2320 3698 2523 3768 βραχὺ
2562 3696 2883 3766 παρῴκησε
2945 3698 3023 3765 τῷ
3054 3698 3169 3768 ᾄδῃ
3202 3701 3240 3768 ἡ
3275 3701 3442 3771 ψυχή
3473 3721 3610 3772 μου.
3633 3708 3706 3758 ει

2130 3788 2729 3861 ἐλεγον,Σεσὰλευτιιι
2747 3794 2779 3844 ὁ
2790 3789 2943 3857 ποῦς
2954 3809 3091 3860 μου,
3107 3791 3170 3845 τὸ
3185 3792 3359 3859 ἔλεός
3374 3796 3710 3863 σου.Κύριε,

2128 3883 2357 3954 ἐϐοήθει
2375 3901 2496 3953 μοι.
2536 3883 2600 3936 Ἦ
2625 3881 2766 3936 κατά
2788 3880 2849 3935 τδ
2874 3882 3150 3955 διάψσλμα
3175 3879 3429 3958 διαστολὴ
3452 3866 3714 3958 πλείστην

2131 3974 2344 4044 καὶτῆς
2375 3974 2609 4039 διανοίας
2631 3974 2924 4047 ἐποιήσατο
2954 3975 3277 4050 μεταὸολήν.
3319 3976 3409 4042 Ὧς
3437 3980 3543 4051 γὰρ
3573 3982 3716 4050 σύμ-

2130 4066 2506 4138 πληρωθέντος
2530 4065 2624 4120 τοῦ
2672 4067 2939 4139 προτέρου
2972 4067 3130 4137 λόγου
3175 4071 3268 4140 ἀφ’
3300 4071 3495 4143 ἑτέρας
3535 4072 3715 4143 app};

2129 4176 2261 4230 φησι
2281 4176 2295 4189 ·
2330 4161 2425 4227 Τίς
2454 4158 2865 4226 ἀναστήσεταί
2891 4178 2992 4230 μοι
3022 4161 3120 4215 ἐπὶ
3154 4164 3716 4234 amoenis-auc;

2132 4250 2529 4323 μεμαθήκαμεν
2556 4252 2687 4323 γὰρ,
2720 4246 2905 4322 φησὶν,
2942 4251 3051 4305 ἀπὸ
3088 4253 3187 4325 τῆς
3225 4254 3319 4308 τοῦ
3350 4253 3495 4309 θείου
3539 4255 3719 4310 Πνεύ-

2130 4357 2299 4414 ματος
2324 4342 2688 4406 διδασκαλίας,
2715 4342 2794 4397 ὃτι
2826 4342 2959 4408 Θεὸς
2986 4343 3315 4417 ἐκδικήσεὼν
3336 4347 3447 4400 ἐστι
3483 4347 3713 4420 Κύριος,

2125 4436 2221 4490 καὶ
2250 4436 2333 4490 ὄτι
2366 4433 2636 4490 ἀποδώσει
2660 4436 3017 4491 ἀνταπόδοσιν
3041 4440 3153 4501 τοῖς
3179 4438 3545 4511 ὑπερηφάνοις
3563 4456 3579 4470 ·
3614 4442 3715 4494 καὶ

2124 4530 2206 4582 ὅτι
2256 4529 2586 4601 όρυγήσεται
2640 4528 2716 4600 τῷ
2747 4528 3055 4601 ἁμαρτωλῷ
3089 4529 3278 4602 βόθρος
3300 4547 3315 4561 ο
3350 4532 3444 4585 καὶ
3483 4532 3564 4585 δτι
3608 4533 3716 4587 οὐκ

2127 4619 2408 4677 ἀπώσεται
2436 4621 2528 4675 τὸν
2557 4604 2902 4684 λαὸνάὐτοῦ,
2933 4620 3053 4675 οὐδὲ
3083 4622 3181 4693 τὴν
3214 4623 3574 4695 κληρονομίαν
3617 4626 3719 4680 αὐ·-

453 4723 617 4787 quat;
652 4716 750 4771 sed
784 4717 840 4771 in
880 4717 986 4774 ﬁne
1028 4733 1232 4781 rerum,
1269 4718 1489 4787 quando
1535 4732 1834 4774 conversus
1865 4716 2029 4773 fuerit

2137 4714 2223 4770 τοῦ
2248 4714 2563 4785 καταλείψει
2585 4729 2598 4742 ·
2623 4714 2734 4769 ἀλλ’
2765 4715 2857 4767 ἐπὶ
2886 4715 3029 4769 τέλει
3052 4714 3161 4768 τῶν
3184 4717 3539 4788 πραγμάτων,
3568 4719 3715 4773 ἐπὰν

454 4806 688 4877 populus
743 4806 799 4862 in
841 4807 1129 4878 judicium.
1166 4807 1504 4864 redditurum
1552 4823 1675 4864 esse
1728 4807 2023 4877 unicuique

454 4894 755 4952 mundum
785 4912 949 4967 opera
984 4914 1107 4962 sua,
1142 4912 1207 4952 ac
1258 4898 1499 4952 futurum
1541 4897 1706 4953 etiam
1738 4904 1795 4950 ut
1828 4912 2021 4952 omnes

453 4987 588 5043 recti
616 4988 779 5045 corde
802 4996 947 5045 stent
973 5005 1003 5044 a
1025 4990 1235 5045 dextris
1259 4999 1313 5046 et
1363 5006 1529 5062 prope
1552 4990 1826 5060 justitiam
1872 4990 2019 5059 ejus,

448 5096 576 5139 cum
604 5080 731 5153 ipso
759 5079 986 5139 Domino
1007 5084 1063 5138 in
1099 5098 1266 5155 regno
1300 5084 1564 5139 oculorum
1612 5081 2022 5145 commoraturi,

450 5190 545 5246 per
570 5181 742 5229 totam
770 5172 938 5228 vitam
972 5189 1126 5230 suam
1161 5191 1286 5230 cum
1333 5175 1452 5247 ipso
1494 5174 1684 5230 futuri.
1717 5172 1843 5229 Haec
1897 5190 2021 5231 cre~

448 5264 584 5332 didi,
618 5264 736 5321 haec
762 5263 1036 5320 credendo
1057 5267 1487 5324 consolationem
1510 5266 1718 5339 accepi.
1743 5266 1814 5321 At
1841 5266 2014 5322 inter-

447 5369 513 5410 ea
543 5356 671 5428 quis
720 5356 826 5411 hoc
867 5361 1112 5427 tempore
1160 5373 1261 5428 pro
1309 5373 1397 5414 me
1444 5358 1609 5414 stabit
1638 5367 1830 5415 contra
1864 5359 2025 5414 mali-

447 5445 721 5514 gnantes?
750 5452 847 5501 aut
867 5446 995 5518 quis
1016 5447 1163 5502 ultor
1193 5446 1369 5503 aderit
1400 5447 1537 5502 mihi
1561 5455 1756 5505 contra
1791 5463 2024 5520 operan-

449 5545 534 5591 tes
581 5536 927 5609 iniquitatem
951 5540 977 5595 ?
1000 5539 1073 5595 At
1103 5540 1247 5595 enim
1272 5555 1399 5594 vera
1451 5542 1763 5596 conﬁtendo
1820 5542 2019 5608 dicam,

450 5629 723 5684 ncnuinem
758 5647 844 5686 me
873 5632 1174 5700 adjutorcm
1198 5631 1342 5687 inter
1368 5631 1616 5687 homines
1647 5633 2021 5700 inventurum,

522 5781 840 5857 "Psaldt,
867 5787 922 5843 8.
996 5788 1043 5825 δ’
1071 5786 1299 5846 laenam
1340 5803 1398 5860 ιι,
1424 5789 1522 5859 ιο,
1560 5790 1641 5850 ll.

2129 4807 2433 4881 ἐπιστρέψῃ
2461 4809 2489 4860 ὁ
2522 4805 2649 4871 λαὸς
2681 4809 2760 4870 είς
2789 4807 2989 4878 κρίσιν,
3023 4806 3292 4862 ἀποδώσει
3314 4808 3526 4880 ἑκάστῳ
3564 4812 3713 4865 κατᾶ

2128 4896 2197 4951 τὰ
2224 4896 2359 4969 ἔργα
2391 4896 2556 4952 αὑτοῦ
2574 4914 2589 4927 ·
2621 4899 2714 4952 καὶ
2734 4898 2809 4962 ὡς
2840 4897 3002 4965 δεξιοὶ
3030 4900 3313 4970 στήσονται
3357 4898 3581 4972 πλησίον
3611 4903 3716 4973 τῆς

2127 4990 2290 5043 αὑτοῦ
2332 4989 2678 5062 δικαιοσύνης
2720 4991 2918 5056 πάντες
2951 4990 3001 5044 οἱ
3048 4990 3224 5057 εὐθεῖς
3264 4995 3331 5064 τῇ
3374 4992 3572 5063 καρδίᾳ
3613 4994 3716 5046 σὺν

2124 5081 2275 5154 αύτῷ
2302 5082 2379 5154 τῷ
2402 5083 2590 5155 Κυρίῳ
2609 5083 2708 5147 τὰς
2735 5081 3015 5156 διατριϐὰς
3037 5086 3094 5138 ὲν
3120 5086 3186 5156 τῇ
3221 5083 3465 5156 βασιλείᾳ
3494 5083 3606 5137 τῶν
3627 5085 3716 5138 at}-

2130 5173 2303 5245 ρανῶν
2337 5173 2705 5245 ποιησόμενοι,
2734 5171 2829 5229 καὶ
2853 5176 3033 5228 πᾶσαν
3063 5174 3242 5229 αὐτῶν
3271 5174 3368 5246 τὴν
3393 5172 3535 5246 ζωὴν
3556 5174 3713 5246 αὖτῷ

2126 5267 2623 5341 παραστησόμενοι.
2655 5265 2877 5331 Τούτοις
2907 5267 3005 5339 μὲν
3029 5264 3122 5322 οὖν
3154 5266 3469 5332 ἐπίστευσα,
3493 5267 3588 5321 καὶ
3621 5285 3702 5320 πι-

2128 5359 2355 5425 στεύσας
2386 5359 2755 5433 παρεκλήθην.
2793 5359 2953 5414 Ἀλλὰ
2975 5360 3112 5425 τέως
3143 5359 3283 5414 κατὰ
3310 5362 3402 5414 τὸν
3434 5360 3708 5415 ἐνεστῶτα

2126 5452 2315 5523 καιρὸν
2338 5451 2423 5516 τίς
2464 5452 2604 5524 ὑπὲρ
2628 5454 2762 5524 ὲμου
2795 5453 3049 5525 στήσεται
3090 5452 3231 5507 κατὰ
3261 5453 3370 5507 τῶν
3406 5470 3705 5526 πονηρευο-

2129 5543 2332 5613 μὲνων;
2360 5545 2392 5617 ἦ
2418 5546 2501 5611 τίς
2528 5545 2737 5610 ἔκδικος
2764 5545 3287 5618 συμπαραστήσεταί
3316 5565 3406 5618 μοι
3446 5546 3540 5601 ἐπὶ
3577 5549 3705 5612 τοὺς

2125 5634 2523 5709 ἐργαζομένους
2570 5637 2667 5710 τὴν
2715 5638 2974 5710 ἀνομίαν;
3028 5638 3188 5694 Ἀλλὰ
3225 5638 3332 5711 γὰρ
3381 5639 3586 5714 εἴποιμ’
3635 5638 3707 5697 ἂν
