3990 6202
291 291 434 366 ius
1443 308 1940 369 εοιιιιεΝτΑιιιΑ
1979 310 2044 365 IN
2082 309 2416 369 nsanos.
3387 314 3525 371 nos

293 423 566 494 Ξμολογῶν
591 423 816 497 τάληθῆ,
847 426 1043 498 μηδένα
1075 426 1263 500 βοηθὸν
1288 427 1344 480 ἐν
1370 423 1672 500 ἀνθρώποις
1697 427 1860 498 εὑρή-

1965 440 2240 496 unumque
2267 433 2476 479 tantum
2509 426 2907 491 auxiliatorem,
2957 425 3244 482 Dominum
3293 427 3523 492 scilicet,

291 528 409 566 σειν
432 512 672 585 ἐμαυτῷ,
710 515 805 568 ἒνα
828 513 883 568 δὲ
911 515 1068 586 μόνον
1107 517 1392 586 ἐπίκουρον
1429 513 1746 586 κεκτῆσθαι,
1769 514 1861 568 τὸν

1967 523 2250 569 nacturum
2281 531 2405 572 esse
2433 535 2446 570 :
2479 516 2570 586 qui
2600 517 2708 572 nisi
2735 516 2865 570 mihi
2889 516 3186 587 Opitulatus
3217 527 3384 582 esset,
3409 518 3524 589 jam

295 607 521 678 Κύριον.
547 606 604 670 ὃς
641 609 691 660 εί
718 605 792 679 μὴ
841 606 1159 680 βεϐοηθήκει
1187 625 1296 680 μοι,
1326 607 1490 662 πάλαι
1530 607 1593 662 ἂν
1619 607 1724 661 ὑπὸ
1755 607 1862 660 τῶν

1965 604 2173 676 pridem
2207 621 2239 658 a
2270 605 2692 676 malignantibus
2713 613 2766 660 et
2795 605 3150 676 operantibus
3183 607 3525 678 iniquitatem

292 698 738 770 πονηρευομένων
763 698 985 753 καὶτῶν
1011 699 1389 772 ἐργαζομένων
1407 701 1506 771 τὴν
1529 699 1756 772 ἀνομίαν
1780 716 1865 752 νε-

1968 695 2243 760 devictus,
2267 697 2322 750 in
2367 695 2585 752 inferno
2609 696 2962 761 habitassem,
3013 699 3300 770 animaque
3327 714 3443 754 mea
3473 708 3527 756 et

297 790 584 862 νικημένος
628 792 704 863 τῷ
729 793 828 866 ᾄδῃ
869 793 1176 866 παρῴκουν,
1214 795 1383 865 αὐτῆς
1423 809 1525 864 μου
1555 793 1654 864 τῆς
1689 792 1864 864 ψυχῆς

1965 787 2054 841 illa
2086 787 2423 843 rationabilis
2442 788 2510 842 ad
2533 787 2822 860 imaginem
2847 789 2942 845 Dei
2963 789 3238 846 ellormata
3267 792 3525 846 substan-

293 881 513 952 καὶτῆς
535 881 776 955 λογικῆς,
803 887 898 940 καὶ
936 886 1036 956 τῆς
1061 887 1180 938 κατ’
1205 885 1388 939 εἰκόνα
1412 881 1548 938 Θεοῦ
1571 885 1865 956 γενομένης

1963 879 2060 940 tia,
2111 889 2341 932 mortem
2396 887 2452 934 et
2517 879 2786 934 infernum
2843 881 2898 935 in
2947 881 3280 938 domicilium
3334 885 3526 938 sortita

291 971 501 1037 ούσίας,
521 973 610 1029 τὸν
637 975 860 1030 θάνατον
884 975 979 1030 καὶ
1002 975 1092 1030 τὸν
1107 975 1238 1048 ᾅδην
1262 976 1574 1048 οἰκητήριον
1597 973 1866 1046 λαχούσης

1963 975 2126 1023 esset.
2162 967 2286 1024 llaec
2327 984 2460 1025 sane
2516 985 2712 1040 passus
2753 987 2952 1037 essem,
3009 974 3118 1030 nisi
3175 983 3361 1030 astans
3412 976 3529 1045 ipse

295 1062 460 1134 ἔχειν.
487 1064 670 1120 Ταῦτα
693 1067 737 1121 δ’
761 1063 853 1122 οὖν
893 1068 1091 1122 ἔπαθον
1116 1069 1203 1132 ἂν,
1247 1069 1296 1122 εί
1325 1067 1398 1140 μὴ
1425 1067 1587 1132 αὐτὸς
1609 1069 1638 1122 ό
1665 1065 1865 1140 Κύριος

1989 1059 2227 1116 )ominus
2273 1061 2567 1118 attxiliatus
2616 1063 2744 1116 mihi
2805 1071 2965 1120 esset.
3036 1064 3336 1136 Siquando
3365 1059 3565 1137 igitur‘

294 1156 582 1230 παραστὰς
602 1157 923 1232 βεϐοηθήκει
943 1178 1052 1232 μοι.
1083 1159 1151 1214 Εἴ
1167 1177 1296 1214 ποτε
1319 1159 1448 1230 γοῦν
1473 1158 1868 1232 πειραζόμενος

1966 1151 2020 1206 in
2047 1153 2437 1209 certaminibus
2467 1162 2737 1219 tentatus,
2815 1155 3128 1212 Inlinmtate
3175 1171 3293 1213 mea
3347 1173 3529 1212 corre~

293 1248 353 1302 ιν
375 1250 488 1314 τοῖς
533 1250 737 1320 ἀγῶσιν
773 1251 1143 1323 ἀντελαϐόμην
1180 1241 1484 1315 ἀσθενείας
1507 1251 1762 1322 ἐμαυτοῦ,
1790 1251 1866 1316 ὡς

1963 1250 2090 1312 ptus
2120 1243 2336 1308 luerim,
2370 1245 2444 1298 ita
2470 1253 2528 1300 ut
2552 1245 2852 1317 periculum
2879 1254 3026 1302 esset
3057 1263 3122 1304 ne
3137 1250 3302 1320 pedes
3335 1251 3529 1306 animm

293 1339 622 1396 κινδυνεύειν
667 1342 990 1414 σαλευθῆναι
1026 1345 1150 1408 τοὺς
1175 1343 1338 1408 πόδας
1372 1345 1470 1414 τῆς
1510 1345 1648 1417 ἐμῆς
1669 1345 1863 1418 ψυχῆς,

1965 1347 2098 1388 meae
2125 1341 2638 1402 commoverentur;
2665 1334 2842 1390 fateor
2871 1351 2958 1392 nte
2985 1337 3188 1402 statim,
3215 1351 3248 1392 ο
3281 1336 3525 1402 Domine,

291 1432 538 1502 ὁμολογῶ
562 1436 902 1508 παραχρῆμα
925 1437 1018 1490 τοῦ
1043 1437 1226 1501 ἐλέους
1252 1454 1366 1501 σου,
1391 1437 1582 1510 Κύριε,
1618 1439 1866 1510 αἴσθησιν

1965 1423 2397 1480 misericordiam
2445 1426 2687 1482 sensisse
2719 1435 2892 1491 tuam,
2935 1442 3000 1482 ac
3045 1443 3146 1498 Ope
3196 1436 3290 1484 tua
3333 1429 3526 1484 fultum

292 1524 594 1596 εἰληφέναι,
633 1527 726 1580 καὶ
752 1527 856 1580 ὑπὸ
881 1529 974 1582 σοῦ
1009 1527 1366 1601 βεϐοηθῆσθαι
1385 1546 1399 1560 ·
1438 1529 1514 1594 ὡς
1537 1531 1586 1583 εί
1613 1531 1687 1602 μὴ
1710 1531 1867 1586 τοῦτό

1967 1528 2113 1569 esse.
2142 1512 2274 1580 Quae
2302 1515 2348 1569 si
2371 1516 2504 1570 mihi
2537 1533 2645 1572 non
2703 1517 3030 1585 adfuissent,
3059 1535 3158 1574 nec
3186 1519 3349 1588 pedes
3379 1535 3529 1576 meos

298 1632 388 1686 μοι
422 1616 602 1688 παρῆν
649 1617 1007 1692 ὑποπηρίζον
1054 1637 1154 1691 μου
1195 1621 1319 1684 τοὺς
1359 1621 1541 1685 πόδας,
1591 1621 1756 1676 πάλαι
1798 1621 1865 1676 ἂν

1966 1613 2394 1674 sustentassent;
2428 1607 2536 1676 jam
2570 1609 2697 1662 olim
2717 1609 2904 1680 lapsus
2932 1625 2961 1663 a
3005 1625 3123 1664 mea
3175 1609 3316 1680 apud
3361 1617 3529 1666 testa-

292 1702 585 1776 ὁλισθήσας
631 1707 968 1763 ὲπεπτώκειν
1003 1709 1110 1763 ἀπὸ
1161 1711 1260 1782 τῆς
1293 1711 1442 1782 παρὰ
1483 1711 1566 1764 σοὶ
1603 1713 1861 1776 στάσεως.

1973 1698 2124 1752 tione
2154 1697 2496 1754 decidissent.
2567 1699 2721 1756 Nunc
2777 1711 2952 1756 autem
2998 1703 3372 1759 misericordia
3413 1709 3527 1768 tua,

295 1795 410 1850 Νῦν
515 1768 576 1852 rb
602 1799 748 1865 ἔλεός
769 1819 882 1866 σου,
909 1802 1100 1874 Κύριε,
1125 1768 1303 1856 δίδωσί
1325 1768 1412 1874 μόι
1437 1805 1746 1875 παρρησίαν

1965 1786 2213 1854 Domine,
2248 1789 2498 1844 ﬁduciam
2525 1789 2656 1846 mihi
2679 1801 2898 1860 praestat
2925 1792 2990 1846 ad
3025 1793 3137 1848 haec
3158 1793 3480 1864 proferenda
3510 1807 3532 1846 :‘

291 1884 500 1954 λέγειν*
544 1889 854 1957 Ἕστησας
901 1891 1000 1944 ἐπὶ
1049 1891 1271 1959 πέτραν
1314 1891 1452 1958 τοὺς
1499 1892 1688 1960 πόδας
1720 1911 1861 1964 μου,

1965 1877 2215 1933 Statuisti
2241 1895 2402 1949 supra
2427 1889 2630 1950 petram
2663 1881 2814 1949 pedes
2839 1899 3000 1948 mets,
3030 1895 3080 1938 et
3125 1884 3367 1940 direxisti
3391 1901 3529 1958 gres»

293 1977 395 2032 καὶ
431 1981 806 2049 κατηύθυνας
829 1983 900 2038 τὰ
935 1981 1261 2054 διαδήματά
1279 2001 1418 2054 μου.
1962 1985 2052 2023 ⁸³⁸³
2079 1986 2217 2025 ⁵³³⁸0³
2241 1971 2304 2026 "-

363 2091 525 2147 Κατὰ
552 2091 618 2146 τὸ
648 2093 881 2163 πλῆθος
909 2093 1028 2149 τῶν
1050 2093 1282 2149 ὀδυνῶν
1302 2113 1421 2164 μου
1441 2096 1512 2150 ἐν
1546 2095 1621 2166 τῇ
1647 2096 1858 2168 καρδίᾳ

2033 2080 2203 2139 Vens.
2239 2081 2326 2138 l9.
2359 2081 2657 2138 Secundum
2689 2084 3080 2141 multitudinea:
3116 2085 3360 2140 dolorum
3391 2103 3532 2143 meo-

281 2203 410 2255 μου
447 2187 508 2240 αἱ
555 2185 964 2255 παρακλήσεις
997 2203 1113 2242 σου
1153 2188 1470 2256 ηὕφραναν
1509 2188 1626 2258 τὴν
1656 2189 1857 2259 ψυχήν

1963 2191 2082 2229 runt
2108 2175 2162 2228 in
2184 2175 2340 2230 corde
2387 2192 2522 2241 nico,
2567 2177 2947 2233 consolationes
2982 2188 3087 2234 tua:
3129 2177 3529 2249 laztiﬁcaverunt

287 2295 428 2347 μου.
463 2277 538 2332 Οὐ
579 2277 737 2350 μόνον
761 2281 874 2344 τοῖς
921 2279 1046 2333 ποσί
1075 2296 1174 2351 μου
1206 2279 1266 2334 τὸ
1313 2279 1459 2344 ἔλεός
1499 2299 1591 2334 σου
1636 2281 1863 2353 δύναμιν

1963 2267 2199 2321 animam
2245 2283 2433 2322 meam.
2463 2264 2583 2322 Non
2625 2269 2801 2324 solum
2836 2269 3064 2339 pedibus
3117 2270 3255 2326 meis
3315 2271 3529 2327 miseri-

294 2372 522 2441 παρεῖχε
549 2369 684 2442 πρὸς
719 2375 780 2426 τὸ
809 2371 883 2444 μὴ
920 2372 1264 2444 σαλευθῆναι,
1297 2373 1420 2427 οὐδὲ
1459 2373 1674 2446 μόνονὴ
1713 2374 1863 2446 παρὰ

1963 2359 2150 2414 cordia
2180 2365 2272 2412 tua
2303 2359 2448 2414 vires
2483 2357 2712 2422 addidit,
2743 2368 2802 2414 ut
2847 2375 2955 2415 non
3001 2371 3476 2418 commoverentur
3512 2404 3525 2417 .

295 2461 390 2516 σοῦ
416 2462 635 2536 βοήθεια
656 2464 772 2536 ’τὴν
797 2464 933 2537 ἐμὴν
971 2465 1295 2537 κατεκράτει
1327 2465 1506 2538 ψυχὴν
1548 2467 1680 2538 πρὸς
1703 2465 1763 2520 τὸ
1788 2467 1862 2540 μὴ

1962 2468 2137 2523 neque
2169 2451 2545 2506 tantummodo
2588 2452 2847 2506 auxilium
2879 2462 3029 2507 tuum
3077 2455 3312 2510 animam
3353 2471 3527 2512 meam

295 2553 628 2626 παροικῆσαι
660 2554 736 2628 τῷ
761 2553 861 2628 ᾄδῃ
882 2572 896 2586 ·
924 2555 1060 2610 ἀλλὰ
1083 2557 1174 2610 καὶ
1217 2555 1284 2622 ἃς
1323 2556 1516 2630 ἔφερον
1542 2559 1598 2611 ὲν
1623 2559 1688 2628 τῇ
1729 2574 1865 2628 καρ-

1961 2543 2268 2614 occupavit,
2309 2551 2368 2596 ut
2413 2559 2520 2598 non
2555 2543 2821 2598 habitaret
2861 2544 2918 2600 in
2958 2543 3208 2612 inferno;
3241 2546 3337 2602 sed
3364 2547 3527 2604 etiam

289 2644 380 2718 δίᾳ
407 2662 508 2717 μου
523 2645 734 2710 ὀδύνας,
756 2647 812 2700 αἱ
835 2645 986 2718 παρὰ
1007 2646 1101 2700 σοῦ
1118 2647 1488 2719 παρακλήσεις
1512 2647 1860 2720 ἐθεράπευον,

1961 2636 2200 2698 dolores,
2223 2650 2361 2704 quos
2387 2635 2442 2689 in
2477 2634 2640 2690 corde
2681 2652 2800 2690 meo
2835 2637 2954 2701 tuli,
3001 2639 3401 2695 consolationes
3425 2648 3529 2693 tuae

289 2737 588 2811 ἀπορρήτῳ
617 2737 842 2808 δυνάμει
867 2737 964 2809 τῆς
998 2736 1099 2808 σῆς
1122 2739 1490 2810 χρηστότητος
1525 2739 1864 2810 παρακαλού-

1963 2727 2284 2792 allevat-unt,
2307 2741 2505 2780 arcana
2537 2727 2834 2782 clementiae
2869 2737 2974 2784 tua:
2997 2729 3044 2782 vi
3081 2729 3313 2784 animam
3351 2745 3526 2784 meam

294 2846 394 2900 σης
419 2847 521 2902 μου
544 2829 642 2902 τὴν
663 2830 841 2904 ψυχὴν
864 2829 958 2883 καὶ
981 2829 1316 2902 εὐφροσύνης
1339 2830 1504 2902 αὐτὴν
1530 2830 1633 2903 πλη
1643 2831 1859 2904 ρούσης.

1987 2820 2300 2884 Ὸιιεοιιιιιιε,
2344 2819 2628 2890 ipsamque
2671 2819 2869 2891 gaudio
2927 2820 3184 2892 replente.
3222 2819 3339 2875 Non
3380 2821 3563 2874 cninr

291 2920 428 2975 Οὐδὲ
452 2920 560 2993 γὰρ
588 2921 686 2993 μία
708 2938 793 2986 τις
814 2917 881 2992 ἦν
907 2921 1269 2994 παράκλησις,
1295 2922 1414 2976 οὐδὲ
1455 2921 1699 2994 δευτέρα,
1725 2921 1862 2979 ἀλλὰ

1962 2924 2069 2964 una
2107 2911 2431 2976 consolatio,
2468 2925 2572 2969 non
2601 2907 2770 2965 altera
2805 2919 3012 2966 tantum
3047 2909 3251 2975 adfuit,
3283 2909 3377 2966 scd
3408 2910 3527 2979 plu-

293 3009 512 3074 πλείους
537 3012 632 3064 καὶ
650 3008 930 3072 τοσαῦται,
957 3009 1078 3064 ὅσαι
1099 3007 1166 3082 ἦν
1191 3009 1420 3083 ἀριθμὸς
1434 3011 1540 3064 τῶν
1559 3013 1616 3066 ὲν
1637 3013 1703 3084 τῇ
1729 3029 1862 3085 καρ-

1963 3019 2074 3069 res,
2098 3019 2160 3058 ac
2177 3011 2256 3058 tot
2283 3017 2532 3065 numero,
2550 3010 2682 3072 quot
2708 3003 2760 3056 iu
2776 3001 2940 3058 corde
2969 3018 3087 3057 meo
3109 3002 3324 3058 dolores
3349 3010 3522 3058 erant.

287 3099 382 3172 δίᾳ
409 3117 508 3173 μου
533 3099 749 3156 ὀδυνῶν.
791 3100 1129 3172 Ἐφαμίλλως
1153 3101 1282 3169 γοῦν
1305 3103 1425 3166 ταῖς
1455 3105 1615 3174 ἐμαῖς
1654 3103 1863 3168 ὀδύναις

1964 3095 2224 3152 Certatim
2255 3096 2439 3164 itaque
2477 3110 2576 3166 pro
2609 3109 2835 3149 numero
2867 3093 3138 3158 dolorum,
3173 3091 3242 3147 ad
3284 3093 3527 3164 singulos

293 3192 392 3257 τὰς
406 3191 555 3266 παρὰ
575 3192 669 3248 σοῦ
695 3211 786 3265 μοι
811 3195 1066 3267 παρεῖχες
1082 3194 1450 3267 παρακλήσεις
1469 3195 1604 3268 πρὸς
1628 3196 1862 3266 ἑκάστην

1965 3189 2210 3260 singulas
2249 3189 2380 3243 mihi
2424 3187 2826 3244 consolationes
2859 3195 2980 3241 tuas
3008 3184 3292 3239 admei-isti
3327 3202 3340 3238 :
3370 3182 3527 3253 quasi

294 3282 506 3357 ὀδύνην,
529 3283 721 3359 ῶσπερ
745 3303 796 3340 τι
831 3285 1116 3358 φάρμακον
1151 3286 1414 3358 σωτήριον
1441 3284 1538 3358 τὴν
1565 3287 1662 3358 σὴν
1691 3271 1862 3358 παρά-

1963 3283 2201 3339 salutare
2220 3281 2570 3352 pliarmacum
2587 3277 3014 3334 conSolationem
3032 3274 3284 3339 olferens,
3302 3282 3356 3329 et
3371 3273 3528 3344 quasi

294 3375 488 3448 κλησιν
544 3377 888 3450 προσφέρων,
937 3379 1031 3432 καὶ
1075 3377 1263 3451 ὥσπερ
1310 3377 1518 3432 πλείοσι
1561 3378 1860 3450 τραύμασι,

1963 3373 2148 3429 multis
2177 3371 2491 3427 vulneribus
2537 3368 2703 3423 multa
2737 3367 2973 3422 remedia
3010 3366 3288 3420 inducens.
3323 3363 3523 3434 Hujus-

293 3467 512 3533 πλείους
549 3469 770 3534 καὶτὰς
821 3468 1112 3542 θεραπείας
1153 3469 1460 3540 προσάγων.
1492 3469 1758 3524 Τοιούτων
1803 3471 1861 3524 δὲ

1965 3465 2110 3520 modi
2136 3475 2314 3520 autem
2345 3460 2746 3516 consolationes
2766 3466 2960 3512 nactus
2987 3457 3206 3512 divinus
3234 3455 3525 3528 Apostolus

295 3560 694 3634 παρακλήσεων
719 3565 747 3616 ὁ
773 3561 912 3626 θεῖος
951 3561 1271 3626 ’Λπόστολος
1309 3561 1858 3634 ἀντιλαμϐανόμενος,

1961 3556 2174 3612 dicebat
2215 3570 2229 3606 ε
2275 3553 2588 3607 Benedictus
2635 3552 2776 3607 Deus
2818 3549 2981 3604 Pater
3022 3549 3524 3614 misericordiarum,

294 3651 532 3720 ἔφασκεν
551 3669 564 3683 ·
607 3651 949 3723 Εὐλογητὸς
973 3654 1004 3706 ὁ
1035 3651 1196 3718 Θεὸς,
1223 3655 1255 3705 ὁ
1288 3651 1487 3721 Πατὴρ
1516 3651 1630 3706 τῶν
1652 3655 1864 3720 οἰκτιρ-

1960 3649 2102 3704 Deus
2125 3649 2283 3701 totius
2313 3643 2831 3715 consolationis,'qui
2850 3642 3155 3698 consolatur
3176 3659 3270 3696 nos
3299 3643 3354 3696 in
3382 3641 3533 3696 omni

285 3741 443 3813 μῶν,
487 3742 586 3797 καί
626 3742 769 3809 Θεὸς
799 3742 1002 3812 πάσης
1042 3729 1495 3813 παρακλήσεως,
1535 3747 1568 3797 d
1597 3758 1861 3813 παρακα-

1963 3738 2300 3794 tribulatione
2329 3747 2510 3792 nostra
2552 3752 2572 3791 :
2607 3747 2665 3791 ut
2693 3736 2956 3806 possimus
2989 3753 3083 3789 nos
3117 3733 3382 3788 consolari
3416 3749 3524 3797 eos,

291 3832 424 3888 λῶν
450 3833 614 3904 ἡμᾶς’
639 3834 710 3889 ἐν
738 3833 907 3903 πάσῃ
943 3834 1018 3904 τῇ
1045 3837 1246 3906 θλίψει
1274 3833 1462 3905 ἡμῶν,
1488 3838 1576 3902 εἰς
1597 3835 1662 3890 τὸ
1686 3835 1865 3890 δύνα-

1960 3831 2048 3902 qui
2079 3831 2132 3884 in
2174 3829 2317 3884 omni
2354 3845 2603 3899 pressura
2647 3837 2791 3892 sunt,
2823 3843 2915 3897 per
2942 3828 3377 3891 consolationem,
3427 3841 3529 3896 qua

290 3926 438 3980 σθαι
463 3923 614 3994 ἡμᾶς
657 3925 1025 3994 παρακαλεῖν
1060 3926 1202 3994 τοὺς
1230 3927 1302 3981 ἐν
1331 3927 1500 3996 πάσῃ
1531 3928 1734 3997 θλίψει
1764 3925 1862 3982 διὰ

1961 3923 2302 3980 consolamur
2351 3924 2454 3992 ipsi
2500 3940 2533 3976 a
2587 3921 2714 3976 Deo.
2767 3919 3032 3988 Quoniam
3074 3921 3213 3974 sicut
3256 3918 3528 3973 abundant

293 4017 408 4086 τῆς
435 4017 888 4086 παρακλήσεως,
909 4015 984 4088 ἧς
1006 4020 1506 4090 παρακαῑούμεθα
1543 4019 1712 4075 αὐτοὶ
1743 4019 1860 4074 ὑπὸ

1961 4017 2233 4087 passiones
2263 4013 2464 4070 Christi
2486 4015 2541 4068 in
2572 4013 2720 4068 nobis
2737 4029 2757 4078 ;
2791 4013 2866 4066 sic
2896 4009 3130 4065 abundat
3161 4020 3210 4065 ct
3235 4010 3527 4065 consolatio

293 4106 406 4162 τοῦ
458 4106 622 4164 Θεοῦ.
671 4109 790 4161 Ὅτι
835 4108 996 4164 καθὼ
1043 4111 1387 4180 περισσεύει
1433 4109 1505 4164 τὰ
1548 4109 1862 4180 παθήματα

1963 4119 2149 4164 nostra
2185 4110 2250 4163 “.
2299 4110 2475 4179 Atque
2513 4108 2626 4162 hanc
2656 4106 2820 4161 verba
2873 4105 3134 4159 mutando
3182 4123 3194 4159 :
3244 4102 3368 4162 Non
3405 4109 3529 4158 sunt

291 4197 404 4253 τοῦ
428 4199 681 4266 Χριστοῦ
711 4199 782 4252 ἐν
804 4199 964 4269 ἡμῖν,
995 4200 1146 4254 οὕτω
1194 4201 1528 4270 περισσεύει
1566 4199 1664 4254 καὶ
1694 4200 1732 4268 7}
1755 4213 1864 4254 πα-

1963 4203 2232 4274 condigna:
2258 4202 2530 4270 passiones
2561 4199 2716 4268 hujus
2746 4197 2993 4266 temporis
3028 4195 3097 4250 ad
3145 4197 3380 4267 futuram
3414 4195 3527 4266 gloq

284 4289 590 4360 ράκλησις
627 4292 812 4360 ἡμῶν.
842 4294 950 4347 Καὶ
985 4289 1054 4365 ἦν
1087 4293 1152 4348 ἂν
1187 4295 1359 4348 εἰπεῖν
1383 4293 1520 4365 πρὸς
1543 4293 1733 4356 ταῦτα,
1762 4310 1860 4365 με-

1963 4297 2104 4350 riam
2137 4309 2252 4366 qua:
2288 4293 2602 4348 revelabitur
2635 4293 2688 4344 in
2719 4289 2869 4344 nobis
2905 4290 2988 4357 ἰς
3019 4290 3100 4345 sic
3129 4288 3234 4342 dici
3267 4292 3478 4358 poterat
3510 4303 3525 4340 :

294 4379 595 4438 τασαλόντα
616 4384 696 4438 τό*
731 4384 853 4439 Οὐκ
876 4384 1014 4449 ἄξια
1037 4385 1109 4440 τὰ
1125 4385 1438 4456 παθήματα
1475 4384 1580 4440 τοῦ
1606 4385 1720 4440 νῦν
1741 4402 1864 4438 και-

1964 4385 2084 4442 Non
2124 4393 2210 4442 est
2253 4384 2524 4454 condigna
2573 4380 2865 4437 multitudo
2895 4379 3145 4435 dolorum
3191 4391 3434 4432 meorum
3471 4376 3527 4431 in

286 4472 406 4541 ροῦ
439 4471 588 4541 πρὸς
614 4473 726 4542 τὴν
747 4437 1105 4544 ’,φιλέειέῷ
1128 4437 1862 4546 ιὶποκῂαλυςςθῆναι

1989 4477 2132 4533 :orde
2169 4489 2310 4540 meo,
2347 4474 2415 4529 ad
2445 4472 2849 4529 consolationes
2877 4478 3019 4533 tuas,
3051 4468 3297 4530 Domino,
3329 4468 3530 4538 quibus
3557 4506 3565 4516 ..

295 4565 386 4630 εις
424 4561 601 4632 ἡμᾶς,
637 4565 713 4618 τό’
743 4565 856 4618 Οὐκ
893 4565 1040 4631 ἄξιον
1065 4567 1124 4620 τὸ
1162 4567 1362 4642 πλῆθος
1395 4567 1502 4621 τῶν
1527 4567 1724 4620 ὀδυνῶν
1755 4566 1864 4621 τῶν

1963 4568 2245 4626 Ιιοιὶῐιοοειί
2277 4562 2512 4620 animam
2547 4579 2745 4618 meam.
2774 4561 2928 4628 Quod
2956 4561 3002 4616 si
3029 4560 3084 4614 in
3115 4559 3346 4630 singulis
3372 4559 3528 4616 dolo.-

297 4657 357 4709 ἐν
382 4659 447 4729 τῇ
472 4657 670 4729 καρδίᾳ
692 4676 793 4730 μου
827 4659 963 4732 πρὸς
987 4660 1084 4724 τὰς
1117 4661 1482 4734 παρακλήσεις
1524 4679 1638 4726 σου,
1663 4655 1708 4714 ὦ
1748 4661 1862 4716 Κύ-

1965 4660 2121 4716 ribus
2157 4657 2281 4728 quis
2309 4670 2340 4709 ο
2374 4653 2485 4710 Deo
2505 4652 2930 4709 consolationem
2961 4647 3213 4720 accipiat,
3243 4649 3525 4710 etlatitia,

299 4765 406 4820 ριε,
431 4750 518 4819 ἐφ’
539 4743 923 4822 αἷςηύφρανας
941 4749 1040 4822 τὴν
1055 4749 1230 4820 φυγήν
1254 4767 1375 4819 μου.
1394 4751 1526 4804 Εῖδὲ
1550 4752 1635 4822 ἐφ’
1657 4751 1862 4822 ἑκάστῃ

1965 4767 2088 4822 (μιιιε
2118 4765 2148 4802 a
2173 4747 2283 4804 Deo
2301 4753 2404 4810 est,
2437 4744 2720 4815 dignetur;
2745 4757 2926 4797 almon
2977 4749 3139 4811 optet.
3180 4755 3244 4795 ac
3273 4749 3525 4812 precetur

296 4839 462 4915 ὀδύνῃ
487 4835 881 4912 παρακαλεῖται
915 4859 998 4906 τις
1023 4840 1126 4893 ὑπὸ
1167 4839 1261 4894 τοῦ
1289 4839 1446 4906 Θεοῦ,
1469 4842 1562 4894 καὶ
1587 4841 1688 4911 τῆς
1713 4841 1863 4913 παρᾶ

1968 4846 2168 4900 multos
2194 4859 2291 4914 pro
2332 4840 2438 4896 Deo
2467 4839 2683 4894 dolores
2713 4837 3006 4898 sustinere,
3061 4844 3135 4890 ut.
3164 4836 3348 4906 plures
3397 4851 3531 4890 cou-

298 4932 394 4988 τοῦ
421 4932 554 4988 Θεοῦ
579 4932 913 5005 εὐφροσύνης
939 4929 1284 4998 καωξιοῦταί
1307 4947 1408 4994 τις*
1436 4932 1536 4984 οὐκ
1560 4931 1626 4986 ἂν
1652 4931 1866 4998 εὔξαιτο

1969 4935 2271 4992 solutiones
2299 4941 2352 4988 et
2399 4931 2584 5002 plures
2622 4943 2685 4984 ea
2715 4929 2783 4984 de
2820 4944 2989 4983 causa
3023 4927 3238 4983 latitius
3271 4941 3534 4998 assequa»

298 5023 388 5079 διὰ
415 5025 545 5079 Θεὸν
577 5024 793 5090 πλείους
825 5023 1114 5094 ὑπομένειν
1155 5021 1361 5085 ὀδύνας,
1388 5021 1463 5085 ὡς
1503 5021 1570 5076 ἂν
1607 5023 1866 5076 πλειόνων
1971 5039 2060 5084 tur
2079 5033 2102 5080 ἰ

300 5119 556 5190 τυγχάνοι
593 5117 1004 5189 παρακλήσεων,
1030 5116 1122 5171 καὶ
1157 5113 1415 5168 πλειόνων
1439 5114 1545 5168 τῶν
1581 5116 1674 5168 ἐπὶ
1696 5115 1868 5170 ταῦτα

297 5209 645 5283 εὐφροσυνῶν
667 5227 682 5276 ;

495 5303 946 5374 συμπροσέσται
968 5315 1065 5355 σοι
1083 5302 1293 5369 θρόνος
1323 5299 1597 5369 ἀνομίας,
1616 5302 1649 5353 ὀ
1674 5298 1869 5352 πλάσ-

2048 5291 2212 5346 \'t-:us.
2244 5281 2334 5345 20;
2373 5289 2636 5360 Nunquid.
2650 5288 2818 5343 aderit
2849 5286 2944 5341 tibi
2971 5287 3187 5342 thronus
3216 5278 3529 5352 iniquitatis,

297 5411 430 5449 σων
459 5396 652 5449 κόπον
685 5395 783 5449 ἐπὶ
820 5394 1203 5462 πρόσταγμα;
1249 5391 1506 5456 Εἰκότως.
1535 5391 1686 5462 φησὶ,
1726 5389 1865 5444 κατὰ

1971 5387 2064 5458 qui
2081 5385 2234 5456 ﬁngis
2257 5383 2490 5439 laborem
2518 5385 2571 5437 in
2592 5394 2846 5452 prwcepto
2865 5383 2892 5437 2
2912 5379 3065 5442 Jure,
3095 5375 3290 5446 inquit,
3335 5387 3530 5427 secutu-

301 5486 364 5538 τὸ
394 5485 594 5557 πλῆθος
619 5485 726 5540 τῶν
765 5483 963 5539 ὀδυνῶν
986 5484 1093 5538 τῶν
1132 5485 1188 5537 ὲν
1220 5485 1286 5554 τῇ
1322 5481 1521 5554 καρδίᾳ
1552 5497 1652 5550 μου
1678 5481 1734 5533 αἱ
1759 5495 1866 5533 παν

1973 5478 2100 5533 dutn
2132 5474 2529 5532 multitudinem
2561 5473 2808 5530 dolorum
2849 5484 3088 5526 meorum
3114 5467 3165 5520 in
3197 5463 3529 5526 corde-meo,

301 5578 591 5651 ρακλήσεις
617 5594 710 5631 σου
747 5575 1025 5649 ηύφραναν
1058 5575 1156 5646 τὴν
1191 5573 1367 5645 ψυχήν
1409 5590 1507 5645 μου
1527 5588 1541 5602 ·
1573 5571 1868 5642 ἐπειδήπερ

1973 5567 2374 5624 consolationes
2422 5575 2529 5622 tuae
2577 5565 2984 5622 laetiﬁcat'crunt
3025 5557 3256 5612 animam
3314 5568 3535 5615 meam.

376 5735 419 5767 "
458 5734 598 5790 Psal.
635 5749 818 5798 usus,
853 5727 906 5787 5.
983 5733 1028 5763 ⁸ο
1067 5729 1105 5786 ll
1140 5729 1267 5787 Cor.
1303 5744 1352 5792 ι,
1391 5728 1503 5783 5-5.
1582 5728 1622 5760 ⁵⁸
1666 5723 1824 5779 Rom.
1859 5739 1934 5790 ιι,
1975 5723 2056 5778 l8.
