  <div class='ocr_page' id='page_1' title='image "/cluster/home/n/w/nwhite01/storage/ocr_20150623/23/hvd.32044073501116/609.png"; bbox 0 0 4044 6212; ppageno 0'>
   <div class='ocr_carea' id='block_1_1' title="bbox 468 265 612 341">
    <p class='ocr_par' dir='ltr' id='par_1_1' title="bbox 468 265 612 341">
     <span class='ocr_line' id='line_1_1' title="bbox 468 265 612 341; baseline 0 -19"><span class='ocrx_word' id='word_1_1' title='bbox 468 265 612 341; x_wconf 71' lang='grc' dir='ltr'><strong>⁴ιεοί</strong></span> 
     </span>
    </p>
   </div>
   <div class='ocr_carea' id='block_1_2' title="bbox 1185 242 3061 332">
    <p class='ocr_par' dir='ltr' id='par_1_2' title="bbox 1185 242 3061 332">
     <span class='ocr_line' id='line_1_2' title="bbox 1185 242 3061 332; baseline 0.001 -5"><span class='ocrx_word' id='word_1_2' title='bbox 1185 242 1451 329; x_wconf 61' lang='lat' dir='ltr'><strong>ausim:</strong></span> <span class='ocrx_word' id='word_1_3' title='bbox 1489 273 1969 331; x_wconf 54' lang='lat' dir='ltr'><strong>casamcasrs</strong></span> <span class='ocrx_word' id='word_1_4' title='bbox 2003 273 2155 330; x_wconf 71' lang='lat' dir='ltr'><strong>ore.</strong></span> <span class='ocrx_word' id='word_1_5' title='bbox 2196 273 2376 331; x_wconf 82' lang='lat' dir='ltr'><strong>PARS</strong></span> <span class='ocrx_word' id='word_1_6' title='bbox 2414 275 2504 332; x_wconf 89' lang='lat' dir='ltr'><strong>lli.</strong></span> <span class='ocrx_word' id='word_1_7' title='bbox 2547 304 2615 317; x_wconf 80' lang='grc'><strong>-</strong></span> <span class='ocrx_word' id='word_1_8' title='bbox 2654 273 3061 331; x_wconf 66' lang='lat' dir='ltr'><strong>meamea.</strong></span> 
     </span>
    </p>
   </div>
   <div class='ocr_carea' id='block_1_3' title="bbox 3559 274 3700 333">
    <p class='ocr_par' dir='ltr' id='par_1_3' title="bbox 3559 274 3700 333">
     <span class='ocr_line' id='line_1_3' title="bbox 3559 274 3700 333; baseline 0.021 -3"><span class='ocrx_word' id='word_1_9' title='bbox 3559 274 3700 333; x_wconf 66' lang='lat'><strong>1108</strong></span> 
     </span>
    </p>
   </div>
   <div class='ocr_carea' id='block_1_4' title="bbox 471 386 2026 465">
    <p class='ocr_par' dir='ltr' id='par_1_4' title="bbox 471 386 2026 460">
     <span class='ocr_line' id='line_1_4' title="bbox 471 386 2026 460; baseline 0.005 -22"><span class='ocrx_word' id='word_1_10' title='bbox 471 388 599 459; x_wconf 83' lang='lat' dir='ltr'><strong>quia</strong></span> <span class='ocrx_word' id='word_1_11' title='bbox 648 388 747 444; x_wconf 88' lang='lat' dir='ltr'><strong>libi</strong></span> <span class='ocrx_word' id='word_1_12' title='bbox 786 386 916 452; x_wconf 86' lang='lat' dir='ltr'><strong>Deo.</strong></span> <span class='ocrx_word' id='word_1_13' title='bbox 957 396 1147 460; x_wconf 92' lang='lat' dir='ltr'><strong>utpote</strong></span> <span class='ocrx_word' id='word_1_14' title='bbox 1187 391 1341 460; x_wconf 88' lang='lat' dir='ltr'><strong>justo</strong></span> <span class='ocrx_word' id='word_1_15' title='bbox 1391 400 1445 446; x_wconf 86' lang='lat' dir='ltr'><strong>et</strong></span> <span class='ocrx_word' id='word_1_16' title='bbox 1509 394 1673 455; x_wconf 87' lang='lat' dir='ltr'><strong>bono,</strong></span> <span class='ocrx_word' id='word_1_17' title='bbox 1714 408 1821 447; x_wconf 89' lang='lat' dir='ltr'><strong>non</strong></span> <span class='ocrx_word' id='word_1_18' title='bbox 1886 393 2026 449; x_wconf 78' lang='lat' dir='ltr'><strong>adest</strong></span> 
     </span>
    </p>
   </div>
   <div class='ocr_carea' id='block_1_5' title="bbox 2126 386 3701 465">
    <p class='ocr_par' dir='ltr' id='par_1_5' title="bbox 2139 387 3701 465">
     <span class='ocr_line' id='line_1_5' title="bbox 2139 387 3701 465; baseline -0.002 -20"><span class='ocrx_word' id='word_1_19' title='bbox 2139 393 2199 446; x_wconf 80' lang='grc' dir='ltr'><strong>ού</strong></span> <span class='ocrx_word' id='word_1_20' title='bbox 2232 392 2489 465; x_wconf 80' lang='grc' dir='ltr'>πρόσεστι</span> <span class='ocrx_word' id='word_1_21' title='bbox 2526 410 2609 447; x_wconf 87' lang='grc' dir='ltr'><strong>σοι</strong></span> <span class='ocrx_word' id='word_1_22' title='bbox 2639 391 2758 463; x_wconf 85' lang='grc' dir='ltr'>Θεῷ</span> <span class='ocrx_word' id='word_1_23' title='bbox 2783 392 2894 445; x_wconf 59' lang='grc' dir='ltr'>ὸντι</span> <span class='ocrx_word' id='word_1_24' title='bbox 2932 389 3124 461; x_wconf 84' lang='grc' dir='ltr'>δικαίῳ</span> <span class='ocrx_word' id='word_1_25' title='bbox 3165 388 3260 443; x_wconf 78' lang='grc' dir='ltr'>καὶ</span> <span class='ocrx_word' id='word_1_26' title='bbox 3283 388 3471 460; x_wconf 83' lang='grc' dir='ltr'>ἀγαθῷ</span> <span class='ocrx_word' id='word_1_27' title='bbox 3510 387 3701 460; x_wconf 78' lang='grc' dir='ltr'>θρόνος</span> 
     </span>
    </p>
   </div>
   <div class='ocr_carea' id='block_1_6' title="bbox 470 480 2026 555">
    <p class='ocr_par' dir='ltr' id='par_1_6' title="bbox 470 481 2026 555">
     <span class='ocr_line' id='line_1_6' title="bbox 470 481 2026 555; baseline 0.003 -22"><span class='ocrx_word' id='word_1_28' title='bbox 470 481 700 539; x_wconf 77' lang='lat' dir='ltr'><strong>thronus</strong></span> <span class='ocrx_word' id='word_1_29' title='bbox 736 483 1072 552; x_wconf 84' lang='lat' dir='ltr'><strong>iniquitatis;</strong></span> <span class='ocrx_word' id='word_1_30' title='bbox 1100 485 1280 537; x_wconf 84' lang='lat' dir='ltr'><strong>omnia</strong></span> <span class='ocrx_word' id='word_1_31' title='bbox 1308 485 1507 555; x_wconf 82' lang='lat' dir='ltr'><strong>quippe</strong></span> <span class='ocrx_word' id='word_1_32' title='bbox 1554 485 1706 555; x_wconf 85' lang='lat' dir='ltr'><strong>justo</strong></span> <span class='ocrx_word' id='word_1_33' title='bbox 1743 485 1950 555; x_wconf 89' lang='lat' dir='ltr'><strong>judicio</strong></span> <span class='ocrx_word' id='word_1_34' title='bbox 1980 494 2026 539; x_wconf 84' lang='lat' dir='ltr'><strong>et</strong></span> 
     </span>
    </p>
   </div>
   <div class='ocr_carea' id='block_1_7' title="bbox 2126 480 3702 555">
    <p class='ocr_par' dir='ltr' id='par_1_7' title="bbox 2135 480 3702 555">
     <span class='ocr_line' id='line_1_7' title="bbox 2135 480 3702 555; baseline -0.003 -17"><span class='ocrx_word' id='word_1_35' title='bbox 2135 483 2393 554; x_wconf 87' lang='grc' dir='ltr'>ἀνομίας·</span> <span class='ocrx_word' id='word_1_36' title='bbox 2422 486 2605 540; x_wconf 82' lang='grc' dir='ltr'>πάντα</span> <span class='ocrx_word' id='word_1_37' title='bbox 2645 484 2753 555; x_wconf 85' lang='grc' dir='ltr'><strong>γάρ</strong></span> <span class='ocrx_word' id='word_1_38' title='bbox 2796 482 2971 553; x_wconf 86' lang='grc' dir='ltr'>κρίσει</span> <span class='ocrx_word' id='word_1_39' title='bbox 3007 481 3191 552; x_wconf 78' lang='grc' dir='ltr'>δικαίᾳ</span> <span class='ocrx_word' id='word_1_40' title='bbox 3224 482 3319 534; x_wconf 68' lang='grc' dir='ltr'><strong>καὶ</strong></span> <span class='ocrx_word' id='word_1_41' title='bbox 3357 480 3499 551; x_wconf 82' lang='grc' dir='ltr'>ὀρθῷ</span> <span class='ocrx_word' id='word_1_42' title='bbox 3547 481 3702 553; x_wconf 81' lang='grc' dir='ltr'>νόμῳ</span> 
     </span>
    </p>
   </div>
   <div class='ocr_carea' id='block_1_8' title="bbox 468 557 2032 646">
    <p class='ocr_par' dir='ltr' id='par_1_8' title="bbox 468 557 2032 646">
     <span class='ocr_line' id='line_1_8' title="bbox 468 557 2032 646; baseline 0.003 -20"><span class='ocrx_word' id='word_1_43' title='bbox 468 581 617 633; x_wconf 79' lang='lat' dir='ltr'><strong>recta</strong></span> <span class='ocrx_word' id='word_1_44' title='bbox 653 557 766 642; x_wconf 79' lang='lat' dir='ltr'><strong>lege</strong></span> <span class='ocrx_word' id='word_1_45' title='bbox 797 573 1152 630; x_wconf 89' lang='lat' dir='ltr'><strong>administras</strong></span> <span class='ocrx_word' id='word_1_46' title='bbox 1181 593 1194 630; x_wconf 76' lang='grc' dir='ltr'><strong>ε</strong></span> <span class='ocrx_word' id='word_1_47' title='bbox 1224 575 1344 631; x_wconf 85' lang='lat' dir='ltr'><strong>ideo</strong></span> <span class='ocrx_word' id='word_1_48' title='bbox 1379 578 1534 646; x_wconf 82' lang='lat' dir='ltr'><strong>lingis</strong></span> <span class='ocrx_word' id='word_1_49' title='bbox 1564 576 1796 631; x_wconf 81' lang='lat' dir='ltr'><strong>laborem</strong></span> <span class='ocrx_word' id='word_1_50' title='bbox 1821 579 1872 631; x_wconf 85' lang='lat' dir='ltr'><strong>in</strong></span> <span class='ocrx_word' id='word_1_51' title='bbox 1893 593 2032 645; x_wconf 71' lang='lat' dir='ltr'><strong>pra:-</strong></span> 
     </span>
    </p>
   </div>
   <div class='ocr_carea' id='block_1_9' title="bbox 465 662 2033 736">
    <p class='ocr_par' dir='ltr' id='par_1_9' title="bbox 465 662 2033 736">
     <span class='ocr_line' id='line_1_9' title="bbox 465 662 2033 736; baseline 0.006 -19"><span class='ocrx_word' id='word_1_52' title='bbox 465 670 650 731; x_wconf 78' lang='lat' dir='ltr'><strong>cepto;</strong></span> <span class='ocrx_word' id='word_1_53' title='bbox 682 662 734 716; x_wconf 88' lang='lat' dir='ltr'><strong>id</strong></span> <span class='ocrx_word' id='word_1_54' title='bbox 774 674 876 728; x_wconf 87' lang='lat' dir='ltr'><strong>est.</strong></span> <span class='ocrx_word' id='word_1_55' title='bbox 919 675 1247 736; x_wconf 67' lang='lat' dir='ltr'><strong>praeceptum</strong></span> <span class='ocrx_word' id='word_1_56' title='bbox 1284 677 1434 722; x_wconf 89' lang='lat' dir='ltr'><strong>tuum</strong></span> <span class='ocrx_word' id='word_1_57' title='bbox 1471 669 1687 724; x_wconf 86' lang='lat' dir='ltr'><strong>labores</strong></span> <span class='ocrx_word' id='word_1_58' title='bbox 1720 679 1774 725; x_wconf 90' lang='lat' dir='ltr'><strong>et</strong></span> <span class='ocrx_word' id='word_1_59' title='bbox 1807 670 2033 727; x_wconf 86' lang='lat' dir='ltr'><strong>sudores</strong></span> 
     </span>
    </p>
   </div>
   <div class='ocr_carea' id='block_1_10' title="bbox 468 755 2032 830">
    <p class='ocr_par' dir='ltr' id='par_1_10' title="bbox 468 755 2032 830">
     <span class='ocr_line' id='line_1_10' title="bbox 468 755 2032 830; baseline 0.006 -22"><span class='ocrx_word' id='word_1_60' title='bbox 468 755 616 826; x_wconf 84' lang='lat' dir='ltr'><strong>parit</strong></span> <span class='ocrx_word' id='word_1_61' title='bbox 656 756 728 811; x_wconf 86' lang='lat' dir='ltr'><strong>ob</strong></span> <span class='ocrx_word' id='word_1_62' title='bbox 752 759 995 827; x_wconf 72' lang='lat' dir='ltr'><strong>praemia.</strong></span> <span class='ocrx_word' id='word_1_63' title='bbox 1037 776 1157 830; x_wconf 74' lang='lat' dir='ltr'><strong>qua:</strong></span> <span class='ocrx_word' id='word_1_64' title='bbox 1196 768 1318 830; x_wconf 85' lang='lat' dir='ltr'><strong>post</strong></span> <span class='ocrx_word' id='word_1_65' title='bbox 1362 762 1600 817; x_wconf 84' lang='lat' dir='ltr'><strong>laborem</strong></span> <span class='ocrx_word' id='word_1_66' title='bbox 1658 771 1878 818; x_wconf 79' lang='lat' dir='ltr'><strong>strenue</strong></span> <span class='ocrx_word' id='word_1_67' title='bbox 1937 764 2032 818; x_wconf 89' lang='lat' dir='ltr'><strong>de-</strong></span> 
     </span>
    </p>
   </div>
   <div class='ocr_carea' id='block_1_11' title="bbox 470 851 2033 925">
    <p class='ocr_par' dir='ltr' id='par_1_11' title="bbox 470 851 2033 925">
     <span class='ocr_line' id='line_1_11' title="bbox 470 851 2033 925; baseline 0.006 -26"><span class='ocrx_word' id='word_1_68' title='bbox 470 855 760 912; x_wconf 80' lang='lat' dir='ltr'><strong>certantes,</strong></span> <span class='ocrx_word' id='word_1_69' title='bbox 792 851 1043 905; x_wconf 78' lang='lat' dir='ltr'><strong>alacriter</strong></span> <span class='ocrx_word' id='word_1_70' title='bbox 1080 861 1134 908; x_wconf 90' lang='lat' dir='ltr'><strong>ct</strong></span> <span class='ocrx_word' id='word_1_71' title='bbox 1179 864 1587 921; x_wconf 83' lang='lat' dir='ltr'><strong>perseveranter</strong></span> <span class='ocrx_word' id='word_1_72' title='bbox 1616 870 1827 925; x_wconf 86' lang='lat' dir='ltr'><strong>passos,</strong></span> <span class='ocrx_word' id='word_1_73' title='bbox 1873 870 2033 909; x_wconf 78' lang='lat' dir='ltr'><strong>exce-</strong></span> 
     </span>
    </p>
   </div>
   <div class='ocr_carea' id='block_1_12' title="bbox 470 941 2030 1008">
    <p class='ocr_par' dir='ltr' id='par_1_12' title="bbox 470 941 2030 1008">
     <span class='ocr_line' id='line_1_12' title="bbox 470 941 2030 1008; baseline 0.006 -17"><span class='ocrx_word' id='word_1_74' title='bbox 470 947 628 1008; x_wconf 88' lang='lat' dir='ltr'><strong>ptura</strong></span> <span class='ocrx_word' id='word_1_75' title='bbox 654 949 871 995; x_wconf 81' lang='lat' dir='ltr'><strong>suut.-</strong></span> <span class='ocrx_word' id='word_1_76' title='bbox 898 941 1064 999; x_wconf 76' lang='lat' dir='ltr'><strong>Vens.</strong></span> <span class='ocrx_word' id='word_1_77' title='bbox 1097 944 1160 999; x_wconf 75' lang='lat' dir='ltr'><strong>2i</strong></span> <span class='ocrx_word' id='word_1_78' title='bbox 1189 974 1213 986; x_wconf 84' lang='lat'><strong>-</strong></span> <span class='ocrx_word' id='word_1_79' title='bbox 1232 945 1320 1000; x_wconf 73' lang='lat'><strong>23.</strong></span> <span class='ocrx_word' id='word_1_80' title='bbox 1365 944 1702 1000; x_wconf 82' lang='lat' dir='ltr'><strong>Venabuntur</strong></span> <span class='ocrx_word' id='word_1_81' title='bbox 1725 948 1778 999; x_wconf 91' lang='lat' dir='ltr'><strong>in</strong></span> <span class='ocrx_word' id='word_1_82' title='bbox 1800 948 2030 1001; x_wconf 85' lang='lat' dir='ltr'><strong>animam</strong></span> 
     </span>
    </p>
   </div>
   <div class='ocr_carea' id='block_1_13' title="bbox 457 1031 2030 1106">
    <p class='ocr_par' dir='ltr' id='par_1_13' title="bbox 457 1031 2030 1106">
     <span class='ocr_line' id='line_1_13' title="bbox 457 1031 2030 1106; baseline 0.006 -22"><span class='ocrx_word' id='word_1_83' title='bbox 457 1031 615 1100; x_wconf 81' lang='lat' dir='ltr'><strong>justi,</strong></span> <span class='ocrx_word' id='word_1_84' title='bbox 655 1042 705 1087; x_wconf 85' lang='lat' dir='ltr'><strong>et</strong></span> <span class='ocrx_word' id='word_1_85' title='bbox 747 1037 1053 1106; x_wconf 78' lang='lat' dir='ltr'><strong>sanguinem</strong></span> <span class='ocrx_word' id='word_1_86' title='bbox 1111 1037 1432 1092; x_wconf 76' lang='lat' dir='ltr'><strong>innocentem</strong></span> <span class='ocrx_word' id='word_1_87' title='bbox 1476 1038 1910 1094; x_wconf 78' lang='lat' dir='ltr'><strong>condemnabam.</strong></span> <span class='ocrx_word' id='word_1_88' title='bbox 1960 1037 2030 1093; x_wconf 84' lang='lat' dir='ltr'><strong>Et</strong></span> 
     </span>
    </p>
   </div>
   <div class='ocr_carea' id='block_1_14' title="bbox 462 1122 2029 1199">
    <p class='ocr_par' dir='ltr' id='par_1_14' title="bbox 462 1122 2029 1199">
     <span class='ocr_line' id='line_1_14' title="bbox 462 1122 2029 1199; baseline 0.006 -23"><span class='ocrx_word' id='word_1_89' title='bbox 462 1122 639 1192; x_wconf 75' lang='lat' dir='ltr'><strong>factus</strong></span> <span class='ocrx_word' id='word_1_90' title='bbox 670 1134 749 1179; x_wconf 85' lang='lat' dir='ltr'><strong>est</strong></span> <span class='ocrx_word' id='word_1_91' title='bbox 794 1127 921 1180; x_wconf 74' lang='lat' dir='ltr'><strong>milii</strong></span> <span class='ocrx_word' id='word_1_92' title='bbox 953 1127 1207 1183; x_wconf 80' lang='lat' dir='ltr'><strong>Dominus</strong></span> <span class='ocrx_word' id='word_1_93' title='bbox 1237 1130 1292 1182; x_wconf 88' lang='lat' dir='ltr'><strong>in</strong></span> <span class='ocrx_word' id='word_1_94' title='bbox 1319 1129 1596 1199; x_wconf 78' lang='lat' dir='ltr'><strong>refugium.</strong></span> <span class='ocrx_word' id='word_1_95' title='bbox 1628 1140 1676 1183; x_wconf 90' lang='lat' dir='ltr'><strong>et</strong></span> <span class='ocrx_word' id='word_1_96' title='bbox 1707 1130 1848 1184; x_wconf 78' lang='lat' dir='ltr'><strong>Deus</strong></span> <span class='ocrx_word' id='word_1_97' title='bbox 1886 1147 2029 1186; x_wconf 78' lang='lat' dir='ltr'><strong>metu</strong></span> 
     </span>
    </p>
   </div>
   <div class='ocr_carea' id='block_1_15' title="bbox 466 1212 2030 1289">
    <p class='ocr_par' dir='ltr' id='par_1_15' title="bbox 466 1212 2030 1289">
     <span class='ocr_line' id='line_1_15' title="bbox 466 1212 2030 1289; baseline 0.006 -25"><span class='ocrx_word' id='word_1_98' title='bbox 466 1212 521 1265; x_wconf 88' lang='lat' dir='ltr'><strong>in</strong></span> <span class='ocrx_word' id='word_1_99' title='bbox 549 1212 873 1283; x_wconf 77' lang='lat' dir='ltr'><strong>adjutorium</strong></span> <span class='ocrx_word' id='word_1_100' title='bbox 903 1218 1014 1285; x_wconf 84' lang='lat' dir='ltr'><strong>spei</strong></span> <span class='ocrx_word' id='word_1_101' title='bbox 1052 1235 1197 1273; x_wconf 72' lang='lat' dir='ltr'><strong>mere.</strong></span> <span class='ocrx_word' id='word_1_102' title='bbox 1232 1218 1294 1272; x_wconf 84' lang='lat' dir='ltr'><strong>Et</strong></span> <span class='ocrx_word' id='word_1_103' title='bbox 1326 1218 1504 1272; x_wconf 82' lang='lat' dir='ltr'><strong>reddet</strong></span> <span class='ocrx_word' id='word_1_104' title='bbox 1546 1221 1655 1273; x_wconf 82' lang='lat' dir='ltr'><strong>illis</strong></span> <span class='ocrx_word' id='word_1_105' title='bbox 1702 1220 2030 1289; x_wconf 81' lang='lat' dir='ltr'><strong>iniquitatem</strong></span> 
     </span>
    </p>
   </div>
   <div class='ocr_carea' id='block_1_16' title="bbox 466 1304 2028 1381">
    <p class='ocr_par' dir='ltr' id='par_1_16' title="bbox 466 1304 2028 1381">
     <span class='ocr_line' id='line_1_16' title="bbox 466 1304 2028 1381; baseline 0.004 -24"><span class='ocrx_word' id='word_1_106' title='bbox 466 1304 720 1370; x_wconf 85' lang='lat' dir='ltr'><strong>ipsorum,</strong></span> <span class='ocrx_word' id='word_1_107' title='bbox 751 1316 801 1361; x_wconf 92' lang='lat' dir='ltr'><strong>et</strong></span> <span class='ocrx_word' id='word_1_108' title='bbox 836 1308 1116 1362; x_wconf 73' lang='lat' dir='ltr'><strong>secundum</strong></span> <span class='ocrx_word' id='word_1_109' title='bbox 1152 1309 1414 1381; x_wconf 73' lang='lat' dir='ltr'><strong>malitiam</strong></span> <span class='ocrx_word' id='word_1_110' title='bbox 1444 1325 1625 1364; x_wconf 87' lang='lat' dir='ltr'><strong>eorum</strong></span> <span class='ocrx_word' id='word_1_111' title='bbox 1654 1309 1917 1378; x_wconf 82' lang='lat' dir='ltr'><strong>disperdet</strong></span> <span class='ocrx_word' id='word_1_112' title='bbox 1941 1326 2028 1365; x_wconf 74' lang='lat' dir='ltr'><strong>eos</strong></span> 
     </span>
    </p>
   </div>
   <div class='ocr_carea' id='block_1_17' title="bbox 466 1394 2029 1470">
    <p class='ocr_par' dir='ltr' id='par_1_17' title="bbox 466 1394 2029 1470">
     <span class='ocr_line' id='line_1_17' title="bbox 466 1394 2029 1470; baseline 0.003 -20"><span class='ocrx_word' id='word_1_113' title='bbox 466 1394 721 1451; x_wconf 76' lang='lat' dir='ltr'><strong>Dominus</strong></span> <span class='ocrx_word' id='word_1_114' title='bbox 774 1397 915 1453; x_wconf 82' lang='lat' dir='ltr'><strong>Deus</strong></span> <span class='ocrx_word' id='word_1_115' title='bbox 945 1409 1139 1453; x_wconf 79' lang='lat' dir='ltr'><strong>noster.</strong></span> <span class='ocrx_word' id='word_1_116' title='bbox 1192 1399 1367 1470; x_wconf 87' lang='lat' dir='ltr'><strong>lmpii,</strong></span> <span class='ocrx_word' id='word_1_117' title='bbox 1401 1401 1500 1464; x_wconf 90' lang='lat' dir='ltr'><strong>ait,</strong></span> <span class='ocrx_word' id='word_1_118' title='bbox 1549 1400 1736 1454; x_wconf 89' lang='lat' dir='ltr'><strong>tandiu</strong></span> <span class='ocrx_word' id='word_1_119' title='bbox 1791 1401 2029 1455; x_wconf 88' lang='lat' dir='ltr'><strong>animam</strong></span> 
     </span>
    </p>
   </div>
   <div class='ocr_carea' id='block_1_18' title="bbox 457 1483 2027 1559">
    <p class='ocr_par' dir='ltr' id='par_1_18' title="bbox 457 1483 2027 1559">
     <span class='ocr_line' id='line_1_18' title="bbox 457 1483 2027 1559; baseline 0.004 -22"><span class='ocrx_word' id='word_1_120' title='bbox 457 1483 596 1554; x_wconf 76' lang='lat' dir='ltr'><strong>justi</strong></span> <span class='ocrx_word' id='word_1_121' title='bbox 622 1487 991 1554; x_wconf 79' lang='lat' dir='ltr'><strong>venabantur,</strong></span> <span class='ocrx_word' id='word_1_122' title='bbox 1032 1490 1240 1559; x_wconf 81' lang='lat' dir='ltr'><strong>laqueis</strong></span> <span class='ocrx_word' id='word_1_123' title='bbox 1278 1490 1425 1543; x_wconf 87' lang='lat' dir='ltr'><strong>illam</strong></span> <span class='ocrx_word' id='word_1_124' title='bbox 1471 1495 1526 1543; x_wconf 89' lang='lat' dir='ltr'><strong>et</strong></span> <span class='ocrx_word' id='word_1_125' title='bbox 1558 1487 1762 1543; x_wconf 88' lang='lat' dir='ltr'><strong>retibus</strong></span> <span class='ocrx_word' id='word_1_126' title='bbox 1794 1489 2027 1543; x_wconf 87' lang='lat' dir='ltr'><strong>circum-</strong></span> 
     </span>
    </p>
   </div>
   <div class='ocr_carea' id='block_1_19' title="bbox 462 1574 2026 1659">
    <p class='ocr_par' dir='ltr' id='par_1_19' title="bbox 462 1574 2026 1659">
     <span class='ocr_line' id='line_1_19' title="bbox 462 1574 2026 1659; baseline 0.004 -31"><span class='ocrx_word' id='word_1_127' title='bbox 462 1574 677 1659; x_wconf 83' lang='lat' dir='ltr'><strong>dantes.</strong></span> <span class='ocrx_word' id='word_1_128' title='bbox 693 1576 864 1631; x_wconf 88' lang='lat' dir='ltr'><strong>donec</strong></span> <span class='ocrx_word' id='word_1_129' title='bbox 889 1580 1208 1650; x_wconf 82' lang='lat' dir='ltr'><strong>sanguinem</strong></span> <span class='ocrx_word' id='word_1_130' title='bbox 1229 1580 1567 1636; x_wconf 88' lang='lat' dir='ltr'><strong>innocentem</strong></span> <span class='ocrx_word' id='word_1_131' title='bbox 1586 1577 2026 1643; x_wconf 88' lang='lat' dir='ltr'><strong>condemnantes,</strong></span> 
     </span>
    </p>
   </div>
   <div class='ocr_carea' id='block_1_20' title="bbox 461 1668 2028 1742">
    <p class='ocr_par' dir='ltr' id='par_1_20' title="bbox 461 1668 2028 1742">
     <span class='ocr_line' id='line_1_20' title="bbox 461 1668 2028 1742; baseline 0.005 -24"><span class='ocrx_word' id='word_1_132' title='bbox 461 1682 584 1721; x_wconf 68' lang='lat' dir='ltr'><strong>eam</strong></span> <span class='ocrx_word' id='word_1_133' title='bbox 616 1668 685 1722; x_wconf 85' lang='lat' dir='ltr'><strong>ad</strong></span> <span class='ocrx_word' id='word_1_134' title='bbox 736 1679 966 1724; x_wconf 91' lang='lat' dir='ltr'><strong>mortem</strong></span> <span class='ocrx_word' id='word_1_135' title='bbox 1006 1687 1179 1742; x_wconf 88' lang='lat' dir='ltr'><strong>usque</strong></span> <span class='ocrx_word' id='word_1_136' title='bbox 1212 1672 1558 1728; x_wconf 82' lang='lat' dir='ltr'><strong>deduxerint.</strong></span> <span class='ocrx_word' id='word_1_137' title='bbox 1605 1672 1721 1726; x_wconf 89' lang='lat' dir='ltr'><strong>Non</strong></span> <span class='ocrx_word' id='word_1_138' title='bbox 1754 1671 1898 1727; x_wconf 89' lang='lat' dir='ltr'><strong>enim</strong></span> <span class='ocrx_word' id='word_1_139' title='bbox 1944 1681 2028 1727; x_wconf 87' lang='lat' dir='ltr'><strong>sat</strong></span> 
     </span>
    </p>
   </div>
   <div class='ocr_carea' id='block_1_21' title="bbox 462 1756 2029 1834">
    <p class='ocr_par' dir='ltr' id='par_1_21' title="bbox 462 1756 2029 1834">
     <span class='ocr_line' id='line_1_21' title="bbox 462 1756 2029 1834; baseline 0.003 -23"><span class='ocrx_word' id='word_1_140' title='bbox 462 1756 570 1812; x_wconf 85' lang='lat' dir='ltr'><strong>illis</strong></span> <span class='ocrx_word' id='word_1_141' title='bbox 601 1766 729 1814; x_wconf 89' lang='lat' dir='ltr'><strong>sunt</strong></span> <span class='ocrx_word' id='word_1_142' title='bbox 772 1761 982 1816; x_wconf 74' lang='lat' dir='ltr'><strong>inuicta:</strong></span> <span class='ocrx_word' id='word_1_143' title='bbox 1022 1763 1394 1832; x_wconf 86' lang='lat' dir='ltr'><strong>pecuniarum.</strong></span> <span class='ocrx_word' id='word_1_144' title='bbox 1431 1778 1605 1833; x_wconf 90' lang='lat' dir='ltr'><strong>neque</strong></span> <span class='ocrx_word' id='word_1_145' title='bbox 1649 1764 1817 1834; x_wconf 71' lang='lat' dir='ltr'><strong>plaga:</strong></span> <span class='ocrx_word' id='word_1_146' title='bbox 1848 1764 2029 1817; x_wconf 83' lang='lat' dir='ltr'><strong>vulne-</strong></span> 
     </span>
    </p>
   </div>
   <div class='ocr_carea' id='block_1_22' title="bbox 462 1853 2028 1924">
    <p class='ocr_par' dir='ltr' id='par_1_22' title="bbox 462 1853 2028 1924">
     <span class='ocr_line' id='line_1_22' title="bbox 462 1853 2028 1924; baseline 0.004 -21"><span class='ocrx_word' id='word_1_147' title='bbox 462 1866 631 1922; x_wconf 87' lang='lat' dir='ltr'><strong>raque</strong></span> <span class='ocrx_word' id='word_1_148' title='bbox 655 1854 871 1923; x_wconf 83' lang='lat' dir='ltr'><strong>corpori</strong></span> <span class='ocrx_word' id='word_1_149' title='bbox 903 1854 1177 1924; x_wconf 89' lang='lat' dir='ltr'><strong>justorum</strong></span> <span class='ocrx_word' id='word_1_150' title='bbox 1210 1855 1448 1920; x_wconf 82' lang='lat' dir='ltr'><strong>inﬂicta;</strong></span> <span class='ocrx_word' id='word_1_151' title='bbox 1496 1855 1592 1910; x_wconf 87' lang='lat' dir='ltr'><strong>sed</strong></span> <span class='ocrx_word' id='word_1_152' title='bbox 1625 1856 1786 1910; x_wconf 89' lang='lat' dir='ltr'><strong>etiam</strong></span> <span class='ocrx_word' id='word_1_153' title='bbox 1837 1853 2028 1909; x_wconf 89' lang='lat' dir='ltr'><strong>mortis</strong></span> 
     </span>
    </p>
   </div>
   <div class='ocr_carea' id='block_1_23' title="bbox 462 1944 2027 2003">
    <p class='ocr_par' dir='ltr' id='par_1_23' title="bbox 462 1944 2027 2003">
     <span class='ocr_line' id='line_1_23' title="bbox 462 1944 2027 2003; baseline 0.003 -6"><span class='ocrx_word' id='word_1_154' title='bbox 462 1944 784 1999; x_wconf 85' lang='lat' dir='ltr'><strong>sententiam</strong></span> <span class='ocrx_word' id='word_1_155' title='bbox 831 1954 886 1999; x_wconf 90' lang='lat' dir='ltr'><strong>et</strong></span> <span class='ocrx_word' id='word_1_156' title='bbox 925 1945 1195 1999; x_wconf 90' lang='lat' dir='ltr'><strong>calculum</strong></span> <span class='ocrx_word' id='word_1_157' title='bbox 1233 1952 1422 1999; x_wconf 88' lang='lat' dir='ltr'><strong>contra</strong></span> <span class='ocrx_word' id='word_1_158' title='bbox 1458 1948 1579 2002; x_wconf 91' lang='lat' dir='ltr'><strong>illos</strong></span> <span class='ocrx_word' id='word_1_159' title='bbox 1614 1947 1812 2003; x_wconf 87' lang='lat' dir='ltr'><strong>lerunt.</strong></span> <span class='ocrx_word' id='word_1_160' title='bbox 1842 1948 1919 2002; x_wconf 86' lang='lat' dir='ltr'><strong>Ac</strong></span> <span class='ocrx_word' id='word_1_161' title='bbox 1950 1947 2027 2002; x_wconf 91' lang='lat' dir='ltr'><strong>illi</strong></span> 
     </span>
    </p>
   </div>
   <div class='ocr_carea' id='block_1_24' title="bbox 461 2034 2026 2108">
    <p class='ocr_par' dir='ltr' id='par_1_24' title="bbox 461 2034 2026 2108">
     <span class='ocr_line' id='line_1_24' title="bbox 461 2034 2026 2108; baseline 0.002 -20"><span class='ocrx_word' id='word_1_162' title='bbox 461 2034 681 2103; x_wconf 83' lang='lat' dir='ltr'><strong>quidem</strong></span> <span class='ocrx_word' id='word_1_163' title='bbox 710 2038 782 2089; x_wconf 86' lang='lat' dir='ltr'><strong>ita</strong></span> <span class='ocrx_word' id='word_1_164' title='bbox 810 2052 869 2091; x_wconf 89' lang='lat' dir='ltr'><strong>se</strong></span> <span class='ocrx_word' id='word_1_165' title='bbox 895 2037 1095 2091; x_wconf 87' lang='lat' dir='ltr'><strong>habent</strong></span> <span class='ocrx_word' id='word_1_166' title='bbox 1124 2053 1137 2088; x_wconf 90' lang='lat'>:</span> <span class='ocrx_word' id='word_1_167' title='bbox 1166 2052 1265 2107; x_wconf 84' lang='lat' dir='ltr'><strong>ego</strong></span> <span class='ocrx_word' id='word_1_168' title='bbox 1303 2053 1434 2092; x_wconf 87' lang='lat' dir='ltr'><strong>vero</strong></span> <span class='ocrx_word' id='word_1_169' title='bbox 1459 2054 1576 2103; x_wconf 90' lang='lat' dir='ltr'><strong>eos,</strong></span> <span class='ocrx_word' id='word_1_170' title='bbox 1602 2040 1728 2094; x_wconf 91' lang='lat' dir='ltr'><strong>licet</strong></span> <span class='ocrx_word' id='word_1_171' title='bbox 1758 2038 2026 2108; x_wconf 87' lang='lat' dir='ltr'><strong>ejusmodi</strong></span> 
     </span>
    </p>
   </div>
   <div class='ocr_carea' id='block_1_25' title="bbox 461 2126 2026 2201">
    <p class='ocr_par' dir='ltr' id='par_1_25' title="bbox 461 2126 2026 2201">
     <span class='ocr_line' id='line_1_25' title="bbox 461 2126 2026 2201; baseline 0 -19"><span class='ocrx_word' id='word_1_172' title='bbox 461 2126 594 2188; x_wconf 81' lang='lat' dir='ltr'><strong>sint,</strong></span> <span class='ocrx_word' id='word_1_173' title='bbox 620 2137 967 2185; x_wconf 86' lang='lat' dir='ltr'><strong>contemnere</strong></span> <span class='ocrx_word' id='word_1_174' title='bbox 995 2130 1220 2185; x_wconf 88' lang='lat' dir='ltr'><strong>edoctus</strong></span> <span class='ocrx_word' id='word_1_175' title='bbox 1267 2147 1412 2195; x_wconf 89' lang='lat' dir='ltr'><strong>sum,</strong></span> <span class='ocrx_word' id='word_1_176' title='bbox 1454 2139 1508 2185; x_wconf 84' lang='lat' dir='ltr'><strong>et</strong></span> <span class='ocrx_word' id='word_1_177' title='bbox 1556 2146 1727 2201; x_wconf 87' lang='lat' dir='ltr'><strong>usque</strong></span> <span class='ocrx_word' id='word_1_178' title='bbox 1762 2130 1829 2184; x_wconf 87' lang='lat' dir='ltr'><strong>ad</strong></span> <span class='ocrx_word' id='word_1_179' title='bbox 1879 2145 2026 2184; x_wconf 76' lang='lat' dir='ltr'><strong>mor-</strong></span> 
     </span>
    </p>
   </div>
   <div class='ocr_carea' id='block_1_26' title="bbox 459 2220 2029 2294">
    <p class='ocr_par' dir='ltr' id='par_1_26' title="bbox 459 2220 2029 2294">
     <span class='ocr_line' id='line_1_26' title="bbox 459 2220 2029 2294; baseline 0.003 -23"><span class='ocrx_word' id='word_1_180' title='bbox 459 2224 571 2274; x_wconf 87' lang='lat' dir='ltr'><strong>tem</strong></span> <span class='ocrx_word' id='word_1_181' title='bbox 596 2235 718 2273; x_wconf 88' lang='lat' dir='ltr'><strong>cmn</strong></span> <span class='ocrx_word' id='word_1_182' title='bbox 750 2220 945 2277; x_wconf 82' lang='lat' dir='ltr'><strong>ﬁducia</strong></span> <span class='ocrx_word' id='word_1_183' title='bbox 976 2224 1295 2286; x_wconf 84' lang='lat' dir='ltr'><strong>consistere.</strong></span> <span class='ocrx_word' id='word_1_184' title='bbox 1327 2239 1531 2294; x_wconf 82' lang='lat' dir='ltr'><strong>gnarus</strong></span> <span class='ocrx_word' id='word_1_185' title='bbox 1559 2239 1646 2278; x_wconf 91' lang='lat' dir='ltr'><strong>me</strong></span> <span class='ocrx_word' id='word_1_186' title='bbox 1691 2238 1789 2293; x_wconf 90' lang='lat' dir='ltr'><strong>pro</strong></span> <span class='ocrx_word' id='word_1_187' title='bbox 1818 2221 2029 2292; x_wconf 79' lang='lat' dir='ltr'><strong>refugio</strong></span> 
     </span>
    </p>
   </div>
   <div class='ocr_carea' id='block_1_27' title="bbox 462 2309 2026 2385">
    <p class='ocr_par' dir='ltr' id='par_1_27' title="bbox 462 2309 2026 2385">
     <span class='ocr_line' id='line_1_27' title="bbox 462 2309 2026 2385; baseline 0.004 -23"><span class='ocrx_word' id='word_1_188' title='bbox 462 2309 751 2364; x_wconf 90' lang='lat' dir='ltr'><strong>Dominum</strong></span> <span class='ocrx_word' id='word_1_189' title='bbox 792 2311 1014 2376; x_wconf 83' lang='lat' dir='ltr'><strong>habere.</strong></span> <span class='ocrx_word' id='word_1_190' title='bbox 1054 2322 1107 2369; x_wconf 90' lang='lat' dir='ltr'><strong>et</strong></span> <span class='ocrx_word' id='word_1_191' title='bbox 1129 2329 1227 2385; x_wconf 88' lang='lat' dir='ltr'><strong>pro</strong></span> <span class='ocrx_word' id='word_1_192' title='bbox 1250 2315 1528 2385; x_wconf 86' lang='lat' dir='ltr'><strong>adjutorio</strong></span> <span class='ocrx_word' id='word_1_193' title='bbox 1552 2315 1664 2384; x_wconf 88' lang='lat' dir='ltr'><strong>spei</strong></span> <span class='ocrx_word' id='word_1_194' title='bbox 1700 2330 1831 2370; x_wconf 74' lang='lat' dir='ltr'><strong>mea:</strong></span> <span class='ocrx_word' id='word_1_195' title='bbox 1859 2313 2026 2369; x_wconf 87' lang='lat' dir='ltr'><strong>Deum</strong></span> 
     </span>
    </p>
   </div>
   <div class='ocr_carea' id='block_1_28' title="bbox 460 2402 2028 2475">
    <p class='ocr_par' dir='ltr' id='par_1_28' title="bbox 460 2402 2028 2475">
     <span class='ocr_line' id='line_1_28' title="bbox 460 2402 2028 2475; baseline 0.003 -21"><span class='ocrx_word' id='word_1_196' title='bbox 460 2415 662 2457; x_wconf 74' lang='lat' dir='ltr'><strong>tneunn.</strong></span> <span class='ocrx_word' id='word_1_197' title='bbox 701 2402 803 2469; x_wconf 88' lang='lat' dir='ltr'><strong>Qui</strong></span> <span class='ocrx_word' id='word_1_198' title='bbox 847 2402 1114 2475; x_wconf 81' lang='lat' dir='ltr'><strong>refugium</strong></span> <span class='ocrx_word' id='word_1_199' title='bbox 1155 2422 1333 2460; x_wconf 91' lang='lat' dir='ltr'><strong>meum</strong></span> <span class='ocrx_word' id='word_1_200' title='bbox 1381 2405 1627 2470; x_wconf 78' lang='lat' dir='ltr'><strong>eﬂectus,</strong></span> <span class='ocrx_word' id='word_1_201' title='bbox 1681 2406 2028 2460; x_wconf 79' lang='lat' dir='ltr'><strong>auxiliabitur</strong></span> 
     </span>
    </p>
   </div>
   <div class='ocr_carea' id='block_1_29' title="bbox 460 2492 2026 2566">
    <p class='ocr_par' dir='ltr' id='par_1_29' title="bbox 460 2492 2026 2566">
     <span class='ocr_line' id='line_1_29' title="bbox 460 2492 2026 2566; baseline 0.004 -22"><span class='ocrx_word' id='word_1_202' title='bbox 460 2492 636 2559; x_wconf 83' lang='lat' dir='ltr'><strong>milii;</strong></span> <span class='ocrx_word' id='word_1_203' title='bbox 689 2492 745 2547; x_wconf 91' lang='lat' dir='ltr'><strong>in</strong></span> <span class='ocrx_word' id='word_1_204' title='bbox 794 2502 957 2564; x_wconf 86' lang='lat' dir='ltr'><strong>caput</strong></span> <span class='ocrx_word' id='word_1_205' title='bbox 996 2509 1121 2549; x_wconf 87' lang='lat' dir='ltr'><strong>vero</strong></span> <span class='ocrx_word' id='word_1_206' title='bbox 1150 2510 1337 2550; x_wconf 90' lang='lat' dir='ltr'><strong>eorum</strong></span> <span class='ocrx_word' id='word_1_207' title='bbox 1383 2496 1477 2566; x_wconf 86' lang='lat' dir='ltr'><strong>qui</strong></span> <span class='ocrx_word' id='word_1_208' title='bbox 1526 2502 1748 2565; x_wconf 86' lang='lat' dir='ltr'><strong>captant</strong></span> <span class='ocrx_word' id='word_1_209' title='bbox 1789 2495 2026 2549; x_wconf 89' lang='lat' dir='ltr'><strong>animam</strong></span> 
     </span>
    </p>
   </div>
   <div class='ocr_carea' id='block_1_30' title="bbox 457 2582 2027 2655">
    <p class='ocr_par' dir='ltr' id='par_1_30' title="bbox 457 2582 2027 2655">
     <span class='ocr_line' id='line_1_30' title="bbox 457 2582 2027 2655; baseline 0.001 -19"><span class='ocrx_word' id='word_1_210' title='bbox 457 2582 614 2653; x_wconf 88' lang='lat' dir='ltr'><strong>justi.</strong></span> <span class='ocrx_word' id='word_1_211' title='bbox 651 2592 705 2639; x_wconf 90' lang='lat' dir='ltr'><strong>et</strong></span> <span class='ocrx_word' id='word_1_212' title='bbox 752 2586 1067 2655; x_wconf 86' lang='lat' dir='ltr'><strong>sanguinem</strong></span> <span class='ocrx_word' id='word_1_213' title='bbox 1101 2586 1439 2643; x_wconf 86' lang='lat' dir='ltr'><strong>innocentem</strong></span> <span class='ocrx_word' id='word_1_214' title='bbox 1486 2587 1870 2645; x_wconf 86' lang='lat' dir='ltr'><strong>condemnant.</strong></span> <span class='ocrx_word' id='word_1_215' title='bbox 1922 2585 2027 2639; x_wconf 88' lang='lat' dir='ltr'><strong>ini-</strong></span> 
     </span>
    </p>
   </div>
   <div class='ocr_carea' id='block_1_31' title="bbox 461 2675 2023 2749">
    <p class='ocr_par' dir='ltr' id='par_1_31' title="bbox 461 2675 2023 2749">
     <span class='ocr_line' id='line_1_31' title="bbox 461 2675 2023 2749; baseline 0.001 -21"><span class='ocrx_word' id='word_1_216' title='bbox 461 2675 724 2745; x_wconf 88' lang='lat' dir='ltr'><strong>quitatem</strong></span> <span class='ocrx_word' id='word_1_217' title='bbox 769 2676 1014 2747; x_wconf 87' lang='lat' dir='ltr'><strong>ipsorum</strong></span> <span class='ocrx_word' id='word_1_218' title='bbox 1055 2680 1412 2749; x_wconf 86' lang='lat' dir='ltr'><strong>retorquebit,</strong></span> <span class='ocrx_word' id='word_1_219' title='bbox 1445 2686 1498 2733; x_wconf 90' lang='lat' dir='ltr'><strong>et</strong></span> <span class='ocrx_word' id='word_1_220' title='bbox 1542 2678 1803 2733; x_wconf 83' lang='lat' dir='ltr'><strong>malitiam</strong></span> <span class='ocrx_word' id='word_1_221' title='bbox 1837 2692 2023 2731; x_wconf 88' lang='lat' dir='ltr'><strong>eorum</strong></span> 
     </span>
    </p>
   </div>
   <div class='ocr_carea' id='block_1_32' title="bbox 460 2767 2028 2840">
    <p class='ocr_par' dir='ltr' id='par_1_32' title="bbox 460 2767 2028 2840">
     <span class='ocr_line' id='line_1_32' title="bbox 460 2767 2028 2840; baseline 0 -19"><span class='ocrx_word' id='word_1_222' title='bbox 460 2767 723 2822; x_wconf 84' lang='lat' dir='ltr'><strong>adversus</strong></span> <span class='ocrx_word' id='word_1_223' title='bbox 738 2783 833 2824; x_wconf 90' lang='lat' dir='ltr'><strong>eos</strong></span> <span class='ocrx_word' id='word_1_224' title='bbox 858 2768 989 2839; x_wconf 84' lang='lat' dir='ltr'><strong>justi</strong></span> <span class='ocrx_word' id='word_1_225' title='bbox 1006 2768 1200 2839; x_wconf 87' lang='lat' dir='ltr'><strong>judicii</strong></span> <span class='ocrx_word' id='word_1_226' title='bbox 1221 2778 1463 2840; x_wconf 88' lang='lat' dir='ltr'><strong>tempore</strong></span> <span class='ocrx_word' id='word_1_227' title='bbox 1485 2777 1785 2833; x_wconf 82' lang='lat' dir='ltr'><strong>convertet,</strong></span> <span class='ocrx_word' id='word_1_228' title='bbox 1811 2767 2028 2838; x_wconf 86' lang='lat' dir='ltr'><strong>quando</strong></span> 
     </span>
    </p>
   </div>
   <div class='ocr_carea' id='block_1_33' title="bbox 460 2857 2028 2930">
    <p class='ocr_par' dir='ltr' id='par_1_33' title="bbox 460 2857 2028 2930">
     <span class='ocr_line' id='line_1_33' title="bbox 460 2857 2028 2930; baseline 0.001 -19"><span class='ocrx_word' id='word_1_229' title='bbox 460 2857 736 2928; x_wconf 88' lang='lat' dir='ltr'><strong>disperdet</strong></span> <span class='ocrx_word' id='word_1_230' title='bbox 778 2876 874 2916; x_wconf 90' lang='lat' dir='ltr'><strong>eos</strong></span> <span class='ocrx_word' id='word_1_231' title='bbox 920 2859 1180 2917; x_wconf 90' lang='lat' dir='ltr'><strong>Dominus</strong></span> <span class='ocrx_word' id='word_1_232' title='bbox 1228 2859 1371 2916; x_wconf 89' lang='lat' dir='ltr'><strong>Deus</strong></span> <span class='ocrx_word' id='word_1_233' title='bbox 1416 2869 1601 2915; x_wconf 88' lang='lat' dir='ltr'><strong>noster</strong></span> <span class='ocrx_word' id='word_1_234' title='bbox 1631 2878 1645 2913; x_wconf 91' lang='lat'>:</span> <span class='ocrx_word' id='word_1_235' title='bbox 1670 2874 1839 2930; x_wconf 89' lang='lat' dir='ltr'><strong>quare</strong></span> <span class='ocrx_word' id='word_1_236' title='bbox 1881 2857 2028 2913; x_wconf 89' lang='lat' dir='ltr'><strong>Deus</strong></span> 
     </span>
    </p>
   </div>
   <div class='ocr_carea' id='block_1_34' title="bbox 461 2950 1482 3023">
    <p class='ocr_par' dir='ltr' id='par_1_34' title="bbox 461 2950 1482 3023">
     <span class='ocr_line' id='line_1_34' title="bbox 461 2950 1482 3023; baseline 0.006 -21"><span class='ocrx_word' id='word_1_237' title='bbox 461 2950 731 3006; x_wconf 87' lang='lat' dir='ltr'><strong>ultiomun</strong></span> <span class='ocrx_word' id='word_1_238' title='bbox 760 2951 916 3007; x_wconf 84' lang='lat' dir='ltr'><strong>initio</strong></span> <span class='ocrx_word' id='word_1_239' title='bbox 938 2952 1134 3023; x_wconf 86' lang='lat' dir='ltr'><strong>psalmi</strong></span> <span class='ocrx_word' id='word_1_240' title='bbox 1165 2952 1348 3008; x_wconf 89' lang='lat' dir='ltr'><strong>dictus</strong></span> <span class='ocrx_word' id='word_1_241' title='bbox 1378 2960 1482 3008; x_wconf 86' lang='lat' dir='ltr'><strong>est.</strong></span> 
     </span>
    </p>
   </div>
   <div class='ocr_carea' id='block_1_35' title="bbox 889 3124 1548 3198">
    <p class='ocr_par' dir='ltr' id='par_1_35' title="bbox 889 3124 1548 3198">
     <span class='ocr_line' id='line_1_35' title="bbox 889 3124 1548 3198; baseline 0.002 -17"><span class='ocrx_word' id='word_1_242' title='bbox 889 3126 963 3198; x_wconf 73' lang='grc' dir='ltr'><strong>(ι)</strong></span> <span class='ocrx_word' id='word_1_243' title='bbox 1006 3125 1330 3181; x_wconf 59' lang='lat' dir='ltr'><strong>essurus</strong></span> <span class='ocrx_word' id='word_1_244' title='bbox 1366 3124 1548 3182; x_wconf 71' lang='lat' dir='ltr'><strong>xcnv.</strong></span> 
     </span>
    </p>
   </div>
   <div class='ocr_carea' id='block_1_36' title="bbox 544 3211 2022 3283">
    <p class='ocr_par' dir='ltr' id='par_1_36' title="bbox 544 3211 2022 3283">
     <span class='ocr_line' id='line_1_36' title="bbox 544 3211 2022 3283; baseline -0.003 -13"><span class='ocrx_word' id='word_1_245' title='bbox 544 3215 707 3274; x_wconf 69' lang='lat' dir='ltr'><strong>Vens.</strong></span> <span class='ocrx_word' id='word_1_246' title='bbox 741 3218 790 3272; x_wconf 81' lang='grc' dir='ltr'>ι.</span> <span class='ocrx_word' id='word_1_247' title='bbox 844 3217 1019 3272; x_wconf 80' lang='lat' dir='ltr'><strong>Venite</strong></span> <span class='ocrx_word' id='word_1_248' title='bbox 1078 3216 1394 3271; x_wconf 74' lang='lat' dir='ltr'><strong>exsultemus</strong></span> <span class='ocrx_word' id='word_1_249' title='bbox 1450 3214 1697 3276; x_wconf 88' lang='lat' dir='ltr'><strong>Domino,</strong></span> <span class='ocrx_word' id='word_1_250' title='bbox 1739 3211 2022 3283; x_wconf 78' lang='lat' dir='ltr'><strong>jubilemus</strong></span> 
     </span>
    </p>
   </div>
   <div class='ocr_carea' id='block_1_37' title="bbox 462 3294 2026 3378">
    <p class='ocr_par' dir='ltr' id='par_1_37' title="bbox 462 3294 2026 3378">
     <span class='ocr_line' id='line_1_37' title="bbox 462 3294 2026 3378; baseline -0.006 -11"><span class='ocrx_word' id='word_1_251' title='bbox 462 3310 572 3367; x_wconf 88' lang='lat' dir='ltr'><strong>Deo</strong></span> <span class='ocrx_word' id='word_1_252' title='bbox 608 3310 875 3367; x_wconf 75' lang='lat' dir='ltr'><strong>Saluatori</strong></span> <span class='ocrx_word' id='word_1_253' title='bbox 924 3294 1124 3364; x_wconf 84' lang='lat' dir='ltr'><strong>nostro.</strong></span> <span class='ocrx_word' id='word_1_254' title='bbox 1165 3308 1320 3378; x_wconf 84' lang='lat' dir='ltr'><strong>Apud</strong></span> <span class='ocrx_word' id='word_1_255' title='bbox 1367 3305 1620 3363; x_wconf 66' lang='lat' dir='ltr'><strong>Hebrmos</strong></span> <span class='ocrx_word' id='word_1_256' title='bbox 1660 3306 1806 3361; x_wconf 89' lang='lat' dir='ltr'><strong>nulla</strong></span> <span class='ocrx_word' id='word_1_257' title='bbox 1852 3304 2026 3360; x_wconf 81' lang='lat' dir='ltr'><strong>fertur</strong></span> 
     </span>
    </p>
   </div>
   <div class='ocr_carea' id='block_1_38' title="bbox 463 3399 2027 3474">
    <p class='ocr_par' dir='ltr' id='par_1_38' title="bbox 463 3399 2027 3474">
     <span class='ocr_line' id='line_1_38' title="bbox 463 3399 2027 3474; baseline -0.004 -18"><span class='ocrx_word' id='word_1_258' title='bbox 463 3402 751 3474; x_wconf 86' lang='lat' dir='ltr'><strong>inscriptio</strong></span> <span class='ocrx_word' id='word_1_259' title='bbox 781 3421 794 3456; x_wconf 88' lang='lat'><strong>:</strong></span> <span class='ocrx_word' id='word_1_260' title='bbox 831 3410 885 3455; x_wconf 86' lang='lat' dir='ltr'><strong>ct</strong></span> <span class='ocrx_word' id='word_1_261' title='bbox 916 3400 1111 3455; x_wconf 89' lang='lat' dir='ltr'><strong>merito</strong></span> <span class='ocrx_word' id='word_1_262' title='bbox 1144 3416 1310 3466; x_wconf 84' lang='lat' dir='ltr'><strong>sane;</strong></span> <span class='ocrx_word' id='word_1_263' title='bbox 1358 3414 1536 3468; x_wconf 89' lang='lat' dir='ltr'><strong>neque</strong></span> <span class='ocrx_word' id='word_1_264' title='bbox 1566 3399 1709 3452; x_wconf 86' lang='lat' dir='ltr'><strong>enim</strong></span> <span class='ocrx_word' id='word_1_265' title='bbox 1739 3404 2027 3452; x_wconf 81' lang='lat' dir='ltr'><strong>consenta-</strong></span> 
     </span>
    </p>
   </div>
   <div class='ocr_carea' id='block_1_39' title="bbox 461 3486 2027 3565">
    <p class='ocr_par' dir='ltr' id='par_1_39' title="bbox 461 3486 2027 3565">
     <span class='ocr_line' id='line_1_39' title="bbox 461 3486 2027 3565; baseline -0.006 -16"><span class='ocrx_word' id='word_1_266' title='bbox 461 3510 623 3549; x_wconf 90' lang='lat' dir='ltr'><strong>neum</strong></span> <span class='ocrx_word' id='word_1_267' title='bbox 660 3502 797 3556; x_wconf 88' lang='lat' dir='ltr'><strong>erat.</strong></span> <span class='ocrx_word' id='word_1_268' title='bbox 830 3501 888 3547; x_wconf 91' lang='lat' dir='ltr'><strong>ut</strong></span> <span class='ocrx_word' id='word_1_269' title='bbox 919 3493 1000 3565; x_wconf 85' lang='lat' dir='ltr'><strong>vel</strong></span> <span class='ocrx_word' id='word_1_270' title='bbox 1026 3492 1290 3563; x_wconf 88' lang='lat' dir='ltr'><strong>psalmus,</strong></span> <span class='ocrx_word' id='word_1_271' title='bbox 1316 3491 1400 3546; x_wconf 89' lang='lat' dir='ltr'><strong>vel</strong></span> <span class='ocrx_word' id='word_1_272' title='bbox 1436 3491 1691 3561; x_wconf 79' lang='lat' dir='ltr'><strong>hymnus,</strong></span> <span class='ocrx_word' id='word_1_273' title='bbox 1731 3488 1813 3543; x_wconf 86' lang='lat' dir='ltr'><strong>vel</strong></span> <span class='ocrx_word' id='word_1_274' title='bbox 1854 3486 2027 3542; x_wconf 84' lang='lat' dir='ltr'><strong>canti-</strong></span> 
     </span>
    </p>
   </div>
   <div class='ocr_carea' id='block_1_40' title="bbox 459 3581 2024 3652">
    <p class='ocr_par' dir='ltr' id='par_1_40' title="bbox 459 3581 2024 3652">
     <span class='ocr_line' id='line_1_40' title="bbox 459 3581 2024 3652; baseline -0.005 -11"><span class='ocrx_word' id='word_1_275' title='bbox 459 3602 584 3641; x_wconf 91' lang='lat' dir='ltr'><strong>cum</strong></span> <span class='ocrx_word' id='word_1_276' title='bbox 615 3585 1025 3648; x_wconf 89' lang='lat' dir='ltr'><strong>lnscriberetur,</strong></span> <span class='ocrx_word' id='word_1_277' title='bbox 1062 3600 1186 3639; x_wconf 88' lang='lat' dir='ltr'><strong>cum</strong></span> <span class='ocrx_word' id='word_1_278' title='bbox 1217 3582 1526 3637; x_wconf 71' lang='lat' dir='ltr'><strong>Judaeorum</strong></span> <span class='ocrx_word' id='word_1_279' title='bbox 1559 3581 1777 3652; x_wconf 90' lang='lat' dir='ltr'><strong>quidem</strong></span> <span class='ocrx_word' id='word_1_280' title='bbox 1809 3587 2024 3651; x_wconf 80' lang='lat' dir='ltr'><strong>gentem</strong></span> 
     </span>
    </p>
   </div>
   <div class='ocr_carea' id='block_1_41' title="bbox 460 3674 2027 3745">
    <p class='ocr_par' dir='ltr' id='par_1_41' title="bbox 460 3674 2027 3745">
     <span class='ocr_line' id='line_1_41' title="bbox 460 3674 2027 3745; baseline -0.004 -15"><span class='ocrx_word' id='word_1_281' title='bbox 460 3678 527 3732; x_wconf 86' lang='lat' dir='ltr'><strong>ad</strong></span> <span class='ocrx_word' id='word_1_282' title='bbox 557 3679 975 3733; x_wconf 81' lang='lat' dir='ltr'><strong>exsultationem</strong></span> <span class='ocrx_word' id='word_1_283' title='bbox 1007 3683 1217 3735; x_wconf 82' lang='lat' dir='ltr'><strong>evocet.</strong></span> <span class='ocrx_word' id='word_1_284' title='bbox 1254 3675 1388 3745; x_wconf 90' lang='lat' dir='ltr'><strong>ipsis</strong></span> <span class='ocrx_word' id='word_1_285' title='bbox 1419 3686 1598 3728; x_wconf 82' lang='lat' dir='ltr'><strong>tamen</strong></span> <span class='ocrx_word' id='word_1_286' title='bbox 1646 3674 2027 3727; x_wconf 88' lang='lat' dir='ltr'><strong>interminetur</strong></span> 
     </span>
    </p>
   </div>
   <div class='ocr_carea' id='block_1_42' title="bbox 457 3761 2019 3838">
    <p class='ocr_par' dir='ltr' id='par_1_42' title="bbox 457 3761 2019 3838">
     <span class='ocr_line' id='line_1_42' title="bbox 457 3761 2019 3838; baseline -0.004 -16"><span class='ocrx_word' id='word_1_287' title='bbox 457 3768 619 3831; x_wconf 88' lang='lat' dir='ltr'><strong>iram,</strong></span> <span class='ocrx_word' id='word_1_288' title='bbox 649 3779 700 3823; x_wconf 88' lang='lat' dir='ltr'><strong>et</strong></span> <span class='ocrx_word' id='word_1_289' title='bbox 724 3776 1114 3838; x_wconf 53' lang='lat' dir='ltr'><strong>praeceptorum</strong></span> <span class='ocrx_word' id='word_1_290' title='bbox 1145 3767 1300 3820; x_wconf 86' lang='lat' dir='ltr'><strong>linem</strong></span> <span class='ocrx_word' id='word_1_291' title='bbox 1321 3765 1569 3820; x_wconf 87' lang='lat' dir='ltr'><strong>tristibus</strong></span> <span class='ocrx_word' id='word_1_292' title='bbox 1589 3761 2019 3818; x_wconf 82' lang='lat' dir='ltr'><strong>circumscribat.</strong></span> 
     </span>
    </p>
   </div>
   <div class='ocr_carea' id='block_1_43' title="bbox 461 3853 2021 3928">
    <p class='ocr_par' dir='ltr' id='par_1_43' title="bbox 461 3853 2021 3928">
     <span class='ocr_line' id='line_1_43' title="bbox 461 3853 2021 3928; baseline -0.004 -15"><span class='ocrx_word' id='word_1_293' title='bbox 461 3859 731 3913; x_wconf 87' lang='lat' dir='ltr'><strong>Observes</strong></span> <span class='ocrx_word' id='word_1_294' title='bbox 762 3874 921 3928; x_wconf 85' lang='lat' dir='ltr'><strong>porro</strong></span> <span class='ocrx_word' id='word_1_295' title='bbox 942 3856 1310 3917; x_wconf 81' lang='lat' dir='ltr'><strong>velim.sicubi</strong></span> <span class='ocrx_word' id='word_1_296' title='bbox 1329 3856 1462 3911; x_wconf 88' lang='lat' dir='ltr'><strong>alias</strong></span> <span class='ocrx_word' id='word_1_297' title='bbox 1486 3856 1538 3910; x_wconf 92' lang='lat' dir='ltr'><strong>in</strong></span> <span class='ocrx_word' id='word_1_298' title='bbox 1566 3854 1846 3925; x_wconf 87' lang='lat' dir='ltr'><strong>Scriptura</strong></span> <span class='ocrx_word' id='word_1_299' title='bbox 1868 3853 2021 3918; x_wconf 89' lang='lat' dir='ltr'><strong>illud,</strong></span> 
     </span>
    </p>
   </div>
   <div class='ocr_carea' id='block_1_44' title="bbox 461 3944 2025 4018">
    <p class='ocr_par' dir='ltr' id='par_1_44' title="bbox 461 3944 2025 4018">
     <span class='ocr_line' id='line_1_44' title="bbox 461 3944 2025 4018; baseline -0.003 -15"><span class='ocrx_word' id='word_1_300' title='bbox 461 3949 647 4008; x_wconf 71' lang='lat' dir='ltr'><strong>venite.</strong></span> <span class='ocrx_word' id='word_1_301' title='bbox 678 3950 881 4003; x_wconf 80' lang='lat' dir='ltr'><strong>dictum</strong></span> <span class='ocrx_word' id='word_1_302' title='bbox 913 3950 1001 4011; x_wconf 83' lang='lat' dir='ltr'><strong>sit,</strong></span> <span class='ocrx_word' id='word_1_303' title='bbox 1032 3948 1302 4018; x_wconf 88' lang='lat' dir='ltr'><strong>quomodo</strong></span> <span class='ocrx_word' id='word_1_304' title='bbox 1329 3962 1422 4002; x_wconf 89' lang='lat' dir='ltr'><strong>eos</strong></span> <span class='ocrx_word' id='word_1_305' title='bbox 1443 3948 1599 4017; x_wconf 85' lang='lat' dir='ltr'><strong>quasi</strong></span> <span class='ocrx_word' id='word_1_306' title='bbox 1632 3948 1729 4001; x_wconf 86' lang='lat' dir='ltr'><strong>abs</strong></span> <span class='ocrx_word' id='word_1_307' title='bbox 1748 3961 1805 4001; x_wconf 90' lang='lat' dir='ltr'><strong>se</strong></span> <span class='ocrx_word' id='word_1_308' title='bbox 1834 3944 2025 4015; x_wconf 90' lang='lat' dir='ltr'><strong>procul</strong></span> 
     </span>
    </p>
   </div>
   <div class='ocr_carea' id='block_1_45' title="bbox 460 4035 2023 4108">
    <p class='ocr_par' dir='ltr' id='par_1_45' title="bbox 460 4035 2023 4108">
     <span class='ocr_line' id='line_1_45' title="bbox 460 4035 2023 4108; baseline -0.006 -13"><span class='ocrx_word' id='word_1_309' title='bbox 460 4047 701 4095; x_wconf 84' lang='lat' dir='ltr'><strong>remotos</strong></span> <span class='ocrx_word' id='word_1_310' title='bbox 738 4039 804 4093; x_wconf 91' lang='lat' dir='ltr'><strong>ad</strong></span> <span class='ocrx_word' id='word_1_311' title='bbox 840 4039 1201 4095; x_wconf 85' lang='lat' dir='ltr'><strong>accedendum</strong></span> <span class='ocrx_word' id='word_1_312' title='bbox 1238 4045 1511 4108; x_wconf 84' lang='lat' dir='ltr'><strong>provocet.</strong></span> <span class='ocrx_word' id='word_1_313' title='bbox 1546 4035 1681 4089; x_wconf 81' lang='lat' dir='ltr'><strong>Nota</strong></span> <span class='ocrx_word' id='word_1_314' title='bbox 1729 4037 1853 4090; x_wconf 86' lang='lat' dir='ltr'><strong>item</strong></span> <span class='ocrx_word' id='word_1_315' title='bbox 1904 4049 2023 4088; x_wconf 83' lang='lat' dir='ltr'><strong>eam</strong></span> 
     </span>
    </p>
   </div>
   <div class='ocr_carea' id='block_1_46' title="bbox 460 4126 2026 4200">
    <p class='ocr_par' dir='ltr' id='par_1_46' title="bbox 460 4126 2026 4200">
     <span class='ocr_line' id='line_1_46' title="bbox 460 4126 2026 4200; baseline -0.002 -19"><span class='ocrx_word' id='word_1_316' title='bbox 460 4129 802 4185; x_wconf 86' lang='lat' dir='ltr'><strong>vocationem</strong></span> <span class='ocrx_word' id='word_1_317' title='bbox 833 4145 1047 4200; x_wconf 79' lang='lat' dir='ltr'><strong>semper</strong></span> <span class='ocrx_word' id='word_1_318' title='bbox 1074 4129 1140 4183; x_wconf 88' lang='lat' dir='ltr'><strong>ad</strong></span> <span class='ocrx_word' id='word_1_319' title='bbox 1171 4129 1369 4182; x_wconf 90' lang='lat' dir='ltr'><strong>bonum</strong></span> <span class='ocrx_word' id='word_1_320' title='bbox 1405 4127 1625 4198; x_wconf 86' lang='lat' dir='ltr'><strong>aliquod</strong></span> <span class='ocrx_word' id='word_1_321' title='bbox 1655 4126 1888 4196; x_wconf 80' lang='lat' dir='ltr'><strong>dirigere</strong></span> <span class='ocrx_word' id='word_1_322' title='bbox 1921 4144 1934 4179; x_wconf 85' lang='lat'><strong>:</strong></span> <span class='ocrx_word' id='word_1_323' title='bbox 1969 4131 2026 4178; x_wconf 87' lang='lat' dir='ltr'><strong>ut</strong></span> 
     </span>
    </p>
   </div>
   <div class='ocr_carea' id='block_1_47' title="bbox 461 4216 2026 4290">
    <p class='ocr_par' dir='ltr' id='par_1_47' title="bbox 461 4216 2026 4290">
     <span class='ocr_line' id='line_1_47' title="bbox 461 4216 2026 4290; baseline -0.002 -15"><span class='ocrx_word' id='word_1_324' title='bbox 461 4220 519 4275; x_wconf 90' lang='lat' dir='ltr'><strong>iu</strong></span> <span class='ocrx_word' id='word_1_325' title='bbox 550 4220 643 4275; x_wconf 91' lang='lat' dir='ltr'><strong>illo</strong></span> <span class='ocrx_word' id='word_1_326' title='bbox 678 4240 690 4275; x_wconf 89' lang='lat'><strong>:</strong></span> <span class='ocrx_word' id='word_1_327' title='bbox 738 4220 936 4283; x_wconf 86' lang='lat' dir='ltr'><strong>Venite,</strong></span> <span class='ocrx_word' id='word_1_328' title='bbox 979 4220 1101 4290; x_wconf 77' lang='lat' dir='ltr'><strong>ﬁlii,</strong></span> <span class='ocrx_word' id='word_1_329' title='bbox 1132 4219 1311 4273; x_wconf 85' lang='lat' dir='ltr'><strong>audite</strong></span> <span class='ocrx_word' id='word_1_330' title='bbox 1331 4236 1411 4273; x_wconf 88' lang='lat' dir='ltr'><strong>me</strong></span> <span class='ocrx_word' id='word_1_331' title='bbox 1438 4219 1518 4285; x_wconf 82' lang='lat'><strong>&quot;;</strong></span> <span class='ocrx_word' id='word_1_332' title='bbox 1551 4227 1605 4275; x_wconf 74' lang='lat' dir='ltr'><strong>et</strong></span> <span class='ocrx_word' id='word_1_333' title='bbox 1649 4237 1663 4272; x_wconf 92' lang='lat'><strong>:</strong></span> <span class='ocrx_word' id='word_1_334' title='bbox 1700 4216 1903 4282; x_wconf 86' lang='lat' dir='ltr'><strong>Venite,</strong></span> <span class='ocrx_word' id='word_1_335' title='bbox 1938 4235 2026 4272; x_wconf 80' lang='lat' dir='ltr'><strong>as-</strong></span> 
     </span>
    </p>
   </div>
   <div class='ocr_carea' id='block_1_48' title="bbox 460 4309 2027 4374">
    <p class='ocr_par' dir='ltr' id='par_1_48' title="bbox 460 4309 2027 4374">
     <span class='ocr_line' id='line_1_48' title="bbox 460 4309 2027 4374; baseline -0.001 -8"><span class='ocrx_word' id='word_1_336' title='bbox 460 4311 741 4367; x_wconf 79' lang='lat' dir='ltr'><strong>cendamus</strong></span> <span class='ocrx_word' id='word_1_337' title='bbox 773 4311 842 4364; x_wconf 86' lang='lat' dir='ltr'><strong>ad</strong></span> <span class='ocrx_word' id='word_1_338' title='bbox 871 4322 1094 4365; x_wconf 82' lang='lat' dir='ltr'><strong>montem</strong></span> <span class='ocrx_word' id='word_1_339' title='bbox 1127 4309 1340 4364; x_wconf 88' lang='lat' dir='ltr'><strong>Domini</strong></span> <span class='ocrx_word' id='word_1_340' title='bbox 1361 4310 1438 4374; x_wconf 85' lang='grc'><strong>⁵³;</strong></span> <span class='ocrx_word' id='word_1_341' title='bbox 1479 4316 1533 4366; x_wconf 90' lang='lat' dir='ltr'><strong>et</strong></span> <span class='ocrx_word' id='word_1_342' title='bbox 1575 4327 1589 4364; x_wconf 92' lang='lat'><strong>:</strong></span> <span class='ocrx_word' id='word_1_343' title='bbox 1634 4309 1810 4363; x_wconf 83' lang='lat' dir='ltr'><strong>Venite</strong></span> <span class='ocrx_word' id='word_1_344' title='bbox 1847 4311 1915 4363; x_wconf 80' lang='lat' dir='ltr'><strong>ad</strong></span> <span class='ocrx_word' id='word_1_345' title='bbox 1946 4326 2027 4365; x_wconf 84' lang='lat' dir='ltr'><strong>me</strong></span> 
     </span>
    </p>
   </div>
   <div class='ocr_carea' id='block_1_49' title="bbox 2132 570 3704 641">
    <p class='ocr_par' dir='ltr' id='par_1_49' title="bbox 2132 570 3704 641">
     <span class='ocr_line' id='line_1_49' title="bbox 2132 570 3704 641; baseline -0.003 -11"><span class='ocrx_word' id='word_1_346' title='bbox 2132 575 2348 639; x_wconf 84' lang='grc' dir='ltr'>διοικείς</span> <span class='ocrx_word' id='word_1_347' title='bbox 2368 593 2381 606; x_wconf 72' lang='grc' dir='ltr'><strong>ο</strong></span> <span class='ocrx_word' id='word_1_348' title='bbox 2415 575 2494 629; x_wconf 87' lang='grc' dir='ltr'><strong>διὸ</strong></span> <span class='ocrx_word' id='word_1_349' title='bbox 2518 573 2822 641; x_wconf 68' lang='grc' dir='ltr'>κλάσσεις</span> <span class='ocrx_word' id='word_1_350' title='bbox 2853 576 3040 629; x_wconf 76' lang='grc' dir='ltr'>κόπον</span> <span class='ocrx_word' id='word_1_351' title='bbox 3058 570 3155 627; x_wconf 77' lang='grc' dir='ltr'><strong>ἐπὶ</strong></span> <span class='ocrx_word' id='word_1_352' title='bbox 3179 573 3545 640; x_wconf 70' lang='grc' dir='ltr'><strong>πρόσταγμα,</strong></span> <span class='ocrx_word' id='word_1_353' title='bbox 3577 590 3704 625; x_wconf 80' lang='grc' dir='ltr'>του-</span> 
     </span>
    </p>
   </div>
   <div class='ocr_carea' id='block_1_50' title="bbox 2131 660 3701 737">
    <p class='ocr_par' dir='ltr' id='par_1_50' title="bbox 2131 660 3701 737">
     <span class='ocr_line' id='line_1_50' title="bbox 2131 660 3701 737; baseline -0.003 -20"><span class='ocrx_word' id='word_1_354' title='bbox 2131 665 2302 730; x_wconf 78' lang='grc' dir='ltr'>τέστι,</span> <span class='ocrx_word' id='word_1_355' title='bbox 2327 665 2390 719; x_wconf 79' lang='grc' dir='ltr'><strong>τὸ</strong></span> <span class='ocrx_word' id='word_1_356' title='bbox 2429 665 2756 737; x_wconf 85' lang='grc' dir='ltr'>πρόσταγμά</span> <span class='ocrx_word' id='word_1_357' title='bbox 2805 681 2897 717; x_wconf 90' lang='grc' dir='ltr'><strong>σου</strong></span> <span class='ocrx_word' id='word_1_358' title='bbox 2941 663 3125 717; x_wconf 85' lang='grc' dir='ltr'>κόπων</span> <span class='ocrx_word' id='word_1_359' title='bbox 3153 660 3247 715; x_wconf 73' lang='grc' dir='ltr'>καὶ</span> <span class='ocrx_word' id='word_1_360' title='bbox 3282 662 3543 731; x_wconf 84' lang='grc' dir='ltr'><strong>καμάτων</strong></span> <span class='ocrx_word' id='word_1_361' title='bbox 3580 661 3701 714; x_wconf 76' lang='grc' dir='ltr'>ἐστὶ</span> 
     </span>
    </p>
   </div>
   <div class='ocr_carea' id='block_1_51' title="bbox 2135 753 3701 828">
    <p class='ocr_par' dir='ltr' id='par_1_51' title="bbox 2135 753 3701 828">
     <span class='ocr_line' id='line_1_51' title="bbox 2135 753 3701 828; baseline -0.003 -19"><span class='ocrx_word' id='word_1_362' title='bbox 2135 757 2415 828; x_wconf 80' lang='grc' dir='ltr'>ποιητικὸν</span> <span class='ocrx_word' id='word_1_363' title='bbox 2463 756 2551 811; x_wconf 86' lang='grc' dir='ltr'><strong>διά</strong></span> <span class='ocrx_word' id='word_1_364' title='bbox 2590 757 2687 819; x_wconf 84' lang='grc' dir='ltr'>τὰς</span> <span class='ocrx_word' id='word_1_365' title='bbox 2742 754 2880 827; x_wconf 88' lang='grc' dir='ltr'><strong>μετά</strong></span> <span class='ocrx_word' id='word_1_366' title='bbox 2916 757 3043 818; x_wconf 82' lang='grc' dir='ltr'>τοὺς</span> <span class='ocrx_word' id='word_1_367' title='bbox 3082 754 3274 817; x_wconf 83' lang='grc' dir='ltr'><strong>πόνους</strong></span> <span class='ocrx_word' id='word_1_368' title='bbox 3318 753 3701 824; x_wconf 80' lang='grc' dir='ltr'>διαδεξομένας</span> 
     </span>
    </p>
   </div>
   <div class='ocr_carea' id='block_1_52' title="bbox 2132 845 3703 919">
    <p class='ocr_par' dir='ltr' id='par_1_52' title="bbox 2132 845 3703 919">
     <span class='ocr_line' id='line_1_52' title="bbox 2132 845 3703 919; baseline -0.004 -16"><span class='ocrx_word' id='word_1_369' title='bbox 2132 849 2360 919; x_wconf 78' lang='grc' dir='ltr'>ἀμοιῦάς</span> <span class='ocrx_word' id='word_1_370' title='bbox 2377 850 2509 915; x_wconf 62' lang='lat' dir='ltr'><strong>toi);</strong></span> <span class='ocrx_word' id='word_1_371' title='bbox 2520 847 2696 910; x_wconf 81' lang='grc' dir='ltr'>καλῶς</span> <span class='ocrx_word' id='word_1_372' title='bbox 2715 846 3154 917; x_wconf 77' lang='grc' dir='ltr'><strong>ἀγωνισαμένους</strong></span> <span class='ocrx_word' id='word_1_373' title='bbox 3171 845 3262 899; x_wconf 64' lang='grc' dir='ltr'><strong>καῖ⁵</strong></span> <span class='ocrx_word' id='word_1_374' title='bbox 3280 846 3367 898; x_wconf 89' lang='grc' dir='ltr'><strong>τὸν</strong></span> <span class='ocrx_word' id='word_1_375' title='bbox 3383 845 3548 898; x_wconf 81' lang='grc' dir='ltr'>κόπον</span> <span class='ocrx_word' id='word_1_376' title='bbox 3568 863 3703 916; x_wconf 86' lang='grc' dir='ltr'>προ-</span> 
     </span>
    </p>
   </div>
   <div class='ocr_carea' id='block_1_53' title="bbox 2134 934 3699 1010">
    <p class='ocr_par' dir='ltr' id='par_1_53' title="bbox 2134 934 3699 1010">
     <span class='ocr_line' id='line_1_53' title="bbox 2134 934 3699 1010; baseline -0.003 -19"><span class='ocrx_word' id='word_1_377' title='bbox 2134 937 2320 1010; x_wconf 86' lang='grc' dir='ltr'>θύμως</span> <span class='ocrx_word' id='word_1_378' title='bbox 2348 940 2440 992; x_wconf 73' lang='grc' dir='ltr'><strong>καὶ</strong></span> <span class='ocrx_word' id='word_1_379' title='bbox 2465 940 2696 1002; x_wconf 79' lang='grc' dir='ltr'><strong>εὐτόνως</strong></span> <span class='ocrx_word' id='word_1_380' title='bbox 2721 936 3133 1009; x_wconf 78' lang='grc' dir='ltr'>ὑπομείναντας.</span> <span class='ocrx_word' id='word_1_381' title='bbox 3162 935 3572 1004; x_wconf 79' lang='grc' dir='ltr'>Θηρεύσουσιν</span> <span class='ocrx_word' id='word_1_382' title='bbox 3596 934 3699 987; x_wconf 76' lang='grc' dir='ltr'><strong>ἐπι</strong></span> 
     </span>
    </p>
   </div>
   <div class='ocr_carea' id='block_1_54' title="bbox 2131 1022 3701 1098">
    <p class='ocr_par' dir='ltr' id='par_1_54' title="bbox 2131 1022 3701 1098">
     <span class='ocr_line' id='line_1_54' title="bbox 2131 1022 3701 1098; baseline -0.005 -13"><span class='ocrx_word' id='word_1_383' title='bbox 2131 1028 2343 1098; x_wconf 66' lang='grc' dir='ltr'>ψυχὴν</span> <span class='ocrx_word' id='word_1_384' title='bbox 2368 1028 2624 1093; x_wconf 77' lang='grc' dir='ltr'><strong>δικαίου,</strong></span> <span class='ocrx_word' id='word_1_385' title='bbox 2655 1028 2750 1085; x_wconf 77' lang='grc' dir='ltr'>καὶ</span> <span class='ocrx_word' id='word_1_386' title='bbox 2788 1024 2929 1097; x_wconf 77' lang='grc' dir='ltr'>αἷμα</span> <span class='ocrx_word' id='word_1_387' title='bbox 2958 1025 3150 1080; x_wconf 84' lang='grc' dir='ltr'>ἀθῶον</span> <span class='ocrx_word' id='word_1_388' title='bbox 3178 1022 3701 1079; x_wconf 74' lang='grc' dir='ltr'>καταδικάσοι-ται.</span> 
     </span>
    </p>
   </div>
   <div class='ocr_carea' id='block_1_55' title="bbox 2129 1113 3700 1190">
    <p class='ocr_par' dir='ltr' id='par_1_55' title="bbox 2129 1113 3700 1190">
     <span class='ocr_line' id='line_1_55' title="bbox 2129 1113 3700 1190; baseline -0.006 -13"><span class='ocrx_word' id='word_1_389' title='bbox 2129 1120 2239 1177; x_wconf 76' lang='grc' dir='ltr'><strong>Καὶ</strong></span> <span class='ocrx_word' id='word_1_390' title='bbox 2282 1119 2517 1190; x_wconf 78' lang='grc' dir='ltr'>ἐγένετό</span> <span class='ocrx_word' id='word_1_391' title='bbox 2554 1137 2657 1189; x_wconf 80' lang='grc' dir='ltr'>μοι</span> <span class='ocrx_word' id='word_1_392' title='bbox 2697 1122 2912 1187; x_wconf 79' lang='grc' dir='ltr'>Κύριος</span> <span class='ocrx_word' id='word_1_393' title='bbox 2954 1119 3039 1183; x_wconf 86' lang='grc' dir='ltr'><strong>είς</strong></span> <span class='ocrx_word' id='word_1_394' title='bbox 3084 1115 3466 1185; x_wconf 70' lang='grc' dir='ltr'>καταφυγὴν.</span> <span class='ocrx_word' id='word_1_395' title='bbox 3512 1113 3609 1167; x_wconf 78' lang='grc' dir='ltr'><strong>καί</strong></span> <span class='ocrx_word' id='word_1_396' title='bbox 3661 1116 3700 1168; x_wconf 78' lang='grc' dir='ltr'><strong>ά</strong></span> 
     </span>
    </p>
   </div>
   <div class='ocr_carea' id='block_1_56' title="bbox 2134 1203 3702 1280">
    <p class='ocr_par' dir='ltr' id='par_1_56' title="bbox 2134 1203 3702 1280">
     <span class='ocr_line' id='line_1_56' title="bbox 2134 1203 3702 1280; baseline -0.006 -14"><span class='ocrx_word' id='word_1_397' title='bbox 2134 1212 2275 1278; x_wconf 85' lang='grc' dir='ltr'>Θεός</span> <span class='ocrx_word' id='word_1_398' title='bbox 2305 1229 2424 1280; x_wconf 83' lang='grc' dir='ltr'>μου</span> <span class='ocrx_word' id='word_1_399' title='bbox 2445 1214 2529 1277; x_wconf 80' lang='grc' dir='ltr'><strong>είς</strong></span> <span class='ocrx_word' id='word_1_400' title='bbox 2563 1211 2795 1279; x_wconf 80' lang='grc' dir='ltr'>,ϐοηθὸν</span> <span class='ocrx_word' id='word_1_401' title='bbox 2816 1209 3062 1276; x_wconf 73' lang='grc' dir='ltr'>ἐλπίδος</span> <span class='ocrx_word' id='word_1_402' title='bbox 3086 1225 3224 1278; x_wconf 87' lang='grc' dir='ltr'>μου.</span> <span class='ocrx_word' id='word_1_403' title='bbox 3258 1205 3366 1260; x_wconf 74' lang='grc' dir='ltr'><strong>Καὶ</strong></span> <span class='ocrx_word' id='word_1_404' title='bbox 3398 1203 3702 1260; x_wconf 72' lang='grc' dir='ltr'>ἀποδώσει</span> 
     </span>
    </p>
   </div>
   <div class='ocr_carea' id='block_1_57' title="bbox 2129 1297 3699 1372">
    <p class='ocr_par' dir='ltr' id='par_1_57' title="bbox 2129 1297 3699 1372">
     <span class='ocr_line' id='line_1_57' title="bbox 2129 1297 3699 1372; baseline -0.006 -14"><span class='ocrx_word' id='word_1_405' title='bbox 2129 1304 2331 1370; x_wconf 81' lang='grc' dir='ltr'>αὐτοῖς</span> <span class='ocrx_word' id='word_1_406' title='bbox 2342 1304 2454 1372; x_wconf 81' lang='grc' dir='ltr'>τὴν</span> <span class='ocrx_word' id='word_1_407' title='bbox 2467 1303 2722 1372; x_wconf 82' lang='grc' dir='ltr'>ἀνομίαν</span> <span class='ocrx_word' id='word_1_408' title='bbox 2745 1302 2958 1366; x_wconf 82' lang='grc' dir='ltr'>αὐτῶν,</span> <span class='ocrx_word' id='word_1_409' title='bbox 2980 1301 3241 1357; x_wconf 79' lang='grc' dir='ltr'>καὶκατὰ</span> <span class='ocrx_word' id='word_1_410' title='bbox 3266 1299 3380 1368; x_wconf 80' lang='grc' dir='ltr'>τήν</span> <span class='ocrx_word' id='word_1_411' title='bbox 3401 1297 3699 1365; x_wconf 77' lang='grc' dir='ltr'>πονηρίαν</span> 
     </span>
    </p>
   </div>
   <div class='ocr_carea' id='block_1_58' title="bbox 2128 1385 3698 1463">
    <p class='ocr_par' dir='ltr' id='par_1_58' title="bbox 2128 1385 3698 1463">
     <span class='ocr_line' id='line_1_58' title="bbox 2128 1385 3698 1463; baseline -0.007 -14"><span class='ocrx_word' id='word_1_412' title='bbox 2128 1393 2325 1449; x_wconf 83' lang='grc' dir='ltr'>αὐτῶν</span> <span class='ocrx_word' id='word_1_413' title='bbox 2362 1394 2601 1463; x_wconf 67' lang='grc' dir='ltr'>ἀφανιεῖ</span> <span class='ocrx_word' id='word_1_414' title='bbox 2632 1391 2855 1458; x_wconf 82' lang='grc' dir='ltr'>αὐτοὺς</span> <span class='ocrx_word' id='word_1_415' title='bbox 2898 1392 3111 1460; x_wconf 81' lang='grc' dir='ltr'>Κύριος</span> <span class='ocrx_word' id='word_1_416' title='bbox 3152 1393 3186 1444; x_wconf 84' lang='grc' dir='ltr'><strong>ό</strong></span> <span class='ocrx_word' id='word_1_417' title='bbox 3232 1388 3372 1455; x_wconf 81' lang='grc' dir='ltr'>Θεὸς</span> <span class='ocrx_word' id='word_1_418' title='bbox 3413 1385 3601 1457; x_wconf 72' lang='grc' dir='ltr'>ἡμῶν.</span> <span class='ocrx_word' id='word_1_419' title='bbox 3631 1386 3698 1439; x_wconf 79' lang='grc' dir='ltr'><strong>Οξ</strong></span> 
     </span>
    </p>
   </div>
   <div class='ocr_carea' id='block_1_59' title="bbox 2131 1476 3699 1558">
    <p class='ocr_par' dir='ltr' id='par_1_59' title="bbox 2131 1476 3699 1558">
     <span class='ocr_line' id='line_1_59' title="bbox 2131 1476 3699 1558; baseline -0.006 -19"><span class='ocrx_word' id='word_1_420' title='bbox 2131 1489 2231 1558; x_wconf 80' lang='grc' dir='ltr'><strong>μὲν</strong></span> <span class='ocrx_word' id='word_1_421' title='bbox 2256 1486 2490 1550; x_wconf 77' lang='grc' dir='ltr'>ἀσεϐεῖς,</span> <span class='ocrx_word' id='word_1_422' title='bbox 2519 1485 2703 1557; x_wconf 61' lang='grc' dir='ltr'>φησιν,</span> <span class='ocrx_word' id='word_1_423' title='bbox 2728 1484 2818 1538; x_wconf 75' lang='grc' dir='ltr'>ἐπὶ</span> <span class='ocrx_word' id='word_1_424' title='bbox 2838 1481 3089 1536; x_wconf 78' lang='grc' dir='ltr'>τοσοῦτον</span> <span class='ocrx_word' id='word_1_425' title='bbox 3110 1481 3206 1552; x_wconf 78' lang='grc' dir='ltr'><strong>τὴν</strong></span> <span class='ocrx_word' id='word_1_426' title='bbox 3232 1479 3322 1533; x_wconf 78' lang='grc' dir='ltr'><strong>τοῦ</strong></span> <span class='ocrx_word' id='word_1_427' title='bbox 3364 1478 3570 1532; x_wconf 79' lang='grc' dir='ltr'>δικαίου</span> <span class='ocrx_word' id='word_1_428' title='bbox 3594 1476 3699 1546; x_wconf 76' lang='grc' dir='ltr'><strong>ψυ-</strong></span> 
     </span>
    </p>
   </div>
   <div class='ocr_carea' id='block_1_60' title="bbox 2128 1568 3698 1651">
    <p class='ocr_par' dir='ltr' id='par_1_60' title="bbox 2128 1568 3698 1651">
     <span class='ocr_line' id='line_1_60' title="bbox 2128 1568 3698 1651; baseline -0.012 -17"><span class='ocrx_word' id='word_1_429' title='bbox 2128 1579 2229 1651; x_wconf 81' lang='grc' dir='ltr'><strong>χὴν</strong></span> <span class='ocrx_word' id='word_1_430' title='bbox 2254 1576 2573 1651; x_wconf 88' lang='grc' dir='ltr'>θηρεύσουσι</span> <span class='ocrx_word' id='word_1_431' title='bbox 2599 1574 2818 1644; x_wconf 86' lang='grc' dir='ltr'>παγίσιν</span> <span class='ocrx_word' id='word_1_432' title='bbox 2850 1572 3017 1643; x_wconf 80' lang='grc' dir='ltr'>αὐτὴν</span> <span class='ocrx_word' id='word_1_433' title='bbox 3051 1572 3145 1626; x_wconf 71' lang='grc' dir='ltr'><strong>καὶ</strong></span> <span class='ocrx_word' id='word_1_434' title='bbox 3173 1571 3406 1634; x_wconf 74' lang='grc' dir='ltr'><strong>δικτύοις</strong></span> <span class='ocrx_word' id='word_1_435' title='bbox 3433 1568 3698 1639; x_wconf 74' lang='grc' dir='ltr'>περιϐάλ-</span> 
     </span>
    </p>
   </div>
   <div class='ocr_carea' id='block_1_61' title="bbox 2128 1659 3700 1739">
    <p class='ocr_par' dir='ltr' id='par_1_61' title="bbox 2128 1659 3700 1739">
     <span class='ocr_line' id='line_1_61' title="bbox 2128 1659 3700 1739; baseline -0.008 -14"><span class='ocrx_word' id='word_1_436' title='bbox 2128 1670 2327 1734; x_wconf 85' lang='grc' dir='ltr'>λοντες,</span> <span class='ocrx_word' id='word_1_437' title='bbox 2353 1670 2457 1729; x_wconf 74' lang='grc' dir='ltr'>ἕως</span> <span class='ocrx_word' id='word_1_438' title='bbox 2488 1669 2575 1721; x_wconf 83' lang='grc' dir='ltr'><strong>ὅτε</strong></span> <span class='ocrx_word' id='word_1_439' title='bbox 2618 1667 2713 1722; x_wconf 70' lang='grc' dir='ltr'><strong>καὶ</strong></span> <span class='ocrx_word' id='word_1_440' title='bbox 2743 1666 2902 1739; x_wconf 82' lang='grc' dir='ltr'>μέχρι</span> <span class='ocrx_word' id='word_1_441' title='bbox 2919 1664 3146 1719; x_wconf 86' lang='grc' dir='ltr'>θανάτου</span> <span class='ocrx_word' id='word_1_442' title='bbox 3181 1660 3574 1734; x_wconf 81' lang='grc' dir='ltr'>περιελάσωσιν</span> <span class='ocrx_word' id='word_1_443' title='bbox 3599 1659 3700 1713; x_wconf 86' lang='grc' dir='ltr'>αύ-</span> 
     </span>
    </p>
   </div>
   <div class='ocr_carea' id='block_1_62' title="bbox 2128 1750 3701 1833">
    <p class='ocr_par' dir='ltr' id='par_1_62' title="bbox 2128 1750 3701 1833">
     <span class='ocr_line' id='line_1_62' title="bbox 2128 1750 3701 1833; baseline -0.008 -17"><span class='ocrx_word' id='word_1_444' title='bbox 2128 1762 2245 1833; x_wconf 82' lang='grc' dir='ltr'>τὴν,</span> <span class='ocrx_word' id='word_1_445' title='bbox 2279 1755 2417 1832; x_wconf 78' lang='grc' dir='ltr'>αἷμα</span> <span class='ocrx_word' id='word_1_446' title='bbox 2440 1758 2612 1813; x_wconf 86' lang='grc' dir='ltr'>ἀθῶον</span> <span class='ocrx_word' id='word_1_447' title='bbox 2637 1754 3103 1821; x_wconf 79' lang='grc' dir='ltr'>καταδικάζοντες.</span> <span class='ocrx_word' id='word_1_448' title='bbox 3133 1755 3247 1808; x_wconf 74' lang='grc' dir='ltr'>Οὐκ</span> <span class='ocrx_word' id='word_1_449' title='bbox 3274 1751 3564 1825; x_wconf 76' lang='grc' dir='ltr'>ἀρκοῦνται</span> <span class='ocrx_word' id='word_1_450' title='bbox 3583 1750 3701 1824; x_wconf 81' lang='grc' dir='ltr'>γὰρ</span> 
     </span>
    </p>
   </div>
   <div class='ocr_carea' id='block_1_63' title="bbox 2127 1845 3701 1927">
    <p class='ocr_par' dir='ltr' id='par_1_63' title="bbox 2127 1845 3701 1927">
     <span class='ocr_line' id='line_1_63' title="bbox 2127 1845 3701 1927; baseline -0.006 -18"><span class='ocrx_word' id='word_1_451' title='bbox 2127 1859 2244 1918; x_wconf 80' lang='grc' dir='ltr'>ταῖς</span> <span class='ocrx_word' id='word_1_452' title='bbox 2267 1855 2355 1909; x_wconf 81' lang='grc' dir='ltr'>διὰ</span> <span class='ocrx_word' id='word_1_453' title='bbox 2373 1854 2667 1927; x_wconf 84' lang='grc' dir='ltr'>χρημάτων</span> <span class='ocrx_word' id='word_1_454' title='bbox 2690 1853 2930 1924; x_wconf 81' lang='grc' dir='ltr'><strong>ζημίαις.</strong></span> <span class='ocrx_word' id='word_1_455' title='bbox 2953 1850 3071 1904; x_wconf 77' lang='grc' dir='ltr'>οὐδὲ</span> <span class='ocrx_word' id='word_1_456' title='bbox 3096 1851 3216 1912; x_wconf 83' lang='grc' dir='ltr'>ταῖς</span> <span class='ocrx_word' id='word_1_457' title='bbox 3234 1847 3375 1903; x_wconf 86' lang='grc' dir='ltr'><strong>κατά</strong></span> <span class='ocrx_word' id='word_1_458' title='bbox 3393 1847 3501 1901; x_wconf 71' lang='grc' dir='ltr'>τοῦ,</span> <span class='ocrx_word' id='word_1_459' title='bbox 3518 1845 3701 1917; x_wconf 79' lang='grc' dir='ltr'>σῶμα·</span> 
     </span>
    </p>
   </div>
   <div class='ocr_carea' id='block_1_64' title="bbox 2126 1937 3700 2014">
    <p class='ocr_par' dir='ltr' id='par_1_64' title="bbox 2126 1937 3700 2014">
     <span class='ocr_line' id='line_1_64' title="bbox 2126 1937 3700 2014; baseline -0.006 -15"><span class='ocrx_word' id='word_1_460' title='bbox 2126 1963 2216 2010; x_wconf 88' lang='grc' dir='ltr'><strong>τος</strong></span> <span class='ocrx_word' id='word_1_461' title='bbox 2241 1944 2348 1998; x_wconf 89' lang='grc' dir='ltr'><strong>τῶν</strong></span> <span class='ocrx_word' id='word_1_462' title='bbox 2390 1945 2613 1999; x_wconf 87' lang='grc' dir='ltr'>δικαίων</span> <span class='ocrx_word' id='word_1_463' title='bbox 2659 1944 2893 2014; x_wconf 78' lang='grc' dir='ltr'>πληγαῖς</span> <span class='ocrx_word' id='word_1_464' title='bbox 2923 1959 2983 1995; x_wconf 85' lang='grc' dir='ltr'><strong>τε</strong></span> <span class='ocrx_word' id='word_1_465' title='bbox 3030 1941 3122 1994; x_wconf 74' lang='grc' dir='ltr'>καὶ</span> <span class='ocrx_word' id='word_1_466' title='bbox 3168 1938 3392 2002; x_wconf 74' lang='grc' dir='ltr'>αἰκίαις,</span> <span class='ocrx_word' id='word_1_467' title='bbox 3427 1937 3564 1992; x_wconf 86' lang='grc' dir='ltr'><strong>ἀλλά</strong></span> <span class='ocrx_word' id='word_1_468' title='bbox 3602 1939 3700 2005; x_wconf 74' lang='grc' dir='ltr'>καὶ</span> 
     </span>
    </p>
   </div>
   <div class='ocr_carea' id='block_1_65' title="bbox 2124 2030 3669 2117">
    <p class='ocr_par' dir='ltr' id='par_1_65' title="bbox 2124 2030 3669 2117">
     <span class='ocr_line' id='line_1_65' title="bbox 2124 2030 3669 2117; baseline -0.005 -27"><span class='ocrx_word' id='word_1_469' title='bbox 2124 2038 2223 2117; x_wconf 82' lang='grc' dir='ltr'>τὴν</span> <span class='ocrx_word' id='word_1_470' title='bbox 2251 2036 2343 2090; x_wconf 68' lang='grc' dir='ltr'>ἐπὶ</span> <span class='ocrx_word' id='word_1_471' title='bbox 2383 2035 2595 2105; x_wconf 84' lang='grc' dir='ltr'><strong>θανάτῳ</strong></span> <span class='ocrx_word' id='word_1_472' title='bbox 2640 2034 2818 2105; x_wconf 66' lang='grc' dir='ltr'>ψῆφον</span> <span class='ocrx_word' id='word_1_473' title='bbox 2850 2032 2969 2087; x_wconf 87' lang='grc' dir='ltr'>κατ’</span> <span class='ocrx_word' id='word_1_474' title='bbox 3009 2030 3187 2085; x_wconf 78' lang='grc' dir='ltr'>αὐτῶν</span> <span class='ocrx_word' id='word_1_475' title='bbox 3230 2030 3540 2101; x_wconf 77' lang='grc' dir='ltr'>ἐκφέρουσι.</span> <span class='ocrx_word' id='word_1_476' title='bbox 3575 2030 3669 2082; x_wconf 79' lang='grc' dir='ltr'><strong>Κά</strong></span> 
     </span>
    </p>
   </div>
   <div class='ocr_carea' id='block_1_66' title="bbox 2127 2119 3702 2195">
    <p class='ocr_par' dir='ltr' id='par_1_66' title="bbox 2127 2119 3702 2195">
     <span class='ocr_line' id='line_1_66' title="bbox 2127 2119 3702 2195; baseline -0.006 -16"><span class='ocrx_word' id='word_1_477' title='bbox 2127 2129 2292 2179; x_wconf 83' lang='grc' dir='ltr'>κεῖνοι</span> <span class='ocrx_word' id='word_1_478' title='bbox 2320 2123 2418 2195; x_wconf 66' lang='grc' dir='ltr'>μὲν</span> <span class='ocrx_word' id='word_1_479' title='bbox 2445 2121 2671 2177; x_wconf 82' lang='grc' dir='ltr'>τοιοῦτοι</span> <span class='ocrx_word' id='word_1_480' title='bbox 2688 2139 2701 2151; x_wconf 90' lang='grc'><strong>·</strong></span> <span class='ocrx_word' id='word_1_481' title='bbox 2730 2120 2840 2191; x_wconf 74' lang='grc' dir='ltr'>ἐγὼ</span> <span class='ocrx_word' id='word_1_482' title='bbox 2862 2121 2918 2175; x_wconf 82' lang='grc' dir='ltr'><strong>δὲ</strong></span> <span class='ocrx_word' id='word_1_483' title='bbox 2944 2121 3038 2175; x_wconf 73' lang='grc' dir='ltr'>καὶ</span> <span class='ocrx_word' id='word_1_484' title='bbox 3064 2119 3316 2173; x_wconf 79' lang='grc' dir='ltr'>τοιούτων</span> <span class='ocrx_word' id='word_1_485' title='bbox 3340 2122 3702 2191; x_wconf 72' lang='grc' dir='ltr'>καταφρονεῖν</span> 
     </span>
    </p>
   </div>
   <div class='ocr_carea' id='block_1_67' title="bbox 2132 2209 3696 2288">
    <p class='ocr_par' dir='ltr' id='par_1_67' title="bbox 2132 2209 3696 2288">
     <span class='ocr_line' id='line_1_67' title="bbox 2132 2209 3696 2288; baseline -0.004 -19"><span class='ocrx_word' id='word_1_486' title='bbox 2132 2213 2482 2288; x_wconf 81' lang='grc' dir='ltr'>μεμαθηκὼς,</span> <span class='ocrx_word' id='word_1_487' title='bbox 2513 2215 2605 2268; x_wconf 76' lang='grc' dir='ltr'><strong>καὶ</strong></span> <span class='ocrx_word' id='word_1_488' title='bbox 2641 2213 2801 2285; x_wconf 81' lang='grc' dir='ltr'>μέχρι</span> <span class='ocrx_word' id='word_1_489' title='bbox 2841 2212 3072 2266; x_wconf 87' lang='grc' dir='ltr'>θανάτου</span> <span class='ocrx_word' id='word_1_490' title='bbox 3106 2210 3384 2283; x_wconf 79' lang='grc' dir='ltr'>εὐθαρσῶς</span> <span class='ocrx_word' id='word_1_491' title='bbox 3421 2209 3696 2273; x_wconf 84' lang='grc' dir='ltr'>ἵστασθαι,</span> 
     </span>
    </p>
   </div>
   <div class='ocr_carea' id='block_1_68' title="bbox 2128 2303 3694 2379">
    <p class='ocr_par' dir='ltr' id='par_1_68' title="bbox 2128 2303 3694 2379">
     <span class='ocr_line' id='line_1_68' title="bbox 2128 2303 3694 2379; baseline -0.005 -15"><span class='ocrx_word' id='word_1_492' title='bbox 2128 2308 2281 2373; x_wconf 75' lang='grc' dir='ltr'>εἰδὼς</span> <span class='ocrx_word' id='word_1_493' title='bbox 2313 2308 2454 2379; x_wconf 72' lang='grc' dir='ltr'>ἔχειν</span> <span class='ocrx_word' id='word_1_494' title='bbox 2479 2305 2700 2378; x_wconf 79' lang='grc' dir='ltr'>ἐμαυτῷ</span> <span class='ocrx_word' id='word_1_495' title='bbox 2724 2306 3046 2377; x_wconf 83' lang='grc' dir='ltr'>καταφυγὴν</span> <span class='ocrx_word' id='word_1_496' title='bbox 3076 2305 3167 2358; x_wconf 83' lang='grc' dir='ltr'><strong>τὸν</strong></span> <span class='ocrx_word' id='word_1_497' title='bbox 3190 2303 3416 2375; x_wconf 82' lang='grc' dir='ltr'>Κύριον,</span> <span class='ocrx_word' id='word_1_498' title='bbox 3442 2305 3538 2358; x_wconf 73' lang='grc' dir='ltr'><strong>καὶ</strong></span> <span class='ocrx_word' id='word_1_499' title='bbox 3566 2304 3694 2376; x_wconf 82' lang='grc' dir='ltr'>βοη-</span> 
     </span>
    </p>
   </div>
   <div class='ocr_carea' id='block_1_69' title="bbox 2128 2395 3694 2470">
    <p class='ocr_par' dir='ltr' id='par_1_69' title="bbox 2128 2395 3694 2470">
     <span class='ocr_line' id='line_1_69' title="bbox 2128 2395 3694 2470; baseline -0.003 -15"><span class='ocrx_word' id='word_1_500' title='bbox 2128 2400 2217 2455; x_wconf 86' lang='grc' dir='ltr'><strong>θὸν</strong></span> <span class='ocrx_word' id='word_1_501' title='bbox 2250 2400 2461 2463; x_wconf 73' lang='grc' dir='ltr'>ἐλπίδος</span> <span class='ocrx_word' id='word_1_502' title='bbox 2497 2416 2596 2470; x_wconf 90' lang='grc' dir='ltr'><strong>μου</strong></span> <span class='ocrx_word' id='word_1_503' title='bbox 2624 2398 2713 2451; x_wconf 88' lang='grc' dir='ltr'><strong>τὸν</strong></span> <span class='ocrx_word' id='word_1_504' title='bbox 2746 2397 2876 2451; x_wconf 84' lang='grc' dir='ltr'>Θεόν</span> <span class='ocrx_word' id='word_1_505' title='bbox 2916 2413 3044 2467; x_wconf 75' lang='grc' dir='ltr'>μουο</span> <span class='ocrx_word' id='word_1_506' title='bbox 3071 2396 3130 2460; x_wconf 81' lang='grc' dir='ltr'>ὃς</span> <span class='ocrx_word' id='word_1_507' title='bbox 3166 2395 3289 2467; x_wconf 74' lang='grc' dir='ltr'>ἐμοὶ</span> <span class='ocrx_word' id='word_1_508' title='bbox 3318 2396 3418 2466; x_wconf 84' lang='grc' dir='ltr'>μὲν</span> <span class='ocrx_word' id='word_1_509' title='bbox 3442 2395 3694 2467; x_wconf 71' lang='grc' dir='ltr'>βοηθήσει</span> 
     </span>
    </p>
   </div>
   <div class='ocr_carea' id='block_1_70' title="bbox 2128 2484 3697 2562">
    <p class='ocr_par' dir='ltr' id='par_1_70' title="bbox 2128 2484 3697 2562">
     <span class='ocr_line' id='line_1_70' title="bbox 2128 2484 3697 2562; baseline -0.005 -16"><span class='ocrx_word' id='word_1_510' title='bbox 2128 2492 2412 2561; x_wconf 84' lang='grc' dir='ltr'>καταφυγή</span> <span class='ocrx_word' id='word_1_511' title='bbox 2449 2507 2547 2562; x_wconf 90' lang='grc' dir='ltr'><strong>μου</strong></span> <span class='ocrx_word' id='word_1_512' title='bbox 2576 2489 2855 2558; x_wconf 82' lang='grc' dir='ltr'>γινόμενος</span> <span class='ocrx_word' id='word_1_513' title='bbox 2872 2504 2887 2518; x_wconf 91' lang='grc'><strong>·</strong></span> <span class='ocrx_word' id='word_1_514' title='bbox 2923 2490 3034 2551; x_wconf 80' lang='grc' dir='ltr'>τοῖς</span> <span class='ocrx_word' id='word_1_515' title='bbox 3058 2486 3113 2540; x_wconf 85' lang='grc' dir='ltr'>δὲ</span> <span class='ocrx_word' id='word_1_516' title='bbox 3138 2484 3425 2557; x_wconf 85' lang='grc' dir='ltr'>θηρεύουσι</span> <span class='ocrx_word' id='word_1_517' title='bbox 3464 2486 3564 2557; x_wconf 78' lang='grc' dir='ltr'>τὴν</span> <span class='ocrx_word' id='word_1_518' title='bbox 3591 2485 3697 2554; x_wconf 75' lang='grc' dir='ltr'><strong>ψυ-</strong></span> 
     </span>
    </p>
   </div>
   <div class='ocr_carea' id='block_1_71' title="bbox 2126 2573 3699 2655">
    <p class='ocr_par' dir='ltr' id='par_1_71' title="bbox 2126 2573 3699 2655">
     <span class='ocr_line' id='line_1_71' title="bbox 2126 2573 3699 2655; baseline -0.006 -18"><span class='ocrx_word' id='word_1_519' title='bbox 2126 2583 2228 2655; x_wconf 79' lang='grc' dir='ltr'><strong>χὴν</strong></span> <span class='ocrx_word' id='word_1_520' title='bbox 2242 2582 2335 2636; x_wconf 79' lang='grc' dir='ltr'><strong>τοῦ</strong></span> <span class='ocrx_word' id='word_1_521' title='bbox 2360 2582 2588 2647; x_wconf 85' lang='grc' dir='ltr'>δικαίου,</span> <span class='ocrx_word' id='word_1_522' title='bbox 2614 2581 2706 2633; x_wconf 71' lang='grc' dir='ltr'><strong>καὶ</strong></span> <span class='ocrx_word' id='word_1_523' title='bbox 2731 2573 2868 2650; x_wconf 72' lang='grc' dir='ltr'>αἷμα</span> <span class='ocrx_word' id='word_1_524' title='bbox 2889 2576 3062 2633; x_wconf 87' lang='grc' dir='ltr'>ἀθῶον</span> <span class='ocrx_word' id='word_1_525' title='bbox 3078 2577 3547 2641; x_wconf 75' lang='grc' dir='ltr'>καταδικάζουσιν,</span> <span class='ocrx_word' id='word_1_526' title='bbox 3569 2577 3699 2628; x_wconf 82' lang='grc' dir='ltr'>ἀπο-</span> 
     </span>
    </p>
   </div>
   <div class='ocr_carea' id='block_1_72' title="bbox 2125 2664 3698 2743">
    <p class='ocr_par' dir='ltr' id='par_1_72' title="bbox 2125 2664 3698 2743">
     <span class='ocr_line' id='line_1_72' title="bbox 2125 2664 3698 2743; baseline -0.005 -18"><span class='ocrx_word' id='word_1_527' title='bbox 2125 2672 2286 2726; x_wconf 81' lang='grc' dir='ltr'>δώσει</span> <span class='ocrx_word' id='word_1_528' title='bbox 2319 2671 2414 2743; x_wconf 80' lang='grc' dir='ltr'>τὴν</span> <span class='ocrx_word' id='word_1_529' title='bbox 2438 2670 2667 2741; x_wconf 81' lang='grc' dir='ltr'>ἀνομίαν</span> <span class='ocrx_word' id='word_1_530' title='bbox 2692 2664 2868 2723; x_wconf 72' lang='grc' dir='ltr'>αὐτῶν</span> <span class='ocrx_word' id='word_1_531' title='bbox 2893 2671 2972 2732; x_wconf 81' lang='grc' dir='ltr'><strong>εἰς</strong></span> <span class='ocrx_word' id='word_1_532' title='bbox 2993 2667 3231 2739; x_wconf 82' lang='grc' dir='ltr'>κεφαλὴν</span> <span class='ocrx_word' id='word_1_533' title='bbox 3251 2666 3449 2732; x_wconf 79' lang='grc' dir='ltr'>αὐτῶν,</span> <span class='ocrx_word' id='word_1_534' title='bbox 3480 2667 3575 2719; x_wconf 75' lang='grc' dir='ltr'>καὶ</span> <span class='ocrx_word' id='word_1_535' title='bbox 3597 2664 3698 2737; x_wconf 73' lang='grc' dir='ltr'>τὴν</span> 
     </span>
    </p>
   </div>
   <div class='ocr_carea' id='block_1_73' title="bbox 2127 2754 3699 2834">
    <p class='ocr_par' dir='ltr' id='par_1_73' title="bbox 2127 2754 3699 2834">
     <span class='ocr_line' id='line_1_73' title="bbox 2127 2754 3699 2834; baseline -0.005 -17"><span class='ocrx_word' id='word_1_536' title='bbox 2127 2754 2391 2834; x_wconf 76' lang='grc' dir='ltr'>πονηρίαν</span> <span class='ocrx_word' id='word_1_537' title='bbox 2425 2761 2602 2817; x_wconf 80' lang='grc' dir='ltr'>αὐτῶν</span> <span class='ocrx_word' id='word_1_538' title='bbox 2650 2761 2868 2834; x_wconf 72' lang='grc' dir='ltr'>στρέψει</span> <span class='ocrx_word' id='word_1_539' title='bbox 2901 2760 3020 2814; x_wconf 88' lang='grc' dir='ltr'>κατ’</span> <span class='ocrx_word' id='word_1_540' title='bbox 3060 2758 3236 2813; x_wconf 78' lang='grc' dir='ltr'>αὐτῶν</span> <span class='ocrx_word' id='word_1_541' title='bbox 3280 2761 3338 2812; x_wconf 78' lang='grc' dir='ltr'>ὲν</span> <span class='ocrx_word' id='word_1_542' title='bbox 3366 2756 3444 2828; x_wconf 87' lang='grc' dir='ltr'><strong>τῷ</strong></span> <span class='ocrx_word' id='word_1_543' title='bbox 3485 2757 3585 2828; x_wconf 84' lang='grc' dir='ltr'><strong>τῆς</strong></span> <span class='ocrx_word' id='word_1_544' title='bbox 3618 2757 3699 2810; x_wconf 81' lang='grc' dir='ltr'>δι-</span> 
     </span>
    </p>
   </div>
   <div class='ocr_carea' id='block_1_74' title="bbox 2127 2848 3699 2925">
    <p class='ocr_par' dir='ltr' id='par_1_74' title="bbox 2127 2848 3699 2925">
     <span class='ocr_line' id='line_1_74' title="bbox 2127 2848 3699 2925; baseline -0.005 -18"><span class='ocrx_word' id='word_1_545' title='bbox 2127 2854 2466 2925; x_wconf 87' lang='grc' dir='ltr'>καιοκρισίας</span> <span class='ocrx_word' id='word_1_546' title='bbox 2509 2852 2704 2924; x_wconf 82' lang='grc' dir='ltr'>καιρῷ,</span> <span class='ocrx_word' id='word_1_547' title='bbox 2743 2853 2830 2905; x_wconf 81' lang='grc' dir='ltr'>ὅτε</span> <span class='ocrx_word' id='word_1_548' title='bbox 2862 2852 2956 2905; x_wconf 77' lang='grc' dir='ltr'><strong>καὶ</strong></span> <span class='ocrx_word' id='word_1_549' title='bbox 3002 2852 3220 2921; x_wconf 85' lang='grc' dir='ltr'>ἀφανιεῖ</span> <span class='ocrx_word' id='word_1_550' title='bbox 3259 2849 3451 2912; x_wconf 73' lang='grc' dir='ltr'>αὐτοὺς</span> <span class='ocrx_word' id='word_1_551' title='bbox 3491 2848 3699 2919; x_wconf 78' lang='grc' dir='ltr'>Κύριος</span> 
     </span>
    </p>
   </div>
   <div class='ocr_carea' id='block_1_75' title="bbox 2126 2937 3701 3016">
    <p class='ocr_par' dir='ltr' id='par_1_75' title="bbox 2126 2937 3701 3016">
     <span class='ocr_line' id='line_1_75' title="bbox 2126 2937 3701 3016; baseline -0.006 -18"><span class='ocrx_word' id='word_1_552' title='bbox 2126 2945 2155 2997; x_wconf 82' lang='grc' dir='ltr'>ὀ</span> <span class='ocrx_word' id='word_1_553' title='bbox 2175 2945 2304 3009; x_wconf 84' lang='grc' dir='ltr'>Θεὸς</span> <span class='ocrx_word' id='word_1_554' title='bbox 2336 2944 2512 3016; x_wconf 82' lang='grc' dir='ltr'>ἡμῶν·</span> <span class='ocrx_word' id='word_1_555' title='bbox 2542 2944 2623 2998; x_wconf 89' lang='grc' dir='ltr'><strong>διὸ</strong></span> <span class='ocrx_word' id='word_1_556' title='bbox 2648 2944 2740 2998; x_wconf 80' lang='grc' dir='ltr'><strong>καὶ</strong></span> <span class='ocrx_word' id='word_1_557' title='bbox 2765 2943 2895 3009; x_wconf 84' lang='grc' dir='ltr'>Θεὸς</span> <span class='ocrx_word' id='word_1_558' title='bbox 2914 2942 3242 3013; x_wconf 81' lang='grc' dir='ltr'>ὲκδικήσεων</span> <span class='ocrx_word' id='word_1_559' title='bbox 3274 2940 3397 2995; x_wconf 80' lang='grc' dir='ltr'>κατ’</span> <span class='ocrx_word' id='word_1_560' title='bbox 3419 2938 3593 3011; x_wconf 80' lang='grc' dir='ltr'>ἀρχὰς</span> <span class='ocrx_word' id='word_1_561' title='bbox 3619 2937 3701 2990; x_wconf 79' lang='grc' dir='ltr'>εί-</span> 
     </span>
    </p>
   </div>
   <div class='ocr_carea' id='block_1_76' title="bbox 2049 3035 2670 3122">
    <p class='ocr_par' dir='ltr' id='par_1_76' title="bbox 2049 3035 2670 3122">
     <span class='ocr_line' id='line_1_76' title="bbox 2049 3035 2670 3122; baseline 0.005 -33"><span class='ocrx_word' id='word_1_562' title='bbox 2049 3064 2093 3122; x_wconf 75' lang='lat' dir='ltr'><strong><em>C</em></strong></span> <span class='ocrx_word' id='word_1_563' title='bbox 2130 3053 2290 3109; x_wconf 84' lang='grc' dir='ltr'>ρηται</span> <span class='ocrx_word' id='word_1_564' title='bbox 2317 3036 2410 3090; x_wconf 82' lang='grc' dir='ltr'><strong>τοῦ</strong></span> <span class='ocrx_word' id='word_1_565' title='bbox 2437 3035 2670 3108; x_wconf 75' lang='grc' dir='ltr'>ψαλμοῦ.</span> 
     </span>
    </p>
   </div>
   <div class='ocr_carea' id='block_1_77' title="bbox 2687 3126 3123 3194">
    <p class='ocr_par' dir='ltr' id='par_1_77' title="bbox 2687 3126 3123 3194">
     <span class='ocr_line' id='line_1_77' title="bbox 2687 3126 3123 3194; baseline 0 -12"><span class='ocrx_word' id='word_1_566' title='bbox 2687 3127 2977 3182; x_wconf 75' lang='grc' dir='ltr'><strong>ΨΑΑΜΟΣ</strong></span> <span class='ocrx_word' id='word_1_567' title='bbox 3013 3126 3123 3194; x_wconf 65' lang='grc' dir='ltr'><strong>ιΔθ.</strong></span> 
     </span>
    </p>
   </div>
   <div class='ocr_carea' id='block_1_78' title="bbox 2192 3211 3699 3290">
    <p class='ocr_par' dir='ltr' id='par_1_78' title="bbox 2192 3211 3699 3290">
     <span class='ocr_line' id='line_1_78' title="bbox 2192 3211 3699 3290; baseline -0.003 -17"><span class='ocrx_word' id='word_1_568' title='bbox 2192 3219 2366 3274; x_wconf 84' lang='grc' dir='ltr'><strong>Δεῦτε</strong></span> <span class='ocrx_word' id='word_1_569' title='bbox 2397 3218 2890 3290; x_wconf 62' lang='grc' dir='ltr'>ἀγωλιασὼμεθα</span> <span class='ocrx_word' id='word_1_570' title='bbox 2925 3218 3006 3285; x_wconf 84' lang='grc' dir='ltr'><strong>τῷ</strong></span> <span class='ocrx_word' id='word_1_571' title='bbox 3037 3216 3251 3286; x_wconf 83' lang='grc' dir='ltr'>Κυρίῳ,</span> <span class='ocrx_word' id='word_1_572' title='bbox 3297 3211 3699 3284; x_wconf 66' lang='grc' dir='ltr'>ἀλαλάξωμεν</span> 
     </span>
    </p>
   </div>
   <div class='ocr_carea' id='block_1_79' title="bbox 2121 3304 3696 3381">
    <p class='ocr_par' dir='ltr' id='par_1_79' title="bbox 2121 3304 3696 3381">
     <span class='ocr_line' id='line_1_79' title="bbox 2121 3304 3696 3381; baseline -0.004 -17"><span class='ocrx_word' id='word_1_573' title='bbox 2121 3309 2201 3377; x_wconf 74' lang='grc' dir='ltr'><strong>τῷ</strong></span> <span class='ocrx_word' id='word_1_574' title='bbox 2226 3308 2343 3375; x_wconf 86' lang='grc' dir='ltr'>Θεῷ</span> <span class='ocrx_word' id='word_1_575' title='bbox 2359 3309 2437 3376; x_wconf 84' lang='grc' dir='ltr'><strong>τῷ</strong></span> <span class='ocrx_word' id='word_1_576' title='bbox 2462 3309 2685 3379; x_wconf 79' lang='grc' dir='ltr'>Σωτῆρι</span> <span class='ocrx_word' id='word_1_577' title='bbox 2702 3308 2885 3379; x_wconf 80' lang='grc' dir='ltr'>ἡμῶν.</span> <span class='ocrx_word' id='word_1_578' title='bbox 2911 3310 2983 3363; x_wconf 87' lang='grc' dir='ltr'>Ού</span> <span class='ocrx_word' id='word_1_579' title='bbox 3012 3309 3234 3381; x_wconf 82' lang='grc' dir='ltr'>φέρεται</span> <span class='ocrx_word' id='word_1_580' title='bbox 3263 3308 3393 3378; x_wconf 83' lang='grc' dir='ltr'>παρ’</span> <span class='ocrx_word' id='word_1_581' title='bbox 3420 3304 3696 3378; x_wconf 74' lang='grc' dir='ltr'>Ἑϐραίοις</span> 
     </span>
    </p>
   </div>
   <div class='ocr_carea' id='block_1_80' title="bbox 2122 3395 3691 3474">
    <p class='ocr_par' dir='ltr' id='par_1_80' title="bbox 2122 3395 3691 3474">
     <span class='ocr_line' id='line_1_80' title="bbox 2122 3395 3691 3474; baseline -0.004 -19"><span class='ocrx_word' id='word_1_582' title='bbox 2122 3402 2511 3474; x_wconf 77' lang='grc' dir='ltr'>ὴπρογραφή·</span> <span class='ocrx_word' id='word_1_583' title='bbox 2556 3401 2649 3455; x_wconf 74' lang='grc' dir='ltr'><strong>καὶ</strong></span> <span class='ocrx_word' id='word_1_584' title='bbox 2694 3401 2948 3464; x_wconf 87' lang='grc' dir='ltr'>εἰκότως·</span> <span class='ocrx_word' id='word_1_585' title='bbox 2987 3399 3108 3453; x_wconf 74' lang='grc' dir='ltr'>οὔτε</span> <span class='ocrx_word' id='word_1_586' title='bbox 3140 3398 3249 3471; x_wconf 89' lang='grc' dir='ltr'><strong>γάρ</strong></span> <span class='ocrx_word' id='word_1_587' title='bbox 3289 3397 3521 3468; x_wconf 76' lang='grc' dir='ltr'>ψαλμὸν,</span> <span class='ocrx_word' id='word_1_588' title='bbox 3566 3395 3691 3449; x_wconf 72' lang='grc' dir='ltr'>οὔτε</span> 
     </span>
    </p>
   </div>
   <div class='ocr_carea' id='block_1_81' title="bbox 2125 3486 3690 3563">
    <p class='ocr_par' dir='ltr' id='par_1_81' title="bbox 2125 3486 3690 3563">
     <span class='ocr_line' id='line_1_81' title="bbox 2125 3486 3690 3563; baseline -0.003 -19"><span class='ocrx_word' id='word_1_589' title='bbox 2125 3491 2311 3563; x_wconf 79' lang='grc' dir='ltr'>ὕμνον,</span> <span class='ocrx_word' id='word_1_590' title='bbox 2346 3491 2468 3545; x_wconf 76' lang='grc' dir='ltr'>οὕτε</span> <span class='ocrx_word' id='word_1_591' title='bbox 2523 3491 2661 3563; x_wconf 78' lang='grc' dir='ltr'>ᾠδὴν</span> <span class='ocrx_word' id='word_1_592' title='bbox 2707 3490 2922 3559; x_wconf 75' lang='grc' dir='ltr'>εὖλογον</span> <span class='ocrx_word' id='word_1_593' title='bbox 2957 3486 3024 3561; x_wconf 81' lang='grc' dir='ltr'>ἦν</span> <span class='ocrx_word' id='word_1_594' title='bbox 3074 3489 3417 3561; x_wconf 74' lang='grc' dir='ltr'>ἐπιγράφειν,</span> <span class='ocrx_word' id='word_1_595' title='bbox 3454 3487 3545 3540; x_wconf 87' lang='grc' dir='ltr'><strong>τὸν</strong></span> <span class='ocrx_word' id='word_1_596' title='bbox 3584 3503 3690 3540; x_wconf 82' lang='grc' dir='ltr'>κα-</span> 
     </span>
    </p>
   </div>
   <div class='ocr_carea' id='block_1_82' title="bbox 2122 3578 3676 3655">
    <p class='ocr_par' dir='ltr' id='par_1_82' title="bbox 2122 3578 3676 3655">
     <span class='ocr_line' id='line_1_82' title="bbox 2122 3578 3676 3655; baseline -0.005 -19"><span class='ocrx_word' id='word_1_597' title='bbox 2122 3583 2315 3637; x_wconf 80' lang='grc' dir='ltr'>λοῦντα</span> <span class='ocrx_word' id='word_1_598' title='bbox 2348 3583 2444 3655; x_wconf 78' lang='grc' dir='ltr'><strong>μὲν</strong></span> <span class='ocrx_word' id='word_1_599' title='bbox 2464 3584 2554 3637; x_wconf 89' lang='grc' dir='ltr'><strong>τὸν</strong></span> <span class='ocrx_word' id='word_1_600' title='bbox 2598 3583 2863 3637; x_wconf 85' lang='grc' dir='ltr'>Ἰουδαίων</span> <span class='ocrx_word' id='word_1_601' title='bbox 2892 3582 3018 3636; x_wconf 88' lang='grc' dir='ltr'>λαὸν</span> <span class='ocrx_word' id='word_1_602' title='bbox 3050 3581 3142 3634; x_wconf 74' lang='grc' dir='ltr'><strong>ἐπὶ</strong></span> <span class='ocrx_word' id='word_1_603' title='bbox 3166 3580 3496 3649; x_wconf 87' lang='grc' dir='ltr'>ἀγαλλίασιν,</span> <span class='ocrx_word' id='word_1_604' title='bbox 3522 3578 3676 3630; x_wconf 82' lang='grc' dir='ltr'>ἀπει-</span> 
     </span>
    </p>
   </div>
   <div class='ocr_carea' id='block_1_83' title="bbox 2122 3663 3683 3745">
    <p class='ocr_par' dir='ltr' id='par_1_83' title="bbox 2122 3663 3683 3745">
     <span class='ocr_line' id='line_1_83' title="bbox 2122 3663 3683 3745; baseline -0.006 -19"><span class='ocrx_word' id='word_1_605' title='bbox 2122 3672 2317 3728; x_wconf 81' lang='grc' dir='ltr'>λοῦντα</span> <span class='ocrx_word' id='word_1_606' title='bbox 2352 3674 2409 3728; x_wconf 79' lang='grc' dir='ltr'><strong>δὲ</strong></span> <span class='ocrx_word' id='word_1_607' title='bbox 2442 3675 2622 3738; x_wconf 85' lang='grc' dir='ltr'>αὐτοῖς</span> <span class='ocrx_word' id='word_1_608' title='bbox 2653 3673 2820 3745; x_wconf 82' lang='grc' dir='ltr'>ὀργὴν</span> <span class='ocrx_word' id='word_1_609' title='bbox 2852 3672 2945 3727; x_wconf 70' lang='grc' dir='ltr'>καὶ</span> <span class='ocrx_word' id='word_1_610' title='bbox 2981 3671 3050 3724; x_wconf 84' lang='grc' dir='ltr'>τὰ</span> <span class='ocrx_word' id='word_1_611' title='bbox 3083 3670 3207 3742; x_wconf 83' lang='grc' dir='ltr'>τέλη</span> <span class='ocrx_word' id='word_1_612' title='bbox 3243 3669 3351 3722; x_wconf 87' lang='grc' dir='ltr'><strong>τῶν</strong></span> <span class='ocrx_word' id='word_1_613' title='bbox 3382 3663 3683 3736; x_wconf 83' lang='grc' dir='ltr'>παραγγελ-</span> 
     </span>
    </p>
   </div>
   <div class='ocr_carea' id='block_1_84' title="bbox 2128 3753 3686 3836">
    <p class='ocr_par' dir='ltr' id='par_1_84' title="bbox 2128 3753 3686 3836">
     <span class='ocr_line' id='line_1_84' title="bbox 2128 3753 3686 3836; baseline -0.007 -18"><span class='ocrx_word' id='word_1_614' title='bbox 2128 3764 2312 3836; x_wconf 82' lang='grc' dir='ltr'>μάτων</span> <span class='ocrx_word' id='word_1_615' title='bbox 2339 3765 2431 3818; x_wconf 62' lang='lat' dir='ltr'><strong>sui.</strong></span> <span class='ocrx_word' id='word_1_616' title='bbox 2475 3764 2815 3836; x_wconf 81' lang='grc' dir='ltr'>σκυθρωποῖς</span> <span class='ocrx_word' id='word_1_617' title='bbox 2847 3763 3274 3834; x_wconf 87' lang='grc' dir='ltr'>περιγράφοντα.</span> <span class='ocrx_word' id='word_1_618' title='bbox 3310 3755 3592 3828; x_wconf 66' lang='grc' dir='ltr'>Σημειιὶπῃ</span> <span class='ocrx_word' id='word_1_619' title='bbox 3623 3753 3686 3807; x_wconf 67' lang='grc' dir='ltr'>δὲ</span> 
     </span>
    </p>
   </div>
   <div class='ocr_carea' id='block_1_85' title="bbox 2123 3847 3686 3924">
    <p class='ocr_par' dir='ltr' id='par_1_85' title="bbox 2123 3847 3686 3924">
     <span class='ocr_line' id='line_1_85' title="bbox 2123 3847 3686 3924; baseline -0.007 -16"><span class='ocrx_word' id='word_1_620' title='bbox 2123 3854 2178 3908; x_wconf 80' lang='grc' dir='ltr'><strong>εί</strong></span> <span class='ocrx_word' id='word_1_621' title='bbox 2202 3871 2303 3908; x_wconf 88' lang='grc' dir='ltr'><strong>που</strong></span> <span class='ocrx_word' id='word_1_622' title='bbox 2338 3856 2430 3908; x_wconf 75' lang='grc' dir='ltr'><strong>καὶ</strong></span> <span class='ocrx_word' id='word_1_623' title='bbox 2470 3852 2700 3924; x_wconf 82' lang='grc' dir='ltr'>ἀλλαχοῦ</span> <span class='ocrx_word' id='word_1_624' title='bbox 2736 3854 2833 3923; x_wconf 85' lang='grc' dir='ltr'>τῆς</span> <span class='ocrx_word' id='word_1_625' title='bbox 2861 3851 3084 3924; x_wconf 81' lang='grc' dir='ltr'>Γραφῆς</span> <span class='ocrx_word' id='word_1_626' title='bbox 3111 3850 3189 3914; x_wconf 86' lang='grc' dir='ltr'><strong>τὸ,</strong></span> <span class='ocrx_word' id='word_1_627' title='bbox 3224 3849 3414 3911; x_wconf 84' lang='grc' dir='ltr'>δεῦτε,</span> <span class='ocrx_word' id='word_1_628' title='bbox 3452 3847 3686 3917; x_wconf 75' lang='grc' dir='ltr'>εἴρηται,</span> 
     </span>
    </p>
   </div>
   <div class='ocr_carea' id='block_1_86' title="bbox 2123 3934 3694 4014">
    <p class='ocr_par' dir='ltr' id='par_1_86' title="bbox 2123 3934 3694 4014">
     <span class='ocr_line' id='line_1_86' title="bbox 2123 3934 3694 4014; baseline -0.008 -15"><span class='ocrx_word' id='word_1_629' title='bbox 2123 3946 2217 3999; x_wconf 74' lang='grc' dir='ltr'>καὶ</span> <span class='ocrx_word' id='word_1_630' title='bbox 2242 3943 2361 3997; x_wconf 88' lang='grc' dir='ltr'>τίνα</span> <span class='ocrx_word' id='word_1_631' title='bbox 2392 3942 2586 4014; x_wconf 79' lang='grc' dir='ltr'>τρόπον</span> <span class='ocrx_word' id='word_1_632' title='bbox 2611 3942 2686 4005; x_wconf 84' lang='grc' dir='ltr'>ὡς</span> <span class='ocrx_word' id='word_1_633' title='bbox 2710 3940 3025 4010; x_wconf 79' lang='grc' dir='ltr'>ἀφεστῶτας</span> <span class='ocrx_word' id='word_1_634' title='bbox 3051 3940 3143 3993; x_wconf 73' lang='grc' dir='ltr'>καὶ</span> <span class='ocrx_word' id='word_1_635' title='bbox 3169 3937 3383 4010; x_wconf 84' lang='grc' dir='ltr'>μακράν</span> <span class='ocrx_word' id='word_1_636' title='bbox 3403 3934 3694 4006; x_wconf 83' lang='grc' dir='ltr'>γεγονότας</span> 
     </span>
    </p>
   </div>
   <div class='ocr_carea' id='block_1_87' title="bbox 2124 4026 3696 4107">
    <p class='ocr_par' dir='ltr' id='par_1_87' title="bbox 2124 4026 3696 4107">
     <span class='ocr_line' id='line_1_87' title="bbox 2124 4026 3696 4107; baseline -0.006 -18"><span class='ocrx_word' id='word_1_637' title='bbox 2124 4033 2442 4107; x_wconf 79' lang='grc' dir='ltr'>πλησιάζειν</span> <span class='ocrx_word' id='word_1_638' title='bbox 2466 4033 2615 4104; x_wconf 78' lang='grc' dir='ltr'>αὐτῷ</span> <span class='ocrx_word' id='word_1_639' title='bbox 2635 4033 2787 4087; x_wconf 86' lang='grc' dir='ltr'><strong>καλεί</strong></span> <span class='ocrx_word' id='word_1_640' title='bbox 2807 4050 2818 4062; x_wconf 77' lang='grc' dir='ltr'><strong>ο</strong></span> <span class='ocrx_word' id='word_1_641' title='bbox 2844 4034 3102 4105; x_wconf 79' lang='grc' dir='ltr'>τηρήσεις</span> <span class='ocrx_word' id='word_1_642' title='bbox 3119 4030 3212 4085; x_wconf 69' lang='grc' dir='ltr'>καὶ</span> <span class='ocrx_word' id='word_1_643' title='bbox 3236 4031 3316 4083; x_wconf 84' lang='grc' dir='ltr'><strong>ὅτι</strong></span> <span class='ocrx_word' id='word_1_644' title='bbox 3338 4029 3567 4085; x_wconf 81' lang='grc' dir='ltr'>πάντοτε</span> <span class='ocrx_word' id='word_1_645' title='bbox 3592 4026 3696 4099; x_wconf 81' lang='grc' dir='ltr'>τὴν</span> 
     </span>
    </p>
   </div>
   <div class='ocr_carea' id='block_1_88' title="bbox 2124 4118 3694 4197">
    <p class='ocr_par' dir='ltr' id='par_1_88' title="bbox 2124 4118 3694 4197">
     <span class='ocr_line' id='line_1_88' title="bbox 2124 4118 3694 4197; baseline -0.006 -17"><span class='ocrx_word' id='word_1_646' title='bbox 2124 4127 2313 4197; x_wconf 80' lang='grc' dir='ltr'>κλῆσιν</span> <span class='ocrx_word' id='word_1_647' title='bbox 2341 4128 2426 4179; x_wconf 76' lang='grc' dir='ltr'><strong>ἐπ’</strong></span> <span class='ocrx_word' id='word_1_648' title='bbox 2459 4124 2644 4195; x_wconf 85' lang='grc' dir='ltr'>ἀγαθῷ</span> <span class='ocrx_word' id='word_1_649' title='bbox 2675 4127 2924 4189; x_wconf 84' lang='grc' dir='ltr'>ποιεῖται,</span> <span class='ocrx_word' id='word_1_650' title='bbox 2967 4124 3042 4188; x_wconf 83' lang='grc' dir='ltr'>ὡς</span> <span class='ocrx_word' id='word_1_651' title='bbox 3074 4125 3131 4177; x_wconf 78' lang='grc' dir='ltr'>ἐν</span> <span class='ocrx_word' id='word_1_652' title='bbox 3157 4121 3255 4193; x_wconf 84' lang='grc' dir='ltr'><strong>τῷ,</strong></span> <span class='ocrx_word' id='word_1_653' title='bbox 3284 4121 3461 4175; x_wconf 80' lang='grc' dir='ltr'>Δεῦτε</span> <span class='ocrx_word' id='word_1_654' title='bbox 3489 4118 3694 4181; x_wconf 74' lang='grc' dir='ltr'>τέκνα,</span> 
     </span>
    </p>
   </div>
   <div class='ocr_carea' id='block_1_89' title="bbox 2123 4209 3698 4286">
    <p class='ocr_par' dir='ltr' id='par_1_89' title="bbox 2123 4209 3698 4286">
     <span class='ocr_line' id='line_1_89' title="bbox 2123 4209 3698 4286; baseline -0.007 -13"><span class='ocrx_word' id='word_1_655' title='bbox 2123 4216 2420 4273; x_wconf 79' lang='grc' dir='ltr'>ἀκούσατέ</span> <span class='ocrx_word' id='word_1_656' title='bbox 2455 4235 2594 4286; x_wconf 86' lang='grc' dir='ltr'>μου,</span> <span class='ocrx_word' id='word_1_657' title='bbox 2619 4216 2733 4279; x_wconf 71' lang='grc' dir='ltr'>καὶ,</span> <span class='ocrx_word' id='word_1_658' title='bbox 2762 4215 2936 4270; x_wconf 80' lang='grc' dir='ltr'>Δεῦτε</span> <span class='ocrx_word' id='word_1_659' title='bbox 2977 4213 3282 4283; x_wconf 72' lang='grc' dir='ltr'>ἀναδῶμεν</span> <span class='ocrx_word' id='word_1_660' title='bbox 3319 4214 3407 4278; x_wconf 76' lang='grc' dir='ltr'><strong>εἰς</strong></span> <span class='ocrx_word' id='word_1_661' title='bbox 3441 4210 3510 4264; x_wconf 81' lang='grc' dir='ltr'><strong>τὸ</strong></span> <span class='ocrx_word' id='word_1_662' title='bbox 3555 4209 3698 4277; x_wconf 81' lang='grc' dir='ltr'>ὅρος</span> 
     </span>
    </p>
   </div>
   <div class='ocr_carea' id='block_1_90' title="bbox 2125 4300 3692 4377">
    <p class='ocr_par' dir='ltr' id='par_1_90' title="bbox 2125 4300 3692 4377">
     <span class='ocr_line' id='line_1_90' title="bbox 2125 4300 3692 4377; baseline -0.006 -14"><span class='ocrx_word' id='word_1_663' title='bbox 2125 4308 2364 4377; x_wconf 83' lang='grc' dir='ltr'>Κυρίου,</span> <span class='ocrx_word' id='word_1_664' title='bbox 2390 4308 2503 4371; x_wconf 72' lang='grc' dir='ltr'>καὶ,</span> <span class='ocrx_word' id='word_1_665' title='bbox 2537 4307 2713 4361; x_wconf 83' lang='grc' dir='ltr'>Δεῦτε</span> <span class='ocrx_word' id='word_1_666' title='bbox 2745 4305 2895 4375; x_wconf 79' lang='grc' dir='ltr'>πρὸς</span> <span class='ocrx_word' id='word_1_667' title='bbox 2916 4306 2995 4374; x_wconf 79' lang='grc' dir='ltr'>μὲ</span> <span class='ocrx_word' id='word_1_668' title='bbox 3022 4304 3243 4370; x_wconf 77' lang='grc' dir='ltr'>πάντες</span> <span class='ocrx_word' id='word_1_669' title='bbox 3263 4305 3318 4358; x_wconf 78' lang='lat' dir='ltr'><strong>oi</strong></span> <span class='ocrx_word' id='word_1_670' title='bbox 3344 4300 3692 4365; x_wconf 73' lang='grc' dir='ltr'>κοπιῶντες,</span> 
     </span>
    </p>
   </div>
   <div class='ocr_carea' id='block_1_91' title="bbox 462 4389 2026 4474">
    <p class='ocr_par' dir='ltr' id='par_1_91' title="bbox 462 4400 2023 4474">
     <span class='ocr_line' id='line_1_91' title="bbox 462 4400 2023 4474; baseline -0.001 -18"><span class='ocrx_word' id='word_1_671' title='bbox 462 4419 637 4457; x_wconf 85' lang='lat' dir='ltr'><strong>omnes</strong></span> <span class='ocrx_word' id='word_1_672' title='bbox 667 4403 755 4474; x_wconf 88' lang='lat' dir='ltr'><strong>qui</strong></span> <span class='ocrx_word' id='word_1_673' title='bbox 780 4401 1036 4456; x_wconf 81' lang='lat' dir='ltr'><strong>laboratis</strong></span> <span class='ocrx_word' id='word_1_674' title='bbox 1067 4402 1148 4468; x_wconf 74' lang='lat'><strong>“;</strong></span> <span class='ocrx_word' id='word_1_675' title='bbox 1192 4410 1244 4456; x_wconf 87' lang='lat' dir='ltr'><strong>et</strong></span> <span class='ocrx_word' id='word_1_676' title='bbox 1272 4418 1287 4454; x_wconf 75' lang='grc' dir='ltr'><strong>τ</strong></span> <span class='ocrx_word' id='word_1_677' title='bbox 1331 4401 1528 4465; x_wconf 83' lang='lat' dir='ltr'><strong>Venite,</strong></span> <span class='ocrx_word' id='word_1_678' title='bbox 1561 4400 1812 4456; x_wconf 82' lang='lat' dir='ltr'><strong>benedicti</strong></span> <span class='ocrx_word' id='word_1_679' title='bbox 1846 4400 2023 4455; x_wconf 80' lang='lat' dir='ltr'><strong>Patris</strong></span> 
     </span>
    </p>
   </div>
   <div class='ocr_carea' id='block_1_92' title="bbox 2126 4389 3695 4474">
    <p class='ocr_par' dir='ltr' id='par_1_92' title="bbox 2129 4389 3695 4467">
     <span class='ocr_line' id='line_1_92' title="bbox 2129 4389 3695 4467; baseline -0.007 -15"><span class='ocrx_word' id='word_1_680' title='bbox 2129 4400 2241 4460; x_wconf 76' lang='grc' dir='ltr'>καὶ,</span> <span class='ocrx_word' id='word_1_681' title='bbox 2276 4398 2452 4451; x_wconf 82' lang='grc' dir='ltr'>Δεῦτε</span> <span class='ocrx_word' id='word_1_682' title='bbox 2492 4399 2545 4452; x_wconf 82' lang='grc' dir='ltr'>οι</span> <span class='ocrx_word' id='word_1_683' title='bbox 2590 4396 2976 4467; x_wconf 73' lang='grc' dir='ltr'>εὐλογημένοι</span> <span class='ocrx_word' id='word_1_684' title='bbox 3018 4396 3126 4449; x_wconf 84' lang='grc' dir='ltr'><strong>τοῦ</strong></span> <span class='ocrx_word' id='word_1_685' title='bbox 3166 4394 3394 4461; x_wconf 79' lang='grc' dir='ltr'>Πατρός</span> <span class='ocrx_word' id='word_1_686' title='bbox 3422 4408 3555 4459; x_wconf 82' lang='grc' dir='ltr'>μου.</span> <span class='ocrx_word' id='word_1_687' title='bbox 3601 4389 3695 4442; x_wconf 78' lang='grc' dir='ltr'>Ἐν</span> 
     </span>
    </p>
   </div>
   <div class='ocr_carea' id='block_1_93' title="bbox 465 4490 2023 4562">
    <p class='ocr_par' dir='ltr' id='par_1_93' title="bbox 465 4490 2023 4562">
     <span class='ocr_line' id='line_1_93' title="bbox 465 4490 2023 4562; baseline -0.003 -14"><span class='ocrx_word' id='word_1_688' title='bbox 465 4496 567 4548; x_wconf 87' lang='lat' dir='ltr'><strong>mei</strong></span> <span class='ocrx_word' id='word_1_689' title='bbox 596 4494 663 4549; x_wconf 84' lang='lat'><strong>&quot;.</strong></span> <span class='ocrx_word' id='word_1_690' title='bbox 706 4494 763 4546; x_wconf 92' lang='lat' dir='ltr'><strong>ln</strong></span> <span class='ocrx_word' id='word_1_691' title='bbox 800 4494 901 4547; x_wconf 89' lang='lat' dir='ltr'><strong>hoc</strong></span> <span class='ocrx_word' id='word_1_692' title='bbox 942 4501 1118 4549; x_wconf 85' lang='lat' dir='ltr'><strong>autem</strong></span> <span class='ocrx_word' id='word_1_693' title='bbox 1155 4493 1362 4562; x_wconf 85' lang='lat' dir='ltr'><strong>psalmo</strong></span> <span class='ocrx_word' id='word_1_694' title='bbox 1390 4493 1536 4546; x_wconf 88' lang='lat' dir='ltr'><strong>clare</strong></span> <span class='ocrx_word' id='word_1_695' title='bbox 1589 4490 1656 4544; x_wconf 86' lang='lat' dir='ltr'><strong>ad</strong></span> <span class='ocrx_word' id='word_1_696' title='bbox 1704 4490 2023 4545; x_wconf 81' lang='lat' dir='ltr'><strong>exsultatio-</strong></span> 
     </span>
    </p>
   </div>
   <div class='ocr_carea' id='block_1_94' title="bbox 458 4582 2024 4653">
    <p class='ocr_par' dir='ltr' id='par_1_94' title="bbox 458 4582 2024 4653">
     <span class='ocr_line' id='line_1_94' title="bbox 458 4582 2024 4653; baseline -0.004 -14"><span class='ocrx_word' id='word_1_697' title='bbox 458 4599 585 4639; x_wconf 88' lang='lat' dir='ltr'><strong>nem</strong></span> <span class='ocrx_word' id='word_1_698' title='bbox 620 4584 803 4638; x_wconf 89' lang='lat' dir='ltr'><strong>venire</strong></span> <span class='ocrx_word' id='word_1_699' title='bbox 832 4591 1106 4653; x_wconf 78' lang='lat' dir='ltr'><strong>provocat.</strong></span> <span class='ocrx_word' id='word_1_700' title='bbox 1132 4582 1311 4649; x_wconf 86' lang='lat' dir='ltr'><strong>Quare</strong></span> <span class='ocrx_word' id='word_1_701' title='bbox 1341 4583 1596 4637; x_wconf 78' lang='lat' dir='ltr'><strong>observes</strong></span> <span class='ocrx_word' id='word_1_702' title='bbox 1625 4583 1772 4645; x_wconf 87' lang='lat' dir='ltr'><strong>item,</strong></span> <span class='ocrx_word' id='word_1_703' title='bbox 1806 4596 1914 4635; x_wconf 91' lang='lat' dir='ltr'><strong>non</strong></span> <span class='ocrx_word' id='word_1_704' title='bbox 1939 4596 2024 4634; x_wconf 88' lang='lat' dir='ltr'><strong>re-</strong></span> 
     </span>
    </p>
   </div>
   <div class='ocr_carea' id='block_1_95' title="bbox 462 4673 2022 4744">
    <p class='ocr_par' dir='ltr' id='par_1_95' title="bbox 462 4673 2022 4744">
     <span class='ocr_line' id='line_1_95' title="bbox 462 4673 2022 4744; baseline -0.002 -15"><span class='ocrx_word' id='word_1_705' title='bbox 462 4682 547 4729; x_wconf 89' lang='lat' dir='ltr'><strong>cte</strong></span> <span class='ocrx_word' id='word_1_706' title='bbox 575 4674 844 4729; x_wconf 72' lang='lat' dir='ltr'><strong>testimare</strong></span> <span class='ocrx_word' id='word_1_707' title='bbox 880 4689 995 4736; x_wconf 89' lang='lat' dir='ltr'><strong>eos,</strong></span> <span class='ocrx_word' id='word_1_708' title='bbox 1054 4674 1147 4743; x_wconf 90' lang='lat' dir='ltr'><strong>qui</strong></span> <span class='ocrx_word' id='word_1_709' title='bbox 1182 4673 1372 4744; x_wconf 84' lang='lat' dir='ltr'><strong>jugum</strong></span> <span class='ocrx_word' id='word_1_710' title='bbox 1410 4673 1691 4743; x_wconf 71' lang='lat' dir='ltr'><strong>religionis</strong></span> <span class='ocrx_word' id='word_1_711' title='bbox 1749 4673 1904 4728; x_wconf 87' lang='lat' dir='ltr'><strong>triste</strong></span> <span class='ocrx_word' id='word_1_712' title='bbox 1957 4687 2022 4726; x_wconf 89' lang='lat' dir='ltr'><strong>ac</strong></span> 
     </span>
    </p>
   </div>
   <div class='ocr_carea' id='block_1_96' title="bbox 462 4764 2021 4835">
    <p class='ocr_par' dir='ltr' id='par_1_96' title="bbox 462 4764 2021 4835">
     <span class='ocr_line' id='line_1_96' title="bbox 462 4764 2021 4835; baseline -0.001 -15"><span class='ocrx_word' id='word_1_713' title='bbox 462 4766 749 4820; x_wconf 89' lang='lat' dir='ltr'><strong>molestum</strong></span> <span class='ocrx_word' id='word_1_714' title='bbox 774 4780 896 4819; x_wconf 83' lang='lat' dir='ltr'><strong>esse</strong></span> <span class='ocrx_word' id='word_1_715' title='bbox 923 4765 1260 4818; x_wconf 88' lang='lat' dir='ltr'><strong>arbitrantur</strong></span> <span class='ocrx_word' id='word_1_716' title='bbox 1307 4783 1319 4817; x_wconf 90' lang='lat'>:</span> <span class='ocrx_word' id='word_1_717' title='bbox 1368 4765 1433 4816; x_wconf 87' lang='lat' dir='ltr'><strong>ad</strong></span> <span class='ocrx_word' id='word_1_718' title='bbox 1467 4765 1605 4818; x_wconf 88' lang='lat' dir='ltr'><strong>bona</strong></span> <span class='ocrx_word' id='word_1_719' title='bbox 1644 4766 1844 4835; x_wconf 89' lang='lat' dir='ltr'><strong>quippe</strong></span> <span class='ocrx_word' id='word_1_720' title='bbox 1870 4774 1924 4820; x_wconf 92' lang='lat' dir='ltr'><strong>et</strong></span> <span class='ocrx_word' id='word_1_721' title='bbox 1954 4764 2021 4819; x_wconf 87' lang='lat' dir='ltr'><strong>ad</strong></span> 
     </span>
    </p>
   </div>
   <div class='ocr_carea' id='block_1_97' title="bbox 461 4852 2023 4924">
    <p class='ocr_par' dir='ltr' id='par_1_97' title="bbox 461 4852 2023 4924">
     <span class='ocr_line' id='line_1_97' title="bbox 461 4852 2023 4924; baseline 0.001 -16"><span class='ocrx_word' id='word_1_722' title='bbox 461 4854 585 4910; x_wconf 70' lang='lat' dir='ltr'><strong>lazta</strong></span> <span class='ocrx_word' id='word_1_723' title='bbox 614 4855 950 4910; x_wconf 81' lang='lat' dir='ltr'><strong>vocationem</strong></span> <span class='ocrx_word' id='word_1_724' title='bbox 993 4853 1123 4910; x_wconf 89' lang='lat' dir='ltr'><strong>edit.</strong></span> <span class='ocrx_word' id='word_1_725' title='bbox 1154 4852 1249 4908; x_wconf 85' lang='lat' dir='ltr'><strong>llis</strong></span> <span class='ocrx_word' id='word_1_726' title='bbox 1290 4869 1575 4924; x_wconf 82' lang='lat' dir='ltr'><strong>compares</strong></span> <span class='ocrx_word' id='word_1_727' title='bbox 1601 4854 1732 4909; x_wconf 91' lang='lat' dir='ltr'><strong>illud</strong></span> <span class='ocrx_word' id='word_1_728' title='bbox 1780 4874 1792 4909; x_wconf 93' lang='lat'>:</span> <span class='ocrx_word' id='word_1_729' title='bbox 1838 4855 2023 4910; x_wconf 82' lang='lat' dir='ltr'><strong>Disce-</strong></span> 
     </span>
    </p>
   </div>
   <div class='ocr_carea' id='block_1_98' title="bbox 459 4944 2022 5016">
    <p class='ocr_par' dir='ltr' id='par_1_98' title="bbox 459 4944 2022 5016">
     <span class='ocr_line' id='line_1_98' title="bbox 459 4944 2022 5016; baseline 0.002 -19"><span class='ocrx_word' id='word_1_730' title='bbox 459 4944 569 4999; x_wconf 85' lang='lat' dir='ltr'><strong>dite</strong></span> <span class='ocrx_word' id='word_1_731' title='bbox 621 4945 675 4998; x_wconf 89' lang='lat' dir='ltr'><strong>in</strong></span> <span class='ocrx_word' id='word_1_732' title='bbox 724 4946 892 5016; x_wconf 86' lang='lat' dir='ltr'><strong>ignem</strong></span> <span class='ocrx_word' id='word_1_733' title='bbox 919 4956 1169 4999; x_wconf 68' lang='lat' dir='ltr'><strong>aeternum</strong></span> <span class='ocrx_word' id='word_1_734' title='bbox 1215 4945 1282 5008; x_wconf 85' lang='lat'><strong>“,</strong></span> <span class='ocrx_word' id='word_1_735' title='bbox 1323 4953 1376 5000; x_wconf 84' lang='lat' dir='ltr'><strong>et</strong></span> <span class='ocrx_word' id='word_1_736' title='bbox 1405 4946 1625 5008; x_wconf 88' lang='lat' dir='ltr'><strong>similia,</strong></span> <span class='ocrx_word' id='word_1_737' title='bbox 1658 4960 1778 5014; x_wconf 69' lang='lat' dir='ltr'><strong>quae</strong></span> <span class='ocrx_word' id='word_1_738' title='bbox 1812 4945 2022 5000; x_wconf 88' lang='lat' dir='ltr'><strong>ratione</strong></span> 
     </span>
    </p>
   </div>
   <div class='ocr_carea' id='block_1_99' title="bbox 463 5035 2023 5104">
    <p class='ocr_par' dir='ltr' id='par_1_99' title="bbox 463 5035 2023 5104">
     <span class='ocr_line' id='line_1_99' title="bbox 463 5035 2023 5104; baseline 0 -15"><span class='ocrx_word' id='word_1_739' title='bbox 463 5036 626 5104; x_wconf 86' lang='lat' dir='ltr'><strong>longe</strong></span> <span class='ocrx_word' id='word_1_740' title='bbox 657 5037 925 5089; x_wconf 87' lang='lat' dir='ltr'><strong>contraria</strong></span> <span class='ocrx_word' id='word_1_741' title='bbox 963 5043 1017 5089; x_wconf 89' lang='lat' dir='ltr'><strong>et</strong></span> <span class='ocrx_word' id='word_1_742' title='bbox 1038 5035 1251 5090; x_wconf 87' lang='lat' dir='ltr'><strong>diversa</strong></span> <span class='ocrx_word' id='word_1_743' title='bbox 1283 5036 1352 5089; x_wconf 90' lang='lat' dir='ltr'><strong>ab</strong></span> <span class='ocrx_word' id='word_1_744' title='bbox 1401 5035 1514 5096; x_wconf 92' lang='lat' dir='ltr'><strong>illo.</strong></span> <span class='ocrx_word' id='word_1_745' title='bbox 1553 5037 1736 5099; x_wconf 70' lang='lat' dir='ltr'><strong>venite,</strong></span> <span class='ocrx_word' id='word_1_746' title='bbox 1782 5043 2023 5104; x_wconf 86' lang='lat' dir='ltr'><strong>peccato-</strong></span> 
     </span>
    </p>
   </div>
   <div class='ocr_carea' id='block_1_100' title="bbox 463 5123 2023 5195">
    <p class='ocr_par' dir='ltr' id='par_1_100' title="bbox 463 5123 2023 5195">
     <span class='ocr_line' id='line_1_100' title="bbox 463 5123 2023 5195; baseline 0.001 -16"><span class='ocrx_word' id='word_1_747' title='bbox 463 5126 619 5180; x_wconf 90' lang='lat' dir='ltr'><strong>ribus</strong></span> <span class='ocrx_word' id='word_1_748' title='bbox 635 5123 912 5178; x_wconf 89' lang='lat' dir='ltr'><strong>dicuntur.</strong></span> <span class='ocrx_word' id='word_1_749' title='bbox 944 5124 1208 5190; x_wconf 83' lang='lat' dir='ltr'><strong>Quoniam</strong></span> <span class='ocrx_word' id='word_1_750' title='bbox 1237 5124 1499 5179; x_wconf 89' lang='lat' dir='ltr'><strong>bellorum</strong></span> <span class='ocrx_word' id='word_1_751' title='bbox 1525 5132 1768 5195; x_wconf 90' lang='lat' dir='ltr'><strong>tempore</strong></span> <span class='ocrx_word' id='word_1_752' title='bbox 1791 5128 2023 5180; x_wconf 89' lang='lat' dir='ltr'><strong>victores</strong></span> 
     </span>
    </p>
   </div>
   <div class='ocr_carea' id='block_1_101' title="bbox 460 5215 2023 5288">
    <p class='ocr_par' dir='ltr' id='par_1_101' title="bbox 460 5215 2023 5288">
     <span class='ocr_line' id='line_1_101' title="bbox 460 5215 2023 5288; baseline 0.001 -17"><span class='ocrx_word' id='word_1_753' title='bbox 460 5215 693 5288; x_wconf 84' lang='lat' dir='ltr'><strong>jubilare</strong></span> <span class='ocrx_word' id='word_1_754' title='bbox 737 5215 932 5274; x_wconf 82' lang='lat' dir='ltr'><strong>solent.</strong></span> <span class='ocrx_word' id='word_1_755' title='bbox 969 5223 1129 5284; x_wconf 86' lang='lat' dir='ltr'><strong>atque</strong></span> <span class='ocrx_word' id='word_1_756' title='bbox 1168 5216 1335 5268; x_wconf 88' lang='lat' dir='ltr'><strong>altum</strong></span> <span class='ocrx_word' id='word_1_757' title='bbox 1377 5215 1719 5270; x_wconf 86' lang='lat' dir='ltr'><strong>conclamare</strong></span> <span class='ocrx_word' id='word_1_758' title='bbox 1761 5215 2023 5272; x_wconf 85' lang='lat' dir='ltr'><strong>adversus</strong></span> 
     </span>
    </p>
   </div>
   <div class='ocr_carea' id='block_1_102' title="bbox 464 5300 2025 5377">
    <p class='ocr_par' dir='ltr' id='par_1_102' title="bbox 464 5300 2025 5377">
     <span class='ocr_line' id='line_1_102' title="bbox 464 5300 2025 5377; baseline -0.001 -15"><span class='ocrx_word' id='word_1_759' title='bbox 464 5309 745 5374; x_wconf 83' lang='lat' dir='ltr'><strong>inimicos;</strong></span> <span class='ocrx_word' id='word_1_760' title='bbox 779 5300 1085 5377; x_wconf 81' lang='lat' dir='ltr'><strong>Opportune</strong></span> <span class='ocrx_word' id='word_1_761' title='bbox 1120 5322 1227 5360; x_wconf 89' lang='lat' dir='ltr'><strong>non</strong></span> <span class='ocrx_word' id='word_1_762' title='bbox 1272 5306 1434 5360; x_wconf 92' lang='lat' dir='ltr'><strong>modo</strong></span> <span class='ocrx_word' id='word_1_763' title='bbox 1468 5306 1701 5375; x_wconf 79' lang='lat' dir='ltr'><strong>gaudere</strong></span> <span class='ocrx_word' id='word_1_764' title='bbox 1743 5314 1795 5360; x_wconf 91' lang='lat' dir='ltr'><strong>et</strong></span> <span class='ocrx_word' id='word_1_765' title='bbox 1845 5308 2025 5362; x_wconf 78' lang='lat' dir='ltr'><strong>exsol-</strong></span> 
     </span>
    </p>
   </div>
   <div class='ocr_carea' id='block_1_103' title="bbox 464 5396 2023 5468">
    <p class='ocr_par' dir='ltr' id='par_1_103' title="bbox 464 5396 2023 5468">
     <span class='ocr_line' id='line_1_103' title="bbox 464 5396 2023 5468; baseline 0.003 -18"><span class='ocrx_word' id='word_1_766' title='bbox 464 5407 601 5460; x_wconf 85' lang='lat' dir='ltr'><strong>tare,</strong></span> <span class='ocrx_word' id='word_1_767' title='bbox 637 5399 730 5454; x_wconf 86' lang='lat' dir='ltr'><strong>sed</strong></span> <span class='ocrx_word' id='word_1_768' title='bbox 770 5399 931 5453; x_wconf 87' lang='lat' dir='ltr'><strong>etiam</strong></span> <span class='ocrx_word' id='word_1_769' title='bbox 964 5398 1030 5452; x_wconf 90' lang='lat' dir='ltr'><strong>de</strong></span> <span class='ocrx_word' id='word_1_770' title='bbox 1062 5405 1213 5466; x_wconf 86' lang='lat' dir='ltr'><strong>parta</strong></span> <span class='ocrx_word' id='word_1_771' title='bbox 1262 5396 1487 5450; x_wconf 87' lang='lat' dir='ltr'><strong>salutari</strong></span> <span class='ocrx_word' id='word_1_772' title='bbox 1520 5397 1748 5451; x_wconf 81' lang='lat' dir='ltr'><strong>victoria</strong></span> <span class='ocrx_word' id='word_1_773' title='bbox 1791 5398 2023 5468; x_wconf 84' lang='lat' dir='ltr'><strong>jubilare</strong></span> 
     </span>
    </p>
   </div>
   <div class='ocr_carea' id='block_1_104' title="bbox 464 5486 2022 5560">
    <p class='ocr_par' dir='ltr' id='par_1_104' title="bbox 464 5486 2022 5560">
     <span class='ocr_line' id='line_1_104' title="bbox 464 5486 2022 5560; baseline -0.001 -15"><span class='ocrx_word' id='word_1_774' title='bbox 464 5490 725 5560; x_wconf 68' lang='lat' dir='ltr'><strong>praecipit.</strong></span> <span class='ocrx_word' id='word_1_775' title='bbox 751 5489 886 5557; x_wconf 83' lang='lat' dir='ltr'><strong>Quis</strong></span> <span class='ocrx_word' id='word_1_776' title='bbox 907 5498 1084 5544; x_wconf 90' lang='lat' dir='ltr'><strong>autem</strong></span> <span class='ocrx_word' id='word_1_777' title='bbox 1114 5487 1275 5543; x_wconf 81' lang='lat' dir='ltr'><strong>fuerit</strong></span> <span class='ocrx_word' id='word_1_778' title='bbox 1301 5486 1550 5543; x_wconf 87' lang='lat' dir='ltr'><strong>Salvator</strong></span> <span class='ocrx_word' id='word_1_779' title='bbox 1575 5498 1625 5543; x_wconf 87' lang='lat' dir='ltr'><strong>et</strong></span> <span class='ocrx_word' id='word_1_780' title='bbox 1655 5488 1794 5545; x_wconf 90' lang='lat' dir='ltr'><strong>Deus</strong></span> <span class='ocrx_word' id='word_1_781' title='bbox 1816 5499 2022 5555; x_wconf 86' lang='lat' dir='ltr'><strong>noster.</strong></span> 
     </span>
    </p>
   </div>
   <div class='ocr_carea' id='block_1_105' title="bbox 2127 4482 3695 4561">
    <p class='ocr_par' dir='ltr' id='par_1_105' title="bbox 2127 4482 3695 4561">
     <span class='ocr_line' id='line_1_105' title="bbox 2127 4482 3695 4561; baseline -0.006 -18"><span class='ocrx_word' id='word_1_782' title='bbox 2127 4489 2183 4544; x_wconf 84' lang='grc' dir='ltr'><strong>δὲ</strong></span> <span class='ocrx_word' id='word_1_783' title='bbox 2224 4490 2300 4561; x_wconf 85' lang='grc' dir='ltr'><strong>τῷ</strong></span> <span class='ocrx_word' id='word_1_784' title='bbox 2356 4489 2492 4560; x_wconf 83' lang='grc' dir='ltr'>μετὰ</span> <span class='ocrx_word' id='word_1_785' title='bbox 2524 4492 2711 4561; x_wconf 86' lang='grc' dir='ltr'>χεῖρας</span> <span class='ocrx_word' id='word_1_786' title='bbox 2754 4488 2956 4559; x_wconf 78' lang='grc' dir='ltr'>ψαλμῷ</span> <span class='ocrx_word' id='word_1_787' title='bbox 3008 4486 3191 4556; x_wconf 81' lang='grc' dir='ltr'>σαφῶς</span> <span class='ocrx_word' id='word_1_788' title='bbox 3233 4485 3326 4538; x_wconf 78' lang='grc' dir='ltr'><strong>ἐπὶ</strong></span> <span class='ocrx_word' id='word_1_789' title='bbox 3372 4482 3695 4552; x_wconf 82' lang='grc' dir='ltr'>ἀγαλλίασιν</span> 
     </span>
    </p>
   </div>
   <div class='ocr_carea' id='block_1_106' title="bbox 2122 4569 3695 4652">
    <p class='ocr_par' dir='ltr' id='par_1_106' title="bbox 2122 4569 3695 4652">
     <span class='ocr_line' id='line_1_106' title="bbox 2122 4569 3695 4652; baseline -0.007 -19"><span class='ocrx_word' id='word_1_790' title='bbox 2122 4580 2280 4651; x_wconf 72' lang='grc' dir='ltr'>ἥκειν</span> <span class='ocrx_word' id='word_1_791' title='bbox 2309 4580 2634 4652; x_wconf 84' lang='grc' dir='ltr'>παρακαλεῖ.</span> <span class='ocrx_word' id='word_1_792' title='bbox 2653 4580 2743 4632; x_wconf 89' lang='grc' dir='ltr'><strong>Διὸ</strong></span> <span class='ocrx_word' id='word_1_793' title='bbox 2766 4575 3068 4649; x_wconf 78' lang='grc' dir='ltr'>σημειώτῃ,</span> <span class='ocrx_word' id='word_1_794' title='bbox 3091 4577 3171 4629; x_wconf 83' lang='grc' dir='ltr'>ὅτι</span> <span class='ocrx_word' id='word_1_795' title='bbox 3203 4576 3275 4648; x_wconf 77' lang='grc' dir='ltr'><strong>μὴ</strong></span> <span class='ocrx_word' id='word_1_796' title='bbox 3299 4573 3477 4634; x_wconf 87' lang='grc' dir='ltr'>καλῶς</span> <span class='ocrx_word' id='word_1_797' title='bbox 3502 4569 3695 4643; x_wconf 74' lang='grc' dir='ltr'>ἡγοῦν-</span> 
     </span>
    </p>
   </div>
   <div class='ocr_carea' id='block_1_107' title="bbox 2125 4662 3697 4742">
    <p class='ocr_par' dir='ltr' id='par_1_107' title="bbox 2125 4662 3697 4742">
     <span class='ocr_line' id='line_1_107' title="bbox 2125 4662 3697 4742; baseline -0.006 -17"><span class='ocrx_word' id='word_1_798' title='bbox 2125 4688 2215 4725; x_wconf 85' lang='grc' dir='ltr'><strong>ται</strong></span> <span class='ocrx_word' id='word_1_799' title='bbox 2240 4676 2287 4725; x_wconf 89' lang='grc' dir='ltr'>οἱ</span> <span class='ocrx_word' id='word_1_800' title='bbox 2320 4672 2640 4742; x_wconf 85' lang='grc' dir='ltr'>σκυθρωπὸν</span> <span class='ocrx_word' id='word_1_801' title='bbox 2668 4673 2760 4726; x_wconf 74' lang='grc' dir='ltr'>καὶ</span> <span class='ocrx_word' id='word_1_802' title='bbox 2797 4672 3056 4725; x_wconf 73' lang='grc' dir='ltr'>ἐπίλυπον</span> <span class='ocrx_word' id='word_1_803' title='bbox 3089 4668 3399 4741; x_wconf 81' lang='grc' dir='ltr'>νομίζοντες</span> <span class='ocrx_word' id='word_1_804' title='bbox 3436 4662 3571 4719; x_wconf 82' lang='grc' dir='ltr'>εἶναι</span> <span class='ocrx_word' id='word_1_805' title='bbox 3598 4664 3697 4717; x_wconf 84' lang='grc' dir='ltr'><strong>τὸν</strong></span> 
     </span>
    </p>
   </div>
   <div class='ocr_carea' id='block_1_108' title="bbox 2123 4757 3697 4836">
    <p class='ocr_par' dir='ltr' id='par_1_108' title="bbox 2123 4757 3697 4836">
     <span class='ocr_line' id='line_1_108' title="bbox 2123 4757 3697 4836; baseline -0.006 -18"><span class='ocrx_word' id='word_1_806' title='bbox 2123 4765 2224 4836; x_wconf 82' lang='grc' dir='ltr'>τῆς</span> <span class='ocrx_word' id='word_1_807' title='bbox 2253 4765 2559 4830; x_wconf 74' lang='grc' dir='ltr'>θεοσεϐείας</span> <span class='ocrx_word' id='word_1_808' title='bbox 2593 4765 2780 4834; x_wconf 81' lang='grc' dir='ltr'>ζυγόν’</span> <span class='ocrx_word' id='word_1_809' title='bbox 2814 4766 2897 4818; x_wconf 82' lang='grc' dir='ltr'>ἐπ’</span> <span class='ocrx_word' id='word_1_810' title='bbox 2927 4764 3149 4832; x_wconf 85' lang='grc' dir='ltr'>ἀγαθοῖς</span> <span class='ocrx_word' id='word_1_811' title='bbox 3173 4761 3281 4833; x_wconf 82' lang='grc' dir='ltr'>γὰρ</span> <span class='ocrx_word' id='word_1_812' title='bbox 3319 4761 3410 4814; x_wconf 78' lang='grc' dir='ltr'>καὶ</span> <span class='ocrx_word' id='word_1_813' title='bbox 3450 4757 3697 4830; x_wconf 82' lang='grc' dir='ltr'>φαιδροῖς</span> 
     </span>
    </p>
   </div>
   <div class='ocr_carea' id='block_1_109' title="bbox 2126 4851 3700 4929">
    <p class='ocr_par' dir='ltr' id='par_1_109' title="bbox 2126 4851 3700 4929">
     <span class='ocr_line' id='line_1_109' title="bbox 2126 4851 3700 4929; baseline -0.005 -19"><span class='ocrx_word' id='word_1_814' title='bbox 2126 4860 2356 4910; x_wconf 80' lang='grc' dir='ltr'>ποιεῖται</span> <span class='ocrx_word' id='word_1_815' title='bbox 2379 4857 2477 4929; x_wconf 79' lang='grc' dir='ltr'>τὴν</span> <span class='ocrx_word' id='word_1_816' title='bbox 2501 4856 2709 4927; x_wconf 79' lang='grc' dir='ltr'>κλῆσιν.</span> <span class='ocrx_word' id='word_1_817' title='bbox 2734 4856 2952 4919; x_wconf 86' lang='grc' dir='ltr'>Τούτοις</span> <span class='ocrx_word' id='word_1_818' title='bbox 2983 4853 3223 4923; x_wconf 79' lang='grc' dir='ltr'>παράθες</span> <span class='ocrx_word' id='word_1_819' title='bbox 3251 4851 3327 4917; x_wconf 83' lang='grc' dir='ltr'><strong>τὸ,</strong></span> <span class='ocrx_word' id='word_1_820' title='bbox 3361 4851 3700 4919; x_wconf 75' lang='grc' dir='ltr'>Πορεύεσθε</span> 
     </span>
    </p>
   </div>
   <div class='ocr_carea' id='block_1_110' title="bbox 2124 4941 3695 5017">
    <p class='ocr_par' dir='ltr' id='par_1_110' title="bbox 2124 4941 3695 5017">
     <span class='ocr_line' id='line_1_110' title="bbox 2124 4941 3695 5017; baseline -0.004 -16"><span class='ocrx_word' id='word_1_821' title='bbox 2124 4950 2211 5013; x_wconf 81' lang='grc' dir='ltr'><strong>εἰς</strong></span> <span class='ocrx_word' id='word_1_822' title='bbox 2246 4948 2309 5002; x_wconf 79' lang='grc' dir='ltr'><strong>τὸ</strong></span> <span class='ocrx_word' id='word_1_823' title='bbox 2336 4949 2453 5017; x_wconf 79' lang='grc' dir='ltr'><strong>πῦρ</strong></span> <span class='ocrx_word' id='word_1_824' title='bbox 2494 4949 2558 5003; x_wconf 83' lang='grc' dir='ltr'>τὸ</span> <span class='ocrx_word' id='word_1_825' title='bbox 2585 4950 2840 5011; x_wconf 74' lang='grc' dir='ltr'>αἰώνιον,</span> <span class='ocrx_word' id='word_1_826' title='bbox 2872 4949 2965 5003; x_wconf 73' lang='grc' dir='ltr'>καὶ</span> <span class='ocrx_word' id='word_1_827' title='bbox 2994 4947 3062 5001; x_wconf 81' lang='grc' dir='ltr'>τὰ</span> <span class='ocrx_word' id='word_1_828' title='bbox 3098 4948 3275 5017; x_wconf 84' lang='grc' dir='ltr'>ὃμοια,</span> <span class='ocrx_word' id='word_1_829' title='bbox 3315 4944 3571 5006; x_wconf 72' lang='grc' dir='ltr'>ἐναντίαις</span> <span class='ocrx_word' id='word_1_830' title='bbox 3610 4941 3695 5007; x_wconf 83' lang='grc' dir='ltr'><strong>τὸ,</strong></span> 
     </span>
    </p>
   </div>
   <div class='ocr_carea' id='block_1_111' title="bbox 2125 5035 3701 5113">
    <p class='ocr_par' dir='ltr' id='par_1_111' title="bbox 2125 5035 3701 5113">
     <span class='ocr_line' id='line_1_111' title="bbox 2125 5035 3701 5113; baseline -0.004 -21"><span class='ocrx_word' id='word_1_831' title='bbox 2125 5039 2316 5101; x_wconf 82' lang='grc' dir='ltr'>δεῦτε,</span> <span class='ocrx_word' id='word_1_832' title='bbox 2358 5044 2469 5103; x_wconf 85' lang='grc' dir='ltr'>τοῖς</span> <span class='ocrx_word' id='word_1_833' title='bbox 2511 5042 2877 5113; x_wconf 82' lang='grc' dir='ltr'>ἁμαρτάνουσι</span> <span class='ocrx_word' id='word_1_834' title='bbox 2915 5038 3198 5110; x_wconf 84' lang='grc' dir='ltr'>λεγόμενα.</span> <span class='ocrx_word' id='word_1_835' title='bbox 3243 5035 3456 5107; x_wconf 83' lang='grc' dir='ltr'>Ἐπειδὴ</span> <span class='ocrx_word' id='word_1_836' title='bbox 3488 5037 3545 5087; x_wconf 85' lang='grc' dir='ltr'>ὲν</span> <span class='ocrx_word' id='word_1_837' title='bbox 3583 5036 3701 5097; x_wconf 78' lang='grc' dir='ltr'>τοῖς</span> 
     </span>
    </p>
   </div>
   <div class='ocr_carea' id='block_1_112' title="bbox 2126 5125 3694 5204">
    <p class='ocr_par' dir='ltr' id='par_1_112' title="bbox 2126 5125 3694 5204">
     <span class='ocr_line' id='line_1_112' title="bbox 2126 5125 3694 5204; baseline -0.004 -19"><span class='ocrx_word' id='word_1_838' title='bbox 2126 5136 2343 5204; x_wconf 84' lang='grc' dir='ltr'>καιροῖς</span> <span class='ocrx_word' id='word_1_839' title='bbox 2373 5133 2479 5187; x_wconf 88' lang='grc' dir='ltr'><strong>τῶν</strong></span> <span class='ocrx_word' id='word_1_840' title='bbox 2504 5134 2754 5203; x_wconf 82' lang='grc' dir='ltr'>πολέμων</span> <span class='ocrx_word' id='word_1_841' title='bbox 2785 5134 2833 5186; x_wconf 80' lang='grc' dir='ltr'><strong>οἱ</strong></span> <span class='ocrx_word' id='word_1_842' title='bbox 2860 5132 3117 5195; x_wconf 87' lang='grc' dir='ltr'>νικῶντες</span> <span class='ocrx_word' id='word_1_843' title='bbox 3134 5127 3420 5193; x_wconf 80' lang='grc' dir='ltr'>ἀλαλάζειν</span> <span class='ocrx_word' id='word_1_844' title='bbox 3445 5125 3694 5189; x_wconf 71' lang='grc' dir='ltr'>εἰώθασι,</span> 
     </span>
    </p>
   </div>
   <div class='ocr_carea' id='block_1_113' title="bbox 2126 5217 3699 5297">
    <p class='ocr_par' dir='ltr' id='par_1_113' title="bbox 2126 5217 3699 5297">
     <span class='ocr_line' id='line_1_113' title="bbox 2126 5217 3699 5297; baseline -0.006 -19"><span class='ocrx_word' id='word_1_845' title='bbox 2126 5226 2219 5279; x_wconf 70' lang='grc' dir='ltr'>καὶ</span> <span class='ocrx_word' id='word_1_846' title='bbox 2250 5226 2390 5297; x_wconf 79' lang='grc' dir='ltr'>μέγα</span> <span class='ocrx_word' id='word_1_847' title='bbox 2423 5226 2548 5297; x_wconf 82' lang='grc' dir='ltr'>βοᾷν</span> <span class='ocrx_word' id='word_1_848' title='bbox 2571 5223 2711 5278; x_wconf 78' lang='grc' dir='ltr'>κατὰ</span> <span class='ocrx_word' id='word_1_849' title='bbox 2741 5224 2850 5277; x_wconf 88' lang='grc' dir='ltr'><strong>τῶν</strong></span> <span class='ocrx_word' id='word_1_850' title='bbox 2878 5222 3168 5293; x_wconf 86' lang='grc' dir='ltr'>πολεμίων,</span> <span class='ocrx_word' id='word_1_851' title='bbox 3192 5221 3414 5284; x_wconf 78' lang='grc' dir='ltr'>εἰκότως</span> <span class='ocrx_word' id='word_1_852' title='bbox 3437 5220 3497 5272; x_wconf 86' lang='grc' dir='ltr'><strong>ού</strong></span> <span class='ocrx_word' id='word_1_853' title='bbox 3535 5217 3699 5288; x_wconf 63' lang='grc' dir='ltr'>μόνον</span> 
     </span>
    </p>
   </div>
   <div class='ocr_carea' id='block_1_114' title="bbox 2127 5308 3701 5386">
    <p class='ocr_par' dir='ltr' id='par_1_114' title="bbox 2127 5308 3701 5386">
     <span class='ocr_line' id='line_1_114' title="bbox 2127 5308 3701 5386; baseline -0.004 -20"><span class='ocrx_word' id='word_1_854' title='bbox 2127 5313 2332 5386; x_wconf 89' lang='grc' dir='ltr'>χαίρειν</span> <span class='ocrx_word' id='word_1_855' title='bbox 2360 5316 2453 5369; x_wconf 80' lang='grc' dir='ltr'>καὶ</span> <span class='ocrx_word' id='word_1_856' title='bbox 2490 5313 2767 5384; x_wconf 79' lang='grc' dir='ltr'>ἀγαλλιᾷν,</span> <span class='ocrx_word' id='word_1_857' title='bbox 2802 5311 2937 5365; x_wconf 87' lang='grc' dir='ltr'><strong>ἀλλά</strong></span> <span class='ocrx_word' id='word_1_858' title='bbox 2965 5312 3056 5365; x_wconf 73' lang='grc' dir='ltr'>καὶ</span> <span class='ocrx_word' id='word_1_859' title='bbox 3080 5308 3363 5375; x_wconf 76' lang='grc' dir='ltr'>ἀλαλάζειν</span> <span class='ocrx_word' id='word_1_860' title='bbox 3395 5308 3568 5378; x_wconf 68' lang='grc' dir='ltr'>ὲπὶτῇ</span> <span class='ocrx_word' id='word_1_861' title='bbox 3596 5323 3701 5360; x_wconf 82' lang='grc' dir='ltr'>σω-</span> 
     </span>
    </p>
   </div>
   <div class='ocr_carea' id='block_1_115' title="bbox 2125 5397 3700 5476">
    <p class='ocr_par' dir='ltr' id='par_1_115' title="bbox 2125 5397 3700 5476">
     <span class='ocr_line' id='line_1_115' title="bbox 2125 5397 3700 5476; baseline -0.004 -19"><span class='ocrx_word' id='word_1_862' title='bbox 2125 5403 2298 5474; x_wconf 84' lang='grc' dir='ltr'>τηρίῳ</span> <span class='ocrx_word' id='word_1_863' title='bbox 2328 5404 2452 5476; x_wconf 83' lang='grc' dir='ltr'>νίκῃ</span> <span class='ocrx_word' id='word_1_864' title='bbox 2482 5403 2823 5476; x_wconf 78' lang='grc' dir='ltr'>προστάττει.</span> <span class='ocrx_word' id='word_1_865' title='bbox 2861 5402 2957 5466; x_wconf 88' lang='grc' dir='ltr'><strong>Τίς</strong></span> <span class='ocrx_word' id='word_1_866' title='bbox 2980 5402 3024 5454; x_wconf 75' lang='grc' dir='ltr'>δ’</span> <span class='ocrx_word' id='word_1_867' title='bbox 3054 5401 3121 5454; x_wconf 81' lang='grc' dir='ltr'>ἂν</span> <span class='ocrx_word' id='word_1_868' title='bbox 3148 5400 3232 5471; x_wconf 76' lang='grc' dir='ltr'><strong>εἴη</strong></span> <span class='ocrx_word' id='word_1_869' title='bbox 3265 5401 3296 5453; x_wconf 85' lang='grc' dir='ltr'>ὁ</span> <span class='ocrx_word' id='word_1_870' title='bbox 3322 5397 3510 5470; x_wconf 78' lang='grc' dir='ltr'>Σωτὴρ</span> <span class='ocrx_word' id='word_1_871' title='bbox 3537 5397 3700 5467; x_wconf 69' lang='grc' dir='ltr'>ἡμῶν</span> 
     </span>
    </p>
   </div>
   <div class='ocr_carea' id='block_1_116' title="bbox 2129 5486 3698 5566">
    <p class='ocr_par' dir='ltr' id='par_1_116' title="bbox 2129 5486 3698 5566">
     <span class='ocr_line' id='line_1_116' title="bbox 2129 5486 3698 5566; baseline -0.003 -20"><span class='ocrx_word' id='word_1_872' title='bbox 2129 5493 2222 5546; x_wconf 72' lang='grc' dir='ltr'>καὶ</span> <span class='ocrx_word' id='word_1_873' title='bbox 2250 5490 2386 5557; x_wconf 85' lang='grc' dir='ltr'>Θεὸς</span> <span class='ocrx_word' id='word_1_874' title='bbox 2422 5494 2595 5566; x_wconf 77' lang='grc' dir='ltr'>ἡμῶν,</span> <span class='ocrx_word' id='word_1_875' title='bbox 2633 5493 2666 5563; x_wconf 81' lang='grc' dir='ltr'>ἢ</span> <span class='ocrx_word' id='word_1_876' title='bbox 2698 5495 2726 5546; x_wconf 83' lang='grc' dir='ltr'>ὁ</span> <span class='ocrx_word' id='word_1_877' title='bbox 2755 5490 2851 5546; x_wconf 82' lang='grc' dir='ltr'><strong>τοῦ</strong></span> <span class='ocrx_word' id='word_1_878' title='bbox 2889 5490 3025 5545; x_wconf 86' lang='grc' dir='ltr'>Θεοῦ</span> <span class='ocrx_word' id='word_1_879' title='bbox 3056 5489 3226 5557; x_wconf 86' lang='grc' dir='ltr'>Λόγος</span> <span class='ocrx_word' id='word_1_880' title='bbox 3264 5491 3293 5543; x_wconf 78' lang='grc' dir='ltr'><strong>ὁ</strong></span> <span class='ocrx_word' id='word_1_881' title='bbox 3326 5486 3513 5552; x_wconf 77' lang='grc' dir='ltr'>εἰπὼν,</span> <span class='ocrx_word' id='word_1_882' title='bbox 3544 5488 3698 5556; x_wconf 78' lang='grc' dir='ltr'>Θαρ-</span> 
     </span>
    </p>
   </div>
   <div class='ocr_carea' id='block_1_117' title="bbox 532 5600 2026 5672">
    <p class='ocr_par' dir='ltr' id='par_1_117' title="bbox 532 5600 2026 5668">
     <span class='ocr_line' id='line_1_117' title="bbox 532 5600 2026 5668; baseline -0.001 -9"><span class='ocrx_word' id='word_1_883' title='bbox 532 5609 578 5639; x_wconf 81' lang='lat'><strong>&quot;</strong></span> <span class='ocrx_word' id='word_1_884' title='bbox 614 5605 758 5668; x_wconf 78' lang='lat' dir='ltr'><strong>Psal.</strong></span> <span class='ocrx_word' id='word_1_885' title='bbox 794 5618 995 5662; x_wconf 65' lang='grc' dir='ltr'>χχχιιι,</span> <span class='ocrx_word' id='word_1_886' title='bbox 1031 5603 1117 5657; x_wconf 74' lang='grc'><strong>12.</strong></span> <span class='ocrx_word' id='word_1_887' title='bbox 1194 5600 1240 5633; x_wconf 85' lang='grc'><strong><em>⁸³</em></strong></span> <span class='ocrx_word' id='word_1_888' title='bbox 1284 5600 1386 5656; x_wconf 88' lang='lat' dir='ltr'><strong>lsa.</strong></span> <span class='ocrx_word' id='word_1_889' title='bbox 1421 5617 1493 5664; x_wconf 82' lang='grc' dir='ltr'><strong>ιι,</strong></span> <span class='ocrx_word' id='word_1_890' title='bbox 1526 5602 1578 5655; x_wconf 77' lang='lat'><strong>3.</strong></span> <span class='ocrx_word' id='word_1_891' title='bbox 1669 5602 1716 5634; x_wconf 67' lang='grc'>⁸⁸</span> <span class='ocrx_word' id='word_1_892' title='bbox 1758 5601 1944 5659; x_wconf 73' lang='lat' dir='ltr'><strong>Matth.</strong></span> <span class='ocrx_word' id='word_1_893' title='bbox 1980 5620 2026 5658; x_wconf 62' lang='grc' dir='ltr'>λι</span> 
     </span>
    </p>
   </div>
   <div class='ocr_carea' id='block_1_118' title="bbox 2126 5600 3233 5672">
    <p class='ocr_par' dir='ltr' id='par_1_118' title="bbox 2126 5603 3233 5672">
     <span class='ocr_line' id='line_1_118' title="bbox 2126 5603 3233 5672; baseline -0.001 -12"><span class='ocrx_word' id='word_1_894' title='bbox 2126 5603 2173 5660; x_wconf 84' lang='grc'><strong>8.</strong></span> <span class='ocrx_word' id='word_1_895' title='bbox 2251 5606 2295 5636; x_wconf 85' lang='grc'><strong>⁸³⁵</strong></span> <span class='ocrx_word' id='word_1_896' title='bbox 2337 5605 2523 5661; x_wconf 79' lang='lat' dir='ltr'><strong>Matth.</strong></span> <span class='ocrx_word' id='word_1_897' title='bbox 2560 5622 2686 5672; x_wconf 62' lang='lat' dir='ltr'><strong>ut“,</strong></span> <span class='ocrx_word' id='word_1_898' title='bbox 2724 5605 2819 5659; x_wconf 62' lang='lat' dir='ltr'><strong>3i.</strong></span> <span class='ocrx_word' id='word_1_899' title='bbox 2890 5606 2935 5638; x_wconf 79' lang='grc'><strong>⁵⁸</strong></span> <span class='ocrx_word' id='word_1_900' title='bbox 2976 5604 3104 5659; x_wconf 85' lang='lat' dir='ltr'><strong>ibid.</strong></span> <span class='ocrx_word' id='word_1_901' title='bbox 3144 5604 3233 5659; x_wconf 70' lang='grc'><strong>41,</strong></span> 
     </span>
    </p>
   </div>
   <div class='ocr_carea' id='block_1_119' title="bbox 534 5694 1748 5767">
    <p class='ocr_par' dir='ltr' id='par_1_119' title="bbox 534 5694 1748 5767">
     <span class='ocr_line' id='line_1_119' title="bbox 534 5694 1748 5767; baseline -0.002 -17"><span class='ocrx_word' id='word_1_902' title='bbox 534 5695 610 5767; x_wconf 87' lang='grc' dir='ltr'><strong>(Ι)</strong></span> <span class='ocrx_word' id='word_1_903' title='bbox 651 5695 808 5767; x_wconf 81' lang='lat' dir='ltr'><strong>Vulg.</strong></span> <span class='ocrx_word' id='word_1_904' title='bbox 840 5697 1021 5760; x_wconf 80' lang='lat' dir='ltr'><strong>habet,</strong></span> <span class='ocrx_word' id='word_1_905' title='bbox 1057 5694 1194 5751; x_wconf 74' lang='lat' dir='ltr'><strong>Laus</strong></span> <span class='ocrx_word' id='word_1_906' title='bbox 1218 5695 1410 5749; x_wconf 82' lang='lat' dir='ltr'><strong>cantici</strong></span> <span class='ocrx_word' id='word_1_907' title='bbox 1440 5697 1537 5763; x_wconf 65' lang='lat' dir='ltr'><strong>ipsi</strong></span> <span class='ocrx_word' id='word_1_908' title='bbox 1564 5695 1748 5750; x_wconf 63' lang='grc' dir='ltr'>Παιδία.</span> 
     </span>
    </p>
   </div>
  </div>
