4040 6210
266 332 275 345 ,
301 272 450 349 ποθ’

1403 286 1909 345 COMMENTARIA
1935 286 2004 343 IN
2043 286 2382 344 PSALM‘OS.

3380 292 3518 351 1210

264 466 267 471 γ
297 406 476 471 σεῖτε,
509 406 623 478 ἐγὼ
646 407 932 478 νενίκηκα
960 407 1066 462 τὸν
1086 409 1315 477 κόσμον
1324 424 1344 472 ;
1373 409 1402 461 ὁ
1432 407 1528 459 καὶ
1555 406 1857 478 ῥυσάμενος

1977 406 2062 462 nisi
2123 406 2216 461 Dei
2264 405 2495 461 Verbum
2525 408 2670 478 quod
2713 408 2896 466 dixit:
2937 410 3230 481 Conﬁdite,
3283 431 3376 486 ego
3423 415 3523 470 vici

295 500 444 570 ἡμᾶς
470 499 579 552 άπὸ
603 500 701 570 τῆς
741 501 906 554 πάλαι
947 499 1392 569 κατακρατούσης
1417 497 1575 568 ἡμῶν
1614 497 1857 567 δαιμονι-

268 590 399 660 αῆς
441 591 735 662 ἐνεργείας,
780 584 841 645 οὗ
889 592 983 645 καὶ
1021 591 1080 645 τὸ
1126 588 1331 661 Ἰησοῦς
1377 590 1548 661 ὄνομα
1566 602 1860 657 σωτηριον

272 680 568 752 γἘὄραῖκῇ
620 683 769 753 φωνῇ
814 682 1085 753 σημαίνει.
1133 681 1295 744 Τίνας
1331 679 1390 733 δὲ
1438 677 1862 751 προηγουμένως

297 773 326 825 ό
349 771 505 839 λόγος
535 773 626 825 ἐπὶ
648 772 746 844 τὴν
768 773 1079 841 άγαλλίασιν
1100 771 1422 843 παρακαλεῖ,
1455 769 1635 843 εὕροις
1657 769 1723 824 ἂν
1744 771 1863 823 ἐπι-

302 864 502 934 στήσας
522 866 632 925 τοῖς
654 863 799 934 ἑξῆς,
834 865 892 917 ὲν
920 857 1001 927 οἷς
1028 862 1258 935 εἴρηται,
1292 861 1455 916 Κατὰ
1484 861 1600 930 τὴν
1638 860 1868 931 ἡμέραν

270 938 406 1025 ξτοῦ
440 954 767 1024 πειρασμοῦ
791 955 859 1008 ἐν
888 952 963 1023 τῇ
996 952 1210 1023 ἐρήμῳ,
1239 948 1311 1010 οὗ
1349 951 1677 1021 ἑπείρασάν
1709 968 1788 1021 με
1810 953 1866 1005 oi

299 1046 551 1116 πατέρες
598 1044 782 1115 ὑμῶν.
824 1045 1017 1116 Σαφῶς
1043 1046 1152 1117 γὰρ
1179 1044 1268 1098 διὰ
1316 1044 1515 1098 τούτων
1559 1043 1710 1116 δηλοῖ
1739 1043 1865 1107 τοὺς

272 1139 449 1202 ,υἱοὺς
478 1138 584 1192 τῶν
624 1139 680 1191 ὲν
715 1140 780 1209 τῇ
821 1140 1012 1210 ἐρήμῳ
1046 1135 1594 1208 παραπικρανάντων,
1638 1133 1794 1205 δῆλον
1819 1133 1865 1186 δ’

296 1231 380 1283 ὅτι
398 1229 521 1293 τοὺς
541 1230 605 1284 ἐκ
628 1229 944 1302 περιτομῆς.
967 1229 1198 1291 Τούτους
1217 1226 1500 1298 τοιγαροῦν
1521 1226 1867 1280 ἀνακαλεῖται

296 1319 501 1389 λέγων’
536 1320 713 1374 Δεῦτε
731 1318 1224 1389 ἀγαλλιασώμεθα
1255 1318 1336 1385 τῷ
1369 1318 1579 1387 Κυρίῳ.
1608 1316 1866 1381 Θεσπίζει

295 1412 341 1465 δ’
372 1414 455 1466 ὅτι
491 1413 563 1484 μὴ
603 1410 992 1466 ὑπακούσονται
1024 1414 1090 1482 τῇ
1126 1410 1348 1482 κλήσειο
1381 1411 1529 1479 λέγει
1559 1410 1604 1464 δ’
1629 1404 1722 1464 οὖν
1773 1409 1866 1462 ἐπὶ

276 1506 467 1563 ,τέλει’
511 1504 625 1560 Ἀεὶ
668 1502 1010 1559 πλανῶνται
1037 1501 1113 1571 τῇ
1160 1501 1393 1571 καρδίᾳ.
1435 1502 1615 1557 Αὐτοὶ
1652 1500 1721 1555 δὲ
1756 1502 1867 1555 οὐκ

299 1599 576 1667 ἔγνωσαν
600 1597 708 1663 τὰς
755 1595 934 1661 ὁδούς
964 1612 1104 1664 μου,
1157 1595 1239 1661 ὡς
1265 1592 1474 1664 ὤμοσα
1498 1594 1569 1648 ἑν
1603 1592 1680 1662 τῇ
1720 1590 1867 1662 ὀργῇ

296 1705 438 1757 μου,
476 1689 530 1741 εί
563 1687 1011 1742 εἰσελεύσονται
1045 1688 1133 1753 εις
1168 1685 1284 1755 τὴν
1314 1684 1694 1739 κατάπαυσίν
1724 1701 1864 1752 μου.

1956 496 2293 560 mundum,",
2324 504 2486 566 atque
2502 514 2600 553 nos
2628 499 2696 554 ab
2729 500 2930 558 efﬁcaci
2972 506 3063 559 illa
3086 506 3389 562 daemonum
3410 506 3524 559 vir-

1928 616 1931 621 -
1960 599 2109 655 tute,
2168 606 2290 661 quae
2322 591 2481 645 nobis
2498 591 2623 646 olim
2647 591 3049 660 dominabatur,
3064 598 3345 663 liberavit;
3367 595 3527 665 cujus
3591 659 3595 662 ,

1961 697 2157 737 nomen
2188 681 2366 748 Jesus,
2417 682 2652 736 salutare
2703 682 2967 739 Hebraice
3009 687 3316 757 signiﬁcat?
3342 686 3527 753 Quos-

1962 789 2086 828 nam
2120 789 2251 828 vero
2281 775 2551 845 praecipue
2584 774 2648 829 ad
2684 776 3099 833 exsultationem
3143 786 3397 850 provocet
3434 777 3530 831 de-

1961 864 2289 935 prehendes,
2334 865 2379 920 si
2407 865 2722 921 consideres
2763 880 2824 921 ea
2855 882 2977 935 quae
3007 878 3329 938 sequuntur,
3362 875 3414 925 et
3447 867 3527 923 sic

1964 956 2185 1022 habent,
2225 956 2521 1012 Secundum
2573 958 2710 1012 diem
2743 961 3048 1015 tentationis
3082 963 3137 1015 in
3172 961 3397 1026 deserto,
3437 959 3529 1015 ubi

1967 1058 2296 1104 tentaverunt
2327 1066 2407 1103 me
2433 1058 2609 1118 patres
2639 1050 2813 1104 vestri.
2846 1050 2942 1106 His
2961 1053 3105 1107 enim
3138 1048 3425 1108 manifeste
3453 1052 3532 1107 si-

1964 1139 2185 1210 gnificat
2213 1139 2350 1195 filios
2375 1154 2562 1194 eorum
2589 1138 2681 1209 qui
2706 1139 2759 1193 in
2793 1140 3014 1196 deserto
3057 1142 3530 1197 exacerbaverunt

1964 1245 2112 1293 eum,
2144 1229 2261 1285 sive
2310 1231 2569 1300 populum
2622 1244 2686 1284 ex
2737 1230 3176 1286 circumcisione.
3229 1230 3338 1286 Hos
3366 1231 3531 1301 igitur

1963 1330 2153 1375 evocat
2177 1320 2388 1384 dicens,
2415 1319 2609 1383 Venite,
2636 1320 2956 1375 exsultemus
2986 1321 3231 1376 Domino.
3257 1320 3535 1376 Vaticina-

1965 1418 2055 1463 tur
2085 1422 2268 1478 porro,
2294 1424 2391 1463 eos
2417 1408 2687 1463 vocationi
2719 1424 2828 1464 non
2862 1410 3331 1480 obtemperaturos
3361 1428 3485 1467 esse
3516 1435 3533 1470 ι

1965 1499 2042 1554 su
2070 1499 2214 1555 enim
2245 1502 2346 1554 sub
2377 1500 2535 1555 ﬁnem
2563 1520 2577 1554 :
2612 1502 2826 1571 Semper
2847 1512 3026 1556 errant
3055 1502 3228 1559 corde.
3264 1501 3377 1572 Ipsi
3417 1521 3535 1559 vero

1967 1607 2073 1646 non
2106 1600 2452 1661 cognoverunt
2479 1592 2590 1646 vias
2629 1608 2792 1656 meas,
2819 1594 2953 1647 sicut
2978 1593 3159 1662 juravi
3186 1595 3240 1649 in
3263 1596 3345 1648 ira
3376 1611 3492 1649 mea
3516 1634 3533 1657 ,

1969 1683 2015 1738 si
2064 1683 2352 1737 introibant
2390 1684 2445 1737 in
2470 1670 2696 1753 requiem
2727 1700 2918 1740 meam.
2949 1685 3216 1752 Quoniam
3268 1686 3432 1757 igitur
3458 1684 3535 1741 illi

314 1780 467 1834 Ἐπεὶ
494 1775 586 1834 οὖν
616 1781 811 1834 ἐκεῖνοι
841 1779 928 1832 ἀεὶ
959 1777 1263 1833 πλανῶνται
1292 1780 1359 1848 τῇ
1400 1777 1617 1848 καρδία,
1646 1775 1869 1841 εἰκότως

1977 1789 2181 1843 semper
2208 1780 2397 1829 errant
2449 1775 2646 1840 corde;
2682 1778 2874 1831 merito
2926 1778 3269 1848 subsequens
3297 1779 3539 1848 psalmus

300 1872 332 1925 ό
357 1870 743 1942 ἐπιφερόμενος
796 1870 922 1942 ἑξῆς
952 1869 1162 1940 ψαλμὸς
1205 1868 1274 1923 τά
1327 1867 1453 1938 ἔθνη
1501 1868 1676 1922 πάντα
1716 1865 1870 1920 καλεῖ

301 1960 395 2012 ἐπὶ
424 1959 484 2012 τὸ
535 1959 716 2014 καινὸν
747 1954 918 2032 ᾆσμα,
969 1959 1062 2012 καὶ
1093 1958 1185 2013 ἐπὶ
1225 1956 1322 2031 τὴν
1350 1958 1408 2010 ὲν
1458 1954 1578 2028 Θεῷ
1613 1955 1870 2025 ἀγαλλία-

305 2068 411 2104 σιν.

375 2141 813 2213 Προφθὰσωμεν
833 2141 898 2197 τὸ
926 2142 1250 2211 πρόσωπον
1273 2140 1458 2194 αὐτοῦ
1482 2140 1552 2194 ὲν
1590 2140 1872 2210 ἐξομολο-

302 2234 498 2306 γήσει.
540 2235 638 2288 καὶ
680 2235 750 2288 ἐν
797 2232 1057 2304 ψαλμοῖς
1100 2231 1498 2302 ἁνίαυίάξωμεν
1527 2230 1702 2296 αὐτῷ.
1746 2230 1872 2285 Ἐπὶ

291 2327 406 2399 μὲν
434 2327 531 2397 τῆς
556 2325 776 2398 πρώτης
796 2325 960 2380 αὐτοῦ
978 2324 1279 2398 παρουσίας
1304 2322 1365 2377 τὸ
1397 2323 1685 2395 πρόσωπον
1706 2320 1870 2375 αὐτοῦ

295 2419 368 2475 τὸ
395 2419 574 2473 ἔνθεον
604 2419 925 2491 ἀποκρύψας
943 2421 972 2473 ό
1007 2418 1099 2473 τοῦ
1133 2418 1269 2473 Θεοῦ
1298 2417 1487 2486 Λόγος,
1514 2415 1615 2487 τὴν
1634 2413 1728 2469 τοῦ
1748 2414 1871 2468 δού-

298 2509 400 2565 λου
437 2511 645 2582 μορφὴν
674 2510 1042 2583 περιεϐάλετου
1069 2510 1147 2563 διὸ
1162 2508 1395 2581 εἴρηται*
1438 2509 1780 2574 Ἀνθρωπος
1803 2504 1874 2559 ἐν

292 2586 516 2672 tantum?
541 2602 645 2666 ὢν,
675 2603 772 2656 καί
798 2601 968 2669 εἰδὼς
995 2602 1200 2672 φέρειν
1246 2601 1585 2672 μαλακίαν
1626 2599 1717 2652 ὅτι
1756 2599 1871 2654 ἀπο

298 2693 563 2765 έστρεψε
594 2693 661 2749 τὸ
690 2697 1015 2763 πρόσωπον
1040 2693 1247 2757 αὐτοῦ,
1282 2691 1601 2763 ἡτιμάσθη,
1627 2692 1723 2746 καί
1754 2693 1866 2746 οὐκ

298 2786 615 2855 ἐλογίσθη.
656 2785 780 2839 Ἐπὶ
811 2786 869 2839 δὲ
902 2787 1002 2856 τῆς
1041 2785 1301 2858 δευτέρας
1350 2783 1513 2837 αὐτοῦ
1570 2781 1875 2856 παρουσίας

303 2876 809 2948 ἀνακεκαλυμμένῳ
840 2875 1116 2948 προσώπῳ
1146 2877 1242 2931 καὶ
1284 2874 1423 2947 μετὰ
1462 2875 1741 2946 δυνάμεως
1780 2874 1875 2928 καὶ

304 2960 468 3032 δόξης
503 2960 702 3031 πολλῆς
726 2963 1097 3033 ἐπιστήσεταιο
1134 2962 1319 3034 διόπερ
1344 2963 1374 3015 ὁ
1396 2960 1570 3029 λόγος,
1602 2960 1875 3033 προτάξας

305 3053 379 3112 τὰ
419 3053 683 3126 εἰρημένα
711 3052 801 3107 διὰ
839 3053 949 3108 τῶν
991 3052 1243 3125 πρώτων,
1276 3054 1420 3124 ἅπερ
1458 3052 1625 3126 ἐχρῆν
1655 3053 1748 3106 ἐπὶ
1776 3052 1876 3123 τῆς

306 3147 581 3218 προτέρας
609 3145 774 3201 αὐτοῦ
803 3148 1104 3219 παρουσίας
1132 3148 1412 3218 πράττειν,
1432 3145 1556 3217 ἑξῆς
1572 3144 1878 3209 ἀκολούθως

308 3235 416 3305 τῆς
450 3236 707 3308 δευτέρας
764 3236 927 3291 αὑτοῦ
970 3236 1065 3291 καὶ
1107 3236 1317 3302 ἐνδόξου
1366 3236 1690 3306 ἐπιφανείας
1741 3236 1876 3289 ὐποο

312 3328 631 3398 μιμνήσκει,
658 3327 1159 3399 παρακελευόμενος
1178 3325 1466 3399 προϐαλεῖν
1480 3326 1542 3380 τὸ
1564 3326 1774 3398 μέλλον,
1786 3326 1880 3380 καὶ

316 3419 633 3492 προφθάσαι
656 3422 718 3475 τὸ
740 3422 1030 3495 πρόσωπον
1066 3420 1231 3476 αὐτοῦ
1256 3423 1314 3475 έν
1337 3420 1737 3493 ἐξομολογήσει.
1768 3420 1883 3473 Κα-

309 3507 404 3561 λὸν
426 3507 535 3579 γὰρ
558 3510 867 3581 προφθάσαι
900 3511 994 3565 καὶ
1018 3510 1327 3583 προλαϐεῖν,
1366 3512 1461 3565 καὶ
1489 3510 1617 3584 πρὶν
1650 3510 1881 3581 φανῆναι

309 3599 377 3653 τὸ
408 3600 692 3672 πρόσωπον
722 3600 886 3655 αὐτοῦ
919 3600 1148 3667 ἔνδοξον,
1179 3602 1264 3671 ἐφ’
1289 3598 1370 3667 οἷς
1398 3602 1716 3674 ἡμάρτομεν
1744 3603 1882 3657 ἀπο·

310 3689 584 3763 κάθαρσιν
611 3692 821 3757 ἑαυτοῖς
846 3692 1170 3763 πορίσασθαι
1189 3693 1277 3748 διά
1296 3694 1395 3765 τῆς
1424 3693 1880 3769 ὲξομολογήσεως.

310 3783 531 3837 Γένοιτο
553 3783 597 3838 δ’
632 3784 697 3838 ἂν
725 3785 759 3856 ἠ
798 3783 1185 3855 ἐξομολόγησις
1211 3786 1428 3858 γνησία,
1467 3788 1515 3841 εί
1558 3788 1616 3841 ὲν
1650 3786 1885 3858 ψαλμοῖς

312 3874 672 3947 ξλαλάζωμεν
714 3876 882 3947 αύτῷ,
926 3877 1171 3931 τουτέστι
1215 3876 1302 3932 διὰ
1350 3877 1459 3931 τῶν
1506 3878 1752 3951 ὀργάνων
1785 3882 1885 3952 τῆς

312 3966 513 4038 ψυχῆς,
551 3968 690 4040 άπερ
729 3969 847 4021 ἐστὶ
876 3969 945 4023 τά
977 3968 1236 4041 σώματα’
1269 3968 1337 4022 δι’
1365 3963 1440 4023 ὧν
1491 3971 1752 4043 προσήκει
1796 3972 1887 4025 τὸν

316 4056 649 4128 καλούμενον
687 4057 1000 4128 ἀλαλαγμὸν
1039 4058 1325 4122 ἐπιτελεῖν,
1369 4058 1470 4130 βίῳ
1508 4057 1747 4131 σώφρονι
1792 4061 1889 4114 καὶ

318 4148 564 4221 πολιτείᾳ
589 4151 827 4222 ὲναρέτῳ
872 4151 971 4222 τὴν
994 4150 1088 4206 τοῦ
1114 4151 1260 4205 θείου
1289 4150 1604 4223 Πνεύματος
1626 4151 1889 4223 ἁρμονίαν

1967 1879 2161 1919 omnes
2189 1871 2379 1934 gentes
2403 1865 2468 1919 ad
2492 1866 2765 1920 canticum
2794 1881 3017 1934 novum,
3044 1878 3097 1924 et
3128 1870 3193 1925 ad
3216 1870 3539 1926 exsultatio-

1967 1969 2091 2009 nem
2126 1954 2179 2007 in
2212 1953 2320 2009 Deo
2354 1962 2632 2025 provocat.

2042 2147 2204 2202 Vens.
2223 2149 2278 2202 2.
2317 2145 2747 2218 Ρταοεοηρειηαε
2771 2147 2959 2217 faciem
2975 2147 3089 2217 ejus
3113 2147 3167 2199 in
3191 2146 3540 2216 confessione,

1967 2246 2016 2290 et
2040 2237 2094 2290 in
2125 2235 2345 2305 psalmis
2367 2235 2655 2305 jubilemus
2686 2238 2753 2293 ei.
2785 2236 2840 2290 In
2872 2237 3047 2306 primo
3073 2233 3288 2305 quidem
3307 2236 3544 2288 adventu

1968 2326 2332 2390 suo,divinam
2350 2340 2504 2380 suam
2522 2327 2803 2381 occultans
2820 2324 3133 2388 faciem,Dei
3154 2323 3385 2379 Verbum
3404 2324 3545 2379 servi

1971 2419 2197 2473 formam
2217 2416 2392 2470 induit
2412 2434 2425 2470 ε
2448 2431 2617 2486 quare
2635 2416 2840 2470 dictum
2862 2426 2966 2479 est,
2996 2414 3165 2467 Ηυηιο
3185 2415 3239 2466 in
3255 2414 3413 2484 plaga
3429 2430 3549 2467 con-

1971 2510 2211 2573 stitutus,
2239 2516 2288 2561 et
2313 2508 2480 2562 sciens
2500 2507 3051 2576 ferreinﬁrmitatem;
3081 2507 3328 2575 quoniam
3359 2505 3552 2558 avertit

1971 2599 2169 2654 vultum
2200 2614 2351 2654 suum
2371 2637 2387 2663 ,
2420 2598 2770 2653 inhonoratus
2801 2606 2900 2661 est,
2933 2612 3026 2650 nec
3089 2604 3360 2664 reputatus
3373 2595 3441 2648 ⁸⁸.
3485 2592 3548 2649 In

1973 2691 2215 2747 secumlo
2266 2700 2445 2745 autem
2505 2688 2743 2744 adventu
2801 2703 2924 2752 suo,
2961 2687 3196 2742 revelata
3229 2684 3387 2749 facie,
3421 2688 3549 2741 cum

1974 2788 2240 2853 potestate
2269 2789 2322 2836 et
2342 2780 2514 2851 gloria
2536 2794 2734 2852 magna
2762 2780 2936 2834 aderit
2968 2799 2982 2834 :
3009 2777 3358 2849 quamobrem
3401 2774 3553 2833 Scri—

1975 2885 2158 2945 ptura,
2201 2873 2498 2944 praemissis
2540 2872 2608 2927 iis
2645 2885 2768 2942 qua:
2809 2871 2955 2944 dicta
3009 2879 3136 2925 sunt
3169 2869 3223 2924 in
3256 2856 3547 2941 principio,

1975 2982 2096 3038 quae
2120 2966 2175 3020 in
2195 2965 2372 3036 primo
2399 2963 2631 3019 adventu
2659 2963 2778 3034 ejus
2800 2961 3009 3018 edenda
3043 2970 3221 3028 erant,
3257 2961 3383 3016 hinc
3412 2975 3549 3016 con-

1977 3063 2266 3127 sequenter
2322 3052 2619 3111 secundum
2669 3062 2724 3109 et
2779 3053 3074 3126 gloriosum
3100 3054 3221 3124 ejus
3260 3053 3551 3109 adventum

1980 3154 2391 3213 commemorat,
2415 3146 2673 3217 iubetque
2702 3144 2885 3201 futura
2909 3154 3251 3218 praevertere,
3269 3153 3324 3202 et
3357 3145 3553 3201 faciem

1979 3242 2100 3311 ejus
2123 3241 2175 3295 in
2204 3239 2547 3296 confessione
2576 3239 3035 3310 pmoccupare.E
3059 3255 3117 3296 re
3136 3254 3369 3309 namque
3392 3237 3554 3294 fuerit

1982 3339 2338 3395 mutavertere,
2363 3338 2524 3401 atque
2545 3332 2839 3402 gloriosum
2858 3331 2979 3401 ejus
3004 3332 3208 3386 vultum
3235 3330 3551 3403 praevenire,

1980 3430 2035 3478 et
2066 3431 2356 3492 antequam
2394 3422 2641 3497 gloriosa
2689 3423 2811 3491 ejus
2851 3421 3021 3478 facies
3047 3430 3325 3494 appareat,
3356 3438 3554 3494 purga-

1981 3513 2185 3568 tionem
2217 3511 2540 3568 delictorum
2576 3527 2671 3583 per
2708 3512 3111 3569 confessionem
3155 3514 3316 3569 nobis
3360 3529 3556 3586 procu-

1981 3620 2124 3661 rare.
2151 3605 2440 3661 Confessio
2472 3614 2653 3661 autem
2685 3607 2901 3661 sincera
2929 3615 2982 3662 et
3014 3621 3272 3677 germana
3305 3606 3484 3667 fuerit.
3506 3606 3556 3663 si

1984 3699 2041 3753 in
2086 3698 2309 3769 psalmis
2352 3698 2648 3768 jubilemus
2674 3699 2746 3762 ei,
2779 3699 2832 3753 id
2862 3706 2966 3765 est,
2998 3714 3094 3769 per
3121 3700 3314 3754 anima:
3352 3699 3558 3754 instru-

1983 3796 2192 3855 menta,
2238 3803 2360 3859 quae
2413 3797 2545 3843 sunt
2574 3803 2806 3859 corpora
2836 3797 3024 3846 nostra
3066 3789 3266 3861 :queis
3305 3790 3558 3846 convenit

1987 3882 2154 3945 illam,
2183 3890 2243 3936 ut
2272 3881 2839 3948 vocat,iubilationem
2871 3896 2968 3952 per
2989 3882 3153 3936 vitam
3181 3881 3462 3936 honestam
3492 3897 3559 3941 ac

1985 3970 2206 4027 virtutis
2229 3970 2537 4026 institutum
2561 3970 2888 4041 persolvere.
2904 3985 2968 4025 ac
2983 3971 3153 4026 divini
3174 3969 3411 4042 Spiritus
3432 3973 3559 4026 har-

1986 4063 2224 4117 moniam
2259 4076 2585 4132 sacrumque
2613 4070 2938 4117 concentum
2972 4064 3249 4118 exhibere.
3284 4060 3409 4118 llaec
3440 4080 3565 4134 por-

1988 4168 2051 4208 ro
2073 4151 2384 4208 Iudaeorum
2418 4156 2716 4223 praesertim
2751 4154 2953 4224 populo
2984 4154 3263 4221 dicuntur,
3306 4171 3559 4212 sermone

317 4241 416 4294 καὶ
460 4241 551 4295 τὸν
597 4241 750 4311 ἅγιον
804 4241 1009 4314 ῥυθμὸν
1065 4243 1559 4313 ἐπιδεικνυμένους.
1609 4242 1791 4297 Ταῦτα
1834 4242 1877 4296 δὲ

1990 4245 2139 4315 ipsos
2168 4246 2236 4300 ad
2263 4243 2561 4301 Salvatoris
2604 4246 2777 4301 nostri
2809 4246 3171 4316 cognitionem
3208 4256 3555 4316 provocante.

322 4334 746 4405 προηγουμένως
784 4334 924 4405 πρὸς
964 4334 1054 4387 τὸν
1113 4334 1382 4388 Ἰουδαίων
1439 4333 1686 4389 λέλεκται
1738 4333 1887 4395 λαὸν,

1991 4333 2243 4389 Attamen
2266 4334 2426 4389 nobis
2446 4333 2611 4387 etiam
2635 4334 2889 4388 omnibus
2907 4334 3021 4388 ha‘c
3050 4342 3354 4404 opportune
3386 4336 3561 4405 appli-

321 4425 763 4495 προκαλουμένου
792 4426 989 4487 αὐτοὺς
1016 4424 1108 4478 τοῦ
1140 4426 1297 4494 λόγου
1330 4425 1423 4478 ἐπὶ
1455 4425 1553 4497 τὴν
1579 4424 1674 4478 τοῦ
1702 4424 1877 4491 Σωτῆ-

1992 4434 2188 4481 centur
2211 4443 2225 4480 :
2250 4422 2510 4480 ——Vsns.
2565 4425 2615 4479 5.
2649 4425 2913 4491 Quoniam
2953 4423 3089 4479 Deus
3117 4442 3339 4495 magnus
3379 4425 3561 4479 Domi-

324 4533 418 4588 ρος
466 4516 621 4587 ἡμῶν
659 4515 891 4586 γνῷσινο
925 4516 1073 4586 ὅμως
1104 4515 1161 4569 δὲ
1196 4516 1290 4569 καὶ
1322 4516 1457 4588 πρὸς
1505 4516 1711 4580 πάντας
1741 4516 1888 4587 ἡμᾶς

319 4608 605 4679 χρησίμως
636 4607 701 4662 ἂν
723 4607 1090 4679 ὲφαρμοσθείη
1109 4647 1122 4659 .
1154 4608 1270 4661 Ὀτι
1297 4609 1439 4674 Θεὸς
1466 4608 1653 4679 μέγας
1676 4608 1890 4676 Κύριος

323 4698 425 4751 καὶ
462 4699 761 4766 βασιλεὺς
783 4700 972 4770 μέγας
997 4700 1096 4754 ἐπὶ
1124 4697 1356 4766 πάντας
1396 4700 1537 4766 τοὺς
1574 4701 1766 4766 θεούς.
1809 4698 1889 4754 Τὰ

326 4790 753 4863 παρηγγελμένα
785 4790 872 4843 διὰ
900 4790 1007 4843 τῶν
1041 4790 1347 4862 ἔμπροσθεν
1374 4791 1431 4842 ὲν
1456 4789 1536 4860 τῷ
1567 4791 1756 4862 Κυρίῳ
1793 4789 1890 4844 καὶ

326 4881 541 4953 Σωτῆρι
576 4880 755 4952 ἡμῶν,
801 4878 1001 4952 δηλαδὴ
1030 4879 1108 4951 τῷ
1135 4878 1228 4933 τοῦ
1259 4880 1394 4933 θεοῦ
1441 4882 1618 4951 Λόγῳ,
1650 4880 1891 4934 ὲπιτελε·

327 4972 502 5037 στὲον,
530 4972 617 5028 διά
632 4990 691 5027 τε
721 4973 789 5027 τὰ
817 4972 972 5037 ἄλλα,
999 4973 1092 5025 καὶ
1121 4972 1253 5024 διότι
1276 4970 1434 5041 φύσει
1461 4972 1632 5042 μέγας
1663 4973 1737 5027 ὢν
1762 4973 1893 5037 Θεὸς

326 5065 423 5119 καὶ
459 5064 631 5136 μέγας
660 5065 915 5136 τυγχάνει
950 5065 1218 5137 βασιλεὺς,
1254 5064 1350 5117 ἆτε
1384 5063 1675 5134 μονογενὴς
1702 5062 1777 5118 ὢν
1798 5063 1892 5117 τοῦ

325 5157 463 5212 θεοῦ
497 5158 685 5227 Λόγος.
731 5158 993 5222 Βασιλεὺς
1038 5158 1098 5212 δὲ
1149 5157 1321 5229 μέγας
1372 5156 1518 5209 ἐστὶν
1564 5157 1658 5210 ἐπὶ
1687 5158 1896 5220 πάντας

324 5251 455 5313 τοὺς
484 5250 663 5315 θεοὺς,
707 5249 741 5321 ῆ
771 5250 912 5304 κατὰ
937 5246 1030 5304 τδν
1080 5248 1396 5319 Σύμμαχον,
1423 5247 1623 5300 ἐπάνω
1654 5246 1897 5302 πάντων

326 5323 449 5394 nitr-
466 5337 616 5396 θεῶν
634 5358 649 5373 ·
683 5342 801 5412 ῆτοι
820 5340 929 5393 τῶν
967 5340 1397 5412 πεπλανημένως
1421 5338 1571 5411 παρὰ
1585 5342 1697 5402 τοῖς
1721 5338 1895 5393 ἔθνεσι

324 5433 751 5505 νενομισμένων·
786 5433 820 5503 ῆ
846 5432 952 5486 τῶν
986 5433 1210 5487 Μωῦσεί
1250 5429 1664 5503 παραπλησίων,
1687 5422 1895 5501 ᾦεῐρη-

325 5544 440 5591 ται,
478 5522 714 5586 Τέθεικὰ
745 5540 819 5578 σε
851 5523 987 5580 θεὸν
1005 5521 1233 5579 Φαραώ·
1270 5522 1302 5586 ἢ
1335 5521 1472 5578 θεῶν
1495 5521 1622 5592 περὶ
1642 5514 1716 5576 ὧν
1747 5520 1895 5596 εἴρη-

1994 4534 2115 4582 nus,
2158 4527 2207 4574 et
2263 4534 2357 4574 rex
2397 4536 2615 4590 magnus
2648 4533 2803 4587 super
2845 4534 3021 4572 omnes
3060 4518 3204 4572 deos.
3237 4517 3369 4584 Quae
3404 4518 3559 4588 prius

1994 4620 2259 4681 praecepta
2294 4622 2348 4666 et
2397 4611 2653 4666 mandata
2694 4609 2867 4669 fuere.
2904 4610 2959 4664 in
3003 4609 3231 4665 Domino
3267 4617 3322 4665 et
3366 4608 3563 4665 Serva-

1995 4710 2113 4756 tore
2143 4710 2352 4767 nostro,
2376 4703 2586 4758 scilicet
2614 4704 2668 4757 in
2711 4701 2806 4758 Dei
2839 4699 3015 4757 Verbo
3048 4702 3368 4773 complenda
3401 4710 3558 4769 sunt;

1993 4796 2107 4843 tum
2159 4790 2283 4846 aliis
2333 4790 2401 4847 de
2444 4793 2650 4858 causis,
2681 4799 2797 4846 tum
2847 4791 2975 4863 quia
3023 4806 3147 4846 eum
3194 4802 3387 4865 natura
3416 4791 3561 4849 Deus

1996 4897 2228 4952 magnus
2258 4885 2350 4948 sit,
2384 4901 2612 4955 magnus
2650 4884 2778 4939 item
2811 4898 2907 4939 rex
2936 4882 3119 4950 fuerit,
3159 4891 3347 4973 utpote
3375 4885 3562 4955 unige-

1994 4971 2171 5026 nitum
2213 4970 2308 5026 Dei
2337 4970 2594 5030 V‘erbum.
2624 4974 2720 5031 Est
2749 4983 2928 5030 autem
2983 4990 3077 5029 rex
3131 4970 3362 5044 magnus
3399 4988 3566 5043 super

1994 5079 2183 5120 omnes
2211 5063 2378 5128 deos;
2419 5064 2553 5128 sive,
2593 5066 2891 5121 secundum
2947 5065 3353 5136 Symmachum,
3390 5064 3563 5133 Supra

1997 5169 2172 5207 omnes
2201 5152 2365 5215 deos;
2398 5151 2649 5208 videlicet
2696 5168 2792 5211 eos
2828 5153 2920 5222 qui
2956 5153 3198 5223 gentium
3251 5165 3436 5207 errore
3487 5147 3560 5200 dii

1997 5262 2120 5302 esse
2155 5253 2441 5315 putantur;
2478 5245 2595 5299 sive
2646 5258 2764 5307 cos,
2795 5243 2888 5314 qui
2940 5243 3112 5315 Moysi
3157 5243 3362 5298 similes
3412 5247 3560 5301 sunt,

2001 5322 2088 5393 cui
2111 5338 2313 5392 dictum
2335 5346 2418 5391 est
2437 5335 2626 5390 :I’osui
2641 5345 2690 5391 te
2706 5335 2874 5392 Deum
2891 5334 3187 5389 Pharaonis
3206 5335 3273 5398 ”;
3294 5331 3407 5387 sive
3428 5328 3564 5384 deos

2001 5428 2067 5483 de
2098 5428 2297 5497 quibus
2327 5427 2440 5481 lucc
2470 5426 2749 5491 dicuntur,
2781 5425 2921 5481 Deus
2958 5426 3174 5480 deorum
3206 5420 3463 5476 Dominus
3484 5418 3566 5474 1ο-

2000 5531 2152 5577 cutus
2179 5530 2254 5574 est
2272 5519 2353 5587 ⁶⁰;
2384 5534 2458 5583 et,
2499 5519 2630 5575 Deus
2664 5521 2805 5576 stetit
2844 5521 2897 5574 in
2937 5531 3199 5589 synagoga
3239 5513 3511 5570 deorum“
3543 5531 3561 5571 τ

399 5685 443 5738 ⁸2
482 5683 640 5740 Joan.
678 5697 763 5734 xvi
788 5721 802 5738 .
837 5680 923 5735 '53.
1002 5681 1044 5714 ⁵⁸
1086 5678 1186 5735 lsa.
1226 5695 1353 5734 Llll.
1392 5680 1445 5734 5.
1522 5680 1566 5711 ⁵⁹
1605 5676 1772 5736 Exod.
1809 5694 1877 5731 vn

1977 5678 2012 5731 Ι.
2088 5677 2132 5709 ³⁸
2171 5674 2315 5735 Psal.
2356 5691 2509 5737 nux.
2551 5677 2597 5733 Ι.
2675 5678 2714 5709 ⁸⁸
2757 5673 2899 5730 Psai.
2934 5687 3132 5735 esui,
3169 5671 3219 5729 1.
