4044 6212
280 314 417 371 HIS

1390 314 1886 375 COMMENTARIA
1930 316 1998 373 IN
2036 315 2371 373 PSALMOS.

3380 311 3518 370 HM

277 418 701 505 προηγουμένως
728 430 822 485 ἐπὶ
850 430 940 484 τὸν
968 427 1114 487 αῐνον
1136 434 1232 488 καὶ
1263 431 1360 505 τὴν
1384 434 1703 503 ἁγαλλιασιν
1740 449 1839 488 κα-

1943 431 2316 504 quamohrem,
2406 428 2588 484 Venite
2646 428 2990 493 exsultemus,
3038 427 3103 483 in
3156 426 3385 483 exordio
3444 425 3520 481 di-

277 500 393 574 λεί*
451 500 700 594 δεύτερον
743 523 800 577 δὲ
846 525 908 578 τὸ
956 524 1208 597 δεόμενον
1263 500 1598 597 θεραπείας·
1650 526 1718 580 δι’
1771 524 1841 590 δ,

277 613 455 667 Δεῦτε
482 614 994 685 ἀταλλιασώμεθα,
1017 618 1076 671 ἐν
1100 621 1212 682 τοῖς
1239 616 1473 690 πρώτοις
1488 618 1720 689 εἴρηται·
1746 614 1843 671 εἷθ’

275 704 408 774 ἑξῆς
446 704 583 775 μετὰ
626 706 698 760 τὰ
729 707 1160 780 τεθεολογημένα
1198 710 1329 781 περὶ
1372 708 1466 763 τοῦ
1501 709 1708 780 Κυρίου
1749 710 1845 763 καὶ

277 794 421 865 μετὰ
442 795 540 867 τὴν
566 797 676 852 τῶν
708 800 990 873 προτέρων
1028 800 1218 871 κλῆσιν
1270 802 1363 855 ἐπὶ
1398 802 1527 865 τοὺς
1562 797 1845 873 δευτέρους

279 885 615 957 μεταϐαίνει,
658 890 752 942 καὶ
788 888 1011 966 τούτους
1051 889 1320 945 διδάσκων
1359 889 1480 944 ἀντί⁵
1522 887 1712 953 ὕδατος
1750 889 1845 943 καὶ

274 976 770 1048 περιρραντηρίων,
802 977 1066 1050 κλαυθμῷ
1084 980 1178 1033 καὶ
1204 977 1581 1050 ἐξομολογήσει
1622 978 1712 1032 ἐπὶ
1732 980 1847 1042 τοῖς

274 1065 512 1137 πρώτοις
537 1068 714 1121 αὐτῶν
763 1069 1120 1141 ἁμαρτήμασι
1154 1068 1480 1142 χρήσασθαι.
1514 1071 1845 1143 Προτρεπτι-

274 1152 389 1217 κῶς
405 1155 462 1208 δὲ
482 1155 563 1222 τὸ,
589 1157 947 1227 κλαύσωμεν
963 1158 1240 1211 ἐναντίον
1258 1159 1503 1226 Κυρίου,
1530 1158 1847 1227 ἐπαγαγὼν,

274 1244 384 1298 τοῦ
418 1244 788 1312 ποιήσαντος
815 1245 992 1316 ἡμᾶς,
1021 1246 1232 1316 ἀγαθὰς
1259 1246 1844 1318 ὑπέγραψενὲλπίδας,

274 1334 518 1402 διδάξας,
564 1338 645 1391 ὄτι
682 1337 756 1410 μὴ
802 1337 1070 1411 ἀλλότριοι
1102 1339 1268 1410 ἐσμεν
1314 1338 1514 1407 αὐτοῦ,
1546 1338 1660 1392 ἀλλ’
1687 1338 1846 1411 ἔργον

274 1426 441 1480 αὐτοῦ
475 1428 570 1481 καὶ
598 1428 807 1500 ποίημα
830 1427 1026 1482 αὑτοῦ·
1052 1428 1120 1482 δι’
1158 1428 1187 1482 δ
1214 1429 1477 1501 προσήκει
1516 1428 1585 1482 τὰ
1613 1428 1846 1500 χρηστό-

275 1533 408 1589 τερα
435 1517 757 1590 προσδοκᾷν,
786 1518 881 1571 ἅτε
931 1517 995 1589 δὴ
1028 1517 1324 1589 κηδομένου
1373 1515 1536 1572 αὑτοῦ
1582 1517 1677 1572 τοῦ
1714 1518 1847 1572 ἰδίου

277 1611 601 1682 ποιήματος.
626 1612 747 1665 Ἔτι
764 1608 900 1683 πρὸς
923 1609 1130 1676 τούτοις
1158 1611 1246 1666 διὰ
1263 1612 1380 1677 τοῦ,
1403 1610 1848 1682 Προσπέσωμεν

276 1702 375 1757 καὶ
404 1704 764 1773 κλαύσωμεν
793 1702 1050 1759 ἐνώπιον
1099 1706 1344 1773 Κυρίου,
1373 1703 1611 1758 διδάσκει
1648 1702 1723 1775 μὴ
1762 1706 1847 1758 ὲν-

1943 530 2092 575 ctum
2141 519 2245 587 sit;
2292 517 2490 572 deinde
2526 531 2655 572 vero
2698 526 2823 586 post
2855 532 2916 572 ea
2957 531 3079 586 quae
3110 515 3256 570 circa
3310 514 3517 568 Domim

1943 609 2198 667 deitatem
2256 610 2400 670 dicta
2455 617 2603 672 sunt,
2669 619 2722 664 et
2784 616 2907 679 post
2958 608 3200 680 priorum
3272 604 3524 661 vocatio-

1932 703 2174 768 ‘tionem,
2210 702 2276 757 ad
2302 689 2576 758 secundos
2607 707 2872 763 transeat,
2904 700 3108 755 docens
3128 715 3223 755 eos
3253 713 3353 771 pro
3383 711 3524 766 aqua

1943 804 1999 851 et
2039 794 2338 857 ablatione.
2386 792 2645 864 lacrymis
2672 802 2725 847 et
2764 792 3115 847 confessione
3173 790 3238 845 ad
3293 789 3524 861 pristina

1944 895 2169 959 peccata
2202 885 2469 957 expianda
2509 885 2769 940 utendum
2803 899 2946 939 esse.
2989 882 3124 937 Cum
3157 889 3337 937 autem
3389 880 3523 933 hor-

1943 978 2115 1032 tantis
2165 990 2316 1030 more
2368 974 2444 1028 illi
2484 973 2651 1036 dicto,
2714 974 2978 1042 ploremus
3024 987 3206 1025 coram
3268 969 3519 1032 Domine,

1945 1066 2239 1130 addiderit,
2266 1067 2354 1137 qui
2383 1064 2504 1134 fecit
2540 1080 2657 1132 nos,
2699 1064 2895 1119 bonam
2932 1078 3082 1133 spem
3114 1061 3389 1131 ascripsit,
3417 1058 3519 1115 do-

1945 1172 2079 1213 cens
2104 1170 2205 1211 nos
2240 1171 2351 1210 non
2375 1155 2585 1209 alienos
2608 1154 2710 1225 ipsi
2735 1169 2879 1217 esse,
2910 1154 3004 1209 sed
3035 1168 3173 1222 opus
3210 1159 3265 1207 et
3298 1159 3518 1206 creatu-

1945 1262 2063 1301 ram
2084 1246 2205 1315 ejus
2226 1264 2240 1301 :
2260 1244 2610 1315 quamobrem
2631 1244 2960 1315 jucundiora
2984 1241 3347 1314 exspectanda
3369 1249 3518 1309 sunt:

1945 1352 2069 1392 cum
2110 1338 2228 1407 ipse
2272 1351 2433 1391 suum
2468 1344 2626 1391 curet
2669 1334 2966 1405 Opiﬁcium.
3000 1331 3081 1387 Ad
3106 1333 3228 1387 haec
3253 1346 3402 1396 vero,
3435 1331 3524 1387 his

1943 1427 2128 1483 verbis
2150 1468 2165 1494 ,
2208 1426 2557 1482 Procidarnus
2611 1436 2660 1481 et
2706 1426 2972 1497 ploremus
3032 1441 3212 1479 eoram
3272 1423 3521 1493 Domino;

1944 1522 2104 1575 docet
2138 1536 2247 1574 non
2280 1519 2334 1573 in
2378 1529 2673 1590 conspectu
2737 1518 3043 1583 hominum,
3072 1532 3181 1571 non
3238 1516 3520 1571 hominum

1945 1609 2122 1679 gratia
2160 1608 2213 1663 id
2252 1609 2519 1679 agendum
2557 1625 2714 1675 esse;
2740 1609 2835 1665 sed
2870 1609 2926 1663 in
2951 1608 3295 1672 abscondito,
3326 1622 3523 1663 secun-

1945 1700 2184 1756 cundum
2214 1699 2369 1764 illud,
2407 1700 2572 1755 Pater
2603 1711 2743 1768 tuus,
2781 1700 2871 1772 qui
2912 1699 3049 1754 videt
3094 1699 3148 1752 in
3193 1696 3520 1762 abscondite,

275 1794 446 1848 ώπιον
483 1794 785 1868 ἀνθρώπων
831 1796 964 1869 μηδὲ
998 1795 1066 1851 δι’
1094 1795 1413 1869 ἀνθρώπους
1450 1795 1608 1850 τοῦτο
1651 1798 1842 1861 ποιεῖν,

1945 1792 2122 1848 reddet
2141 1792 2235 1848 tibi
2248 1793 2311 1850 “.
2331 1791 2597 1850 Omnibus
2614 1795 2794 1864 itaque
2807 1792 3101 1863 generatim
3123 1791 3233 1846 haec
3257 1799 3525 1863 praecepta

280 1885 397 1940 ἀλλ’
426 1886 485 1938 ὲν
520 1884 598 1957 τῷ
627 1884 856 1957 κρυπτῷ
885 1885 1026 1940 κατὰ
1062 1884 1141 1951 τὸ,
1178 1886 1234 1939 '0
1254 1883 1455 1954 Πατήρ
1481 1899 1598 1939 σου
1637 1887 1670 1939 ὁ
1696 1884 1843 1949 ,βλέ-

276 1991 407 2029 πων
428 1975 502 2053 έν
524 1973 605 2041 τῷ
633 1973 873 2044 κρυπτῷ
892 1974 1186 2030 ἀποδώσει
1201 1991 1319 2030 σοι.
1343 1973 1584 2028 Καθόλου
1627 1973 1724 2045 μὲν
1751 1970 1844 2027 οὖν

276 2066 481 2120 ἅπασιν
512 2063 742 2137 ἁρμόζει
775 2065 844 2120 τὰ
889 2065 1353 2138 παρηγγελμένα·
1401 2065 1604 2138 κυρίως
1645 2064 1701 2119 δὲ
1750 2065 1845 2119 καὶ

274 2159 703 2230 προηγουμένως
735 2160 763 2212 ό
783 2157 954 2227 Λόγος
983 2158 1074 2213 τὸν
1107 2158 1376 2213 Ἰουδαίων
1403 2158 1531 2213 λαὸν
1563 2159 1655 2212 ἐπὶ
1681 2175 1845 2229 μετα-

274 2249 394 2322 νοίᾳ
411 2242 487 2303 ὧν
518 2248 823 2321 ἐτόλμησαν
868 2250 1196 2321 παρακαλεῖ,
1229 2249 1360 2303 Ὀτι
1386 2244 1573 2316 αὑτός
1603 2249 1775 2303 ἐστιν
1811 2252 1845 2305 ό

276 2337 423 2405 Θεὸς
461 2336 647 2407 ἡμῶν,
700 2338 797 2393 καὶ
841 2337 1012 2409 ἡμεῖς
1061 2339 1213 2405 λαὸς
1241 2336 1433 2407 νομῆς
1485 2336 1703 2402 αὑτοῦ,
1744 2336 1842 2391 καὶ

275 2430 540 2497 πρόϐατα
566 2429 760 2499 χειρὸς
778 2428 985 2484 αὐτοῦ.
1003 2429 1079 2484 Οὐ
1113 2429 1272 2501 μόνον
1300 2427 1501 2501 Κύριος
1522 2427 1677 2500 ἡμῶν
1696 2429 1844 2483 ἐστιν

275 2520 352 2585 ὡς
379 2519 601 2574 οίκετῶν
626 2519 910 2591 δεσπότης,
932 2519 1053 2573 οὐδὲ
1082 2518 1241 2591 μόνον
1264 2518 1489 2591 ποιητής
1533 2520 1608 2583 ὡς
1632 2520 1697 2574 ἂν
1726 2518 1843 2573 κτί-

276 2629 410 2683 στης
436 2610 614 2683 ήμῶν,
641 2610 775 2665 ἀλλὰ
795 2611 890 2666 καὶ⁸
914 2610 1044 2676 Θεός
1070 2613 1217 2666 ἐστιν
1245 2611 1423 2685 ἡμῶν,
1444 2612 1538 2667 ἆτε
1559 2612 1617 2665 δὲ
1642 2611 1845 2681 ἀγαθὸς

275 2702 351 2756 ὣν
379 2703 473 2758 καὶ
509 2701 685 2767 ἵλεως.
728 2702 806 2756 Δι’
838 2702 867 2756 δ
897 2702 992 2757 καὶ
1022 2703 1266 2773 φείσεται
1298 2703 1454 2776 ἡμῶν
1502 2703 1597 2758 καὶ
1630 2703 1843 2775 ἐλεήσει

276 2794 443 2864 ήμᾶςσ
477 2794 559 2847 ότι
592 2794 653 2846 οὐ
692 2793 847 2864 μόνον
881 2796 1114 2865 ποίημα,
1167 2792 1304 2847 ἀλλὰ
1349 2795 1442 2848 καί
1471 2793 1657 2865 κτῆμα
1677 2794 1841 2848 αὑτοῦ

276 2886 615 2957 τυγχάνομεν
643 2885 795 2949 ὄντες
813 2902 826 2916 ·
858 2885 952 2941 καὶ
992 2886 1041 2938 οἱ
1082 2872 1558 2957 μέν’λογικὼτεροι
1586 2886 1716 2949 λαὸς
1739 2886 1840 2939 αὐ-

275 2978 390 3046 τοῦ,
414 2978 464 3031 οί
496 2976 552 3031 δὲ
578 2977 657 3032 ἔτι
682 2977 890 3042 ἀτελεῖς
913 2978 1006 3031 καὶ
1028 2976 1354 3051 ἀλογώτεροι
1384 2978 1630 3051 πρόϐατα
1663 2979 1843 3053 χειρὸς

275 3068 617 3123 αὐτοῦ·ὦστε
645 3069 739 3123 ἐὰν
771 3069 1291 3142 ὲξομολογησώμεθα
1318 3071 1471 3143 αὐτῷ
1495 3073 1587 3127 καὶ
1611 3090 1843 3145 προσκυ-

277 3161 529 3231 νήσωμεν
556 3162 649 3214 καὶ
680 3162 1075 3233 προσπέσωμεν
1119 3162 1213 3216 καὶ
1245 3162 1566 3235 κλαύσωμεν
1603 3165 1844 3220 ἐναντίον
1870 3147 1912 3205 C

277 3248 465 3314 αὐτοῦ,
487 3249 545 3316 ἐξ
563 3250 798 3314 ἅπαντος
826 3249 1204 3323 σωθησόμεθα,
1232 3252 1399 3324 οἱμὲν
1413 3252 1489 3317 ὡς
1503 3253 1627 3317 λαὸς
1654 3254 1841 3321 αὑτοῦ,

276 3343 327 3395 ot
365 3340 422 3395 δὲ
456 3341 532 3406 ώς
571 3342 814 3413 πρόϐατα
840 3344 1019 3415 χειρὸς
1049 3344 1233 3398 αὑτοῦ.
1271 3342 1502 3414 Λέγεται
1522 3345 1651 3414 γοῦν
1683 3346 1846 3411 αὐτὸς

279 3430 416 3488 εἶναι
441 3436 468 3488 ό
485 3435 687 3505 ποιμὴν
708 3437 737 3488 ό
758 3435 941 3499 καλός·
963 3436 1058 3490 καὶ
1086 3436 1245 3508 ἡμεῖς
1263 3436 1440 3507 λέγειν
1461 3438 1843 3510 διδασκόμεθαο

277 3526 490 3594 Κύριος
516 3527 813 3596 ποιμαίνει
836 3545 935 3597 με,
971 3526 1070 3582 καὶ
1098 3526 1368 3598 οὐδένμε
1403 3528 1743 3598 ὑστερήσει.

349 3640 615 3710 Σήμερόν
643 3640 753 3695 ἐὰν
794 3639 905 3710 τῆς
943 3639 1150 3711 φωνῆς
1188 3642 1376 3697 αὐτοῦ
1406 3642 1727 3711 ἀκούσητεν
1756 3643 1843 3713 μὴ

276 3730 661 3799 σκληρύνητε
703 3730 811 3796 τὰς
854 3728 1102 3798 καρδίας
1147 3729 1315 3799 ὑμῶν
1356 3729 1427 3783 ἐν
1478 3728 1558 3795 τῷ
1601 3742 1848 3799 παραπι-

279 3819 543 3889 κρασμῷ.
582 3819 764 3886 "Am:
793 3820 934 3885 τότε,
959 3819 1145 3892 φησὶν,
1170 3818 1537 3892 ὲσκληρύνατε
1572 3819 1671 3884 τὰς
1712 3837 1847 3892 καρ-

278 3910 394 3975 δίας
422 3911 593 3981 ὑμῶν,
625 3912 953 3977 ἀκούσαντες
972 3910 1137 3967 αὑτοῦ
1163 3911 1261 3984 τῆς
1280 3911 1464 3983 φωνῆς
1488 3912 1580 3965 ἐπὶ
1594 3911 1693 3982 τῆς
1718 3912 1847 3984 ἐρή-

282 4018 401 4072 μου·
433 4002 594 4072 ὁρᾶτε
614 3996 705 4054 οὖν
732 4002 806 4073 μὴ
835 4002 928 4057 καὶ
954 4000 1205 4073 δεύτερον
1233 4000 1423 4054 ταύτὸν
1456 4000 1719 4073 πράξητε,
1750 3997 1845 4051 ἐὰν

278 4089 436 4158 αὖθις
466 4094 563 4164 τῆς
589 4095 769 4165 φωνῆς
784 4094 944 4149 αὐτοῦ
970 4094 1235 4167 ἀκούσητε
1263 4097 1322 4149 ὲν
1348 4092 1654 4164 ἀνθρώποις
1678 4095 1741 4164 σή
1751 4109 1845 4164 με-

282 4201 377 4256 ρον
406 4183 719 4255 γενομένου.
753 4184 812 4238 Ὀ
838 4184 896 4238 δὲ
929 4185 1085 4255 λόγος
1103 4186 1531 4260 προηγουμένως
1554 4187 1691 4259 πρὸς
1719 4188 1847 4250 τοὺς

280 4276 347 4331 ix
374 4273 676 4347 περιτομῆς
711 4274 958 4330 λέλεκται
986 4278 1052 4331 ἐκ
1080 4278 1371 4349 προσώπου
1404 4277 1499 4333 τοῦ
1535 4276 1694 4350 χοροῦ
1735 4277 1845 4332 τῶν

278 4366 572 4442 προφητῶν
604 4368 1033 4441 προφερόμενος⁸
1064 4369 1114 4423 οἳ
1142 4370 1206 4443 δὴ
1242 4371 1384 4426 κατὰ
1425 4370 1525 4443 μὲν
1552 4372 1650 4444 τὴν
1673 4370 1844 4443 ἀρχὴν

1938 1883 2317 1951 conveniunt;
2352 1894 2404 1938 at
2434 1884 2652 1956 proprie
2685 1890 2741 1939 et
2784 1882 3060 1954 praecipue
3079 1880 3393 1937 Judamrum
3417 1897 3522 1954 po-

1944 1979 2133 2051 pulum
2151 1979 2218 2034 ad
2249 1978 2556 2033 facinorum
2586 1994 2810 2034 suorum
2835 1978 3210 2048 pmnitentiam
3241 1976 3523 2049 Scriptura

1943 2077 2155 2127 evocat.
2191 2101 2263 2112 —
2305 2069 2466 2127 Vens.
2493 2071 2546 2126 7.
2577 2070 2718 2138 Quia
2766 2071 2875 2138 ipse
2928 2078 3007 2125 est
3058 2068 3202 2125 Deus
3242 2080 3442 2136 noster,
3471 2078 3523 2126 et

1944 2176 2039 2214 nos
2066 2160 2289 2229 populus
2316 2175 2528 2229 pascua:
2574 2160 2711 2230 ejus,
2742 2168 2793 2215 et
2822 2176 2939 2215 oves
2978 2176 3170 2215 manus
3210 2161 3347 2231 ejus.
3402 2159 3524 2217 Non

1944 2251 2107 2307 modo
2127 2250 2391 2308 Dominus
2420 2261 2610 2307 noster
2630 2259 2737 2316 est,
2773 2258 2834 2305 ut
2867 2251 3033 2305 herus
3054 2250 3521 2319 domesticorum;

1942 2359 2123 2414 neque
2161 2344 2340 2400 solum
2380 2344 2594 2414 opifex,
2646 2350 2832 2414 utpote
2869 2342 3097 2398 Creator
3145 2354 3366 2411 noster;
3426 2343 3524 2399 sed

1943 2435 2107 2489 etiam
2138 2433 2283 2490 Deus
2326 2441 2517 2489 noster
2546 2442 2652 2498 est,
2685 2440 2874 2504 utpote
2916 2433 3095 2488 bonus
3124 2441 3179 2488 et
3228 2432 3519 2504 propitius.

1944 2526 2308 2593 Quamobrem
2366 2534 2554 2597 parcet
2601 2524 2760 2579 nobis
2804 2531 2861 2580 et
2906 2524 3256 2579 miserebitur
3304 2524 3521 2581 nostri:

1942 2619 2072 2688 quia
2102 2632 2211 2673 non
2239 2616 2515 2688 opiﬁcium
2567 2615 2852 2679 duntaxat,
2888 2616 2984 2671 sed
3035 2617 3200 2670 etiam
3244 2616 3525 2685 possessio

1944 2709 2066 2780 ejus
2095 2725 2288 2766 sumus
2313 2727 2329 2765 :
2358 2716 2414 2764 et
2447 2707 2900 2764 rationabiliores
2929 2722 2960 2762 e
3008 2706 3168 2762 nobis
3206 2714 3334 2762 sunt
3357 2721 3523 2778 popu-

1944 2801 2030 2857 lus
2057 2802 2177 2871 ejus
2222 2800 2306 2869 ;ii
2355 2815 2483 2855 vero
2540 2798 2633 2870 qui
2675 2798 2853 2853 adlmc
2908 2797 3207 2868 imperfecti
3239 2805 3294 2851 et
3341 2797 3523 2851 minus

1944 2892 2294 2948 rationabiles
2332 2899 2481 2954 sunt,
2520 2906 2649 2946 oves
2676 2905 2871 2946 manus
2908 2890 3047 2958 ejus.
3080 2887 3266 2959 Itaque
3305 2888 3349 2942 si
3377 2902 3515 2941 con-

1946 2982 2194 3038 liteamur
2228 2980 2354 3051 ipsi,
2387 2980 2434 3036 si
2468 2980 2779 3043 adoremus,
2820 2979 3168 3050 procidanms
3207 2978 3522 3032 et'lleamus

1945 3088 2129 3129 coram
2174 3072 2291 3141 illo,
2328 3072 2561 3126 salutem
2606 3085 2836 3142 prorsus
2890 3070 3244 3127 consecuturi
3294 3060 3521 3135 sumus;

1946 3168 2036 3223 alii
2063 3166 2278 3237 quidem
2321 3173 2379 3220 ut
2431 3165 2694 3236 populus;
2732 3164 2822 3219 alii
2871 3180 3001 3220 vero
3050 3172 3111 3219 ut
3163 3178 3293 3218 oves
3326 3177 3522 3217 rnanus

1946 3258 2086 3328 ejus.
2125 3257 2245 3330 lpse
2267 3272 2503 3327 namque
2524 3255 2728 3310 dicitur
2749 3270 2872 3310 esse
2900 3255 3079 3309 bonus
3117 3262 3396 3325 pastor,et
3421 3269 3522 3306 nos

1947 3350 2285 3405 iustituimur
2326 3349 2390 3404 ad
2448 3348 2737 3405 dicendum
2771 3366 2784 3403 :
2817 3347 3077 3402 Dominus
3102 3348 3268 3417 pascit
3324 3363 3437 3412 me,
3471 3354 3522 3400 et

1946 3441 2078 3498 nihil
2115 3441 2245 3495 mihi
2273 3439 2440 3495 deerit
2470 3442 2536 3493 ⁸⁷.

2016 3633 2182 3691 Vsus.
2208 3635 2262 3691 8.
2300 3632 2472 3689 Hodie
2492 3635 2539 3689 si
2563 3650 2733 3689 vocem
2764 3634 2878 3705 ejus
2914 3634 3213 3699 audieritis,
3241 3632 3403 3687 nolite
3424 3632 3521 3686 ob-

1946 3726 2140 3781 durare
2172 3726 2336 3781 corda
2378 3736 2548 3781 vestra
2587 3727 2641 3781 in
2683 3726 3104 3781 exacerbatione.
3137 3723 3293 3781 Tunc
3327 3723 3518 3786 semel,

1947 3819 2147 3890 inquit,
2172 3819 2356 3874 audita
2381 3819 2434 3873 in
2452 3834 2637 3873 eremo
2658 3833 2792 3875 voce
2813 3818 2988 3889 ipsius
3016 3817 3334 3873 obdurastis
3353 3817 3520 3872 corda

1945 3920 2361 3978 vestra;cavetc
2390 3926 2519 3984 ergo
2559 3928 2627 3968 ne
2664 3910 2905 3967 secundo
2934 3910 3164 3980 idipsum
3197 3908 3520 3974 admittatis,

1947 4002 1993 4058 si
2028 4017 2245 4056 rursum
2272 4002 2392 4072 ejus
2432 4003 2575 4075 apud
2609 4002 2861 4058 homines
2911 4002 3073 4057 hodie
3122 4002 3396 4057 versantis
3425 4017 3521 4055 vo-

1946 4109 2063 4148 cem
2082 4092 2337 4150 audiatis.
2357 4094 2549 4149 Sermo
2574 4101 2753 4149 autem
2781 4094 2983 4165 populo
3003 4109 3067 4149 ex
3100 4093 3522 4149 circumcisione

1945 4184 2241 4254 praesertim
2270 4185 2607 4249 enuntiatur,
2637 4200 2704 4240 ex
2751 4200 2984 4254 persona
3032 4183 3185 4239 chori
3231 4185 3520 4255 propheta-

1946 4292 2066 4331 rum
2108 4278 2371 4348 prolatus.
2405 4276 2484 4330 Illi
2515 4277 2724 4332 scilicet
2758 4276 2915 4331 initio
2945 4275 3161 4345 quidem
3195 4276 3376 4329 omnia
3399 4276 3521 4344 plu-

1946 4370 2133 4425 raliter
2157 4369 2430 4432 dicebant,
2455 4369 2661 4424 vocatis
2682 4384 2802 4424 sese
2831 4375 3289 4423 connumerantes
3318 4386 3332 4421 :
3365 4381 3515 4432 nam,

275 4460 346 4515 τά
383 4461 559 4515 πάντα
591 4461 776 4531 ελεγον
807 4459 1201 4535 πληθυντικῶς,
1250 4465 1343 4518 καὶ
1389 4465 1614 4528 ἑαυτοὺς
1642 4481 1844 4533 συγκα-

1946 4461 2132 4525 venite,
2154 4460 2390 4523 aiebant,
2426 4458 2772 4523 exsultemus,
2794 4458 3084 4528 jnbilemus
3112 4467 3161 4512 et
3190 4473 3520 4527 praeoccupe-

274 4552 595 4622 ταλέγοντες
626 4556 740 4616 τοῖς
763 4552 1147 4625 καλουμένοις·
1186 4554 1381 4617 Δεῦτε,
1424 4555 1532 4628 γὰρ
1569 4555 1803 4626 ἔφασκον
1824 4597 1838 4621 ,

276 4640 775 4710 ἁγηλλιασώμεθα
803 4641 900 4696 καὶ
927 4640 1324 4713 ἁλαλάξωμεν
1355 4644 1452 4698 καὶ
1489 4644 1840 4715 100300de-

271 4746 386 4802 μεν
403 4750 417 4764 ο
451 4732 545 4787 καὶ⁵
564 4734 723 4788 πάλιν
741 4751 754 4765 ’
789 4733 966 4790 Δεῦτε
986 4736 1502 4808 προσκυνήσωμεν
1530 4738 1625 4791 καὶ
1657 4753 1840 4807 προσ-

273 4823 551 4893 πέσωμεν
581 4826 678 4878 καὶ
707 4827 1084 4896 κλαύσωμεν
1108 4828 1200 4882 ἐπὶ
1225 4828 1283 4882 δὲ
1319 4827 1413 4883 τοῦ
1438 4829 1700 4902 παρόντος
1723 4830 1839 4883 ἑτέ-

276 4931 386 4985 ρων
416 4916 495 4979 είς
520 4915 804 4987 πρόσωπον
834 4917 909 4990 μὴ
934 4920 1371 4991 παραιτήσασθαι
1403 4921 1500 4992 τὴν
1524 4922 1713 4993 κλῆσιν
1744 4939 1842 4976 πα-

276 5006 547 5077 ραινοῦσν
579 5008 702 5079 μηδ’
734 5010 1030 5081 ἀπιστῆσαι
1058 5014 1121 5084 τῇ
1145 5015 1376 5084 φωνῇτῇ
1397 5015 1631 5085 σήμερον
1659 5015 1841 5079 αὐτοῖς

276 5098 543 5172 μελλούσῃ
585 5100 786 5157 λαλεῖν.
822 5104 895 5158 Τὸ
926 5103 1003 5168 δὲ,
1026 5105 1310 5176 σήμερον,
1338 5107 1367 5159 ό
1414 5105 1732 5171 Ἀπόστολος
1759 5108 1840 5170 εἰς

268 5191 450 5246 πάντα
476 5192 567 5245 τὸν
601 5194 993 5264 παρατείνοντα
1021 5197 1121 5269 τῆς
1154 5197 1299 5270 ζωῆς
1322 5200 1356 5271 ἡ
1364 5196 1481 5269 μῶν
1499 5194 1685 5270 χρόνον
1706 5199 1837 5265 ἐξεί-

270 5281 431 5355 ληφε,
468 5282 604 5337 κατὰ
631 5284 713 5349 τὸ,
743 5285 854 5353 ἕως
888 5283 960 5343 οὗ
998 5289 1064 5342 τὸ
1089 5277 1359 5359 σήμερον
1376 5289 1659 5345 καλεῖται.
1700 5292 1840 5363 [lpo-

269 5375 457 5449 τρέπει
476 5373 533 5428 δὲ
555 5374 651 5429 καὶ
675 5377 823 5449 ἡμᾶς
849 5380 877 5433 ό
901 5379 1058 5450 λόγος
1089 5380 1338 5436 ἐντεῦθεν
1368 5381 1713 5455 ἀπάρξασθαι
1733 5382 1840 5435 τῶν

270 5464 759 5536 παρηγγελμένων.
791 5469 854 5522 Εἰ
887 5469 997 5541 γὰρ
1028 5470 1122 5524 καὶ
1146 5469 1311 5543 πολλή
1343 5488 1426 5534 τις
1456 5472 1648 5540 γέγονε
1677 5470 1840 5544 ῥαθυ-

273 5558 369 5628 μία
411 5559 468 5611 ἐν
506 5556 586 5630 τῷ
628 5560 948 5631 παρελθόντι
1000 5562 1208 5634 χρόνῳο
1265 5562 1399 5617 ἀλλὰ
1445 5563 1547 5618 κᾶν
1591 5565 1698 5618 ἀπὸ
1742 5565 1838 5636 τῆς

336 5716 380 5747 ⁸⁸
424 5713 611 5772 Matth.
648 5733 733 5780 Vt.
773 5717 827 5780 κι,
853 5718 911 5783 6,
954 5719 1037 5776 18.

1946 4568 2099 4616 mus;
2133 4568 2198 4607 ac
2226 4567 2465 4612 rursum.
2511 4550 2710 4616 Venite,
2757 4550 3053 4613 adoremus,
3098 4548 3436 4619 procidamus
3465 4557 3518 4605 et

1945 4645 2211 4715 ploremus
2244 4660 2261 4698 :
2293 4645 2347 4697 in
2372 4644 2627 4714 praesenti
2664 4659 2793 4698 vero
2820 4642 3049 4698 aliorqu
3075 4649 3354 4711 assumpta
3392 4656 3517 4713 per-

1946 4752 2105 4802 sona,
2135 4736 2427 4792 hortantur
2482 4752 2550 4792 ne
2610 4735 2951 4791 vocationem
3008 4744 3301 4804 respuant;
3344 4749 3520 4804 neque

1946 4829 2064 4885 voci
2095 4845 2216 4903 qua:
2257 4828 2407 4899 ipsos
2455 4826 2617 4882 hodie
2662 4827 2967 4881 allocutura
2990 4833 3073 4880 est
3106 4826 3264 4879 [idem
3296 4834 3517 4896 negent.

1946 4921 2084 4977 Illud
2113 4937 2297 4994 porro,
2329 4920 2503 4986 hodie,
2531 4920 2829 4991 Apostolus
2868 4918 3066 4989 accipit
3111 4934 3210 4988 pro
3239 4926 3356 4972 toto
3398 4918 3521 4972 vita:

1947 5021 2146 5069 nostrae
2177 5020 2451 5085 tempore;
2485 5009 2784 5069 secundum
2826 5009 2979 5072 illud,
3008 5008 3183 5064 Donec
3236 5008 3389 5063 hodie
3429 5025 3521 5062 ου-

1944 5106 2181 5161 catur“.
2220 5103 2479 5159 Hortatur
2538 5110 2719 5157 autem
2771 5116 2873 5158 nos
2924 5100 3227 5172 Scriptura,
3280 5109 3338 5156 ut
3389 5100 3518 5154 hinc

1943 5205 2210 5268 praecepta
2238 5194 2488 5252 servandi
2512 5195 2798 5252 exordium
2819 5194 3105 5249 ducamus.
3128 5191 3355 5246 Etiamsi
3370 5191 3514 5243 enim

1941 5289 2268 5361 praecedenti
2322 5296 2566 5359 tempore
2625 5288 2682 5342 in
2747 5301 2942 5358 magna
3022 5285 3253 5356 segnitie
3314 5280 3514 5337 versati

1940 5382 2151 5449 simus;
2185 5390 2239 5437 at
2290 5382 2370 5437 vel
2428 5384 2618 5440 saltem
2667 5382 2737 5439 ab
2783 5381 2884 5437 hac
2915 5380 3025 5445 die,
3057 5392 3178 5449 quas
3219 5388 3314 5445 per
3351 5370 3508 5434 illdd.

1940 5471 2113 5537 hodie,
2143 5474 2490 5543 exprimitur,
2515 5483 2566 5529 et
2587 5473 2655 5528 ab
2684 5473 2786 5527 hoc
2814 5479 3056 5541 tempore
3076 5463 3237 5521 dictis
3265 5458 3511 5515 attende-

1940 5581 2000 5621 re
2029 5580 2285 5621 curenms
2325 5585 2336 5619 :
2376 5582 2472 5622 nec
2506 5563 2768 5637 populum
2822 5563 2971 5618 illum
3001 5556 3295 5620 imitemur,
3322 5549 3413 5624 qui
3454 5549 3510 5605 in

1119 5721 1159 5753 "
1204 5718 1345 5775 Psal.
1389 5738 1531 5781 χιιι.
1574 5721 1621 5775 l.
1699 5722 1743 5754 ε’
1785 5719 1946 5778 llcbr.
1987 5735 2084 5782 ιιι.
2121 5723 2207 5780 15.
