4040 6210
517 288 657 346 1215
1186 290 1459 349 EUSEBII
1496 291 1976 351 CESARlENSlS
2012 292 2111 352 0P!

2214 292 2381 350 PARS
2418 292 2508 350 111.
2548 289 2625 336 ῖ-ῖ
2649 289 3061 354 ΕΧΕΕΕΤΙΟῙ.
3644 291 3790 355 ὶιιισ

513 402 728 459 visione
755 403 809 458 in
844 402 1086 472 deserto,
1117 407 1329 464 audita'
1347 408 1440 466 Dei
1472 425 1624 473 voce,
1658 410 1826 467 corde
1857 410 2098 466 obdura-

2214 409 2466 480 σήμερον
2485 411 2826 483 καλουμένης
2854 411 3067 484 ἡμέρας
3097 413 3191 466 καὶ
3210 413 3319 466 ἀπὸ
3344 413 3650 479 ἐνεστῶτος
3663 432 3792 469 και-

512 502 606 551 tus
654 501 738 549 est
769 494 826 550 in
878 502 1125 567 tempore
1178 500 1641 566 exacerbationis,
1677 516 1802 556 cum
1854 501 2098 572 ipsorum

2214 502 2298 572 ροῦ
2331 502 2720 574 σπουδάσωμεν
2751 505 3045 576 προσέχειν
3073 508 3185 568 τοῖς
3213 505 3548 576 εἰρημένοις
3584 506 3684 559 καί
3722 509 3791 578 μὴ

515 587 763 640 omnium
816 589 1062 644 membra
1118 591 1173 645 in
1222 592 1442 648 deserto
1477 602 1749 663 prostrata
1782 601 1931 659 sunt,
1970 595 2099 664 quia

2214 590 2528 664 ξηλώσωμεν
2544 596 2635 649 τὸν
2649 595 2778 649 λαὸν
2804 596 3031 660 ἐκεῖνον,
3057 596 3139 659 ὃς,
3166 596 3409 660 ἀκούσας
3436 598 3627 667 φωνῆς
3655 598 3789 653 Θεοῦ

514 677 635 732 voci
668 676 761 734 Dei
782 694 891 733 non
908 680 1441 754 obtemperaverant.
1461 685 1782 741 Necessario
1802 687 1985 757 itaque
2008 687 2099 741 illa

515 782 933 838 commemorat,
966 791 1034 831 ne
1068 792 1170 832 nos
1219 793 1439 848 quoque
1485 789 1759 851 praecepta
1793 780 1888 836 Dei
1940 781 2101 837 hodie

518 863 826 926 audientes,
861 883 924 922 ac
975 884 1081 924 non
1137 870 1597 940 obtemperantes.
1649 874 1828 944 ipsum
1877 889 2104 931 exacer-

518 955 737 1027 bemus,
774 960 1028 1014 obdurati
1057 961 1244 1023 corde,
1271 970 1326 1017 et
1369 979 1474 1018 non
1515 966 1873 1023 exaudientes
1898 966 2104 1021 saluta-

517 1050 599 1107 ria
628 1066 893 1121 praeecpta
917 1053 1070 1121 ejus;
1095 1064 1257 1124 atque
1287 1056 1409 1110 ideo
1443 1057 1619 1127 ipsum
1652 1058 1913 1113 acerbum
1942 1058 2102 1114 nobis

522 1156 586 1197 ac
610 1158 861 1200 severum
904 1145 1143 1216 judiccm
1179 1158 1452 1217 parantes.
1482 1147 1648 1213 Sane,
1676 1157 1736 1204 ut
1763 1149 1899 1214 dixi,
1942 1150 2106 1206 nobis

519 1234 777 1289 omnibus
806 1245 1132 1307 pr.eceptum
1157 1239 1445 1306 convenit;
1474 1240 1570 1295 sed
1605 1242 1911 1296 secundum
1948 1242 2104 1313 prius

523 1326 745 1382 allatam
779 1333 1063 1393 rationem,
1095 1333 1296 1402 popqu
1327 1347 1393 1387 ex
1435 1333 1858 1389 circumcisione
1890 1333 1981 1388 illa
2014 1334 2104 1388 di-

522 1425 749 1481 cuntur,
775 1436 1008 1490 quorum
1058 1422 1173 1478 haec
1204 1425 1479 1478 sententia
1530 1423 1694 1480 fuerit
1720 1443 1734 1480 :
1765 1423 1902 1479 Cum
1932 1424 2101 1480 semel

522 1510 657 1564 olim
689 1526 877 1567 vocem
911 1512 1004 1567 Dei
1035 1513 1090 1568 in
1118 1513 1336 1571 deserto
1376 1516 1697 1581 audissetis,
1732 1515 2106 1572 exacerbastis

2200 683 2294 737 ἐπὶ
2324 683 2423 753 τῆς
2452 683 2593 738 κατά
2621 683 2717 755 τὴν
2742 684 2946 755 ἔρημον
2967 683 3253 747 ὀπτασίας,
3284 682 3639 756 ὲσκληρύνῧη
3696 686 3791 756 τὴν

2200 774 2426 846 καρδίαν
2469 775 2527 828 ἐν
2564 775 2640 846 τῷ
2664 776 2839 848 καιρῷ
2870 774 2963 829 τοῦ
3014 775 3510 847 παραπικρασμοῦ,
3553 777 3793 846 ὁπηνίκα

2202 868 2419 922 πάντων
2452 867 2629 922 αὐτῶν
2654 869 2725 923 τὰ
2753 868 2904 923 κῶλα
2949 868 3304 942 κατεστρὼοη
3352 870 3412 920 ὲν
3457 870 3529 939 τῇ
3579 870 3791 940 ἐρήμῳ,

2200 958 2288 1013 διὰ
2319 958 2379 1012 τὸ
2405 958 2752 1031 παρακοῦσαι
2783 959 2887 1029 τῆς
2915 960 3098 1030 φωνῆς
3128 959 3225 1013 τοῦ
3252 959 3409 1014 Θεοῦ.
3450 961 3795 1028 ’Δναγπαίως

2206 1047 2301 1106 οὖν
2332 1052 2559 1106 ἐκείνων
2593 1053 3019 1123 ὑπομιμνήσκει,
3047 1053 3133 1106 ἵνα
3173 1052 3248 1123 μὴ
3279 1052 3374 1106 καὶ
3405 1055 3577 1123 ἡμεῖς
3602 1055 3675 1124 τῇ
3702 1054 3795 1124 σή-

2205 1160 2368 1214 μερον
2400 1142 2582 1216 ἡμέρα
2619 1144 2727 1196 τῶν
2759 1143 2857 1196 τοῦ
2887 1142 3022 1196 Θεοῦ
3049 1142 3530 1216 παραγγελμάτων
3566 1142 3798 1197 ἀκούον-

2202 1251 2292 1297 τες
2307 1234 2401 1288 καὶ
2412 1234 2809 1307 παρακούοντες
2822 1235 3240 1308 παραπικραινω
3245 1252 3344 1305 μεν
3366 1235 3528 1289 αὐτὸν
3552 1236 3699 1306 σκλή
3710 1252 3798 1305 ρυ-

2202 1326 2415 1396 νόμενοι
2448 1327 2547 1391 τὰς
2598 1326 2841 1400 καρδίας,
2870 1327 2963 1379 καὶ
2997 1327 3071 1398 μῆ
3101 1325 3467 1389 ὑπακούοντες
3481 1329 3597 1389 τοῖς
3614 1343 3800 1397 σωτήρ

2206 1416 2345 1487 ρίοις
2377 1416 2818 1489 παραγγέλμασι,
2854 1416 2950 1471 καὶ
2969 1417 3058 1470 διὰ
3085 1416 3243 1470 τοῦτο
3276 1417 3473 1487 πικρὸν
3500 1417 3671 1471 αὑτὸν
3703 1419 3799 1470 καὶ

2202 1507 2478 1579 ἀπότομον
2506 1509 2698 1581 κριτὴν
2726 1510 2936 1573 ἑαυτοῖς
2961 1508 3482 1573 κατασκευάζοντες.
3508 1509 3623 1562 Καὶ
3653 1510 3798 1581 πρὸς

518 1618 673 1666 eum,
690 1604 961 1659 obdurato
989 1614 1233 1677 tempore
1260 1608 1462 1682 Moysis
1489 1608 1655 1664 corde
1676 1616 1858 1665 vestro
1876 1627 1892 1676 ;
1910 1624 2102 1665 verum

2214 1608 2416 1671 πάντας
2446 1608 2544 1678 μὲν
2580 1603 2673 1662 οὖν
2712 1609 2879 1678 ἡμᾶς,
2911 1607 2987 1671 ὡς
3020 1607 3179 1677 ξοην,
3208 1606 3438 1677 ἁρμόζει
3467 1608 3529 1660 τὸ
3577 1607 3801 1677 παράγ-

526 1694 657 1763 quia
683 1694 860 1764 ipsum
898 1693 989 1750 Dei
1016 1695 1253 1754 Verbum
1293 1699 1348 1754 in
1371 1699 1576 1754 mundo
1610 1714 1901 1770 apparens,
1926 1700 2103 1755 homi-

2214 1699 2401 1770 γελμα·
2437 1698 2581 1752 κατά
2611 1698 2667 1752 δὲ
2692 1697 2783 1751 τδν
2812 1697 3222 1769 προηγούμενον
3257 1696 3588 1769 λόγον-’πρὸς
3613 1698 3710 1749 τὸν
3739 1700 3799 1750 ὲκ

526 1786 710 1841 nibus;
746 1787 942 1842 iterum
992 1789 1338 1856 locuturum,
1389 1799 1555 1861 atque
1625 1791 1768 1862 apud
1821 1806 1920 1847 vos
1971 1789 2105 1845 Novi

2214 1790 2509 1862 περιτομῆς
2534 1790 2661 1844 λαὸν
2688 1790 2862 1846 ταῦτα
2889 1789 3135 1858 λέγεται,
3154 1789 3409 1859 τοιαύτην
3441 1789 3641 1858 ἔχοντα
3682 1788 3795 1842 διά-

522 1872 860 1932 Testamenti
920 1881 1178 1951 mysteria
1229 1880 1634 1937 declaraturum
1681 1890 1798 1948 est;
1831 1890 2017 1939 cavete
2041 1898 2110 1939 ne

2214 1900 2355 1936 νοιαν
2375 1899 2389 1913 ·
2424 1880 2607 1947 Ἀπαξ
2633 1882 2761 1936 ποτὲ
2789 1881 2891 1953 ἤδη
2919 1882 3184 1954 πρότερον
3217 1881 3311 1935 ἐπὶ
3335 1882 3438 1953 τῆς
3467 1883 3684 1954 ὲρήμου
3706 1881 3798 1951 τῆς

529 1966 733 2023 iterum
764 1968 931 2024 corda
962 1971 1241 2027 obduretis
1279 1982 1339 2026 ut
1372 1973 1553 2043 prisce
1598 1973 1933 2039 obdurastis,
1974 1989 2110 2030 neve

2214 1975 2391 2046 φωνῆς
2432 1974 2764 2039 ἀκούσαντες
2806 1974 2905 2028 τοῦ
2946 1973 3105 2038 Θεοῦ,
3136 1974 3593 2047 παρεπικράνατε
3642 1972 3797 2027 αύτδυ

527 2073 750 2114 rursum
785 2076 907 2116 eum
939 2062 1303 2126 exacerbetis,
1334 2064 1382 2119 si
1418 2064 1600 2120 denuo
1637 2079 1825 2120 vocem
1853 2066 1974 2134 ejus
2007 2080 2107 2120 au-

2214 2064 2611 2136 σκληρύναντες
2626 2066 2834 2120 ἑαυτῶν
2853 2065 2952 2129 τὰς
2975 2065 3201 2137 καρδίας
3227 2066 3319 2119 ἐπὶ
3352 2067 3663 2130 Μωῡσέως·
3688 2065 3796 2119 ἀλλ’

524 2148 764 2214 dieritis,
798 2166 973 2221 neque
1003 2152 1105 2206 hac
1150 2154 1206 2208 in
1249 2170 1308 2210 re
1341 2163 1523 2225 patres
1549 2166 1760 2211 vestros
1799 2156 2107 2224 imitemini,

2214 2158 2504 2229 ἐπειδήπερ
2536 2160 2565 2212 ὁ
2608 2160 2772 2223 αὐτὸς
2796 2157 2893 2211 τοῦ
2944 2157 3076 2211 Θεοῦ
3104 2158 3274 2227 Λόγος
3319 2158 3505 2229 μέλλει
3548 2158 3797 2228 δεύτερον

528 2256 599 2296 ne
631 2257 732 2297 vos
754 2258 883 2298 vero
928 2242 1170 2300 Sabbato
1197 2253 1253 2301 et
1296 2248 1483 2317 requie
1515 2248 1636 2318 ejus
1658 2249 1867 2304 orbetis
1896 2268 1909 2303 :
1942 2264 2104 2319 quam

2214 2249 2520 2321 ἀνθρώποις
2551 2250 2734 2304 λαλεῖν
2782 2252 3066 2319 ἐπιφανεὶς
3095 2250 3173 2322 τῷ
3205 2251 3324 2321 βίῳ,
3354 2252 3458 2303 καὶ
3507 2250 3645 2321 παρ’
3676 2250 3797 2319 ὑμῖν

526 2333 773 2404 requiem
842 2335 993 2391 dabit
1052 2336 1231 2407 ipsum
1307 2337 1402 2395 Dei
1460 2338 1737 2405 Verbum,
1815 2350 2107 2413 postquam

2217 2341 2399 2403 αὐτοῖς
2432 2340 2705 2393 διδάσκειν
2731 2340 2801 2394 τὰ
2827 2340 2924 2412 τῆς
2955 2339 3161 2411 Καινῆς
3187 2339 3466 2410 Διαθήκης
3500 2341 3793 2410 μυστήρια,

529 2440 757 2497 regnum
785 2436 943 2483 suum
979 2429 1273 2500 acceperit,
1294 2430 1350 2485 in
1385 2431 1616 2503 ipsoque
1638 2433 1963 2503 requiescet,
1990 2448 2110 2486 om-

2214 2434 2374 2507 ὁρᾶτε
2432 2432 2507 2505 μὴ
2558 2433 2721 2487 πάλιν
2778 2432 3116 2505 σκληρύνητε
3154 2433 3380 2495 ἑαυτοὺς
3435 2431 3515 2494 ὡς
3569 2431 3633 2484 τὸ
3675 2431 3797 2502 πρὶν

528 2533 734 2590 aesque
777 2527 1046 2591 quotquot
1094 2522 1271 2592 ipsum
1318 2524 1625 2594 receperint
1657 2525 1724 2579 ad
1785 2541 1904 2581 eam
1938 2526 2110 2596 ipsam

2214 2524 2600 2596 ὲσκληρύνατε,
2635 2524 2769 2597 μηδὲ
2800 2520 2956 2588 αὖθις
2979 2523 3140 2577 αὐτὸν
3166 2524 3637 2595 παραπικράνητε
3658 2563 3671 2579 .
3708 2520 3798 2573 ἐὰν

526 2610 769 2683 quietem
797 2612 1046 2668 admittet
1075 2632 1089 2668 :
1118 2629 1182 2668 ac
1203 2624 1456 2670 sanetum
1476 2631 1777 2687 verumque
1811 2613 2110 2670 Sabbatum

2214 2612 2369 2681 αὖθις
2400 2616 2500 2686 τῆς
2527 2616 2711 2687 φωνῆς
2735 2614 2899 2670 αὑτοῦ
2922 2614 3213 2685 ἀκούσητε,
3236 2614 3370 2687 μηδὲ
3396 2615 3528 2677 τοὺς
3560 2614 3798 2685 πατέρας

529 2701 599 2759 iis
658 2702 935 2775 impertiet
977 2704 1073 2776 qui
1125 2722 1313 2763 secum
1361 2715 1418 2764 et
1465 2724 1634 2780 penes
1688 2725 1769 2775 se,
1825 2709 1918 2764 illo
1960 2709 2088 2780 dign

2215 2706 2368 2777 ὑμῶν
2389 2705 2528 2760 κατά
2561 2705 2720 2759 τοῦτο
2738 2706 3070 2779 μιμήσησθε,
3094 2706 3240 2769 ὅπως
3262 2706 3338 2776 μὴ
3370 2706 3679 2776 στερήσητε
3705 2705 3800 2758 a6-

528 2801 711 2849 erunt.
2214 2798 2342 2862 τοὺς
2366 2797 2461 2851 τοῦ
2492 2797 2745 2870 ἀληθινοῦ
2799 2797 3169 2869 σαϐϐατισμοῦ
3212 2798 3306 2851 καὶ
3360 2793 3466 2867 τῆς
3522 2794 3803 2850 καταπαύ-

531 2900 669 2948 σεως
697 2885 858 2939 αὐτοῦ
878 2926 893 2950 ,
916 2888 985 2958 ἢν
1009 2889 1350 2944 καταπαύσει
1385 2891 1547 2956 αὐτὸς
1582 2892 1611 2945 ὁ
1644 2892 1736 2946 τοῦ
1765 2891 1901 2946 Θεοῦ
1932 2892 2125 2960 Λόγος,
2151 2890 2252 2961 τὴν
2293 2890 2501 2945 οἰκείαν
2568 2889 2857 2944 ἀπολαϐὼν
2892 2890 3195 2962 βασιλείαν,
3233 2891 3325 2943 καὶ
3366 2891 3426 2942 ὲν
3485 2891 3630 2960 αὐτῇ
3672 2889 3800 2942 ἀνα-

529 2976 888 3047 παυσόμενος,
920 2979 1125 3044 πάντας
1140 2997 1200 3033 τε
1224 2982 1353 3046 τοὺς
1385 2983 1854 3057 παραδεχομένους
1871 2983 2034 3037 αὑτὸν
2059 2984 2139 3047 είς
2163 2983 2263 3054 τὴν
2282 2981 2449 3052 αὐτὴν
2479 2981 2796 3036 ἀνάπαυλαν
2820 2980 3233 3052 ὑποδεξάμενος,
3252 2980 3346 3035 καὶ
3365 2980 3425 3033 τὸ
3445 2979 3606 3047 ᾰγιον
3628 2980 3726 3033 καὶ
3745 2979 3806 3033 τὸ

529 3069 728 3140 ἀληθὲς
755 3071 922 3126 αὑτοῦ
954 3073 1235 3130 Σάϐϐατον
1271 3074 1522 3149 παρέξων
1540 3082 1654 3144 τοῖς
1677 3079 1847 3147 ἀξίοις
1872 3079 1973 3150 τῆς
2013 3078 2141 3151 παρ’
2172 3077 2320 3150 αὐτῷ
2358 3078 2454 3132 καὶ
2488 3078 2583 3131 σὺν
2609 3076 2756 3148 αύτῷ
2786 3077 3164 3141 ἀναπαύσεως.

600 3186 771 3246 Vens.
796 3189 954 3249 9-H.
986 3193 1284 3251 Secundum
1312 3198 1451 3253 diem
1472 3203 1780 3257 tentationis
1804 3206 1857 3259 in
1878 3204 2110 3272 deserto,

2285 3207 2449 3260 Κατὰ
2482 3203 2596 3273 τὴν
2618 3203 2848 3273 ἡμέραν
2876 3203 2980 3258 τοῦ
3013 3202 3347 3274 πειρασμοῦ
3375 3202 3445 3256 ἐν
3475 3200 3551 3271 τῇ
3577 3202 3808 3274 ἐρήμῳ,

530 3277 624 3331 ubi
666 3287 995 3336 tentaverunt
1028 3299 1107 3339 me
1142 3297 1318 3354 patres
1364 3290 1545 3353 vestri,
1567 3291 1918 3359 probaverunt
1956 3312 2036 3349 me
2062 3306 2111 3351 et

2214 3295 2287 3355 οὗ
2329 3296 2659 3367 ἐπείρασὰν
2697 3313 2775 3367 με
2819 3298 2874 3351 οὶ
2909 3295 3161 3363 πατέρες
3192 3295 3380 3365 ὑμῶν,
3420 3294 3801 3365 ἐδοκίμασάν

530 3370 773 3424 uiderunt
802 3388 959 3442 opera
1000 3392 1134 3432 mea.
1169 3378 1542 3451 Quadraginta
1578 3386 1731 3439 armis
1773 3386 2003 3457 offensus
2035 3389 2115 3463 [ui

531 3463 862 3531 generationi
890 3465 1013 3521 huic
1041 3484 1059 3522 :
1084 3479 1134 3524 et
1165 3469 1280 3525 dixi
1307 3486 1326 3526 :
1356 3471 1571 3543 Semper
1588 3486 1771 3530 errant
1791 3478 1967 3534 corde.
2001 3477 2116 3551 Ipsi

533 3569 653 3608 vero
688 3572 790 3610 non
819 3571 1168 3627 cognoverunt
1208 3563 1321 3617 vias
1357 3582 1521 3630 meas,
1554 3568 1690 3622 sicut
1722 3570 1903 3641 juravi
1934 3571 1988 3626 in
2031 3574 2116 3628 ira

534 3661 671 3713 mea,
694 3647 742 3701 si
760 3649 1053 3706 introibant
1080 3654 1134 3707 in
1171 3657 1400 3724 requiem
1430 3675 1621 3715 meum.
1648 3661 1930 3729 Quomodo
1950 3666 2115 3724 Deum

532 3741 893 3807 tentaverint,
953 3759 1061 3799 non
1103 3746 1320 3803 illorum
1379 3751 1506 3806 olim
1557 3750 1875 3812 Judznorum
1931 3767 2115 3827 patres

532 3835 1132 3906 tantum,utquispiam
1159 3841 1537 3912 testimaverit,
1568 3846 1665 3901 sed
1697 3847 1863 3903 etiam
1896 3850 2116 3907 hodier—

535 3927 871 4017 norum,qui
898 3929 1082 3985 audita
1111 3946 1245 3989 voce
1268 3933 1360 3989 Dei
1386 3937 1762 4005 obdurantnr,
1796 3944 1936 4014 apud
1971 3943 2119 4017 Moy-

541 4027 658 4067 scm
683 4014 951 4087 habetur;
974 4029 1029 4076 et
1058 4023 1110 4076 in
1132 4039 1311 4080 Lxxvn
1338 4030 1548 4097 psalmo
1567 4031 1885 4104 plerumque
1910 4014 2117 4092 dictum

541 4114 649 4171 est,
681 4122 743 4163 ac
786 4110 1041 4166 similiter
1072 4113 1126 4168 in
1160 4132 1226 4169 cv
1257 4127 1316 4171 ut
1345 4126 1457 4185 tute
1488 4121 1534 4175 si
1594 4124 1882 4194 perquiras
1925 4126 2113 4199 depre~

542 4197 771 4258 hendes;
822 4200 1092 4269 Quoniam
1136 4206 1303 4277 igitur
1342 4209 1427 4266 liis
1454 4211 1663 4282 jnravit
1699 4216 1861 4282 Deus,
1894 4197 2113 4275 exacer-

432 4288 438 4294 ’
538 4290 731 4347 bantes
757 4294 877 4350 illos
907 4312 1016 4351 non
1043 4297 1392 4370 ingressuros
1418 4318 1539 4360 esse
1560 4305 1613 4361 in
1639 4310 1886 4380 requiem
1923 4311 2118 4382 ipsius,

537 4399 701 4454 quam
741 4388 931 4456 paucis
963 4405 1147 4446 sermo
1177 4392 1507 4467 descripsit;
1545 4400 1779 4456 sollicite
1824 4401 1983 4459 nobis
2025 4421 2123 4461 cu-

540 4474 772 4531 randum
807 4486 892 4534 est
945 4495 1012 4536 ne
1054 4481 1108 4536 in
1156 4485 1307 4554 paria
1362 4488 1687 4551 incidamus.
1754 4490 1889 4548 Nam
1928 4495 2117 4551 eadem

540 4565 659 4636 ipsa
685 4583 785 4623 nos
830 4570 1123 4641 excipient,
1162 4575 1209 4630 si
1240 4593 1426 4633 vocem
1457 4579 1548 4635 Dei
1596 4598 1742 4638 nunc
1776 4594 1828 4639 et
1858 4584 1912 4640 in
1964 4602 2118 4656 pra:-

538 4660 679 4716 senti
733 4661 911 4718 adhuc
965 4673 1209 4735 tempore
1262 4685 1362 4726 nos
1426 4685 1744 4730 evocantem
1807 4677 2117 4748 audientes,

538 4750 707 4804 corda
751 4753 1130 4813 obduremus:
1190 4775 1292 4815 nos
1334 4763 1549 4834 quippe
1590 4766 1667 4820 ira
1721 4766 1817 4823 Dei
1872 4770 2115 4839 invadet,

538 4856 607 4931 ae
644 4842 826 4913 quiete
890 4845 981 4900 illa
1030 4850 1173 4918 apud
1226 4852 1403 4921 ipsum
1449 4862 1502 4910 et
1547 4872 1670 4912 cum
1726 4859 1845 4931 ipso
1890 4880 2115 4921 sumen-

536 4930 606 4987 da
642 4933 995 5002 privabimur.
1029 4938 1161 5005 Quae
1203 4957 1367 5016 porro
1416 4948 1494 4999 ira
1541 4949 1630 5002 illa
1670 4930 1852 5006 futura
1899 4955 1993 5017 sit,
2032 4956 2117 5013 his

539 5021 783 5076 declarat
802 5025 1091 5094 Apostolus
1116 5048 1130 5085 :
1153 5029 1450 5088 Secundum
1476 5048 1649 5092 autem
1670 5039 1926 5097 duritiam
1947 5052 2115 5111 tuam,

538 5124 589 5169 et
617 5115 941 5184 impwuitens
972 5137 1081 5187 cor,
1119 5125 1448 5183 thesaurizas
1495 5133 1589 5185 tibi
1620 5135 1754 5188 iram
1800 5137 1853 5190 in
1880 5137 1966 5193 die
1996 5140 2112 5207 iraa,

536 5214 588 5260 et
635 5206 965 5266 reuelationis
1000 5218 1139 5282 justi
1158 5218 1351 5287 judicu
1407 5220 1500 5276 Dei
1522 5224 1586 5276 ⁸³.
1632 5224 1761 5292 Quae
1806 5237 1987 5284 autem
2030 5247 2117 5287 re-

539 5297 698 5367 quies
726 5298 846 5369 ejus
870 5310 973 5366 est,
1006 5305 1110 5360 nisi
1141 5306 1229 5361 illa
1254 5320 1375 5379 post
1405 5316 1610 5369 exitum
1643 5317 1805 5388 hujus
1839 5320 1960 5377 vita:
1989 5338 2112 5376 cum

540 5389 633 5444 illo
663 5394 1044 5461 commoratio,
1076 5413 1184 5467 qua
1230 5402 1639 5473 requiesccmus
1682 5411 1736 5465 in
1775 5428 1939 5485 regno
1969 5414 2110 5486 ejus,

540 5489 687 5542 omni
732 5505 959 5560 prorsus
1008 5508 1172 5562 opere
1220 5511 1283 5552 ac
1330 5503 1546 5571 negotio
1592 5508 1849 5578 exempti,
1902 5510 2113 5580 solique

540 5576 848 5637 divinorum
897 5593 952 5641 et
993 5587 1296 5647 cmlcstium
1332 5576 1773 5667 contemp'ationi
1802 5576 2113 5669 {vacantes'

655 5732 694 5767 "
738 5735 893 5796 Rom.
930 5758 1000 5807 ιι,
1040 5744 1092 5800 5.

2209 3406 2286 3459 με
2306 3389 2403 3442 καὶ
2428 3384 2593 3442 εἶδον
2607 3388 2676 3441 τὰ
2693 3387 2835 3458 ἔργα
2843 3405 2984 3457 μου.
3009 3385 3466 3454 Τεσσαράκοντα
3481 3387 3586 3453 ἔτη
3606 3402 3799 3456 προσ-

2212 3480 2439 3548 ώχθισα
2473 3479 2546 3549 τῇ
2575 3479 2751 3550 γενεᾷ
2783 3482 2967 3550 ταύτῃ
2986 3496 3003 3511 ·
3038 3477 3138 3534 καὶ
3170 3475 3339 3533 εἶπεν
3386 3479 3488 3534 Ἀεὶ
3515 3477 3803 3533 πλανῶν-

2214 3562 2410 3639 ταιτῇ
2443 3570 2680 3639 καρδίᾳ.
2706 3570 2885 3625 Αὐτοὶ
2914 3568 2984 3624 δὲ
3015 3571 3126 3624 οὐκ
3157 3569 3432 3640 ἔγνωσαν
3468 3567 3568 3634 τὰς
3601 3565 3792 3633 ὁδούς

2211 3680 2353 3733 μου,
2384 3663 2465 3729 ὠς
2489 3661 2696 3732 ὤμοσα
2731 3662 2803 3716 ἐν
2837 3660 2911 3731 τῇ
2937 3659 3084 3732 ὀργῇ
3099 3680 3243 3732 μου,
3273 3663 3324 3715 ει
3344 3660 3797 3715 εἰσελεύσονται

2215 3758 2304 3821 εἰς
2357 3753 2471 3823 τὴν
2526 3752 2911 3809 κατάπαυσίν
2950 3771 3090 3823 μου.
3129 3754 3321 3817 Ὅπως
3371 3750 3659 3823 ἐπείρασαν
3696 3751 3797 3803 τὸν

2216 3846 2349 3900 Θεὸν
2380 3848 2437 3899 ὲν
2485 3848 2552 3918 τῇ
2593 3847 2786 3918 ἐρήμῳ
2812 3847 2862 3899 οἱ
2912 3844 3148 3917 πατέρες
3173 3845 3295 3915 οὐχὶ
3324 3845 3432 3898 τῶν
3464 3843 3629 3898 πάλαι
3662 3844 3804 3897 ἰου-

2216 3936 2378 3992 δαίων
2414 3938 2592 4009 μόνον,
2624 3937 2698 4001 ὡς
2729 3936 2793 3991 ἂν
2816 3937 3071 3992 ὑπολάϐοι
3095 3954 3200 4000 τις,
3222 3937 3357 3991 ἀλλά
3371 3935 3479 3989 τῶν
3505 3936 3601 3990 καὶ
3638 3938 3805 4009 σήμε-

2219 4047 2311 4102 ρον
2364 4029 2668 4085 ἀκουόντων
2705 4028 2803 4100 μὲν
2826 4028 2924 4102 τῆς
2959 4027 3143 4099 φωνῆς
3193 4028 3289 4082 τοῦ
3312 4028 3470 4089 Θεοῦ,
3505 4027 3804 4101 σκληρυνο-

2223 4120 2398 4193 μένων
2448 4121 2523 4185 δὲ,
2568 4123 2741 4175 κεῖται
2773 4121 2923 4193 παρά
2956 4121 3199 4183 Μωῦσεί,
3235 4120 3332 4175 καὶ
3376 4121 3434 4172 ὲν
3454 4117 3498 4172 0'
3530 4118 3589 4172 δὲ
3629 4120 3725 4172 καὶ
3758 4116 3799 4182 ζ’

2218 4214 2419 4286 ψαλμῷ
2446 4213 2703 4277 πολλάκις
2737 4212 2972 4285 εἴρηται,
3005 4213 3100 4266 καὶ
3130 4215 3187 4265 ὲν
3215 4210 3321 4284 pe"
3352 4211 3496 4283 άπερ
3525 4210 3649 4266 καθ’
3678 4214 3804 4265 ἐαυ-

2219 4312 2311 4365 τὸν
2339 4310 2673 4383 ἐπιζητήσας
2719 4310 2995 4382 εὑρήσεις.
3051 4307 3206 4361 Ἐπεὶ
3254 4306 3436 4361 τοίνυν
3481 4306 3573 4361 διά
3629 4305 3803 4360 ταῦτα

2220 4402 2431 4475 ὤμοσεν
2451 4403 2624 4467 ὀΘεὺς
2659 4403 2733 4474 μὴ
2759 4399 3162 4455 εἰσελεύσεσθαι
3187 4401 3316 4464 τοὺς
3345 4399 3805 4471 παραπικράναν-

2224 4514 2323 4561 τας
2351 4498 2431 4561 εἰς
2462 4495 2560 4567 τὴν
2585 4496 2930 4550 κατάπαυσιν
2958 4492 3144 4557 αὑτοῦ,
3182 4492 3249 4564 ῆν
3286 4495 3315 4546 ὁ
3348 4492 3505 4562 λόγος
3536 4491 3627 4546 διὰ
3666 4491 3802 4563 βρα-

2223 4587 2364 4659 χέων
2397 4588 2713 4659 παρέστησε
2736 4626 2751 4650 ,
2801 4585 3128 4658 προνοητέον
3165 4584 3261 4638 καὶ
3303 4586 3437 4655 ήμῖν
3490 4584 3585 4638 καὶ
3647 4600 3799 4654 μερι-

2223 4680 2454 4752 μνητέον
2497 4680 2571 4751 μὴ
2619 4682 2731 4743 τοῖς
2767 4678 2973 4750 ὁμοίοις
3024 4679 3361 4749 περιπεσεῖν.
3393 4676 3474 4729 Τὰ
3506 4669 3648 4729 αὐτά
3694 4674 3802 4748 γάρ

2220 4772 2315 4826 καὶ
2347 4774 2494 4843 ἡμᾶς
2518 4770 2836 4838 διαδέξεται,
2876 4771 2925 4824 εἰ
2953 4768 3053 4840 τῆς
3094 4766 3190 4821 τοῦ
3227 4766 3362 4820 Θεοῦ
3391 4767 3579 4836 φωνῆς
3613 4769 3693 4831 εἰς
3711 4766 3790 4819 ἔτι

2220 4865 2311 4918 καὶ
2357 4864 2451 4917 νῦν
2512 4863 2653 4918 κατά
2703 4862 2801 4934 τὴν
2858 4862 3097 4933 σήμερον
3143 4859 3365 4932 ἡμέραν
3420 4858 3802 4930 ἀνακαλουμέ-

2217 4973 2317 5027 νης
2346 4959 2379 5027 η
2390 4957 2495 5028 μᾶς
2526 4954 2814 5019 ἀκούοντες
2845 4951 3236 5025 σκληρύνωμεν
3267 4952 3364 5015 τάς
3407 4950 3621 5005 ἑαυτῶν
3668 4969 3801 5023 καρ-

2222 5046 2379 5112 δίας·
2442 5046 2760 5119 διαλήψεται
2824 5046 2935 5118 γὰρ
2974 5045 3068 5099 καὶ
3124 5045 3273 5115 ἡμᾶς
3324 5043 3466 5115 ὀργὴ
3528 5042 3671 5099 Θεοῦ
3708 5043 3797 5096 καὶ

2221 5138 2643 5211 ἀποπεσούμεθα
2694 5141 2793 5210 τῆς
2846 5138 2974 5209 παρ’
3026 5135 3178 5206 αὐτῷ
3238 5134 3333 5189 καί
3360 5136 3457 5188 σὺν
3484 5132 3638 5203 αύτῷ
3669 5134 3798 5187 ἀνα·

2221 5234 2491 5297 παύσεως.
2533 5231 2726 5286 Ὀποία
2780 5230 2838 5284 δέ
2879 5230 3027 5283 ἐστιν
3070 5229 3103 5298 ή
3162 5226 3325 5299 ὀργὴ,
3400 5225 3739 5298 παρίστησιν
3774 5224 3802 5276 ὁ

2236 5325 2552 5390 Ἀπόστολος
2577 5325 2769 5394 λέγων·
2802 5323 2959 5378 Κατὰ
2990 5321 3058 5374 δὲ
3088 5319 3204 5388 τὴν
3235 5316 3626 5388 σκληρότητά
3660 5334 3798 5379 σου,

2221 5419 2317 5472 καὶ
2363 5419 2770 5488 ἀμετανόητον
2815 5415 3064 5484 καρδίαν
3083 5452 3099 5477 ,
3147 5411 3519 5479 θησαιιοίζὲις
3565 5407 3801 5473 σεαυτῷ

2221 5509 2407 5581 ὀργὴν
2436 5510 2504 5563 ἐν
2538 5508 2724 5579 ἡμέρα
2750 5506 2932 5577 ὀργῆς
2957 5508 3057 5561 καὶ
3103 5505 3545 5572 ἀποκαλύψεως
3579 5501 3801 5554 δικαιο-

2219 5603 2452 5672 κρισίας
2484 5601 2589 5657 τοῦ
2620 5600 2788 5657 Θεοῦ.
2827 5600 2923 5663 Τίς
2954 5599 3011 5652 δὲ
3044 5600 3136 5652 καὶ
3179 5603 3210 5670 η
3257 5599 3603 5662 κατάπαυσις
3635 5593 3803 5650 αὑτοῦ
