4044 6212
233 252 382 308 ηις

1319 245 1821 307 (ΞΟΜΜΕΝΤΑΒΙΑ
1860 246 1928 303 [Ν
1968 245 2308 302 Ρεεωίοε.

3342 246 3488 304 ms

237 366 360 422 ἀλλ’
392 366 427 437 ἡ
466 363 601 436 μετά
623 362 722 434 τὴν
748 361 928 430 ἔξοδον
948 362 1043 417 τοῦ
1071 362 1334 434 παρόντος
1371 361 1486 432 β’ίον
1527 364 1623 417 σὺν
1658 361 1807 434 αὐτῷ

1914 361 2125 433 quando
2167 360 2423 417 abscedet
2469 359 2692 431 quidem
2744 338 2921 424 dolor,
2957 359 3180 416 tristitia
3213 366 3271 416 et
3310 363 3483 432 gemi-

235 456 519 530 διατριϐὴ,
544 455 665 511 καθ’
693 455 761 525 ἢν
800 453 1224 524 ἀναπαυσόμεθα
1264 456 1323 507 ἐν
1348 456 1416 523 τῇ
1451 452 1615 507 αὑτοῦ
1662 452 1815 524 βασι-

242 550 392 623 λείᾳ,
427 552 607 619 πάσης
642 548 740 619 τῆς
784 547 871 601 διὰ
907 546 1155 619 πράξεως
1190 545 1415 615 ἀγωγῆς
1458 543 1813 615 ἀπηλλαγμέ-

236 658 348 705 νοι,
407 640 543 713 μόνῃ
597 640 652 693 δέ
715 640 785 710 τῇ
844 638 954 691 τῶν
1000 636 1156 692 θείων
1197 637 1292 691 καὶ
1340 637 1675 709 ἐπουρανίων
1715 635 1815 708 θέᾳ

235 734 695 807 ’προσανέχοντεςς
729 733 816 786 ὅτε
846 730 1206 803 ἀποδράσεται
1232 728 1331 801 μὲν
1361 729 1516 800 ὀδύνη
1544 727 1640 783 καὶ
1666 725 1811 799 λύπη

234 827 342 883 καὶ
398 825 718 894 στεναγμόςο
778 821 945 894 ἀργία
1000 820 1058 876 δὲ
1109 821 1203 876 καὶ
1266 820 1553 892 ἀπαλλαγὴ
1603 823 1811 886 κακῶν,

241 918 406 990 σχολή
445 934 503 971 τε
537 916 630 970 καὶ
678 914 965 968 ἀνάπαυλα
1008 912 1104 967 καὶ
1143 912 1206 967 τὸ
1253 912 1504 982 ἀληθινὸν
1538 914 1814 970 Σάϐϐατον

234 1010 387 1080 ἡμᾶς
421 1007 717 1073 διαδέξεται
733 1020 746 1035 ·
772 1006 830 1058 ὲν
861 998 907 1073 ᾧ
930 1004 1189 1074 Σαϐϐάτῳ
1215 1002 1449 1076 ἀληθινῷ
1479 1004 1574 1059 καὶ
1600 1006 1759 1071 αὐτὸς
1785 1008 1815 1060 ὁ

231 1101 330 1155 τοῦ
374 1100 506 1154 Θεοῦ
561 1098 731 1167 Λόγος
785 1093 1188 1151 ἀναπαύσεταιθ
1258 1096 1319 1149 τὸ
1378 1095 1478 1166 μὲν
1540 1098 1669 1168 περῖ¹
1722 1098 1813 1152 τὸν

235 1190 490 1262 αἰσθητὸν
532 1189 772 1259 κόσμον,
819 1186 900 1257 τῷ
950 1187 1221 1240 Ἰουδαίων
1271 1185 1384 1257 λαῷ
1436 1185 1506 1240 τά
1564 1188 1621 1240 ἐν
1667 1187 1814 1259 αὐτῷ

233 1278 596 1352 προσφωνῶν,
635 1278 731 1332 καὶ
764 1276 1097 1349 παρακαλῶν
1124 1277 1338 1340 αὐτοὺς,
1371 1279 1418 1331 εἰ
1441 1276 1694 1349 δεύτερον
1718 1295 1815 1331 κα-

234 1372 567 1439 ταξιωθεῖεν,
608 1371 683 1434 ὡς
720 1370 782 1424 τὸ
821 1368 1034 1441 πρῶτον
1077 1369 1170 1423 ἐπὶ
1198 1370 1297 1441 τῆς
1324 1371 1553 1441 ἐρήμου,
1586 1368 1815 1424 ἀκοῦσαι

234 1467 338 1538 τῆς
365 1465 458 1521 τοῦ
492 1464 625 1519 Θεοῦ
650 1464 821 1531 Λόγου
851 1463 1058 1534 φωνῆς,
1085 1464 1206 1535 ἥτις
1232 1463 1464 1535 ῆμελλεν
1488 1463 1669 1528 αὐτοῖς
1699 1467 1807 1518 πά-

226 1556 321 1616 Rw
352 1560 491 1615 κατά
548 1559 646 1631 τὴν
689 1557 1099 1630 ἐνανθρὼπησιν
1143 1557 1306 1611 αὐτοῦ
1351 1557 1550 1622 λαλεῖν,
1588 1559 1663 1630 μὴ
1690 1560 1816 1623 τοὺς

225 1649 480 1720 ’πατέρας
510 1648 686 1702 αὐτῶν
708 1647 969 1719 ζηλῶσαι,
1005 1648 1127 1721 μηδ’
1153 1644 1311 1713 αὖθις
1346 1648 1437 1703 τὸν
1470 1648 1602 1703 Θεὸν
1630 1668 1811 1723 παρα-

1914 460 2039 517 tus;
2067 450 2226 521 quies
2249 456 2453 512 autem,
2484 448 2694 521 ereptio
2714 463 2746 502 a
2771 449 2954 513 malis,
2983 449 3240 513 cessatio,
3264 452 3482 520 requies

1912 558 1979 598 ac
2039 557 2226 599 verum
2278 542 2562 598 sabbatum
2617 557 2720 598 nos
2767 542 2999 612 excipiet
3033 560 3046 597 :
3083 542 3138 596 in
3192 558 3303 612 quo
3346 543 3477 600 item

1911 648 2042 689 vero
2076 633 2305 690 sabbato
2338 632 2515 702 ipsum
2548 630 2642 688 Dei
2674 631 2911 688 Verbum
2952 631 3274 702 requiescet.
3322 631 3479 699 Quod

1912 741 2043 782 vero
2069 734 2272 798 spectat
2309 725 2372 783 ad
2403 725 2550 780 hunc
2595 725 2907 781 sensibilem
2939 724 3225 787 mundum,
3259 723 3480 783 Iudaeos

1912 829 2103 875 evocat
2130 827 2184 874 et
2211 818 2484 884 hortatur,
2532 828 2594 872 ut
2641 818 2686 873 si
2713 816 2826 887 jam
2859 816 3121 882 secundo,
3166 825 3226 872 ut
3258 818 3386 877 olim
3421 818 3477 874 in

1912 911 2149 978 deserto,
2183 910 2278 968 Dei
2314 910 2477 966 Verbi
2504 924 2636 966 voce
2658 910 2971 980 dignentur,
3000 926 3121 980 quae
3149 910 3302 976 ipsos
3338 918 3481 966 tem-

1912 1016 2043 1071 pore
2076 1002 2471 1056 incarnationis
2496 1001 2617 1071 ejus
2648 1003 2842 1055 iterum
2891 1001 3193 1055 allocutura
3219 1009 3353 1065 erat,
3410 1017 3479 1055 ne

1913 1104 2098 1167 patres
2153 1110 2285 1151 suos
2342 1096 2645 1161 imitentur,
2706 1111 2882 1166 neque
2934 1110 3153 1150 rursum
3206 1102 3266 1149 ut
3318 1102 3477 1150 antea

1912 1185 2082 1243 Deum
2137 1186 2480 1242 exacerbent.
2511 1186 2647 1241 Cum
2686 1193 2866 1241 autem
2909 1184 2989 1241 sic
3020 1184 3290 1249 hortatur,
3323 1182 3475 1238 vide-

1913 1287 2002 1333 tur
2043 1277 2174 1331 mihi
2217 1278 2584 1347 praenuntiare
2625 1292 2688 1332 ac
2717 1276 3068 1332 subindicare
3104 1273 3340 1329 futuram
3390 1289 3479 1331 eo-

1913 1383 2033 1422 rum
2074 1382 2200 1438 erga
2237 1367 2515 1422 Christum
2552 1366 3010 1431 incredulitatem,
3050 1374 3235 1436 utpote
3274 1364 3466 1421 futuro-

1913 1474 2033 1514 rum
2086 1474 2193 1533 non
2240 1460 2459 1514 nescius
2492 1473 2652 1513 :uam
2711 1459 2814 1513 sub
2844 1459 2957 1513 hac
3010 1472 3073 1512 ex
3108 1470 3340 1527 persona
3378 1451 3474 1511 Dei

1913 1550 2102 1620 adjicit
2133 1559 2187 1604 et
2220 1549 2296 1604 ait
2322 1566 2336 1602 :
2360 1548 2430 1602 Et
2452 1549 2584 1614 dixi,
2618 1547 2830 1618 Semper
2853 1557 3029 1603 errant
3046 1546 3235 1611 corde;
3269 1561 3333 1601 ac
3362 1560 3479 1601 rur-

1915 1657 2057 1703 sum,
2093 1638 2241 1695 Sicut
2271 1640 2454 1710 juravi
2497 1643 2552 1694 in
2594 1640 2677 1693 ira
2727 1656 2863 1704 mea,
2909 1640 2960 1693 si
2988 1638 3274 1696 introibant
3304 1637 3357 1691 in
3398 1652 3477 1692 re-

224 1738 496 1809 πικράναι
526 1737 602 1802 ὼς
634 1737 729 1791 καὶ
763 1736 1047 1809 πρότερον.
1094 1737 1330 1792 Τοιαῦτα
1357 1735 1415 1790 δὲ
1449 1736 1805 1808 παρακαλῶν,

1914 1732 2081 1803 quiem
2119 1730 2551 1787 meam.Etenim
2585 1731 2633 1786 si
2675 1731 2729 1785 in
2772 1746 2835 1787 os
2875 1731 3009 1787 illud
3042 1730 3285 1785 divinum
3329 1744 3476 1785 men-

229 1830 520 1901 προλέγειν
559 1844 648 1902 μοι
667 1829 813 1883 δοκεῖ
839 1829 931 1883 καὶ
958 1828 1391 1902 προαινίττεσθαι
1415 1828 1517 1898 τὴν
1544 1828 1808 1899 ἐσομένην

232 1920 415 1976 αὐτῶν
438 1923 516 1987 εἰς
560 1921 652 1975 τὸν
692 1918 922 1992 Χριστὸν
954 1920 1233 1983 ἀπιστίαν,
1269 1919 1364 1973 ἀτε
1396 1917 1458 1971 τὸ
1499 1917 1692 1990 μέλλον
1728 1919 1803 1990 μὴ

228 2011 463 2081 ἀγνοῶν⁵
498 2011 690 2080 ἐπάγει
725 2011 770 2065 δ’
807 2007 900 2064 οὖν
950 2009 1078 2081 ἑξῆς
1110 2013 1175 2064 ἐκ
1214 2007 1505 2081 προσώπου
1544 2007 1639 2063 τοῦ
1673 2006 1810 2062 Θεοῦ

234 2104 333 2158 καὶ
367 2103 528 2175 φησίν
554 2120 572 2136 ο
610 2102 721 2157 Καὶ
757 2099 914 2157 εἶπα·
970 2102 1077 2156 Ἀεὶ
1109 2100 1448 2156 πλανῶνται
1475 2099 1551 2171 τῇ
1574 2100 1806 2170 καρδίᾳ·

238 2198 335 2251 καὶ
365 2197 544 2251 πάλιν·
582 2197 676 2263 Ὡς
702 2195 907 2266 ὤμοσα
934 2195 1005 2249 ἐν
1031 2190 1108 2264 τῇ
1135 2193 1280 2264 ὀργῇ
1303 2212 1443 2264 μου,
1468 2197 1520 2249 ει
1543 2194 1810 2248 εισελεύ-

241 2307 455 2345 σονται
484 2291 573 2356 εις
602 2288 718 2357 τὴν
746 2286 1127 2342 κατάπαυσίν
1166 2303 1302 2356 μου.
1340 2285 1402 2338 El
1436 2283 1545 2356 γὰρ
1584 2282 1813 2353 ἀψευδὲς

243 2381 502 2452 τυγχάνει
532 2381 593 2435 τὸ
621 2380 761 2435 θεῖον
792 2380 983 2451 στόμα,
1012 2379 1138 2451 ὅρον
1154 2395 1211 2430 τε
1246 2376 1534 2448 ἐξήνεγκεν
1557 2377 1650 2430 καὶ
1674 2377 1811 2430 ἀπε-

239 2475 466 2546 φήνατο,
494 2475 575 2527 ὅτι
614 2474 699 2527 ἀεὶ
754 2470 1095 2536 πλανῶνται,
1135 2470 1283 2542 ὅρκῳ
1320 2486 1379 2522 τε
1426 2467 1718 2521 ἐὸεόαίωσε
1753 2464 1816 2520 τὺ

235 2566 315 2639 μὴ
348 2565 605 2643 εἰσελθεῖν
633 2564 828 2628 αὐτοὺς
861 2565 940 2628 είς
974 2561 1071 2634 τὴν
1102 2561 1443 2645 κατάπαυσιν
1483 2558 1646 2615 αὑτοῦ
1666 2575 1680 2589 ⁸
1722 2575 1818 2612 σα-

1911 1818 2127 1872 dacium
2169 1832 2279 1872 nou
2315 1818 2483 1883 cadit,
2524 1833 2588 1873 ac
2637 1816 3005 1875 deﬁnitionem
3038 1819 3474 1889 sententiamque

1914 1908 2061 1961 illam
2112 1909 2357 1978 protulit,
2401 1908 2546 1979 quod
2588 1908 2797 1964 scilicet
2845 1923 3059 1978 semper
3094 1915 3299 1970 errent,
3325 1906 3475 1978 jura-

1914 2008 2206 2070 mentoque
2231 1998 2518 2054 afﬁrmavit
2543 2014 2638 2055 eos
2671 1999 2726 2053 in
2752 1999 2996 2069 requiem
3021 2000 3195 2071 ipsius
3221 2015 3332 2054 non
3353 2012 3476 2054 esse

1915 2089 2294 2160 ingressuros;
2326 2097 2510 2161 aperte
2556 2086 2736 2145 l‘u'tura
2765 2090 3089 2146 vaticinatus
3137 2097 3241 2145 est.
3271 2090 3472 2156 Quare,

1915 2190 1976 2236 ut
1999 2183 2129 2236 olim
2153 2192 2399 2256 tempore
2427 2181 2649 2253 Moysis,
2677 2181 2757 2237 sic
2779 2180 2972 2236 iterum
2996 2179 3206 2235 Domini
3234 2189 3476 2251 tempore

1911 2276 2126 2331 videtur
2150 2275 2366 2331 Judaos
2396 2275 2559 2332 corde
2586 2288 2824 2339 errasse,
2857 2274 3085 2344 ideoque
3114 2258 3476 2344 promissione
3523 2312 3541 2335 ,

1915 2369 2006 2424 illa
2031 2368 2323 2424 frustratos
2344 2383 2488 2426 esse.
2508 2367 2849 2437 QuaprOpter
2866 2374 2989 2436 post
3015 2366 3160 2419 hunc
3185 2365 3475 2436 psalmum,

1915 2462 2008 2533 qui
2058 2461 2304 2532 sequitur
2336 2475 2527 2516 omnes
2568 2468 2758 2531 gentes
2814 2456 2881 2512 ad
2923 2455 3337 2527 promissionem
3380 2453 3475 2511 Dei

1916 2560 2096 2618 vocat,
2126 2567 2191 2608 ac
2219 2551 2265 2606 si
2293 2551 2443 2622 prior
2477 2550 2568 2605 ille
2598 2547 2829 2619 populus
2852 2560 2963 2601 non
2996 2543 3401 2615 obtemperarir.

374 2658 436 2712 τὸ
470 2657 659 2729 μέλλον
683 2658 986 2711 ἐθέσπισεν.
1020 2633 1195 2710 δοθενε
1214 2655 1490 2725 φαενονται
1518 2653 1706 2725 ὥσπερ
1739 2651 1801 2706 τὸ
1823 2651 2037 2723 πρῶτον
2075 2648 2167 2702 ἐπὶ
2187 2646 2486 2710 Μωῦσέως,
2511 2645 2652 2698 οὕτω
2702 2642 2797 2696 καὶ
2840 2639 2900 2695 τὸ
2954 2638 3201 2711 δεύτερον
3240 2640 3335 2729 ἐπὶ,
3380 2633 3476 2693 τοῦ

235 2750 442 2821 Κυρίου
474 2728 840 2821 πλανηθέντες
873 2749 938 2819 τῇ
974 2745 1190 2818 καρδίᾳ,
1234 2747 1329 2799 καὶ
1369 2745 1459 2799 διὰ
1502 2743 1660 2799 τοῦτο
1701 2744 1799 2814 τῆς
1831 2740 2163 2810 ἐπαγγελίας
2206 2736 2580 2809 στερηθέντες.
2615 2733 2814 2804 Διόπερ
2863 2730 3167 2794 ἀκολούθως
3200 2728 3354 2821 ,μετὰ
3384 2728 3475 2782 τὸν

238 2819 480 2915 παρόντα
502 2819 713 2913 ψαλμὸν
737 2843 766 2895 ὁ
786 2840 910 2912 ἑξῆς
932 2840 1109 2894 πάντα
1143 2837 1213 2892 τά
1239 2837 1367 2909 ἔθνη
1400 2838 1480 2901 εἰς
1499 2837 1598 2909 τὴν
1627 2832 1960 2904 ἐπαγγελίαν
1986 2831 2081 2887 τοῦ
2115 2830 2250 2886 Θεοῦ
2273 2830 2449 2894 καλεῖ,
2493 2828 2569 2890 ὡς
2621 2825 2687 2880 ἂν
2734 2822 2829 2877 τοῦ
2891 2821 3154 2895 προτέρου
3198 2819 3327 2874 λαοῦ
3399 2821 3475 2892 μὴ

240 2933 671 2996 ὑπακούσαντος.

237 3048 376 3120 ῼΑΗ
428 3047 519 3120 T9.
539 3045 768 3120 sane
786 3084 813 3120 ν,
827 3044 1082 3120 ,βἰᾚηρ
1102 3043 1329 3120 ,Οιὲἓρξ

500 3112 692 3170 ΜΕΤΑ
728 3116 868 3169 ΤΗΝ
908 3112 1403 3169 ΔΙΧΜΑΛΩΣΙΔΝζ
1437 3112 1555 3180 ΗΒ.

316 3292 536 3363 ’ᾼσατε
571 3291 652 3358 τῷ
691 3292 881 3361 Κυρίῳ
910 3284 1075 3361 ᾆσμα
1106 3288 1335 3344 καινόν’
1370 3287 1557 3357 ᾅσατε
1587 3285 1667 3351 τῷ
1697 3287 1813 3339 Κυ-

236 3382 366 3454 ρίῳ,
398 3381 568 3436 πᾶσα
593 3384 631 3451 ἠ
656 3381 754 3452 γῆ.
794 3383 1016 3452 ’ᾼσατε
1051 3379 1132 3447 τῷ
1176 3381 1390 3448 Κυρίῳ,
1437 3376 1812 3447 sin/torquati:

241 3474 311 3528 τὸ
345 3474 530 3544 ὄνομα
559 3474 762 3529 αὑτοῦ.
804 3475 986 3546 Φήσας
1024 3474 1053 3526 ὁ
1080 3473 1234 3542 λόγος
1269 3474 1327 3525 ἐν
1367 3471 1445 3543 τῷ
1474 3469 1580 3541 πρὸ
1622 3467 1810 3521 τούτου

243 3564 441 3636 ψαλμῷ
469 3564 704 3636 περὶτοῦ
747 3566 1012 3620 Ἰουδαίων
1038 3564 1168 3619 λαοῦ
1197 3563 1276 3629 τὸ,
1324 3564 1430 3618 Ἀεὶ
1470 3559 1813 3616 πλανῶνται

247 3654 322 3724 τῇ
349 3656 579 3725 καρδίᾳ·
605 3655 803 3718 καὶτὸ,
847 3655 940 3721 Ὠς
972 3653 1175 3724 ὤμοσα
1205 3652 1275 3705 ἐν
1297 3650 1370 3719 τῇ
1401 3647 1548 3720 ὀργῇ
1586 3666 1728 3719 μου,
1761 3648 1814 3699 εί

246 3749 693 3801 εἰσελεύσονται
736 3749 824 3813 εὶς
861 3745 976 3813 τὴν
1021 3743 1401 3798 κατάπαυσίν
1440 3755 1578 3809 μον
1627 3737 1811 3809 ἐπειδὴ

250 3838 495 3910 πρώτους
516 3838 709 3902 αὐτοὺς
735 3839 828 3891 ἐπὶ
878 3837 976 3910 τὴν
1004 3837 1146 3891 κατὰ
1174 3833 1306 3890 Θεὸν
1332 3832 1650 3903 ἀγαλλίασιν
1673 3846 1814 3903 προ-

247 3930 615 4000 καλεσάμενος
664 3929 905 3994 ἀπειθεῖς
958 3924 1148 4001 εὗρεν,
1211 3927 1304 3981 ἐπὶ
1347 3926 1445 3998 τὴν
1492 3923 1600 3978 τῶν
1642 3921 1814 3977 ἐθνῶν

250 4019 440 4091 κλῆσιν
474 4018 800 4090 μεταϐαίνει*
837 4021 1144 4090 προσφωνεί
1170 4017 1229 4071 δὲ
1248 4015 1419 4080 ταῦτα
1440 4017 1551 4078 τοῖς
1577 4012 1811 4068 ἀποστό-

247 4113 359 4176 λοις
382 4111 473 4166 καὶ
508 4110 773 4182 μαθηταῖς
797 4113 891 4166 τοῦ
921 4112 1193 4185 Σωτῆρος,
1226 4110 1363 4181 ὅπερ
1390 4106 1546 4180 δῆλόν
1565 4107 1682 4160 ἐστι
1702 4103 1811 4159 ἀπὸ

249 4203 366 4264 τοῦ,
394 4200 857 4271 Εὐαγτελίζεσθε
887 4200 1112 4271 ἡμέραν
1143 4199 1212 4266 ἐξ
1247 4198 1473 4268 ἡμέρας
1510 4195 1574 4250 τὸ
1617 4192 1813 4261 σωτή-

245 4310 379 4366 ριον
401 4291 608 4358 αὐτοῦ,
638 4290 766 4362 ἑξῆς
808 4292 1114 4364 εἰρημένου,
1143 4291 1256 4354 καὶ,
1313 4288 1717 4358 Ἀναγγείλατε
1741 4284 1813 4338 ἐν

252 4386 375 4456 τοῖς
403 4388 605 4444 ἔθνεσι
630 4384 747 4453 τὴν
766 4383 952 4449 δόξαν
978 4382 1181 4446 αὐτοῦ,
1213 4383 1282 4437 ἐν
1316 4380 1464 4436 πᾶσι
1494 4379 1616 4446 τοῖς
1641 4375 1812 4443 λαοῖς
1845 4400 1886 4455 D

252 4478 325 4533 τὰ
339 4476 639 4550 θαυμάσια
662 4475 864 4531 αὐτοῦ·
885 4474 1007 4529 ἐπεὶ
1032 4473 1106 4546 μὴ
1136 4474 1199 4528 δι’
1230 4474 1402 4528 ἄλλων
1417 4473 1450 4544 ἢ
1465 4471 1553 4526 διὰ
1583 4471 1691 4524 τῶν
1714 4467 1806 4522 τοῦ

252 4570 498 4644 Σωτῆρος
522 4568 678 4642 ἡμῶν
699 4566 1008 4622 ἀποστόλων
1024 4569 1105 4630 είς
1133 4566 1292 4639 ἔργον
1321 4563 1808 4638 προκεχωρήκασιν

254 4663 301 4717 οἱ
324 4662 490 4731 λόγοι.
516 4660 737 4714 Δι’ὃκαὶ
765 4660 944 4731 μόνοις
978 4656 1202 4731 ἁρμόζει
1226 4655 1296 4711 τὰ
1320 4656 1651 4728 προκείμενα
1674 4669 1809 4725 προ-

253 4753 574 4823 σφωνεῖσθαι
587 4751 673 4806 διὰ
682 4752 779 4824 τὴν
792 4750 998 4822 Καινὴν
1009 4748 1278 4820 Διαθήκην
1293 4747 1455 4803 καὶτὸ
1465 4745 1648 4800 καινὸν
1660 4739 1811 4816 ᾆσμα

252 4846 312 4900 τὸ
328 4841 694 4915 εὐαγγελικὺν,
711 4843 773 4897 τὸ
788 4844 919 4896 πᾶσι
934 4843 1046 4904 τοῖς
1060 4840 1235 4894 ἔθνεσι
1248 4840 1316 4892 δι’
1353 4837 1530 4892 αὐτῶν
1574 4852 1710 4906 κεκη
1718 4852 1813 4907 ρυ-

252 4938 466 5009 γμένον.
504 4928 661 4989 Οῦτοι
698 4934 763 5006 δὴ
792 4930 883 4989 οὖν
906 4932 1324 5004 προστάττονται
1356 4929 1500 5001 ᾄδειν
1525 4926 1601 4996 τῷ
1626 4924 1814 4996 Κυρίῳ

252 5025 402 5101 ᾆσμα
427 5026 611 5080 καινὸν
642 5027 699 5078 ἐν
728 5025 873 5095 πάσῃ
901 5027 967 5094 τῇ
994 5025 1087 5094 γῇ·
1121 5023 1258 5090 ὅπερ
1285 5019 1378 5074 καὶ
1407 5018 1585 5089 ἔργοις
1604 5014 1814 5084 πεπλη-

256 5118 514 5190 ρώκασιν,
545 5119 635 5171 ὅτε
658 5118 743 5183 εὶς
775 5114 980 5170 πᾶσαν
1004 5112 1118 5182 τὴν
1148 5109 1266 5183 γῆν
1293 5108 1550 5177 ἐξῆλθεν
1581 5109 1614 5161 ὁ
1639 5106 1817 5175 φθόγ-

254 5226 358 5279 γος
391 5205 607 5271 αὐτῶν,
628 5206 727 5260 καὶ
751 5208 837 5271 εις
865 5205 935 5260 τὰ
958 5202 1181 5273 πέρατα
1211 5200 1320 5271 τῆς
1362 5196 1716 5268 οὶκουμέγης
1741 5195 1815 5249 τὰ

248 5300 486 5371 ῥήματα
511 5296 725 5351 αὐτῶν.
758 5292 867 5349 Ἦν
893 5295 950 5350 δὲ
980 5296 1041 5350 τὸ
1069 5292 1219 5369 ᾆσμα
1249 5293 1309 5346 τὸ
1335 5290 1539 5353 καινὸν,
1561 5289 1623 5341 τὸ
1652 5289 1819 5358 σωτή-

261 5407 370 5464 ριον
394 5386 737 5456 Εὐαγγέλιον,
769 5387 830 5440 οὐ
849 5386 920 5440 τὰ
950 5386 1102 5459 παρά
1124 5385 1348 5440 Μωῦσεῖ
1374 5377 1577 5434 παλαιά
1614 5377 1817 5446 νόμιμα

257 5483 527 5558 περιέχον,
554 5480 688 5535 ἀλλά
722 5480 789 5535 τά
818 5480 912 5535 τοῦ
952 5477 1185 5553 Χριστοῦ
1221 5479 1383 5531 πᾶσιν
1415 5471 1667 5543 Ἕλλησιν
1715 5470 1816 5540 ἁρ-

326 5641 373 5673 το
418 5637 566 5695 Psal.
604 5650 767 5702 mu,
805 5634 858 5689 li.

1375 3040 1812 3114 ᾳκρΔοΜΕιτο
1837 3043 1883 3102 c

1918 3037 1971 3092 l.
2042 3024 2401 3091 CANTICUM
2480 3020 2607 3081 IPSI
2650 3014 3212 3092 DAVIDLQUANDQ

1952 3084 2378 3161 mimicam":
2392 3094 2487 3152 un
2516 3092 2690 3150 POST
2707 3085 3233 3147 CAPTIVITATEM.
3259 3084 3416 3141 xcv.

1983 3263 2147 3318 Vens.
2175 3261 2231 3316 2.
2272 3258 2497 3315 Cantate
2531 3253 2756 3308 Domino
2794 3249 3059 3305 canticum
3094 3259 3302 3309 novum,
3346 3259 3476 3297 can-

1913 3366 2017 3411 tate
2049 3354 2295 3415 Domino,
2328 3350 2497 3405 onmis
2541 3355 2699 3401 terra.
2734 3343 2957 3399 Cantate
2979 3340 3227 3400 Domino.
3267 3335 3477 3391 benedi—

1909 3449 2012 3504 cite
2040 3445 2238 3501 nomini
2265 3443 2400 3513 ejus.
2431 3438 2564 3494 Cum
2598 3437 2656 3491 in
2685 3431 3010 3505 praacedenti
3051 3431 3259 3502 psalmo
3288 3427 3355 3483 de
3385 3427 3476 3481 Ju-

1911 3540 2070 3596 daico
2102 3536 2302 3609 populo
2336 3534 2540 3587 dictum
2579 3529 2791 3589 fuisset,
2814 3525 3027 3593 Semper
3065 3528 3246 3577 errant
3279 3520 3468 3583 corde,

1911 3641 1988 3693 et,
2014 3626 2163 3684 Sicut
2182 3623 2363 3695 juravi
2391 3623 2445 3676 in
2482 3620 2564 3674 ira
2598 3634 2733 3685 mea,
2759 3616 2805 3671 si
2835 3612 3124 3668 introibant
3159 3612 3214 3664 in
3245 3610 3472 3680 requiem

1913 3687 2083 3776 meam
2107 3732 2126 3771 :
2150 3687 2282 3788 quia
2321 3714 2444 3769 illos
2475 3713 2707 3783 primum
2736 3709 2803 3762 ad
2832 3722 2951 3762 eam
2982 3702 3281 3760 secundum
3306 3699 3474 3756 Deum
3558 3687 3566 3695 ’

1911 3811 2332 3870 exsultationem
2382 3807 2676 3867 advocans,
2724 3799 3100 3869 immorigeros
3156 3793 3472 3856 invenisset,

1914 3907 1981 3961 ad
2004 3905 2342 3960 vocationem
2364 3898 2607 3971 gentium
2631 3893 2848 3949 transit.
2881 3889 2975 3945 llis
2996 3902 3157 3960 porro
3196 3888 3474 3956 apostolos

1913 4004 1968 4054 et
2015 3993 2374 4064 cvangelistas
2413 3984 2712 4043 Salvatoris
2749 3981 3054 4053 compellat,
3091 3987 3148 4033 ut
3177 3979 3353 4048 palam
3389 3984 3474 4031 est

1912 4102 1978 4143 ex
2012 4083 2215 4146 verbis,
2246 4078 2571 4136 Annunliate
2605 4065 2681 4130 de
2704 4073 2789 4128 die
2813 4078 2866 4126 in
2900 4071 3037 4124 diem
3066 4068 3302 4122 salutare
3334 4065 3473 4136 ejus,

1913 4191 2035 4250 qua:
2061 4165 2320 4245 deinceps
2347 4178 2673 4242 sequuntur,
2713 4174 2767 4222 et
2797 4180 2861 4221 ex
2893 4164 3001 4227 liis,
3044 4159 3368 4214 Annuntiate
3399 4158 3479 4211 in-

1914 4279 1990 4325 ter
2013 4276 2186 4341 gentes
2206 4264 2431 4338 gloriam
2464 4261 2601 4331 ejus,
2634 4260 2689 4313 in
2710 4257 2948 4312 omnibus
2974 4252 3179 4325 populis
3207 4250 3476 4341 mirabilia

1912 4338 2068 4433 ejus:
2101 4372 2211 4412 non
2260 4355 2487 4408 aliorum
2531 4349 2698 4414 enim,
2735 4361 2897 4417 quam
2955 4340 3252 4397 Salvatoris
3300 4338 3474 4392 nostri

1915 4428 2286 4522 apostolorum
2319 4458 2507 4514 opera,
2554 4441 2607 4494 hi
2656 4450 2935 4495 sermones
2981 4433 3046 4487 ad
3097 4446 3210 4486 rem
3256 4428 3475 4484 deducti

1916 4519 2064 4599 sunt.
2093 4540 2273 4606 Quare
2296 4537 2367 4591 ob
2391 4532 2599 4588 Novum
2638 4528 3065 4590 Testamentum,
3110 4529 3165 4577 et
3197 4519 3270 4576 ob
3312 4533 3479 4575 evan-

1915 4634 2145 4705 gelicum
2178 4643 2374 4684 novum
2414 4625 2708 4684 canticum,
2749 4632 2844 4690 per
2874 4618 3022 4687 ipsos
3051 4612 3307 4668 omnibus
3353 4625 3480 4682 geu-

1920 4727 2069 4783 tibus
2097 4721 2475 4794 praedicatum,
2508 4719 2658 4788 ipsos
2687 4716 2836 4768 solos
2872 4711 2952 4765 sic
2983 4705 3310 4774 compellare
3339 4718 3477 4757 con-

1918 4814 2191 4872 veniebat.
2230 4809 2295 4865 lli
2327 4810 2509 4879 itaque
2536 4807 2800 4876 iubentur
2838 4808 3062 4855 cantare
3093 4795 3319 4849 Domino
3347 4807 3473 4849 can-

1919 4912 2089 4966 ticum
2122 4920 2321 4962 novum
2356 4902 2411 4957 in
2453 4901 2706 4955 universa
2735 4905 2879 4949 terra
2907 4910 2920 4945 :
2947 4886 3091 4960 quod
3128 4886 3288 4941 etiam
3316 4897 3482 4953 opere

1919 5001 2288 5074 perfecerunt,
2315 4991 2533 5066 quando
2581 4989 2636 5043 in
2674 4999 2875 5041 omnem
2905 4992 3098 5036 terram
3135 4978 3292 5033 exivit
3322 4991 3481 5030 sarius

1919 5069 2121 5158 eorum,
2150 5090 2277 5147 etin
2301 5090 2431 5160 ﬁnes
2455 5085 2594 5139 orbis
2624 5091 2775 5136 terra:
2842 5076 2993 5132 verba
3027 5089 3205 5129 eorum
3227 5072 3297 5126 ".
3355 5069 3483 5122 Erat

1919 5201 2084 5260 porro
2115 5180 2390 5239 canticum
2422 5176 2554 5234 illud
2590 5188 2809 5237 novum,
2836 5170 3074 5225 salutare
3111 5160 3481 5260 Evangeliulm,

1921 5248 2066 5351 quod
2110 5278 2221 5331 non
2255 5281 2435 5329 vetera
2484 5269 2577 5323 illa
2631 5262 2834 5351 Moysis
2863 5258 3054 5330 legalis
3095 5248 3481 5351 cpmplecteba-

1921 5344 2034 5435 tur,
2080 5367 2175 5425 sed
2234 5362 2436 5421 Christi
2484 5346 3060 5431 praeceptaomnibus
3112 5344 3316 5435 Grzecis
3358 5349 3482 5388 con-

1921 5432 2168 5538 gruentia
2188 5477 2200 5513 :
2222 5457 2313 5513 illa
2339 5456 2538 5529 quippe
2566 5451 2803 5509 Mosaica
2830 5462 2939 5505 non
2970 5432 3278 5513 huiusmodi
3301 5435 3478 5486 erant.
