4044 6212
588 251 739 320 ⁴«1219
1262 263 1350 343 ει]
1360 262 1532 325 SEBII
1560 262 2042 321 CESARIENSIS
2073 262 2157 319 01³

2269 260 2449 318 PARS
2484 260 2573 316 ill.
2612 287 2682 303 -
2720 259 3129 318 EXEGETICA.
3687 260 3826 318 ιειο

580 377 664 433 ἰιῐ
694 376 917 433 exordio
949 375 1128 446 itaque
1152 375 1305 445 jubet
1333 377 1435 446 ipsi
1469 376 1699 435 Domino
1727 386 1952 434 cantare
1983 376 2157 431 canti-

2266 378 2421 449 μύδια
2455 377 2904 449 παραγγέλματα·
2937 376 3006 431 τά
3050 376 3160 451 γάρ
3188 377 3462 441 Μωῦσέως
3498 376 3567 433 οὗ
3600 377 3826 432 τοιαῦτα

599 481 724 521 cum
747 480 966 521 novum.
1003 464 1139 531 Quia
1180 479 1308 519 vero
1334 478 1442 519 non
1468 472 1680 535 poterat
1713 466 1893 520 omnis
1917 472 2059 520 terra
2090 464 2157 516 in-

2260 464 2349 542 ἧς).
2376 468 2802 541 Προηγουμένως
2832 468 2929 539 μὲν
2950 464 3043 522 οὖν
3063 470 3386 540 προστάττει
3411 470 3555 541 ᾄδειν
3577 469 3734 540 αὐτῷ
3752 470 3829 541 τῷ

593 557 840 628 telligere
862 556 986 628 quis
1012 563 1159 611 esset
1188 555 1472 625 Dominus,
1497 572 1672 627 neque
1693 554 2076 627 profundiores
2097 555 2157 610 de

2264 561 2452 633 Κυρίῳ
2483 559 2549 613 τὸ
2578 559 2762 613 καινὸν
2792 555 2962 631 ᾄσμαο
2998 561 3119 614 ἐπεὶ
3146 560 3205 613 δὲ
3234 562 3297 614 ού
3321 565 3467 615 πᾶσα
3492 564 3523 633 ἠ
3551 563 3623 633 γῆ
3653 562 3743 615 οἶα
3771 578 3828 614 τε

602 646 833 701 Domino
887 662 1165 702 sermones
1218 662 1444 716 capere;
1492 647 1806 702 necessario
1841 647 2047 701 dictum
2083 660 2166 700 re-

596 742 734 812 petit
773 740 885 794 boc'
905 739 1089 804 modo,
1119 736 1344 795 Cantate
1377 738 1620 804 Domino,
1652 738 1935 794 benedicite
1961 738 2163 792 nomini

593 832 734 901 ejus,
762 831 922 900 cujus
958 830 1070 885 haec
1109 838 1193 885 est
1225 831 1493 885 sententia
1527 849 1541 886 :
1569 830 1615 887 si
1647 832 1915 886 universa!
1941 844 2038 900 per
2074 843 2165 883 or-

596 926 720 979 bem
755 932 962 994 gentes,
1007 923 1132 993 quis
1178 923 1249 977 sit
1280 923 1447 979 totius
1476 922 1664 978 mundi
1710 920 1911 993 Opifex,
1955 929 2011 977 et
2039 920 2163 991 quis

598 1018 979 1071 universorum
1011 1013 1293 1077 Dominus,
1327 1030 1521 1085 capere
1564 1030 1672 1069 non
1701 1016 1946 1082 valeant;
1988 1030 2165 1085 neque

598 1108 901 1178 intelligere
947 1107 1177 1176 possint,
1217 1106 1490 1176 quomodo
1527 1104 1623 1161 Dei
1666 1105 1924 1171 Verbum,
1980 1107 2163 1176 opifex

599 1216 724 1256 cum
758 1202 849 1263 sit,
880 1198 1092 1254 occulta
1115 1204 1170 1253 et
1208 1198 1471 1254 invisibili
1496 1198 1700 1253 virtute
1718 1198 1898 1253 omnia
1932 1197 2165 1252 admini-

598 1299 738 1346 stret
763 1297 817 1344 et
851 1289 1147 1359 gubernet;
1194 1296 1248 1341 at
1290 1287 1422 1343 satis
1451 1296 1534 1342 est
1576 1287 1705 1350 illis,
1742 1294 1928 1356 utpote
1957 1289 2165 1343 solum-

601 1379 764 1434 modo
820 1379 1080 1441 initialis,
1122 1361 1468 1433 'beuedicere
1526 1378 1733 1432 nomini
1781 1378 1922 1448 ejus.
1983 1377 2162 1449 Ipsum

598 1471 802 1540 quippe
857 1469 1067 1525 Domini
1114 1486 1331 1532 nomen,
1384 1470 1696 1539 nudumque
1724 1469 1897 1540 ipsius
1928 1471 2155 1525 vocabu-

600 1561 713 1616 lum
742 1576 864 1616 cum
892 1561 1050 1616 laude
1080 1570 1134 1616 et
1186 1560 1558 1616 benedictione
1592 1564 2016 1632 pronuntiatum,
2049 1577 2164 1615 ma-

600 1668 761 1725 gnam
795 1661 969 1725 potest
1002 1654 1445 1711 benediceutibus
1496 1655 1780 1708 utilitatem
1838 1653 2158 1720 conciliaref;

2261 647 2331 723 ἦν
2358 652 2442 715 τίς
2466 653 2586 707 ποτ’
2613 647 2681 723 ἧν
2708 653 2737 704 ὁ
2761 652 2965 723 Κύριος
2986 653 3239 718 συνεῖναι,
3266 652 3385 706 οὐδὲ
3408 654 3533 717 τοὺς
3567 654 3701 725 περὶ
3736 651 3827 705 τοῦ

2263 743 2468 814 Κυρίου
2497 740 2824 811 βαθυτέρους
2866 741 3064 796 εἰδέναι
3109 741 3329 811 λόγους·’
3358 743 3677 812 ἀναγκαίως
3704 741 3828 814 ἑξῆς

2264 834 2405 890 κατά
2426 834 2675 906 δεύτερον
2708 833 2863 913 λόγον
2896 833 3132 903 ἐπιλέγει
3148 835 3228 889 τό·
3263 837 3483 906 ’ᾼονατε
3507 834 3591 901 τῷ
3610 837 3827 905 Κυρίῳ,

2260 924 2633 995 caloriﬁcum
2672 922 2738 977 τὸ
2781 923 2966 993 ὄνομα
3008 925 3215 989 αὐτοῦ,
3254 925 3507 985 τοιαύτην
3551 926 3697 997 ἔχων
3735 927 3828 997 τὴν

2261 1018 2514 1072 διάνοιαν⁸
2539 1017 2587 1069 εἰ
2620 1014 2696 1087 μὴ
2735 1015 2970 1071 συνιέναι
3001 1015 3085 1079 τίς
3130 1017 3277 1071 ἐστιν
3317 1019 3345 1071 ὁ
3394 1016 3484 1070 τοῦ
3513 1016 3828 1088 σύμπαντος

2262 1113 2466 1184 κόσμου
2504 1110 2849 1182 δημιουργὸς,
2896 1111 2990 1165 καὶ
3020 1113 3049 1166 ὁ
3080 1112 3189 1167 τῶν
3229 1113 3363 1166 ὅλων
3406 1114 3676 1184 δεσπότης
3720 1115 3829 1168 Κύ-

2267 1220 2377 1277 ριος
2407 1202 2623 1257 δύναται
2653 1201 2720 1256 τὰ
2756 1201 2878 1256 καθ’
2909 1204 3035 1274 ὅλης
3071 1204 3166 1274 τῆς
3196 1203 3302 1273 γῆς
3328 1203 3487 1274 ἔθνη·
3527 1205 3625 1258 καὶ
3659 1207 3713 1259 εἰ
3756 1205 3829 1275 μὴ

2264 1292 2491 1364 συνορᾷν
2528 1285 2617 1344 οἷά
2648 1291 2708 1345 τέ
2754 1291 2902 1345 ἐστιν
2945 1292 3093 1356 ὅπως
3138 1293 3519 1366 δημιουργικδς
3562 1294 3638 1347 ὣν
3694 1289 3828 1349 Θεοῦ

2260 1383 2451 1451 Λόγος,
2479 1383 2678 1453 ἀφανεῖ
2707 1382 2801 1435 καὶ
2835 1383 3048 1455 ἀοράτῳ
3072 1383 3297 1456 δυνάμει
3332 1385 3399 1439 τὰ
3438 1386 3613 1439 πάντα
3650 1387 3829 1440 διέπει

2258 1477 2357 1531 καὶ
2374 1475 2716 1547 διακυϐερνᾷο
2741 1476 2855 1530 ἀλλ’
2883 1478 3122 1549 ἀπαρκεῖ
3144 1495 3208 1547 γε
3240 1478 3421 1542 αὐτοῖς
3449 1479 3525 1543 ὡς
3567 1480 3623 1531 ὲν
3672 1482 3829 1534 εἰσαο

2260 1568 2414 1638 γωγῇ
2446 1564 2539 1620 καὶ
2571 1565 2632 1618 τὸ
2663 1564 2900 1635 εὐλογεῖν
2933 1565 2994 1619 τὸ
3024 1565 3195 1635 δνομα
3235 1565 3417 1620 αὑτοῦ.
3475 1567 3678 1621 Ἱκανὸν
3722 1570 3829 1639 γάρ

2264 1656 2409 1709 ἐστιν
2450 1654 2580 1710 αὐτὸ
2622 1656 2683 1710 τὸ
2719 1655 2814 1709 τοῦ
2855 1656 3058 1727 Κυρίου
3097 1657 3265 1728 δνομα
3290 1658 3402 1711 ’καὶ
3441 1657 3581 1728 αὐτὴ
3619 1657 3753 1728 ψιλὴ
3792 1660 3826 1727 ἡ

598 1751 653 1800 et
680 1744 935 1814 majorem
976 1759 1129 1809 sane,
1161 1759 1323 1815 quam
1365 1742 1434 1796 iis
1468 1742 1561 1812 qui
1603 1743 1914 1798 Abrahamo
1947 1742 2157 1798 benedi-

2260 1746 2599 1818 προσηγορία
2632 1745 2796 1799 αὑτοῦ
2826 1745 3213 1818 εὐφημουμὲνη
3246 1748 3340 1800 καὶ
3364 1747 3737 1818 εὐλογουμένη
3763 1749 3828 1801 τά

599 1844 784 1892 cerent
810 1856 823 1890 :
859 1836 922 1891 ad
963 1852 1122 1908 quem
1149 1836 1354 1891 dictum
1388 1842 1492 1902 est,
1518 1834 1897 1889 Benedicentes
1929 1845 1977 1888 te
2009 1832 2161 1888 bene-

598 1927 837 1984 dicentur
849 1928 913 1984 ⁷⁸.

665 2124 873 2180 Novum
904 2140 1069 2197 porro
1109 2125 1383 2180 canticum
1407 2133 1529 2196 post
1557 2124 1922 2194 captivitatem
1950 2138 2046 2193 per
2074 2129 2161 2177 to-

596 2224 713 2270 tum
760 2218 948 2272 orbem
991 2218 1267 2272 celebrent
1324 2219 1453 2271 novi
1499 2216 1649 2272 orbis
1706 2217 1915 2271 incolae.
1958 2216 2160 2281 Quam-

598 2306 785 2361 obrem
820 2308 896 2360 ait
924 2306 1114 2377 psalmi
1149 2307 1361 2372 titulus,
1394 2305 1620 2372 Quando
1649 2305 1835 2359 damus
1863 2303 2161 2375 aediﬁcaba-

2262 1837 2490 1908 μέγιστα
2522 1838 2648 1901 τοὺς
2686 1837 3036 1907 εὐλογοῦντας
3067 1838 3311 1907 ὠφελεῖν,
3346 1839 3543 1909 μᾶλλον
3580 1840 3617 1909 ἢ
3648 1841 3705 1892 οἰ
3742 1841 3828 1893 τὸν

2272 1925 2526 1997 Ἀὗραάμ
2567 1926 2932 1996 εὐλογοῦντες,
2981 1928 3118 1999 πρὸς
3154 1928 3213 1982 ὅν
3257 1929 3488 2001 εἷρηται’
3537 1932 3605 1983 οι
3652 1935 3829 1985 εὐλο-

2258 2019 2503 2092 γοῦντές
2530 2036 2604 2075 σε
2623 2021 3154 2090 εὐλογηθήσονται.

2327 2133 2401 2188 Τὸ
2414 2134 2616 2188 -καινὸν
2642 2134 2699 2188 δὲ
2729 2131 2882 2208 ᾆσμα
2928 2134 3064 2205 μετά
3105 2135 3203 2207 τὴν
3243 2136 3619 2206 αἰχμαλωσίαν
3644 2140 3695 2191 οἰ
3729 2139 3829 2210 τῆς

2255 2228 2382 2291 νέας
2413 2227 2733 2299 οἰκουμένης
2769 2226 3165 2298 κατηξιωμένοι
3205 2228 3325 2282 καθ’
3353 2230 3481 2302 ὅλης
3516 2231 3621 2301 τῆς
3651 2233 3829 2284 οἰκου-

2261 2320 2427 2391 μένης
2468 2317 2760 2391 ᾀδέτωσαν.
2798 2317 2891 2371 Διό
2937 2334 3099 2389 φησιν
3145 2321 3178 2389 ἠ
3223 2320 3511 2392 προγραφὴ
3556 2321 3654 2374 τοῦ
3695 2322 3830 2391 ψαλ.

590 2410 687 2455 'tur
722 2411 838 2471 post
861 2402 1238 2470 captivitatem.
1264 2399 1399 2453 Cum
1433 2398 1575 2453 enim
1618 2411 1812 2468 magna
1846 2397 1936 2450 illa
1965 2398 2157 2452 domus

2260 2410 2382 2483 μοῦ,
2414 2410 2545 2462 Ὅτε
2576 2411 2607 2462 ὁ
2631 2403 2792 2475 οἶκος
2810 2408 3160 2478 ᾠκοδομεῖτο
3188 2410 3336 2478 μετὰ
3374 2411 3489 2480 τὴν
3524 2415 3830 2482 αἰχμαλω-

596 2489 713 2557 Dei,
739 2490 985 2547 Ecclesia
1005 2490 1214 2546 scilicet
1239 2489 1380 2559 ejus,
1406 2488 1462 2542 in
1489 2488 1744 2541 omnibus
1764 2487 2013 2559 gentibus
2037 2494 2157 2557 post

2260 2503 2421 2555 σίαν.
2452 2501 2580 2553 Ὀτε
2607 2499 2735 2568 γοῦν
2767 2501 2795 2553 ὁ
2827 2500 2995 2570 μέγας
3017 2494 3161 2565 οἶκος
3188 2501 3280 2555 τοῦ
3312 2502 3467 2568 Θεοῦ,
3501 2506 3533 2575 ἡ
3593 2505 3830 2577 Ἐκκλη-

594 2585 901 2640 animarum
929 2581 1298 2654 captivitatem
1320 2579 1607 2635 excitanda
1639 2587 1759 2634 erat
1785 2594 1816 2632 a
1840 2593 2035 2650 magno
2066 2579 2157 2633 illo

2260 2591 2349 2644 σία
2388 2589 2572 2655 αὐτοῦ,
2606 2591 2665 2644 ὲν
2690 2593 2823 2645 πᾶσι
2853 2595 2965 2656 τοῖς
2993 2591 3169 2646 ἔθνεσι
3207 2592 3345 2662 μετά
3372 2593 3470 2666 τὴν
3501 2593 3614 2649 τῶν
3639 2594 3833 2665 ψυχῶν

593 2686 653 2731 et
679 2674 921 2745 sapiente
956 2672 1257 2727 architecto
1282 2668 1512 2723 Domino
1537 2678 1590 2724 et
1621 2667 1902 2725 Salvatore
1942 2676 2155 2735 nostro,

2260 2682 2627 2755 αἰχμαλωσίαν
2651 2683 3042 2754 οἰκοδομεῖσθαι
3071 2684 3301 2756 ἤμελλεν
3328 2685 3433 2738 ύπδ
3464 2685 3560 2740 τοῦ
3591 2687 3834 2757 μεγάλου

593 2765 663 2822 de
684 2780 793 2836 quo
820 2765 894 2819 ait
916 2764 1197 2835 propheta,
1232 2761 1333 2816 llic
1363 2760 1649 2832 ludiﬁcabit
1670 2763 1933 2817 civitatem
1963 2779 2155 2829 meam,

2260 2776 2352 2829 ml.
2394 2773 2557 2844 σοφοῦ
2615 2774 2990 2846 ἀρχιτέκτονος
3028 2775 3123 2829 τοῦ
3176 2776 3380 2847 Κυρίου
3424 2778 3518 2832 καὶ
3574 2779 3836 2850 Σωτῆρος

593 2867 644 2914 et
676 2858 1030 2928 captivitatem
1060 2856 1239 2927 populi
1266 2856 1366 2910 mei
1389 2854 1596 2910 reducet
1612 2855 1659 2887 "'
1682 2871 1699 2922 ;
1725 2863 1856 2909 tunc
1889 2855 2006 2925 ipse
2038 2852 2157 2910 Scr-

2260 2862 2433 2934 ήμῶν,
2467 2864 2594 2935 περὶ¹
2632 2858 2692 2917 οὗ
2735 2880 2898 2935 φησιν
2943 2864 2972 2916 ὁ
3008 2867 3324 2936 προφήτης·
3380 2862 3569 2933 Οὗτος
3597 2868 3837 2921 οἰκοδο-

594 2958 775 3015 valor,
817 2950 1138 3021 impleturus
1169 2963 1232 3004 ea
1266 2963 1388 3020 qua:
1415 2962 1445 3001 a
1477 2946 1756 3020 prOpbetis
1794 2946 2155 3017 praenuntiata

2260 2953 2432 3024 μήσει
2460 2953 2574 3023 τὴν
2609 2955 2790 3009 πόλιν
2817 2972 2937 3024 μου
2971 2954 3070 3008 καὶ
3109 2954 3225 3023 τὴν
3265 2959 3684 3026 αἰχμαλωσίαν
3726 2960 3836 3014 τοῦ

595 3040 834 3104 fuerant,
856 3055 965 3112 prae
988 3040 1241 3096 manibus
1277 3039 1556 3110 accipiens
1586 3037 1741 3094 lsaia:
1763 3038 2064 3093 clausulam
2087 3053 2154 3093 ex

2260 3044 2410 3100 λαοῦ
2431 3062 2550 3116 μου
2577 3044 2938 3115 ἐπιστρέψειο
2975 3047 3095 3100 τότε
3129 3046 3291 3112 αὐτὸς
3316 3049 3346 3101 ὁ
3368 3048 3578 3120 Σωτὴρ,
3617 3049 3835 3120 μέλλων

596 3133 769 3203 ipsius
797 3147 1030 3204 persona
1053 3131 1344 3197 dicentem,
1368 3128 1608 3200 Scriptus
1634 3128 1848 3184 Domini
1869 3145 2025 3199 super
2054 3146 2153 3194 me,

592 3223 809 3295 ecquod
857 3224 1066 3278 auxerit
1118 3238 1217 3287 me,
1257 3222 1617 3294 euangelizare
1653 3220 1969 3290 pauperibus
2012 3221 2157 3275 misit

593 3332 696 3382 me,
735 3315 1021 3385 praedicare
1065 3316 1283 3386 captivis
1324 3314 1707 3378 dimissionem,
1745 3322 1797 3368 et
1826 3315 1976 3368 σακία
2014 3316 2154 3369 visus

594 3408 984 3463 restitutionem
1007 3407 1075 3472 ⁷³,
1137 3406 1400 3478 replicate
1452 3412 1577 3476 post
1626 3405 1916 3460 lectionem
1972 3404 2151 3468 libro,

593 3500 749 3565 dixit.
791 3500 963 3557 Hodie
1004 3499 1219 3570 impleta
1256 3508 1333 3553 est
1363 3498 1473 3551 lucc
1511 3495 1788 3566 Scriptura
1828 3497 1884 3550 in
1934 3496 2153 3551 auribus

593 3592 778 3646 vestris
798 3590 846 3621 "
877 3609 890 3646 :
921 3591 1125 3645 docens
1155 3603 1216 3644 se
1250 3603 1373 3644 esse
1407 3588 1580 3654 illum,
1614 3602 1723 3642 non
1768 3601 2032 3656 corporeo
2061 3602 2155 3642 un-

590 3688 793 3752 guento
856 3680 1080 3750 perinde
1137 3686 1299 3750 atque
1357 3679 1465 3733 alio
1517 3693 1808 3749 corporeos
1861 3676 2149 3747 Christus,

2263 3135 2440 3210 ἔργοις
2470 3136 2816 3209 ἀποπληροῦν
2844 3138 2912 3193 τά
2948 3136 3034 3192 διὰ
3075 3138 3183 3192 τῶν
3216 3138 3507 3211 προφητῶν
3542 3158 3836 3212 προπεφυ-

2261 3226 2487 3300 νημένα,
2520 3228 2657 3298 μετά
2681 3230 2868 3300 χεῖρας
2902 3228 3079 3283 λαὸὼν
3110 3231 3206 3284 καὶ
3239 3230 3457 3284 διελθὼν
3496 3231 3596 3303 τὴν
3635 3231 3703 3285 δι’
3742 3230 3833 3287 αὑ-

2260 3318 2355 3373 τοῦ
2410 3318 2700 3393 προσώπου
2746 3319 3060 3390 φάσκουσαν
3088 3319 3183 3375 τοῦ
3230 3321 3448 3375 Ἡσαΐου
3488 3325 3825 3393 περικοπήν·

2259 3409 2502 3481 Πνεῦμα
2545 3411 2767 3479 Κυρίου
2807 3410 2899 3464 ἐπ’
2945 3411 3071 3481 ἐμὲ,
3111 3407 3184 3469 οὗ
3220 3413 3452 3468 εἵνεκεν
3492 3413 3699 3484 ἔχριονέ
3722 3432 3827 3486 με,

2257 3502 2757 3570 εὐαγγελίσασθαι
2792 3502 3046 3573 πτωχοῖς
3072 3502 3419 3558 ἀπέσταλκέ
3443 3522 3537 3574 με,
3565 3505 3829 3576 κηρῦξαι

2258 3595 2649 3663 αἰχμαλώτοις
2700 3594 2919 3665 ἄφεσιν
2936 3636 2951 3661 ,
3013 3597 3110 3651 καί
3176 3598 3425 3667 τυφλοῖς
3463 3597 3825 3667 ἀνάϐλεψιν,

2260 3688 2465 3753 πτύξας
2488 3687 2584 3760 τὴν
2620 3687 2798 3758 βίϐλον
2821 3687 2957 3759 μετά
2991 3689 3089 3759 τὴν
3118 3689 3439 3759 ἀνάγνωσιν,
3460 3686 3599 3743 εἷπε’
3625 3690 3829 3759 Σήμε-

593 3768 689 3824 sed
734 3769 938 3841 Spiritu
987 3776 1223 3838 paterna:
1265 3767 1482 3823 deitatis
1518 3776 1780 3834 unctum;
1829 3774 1992 3838 atque
2031 3767 2155 3823 ideo

2260 3798 2365 3851 ρον
2384 3779 2760 3848 πεπλήρωται
2777 3780 2816 3846 ἡ
2839 3779 3046 3850 Γραφή
3068 3780 3217 3849 αὕτη
3238 3781 3308 3834 ἐν
3326 3781 3448 3847 τοῖς
3465 3780 3607 3835 ὼσίν
3624 3781 3824 3850 ὑμῶν·

591 3859 870 3915 Cbristum
916 3867 1169 3914 vocatum
1225 3858 1436 3915 fuisse:
1468 3872 1500 3912 a
1529 3874 1589 3913 se
1631 3858 1760 3913 item
1800 3856 2150 3930 Evangelium

593 3949 663 4005 iis
690 3950 784 4021 qui
807 3949 985 4003 anima
1016 3948 1215 4019 captivi
1243 3954 1400 4004 erant
1428 3945 1778 4018 praedicatum
1808 3961 1930 4001 esse
1958 3960 2153 4000 secun-

592 4039 722 4096 dum
754 4041 1112 4112 prophetiam.
1152 4038 1460 4094 indecorum
1490 4039 1671 4103 itaque
1723 4037 1999 4107 propheta:
2040 4052 2151 4091 non

592 4134 726 4188 talia
755 4132 1049 4194 cauebant,
1075 4132 1258 4200 itaque
1300 4131 1579 4185 bonorum
1616 4128 1904 4199 Evangelia
1939 4128 2028 4193 iis,
2057 4128 2151 4200 qui

590 4240 707 4283 aevo
739 4239 840 4280 suo
886 4222 1237 4286 exsisterent,
1271 4220 1673 4292 prmdicabant;
1717 4220 1811 4276 sed
1847 4220 2046 4275 similia
2085 4222 2152 4277 iis

591 4334 714 4389 quae
740 4316 954 4389 Moyses
1003 4317 1055 4369 in
1088 4329 1287 4385 magno
1318 4315 1533 4368 cantico
1577 4312 1644 4368 ad
1679 4314 1936 4385 populum
1966 4314 2099 4369 dicit
2133 4330 2146 4366 :

2256 3872 2519 3931 διδάσκων
2546 3854 2719 3925 αὑτὸν
2761 3872 2857 3943 μὲν
2900 3867 3035 3926 εἶναι
3072 3871 3163 3925 τὸν
3201 3872 3261 3925 οὐ
3319 3872 3608 3944 σωματικῷ
3665 3873 3829 3946 μύρῳ

2255 3965 2369 4027 τοῖς
2410 3966 2737 4035 σωματικοῖς
2776 3966 3017 4035 χριστοίς
3057 3963 3277 4036 ὁμοίως,
3324 3964 3402 4038 τῷ
3445 3966 3504 4019 δὲ
3546 3965 3825 4038 Πνεύματι

2255 4055 2357 4124 τῆς
2381 4056 2653 4127 πατρικῆς
2688 4054 2939 4128 θεότητος
2965 4055 3340 4128 κεχρισμένον,
3394 4058 3487 4110 καὶ
3520 4057 3609 4111 διά
3666 4057 3825 4111 τοῦτο

2257 4143 2489 4218 Χριστὸν
2512 4147 2966 4222 ἀνηγορευμένον
3000 4147 3068 4201 δι’
3095 4148 3261 4202 αὐτοῦ
3281 4149 3337 4202 δὲ
3362 4150 3455 4203 καὶ
3482 4150 3544 4204 τὸ
3574 4150 3825 4221 Εὐαγγέ-

2256 4235 2368 4293 λιον
2412 4241 2526 4302 τοῖς
2569 4239 2666 4302 τὰς
2698 4238 2879 4309 ψυχὰς
2921 4237 3284 4310 αἰχμαλώτοις
3329 4238 3668 4312 κεκηρῦχθαι
3692 4242 3825 4294 ἀκο-

2256 4323 2459 4391 λούθως
2482 4329 2547 4398 τῇ
2576 4327 2897 4399 προφητείᾳ.
2912 4328 2974 4381 0i
2998 4329 3096 4398 μὲν
3114 4323 3208 4383 οῦν
3229 4328 3322 4382 τοῦ
3349 4329 3613 4383 Ἰουδαίων
3636 4330 3826 4395 ἔθνους

590 4409 725 4465 Filii
770 4407 1161 4477 uituperabiles,
1204 4407 1470 4478 generatio
1515 4415 1755 4460 tortuosa
1805 4416 1855 4460 et
1884 4421 2152 4475 perversa,

2260 4419 2531 4489 προφῆται
2571 4417 2633 4469 ού
2676 4416 2899 4471 τοιαῦτα
2933 4413 3076 4490 ᾖδον,
3119 4419 3230 4472 οὐδ’
3266 4418 3484 4487 ἀγαθῶν
3514 4420 3824 4489 Εὐαγγέλια

588 4502 816 4557 Iucccine
850 4499 1074 4556 Domino
1113 4497 1374 4553 redditis?
1402 4498 1596 4551 siccine
1631 4498 1853 4566 populus
1884 4496 2078 4552 stultus
2102 4508 2152 4552 et

2260 4511 2371 4571 τοῖς
2403 4506 2523 4563 καθ’
2544 4508 2770 4572 ἑαυτοὺς
2798 4510 3091 4580 ἐκήρυττον
3110 4525 3123 4539 ·
3162 4511 3276 4563 ἀλλ’
3303 4512 3461 4565 ὁποῖα
3493 4511 3737 4582 Μωῦσῆς
3765 4514 3823 4565 ἐν

589 4611 693 4649 non
724 4592 1031 4661 sapiens"?
1070 4598 1123 4646 et
1154 4605 1275 4660 qua:
1312 4598 1656 4660 sequuntur:
1685 4589 1780 4644 ubi
1825 4588 1979 4644 adest
2021 4589 2149 4645 item

2262 4598 2470 4672 μεγάλη
2493 4598 2601 4670 ᾠδῇ
2632 4599 2766 4671 πρὸς
2785 4601 2876 4655 τὸν
2906 4602 3032 4655 λαδν
3054 4602 3276 4672 φάσκων
3294 4619 3309 4632 ·
3334 4602 3517 4657 Τέκνα
3535 4604 3822 4672 magna}.

587 4685 743 4749 illud,
778 4683 1130 4738 Irritaverunt
1168 4699 1247 4737 me
1266 4683 1318 4736 in
1343 4682 1554 4745 alienis,
1579 4681 1634 4735 in
1672 4680 2149 4735 abominatiouibus

2260 4690 2431 4763 γενεὰ
2465 4691 2685 4746 σκολιὰ
2740 4691 2839 4746 καί
2893 4691 3347 4763 διεστραμμένη,
3396 4694 3581 4749 ταῦτα
3626 4697 3825 4763 Κυρίῳ

589 4776 700 4829 suis
728 4775 1168 4829 exacerbaverunt
1207 4791 1306 4829 me.
1334 4772 1747 4828 Immolaverunt
1778 4772 2074 4835 dwmouiis,
2100 4781 2150 4825 et

2260 4781 2720 4847 drtaxob‘lﬁore,‘
2742 4781 2894 4836 οὕτω
2914 4783 3065 4851 λαὸς
3085 4783 3281 4853 μωρὸς
3308 4785 3403 4839 καὶ
3432 4784 3566 4855 οὺχί
3591 4787 3825 4854 σοειόςς

593 4882 699 4919 non
728 4864 835 4920 Deo
855 4866 901 4897 "‘
926 4881 941 4931 ;
972 4873 1028 4920 et
1056 4864 1209 4929 illud,
1245 4863 1358 4932 Ipsi
1392 4871 1796 4934 prouocauerunt
1843 4877 1923 4916 me
1964 4861 2020 4914 in
2050 4877 2155 4914 non

2260 4873 2351 4926 καὶ
2375 4871 2444 4926 τά
2482 4873 2690 4939 τούτοις
2721 4874 3020 4929 ἀκύλουθα’
3067 4877 3125 4928 ὲν
3157 4870 3240 4941 οἷς
3275 4878 3392 4930 ἐστι
3422 4876 3515 4930 καί¹
3557 4876 3640 4941 τὸ,
3671 4880 3826 4945 Παρ-

588 4957 706 5018 deo,
749 4959 1087 5013 irritaverunt
1148 4957 1203 5009 in
1245 4955 1401 5011 idolis
1446 4956 1636 5010 suis".
1683 4953 1851 5010 lsaias
1891 4970 2021 5009 vero
2067 4954 2155 5009 his

2260 4962 2496 5027 ώξυνάν
2509 4982 2585 5033 με
2609 4964 2680 5020 ὲν
2706 4966 3066 5035 ἀλλοτρίοις,
3084 4966 3154 5020 ἐν
3175 4966 3596 5040 βδελὺγμαονιν
3620 4969 3827 5022 αὐτῶν

587 5047 747 5103 aliine
768 5048 1042 5102 canticum
1067 5047 1237 5103 edens
1256 5046 1472 5103 dicebat
1505 5044 1779 5101 :Cantabo
1806 5045 1998 5101 dilecto
2026 5063 2156 5100 can-

2260 5052 2654 5122 ἐξεπίκριινάν
2669 5073 2766 5126 με.
2790 5058 3052 5111 Ἕθυσαν
3068 5056 3414 5127 δαιμονίοις,
3435 5057 3536 5112 καί
3562 5058 3637 5112 οὐ
3665 5057 3821 5123 Θεῷ·

588 5143 749 5219 ticum
780 5139 960 5194 dilecti
1006 5142 1129 5206 mei,
1167 5142 1329 5197 vinea:
1376 5140 1604 5195 mem":
1647 5138 1847 5209 quibus
1896 5138 2085 5207 adjicit
2130 5154 2143 5191 :

2260 5146 2348 5198 καὶ
2375 5145 2454 5209 τὸ,
2490 5148 2665 5201 Αὐτοὶ
2698 5145 3127 5217 παρεζήλωσάν
3141 5166 3218 5218 με
3263 5149 3356 5201 ἐπ’
3389 5150 3461 5203 οὐ
3499 5147 3643 5214 Θεῷ,
3675 5164 3829 5219 παρ-

587 5217 734 5299 ῥιιὶά
756 5230 953 5301 faciam
985 5231 1144 5285 vincte
1178 5246 1326 5293 mea,
1380 5229 1506 5303 quia
1539 5231 1834 5300 exspectavi
1863 5238 1920 5283 ut
1952 5229 2148 5299 faceret

2260 5234 2512 5307 ὡργισάν
2545 5255 2623 5307 με
2662 5237 2732 5291 ἐν
2757 5238 2882 5306 τοῖς
2907 5217 3172 5306 εἰδώλοις
3206 5239 3423 5295 αὐτῶν.
3450 5239 3559 5294 Καὶ
3592 5217 3828 5303 Ἤσαῖας

576 5339 760 5384 uvam,
792 5322 914 5391 fecit
952 5330 1126 5374 autem
1164 5323 1391 5391 spinas?
1427 5322 1683 5392 Auferam
1727 5338 1897 5392 sepem
1923 5323 2058 5392 ejus,
2098 5332 2149 5377 et

2260 5327 2309 5380 δὲ
2342 5327 2548 5391 τούτοις
2580 5327 2911 5400 κατάλληλον
2940 5327 3079 5400 ᾅδων
3113 5325 3264 5399 ᾇσμα
3302 5329 3520 5398 ἔλεγενο
3559 5329 3716 5400 ’ξᾼσω
3742 5328 3826 5395 δὴ

584 5418 684 5486 erit
713 5419 767 5471 in
789 5417 1161 5487 direptionem;
1189 5427 1237 5468 et
1266 5415 1534 5474 destruant
1577 5417 1768 5473 turrim
1806 5414 1942 5488 ejus,
1974 5426 2022 5469 et
2046 5416 2149 5469 erit

2260 5416 2332 5483 τῷ
2350 5417 2709 5487 ἠγαπημένῳ
2729 5411 2895 5489 ᾆσμα
2919 5418 3024 5473 τοῦ
3048 5419 3355 5490 ἀγαπητοῦ
3370 5437 3510 5489 μου,
3527 5421 3607 5485 τῷ
3632 5418 3828 5487 άμεεο

3470 5599 3517 5631 ’⁸
3555 5598 3691 5655 ibid.
3729 5595 3825 5654 [6.

653 5600 696 5629 ‘”
734 5596 867 5653 Gen.
902 5614 1013 5655 xu.
1052 5596 1104 5652 3.
1180 5597 1225 5628 "
1261 5595 1369 5668 isa.
1404 5612 1524 5665 xu,
1556 5599 1639 5654 l3.
1713 5598 1759 5632 ⁷³
1798 5597 1879 5660 isu
1938 5612 2001 5666 ιι
2027 5597 2065 5659 3.
2107 5597 2126 5663 ι

2260 5602 2277 5633 ⁸
2315 5600 2443 5658 Luc.
2484 5618 2532 5656 ll’
2590 5601 2681 5657 Si.
2755 5602 2802 5633 '”
2837 5601 2993 5656 Deut.
3023 5616 3199 5668 usu,
3236 5598 3301 5663 5,
3343 5597 3376 5653 6

583 5668 627 5702 "
664 5668 795 5725 ibid.
832 5671 920 5727 2|.
996 5669 1040 5700 "
1080 5669 1183 5726 lsa.
1219 5682 1270 5731 ν,
1314 5667 1387 5725 ί.-
