4040 6210
254 266 395 329 1221

1374 258 1871 319 COMMENTARIA
1895 259 1962 317 IN
1997 259 2336 317 PSALMOS.

3355 262 3497 319 ιεεε

251 379 409 437 adiri
428 395 579 451 μου·
616 371 696 443 οἷς
729 377 1002 449 ἐπιλέγει·
1044 380 1105 442 Ἠ
1141 378 1373 447 ποιήσω
1395 374 1475 442 τῷ
1517 372 1822 445 ἀμπελῶνί

1926 374 1981 429 in
2025 374 2514 429 eoneuieationem:
2553 384 2603 429 et
2650 373 2941 443 relinquam
2994 371 3197 427 vineam
3237 387 3409 427 meam
3425 375 3496 440 '9,

245 487 396 540 μου,
427 470 519 524 ὅτι
546 471 750 540 ἔμεινα
784 470 890 525 τοῦ
917 468 1163 538 ποιῆσαι
1206 467 1550 538 σταφυλὴν,
1583 466 1829 533 ἐποίησε

250 561 329 615 δὲ
370 559 670 627 ἀκάνθας-ς
722 559 963 617 Καθελῶ
1002 560 1106 615 τὸν
1150 560 1421 630 φραγμὸν
1468 557 1654 613 αὐτοῦ
1672 596 1688 622 ,
1729 555 1830 610 καὶ

253 653 430 708 ἔσται
480 655 567 718 εἰς
605 650 979 722 διαρπαγήνι
1012 651 1111 705 καὶ
1169 650 1400 705 καθελῶ
1451 650 1558 703 τὸν
1602 649 1830 717 πύργον

252 744 474 807 αὐτοῦ.
508 744 608 797 καὶ
655 744 827 798 ἔσται
870 746 957 810 εις
1019 741 1439 811 καταπὰτημα·
1470 740 1567 795 καὶ
1623 738 1830 806 ἀνήσω

253 835 365 888 τὸν
420 833 745 903 ἀμπελῶνὰ
805 851 959 904 μου,
1013 833 1108 888 καὶ
1158 833 1229 887 τά
1275 832 1543 887 ἀκόλουθα
1598 829 1826 893 τούτοις.

244 927 500 997 ,Θρήνους
548 926 606 981 δὲ
635 927 729 982 καὶ
777 927 1045 998 Ἱερεμίας
1101 922 1195 999 ᾖδε
1233 924 1372 980 κατά
1411 923 1506 978 τοῦ
1562 923 1828 978 Ἰουδαίων

252 1015 391 1071 λαοῦ
413 1034 428 1048 ’
460 1017 554 1071 καὶ
577 1019 626 1071 οἱ
652 1018 830 1072 λοιποὶ
862 1017 919 1071 δὲ
945 1012 1145 1088 ὁμοίως
1178 1015 1473 1088 προφῆται,
1505 1013 1603 1084 τὴν
1623 1012 1828 1066 πτῶσιν

253 1108 442 1163 αὐτῶν
477 1108 970 1180 ἀπολοφυρόμενοι.
1002 1109 1143 1181 ᾠδὰς
1168 1108 1349 1170 αὐτοῖς
1386 1103 1510 1179 ᾖδον
1555 1103 1828 1176 καταλλή-

253 1202 403 1266 λους.
432 1202 505 1256 Τὸ
528 1202 585 1255 δὲ
612 1206 725 1267 τοῖς
746 1202 952 1257 ἔθνεσιν
974 1199 1455 1272 εὐαγγελιζόμενον
1475 1196 1627 1272 ᾆσμα
1644 1198 1827 1253 καινὸν

254 1294 361 1348 οὐκ
391 1290 458 1367 ἧν
499 1295 727 1354 ἐκείνοις
756 1296 961 1365 ὅμοιον,
997 1294 1197 1350 καινῶν
1224 1293 1281 1350 δὲ
1310 1293 1403 1347 καὶ
1444 1292 1578 1346 νέων
1610 1290 1827 1360 ἀγαθῶν

254 1386 589 1456 ἐπαγγελίας
614 1387 886 1457 περιέχον,
923 1386 1017 1440 καὶ
1048 1387 1108 1439 οὐ
1136 1384 1214 1456 τῷ
1248 1384 1515 1440 Ἰουδαίων
1536 1382 1670 1454 λαῷ,
1693 1382 1828 1437 ἀλλὰ

254 1481 409 1551 πάσῃ
431 1483 495 1551 τῇ
530 1482 598 1551 γῇ
636 1478 1167 1550 προσπεφωνημένα.
1192 1477 1404 1549 Σφόδρα
1439 1475 1496 1533 δὲ
1523 1475 1763 1547 ἀκριϐῶς
1793 1477 1825 1549 ὴ

252 1571 555 1644 προγραφὴ
602 1572 662 1626 τδ
695 1570 880 1626 καινὸν
920 1567 1071 1643 ᾇσμά
1114 1588 1247 1642 φησι
1279 1567 1826 1640 εὐαγγελισθήσεσθαι

249 1664 392 1716 πᾶσι
423 1665 534 1726 τοῖς
574 1662 802 1726 ἔθνεσιν,
832 1663 971 1716 Ὅτε
1000 1666 1033 1717 ό
1081 1658 1247 1729 οἷκος
1276 1660 1628 1732 ᾠκοδομεῖτο
1678 1658 1827 1730 μετὰ

1931 472 1988 520 et
2038 474 2257 522 caetera.
2302 463 2569 522 Jeremias
2619 465 2748 521 item
2797 464 3210 520 lamentationes
3265 465 3497 521 canebat

1931 566 2124 613 contra
2142 557 2429 614 Iudaicum
2450 558 2742 629 populum:
2764 557 2956 627 reliqui
2976 558 3183 626 pariter
3194 555 3493 626 prophetae,

1930 650 2145 706 ruinam
2188 665 2377 706 eorum
2419 649 2786 720 deplorantes,
2815 647 3170 718 congruentia
3200 647 3330 702 item
3365 661 3499 701 can-

1929 741 2036 796 tica
2065 741 2322 797 edebant.
2354 739 2567 795 Novum
2597 748 2780 795 autem
2814 738 3069 810 gentibus
3108 736 3495 792 annuntiatum

1929 832 2203 888 canticum
2234 832 2343 887 illis
2371 831 2551 887 simile
2571 845 2679 886 non
2709 838 2867 898 erat;
2895 828 2991 884 sed
3018 842 3285 883 novorum
3316 841 3382 882 ac
3410 842 3497 882 re-

1929 925 2169 980 centium
2207 925 2477 980 bonorum
2512 922 2785 994 promissa
2837 920 3336 992 complectebatur,
3382 935 3492 975 non

1926 1015 2237 1071 Iudaeorum
2268 1015 2490 1086 populo,
2522 1013 2618 1070 sed
2649 1012 2795 1068 omni
2832 1019 2991 1068 terra:
3017 997 3499 1069 annuntiata.'Ac-

1929 1108 2274 1163 curatissime
2316 1118 2494 1161 autem
2539 1105 2730 1160 titulus
2767 1104 2991 1167 indicat,
3035 1113 3167 1158 tunc
3216 1103 3490 1159 canticum

1926 1213 2128 1253 novum
2159 1197 2410 1269 gentibus
2440 1195 2873 1250 annuntiandum
2895 1210 3039 1260 esse,
3065 1194 3277 1265 quando
3302 1193 3495 1248 domus

1927 1288 2320 1359 ardi/icabatur,
2343 1297 2460 1357 post
2482 1288 2857 1357 captivitatem.
2894 1285 2960 1341 Et
2983 1287 3226 1357 alioquin
3252 1286 3492 1357 postJu-

1922 1380 2167 1435 deorum
2192 1380 2564 1450 captivitatem
2588 1393 2656 1433 ac
2681 1389 2803 1449 post
2824 1378 3036 1432 ruinam
3061 1392 3246 1434 eorum
3271 1384 3327 1433 et
3355 1378 3490 1431 iram

1928 1468 2023 1525 Dei
2063 1468 2365 1523 immissam
2408 1469 2564 1539 ipsis,
2600 1483 2763 1537 quam
2803 1468 3131 1522 vaticinatus
3163 1473 3249 1523 est
3287 1482 3492 1537 praece-

1927 1562 2062 1618 dens
2087 1560 2329 1632 psalmus
2354 1561 2562 1623 dicens,
2590 1559 2802 1627 Semper
2822 1569 3001 1614 errant
3029 1558 3203 1614 corde.
3232 1560 3344 1629 Ipsi
3373 1577 3489 1614 vero

1927 1668 2031 1708 non
2057 1659 2405 1722 cognoverunt
2434 1652 2546 1705 vias
2573 1667 2739 1714 meas,
2772 1651 2907 1705 sicut
2940 1649 3122 1720 juravi
3146 1651 3200 1704 in
3229 1651 3313 1704 ira
3349 1668 3488 1716 mea,

237 1753 370 1822 μὲν
403 1754 832 1822 αἰχμαλωσίαν.
865 1754 975 1809 Kal.
1024 1754 1194 1818 ἄλλως
1222 1752 1329 1825 γὰρ
1376 1729 1514 1824 μετά
1545 1753 1643 1824 τὴν
1682 1729 1820 1804 θ’Ῑου-

1927 1745 1974 1799 si
2000 1741 2290 1798 introibant
2325 1742 2380 1796 in
2409 1740 2636 1812 requiem
2666 1757 2856 1803 meam,
2885 1756 3075 1796 omnes
3118 1740 3368 1797 homines
3396 1757 3487 1795 or-

243 1844 420 1899 δαίων
442 1845 811 1917 αἰχμαλωσίαν
844 1845 938 1900 καὶ
973 1846 1110 1916 μετά
1133 1845 1229 1916 τὴν
1263 1844 1577 1900 ἀπόπτωσιν
1618 1842 1818 1907 αὐτῶν,

240 1936 350 1989 καὶ
372 1935 471 2006 τὴν
498 1935 824 1988 ἐπελθοῦσαν
854 1935 1032 1995 αὐτοῖς
1063 1935 1127 1990 ὲκ
1175 1933 1310 1987 Θεοῦ
1353 1932 1540 2005 ὀργὴν,
1580 1932 1647 2003 ἢν
1698 1930 1819 1984 ἑθέ-

245 2041 446 2079 σπισεν
472 2025 501 2078 ό
532 2024 638 2096 πρὸ
667 2023 855 2080 τούτου
883 2022 1096 2095 ψαλμὸς
1125 2020 1313 2086 εἰπὼν,
1351 2021 1454 2077 Ἀεὶ
1478 2019 1818 2075 πλανῶνται

244 2115 327 2185 τῇ
357 2114 587 2186 καρδίᾳ.
609 2114 789 2169 Αὐτοὶ
817 2114 885 2168 δὲ
914 2117 1026 2169 οὐκ
1045 2115 1321 2184 ἔγνωσαν
1346 2114 1451 2180 τὰς
1475 2111 1649 2178 ὁδούς
1674 2129 1815 2181 μου,

244 2208 335 2274 ὡς
349 2206 555 2278 ὤμοσα
567 2207 638 2260 ἐν
652 2205 725 2275 τῇ
741 2201 888 2277 ὀρτῇ
904 2223 1037 2272 μου,
1058 2208 1111 2261 εὶ
1129 2205 1578 2261 εισελεύσονται
1593 2206 1680 2270 είς
1710 2202 1822 2272 τὴν

244 2298 635 2355 κατάπαυσίν
659 2317 809 2370 μου,
849 2300 898 2353 οἱ
932 2300 1110 2353 πᾶσαν
1138 2297 1235 2369 τὴν
1280 2296 1384 2368 γῆν
1426 2295 1699 2360 οἰκοῦντες
1726 2296 1819 2350 ἀν-

247 2391 458 2462 θρωποι
486 2390 749 2464 βάρϐαροί
776 2408 834 2444 τε
866 2390 959 2445 καὶ
985 2388 1265 2462 Ἕλληνες,
1296 2387 1533 2459 ὁπηνίκα
1568 2386 1695 2459 παρ’
1723 2386 1820 2441 αὐ-

1924 1836 2044 1892 bem
2068 1835 2390 1897 incolentes,
2416 1847 2539 1888 cum
2572 1831 2808 1895 barbari,
2838 1840 2949 1885 tum
2972 1831 3165 1897 Graeci,
3187 1847 3311 1887 cum
3341 1830 3490 1900 apud

1923 1944 2018 1985 eos
2044 1928 2241 1984 domus
2296 1927 2413 1992 Dei,
2449 1926 2661 1982 scilicet
2692 1923 2935 1979 Ecclesia
2965 1924 3087 1995 ejus
3128 1926 3485 1981 constituereo

1923 2029 2034 2086 tur,
2067 2019 2317 2088 deposito
2351 2032 2418 2074 eo
2451 2016 2597 2088 quod
2622 2015 2680 2070 in
2721 2014 3050 2070 diabolicum
3093 2016 3328 2086 plurium
3357 2014 3489 2074 deo-

1923 2126 2048 2166 rum
2085 2111 2293 2165 cultum
2331 2109 2491 2165 edere
2532 2107 2801 2171 solebant,
2833 2121 3032 2161 novum
3082 2092 3353 2162 canticum
3394 2121 3489 2162 ca-

1927 2216 2062 2258 nere
2085 2200 2264 2257 edocti
2296 2207 2445 2256 sunt.
2476 2197 2556 2253 Ex
2598 2198 2692 2252 illo
2716 2213 2950 2269 namque
2980 2204 3223 2267 tempore
3247 2198 3487 2255 salutare

1928 2293 2020 2351 Dei
2056 2293 2191 2364 ipsis
2216 2292 2564 2355 annuntiant,
2598 2306 2723 2345 cum
2757 2305 2854 2361 per
2883 2299 3055 2344 totum
3086 2289 3273 2346 orbem
3299 2305 3490 2347 sacro-

1924 2401 2044 2441 rum
2079 2384 2491 2456 Evangeliorum
2520 2382 2845 2437 lectionibus
2866 2387 3114 2436 utuntur.

243 2481 563 2550 τοίςόοῐκος
593 2485 689 2541 τοῦ
717 2484 851 2539 Θεοῦ
887 2485 1136 2556 συνέστη,
1170 2484 1369 2556 δηλαδὴ
1400 2485 1433 2555 ἡ
1473 2481 1767 2554 Ἐκκλησία
1789 2482 1974 2549 αὐτοῦ,
2003 2483 2068 2535 τὸ
2089 2484 2273 2535 καινὸν
2300 2475 2451 2551 ᾆσμα
2469 2478 2612 2551 ᾅδειν
2641 2476 3015 2548 ἐδιδάχθησαν,
3035 2476 3096 2530 τὸ
3116 2493 3218 2548 ,της
3264 2495 3482 2549 αιμονι-

248 2581 358 2648 κῆς
383 2579 475 2632 καὶ
502 2576 765 2630 πολυθέου
798 2576 1005 2648 πλάνης
1036 2576 1383 2648 ἀποθέμενοι.
1403 2574 1491 2639 Ἐξ
1519 2574 1727 2629 ἐκείνου
1751 2574 1806 2629 δὲ
1835 2573 1931 2627 κα).
1957 2572 2019 2627 τὸ
2051 2572 2316 2644 σωτήριον
2341 2568 2435 2623 τοῦ
2452 2566 2585 2622 Θεοῦ
2614 2565 3068 2636 εὐαγγελίζονται,
3089 2565 3210 2618 καθ’
3235 2564 3362 2638 ὅλης
3386 2568 3488 2639 τῆς

246 2671 574 2743 οἰκουμένης
601 2672 714 2734 τοῖς
745 2669 851 2723 τῶν
875 2669 1033 2740 ίερῶν
1050 2668 1395 2738 Εὐαγγελίων
1417 2665 1804 2737 ἁναγνώσμασι
1832 2664 2122 2738 χρώμενοι.

328 2785 791 2868 Εὐαγγελίζὲσθε
818 2786 1045 2856 ἡμέραν
1079 2785 1148 2851 ἐξ
1180 2785 1403 2856 ἡμέρας
1433 2784 1498 2838 τὸ
1526 2782 1824 2852 σωτήριον

248 2866 472 2934 αὐτοῦ·
519 2878 909 2947 (ir-anellum
936 2878 1007 2930 ἐν
1055 2876 1180 2942 τοῖς
1233 2877 1434 2930 ἔθνεσι
1476 2874 1591 2943 τὴν
1634 2873 1822 2938 δόξαν

1926 2873 2253 2928 Annuntiate
2283 2874 2339 2927 in
2369 2870 2603 2942 gentibus
2640 2868 2865 2940 gloriam
2889 2866 3024 2937 ejus,
3044 2867 3098 2921 in
3124 2866 3365 2921 omnibus
3389 2882 3486 2935 po-

248 2973 460 3038 αὐτοῦ,
488 2973 560 3027 ἐν
588 2970 736 3027 πᾶσι
772 2969 896 3037 τοῖς
915 2968 1087 3036 λαοῖς
1117 2966 1416 3038 θαυμάσια
1461 2964 1667 3021 αὑτοῦ.
1694 2964 1820 3037 ’Καὶ

1924 2967 2062 3036 palis
2093 2965 2364 3020 mirabilia
2389 2963 2523 3034 ejus.
2546 2961 2884 3028 Quibusnam
2907 2959 3022 3014 haec
3046 2959 3262 3029 pmcipi
3291 2966 3486 3028 putan-

2004 2780 2165 2839 Vnns.
2194 2782 2250 2836 5.
2275 2779 2599 2836 Annuntiate
2615 2777 2679 2832 de
2708 2777 2793 2832 die
2828 2777 2881 2830 in
2910 2776 3051 2831 diem
3078 2776 3315 2832 salutare
3345 2776 3483 2847 ejus.

245 3067 366 3121 τίσι
401 3065 572 3120 ταῦτα
603 3064 867 3137 προσήκει
917 3062 1160 3134 νομίζειν
1185 3059 1607 3132 προστάττεσθαι
1636 3058 1679 3130 ’ἢ
1714 3060 1823 3121 τοῖς

246 3157 321 3211 δι’
363 3157 538 3228 ἔργων
583 3154 807 3227 ὕστερόν
866 3171 996 3210 ποτε
1048 3150 1189 3207 αὐτά
1246 3150 1661 3225 πεπληρωκόσι,
1710 3146 1822 3213 τοῖς

247 3247 454 3320 δηλαδὴ
486 3246 999 3319 εὐαγγελισαμένοις
1033 3246 1112 3310 είς
1145 3243 1321 3300 πάντα
1357 3242 1427 3298 τά
1463 3241 1590 3313 ἔθνη
1618 3240 1681 3295 τὸ
1716 3258 1821 3295 aw-

247 3344 445 3411 τηριον
486 3338 580 3393 τοῦ
634 3336 803 3403 Θεοῦ;
858 3335 1079 3401 Τούτοις
1138 3334 1248 3406 γὰρ
1295 3333 1356 3386 τὸ
1407 3332 1546 3386 θετον
1602 3330 1823 3403 Πνεῦμα

166 3475 171 3480 .
248 3430 460 3486 ἀνωθεν
499 3431 595 3484 καὶ
660 3428 766 3504 πρὸ
816 3426 1011 3481 πολλοῦ
1063 3414 1219 3480 τοῦτο
1271 3423 1530 3496 πράττειν
1590 3438 1824 3495 παρεκε-

248 3523 461 3578 λεύετο.
485 3524 609 3587 Τοῖς
639 3523 823 3585 αὐτοῖς
864 3519 920 3574 δὲ
960 3520 1052 3572 καὶ
1078 3518 1148 3572 τὰ
1196 3516 1320 3589 ἑξῆς
1365 3516 1712 3589 προσφωνεῖ,
1746 3513 1822 3578 ὡς

250 3617 323 3671 ἂν
358 3615 643 3688 μέλλουσιν
689 3611 1041 3683 ἀναγγέλλειν
1067 3610 1161 3665 τοῦ
1207 3608 1411 3684 Κυρίου
1452 3607 1549 3679 τὴν
1575 3606 1731 3673 δόξαν
1763 3607 1821 3660 ὲν

249 3711 390 3763 πᾶσι
415 3710 526 3771 τοῖς
557 3707 755 3769 ἔθνεσι,
808 3703 1058 3777 μέλλουσί
1089 3719 1148 3756 τε
1180 3704 1238 3755 ἐν
1269 3701 1399 3754 πᾶσι
1431 3702 1545 3763 τοῖς
1571 3698 1719 3762 λαοῖς
1753 3697 1823 3752 τά

249 3802 533 3873 θαυμάσια
563 3798 727 3854 αὐτοῦ
759 3796 1074 3870 κηρύττειν.
1109 3794 1263 3858 Τίνες
1285 3789 1377 3847 οὖν
1402 3789 1539 3864 ἦσαν
1570 3793 1617 3846 οἱ
1651 3790 1821 3845 ταῦτα

248 3897 320 3950 δι’
352 3896 527 3967 ἔργων
556 3891 992 3957 ὲπιτελέσαντες;
1026 3890 1088 3943 Εἰ
1119 3889 1215 3960 μὲν
1247 3885 1314 3960 ἦν
1347 3885 1563 3958 ἑτέρους
1600 3883 1821 3937 δυνατὸν

247 3984 637 4047 ἐπιδεικνύναι,
660 3983 778 4054 ἦτοι
810 3981 949 4035 κατὰ
976 3980 1102 4044 τούς
1124 3978 1310 4051 Κύρου
1340 3977 1583 4049 χρόνους,
1617 3973 1651 4046 ἢ
1683 3974 1823 4028 κατὰ

246 4077 472 4150 τούςμ)
492 4076 713 4149 Δαρείου
743 4073 1012 4137 τοιούτους
1030 4074 1086 4127 αἱ
1115 4071 1471 4144 προκείμεναι
1501 4066 1822 4141 προστάξεις

248 4165 528 4236 γίγνονται
557 4167 668 4228 τοῖς
720 4162 895 4235 Ἰησοῦ
942 4161 1242 4233 μαθηταῖς,
1296 4158 1552 4214 ἀκούουσι
1583 4158 1671 4211 τό·
1702 4161 1818 4211 Πο-

242 4257 563 4329 ρευθέντες
588 4256 1004 4325 μαθητεύσατε
1045 4253 1241 4308 πάντα
1270 4251 1340 4306 τὰ
1368 4251 1531 4319 ἔθνη.
1565 4249 1819 4304 Βούλεται

1923 3059 2053 3114 dum
2085 3065 2190 3122 est,
2221 3055 2328 3113 nisi
2353 3055 2422 3111 iis
2447 3055 2542 3126 qui
2574 3053 2666 3108 diu
2700 3060 2887 3122 postea
2917 3049 3031 3105 haec
3053 3049 3310 3119 operibus
3332 3063 3489 3103 com-

1922 3149 2241 3221 pleverunt;
2286 3146 2356 3204 iis
2398 3144 2650 3201 videlicet
2691 3141 2785 3212 qui
2833 3140 2889 3194 in
2933 3139 3188 3195 omnibus
3231 3138 3486 3210 gentibus

1923 3245 2163 3302 salutare
2207 3239 2304 3297 Dei
2360 3233 2833 3312 praedicaverunt?
2877 3230 2974 3286 His
3019 3232 3220 3303 quippe
3264 3231 3485 3287 divinus

1924 3329 2162 3401 Spiritus
2209 3325 2419 3398 jamdiu
2456 3331 2512 3378 et
2561 3320 2737 3376 multo
2781 3322 2909 3372 ante
2948 3325 3191 3385 tempore
3239 3312 3290 3368 id
3324 3328 3486 3385 agere

1921 3419 2291 3494 praecipiebat.
2342 3414 2538 3471 Iisdem
2571 3425 2789 3483 quoque
2836 3406 3117 3494 sequentia
3166 3403 3481 3494 denuntiat,

1921 3491 2109 3579 utpote
2134 3506 2229 3577 qui
2260 3499 2475 3557 Domini
2499 3497 2730 3570 gloriam
2762 3496 2817 3550 in
2844 3493 3099 3548 omnibus
3127 3491 3401 3561 gentibus,
3428 3496 3487 3544 et

1921 3603 1978 3659 in
2000 3599 2255 3657 omnibus
2299 3594 2516 3666 populis
2548 3588 2821 3646 mirabilia
2866 3594 2985 3657 ejus
3019 3583 3363 3655 praedicaturi
3389 3596 3483 3637 es-

1920 3700 2060 3752 sent.
2086 3689 2313 3756 Quinam
2336 3686 2500 3756 igitur
2532 3687 2658 3737 sunt
2680 3678 2773 3750 qui
2805 3677 2924 3733 haec
2956 3674 3214 3745 cperlbus
3243 3672 3487 3744 perfece~

1918 3783 2085 3844 runt?
2120 3781 2176 3836 Si
2223 3777 2441 3849 quidem
2471 3780 2698 3845 possent
2737 3769 2831 3824 alii
2878 3768 2993 3824 sive
3028 3764 3154 3837 Cyri
3188 3764 3302 3819 sive
3336 3761 3485 3818 Darii

1922 3889 2164 3948 tempore
2206 3867 2460 3934 indicari,
2504 3864 2727 3938 [quibus
2760 3862 2890 3918 .baac
2932 3862 3335 3927 competerent;
3362 3854 3487 3913 illos

1918 3944 2204 4036 prophetia
2248 3956 2565 4028 respiceret.
2603 3950 2711 4007 Sed
2743 3964 2870 4005 cum
2902 3947 3039 4002 nulli
3060 3947 3170 4036 sint
3198 3944 3485 4015 bujusmo-

1919 4033 2024 4127 δὴ]
2054 4053 2166 4108 bare
2200 4054 2473 4121 praecepta
2513 4040 2803 4113 discipulis
2843 4036 2969 4094 Jesu
3022 4035 3314 4092 traduntur
3335 4033 3487 4127 ηιιυί

1917 4124 2036 4203 haec
2064 4144 2294 4199 audiunt
2321 4155 2335 4193 :
2369 4136 2594 4200 Euntes,
2626 4133 2805 4190 docete
2844 4147 3021 4185 omnes
3069 4137 3244 4200 gentes
3265 4127 3332 4182 '°.
3359 4124 3493 4191 Vult

1919 4241 2062 4297 enim
2118 4236 2359 4307 Spiritus
2398 4238 2622 4288 sanctus
2669 4242 2765 4283 eos
2800 4233 3024 4280 strenua
3060 4231 3114 4277 et
3157 4218 3483 4275 indesinenti

398 4310 484 4404 et
521 4310 748 4418 ['Iv'si'ipa‘
790 4346 851 4399 τὸ
897 4345 1049 4414 ἅγιον
1107 4344 1340 4413 συντόνῳ
1385 4342 1477 4394 καὶ
1498 4310 1822 4411 ’ἀδιαστάτῳ

1925 4346 2091 4405 opera
2129 4325 2502 4397 evangelicum
2535 4335 2673 4392 opus
2702 4317 2992 4389 perﬁcere;
3022 4327 3145 4367 nam
3180 4311 3233 4365 id
3260 4310 3345 4363 bis
3368 4323 3486 4363 ver-

2146 4422 2155 4423 ,
2430 4414 2441 4423 .
2524 4413 2555 4423 ..
2638 4412 2649 4421 .
2736 4409 2771 4423 ..
2947 4413 2960 4423 ,
3266 4399 3482 4423 Anu“

253 4443 461 4513 σπουδῇ
493 4439 755 4495 ἐπιτελεῖν
787 4438 980 4501 αὐτοὺς
1017 4436 1078 4489 τὸ
1128 4432 1480 4503 εὐαγγελικὺν
1526 4430 1716 4503 ἔργον·
1750 4432 1815 4501 τῇ

249 4535 384 4607 γὰρ,
418 4532 605 4603 ἡμέρᾳ
641 4531 710 4596 ἐξ
742 4529 1000 4599 ἡμέρας,
1057 4526 1215 4579 τοῦτο
1248 4524 1575 4595 παρίστησι,
1607 4522 1669 4607 τό
1699 4521 1817 4593 διη-

249 4626 427 4691 νεκῶς
460 4625 655 4687 αὐτοὺς
679 4618 1123 4690 εὐαγγελίζεσθαι
1163 4617 1224 4671 τὸ
1259 4618 1545 4689 σωτήριον,
1589 4605 1715 4686 περὶ
1755 4609 1817 4669 οὗ

248 4720 500 4789 εἴρηται’
551 4711 738 4779 Οὗτός
768 4712 939 4781 ἐστιν
981 4705 1217 4775 ἀληθῶς
1250 4709 1282 4760 ό
1329 4705 1530 4775 Σωτὴρ
1570 4705 1678 4759 τοῦ
1720 4704 1823 4757 κός»

247 4826 434 4879 σμου.

337 4899 644 4970 Ἐνέγκατε
675 4896 754 4962 τῷ
800 4893 1025 4963 Κυρίῳ,
1055 4892 1113 4944 αι
1170 4886 1409 4956 πατριαὶ
1447 4884 1567 4939 τῶν
1593 4883 1781 4940 ἐθνῶν
1800 4924 1816 4949 ,

249 4993 535 5063 ἐνέγκατε
561 4988 641 5055 τῷ
690 4986 886 5056 Κυρίῳ
928 4982 1116 5047 δόξαν
1149 4980 1246 5033 καί
1293 4976 1504 5047 τιμὴν,
1539 4976 1818 5046 ἐνέγκατε

251 5086 336 5153 τῷ
364 5084 555 5153 Κυρίῳ
580 5080 768 5145 δόξαν
807 5079 1050 5145 ὀνόματι
1093 5069 1297 5127 αὑτοῦ.
1346 5069 1420 5122 υύ
1465 5069 1639 5140 μάτην
1667 5064 1819 5140 ᾆσμα

252 5179 440 5235 καινὸν
470 5175 617 5248 ᾅδειν
643 5175 701 5226 ὲν
722 5167 1027 5243 προοιμίοις
1055 5164 1153 5234 τῆς
1174 5159 1488 5232 ψαλμῳδίας
1516 5158 1817 5221 ἐκέλευσεν,

252 5273 370 5328 ἀλλ’
405 5267 590 5340 ἐπειδὴ
612 5264 772 5335 καινή
802 5278 886 5325 τις
924 5259 1115 5329 κλῆσις
1147 5254 1241 5308 τοῦ
1275 5253 1541 5325 παρόντος
1578 5248 1827 5340 ψαλμοῦ..

254 5362 441 5423 καινὸν
467 5361 528 5415 τὸ
554 5337 837 5429 κήρυγμα.
874 5348 1042 5418 Ἐθνη
1088 5343 1220 5416 γὰρ,
1254 5344 1330 5408 ὡς
1359 5344 1513 5414 ὁρᾷς,
1544 5342 1594 5393 οἱ
1628 5337 1819 5396 καλοῦ-

252 5472 410 5533 μενοι
441 5452 557 5524 (sic)
590 5449 652 5503 οὐ
688 5447 923 5519 μόσχους
949 5438 1055 5496 οὐδ’
1096 5437 1285 5509 ἄρνας,
1329 5434 1437 5488 οὐδ’
1478 5431 1673 5500 ἔξωθεν
1708 5431 1816 5483 είσ-

1923 4399 2009 4483 bis
2043 4422 2374 4482 declaratur,
2407 4414 2470 4469 de
2501 4413 2585 4466 die
2630 4412 2686 4464 in
2715 4409 2873 4473 diem,
2908 4413 2966 4460 ut
3006 4404 3216 4458 scilicet
3264 4399 3484 4456 assiduo

1923 4520 2163 4577 salutare
2187 4512 2318 4568 illud
2364 4504 2709 4569 annuntient,
2745 4501 2813 4556 de
2845 4514 2957 4570 quo
2981 4496 3187 4552 dictum
3219 4502 3301 4549 est
3332 4507 3347 4545 :
3383 4490 3486 4546 Hie

1921 4622 1999 4668 est
2023 4625 2138 4667 rere
2158 4606 2407 4663 Salvator
2437 4596 2699 4654 mundi".

1995 4871 2163 4928 Vens.
2197 4869 2251 4934 7,
2286 4867 2341 4923 8.
2374 4863 2569 4933 A/feﬂe
2610 4856 2834 4912 Domino
2877 4851 3064 4925 patriae
3112 4849 3368 4921 gentium,
3398 4847 3485 4916 af-

1923 4968 2055 5038 ferte
2094 4962 2322 5018 Domino
2359 4957 2589 5029 gloriam
2633 4958 2681 5005 et
2722 4948 3001 5007 honorem,
3046 4942 3229 5011 a/ferte
3263 4939 3490 4993 Domino

1922 5030 2149 5132 gloriam
2193 5051 2392 5107 nomini
2437 5047 2573 5117 ejus.
2621 5041 2906 5099 Canticum
2954 5049 3154 5091 novum
3194 5046 3393 5087 cauere
3435 5030 3488 5132 in:

1924 5117 2198 5221 principio
2255 5137 2574 5208 psalmodiis
2629 5150 2737 5190 non
2788 5131 2993 5186 frustra
3036 5122 3337 5221 pl'aacepi-t;
3393 5117 3489 5221 sed

1923 5210 2054 5311 quia
2084 5210 2421 5291 vocationem
2447 5236 2502 5284 et
2527 5223 2966 5299 praedicationem
2993 5232 3190 5275 novam
3227 5214 3315 5268 hic
3356 5210 3492 5281 psal-

1923 5307 2047 5387 mus
2085 5327 2566 5398 complectebatur.
2590 5321 2656 5374 At
2682 5318 2850 5379 enim,
2877 5322 2935 5368 ut
2956 5312 3071 5382 ipse
3102 5307 3274 5364 vides.
3302 5309 3491 5398 gentes

1924 5440 2045 5497 quae
2075 5428 2361 5487 vocantur,
2393 5433 2502 5473 non
2543 5414 2764 5478 vitulos,
2811 5423 2923 5465 non
2955 5416 3145 5477 agnos,
3189 5411 3298 5452 non
3330 5389 3489 5463 quid-

326 5612 372 5644 το
410 5611 493 5667 ιεει
543 5623 597 5670 ν,
632 5602 686 5664 4,
717 5602 771 5657 5.
844 5599 890 5631 "
927 5594 1119 5651 Matth.
1154 5607 1347 5657 xxvm,
1383 5588 1469 5642 l9.
1543 5589 1586 5620 ⁸¹
1626 5585 1783 5643 Joan.
1820 5601 1895 5651 tv,
1928 5580 2016 5640 4-3.

326 5756 407 5826 (l)
440 5752 536 5806 llic
567 5741 765 5801 desinit
799 5737 968 5793 codex
1000 5749 1107 5790 ein.
1133 5732 1290 5789 card.
1327 5728 1593 5787 Coislinii.
