4044 6212
524 263 666 322 {2‘13

1224 257 1494 320 l-JUSEBll
1533 256 2018 314 CASSARIENSIS
2055 257 2208 314 0P9.
2250 259 2433 315 PARS
2465 258 2551 317 Ill.
2593 291 2660 302 —-—
2699 259 3106 318 EXEGETICA.

3580 263 3780 322 am

523 384 669 454 piam
695 387 1014 436 extraneum
1042 395 1107 434 ex
1141 378 1476 450 imperfectis
1529 375 1863 431 animalibus
1917 375 2096 446 (quid-

2204 378 2375 449 φοράν
2413 395 2533 432 τινα
2559 378 2668 432 τῶν
2695 379 2755 432 οὐ
2786 379 3002 433 τελείων
3031 380 3162 448 (πᾶν
3182 378 3292 450 γὰρ
3321 377 3512 448 ἄλογον
3536 379 3738 449 ἐνδεὲς)
3763 421 3778 444 ,

524 477 608 529 vis
637 474 780 527 enim
820 472 1140 526 irrationale
1182 469 1564 540 imperfectum
1593 470 1700 538 est)
1722 487 1737 534 ;
1762 467 1856 524 sed
1889 468 2101 538 seipsas

525 565 834 625 immolare,
869 571 1033 632 atque
1066 562 1167 625 illi,
1198 569 1384 631 utpote
1420 559 1551 624 Deo,
1583 559 1814 629 gloriam
1843 567 1898 613 et
1929 560 2103 612 hono-

522 671 636 710 rem
666 655 859 708 all‘erre
885 653 1166 720 iubentur.
1199 651 1338 718 Quia
1364 667 1494 706 vero
1537 667 1646 704 non
1679 649 1940 720 operibus
1979 657 2103 702 tan-

523 757 662 810 tum,
696 747 780 802 vel
829 761 963 802 sana
996 748 1243 802 doctrina
1282 747 1460 818 ipsum
1490 756 1552 800 ut
1597 745 1762 801 Deum
1798 745 2098 807 celebrare,

521 841 616 895 sed
640 842 801 894 etiam
825 840 1092 895 sacriticia
1110 839 1372 908 eioll‘erre
1391 853 1488 908 par
1507 846 1592 891 est
1614 855 1630 904 ;
1654 837 1776 892 ideo
1797 836 1990 905 adjicit
2013 855 2102 889 :—

523 929 691 986 Vans.
712 932 767 991 9.
799 932 887 986 10.
921 931 1114 985 Tollite
1132 933 1356 994 hostias,
1386 941 1436 985 et
1461 931 1674 984 introite
1697 930 1750 983 in
1787 931 1928 983 atria
1959 929 2094 1000 ejus,

525 1025 744 1077 adorate
789 1024 1070 1078 Dominum
1113 1027 1164 1078 in
1205 1026 1348 1078 atrio
1383 1033 1566 1077 sancto
1593 1023 1728 1092 ejus.
1761 1021 2101 1077 Commovea-

527 1129 614 1173 tur
653 1138 684 1174 a
719 1133 854 1188 [acie
896 1119 1010 1188 ejus
1057 1119 1303 1172 universa
1337 1131 1519 1172 terra:
1553 1117 1709 1172 dicite
1740 1118 1794 1171 in
1835 1117 2098 1189 gentibus,

524 1212 786 1266 Dominus
817 1212 1076 1281 regnavit,
1121 1219 1174 1265 et
1217 1217 1433 1264 caetera.
1477 1208 1697 1264 Hostias
1735 1203 1825 1286 bis
1851 1208 1983 1262 dicit
2009 1222 2101 1260 ra-

523 1301 814 1355 tionabiles
837 1301 957 1356 illas
981 1309 1034 1355 et
1063 1299 1396 1370 spirituales,
1432 1314 1571 1369 quas
1604 1299 1824 1353 assidue
1852 1296 2100 1352 videmus

524 1410 624 1464 pro
659 1395 764 1464 piis
793 1395 976 1448 offerri
1009 1403 1062 1449 et
1091 1409 1120 1447 a
1152 1391 1530 1448 sacerdotibus
1576 1389 1868 1458 immolari,
1912 1391 2100 1460 cujus-

525 1486 671 1539 modi
730 1494 860 1540 sunt
898 1485 1131 1539 virtutes
1165 1501 1178 1537 :
1218 1483 1354 1538 atria
1391 1490 1570 1536 autem
1614 1489 1770 1536 vocat
1812 1481 2097 1548 ecclesias,

525 1578 618 1631 ubi
638 1576 771 1632 Novi
791 1576 1125 1633 Testamenti
1150 1576 1339 1632 hostia:
1357 1575 1687 1643 offeruntur;
1713 1575 1964 1630 videlicet
1989 1575 2102 1646 spi-

523 1670 740 1725 ritualis
771 1670 976 1734 cultus,
1012 1670 1279 1724 bonorum
1325 1682 1550 1738 operum
1599 1666 1834 1735 fructus,
1863 1667 2099 1722 oblatio-

526 1777 626 1817 nes
677 1764 980 1832 gratiarum
1021 1762 1275 1816 actionis.
1325 1760 1392 1813 Et
1421 1759 1554 1813 alias
1588 1774 1696 1814 non
1741 1760 1856 1814 lucc
1894 1759 2099 1815 Judaeis

523 1856 802 1925 prmcepit,
830 1871 898 1909 ne
921 1858 1044 1924 quis
1075 1854 1384 1923 suspicetur
1412 1851 1499 1906 hic
1519 1852 1585 1906 de
1614 1853 1875 1924 legalibus
1903 1853 2097 1909 hostiis

524 1964 833 2008 sermonem
859 1948 1045 2003 haberi
1072 1967 1087 2011 °,
1122 1947 1217 2002 sed
1243 1945 1465 2002 familiis
1495 1947 1764 2018 gentium,
1797 1945 1865 2000 de
1896 1944 2098 2015 quibus

524 2055 622 2111 per
650 2041 817 2092 alium
845 2038 1176 2108 prophetam
1212 2035 1355 2092 Deus
1393 2036 1610 2092 Juilatos
1658 2037 1943 2106 alloquens
1972 2036 2046 2088 ait
2081 2048 2096 2086 :

526 2129 652 2186 Non
679 2140 759 2185 est
801 2131 1045 2184 voluntas
1091 2145 1206 2183 mea
1229 2130 1282 2182 in
1328 2128 1492 2193 vobis,
1536 2139 1585 2183 et
1623 2127 1947 2197 sacriﬁcium
1995 2142 2100 2179 non

524 2226 783 2293 accipiam
829 2222 891 2278 de
943 2221 1184 2276 manibus
1220 2224 1408 2276 uestris
1435 2237 1453 2275 :
1481 2223 1607 2294 quia
1642 2221 1706 2276 ab
1759 2222 1956 2275 oriente
1989 2218 2099 2273 sole

523 2334 686 2387 usque
717 2315 784 2369 ad
820 2314 1140 2370 occidentem
1176 2331 1424 2384 magnum
1469 2323 1547 2368 est
1598 2329 1786 2368 nomen
1839 2328 2010 2366 meum
2045 2312 2099 2365 in

523 2410 798 2479 gentibus:
828 2420 876 2462 et
915 2408 967 2460 in
1020 2409 1163 2461 omni
1205 2408 1318 2461 loco
1356 2408 1626 2460 incensum
1654 2407 1874 2475 oﬂ'ertur
1902 2405 2101 2458 nomini

523 2518 637 2555 meo
678 2511 727 2555 et
758 2500 958 2555 oblatio
1009 2501 1291 2555 munda’.
1327 2500 1390 2554 Et
1439 2501 1610 2571 probe
1659 2497 1927 2570 quidem:
1971 2484 2099 2552 nam

523 2592 679 2660 illud,
713 2593 904 2648 Tollite
931 2594 1156 2659 hostias,
1189 2593 1244 2648 id
1291 2603 1398 2658 est,
1431 2601 1668 2649 vestram
1699 2592 1767 2648 de
1787 2591 1982 2647 hostiis
2008 2606 2103 2645 co-

521 2687 836 2758 gitationem
861 2687 1146 2741 sublimem
1175 2687 1338 2758 agite,
1367 2701 1468 2741 nec
1506 2686 1600 2740 vili
1631 2693 1684 2740 et
1718 2686 1906 2739 humili
1943 2685 2100 2739 intel-

522 2779 725 2848 ligendi
759 2794 909 2833 more
941 2778 1108 2832 boves
1140 2777 1314 2833 aliave
1343 2779 1598 2832 animalia
1639 2778 1965 2844 immoletis;
2004 2779 2098 2834 sed

523 2870 830 2926 sublimiori
865 2869 1025 2924 modo
1066 2869 1169 2923 hoc
1195 2868 1402 2923 dictum
1437 2869 1821 2940 intelligentcs,
1845 2870 2101 2940 spiritua-

523 2963 604 3017 les
629 2973 681 3016 et
711 2962 966 3016 οωῑυειοε
999 2961 1189 3016 ollerte
1235 2961 1467 3025 hostias,
1495 2975 1728 3031 quarum
1770 2962 2016 3032 exempla
2046 2971 2100 3018 et

2203 472 2357 525 αὐτοὶ
2389 472 2445 526 δὲ
2490 474 2687 537 αὐτοὺς
2735 473 2883 528 θύειν
2930 471 3348 543 ἀπαιτούμενοι,
3380 472 3536 539 δόξαν
3572 489 3635 527 τε
3682 476 3782 528 καὶ

2201 565 2366 636 τιμὴν
2389 565 2463 628 ὡς
2493 565 2612 636 Θεῷ
2644 566 2886 636 κομίζειν
2910 565 3386 635 προσταττόμενοι.
3429 565 3583 617 Ἐπεὶ
3610 565 3667 618 δὲ
3699 567 3782 619 δεῖ

2207 658 2281 728 μὴ
2312 659 2468 728 μόνον
2493 657 2672 726 λόγοις
2706 659 2799 711 καὶ
2831 657 3008 729 ὀρθοῖς
3033 657 3262 727 δόγμασι
3289 655 3556 725 θεολογεῖν
3589 658 3780 721 αὐτὸν,

2199 750 2338 803 ἀλλὰ
2353 752 2447 804 καὶ
2471 750 2662 815 Θυσίας
2682 751 3028 823 προσφέρειν,
3061 750 3274 817 ἐπάγει·
3297 751 3510 817 Ἀρατε
3535 750 3778 815 θυσίας,

2201 843 2302 896 καὶ
2346 844 2770 911 είσπορεύεσθε
2804 845 2891 908 είς
2951 843 3057 907 τὰς
3088 841 3280 906 αὐλὰς
3319 841 3504 894 αὑτοῦ
3527 880 3542 904 ,
3589 855 3780 906 προσ-

2203 935 2511 1002 κυνήσατε
2538 934 2616 1000 τῷ
2649 936 2840 1002 Κιφίῳ
2867 935 2936 987 ἑν
2963 932 3124 1002 αὐλῇ
3151 933 3289 1002 ἁγίᾳ
3314 932 3519 986 αὐτοῦ.
3545 935 3777 985 Σαλεν-

2201 1025 2358 1095 θήτω
2379 1025 2499 1080 ἀπὸ
2521 1025 2843 1094 προσώπου
2869 1025 3054 1079 αὑτοῦ
3079 1021 3246 1078 πᾶσα
3274 1025 3311 1092 ἠ
3339 1022 3413 1093 γῆ
3433 1042 3446 1055 ·
3477 1024 3686 1077 εἴπατε
3709 1026 3780 1078 ἐν

2202 1116 2326 1183 τοῖς
2353 1117 2585 1172 ἔθνεσι·
2623 1120 2656 1170 ό
2685 1118 2897 1183 Κύριος
2935 1115 3314 1178 ἐϐασίλευσε,
3366 1114 3459 1168 καὶ
3501 1115 3567 1168 τὰ
3608 1115 3774 1186 ἑξῆς·

2200 1205 2395 1269 θυσίας
2425 1205 2524 1276 μὲν
2553 1207 2725 1274 λέγων
2763 1205 2862 1268 τὰς
2894 1205 3116 1272 λογικὰς
3147 1206 3240 1258 καὶ
3281 1205 3681 1276 πνευματικὰς,
3711 1207 3776 1269 ἃς

2200 1298 2414 1369 ὁρῶμεν
2440 1297 2702 1369 διηνεκῶς
2729 1297 2869 1368 ὑπὲρ
2897 1296 3003 1349 τῶν
3036 1295 3276 1349 εὐσεϐῶν
3301 1297 3770 1368 προσφερομένας,

2201 1390 2296 1444 ita).
2319 1389 2775 1462 ἱερουργουμένας
2811 1388 2914 1442 ὑπὸ
2948 1387 3056 1440 τῶν
3094 1387 3303 1460 ἱερέων,
3325 1387 3567 1441 τοιαῦται
3594 1388 3652 1442 δὲ
3677 1390 3772 1441 καὶ

2201 1483 2254 1562 αἱ
2289 1481 2479 1552 ἀρεταί
2502 1496 2517 1512 ο
2553 1479 2721 1543 αὐλὰς
2747 1480 2803 1533 δὲ
2826 1478 2924 1542 τὰς
2945 1479 3260 1551 ἐκκλησίας,
3291 1481 3347 1532 ἐν
3382 1475 3470 1543 αἷς
3494 1480 3592 1551 τῆς
3626 1481 3769 1536 Και-

2199 1571 2299 1642 νῆς
2327 1570 2600 1644 Διαθήκης
2635 1571 2814 1624 θυσίαι
2847 1571 3264 1642 προσφέρονται,
3307 1573 3362 1625 αἱ
3402 1574 3770 1642 πνευματικαὶ

2201 1663 2468 1736 λατρείαι,
2502 1666 2557 1718 αί
2602 1664 2670 1717 δι’
2706 1663 2883 1736 ἔργων
2916 1665 3283 1736 καρποφορίαι
3329 1664 3385 1716 αἱ
3428 1666 3770 1736 χαριστήρια

2131 1741 2171 1800 Β
2200 1760 2489 1832 ἁναφοραί.
2536 1758 2742 1822 Ἄλλως
2778 1758 2835 1810 δὲ
2885 1757 3004 1811 οὐδὲ
3054 1754 3326 1822 Ἰουδαίοις
3375 1757 3550 1812 ταῦτα
3603 1776 3771 1830 προτ-

2200 1851 2408 1917 έταξεν,
2435 1851 2522 1904 ἵνα
2553 1851 2626 1921 μή
2655 1867 2740 1914 τις
2786 1849 2884 1914 τὰς
2919 1848 3149 1922 νομικὰς
3181 1848 3492 1921 ὑποπτεύσῃ
3543 1848 3770 1913 θυσίας·

2198 1941 2332 1995 ἀλλά
2377 1945 2498 2005 ταῖς
2531 1945 2785 2014 πατριαῖς
2821 1941 2928 1994 τῶν
2961 1940 3128 1994 ἐθνῶν
3147 1979 3161 2004 ,
3210 1941 3338 2012 περὶ
3367 1934 3441 1994 ὧν
3494 1941 3562 1994 δι’
3584 1943 3772 2014 ἑτέρου

2198 2033 2479 2104 προφήτου
2507 2032 2668 2103 φησὶν
2691 2035 2719 2086 ὀ
2740 2031 2871 2096 Θεὸς
2891 2032 3025 2103 πρὸς
3041 2032 3327 2096 Ἰουδαίους
3351 2032 3735 2104 διαλεγόμενος
3755 2053 3768 2065 ·

2201 2127 2321 2179 Οὐκ
2352 2124 2484 2177 ἐστι
2514 2142 2632 2193 μου
2661 2123 2889 2192 θέλημα
2929 2124 3000 2176 ἐν
3048 2124 3225 2194 ὑμῖν,
3271 2125 3370 2178 καὶ
3427 2127 3660 2180 θυσίαν
3703 2129 3772 2181 οὐ

2197 2215 2600 2286 προσδέξομαι
2631 2217 2699 2270 ἐκ
2737 2215 2856 2269 τῶν
2879 2215 3092 2287 χειρῶν
3115 2215 3312 2287 ὑμῶν·
3347 2217 3436 2270 ὅτι
3467 2217 3588 2272 ἀπὸ
3624 2219 3771 2272 dra-

2197 2308 2390 2363 τολῶν
2413 2310 2590 2377 ἡλίου
2609 2309 2786 2379 μέχρι
2811 2307 3056 2378 δυσμῶν
3078 2309 3237 2380 μέγα
3257 2309 3319 2364 τὸ
3349 2309 3542 2378 ὄνομα
3558 2329 3685 2379 μου
3706 2313 3775 2364 ἐν

2198 2403 2322 2468 τοῖς
2351 2402 2553 2458 ἔθνεσι
2575 2443 2588 2466 ,
2619 2404 2715 2456 καὶ
2758 2402 2828 2456 ἐν
2871 2403 3046 2456 παντὶ
3078 2405 3238 2470 τόπῳ
3273 2404 3537 2473 θυμίαμα
3582 2419 3772 2472 προσ-

2196 2496 2433 2565 φέρεται
2461 2495 2541 2561 τῷ
2570 2496 2816 2565 ὀνόματί
2829 2513 2949 2564 μου
2987 2495 3082 2549 καὶ
3117 2497 3298 2550 θυσία
3329 2495 3576 2564 καθαρά.
3611 2493 3688 2551 Εὖ
3718 2497 3773 2552 δὲ

2198 2588 2293 2640 καὶ
2319 2587 2379 2639 τὸ
2400 2586 2584 2654 φάναι,
2607 2587 2818 2654 Ἀρατε
2846 2587 3079 2652 θυσίας,
3101 2586 3366 2649 τουτέστι,
3384 2588 3771 2658 Μετεωρίσατσ

2196 2677 2258 2730 τὸ
2287 2677 2414 2749 περὶ
2440 2676 2639 2730 θυσιῶν
2669 2676 2844 2747 νόημα
2875 2676 2948 2748 μὴ
2983 2675 3335 2747 χαμαιζήλως
3360 2675 3770 2746 βουθυτοῦντες,

2198 2770 2291 2823 καὶ
2325 2769 2394 2822 τὰ
2429 2768 2591 2822 λοιπὰ
2644 2769 2937 2838 σφάζοντες
2977 2767 3113 2832 ζῶα,
3147 2768 3263 2822 ἀλλ’
3297 2769 3517 2840 ὑψηλῶς
3562 2769 3637 2822 τὰ
3683 2771 3773 2823 διὰ

2197 2862 2401 2916 τούτων
2451 2859 2753 2932 δηλούμενα
2797 2858 3163 2931 διανοούμενοι
3185 2898 3201 2924 ,
3242 2861 3341 2924 τὰς
3388 2861 3775 2931 πνευματικὰς

2198 2959 2292 3009 καὶ
2322 2955 2672 3026 ὲπουρανίους
2702 2953 2924 3018 θυσίας,
2976 2947 3050 3006 ὧν
3083 2952 3456 3024 ὑποδείγματα
3486 2955 3582 3008 καὶ
3615 2956 3772 3008 σκιαὶ

523 3055 732 3108 umbrae
778 3061 937 3108 erant
985 3055 1077 3107 illa
1126 3054 1372 3109 sensibili
1423 3053 1531 3107 ritu
1582 3053 1762 3108 oblata
1804 3054 2094 3110 sacriﬁcia.

2196 3046 2334 3122 ἦσαν
2375 3050 2432 3102 αἱ
2486 3045 2756 3117 αἰσθητῶς
2803 3046 3204 3117 προσαγόμεναι
3257 3045 3460 3101 θυσίαι.
3488 3046 3661 3111 Ποίας
3711 3048 3771 3100 δὲ

521 3147 670 3214 Quas
706 3163 871 3216 porro
903 3147 1109 3202 hostias
1149 3145 1237 3200 hic
1269 3147 1510 3216 psalmus
1543 3145 1743 3216 exigat,
1778 3145 1937 3200 docet
1969 3145 2096 3200 bea-

525 3247 614 3295 tus
644 3238 845 3295 Paulus
887 3240 972 3295 his
997 3239 1177 3294 verbis
1213 3257 1226 3293 :
1255 3237 1507 3291 Exliibete
1537 3253 1761 3306 corpora
1793 3245 1966 3291 uestra
1997 3237 2094 3290 ho-

520 3332 682 3384 stiam
710 3346 921 3398 puram,
970 3330 1244 3393 virentem,
1277 3328 1386 3382 Deo
1438 3328 1749 3397 placentem,
1783 3326 2097 3382 rationabile

519 3419 827 3492 obsequium
853 3421 1161 3476 vestrum”.
1198 3421 1265 3475 Et
1291 3419 1527 3482 introite,
1559 3420 1756 3491 inquit,
1803 3435 1900 3489 per
1932 3421 2094 3489 Quam

521 3515 811 3570 semitam?
840 3530 934 3585 per
983 3515 1142 3570 ﬁdem
1191 3515 1493 3570 videlicet:
1530 3513 1648 3584 ipsa
1685 3513 1832 3567 enim
1883 3516 1966 3566 est
2012 3509 2097 3563 in-

522 3621 746 3676 gressus
786 3606 854 3660 ad
886 3607 1138 3661 salutem.

597 3695 759 3751 Vens.
796 3697 883 3760 ll,
931 3697 1014 3751 l3.
1071 3696 1343 3752 Lwtentur
1389 3695 1506 3750 εαίί
1535 3703 1585 3751 et
1647 3695 1875 3750 exsultet
1927 3704 2092 3760 terra,

519 3802 913 3843 commoveatur
943 3805 1087 3842 mare
1135 3798 1186 3842 et
1249 3788 1522 3856 plenitudo
1578 3787 1713 3857 ejus.
1781 3785 2094 3840 Gaudebant

522 3883 697 3948 campi
730 3889 779 3932 et
830 3881 1009 3932 omnia
1038 3895 1153 3949 qua:
1217 3880 1268 3932 in
1295 3879 1368 3932 eis
1396 3887 1538 3932 sunt.
1573 3877 1676 3932 Pro
1700 3878 1812 3942 illo,
1844 3875 2092 3931 Commo-

523 3980 705 4024 veatur
742 3986 906 4033 mare,
940 3972 1241 4026 secundum
1285 3971 1538 4041 Aquilam
1569 3969 1804 4033 dicitur,
1841 3968 2090 4031 Tonabit;

464 4081 468 4088 ·
521 4063 825 4118 secundum
880 4062 1270 4132 Symmachum
1313 4076 1465 4122 vero.
1497 4059 1741 4115 Sonabit.
1785 4057 1880 4113 llis
1928 4075 2093 4129 porro

522 4153 883 4225 signiﬁcatur,
912 4151 1281 4222 evangelicam
1342 4151 1783 4222 praedicationem
1825 4151 1941 4220 ipsa
1978 4168 2094 4204 ma-

522 4253 603 4307 ria
626 4261 681 4307 et
734 4253 944 4307 insulas
993 4251 1049 4306 in
1101 4251 1239 4305 mari
1295 4250 1526 4320 positas,
1572 4264 1780 4304 necnon
1843 4247 2092 4304 homines

523 4346 672 4417 ipsas
695 4346 1023 4409 incolentes,
1072 4350 1484 4414 peragraturam
1514 4342 1796 4411 esse;qui
1840 4339 2093 4395 homines

521 4531 813 4586 deductum
861 4538 965 4586 est.
1003 4527 1122 4584 lam
1157 4530 1300 4584 enim
1335 4526 1832 4583 EcclesiaChristi
1887 4540 2079 4580 omnes

521 4622 734 4677 insulas
765 4624 1000 4692 replent,
1043 4621 1415 4689 salutarisque
1456 4619 1704 4674 doctrina
1745 4619 1799 4671 in
1850 4617 1968 4673 dies
1994 4632 2089 4672 ex-

521 4713 766 4766 tenditur
802 4721 857 4766 et
905 4713 1196 4775 accrescit,
1227 4710 1293 4764 ad
1323 4726 1418 4766 eos
1470 4726 1643 4780 usque
1689 4708 1781 4778 qni
1814 4708 2088 4761 Oceanum

523 4803 772 4857 incolunt
797 4812 1116 4873 propagata.
1139 4801 1207 4854 Et
1239 4812 1359 4854 tunc
1381 4798 1719 4854 eisultabnnt
1745 4797 1919 4851 omnia
1945 4795 2090 4866 ligna

521 4895 776 4947 silvarum
819 4913 851 4948 a
896 4897 1032 4964 facie
1068 4893 1300 4958 Domini,
1332 4893 1455 4962 quia
1486 4891 1645 4957 venit,
1680 4905 1925 4958 quoniam
1956 4887 2092 4941 venit

523 4985 759 5049 iudicare
787 4996 1002 5040 terram.
1033 4984 1303 5037 Judicabit
1343 4983 1518 5036 orbem
1550 4991 1705 5036 terra:
1751 4980 1804 5032 in
1845 4977 2088 5047 justitia,

518 5087 571 5132 et
602 5068 817 5146 populos
843 5079 897 5130 in
931 5079 1145 5132 veritate
1174 5094 1294 5132 sua.

557 5387 688 5443 lPSl
723 5385 955 5452 DAVID,
984 5384 1264 5456 QUANDO
1285 5380 1758 5456 [cantatus
1807 5377 2047 5435 RESTI-

1005 5452 1189 5511 TUTA
1227 5455 1379 5508 EST.
1419 5452 1605 5508 XCVI.

590 5547 755 5606 Vsus.
792 5548 844 5604 l.
886 5547 1140 5602 Dominus
1194 5546 1428 5618 regnavit
1496 5543 1719 5598 exsultet
1779 5552 1937 5608 terra,
1988 5537 2087 5594 la:-

585 5726 632 5758 "
675 5725 896 5780 ilalacb.
940 5743 985 5794 ι,
1028 5725 1214 5791 l0,ll.
1290 5723 1334 5756 ⁸³
1374 5723 1531 5780 Rom.
1566 5735 1678 5787 sit,
1713 5719 1762 5774 ι.

2200 3141 2387 3204 θυσίας
2417 3141 2636 3193 ἀπαιτεῖ
2667 3139 2699 3208 ή
2732 3137 3035 3208 ψαλμῳδία,
3059 3139 3087 3191 ὁ
3115 3137 3381 3208 μακάριος
3411 3138 3626 3203 Παῦλος
3657 3139 3775 3193 δια-

2200 3232 2526 3306 μνημονεύει
2544 3231 2719 3301 λέγων
2737 3247 2751 3261 ·
2775 3228 3206 3299 Παραστήσατε
3233 3232 3304 3284 τὰ
3329 3229 3576 3298 σώματα
3597 3229 3770 3300 ὑμῶν

2196 3328 2416 3382 θυσίαν
2449 3325 2732 3392 καθαρὰν,
2764 3321 2976 3387 ζῶσαν,
3011 3320 3342 3390 εὐάρεστον
3369 3323 3448 3387 τῷ
3481 3322 3622 3388 Θεῷ,
3653 3323 3770 3390 τὴν

2195 3413 2448 3483 λογικὴν
2470 3412 2753 3480 λατρείαν
2777 3409 2960 3479 ὑμῶν.
2989 3410 3096 3464 Kal
3134 3414 3577 3480 εἰσπορεύεσθε,
3603 3414 3764 3482 φησὶ,

2194 3504 2282 3558 διὰ
2317 3503 2475 3566 ποίας
2508 3501 2792 3574 ἐρχόμενοι
2823 3501 3046 3574 τρίϐους
3073 3500 3159 3554 διὰ
3195 3501 3298 3571 τῆς
3321 3503 3550 3565 πίστεως
3573 3501 3764 3571 δηλον-

2194 3596 2275 3650 ότι
2295 3613 2308 3626 ·
2344 3595 2483 3666 αὕτη
2512 3596 2619 3666 γάρ
2648 3594 2849 3664 ἐστινή
2878 3595 2977 3663 τῆς
3008 3593 3280 3666 σωτηρίας
3311 3593 3537 3664 είσῦολή.

2264 3689 2812 3758 Εὐφραινέσθωσαν
2851 3689 2905 3741 οἱ
2961 3685 3202 3755 οὐρανοὶ
3250 3688 3349 3742 καὶ
3377 3683 3760 3754 ἀγαλλιὰσθω

2195 3781 2234 3848 ἠ
2275 3778 2384 3848 τῆ,
2420 3777 2771 3846 σαλευθήτω
2820 3778 2858 3844 ἡ
2893 3775 3176 3830 θάλασσα
3217 3775 3314 3827 καὶ
3361 3773 3424 3827 τὸ
3468 3773 3764 3842 πλήρωμα

2193 3871 2401 3940 αὐτῆς.
2448 3869 2781 3938 Χαρήσεται
2820 3869 2892 3922 τὰ
2941 3867 3133 3932 πεδία,
3180 3866 3277 3919 καὶ
3333 3868 3525 3918 πάντα
3562 3863 3636 3918 τὰ
3689 3865 3766 3917 ὲν·

2193 3964 2415 4031 αὐτοῖς.
2447 3964 2592 4017 Ἀντὶ
2611 3963 2667 4016 δὲ
2695 3961 2808 4025 τοῦ,
2839 3959 3193 4029 Σαλευθήτω
3217 3960 3254 4028 ἡ
3285 3959 3588 4020 θάλασσα,
3618 3958 3766 4011 κατὰ

2192 4056 2281 4110 τὸν
2324 4055 2551 4109 ’Λκύλαν
2577 4094 2591 4120 ,
2641 4053 2968 4123 Βροντήσει
2987 4091 3001 4117 ,
3030 4051 3062 4123 ἦ
3113 4051 3254 4104 κατὰ
3287 4049 3378 4104 τὸν
3427 4049 3722 4119 Σύμμαχον
3745 4087 3766 4110 ,

2204 4150 2460 4220 Ἠχήσει.
2496 4149 2756 4219 Σημαίνει
2788 4147 2843 4200 δὲ
2877 4146 2965 4199 διὰ
3006 4143 3208 4198 τούτων
3239 4145 3268 4197 ὁ
3303 4143 3460 4211 λόγος
3488 4142 3765 4196 διελεύσε-

2195 4243 2317 4298 σθαι
2341 4243 2400 4296 τὸ
2430 4240 2781 4310 εὐαγγελικδν
2810 4240 3070 4311 κήρυγμα
3099 4238 3194 4290 καὶ⁸
3210 4235 3279 4289 τὰ
3307 4235 3520 4305 πελάγη
3545 4236 3640 4288 καὶ
3665 4235 3766 4298 τὰς

2193 4334 2284 4386 ἐπὶ
2314 4333 2413 4403 τῆς
2440 4331 2712 4401 θαλάσσης
2742 4330 2954 4400 νήσους,
2985 4326 3110 4390 τούς
3144 4343 3202 4379 τε
3237 4328 3294 4379 ὲν
3320 4325 3549 4388 ταύταις
3583 4343 3768 4380 κατοι-

417 4454 420 4458 '
522 4438 805 4510 plenitudo
859 4437 980 4508 ejus
1023 4444 1309 4491 vocantur.
1347 4435 1504 4502 Quod
1570 4435 1749 4504 ipsum
1815 4433 1884 4487 ad
1929 4433 2089 4488 linem

2195 4426 2421 4489 κοῦντας
2453 4423 2791 4495 ἀνθρώπους,
2825 4422 3094 4494 πλήρωμα
3119 4421 3285 4491 αὐτῆς
3307 4419 3731 4489 ὠνομασμένους
3748 4435 3763 4448 ·

2155 4554 2157 4557 -
2193 4520 2222 4572 ὃ
2256 4520 2349 4573 καὶ
2388 4518 2520 4571 αὐτὸ
2565 4516 2751 4580 τέλους
2782 4515 2987 4586 ἔτυχεν.
3037 4514 3244 4568 Αὐτίκα
3286 4511 3416 4580 γοῦν
3445 4511 3766 4583 Ἐκκλησίαι

2193 4599 2425 4681 Χριστοῦ
2483 4608 2581 4672 τὰς
2611 4609 2806 4679 νήσους
2853 4608 3066 4670 ἁπάσας
3116 4605 3408 4678 πληροῦσι,
3440 4605 3676 4676 πληθύει
3708 4623 3766 4658 τε

2193 4703 2460 4775 ὁσημέραι
2486 4743 2501 4769 ,
2559 4703 2650 4755 καὶ
2711 4701 3010 4754 ἐπιδίδωσιν
3057 4701 3090 4770 ἡ
3131 4700 3393 4770 σωτήριος
3439 4697 3766 4752 διδασκαλία

2197 4798 2360 4870 μέχρι
2386 4796 2493 4849 τῶν
2528 4795 2618 4848 τὸν
2653 4793 2902 4847 Ὠκεανὸν
2935 4791 3223 4846 οἰκούντων
3271 4791 3763 4862 παρεκτεινομένη.

2190 4889 2298 4944 Kal
2324 4889 2456 4942 τότε
2482 4884 2952 4957 ἁγαλλιάσονται
2975 4881 3171 4936 πάντα
3200 4881 3271 4936 τὰ
3300 4882 3457 4946 ξύλα
3482 4881 3591 4935 τοῦ
3620 4881 3763 4949 633v-

2183 4981 2303 5052 μοῦ
2355 4979 2466 5050 πρὸ
2516 4976 2838 5047 προσώπου
2897 4976 3003 5030 τοῦ
3053 4976 3302 5044 Κυρίου,
3365 4974 3452 5027 ὅτι
3500 4973 3766 5043 ἔρχεται,

2189 5073 2277 5127 ὅτι
2323 5072 2558 5142 ἔρχεται
2605 5071 2797 5140 κρῖναι
2834 5070 2949 5138 τὴν
2985 5069 3121 5140 γῆν.
3159 5067 3358 5136 Κρινεῖ
3414 5065 3529 5134 τὴν
3561 5069 3767 5119 oixov-

2188 5166 2376 5237 μένην
2406 5167 2476 5220 ἐν
2517 5165 2869 5234 δικαιοσύνῃ
2893 5205 2910 5229 ,
2941 5163 3038 5218 καὶ
3068 5162 3256 5228 λαοὺς
3295 5161 3366 5215 ἐν
3406 5158 3481 5228 τῇ
3509 5160 3771 5228 ἀληθείᾳ

2189 5261 2395 5314 αὑτοῦ.

2192 5372 2280 5444 τᾳ
2315 5353 2546 5438 suis,
2581 5369 2803 5424 onore
2842 5368 2889 5421 ιι
2915 5368 3035 5505 argi
3081 5365 3310 5419 ΑΥΤΟΥ
3346 5361 3764 5418 κΑΘιΣτΑτο.

2274 5535 2327 5587 '0
2385 5533 2598 5604 Κύριος
2647 5441 3071 5595 ἐθασίλειίίγῗν,
3133 5525 3514 5600 ἀγαλλιάσθω
3575 5528 3617 5595 ὴ
3662 5523 3762 5596 τῆ,
