4044 6212
264 257 403 315 1285

1389 259 1581 323 COMM
1590 259 1889 317 EN'I‘ARIA
1923 261 1990 317 IN
2031 261 2365 319 PSALMOS.

3352 244 3501 320 iras

263 375 768 445 εὐφρανθήτωσαν
802 374 983 444 νῆσοι
1012 378 1259 432 πολλαί.
1300 376 1519 449 Ἐπειδὴ
1549 379 1607 432 ἐν
1630 380 1698 450 τῇ
1730 378 1824 433 τῶι

1943 387 2118 435 tentur
2144 379 2335 434 iusqu
2377 378 2575 432 multa.
2613 375 2883 442 Quoniam
2923 376 2977 430 in
3024 375 3377 448 Septuaginta
3410 374 3498 432 In-

275 465 672 539 Ἐϐδομήκοντα
703 469 968 540 ἑρμηνείᾳ
1005 468 1227 537 φέρεται
1261 471 1294 541 ἡ
1329 470 1644 542 προγραφὴ,
1677 470 1834 541 ἐροῦ-

266 576 388 632 μεν,
425 560 522 624 ὡς,
555 560 814 624 πολλάκις
835 561 1141 631 συμφοραῖς
1172 560 1604 635 περιπεπτωκὼς
1624 563 1652 614 6
1673 560 1834 614 Δαυῒδ

263 651 384 706 τότε
420 652 519 723 μὲν
545 654 635 707 ὅτε
682 652 786 707 ὑπὸ
816 652 988 707 Σαοὺλ
1015 652 1297 723 ἠλαύνετο,
1333 655 1426 708 καὶ
1465 653 1565 718 τὰς
1594 655 1833 725 ἐρήμους

266 744 582 815 μετεδίωκε,
615 746 713 808 τάς
752 761 812 799 τε
846 744 997 816 παρὰ
1025 748 1138 809 τοῖς
1173 744 1491 814 ἀλλοφύλοις
1518 745 1830 819 διατριϐάςο

258 835 382 888 τότε
430 833 487 888 δὲ
537 835 626 889 ὅτε
678 835 933 906 πολέμοις
981 833 1235 905 ἐσχόλαζε
1254 875 1270 899 ,
1308 835 1401 888 τὸν
1443 835 1831 906 προκείμενον,

256 918 448 996 οἶμαι,
483 925 696 996 ψαλμὸν
739 927 860 980 κατ’
898 928 1103 980 ἐκεῖνον
1142 922 1244 999 ᾖσε
1282 924 1403 979 καθ’
1432 926 1490 980 ὃν
1533 925 1828 998 κατέστηή

258 1019 332 1087 γῆ
360 1017 546 1083 αὑτοῦ,
578 1018 713 1089 ὁμοῦ
741 1019 833 1072 καὶ
860 1019 957 1090 τῆς
988 1018 1226 1082 διανοίας
1249 1017 1415 1074 αὐτοῦ
1447 1017 1540 1072 καὶ
1561 1018 1659 1088 τῆς
1682 1017 1833 1088 βασι-

257 1109 410 1174 λείας
458 1110 515 1162 ὲν
559 1109 825 1182 ἀταραξίᾳ
873 1111 969 1165 καὶ
1016 1110 1204 1181 εἰρήνῃ
1254 1110 1348 1163 καὶ
1400 1109 1607 1181 γαλήνῃ
1663 1125 1833 1162 κατα-ρ

261 1199 468 1270 στάσης
494 1197 631 1271 μετὰ
654 1198 753 1271 τὴν
783 1199 998 1254 πάντων
1021 1198 1128 1252 τῶν
1150 1198 1359 1270 ἐχθρῶν
1380 1199 1677 1271 ἀναίρεσιν.
1697 1198 1831 1253 Τότε

258 1285 354 1344 οὖν
375 1291 406 1344 6
436 1292 738 1363 προφήτης,
769 1273 827 1345 ὲν
872 1289 1131 1361 είρηναίῳ
1165 1292 1543 1362 καταστήματι
1572 1291 1828 1360 γεγδνὼς,

259 1381 370 1437 ὑπὸ
394 1381 489 1438 τοῦ
525 1383 668 1438 Θείου
697 1381 1013 1453 Πνεύματος
1053 1381 1148 1434 ἐπὶ
1180 1381 1277 1451 τὴν
1311 1381 1419 1435 τῶν
1456 1382 1830 1454 προκειμένων

259 1474 605 1530 διδασκαλίαν
646 1476 996 1530 άνακινείται.
1025 1473 1244 1545 Ἐπειδὴ
1265 1474 1322 1528 δὲ
1352 1475 1488 1545 μήτε
1532 1475 1660 1548 ᾠδὴ,
1691 1477 1829 1549 μήτε

259 1565 473 1638 ψαλμὺς
517 1567 917 1638 ἐπιγέγραπται
945 1567 1075 1636 παρ’
1113 1565 1412 1638 Ἑϐραίοις.
1446 1568 1619 1632 εἴποις
1663 1568 1729 1624 ἃν
1760 1569 1829 1625 τὰ

262 1657 599 1731 προκείμενα
632 1657 965 1731 προφητείαν
988 1652 1126 1719 εἶναι
1158 1659 1250 1711 καὶ
1280 1657 1626 1714 διδασκαλίαν
1650 1660 1828 1733 ἁπλῆν

1935 478 2228 541 terpretum
2263 470 2516 526 versione
2575 468 2665 523 hic
2712 466 2905 522 titulus
2935 465 3182 529 aﬂ‘ertur,
3226 466 3500 537 dicamus,

1933 560 2191 618 Davidem
2241 562 2295 617 in
2342 562 2543 617 multas
2593 559 2874 629 delapsum
2931 559 3272 616 calamitates
3319 575 3500 618 cuma

1935 651 2097 708 Sauie
2125 653 2436 723 pelleretur,
2469 651 2685 710 deserta
2710 653 2824 709 loca
2867 650 3236 722 frequentaret
3267 663 3323 711 et
3353 653 3500 726 apud

1933 744 2237 816 allophylos
2276 753 2621 811 moraretur;
2661 752 2811 804 tunc.
2867 760 2990 800 cum
3042 746 3252 802 scilicet
3277 762 3309 802 a
3342 748 3499 807 bellis

1934 843 2168 899 vacaret,
2221 835 2369 891 hunc
2432 835 2727 905 psalmum,
2772 842 2832 890 ut
2895 835 3157 899 arbitror,
3205 837 3496 907 cecinisse,

1931 942 2055 983 cum
2080 926 2194 995 jam
2223 935 2368 983 terra
2387 928 2508 998 ejus
2536 928 2788 984 restituta
2830 937 2998 994 esset,
3030 929 3271 999 quando,
3311 931 3497 986 sublao

1932 1019 2006 1075 tis
2030 1019 2271 1076 inimicis
2294 1020 2568 1083 omnibus,
2597 1030 2652 1075 et
2684 1019 2899 1077 animus
2936 1027 2991 1076 et
3033 1036 3258 1092 regnum
3291 1023 3412 1092 ejus
3438 1022 3494 1078 in

1932 1111 2249 1177 securitate,
2285 1110 2338 1167 in
2380 1127 2515 1182 pace
2542 1121 2596 1167 et
2624 1112 3022 1183 tranquillitate
3049 1112 3303 1184 degebat.
3338 1111 3500 1170 Tunc

1931 1217 2063 1273 ergo
2096 1202 2385 1272 propheta,
2416 1203 2626 1273 pacatis
2650 1204 2812 1257 rebus
2838 1202 2978 1269 suis,
3007 1202 3077 1258 ad
3104 1203 3244 1259 hanc
3265 1203 3498 1261 efferen-

1930 1294 2055 1350 dam
2077 1295 2382 1350 doctrinam
2407 1310 2437 1348 a
2461 1293 2650 1348 divino
2667 1293 2871 1364 Spiritu
2907 1304 3174 1352 movetur.
3205 1295 3343 1364 Quia
3366 1312 3496 1353 vero

1931 1399 2108 1455 neque
2158 1386 2459 1450 canticum,
2523 1401 2694 1456 neque
2758 1387 3002 1457 psalmus
3060 1388 3358 1459 inscriptus
3409 1397 3496 1444 est

1931 1476 2073 1547 apud
2105 1474 2384 1538 Hebraeos,
2409 1476 2612 1533 dixeris
2654 1476 2770 1533 haec
2804 1479 3142 1550 prophetiam
3194 1489 3251 1535 et
3288 1480 3496 1535 doctri-

1929 1584 2055 1625 nam
2088 1570 2390 1641 simplicem
2427 1586 2572 1640 esse,
2598 1588 2717 1643 quae
2739 1572 2807 1628 ad
2839 1572 3141 1629 secundum
3189 1581 3247 1628 et
3291 1572 3497 1643 glorio-

1931 1677 2050 1717 sum
2078 1661 2377 1721 Salvatoris
2398 1666 2576 1721 nostri
2617 1666 2906 1721 adventum
2947 1673 3216 1736 spectant,
3257 1667 3496 1736 comple-

258 1748 331 1802 τὰ
379 1749 508 1817 περὶ
545 1749 641 1820 τῆς
688 1748 943 1821 δευτέρας
981 1751 1075 1803 καὶ
1126 1749 1337 1816 ἐνδόξου
1387 1752 1687 1823 παρουσίας
1731 1752 1824 1807 τοῦ

1930 1761 2211 1809 ctentem:
2256 1771 2417 1827 quem
2471 1756 2659 1812 Daniel
2702 1757 2787 1813 his
2838 1757 3016 1814 verbis
3061 1766 3490 1815 commemorat:

259 1840 515 1911 Σωτῆρος
542 1839 698 1911 ήμῶν
727 1840 1112 1912 περιέχουσαν·
1140 1836 1207 1913 ἧς
1229 1842 1321 1895 καὶ
1348 1842 1377 1894 6
1397 1843 1596 1913 Δανιὴλ
1622 1860 1831 1916 μνημο-

258 1928 430 1983 νεύων
462 1928 659 1999 φησίν
706 1926 1044 1996 Ἐθεώρουν,
1078 1929 1176 1983 καί
1229 1928 1358 1982 ἰδοὺ
1389 1928 1489 1982 ἐπὶ
1517 1928 1635 1983 τῶν
1661 1947 1831 2000 νεφε-

254 2020 387 2075 λῶν
407 2019 516 2076 τοῦ
544 2020 804 2089 οὐρανοῦ
841 2019 976 2086 Υἱὸς
1008 2019 1323 2089 ἀνθρώπου
1351 2020 1570 2090 παρῆν,
1598 2022 1696 2075 καί
1723 2021 1829 2092 μέ-

206 2106 215 2115 ’
253 2129 359 2181 χρι
397 2111 502 2167 τοῦ
542 2110 808 2167 Παλαιοῦ
838 2110 957 2165 τῶν
986 2111 1219 2180 ἡμερῶν
1253 2113 1500 2183 ἔφθασε.
1530 2113 1640 2168 Καὶ
1671 2114 1831 2181 αὐτῷ

251 2203 433 2273 ἐδόθη
466 2204 506 2273 ri
545 2202 701 2273 ἀρχὴ
730 2202 829 2257 καὶ
881 2204 921 2272 ἡ
951 2203 1087 2272 τιμὴ
1137 2203 1236 2259 καί
1285 2205 1324 2272 ἡ
1368 2206 1697 2270 ,Βασιλεία’
1729 2207 1830 2262 καί

252 2296 477 2363 ,πάντες
519 2298 572 2351 οι
614 2296 773 2359 λαοὶ,
822 2297 1030 2366 φυλαὶ,
1062 2294 1334 2366 γλῶσσαι
1382 2296 1544 2365 αὺτῷ
1577 2298 1829 2357 δουλεύ-

254 2401 503 2442 σουσιν.
548 2386 609 2443 Ἡ
623 2385 911 2451 βασιλεία
935 2386 1120 2442 αὐτοῦ
1143 2386 1431 2451 ,βασιλεία
1452 2388 1704 2456 αἰώνιος,
1730 2391 1832 2445 καὶ

250 2477 294 2547 ’ἡ
320 2476 575 2543 ἐξουσία
612 2476 799 2531 αὐτοῦ
844 2479 915 2531 οὐ
956 2476 1043 2546 μὴ
1084 2478 1389 2548 ἀφαιρεθῇ.
1445 2480 1608 2545 Τότε,
1641 2482 1825 2553 φησιν,

251 2568 642 2639 ἁγαλλιάσεται
688 2570 835 2622 πᾶσα
872 2568 1024 2641 ὴγῆ,
1058 2568 1177 2639 ἦτοι
1214 2572 1264 2641 ,ἡ
1307 2571 1467 2643 καινὴ
1506 2572 1700 2637 κτίσις,
1736 2573 1829 2627 καὶ

254 2661 460 2725 πάντες
490 2661 540 2714 οί
584 2659 644 2726 ἐξ
688 2661 881 2726 αἰῶνος
911 2661 1010 2734 τὴν
1037 2664 1139 2733 γῆν
1184 2664 1505 2733 οἰκήσαντες
1551 2663 1825 2736 ἄνθρωποι

251 2751 352 2807 τοῦ
381 2751 517 2806 Θεοῦ
537 2768 550 2780 ·
581 2751 615 2824 ἦ
638 2753 733 2807 καὶ¹
761 2753 811 2806 οἱ
846 2753 1128 2825 μέλλοντες
1159 2754 1513 2827 κληρονομεῖν
1532 2755 1628 2827 τὴν
1663 2758 1827 2811 ὲπου-

257 2843 443 2917 ράνιον
467 2844 590 2914 γῆν,
610 2844 751 2898 κατὰ
772 2843 832 2897 τό
851 2860 864 2873 ο
896 2844 1184 2913 Μακάριοι
1209 2848 1264 2899 οἱ
1291 2845 1518 2913 πραεῖς,
1542 2845 1632 2898 ὅτι
1658 2848 1827 2903 αὐτοὶ

257 2933 795 3004 κληρονομήσουσι
844 2935 960 3004 τὴν
1008 2933 1140 3005 γῆν.
1196 2936 1308 3009 Τῆς
1349 2936 1458 3009 γὰρ
1512 2940 1827 3010 σωματικῆς

254 3025 446 3089 ούσίας
475 3026 553 3089 εἰς
581 3024 884 3095 ἀφθαρσίαν
922 3025 1361 3097 μεταϐαλλούσης
1401 3028 1542 3083 κατὰ
1573 3030 1699 3092 τοὺς
1724 3029 1823 3100 τῆς

255 3110 609 3175 ἀναστάσεως
624 3092 830 3180 λόγους,
853 3092 1239 3182 ἀγαλλιάσεται
1270 3092 1419 3187 ήψγῆ,
1447 3117 1544 3171 ἅτε
1570 3116 1671 3188 τῆς
1847 3092 1893 3151 c

253 3199 501 3274 οὐρανῶν
529 3201 801 3274 βασιλείας
839 3206 931 3259 καὶ
968 3205 1104 3279 αὐτὴ
1129 3207 1663 3280 καταξιωθήσομένη.

323 3290 851 3362 Εὐφρανθήτωσαν
880 3291 1061 3362 νῆσοι
1106 3295 1364 3349 πολλαί·
1394 3295 1586 3350 πολλαὶ
1612 3297 1688 3361 δὲ,
1726 3298 1822 3351 καὶ

254 3381 319 3435 οὐ
354 3381 545 3445 πᾶσαι,
571 3381 661 3435 διὰ
697 3381 803 3436 τῶν
842 3383 1144 3448 κακοδόξων
1165 3402 1178 3415 ο
1213 3386 1274 3439 ού
1325 3387 1430 3458 χρὴ
1462 3386 1572 3460 γὰρ
1611 3389 1822 3460 χαίρειν

251 3473 369 3535 τοῖς
396 3470 636 3525 ἀσεϐέσι.
684 3471 900 3543 Νήσους
929 3472 1037 3545 γάρ
1081 3473 1193 3527 ἐσθ’
1237 3476 1328 3530 ὅτε
1364 3475 1426 3529 τὸ
1473 3477 1711 3550 Γράμμα
1760 3478 1821 3532 τὸ

256 3563 404 3636 ἱερὸν
423 3562 523 3625 τὰς
560 3563 883 3634 Ἑκκλησίας
910 3565 1201 3619 ἀποκαλεῖο
1219 3561 1329 3621 οἷον
1356 3569 1413 3622 ὲν
1436 3567 1672 3640 Θαλάσσῃ
1706 3585 1819 3635 κει-

255 3655 427 3728 μένας
456 3659 515 3708 ὲν
544 3655 678 3727 τῷδε
710 3655 789 3728 τῷ
820 3657 990 3729 τόπῳ,
1018 3657 1113 3712 καὶ
1140 3662 1357 3731 πικροῖς
1388 3659 1544 3714 ὕδασι
1572 3677 1821 3733 περιεχο-

256 3748 427 3821 μένας
453 3751 572 3813 ταῖς
603 3751 660 3803 ὲν
690 3748 840 3820 αὐτῷ
869 3749 1250 3822 περιστάσεσι,
1283 3752 1379 3806 καὶ⁹
1404 3752 1480 3817 ὡς
1502 3751 1820 3824 ῥαγδαιοτά-

254 3857 371 3904 τοις
419 3839 626 3912 κύμασι
683 3841 1127 3914 καταπαιομένας
1184 3845 1296 3907 τοῖς
1343 3843 1630 3915 διωγμοῖς·
1679 3843 1819 3916 πλὴν

253 3928 610 3994 ἀδιαπτώτως
633 3932 1046 4004 ὲρηρεισμένας,
1078 3934 1173 3989 καὶ
1204 3933 1499 4005 ἀνεχούσας
1536 3934 1692 4004 ὑψοῦ,
1726 3938 1819 3990 καὶ

254 4020 644 4102 ταίςεθλίψεσιν
672 4025 733 4076 ού
768 4022 1184 4097 βαπτιζομένης.
1226 4026 1532 4099 ’Δκλόνητοι
1577 4027 1684 4101 γὰρ
1731 4028 1819 4083 διὰ

255 4107 491 4180 Χριστὸν
521 4107 579 4161 αἱ
618 4109 949 4180 Ἐκκλησίαι,
982 4114 1076 4166 καὶ
1105 4112 1270 4168 πύλαι
1312 4114 1435 4186 ᾆδον
1473 4116 1533 4169 οὐ
1566 4117 1820 4189 κατισχύ-

259 4214 443 4251 σουσιν
494 4197 693 4251 αὐτῶν.
744 4200 947 4255 Οὐκοῦν
1002 4204 1048 4256 ei
1103 4203 1166 4276 δὴ
1205 4202 1444 4275 βούλοιτὸ
1490 4222 1576 4271 τις
1622 4209 1818 4280 νήσους

257 4289 458 4343 ἐννοεῖν
488 4286 585 4353 τὰς
616 4289 676 4355 ἐξ
706 4290 873 4343 ἐθνῶν
913 4292 1251 4366 Ἐκκλησίας,
1290 4297 1389 4351 οὐκ
1422 4296 1530 4352 ἀπὸ
1556 4297 1649 4351 τοῦ
1686 4300 1820 4371 πρέ-

256 4398 451 4446 ποντος
487 4380 748 4454 βαδιεῖται
794 4383 1017 4439 σκοποῦ.
1061 4385 1482 4457 Ἔγκαινίζονται
1516 4390 1645 4458 γοῦν
1677 4391 1810 4463 πρὸς

254 4471 388 4526 Θεὸν
401 4474 552 4544 νῆσοι
583 4472 660 4544 τῷ
698 4471 911 4545 Ἡσαΐᾳ,
934 4475 989 4530 αἱ
1018 4476 1125 4531 ἀπὸ
1143 4477 1251 4531 τῶν
1270 4478 1434 4532 ἐθνῶν
1476 4480 1809 4553 Ἐκκλησίαι,

251 4564 377 4636 ἄρτι
407 4564 832 4636 καθιστάμεναι,
861 4567 955 4620 καὶ
990 4568 1087 4638 τῆς
1124 4568 1367 4639 ἁλμυρᾶς
1398 4571 1651 4636 ἀπιστίας
1681 4573 1811 4627 ἀνα-

251 4655 577 4723 κύπτουσαι,
604 4658 698 4711 καὶ
735 4655 896 4728 πῆξιν
930 4656 1262 4729 λαμϐάνουσι
1298 4660 1375 4731 τῷ
1406 4660 1523 4734 Θεῷ
1555 4662 1803 4736 βάσιμον.

249 4747 448 4812 Καλῶς
471 4746 650 4802 τοίνυν
689 4746 966 4803 κάνταῦθα
994 4747 1094 4813 τὰς
1131 4748 1304 4820 ψυχὰς
1327 4751 1434 4804 τῶν
1466 4754 1523 4806 ὲν
1551 4757 1662 4818 τοῖς
1692 4772 1810 4809 πει-

249 4843 479 4911 ρασμοῖς
509 4839 566 4894 τὸ
607 4840 817 4909 ὲδραῖόν
841 4857 899 4894 τε
940 4841 1035 4895 καὶ
1075 4840 1404 4912 ἀμετάθετον
1440 4844 1809 4918 ἐπιδεικνυμέ-

248 4942 375 4986 νων,
400 4926 594 4996 νήσους
626 4925 928 4998 ὠνόμασεν,
947 4926 1015 4992 ἃς
1039 4928 1300 4983 πάντοθεν
1334 4929 1430 5001 μὲν
1455 4930 1809 5005 διαλαμϐάνει

246 5017 282 5086 ή
308 5017 406 5083 τῆς
431 5017 628 5082 κακίας
656 5018 825 5090 ἅλμη,
850 5019 913 5072 ού
948 5018 1053 5092 μὴν
1090 5018 1337 5073 τοσοῦτον
1376 5021 1546 5091 ίσχύει
1576 5026 1808 5096 προσπί-

247 5124 488 5171 πτουσα,
533 5108 608 5172 ὡς
638 5110 731 5165 καὶ
762 5110 920 5165 σάλον
950 5110 1072 5164 τινὰ
1119 5111 1196 5182 τῷ
1246 5111 1429 5183 παγίῳ
1472 5114 1565 5183 τῆς
1615 5116 1813 5187 ἀρετῆς

245 5199 563 5269 ἐμποιῆσαι.

314 5402 552 5473 Νεφέλη
600 5405 699 5461 καὶ
723 5406 948 5474 γνόφος
988 5407 1191 5473 κύκλῳ
1220 5405 1426 5469 αὐτοῦ,
1455 5405 1806 5474 δικαιοσυνη

1937 1848 2214 1916 Videbunt,
2238 1860 2289 1906 et
2309 1867 2424 1906 ecce
2445 1851 2500 1905 in
2520 1850 2742 1905 nubibus
2772 1852 2887 1906 caeli
2910 1849 3085 1905 Filius
3113 1851 3339 1906 hominis
3371 1851 3496 1908 ade-

1931 1952 2037 2006 rat,
2071 1950 2121 1996 et
2168 1956 2327 2010 usque
2355 1941 2423 1995 ad
2454 1941 2742 2010 Autiquum
2770 1940 2975 1995 dierum
3001 1940 3251 2008 pervenit.
3286 1938 3356 1994 Et
3385 1940 3493 2010 ipsi

1924 2017 2116 2089 Idatum
2141 2042 2220 2088 est
2252 2034 2526 2103 imperium
2554 2041 2603 2087 et
2646 2032 2811 2086 honor
2847 2044 2894 2087 et
2946 2048 3160 2102 regnum
3185 2046 3204 2083 :
3229 2040 3279 2087 et
3314 2048 3491 2088 omnes

1929 2126 2107 2194 populi
2138 2165 2154 2190 ,
2196 2124 2364 2179 tribus
2394 2133 2443 2178 et
2472 2124 2667 2194 linguae
2708 2123 2809 2191 ipsi
2833 2124 3076 2178 servient.
3106 2121 3338 2194 Regnum
3373 2123 3491 2194 ejus

1928 2233 2143 2290 regnum
2192 2217 2590 2286 sempiternum,
2634 2223 2686 2269 et
2727 2222 2958 2284 potestas
3006 2213 3121 2283 ejus
3150 2230 3258 2269 nou
3282 2214 3492 2283 aufere-

1930 2314 2017 2362 tur
2057 2306 2124 2364 “.
2161 2304 2335 2371 Tunc,
2370 2304 2567 2375 inquit,
2598 2302 2889 2361 exsultabit
2909 2302 3089 2359 omnis
3114 2310 3282 2367 terra,
3305 2301 3358 2357 id
3383 2310 3491 2368 est,

1929 2412 2070 2453 nova
2101 2405 2373 2460 creatura,
2398 2403 2455 2453 et
2492 2409 2684 2451 omnes
2716 2393 2807 2450 Dei
2831 2394 3083 2451 homines
3107 2394 3203 2465 qui
3231 2408 3264 2450 a
3290 2395 3492 2453 sarculo

1928 2498 2133 2548 terram
2197 2487 2478 2552 incolunt;
2513 2486 2629 2542 sive
2687 2484 2852 2541 etiam
2894 2484 2990 2555 qui
3019 2485 3294 2541 cmlestem
3342 2487 3491 2542 illam

1928 2590 2129 2637 terram
2184 2576 2496 2650 possessuri
2558 2581 2710 2639 sunt,
2766 2576 3067 2630 secundum
3122 2573 3257 2629 illud
3295 2574 3493 2633 :Beati

1927 2672 2113 2735 mites,
2148 2670 2395 2741 quoniam
2452 2668 2552 2737 ipsi
2612 2665 2950 2737 possidebunt
3025 2675 3220 2720 terram
3240 2665 3306 2722 ⁸⁸.
3353 2664 3493 2723 Nam

1927 2778 2053 2820 cum
2099 2775 2365 2830 corporea
2409 2758 2717 2816 substantia
2771 2756 2827 2811 in
2878 2755 3365 2826 incorruptionem,
3393 2770 3491 2829 per

1926 2846 2349 2908 resurrectionis
2407 2845 2613 2917 legem,
2672 2850 2879 2898 mutata
2948 2842 3149 2908 fuerit,
3197 2843 3493 2900 exsultabit

1925 2946 2094 3001 terra,
2128 2942 2316 3005 utpote
2344 2949 2466 3006 qua:
2489 2948 2658 3006 regno
2691 2932 2954 2989 calorum
3003 2940 3056 2988 et
3095 2933 3212 3004 ipsa
3236 2932 3490 2990 donanda

1926 3028 2018 3085 sit.

1992 3293 2261 3348 Laetentur
2282 3288 2473 3345 iusqu
2496 3289 2699 3353 multa,
2721 3287 2907 3343 multa:
2948 3286 3225 3352 videlicet,
3256 3286 3353 3342 sed
3379 3303 3487 3342 non

1921 3395 2135 3449 omnes,
2161 3395 2349 3437 eorum
2403 3394 2570 3436 causa
2628 3379 2723 3451 qui
2778 3393 2946 3449 prave
2992 3378 3236 3434 sentiunt
3264 3397 3278 3434 :
3310 3394 3489 3450 neque

1920 3472 2065 3526 enim
2117 3484 2215 3542 par
2235 3478 2319 3527 est
2353 3477 2407 3524 ut
2443 3469 2592 3540 impii
2625 3469 2917 3540 gaudeant.
2972 3468 3188 3526 Insulas
3217 3469 3488 3542 siquidem

1921 3559 2201 3637 Scriptura
2247 3576 2402 3618 sacra
2443 3559 2717 3617 Ecclesias
2780 3559 3012 3616 subinde
3063 3572 3258 3627 vocat,
3299 3569 3488 3633 utpote

1919 3669 2042 3726 quae
2071 3652 2158 3710 his
2187 3654 2241 3708 in
2276 3652 2410 3708 locis
2432 3652 2579 3706 velut
2615 3650 2670 3705 in
2693 3649 2832 3705 mari
2872 3648 3111 3719 iaceant,
3153 3651 3485 3723 immaniquc

1922 3760 2192 3817 aquarum
2217 3743 2388 3809 ﬂuxu,
2406 3742 2813 3799 calamitatibus
2842 3742 3115 3808 videlicet,
3140 3743 3486 3800 circumuen-

1919 3846 2031 3902 tur,
2059 3849 2125 3892 ac
2166 3835 2660 3907 persecutionibus,
2705 3849 2803 3890 seu
2860 3832 3179 3890 decumanis
3227 3831 3482 3890 ﬂuctibus

1913 3926 2225 3998 jactentur;
2277 3939 2464 3980 verum
2521 3923 2641 3979 sine
2719 3923 3069 3987 detrimento,
3125 3929 3312 3993 utpote
3358 3938 3483 3993 qua:

1918 4016 2069 4072 fultae
2099 4023 2154 4072 et
2181 4014 2235 4070 in
2269 4015 2501 4071 sublime
2534 4024 2729 4070 erecta:
2776 4016 2908 4079 sint,
2942 4023 3106 4086 atque
3135 4016 3191 4070 in
3223 4016 3482 4077 aerutnnis

1918 4123 2028 4164 non
2053 4107 2458 4178 demergantur.
2480 4103 2615 4159 Nam
2645 4104 2853 4161 Christi
2881 4121 3048 4177 opera
3101 4104 3359 4164 Ecclesia:
3379 4107 3484 4163 im-

1916 4197 2148 4254 mobiles
2164 4181 2415 4261 manem,
2445 4206 2501 4253 et
2523 4204 2696 4269 portae
2750 4196 2915 4253 inferi
2964 4212 3078 4252 non
3108 4198 3474 4268 praevalebunt

1917 4290 2181 4347 adversus
2207 4304 2321 4345 eas.
2350 4288 2405 4343 Si
2432 4289 2557 4361 quis
2585 4304 2715 4361 ergo
2766 4304 2861 4360 per
2924 4288 3156 4354 insulas,
3202 4287 3479 4347 Ecclesiae

1916 4398 1985 4439 ex
2012 4381 2267 4455 gentibus
2313 4380 2544 4452 intelligi
2590 4380 2846 4444 voluerit,
2888 4394 2918 4434 a
2948 4394 3077 4435 vero
3105 4393 3276 4450 scopo
3299 4381 3479 4436 neuti-

1916 4489 2081 4547 quam
2111 4471 2408 4530 aberrabit.
2444 4469 2780 4526 lnnovantur
2820 4470 2964 4525 enim
3003 4484 3132 4541 erga
3179 4469 3348 4526 Deum
3393 4473 3478 4526 in-

1917 4569 2049 4624 sula:
2075 4564 2219 4637 apud
2276 4563 2470 4619 Isaiam
2493 4563 2560 4631 ⁸⁸,
2595 4562 2851 4619 Ecclesiae
2891 4578 3086 4634 nempe
3112 4577 3177 4619 ex
3199 4563 3474 4635 gentibus.

1915 4675 2045 4732 qua:
2072 4674 2247 4729 nuper
2295 4657 2605 4713 constitutae
2651 4664 2799 4719 sunt.
2834 4664 2996 4727 atque
3040 4655 3107 4711 ab
3134 4654 3225 4711 illa
3259 4656 3395 4713 falsa
3420 4667 3477 4713 et

1911 4751 2124 4806 marina
2186 4749 2567 4805 incredulitate
2611 4755 2970 4815 emerserunt,
3033 4762 3092 4802 ac
3148 4747 3474 4805 soliditatem

1911 4837 2209 4909 accipiunt,
2260 4850 2319 4892 ut
2341 4835 2432 4892 Dei
2501 4835 2728 4905 vestigia
2769 4835 2911 4892 ferre
2954 4838 3187 4907 possint.
3241 4835 3476 4894 Pulchre

1911 4928 2039 4991 item
2064 4929 2275 4985 animas
2299 4943 2511 4993 eorum,
2542 4927 2636 5000 qui
2668 4928 2723 4983 in
2754 4927 3150 4986 tentationibus
3188 4936 3472 4986 versantes

1912 5020 2222 5077 ﬁrmitatem
2248 5028 2299 5076 ct
2346 5019 2777 5075 immobilitatem
2822 5018 3100 5085 exhibent,
3134 5018 3225 5074 hic
3263 5018 3472 5074 insulas
3544 5085 3549 5090 _

1910 5112 2208 5177 vocaverit,
2240 5124 2378 5183 quas
2435 5109 2674 5181 undique
2726 5106 2950 5166 malitiae
3008 5109 3258 5182 procellae
3300 5109 3477 5190 impe:

1910 5208 2064 5261 tunt:
2098 5214 2275 5270 neque
2319 5210 2500 5255 tamen
2520 5199 2886 5271 irrumpentes
2932 5199 2986 5254 id
3026 5198 3235 5256 edicere
3270 5199 3468 5262 valent,

1908 5301 1967 5346 ut
1991 5293 2209 5349 virtutis
2233 5291 2476 5349 ﬁrmitati
2506 5294 2916 5350 succussionem
2944 5291 3203 5357 inierant.

1976 5399 2139 5460 Vens.
2172 5404 2209 5458 2
2266 5403 2441 5462 Nubes
2477 5416 2525 5461 et
2558 5406 2727 5479 caligo
2756 5407 2811 5460 in
2837 5405 3063 5461 circuitu
3090 5404 3225 5473 ejus,
3247 5401 3470 5472 justitia

244 5497 337 5552 καὶ
373 5495 549 5566 κρῖμα
584 5500 946 5565 κατόρθωσις
970 5496 1075 5551 τοῦ
1106 5497 1320 5567 θρόνου
1348 5497 1554 5552 αὐτοῦ.
1590 5497 1806 5567 Νεφέλη

1923 5506 1954 5551 ει
1976 5497 2239 5567 judicium
2264 5501 2516 5556 correctio
2548 5499 2720 5571 throni
2748 5498 2884 5568 ejus.
2914 5495 3098 5553 Nubes
3138 5492 3354 5563 quidem
3379 5495 3469 5561 est

312 5652 361 5688 ⁸⁸
399 5652 532 5708 Dan.
569 5669 681 5716 vn,
722 5654 822 5718 i5,
865 5654 953 5709 Η.
1028 5656 1072 5687 ⁸⁸
1112 5656 1303 5711 Matth.
1338 5672 1392 5712 v.
1424 5655 1478 5712 4.
1555 5656 1603 5689 ⁸⁸
1639 5652 1744 5711 Isa.
1782 5668 1903 5731 ιιι,
1944 5656 1990 5710 I.

519 5749 793 5812 Parnm.
818 5748 935 5811 Gn.
969 5750 1207 5813 XXIII.

3072 5744 3150 5806 39
