4044 6212
557 251 697 312 ΙΞΞἹ

1223 258 1492 316 EUSEBH
1512 258 1992 318 CESARIENSIS
2029 257 2133 314 OPI

2234 257 2399 316 PARS
2437 259 2527 316 Ill.
2559 290 2632 305 -~
2659 257 3074 316 EXEGETICA.

3655 254 3793 308 {2‘28

553 387 622 427 ex
647 373 962 444 splendente
997 389 1122 431 aere
1145 375 1374 431 radians
1414 384 1469 432 et
1500 375 1823 431 tenuissima
1847 374 2118 445 composi-

2234 376 2321 446 μέν
2345 377 2492 432 ἐστιν
2519 379 2584 431 ἐκ
2602 373 2924 447 φωτοειδοῦς
2949 371 3109 444 ἀέρος
3130 369 3455 441 φεγγοδόλον
3480 369 3574 422 καὶ
3593 366 3781 419 λεπτόο

553 465 871 534 tio;caligo
908 474 1112 531 autem,
1138 468 1352 523 turbida
1385 479 1437 524 et
1487 469 1722 525 obscura
1772 467 2119 523 tenebrarum

556 552 774 611 oﬂusio.
803 554 909 612 Per
937 566 1230 628 utrumque
1259 574 1389 615 vero
1419 561 1618 616 divinae
1672 567 1883 614 natura:
1933 557 2122 612 invisi-

556 643 820 702 bilitatem
897 665 1078 704 sermo
1144 649 1402 706 declarat.
1459 651 1928 720 Quemadmodum
1978 650 2123 704 enim

556 750 703 802 eum,
727 741 819 810 qui
849 742 993 798 nube
1022 743 1254 814 quadam
1279 753 1332 799 et
1370 746 1600 816 caligine
1630 745 1958 807 obvolvitur,
1990 757 2124 797 con-

557 831 768 898 spicere
796 834 956 903 plane
980 851 1089 890 non
1125 837 1283 903 licet;
1340 838 1422 893 sic
1475 845 1530 892 et
1581 836 1877 892 invisibilis
1925 841 2124 889 natura

556 923 727 978 videri
753 940 978 995 prorsus
1007 929 1215 998 nequit.
1253 928 1533 1000 Significat
1560 929 1688 985 item
1737 929 1992 983 latentem
2019 925 2126 980 Do-

557 1013 691 1068 mini
716 1015 780 1068 ad
817 1017 1066 1073 homines
1101 1020 1416 1088 adventum,
1452 1019 1670 1091 quando
1702 1020 1758 1074 in
1783 1019 1926 1075 servi
1952 1017 2124 1072 forma

557 1113 724 1162 natus
753 1115 871 1172 est;
904 1108 978 1162 ita
1007 1119 1066 1163 ut
1095 1111 1266 1165 nubes
1308 1118 1363 1166 et
1416 1111 1592 1183 caligo
1622 1125 1752 1166 caro
1782 1126 1927 1173 esse.
1959 1122 2124 1179 quam

557 1197 881 1266 assumpsit,
933 1197 1304 1270 intelligatur;
1336 1210 1523 1271 utpote
1555 1216 1677 1272 quae
1708 1200 1965 1256 deitatem
1995 1213 2126 1269 ope-

558 1289 690 1356 riat,
724 1292 1025 1349 secundum
1087 1297 1217 1351 illud
1256 1315 1270 1350 :
1304 1297 1492 1353 Posuit
1553 1300 1791 1354 tenebras
1847 1298 2125 1352 latibulum

558 1398 714 1437 suum
744 1401 762 1439 :
792 1385 846 1438 in
887 1386 1110 1442 circuitu
1139 1389 1253 1459 ejus
1279 1390 1675 1444 tabernaculum
1719 1391 1834 1460 ejus
1852 1391 1918 1444 ⁸⁷.
1949 1389 2126 1444 Monet

559 1471 724 1527 etiam
755 1473 930 1543 ipsum
959 1492 1085 1534 esse
1113 1479 1208 1549 qui
1240 1480 1290 1534 in
1322 1490 1508 1537 monte
1539 1480 1670 1536 Sina
1703 1482 1758 1536 in
1782 1482 1925 1538 nube
1949 1489 2002 1536 et
2033 1495 2125 1536 ca-

561 1560 728 1632 ligine
747 1579 807 1620 se
827 1565 1076 1622 exhibuit
1104 1585 1118 1622 :
1147 1583 1212 1624 ac
1235 1572 1414 1638 docet,
1448 1573 1662 1628 etiamsi
1709 1573 1890 1628 divina
1934 1581 2127 1627 natura

562 1652 733 1708 videri
764 1664 1021 1726 nequeat,
1047 1673 1210 1728 posse
1237 1668 1416 1717 tamen
1438 1677 1504 1716 ex
1533 1664 1850 1734 operatione
1877 1663 1997 1733 ejus
2018 1663 2127 1717 vir-

2221 484 2381 521 τατον
2411 468 2663 540 ὕφασμα·
2695 465 2891 536 γνόφος
2942 463 2999 518 δὲ
3028 461 3306 532 ἀχλυώδης
3353 460 3448 512 καὶ⁵
3486 454 3796 528 ὁμιχλώδης

2225 560 2548 630 σκατασμός.
2582 561 2656 612 Δι’
2702 558 3026 630 ἀμφοτέρων
3061 555 3122 608 τὸ
3160 553 3468 624 ἀθεώρητον
3508 550 3606 620 τῆς
3639 547 3796 610 θείας

2224 652 2440 722 φύσεως
2471 651 2834 723 ἀποσεμνύνει
2859 653 2888 704 6
2909 650 3084 718 λόγος.
3105 647 3315 718 Ὥσπερ
3334 644 3444 715 γὰρ
3473 643 3566 695 τὸν
3589 639 3796 714 νεφέλῃ

2222 748 2331 800 τιν)⁸
2364 745 2458 799 καὶ
2487 745 2670 814 γνόφῳ
2703 741 3214 812 συγκαλυπτόμενον
3242 737 3501 792 ἀδύνατον
3530 735 3798 796 κατιδεῖν,

2222 837 2365 891 οὕτω
2393 837 2624 906 πάμπαν
2672 835 2930 889 ἀδύνατον
2966 831 3260 886 θεάσασθαι
3300 828 3397 900 τὴν
3429 827 3659 898 ἀόρατον
3695 823 3798 892 φύ-

2227 942 2329 980 σιν.
2357 925 2617 996 Σημαίνει
2643 923 2698 977 δὲ
2730 925 2824 978 καὶ⁹
2850 923 2948 993 τὴν
2979 920 3262 992 λεληθυῖαν
3289 922 3345 973 ἐν
3370 915 3676 988 ἀνθρώποις
3699 912 3797 967 τοῦ

2225 1017 2430 1088 Κυρίου
2477 1016 2735 1078 κάθοδον,
2783 1016 2869 1070 ὅτε
2927 1017 3170 1084 πέφυκεν
3217 1013 3276 1065 ἐν
3320 1012 3385 1081 τῇ
3446 1007 3542 1061 τοῦ
3599 1006 3796 1060 δούλου

2229 1112 2432 1182 μορφῇ,
2481 1109 2556 1173 ὡς
2585 1108 2813 1163 νοεῖσθαι
2866 1107 3094 1177 νεφέλην
3123 1105 3218 1160 καὶ
3253 1103 3448 1172 γνόφον
3483 1100 3584 1172 τὴν
3624 1115 3799 1170 προσ-

2225 1201 2520 1274 ληφθεῖσαν
2555 1201 2754 1272 σάρκα,
2790 1200 2885 1255 ἆτε
2916 1200 3014 1271 τὴν
3053 1198 3280 1268 θεότητα
3317 1193 3798 1265 ύποκρύπτουσαν,

2227 1290 2370 1345 κατά
2388 1291 2468 1344 τό·
2491 1292 2692 1345 "anm
2722 1291 2942 1357 σκότος
2972 1285 3332 1356 ἁποκρυφὴν
3353 1284 3560 1347 αὑτοῦ,
3589 1283 3803 1345 κύκλῳ

2227 1383 2412 1438 αὑτοῦ
2457 1383 2496 1449 ἠ
2542 1381 2746 1450 σκηνὴ
2777 1381 2982 1436 αὐτοῦ.
3027 1378 3454 1451 ’.ἀναμιμνήσκει
3489 1376 3546 1429 δέ
3596 1376 3696 1429 καὶ
3721 1376 3802 1439 ὡς

2229 1475 2392 1539 αὑτός
2421 1477 2537 1528 ἐστι
2583 1476 2676 1529 καὶ
2707 1476 2734 1528 6
2765 1475 2824 1529 ἐν
2871 1473 2950 1544 τῷ
2989 1474 3118 1544 Σινᾷ
3167 1471 3282 1542 ὄρει
3313 1470 3400 1524 διὰ
3431 1467 3659 1540 νεφέλης
3704 1467 3802 1520 καὶ

2228 1569 2426 1638 γνόφου
2484 1569 2584 1638 τὴν
2632 1567 2837 1622 οἰκείαν
2881 1567 3245 1637 ποιησάμενος
3290 1563 3644 1631 ἐπιφάνειαν,
3702 1559 3801 1612 καὶ

2228 1659 2489 1721 διδάσκει,
2522 1659 2625 1721 ὅτι,
2661 1661 2708 1712 εἰ
2738 1659 2832 1712 καὶ
2861 1656 2959 1728 τὴν
2992 1655 3140 1709 θείαν
3181 1653 3341 1724 φύσιν
3375 1651 3636 1706 ἀδύνατον
3670 1667 3803 1702 κατ-

562 1753 733 1802 tutem
786 1726 1062 1820 οοιιερίοἰξ
1089 1752 1365 1824 Siquidem
1411 1726 1682 1824 justitiam
1727 1726 1975 1810 homines
2028 1754 2129 1808 do-

2235 1740 2395 1813 ιδέἰν,
2443 1748 2556 1802 ἀλλ’
2597 1744 2692 1801 οὖν
2736 1747 2824 1800 διὰ
2859 1726 2957 1818 τῆς
3003 1745 3282 1818 ἐνεργείας
3325 1743 3426 1816 τὴν
3471 1742 3682 1812 ταύτης
3714 1739 3802 1792 δύ-

562 1840 712 1908 cuit;
739 1856 804 1897 ac
825 1857 920 1898 eos
941 1844 1034 1914 qui
1063 1847 1247 1900 omnia
1283 1847 1401 1903 sine
1442 1848 1655 1903 delectu
1705 1857 1758 1904 et
1805 1846 2131 1904 discretione

564 1934 915 2002 peragebant,
953 1945 1014 1988 ut
1069 1952 1193 1990 cum
1241 1939 1619 2010 rectojudicio
1665 1940 1830 1994 vitam
1888 1947 2128 2008 agerent,

564 2023 821 2079 instituit.
877 2024 988 2080 Hoc
1045 2028 1218 2096 ipsius
1258 2029 1489 2085 thronus
1545 2045 1610 2085 ac
1661 2046 1886 2101 regnum
1936 2028 2129 2094 ellicit;

565 2127 736 2181 quare
778 2113 968 2168 addit:
997 2115 1223 2172 Iustitia
1271 2129 1320 2173 et
1344 2120 1610 2189 judicium
1664 2122 1912 2174 correctio
1959 2120 2132 2174 throni

564 2208 699 2276 ejus.
722 2206 844 2262 Haec
865 2207 982 2274 fuit,
1011 2212 1207 2281 inquit,
1233 2213 1499 2267 adventus
1527 2212 1672 2267 illius
1696 2227 1883 2276 causa,
1917 2211 2136 2280 utjudi-

565 2305 716 2351 caret
733 2298 881 2367 juste
910 2314 1133 2356 causam
1160 2313 1424 2366 nostram,
1460 2319 1622 2374 quam
1648 2311 1838 2359 contra
1852 2305 2133 2374 :malignas

566 2398 620 2443 et
649 2388 994 2446 adversarias
1021 2401 1320 2464 potestates
1365 2396 1652 2452 habemus.
1710 2395 1769 2452 In
1797 2412 1896 2451 nos
1934 2398 2134 2467 quippe

569 2485 816 2553 regnavit
835 2484 1110 2556 Christus,
1157 2499 1216 2545 ut
1272 2489 1376 2547 fide
1437 2492 1767 2560 justificaret
1814 2508 1911 2548 eos
1957 2494 2047 2564 qui
2078 2493 2135 2548 in

567 2587 792 2647 peccato
811 2587 987 2636 erant.
1028 2580 1243 2636 .ludicio
1263 2589 1443 2637 autem
1465 2591 1550 2638 est
1581 2599 1712 2638 usus
1737 2583 1894 2654 plane
1923 2583 2133 2650 divino,

567 2683 632 2724 ac
664 2671 1060 2728 humanissimo
1087 2687 1102 2724 :
1133 2673 1397 2742 judicavit
1426 2675 1592 2738 enim,
1628 2689 1735 2728 non
1784 2690 1847 2729 ex
1879 2675 2135 2745 operibus

562 2761 814 2831 iustitiae,
848 2762 943 2820 sed
989 2763 1288 2819 secundum
1347 2764 1776 2819 misericordiam
1829 2780 1983 2822 suam
2021 2781 2136 2820 ma-

565 2868 773 2925 gnam:
814 2870 1022 2925 nosque
1065 2870 1166 2925 per
1204 2869 1402 2926 aquam
1449 2864 1696 2912 sanctam
1749 2867 1804 2912 et
1851 2858 2134 2928 mysticam

567 2947 748 3000 salvos
778 2944 976 3010 effecit,
1008 2945 1066 3001 in
1093 2960 1202 3016 qua
1234 2946 1505 3001 contritus
1534 2956 1582 3000 et
1609 2949 1964 3002 conculcatus
2010 2946 2134 3012 fuit,

2229 1857 2392 1912 ναμιν
2442 1841 2616 1895 ἔνεστι
2651 1840 2944 1911 θεωρῆσαι.
2991 1837 3344 1908 Δικαιοσύνην
3370 1836 3478 1908 γὰρ
3535 1836 3666 1897 τοὺς
3706 1836 3801 1886 ἀν-

2230 1931 2478 2004 θρώπους
2519 1933 2842 1997 ἐπαίδευσε,
2876 1933 2968 1985 καὶ
3023 1932 3150 1994 τοὺς
3202 1929 3527 2000 ἀδιακρίτως
3583 1927 3805 1981 ἅπαντα

2228 2024 2468 2096 δρῶντας
2506 2025 2642 2096 μετά
2686 2024 2920 2096 κρίσεως
2953 2022 3118 2095 όρθῆς
3153 2021 3356 2085 ἐδίδαξε
3397 2018 3799 2073 πολιτεύεσθαι.
3829 2086 3849 2110 ⁸

2231 2116 2414 2171 Ταῦτα
2450 2115 2615 2170 αὑτοῦ
2654 2118 2682 2170 6
2722 2116 2908 2188 θρόνος
2945 2116 3039 2169 καὶ
3070 2116 3103 2186 ἡ
3154 2112 3396 2184 βασιλεία
3434 2111 3802 2182 κατώρθωσε·

2229 2209 2308 2263 διὸ
2332 2209 2552 2278 ἐπάγει·
2581 2209 2936 2274 Δικαιοσύνη
2967 2206 3065 2260 καί
3099 2205 3275 2274 κρῖμα
3303 2205 3671 2272 statdeth
3700 2201 3807 2256 τοῦ

2231 2301 2446 2370 θρόνου
2469 2299 2687 2354 ἀὺτοῦ.
2733 2297 2903 2368 Αὕτη,
2936 2298 3097 2368 φησὶ,
3133 2298 3322 2366 γέγονε
3366 2296 3466 2365 τῆς
3499 2295 3807 2366 παρουσίας

2233 2394 2267 2463 ἡ
2291 2393 2457 2455 αἰτία,
2487 2392 2550 2445 τὸ
2575 2394 2754 2462 κρῖναι
2787 2390 3009 2461 δικαίως
3038 2389 3136 2460 τὴν
3169 2390 3348 2462 κρίσιν
3380 2388 3558 2459 ἡμῶν,
3598 2391 3667 2458 ῆν
3691 2388 3807 2458 ἐχο-

2238 2503 2336 2558 μεν
2368 2483 2565 2557 δηλαδὴ
2599 2484 2732 2555 πρὸς
2763 2481 2862 2546 τὰς
2906 2481 3147 2552 πονηρὰς
3177 2482 3272 2535 καὶ
3308 2479 3694 2550 ἀντικειμένας
3719 2479 3806 2532 δ’)-

2234 2578 2444 2649 νάμεις.
2494 2573 2852 2629 Βεδασίλευκε
2903 2573 3011 2643 γὰρ
3055 2571 3210 2642 ἡμῶν
3234 2574 3262 2624 6
3302 2571 3562 2642 Χριστὸς,
3595 2571 3687 2624 ἵνα
3727 2571 3805 2623 δι⁴

2236 2668 2446 2739 καιώσῃ
2469 2671 2534 2740 τῇ
2565 2667 2740 2721 πίστει
2771 2667 2896 2729 τοὺς
2912 2667 2968 2718 ἐν
2998 2664 3261 2737 ἁμαρτίᾳ.
3297 2663 3674 2735 Ἑχρήσατοδὲ
3714 2665 3808 2716 καὶ

2236 2761 2529 2832 θεοπρεπεῖ
2572 2758 2667 2811 καὶ
2717 2757 3000 2828 φιλαγάθῳ
3035 2757 3293 2830 κρίματι’
3347 2755 3664 2808 δεδικαίωκε
3700 2757 3808 2825 γὰρ

2236 2849 2336 2901 οὐκ
2364 2847 2423 2911 ἐξ
2451 2847 2625 2918 ἔργων
2651 2845 3017 2916 δικαιοσύνης,
3045 2845 3180 2899 ἀλλὰ
3209 2843 3350 2898 κατὰ
3380 2844 3441 2896 τὸ
3474 2844 3608 2897 πολὺ
3639 2845 3805 2897 αὑτοῦ

2237 2937 2403 3002 ἔλεος·
2435 2938 2641 2990 σέσωκε
2669 2936 2726 2988 δέ
2759 2937 2907 3007 ἡμᾶς
2929 2936 3022 2988 καὶ
3053 2935 3120 2989 δι’
3149 2935 3340 2999 ὓδατος
3377 2935 3470 2989 τοῦ
3512 2935 3672 3003 ἁγίου
3714 2936 3809 2988 καὶ

568 3033 678 3087 imo
706 3034 888 3103 potius
937 3036 1098 3105 periit
1157 3035 1324 3090 draco
1380 3037 1472 3090 ille
1501 3037 1690 3091 multis
1747 3037 2019 3107 capitibus
2050 3037 2133 3090 in—

2242 3029 2523 3101 μυστικοῦ,
2547 3029 2603 3080 ἐν
2698 3027 2984 3099 συνετρίϐη
3018 3028 3111 3080 καὶ
3140 3027 3468 3097 πεπάτηται,
3508 3025 3711 3097 μᾶλλον
3748 3026 3806 3078 δέ

567 3131 833 3190 structus,
893 3138 958 3180 ac
1010 3138 1136 3179 cum
1178 3139 1245 3180 eo
1271 3125 1505 3181 virtutes
1533 3126 1654 3195 ejus
1694 3126 1962 3196 malignae.
2009 3124 2133 3182 Hzec

2237 3121 2330 3175 καὶ
2369 3118 2644 3174 ἀπόλωλεν
2687 3120 2716 3171 ό
2762 3118 3128 3188 πολυκέφαλος
3176 3119 3425 3190 δράκων,
3455 3120 3550 3172 καὶ
3598 3121 3655 3172 at
3711 3120 3806 3171 σὺν

566 3214 806 3268 correxit
846 3212 1052 3269 Christi
1081 3229 1328 3285 regnum.
1375 3214 1434 3270 Id
1481 3230 1612 3270 sane
1663 3214 1791 3269 hinc
1821 3216 1997 3285 palam
2026 3225 2132 3281 est,

567 3306 712 3377 quod
740 3321 839 3360 nos
859 3305 1078 3376 quidem
1108 3305 1178 3360 ab
1207 3305 1275 3362 iis
1297 3307 1391 3375 qui
1421 3303 1522 3360 nos
1556 3305 1757 3375 injuste
1799 3306 1852 3359 in
1901 3306 2136 3361 servitu-

565 3407 677 3455 tem
707 3398 1026 3468 redegeraut
1048 3398 1260 3454 liberati
1303 3397 1510 3462 simus,
1541 3398 1618 3450 illi
1643 3413 1771 3451 vero
1791 3397 2132 3452 condemnati

569 3491 702 3547 sint.
733 3489 860 3546 Haec
884 3492 1086 3562 quippe
1113 3490 1478 3560 vera'justitia
1515 3498 1620 3556 est,
1653 3499 1711 3544 ut
1745 3491 1792 3546 is
1822 3491 1914 3561 qui
1950 3499 2135 3562 tyran-

566 3584 750 3639 nidem
810 3584 1101 3639 exercebat
1167 3583 1416 3637 diabolus
1483 3582 1832 3651 destruatur,
1888 3583 2136 3638 homines

567 3690 698 3741 vero
727 3675 822 3745 qui
875 3675 980 3729 sub
1012 3673 1298 3745 tyrannide
1353 3671 1621 3744 degebant
1673 3673 1990 3728 liberentur.
2021 3672 2136 3728 Cte-

567 3777 746 3822 terum
790 3767 845 3822 id
876 3783 1094 3838 quoque
1125 3781 1154 3819 a
1189 3766 1348 3821 nobis
1398 3767 1625 3838 expetit,
1656 3777 1716 3822 ut
1763 3765 2034 3836 justitiam
2083 3774 2138 3822 et

565 3861 831 3930 judicium
857 3867 1005 3914 recte
1035 3873 1409 3914 exerceamus.

641 3953 806 4009 Vens.
840 3953 960 4006 5-7.
1001 3951 1148 4022 Ignis
1172 3951 1228 4003 in
1257 3960 1535 4020 conspectu
1564 3951 1676 4021 ejus
1720 3949 2020 4005 exardescet
2041 3989 2056 4013 ,
2088 3957 2139 4002 et

567 4044 920 4116 iuﬂammabit
965 4045 1021 4098 in
1069 4045 1292 4098 circuitu
1344 4045 1582 4098 inimicos
1640 4043 1774 4111 ejus.
1839 4041 2137 4096 Illuxerunt

570 4139 784 4211 fulgura
810 4138 923 4207 ejus
956 4136 1069 4191 orbi
1105 4145 1260 4190 terrae
1284 4152 1303 4190 :
1333 4136 1460 4189 vidit
1490 4145 1540 4189 et
1576 4144 1837 4188 commota
1865 4143 1941 4187 est
1975 4143 2134 4190 terra.

569 4229 776 4286 Montes
804 4230 940 4283 sicut
974 4244 1094 4282 cera
1125 4227 1392 4298 liquefacti
1421 4237 1542 4282 sunt
1582 4244 1614 4281 a
1655 4227 1790 4296 facie
1814 4227 2064 4297 Domini,
2107 4248 2137 4283 a

569 4325 706 4394 [acie
760 4322 974 4378 Domini
1035 4323 1204 4376 omnis
1272 4331 1445 4375 terrae.
1509 4321 1967 4377 Annuutiauerunt
2025 4324 2140 4376 creti

2236 3214 2382 3286 αὐτῷ
2402 3213 2655 3285 δυνάμεις
2689 3214 2942 3285 πονηραί.
2971 3212 3151 3266 Ταῦτα
3185 3215 3218 3283 ἡ
3252 3212 3344 3266 τοῦ
3377 3213 3614 3284 Χριστοῦ
3651 3213 3807 3282 βατι-

2233 3306 2353 3359 λεία
2386 3305 2732 3378 κατώρθωσε.
2767 3305 2934 3376 Δῆλον
2971 3304 3029 3358 δὲ
3083 3306 3176 3374 ἀφ’
3218 3299 3294 3359 ὧν
3333 3308 3493 3378 ἡμεῖς
3550 3307 3648 3376 μὲν
3696 3307 3807 3360 τῶν

2238 3396 2752 3450 καταδουλωσάντων
2781 3395 2979 3458 ἀδίκως
3011 3394 3482 3467 ἠλευθερώθημεν,
3519 3397 3715 3449 ἐκεῖνοι
3745 3397 3809 3450 δὲ

2238 3489 2658 3561 κατεκρίθησαν.
2690 3487 2860 3541 Τοῦτο
2892 3487 2999 3558 γὰρ
3041 3489 3218 3560 κρίσις
3255 3489 3466 3552 δικαία,
3494 3490 3554 3542 τὸ
3577 3489 3666 3541 τὸν
3703 3489 3807 3559 μὲν

2236 3579 2600 3652 τυραννοῦντα
2638 3578 2880 3632 διάϐολον
2908 3577 3170 3641 καθελεῖν,
3197 3580 3325 3642 τοὺς
3352 3578 3407 3631 δὲ
3443 3577 3804 3648 τυραννουμέ-

2238 3688 2361 3734 νους
2395 3663 2712 3743 ἀνθρώπους
2755 3667 3132 3740 ἐλευθερῶσαι.
3165 3669 3312 3740 Πλὴν
3345 3667 3473 3721 ἀλλὰ
3518 3668 3610 3722 καὶ
3640 3668 3800 3737 ἡμᾶς

2239 3763 2460 3816 ἀπαιτεῖ
2491 3759 2838 3830 δικαιοσύνην
2871 3760 2964 3813 καὶ
2993 3759 3170 3832 κρίσιν
3205 3759 3512 3832 κατορθοζν.

2311 3946 2435 4013 Πῦρ
2467 3944 2723 4000 ἐνώπιον
2757 3942 2944 3998 αὑτοῦ
2989 3943 3353 4011 καυθήσεται
3373 3983 3388 4007 ,
3435 3945 3534 3996 καὶ
3573 3939 3811 4012 φλοτιεῒ

2240 4039 2445 4101 κύκλῳ
2473 4037 2615 4101 τοὺς
2641 4037 2892 4107 ἐχθροὺς
2911 4037 3393 4105 αὑτοῦ.Ἕε;αναν
3419 4040 3479 4089 al
3505 4037 3807 4105 ἀστραπαὶ

2239 4129 2423 4183 αὐτοῦ
2450 4128 2523 4196 τῇ
2550 4127 2866 4197 οἰκουμένῃ
2890 4143 2902 4159 ’
2935 4123 3057 4182 εἶδε
3086 4128 3182 4180 καὶ
3213 4128 3512 4194 ἐσαλεύθη
3540 4129 3580 4195 ἠ
3606 4125 3705 4196 τῆ.
3737 4130 3813 4180 Τὰ

2241 4225 2349 4293 ὄρη
2373 4221 2515 4277 ὡσεὶ
2539 4221 2724 4291 κηρὸς
2745 4220 3049 4288 ἔτάκησαν
3069 4220 3187 4274 ἀπὸ
3210 4220 3532 4288 προσώπου
3564 4222 3809 4288 Κυρίου,

2241 4315 2356 4369 ἀπὸ
2392 4313 2724 4382 πρωσώπου
2753 4313 2970 4380 Κυρίου
2997 4310 3200 4379 πάσης
3229 4310 3340 4379 τῆς
3373 4311 3505 4381 m’g.
3525 4311 3814 4382 Ἇνήῃει-

570 4416 830 4470 iustitiam
851 4415 1050 4485 ejus,et
1080 4413 1318 4468 viderunt
1337 4429 1514 4468 omnes
1540 4415 1720 4482 populi
1745 4414 1968 4484 gloriam
2000 4417 2133 4483 ejus.

2237 4410 2356 4461 λαν
2385 4409 2436 4460 οι
2474 4406 2714 4473 οὐρανοὶ
2737 4404 2852 4472 τὴν
2875 4403 3264 4471 δικαιοσύνην
3298 4405 3504 4468 αὑτοῦ,
3533 4405 3634 4458 καί
3660 4406 3813 4459 εἴδοι-

572 4503 979 4575 Confundantur
1007 4519 1180 4557 omnes
1203 4504 1292 4573 qui
1319 4503 1548 4557 adorant
1593 4503 1880 4572 sculptilia,
1903 4505 1992 4575 qui
2024 4504 2139 4575 glo-

571 4598 780 4666 riantur
805 4597 859 4650 in
894 4596 1050 4650 idolis
1077 4596 1210 4650 suis.
1260 4595 1361 4650 Hic
1415 4596 1680 4652 terribilia
1729 4597 1942 4651 ultricis
1992 4597 2138 4652 illius

575 4690 790 4744 virtutis
805 4705 900 4759 per
915 4689 1095 4759 ignem
1115 4695 1168 4742 et
1189 4687 1419 4758 fulguris
1444 4689 1807 4759 splendorem,
1824 4705 1942 4759 qua:
1970 4690 2024 4744 in
2054 4706 2140 4746 sc-

574 4781 755 4835 cundo
781 4780 986 4836 Christi
1019 4779 1251 4834 adventu
1293 4779 1521 4836 videnda
1551 4789 1679 4836 sunt
1698 4783 2038 4850 subindicat;
2078 4799 2141 4838 ac

574 4867 944 4935 evangelicam
972 4867 1424 4923 illuminalionem
1477 4871 1716 4936 revelat,
1768 4871 1964 4927 divinas
2005 4889 2144 4945 prte-

577 4955 869 5012 dicationis
902 4974 1204 5026 sermones,
1232 4961 1327 5032 qui
1354 4976 1451 5032 per
1477 4969 1652 5016 totum
1681 4966 1869 5021 orbem
1896 4966 2143 5034 resplen-

577 5047 728 5115 dent,
762 5048 974 5119 fulgura
1006 5065 1348 5122 nuncupans.
1408 5050 1594 5124 Neque
1644 5054 1788 5110 enim
1843 5053 2143 5109 dixerimus

577 5152 702 5194 eum
729 5137 979 5210 fulguris,
1013 5141 1210 5212 pluviae
1259 5140 1454 5198 indicis
1477 5181 1494 5207 ,
1533 5142 1863 5198 mentionem
1924 5143 2141 5213 facere;

578 5230 674 5286 sed
711 5230 881 5285 divini
907 5239 960 5286 et
991 5231 1294 5301 spiritualis
1334 5231 1559 5288 luminis
1593 5231 1879 5304 fulgorem,
1911 5233 2143 5305 fulguris

578 5321 800 5378 nomine
831 5321 1134 5392 significat;
1168 5333 1262 5378 aut
1291 5324 1524 5381 fortasse
1553 5324 1767 5397 fulgura
1807 5326 2012 5382 Christi
2051 5343 2145 5383 vo-

579 5420 669 5468 cat
697 5429 812 5479 eos,
837 5415 930 5487 qui
965 5429 1178 5471 sacrum
1213 5418 1408 5475 divina
1436 5427 1490 5474 et
1517 5419 1843 5492 evangelica:
1883 5421 2146 5492 pradica-

580 5504 746 5564 tionis
775 5523 974 5565 munus
1005 5510 1291 5581 obierunt,
1322 5511 1377 5568 id
1413 5518 1498 5570 est
1522 5513 1802 5584 apostolos
1823 5519 1876 5571 et
1909 5527 2152 5587 evange-’

649 5686 694 5720 ⁸⁷
733 5657 878 5746 i’sal.
914 5706 1063 5760 xvn,
1105 5691 1187 5745 l2.

2239 4513 2360 4552 σαν
2384 4497 2604 4563 πάντες
2627 4499 2681 4551 ol
2703 4497 2838 4550 λαοί
2865 4496 2980 4565 τὴν
3008 4495 3196 4562 δόξαν
3222 4496 3425 4550 αὐτοῦ.
3464 4499 3813 4566 Alexin-6:5-

2238 4604 2439 4644 τωσαν
2467 4587 2688 4654 πάντες
2723 4591 2777 4642 οἱ
2815 4587 3297 4656 προσκυνοῦντες
3335 4587 3458 4654 τοῖς
3501 4591 3814 4658 γλυπτοῖς,

2240 4684 2295 4735 οὶ
2324 4679 2758 4751 ἐγκαυχώμενοι
2797 4681 2866 4734 ἐν
2904 4681 3028 4748 τοῖς
3052 4680 3318 4747 ειδώλοις
3340 4680 3558 4736 αὐτῶν.
3577 4683 3667 4737 Ἑν
3696 4685 3817 4737 10:3-

2239 4791 2353 4837 τοις
2373 4774 2442 4827 τά
2466 4772 2670 4845 φοϐερὰ
2687 4774 2786 4844 τῆς
2809 4774 3235 4844 ἀνταποδοτικῆς
3250 4774 3530 4846 δυνάμεως
3559 4775 3815 4829 ὑποδείκ-

2242 4882 2381 4928 νυσι,
2415 4865 2502 4918 διὰ
2528 4865 2618 4917 τοῦ
2655 4865 2823 4936 πυρὸς
2853 4867 3068 4938 καὶτῆς
3100 4866 3416 4936 διαττούσης
3445 4867 3742 4939 ἀστραπῆς
3762 4869 3818 4922 ἐν

2242 4957 2306 5024 τῇ
2334 4954 2557 5024 δευτέρᾳ
2581 4953 2816 5026 Χριστοῦ
2839 4955 3110 5026 παρουσία
3129 4971 3142 4984 ο
3169 4954 3491 5008 ἐκκαλύπτε·
3517 4955 3574 5008 δὲ
3607 4957 3706 5010 καὶ
3726 4957 3822 5027 τὴν

2243 5044 2598 5116 εὐαγγελικὴν
2629 5046 3006 5114 φωταγωγίαν,
3036 5046 3318 5118 ἀστραπὰς
3351 5045 3522 5114 λέγων
3560 5047 3696 5111 τοὺς
3727 5049 3819 5101 τοῦ

2244 5132 2386 5186 θείου
2420 5134 2767 5206 κηρύγματος
2792 5135 3004 5203 λόγους,
3037 5138 3087 5190 οἳ
3116 5137 3255 5191 κατά
3289 5137 3467 5208 πάσης
3501 5138 3606 5209 τῆς
3632 5142 3819 5194 οἰκου-

2248 5227 2414 5298 μένης
2441 5226 2826 5299 ἐκλάμπουσιν.
2853 5229 2927 5282 Οὐ
2951 5228 3059 5302 γὰρ
3081 5229 3252 5300 δήπου
3283 5231 3478 5301 φαμὲν,
3501 5231 3585 5284 ὅτι
3613 5233 3719 5303 τῆς
3743 5235 3823 5296 εις

2246 5321 2432 5382 ὑετοὺς
2457 5320 2826 5391 γεγενημένης
2848 5322 3135 5393 ἀστραπῆς
3159 5325 3391 5376 ἐποιεῖτο
3416 5325 3660 5396 μνήμην,
3684 5325 3822 5378 ἀλλά

2246 5409 2344 5479 τὴν
2375 5408 2466 5462 τοῦ
2506 5411 2649 5464 θείου
2683 5413 2778 5464 καὶ
2826 5411 3016 5482 νοητοῦ
3052 5413 3226 5482 φωτὸς
3268 5414 3577 5486 ἀνάλαμψιν
3607 5415 3692 5487 τῷ
3724 5417 3823 5488 τῆς

2247 5501 2531 5575 ἀστραπῆς
2554 5505 2948 5576 κατασημαίνει
2977 5507 3196 5577 ὀνόματι
3213 5523 3226 5536 ·
3253 5506 3285 5577 ἢ
3313 5508 3598 5578 ἀστραπὰς
3623 5509 3825 5581 ὀνομά-
