4040 6210
259 233 393 290 ηέξ)

1365 225 1867 286 COMMENTABIA
1909 225 1974 281 IN
2014 222 2352 280 PSALMOS.

3350 220 3486 277 i230

256 347 361 413 ζων
383 345 640 420 Χριστοῦ,
672 348 797 410 τοὺς
822 346 884 399 τὸ
914 346 1053 400 θεῖον
1095 347 1190 401 καὶ
1224 345 1574 416 εὐαγγελικδν
1614 347 1823 417 ἱερουρ-

1932 341 2100 407 listas,
2132 340 2224 410 qui
2249 341 2420 393 instar
2447 336 2670 393 luminis
2703 338 2893 393 orbem
2921 345 3189 394 terrarum
3236 337 3481 393 illustra—

256 439 481 509 γοῦντας
510 440 787 511 κήρυγμα,
815 439 1089 493 τουτέστιν
1120 438 1447 502 ἀποστόλους
1471 439 1567 492 καὶ⁵
1593 437 1822 505 εὐαγγε-

256 531 457 595 λιστάς,
487 531 536 584 οἳ
557 530 733 599 φωτὸς
762 530 916 603 δίκην
953 531 1051 602 τὴν
1081 531 1406 603 οἰκουμένην
1444 527 1816 600 κατέλαμψαν·

256 618 337 688 οἷς
362 623 455 677 καὶ
479 622 640 686 αὐτὸς
660 622 763 695 ἔφη
784 623 1017 698 Χριστός
1037 639 1053 655 ·
1097 622 1280 693 Ὑμεῖς
1307 618 1449 676 ἐστε
1471 621 1537 675 τὸ
1564 620 1690 689 φῶς
1718 617 1822 673 τοῦ

255 713 487 783 κόσμου
527 712 646 777 Φῶς
668 713 767 785 μὲν
798 715 906 785 γάρ
931 714 992 767 τὸ
1014 713 1263 786 ἀληθινὸν
1290 712 1451 776 αὐτός
1480 713 1626 765 ἐστιν
1648 713 1677 765 6
1700 710 1823 773 Υἱὸς

256 803 646 874 καταφωτίζων
680 805 897 859 ἃπασαν
930 804 1105 858 κτίσιν
1134 805 1375 875 λογικήν.
1393 802 1611 874 Ἐπειδὴ
1640 802 1695 855 δὲ
1727 819 1824 871 γε·-

256 893 444 961 γόνασι
474 893 689 965 μέτοχοι
714 894 809 948 τοῦ
843 895 973 966 παρ’
994 893 1159 948 αὐτοῦ
1183 893 1360 965 φωτὸς
1388 894 1480 947 καὶ
1506 893 1660 947 αὐτοὶ
1685 890 1826 945 κατὰ

255 983 318 1037 τό
335 1000 350 1014 ·
376 985 692 1053 Ἀνθρακες
714 982 1075 1053 ἁνήςρθησαν
1100 985 1199 1038 ἀπ’
1222 984 1430 1048 αὑτοῦ,
1459 982 1825 1056 χρηματίζου-

255 1091 313 1128 σι
340 1073 455 1143 φῶς
482 1073 580 1129 τοῦ
618 1073 843 1146 κόσμου.
875 1068 1032 1129 Οὗτοι
1060 1075 1238 1131 τοίνυν
1273 1073 1523 1146 καθάπερ
1550 1074 1827 1145 ἀστραπαὶ

254 1166 512 1235 γεγόνασι
542 1167 608 1237 τῇ
638 1165 728 1218 ὑπ’
760 1164 987 1237 οὐρανὸν
1016 1164 1382 1237 διατρέχοντες
1410 1163 1711 1234 πανταχοῦ,
1734 1163 1828 1217 καὶ

255 1258 319 1312 τὸ
348 1257 490 1311 θεῖον
511 1257 604 1310 καὶ
629 1256 815 1329 νοητὸν
836 1259 956 1320 ταῖς
988 1256 1095 1312 τῶν
1120 1272 1475 1328 μυσταγωγου
1483 1256 1659 1327 μένων
1675 1260 1825 1327 ’καρ-

254 1349 395 1414 δίαις
423 1349 816 1420 είσπέμπονται
845 1347 979 1418 φῶς.
1000 1349 1110 1402 Καὶ
1130 1346 1241 1420 πῦρ
1266 1347 1325 1401 δέ
1345 1364 1508 1417 φησιν
1535 1349 1564 1400 ὁ
1588 1346 1826 1416 ψάλλων,

254 1441 318 1496 οὐ
351 1442 569 1504 πάντως
603 1439 759 1495 τοῦτο
785 1439 843 1493 τὸ
871 1438 1145 1510 αίσθητὸν,
1179 1436 1303 1491 οὔτε
1345 1438 1450 1510 μὴν
1490 1439 1583 1510 τὴν
1620 1435 1829 1509 δρωμέ-

253 1552 357 1604 νην
387 1533 580 1604 φλόγα,
603 1532 739 1586 sua
765 1532 915 1587 θείαν
940 1531 1063 1585 τινὰ
1088 1529 1317 1600 δύναμιν
1341 1530 1551 1601 ἄμαχον
1580 1530 1673 1582 καὶ
1702 1528 1830 1581 δυσ-

253 1628 487 1697 άντητον
509 1626 602 1679 καὶ
626 1623 1038 1694 δυσδιαίρυκτον,
1072 1623 1239 1695 πυρὸς
1265 1621 1419 1691 δίκην
1445 1620 1831 1674 κατεσθίουσαν

250 1718 383 1782 τοὺς
413 1716 793 1790 ἐχθραίνοντας
838 1714 1006 1787 αὐτῷ.
1038 1710 1197 1770 οὗτοι
1243 1713 1299 1767 δὲ
1339 1709 1479 1784 ἦσαν
1511 1712 1605 1766 καὶ
1637 1711 1741 1782 πρό
1763 1729 1827 1781 γε
1861 1701 1903 1755 Β

249 1805 366 1861 τῶν
390 1805 565 1861 ἄλλων
581 1806 631 1859 oi
655 1804 922 1877 ἀλιτήριοι
944 1804 1195 1874 δαίμονες
1222 1801 1313 1856 καὶ
1341 1804 1369 1855 6
1393 1805 1492 1872 τῆς
1513 1799 1713 1871 ἀγέλης
1734 1800 1830 1854 αὐ-

249 1897 368 1952 τῶν
402 1898 697 1967 ἐπιστάτης
716 1913 729 1927 ο
763 1895 949 1951 τοῦτον
980 1894 1302 1964 κατέφλεξεν
1332 1895 1360 1946 6
1388 1892 1577 1964 Σωτὴρ
1603 1895 1713 1956 τοῖς
1743 1891 1830 1945 ἀλ-

249 1989 370 2054 λοις
402 1989 557 2058 ὁμοῦ.
591 1990 665 2043 Οὐ
694 1988 802 2060 γὰρ
829 1984 896 2058 ἦν
922 1987 1119 2057 ἑτέρως
1154 1985 1423 2050 ἐξελέσθαι
1453 1985 1578 2047 τοὺς
1609 1985 1703 2037 ἐπὶ
1732 1985 1829 2056 τῆς

249 2079 365 2150 τῆς
394 2077 486 2131 ὑπ’
507 2077 654 2148 αὐτῷ
692 2077 1030 2148 γενομένους,
1056 2078 1102 2129 εί
1135 2075 1208 2148 μὴ
1245 2075 1492 2148 καθάπερ
1520 2092 1573 2130 τι
1599 2073 1711 2145 πῦρ
1734 2075 1830 2127 ἐπ-

251 2173 471 2241 αφῆκεν
498 2168 756 2241 αὐτῷτὴν
774 2167 1099 2223 δαπανῶσάν
1126 2184 1183 2220 τε
1215 2167 1308 2220 καὶ
1339 2167 1702 2237 ἀφανίζουσαν
1728 2166 1827 2219 αὑ-

251 2263 351 2315 τὸν
371 2262 562 2334 ὀργήν.
582 2260 766 2325 Οῦτως
787 2260 1020 2325 ἐξείλετο
1045 2260 1171 2323 τοὺς
1194 2260 1285 2314 ὑπ’
1301 2259 1463 2313 αὑτοῦ
1488 2258 1826 2331 γενομένους,

256 2354 467 2407 σέσωκε
495 2353 620 2417 τοὺς
647 2355 705 2407 ἐν
733 2352 1383 2426 αἱχμαλωσίᾳέρῤύσατο
1403 2353 1528 2416 τοὺς
1554 2351 1830 2425 πεπλανη-

256 2444 478 2515 μένους,
513 2444 608 2498 καὶ
637 2446 717 2508 εἰς
747 2444 807 2498 τὸ
833 2445 933 2515 τῆς
956 2444 1214 2517 ἀληθείας
1247 2443 1470 2499 ἐκάλεσε
1515 2443 1648 2514 φῶς.
1679 2444 1830 2515 Τάχα

254 2536 320 2588 δὲ
350 2536 518 2607 πυρὸς
549 2535 643 2589 καὶ
670 2537 953 2607 ἀστραπῆς
984 2536 1382 2607 ἐμνημόνευσεν
1404 2538 1434 2591 6
1455 2535 1634 2601 Δαυῒδ,
1664 2537 1830 2608 ἤγουν

256 2623 459 2694 φλογὸς
492 2626 586 2679 καὶ
628 2626 801 2697 φωτός
826 2645 838 2657 '
873 2624 1058 2695 ἐπειδὴ
1088 2626 1250 2698 διπλῆ
1283 2626 1375 2681 τοῦ
1405 2627 1573 2700 πυρὸς
1613 2628 1647 2699 ἡ
1676 2627 1825 2699 ἐνέρο

255 2731 420 2786 γεια’
462 2717 521 2771 οὐ
553 2717 660 2790 γὰρ
694 2718 850 2789 μόνον
882 2719 942 2772 τὸ
965 2720 1159 2784 καίειν,
1189 2718 1323 2773 ἀλλά
1355 2720 1449 2773 καὶ
1489 2719 1550 2773 τὸ
1578 2720 1830 2789 φωτίζειν

258 2811 407 2880 ἔχει·
440 2810 535 2865 καὶ
582 2810 642 2864 τὸ
688 2810 785 2882 μὲν
816 2811 930 2880 φῶς
959 2815 1070 2877 τοῖς
1102 2811 1329 2877 δικαίοις
1352 2812 1759 2883 ἀποχαρίξεται,
1794 2816 1829 2886 ἡ

257 2900 321 2954 δὲ
354 2901 544 2967 καῦσις
567 2905 680 2967 τοῖς
709 2903 1043 2975 παρανόμοις
1061 2903 1383 2977 ἀφώρισται.
1409 2903 1594 2959 Ταῦτα
1616 2905 1830 2976 καὶτῆς

259 2992 519 3066 δευτέρας
553 2995 869 3065 ἐπιφανείας
898 2996 966 3050 τά
995 2996 1338 3051 θεσπίσματα
1355 3014 1370 3029 ·
1398 2996 1570 3051 ταῦτα
1603 2996 1697 3052 καί⁵
1726 2999 1830 3052 Δα-

1922 443 2085 487 runt:
2118 432 2317 502 quibus
2372 431 2535 486 etiam
2580 430 2832 488 Christus
2876 431 3051 499 dixit,
3102 430 3203 485 Vos
3233 431 3358 485 estis
3391 429 3484 484 (ua;

1922 524 2106 580 mundi
2135 524 2202 580 ⁸⁸.
2255 522 2390 579 Nam
2439 538 2566 579 vera
2598 524 2690 578 lux
2744 533 2831 579 est
2860 525 2975 592 ipse
3004 520 3197 587 Filius,
3236 522 3333 594 qui
3360 537 3482 577 om~

1922 633 2047 675 nem
2066 624 2374 673 creaturam
2417 616 2795 672 rationabilem
2838 615 3131 670 illuminat.
3175 614 3313 682 Quia
3358 629 3487 671 vero

1922 711 2062 766 lucis
2088 711 2235 765 illius
2266 709 2558 781 participes
2581 709 2803 765 fuerunt
2830 708 3134 765 secundum
3172 708 3328 772 illud,
3350 707 3489 763 Car-

1924 799 2079 854 bones
2106 798 2342 853 succensi
2366 807 2490 852 sunt
2528 798 2593 852 ab
2622 815 2681 853 eo
2712 798 2777 864 θ’,
2811 798 2933 854 ideo
2995 799 3089 854 lux
3144 808 3273 855 sunt
3323 799 3487 869 hujus

1924 888 2136 945 mundi.
2167 888 2234 944 Hi
2265 889 2450 961 itaque
2480 889 2645 945 veluti
2673 888 2887 961 fulgura
2924 888 3047 945 facti
3093 899 3263 956 sunt,
3317 900 3487 948 totam

1926 982 2126 1054 ubique
2157 990 2355 1039 terram
2401 988 2810 1054 percurrentes,
2860 997 2924 1037 ac
2950 982 3190 1038 divinam
3228 985 3488 1055 spiritua-

1925 1072 2141 1144 lemque
2193 1073 2371 1129 lucem
2430 1071 2766 1129 initiatorum
2839 1072 3096 1130 cordibus
3165 1073 3483 1131 immittunt.

1926 1165 2106 1237 Ignem
2132 1181 2297 1238 porro
2324 1165 2616 1224 Psalmista
2643 1165 2795 1232 dicit,
2820 1182 2930 1223 non
2950 1166 3095 1223 hunc
3124 1168 3436 1224 sensibilem
3465 1207 3483 1231 ,

1927 1274 2104 1330 neque
2124 1257 2396 1313 flammam
2421 1258 2566 1312 illam
2586 1274 2706 1329 qua:
2744 1257 2846 1315 sub
2870 1269 3147 1330 aspeCtum
3177 1260 3358 1327 cadit;
3392 1261 3487 1315 scd

1928 1346 2166 1402 divinam
2211 1347 2503 1417 quamdam
2550 1348 2802 1403 virtutem
2852 1347 3359 1420 inexpugnabilem,
3401 1344 3488 1404 cui

1930 1455 2038 1495 non
2067 1439 2283 1508 obsisti,
2312 1455 2432 1511 qua:
2463 1455 2573 1496 non
2614 1439 2778 1512 eil‘ugi
2806 1449 3021 1514 potest,
3068 1456 3192 1513 quae
3219 1442 3362 1513 ignis
3399 1442 3487 1497 in-

1931 1539 2046 1588 star
2068 1532 2253 1609 hostes
2296 1547 2427 1589 suos
2459 1532 2705 1589 devorat.
2736 1532 2803 1588 Hi
2832 1545 3011 1591 autem
3034 1540 3208 1598 erant,
3232 1547 3342 1604 prae
3367 1533 3492 1591 aliis

1932 1623 2226 1696 perniciosi
2251 1622 2526 1680 daemones
2549 1662 2566 1689 ,
2609 1631 2664 1680 et
2711 1625 2892 1696 gregis
2938 1639 3128 1681 eorum
3158 1623 3447 1696 praefectus
3469 1660 3489 1691 ,

1931 1729 2091 1786 quem
2123 1695 2372 1769 Salvator
2413 1729 2536 1770 cum
2580 1695 3061 1773 aliisicombussit.
3114 1695 3302 1787 Neque
3356 1717 3493 1775 alias

1932 1807 2297 1891 poterant.qui
2322 1806 2379 1860 in
2407 1814 2553 1861 terra
2578 1807 2657 1862 illi
2674 1808 2903 1878 subjecti
2925 1816 3082 1865 erant
3112 1808 3355 1872 liberari,
3381 1808 3489 1865 nisi

1931 1914 2031 1955 ceu
2066 1898 2246 1971 ignem
2267 1900 2575 1971 quempiam
2604 1901 3062 1971 consumptricem
3093 1901 3161 1956 ad
3194 1902 3489 1972 perniciem

1934 1998 1991 2046 et
2018 1978 2469 2057 destructionem,
2506 1994 2641 2051 iram
2671 2008 2825 2048 suam
2844 2061 2852 2069 .
2873 1995 3191 2052 immisissct
3227 1997 3284 2052 in
3314 1997 3490 2052 illum.

1934 2083 2025 2139 Sic
2046 2084 2140 2140 ille
2162 2084 2411 2140 liberavit
2459 2099 2554 2140 eos
2589 2085 2683 2154 qui
2713 2085 2915 2141 subditi
2973 2085 3223 2149 fuerant,
3251 2087 3494 2157 captivos

1932 2174 2154 2245 eripuit,
2218 2183 2470 2231 errantes
2515 2174 2764 2241 reduxit,
2808 2183 2864 2231 et
2910 2176 2966 2231 in
3024 2177 3266 2235 veritatis
3316 2179 3490 2234 lucem

1932 2265 2197 2321 evocavit.
2236 2264 2490 2323 Fortasse
2538 2282 2666 2323 vero
2700 2266 2841 2338 ignis
2871 2274 2925 2322 et
2969 2268 3200 2341 fulguris
3247 2270 3494 2326 meminit

1933 2354 2123 2421 David,
2153 2357 2402 2414 videlicet
2421 2358 2650 2415 flammae
2674 2370 2729 2416 et
2767 2360 2936 2425 lucis;
2995 2362 3123 2432 quia
3150 2362 3348 2434 duplex
3382 2365 3492 2434 igni

1932 2450 2169 2506 ellicacia
2196 2450 2340 2506 inest
2366 2469 2381 2506 :
2413 2467 2525 2506 non
2551 2451 2697 2507 enim
2726 2453 2915 2509 urendi
2961 2453 3160 2519 solum,
3190 2454 3285 2510 sed
3327 2455 3488 2510 etiam

1932 2536 2275 2593 illuminandi
2311 2538 2418 2593 vim
2466 2537 2664 2608 habet;
2712 2555 2777 2594 ac
2826 2540 3001 2596 lucem
3051 2541 3269 2612 quidem
3320 2543 3491 2613 justis

1934 2627 2198 2701 impertit,
2221 2630 2528 2687 combustio
2550 2637 2729 2687 autem
2769 2631 2970 2702 iniquis
2994 2640 3325 2690 reservatur.
3366 2632 3493 2692 Haec

1933 2727 2063 2776 sunt
2088 2720 2311 2778 secundi
2340 2723 2607 2779 adventus
2638 2723 2888 2779 vaticinia
2914 2742 2927 2778 :
2960 2724 3074 2780 haec
3106 2723 3295 2780 Daniel
3312 2725 3449 2783 vidit
3471 2763 3490 2790 ,

1935 2828 2058 2868 nam
2076 2814 2170 2878 ait,
2190 2811 2409 2888 Flavius
2425 2815 2604 2886 igneus
2618 2815 2863 2870 trahebat
2894 2816 2946 2871 in
2974 2827 3249 2887 conspectu
3269 2817 3381 2888 ejus
3407 2817 3488 2886 ";

1934 2913 1989 2961 et
2016 2903 2275 2961 Dominus
2305 2887 2472 2970 dicit,
2524 2907 2812 2963 adventum
2848 2924 3048 2975 suum,
3098 2917 3158 2963 ut
3213 2887 3394 2981 fulgur
3423 2911 3494 2968 ab

1934 2998 2143 3055 oriente
2165 2999 2233 3055 ad
2254 2998 2591 3056 occidentem
2631 3000 2962 3072 pertingens,
2992 3000 3234 3057 futurum
3275 3017 3400 3060 esse
3421 3002 3493 3064 “.

261 3083 387 3155 νιὴλ
420 3055 683 3141 ἐθεάσατο
703 3104 716 3117 ο
747 3055 1035 3158 Ποταμὸς,
1068 3088 1178 3159 γάρ
1224 3106 1377 3161 φησι,
1411 3088 1602 3159 πυρὸς
1633 3084 1831 3144 εἷλκεν

1933 3088 2079 3163 Ignis
2122 3090 2339 3162 quidem
2394 3091 2515 3161 ejus
2561 3091 2828 3162 praecedet
2885 3092 3231 3150 inimicorum
3285 3109 3492 3162 causa;

262 3178 599 3249 ἔμπροσθεν
630 3178 815 3233 αὐτοῦ
836 3195 849 3209 ·
881 3179 975 3233 καὶ
995 3181 1023 3234 6
1050 3179 1250 3251 Κύριος
1268 3176 1439 3244 εἶπεν,
1466 3180 1541 3244 ὡς
1567 3182 1600 3252 ἡ
1628 3197 1831 3252 παρου-

1934 3183 2233 3239 amicorum
2264 3196 2393 3238 vero
2418 3197 2484 3238 ac
2511 3182 2888 3255 religiosorum
2943 3184 3220 3240 hominum
3274 3185 3449 3256 gratia
3475 3225 3492 3250 ,

268 3271 364 3324 σία
408 3270 569 3325 αὑτοῦ
608 3270 762 3325 ἔσται
791 3271 866 3335 ὼς
893 3273 928 3343 ἠ
953 3270 1062 3326 ἀπὸ
1106 3271 1378 3326 ἀνατολῶν
1423 3272 1583 3344 μέχρι
1616 3270 1831 3342 δυσμῶν

1932 3274 2145 3347 fulgura
2166 3289 2197 3329 a
2219 3274 2340 3330 luce
2363 3273 2483 3345 ejus
2501 3274 2702 3330 emissa
2723 3275 2843 3331 loco
2873 3277 3004 3332 solis
3029 3277 3215 3332 orbem
3247 3277 3494 3333 illustra-

267 3363 542 3433 φθάνουσα
571 3364 843 3436 ἀστραπή.
876 3362 948 3417 Τὸ
990 3363 1088 3435 μὲν
1128 3361 1239 3436 πῦρ
1263 3361 1428 3417 αὑτοῦ
1466 3360 1831 3434 προπορεύσε-

1933 3369 2089 3425 bunt.
2122 3365 2178 3423 Si
2201 3366 2347 3423 enim
2379 3374 2512 3422 tunc
2548 3365 2630 3422 sol
2659 3365 3054 3432 obscurabitur,
3106 3377 3158 3424 et
3217 3368 3347 3424 luna
3389 3387 3497 3426 non

262 3474 359 3512 ται
379 3457 542 3512 ’ἑνεκα
556 3456 663 3510 τῶν
682 3455 889 3529 ἐχθρῶν
907 3455 1068 3511 αὑτοῦ
1086 3472 1101 3487 ·
1130 3454 1240 3509 τῶν
1264 3455 1322 3509 δὲ
1347 3452 1583 3509 εὐσεϐῶν
1604 3454 1699 3507 καὶ
1718 3452 1831 3507 θεο-

1933 3456 2079 3512 dabit
2106 3456 2278 3511 (unum
2309 3471 2496 3518 suum,
2545 3463 2597 3510 et
2627 3454 2795 3510 stella
2825 3454 3016 3510 cadent
3056 3456 3118 3511 de
3144 3457 3270 3513 calo
3304 3459 3373 3524 ",
3410 3474 3497 3515 sec

265 3550 440 3621 φιλῶν
485 3549 691 3623 ἀνδρῶν
738 3550 894 3621 χάριν
939 3549 1213 3621 ἀστραπαί⁸
1239 3545 1403 3602 αὐτοῦ
1434 3550 1497 3601 ἐκ
1524 3544 1620 3600 τοῦ
1664 3542 1830 3599 αὐτοῦ

1936 3546 2173 3603 cundum
2203 3545 2504 3602 Salvatoris
2530 3544 2873 3615 doctrinam;
2903 3545 3048 3602 unde
3087 3546 3223 3603 alias
3255 3548 3495 3603 mundus

266 3642 448 3712 φωτὸς
495 3641 905 3713 ἐκπεμπόμεναι
952 3641 1072 3695 ἀντὶ
1117 3640 1267 3712 ἡλίου
1300 3637 1707 3710 καταλάμψουσι
1732 3635 1830 3707 τὴν

1938 3637 2352 3701 illuminabitur,
2382 3636 2486 3693 nisi
2510 3652 2577 3692 ex
2605 3637 2764 3709 ipso?
2795 3637 3234 3709 quandoquidem
3263 3646 3349 3696 est
3379 3638 3498 3711 ipse

265 3734 608 3807 οἰκουμένην.
654 3734 717 3788 Ei.
744 3733 852 3804 γάρ
893 3732 1013 3786 τότε
1055 3734 1089 3787 ὁ
1128 3731 1299 3801 ἥλιος
1343 3729 1827 3800 σκοτισθήσεται,

1938 3728 2200 3786 Dominus
2232 3729 2321 3784 lux
2349 3735 2572 3784 arterna.

266 3826 368 3880 καί
391 3826 446 3895 εὴ
481 3823 713 3893 σελήνη
740 3826 810 3879 οὐ
842 3823 1019 3878 δώσει
1062 3823 1127 3878 τὸ
1166 3822 1383 3893 φέγγος
1407 3823 1619 3892 αὐτῆς,
1649 3824 1747 3878 καί
1776 3827 1831 3878 οί
1867 3820 2117 3893 ἀστέρες
2143 3822 2467 3878 πεσοῦνται
2497 3822 2561 3876 ἐκ
2617 3822 2722 3876 τοῦ
2760 3823 3038 3892 οὐρανοῦ,
3074 3820 3216 3878 κατὰ
3244 3821 3341 3894 τὴν
3390 3838 3499 3876 σω·-

265 3921 456 3993 τήριον
498 3918 870 3976 διδασκαλίαν·
906 3920 1068 3975 πόθεν
1116 3918 1335 3976 ἄλλοθεν
1387 3918 1781 3990 φωτισθήσεται
1806 3922 1835 3973 6
1872 3919 2074 3989 κόσμος
2097 3920 2146 3972 εί
2168 3917 2243 3991 μὴ
2265 3917 2324 3986 ἐξ
2349 3916 2512 3972 αὐτοῦ
2533 3934 2545 3945 ·
2586 3916 2908 3987 Ἐπειδήπεο
2928 3917 3076 3973 ἐστὶν
3093 3916 3251 3980 αὐτὸς
3289 3916 3319 3967 6
3383 3912 3499 3968 Κύ-

267 4030 388 4085 ριος
418 4012 533 4082 φῶς
561 4012 793 4070 αἰώνιον.

339 4127 807 4197 Προσκυνήσατε
856 4127 1014 4195 αὐτῷ
1059 4128 1280 4197 πάντες
1323 4129 1562 4201 ἄγγελοι
1608 4128 1793 4184 αὑτοῦ
1813 4143 1827 4157 ·

2006 4123 2172 4180 Vsus.
2203 4121 2354 4178 8-12.
2389 4120 2622 4175 Adorate
2646 4137 2766 4175 eum
2787 4138 2962 4176 omnes
3005 4123 3178 4193 angeli
3208 4124 3322 4194 ejus
3348 4138 3369 4178 :
3395 4142 3497 4180 au-

267 4218 502 4289 ἤκουσε
532 4219 631 4274 καί
651 4220 952 4291 εὐφράνθη
986 4221 1025 4290 ἡ
1063 4222 1233 4285 Σιὼν,
1258 4221 1358 4276 καί
1385 4219 1830 4292 ήταλλιάσαντο

1936 4217 2065 4271 dicit
2096 4224 2146 4270 et
2178 4214 2362 4269 laetata
2377 4220 2456 4266 est
2473 4211 2691 4273 Sion,et
2712 4213 3105 4268 exsultaverunt
3132 4215 3263 4284 ﬁliae
3293 4214 3499 4273 ludam

268 4312 331 4365 at
353 4310 666 4380 θυγατέρες
704 4309 814 4380 τῆς
851 4311 1132 4378 Ἰουδαίας
1173 4312 1381 4367 ἕνεκεν
1402 4311 1521 4366 τῶν
1545 4311 1831 4381 χριμάτων

1937 4317 2147 4378 propter
2166 4305 2375 4377 judicia
2428 4312 2552 4370 tua,
2604 4303 2846 4358 Domine.
2900 4303 3032 4358 Sion
3061 4306 3278 4374 quidem
3312 4307 3499 4365 Eccle-

266 4417 409 4465 σου,
431 4402 624 4470 Κύριε.
647 4400 784 4455 Σιὼν
811 4401 908 4472 μὲν
934 4400 1031 4472 τὴν
1058 4401 1377 4472 Ἐκκλησίαν
1400 4400 1633 4473 Χριστοῦ
1659 4400 1832 4473 ὑπάρ-

268 4510 387 4565 χειν
416 4494 608 4559 ἰστέον,
635 4492 933 4565 θυγατέρας
970 4492 1027 4547 δὲ
1069 4492 1167 4564 τῆς
1204 4492 1456 4559 Ἰουδαίας
1476 4493 1577 4558 τὰς
1602 4494 1832 4548 ἀποστο-

268 4583 428 4648 λικάς
472 4582 647 4654 ψυχὰς
695 4584 801 4639 ἀπὸ
847 4584 940 4638 τοῦ
985 4582 1246 4639 Ἰουδαίων
1277 4583 1460 4650 ἔθνους
1489 4584 1830 4649 διελθούσας’

268 4676 327 4729 αἶ
357 4675 422 4747 δὴ
456 4676 547 4730 καὶ
579 4676 940 4749 ἐμπίπλανται
964 4676 1300 4749 εὐφροσύνης
1331 4677 1423 4731 καὶ
1445 4677 1832 4747 ἀγαλλιάσεως,

273 4766 639 4839 μανθάνουσαι
673 4768 799 4839 περὶ
822 4765 929 4820 τῶν
954 4765 1234 4838 κριμάτων
1264 4766 1359 4819 τοῦ
1386 4767 1610 4840 Κυρίου,
1640 4765 1750 4820 τῶν
1774 4782 1833 4819 τε

269 4861 385 4923 τοῖς
415 4858 818 4931 είδωλολάτραις
848 4857 1222 4929 ἀποκειμένων
1259 4858 1557 4929 τιμωριῶν,
1587 4857 1682 4913 καὶ
1724 4856 1834 4911 τῶν

270 4952 385 5014 τοῖς
408 4949 582 5005 ἔθνεσι
599 4949 979 5023 τετηρημένων
1004 4949 1363 5020 ἐπαγγελιῶν.
1379 4949 1616 5014 Είκότως
1639 4950 1696 5005 δὲ
1713 4949 1833 5021 χαί-

274 5058 457 5114 ρουσιν
479 5042 574 5097 iis:
594 5042 740 5114 αὑτῷ
769 5042 1138 5113 ἀνακείμεναι,
1165 5042 1257 5096 καὶ
1285 5040 1597 5107 ἐλπίζουσαι
1624 5041 1725 5113 τῆς
1747 5043 1834 5095 ἐν·-

269 5134 424 5201 δόξου
455 5134 616 5189 αὐτοῦ
645 5136 944 5209 παρουσίας
987 5133 1637 5208 καταξιωθήσεσθαι.”οτι
1669 5132 1752 5187 σὺ
1780 5129 1843 5189 εἷ

271 5228 489 5294 Κύριος
524 5229 558 5281 ὀ
596 5228 875 5297 Ὗψιστος
907 5227 1006 5282 ἐπὶ
1041 5223 1246 5283 πᾶσαν
1277 5225 1391 5294 τὴν
1428 5224 1564 5296 γῆν,
1601 5225 1836 5295 σφόδρα

269 5318 673 5386 ὑπερυψώθης
693 5317 843 5385 ὑπὲρ
864 5304 1092 5381 πάντας
1110 5314 1252 5382 τοὺς
1271 5316 1465 5382 θεούς.
1484 5317 1548 5369 Ol
1566 5298 1835 5385 ἀγαπῶν-

272 5425 371 5474 τες
405 5406 512 5462 τόν
533 5409 771 5477 Κύριον,
787 5406 1013 5478 μισεῖτε
1052 5404 1343 5475 πονηρόν-
1383 5403 1690 5476 φυλάσσει
1729 5406 1837 5462 Κύ-

271 5518 399 5570 ριος
420 5499 527 5566 τὰς
540 5501 744 5571 ψυχὰς
765 5499 882 5555 τῶν
901 5500 1085 5554 ὁσίων
1103 5498 1309 5563 αὑτοῦ,
1342 5498 1425 5553 ἐκ
1431 5497 1627 5569 χειρὸς
1656 5497 1838 5567 ἁμαρ-

1938 4403 2075 4459 siam
2096 4381 2296 4456 Cbristi
2332 4411 2455 4453 esse
2491 4395 2772 4452 sciendum
2796 4401 2911 4462 est;
2955 4395 3092 4451 ﬁlias
3120 4412 3247 4453 vero
3274 4396 3494 4465 Judzeze,

1939 4491 2268 4564 apostolicas
2296 4488 2508 4544 animas
2538 4503 2606 4543 ex
2633 4485 2943 4542 Iudaeorum
2985 4497 3146 4558 gente
3191 4488 3452 4548 oriundus
3478 4510 3494 4548 :

1938 4601 2061 4656 qua:
2085 4599 2217 4640 sane
2239 4581 2473 4651 impleta:
2491 4586 2619 4636 sunt
2643 4578 2841 4651 gaudio
2861 4584 2918 4634 et
2938 4578 3338 4649 exsultatione;
3368 4597 3495 4639 cum

1940 4676 2008 4732 de
2028 4674 2252 4745 iudiciis
2278 4670 2492 4728 Domini
2526 4670 2836 4735 audierunt,
2855 4668 3033 4741 deque
3056 4672 3360 4742 suppliciis,
3378 4689 3499 4745 qua

1940 4765 2207 4821 idolorum
2236 4761 2538 4818 cultoribus
2572 4762 2808 4832 reposita
2840 4768 2989 4824 sunt.
3033 4776 3243 4819 necnon
3273 4764 3342 4821 de
3371 4780 3501 4837 pro~

1939 4856 2144 4925 missis,
2167 4869 2289 4927 qua:
2307 4853 2560 4925 gentibus
2580 4860 2950 4909 reservantur.
2977 4855 3044 4909 Et
3070 4857 3262 4912 merito
3280 4855 3500 4930 quidem

1938 4948 2192 5021 gaudent,
2214 4953 2398 5017 utpote
2418 4945 2519 5015 ipsi
2544 4945 2789 5009 addicta,
2822 4958 2887 5000 ac
2911 4954 3191 5017 sperantes
3219 4962 3278 5004 se
3298 4947 3501 5020 glorio-

1940 5052 2003 5093 so
2040 5036 2162 5107 eius
2214 5038 2448 5091 adventu
2485 5032 2790 5106 dignandos
2829 5047 2972 5089 esse.
3026 5033 3287 5101 Quoniam
3333 5042 3391 5087 tu
3443 5048 3499 5088 es

1941 5129 2196 5185 Dominus
2251 5127 2545 5182 altissimus
2592 5141 2742 5195 super
2794 5141 2996 5181 omnem
3048 5133 3278 5188 terram,
3340 5124 3497 5179 nimis

1936 5219 2205 5275 exaltatus
2234 5234 2290 5274 es
2310 5232 2465 5287 super
2491 5232 2667 5272 omnes
2709 5214 2852 5272 deos.
2904 5215 3010 5284 Qui
3040 5216 3260 5288 diligitis
3311 5213 3497 5269 Domi-

1940 5327 2066 5366 num
2083 5352 2099 5378 ,
2128 5310 2266 5364 adite
2293 5307 2492 5363 malum
2515 5324 2534 5362 :
2568 5305 2797 5362 custodit
2825 5305 3085 5363 Dominus
3130 5306 3336 5361 animas
3366 5318 3495 5357 san-

1941 5412 2146 5457 ctorum
2178 5416 2430 5463 suorum,
2484 5398 2547 5455 de
2573 5415 2735 5454 manu
2753 5409 3086 5470 peccatorum
3124 5385 3363 5452 liberabit
3384 5407 3495 5450 sos.

1944 5495 2000 5552 Si
2028 5496 2251 5560 malum.
2283 5493 2480 5568 inquit,
2510 5493 2767 5557 aversati,
2799 5491 2972 5551 sancti
2991 5486 3501 5560 eﬁciaminiﬂtmo

340 5657 389 5690 κ
427 5655 614 5714 lattb.
649 5672 737 5725 vr,
773 5655 859 5711 ιι.
934 5656 978 5690 ⁸³
1016 5654 1162 5713 Psal.
1196 5671 1342 5725 xvu,
1376 5655 1432 5711 9.
1505 5655 1550 5690 ’⁸
1584 5630 1722 5712 Dan.
1758 5671 1871 5720 vn,
1908 5654 1997 5710 ω.
2070 5654 2113 5684 ’⁸
2156 5651 2341 5709 Matth.
2378 5666 2527 5719 xxiv,
2566 5651 2658 5706 27.
2734 5651 2779 5683 ”
2809 5643 2949 5720 ibid.
2984 5641 3076 5699 29.
