4044 6212
547 221 681 280 1931

1219 205 1481 269 EUSEBII
1520 206 1998 265 CIESARIENSIS
2034 206 2183 262 OPP.
2219 203 2395 261 PARS
2440 203 2527 259 ill.
2560 233 2631 246 —
2657 199 3065 258 EXEGETICA.

3639 200 3788 255 1232

547 332 701 389 vobis
720 328 996 401 continget
1026 325 1118 383 Dei
1142 324 1397 396 praesidio
1445 323 1668 390 muniri,
1693 332 1856 395 atque
1883 338 1914 378 a
1944 336 2109 377 manu

2229 321 2414 376 τωλῶν
2446 321 2699 390 ῥύσεται
2739 319 2981 385 αὐτούς.
3034 319 3098 371 El
3127 318 3589 390 ἁποστραφέντες,
3623 318 3788 386 φησι.

546 422 745 479 diaboli
776 417 995 476 liberari
1023 437 1037 472 :
1068 417 1118 474 is
1145 416 1289 472 enim
1320 414 1541 486 proprie
1590 421 1847 485 peccator
1885 413 2105 469 dicitur.

552 511 742 567 Modus
769 509 951 579 itaque
978 506 1285 563 dilectionis
1317 520 1445 576 erga
1475 502 1762 560 Dominum
1809 511 1895 560 est
1927 502 2110 560 odisse

551 602 733 665 mala;
763 614 973 656 merces
997 605 1177 653 autem
1208 596 1353 651 illius
1383 601 1487 658 est,
1520 594 1695 665 ipsum
1728 594 1786 650 in
1817 594 1942 649 vitae
1974 607 2111 665 pra:-

554 693 749 750 sidium
781 689 1057 753 obtinere,
1095 696 1256 758 alque
1294 687 1698 757 insurgentibus
1730 686 1967 743 inimicis
2023 702 2114 741 su-
2152 718 2163 741 κ

553 784 820 855 periorem
856 781 1105 836 evadere.
1129 777 1319 832 Viden'
1345 784 1547 848 quanta
1574 790 1671 846 pro
1700 774 1795 832 Dei
1821 776 2111 833 dilectione

549 878 883 951 accipimus?
915 875 1097 932 Sancti
1131 889 1257 930 vero
1302 872 1586 937 cliicimur,
1635 885 1761 926 cum
1786 867 1889 941 ipsi
1911 866 2109 922 addicti

550 988 761 1038 sumus,
791 980 952 1041 atque
984 968 1153 1023 Deum
1189 964 1475 1022 custodem
1507 962 1689 1035 magni
1724 962 1870 1017 illius
1900 958 2108 1031 priedii,

549 1063 745 1120 anima:
777 1061 987 1120 scilicet
1018 1068 1252 1123 nostrae,
1305 1054 1706 1119 nanciscimur;
1760 1054 1839 1107 ita
1885 1057 1946 1105 ut
1999 1062 2108 1103 non

550 1158 692 1213 ultra
740 1155 845 1212 sub
875 1169 1041 1209 manu
1088 1159 1141 1207 et
1187 1156 1454 1222 potestate
1493 1146 1703 1203 inimici
1747 1158 2067 1200 maneamus
2093 1184 2110 1208 ,

550 1264 675 1304 nam
705 1247 818 1302 Lux
840 1255 961 1301 orta
979 1255 1056 1300 est
1079 1244 1248 1314 justo,
1277 1252 1327 1296 et
1345 1241 1496 1295 rectis
1514 1238 1668 1294 corde
1711 1237 1919 1292 laetitia.
1971 1233 2112 1288 Lwt-

552 1340 739 1407 amini,
759 1339 917 1409 justi,
936 1338 989 1391 in
1012 1336 1253 1402 Domino,
1271 1343 1319 1390 et
1342 1331 1662 1401 conﬁtemini
1680 1328 1940 1384 memoria:
1958 1342 2114 1381 sanc-

554 1433 855 1504 tiﬁcationis
881 1431 1015 1500 ejus.

553 1620 679 1676 τοῦ.

859 1733 1180 1791 PSALMUS
1203 1730 1333 1787 iPSl
1360 1728 1566 1784 DAVID
1594 1724 1807 1783 XCVII.

625 1830 792 1886 Vens.
824 1831 877 1884 1.
930 1829 1152 1884 Caritate
1198 1823 1426 1879 Domino
1450 1819 1714 1875 canticum
1745 1831 1958 1879 norum,
1991 1811 2117 1883 quia

555 1921 826 1976 mirabilia
849 1918 993 1989 fecit.
1037 1915 1136 1971 Hic
1169 1915 1297 1969 item
1355 1909 1598 1982 psalmus
1626 1907 1803 1963 eidem
1834 1901 2118 1961 sententiae

556 2013 795 2070 insistit:
826 2022 952 2065 nam
981 2016 1273 2076 utrumque
1293 2001 1596 2057 Salvatoris
1612 1990 1902 2055 adventum
1928 1993 2120 2049 vatici-

555 2113 742 2169 natur,
776 2100 885 2159 sed
915 2098 1085 2154 multo
1114 2096 1285 2165 magis
1310 2093 1379 2149 de
1415 2090 1657 2148 secundo
1685 2086 1959 2144 edisserit.
1989 2083 2120 2138 iure

559 2207 738 2252 autem
770 2191 1049 2250 canticum
1076 2201 1277 2243 novum
1310 2184 1421 2239 Deo
1449 2182 1648 2239 offerre
1695 2177 1961 2251 praecipit,
1993 2174 2120 2246 quia

557 2286 915 2362 pristinarum
958 2295 1140 2336 rerum
1172 2276 1528 2332 mutationem
1560 2272 1840 2343 praedicat,
1870 2282 2121 2339 praenun-

440 2441 453 2453 ,
557 2382 767 2449 tiatque
796 2387 999 2430 novum
1043 2371 1169 2424 vitae
1204 2368 1537 2422 institutum.
1586 2363 1800 2419 Etenim
1835 2375 1899 2416 ea
1942 2373 2062 2429 quae
2091 2372 2123 2412 a

564 2471 672 2526 Deo
708 2467 1093 2524 universorum
1122 2475 1220 2532 pro
1269 2459 1447 2515 salute
1486 2465 1680 2511 nostra
1719 2459 1937 2525 peracta
1970 2456 2122 2514 sunt,

560 2557 1001 2633 supernaturalia
1050 2568 1186 2610 sane
1238 2557 1368 2607 sunt
1416 2563 1481 2604 ac
1526 2543 1816 2617 stupenda.
1866 2541 2124 2597 Servatur

554 2652 760 2725 quippe
782 2659 971 2706 noster
1008 2645 1214 2701 mundo
1236 2640 1554 2702 adveniens,
1585 2651 1651 2692 ac
1684 2634 1778 2691 Dei
1817 2633 1991 2705 gratia
2025 2646 2124 2702 pro

556 2741 813 2798 omnibus
838 2744 1067 2792 mortem
1113 2734 1433 2803 degustans,
1476 2734 1536 2783 ut
1582 2726 1794 2781 tolleret
1841 2729 2125 2792 peccatum

561 2832 772 2895 mundi.
803 2838 863 2885 ut
907 2843 975 2884 ex
1013 2824 1369 2895 sequentibus
1415 2818 1705 2876 versiculis
1726 2814 2126 2871 demonstrabi-

562 2931 674 2987 tur,
704 2920 916 2991 magnis
942 2925 999 2973 et
1025 2915 1242 2970 arcanis
1275 2928 1375 2968 nos
1422 2913 1677 2983 dignatus
1717 2914 1801 2963 est
1830 2905 2124 2976 mysteriis.

564 2984 931 3071 Salcauit'sibi
955 3008 1170 3064 dextera
1187 3005 1324 3075 ejus,
1354 3017 1402 3059 et
1427 3002 1701 3058 brachium
1729 3007 1968 3054 sanctum
1996 2995 2131 3065 ejus.
2161 2984 2208 3045 C

463 3179 467 3183 ν
563 3104 902 3162 Salvatorem
938 3114 1065 3156 esse
1110 3096 1388 3153 dexteram
1431 3102 1487 3152 et
1533 3091 1817 3149 brachium
1856 3087 1972 3151 Dei,
2008 3088 2123 3158 jam

562 3202 815 3277 pluribus
839 3215 905 3255 ex
938 3197 1173 3253 dexterae
1207 3204 1263 3250 et
1297 3191 1511 3249 brachii
1547 3186 1948 3260 signiﬁcatione
1978 3199 2128 3239 com-

562 3276 927 3352 monstratum
978 3296 1085 3346 est.
1127 3286 1358 3342 Dextera
1404 3285 1588 3355 itaque
1633 3281 1725 3337 Dei
1774 3295 1891 3344 eos,
1927 3276 2022 3347 qui
2060 3276 2128 3331 ad

564 3384 955 3445 beatitudinem
986 3380 1155 3437 erecti
1185 3385 1334 3443 sunt,
1363 3376 1545 3433 salvos
1594 3372 1701 3444 ipsi
1727 3368 1981 3428 custodit.
2012 3366 2129 3423 Non

563 3481 708 3535 enim
739 3477 919 3534 omnis
953 3474 1048 3547 qui
1079 3473 1266 3530 salvus
1298 3479 1402 3534 est,
1434 3467 1671 3523 Domino
1694 3463 1807 3521 Deo
1836 3469 2127 3528 servatur;

566 3573 660 3629 sed
690 3571 847 3629 solus
864 3576 922 3626 et
948 3564 1127 3623 omnis
1154 3564 1247 3620 ille
1278 3564 1371 3634 qui
1400 3558 1703 3618 secundum
1731 3562 1936 3612 rectam
1960 3553 2131 3610 ratio-

566 3679 690 3721 nem
714 3678 745 3718 a
772 3660 932 3719 malis
961 3667 1017 3715 et
1038 3657 1244 3715 morbis
1273 3656 1563 3716 liberatur,
1590 3658 1648 3707 et
1677 3648 1923 3706 veritatis
1943 3644 2133 3717 cogni-

568 3760 770 3814 tionem
804 3760 931 3810 cum’
957 3757 1158 3824 pietate
1179 3755 1467 3806 assecutus
1492 3754 1594 3803 est.
1617 3741 1755 3798 Nam
1777 3741 1871 3813 qui
1891 3756 1955 3796 ex
1986 3755 2135 3794 mor-

566 3848 654 3904 bis
680 3853 737 3903 et
761 3844 1081 3901 vulneribus
1115 3846 1388 3904 servatur,
1414 3852 1521 3892 non
1559 3835 1779 3908 penitus
1817 3831 1928 3888 Deo
1949 3831 2135 3887 salvus

566 3947 674 4005 est,
702 3939 940 3993 maxime
968 3951 1100 3992 vero
1143 3948 1268 3990 cum
1303 3934 1517 4004 ignorat
1546 3945 1607 3986 se
1645 3944 1676 3983 a
1702 3927 1815 3984 Deo
1844 3923 2138 3982 incolumi-

567 4042 680 4091 tate
710 4031 990 4087 donatum.
1042 4026 1304 4082 Sanctum
1352 4037 1517 4094 porro
1560 4020 1655 4075 Dei
1693 4018 1981 4075 brachium
2029 4027 2133 4080 est,

568 4136 681 4178 non
725 4117 1147 4191 participatione
1195 4111 1539 4177 sanctitatis;
1579 4108 1673 4165 sed
1715 4108 1843 4179 quia
1897 4106 2136 4178 Spiritus

568 4215 745 4272 sancti
761 4210 1048 4269 brachium
1070 4216 1175 4265 est.
1192 4207 1259 4262 Et
1281 4204 1516 4261 fortasse
1529 4201 1754 4258 dextera
1770 4199 2014 4271 quidem,
2040 4197 2135 4253 Dei

567 4306 655 4360 vis
678 4301 965 4375 operandi,
990 4315 1111 4371 qua!
1141 4313 1249 4354 non
1281 4296 1387 4351 alia
1414 4307 1577 4366 quam
1600 4291 1745 4347 Deus
1777 4288 2012 4346 Verbum
2029 4295 2135 4354 est,

2212 412 2273 465 τὸ
2309 411 2539 483 πονηρὸν
2570 412 2707 465 ὅσιοι
2744 410 2995 483 γένησθε,
3033 410 3155 464 τότε
3181 409 3246 482 δὴ
3281 407 3617 480 συμϐήσεται
3652 406 3791 477 ὑμῖν

2214 504 2309 557 καὶ
2335 502 2435 574 τῆς
2464 502 2706 574 φυλακῆς
2733 502 2833 572 τῆς
2868 501 3017 574 παρὰ
3044 500 3139 555 τοῦ
3158 500 3294 554 Θεοῦ
3322 502 3522 571 τυχεῖν,
3557 499 3654 553 καὶ
3682 498 3791 567 τῆς

2215 593 2310 648 τοῦ
2352 592 2590 647 διαϐόλου
2632 592 2893 666 ρυσθῆναι
2938 591 3150 664 χειρός·
3185 586 3337 654 οὗτος
3381 589 3491 661 γάρ
3516 589 3547 641 ό
3580 587 3791 659 κυρίως

2219 683 2555 759 ἁμαρτωλός.
2574 685 2631 738 '0
2667 686 2761 756 μὲν
2787 680 2878 739 οὖν
2903 684 3105 755 τρόπος
3145 683 3246 754 τῆς
3278 682 3414 753 πρὸς
3455 681 3546 733 τὸν
3580 678 3792 749 Κύριον

2216 775 2434 847 ἀγάπης
2455 775 2517 829 τὺ
2550 777 2723 847 μισεῖν
2759 777 3001 847 πονηρά*
3035 773 3221 846 μισθὸς
3244 773 3303 826 δὲ
3332 772 3521 826 τούτου
3549 771 3609 823 τὸ
3639 770 3792 841 ἔχειν

2215 868 2377 924 αὐτὸν
2398 867 2641 941 φυλακὴν
2669 868 2768 938 τῆς
2790 867 2954 937 ζωῆς,
2983 868 3077 921 καὶ
3105 865 3337 937 κρείττω
3365 862 3475 918 τῶν
3501 864 3791 918 ἐπανισταο

2218 961 2391 1032 μένων
2413 960 2689 1034 δυσμενῶν
2717 958 2977 1029 γίνεσθαι.
3003 953 3153 1019 Εἶδες
3181 956 3340 1028 ⁴ἡλίκα
3365 956 3463 1026 τῆς
3494 953 3633 1027 πρὸς
3653 953 3793 1008 Θεὸν

2214 1053 2433 1126 ἀγάπης
2472 1052 2851 1123 ἀπολάϐομενς
2895 1048 3158 1120 Γινόμεθα
3182 1048 3240 1102 δὲ
3270 1049 3406 1101 ὅσιοι
3438 1045 3791 1117 ἀνακείμενοι

2216 1145 2387 1217 αὐτῷ,
2421 1145 2512 1206 καὶ
2552 1145 2766 1215 φύλακα
2805 1143 2894 1199 τὸν
2936 1142 3065 1197 Θεὸν
3092 1139 3186 1195 τοῦ
3217 1139 3469 1212 μεγίστω
3507 1141 3792 1209 κτήματος

2218 1236 2318 1309 τῆς
2342 1237 2616 1311 ἡμετέρας
2640 1236 2817 1309 ψυχῆς
2849 1236 3043 1308 ἔχομεν
3061 1253 3074 1265 ·
3106 1233 3245 1289 ὥστε
3274 1233 3348 1306 μὴ
3377 1232 3481 1286 ὑπὸ
3501 1232 3600 1304 τὴν
3623 1232 3790 1301 χεῖρα

2220 1327 2315 1382 καὶ
2359 1327 2458 1398 τὴν
2505 1327 2749 1394 ἐξουσίαν
2796 1326 3045 1397 γενέσθαι
3100 1325 3194 1381 τοῦ
3241 1324 3435 1398 ἐχθροῦ
3454 1342 3469 1355 ·
3508 1324 3638 1389 Φῶς
3675 1322 3791 1394 γὰρ

2220 1418 2487 1475 ἀνέτειλε
2531 1419 2613 1486 τῷ
2651 1420 2876 1487 δικαίῳ,
2907 1419 3005 1473 καί
3048 1417 3174 1484 τοῖς
3207 1417 3410 1474 εὐθέσι
3454 1412 3530 1485 τῇ
3565 1414 3790 1483 καρδίᾳ

550 1527 916 1598 εὐφροσύνη.
961 1524 1368 1593 Εὐφράνθητε,
1415 1520 1649 1583 δίκαιοι,
1700 1518 1771 1571 ἐν
1806 1514 1887 1582 τῷ
1928 1513 2141 1582 Κυρίῳ,
2172 1515 2267 1568 καί
2291 1514 2744 1588 ἐξομολογεῖσθε
2779 1515 2855 1585 τῇ
2885 1515 3091 1587 μνήμῃ
3132 1513 3240 1584 τῆς
3293 1513 3632 1584 ἁγιωσύνης
3678 1510 3791 1565 ai:-

2598 1717 2889 1773 ΨΑΑΜΟΣ
2927 1718 3015 1789 τᾳ
3052 1718 3250 1771 sam
3291 1715 3395 1784 ιζ’.

2289 1812 2507 1882 ’ᾼσατε
2545 1809 2625 1876 τῷ
2663 1810 2858 1878 Κυρίῳ
2894 1803 3057 1880 ᾆσμα
3089 1808 3314 1873 καινὸν,
3349 1808 3436 1862 ὅτι
3475 1810 3793 1878 θαυμαστὰ

2217 1902 2483 1970 ἐποίησε.
2504 1902 2611 1956 Καὶ
2636 1894 2790 1966 οὗτος
2810 1903 2838 1955 ό
2856 1901 3066 1973 eum;
3087 1901 3184 1972 τὴν
3204 1900 3372 1972 αὐτὴν
3393 1900 3504 1971 ἔχει
3524 1900 3789 1955 διάνοιανο

2219 1994 2483 2066 ἑκατέραν
2504 1993 2613 2066 γὰρ
2643 1992 2739 2047 τοῦ
2770 1994 3017 2065 Σωτῆρος
3056 1992 3377 2062 ἐπιφάνειαν
3405 1991 3789 2062 προθεσπίζει,

2218 2086 2355 2140 ἀλλὰ
2379 2084 2448 2139 τά
2480 2086 2700 2139 πλείονα
2716 2087 2844 2158 περὶ
2860 2086 2957 2155 τῆς
2977 2083 3232 2157 δευτέρας
3255 2083 3520 2151 διέξεισιν.
3545 2085 3792 2149 Εἰκότως

2218 2177 2275 2231 δὲ
2302 2174 2452 2250 ᾆσμα
2475 2177 2655 2231 καινὸν
2675 2176 2884 2232 κελεύει
2911 2178 3290 2248 προσενεγκεῖν
3318 2175 3395 2246 τῷ
3414 2174 3535 2247 Θεῷ
3552 2191 3566 2204 ·
3600 2176 3790 2248 smmi]

2219 2269 2328 2324 τῶν
2358 2269 2646 2350 προτέρων.
2670 2268 3006 2339 πραγμάτων
3038 2266 3292 2339 κηρύττει
3327 2265 3650 2337 μεταϐολὴν.
3699 2267 3794 2320 xui.

2220 2359 2410 2432 καινὴν
2431 2359 2702 2413 πολιτείαν
2733 2357 3107 2431 προαγορεύει.
3124 2358 3406 2429 ’Υπερφυᾶ
3429 2357 3540 2427 γὰρ
3568 2360 3663 2411 καὶ
3684 2375 3794 2412 πα-

2225 2451 2420 2525 ράδοξα
2451 2451 2519 2506 τὰ
2552 2452 2656 2505 ὑπὸ
2683 2450 2774 2504 τοῦ
2807 2450 2941 2504 Θεοῦ
2976 2449 3082 2503 τῶν
3115 2449 3251 2503 ὅλων
3275 2449 3539 2519 γενόμενα
3572 2450 3667 2502 επὶ
3690 2467 3798 2502 σω.

2225 2547 2389 2618 τηρίᾳ
2409 2545 2673 2618 ἡμετέρα.
2689 2544 2747 2598 '0
2773 2543 2879 2617 γὰρ
2899 2544 3107 2616 Σωτὴρ,
3134 2544 3474 2615 ἐπιδημήσας
3499 2542 3580 2613 τῷ
3602 2543 3796 2613 κόσμῳ

2228 2637 2322 2691 καὶ
2349 2637 2527 2709 χάριτι
2548 2634 2682 2689 Θεοῦ
2704 2635 2844 2704 ὑπὲρ
2869 2633 3067 2698 παντὸς
3090 2634 3424 2705 γευσάμενος
3450 2633 3683 2688 θανάτου
3706 2634 3798 2686 ἐπὶ

2227 2725 2305 2796 τῷ
2337 2721 2465 2797 ᾇραι
2507 2726 2607 2797 τὴν
2644 2725 2914 2797 ἁμαρτίαν
2938 2723 3031 2778 τοῦ
3063 2725 3288 2796 κόσμου,
3323 2725 3400 2789 ὡς
3428 2724 3516 2779 διὰ
3535 2724 3647 2778 τῶν
3674 2727 3801 2778 ἑπο-

2234 2821 2408 2892 μένων
2436 2818 2801 2891 δηλωθήσεται
2832 2819 3050 2889 στίχων,
3076 2817 3183 2871 τῶν
3217 2818 3466 2888 μεγάλων
3501 2819 3595 2872 καὶ
3626 2819 3800 2890 ἀπορ-

2234 2911 2410 2981 ρήτων
2436 2910 2584 2982 ἡμᾶς
2617 2907 2916 2980 κατηξίωσε
2965 2907 3537 2981 μυστηρίων.Ἕσωσε
3564 2908 3731 2975 αὐτῷ
3758 2909 3798 2977 ή

2234 2999 2405 3067 δεξιὰ
2440 3001 2650 3067 αὐτοῦ,
2678 3000 2775 3055 καί
2806 3003 2839 3054 ό
2866 3000 3137 3069 ,ϐραχίων
3158 3002 3192 3053 ὀ
3214 2998 3379 3069 ἅγιος
3405 2998 3615 3055 αὑτοῦ.
3634 3000 3803 3067 Aegii

2230 3094 2323 3147 καὶ
2352 3092 2590 3165 βραχίων
2615 3092 2749 3147 Θεοῦ
2770 3092 2858 3146 διὰ
2880 3078 3137 3147 πλειόνων
3157 3092 3529 3147 ἀποδέδεικται
3556 3093 3586 3146 ό
3608 3093 3805 3166 ﬁeri“)

2231 3182 2365 3243 εἶναι
2386 3185 2523 3241 κατά
2540 3186 2633 3240 τοῦ
2655 3189 2754 3259 τῆς
2784 3186 2961 3252 δεξιᾶς
2986 3187 3080 3239 καὶ
3106 3185 3197 3239 τοῦ
3220 3185 3500 3257 βραχίονος
3522 3185 3799 3256 κειμένου.

2231 3276 2400 3343 Σώζει
2435 3272 2528 3332 οὖν
2554 3276 2700 3347 αὐτῷ
2731 3276 2808 3347 τῷ
2839 3276 3013 3348 Θεῴη
3044 3274 3194 3340 δεξιὰ
3219 3274 3383 3329 αὑτοῦ
3424 3276 3554 3339 τοὺς
3581 3276 3663 3339 είς
3696 3292 3804 3346 μα-

2232 3369 2532 3443 καριότητα
2562 3369 2849 3439 ὴρμένους.
2883 3369 2957 3422 Οὐ
2991 3366 3100 3439 γάρ
3130 3367 3237 3431 πᾶς
3266 3366 3570 3437 σωζόμενος
3611 3366 3802 3437 Κυρίῳ

2233 3460 2311 3531 τῷ
2353 3458 2473 3531 Θεῷ
2519 3457 2776 3524 σώζεται·
2809 3458 2943 3512 ἀλλὰ
2972 3460 3130 3528 μόνος
3161 3457 3257 3510 καὶ
3300 3458 3408 3520 πᾶς
3431 3458 3461 3509 ό
3488 3456 3671 3510 κακῶν
3704 3458 3803 3511 καὶ

2233 3550 2421 3606 παθῶν
2446 3550 2584 3605 κατὰ
2603 3550 2695 3605 τὸν
2725 3549 2882 3620 ὀρθὸν
2904 3549 3060 3618 λόγον
3082 3548 3563 3620 ἀπαλλαττόμενος,
3586 3548 3679 3602 καὶ
3697 3548 3801 3620 τὴν

2232 3644 2330 3716 τῆς
2352 3642 2605 3715 ἀληθείας
2631 3643 2828 3711 γνῶσιν
2851 3644 2964 3713 μετ’
2987 3642 3261 3707 εὐσεϐείας
3280 3641 3588 3713 ἀνειληφώς.
3607 3642 3662 3695 '0
3680 3640 3800 3712 γὰρ

2235 3739 2300 3791 ὲκ
2321 3736 2489 3791 νόσων
2515 3736 2608 3791 καὶ
2632 3737 2957 3807 τραυμάτων
2987 3735 3177 3800 σωθεὶς
3207 3735 3268 3789 οὐ
3302 3735 3510 3798 πάντως
3540 3733 3657 3803 Θεῷ
3683 3731 3800 3786 σῶ-

2236 3827 2407 3893 ζεται,
2432 3828 2662 3900 μάλιστα
2683 3829 2773 3881 ὅτε
2800 3829 2899 3882 οὐκ
2928 3828 3293 3898 ὲπίσταταιὲκ
3312 3827 3446 3882 Θεοῦ
3467 3826 3562 3899 τὴν
3587 3826 3806 3895 ὑγίειαν

2236 3921 2384 3993 αὐτῷ
2421 3920 2874 3991 δεδόσθαι.”Αγιος
2903 3923 2958 3977 δὲ
2995 3924 3023 3977 ό
3056 3921 3291 3996 βραχίων
3328 3921 3422 3975 τοῦ
3455 3920 3591 3975 Θεοῦ
3629 3921 3807 3985 ἔστιν,

2235 4015 2298 4068 οὐ
2350 4012 2488 4069 κατὰ
2531 4013 2758 4086 μετοχὴν
2808 4015 3090 4087 ἁγιότητος
3140 4014 3441 4086 τυγχάνων,
3491 4014 3608 4069 ἀλλ’
3650 4014 3808 4083 ἁγίου

2238 4105 2551 4177 Πνεύματος
2578 4105 2653 4159 ὢν
2688 4104 2945 4178 βραχίων.
2971 4106 3083 4161 Καὶ
3110 4106 3252 4177 τάχα
3279 4105 3425 4171 δεξιά
3456 4106 3555 4177 μὲν
3586 4108 3623 4176 ἡ
3657 4108 3812 4179 ἐνερ-

2237 4198 2437 4269 γητικὴ
2483 4197 2575 4252 τοῦ
2617 4197 2752 4252 Θεοῦ
2793 4198 3037 4270 δύναμις,
3066 4199 3168 4254 οὐκ
3189 4198 3322 4269 άλλη
3344 4199 3437 4252 τοῦ
3468 4197 3608 4253 Θεοῦ
3632 4200 3809 4269 Λόγου

2239 4293 2600 4363 τυγχάνουσα,
2623 4290 2886 4355 καλεῖται,
2906 4290 2993 4345 διὰ
3011 4291 3073 4344 τὸ
3089 4290 3302 4357 δεξιῶς,
3317 4291 3596 4344 τουτέστιν
3614 4292 3810 4361 ἁγίως,

568 4401 831 4461 vocatur;
882 4392 1014 4465 quia
1050 4388 1292 4451 dextere,
1335 4385 1390 4441 id
1433 4391 1538 4447 est,
1585 4390 1796 4445 satiate,
1840 4379 2130 4451 sapienter,

2241 4383 2438 4452 σοφῶς,
2465 4382 2787 4454 ἀμέμπτως,
2809 4381 3107 4446 ὲπαινετῶς
3133 4382 3310 4438 πάντα
3331 4385 3505 4436 ποιεῖν
3524 4400 3538 4414 ο
3572 4383 3814 4456 βραχίων

571 4485 870 4555 inculpate,
923 4479 1275 4538 laudabiliter
1345 4474 1529 4531 omnia
1598 4472 1791 4539 eliicit;
1850 4469 2139 4526 brachium

572 4594 702 4634 vero
744 4578 816 4632 ob
853 4572 1233 4631 fortitudinem
1281 4569 1564 4624 acrobur
1604 4564 2138 4638 praestantissimum.

647 4668 812 4724 Vens.
833 4668 890 4733 2,
918 4668 972 4723 '5.
1011 4663 1214 4719 Notum
1244 4663 1366 4734 {erit
1402 4660 1653 4715 Dominus
1684 4658 1935 4713 Salutare
1962 4672 2137 4721 suum,

574 4762 630 4817 in
657 4769 936 4830 conspectu
981 4758 1212 4829 gentium
1252 4753 1494 4810 reuelauit
1516 4752 1788 4822 justitiam
1834 4766 2007 4804 suam.
2043 4748 2141 4802 Re-

575 4853 825 4908 eordatus
871 4858 950 4906 est
1002 4846 1381 4904 misericordia:
1423 4860 1532 4899 sua:
1567 4841 1770 4905 Iacob,
1818 4851 1867 4895 et
1907 4840 2140 4894 veritatis

577 4962 688 5001 sure
733 4944 914 4998 domui
962 4941 1155 4997 Israel.
1201 4939 1457 4995 Viderunt
1505 4951 1683 4992 omnes
1729 4932 1939 4991 termini
1987 4940 2142 4985 terra:

578 5035 827 5093 Salutare
858 5035 953 5090 Dei
985 5034 1174 5089 nostri.
1207 5031 1347 5088 Olim
1398 5029 1710 5085 Abrahamo
1752 5024 2044 5096 pollicitus,
2086 5023 2143 5077 in

579 5129 786 5185 semine
813 5127 988 5198 ipsius
1011 5124 1410 5182 benedicendas
1424 5137 1553 5178 esse
1572 5134 1765 5177 omnes
1786 5124 1998 5189 gentes,
2023 5130 2143 5171 ver-

578 5223 772 5279 borum
807 5218 1092 5275 veritatem
1120 5232 1216 5288 per
1246 5230 1427 5271 rerum
1471 5220 1726 5269 eventum
1751 5209 2096 5266 conﬁrmavit
2124 5227 2139 5265 :

578 5325 634 5371 et
662 5310 1119 5374 misericordiam,
1161 5322 1327 5379 quam
1359 5322 1419 5364 se
1447 5306 1822 5363 exhibiturum
1862 5319 1988 5363 esse
2017 5319 2143 5359 cum

579 5410 889 5480 iuramento
919 5400 1192 5475 promisit,
1222 5400 1290 5455 ad
1315 5414 1430 5455 rem
1456 5398 1746 5455 deductam
1780 5413 1903 5453 esse
1925 5397 2147 5452 demon-

581 5500 795 5555 stravit.
829 5496 954 5551 Hiec
987 5508 1149 5567 porro
1180 5494 1412 5548 multum
1442 5490 1622 5546 aliinia
1660 5489 1918 5545 videntur
1952 5486 2145 5543 vatici—

582 5591 690 5643 niis
712 5590 882 5651 Isaim,
909 5602 1005 5657 per
1035 5600 1196 5656 quem
1233 5581 1391 5637 Pater
1423 5581 1710 5653 Unigenito
1738 5595 1838 5635 suo
1861 5579 1935 5633 ait
1965 5596 1976 5631 :
2011 5576 2147 5631 Dedi

584 5689 632 5732 te
661 5680 713 5731 in
746 5688 1109 5732 testamentum
1153 5674 1377 5746 generis,
1410 5674 1462 5727 in
1505 5672 1662 5728 lucem
1687 5672 1944 5744 gentium,
1980 5680 2034 5724 ut
2070 5670 2145 5724 sis

2235 4475 2294 4530 δὲ
2320 4476 2412 4530 διὰ
2442 4475 2502 4529 τὸ
2532 4474 2749 4548 ίσχυρδν
2777 4475 2872 4529 καὶ
2903 4475 3239 4547 ὑπερϐάλλον
3263 4478 3329 4548 τῇ
3361 4476 3742 4548 κραταιότητι.

2321 4651 2639 4722 Ἐγνώρισε
2660 4651 2874 4720 Κύριος
2900 4650 2966 4705 τὸ
2988 4648 3285 4720 Σωτήριον
3302 4650 3509 4715 αὑτοῦ,
3532 4650 3818 4705 ἐναντίον

2235 4744 2356 4800 τῶν
2394 4742 2585 4799 ἐθνῶν
2627 4741 2980 4812 ἀπεκάλυψε
3021 4742 3135 4811 τὴν
3161 4741 3559 4809 δικαιοσύνην
3601 4744 3812 4799 αὑτοῦ.

2253 4837 2549 4907 Ἐμνήσθη
2574 4835 2678 4889 τοῦ
2700 4835 2912 4900 ἐλέους
2951 4834 3137 4890 αὑτοῦ
3174 4835 3256 4899 τῷ
3296 4835 3520 4900 Ἰακὼϐ,
3553 4836 3657 4891 καὶ
3706 4836 3817 4905 τῆς

2238 4931 2523 4998 ἀληθείας
2542 4929 2728 4986 αὐτοῦ
2762 4927 2843 4995 τῷ
2863 4929 3007 4996 aliter
3037 4926 3302 4996 Ἰσραήλ.
3328 4927 3600 4984 Εἵδοσαν
3619 4929 3816 4983 πάντα

2238 5023 2312 5077 τὰ
2348 5021 2571 5093 πέρατα
2609 5021 2721 5091 τῆς
2761 5020 2874 5092 m'c
2906 5020 2973 5074 τὸ
2999 5018 3295 5089 Σωτήρων
3316 5019 3423 5074 τοῦ
3450 5020 3603 5074 Θεοῦ
3626 5019 3815 5089 ἡμῶν.

2244 5116 2417 5171 Πάλαι
2442 5116 2532 5169 τὸν
2548 5114 2793 5186 Ἀϐραὰμ
2812 5116 2870 5167 ὲν
2882 5111 2962 5184 τῷ
2981 5112 3251 5184 σπέρματι
3270 5112 3434 5165 αὐτοῦ
3457 5110 3820 5182 ὲνευλογηθῆ-

2241 5226 2327 5264 ναι
2357 5208 2427 5262 τὰ
2455 5207 2581 5279 ἔθνη
2614 5204 3093 5276 ἐπαγγειλάμενος,
3113 5203 3212 5275 τὴν
3238 5202 3345 5258 τῶν
3362 5203 3536 5271 λόγων
3554 5201 3817 5273 ἀλήθειαν

2240 5297 2329 5352 διὰ
2353 5298 2453 5370 τῆς
2471 5296 2578 5351 τῶν
2599 5294 2938 5369 πραγμάτων
2966 5294 3241 5358 ἐκϐάσεως
3269 5286 3608 5348 ἐπιστώσατο
3626 5312 3640 5325 ·
3671 5295 3771 5347 καὶ
3789 5293 3820 5346 δ

2241 5387 2481 5461 δι’όρκου
2501 5384 2862 5457 ἐπηγγείλατο
2880 5384 3135 5457 παρέξειν
3150 5384 3319 5449 ἔλεος,
3333 5382 3494 5438 ⁴τοῦτο
3512 5382 3717 5449 ἔδειξεν
3737 5386 3818 5447 si;

2246 5484 2402 5556 ἔργον
2427 5481 2612 5538 ἑκϐάν.
2644 5479 2854 5553 Κομιδῆ
2884 5478 2941 5533 δὲ
2970 5477 3140 5534 ταῦτα
3161 5478 3313 5532 ἔοικε
3342 5481 3455 5542 τοῖς
3479 5478 3702 5531 Ἡσαΐου
3733 5475 3821 5530 θε-

2250 5577 2534 5648 σπίσμασι,
2565 5573 2631 5626 δι’
2659 5566 2720 5626 οὗ
2767 5573 2795 5625 ό
2839 5570 3024 5643 Πατὴρ
3054 5570 3157 5640 ἔφη
3202 5570 3335 5640 πρὸς
3372 5568 3462 5621 τὸν
3493 5567 3778 5638 Μονογενῆ
3803 5584 3818 5595 ο

2254 5665 2476 5722 Ἕδωκά
2496 5682 2568 5721 σε
2594 5667 2680 5731 εις
2694 5661 2987 5733 διαθήκην
3000 5660 3231 5733 γένοι’ς,
3250 5663 3335 5727 είς
3353 5658 3478 5729 φῶς
3492 5657 3823 5723 Mra?er
