4044 6212
292 354 426 413 1253

1417 352 1923 415 COMMENTARIA
1959 353 2025 411 IN
2063 355 2399 413 rsuuos.

3389 358 3528 415 ιειι

284 472 441 529 εἷναί
457 491 530 529 σε
544 477 629 543 εἰς
647 477 949 546 σωτηρίαν
967 478 1077 547 ἕως
1090 478 1353 552 ἐσχάτου
1369 477 1479 546 τῆς
1492 476 1624 548 τῆς.
1642 475 1863 548 Ἐπειδὴ

1963 475 2017 529 in
2048 475 2273 531 salutem
2322 491 2482 547 usque
2524 474 2593 529 ad
2632 476 2877 530 ultimum
2921 473 3152 530 terrm”.
3199 471 3335 540 Quia
3381 477 3525 529 enim

286 564 397 638 γὰρ
428 569 541 632 τοῖς
578 565 899 639 θαυμασίοις
930 570 1292 644 πατριάρχαις
1338 569 1434 623 καὶ
1464 567 1542 640 τῷ
1571 566 1732 621 Δαυῒδ
1760 567 1862 621 ὐπ-

286 656 479 729 ἐσχετο
503 658 654 727 όξτῶν
683 658 817 714 ὅλων
832 660 964 726 Θεὸς
984 662 1049 716 ἐκ
1067 663 1162 718 τοῦ
1186 661 1497 734 σπέρματος
1523 656 1700 713 αὐτῶν
1721 656 1861 711 κατὰ

292 750 472 823 σάρκα
500 751 590 805 τὸν
621 752 853 826 Χριστὸν
879 753 1219 827 ἀναστήσειν,
1253 755 1348 809 καὶ
1376 751 1647 824 σωτηρίαν
1674 750 1740 804 δι’
1762 750 1861 805 αὐ·-

285 841 382 895 τοῦ
416 845 579 896 πᾶσιν
598 842 902 915 ἀνθρώποις
922 845 1197 917 παρέξειν,
1218 843 1483 917 διαθήκην
1507 841 1734 897 ἐκάλεσε
1762 839 1862 912 τὴν

288 931 425 1004 πρὸς
455 931 582 995 τοὺς
613 931 855 1003 πατέρας
881 933 1178 1007 γενομένην
1214 932 1563 1003 ἐπαγγελίαν.
1609 930 1770 996 Γένος
1805 929 1863 983 δὲ

288 1023 454 1077 αὐτοῦ
503 1024 596 1078 τδν
640 1026 856 1098 Ἰσραὴλ
907 1026 1205 1100 κέκληκεν’
1251 1024 1438 1097 ἐπειδὴ
1472 1021 1546 1092 ’ἐξ
1594 1023 1862 1078 Ἰουδαίων

288 1115 431 1170 κατὰ
463 1116 640 1189 σάρκα
671 1117 923 1191 Χριστός.
956 1117 1173 1173 Δέδωκά
1200 1135 1260 1172 σε
1286 1117 1466 1172 τοίνυν
1491 1117 1570 1177 είς
1601 1115 1861 1187 διαθήκην

288 1203 499 1274 γένους,
516 1205 964 1271 τουτέστιν,ὥστε
989 1207 1272 1281 πληρῶσαι
1294 1206 1393 1271 τὰς
1412 1206 1548 1278 πρὸς
1580 1204 1862 1269 Ἰουδαίους

290 1292 662 1367 γεγενημένας
696 1295 995 1367 συνθήκαςο
1028 1297 1144 1352 ἀλλ’
1171 1298 1251 1362 είς
1302 1297 1419 1368 φῶς
1465 1296 1566 1350 οὐκ
1610 1295 1689 1350 ἐτι
1734 1297 1863 1350 Ἰου-

292 1385 479 1452 δαίων,
512 1386 626 1441 ἀλλ’
659 1386 860 1442 ἐθνῶν·
896 1378 1044 1442 οὗτοι
1074 1388 1185 1461 γὰρ
1230 1387 1319 1442 διὰ
1367 1386 1469 1459 τῆς
1499 1387 1732 1452 πίστεως
1761 1386 1862 1458 τῆς

292 1480 565 1554 σωτηρίας
607 1479 927 1552 μετέλαχον·
963 1481 1158 1534 ἐκεῖνοι
1196 1479 1253 1534 δέ
1297 1479 1388 1534 τδν
1416 1477 1578 1550 ζόφον
1599 1477 1702 1550 τῆς
1729 1479 1860 1533 άπι-

293 1572 447 1635 στίας
500 1570 813 1643 ἠγάπησαν.
839 1571 1008 1625 Τοῦτο
1060 1571 1154 1625 καλ¹
1213 1570 1446 1626 ἐνταῦθα
1507 1569 1610 1643 ἔφη
1660 1571 1823 1625 Δαυτδ
1842 1587 1855 1602 ·

299 1662 608 1734 Ἐμνήσθη
630 1664 736 1718 τοῦ
767 1663 978 1731 ἐλέους
1003 1665 1192 1719 αὑτοῦ
1215 1663 1295 1731 τῷ
1334 1663 1553 1730 Ἰακὼϐ,
1592 1665 1758 1736 ήγουν
1781 1662 1857 1735 τῷ

300 1753 533 1827 Ἰσραὴλ,
587 1754 832 1808 τουτέστι
876 1753 975 1819 τὰς
1022 1755 1161 1828 πρὸς
1209 1754 1448 1819 ἐκείνους
1489 1753 1861 1826 γεγενημένας

288 1845 618 1915 ἐπαγγελίας
653 1845 958 1919 ἐπλήρωσε,
992 1846 1087 1900 καὶ
1131 1848 1210 1910 εἰς
1236 1845 1395 1919 ἔργον
1421 1846 1595 1919 ήγαγε
1621 1864 1635 1878 ·
1660 1845 1748 1900 διὸ
1777 1846 1855 1899 ετ·
1887 1828 1930 1888 Β

290 1934 483 1989 δοσαν
503 1936 699 1992 πάντα
714 1937 787 1993 τὰ
803 1936 1025 2006 πέρατα
1058 1935 1166 2005 τῆς
1187 1935 1299 2008 γῆς
1320 1937 1388 1991 τὸ
1415 1937 1717 2006 Σωτήρων
1751 1936 1856 1991 τοῦ

292 2028 441 2082 Θεοῦ
461 2027 646 2098 ἡμῶν.
664 2029 1037 2102 Κηρυχθέντος
1052 2027 1161 2101 γὰρ
1178 2028 1272 2082 τοῦ
1283 2028 1609 2100 Εύαγγελίου
1626 2030 1684 2082 ἐν
1707 2028 1859 2102 πάσῃ

284 2121 351 2191 τῇ
377 2119 468 2173 ὑπ’
480 2119 709 2192 οὐρανὸν
730 2121 825 2174 καὶ
842 2121 900 2173 ἐν
918 2118 1064 2191 πάσῃ
1076 2122 1141 2191 τῇ
1157 2119 1446 2193 οἰκουμένῃ
1462 2121 1540 2183 είς
1564 2118 1858 2192 μαρτύριον

286 2214 421 2267 πᾶσι
453 2216 565 2278 τοῖς
595 2213 792 2278 ἔθνεσι,
826 2215 967 2269 κατὰ
992 2216 1093 2287 τὴν
1123 2214 1357 2288 Χριστοῦ
1390 2212 1760 2285 χρησμῳδίαν,
1780 2207 1858 2265 εἶ-

283 2306 373 2360 δον
401 2306 576 2362 πάντα
597 2306 663 2361 τὰ
689 2306 901 2381 πέρατα
930 2308 1031 2379 τῆς
1061 2310 1164 2380 γῆς
1194 2305 1450 2379 Χριστὸν,
1483 2304 1544 2359 τὸ
1584 2305 1859 2375 Σωτήριον

288 2397 381 2451 τοῦ
412 2396 571 2452 Θεοῦ.

367 2510 728 2575 Ἀλαλὰξατε
773 2510 853 2577 τῷ
900 2509 1043 2578 Θεῷ,
1075 2509 1247 2589 πᾶσα
1286 2510 1327 2580 ἠ
1380 2507 1480 2580 γῆ,
1509 2506 1717 2576 ᾆσατε,
1760 2505 1860 2560 καί

283 2600 655 2671 ἀγαλλιᾶσθε
685 2604 781 2658 καὶ
813 2602 1065 2672 ψάλατε.
1096 2601 1335 2657 Ψάλατε
1357 2600 1439 2669 τῷ
1460 2601 1653 2670 Κυρίῳ
1675 2601 1746 2654 ἐν
1771 2618 1859 2654 κι-

285 2691 456 2762 θάρᾳ,
481 2693 550 2748 ἐν
576 2693 787 2764 κιθάρᾳ
832 2694 931 2748 καὶ
968 2693 1137 2764 φωνῇ
1155 2692 1422 2764 ψαλμοῦ,
1445 2693 1516 2747 ἐν
1534 2691 1861 2763 σάλπιγξιν

286 2785 545 2853 ἐλαταῖς,
578 2786 676 2841 καὶ
714 2785 884 2856 φωνῇ
921 2786 1258 2858 σάλπιγγος
1278 2785 1609 2856 κερατίνης.
1628 2785 1861 2841 Ἀλαλά-

287 2877 427 2942 Εατε
457 2876 712 2933 ἐνώπιον
745 2879 852 2935 τοῦ
875 2879 1183 2946 ,ϐασιλέως
1203 2879 1445 2947 Κυρίου,
1474 2879 1568 2932 καὶ
1607 2878 1676 2933 τά
1709 2878 1855 2950 ἑξῆς.

286 2967 445 3021 Κατὰ
471 2967 566 3039 μὲν
601 2968 661 3022 τὸ
695 2969 873 3040 ῥητὸν,
903 2968 1193 3039 συνάψατε,
1220 2968 1374 3040 φησὶ,
1404 2971 1513 3031 τοῖς
1547 2967 1735 3040 ὕμνοις
1766 2966 1860 3023 καὶ

285 3055 493 3127 ὄργανα
522 3058 774 3130 ψαλμικά
792 3076 806 3091 '
838 3062 977 3114 κατὰ
1007 3060 1064 3113 δὲ
1091 3060 1401 3131 ἀναγωγὴν,
1420 3058 1620 3130 κιθάρα
1651 3062 1684 3132 ή
1717 3077 1860 3132 πραο

287 3150 482 3219 κτική·
529 3150 680 3222 φωνὴ
728 3151 785 3205 δὲ
814 3150 1028 3224 ψαλμοῦ
1077 3155 1110 3224 ἡ
1164 3151 1384 3224 θεωρία.
1417 3149 1684 3216 Δοξὰσατε
1748 3147 1854 3219 δῦν,
1884 3177 1926 3234 C

288 3241 441 3311 φησὶ,
470 3241 559 3295 τὸν
585 3242 788 3314 Κύριον
814 3242 903 3297 διὰ
932 3244 1182 3316 πράξεως
1215 3245 1310 3298 καὶ
1331 3244 1582 3316 θεωρίας,
1610 3244 1859 3316 καὶπρὸς

286 3333 377 3389 τὸν
400 3333 612 3406 ψαλμὸν
640 3336 731 3391 τὸν
759 3337 848 3391 διὰ
884 3336 979 3391 τοῦ
1016 3339 1248 3411 ὀργάνου
1276 3337 1662 3411 πληττόμενον,
1695 3339 1860 3409 ἤγουν

286 3426 388 3490 τὰς
410 3426 496 3480 διὰ
527 3425 620 3482 τοῦ
654 3426 899 3500 σώματος
932 3429 1207 3500 ἐνεργείας
1234 3429 1333 3494 τὰς
1362 3429 1483 3483 κατ’
1510 3429 1732 3502 ἀρετὴν,
1768 3431 1863 3484 καὶ

290 3518 439 3588 φωνή
472 3534 552 3593 τις
585 3518 757 3588 ᾀδέτω
779 3521 812 3591 ή
838 3522 965 3592 περὶ
998 3519 1103 3574 τῶν
1132 3520 1418 3593 πρακτέων
1444 3519 1674 3593 θεωρία’
1707 3522 1862 3579 κιθά-

291 3625 390 3679 ραν
554 3587 651 3681 τήν
679 3610 773 3663 τοῦ
801 3587 1053 3682 σώματος
1087 3587 1222 3684 πρός
1254 3611 1350 3684 τὴν
1378 3587 1567 3683 ψυχὴν,
1598 3614 1860 3686 ἁρμονίαν

289 3698 456 3767 λέγει.
487 3700 595 3755 Καὶ
627 3701 812 3755 τοῦτον
842 3702 899 3755 δέ
931 3703 1020 3759 τὸν
1053 3703 1215 3775 νόμον
1248 3703 1396 3759 ἐστιν
1434 3706 1563 3761 ἰδεῖν
1575 3705 1862 3774 ’διηνεκῶς

290 3790 349 3843 ἐν
379 3792 499 3855 ταῖς
522 3792 834 3863 ἐκκλησίαις
860 3792 1232 3866 πληρούμενον
1252 3810 1265 3823 ·
1290 3796 1357 3867 τῇ
1377 3795 1488 3867 γὰρ
1515 3799 1858 3868 πνευματικῇ

292 3882 492 3956 κιθάρα
518 3884 617 3954 τὴν
655 3884 801 3940 θείαν
832 3886 1246 3958 ἀνακρουόμεθα
1277 3888 1561 3960 μελῳδίαν.
1592 3890 1862 3961 Ποιοῦμεν

289 3973 348 4028 δὲ
380 3975 474 4029 καὶ
508 3977 668 4045 ἡμεῖς
696 3975 918 4046 λογικάς
941 3979 1174 4050 κιθάρας
1211 3980 1281 4034 τά
1318 3980 1562 4053 ⁴ἡμέτερα
1595 3980 1865 4054 στόματα,

291 4067 388 4131 καὶ
418 4066 677 4138 χρώμεθα
708 4069 826 4123 ἀντὶ
860 4071 959 4143 μὲν
997 4072 1201 4146 χορδῶν
1237 4075 1350 4138 τοῖς
1387 4073 1617 4141 ὀδοῦσιν,
1650 4075 1771 4129 ἀντὶ
1802 4075 1860 4129 δὲ

294 4158 496 4230 χαλκοῦ
529 4161 639 4224 τοῖς
659 4159 860 4231 χείλεσι
881 4181 895 4194 ·
930 4164 1207 4237 πλήκτρου
1233 4164 1289 4217 δὲ
1325 4164 1524 4229 παντὸς
1562 4166 1596 4237 ή
1641 4166 1859 4235 γλῶσσα

293 4248 546 4323 ὀξύτερον
594 4252 903 4325 κινουμένη,
952 4255 1049 4327 τὴν
1093 4258 1408 4329 ἐναρμόνιον
1457 4258 1711 4313 ἀποτελεῖ
1752 4258 1860 4312 τῶν

293 4339 650 4411 κρουσμάτων
681 4343 825 4414 ήχήν
844 4362 856 4374 ·
880 4348 1017 4398 κινεῖ
1037 4346 1093 4399 δὲ
1124 4346 1219 4418 τὴν
1244 4347 1492 4415 γλῶτταν.
1519 4350 1548 4401 ό
1578 4347 1721 4413 νοῦς,
1750 4344 1859 4403 οἶόν

290 4448 376 4494 τις
411 4432 663 4502 μουσικὸς
698 4436 815 4506 μετ’
844 4436 1153 4510 ἐπιστήμης
1192 4441 1508 4511 ποιούμενος
1535 4439 1633 4511 τὴν
1657 4440 1860 4511 ταύτης

1962 565 2300 623 admirandis
2327 566 2437 624 illis
2470 567 2796 639 patriarehis
2835 574 2887 623 et
2931 565 3115 622 Davidi
3149 566 3526 621 universorum

1961 654 2107 712 Deus
2137 657 2482 730 promiserat,
2505 673 2566 716 se
2588 674 2653 716 ex
2679 661 2887 715 semine
2915 673 3104 715 eorum
3135 656 3410 714 Christum
3441 673 3529 714 se-

1962 748 2201 803 cundum
2229 763 2453 805 carnem
2481 750 2868 819 excitaturum,
2900 764 2965 806 ac
2994 765 3091 822 per
3117 749 3268 805 illum
3296 750 3525 806 salutem

1961 836 2217 893 omnibus
2248 837 2567 896 hominibus
2599 839 2856 895 daturum
2889 855 3045 908 esse;
3075 839 3388 911 huiusmodi
3412 841 3529 912 pol-

1960 925 2316 983 licitationem
2349 929 2598 1000 patribus
2624 929 2829 995 datam,
2868 938 3254 987 testamentum
3289 934 3523 988 vocavit.

1963 1016 2138 1089 Ipsius
2167 1029 2347 1075 autem
2373 1036 2544 1091 genus
2573 1022 2826 1078 lsraelem
2848 1023 3097 1090 vocavit;
3125 1023 3253 1094 quia
3275 1020 3526 1080 Christus

1961 1110 2262 1167 secundum
2290 1126 2509 1169 carnem
2549 1129 2615 1170 ex
2645 1113 2848 1171 Iudaeis
2885 1122 2990 1171 est.
3027 1113 3156 1170 Dedi
3187 1124 3238 1170 te
3271 1115 3434 1186 igitur
3471 1116 3526 1171 in

1960 1210 2347 1259 testamentum
2381 1204 2632 1276 generis;
2665 1204 2717 1261 id
2760 1213 2867 1272 est,
2904 1214 2963 1262 ut
2989 1216 3145 1278 pacta
3174 1223 3297 1261 cum
3324 1205 3528 1264 .Indzeis

1960 1292 2094 1346 inita
2128 1292 2491 1365 impleantur;
2523 1295 2616 1351 sed
2651 1296 2705 1351 in
2750 1298 2922 1352 lucem
2954 1296 3077 1352 dedi
3118 1304 3191 1364 te,
3231 1313 3339 1353 non
3386 1298 3528 1353 ultra

1957 1384 2180 1454 Iudaeis,
2214 1385 2309 1443 sed
2352 1388 2604 1460 gentibus
2626 1429 2642 1455 ,
2679 1404 2775 1459 per
2810 1389 2970 1446 ﬁdem
2999 1389 3146 1463 enim
3181 1392 3263 1446 liae
3294 1391 3526 1446 salutem

1958 1482 2134 1531 nacta:
2162 1484 2325 1533 sunt:
2357 1478 2435 1533 illi
2464 1493 2593 1536 vero
2626 1479 2962 1537 inﬁdelitatis
3005 1482 3292 1552 caliginem
3319 1482 3524 1539 dilexe-

1959 1574 2107 1622 runt.
2140 1563 2198 1621 ld
2230 1567 2305 1621 ait
2337 1569 2440 1637 hoc
2482 1570 2605 1625 loco
2640 1568 2807 1627 David
2843 1587 2856 1623 :
2898 1571 3217 1627 Rccordattts
3250 1584 3326 1628 est
3373 1576 3526 1629 mise-

1957 1659 2205 1715 ricordia:
2229 1676 2341 1716 sua:
2384 1659 2585 1726 Jacob,
2631 1663 2841 1720 scilicet
2868 1664 3079 1733 lsraeli,
3130 1667 3183 1722 id
3222 1678 3334 1733 est,
3368 1669 3527 1725 datas

1961 1749 2097 1820 ipsis
2133 1751 2526 1821 promissiones
2573 1754 2840 1827 implevit,
2879 1766 2935 1813 et
2983 1758 3051 1812 ad
3094 1774 3219 1814 rem.
3257 1759 3522 1816 deduxit:

1958 1856 2127 1911 quare
2162 1842 2402 1899 viderunt
2446 1861 2623 1901 omnes
2663 1848 2873 1903 termini
2931 1859 3084 1905 terra:
3121 1849 3379 1907 Salutare
3433 1853 3529 1908 Dei

1957 1935 2144 2018 nostri.
2176 1934 2471 2008 Evangelio
2507 1939 2652 1993 enim
2696 1941 2751 1994 in
2800 1943 2949 1998 omni
2998 1952 3167 2012 terra,
3223 1947 3526 2003 secundum

1955 2023 2158 2081 Christi
2196 2027 2535 2093 vaticinium,
2563 2038 2617 2086 et
2639 2030 2694 2085 in
2729 2032 2987 2089 universo
3015 2044 3282 2091 terrarum
3309 2038 3441 2094 orbe
3471 2038 3527 2093 in

1957 2119 2330 2177 testimonium
2361 2123 2620 2181 omnibus
2648 2126 2901 2195 gentibus
2931 2129 3245 2199 prmdieato,
3273 2131 3529 2188 viderunt

1957 2225 2150 2268 omnes
2189 2210 2324 2269 lines
2356 2219 2517 2269 terra
2545 2212 2850 2282 Christum,
2885 2215 3136 2274 Salutare
3165 2217 3282 2275 Dei.

2031 2500 2197 2559 Vnus.
2232 2500 2341 2557 4—6.
2385 2500 2622 2557 Jubilate
2653 2500 2779 2565 Deo,
2819 2504 2993 2555 omnis
3031 2511 3197 2567 terra,
3242 2513 3453 2560 cantate
3476 2514 3528 2562 et

1958 2594 2225 2649 ersultate
2257 2604 2303 2648 et
2331 2594 2566 2663 psallite.
2603 2592 2829 2648 Psallite
2863 2591 3087 2649 Domino
3130 2594 3187 2648 in
3212 2595 3440 2662 cithara,
3470 2598 3529 2654 in

1959 2686 2165 2741 cithara
2190 2696 2238 2741 et
2273 2703 2390 2741 voce
2437 2686 2664 2756 psalmi,
2707 2686 2762 2739 in
2797 2684 2933 2739 tubis
2973 2684 3285 2753 ductilibus,
3329 2698 3379 2743 et
3408 2704 3530 2745 voce

1960 2779 2097 2834 tubae
2146 2796 2368 2836 cornea.
2403 2778 2642 2834 Jubilate
2689 2780 2745 2832 in
2784 2789 3061 2833 consoectu
3114 2781 3248 2851 regis
3296 2779 3526 2851 Domini,

1957 2880 2011 2929 et
2025 2872 2337 2931 cmtera.Ad
2362 2874 2579 2929 verbum
2604 2870 2847 2943 quidem,
2875 2858 3108 2944 hymnis,
3125 2876 3223 2938 ait,
3250 2873 3538 2945 adjungite

1957 2973 2010 3021 et
2042 2965 2403 3021 instrumenta
2423 2966 2707 3037 psalmica.
2733 2963 3043 3022 Secundum
3062 2968 3413 3038 anagogicum
3432 2983 3529 3021 au-

1957 3065 2066 3110 tem
2115 3056 2513 3128 interpretandi
2572 3058 2817 3124 modum,
2865 3057 3076 3113 cithara
3122 3066 3206 3113 est
3244 3059 3537 3129 praeﬁca;-

1959 3165 2060 3204 νος
2092 3164 2224 3205 vero
2253 3147 2472 3220 psalmi,
2492 3148 2727 3206 theoria.
2752 3148 2982 3206 Domino
3012 3150 3220 3230 itaque,
3242 3151 3339 3216 ait,
3372 3153 3528 3223 praxi

1960 3249 2013 3297 et
2043 3242 2251 3297 theoria
2275 3241 2490 3297 laudem
2507 3242 2672 3298 dicite
2706 3261 2719 3297 :
2747 3250 2800 3298 et
2816 3251 3010 3313 praeter
3033 3242 3299 3314 psalmum
3331 3244 3530 3301 instru-

1959 3342 2144 3390 mento
2176 3335 2472 3406 pulsatum,
2501 3336 2752 3392 videlicet
2781 3345 2975 3408 praeter
3003 3339 3250 3417 corporis
3283 3339 3529 3395 actiones

1959 3439 2084 3480 eum
2113 3426 2317 3482 virtute
2354 3426 2554 3493 editas,
2587 3444 2688 3483 vox
2741 3430 2868 3484 item
2911 3438 3092 3495 canat,
3149 3430 3199 3484 id
3233 3441 3336 3494 est,
3370 3445 3528 3501 agen-

1960 3510 2151 3593 darum
2182 3532 2367 3573 rerum
2397 3518 2609 3576 theoria
2640 3521 2774 3591 (sive
2800 3520 3122 3593 speculatio)
3152 3523 3384 3577 addatur
3406 3541 3420 3577 :
3442 3522 3525 3577 ci-

1962 3592 2171 3662 tharam
2196 3608 2401 3680 quippe
2420 3619 2601 3676 vocat,
2629 3592 2875 3683 corporis
2906 3629 3030 3668 cum
3064 3592 3244 3668 anima
3294 3629 3527 3670 concen-

1960 3710 2095 3754 tum.
2131 3699 2286 3756 Hanc
2313 3716 2479 3771 porro
2503 3703 2677 3774 legem
2707 3704 2893 3760 videre
2918 3704 3082 3759 liceat
3112 3704 3333 3761 assidue
3360 3706 3414 3760 in
3441 3719 3527 3761 ec-

1960 3791 2146 3849 clesiis
2169 3792 2422 3862 impleri:
2452 3809 2578 3849 nam
2601 3796 2870 3866 spirituali
2902 3797 3109 3852 cithara
3133 3797 3527 3873 divinam’pul.

1960 3899 2149 3941 samus
2191 3884 2505 3941 melodiam.
2557 3885 2670 3943 lino
2709 3887 2869 3943 etiam
2913 3903 3008 3942 ora
3054 3898 3242 3945 nostra
3288 3889 3541 3945 citharas

1959 3977 2256 4035 rationales
2283 3977 2579 4044 edicimus;
2616 3984 2673 4034 et
2718 3994 2819 4050 pro
2847 3980 3089 4045 chordis,
3118 3979 3372 4036 dentibus
3413 3981 3525 4034 uti-

1959 4086 2121 4138 mur;
2153 4085 2255 4142 pro
2286 4085 2412 4137 aere,
2446 4070 2607 4127 labils
2635 4087 2648 4124 :
2692 4071 2887 4143 quovis
2921 4080 3100 4129 autem
3146 4074 3356 4144 plectro
3383 4074 3534 4131 celes

1958 4165 2078 4220 rius
2124 4165 2322 4237 agitata
2376 4165 2581 4235 lingua,
2630 4166 2959 4229 concinnum
2994 4167 3106 4222 edit
3159 4167 3537 4237 pulsationum-

1959 4256 2156 4310 sonum
2189 4273 2204 4311 :
2239 4270 2394 4311 mens
2429 4262 2608 4310 autem
2653 4256 2894 4327 linguam
2941 4265 3139 4318 movet,
3173 4273 3271 4313 ceu
3321 4257 3539 4326 peritus

1958 4346 2188 4420 quidam
2230 4347 2473 4404 musicus
2514 4348 2654 4403 scite
2697 4348 2817 4418 ejus
2866 4348 3227 4421 mutationem.
3264 4346 3522 4402 eﬂiciens.

1961 4441 2087 4497 llaec
2115 4440 2326 4496 cithara
2361 4439 2472 4494 Deo
2517 4438 2723 4508 gratior
2749 4447 2853 4501 est,
2899 4454 3060 4509 quam
3108 4438 3196 4491 illa
3225 4438 3390 4493 animi
3427 4452 3525 4493 εχτ-

294 4522 610 4596 μετάόασιν.
629 4524 774 4597 Αὕτη
807 4525 885 4597 τῷ
913 4526 1029 4597 Θεῴ
1062 4530 1097 4598 ή
1122 4529 1319 4601 κιθάρα
1340 4532 1437 4603 τῆς
1466 4532 1671 4602 ἀψύχου
1689 4531 1856 4603 θυμη-

1964 4552 2105 4604 pers.
2136 4534 2307 4605 Cujus
2339 4533 2418 4588 rei
2459 4533 2616 4588 testis
2656 4534 2770 4602 ipse
2801 4538 2885 4587 est
2926 4547 3020 4600 per
3059 4532 3375 4601 prophetam
3410 4531 3526 4586 haec

292 4616 540 4689 ρεστέρα.
570 4619 678 4673 Καὶ
707 4619 914 4690 μάρτυς
945 4620 1106 4685 αὐτὸς
1130 4621 1217 4676 διά
1249 4623 1342 4677 τοῦ
1369 4625 1649 4696 προφήτου
1684 4623 1821 4695 βοῶν
1841 4641 1854 4653 ⁸

302 4708 676 4778 Ἆπόστηο-ον
696 4712 795 4782 ἀφ’
815 4711 985 4782 ἡμῶν
1010 4709 1163 4784 ἦχον
1188 4714 1356 4782 ᾠδῶν
1373 4732 1512 4783 σου,
1530 4718 1627 4771 καὶ
1653 4717 1860 4788 φωνῆς

289 4800 558 4872 ὀργάνων
586 4820 703 4858 σου
735 4806 846 4859 οὐκ
874 4806 1222 4876 ἀκούσομαι.
1241 4808 1340 4861 Ἐν
1365 4808 1696 4880 σάλπιγξιν
1716 4811 1858 4865 ἐλα-

287 4892 438 4959 ταῖς,
455 4894 552 4948 καὶ
571 4893 741 4965 φωνῇ
756 4895 1088 4968 σάλπιγγος
1103 4900 1434 4968 κερατίνης.
1455 4900 1667 4957 Ἐλαταὶ
1682 4902 1863 4971 λέγονο

286 4997 380 5035 ται
410 4982 705 5052 σάλπιγγες
735 4987 784 5038 οἱ
812 4985 956 5055 λόγοι
989 4986 1121 5041 τῶν⁰
1139 4987 1453 5042 ἀποστόλων
1482 4989 1574 5043 τοῦ
1605 4991 1857 5062 Σωτῆρος

291 5072 447 5144 ἡμῶν
466 5073 554 5128 διὰ
581 5076 641 5128 τὸ
658 5075 1112 5150 βεϐασανισμένον
1137 5080 1229 5134 καὶ
1249 5080 1642 5151 πεπυρωμένον
1654 5083 1751 5154 τῆς
1775 5083 1860 5140 πίε

292 5179 462 5226 στεως
494 5164 705 5218 αὐτῶν·
746 5170 1026 5239 κεράτιναι
1056 5171 1113 5225 δὲ
1145 5172 1231 5227 διά
1262 5170 1323 5226 τὸ
1357 5174 1672 5243 πρακτικόν.
1708 5173 1858 5228 Βοῶν

289 5253 399 5331 γὰρ
427 5256 483 5308 αἱ
514 5257 791 5329 κεράτιναι
825 5261 1117 5332 σάλπιγγες
1137 5280 1151 5296 ·
1174 5263 1297 5333 βοῦς
1316 5264 1371 5317 δὲ
1396 5266 1683 5338 ἐργατικὸν
1698 5266 1853 5331 ζῶον.

285 5348 400 5403 Καὶ
426 5352 552 5423 περὶ
571 5351 679 5406 τῶν
704 5356 1016 5409 ἀποστόλων
1046 5356 1103 5410 δέ
1132 5374 1298 5428 φησιν
1312 5359 1340 5410 ὁ
1361 5358 1571 5423 Παῦλος
1592 5377 1604 5389 ·
1623 5358 1721 5428 Μὴ
1742 5359 1861 5414 τῶν

285 5438 450 5504 βοῶν
463 5440 633 5511 μέλει
666 5442 745 5511 τῷ
772 5447 1050 5520 Κυρι’ῳ;ἢ
1076 5448 1143 5504 δι’
1160 5450 1307 5521 ἡμᾶς
1328 5450 1541 5515 πάντως
1568 5450 1857 5519 λέγει.Φω-

287 5534 376 5588 ναὶ
424 5535 711 5607 τοιγαροῦν
761 5536 870 5592 τῶν
921 5540 1082 5612 ιερῶν
1132 5540 1226 5594 τοῦ
1277 5542 1527 5612 Σωτῆρος
1551 5543 1859 5598 ἀποστόλων

286 5623 476 5681 ἐλαταὶ
498 5626 635 5698 ὁμοῦ
668 5629 761 5684 καὶ
794 5631 1076 5702 κεράτιναι
1100 5631 1396 5703 σάλπιγγες
1424 5632 1737 5715 ἐτύγχανον.
1760 5633 1865 5687 Κι-

355 5778 403 5811 ”
447 5779 551 5838 lsa.
585 5798 714 5839 xu:
737 5823 751 5849 ,
789 5784 843 5845 6.
916 5786 962 5824 ’³
1006 5785 1169 5844 Amos
1200 5803 1255 5854 ν,
1290 5788 1379 5849 23.
1457 5787 1502 5820 ³⁵
1541 5785 1562 5841 l
1594 5787 1721 5845 Cor.
1758 5803 1849 5853 ιδ,
1883 5773 1936 5844 9.

1961 4630 2236 4681 clamans:
2269 4624 2456 4678 Averte
2483 4640 2514 4677 a
2549 4622 2697 4676 nobis
2726 4638 2912 4676 sonum
2937 4622 3262 4674 canticorum
3293 4631 3525 4685 tuorum,

1960 4728 2011 4772 ct
2057 4733 2229 4787 pacem
2272 4717 2739 4769 instrumentorum
2762 4723 2971 4767 tuorum
2991 4729 3094 4766 non
3122 4711 3335 4765 audiam
3363 4710 3432 4767 “.
3460 4708 3527 4765 In

1962 4811 2096 4866 tubis
2136 4808 2457 4874 ductilibus,
2494 4818 2545 4862 et
2606 4823 2725 4863 voce
2772 4805 2910 4862 tuba:
2959 4820 3183 4859 carnem.
3218 4802 3383 4859 Tuba:
3424 4803 3529 4859 du-

1961 4901 2120 4958 ctilcs
2170 4901 2432 4956 dicuntur
2468 4913 2752 4956 sermones
2798 4898 3170 4969 apostolorum
3221 4894 3527 4953 Senatoris

1968 4994 2166 5059 nostri,
2209 4994 2280 5050 ob
2328 4992 2614 5064 probatam
2660 5000 2714 5047 et
2764 4993 2889 5062 igne
2935 4990 3295 5045 examinatam
3336 5003 3536 5055 eorum

1966 5086 2159 5153 tidem;
2224 5100 2439 5141 cornere
2517 5099 2646 5139 vero
2722 5092 2945 5155 propter
3021 5083 3283 5137 actiones.
3357 5080 3539 5135 Boum

1963 5178 2106 5233 enim
2173 5188 2303 5233 sunt
2359 5177 2504 5232 tubae
2554 5192 2767 5231 corttete
2810 5192 2825 5230 :
2883 5183 2967 5231 est
3022 5182 3202 5229 autem
3256 5172 3355 5228 bos
3404 5171 3527 5225 ani-

1964 5265 2074 5319 mal
2122 5265 2477 5320 laboriosum.
2532 5264 2608 5320 De
2661 5265 2924 5335 apostolis
2973 5279 3103 5319 vero
3154 5264 3232 5319 ait
3276 5261 3524 5317 Paulus:

1969 5354 2223 5426 Nunquid
2264 5356 2330 5411 de
2385 5355 2551 5411 bobus
2584 5372 2713 5410 cura
2769 5367 2847 5411 est
2921 5355 3134 5410 Dominc
3159 5355 3252 5408 9'?
3290 5350 3373 5405 vel
3412 5365 3531 5419 pro.

1964 5460 2086 5520 pter
2117 5465 2215 5505 nos
2257 5449 2483 5505 omnino
2517 5449 2617 5504 hoc
2640 5450 2793 5506 dicit.
2840 5448 3013 5506 Voces
3043 5449 3216 5517 itaque
3247 5457 3526 5499 sacrorum

1966 5541 2265 5599 Salvatoris
2306 5542 2675 5613 apostolorum
2698 5582 2713 5608 ,
2747 5542 2979 5597 ductilcs
3023 5539 3184 5596 simul
3218 5542 3271 5592 et
3316 5546 3539 5599 cornea:

1967 5635 2110 5692 tubae
2127 5643 2300 5692 erant.
2321 5635 2641 5693 Alioautcm
2668 5641 2850 5700 modo,
2871 5634 3131 5690 citharam
3159 5648 3228 5690 nc
3255 5625 3548 5687 cuncteris.
