4044 6212
538 388 674 444 i235

1280 384 1548 443 EUSEBII
1586 376 2063 440 CESAIIIENSIS
2100 372 2250 433 OPP.
2291 374 2470 432 PARS
2506 373 2592 431 IIl.
2631 406 2693 415 —
2733 364 3139 429 EXEGE’I'ICA.

3638 360 3789 421 {236

532 509 719 565 dicere
737 508 1053 564 universum
1091 506 1298 565 Christi
1321 508 1605 580 papulum,
1632 522 1700 562 ex
1724 504 1960 562 diversis
1990 502 2101 558 ani-

2215 498 2371 572 idpav
2418 498 2476 552 δὲ
2523 498 2695 560 ἄλλως
2749 494 2821 567 μὴ
2867 493 3010 547 δκνει
3028 490 3205 580 λέγειν
3237 488 3328 543 τὸν
3361 487 3656 559 σύμπαντα
3685 484 3788 539 τοῦ

534 599 758 663 mabus,
808 608 1068 671 tanquam
1121 615 1188 655 ex
1235 598 1487 670 pluribus
1517 597 1757 664 chordis,
1803 596 2101 653 concinna-

534 700 675 756 tum,
709 700 872 762 atque
904 691 1124 747 unicam
1166 691 1471 753 orationem
1503 697 1559 746 et
1589 689 1891 761 gratiarum
1934 686 2107 743 actio-

535 798 659 838 nem
686 782 798 839 Deo
821 782 1158 840 offerentem.
1734 764 1735 767 Ἰ

782 894 1105 950 PSALMUS
1161 893 1292 952 IPSI
1354 894 1584 950 DAVID.
1648 893 1878 950 XCVIII.

609 983 870 1063 VERS..1.
899 986 954 1040 2.
983 986 1538 1061 Dominus_regnavit.
1569 987 1875 1040 irascantur
1903 985 2106 1055 populi,

539 1077 629 1155 qui
649 1076 791 1129 sedet
830 1093 987 1146 super
1016 1076 1305 1143 cherubim,
1338 1085 1610 1132 moveatur
1639 1085 1802 1132 terra.
1832 1074 1932 1131 Ilic
1964 1076 2111 1147 psal-

539 1180 665 1220 mus
710 1166 855 1237 apud
906 1165 1162 1223 Hebraeos
1200 1167 1360 1223 titulo
1388 1174 1540 1223 caret
1572 1186 1587 1223 :
1623 1175 1817 1238 estque
1862 1183 2006 1223 unus
2044 1182 2110 1221 ex

540 1258 611 1335 iis
631 1257 726 1329 qui
748 1256 954 1313 Christi
984 1274 1212 1329 regnum
1245 1258 1595 1316 annuntiant.
1619 1257 1756 1314 Cum
1775 1258 1920 1314 enim
1951 1272 2111 1314 nemo

540 1348 709 1406 irasci
758 1364 818 1405 se
847 1349 993 1405 dicat
1021 1350 1168 1421 quod
1215 1349 1360 1407 Deus
1388 1350 1770 1406 universorum
1824 1349 1878 1404 in
1920 1364 2111 1406 omnes

542 1454 771 1519 regnum
802 1441 1081 1510 obtineat;
1115 1442 1183 1497 de
1207 1441 1413 1498 Christi
1439 1449 1621 1497 tamen
1669 1456 1839 1512 regno
1869 1439 1945 1493 ait
1971 1455 2111 1511 prae-

542 1548 673 1588 sens
724 1547 903 1589 sermo
960 1533 1195 1605 populos
1234 1533 1420 1599 irasci,
1468 1533 1724 1588 videlicet
1777 1531 2009 1602 papulos
2045 1548 2113 1588 ex

543 1622 967 1680 circumcisione
1007 1633 1062 1681 et
1111 1640 1176 1681 ex
1221 1624 1498 1696 gentibus,
1533 1624 1629 1695 qui
1669 1623 1726 1678 in
1776 1624 1956 1695 ipsum
2002 1637 2113 1678 non

544 1713 796 1771 credunt.
837 1714 971 1782 Quis
1007 1716 1078 1772 sit
1130 1724 1312 1773 autem
1360 1714 1648 1782 Dominus,
1698 1731 1823 1772 mox
1874 1715 2115 1772 declarat

542 1806 732 1863 dicens
770 1827 784 1864 :
844 1808 949 1876 Qui
993 1809 1134 1866 sedet
1165 1825 1321 1879 super
1367 1808 1654 1864 cherubim.
1708 1807 1917 1865 Mordet
1967 1808 2112 1865 enim

544 1897 814 1964 inﬁdeles,
859 1899 1101 1971 ipsisque
1159 1900 1307 1955 dolet
1360 1902 1603 1972 gentium
1654 1915 1753 1971 pro
1794 1900 1970 1955 salute
1999 1906 2115 1955 stu-

544 1990 736 2048 dium:
775 1992 1040 2063 siquidem
1083 1992 1428 2063 propbeticas
1467 1993 1535 2048 de
1580 2007 1749 2064 regno
1791 1991 1911 2062 ejus
1953 2006 2116 2048 voces

545 2096 657 2136 non
698 2081 1102 2138 intellexerunt.
1143 2081 1420 2137 Moventur
1442 2093 1602 2138 terra.
1634 2081 1915 2138 Daemones
1947 2081 2114 2147 enim,

544 2172 640 2244 qui
673 2173 803 2230 olim
832 2173 1128 2245 plurimum
1157 2174 1439 2239 valebant,
1465 2173 1723 2229 inﬁrmati
1758 2180 1915 2239 sunt;
1946 2171 2019 2227 ita
2058 2182 2118 2226 ut

545 2277 736 2320 omnes
763 2277 953 2319 eorum
996 2263 1226 2321 virtutes
1261 2270 1548 2320 commotae
1592 2263 1724 2330 sint,
1755 2271 1809 2319 et
1842 2262 2118 2334 operatio-

546 2366 645 2406 nes
664 2350 1022 2407 cessaverint.
1045 2350 1306 2408 Homines
1326 2367 1542 2422 quoque
1560 2360 1760 2408 terram
1790 2351 2113 2417 incolentes,

543 2444 952 2516 resipiscentes,
973 2444 1184 2515 paterni
1210 2444 1417 2501 erroris
1441 2444 1735 2516 perniciem
1754 2451 2113 2515 agnoverunt,

545 2535 714 2592 Deum
749 2534 984 2592 Verbum
1017 2536 1120 2592 sibi
1149 2535 1437 2593 Dominum
1469 2536 1820 2594 ascrihentes.
1845 2534 1959 2590 Imo
1989 2551 2117 2593 vero

545 2627 638 2700 qui
656 2627 715 2682 In
751 2643 875 2683 eum
911 2627 1175 2684 increduli
1208 2626 1450 2697 fuerunt,
1484 2628 1832 2686 vehementer
1855 2628 2115 2686 commoti

546 2727 697 2784 sunt,
726 2718 780 2775 vi
804 2718 1067 2775 doctrinas
1103 2720 1224 2789 ejus
1246 2720 1500 2778 concussi
1546 2729 1708 2793 atque
1752 2724 2017 2793 percussi.
2047 2721 2119 2777 Il-

546 2817 642 2873 lud
674 2824 880 2883 autem,
919 2818 1011 2892 qui
1039 2816 1203 2881 sedet,
1234 2817 1392 2888 quasi
1427 2818 1676 2874 homines
1705 2818 1988 2889 alloquens
2016 2817 2112 2872 ait.

546 2908 753 2966 Natura
782 2908 985 2982 quippe
1016 2909 1337 2980 incorporea
1374 2906 1828 2980 incomprehensa
1861 2915 1916 2962 et
1942 2906 2115 2963 incir-

546 3002 882 3074 cumscripta
909 3009 1013 3059 est.
1052 3000 1308 3055 Dominus
1340 3000 1395 3054 in
1424 2998 1556 3055 Sion
1590 3015 1833 3070 magnus,
1873 3008 1923 3054 et
1947 2998 2118 3054 excel-

547 3110 640 3155 sus
670 3110 826 3164 super
846 3109 1022 3149 omnes
1050 3091 1288 3161 populos.
1331 3090 1465 3146 Sion
1507 3089 1778 3161 signiﬁcat
1814 3092 2116 3159 speculam;

2207 571 2443 663 Χριστοῦ
2488 587 2614 643 λαὸν
2660 590 2725 641 ὲκ
2763 584 3034 657 διαφόρων
3078 571 3264 653 ψυχῶν
3304 578 3380 643 ὡς
3420 580 3484 633 ὲκ
3519 577 3789 631 πλειόνων

2207 682 2411 763 χορδῶν
2438 679 2803 753 ἡρμοσμένον,
2839 677 2968 751 μίαν
3011 692 3072 730 τε
3119 672 3282 746 εὐχὴν
3314 672 3407 727 καὶ
3431 668 3791 743 εὐχαριστίαν

2207 775 2285 847 τῷ
2309 773 2429 845 Θεῷ
2457 771 2872 843 ἀναπέμποντα.

2591 880 2884 936 “mox
2914 880 3001 952 To
3019 878 3235 932 ΔΑΥΙΔ.
3265 877 3389 944 ιιΗο.

2291 978 2344 1031 '0
2387 978 2600 1046 Κύριος
2639 974 3039 1029 ἐϐασίλευσεν
3055 1010 3072 1035 ,
3132 969 3565 1041 ὀργιζέσθωσαν
3608 969 3750 1024 ,λαοί
3767 1008 3789 1035 ,

2211 1074 2244 1126 d
2260 1068 2587 1138 καθήμενος
2608 1067 2706 1122 ἐπὶ
2745 1065 3047 1136 χερουόὶμ,
3064 1063 3412 1130 σαλευθήτω
3436 1065 3473 1132 ἡ
3495 1062 3593 1133 γῆ.
3634 1064 3789 1116 ’Δνεο

2212 1164 2484 1235 πίγραφος
2511 1160 2640 1232 παρ’
2686 1157 2957 1230 Ἑϐραίοις
2983 1159 3011 1212 ὁ
3034 1155 3247 1227 ψαλμός
3268 1172 3283 1186 ·
3314 1149 3394 1220 εἷς
3414 1156 3472 1209 δὲ
3505 1157 3599 1209 καὶ
3624 1155 3789 1219 αὐτὸς

2210 1252 2463 1324 τυγχάνει
2481 1250 2591 1304 τῶν
2610 1245 3110 1319 εὐαγγελιζομένων
3135 1246 3234 1319 τὴν
3258 1244 3353 1300 τοῦ
3366 1245 3600 1318 Χριστοῦ
3627 1246 3791 1317 βασι-

2210 1346 2377 1400 λείαν.
2434 1344 2589 1398 Ἐπεὶ
2644 1342 2741 1415 μὲν
2800 1339 2908 1412 γὰρ
2933 1339 3011 1410 τῷ
3044 1338 3346 1410 βασιλεύειν
3385 1339 3639 1393 ἀπάντων
3679 1338 3791 1391 τῶν

2211 1439 2349 1494 ὅλων
2376 1438 2528 1502 Θεὸν,
2588 1435 2780 1490 οὐδένα
2830 1433 2896 1488 ἄν
2919 1450 3003 1497 τις
3056 1431 3368 1504 ὀργίζεσθαι
3413 1431 3568 1503 φαίη,
3609 1432 3705 1484 ἐπὶ
3733 1431 3791 1486 δὲ

2213 1534 2279 1604 τῇ
2305 1528 2402 1585 τοῦ
2434 1527 2669 1602 Χριστοῦ
2693 1525 2940 1598 βασιλείᾳ
2974 1525 3135 1596 φησὶν
3161 1526 3191 1578 δ
3217 1521 3406 1595 παρὼν
3436 1516 3592 1592 λόγος
3631 1521 3790 1593 ὀργί-

2213 1622 2399 1688 ζεσθαι
2442 1620 2634 1685 λαούς*
2684 1618 2819 1689 φησι
2845 1617 2902 1672 δὲ
2930 1616 3055 1679 τοὺς
3093 1616 3158 1668 ὲκ
3186 1614 3492 1687 περιτομῆς
3535 1614 3626 1667 καί
3659 1615 3790 1678 τοὺς

2212 1713 2273 1781 ἐξ
2324 1713 2492 1768 ἐθνῶν
2535 1710 2897 1773 ἀπιστοῦντας
2939 1707 3107 1779 αὐτῷ.
3136 1706 3235 1772 Τίς
3258 1706 3316 1760 δέ
3347 1708 3494 1760 ἔστιν
3522 1708 3553 1760 ὁ
3582 1705 3791 1777 Κύριος

2212 1806 2464 1875 διασαφεῖ
2490 1803 2665 1873 λέγων
2696 1799 2822 1872 ἑξῆς
2842 1815 2857 1830 ⁸
2898 1799 2954 1853 ’0
3006 1798 3340 1868 καθήμενος
3375 1796 3529 1865 ὑπὲρ
3582 1812 3792 1865 κερου-

2215 1898 2333 1967 6ιμ.
2386 1894 2580 1949 Δάκνει
2634 1891 2743 1965 γάρ
2772 1890 2899 1956 τοὺς
2936 1890 3200 1953 ἀπίστους
3220 1888 3316 1941 καὶ
3342 1887 3500 1940 λυπεῖ
3533 1888 3563 1940 δ
3599 1886 3697 1940 ἐπὶ
3727 1888 3793 1957 τῇ

2216 1984 2459 2057 σωτηρίᾳ
2483 1983 2589 2037 τῶν
2613 1982 2781 2037 ὲθνῶν
2812 1980 2970 2052 ζῆλος
2990 1995 3009 2013 ’
3041 1979 3103 2033 ού
3132 1977 3241 2051 γὰρ
3273 1980 3508 2050 συνῆκαν
3531 1977 3634 2040 τὰς
3666 1977 3793 2049 περὶ

2215 2075 2312 2144 τῆς
2347 2072 2621 2144 βασιλείας
2647 2070 2812 2126 αὐτοῦ
2825 2067 3168 2142 προφητικάς
3195 2067 3377 2138 φωνάς
3396 2084 3409 2098 ο
3431 2066 3793 2133 rales-0:th

2215 2171 2254 2238 ἡ
2279 2167 2377 2241 γῆ.
2413 2167 2480 2222 Di
2508 2183 2568 2220 τε
2607 2164 2715 2237 γὰρ
2760 2161 2929 2218 πάλαι
2977 2159 3145 2215 πολλά
3209 2158 3492 2230 δυνάμενοι
3538 2157 3793 2228 δαίμονες

2215 2262 2601 2337 ὲξησθένησαν,
2636 2258 2712 2323 ὡς
2745 2256 2923 2320 πάσας
2967 2253 3145 2309 αὐτῶν
3180 2250 3279 2315 τὰς
3309 2250 3567 2321 δυνάμεις
3594 2249 3794 2302 σαλευ-

2216 2357 2398 2429 θῆναι.
2426 2355 2520 2409 καὶ
2563 2350 2865 2421 παυσθῆναι
2898 2343 2996 2411 τὰς
3034 2345 3313 2418 ἐνεργείας
3335 2361 3350 2375 ’
3390 2343 3446 2396 οἵ
3470 2359 3531 2396 τε
3559 2340 3661 2413 τὴν
3690 2341 3795 2411 γῆν

2215 2447 2491 2511 οἰκοῦντες
2510 2444 2605 2500 ἄνθ
2614 2459 2803 2517 ρωποι,
2826 2438 3239 2512 μεταϐαλόντες,
3258 2436 3359 2506 τῆς
3380 2433 3638 2507 πατρῴας
3654 2433 3795 2487 πλά-

2215 2556 2313 2611 νης
2350 2536 2443 2592 τὸν
2481 2534 2698 2606 ὄλεθρον
2744 2530 3081 2600 ἐπέγνωσαν,
3124 2527 3215 2580 τὸν
3247 2526 3379 2580 Θεὸν
3406 2525 3580 2595 Λόγον
3610 2525 3797 2578 αὐτῶν

2217 2629 2419 2700 Κύριον
2480 2622 2934 2694 ἐπιγραψάμενοι.
2975 2620 3050 2673 Οὐ
3109 2616 3215 2689 μὴν
3265 2614 3399 2669 ἀλλὰ
3433 2615 3527 2670 καὶ
3569 2616 3618 2668 οἱ
3657 2615 3793 2668 ἁπι-

2217 2721 2465 2783 στοῦντες
2494 2715 2639 2787 αὐτῷ
2661 2754 2676 2779 ,
2730 2712 2978 2785 μεγάλως
3028 2709 3426 2780 ὲσαλεύθησαν,
3479 2706 3795 2777 κινούμενοι

2216 2815 2309 2869 καὶ
2339 2806 2837 2880 καταπληττόμενοι
2862 2802 2961 2873 τῆς
3003 2798 3348 2864 διδασκαλίας
3386 2796 3553 2853 αὐτοῦ
3580 2797 3684 2869 τὴν
3710 2795 3796 2849 δύο

2215 2918 2399 2971 ναμιν.
2431 2898 2503 2952 Τὸ
2528 2896 2606 2961 δὲ,
2628 2892 2980 2964 καθήμενος,
3007 2892 3081 2956 ὡς
3108 2889 3245 2964 πρὸς
3273 2886 3590 2959 ἀνθρώπους
3615 2886 3796 2938 διαλε-

2215 2994 2442 3065 γόμενος
2500 2990 2742 3062 εἴρηκεν.
2795 2988 2859 3040 Ἢ
2906 2986 3014 3058 γὰρ
3056 2982 3347 3055 ἀσώματος
3386 2980 3548 3052 φύσις
3597 2979 3799 3051 ἀπερίε-

2216 3087 2420 3158 ληπτος
2470 3084 2566 3138 καὶ
2618 3079 3014 3153 ἀπερίγραφος.
3057 3077 3270 3145 Κύριος
3307 3075 3372 3129 ἐν
3401 3072 3556 3128 Σιὼν
3577 3072 3793 3146 μέγας,

549 3188 631 3244 sic
666 3193 846 3255 autem
898 3184 1170 3260 appellare
1207 3182 1392 3239 divina
1447 3182 1734 3255 Scriptura
1780 3184 1918 3239 solet
1953 3198 2114 3239 omne

2219 3176 2316 3233 καί
2345 3174 2584 3245 ὑψηλός
2619 3173 2792 3227 ἐστιν
2827 3170 2927 3224 ἐπὶ
2966 3167 3196 3234 πάντας
3223 3166 3364 3232 τοὺς
3405 3166 3615 3231 λαούς.
3652 3163 3796 3217 Σιὼν

548 3279 863 3352 religiosum
898 3278 1230 3341 institutmn,
1263 3283 1429 3348 atque
1466 3276 1569 3332 hoc
1605 3275 1765 3332 modo
1798 3275 2116 3331 indicantur

549 3373 587 3427 ii
620 3372 714 3442 qui
764 3372 1005 3429 celestis
1039 3369 1412 3441 speculantur,
1444 3369 1622 3439 qualis
1671 3376 1790 3425 erat
1819 3368 2114 3440 Apostolus

547 3462 641 3534 qui
664 3461 782 3518 ait:
827 3458 952 3514 Non
995 3456 1387 3531 speculantibus
1429 3455 1581 3511 nobis
1633 3465 1863 3518 terrena,
1898 3456 1989 3510 sed
2013 3471 2115 3511 coe-

546 3552 703 3613 lestia
731 3551 799 3605 ”.
828 3551 983 3627 Apud
1018 3550 1138 3606 illos
1169 3546 1313 3606 enim
1340 3562 1573 3619 magnus
1598 3555 1682 3604 est
1712 3546 1997 3603 Dominus.

615 3819 782 3877 Vsus.
836 3820 888 3875 3.
925 3819 1288 3890 Con/iteantur
1334 3820 1534 3874 nomini
1590 3828 1679 3875 tuo
1732 3833 1943 3887 magno,
1993 3833 2117 3888 quo-

544 3913 688 3967 niam
712 3910 945 3966 terribile
970 3920 1021 3966 et
1044 3920 1285 3965 sanetum
1307 3919 1404 3966 est.
1440 3908 1598 3965 Nunc
1622 3908 1841 3981 quidem
1865 3908 2114 3965 irascun-

545 4012 638 4060 tur
657 4003 843 4075 populi
867 4003 1130 4058 adversus
1158 4017 1387 4073 regnum
1427 4000 1728 4058 Salvatoris
1758 4000 1931 4057 nostri
1961 4019 1974 4055 :
2010 4000 2115 4057 erit

545 4109 711 4167 porro
739 4101 952 4163 tempus
980 4109 1090 4164 quo
1127 4093 1229 4163 ipsi
1258 4106 1473 4164 quoque
1506 4089 1714 4165 nomini
1760 4105 1958 4160 magno
1995 4090 2115 4161 ejus

543 4184 969 4250 conﬁtebuntur,
992 4183 1201 4255 quando
1219 4201 1369 4239 omne
1389 4200 1521 4257 genu
1542 4181 1780 4253 ﬂectetur
1800 4167 2109 4250 caelestium,

546 4290 703 4348 atque
732 4278 1081 4342 terrestrium,
1108 4287 1157 4333 et
1186 4278 1357 4333 omnis
1388 4276 1571 4348 lingua
1606 4274 1962 4347 conﬁtebitur,
1985 4275 2112 4346 quia

545 4370 804 4428 Dominus
848 4370 1009 4427 Jesus
1039 4372 1093 4426 in
1119 4370 1291 4443 gloria
1337 4368 1520 4423 Patris
1544 4369 1613 4423 ’⁷.
1644 4398 1715 4410 -
1764 4365 1935 4425 Vsus.
1957 4367 2012 4422 4.
2044 4365 2115 4422 Et

545 4466 712 4522 honor
739 4466 873 4536 regis
911 4464 1174 4536 judicium
1215 4462 1412 4534 diligit.
1449 4460 1638 4519 Honor
1675 4470 1729 4519 et
1758 4460 1934 4516 virtus
1967 4460 2113 4531 regis

2216 3267 2574 3342 ἑρμηνεύεται
2605 3262 3077 3331 σκοπευτήριον·
3116 3260 3258 3314 οὕτω
3287 3258 3343 3313 δὲ
3365 3255 3651 3329 ὀνομάζειν
3672 3255 3791 3319 ἔθος

2214 3361 2315 3434 τὴν
2347 3360 2495 3414 θείαν
2543 3359 2762 3431 Γραφὴν
2801 3358 2908 3411 πᾶν
2937 3355 2998 3408 τὸ
3041 3353 3287 3417 θεοσεόὲς
3333 3350 3653 3420 πολίτευμα,
3684 3347 3795 3401 τῶν

2214 3454 2285 3511 τὰ
2336 3451 2634 3524 ἐπουράνια
2686 3446 3047 3505 σκοπούντων.
3073 3437 3263 3499 τοῦτον
3307 3441 3647 3515 δηλουμένων
3698 3441 3793 3493 τὸν

2214 3544 2412 3620 τρόπον
2471 3545 2652 3606 ὁποῖος
2712 3537 2780 3621 ἦν
2811 3540 2985 3611 λέγων
3020 3540 3050 3593 ὁ
3087 3535 3403 3600 ’Δπόστολος
3428 3552 3441 3565 ο
3492 3534 3794 3588 Σκοπούνι-

2215 3654 2334 3690 των
2364 3634 2612 3706 ήμῶν-οὑ
2629 3635 2701 3689 τὰ
2719 3635 2968 3704 ἐπίγεια,
2991 3629 3151 3687 ἀλλὰ
3169 3628 3241 3684 τὰ
3258 3626 3592 3698 ἐπουράνια.
3618 3621 3789 3696 Παρὰ

2214 3726 2422 3791 τούτοις
2449 3721 2542 3781 οῦν
2573 3727 2744 3798 μέγας
2772 3726 2917 3778 ἐστὶν
2940 3725 2969 3778 ό
2994 3721 3217 3794 Κύριος.

2302 3813 2998 3887 Ἐξομολογησάσθωσαν
3030 3811 3109 3879 τῷ
3143 3810 3389 3881 ὀνόματί
3425 3824 3536 3863 σου
3570 3804 3649 3871 τῷ
3682 3821 3794 3874 με-

2216 3911 2397 3982 γάλῳ,
2425 3909 2513 3964 ὅτι
2540 3909 2799 3979 φοϐερὸν
2834 3907 2934 3965 καὶ
2974 3907 3145 3975 ἅγιόν
3176 3904 3327 3959 ἐστι.
3372 3900 3487 3956 Νῦν
3514 3898 3610 3971 μὲν
3640 3897 3796 3969 ὀργί-

2216 4003 2397 4068 ζονται
2437 4000 2556 4056 λαοὶ
2601 4001 2695 4055 ἐπὶ
2725 3999 2819 4054 τοῦ
2853 3999 3103 4070 Σωτῆρος
3139 3994 3297 4069 ἡμῶν
3333 3992 3607 4064 βασιλείᾳ·
3638 3990 3795 4043 ἔσται

2213 4096 2271 4151 δέ
2308 4113 2393 4159 τις
2434 4095 2623 4166 καιρὸς
2668 4095 2725 4147 ἐν
2761 4088 2806 4162 ᾧ
2831 4092 2925 4146 καὶ
2980 4091 3134 4145 αὐτοὶ
3186 4086 3672 4158 ὲξομολογήσονται
3717 4078 3796 4151 τῷ

2216 4187 2440 4260 ὀνόματι
2464 4184 2631 4241 αὐτοῦ
2659 4184 2737 4258 τῷ
2792 4182 3033 4257 μεγάλῳ,
3065 4182 3197 4235 Ὅτε
3228 4178 3351 4234 πᾶν
3388 4178 3536 4249 γόνυ
3569 4173 3798 4244 κάμψει

2215 4279 2586 4350 ἐπουρανίων
2608 4278 2706 4333 καί
2741 4276 3034 4347 ἐπιγείων,
3066 4272 3163 4328 καὶ
3192 4269 3357 4328 πᾶσα
3380 4267 3637 4340 γλῶσσα
3666 4265 3800 4329 ἐξο-

2208 4370 2632 4444 μολογήσεται,
2662 4368 2751 4424 ὅτι
2781 4369 2997 4436 Κύριος
3037 4363 3265 4433 Ἰησοῦς
3315 4362 3402 4427 είς
3449 4358 3641 4423 δόξαν
3674 4357 3801 4409 Πα-

2216 4465 2372 4534 τρός.
2409 4462 2520 4518 Καὶ
2560 4460 2697 4532 τιμὴ
2730 4457 3039 4527 ,ϐασιλέως
3080 4456 3283 4527 κρίσιν
3300 4450 3523 4524 ἀγαπᾷ.
3586 4448 3654 4502 Ἦ
3703 4444 3801 4501 τοῦ

544 4572 671 4612 cum
709 4555 938 4627 judicio,
983 4555 1106 4611 aliis
1155 4553 1374 4626 quidem
1434 4568 1633 4609 nomen
1683 4551 1803 4618 ejus
1852 4550 2111 4616 terribile,

2218 4555 2482 4628 βασιλέως
2512 4555 2646 4627 τιμή
2706 4570 2767 4607 τε
2811 4552 2906 4607 καὶ
2928 4549 3095 4623 ἀρετὴ
3137 4547 3358 4609 εἰκότως
3388 4542 3525 4616 μετά
3561 4540 3803 4613 κρίσεως

545 4646 670 4703 aliis
693 4662 821 4702 vero
849 4656 1097 4702 sanctum
1134 4645 1327 4701 merito
1347 4644 1530 4700 eﬂicit.
1557 4644 1616 4700 Si
1639 4646 1785 4701 enim
1818 4644 1913 4716 qui
1942 4644 2115 4714 legem

545 4732 666 4803 ejus
717 4734 1217 4805 transgrediuntur.
1257 4750 1354 4806 per
1403 4735 1577 4806 ipsam
1624 4735 2117 4809 transgressionem

548 4823 699 4878 illum
727 4824 1058 4881 inhonorant
1082 4843 1096 4892 ;
1126 4826 1220 4896 qui
1250 4825 1489 4882 divinam
1520 4828 1693 4899 legem
1718 4835 2112 4899 exsequuntur,

549 4913 667 4969 vice
698 4931 876 4980 versa,
917 4932 1015 4985 per
1061 4916 1182 4986 ejus
1236 4918 1646 4975 exsecutionem
1696 4934 1880 4990 regem
1935 4920 2114 4991 ipsum

546 5006 640 5076 qui
694 5006 866 5078 legem
913 5008 1063 5064 dedit
1109 5008 1319 5065 honore
1368 5009 1631 5075 aliiciunt,
1676 5009 1943 5081 judicium
1996 5011 2118 5082 ejus

546 5097 835 5169 diligentes
866 5118 879 5155 :
910 5101 1144 5157 scientes
1177 5104 1389 5174 justum
1422 5119 1546 5160 esse
1570 5103 1836 5174 judicium
1866 5104 2009 5175 ejus,
2052 5119 2119 5161 ac

546 5207 608 5247 se
625 5190 807 5249 divina
827 5194 1047 5262 praemia
1068 5203 1462 5252 consecuturos
1492 5212 1635 5260 esse,
1662 5197 1791 5268 quia
1813 5197 2116 5254 secundum

545 5283 883 5340 voluntatem
917 5284 1039 5355 ejus
1068 5286 1157 5357 pie
1186 5293 1241 5342 et
1264 5286 1413 5358 juste
1434 5294 1681 5359 egerunt.

588 5466 593 5469 ’
617 5465 783 5524 Vsus.
814 5469 868 5524 5.
896 5467 974 5522 Tu
1004 5470 1209 5537 parasti
1230 5468 1565 5534 directiones,
1589 5471 1854 5539 judicium
1882 5481 1934 5526 et
1952 5470 2120 5542 justi-

550 5558 679 5614 tiam
720 5561 773 5614 in
802 5559 968 5616 Jacob
1001 5570 1054 5614 tu
1083 5561 1271 5631 fecisti.
1324 5562 1574 5618 Exaltate
1611 5564 1898 5618 Dominum
1951 5561 2121 5617 Deum

545 5662 807 5715 nostrum,
860 5661 967 5709 etc.
1032 5654 1224 5721 Nemo,
1267 5653 1466 5726 inquit,
1496 5656 1772 5711 existimet
1818 5655 1905 5710 hic
1953 5654 2120 5711 alium

651 5807 695 5843 "
738 5809 778 5865 ll
810 5807 933 5865 Cor.
970 5828 1053 5877 ιν,
1091 5811 1174 5868 I8.
1250 5812 1296 5847 "
1334 5802 1569 5873 Philipp.
1605 5825 1675 5873 ιι.
1718 5810 1817 5870 10.
1861 5813 1943 5866 ll.

2216 4627 2330 4711 τοῖς
2354 4647 2452 4719 μὲν
2492 4645 2748 4716 ὲπίφοὸον
2775 4645 3007 4698 ποιεῖται
3032 4640 3094 4694 τὸ
3130 4639 3301 4710 ὄνομα
3340 4633 3525 4700 αὑτοῦ,
3578 4632 3695 4696 τοῖς
3745 4627 3805 4684 δὲ

2219 4740 2393 4809 ἅγιον.
2445 4739 2509 4791 El
2543 4736 2653 4810 γὰρ
2702 4735 2753 4789 οἱ
2805 4731 3225 4806 παραϐαίνοντες
3261 4724 3424 4782 αὐτοῦ
3454 4724 3547 4779 τὸν
3610 4724 3800 4797 νόμον,

2217 4832 2282 4885 δι’
2307 4830 2470 4885 αὐτοῦ
2490 4828 2584 4884 τοῦ
2614 4826 2967 4900 παραϐαίνειν
2992 4820 3345 4894 ἀτιμάζουσιν
3381 4816 3577 4873 αὐτόν’
3612 4818 3663 4871 oi
3696 4834 3800 4871 κα-

2217 4923 2537 4997 τορθοῦντες
2586 4922 2677 4976 τὸν
2707 4919 2848 4974 θεῖον
2870 4918 3032 4990 νόμον
3081 4915 3150 4968 δι’
3200 4911 3365 4970 αὐτοῦ
3411 4909 3507 4964 τοῦ
3549 4910 3800 4981 ἐνεργεῖν

2224 5015 2364 5072 κατά
2394 5015 2589 5069 ταύτὸν
2617 5011 2816 5084 τιμῶσι
2853 5010 2945 5065 τὸν
2992 5006 3425 5080 νομοθετήσαντα
3449 5000 3615 5056 αὐτὸν
3642 5000 3801 5071 βασι-

2222 5107 2342 5174 λέα,
2368 5104 2685 5175 ἀγαπῶντες
2712 5102 2808 5174 τὴν
2842 5102 2972 5173 παρ’
2995 5096 3160 5153 αὐτοῦ
3205 5095 3408 5170 κρίσιν,
3443 5092 3801 5163 ἐπιστάμενοι

2219 5197 2427 5251 δίκαιον
2474 5196 2536 5249 τὸ
2593 5197 2768 5268 κρῖμα
2826 5191 3012 5254 αὑτοῦ,
3056 5189 3148 5244 καὶ
3192 5189 3274 5242 ὅτι
3314 5186 3589 5253 τεύξονται
3635 5183 3800 5238 θείων

2220 5286 2482 5359 ἀμοισῶν,
2520 5287 2660 5340 κατά
2712 5286 2769 5339 τὸ
2799 5284 3045 5358 βούλημα
3098 5279 3286 5347 αὐτοῦ,
3321 5277 3560 5341 εὐσεϐῶς
3592 5275 3691 5329 καὶ
3719 5275 3801 5329 διο

2224 5377 2392 5439 καίως
2429 5374 2897 5446 πολιτευσάμενοι.

2290 5471 2376 5524 Σὺ
2412 5470 2743 5539 ἡτοίμασας
2796 5467 3145 5534 εὐθύτητας,
3176 5463 3380 5533 κρίσιν
3412 5462 3513 5516 καί
3568 5460 3798 5512 om-

2220 5561 2421 5628 σύνην
2433 5561 2503 5614 ἐν
2529 5558 2729 5615 Ἰακὼϐ
2739 5558 2820 5613 σὺ
2851 5558 3167 5626 ἐποίησας.
3183 5554 3430 5625 Ὺψοῦτε
3444 5552 3669 5620 Κύριον
3686 5548 3802 5603 τὸν

2226 5649 2375 5707 Θεὸν
2419 5647 2609 5720 ἡμῶν,
2669 5648 2765 5704 καὶ
2815 5646 2884 5703 τὰ
2922 5646 3066 5719 ἑξῆς.
3104 5644 3328 5718 Μηδεὶς,
3346 5642 3500 5716 φησὶ,
3517 5637 3802 5712 νομίζοιτο
