4040 6210
302 319 436 376 {257

1420 311 1926 371 COMMENTARIA
1962 313 2030 372 ια
2056 313 2404 388 rsswos.

3393 308 3537 370 ηδε

296 434 481 505 ἕτερον
516 427 654 486 εἶναι
678 431 770 487 τὸν
792 431 1023 487 ἐνταῦθα
1049 391 1493 503 δοξολογούμενον
1529 431 1733 504 Κύριον
1774 431 1870 487 τοῦ

1990 433 2253 490 lominum
2285 430 2456 504 gloria
2502 425 2792 491 celebrari,
2828 441 2990 498 quam
3036 423 3207 481 Deum
3235 424 3328 495 qui
3367 425 3540 496 legem

296 521 431 577 Θεοῦ
458 521 552 576 τοῦ
580 521 1037 595 νομοθετήσαντος
1060 524 1117 576 ἐν
1148 526 1211 594 τῇ
1243 524 1452 595 ἐρήμῳ.
1479 523 1551 576 Σὺ
1563 523 1693 594 γὰρ,
1718 523 1869 594 φησὶ,

298 609 495 684 Κύριε,
528 606 589 666 οὗ
614 611 711 684 τὴν
747 611 1022 681 βασιλείαν
1053 612 1399 682 θεσπίζομεν,
1442 610 1605 676 αὐτὸς
1638 610 1714 665 ὢν
1744 628 1873 685 τυγο

302 701 503 774 χάνεις,
534 703 562 755 ὁ
581 703 675 755 καὶ
700 702 777 773 τῷ
802 703 865 756 ὲκ
889 702 1188 774 περιτομῆς
1210 701 1322 773 λαῷ
1339 701 1519 773 κρίσιν
1547 704 1642 756 καὶ⁵
1669 702 1875 757 δικαιο-

302 792 467 864 σύνην
487 792 877 864 διαταξάμενος
909 794 1050 846 κατὰ
1089 792 1187 865 τὴν
1220 793 1462 846 δοθεῖσαν
1494 792 1677 857 αὐτοῖς
1714 811 1869 866 νομο-

1974 526 2124 583 dedit
2174 526 2229 580 in
2261 525 2496 581 deserto.
2538 519 2623 577 Tu
2651 520 2822 585 enim,
2858 519 3058 590 inquit,
3093 516 3343 581 Domine,
3382 516 3543 587 cujus

1975 633 2204 688 regnum
2248 616 2633 679 vaticinamur,
2662 614 2805 668 idem
2856 612 2973 682 ipse
3004 626 3064 666 es
3104 608 3195 681 qui
3243 609 3444 681 populo
3476 625 3539 664 es

1974 705 2390 762 circumcisione
2422 703 2689 773 judicium
2719 710 2773 757 et
2793 701 3064 772 justitiam
3098 700 3421 771 praecepisti,
3453 715 3544 755 se-

1974 799 2211 854 cundum
2236 805 2496 853 statutam
2533 795 2669 866 ipsis
2701 795 2898 865 legem,
2926 791 3348 863 justiﬁcationes
3376 799 3430 846 et
3452 790 3546 858 ju-

300 882 866 955 θεσίαν,δικαιὼματα
897 885 991 938 καὶ
1014 884 1257 958 κρίματα
1288 883 1666 957 περιέχουσαν.
1701 885 1775 938 Σὺ
1818 883 1875 939 δὲ

1990 891 2114 946 licia
2154 891 2623 960 complectentem.
2656 885 2738 941 Tu
2777 894 2957 941 autem
2999 886 3116 955 ipse
3156 884 3361 955 parasti
3403 881 3548 937 dire-

301 978 464 1041 αὐτὸς
492 977 589 1031 καὶ
620 976 920 1049 εὐθύτητας
947 976 1248 1048 ἡτοίμασας
1277 974 1419 1031 κατὰ
1454 975 1543 1029 τὸν
1568 975 1669 1047 τῆς
1714 976 1877 1030 ἀντα-

301 1068 573 1132 ποδόσεως
593 1067 782 1140 καιρὸν
802 1067 1278 1139 ἁποδοθησομένας
1301 1069 1412 1132 τοῖς
1431 1066 1755 1137 φυλάττουσι
1780 1065 1876 1138 τὴν

303 1158 484 1233 κρίσιν
512 1157 608 1213 καὶ
631 1158 731 1230 τὴν
749 1157 1115 1229 δικαιοσύνην.
1142 1154 1405 1224 Μωῦσῆς
1432 1156 1533 1210 καί
1573 1153 1788 1224 Ἀαρὼν
1809 1155 1880 1209 ἐν

303 1250 429 1318 τοῖς
458 1249 719 1319 ἱερεῦσιν
743 1248 950 1316 αὐτοῦ,
982 1249 1081 1304 καί
1116 1247 1399 1319 Σαμουὴλ
1423 1248 1494 1301 ἐν
1522 1247 1648 1314 τοῖς
1678 1248 1881 1301 ἐπικα-

303 1336 620 1407 λουμένοις
650 1336 717 1391 τὸ
746 1337 931 1407 ὄνομα
951 1336 1156 1392 αὑτοῦ.
1185 1335 1619 1390 Ἐπεκαλοῦντο
1647 1337 1752 1390 τὸν
1766 1336 1883 1390 Κύ-

295 1446 454 1497 ριον,
504 1428 603 1483 καί
653 1428 836 1495 αὐτὸς
875 1426 1217 1497 είσήκουεν,
1262 1428 1332 1482 ἐν
1370 1429 1574 1493 στύλῳ
1620 1428 1883 1498 νεφέλης

304 1518 513 1575 ἐλάλει
552 1519 705 1589 πρὸς
739 1521 982 1588 αὐτούς.
1046 1521 1433 1590 Ἐφύλαο-σον
1480 1520 1552 1575 τὰ
1588 1520 1883 1590 μαρτύρια

301 1612 514 1678 αὑτοῦ,
542 1612 642 1668 καί
667 1611 740 1666 τὰ
756 1612 1178 1683 προστάγματα
1212 1611 1251 1667 d
1281 1612 1503 1667 ἔδωκεν
1527 1614 1750 1679 αὐτοῖς.
1785 1613 1880 1677 Τὸ,

304 1706 379 1758 El
397 1705 792 1759 ἐπιστεύσατε
805 1703 1051 1774 Μωῦσῇ,
1072 1705 1466 1759 ἐπιστεύσατε
1481 1703 1697 1774 ἂνέμοι
1712 1721 1727 1735 ο
1752 1703 1885 1773 περὶ

1975 984 2206 1047 ctiones,
2236 979 2613 1036 retributionis
2637 986 2883 1048 tempore
2909 977 2977 1032 iis
3000 975 3303 1031 reddendas
3326 973 3419 1044 qui
3456 974 3573 1043 Ῑιιιοκ

1975 1074 2177 1131 dicium
2230 1080 2284 1129 et
2336 1071 2606 1142 justitiam
2664 1068 3044 1143 custodierint.
3102 1096 3171 1107 —
3207 1064 3457 1126 Vens.6,
3492 1064 3543 1118 7.

1978 1165 2186 1236 Moyses
2212 1174 2262 1219 et
2286 1164 2465 1218 Aaron
2495 1163 2550 1216 in
2582 1160 2942 1217 sacerdotibus
2981 1159 3120 1229 ejus,
3141 1169 3190 1213 et
3215 1156 3433 1213 Samuel
3462 1158 3547 1209 iu-

1980 1270 2056 1314 ter
2083 1275 2169 1314 eos
2194 1261 2283 1328 qui
2302 1258 2545 1311 invocant
2587 1270 2774 1309 nomen
2804 1253 2939 1323 ejus.
2989 1249 3314 1305 lnvocabaut
3366 1248 3549 1303 Domi-

1980 1367 2129 1415 num,
2160 1362 2207 1404 et
2241 1350 2348 1418 ipse
2378 1345 2697 1402 exaudiebat
2715 1362 2826 1409 eos,
2856 1345 2910 1398 in
2934 1344 3178 1398 columna
3201 1341 3354 1396 nubis
3380 1341 3552 1411 loque-

1981 1441 2138 1495 batur
2186 1438 2255 1494 ad
2288 1457 2396 1503 eos,
2424 1436 2787 1493 custodiebant
2839 1436 3135 1491 testimonia
3178 1434 3313 1505 ejus,
3339 1441 3385 1487 et
3410 1446 3550 1501 pra-

1980 1544 2130 1603 cepta
2182 1548 2299 1602 qua:
2341 1530 2485 1585 dedit
2523 1531 2654 1586 illis.
2709 1527 2868 1595 Illud,
2905 1528 2965 1584 Si
3026 1527 3309 1582 crederetis
3352 1522 3549 1594 Moysi,

1982 1626 2259 1682 crederetis
2304 1626 2481 1695 utique
2527 1624 2677 1689 mihi,
2710 1625 2774 1679 de
2806 1641 2885 1679 me
2940 1624 3076 1679 enim
3125 1620 3215 1676 ille
3244 1618 3549 1689 scripsit",

1984 1718 2228 1789 ejusdem
2260 1718 2543 1775 sententia:
2579 1729 2663 1774 est
2710 1726 2873 1791 atque
2916 1717 3005 1773 illa
3035 1730 3154 1785 quae
3193 1713 3305 1783 jam
3355 1719 3554 1765 tracta-

305 1797 419 1868 γὰρ
445 1797 590 1868 ἐμοῦ
617 1797 847 1865 ἐκεῖνος
870 1797 1114 1869 ἔγραψε,
1135 1798 1234 1868 τῆς
1258 1793 1351 1852 οὖν
1372 1798 1541 1869 αὐτῆς
1560 1797 1741 1868 ἔχεται
1768 1797 1883 1850 δια-

1990 1828 2128 1866 mus.
2161 1809 2295 1864 Nam
2326 1790 2811 1880 eumdem,inqnit,
2831 1815 2886 1864 et
2910 1806 3208 1865 nonalium
3242 1803 3552 1860 Dominum.

305 1888 458 1955 νοίας
512 1890 607 1944 καὶ
652 1891 720 1945 τὰ
771 1891 1126 1963 προκείμενα.
1162 1888 1363 1943 Τοῦτον
1385 1889 1494 1960 γὰρ
1520 1889 1612 1942 τὸν
1654 1887 1879 1961 Κύριον,

303 1985 402 2036 καὶ
429 1986 527 2053 οὐχ
556 1988 764 2055 ἐτερον,
790 1982 945 2055 φησὶ,
974 1983 1065 2035 τὸν
1096 1984 1152 2036 ὲν
1182 1981 1259 2052 τῷ
1286 1982 1511 2053 παρόντι
1532 1978 1886 2051 θεολογούμε-

301 2090 427 2137 νον,
465 2073 560 2127 καὶ
600 2073 844 2143 Μωῦοῆς
886 2072 978 2127 καὶ
1013 2070 1219 2143 Ἀαρὼν
1256 2072 1350 2125 καὶ
1382 2071 1667 2144 Σαμουὴλ,
1706 2071 1802 2125 καὶ
1835 2070 1888 2125 εἴ

301 2177 390 2226 τις
423 2162 624 2233 ἔτερος,
643 2161 750 2216 είτε
775 2162 1089 2235 προφητῶν,
1117 2162 1226 2216 εἴτε
1256 2162 1469 2233 ἱερέων,
1498 2163 1881 2219 ἐπεκαλοῦντο.

306 2254 420 2308 Καὶ
446 2248 599 2319 οὗτος
622 2250 690 2328 ἦν
721 2255 882 2319 αὐτὸς
910 2255 939 2308 ὁ
963 2254 1058 2309 τοῦ
1099 2254 1233 2309 Θεοῦ
1256 2256 1448 2325 Λόγος,
1510 2256 1605 2310 καὶ
1650 2255 1747 2310 νῦν
1792 2255 1887 2309 ἐπὶ

306 2346 516 2411 πάντας
546 2346 671 2412 τοὺς
691 2346 854 2410 λαοὺς
880 2346 1083 2418 ὑψηλὸς
1114 2348 1394 2420 ὑπάρχων,
1431 2347 1527 2402 καὶ
1561 2346 1711 2421 παρὰ
1752 2348 1886 2401 πᾶσι

305 2440 420 2501 τοῖς
462 2437 640 2491 ἔθνεσι
682 2438 1054 2511 δοξαζόμενος,
1089 2442 1118 2494 ὁ
1161 2441 1429 2495 κάκείνων
1472 2441 1769 2494 είσακούων
1793 2441 1888 2495 καὶ

305 2529 484 2584 λαλῶν
512 2531 698 2595 αὐτοῖς
746 2532 804 2585 ὲν
845 2531 1021 2603 στύλῳ
1062 2531 1311 2602 νεφέλης.
1356 2530 1471 2584 Οὐκ
1499 2530 1673 2595 άλλως
1699 2530 1757 2585 δὲ
1786 2530 1889 2602 τῆς

306 2620 577 2694 τοσαύτης
608 2623 763 2690 ἀξίας
794 2623 982 2694 ἔτυχον
1013 2625 1061 2677 οἱ
1094 2622 1443 2695 δηλωθέντες,
1472 2623 1519 2676 εί
1546 2621 1623 2697 μὴ
1647 2624 1729 2676 ὅτι
1754 2622 1889 2690 ἐφύ-

306 2713 500 2771 λαττον
528 2714 598 2769 τὰ
621 2715 898 2789 μαρτύρια
944 2716 1131 2782 αὐτοῦ,
1172 2716 1266 2770 καὶ
1296 2716 1356 2769 τὸ
1399 2716 1724 2789 προσταγμα
1750 2716 1779 2771 ὃ
1806 2716 1892 2770 δέ·

308 2807 481 2863 δωκεν
520 2809 722 2872 αὐτοῖς.
764 2806 950 2872 Οὕτως
997 2804 1090 2861 οὖν
1131 2808 1226 2861 καὶ
1259 2810 1394 2880 ἡμῖν
1426 2806 1512 2862 διὰ
1550 2808 1648 2880 τῆς
1680 2806 1892 2878 Καινῆς

312 2896 591 2969 Διαθήκης
635 2898 663 2951 ὁ
708 2896 871 2960 αὐτὸς
932 2895 1332 2968 προστάγματα
1377 2897 1472 2951 καὶ
1517 2896 1754 2962 ἐντολὰς,
1795 2896 1892 2951 καὶ

318 2989 592 3064 μαρτύρια
624 2988 841 3054 ἔδωκεν,
895 2988 1034 3063 άπερ
1092 2988 1140 3041 εί
1184 2988 1569 3059 φυλάττοιμεν,
1604 2987 1713 3043 τῶν
1761 2986 1892 3041 ἴσων

312 3080 408 3134 καὶ
434 3080 586 3135 αὐτοὶ
604 3078 1146 3151 καταξιωθησόμεθα.

1984 1902 2076 1974 qui
2102 1901 2214 1972 jam
2239 1901 2383 1957 Deus
2406 1901 2752 1972 praedicatur,
2773 1899 3008 1971 Moyses.
3030 1899 3210 1952 Aaron
3229 1906 3283 1952 et
3315 1894 3553 1955 Samuel“,

1985 2009 2047 2048 ac
2070 1994 2118 2049 si
2132 1994 2257 2064 quis
2278 1992 2440 2058 alius,
2465 1990 2579 2048 Sive
2602 1991 3009 2063 prophetarum,
3041 1990 3155 2045 sive
3183 1986 3555 2050 sacerdotum,

1983 2086 2332 2144 invocabant.
2365 2084 2436 2140 Et
2479 2085 2569 2140 hic
2626 2092 2745 2140 erat
2786 2082 2964 2153 ipsum
3018 2080 3115 2136 Dei
3151 2078 3410 2141 Verbum,
3444 2076 3558 2147 jam

1986 2177 2128 2248 apud
2174 2190 2365 2232 omnes
2395 2174 2626 2247 populos
2668 2172 2946 2228 excelsum
2988 2177 3043 2225 et
3079 2167 3219 2240 apud
3273 2167 3559 2222 universas

1984 2274 2177 2339 gentes
2205 2266 2377 2337 gloria
2400 2264 2675 2326 all‘ectum,
2707 2261 2861 2333 quod
2890 2261 3016 2315 illos
3054 2259 3183 2339 olim
3211 2257 3557 2321 exaudiebat,

1987 2338 2042 2414 et
2065 2358 2123 2413 in
2147 2359 2406 2413 columna
2432 2355 2596 2411 nubis
2630 2355 2955 2427 loquebatur
2990 2352 3055 2406 ad
3084 2338 3202 2407 eos.
3235 2349 3419 2421 Neque
3452 2348 3559 2405 alio

1988 2450 2152 2507 modo
2183 2448 2469 2505 memorati
2502 2448 2604 2503 viri
2634 2454 2839 2501 tantam
2876 2444 3192 2515 dignitatem
3231 2441 3379 2496 nacti
3402 2448 3555 2505 sunt,

1990 2543 2094 2599 nisi
2125 2542 2253 2614 quia
2288 2541 2601 2597 testimonia
2629 2538 2750 2609 ejus
2779 2544 2833 2594 et
2855 2543 3207 2609 praeceptum,
3242 2534 3388 2605 quod
3409 2532 3562 2590 dedit

1990 2637 2120 2700 illis,
2181 2632 2580 2691 custodiebant.
2646 2629 2740 2686 Sic
2800 2630 2987 2700 itaque
3040 2627 3130 2683 ille
3185 2641 3281 2698 per
3343 2624 3556 2684 Novum

1991 2728 2400 2785 Testamentum
2431 2731 2706 2798 praecepta
2738 2729 2794 2779 et
2835 2720 3088 2777 mandata
3119 2728 3285 2789 atque
3313 2718 3561 2772 testimo-

1992 2821 2081 2875 nia
2122 2821 2280 2878 nobis
2304 2820 2472 2887 dedit,
2502 2833 2623 2890 quae
2657 2816 2703 2873 si
2747 2815 3146 2877 custodiamus,
3174 2812 3323 2886 paria
3358 2817 3417 2866 et
3450 2809 3560 2884 ipsi

1993 2911 2378 2968 obtinebimus.

381 3171 556 3239 Κύριε
581 3171 724 3237 Θεὸς
754 3147 939 3241 ἠμῶκ,
965 3147 1047 3225 σὺ
1090 3170 1387 3239 ἐπήκουες
1417 3171 1634 3237 αὐτῶν,
1657 3172 1740 3228 σὺ
1774 3174 1888 3228 εὐτ-

2064 3155 2231 3212 Vsns.
2261 3156 2314 3212 8.
2346 3155 2570 3209 Domine
2598 3155 2738 3209 Deus
2774 3162 2970 3216 noster,
3006 3160 3063 3205 tu
3101 3147 3422 3205 exaudiebas
3442 3161 3560 3212 eos,

313 3261 500 3326 ,πατος
535 3260 739 3330 ἐγένου
764 3261 987 3328 αὐτοῖς,
1019 3262 1117 3316 καὶ
1154 3261 1406 3316 ἐκδικῶν
1431 3263 1529 3317 ἐπὶ
1584 3262 1784 3318 πάντα
1821 3262 1893 3318 τὰ

313 3349 749 3420 ἐπιτηδεύματα
776 3351 991 3406 αὐτῶν.
1017 3352 1112 3418 Σὺ,
1136 3352 1323 3424 φησιν,
1344 3354 1372 3405 ὸ
1406 3352 1669 3426 ἡμέτερος
1694 3353 1898 3424 Κύριος

315 3440 414 3495 καὶ
441 3440 594 3506 Θεὸς,
626 3445 655 3497 ὁ
679 3442 786 3497 τῶν
818 3442 987 3498 ὲθνῶν
1018 3443 1293 3519 βασιλεὺς,
1324 3446 1352 3499 ὁ
1373 3445 1463 3514 ὑφ’
1501 3445 1658 3517 ήμῶν
1688 3462 1894 3518 κηρυτ-

315 3534 560 3605 τδμενος,
615 3536 771 3600 αὐτος
810 3532 954 3608 ἦσθα
1005 3538 1033 3590 ὁ
1083 3536 1177 3590 καὶ
1216 3535 1325 3589 τῶν
1365 3538 1507 3609 ἀμφὶ
1539 3537 1767 3599 Μωῦσέα
1801 3538 1896 3592 καὶ

328 3623 541 3696 ’Δαρὼν
570 3627 860 3680 ὑπακούων
892 3668 907 3694 ,
937 3629 1032 3683 καὶ
1057 3629 1157 3700 τῆς
1178 3627 1448 3699 τοσαύτης
1470 3628 1700 3693 ἐκείνοις
1731 3646 1896 3700 μετα-

313 3715 493 3780 διδοὺς
543 3717 875 3795 παρρησίας,
931 3719 1260 3794 ίλεουμένοις
1303 3737 1362 3774 σε
1396 3720 1537 3792 ὑπὲρ
1563 3719 1658 3773 τοῦ
1689 3735 1895 3791 παρορυ

315 3808 564 3878 γίζοντος
591 3810 743 3875 λαοῦ,
780 3811 873 3864 καὶ
913 3810 1111 3883 πολλῆς
1153 3813 1348 3878 αὐτοὺς
1380 3812 1545 3878 ἀξιῶν
1585 3813 1890 3884 εὐμενείας.

317 3900 383 3955 El
407 3901 523 3972 γὰρ
543 3903 635 3955 καί
658 3920 797 3956 τισιν
844 3903 1149 3969 ἀσθενείαις
1181 3906 1535 3979 περιέπιπτον
1566 3905 1643 3970 ὡς
1686 3904 1896 3978 ἄνθρω-

317 4006 435 4058 ποι,
483 3992 560 4055 ὡς
601 3994 839 4064 Μωῦσῆς
890 3995 984 4048 ἐπὶ
1030 3998 1094 4067 τῇ
1130 3995 1357 4068 ἀπιστίᾳ
1403 3996 1500 4049 τοῦ
1539 3995 1759 4062 ὓδατος,
1800 3995 1895 4049 καὶ

331 4082 542 4155 ’Δαρὼν
558 4085 650 4137 ἐπὶ
667 4087 737 4159 τῇ
759 4087 1100 4159 μοσχοποιίᾳ,
1130 4089 1215 4152 σὺ,
1240 4087 1314 4151 ὡς
1340 4087 1659 4157 παναγάθου
1689 4087 1894 4159 πατρὸς

322 4174 634 4243 πανάγαθος
676 4176 808 4240 υἱὸς,
866 4177 1023 4241 ἵλεως
1072 4179 1253 4244 αὐτοῖς
1309 4179 1511 4247 ὲγίνου,
1563 4177 1893 4250 συγγνώμην

321 4268 503 4338 νέμων
529 4271 596 4340 τῇ
631 4267 797 4340 θνητῇ
834 4269 1103 4341 ἀσθενείᾳ.
1136 4270 1245 4324 Καὶ
1277 4270 1530 4325 ἐκδικῶν
1568 4270 1665 4325 ἐπὶ
1700 4270 1897 4324 πάντα

323 4360 397 4414 τὰ
435 4360 876 4430 ἐπιτηδεύματα
912 4361 1129 4416 αὐτῶν.
1164 4362 1225 4416 El
1259 4364 1355 4417 καὶ
1387 4360 1571 4427 ἔδοξάν
1603 4380 1677 4426 τι,
1706 4363 1890 4433 φησιν,

326 4451 660 4525 ἁμαρτάνειν
706 4452 782 4517 ὡς
826 4452 1121 4524 ἄνθρωποι,
1154 4453 1267 4507 ἀλλ’
1302 4454 1579 4519 ἐπαίδευες
1610 4454 1807 4518 αὐτοὺς
1838 4456 1895 4507 ὲν

325 4536 409 4605 οἷς
440 4542 687 4607 παιδείας
727 4542 957 4598 ἐδέοντο.
998 4543 1284 4615 Ἦλέγχετο
1317 4546 1427 4618 γὰρ
1455 4548 1545 4599 ἐπὶ
1572 4545 1665 4600 τοῦ
1694 4548 1895 4618 μόσχου

324 4632 649 4706 ἁμαρτήσας
689 4634 917 4707 Ἀαρὼν,
946 4635 1040 4689 καὶ
1067 4636 1304 4709 Μωῦσῆς
1338 4637 1431 4690 ἐπὶ
1464 4637 1557 4690 τοῦ
1580 4636 1771 4697 ὓδατος
1793 4636 1896 4708 τῆς

325 4722 654 4793 ἀντιλογίας.

408 4814 651 4884 Ὺψοῦτε
686 4819 904 4887 Κύριον
942 4818 1045 4872 τὸν
1077 4818 1225 4873 Θεὸν
1261 4817 1450 4888 ἡμῶν,
1485 4820 1584 4873 καὶ
1631 4835 1897 4889 προσκυ-

322 4905 481 4961 νεῖτε
516 4910 603 4975 είς
651 4908 787 4977 ὄρος
818 4910 988 4974 ἅγιον
1026 4911 1232 4974 αὑτοῦ,
1273 4911 1362 4964 ὅτι
1407 4910 1573 4980 ἅγιος
1605 4914 1820 4979 Κύριος
1865 4913 1899 4965 ό

329 4998 474 5065 Θεὸς
499 5000 686 5070 ἡμῶν.
723 5003 901 5073 Μηδὲν
928 5003 1202 5065 ταπεινὸν,
1232 5004 1385 5075 φησὶ,
1428 5003 1519 5056 καὶ
1560 5002 1896 5076 ἀνθρώπινον

328 5091 568 5159 περὶτοῦ
603 5093 808 5166 Κυρίου
833 5098 1078 5164 φρονεῖτε
1096 5111 1109 5124 ⁸
1141 5094 1258 5149 ἀλλ’
1294 5093 1489 5163 ὑψοῦτε
1524 5094 1683 5148 αὐτὸν
1717 5093 1897 5166 ὑψηλά

330 5179 488 5252 περὶ,
520 5181 683 5234 αὑτοῦ
737 5182 1077 5248 δοξάζοντες,
1139 5182 1233 5237 καὶ
1297 5183 1359 5236 τὸ
1414 5182 1689 5255 προσῆκον
1745 5180 1895 5254 αὺτῷ

329 5273 727 5342 προσενέγκατε
783 5273 966 5339 σέϐας.
999 5275 1162 5347 Ὄρος
1187 5274 1244 5329 δὲ
1279 5274 1433 5344 ἅγιον
1478 5273 1645 5328 πάλαι
1700 5273 1799 5346 μὲν
1832 5274 1897 5330 τὸ

328 5359 473 5417 Σιὼν⁴
530 5366 792 5428 ἐκαλεῖτο,
840 5366 935 5420 νῦν
988 5367 1045 5421 δὲ
1111 5368 1211 5439 τῆς
1252 5366 1579 5436 θεογνωσίας
1622 5366 1685 5421 τὸ
1725 5366 1892 5436 ὕψος-

328 5451 472 5508 obsto
483 5452 590 5524 γὰρ
608 5457 699 5507 καὶ
726 5457 951 5520 ἮσαῙας
971 5459 1065 5511 καὶ
1079 5457 1316 5527 Μιχαίας
1343 5456 1635 5510 ὲθέσπισαν
1651 5471 1666 5487 ο
1686 5456 1898 5511 Ἔσται

328 5548 400 5603 ἐν
417 5546 545 5613 ταῖς
562 5546 845 5615 ἐσχάταις
870 5548 1111 5617 ἡμέραις
1123 5548 1384 5617 ἐμφανὲς
1394 5546 1458 5601 τὸ
1480 5547 1618 5614 ὄρος
1638 5546 1861 5614 Κυρίου
1878 5564 1892 5577 ·

404 5730 452 5768 υ
489 5727 646 5783 .loan.
686 5744 737 5794 ιι,
776 5726 863 5783 40.
942 5728 984 5756 "
1027 5727 1107 5781 lsa
1174 5741 1247 5786 ιι,
1278 5725 1312 5777 ε
1341 5723 1546 5794 ς-Μίειι.
1581 5740 1664 5790 ιν,
1696 5722 1748 5777 1.

1997 3258 2052 3304 ιιι
2080 3250 2338 3319 propitius
2363 3249 2516 3319 fuisti
2536 3248 2636 3311 eis,
2659 3256 2709 3300 et
2738 3246 2995 3299 ulciscens
3026 3245 3081 3297 in
3105 3258 3282 3298 omnes
3310 3238 3562 3294 adiuven-

1996 3342 2163 3397 tiones
2183 3356 2391 3397 eorum.
2425 3339 2531 3404 Tu,
2566 3338 2762 3409 inquit,
2795 3335 3060 3391 Dominus
3084 3344 3139 3390 et
3168 3334 3309 3389 Deus
3350 3338 3560 3397 noster,

1995 3435 2234 3490 omnium
2260 3449 2380 3499 rex,
2418 3432 2567 3503 quia
2599 3430 2762 3487 nobis
2789 3427 3131 3501 praedicaris,
3154 3426 3272 3496 ipse
3295 3438 3421 3480 eras
3466 3422 3564 3497 qui

1996 3527 2235 3595 M'oysem
2270 3534 2325 3581 et
2379 3524 2655 3579 Aaronem
2706 3521 3056 3585 exaudiebas,
3090 3534 3154 3574 ac
3197 3524 3403 3572 tantam
3451 3514 3575 3570 illis.

1996 3617 2236 3673 addebas
2265 3615 2541 3677 ﬁduciam,
2569 3628 2694 3668 cum
2739 3624 2793 3667 te
2819 3610 3171 3667 exacerbanti
3204 3606 3405 3678 populo
3435 3618 3571 3675 prm

1995 3710 2190 3779 pitium
2241 3705 2550 3767 redderent,
2580 3704 2784 3774 quique
2812 3698 2946 3757 illos
2966 3700 3139 3754 multa
3185 3695 3571 3753 benevolentia.

1996 3799 2313 3872 dignabare.
2347 3797 2575 3854 Etiamsi
2605 3795 2749 3852 enim
2795 3795 2851 3848 in
2897 3790 3165 3863 quasdam
3219 3785 3566 3843 inﬁrmitates

1996 3892 2330 3955 laberentur,
2366 3897 2555 3958 utpote
2581 3887 2851 3949 homines,
2870 3878 3326 3955 quemadmodum
3353 3875 3568 3948 Moyses

1995 3984 2052 4040 in
2086 3983 2521 4041 incredulitatem
2546 3981 2694 4037 circa
2727 3992 2946 4050 aquam,
2982 3983 3037 4031 et
3062 3975 3242 4029 Aaron
3265 3971 3322 4026 in
3357 3968 3568 4026 conlla~

1996 4075 2201 4131 tionem
2252 4073 2442 4137 vituli;
2484 4082 2541 4128 tu
2581 4079 2641 4127 ut
2662 4070 2854 4142 Optimi
2900 4067 3081 4139 patris
3109 4065 3348 4137 optimus
3386 4062 3562 4127 ﬁlius,

1994 4167 2265 4238 propitius
2294 4165 2437 4238 ipsis
2473 4178 2620 4228 eras,
2652 4176 2716 4218 ac
2768 4160 2983 4215 mortali
3026 4155 3329 4212 infirmitati
3351 4152 3563 4209 veniam

1996 4256 2358 4312 concedebas.
2417 4252 2486 4307 Et
2534 4252 2788 4307 ulciscens
2838 4252 2894 4305 in
2942 4264 3135 4304 omnes.
3171 4244 3566 4303 adinventiones

1996 4363 2199 4402 eorum.
2248 4344 2497 4408 Etiamsi,
2529 4343 2726 4414 inquit,
2758 4338 3246 4411 utpote-homines,
3288 4332 3564 4402 inaliquo

1999 4453 2224 4509 peccare
2252 4436 2595 4501 viderentur,
2619 4442 2677 4487 tu
2699 4431 3006 4501 castigabas
3034 4444 3151 4492 eos,
3182 4441 3305 4483 cum
3332 4424 3566 4495 castiga-
3663 4448 3667 4509 ἐ

1930 4507 1974 4562 ί)
1997 4499 2147 4586 tione
2180 4544 2319 4601 opus
2347 4536 2483 4585 erat.
2510 4499 2646 4581 Nam
2698 4525 2765 4580 de
2797 4499 3030 4579 conﬂato
3059 4521 3230 4575 vitulo
3259 4519 3443 4572 Aaron
3475 4530 3565 4571 re-

1999 4600 2387 4693 darguebatur,
2422 4617 2723 4689 etMuyses
2763 4614 2903 4686 apud
2942 4627 3139 4684 aquam
3178 4604 3566 4665 contradictio-
3624 4600 3665 4679 ,ξ

2000 4731 2103 4771 IIIS.

2073 4812 2237 4866 Vens.
2286 4809 2339 4863 9.
2390 4805 2635 4860 Exallate
2666 4799 2946 4857 Dominum
3000 4797 3171 4852 Deum
3221 4803 3483 4858 nostrum,
3512 4801 3562 4848 et

2001 4904 2219 4957 adnrate
2250 4903 2305 4955 in
2342 4906 2726 4953 monte-sancto
2764 4893 2904 4964 ejus,
2929 4890 3179 4964 quoniam
3207 4897 3422 4943 sanatus
3454 4884 3565 4939 Do-

2003 4995 2178 5049 minus
2208 4992 2345 5046 Deus
2389 4998 2584 5044 noster.
2614 4984 2779 5047 Nihil,
2829 4984 3026 5054 inquit;
3056 4979 3271 5036 humile
3289 4985 3346 5034 et
3373 4978 3564 5031 Imma-

2002 5100 2133 5141 num
2156 5084 2224 5139 de
2240 5082 2468 5138 Domino
2512 5078 2744 5145 sentite;
2798 5074 2910 5132 sed
2940 5071 3157 5130 excelsa
3186 5070 3260 5126 de
3292 5068 3387 5123 illo
3412 5062 3564 5133 cogi-

2003 5185 2180 5233 tantes
2217 5177 2394 5246 lpsum
2443 5172 2695 5233 esaltute.
2756 5169 2985 5239 ipsique
3012 5163 3261 5221 debitum
3310 5157 3563 5216 exhibete

2000 5271 2228 5327 cultum.
2253 5266 2408 5323 Mons
2436 5272 2615 5320 autem
2647 5272 2873 5318 sanctus
2900 5259 3029 5313 olim
3079 5255 3210 5311 Sion
3240 5249 3560 5308 vocabatur.

2002 5377 2148 5417 nunc
2178 5374 2307 5415 vero
2330 5358 2533 5412 divinas
2579 5354 2885 5411 sublimitas
2911 5345 3280 5420 cognitionis;
3312 5340 3387 5394 ita
3413 5333 3562 5391 enim

2002 5453 2173 5509 Isaias
2200 5459 2255 5508 et
2300 5449 2551 5505 Michaeas
2577 5444 2860 5503 vaticinati
2885 5447 3016 5498 sunt
3046 5455 3061 5490 :
3095 5434 3213 5490 Erit
3249 5432 3305 5485 in
3338 5425 3563 5483 novissic

2004 5545 2104 5600 mis
2140 5543 2322 5599 diebus
2351 5541 2664 5612 manifestus
2706 5551 2854 5592 mons
2900 5527 3207 5589 Domini”;
3240 5520 3293 5577 id
3325 5526 3431 5584 est,
3462 5515 3571 5575 Del
