4044 6212
528 325 669 386 1239
1188 325 1457 384 EUSEBII
1486 327 1963 389 CESARIENS-IS
1993 326 2146 393 OPP.
2178 333 2356 391 PARS
2386 332 2474 391 lli.
2515 366 2586 375 —
2626 332 3057 392 EXEGETICA.‘
3632 340 3654 395 i
3665 340 3782 396 210

527 448 766 520 cognitio
806 453 991 514 aperta
1043 445 1299 504 omnibus
1332 447 1457 505 erit.
1509 445 1645 505 Nam
1708 453 1825 522 ipse
1874 467 2124 527 quoque,

2191 455 2466 511 τουτέστιν
2504 455 2662 529 ὴτοῦ
2694 455 2832 512 Θεοῦ
2876 457 3077 527 γνῶσις
3106 459 3243 513 πᾶσι
3280 458 3413 532 δήλη
3454 462 3779 535 γενήσεται.

526 537 821 608 Apostolus
866 544 1108 595 montem
1162 536 1294 594 Sion
1339 536 1681 611 spiritualem
1732 548 1983 616 agnovit;
2016 551 2095 605 ait

2197 544 2319 605 οἶδε
2340 548 2447 622 γὰρ
2477 550 2571 603 καὶ
2593 552 2623 605 6
2663 548 2983 614 ’Δπόστολος
3007 551 3194 623 νοητὸν
3216 551 3341 624 δρος
3371 551 3510 606 Σιών
3528 570 3541 583 ·
3572 556 3780 622 Προσ-

524 631 726 700 (ιύἰρρο
759 644 775 681 '.
812 630 1122 686 Accessistis
1151 630 1221 686 ad
1274 642 1502 688 montem
1548 632 1700 700 Sion,
1733 646 1782 691 et
1829 640 2093 697 civitatem

2194 642 2526 709 εληλύθατε
2552 640 2661 714 γὰρ
2680 640 2802 710 ὄρει
2849 639 3005 697 Σιὼν
3035 642 3134 696 καὶ
3163 643 3335 698 πόλει
3379 644 3527 699 Θεοῦ
3554 644 3782 715 ζῶντος

525 720 622 776 Dei
646 722 878 787 viventis,
929 721 1230 779 Jerusalem
1270 725 1585 781 cwlestem‘.
1620 725 1884 786 Jubemur
1912 732 2094 805 itaque

2206 729 2593 801 Ἰερουσαλὴμ
2646 731 3003 801 ἐπουρανίῳ.
3066 732 3528 806 Προστετάγμεθα
3589 736 3780 791 τοίνυν

525 828 624 884 pro
650 813 847 870 collata
876 814 1036 873 nobis
1065 830 1097 871 a
1126 814 1238 873 Deo
1256 818 1569 888 cognitione
1590 821 1692 893 ipsi
1718 822 2090 884 adorationem

2193 822 2337 877 κατὰ
2366 823 2464 895 τὴν
2490 822 2730 877 δοθεῖσαν
2746 824 2876 895 ἡμῖν
2901 823 3006 878 ὑπὸ
3041 822 3176 877 Θεοῦ
3208 823 3409 892 γνῶσιν
3441 826 3782 898 προσφέρειν

523 898 764 959 oil'erre:
807 903 900 975 qui
959 903 1226 962 Dominus
1251 918 1439 963 noster
1484 915 1590 978 est,
1624 912 1750 982 quia
1804 930 1903 971 nos
1949 919 2090 975 servi

2193 912 2341 984 αὐτῷ
2375 912 2773 986 προσκύνησιν·
2819 915 2877 979 ὃς
2915 916 3009 969 καὶ
3056 915 3260 984 Κύριος
3303 916 3460 988 ἡμῶν
3515 918 3666 973 ἐστιν
3698 919 3778 983 ὡς

523 992 646 1064 ejus
674 1011 895 1064 sumus;
927 1005 984 1053 et
1014 995 1161 1054 Deus
1218 997 1348 1054 item
1390 1007 1492 1065 est,
1529 1008 1716 1073 utpote
1748 1006 1949 1078 Opifex.
1993 1014 2092 1064 At-

2193 1002 2413 1064 δούλων.
2443 1005 2536 1059 καλ⁸
2563 1005 2695 1069 Θεὸς
2715 1006 2791 1070 ὡς
2828 1006 3089 1077 πλάστης.
3132 1006 3271 1061 Ἀλλ’
3299 1008 3440 1063 οὕτω
3479 1008 3580 1082 μὲν
3607 1029 3776 1066 πνευ-

523 1102 633 1159 que
654 1087 731 1144 ita
756 1088 1028 1161 spirituali
1054 1105 1206 1146 more
1229 1091 1499 1160 psalmum
1526 1093 1914 1168 intelligamus.

1664 1095 1914 1168 ligamus.
2196 1091 2572 1166 ματικώτερον
2593 1093 2684 1148 τὸν
2706 1093 2916 1166 ψαλμὸν
2949 1097 3260 1169 νοήσαιμεν.

686 1181 1009 1255 PSALMUS
1044 1199 1112 1256 IN
1152 1199 1699 1263 CONFESSIONEM.
1742 1206 1927 1265 XCIX.

2403 1209 2700 1264 ΨΑΛΜΟΣ
2730 1210 2838 1263 ΕΙΣ
2861 1210 3406 1267 ΕΞΟΜΟΛΟΙἮΣΙΝ.
3439 1213 3552 1282 ιβ’.

595 1286 763 1347 Vens.
799 1288 854 1357 2,
888 1291 942 1346 3.
1002 1289 1239 1347 lubilate
1311 1292 1557 1363 Domino,
1599 1300 1767 1354 omnis
1829 1311 1987 1356 terra.
2035 1302 2091 1359 Id

2274 1300 2641 1367 'A.1a.id£ate
2670 1300 2749 1367 τῷ
2784 1302 2978 1370 Κιφίφ
3014 1303 3182 1359 πᾶσα
3205 1306 3244 1372 ἡ
3279 1305 3380 1375 τῆ.
3413 1308 3676 1362 Τουτὲστι
3702 1310 3778 1364 τὰ

523 1391 630 1448 est,
653 1391 843 1454 gentes
873 1398 995 1453 quae
1039 1383 1094 1438 in
1140 1392 1283 1438 terra
1330 1394 1498 1441 sunt:
1530 1403 1652 1458 quae
1687 1390 1772 1446 liis
1801 1393 1983 1449 verbis
2020 1394 2088 1450 ad

2191 1391 2286 1447 ἐπὶ
2305 1394 2410 1463 γῆς
2442 1392 2567 1464 ἔθνη
2587 1409 2601 1422 ·
2636 1394 2729 1446 καὶ¹
2759 1392 2848 1446 διὰ
2870 1392 3074 1448 τούτων
3102 1394 3363 1467 κέκληται
3395 1395 3488 1448 ἐπὶ
3513 1395 3778 1467 ἐξομολό-

523 1475 881 1548 pristinorum
924 1483 1272 1545 peccatorum
1322 1476 1724 1535 confessionem
1766 1492 2087 1551 evocantur,

2190 1500 2353 1555 γησιν
2380 1483 2489 1536 τῶν
2523 1483 2800 1554 προτέρων
2853 1485 3287 1557 ἁμαρτημάτων,
3338 1487 3398 1539 ἐν
3435 1481 3517 1552 οἷς
3554 1488 3779 1543 ἐκαλιν-

524 1565 581 1620 in
611 1564 811 1636 quibus
847 1564 1067 1636 quando
1112 1567 1382 1625 idolorum
1430 1573 1604 1627 errori
1665 1573 1861 1631 dedita:
1910 1588 2090 1643 erant,

2190 1574 2377 1629 δοῦντο
2424 1576 2513 1629 ὅτε
2568 1576 2636 1647 τῇ
2685 1574 3056 1650 εἰδωλολάτρῳ
3108 1581 3398 1649 προσεῖχον
3441 1579 3641 1651 πλάνῃ.
3678 1579 3779 1633 Διὸ

520 1655 928 1712 volutabantur.
960 1656 1324 1724 Quamobrem
1380 1663 1626 1732 psalmus
1665 1664 1964 1737 inscriptus
2007 1676 2092 1725 est

2191 1663 2596 1737 ἐπιγέγραπται
2648 1664 2861 1737 ψαλμὸς
2884 1670 2989 1735 Εἰς
3024 1668 3482 1740 ἐξομολόγησιν.
3510 1672 3776 1726 Δουλεύ-

525 1745 593 1801 Iu
623 1748 1023 1819 confessionem.
1063 1747 1267 1808 Seroite
1313 1752 1540 1808 Domino
1578 1755 1635 1811 in
1670 1754 1882 1823 (mitia,
1916 1759 2090 1830 ipsius
2120 1827 2122 1830 ι

2191 1770 2341 1809 σατε
2373 1754 2452 1822 τῷ
2483 1756 2681 1823 Κυρίῳ
2716 1755 2787 1810 ἐν
2839 1758 3208 1827 εὐφροσύνῃ,
3251 1758 3610 1825 ὑποϐαλόντες
3647 1761 3777 1813 ἑαυ-

519 1838 652 1913 jugo
674 1856 772 1897 vos
809 1840 1211 1898 submittentes.
1242 1841 1476 1900 Perinde
1512 1861 1747 1919 namque
1779 1858 1863 1905 est
1886 1826 2091 1906 servire

2190 1847 2317 1911 τοὺς
2338 1846 2419 1918 τῷ
2448 1847 2615 1902 αὐτοῦ
2660 1847 2833 1920 ζυγῷ.
2870 1850 3096 1922 Ὅμοιον
3122 1851 3230 1923 γάρ
3265 1852 3385 1905 ἐστι
3412 1852 3473 1906 τὸ
3499 1852 3777 1908 δουλεύειν

523 1932 651 2004 ipsi,
679 1939 845 2003 atque
895 1933 1101 1989 servire
1129 1933 1263 1999 luci,
1309 1944 1365 1989 et
1409 1936 1616 1994 servire
1656 1938 1804 2004 vitae,
1850 1941 2086 2008 veritati,

2189 1934 2338 2011 αύτῷ
2369 1939 2446 2011 τῷ
2503 1939 2773 1995 δουλεύειν
2825 1940 2997 2011 φωτὶ,
3061 1942 3153 1995 καὶ
3200 1940 3468 1997 δουλεύειν
3511 1941 3628 2015 ζωῇ
3679 1945 3776 1999 καὶ

519 2023 748 2096 iustitiae
775 2034 828 2081 et
863 2025 1139 2079 sanctitati
1173 2041 1186 2076 :
1224 2028 1338 2081 hac
1358 2027 1558 2099 quippe
1591 2031 1776 2086 omnia
1822 2032 2089 2103 Dominus

2187 2028 2436 2102 ἀληθείᾳ,
2479 2031 2573 2084 καὶ
2613 2030 2927 2106 δικαιοσύνῃ
2968 2031 3063 2085 καὶ
3107 2033 3398 2104 ἁγιασμῷ·
3437 2035 3618 2089 πάντα
3661 2036 3773 2108 γὰρ

522 2126 626 2172 est.
661 2114 884 2171 Introite
912 2118 964 2170 in
1008 2126 1285 2187 conspectu
1331 2118 1444 2188 ejus
1486 2122 1542 2175 in
1600 2123 1972 2181 exsultatione.
2029 2126 2087 2181 Si

2186 2119 2360 2176 ταῦτά
2391 2122 2538 2178 ἐστιν
2577 2125 2606 2176 6
2660 2123 2883 2195 Κύριος.
2933 2124 3249 2179 Εὶσέλθετε
3287 2125 3542 2181 ἐνώπιον
3578 2129 3774 2185 αὑτοῦ

522 2209 648 2280 quis
678 2217 861 2265 autem
888 2224 999 2266 non
1054 2212 1256 2268 serviat
1293 2213 1396 2284 ipsi
1444 2213 1500 2268 in
1556 2213 1761 2278 latitia,
1792 2232 1862 2273 ne
1892 2219 2089 2274 audeat

2187 2212 2655 2285 ἐνάγαλλιὰσει.
2701 2217 2764 2270 Ei
2806 2216 2865 2271 δέ
2910 2234 2993 2281 τις
3033 2217 3106 2290 μὴ
3134 2217 3373 2273 δουλεύοι
3405 2220 3552 2292 αύτῷ
3593 2223 3656 2275 ἐν
3683 2225 3774 2277 εὐ-

519 2303 833 2373 conspactui
863 2302 983 2374 ejus
1011 2318 1073 2361 se
1094 2304 1311 2369 sistere,
1342 2306 1509 2361 illotis
1537 2306 1768 2376 pedibus
1803 2310 1869 2365 ad
1904 2309 2091 2368 Eccle-

2188 2303 2452 2375 φροσύνῃ,
2486 2304 2562 2375 μὴ
2589 2304 2841 2376 τολμάτω
2878 2305 3131 2377 παριέναι
3172 2306 3402 2362 ἐνώπιον
3437 2307 3628 2374 αὑτοῦ,
3656 2310 3775 2363 ἀνι-

521 2392 663 2449 siam
685 2391 806 2462 ejus
839 2392 1129 2449 accedens.
1171 2392 1369 2449 Scitote
1398 2395 1647 2466 quoniam
1686 2393 1945 2453 Dominus
1975 2399 2089 2470 ipse

2186 2409 2342 2457 πτοις
2396 2396 2522 2448 ποσὶ
2559 2393 2920 2465 παραϐάλλων
2954 2398 3032 2459 εἰς
3065 2396 3163 2468 τὴν
3203 2398 3531 2471 Ἐκκλησίαν
3578 2399 3769 2455 αὑτοῦ.

518 2481 758 2540 est'Deus
786 2498 807 2539 :
834 2484 944 2554 ipse
973 2483 1096 2556 fecit
1114 2502 1232 2552 nos,
1259 2495 1308 2542 et
1330 2503 1433 2541 non
1460 2487 1562 2558 ipsi
1585 2505 1702 2553 nos,
1723 2490 1946 2559 populus
1969 2493 2087 2563 ejus

2185 2484 2388 2538 Γνῶτε
2427 2483 2517 2539 ὅτι
2566 2487 2783 2553 Κύριος
2823 2488 3006 2554 αὐτός
3049 2487 3220 2541 ἐστιν
3266 2491 3300 2543 ό
3363 2490 3507 2557 Θεός
3530 2507 3545 2520 ·
3582 2491 3772 2559 αὐτὸς

517 2585 569 2632 et
588 2591 703 2632 oves
721 2593 932 2646 pascua:
974 2594 1110 2648 ejus.
1141 2578 1276 2634 Cum
1334 2578 1479 2635 enim
1537 2582 1850 2639 noverimus
1906 2586 2085 2655 Ipsum

2184 2569 2475 2640 ἐποίησεν
2522 2571 2699 2642 ἡμᾶς,
2746 2574 2847 2627 καὶ
2890 2577 3002 2646 οὐχ
3032 2576 3223 2644 ἡμεῖς,
3266 2579 3417 2645 λαὸς
3441 2580 3632 2634 αὑτοῦ
3670 2581 3766 2636 καὶ

517 2664 711 2735 Deum,
738 2668 917 2736 ipsum
941 2666 1230 2725 Dominum
1256 2684 1399 2738 esse,
1428 2676 1561 2726 tunc
1591 2686 1688 2741 per
1721 2672 1867 2727 illam
1898 2675 2089 2745 cogni-

2184 2663 2448 2730 πρόϐατα
2473 2663 2661 2734 νομῆς
2681 2665 2887 2721 αὐτοῦ.
2919 2667 3086 2722 Ὅταν
3116 2668 3226 2741 γὰρ
3246 2668 3461 2741 γνῶμεν
3489 2670 3574 2724 ὅτι
3606 2670 3770 2735 αὐτὸς

517 2758 721 2816 tionem
744 2761 799 2816 in
825 2752 1176 2833 conspectum
1204 2762 1324 2832 ejus
1352 2762 1606 2834 ingressi,
1631 2765 1809 2836 ipsum
1834 2766 2084 2838 Opiﬁcem

2185 2755 2315 2820 Θεός
2346 2758 2513 2824 ἐστιν,
2540 2759 2702 2823 αὐτὸς
2725 2761 2754 2813 6
2787 2759 3010 2833 Κύριος,
3052 2761 3116 2837 τὸ
3145 2761 3397 2833 τηνικάδε
3460 2762 3630 2816 αὐτοῦ
3671 2764 3770 2818 τοῦ

517 2858 767 2909 nostrum
809 2869 933 2910 esse
977 2853 1376 2910 conﬁtebimur.
1417 2855 1573 2924 Quod
1632 2858 1776 2914 enim
1838 2874 1948 2915 non
1983 2875 2086 2917 nos

2185 2848 2470 2917 γινώσκειν
2494 2848 2722 2904 ἐνώπιον
2746 2851 2910 2904 αὐτοῦ
2938 2851 3375 2924 εἰσεληλυθότες,
3407 2853 3504 2907 καὶ
3536 2854 3771 2927 ποιητὴν

516 2944 620 3014 ipsi
667 2960 769 3001 nos
809 2944 1117 3012 faciamus,
1162 2947 1268 3002 etsi
1319 2954 1576 3004 auctores
1625 2948 1908 3005 videamur
1962 2965 2085 3007 esse

2184 2940 2391 2995 ἑαυτῶν
2409 2941 2812 3013 ὁμολογήσομεν
2828 2943 3007 2997 αὐτόν.
3034 2944 3155 2998 Ὀτι
3170 2944 3227 2998 δὲ
3244 2945 3339 3015 οὐχ
3359 2946 3519 3016 ἡμεῖς
3544 2947 3769 3010 ἑαυτοὺς

517 3036 886 3108 generationis
925 3036 1245 3102 liberorum,
1297 3038 1425 3094 hinc
1474 3040 1654 3111 palam
1696 3048 1804 3109 est,
1831 3041 1978 3113 quod
2014 3058 2083 3097 ex

2185 3032 2467 3104 ποιοῦμεν,
2485 3034 2587 3087 κᾶν
2615 3034 2777 3087 αἴτιοι
2799 3034 3042 3107 δοκῶμεν
3065 3037 3351 3107 τυγχάνειν
3378 3037 3480 3109 τῆς
3506 3038 3616 3112 τῶν
3641 3040 3770 3095 παί-

518 3134 674 3199 patre
692 3135 747 3183 et
771 3135 944 3185 matre
967 3127 1135 3201 geniti
1153 3127 1258 3184 Job
1280 3136 1335 3184 et
1356 3127 1551 3196 David,
1597 3131 1759 3187 ambo
1786 3139 1971 3187 tamen
1999 3131 2083 3186 di-
2109 3174 2115 3212 η

2182 3124 2286 3179 δων
2314 3124 2597 3195 γενέσεως,
2647 3125 2805 3197 δῆλον
2862 3125 3146 3182 ἐντεῦθεν·
3176 3131 3239 3184 ἐκ
3283 3130 3489 3203 πατρὸς
3524 3130 3637 3203 γὰρ
3674 3133 3770 3187 καὶ

516 3225 647 3273 cant
674 3236 690 3275 :
720 3216 916 3275 Manus
946 3231 1051 3276 tua
1070 3219 1303 3290 fecerunt
1328 3237 1410 3277 me
1442 3231 1493 3277 et
1518 3222 1913 3291 plasmaverunt
1934 3241 2021 3279 «τηε
2037 3225 2080 3291 ³,

2190 3218 2395 3291 μητρὸς
2435 3219 2715 3289 γενόμενοι
2753 3217 2872 3271 Ἰὼϐ
2918 3220 3011 3273 καὶ
3060 3219 3243 3285 Δαυῒδ,
3288 3222 3450 3291 φασιν
3489 3223 3764 3295 ἑκάτεροι,

517 3322 583 3365 ac
600 3308 849 3366 Jeremiae
874 3311 990 3382 ipse
1035 3310 1180 3368 Deus
1209 3312 1323 3366 ait:
1354 3313 1649 3382 Antequam
1703 3324 1751 3370 te
1798 3315 2085 3385 formarent

2182 3313 2253 3365 Ai
2279 3308 2472 3379 xeipéc
2496 3324 2612 3364 σου
2660 3309 2958 3378 ἐποίησάν
2983 3328 3060 3381 με
3105 3312 3203 3365 καὶ
3230 3311 3510 3369 ἔπλασαν
3534 3332 3643 3385 με·
3669 3317 3767 3372 καὶ

513 3397 572 3454 iu
595 3408 763 3468 utero,
787 3402 905 3456 noui
939 3402 1044 3458 te'.
1076 3401 1210 3457 Nam
1244 3419 1490 3467 uxorem,
1515 3422 1638 3476 qua:
1689 3422 1877 3463 errore
1922 3408 2084 3463 ducta

2183 3401 2320 3472 πρὸς
2360 3400 2627 3473 Ἱερεμίαν
2659 3400 2819 3467 αὐτὸς
2844 3402 2873 3454 6
2903 3400 3056 3466 Θεὸς,
3107 3401 3228 3471 Πρὸ
3276 3403 3383 3458 τοῦ
3419 3422 3497 3474 με
3530 3404 3767 3481 πλάσαι

512 3489 635 3546 viro
659 3506 762 3548 suo
796 3491 1013 3549 dicebat
1043 3511 1059 3549 :
1087 3494 1194 3549 Aut
1242 3494 1314 3549 da
1350 3495 1478 3549 mihi
1504 3495 1721 3559 liberos,
1765 3498 1851 3552 sin
1884 3499 2082 3562 minus,

2182 3506 2258 3546 σε
2284 3491 2356 3545 ἐν
2377 3493 2592 3559 κοιλίᾳ,
2639 3493 2965 3563 ἐπίσταμαι
2999 3510 3094 3549 σε.
3130 3495 3209 3566 Τῇ
3241 3495 3372 3565 γοῦν
3408 3497 3763 3569 ὲσῳαλμένακ

515 3580 692 3647 occide
712 3581 853 3649 me‘,
886 3583 993 3649 vir,
1020 3598 1146 3639 cum
1174 3584 1396 3656 sapiens
1419 3593 1588 3652 esset,
1622 3586 1786 3644 docte
1835 3587 2086 3660 increpat

2182 3581 2411 3656 λεγούσῃ
2432 3583 2509 3655 τῷ
2530 3584 2786 3656 ἁνδρὶ,“Η
2802 3584 2906 3652 δός
2932 3602 3034 3655 μοι
3064 3587 3263 3653 τέκνα,
3295 3590 3348 3642 ει
3380 3586 3448 3642 δὲ
3468 3587 3572 3659 μὴ,
3601 3589 3749 3643 ἁπόυ

512 3669 602 3727 bis
630 3672 812 3730 verbis
845 3688 858 3725 :
897 3671 1151 3745 Nunquid
1189 3689 1284 3744 pro
1305 3674 1417 3732 Deo
1437 3692 1529 3748 ego
1564 3675 1656 3731 tibi
1685 3693 1822 3745 sum,
1860 3680 1949 3749 qui
1975 3680 2087 3748 pri-

2182 3678 2418 3732 κτεινόν
2432 3694 2530 3747 με,
2564 3678 2723 3748 σοφὸς
2738 3678 2814 3732 ῶν
2852 3680 2880 3732 6
2925 3679 3088 3754 ἀνὴρ,
3128 3680 3464 3751 δογματικῶς
3496 3682 3751 3754 ἐπιτιμᾷ,

512 3760 652 3812 vovit
688 3766 737 3811 te
767 3757 944 3827 fructu
986 3759 1262 3814 ventris“?
1292 3760 1519 3817 Etiamsi
1566 3761 1712 3817 enim
1779 3772 1963 3834 patres
2009 3762 2090 3818 vi-

2180 3770 2279 3839 Μὴ
2303 3769 2435 3824 ἀντὶ
2474 3768 2621 3824 Θεοῦ
2665 3785 2766 3824 σοι
2798 3769 2916 3840 εἰμὶ
2944 3770 3079 3841 ἐγὼ,
3112 3771 3180 3838 ὃς
3197 3770 3483 3842 ἐστέρησέ
3507 3787 3583 3827 σε
3614 3790 3760 3842 καρ-

511 3848 745 3904 deantur
775 3849 977 3907 liberos
1020 3866 1345 3922 procreare,
1371 3861 1426 3908 at
1455 3852 1600 3909 Deus
1635 3854 1760 3911 illos
1782 3855 1945 3911 cilicii
1975 3871 1987 3908 :
2019 3871 2085 3911 ac

2182 3856 2301 3910 πόν
2320 3858 2590 3921 κοιιίίαςπ
2613 3857 2676 3910 Εἰ
2706 3857 2813 3931 γὰρ
2839 3859 2933 3913 καὶ⁸
2959 3859 3206 3915 δοκοῦσιν
3229 3863 3279 3915 οἱ
3321 3864 3553 3935 πατέρες
3585 3865 3761 3920 ποιεῖν

514 3937 607 3994 ille
625 3938 841 4009 quidem
875 3955 1042 3996 causa
1061 3951 1165 4005 est,
1194 3944 1272 3998 illi
1316 3959 1447 4001 vero
1484 3956 1870 4018 cooperantur,
1899 3957 2087 4019 utpote

2180 3949 2248 4003 τὰ
2269 3949 2453 4012 τέκνα,
2490 3949 2605 4003 ἀλλ’
2637 3944 2730 4004 οὖν
2770 3952 2799 4003 6
2847 3950 2977 4015 Θεὸς
3026 3950 3197 4006 ταῦτα
3226 3956 3395 4007 ποιεῖ·
3433 3956 3529 4008 καὶ
3577 3955 3608 4007 6
3662 3954 3763 4027 μὲν

513 4028 946 4100 quijussuiejus
980 4033 1234 4102 primitus
1264 4033 1393 4095 dato
1432 4037 1832 4093 obsecundent.
1879 4038 2083 4116 Quam-

2179 4041 2370 4106 αἴτιος,
2403 4042 2452 4095 οἱ
2474 4041 2530 4095 δὲ
2556 4041 2837 4110 συναίτιοι,
2872 4042 2949 4107 ὡς
2978 4043 3056 4116 τῷ
3082 4043 3140 4112 ἐξ
3169 4045 3341 4116 ἀρχῆς
3374 4043 3539 4099 αὐτοῦ
3574 4047 3763 4102 διακο-

511 4120 703 4177 obrem
732 4120 890 4175 multi
922 4123 1024 4177 etsi
1049 4122 1250 4180 liberos
1293 4125 1577 4195 suscipere
1623 4134 1933 4198 peropteut,
1970 4144 2080 4185 non

2179 4132 2394 4198 νοῦντες
2421 4134 2822 4206 προστάγματι.
2851 4133 2950 4188 Διὰ
2979 4134 3138 4189 τοῦτο
3187 4136 3389 4201 πολλοὶ,
3422 4138 3601 4193 καίτοι
3642 4142 3763 4196 ἑπι-

509 4218 743 4283 possunt
786 4220 991 4268 tamen.
1050 4211 1412 4286 Symmachus
1456 4233 1589 4273 vero
1636 4218 1754 4272 ait:
1789 4217 1908 4289 Ipse
1957 4220 2082 4290 fecit

2181 4224 2477 4297 θυμοῦντες
2510 4224 2864 4291 παιδοποιεῖν,
2893 4227 2953 4280 οὐ
2982 4225 3254 4284 δύνανται.
3294 4227 3351 4284 Ὀ
3378 4229 3435 4284 δὲ
3465 4229 3760 4303 Σύμμαχός

506 4319 629 4371 nos,
656 4321 761 4361 non
781 4306 1112 4363 exsistentes.
1138 4306 1252 4363 Nos
1271 4318 1445 4364 autem
1472 4311 1695 4380 populus
1722 4328 1937 4383 pascua:
1964 4314 2079 4383 ejus

2180 4336 2368 4391 φησιν,
2421 4319 2617 4386 Αὐτὸς
2650 4319 2939 4387 ἐποίησεν
2980 4319 3140 4391 ἡμᾶς
3179 4326 3291 4377 οὐκ
3344 4322 3553 4390 ὄντας·
3587 4324 3762 4393 ἡμεῖς

508 4408 559 4453 et
578 4414 693 4455 oves
724 4416 913 4457 manus
938 4402 1108 4458 illius.
1141 4400 1238 4457 liis
1265 4419 1394 4458 vero
1424 4419 1533 4458 nou
1551 4405 1887 4460 dominatum
1917 4405 2081 4462 modo

2177 4410 2247 4464 δὲ
2280 4410 2431 4478 λαὸς
2457 4410 2648 4482 νομῆς
2679 4411 2867 4466 αὐτοῦ
2903 4412 3002 4466 καὶ
3034 4413 3299 4482 πρόϐατα
3320 4413 3521 4484 χειρὸς
3547 4416 3757 4471 αὐτοῦ.

508 4506 701 4558 suum;
758 4492 857 4550 sed
903 4494 1068 4548 etiam
1119 4493 1514 4563 providentiam
1578 4511 1731 4552 suam
1773 4495 2105 4551 indicavit:

2179 4502 2277 4557 Διὰ
2324 4502 2528 4593 τούτων
2570 4504 2630 4556 ού
2675 4503 2834 4574 μόνον
2861 4502 2960 4576 τὴν
3001 4503 3335 4569 δεσποτείαν,
3374 4506 3511 4584 αλλὰ
3541 4510 3637 4560 καὶ
3659 4507 3760 4580 τὴν

505 4598 619 4638 non
662 4584 839 4640 solum
882 4586 1029 4641 enim
1082 4584 1348 4643 Dominus
1409 4597 1595 4646 noster
1641 4589 1880 4652 est;scd
1910 4592 2075 4645 etiam

2179 4583 2504 4666 κηδεμονίαν
2536 4593 2861 4667 ἐγνώρισεν·
2884 4596 2946 4649 ού
2977 4595 3137 4667 μόνον
3168 4595 3275 4668 γὰρ
3305 4597 3462 4669 ἡμῶν
3490 4598 3762 4672 δεσπότης

493 4683 695 4746 pastor
719 4691 844 4733 cum
874 4680 967 4740 sit.
1022 4668 1163 4734 bona
1191 4679 1351 4736 nobis
1379 4694 1584 4750 pascua
1610 4679 1788 4736 oll'ert.
1828 4679 1943 4736 Nos
1973 4698 2075 4734 au-

2178 4688 2347 4751 ὲστὶν,
2380 4685 2516 4741 ἀλλὰ
2538 4688 2633 4740 καὶ
2652 4687 2874 4759 ποιμὴν,
2896 4687 2994 4759 τὴν
3019 4688 3227 4759 ἀγαθὴν
3251 4692 3284 4761 ἡ
3292 4668 3406 4761 μῶν
3430 4668 3761 4764 προσφέρων

506 4776 612 4822 tem
654 4772 878 4838 populus
922 4771 1061 4841 ejus,
1107 4779 1295 4842 utpote
1323 4773 1505 4844 regis;
1530 4788 1660 4829 oves
1717 4783 1899 4829 autem
1927 4773 2072 4845 ejus,

2177 4782 2371 4851 νομήν.
2424 4778 2614 4850 Ἡμεῖς
2653 4779 2721 4833 δὲ
2740 4781 2891 4847 λαὸς
2932 4781 3141 4848 αὑτοῦ,
3180 4782 3255 4846 ὡς
3294 4782 3580 4854 βασιλέως,
3631 4785 3760 4856 πρό-

505 4869 695 4930 utpote
722 4864 958 4932 pastoris
996 4881 1010 4917 :
1048 4865 1283 4936 populus
1314 4876 1463 4931 sunt,
1497 4866 1592 4937 qui
1620 4867 1876 4923 meliores
1895 4874 1950 4923 et
1978 4881 2069 4921 ra-

2176 4871 2318 4925 ϐατα
2352 4870 2409 4925 δὲ
2432 4871 2509 4936 ὡς
2537 4872 2793 4943 ποιμένος
2812 4889 2825 4902 ·
2855 4872 2984 4936 λαὸς
3010 4875 3058 4926 oi
3093 4875 3371 4946 κρείττους
3397 4876 3493 4929 καὶ
3524 4874 3760 4943 λογικώ-

504 4949 913 5019 tionabiliores;
939 4968 1070 5009 oves
1117 4965 1324 5023 autem,
1355 4957 1449 5026 qui
1502 4957 1572 5013 iis
1606 4956 1894 5014 inferiores
1917 4966 2068 5027 sunt,

2175 4980 2323 5035 τεροι
2341 4981 2353 4994 ο
2387 4962 2634 5035 πρόϐατα
2645 4964 2694 5017 οἱ
2715 4964 3135 5036 ὑποϐεϐηκότες,
3160 4967 3254 5020 καὶ
3281 4967 3379 5039 τὴν
3409 4966 3759 5040 ἀλογωτέραν

503 5048 560 5094 et
587 5039 1103 5099 irrationabiliorem
1133 5047 1380 5103 ordinem
1402 5046 1677 5115 obtinent,
1716 5065 1895 5121 neque
1925 5050 2071 5106 divi-

2177 5056 2327 5121 τάξιν
2375 5055 2684 5126 ἐπέχοντες,
2725 5056 2819 5109 καὶ
2847 5057 2923 5128 μὴ
2982 5058 3039 5110 ὲν
3066 5057 3234 5129 πείρᾳ
3272 5058 3380 5114 τῶν
3404 5058 3565 5112 Θεὶων
3602 5039 3758 5123 ὸντες

502 5148 699 5189 norum
748 5136 1095 5193 oraculorum
1144 5141 1304 5210 periti
1348 5150 1513 5210 sunt;
1549 5143 1851 5200 secundum
1885 5143 2060 5200 illud:

2174 5147 2400 5216 λογίων·
2438 5147 2578 5202 κατὰ
2618 5147 2699 5210 τὸ,
2744 5148 3125 5218 Ἑπλωνήθην
3170 5150 3564 5218 ὠςπρόϐατον
3605 5151 3758 5206 d30-

503 5223 697 5281 Επανί
723 5224 859 5280 sicut
880 5226 989 5281 ouis
1016 5244 1131 5299 quw
1154 5232 1307 5299 periit
1322 5232 1363 5287 ⁸.
1388 5232 1653 5289 Caeterum
1674 5250 1799 5291 cum
1818 5237 2063 5292 omnium

2172 5242 2388 5308 λωλός.
2448 5240 2594 5313 Πλὴν
2641 5239 2777 5296 ἀλλὰ
2830 5241 3049 5295 πάντων
3100 5241 3233 5305 Θεὸς
3262 5241 3338 5294 ὢν
3372 5242 3465 5296 καὶ
3498 5241 3751 5315 ποιητὴς,

504 5311 735 5373 Βούδιοι
766 5319 1021 5374 conditor
1043 5321 1138 5387 sit,
1173 5324 1357 5378 omnia
1388 5333 1569 5391 vocat,
1603 5327 1786 5382 omnia
1808 5327 1911 5384 sibi
1937 5345 2068 5399 pro-

2174 5333 2354 5387 πάντα
2373 5332 2526 5387 καλεῖ
2552 5311 2657 5388 καὶ
2692 5331 3067 5398 ὲξοικειοῦται.
3107 5331 3479 5402 Ἀνθρώπους
3515 5311 3627 5407 γὰρ
3652 5311 3754 5390 καὶ

506 5402 623 5474 pria
640 5405 821 5465 edicit.
848 5407 1099 5484 Homines
1117 5415 1317 5485 quippe
1342 5424 1394 5469 et
1412 5415 1656 5484 jumenta
1677 5420 1847 5475 salvat
1863 5419 2006 5475 Deus
2023 5421 2066 5488 ";

2174 5425 2365 5493 κτήνη
2422 5422 2590 5486 σώζει
2629 5426 2662 5478 ό
2696 5424 2870 5491 Θεός·
2910 5426 3036 5488 τοὺς
3066 5424 3187 5497 μὲν,
3217 5425 3293 5490 ὡς
3319 5426 3446 5480 λαὸν
3467 5402 3656 5495 aii-:65,
3684 5429 3756 5485 τὲ

508 5498 632 5556 illos
650 5502 893 5572 quidem,
916 5513 976 5561 ut
1013 5509 1271 5579 populum
1310 5524 1507 5579 suum;
1545 5514 1637 5569 illa
1670 5531 1819 5579 vero,
1858 5524 1917 5570 ut
1937 5530 2069 5572 oves

1458 5527 1507 5579 I;
1545 5514 1637 5569 illa
1670 5531 1819 5579 vero,
1858 5524 1917 5570 ut
1937 5530 2069 5572 oves
2173 5516 2251 5581 δὲ,
2281 5516 2357 5582 ὡς
2385 5516 2634 5591 πρόϐατα
2664 5516 2847 5589 χειρὸς
2872 5516 3055 5572 αὐτοῦ.

509 5601 701 5650 manus
728 5609 859 5652 sua.

579 5704 1062 5798 ξμέίξςδτοικμιιριὲἓέ
1140 5718 1175 5798 ’_
1199 5717 1343 5798 iisal.
1376 5734 1542 5775 cxvut
1565 5763 1578 5786 ,
1610 5722 1716 5798 _7_5‘;
1748 5722 2013 5798 ,ἰοὺ-ηιξ,
2050 5726 2134 5781 10.

2211 5724 2466 5798 ’,ιονοιιλ
2503 5743 2559 5794 ι,
2602 5727 2653 5783 5.
2734 5728 2754 5758 ⁸
2793 5725 2927 5784 Gen.
2985 5744 3121 5795 xu,
3166 5731 3209 5782 ἰ.
3261 5727 3445 5798 Vulg,
3510 5726 3753 5798 alioquin

509 5783 724 5836 morior.
802 5783 822 5814 ⁸
861 5783 991 5841 ibid.
1026 5787 1079 5842 2.
1156 5788 1176 5820 ⁸
1215 5787 1355 5847 Psal.
1393 5783 1574 5848 cxvnt
1602 5783 1721 5851 H6.
1796 5795 1826 5864 ⁷,
1855 5783 2013 5852 Ρεοιί
2042 5812 2217 5852 xxxv.
2255 5796 2302 5853 7.
