4040 6210
497 315 640 372 ιεισ

1236 310 1504 370 EUSEBII
1531 303 2006 368 CASSARIENSIS
2041 303 2189 362 OPP.
2227 301 2405 358 PARS
2444 299 2530 358 ll].
2570 331 2638 344 —
2675 295 3086 354 EXEGETICA.

3611 289 3777 346 ii“

499 433 792 506 peccabam
822 432 957 490 :sed
995 432 1042 490 si
1087 432 1220 505 quid
1263 432 1397 488 mihi
1431 433 1752 487 humanitus
1783 424 2069 491 acciderit,

2195 423 2223 475 ιί
2245 421 2301 474 δὲ
2331 421 2424 476 καί
2455 439 2509 474 τι
2537 417 2736 491 συνέϐη
2784 415 3141 486 ἀνθρώπινον,
3183 410 3294 464 ἀλλ’
3328 409 3387 462 ού
3414 406 3777 478 προθεμένου

502 526 556 582 id
583 542 690 582 non
715 542 782 582 ex
808 527 1090 597 proposito
1118 541 1239 582 meo
1274 525 1478 580 factum
1508 531 1613 580 est.

573 617 736 672 Vens.
775 619 828 674 4.
873 616 994 673 Non
1040 618 1265 674 adhaesit
1301 616 1428 672 mihi
1462 633 1552 671 cor
1587 632 1827 685 pravum.
1863 614 2072 670 Diaboli

500 711 753 776 consilia,
802 720 992 782 utpote
1015 725 1138 782 quae
1179 719 1391 766 rectum
1439 709 1576 764 nihil
1606 709 1862 774 habeant,
1906 721 2073 778 prava

503 818 634 858 sane
657 813 710 857 et
736 817 986 873 perversa
1013 811 1165 869 sunt,
1204 818 1326 873 qua:
1355 816 1661 872 nunquam,
1697 800 1796 863 ait,
1834 798 1888 852 in
1912 796 2076 853 corde

504 894 743 950 admisi:
775 911 978 965 gnarus
1022 910 1174 961 vero,
1221 911 1346 950 eum
1395 895 1490 965 qui
1541 892 1778 948 adhaeret
1805 891 1957 961 justo
1984 890 2076 959 ju-

504 997 650 1045 stum
702 987 838 1053 fore,
872 1005 1087 1044 omnem
1133 1003 1450 1060 perversum
1507 1002 1592 1042 me
1645 987 1962 1054 contingere
2011 998 2076 1038 ac

506 1081 637 1134 mihi
677 1080 952 1135 adhaerere
979 1081 1305 1136 abnuebam.
1335 1077 1471 1133 Nam
1513 1087 1721 1133 rectum
1757 1091 1924 1130 curvo
1951 1089 2077 1130 coa-

505 1173 644 1241 ptari
687 1173 897 1242 nequit,
928 1180 1116 1242 utpote
1147 1172 1292 1242 quod
1312 1171 1586 1242 quadrare
1620 1176 1874 1238 nequeat.
1908 1167 2078 1222 Decli-

508 1273 664 1316 nante
695 1281 727 1316 a
751 1279 830 1317 me
852 1263 1084 1335 maligno
1112 1281 1215 1318 non
1236 1260 1628 1333 cognoscebam.
1661 1258 1758 1314 Vir
1781 1257 2074 1330 perfectus,

507 1359 599 1429 qui
627 1374 724 1413 cor
761 1374 1077 1428 perversum
1117 1374 1228 1415 non
1269 1357 1431 1412 habet
1462 1357 1517 1411 in
1546 1355 1690 1426 quod
1715 1355 1890 1424 possit
1923 1354 2079 1408 mali-

419 1464 436 1484 ~'
505 1467 647 1522 gnus
675 1452 912 1521 operari,
946 1450 1057 1505 Deo
1097 1450 1375 1520 repletur;
1405 1449 1480 1502 ita
1511 1457 1572 1503 ut
1621 1448 1914 1518 malignus,
1951 1461 2076 1501 cum

509 1544 686 1596 locum
718 1542 859 1611 apud
885 1557 1009 1595 eum
1039 1555 1148 1595 non
1192 1538 1450 1610 reperiat,
1479 1536 1714 1592 declinet
1741 1537 1810 1592 ab
1835 1551 1900 1592 eo
1933 1556 1946 1590 :
1980 1536 2079 1590 dea

508 1634 749 1689 clinante
779 1642 960 1688 autem
988 1632 1102 1696 illo,
1135 1631 1333 1701 inquit,
1361 1644 1471 1686 non
1495 1628 1912 1700 cognoscebam,
1950 1627 2078 1698 quia

509 1724 812 1794 praesentia:
855 1723 974 1793 ejus
1007 1737 1173 1779 sensu
1219 1720 1513 1777 destitutus
1548 1735 1720 1787 eram,
1752 1720 1846 1791 qui
1877 1734 1978 1774 nec
2013 1719 2080 1774 de

2181 530 2282 585 μου
2309 512 2467 566 τοῦτο
2489 513 2721 581 ἐγένετο.

2252 609 2373 662 Οὐκ
2401 603 2704 673 ἐκολλήθη
2733 619 2835 672 μοι
2868 599 3082 668 καρδία
3117 593 3376 664 σκαμϐή.
3409 592 3489 644 Τὰ
3519 589 3616 642 τοῦ
3645 588 3780 640 δια-

2179 700 2335 754 ϐόλου
2370 697 2731 770 βουλεύματα,
2767 695 2863 748 ἅτε
2899 691 3064 764 μηδὲν
3097 689 3252 752 εύθὲς
3293 687 3504 756 ἔχοντα,
3536 677 3779 752 σκαμΕά

2178 793 2239 847 τέ
2291 795 2407 846 ἐστι
2456 789 2548 844 καὶ
2593 784 3022 858 διεστραμμένα,
3074 782 3218 852 άπερ
3271 778 3529 832 οὐδέποτε
3583 777 3640 828 ἐν
3699 775 3776 844 τῇ

2181 885 2377 958 καρδίᾳ
2398 882 2758 952 εἰσ-δέδεγμαι,
2790 879 2972 949 φησιν·
3005 873 3160 937 είδὼς
3195 873 3271 936 δὲ,
3301 872 3382 923 ὅτι
3413 870 3442 920 ὁ
3479 865 3776 958 κολλώμε-

2180 955 2271 1037 νος
2315 955 2505 1042 δικαίῳ
2549 971 2753 1032 δίκαιος
2800 968 2974 1031 ἔσται,
3016 965 3192 1018 πάντα
3223 961 3545 1030 διάστροφον
3593 955 3778 1025 ἄνδρα

2183 1065 2544 1140 παρῃτούμην
2573 1057 2932 1116 σννάπτεσθαί
2961 1073 3052 1128 μοι
3088 1055 3184 1107 καὶ
3211 1049 3500 1106 κολλᾶσθαί
3542 1065 3658 1118 μοι.

2182 1138 2292 1231 γὰρ
2339 1156 2467 1211 εύθὺ
2512 1153 2592 1226 τῷ
2638 1149 2882 1224 στρεϐλῷ
2939 1146 3273 1216 ωναφθῆναι
3323 1143 3383 1195 ού
3431 1141 3656 1193 δύναται

2183 1227 2543 1322 ἀνάρμοστον.
2589 1245 3006 1306 Ἐκκλίνοντος
3038 1239 3138 1294 ἀπ’
3175 1234 3321 1306 ἐμοῦ
3358 1233 3463 1287 τοῦ
3491 1227 3780 1322 πονηρᾲἷ

2183 1321 2299 1398 οὐκί
2335 1342 2685 1412 ἐγίνωσκον.
2724 1336 2783 1389 '0
2823 1333 3045 1396 τέλειος,
3090 1328 3315 1401 καρδίαν
3363 1324 3606 1394 σκαμϐὴν
3630 1411 3637 1412 7
3661 1321 3779 1412 οὐκ

2185 1434 2343 1504 ἔχων,
2376 1407 2457 1494 εἰς
2506 1430 2569 1500 ἢν
2599 1427 2838 1498 ἐνεργεῖν
2877 1426 2906 1478 ὁ
2942 1420 3177 1492 πονηρὸς
3219 1417 3463 1477 δύναται,
3497 1413 3587 1465 τοῦ
3614 1407 3775 1464 Θεοῦ

2141 1548 2145 1552 ·
2186 1524 2576 1595 πεπλήρωται·
2611 1519 2751 1572 ὥστε
2799 1516 2890 1570 τὸν
2935 1513 3188 1583 πονηρὸν,
3240 1509 3316 1580 μὴ
3360 1509 3550 1578 ἔχοντα
3595 1506 3776 1595 τύπον

2185 1616 2317 1687 παρ’
2357 1593 2531 1683 αὐτῷ,
2577 1608 2842 1663 ἐκκλίνειν
2894 1605 2988 1660 ἀπ’
3042 1601 3206 1656 αὐτοῦ
3231 1618 3245 1632 ο
3301 1598 3638 1658 ἐκκλίνοντος
3690 1593 3772 1656 δὲ,

2187 1706 2370 1778 φησὶν,
2406 1705 2506 1759 οὐκ
2549 1702 2879 1771 ἐγίνωσκον’
2917 1696 2995 1768 τῷ
3045 1695 3120 1766 μὴ
3166 1692 3419 1763 αἴσθησιν
3461 1688 3777 1778 παρουσίας

507 1777 613 1871 illo
632 1777 963 1888 cogitabam,
1008 1777 1126 1872 nec?
1157 1830 1297 1885 opus
1343 1830 1468 1870 cum
1503 1813 1597 1869 illo
1637 1777 1926 1868 habebam.
1957 1810 2085 1868 Haec

2195 1777 2350 1854 αὑτοῦ
2382 1795 2671 1868 ἐσχηκέναι
2692 1810 2705 1822 ο
2737 1792 2796 1846 ού
2819 1789 2926 1862 γὰρ
2953 1786 3244 1859 ἐνθύμημα
3271 1784 3304 1855 ἢ
3335 1782 3494 1888 ἔργον
3527 1779 3633 1888 τῶν
3672 1777 3776 1888 αὖ·

513 1923 678 1978 porro
722 1907 989 1977 intelliges
1021 1919 1240 1975 quoque
1279 1902 1347 1958 de
1394 1903 1616 1958 homine
1655 1903 1914 1973 maligno,
1958 1903 2084 1971 quia

513 2015 614 2054 nec
640 2015 765 2054 cum
796 1997 1100 2061 accederet,
1125 2011 1226 2050 nec
1249 2010 1373 2050 cum
1404 1995 1730 2058 discederet,
1763 1993 2084 2063 sentiebam,

514 2090 591 2143 ita
623 2088 914 2159 pestiferos
947 2087 1198 2141 homines
1233 2085 1656 2156 vjlipendebam,
1691 2100 1754 2139 ac
1787 2100 1894 2139 non
1925 2099 2088 2139 nosse

513 2181 837 2238 simulabam
883 2197 896 2233 :
952 2194 1052 2234 nec
1111 2177 1256 2234 enim
1320 2177 1585 2248 dignabar
1639 2177 1849 2232 amicus
1897 2192 2086 2232 eorum

511 2287 656 2328 esse.
684 2269 822 2325 Num
856 2271 982 2340 quia
1011 2269 1279 2339 superbus
1310 2268 1411 2323 es?
1443 2266 1820 2337 Nequaquam,
1853 2266 1967 2336 ait;
1992 2268 2087 2322 sed

514 2363 699 2420 sciens
729 2363 884 2425 illud,
909 2361 1262 2429 Corrumpunt
1291 2375 1460 2413 mores
1485 2356 1646 2413 bonos
1673 2358 1937 2429 colloquia
1970 2375 2090 2425 pra-

515 2471 578 2508 va
597 2454 642 2520 ³,
677 2470 800 2508 cum
831 2454 988 2508 malis
1015 2453 1332 2509 societatem
1363 2466 1472 2506 non
1500 2451 1725 2505 inibam.

583 2627 751 2684 Vens.
796 2629 849 2683 5.
891 2627 1256 2682 Detrahentem
1301 2636 1496 2682 secreto
1531 2628 1774 2696 proximo
1807 2644 1923 2695 suo,
1953 2629 2090 2682 hunc

513 2720 878 2792 persequebar.
907 2719 1043 2774 Cum
1075 2721 1371 2784 hominem,
1411 2719 1609 2790 inquit,
1656 2726 1772 2774 tum
1813 2719 2090 2791 cogitatio-

413 2861 418 2864 .
515 2829 639 2870 nem
671 2813 805 2868 mihi
844 2812 1050 2883 aliquid
1077 2813 1201 2865 mali
1227 2821 1417 2866 contra
1445 2813 1755 2883 quempiam
1786 2828 2086 2883 suggeren-

514 2911 649 2988 tem,
673 2920 741 2958 ex
768 2903 934 2958 corde
963 2903 1229 2972 pellebam
1258 2911 1318 2957 ut
1341 2917 1532 2957 canem
1560 2903 1702 2957 clam
1721 2903 2084 2958 mordentem.

513 2995 652 3052 Nam
679 2998 760 3052 vir
781 2997 1009 3066 probus,
1041 2997 1132 3067 qui
1169 2996 1224 3051 in
1253 2996 1513 3052 omnibus
1546 2996 1776 3051 ﬁdenter
1813 3013 1974 3066 agere
2005 3014 2089 3053 so-

517 3091 611 3154 let,
653 3089 798 3145 sicut
821 3104 885 3144 ea
919 3104 1041 3158 quae
1069 3088 1208 3142 clam
1243 3096 1502 3159 aguntur,
1543 3095 1729 3158 utpote
1759 3088 2088 3145 confusione

490 3180 702 3251 .digna,
735 3188 1046 3248 aversatur;
1093 3180 1168 3234 ita
1202 3186 1415 3236 secreto
1445 3187 1638 3234 contra
1672 3181 1980 3251 quempiam
2004 3182 2089 3237 vel

520 3272 701 3329 dicere
731 3272 934 3343 aliquid
961 3273 1044 3328 vel
1081 3271 1272 3327 audire
1299 3287 1410 3326 non
1443 3271 1676 3327 sustinet
1703 3291 1718 3327 :
1752 3287 1875 3326 nam
1908 3271 1961 3326 id
1997 3273 2093 3327 im-

522 3363 675 3436 probi
706 3371 762 3419 et
789 3364 1066 3420 illiberalis
1097 3371 1242 3420 esset
1271 3381 1284 3418 :
1314 3379 1415 3421 nec
1433 3363 1703 3433 ejusmodi
1727 3379 1814 3420 res
1847 3365 2092 3435 periculo

522 3465 700 3522 vacat,
733 3473 856 3513 cum
890 3456 1172 3525 Scriptura
1207 3456 1393 3512 dicat:
1424 3455 1505 3511 Ille
1527 3474 1669 3512 ames
1701 3460 1996 3526 aetrahere,
2031 3476 2094 3514 ne

521 3549 584 3606 de
636 3549 804 3604 medio
853 3551 1138 3615 tollaris’;
1173 3558 1248 3615 et,
1298 3548 1480 3605 Nolite
1525 3550 1800 3607 detrahere
1847 3554 2089 3621 invicem,

523 3643 738 3712 fratres,
781 3661 844 3698 ne
872 3642 967 3698 sub
991 3644 1255 3712 judicium
1297 3644 1504 3698 cadatis
1525 3645 1592 3702 ¹⁰.
1629 3644 1770 3712 Quid
1800 3647 1873 3701 sit
1905 3648 2094 3702 detra-

523 3736 672 3803 here,
688 3737 846 3806 quasi
871 3737 1118 3807 exemplo
1134 3736 1524 3792 declarandum
1546 3746 1660 3793 est:
1688 3754 1798 3793 non
1829 3740 2002 3807 enim,
2029 3739 2096 3797 de

524 3827 710 3896 aliquo
734 3827 875 3882 clam
905 3826 1127 3897 obloqui
1164 3843 1383 3898 quoque
1412 3828 1595 3896 modo,
1636 3828 1772 3884 illud
1801 3837 1886 3886 est
1909 3830 2097 3887 detra-

526 3917 679 3974 here.
707 3916 1028 3987 Plerumque
1065 3917 1209 3972 enim
1239 3917 1307 3973 de
1330 3919 1516 3988 aliquo
1545 3929 1679 3974 tunc
1706 3920 1935 3976 absente
1956 3921 2098 3976 male

527 4010 826 4079 loquimur,
867 4025 977 4064 non
1028 4009 1172 4079 quod
1227 4009 1518 4066 detrahere
1560 4011 1666 4081 ipsi
1697 4011 1968 4080 velimus,
2001 4015 2098 4070 sed

527 4101 775 4158 dolentes
803 4101 950 4171 quod
983 4101 1032 4155 is
1065 4100 1301 4157 fortasse
1331 4101 1614 4171 improbus
1648 4103 1760 4158 sit:
1789 4110 1951 4174 atque
1985 4105 2100 4162 haec

529 4208 754 4250 narrare
784 4193 1068 4250 studemus
1092 4192 1181 4257 iis,
1212 4193 1306 4264 qui
1340 4193 1568 4264 perinde
1598 4202 1762 4264 atque
1792 4210 1890 4250 nos
1921 4211 1988 4252 ex
2013 4197 2100 4250 di-

532 4285 782 4341 lectionis
816 4283 1015 4339 atl'ectu
1047 4283 1116 4339 de
1138 4283 1230 4338 illo
1259 4292 1454 4339 curant
1475 4291 1531 4341 et
1567 4285 1787 4340 solliciti
1817 4294 1964 4342 sunt.
1996 4287 2101 4354 Qui

532 4379 698 4450 igitur
743 4377 824 4434 sic
867 4383 1058 4432 contra
1108 4376 1389 4432 absentem
1437 4377 1702 4448 loquitur,
1757 4370 2100 4450 nequaquam

2186 1891 2281 1947 τοῦ
2306 1890 2462 1960 ἔσχον
2493 1887 2621 1959 παρ’
2653 1883 2795 1956 ἐμοί.
2825 1882 3057 1952 Νοήσεις
3087 1877 3144 1930 δὲ
3181 1875 3355 1930 ταῦτα
3381 1873 3476 1926 καὶ
3507 1871 3638 1942 περὶ
3671 1870 3774 1922 άν-

2190 1983 2409 2055 θρώπου
2448 1976 2707 2051 πονηροῦ,
2755 1976 2835 2029 ὅτι
2881 1973 2989 2026 οὐδ’
3035 1971 3123 2024 ὅτε
3173 1965 3496 2040 προσῆλθεν,
3525 1962 3636 2015 οὐδ’
3677 1962 3771 2015 ὅτε

2189 2053 2454 2146 ἀνεχώρει
2484 2069 2733 2140 αἴσθησιν
2761 2062 3084 2136 ἐλάμϐανον,
3117 2059 3289 2122 οὕτως
3314 2059 3369 2110 ἐν
3403 2056 3582 2110 οὐδενὶ
3613 2053 3770 2124 μέρει

2189 2167 2488 2237 ἐποιούμην
2533 2163 2658 2225 τοὺς
2703 2156 2944 2229 λοιμοὺς,
3015 2153 3110 2208 καὶ
3155 2151 3305 2206 οὐδὲν
3351 2148 3550 2202 εἰδέναι

2190 2234 2519 2326 εποιούμην·
2554 2254 2614 2307 ού
2650 2251 2758 2321 γὰρ
2797 2248 2982 2318 ἠξίουν
3012 2241 3148 2300 εἶναι
3190 2243 3339 2313 φίλον
3386 2239 3591 2294 αὐτῶν.
3623 2234 3770 2308 τΔρα

2190 2351 2266 2416 ὡς
2307 2350 2684 2420 ύπερήφανοςς
2733 2339 3019 2413 Οὐδαμῶς,
3067 2335 3266 2408 φησιν·
3323 2332 3436 2388 ἀλλ’
3481 2329 3654 2394 εἰδὼς,
3688 2331 3773 2383 ὅτι

2191 2443 2545 2513 Φθειρουσιν
2582 2437 2697 2507 ἤθη
2725 2432 2957 2504 χρηστὰ
2989 2431 3211 2500 ὁμιλίαι
3241 2424 3440 2491 κακαί,
3471 2423 3533 2477 ού
3570 2420 3771 2476 συνδιε-

2190 2535 2418 2606 τιθέμην
2448 2535 2560 2595 τοῖς
2588 2529 2863 2601 πονηροῖς.

2406 2621 2865 2679 καταλαλοῦντα
2893 2616 3086 2685 λάθρα
3113 2613 3222 2668 τὸν
3260 2611 3532 2680 πλησίον
3566 2604 3770 2669 αὐτοῦ.

2191 2720 2406 2773 τοῦτον
2428 2715 2766 2782 ἐξεδίωκον.
2812 2709 2925 2764 Καὶ
2954 2706 3264 2779 ἄνθρωπον,
3301 2703 3458 2775 φησὶ,
3490 2701 3589 2756 καὶ
3628 2700 3773 2769 λογι-

2193 2811 2330 2882 σμὸν
2355 2804 2728 2863 ύποϐάλλοντά
2760 2821 2812 2858 τι
2850 2799 3082 2872 πονηρόν
3122 2817 3212 2870 μοι
3257 2796 3399 2851 κατά
3423 2811 3573 2858 τινος
3594 2791 3776 2856 ἐξέϐα-

2191 2904 2282 2958 λον
2311 2904 2374 2956 ἐκ
2414 2901 2516 2971 τῆς
2556 2897 2780 2970 καρδίας
2817 2912 2939 2966 μου,
2981 2893 3056 2957 ὼς
3098 2891 3236 2944 κύνα
3275 2887 3670 2960 λαθροδήκτην.
3715 2885 3774 2937 ’0

2191 2995 2301 3067 γάρ
2342 2992 2646 3052 σπουδαῖος,
2684 2991 2741 3041 ἐν
2781 2985 2943 3040 παντί
2973 3001 3050 3055 τῳ
3095 2981 3409 3054 παρρησίαν
3452 2979 3599 3049 ἔχειν
3644 2979 3774 3067 ἀγα-

2194 3065 2337 3154 πῶν,
2365 3085 2552 3155 ὥσπερ
2592 3081 2661 3134 τὰ
2704 3079 2880 3150 λάθρα
2925 3074 3177 3147 δρώμενα
3219 3072 3296 3143 τῷ
3343 3071 3611 3141 αἰσχύνης
3643 3065 3776 3122 εἶναι

2191 3180 2340 3248 ἄξια,
2381 3177 2762 3248 παραιτεῖται’
2809 3170 2951 3224 οὕτω
2993 3168 3087 3222 καὶ
3136 3167 3197 3219 τὸ
3242 3164 3422 3235 λέγειν
3472 3163 3506 3234 ἢ
3560 3163 3778 3216 ἀκούειν

2192 3272 2337 3327 κατά
2374 3286 2519 3332 τινος
2567 3265 2808 3338 κρύϐδην
2849 3262 2949 3315 οὐκ
2995 3259 3276 3330 ἀνέχεται·
3317 3255 3626 3328 κακοήθους
3669 3255 3776 3325 γὰρ

2192 3365 2288 3418 καὶ
2323 3358 2672 3430 ἀνελευθέρου
2719 3355 2780 3408 τὸ
2819 3353 3042 3426 χρῆμα,
3083 3353 3392 3421 ἐπήρτηται
3432 3349 3489 3401 δὲ
3533 3347 3774 3409 κίνδυνος

2191 3453 2270 3526 τῷ
2309 3451 2629 3526 πράγματι,
2667 3451 2765 3520 τῆς
2807 3445 3031 3518 Γραφῆς
3080 3442 3379 3512 λεγούσηςο
3426 3441 3521 3508 Μὴ
3566 3439 3772 3506 ἀγάπα

2194 3543 2576 3608 καταλαλεῖν,
2625 3543 2726 3595 ἵνα
2765 3539 2851 3610 μὴ
2893 3535 3183 3606 ἐξαρθῇς’
3232 3536 3348 3599 καὶ,
3375 3532 3466 3600 Μὴ
3506 3533 3765 3586 καταλα-

2193 3638 2354 3694 λεῖτε
2383 3634 2690 3702 ἀλλήλων,
2736 3631 3008 3701 ἀδελφοὶ,
3035 3631 3136 3683 ἵνα
3169 3627 3256 3698 μὴ
3289 3627 3405 3682 ὑπὸ
3435 3625 3629 3692 κρίσιν
3659 3620 3764 3675 πέ-

2195 3745 2362 3798 σητε.
2397 3727 2542 3781 Τίδὲ
2572 3729 2688 3779 ἐστι
2716 3724 2776 3777 τὸ
2803 3722 3123 3778 καταλαλεῖν
3149 3720 3226 3784 ὡς
3260 3721 3317 3773 ὲν
3355 3719 3500 3787 τύπῳ
3533 3714 3767 3785 παραδο-

2195 3824 2316 3878 τέον
2335 3840 2349 3853 ·
2383 3821 2444 3874 ού
2487 3819 2596 3891 γάρ
2625 3819 2688 3871 τὸ
2719 3815 2966 3871 ὁπωσοῦν
2997 3815 3174 3882 λέγειν
3216 3813 3344 3882 mp!
3367 3829 3506 3874 τινος
3548 3811 3644 3863 καὶ
3672 3807 3768 3861 λάο

2199 3917 2304 3990 θρα
2328 3914 2535 3969 ἐκείνου
2565 3898 2884 3965 καταλαλείν
2907 3912 3022 3963 ἐστι
3039 3926 3052 3940 ο
3079 3906 3340 3970 πολλάκις
3364 3905 3494 3975 γοῦν
3522 3901 3772 3976 ἀγορεύο-

2203 4008 2302 4078 μέν
2334 4023 2458 4062 τινα
2488 4001 2692 4067 κακῶς
2715 4003 2942 4068 ἀπόντα,
2981 4002 3042 4054 οὐ
3089 3999 3416 4054 καταλαλεῖν
3454 3997 3619 4051 αὐτοῦ
3656 3995 3772 4064 βου-

2199 4099 2433 4170 λόμενοι,
2466 4095 2602 4150 ἀλλὰ
2648 4093 2973 4165 λυπούμενοι
3019 4092 3108 4144 διὰ
3145 4091 3206 4144 τὸ
3255 4085 3395 4143 εἶναι
3441 4087 3605 4142 αὐτὸν
3652 4086 3772 4148 ἴσως

2201 4189 2405 4260 φαῦλον
2427 4205 2443 4221 ·
2497 4184 2817 4257 πειρώμεθα
2858 4184 2916 4236 δὲ
2957 4183 3138 4250 λέγειν
3181 4179 3249 4232 τὰ
3289 4179 3419 4251 περὶ
3467 4175 3634 4231 αὐτοῦ
3670 4178 3774 4236 τοῖς

2200 4283 2461 4347 ὡσαύτως
2506 4284 2638 4353 ἡμῖν
2682 4277 3002 4350 κηδομένοις
3051 4273 3212 4330 αύτοῦ
3257 4274 3352 4327 καὶ
3408 4270 3776 4341 φροντίζουσιν

2203 4376 2311 4431 ἀπὸ
2348 4375 2642 4436 διαθέσεως
2687 4371 2925 4442 φιλικῆς.
2977 4369 3036 4423 '0
3091 4363 3182 4422 οὖν
3230 4365 3378 4439 οὕτωΔ
3419 4364 3598 4432 λέγων
3644 4361 3776 4414 κατὰ

533 4437 834 4526 maledicus
862 4476 948 4526 est
976 4489 990 4524 :
1022 4469 1178 4541 (nam
1212 4437 1526 4524 maledicus.
1558 4484 1665 4524 non
1688 4437 1773 4523 vita
1794 4437 1904 4539 agit
1933 4437 1973 4538 j,
2007 4470 2092 4525 sed

2207 4470 2448 4538 ἀπόντος,
2468 4468 2528 4521 ού
2561 4437 3033 4526 κατάλαλὸςέστιν
3055 4477 3069 4490 ·
3106 4457 3241 4511 ἀλλὰ
3272 4437 3508 4527 σπουδὴν
3541 4455 3654 4525 ἔχει
3688 4453 3782 4505 σὺν.

534 4579 660 4619 cum
702 4564 983 4633 voluptate
1016 4570 1208 4618 contra
1242 4563 1534 4633 quemdam
1563 4562 1824 4633 loquitur,
1855 4577 1966 4618 non
1997 4579 2108 4617 mo—

536 4654 674 4710 leste
710 4653 893 4712 ferens
921 4655 1068 4726 quod
1102 4654 1195 4710 ille
1230 4653 1359 4708 talia
1387 4653 1652 4724 patrarit;
1699 4653 1794 4708 sed
1836 4653 1905 4708 de
1951 4667 2015 4708 ea
2047 4667 2107 4708 re

537 4744 767 4806 laetatur.
823 4745 955 4817 Ejus
1006 4760 1243 4817 namque
1287 4753 1442 4816 gesta
1497 4745 1777 4800 malevolis
1833 4753 2106 4810 recenset,

536 4839 631 4912 qui
681 4855 742 4895 ea
785 4850 1029 4912 relegere
1075 4849 1130 4897 et
1183 4840 1500 4901 renuntiare
1543 4846 1775 4909 possunt
1817 4839 1941 4894 aliis
1972 4839 2110 4894 bene

537 4932 746 4989 multis.
797 4932 936 4999 Quid
975 4934 1078 4991 sibi
1114 4933 1229 4988 vult
1267 4942 1448 4989 autem
1479 4932 1613 4988 illud
1652 4933 2105 5004 quodadjicitur,

537 5034 756 5090 secreto,
823 5041 944 5081 cum
989 5027 1167 5097 palam
1205 5026 1273 5082 sit
1314 5025 1612 5097 quamlibet
1655 5025 2106 5082 obtrectationem

539 5127 752 5179 secreto
783 5118 944 5175 ﬁeri?
970 5118 1067 5176 Vel
1091 5119 1146 5175 id
1181 5119 1314 5182 dicit
1353 5119 1503 5191 quod
1532 5120 1746 5190 agitur;
1783 5126 1877 5174 aut
1925 5121 1997 5175 ita
2028 5119 2110 5174 di-

539 5213 924 5286 stinguendum
976 5222 1061 5268 est
1097 5213 1564 5269 :ol-trectatorum
1610 5212 1875 5283 quosdam
1918 5221 2109 5266 contra

540 5314 837 5376 praesentes
859 5320 1044 5359 coram
1075 5305 1324 5374 obloqui;
1353 5304 1407 5357 hi
1435 5319 1600 5374 porro
1629 5304 2032 5358 conviciatores
2056 5311 2110 5356 et

543 5398 922 5455 contumeliosi
977 5406 1197 5452 assueto
1243 5411 1394 5451 more
1443 5406 1742 5463 vocantur;
1798 5397 1889 5452 sed
1931 5407 2110 5451 tamen

544 5495 671 5561 quia
710 5502 898 5547 contra
930 5491 1239 5563 quempiam
1267 5491 1588 5561 loquuntur,
1636 5490 1972 5544 detractores
2001 5487 2113 5540 fue—

546 5584 690 5653 rint;
725 5586 816 5640 alii
845 5603 974 5639 vcrn
1001 5585 1138 5641 clam
1172 5592 1224 5640 et
1253 5584 1571 5641 absentibus
1599 5583 1687 5650 iis,
1713 5581 1915 5652 quibus
1943 5579 2112 5635 malc-

615 5764 642 5804 ⁸
677 5766 696 5822 l
732 5767 857 5822 Cor.
898 5783 985 5831 xv,
1021 5765 1107 5820 33.
1134 5806 1147 5832 ,
1250 5766 1268 5796 ’
1311 5763 1470 5819 Prov.
1510 5779 1601 5830 xx,
1660 5761 1741 5826 15,
1780 5777 1881 5815 sec.
1919 5754 2082 5812 LXX.

2208 4561 2402 4632 ἡδονῆς
2442 4560 2559 4612 κατ’
2591 4558 2799 4611 ἐκείνου
2838 4554 3035 4623 λέγειν,
3075 4552 3175 4604 οὐκ
3213 4549 3513 4621 ἀχθόμενος
3565 4547 3661 4599 ἐπὶ
3706 4544 3780 4613 τῷ

2207 4652 2429 4707 τοιαῦτα
2453 4653 2659 4705 ἐκεῖνον
2685 4646 3064 4718 πεποιηκέναι,
3090 4643 3224 4698 ἀλλὰ
3245 4643 3337 4696 καὶ
3367 4641 3598 4711 χαίρων.
3624 4638 3778 4705 Λέγει

2209 4743 2338 4812 γοῦν
2363 4742 2592 4805 ἐκείνοις
2611 4741 2682 4794 τὰ
2713 4738 2841 4809 περὶ
2871 4735 3034 4790 αὐτοῦ
3065 4739 3177 4799 τοῖς
3211 4732 3459 4805 μισοῦσιν
3482 4733 3669 4794 αύτὸν,
3694 4730 3778 4783 καὶ

2210 4835 2520 4907 φανερῶσαι
2548 4833 2862 4899 δυναμένοις
2887 4831 2956 4884 δι’
2981 4826 3310 4896 ἐπαγγελίας
3344 4825 3555 4895 ἑτέροις
3579 4823 3776 4877 πλείοσι

2210 4929 2276 4983 τὰ
2319 4929 2447 5000 περὶ
2475 4927 2659 4981 αὑτοῦ.
2687 4925 2753 4978 Τί
2781 4924 2837 4978 δὲ
2872 4921 3116 4994 βούλεται
3149 4917 3542 4989 προσκείμενον
3572 4915 3656 4977 τὸ,
3683 4913 3778 4968 .ὶό-

2211 5023 2339 5089 θρα,
2377 5017 2610 5092 φανεροῦ
2634 5017 2802 5082 ὄντος,
2833 5016 2914 5068 ὃτι
2937 5015 3084 5067 πᾶσα
3118 5009 3420 5080 κατηγορία
3439 5007 3618 5079 λάθρα
3647 5007 3777 5076 γίνε-

2208 5130 2326 5180 ται;
2362 5113 2432 5167 Ἦ
2467 5112 2597 5165 αὐτὸ
2621 5110 2767 5180 λέγει
2790 5109 2851 5162 τὸ
2873 5107 2951 5171 ὃν,
2981 5107 3014 5178 ἢ
3039 5103 3335 5175 διαιρετέον
3365 5099 3530 5163 οὕτω,
3565 5102 3651 5152 ὅτι
3677 5099 3778 5152 τῶν

2212 5208 2659 5282 κατηγορούντων
2691 5205 2862 5269 τινάς,
2901 5204 2951 5257 ot
2994 5202 3090 5273 μὲν
3124 5198 3264 5253 κατὰ
3307 5196 3602 5268 πρόσωπον
3649 5212 3778 5265 παρ-

2211 5305 2368 5366 όντας
2414 5300 2804 5372 κακηγοροῦσι,
2847 5297 3076 5366 λοίδοροι
3115 5293 3172 5347 δὲ
3212 5284 3355 5344 οὗτοι
3389 5288 3486 5341 καὶ
3537 5287 3777 5358 ὑϐρισταὶ

2216 5391 2457 5462 συνήθως
2499 5389 2786 5444 καλοῦνται
2805 5405 2818 5418 ·
2851 5389 2998 5458 ὅμως
3032 5381 3122 5438 οὖν
3166 5381 3241 5451 τῷ
3267 5381 3408 5434 κατά
3437 5395 3584 5442 τινος
3611 5379 3778 5446 λέγειν

2214 5483 2500 5538 κατάλαλοι
2541 5483 2606 5534 ἂν
2643 5477 2750 5534 εἷεν
2767 5497 2782 5510 υ
2816 5480 2864 5532 οἱ
2909 5478 2964 5531 δὲ
3014 5475 3187 5543 λάθρα
3235 5473 3328 5526 καὶ
3378 5471 3631 5524 ἀπόντων
3681 5467 3780 5521 τῶν

2215 5574 2703 5647 κατηγορουμένων
2751 5573 2968 5641 λέγουσι
3011 5567 3132 5624 κατ’
3179 5565 3372 5620 αὐτῶν.
3430 5563 3535 5616 Τὸν
3586 5561 3784 5635 ταύτην

2225 5757 2266 5789 ⁸ο
2304 5753 2416 5810 Jac.
2454 5771 2526 5819 tv,
2568 5755 2648 5809 ll.
