4044 6212
340 365 481 422 ιειε

1500 368 2008 427 COMMENTABIA
2041 368 2109 426 IN
2146 370 2483 431 PSALMOS.

3446 358 3585 431 me

332 481 429 540 οὖν
459 485 649 557 ἔχοντα
670 486 769 559 τὴν
797 486 951 554 τάξιν
975 485 1257 542 ἑκδιώκειν
1285 489 1314 541 ὁ
1337 486 1491 557 άγιος
1514 487 1683 559 λέγει,
1708 489 1770 542 οὐ
1792 489 1909 553 τοὺς

2020 491 2247 557 dicitur,
2276 491 2674 564 obloquuntur.
2700 490 2856 576 _Eutn
2881 507 3016 550 vero
3048 491 3142 565 qui
3168 490 3585 562 hujus'ordinis

334 580 418 641 εἰς
445 576 737 648 πρόσωπον
779 578 1332 651 διαλοιδορουμὲνους.
1375 580 1615 644 Ἐκεῖνος
1642 579 1753 652 γάρ
1792 580 1913 635 καθ’

333 663 399 722 οὗ
422 670 479 723 at
504 668 841 741 βλασφημίαι
863 670 895 741 ἢ
923 670 1111 745 παρὼν
1133 672 1553 744 ἀπολογήσεται,
1577 674 1610 745 ἢ
1640 672 1915 744 ἐλεγχθεὶς

334 761 433 815 ἐπὶ
457 759 536 832 τῷ
560 761 800 825 τοιοῦτος
831 757 991 825 εἶναι,
1026 763 1465 835 αἰσχυνθήσεται.
1507 764 1738 819 Δυνατὸν
1769 765 1915 818 ἀντι-

333 851 741 906 διαστέλλεσθαι
765 854 866 925 τὴν
895 853 1070 925 λάθρα
1101 856 1392 926 γινομένην
1418 856 1747 910 καταλαλιάν
1778 857 1913 927 πρὸς

335 942 435 1014 τὴν
467 946 559 998 ἐπὶ
588 946 790 1017 κριτῶν
822 947 1178 1019 κατηγορίαν.
1216 948 1326 1001 Καὶ
1357 948 1467 1021 γάρ
1500 948 1638 1020 αὕτη
1661 947 1741 1020 τῷ
1766 949 1912 1018 γένει

334 1034 657 1116 καταλαλιὰ,
682 1037 796 1090 ἀλλ’
823 1038 884 1092 ού
914 1037 1092 1110 λάθρα
1122 1039 1408 1110 γινομένη.
1436 1039 1663 1113 Καρπὺς
1687 1040 1789 1112 μὲν
1817 1037 1911 1094 οὖν

336 1125 574 1190 διανοίας
620 1129 987 1201 ἀγιοπρεποῦς
1034 1130 1096 1184 τὸ
1138 1131 1520 1202 παραιτεῖσθαι
1566 1132 1692 1195 τοὺς
1745 1148 1912 1204 πονη-

339 1218 491 1290 ρούςο
521 1220 758 1292 ἐσχάτης
793 1223 852 1277 δὲ
886 1222 1153 1294 πονηρίας
1183 1225 1458 1289 ἀπόδειξις
1486 1225 1545 1279 τὸ
1590 1224 1909 1280 καταλαλεῖν

336 1312 588 1382 ἀδελφοῦ,
618 1315 713 1368 καὶ
742 1314 917 1370 ταῦτα
956 1317 1150 1389 λάθρα,
1180 1318 1318 1372 ἀλλά
1365 1318 1438 1389 μὴ
1473 1320 1552 1382 εἰς
1594 1318 1906 1390 πρόσωπον,

337 1405 423 1459 ἵνα
452 1407 525 1478 μὴ
558 1408 749 1480 παρὼν
773 1410 1180 1483 ἀπολογήσηται
1219 1414 1248 1466 ό
1295 1411 1799 1484 κατηγορούμενος·
1830 1412 1907 1478 ὡς

336 1494 369 1549 ὃ
390 1514 452 1563 γε
500 1499 588 1566 ἐφ’
616 1499 772 1571 ήμῶν
807 1501 994 1574 ἑτέρου
1027 1502 1365 1566 καταλαλῶν,
1403 1496 1558 1567 οὗτος
1597 1503 1716 1557 οὐδὲ
1752 1503 1908 1575 ἡμῶν

336 1589 655 1643 καταλαλείν
678 1592 764 1660 ἐφ’
792 1593 994 1663 ἑτέρων
1024 1593 1300 1664 ἀφέξεται.
1333 1594 1493 1651 Ὅθεν
1524 1594 1631 1667 χρὴ
1662 1595 1753 1648 τὸν
1794 1611 1907 1648 τοι-

309 1680 489 1735 ·οῦτον
518 1681 593 1745 ὡς
634 1684 811 1738 κοινὸν
847 1683 1039 1757 ἐχθρὸν
1078 1686 1304 1750 εἰκότως
1335 1685 1675 1751 ἐλαύνεσθαι,
1704 1686 1780 1750 ὡς
1816 1685 1906 1741 τὸν

335 1771 394 1822 ὲν
423 1772 733 1845 παραδείσῳ
769 1774 1106 1846 μιμούμενον
1128 1775 1414 1848 δράκοντα.
1440 1775 1499 1839 ὃς
1523 1776 1616 1829 τοῦ
1648 1776 1782 1830 Θεοῦ
1812 1792 1906 1829 κα-

335 1864 641 1937 ταλαλήσας
675 1841 782 1941 την.
813 1841 959 1922 Εὕαν
984 1841 1284 1940 ἠπάτησεν.
1324 1869 1515 1940 Ἡμεῖς
1539 1868 1596 1922 δὲ
1640 1870 1779 1940 μήτε
1817 1868 1907 1921 λέ·
1941 1841 1983 1895 Β

335 1957 747 2028 γωμενοκακῶς,
781 1960 875 2013 καὶ
903 1962 1014 2023 τοῖς
1042 1959 1288 2029 λέγουσιν
1316 1960 1485 2031 ἀκοὴν
1517 1959 1592 2033 μὴ
1622 1959 1909 2033 παράσχω-

337 2060 457 2119 μεν.
494 2049 700 2119 Ἀκοὴν
727 2050 816 2115 δὲ,
848 2051 1001 2124 φησὶ,
1044 2053 1303 2122 ματαίαν
1327 2051 1413 2122 μὴ
1442 2050 1777 2121 παραδέξῃ·
1807 2052 1909 2106 οὐκ

333 2137 474 2206 εἶπε,
514 2143 587 2214 μὴ
619 2143 938 2218 πιστεύσῃς,
984 2145 1139 2206 ἀλλά,
1166 2145 1253 2215 μὴ
1279 2145 1608 2215 παραδέξῃ.
1639 2144 1731 2199 Διὸ
1758 2144 1854 2200 καὶ
1879 2145 1909 2198 ό

240 2250 243 2253 '
333 2234 648 2308 Προφήτης,
698 2236 1067 2303 Ἑξεὸίωκον,
1098 2239 1256 2310 φησὶ,
1287 2238 1393 2293 τὸν
1415 2238 1908 2293 καταλαλοῦντα’

332 2327 431 2381 οὐκ
464 2324 634 2382 εἶπενο
663 2330 776 2384 Οὐκ
799 2332 1101 2395 ἐπίστευον,
1132 2331 1190 2403 ἦ,
1220 2332 1295 2385 Ού
1324 2331 1703 2404 παρεδεχόμην
1728 2331 1798 2385 τά
1824 2331 1912 2385 λε-

331 2419 538 2490 γόμενα
557 2437 571 2451 ·
603 2420 742 2475 ἀλλά
773 2422 869 2476 καὶ
898 2422 975 2487 ὡς
1012 2422 1205 2494 ἐχθρὸν
1240 2421 1571 2492 ἀπήλαυνον.
1601 2421 1735 2474 Εἰπὲ
1775 2419 1911 2491 πρὸς

331 2509 422 2563 τὸν
476 2510 898 2577 καταλαλοῦντα,
949 2514 1133 2583 Ἔχεις
1178 2512 1464 2566 ἐπαινέσαι
1519 2511 1659 2576 τινὰ,
1710 2512 1911 2581 άνοίγω

330 2600 430 2665 τὰς
451 2601 639 2668 ἀκοάς,
672 2603 759 2658 ἵνα
791 2604 1028 2676 δέξωμαι
1070 2605 1141 2658 τά
1176 2604 1325 2677 μύρα
1345 2622 1375 2680 ’⁸
1401 2603 1587 2668 κακῶς
1619 2603 1794 2668 θέλεις
1834 2604 1913 2657 εί-

333 2695 473 2759 πεῖν,
504 2694 837 2766 ἀποφράττω
872 2697 971 2768 τὴν
1004 2697 1206 2751 εἴσοδον
1249 2700 1362 2761 τοῖς
1407 2698 1680 2769 ῥήμασιν’
1713 2698 1775 2750 οὐ
1801 2694 1911 2767 γάρ

332 2785 593 2857 ἀνέχομαι
624 2787 826 2861 κόπρον
858 2789 950 2842 καὶ
979 2788 1236 2861 βόρϐορον
1257 2788 1521 2860 δέχεσθαι.
1562 2789 1910 2860 Ἐπιστόμιζε

332 2876 422 2931 τὸν
450 2877 851 2934 καταλαλοῦντα
870 2883 928 2933 ὲν
953 2881 1142 2945 ἀκοαῖς
1167 2897 1280 2945 σου,
1310 2881 1395 2936 ἴνα
1421 2882 1494 2953 μὴ
1516 2881 1707 2953 διπλῆν
1734 2883 1912 2953 ἁμαρ-

333 2970 454 3023 τίαν
486 2971 583 3024 σὺν
612 2971 763 3043 αύτῷ
804 2973 1146 3044 άμαρτάνῃς,
1192 2973 1286 3026 καὶ
1319 2973 1512 3026 σαυτὸν
1544 2971 1770 3043 ὀλεθρίῳ
1801 2970 1909 3024 πά-

334 3061 414 3115 θει
441 3059 658 3128 ἐθίζων,
687 3065 937 3118 κάκεῖνον
962 3063 1105 3118 κατά
1134 3063 1227 3118 τοῦ
1265 3064 1493 3136 πλησίον
1525 3062 1781 3134 φλυαρεῖν
1811 3062 1912 3116 οὐκ

332 3152 673 3209 ἀνακόπτων.
706 3155 798 3225 Μὴ
822 3154 966 3226 δῴης
1002 3155 1100 3228 τὴν
1128 3157 1298 3227 ἀκοήν
1327 3172 1420 3209 σου
1462 3158 1527 3227 τῇ
1561 3151 1908 3226 γλώσσητοῦ

333 3246 654 3311 καταλάλου,
692 3247 825 3320 μηδὲ
857 3249 956 3320 τὴν
981 3249 1232 3319 γλῶσσάν
1262 3266 1357 3303 σου
1382 3252 1448 3318 τῇ
1478 3250 1614 3321 ἀκοῇ
1635 3246 1733 3301 τοῦ
1761 3247 1910 3318 φιλο-

329 3338 522 3410 ψόγου,
560 3341 731 3412 ἡδέως
759 3340 936 3397 λαλῶν
970 3342 1002 3414 ἧ
1048 3342 1263 3397 ἀκούων
1293 3342 1437 3397 κατὰ
1467 3341 1561 3396 τοῦ
1601 3340 1790 3409 πέλας,
1824 3341 1911 3394 ἵνα

334 3432 411 3506 μὴ
437 3434 674 3505 ὲκπέσης
700 3433 801 3504 τῆς
839 3434 1081 3505 ἀγάπης,
1117 3434 1212 3488 καὶ
1237 3434 1515 3506 ἀλλότριος
1554 3433 1783 3505 εὑρεθῇς
1810 3435 1910 3505 τῆς

330 3526 547 3581 αἰωνίου
566 3527 729 3597 ζωῆς.
756 3527 1010 3601 Διαφέρει
1024 3528 1080 3582 δὲ
1102 3528 1164 3582 τὸ
1186 3535 1557 3597 κατακρῖναι,
1590 3527 1652 3581 τὸ
1670 3526 1911 3585 ἐξουδε-

329 3617 541 3684 νῶσαι,
571 3620 665 3673 καὶ
686 3619 746 3672 τὸ
764 3619 1206 3689 καταλαλῆσαι.
1225 3618 1659 3689 Κατωαλῆσαι
1669 3619 1777 3692 γάρ
1794 3621 1908 3672 ἐστι

330 3709 391 3764 τὸ
435 3712 608 3763 εἰπεῖν
644 3710 785 3765 κατά
822 3726 987 3775 τινος,
1030 3708 1162 3775 οἷον,
1207 3711 1291 3765 ὅτι
1334 3710 1631 3781 Ἑψεύσατο
1676 3712 1705 3764 ὁ
1738 3711 1906 3775 δεῖνα,

329 3803 386 3874 ἢ,
419 3802 752 3876 ὠργίσθη,ῆ
796 3803 1141 3875 ὲπόρνευσεν,
1182 3804 1217 3874 ἡ
1265 3820 1320 3858 τι
1371 3803 1635 3857 τοιοῦτονο
1680 3803 1908 3873 ὲλάλησε

329 3894 440 3966 γὰρ
454 3894 717 3965 ἐμπαθῶς
743 3895 803 3948 τὸ
830 3893 1133 3967 ἁμάρτημα
1155 3894 1249 3949 τοῦ
1276 3895 1526 3965 ἀδελφοῦ.
1545 3894 1908 3964 Κατακρῒναι

328 3987 386 4041 δέ
413 3987 530 4039 ἐστι
557 3986 618 4038 τὸ
642 3987 836 4052 εἰπεῖν,
869 3988 951 4041 ὅτι
996 3988 1053 4041 ὐ
1078 3987 1227 4041 δεῖνα
1254 3986 1493 4060 ψεύστης
1521 3988 1657 4053 ἐστὶ,
1689 3989 1906 4060 πόρνος,

330 4078 546 4150 όργίλος
564 4096 577 4109 ·
609 4077 718 4132 ἰδοὺ
742 4077 849 4151 γὰρ
876 4081 1195 4152 κατέκρινεν
1224 4081 1394 4151 αὐτὴν
1422 4081 1520 4152 τὴν
1544 4080 1782 4137 διάθεσιν
1808 4084 1908 4153 τῆς

330 4169 511 4240 ψυχῆς
548 4168 737 4232 αὐτοῦ,
765 4170 858 4223 καὶ⁸
884 4172 1201 4244 ἀπεφήνατο
1226 4172 1345 4226 καθ’
1375 4172 1497 4226 ὅλου
1528 4172 1621 4226 τού
1654 4173 1767 4245 βίου
1805 4177 1904 4230 αὐ-

331 4262 427 4318 τοῦ
460 4262 656 4330 λέγων,
700 4261 781 4316 ὅτι
810 4263 1014 4317 τοιόσδε
1052 4265 1199 4318 ἐστίν
1220 4282 1234 4297 ο
1268 4265 1396 4320 ἄλλο
1440 4266 1548 4338 γάρ
1574 4266 1691 4320 ἐστι
1733 4267 1793 4320 τὸ
1829 4268 1906 4321 εί-

335 4357 476 4418 πεῑν,
515 4354 791 4427 Ὦργίσθη,
811 4355 905 4409 καὶ
937 4355 1062 4409 ἄλλο
1095 4357 1175 4419 τὸ,
1218 4357 1462 4430 Ὀργίλος
1482 4358 1648 4414 ἐστίν.
1693 4359 1902 4424 Ἔξου-

332 4446 660 4502 δενῶσαιδέ
676 4447 792 4500 ἐστι
830 4446 890 4500 τὸ
916 4448 1076 4501 οἱονεὶ
1117 4447 1493 4518 βδελύσσεσθαι
1534 4450 1623 4505 τὸν
1653 4451 1897 4524 πλησίον,

2017 585 2113 649 sit,
2144 600 2205 642 se
2220 585 2423 657 pellere
2453 593 2683 643 sanctus
2705 585 2800 644 ille
2825 587 2912 641 vir
2948 585 3103 651 dicit,
3141 600 3251 641 non
3279 591 3458 640 autem
3486 600 3586 642 eos

2014 676 2110 749 qui
2134 692 2319 734 coram
2348 678 2750 734 conviciantur.
2787 676 2837 734 Is
2862 678 3007 733 enim
3037 677 3091 732 ln
3116 692 3278 749 quem
3301 676 3585 733 maledicta

2014 770 2409 842 conjiciuntur,
2438 771 2527 827 vel
2555 785 2797 842 praesens
2828 785 2953 827 sese
2982 769 3264 842 purgabit;
3295 770 3380 825 vel
3420 785 3481 826 se
3509 776 3587 823 ts-

2014 863 2118 919 lem
2150 878 2275 920 esse
2306 865 2612 930 convictus,
2650 864 2858 935 pudore
2909 862 3192 918 aﬂicietur.
3240 860 3427 917 Potest
3456 860 3588 917 item

2012 954 2275 1025 distingui
2302 954 2628 1010 obtrectatio
2655 954 2797 1009 clam
2825 952 2971 1009 edita
3007 952 3076 1007 ab
3106 952 3463 1008 accusatione
3499 965 3588 1006 eo-

2013 1061 2127 1101 ram
2146 1046 2332 1116 judice
2350 1046 2514 1102 facta.
2538 1045 2751 1102 Etenim
2773 1047 2890 1116 ipsa
2911 1061 3129 1118 quoque
3147 1045 3202 1100 in
3226 1060 3425 1116 genere
3442 1045 3591 1101 oblo-

2010 1140 2161 1195 cutio
2202 1139 2313 1197 dici
2345 1148 2560 1211 potest;
2600 1139 2694 1196 sed
2726 1154 2848 1210 quae
2885 1140 3026 1194 clam
3068 1153 3180 1194 non
3212 1139 3321 1193 ﬁat.
3353 1136 3588 1194 Fructus

2010 1236 2195 1304 itaque
2215 1220 2420 1290 sanctae
2437 1234 2636 1290 mentis
2656 1233 2819 1289 fuerit
2836 1233 3102 1304 malignos
3120 1232 3391 1298 aversari;
3415 1239 3592 1287 extre-

2010 1342 2111 1381 ma:
2145 1341 2274 1381 vero
2306 1326 2525 1383 malitia:
2552 1331 2931 1395 argumentum
2954 1331 3147 1380 contra
3183 1322 3407 1378 fratrem
3442 1323 3591 1377 oblo-

2008 1418 2100 1487 qui
2123 1434 2137 1485 ;
2155 1417 2317 1488 idque
2334 1417 2475 1471 clam
2491 1430 2668 1486 neque
2686 1415 3076 1486 inrconspectu,
3104 1429 3175 1469 ne
3187 1413 3282 1485 qui
3300 1418 3590 1468 accusatur

2009 1527 2129 1568 sese
2155 1516 2386 1581 purgare
2415 1509 2625 1577 valeat;
2679 1510 2752 1564 ita
2791 1515 2851 1562 ut
2900 1508 2995 1579 qui
3046 1522 3231 1564 coram
3283 1506 3441 1563 nobis
3492 1506 3585 1561 alii

2008 1602 2302 1665 maledicit,
2327 1616 2395 1656 ne
2415 1601 2636 1672 quidem
2659 1616 2691 1656 a
2715 1600 2879 1656 nobis
2902 1599 3224 1656 vellicandis
3246 1614 3430 1653 coram
3461 1597 3588 1654 aliis

2007 1693 2300 1749 abstineat.
2366 1683 2729 1760 Quamob'rem
2805 1690 3122 1762 hujusmodi
3197 1689 3470 1745 hominem
3524 1696 3588 1744 ut

2007 1788 2355 1840 communem
2384 1785 2596 1841 hostem
2626 1785 2890 1856 repellere
2921 1790 3351 1840 consentaneum
3385 1778 3583 1844 fuerit;

2008 1881 2199 1944 utpote
2230 1874 2325 1945 qui
2364 1875 2515 1929 illum
2546 1876 2677 1930 olim
2709 1876 2762 1930 in
2797 1874 3051 1946 paradiso
3080 1874 3371 1929 draconem
3406 1869 3586 1925 imitm-

2007 1973 2119 2032 tur,
2151 1966 2245 2035 qui
2279 1973 2471 2020 contra
2523 1964 2690 2021 Deum
2742 1966 3077 2035 obloquens,
3135 1961 3299 2017 Evam
3345 1957 3585 2017 seduxit.

2007 2055 2120 2112 Nos
2166 2064 2349 2112 autem
2397 2071 2499 2112 nec
2527 2056 2945 2121 maledicam‘us,
2998 2069 3102 2110 nec
3134 2049 3588 2108 maledicentihus

2008 2163 2193 2204 aurem
2223 2148 2586 2218 praebeamus.
2614 2144 2905 2212 Auditum,
2941 2146 3138 2216 inqttit,
3169 2160 3361 2198 vanum
3401 2159 3464 2197 ne
3488 2154 3588 2197 e3-

2009 2239 2175 2309 eipias
2199 2254 2219 2292 :
2252 2254 2361 2293 non
2394 2239 2505 2300 ait,
2537 2253 2606 2292 ne
2634 2236 2866 2302 credas;
2916 2236 3034 2301 sed,
3061 2251 3124 2290 ne
3150 2234 3405 2303 excipias.
3461 2229 3589 2287 Ideo

2008 2330 2279 2402 Propheta
2299 2330 2454 2396 dicit,
2473 2327 2844 2384 Detraltentem
2874 2326 3250 2399 persequebar;
3276 2339 3463 2395 neque
3477 2322 3584 2379 ait:

2008 2422 2126 2479 Non
2157 2422 2442 2479 credebam
2462 2421 2534 2485 ei,
2561 2422 2648 2477 vel
2673 2440 2684 2475 :
2720 2418 2871 2475 Dicta
2901 2419 3023 2488 ejus
3055 2435 3165 2474 non
3189 2416 3543 2472 admittebam
3569 2430 3587 2482 ;

2010 2516 2105 2572 sed
2160 2523 2220 2570 ut
2277 2514 2558 2568 inimicum
2610 2513 2898 2584 pellebam.
2956 2510 3054 2565 Dic
3115 2508 3466 2565 detrahenti:
3524 2505 3586 2562 Si

2009 2607 2319 2680 quempiam
2342 2606 2569 2662 laudare
2598 2607 2705 2672 vis,
2737 2619 2902 2660 aures
2930 2603 3195 2675 aperiam,
3223 2605 3285 2655 ut
3310 2607 3586 2669 unguenta

2011 2700 2311 2772 excipiam;
2340 2700 2425 2756 sin
2455 2698 2783 2755 maledicere
2812 2698 2947 2753 velis
2965 2739 2980 2764 ,
3025 2694 3206 2751 verbis
3238 2693 3347 2748 tuis
3377 2691 3585 2747 aditum

2011 2791 2393 2856 iutercludam,
2422 2806 2599 2861 neque
2622 2790 2768 2846 enim
2802 2789 2986 2845 limum
3031 2796 3087 2843 et
3128 2786 3302 2841 lutum
3336 2782 3589 2853 excipere

2011 2884 2313 2942 sustinebo.
2345 2882 2419 2940 Os
2454 2884 2606 2940 frena
2638 2882 2946 2939 detrahenti
3009 2879 3076 2935 ad
3124 2892 3288 2935 aures
3336 2886 3480 2940 tuas,
3519 2887 3587 2929 ne

2009 2992 2136 3034 cum
2162 2979 2256 3034 illo
2287 2977 2523 3049 duplicis
2556 2976 2765 3048 peccati
2821 2990 2950 3031 reus
2987 2972 3188 3030 evadas
3211 3010 3227 3037 ,
3279 2983 3403 3026 cum
3438 2973 3493 3024 et
3525 2973 3586 3021 tu

2010 3071 2243 3129 exitioso
2267 3071 2406 3127 mori
2439 3083 2750 3135 assuescas,
2786 3076 2841 3123 et
2872 3068 3025 3122 illum
3057 3080 3087 3119 a
3120 3062 3365 3121 susurris
3393 3064 3585 3116 contra

2014 3163 2318 3235 proximum
2355 3177 2465 3217 non
2491 3162 2822 3218 absterreas.
2856 3158 2937 3216 Ne
2981 3173 3170 3213 aurem
3203 3164 3352 3211 tuam
3385 3154 3586 3224 lingua

2012 3254 2349 3311 detrahentis
2378 3254 2641 3325 praebeas,
2681 3266 2857 3322 neque
2882 3250 3127 3322 linguam
3171 3255 3323 3303 tuam
3357 3242 3588 3299 auribus

2008 3347 2277 3416 vituperia
2336 3347 2616 3401 amantis:
2664 3344 2847 3400 dulcia
2895 3342 3121 3414 loquare
3169 3347 3225 3395 et
3281 3336 3473 3392 audias
3516 3334 3587 3392 de

2010 3442 2279 3512 proximo,
2321 3455 2387 3495 ne
2415 3455 2446 3493 a
2475 3438 2742 3494 cbaritate
2768 3435 2993 3492 exeidas
3017 3475 3033 3501 ,
3059 3441 3110 3488 et
3168 3447 3197 3486 a
3230 3430 3340 3485 vita
3378 3434 3581 3485 aeterna

2009 3534 2218 3590 alienus
2265 3532 2563 3588 inveniare.
2617 3529 2884 3586 Diﬂ'erunt
2930 3533 3114 3584 autem
3168 3526 3312 3580 inter
3356 3536 3417 3578 se
3466 3537 3585 3576 con-

2007 3616 2278 3689 demnare,
2333 3623 2598 3695 despicere
2650 3629 2704 3678 et
2749 3619 3045 3675 detrahere.
3104 3614 3239 3674 Nam
3309 3612 3585 3668 detrahere

2006 3725 2093 3775 est
2120 3724 2313 3773 contra
2347 3717 2583 3787 aliquem
2616 3715 2779 3771 verba
2833 3712 3014 3768 facere
3037 3749 3052 3774 ,
3103 3708 3256 3765 verbi
3289 3709 3462 3779 gratia
3502 3705 3586 3760 di—

2008 3824 2169 3865 cere:
2195 3806 2288 3863 Ille
2310 3807 2475 3862 homo
2504 3805 2767 3861 mentitus
2788 3812 2894 3867 est,
2915 3807 3032 3866 aut,
3059 3798 3116 3853 in
3145 3799 3283 3852 iram
3310 3793 3582 3866 prorupit,

2008 3910 2101 3957 aut
2129 3900 2437 3956 mtechatus
2464 3906 2583 3965 est,
2617 3905 2711 3952 aut
2739 3894 2871 3967 quid
2908 3892 3122 3960 simile;
3182 3890 3230 3946 is
3277 3887 3423 3945 enim
3454 3899 3583 3958 pee-

2005 4003 2186 4050 catum
2220 3991 2403 4048 fratris
2429 3992 2516 4047 sui
2545 4005 2612 4048 ex
2640 3986 2808 4044 animi
2843 3992 2992 4042 motu
3010 3982 3290 4039 revelavit.
3321 3976 3583 4035 Condere-

2005 4102 2154 4154 nare,
2189 4085 2243 4140 id
2268 4094 2355 4140 est
2385 4082 2569 4139 dicere
2601 4100 2615 4136 :
2652 4078 2801 4134 Talis
2829 4077 2996 4132 homo
3021 4072 3255 4129 mendax
3284 4078 3402 4136 est,
3443 4080 3584 4124 ωω-

2003 4180 2163 4243 chus,
2199 4172 2538 4241 iracundus;
2565 4187 2714 4237 nam,
2741 4177 2804 4226 ut
2836 4167 3012 4233 vides,
3050 4166 3230 4236 ipsum
3265 4161 3434 4219 animi
3463 4159 3585 4230 ejus

2004 4271 2257 4329 affectum
2278 4275 2333 4324 et
2352 4282 2513 4323 usum
2546 4263 2845 4324 damnavit.
2887 4275 2952 4315 ac
2989 4266 3178 4312 contra
3209 4263 3380 4311 totam
3417 4251 3582 4306 vitam

2000 4366 2119 4437 ejus
2153 4360 2477 4421 sententiam
2495 4358 2638 4421 tulit,
2662 4355 2851 4411 dicens
2876 4367 3001 4408 eum
3021 4350 3116 4404 illo
3130 4346 3293 4402 modo
3315 4342 3568 4437 aﬂ'ectttm

1998 4431 2141 4515 esse.
2174 4452 2337 4510 Aliud
2362 4451 2562 4524 quippe
2606 4455 2691 4503 est
2738 4446 2960 4503 dicere:
3006 4439 3069 4496 In
3116 4440 3252 4495 iram
3301 4431 3580 4507 prorupit;

333 4538 425 4593 καὶ
450 4536 818 4610 σικχαίνεσθαι
846 4537 921 4603 ὡς
948 4536 1083 4610 ἀηδῆ
1107 4555 1255 4593 τίνα’
1286 4538 1315 4593 δ
1338 4542 1432 4595 καὶ
1458 4540 1551 4596 τοῦ
1578 4545 1901 4615 κατακρῖναι

2010 4546 2158 4603 aliud
2198 4558 2368 4602 vero:
2429 4536 2732 4596 Iracundus
2791 4542 2896 4591 est.
2945 4530 3225 4600 Despicere
3271 4532 3453 4582 autem
3498 4530 3583 4579 est

330 4628 453 4684 ὸλεθ
460 4627 617 4701 ριὼτε
625 4645 738 4700 ρον.

407 4912 488 4966 οὐ
541 4907 787 4975 κατῴκει
830 4909 901 4963 ἐν
932 4909 1102 4981 μέσῳ
1158 4907 1265 4979 τῆς
1313 4913 1505 4979 οἰκίας
1551 4930 1670 4983 μου
1722 4912 1906 4968 ποιῶν

332 5003 763 5072 ὑπερηφανίαν.
818 5002 966 5057 Ἀνω
1020 5004 1118 5074 μὲν
1166 5002 1297 5075 περὶ
1348 5003 1504 5073 φίλου
1558 5004 1906 5078 ὑπερηφάνου

332 5093 547 5162 ἔλεγεν·
581 5092 816 5149 ἐνταῦθα
840 5094 898 5148 δὲ
927 5094 1056 5168 περὶ
1083 5095 1355 5167 ὑπηρέτου
1383 5095 1567 5167 φησὶν,
1599 5098 1680 5151 ὄτι
1704 5098 1909 5155 οὐδένα

334 5186 443 5241 τῶν
488 5186 757 5260 ὑπεροψίᾳ
808 5187 1106 5260 χρωμένων
1153 5188 1399 5244 σύνοικον
1445 5191 1591 5261 ἔχειν
1634 5189 1904 5264 ᾑρούμην,

332 5272 453 5332 οὐδὲ
483 5278 764 5349 πρωτείων
794 5280 885 5333 καὶ
916 5282 1228 5353 παρρησίας
1262 5280 1478 5352 ἠξιοῦτο
1507 5286 1634 5354 παρ’
1665 5284 1807 5355 ἐμοὶ,
1832 5284 1905 5349 ὡς

331 5368 425 5424 τοῦ
466 5372 523 5423 ὲν
565 5370 715 5441 μέσῳ
750 5374 849 5442 τῆς
894 5372 1068 5437 οἰκίας
1108 5374 1421 5446 παρρησίαν
1466 5375 1560 5429 καὶ
1598 5375 1908 5448 ἐλευθερίαν

331 5461 573 5533 ἔχοντοςδ
609 5462 664 5515 ἐν
689 5461 841 5534 ὄψεσι
871 5465 1268 5536 γάρδεσπότου
1302 5469 1330 5520 ό
1355 5467 1610 5533 τοιοῦτος.
1643 5470 1823 5523 Ποιείν
1849 5470 1906 5524 δὲ

333 5554 710 5626 ὑπερηφανίαν
742 5557 859 5611 ἐστὶ
894 5559 957 5611 τὸ
992 5561 1129 5631 μετά
1160 5560 1476 5625 ἀλαζονείας
1508 5563 1767 5633 ἐνεργεῖν.
1816 5563 1908 5616 Λὲ-

328 5660 418 5715 γοι
445 5646 490 5700 δ’
523 5646 608 5709 ἂν,
644 5648 735 5701 καὶ
761 5650 842 5703 ὅτι
868 5669 880 5681 ·
908 5653 981 5705 Οὐ
1014 5652 1249 5723 κατῴκει
1276 5657 1333 5708 ὲν
1364 5657 1428 5725 τῇ
1457 5656 1652 5727 καρδίᾳ
1681 5673 1780 5726 μου
1821 5655 1907 5709 λο-

330 5738 526 5809 γισμὸς
565 5739 883 5795 ὑποϐάλλων
927 5743 1318 5815 ὑπερηφανίαν.
1370 5746 1582 5800 Λαλὼν
1625 5746 1802 5801 ἄδικα
1834 5750 1905 5802 οὺ

331 5832 698 5888 κατεύθυνεν
742 5834 999 5889 ira:th
1043 5835 1157 5891 τῶν
1190 5836 1509 5897 (δεθαλιιῶν
1544 5857 1675 5900 nov.
1715 5839 1906 5895 Συντύ-

2007 4637 2166 4712 quasi
2203 4633 2466 4693 detestari
2509 4630 2839 4704 proximum,
2873 4632 2928 4683 et
2959 4621 3118 4696 quasi
3146 4619 3396 4712 odiosum
3429 4616 3580 4712 illum

2007 4705 2324 4788 exsecrari:
2356 4726 2502 4800 quod
2552 4723 2715 4780 etiam
2752 4721 2869 4792 ipsa
2896 4711 3347 4774 condemnatione
3400 4705 3584 4780 perni-

2007 4822 2215 4880 ciosius
2244 4833 2348 4878 est.

2082 4913 2250 4972 Vens.
2291 4914 2342 4967 7.
2384 4911 2509 4967 Non
2537 4906 2812 4965 habitabat
2842 4907 2897 4961 in
2931 4903 3100 4960 medio
3124 4899 3311 4956 domus
3340 4909 3469 4950 mea:
3491 4890 3584 4965 qui

2010 5008 2208 5080 faceret
2239 5005 2563 5079 superbiam.
2611 5000 2877 5075 Superius
2896 4997 3117 5071 quidem
3161 4994 3230 5050 de
3276 4987 3456 5045 amico
3482 5000 3578 5041 su-

2011 5100 2181 5173 perbo
2211 5100 2427 5154 locutus
2461 5104 2580 5165 est;
2613 5095 2700 5151 hic
2722 5100 2904 5148 autem
2944 5091 3014 5147 de
3050 5086 3254 5144 famqu
3297 5081 3578 5173 loquitur.

2012 5172 2196 5265 aitque
2225 5212 2238 5248 :
2270 5190 2551 5248 Neminem
2584 5203 2773 5245 eorum
2802 5185 2897 5258 qui
2939 5181 3175 5254 superbe
3215 5185 3437 5252 agerent
3483 5172 3581 5226 do-

2012 5286 2301 5342 mesticum
2332 5281 2466 5339 mihi
2495 5280 2794 5353 deligebam
2820 5318 2837 5343 ,
2882 5291 3060 5347 neque
3110 5267 3469 5329 concedebant
3520 5266 3582 5315 ut

2012 5376 2156 5450 apud
2179 5393 2264 5432 me
2299 5377 2504 5447 primas
2533 5379 2783 5429 tenerent
2806 5379 2862 5427 et
2895 5370 3126 5425 ﬁdenter
3154 5369 3414 5434 agerent,
3449 5355 3580 5427 quia

2012 5470 2220 5528 scilicet
2248 5469 2296 5525 is
2324 5468 2417 5539 qui
2439 5468 2495 5523 in
2520 5466 2697 5522 medio
2719 5466 2916 5521 domus
2944 5470 3029 5519 est
3056 5457 3310 5515 ﬁduciam
3338 5459 3393 5508 et
3412 5450 3579 5504 liber-

2012 5570 2177 5618 tatem
2212 5561 2459 5618 obtinet:
2502 5575 2628 5615 nam
2664 5555 2975 5629 hujttsmndi
3003 5554 3166 5607 homo
3191 5548 3248 5603 in
3279 5544 3455 5602 oculis
3482 5542 3583 5598 do-

2012 5657 2147 5713 mini
2176 5664 2444 5713 versatur.
2475 5654 2799 5726 Superbiam
2827 5664 2959 5707 vero
2994 5646 3193 5706 facere,
3226 5651 3309 5698 est
3336 5655 3460 5695 cum
3494 5653 3582 5692 ar-

2011 5750 2257 5823 rogantia
2289 5766 2348 5807 se
2374 5765 2578 5822 gerere.
2611 5746 2806 5802 Dixerit
2841 5745 2965 5798 item
2993 5758 3007 5796 :
3046 5737 3163 5793 Nou
3195 5733 3477 5790 habitabat
3525 5731 3583 5787 in

2013 5843 2174 5901 corde
2206 5860 2327 5900 meo
2358 5839 2615 5902 coaitatio
2645 5835 2956 5897 superbiam
2988 5845 3305 5896 suggerens.
3346 5826 3452 5892 ρκι
3501 5825 3585 5879 ιιι-ί
