4044 6212
494 349 633 406 1257

1201 349 1465 408 EUSEBII
1496 347 1973 409 CESARIENSIS
2011 344 2164 403 OPP.
2201 344 2384 404 PARS
2421 344 2508 400 111.
2557 376 2619 387 -
2679 345 3091 404 EXEGETICA.

3593 348 3735 408 1248

489 473 746 545 queantur
771 473 973 544 iniqua,
1001 489 1101 528 non
1129 474 1387 547 dirigebat
1414 478 1468 532 in
1483 482 1759 547 conspecta
1789 476 2057 531 oculorum

2165 487 2280 542 μως
2309 472 2504 536 εἰπεῖν,
2540 471 2720 525 πᾶσαν
2759 469 2974 524 ἀδικίαν
3004 468 3445 541 ἀπεστρεφόμην,
3472 469 3595 524 οὑδὲ
3629 473 3739 543 τὴν

491 581 743 621 meorum.
778 563 1189 636 Utcompendio
1219 567 1398 623 dicam
1420 607 1436 634 ,
1481 584 1698 625 omnem
1736 568 2060 638 injustitiam

492 655 804 715 aversabar.
822 671 1001 725 neque
1016 658 1102 713 vel
1123 658 1413 714 verborum
1439 667 1602 715 tenus
1626 674 1746 715 eam
1778 659 2013 715 ferebam
2044 678 2057 714 :

492 761 618 801 nam
649 745 741 816 qui
767 746 1091 817 loquebatur
1118 746 1305 818 iniqua
1330 749 1466 804 nihil
1491 750 1863 820 promovebat,
1887 764 2062 819 neque

489 838 630 894 bene
655 854 768 895 rem
794 839 1016 910 gerebat
1049 840 1105 894 in
1136 849 1432 912 conspectu
1463 856 1606 907 meo,
1633 856 1736 897 nec
1765 857 1827 897 ea
1854 857 1976 912 qua:
2004 843 2061 897 in

488 929 675 984 animo
705 929 930 986 haberet
961 931 1298 1001 perﬁciebat.

562 1016 727 1073 Vens.
763 1019 817 1074 8.
859 1017 927 1072 In
958 1020 1217 1075 matutino
1248 1018 1628 1089 interﬁciebam
1662 1035 1838 1074 omnes
1880 1034 2063 1088 pecca-

491 1119 629 1164 tores
662 1118 835 1174 terrea,
866 1121 923 1164 ut
950 1109 1303 1179 disperderem
1324 1116 1387 1165 de
1416 1111 1628 1165 civitate
1648 1108 1863 1165 Domini
1884 1126 2061 1164 omnes

491 1211 763 1269 operante:
790 1201 1140 1267 iniquitatem.
1172 1199 1271 1254 Hic
1304 1207 1571 1267 exactam,
1605 1200 1856 1257 stabilem
1884 1210 1939 1257 et
1971 1216 2063 1257 so-

491 1292 665 1346 briam
706 1291 932 1361 iustitiae
965 1292 1233 1348 rationem
1265 1290 1565 1348 describit:
1595 1306 1721 1346 nam
1754 1290 1850 1356 ait,
1885 1306 2063 1362 neque

492 1386 574 1440 ira
600 1425 616 1450 ,
667 1400 844 1456 neque
872 1386 1109 1441 ebrietas
1149 1384 1352 1441 caedem
1384 1384 1519 1439 mihi
1562 1384 1928 1455 suggerebat:
1980 1385 2062 1440 ira

490 1477 688 1548 quippe
717 1477 932 1533 etiamsi
980 1477 1231 1534 hesterna
1272 1475 1363 1533 die
1411 1491 1498 1531 me
1543 1475 1957 1546 inﬂammabat;
2005 1484 2062 1534 at

490 1568 848 1625 diuturnitate
880 1569 1061 1625 noctis
1116 1569 1365 1640 mitigata
1396 1568 1606 1636 fuerat;
1640 1569 1878 1625 ebrietas
1905 1585 2058 1637 vero,

493 1660 619 1716 licet
648 1649 832 1731 gravis
877 1659 1204 1731 vespertinis
1246 1660 1396 1716 horis
1442 1660 1730 1727 adfuisset,
1759 1675 1954 1718 somno
1983 1669 2062 1716 ta-

2164 561 2329 635 μέχρι
2367 563 2540 632 λόγων
2579 563 2865 634 ὑπομένων
2886 577 2900 594 ’
2933 563 2962 613 6
3006 560 3116 634 γάρ
3157 560 3337 621 λαλῶν
3376 562 3537 617 ἄδικα
3578 565 3739 620 οὐδὲν

2159 654 2341 725 ἦνυεν,
2387 653 2487 707 οὐκ
2529 652 2789 708 εύωδοῦτο
2832 652 3063 708 ἐνώπιόν
3109 668 3232 723 μου,
3266 654 3327 707 ού
3372 654 3656 728 κατώρθου
3697 657 3739 713 ἀ

2161 745 2511 811 ἐσπούδαζεν.

2234 1015 2341 1080 Εἰς
2358 1013 2467 1080 τὰς
2483 1015 2703 1083 πρωτας
2730 1014 3085 1070 ἀπέκτεινον
3116 1016 3345 1084 πάντας
3377 1017 3517 1084 τοὺς
3549 1016 3744 1087 ἀμαρ-

2160 1104 2390 1173 tanaim
2434 1104 2546 1175 τῆς
2591 1105 2725 1177 τῆς,
2770 1107 2878 1161 τοῦ
2914 1107 3343 1177 ἐξολοθρεῦσαι
3391 1109 3462 1163 ἐκ
3503 1110 3746 1175 πόλεως

2161 1196 2379 1264 Κυρίου
2408 1195 2640 1263 πάντας
2679 1196 2820 1265 τοὺς
2856 1194 3280 1269 ἐργαζομένους
3321 1198 3435 1267 τὴν
3471 1198 3741 1255 ἀδικίαν.

2161 1289 2234 1343 Τὸ
2257 1289 2480 1361 ἀκριϐὲς
2499 1290 2592 1344 καὶ
2615 1289 2849 1354 ἀπλανὲς
2872 1291 2967 1346 καὶ
2995 1291 3254 1363 νηφάλιον
3278 1294 3377 1364 τῆς
3416 1292 3570 1365 δίκης
3596 1312 3747 1364 παρ-

2166 1379 2376 1448 ίστησιν
2412 1397 2425 1411 ·
2477 1380 2560 1434 ὅτι
2622 1378 2747 1433 οὔτε
2793 1380 2986 1453 θυμὸς,
3041 1383 3227 1456 φησὶν,
3273 1380 3398 1437 οὔτε
3443 1384 3577 1456 μέθη
3627 1386 3741 1458 τὴν

2163 1471 2439 1543 ἀναίρεσιν
2468 1472 2782 1528 ὑπετίθετο·
2814 1475 2845 1527 6
2867 1473 2968 1546 μὲν
2991 1474 3100 1548 γὰρ
3126 1474 3295 1547 θυμὸς
3311 1478 3359 1530 εί
3389 1478 3485 1530 καὶ
3514 1480 3576 1549 τῇ
3598 1477 3739 1549 χθὲς

2159 1562 2345 1635 ἡμέρᾳ
2376 1562 2713 1634 παρώξυνεν,
2743 1564 2879 1621 ἀλλά
2915 1565 3005 1620 διὰ
3038 1566 3130 1620 τοῦ
3173 1567 3380 1639 μήκους
3409 1570 3507 1639 τῆς
3538 1569 3741 1633 νυκτὸς

2161 1654 2498 1725 ἐμαλάσσετο
2519 1672 2532 1686 ·
2579 1658 2613 1728 ἡ
2646 1656 2702 1710 δὲ
2732 1655 2891 1729 μέθη,
2926 1657 3030 1712 κᾶν
3065 1656 3222 1727 ὀψίας
3258 1656 3424 1732 πολλὴ
3462 1660 3738 1729 προσεγέ-

491 1765 616 1807 men
643 1751 894 1808 discussa
921 1750 1120 1808 fuerat.
1178 1750 1327 1806 Pura
1353 1752 1537 1823 itaque
1583 1766 1748 1806 manu
1781 1759 1836 1807 et
1878 1759 2059 1808 mente

2162 1761 2302 1809 νετο,
2333 1744 2421 1798 διὰ
2448 1744 2542 1799 τοῦ
2577 1744 2743 1799 ὕπνου
2776 1747 2978 1811 ίκανῶς
3009 1746 3346 1802 ὲλεπτύνετο.
3379 1748 3613 1821 Καθαρᾷ
3638 1748 3741 1805 οὖν

490 1850 687 1898 contra
733 1857 829 1898 eos
855 1843 948 1913 qui
986 1843 1042 1897 in
1072 1841 1242 1899 Deum
1273 1818 1631 1914 peccaverant
1678 1843 1976 1900 instructus
2004 1852 2058 1900 et

2161 1837 2251 1890 καὶ
2277 1839 2421 1909 χειρὶ
2445 1838 2540 1891 καὶ
2571 1838 2765 1913 γνώμῃ
2793 1840 2936 1894 κατά
2969 1840 3078 1896 τῶν
3110 1842 3189 1905 είς
3230 1818 3741 1914 Θεδνάμαρτανόν-

491 1945 733 1992 armatus
754 1951 924 2000 eram.
950 1952 1126 2008 neque
1152 1953 1216 1992 ex
1249 1936 1377 1991 vino
1401 1952 1576 2008 neque
1596 1953 1661 1994 ex
1686 1938 1766 1992 ira
1787 1938 1970 1994 animo
1995 1954 2060 1995 ac

491 2026 759 2079 sententia
786 2025 1117 2095 decipiebar.
1165 2024 1492 2082 Peccatores
1527 2036 1709 2082 autem
1744 2043 1852 2083 non
1881 2029 2057 2084 solum

494 2128 591 2184 per
621 2114 927 2169 universam
958 2124 1183 2179 terram,
1207 2114 1303 2171 sed
1331 2130 1427 2171 eos
1453 2115 1618 2172 etiam
1644 2117 1756 2188 qni-
1775 2118 1831 2173 in
1854 2118 2061 2175 ditione

491 2219 623 2262 mea
641 2213 799 2261 erant
847 2206 1163 2262 occidebam
1192 2225 1206 2264 :
1237 2223 1414 2278 neque
1462 2210 1624 2266 simul
1672 2226 1864 2289 omnes
1892 2252 1908 2279 ,
1961 2213 2060 2270 sed

493 2297 656 2353 modo
685 2297 853 2364 idum,
888 2312 1014 2354 mox
1046 2297 1233 2358 alium.
1287 2298 1497 2355 Verum
1533 2302 1739 2357 nemini
1768 2310 1902 2373 puto
1948 2319 2059 2361 non

490 2389 836 2446 manifestum
866 2407 990 2447 esse
1017 2391 1132 2447 haec
1157 2392 1497 2464 aetiigmatice
1524 2393 1672 2449 dicta
1703 2394 1910 2465 fuisse;
1958 2412 2053 2454 ne-

489 2497 597 2553 que
633 2484 776 2539 enim
808 2499 873 2539 ea
897 2492 984 2540 est
1012 2485 1143 2540 dicti
1169 2487 1460 2553 sententia,
1490 2503 1574 2543 me
1603 2489 1918 2548 ineuntibus
1938 2491 2056 2548 sin-

488 2573 631 2644 gulis
691 2573 883 2628 diebus
938 2573 1179 2639 humano
1239 2577 1504 2647 sanguine
1556 2592 1752 2636 manus
1824 2579 2059 2638 foedasse

491 2677 643 2718 meas
671 2681 686 2718 :
717 2663 771 2719 id
808 2664 953 2719 enim
988 2673 1352 2737 praeterquam
1380 2668 1526 2739 quod
1562 2668 1940 2726 detestandum
1972 2688 2061 2728 es-

489 2766 595 2823 set,
622 2760 935 2815 nullatenus
968 2760 1229 2819 credibile
1272 2771 1377 2819 est.
1434 2764 1724 2832 Quomodo
1767 2771 1916 2824 enim
1943 2770 2060 2826 sin-

489 2852 632 2924 gulis
659 2854 944 2909 matutinis
974 2869 1164 2920 omnes
1194 2866 1508 2925 peccatores
1530 2867 1692 2915 terrae
1741 2875 1902 2916 manu
1930 2875 2058 2932 pro-

491 2940 609 3011 pria
645 2942 912 2999 coniicere
944 2944 1252 3014 potuisset?
1285 2945 1470 3017 Neque
1493 2949 1639 3004 enim
1684 2966 1827 3006 unus
1866 2965 2059 3009 omnes

491 3048 750 3102 superare
775 3034 1054 3102 valuisset,
1085 3052 1209 3092 cum
1229 3078 1246 3105 ,
1270 3045 1330 3092 ut
1366 3040 1660 3096 verisimile
1698 3050 1815 3109 est,
1862 3057 2058 3115 magna

490 3132 636 3181 esset
668 3134 1013 3195 peccatorum
1038 3128 1330 3185 multitudo
1355 3148 1369 3186 :
1402 3145 1466 3184 ac
1481 3132 1525 3187 si
1542 3147 1639 3189 eos
1655 3133 1709 3187 in
1731 3134 1869 3190 bello
1890 3134 2047 3191 vicis-

491 3228 709 3281 sct,uno
726 3218 780 3273 in
796 3219 1063 3275 matutino
1076 3234 1263 3277 omnes
1278 3221 1665 3291 interfecisset,
1681 3239 1856 3296 neque
1871 3225 2059 3299 singu-

493 3307 560 3365 lis
581 3311 866 3367 matutinis
885 3312 1034 3382 ipsos
1056 3313 1275 3383 propria
1303 3329 1467 3370 manu
1497 3317 1881 3375 interemisset.
1913 3318 2054 3387 Quid

492 3402 675 3473 itaque
703 3404 971 3474 signiticet
990 3405 1161 3462 illud?
1185 3405 1460 3464 Attentius
1483 3420 1537 3465 et
1564 3409 1889 3481 prudentius
1913 3412 2058 3469 dicta

493 3493 878 3566 intelligamus,
902 3513 971 3553 ne
997 3499 1318 3571 prophetica
1350 3502 1573 3556 oracula
1600 3487 1871 3559 mendacii
1900 3519 2061 3560 accu-

492 3601 702 3652 semus,
741 3588 887 3659 quod
937 3589 1090 3647 nefas
1126 3600 1290 3649 esset.
1331 3593 1535 3649 Civitas
1587 3591 1801 3650 Domini
1828 3605 1912 3652 est
1954 3599 2059 3653 bu-

493 3680 668 3734 manic
693 3687 981 3736 structurae
1009 3685 1363 3754 compositio;
1396 3694 1713 3756 peccatores
1735 3695 1916 3744 autem
1946 3696 2057 3744 ter-

493 3787 568 3828 rae
594 3772 632 3826 ii
663 3781 791 3827 sunt
824 3773 892 3828 de
914 3774 1132 3845 quibus
1145 3774 1520 3846 Salvatonait,
1554 3778 1628 3831 Ab
1653 3780 1794 3834 intus
1821 3795 1887 3835 ea:
1905 3779 2060 3835 corde

493 3871 679 3916 exeant
704 3862 1049 3933 cogitationes
1081 3865 1259 3929 malta,
1286 3866 1599 3934 Itomicittto,
1635 3869 1918 3935 adulteria,
1952 3869 2060 3939 [οι-

495 3952 812 4017 nicationes,
878 3954 1055 4021 furta,
1113 3953 1256 4023 falsa
1311 3958 1646 4022 testimonia,
1702 3959 2057 4029 blasphemiae.

496 4040 626 4095 Haec
654 4051 798 4107 sunt,
823 4059 940 4112 quas
964 4045 1304 4118 coinquinant
1349 4047 1612 4104 hominem
1640 4051 1703 4107 “.
1738 4050 1850 4108 Hos
1878 4062 2061 4108 autem

496 4141 811 4202 peccatores
841 4149 908 4190 ex
937 4144 1080 4190 terra
1117 4144 1290 4203 ortos,
1324 4138 1380 4192 id
1410 4147 1514 4204 est,
1549 4155 1616 4196 ex
1653 4147 1870 4197 terrena
1897 4157 2063 4200 carne

496 4223 842 4294 prodeuntes,
873 4227 1001 4283 dum
1030 4227 1257 4301 singulae
1278 4230 1346 4286 de
1395 4229 1504 4286 Deo
1533 4232 1890 4303 cogitationes
1929 4249 2061 4289 exo-

494 4316 818 4385 riuntur,ex
843 4320 1367 4391 propriastructura
1400 4324 1540 4378 tollit
1570 4325 1664 4395 qui
1696 4340 1816 4381 sese
1843 4336 2057 4398 purgat.

494 4409 819 4465 Matutinnm
848 4418 1029 4468 autem
1071 4421 1127 4469 et
1155 4413 1457 4472 diluculum
1490 4419 1544 4473 in
1582 4418 1763 4473 anima
1792 4427 1896 4487 est,
1923 4436 2061 4491 quo-

2157 1946 2266 1983 των
2297 1929 2692 2003 ἐξωπλιζόμην,
2723 1933 2859 2003 μήτε
2894 1933 2993 2004 τῆς
3036 1932 3095 1998 ἐξ
3136 1934 3280 1987 οἴνου
3311 1934 3555 2006 γνώμης,
3590 1936 3738 2006 μήτε

2156 2021 2256 2092 τῆς
2300 2023 2366 2075 ἐκ
2413 2021 2586 2094 θυμοῦ
2637 2022 2978 2095 σφαλλούσης
3032 2025 3125 2078 τὸν
3167 2024 3441 2096 λογισμόν.
3491 2027 3634 2089 Τοὺς
3673 2027 3736 2082 δὲ

2158 2112 2513 2185 ἁμαρτωλοὺς
2542 2113 2862 2170 ἀπέκτεινον
2890 2115 2988 2186 οὐχ
3015 2115 3200 2181 ἁπλῶς
3222 2116 3441 2189 ἀπάσης
3474 2117 3573 2187 τῆς
3601 2120 3732 2189 τῆς,

2157 2210 2293 2265 ἀλλά
2328 2211 2430 2282 τῆς
2460 2212 2550 2266 ὑπ’
2578 2212 2709 2283 ὲμέ·
2734 2213 2829 2267 καὶ
2857 2212 3063 2277 πάντας
3088 2212 3145 2267 δὲ
3170 2213 3268 2284 οὐχ
3293 2213 3430 2285 ἅμα,
3459 2213 3598 2267 ἀλλά
3632 2214 3733 2268 νῦν

2162 2304 2260 2375 μὲν
2286 2304 2495 2370 τοῦτον,
2534 2305 2632 2360 νῦν
2666 2305 2722 2359 δὲ
2764 2308 2988 2360 ἐκεῖνον.
3028 2306 3244 2361 Μᾶλλον
3270 2307 3324 2361 δὲ
3364 2306 3525 2360 τοῦτο
3562 2309 3731 2362 παντί

2157 2411 2259 2449 που
2294 2395 2469 2467 δῆλον,
2497 2396 2578 2450 ὅτι
2609 2398 2666 2450 ὲν
2695 2397 2975 2467 αἰνίγματι
3016 2397 3441 2468 κεκαλυμμένως
3474 2401 3684 2469 εἴρηται
3708 2416 3727 2430 ·

2157 2488 2216 2541 ού
2244 2487 2354 2561 γὰρ
2383 2488 2466 2542 ὅτι
2504 2487 2624 2541 καθ’
2656 2488 2896 2559 ἑκάστην
2933 2490 3119 2562 ἀρχὴν,
3140 2488 3258 2561 τῆς
3287 2490 3502 2563 ἡμέρας
3532 2490 3729 2561 αἵματι

2156 2580 2456 2654 ἀνθρώπων
2484 2597 2582 2646 τας
2610 2585 2796 2667 χεῖρας
2827 2583 3190 2654 ὲμολυνομην,
3215 2582 3274 2637 ού
3313 2582 3470 2636 τοῦτὸ
3501 2600 3668 2655 φησιν
3697 2586 3730 2638 6

2155 2672 2308 2741 λόγος
2323 2688 2338 2704 ο
2367 2670 2526 2725 τοῦτο
2556 2672 2664 2744 γὰρ
2694 2672 2831 2744 πρὸς
2856 2672 2935 2743 τῷ
2963 2671 3144 2741 ἐναγεῖ
3181 2671 3261 2724 ἔτι
3292 2670 3388 2724 καὶ
3432 2671 3490 2725 τὸ
3535 2669 3735 2724 ἀπίθαο

2156 2781 2244 2817 νον
2294 2763 2423 2834 ἔχει.
2476 2763 2595 2827 Πῶς
2638 2764 2747 2835 γὰρ
2792 2764 3009 2818 πάντων
3050 2763 3279 2834 ηδύνατο
3321 2762 3442 2817 καθ’
3488 2764 3735 2835 ἑκάστην

2156 2855 2368 2931 πρωίαν
2399 2856 2650 2928 αὐτόχειρ
2675 2856 2917 2925 γίνεσθαι
2948 2856 3058 2919 τῶν
3093 2854 3430 2928 ἁμαρτωλῶν
3459 2853 3563 2925 τῆς
3587 2853 3695 2926 γῆς
3711 2871 3731 2919 ς

2155 2947 2230 3000 υύ
2261 2945 2370 3018 γὰρ
2416 2946 2790 3019 περιγίνεσθαι
2836 2947 3054 3001 πάντων
3094 2945 3317 3000 δυνατὸν
3358 2945 3475 3007 ἕνα,
3520 2944 3737 2999 πολλῶν

2155 3033 2262 3087 τῶν
2287 3033 2768 3107 ἐξαμαρτανόντων
2800 3038 2880 3099 είς
2905 3036 2966 3090 τὸ
2990 3036 3138 3100 είκος
3174 3034 3372 3090 ὄντων·
3404 3036 3500 3090 καὶ
3539 3037 3590 3089 εί
3630 3053 3732 3089 πο-

2084 3172 2130 3234 C
2158 3124 2307 3196 λέμῳ
2357 3126 2535 3180 αὐτῶν
2581 3127 3007 3199 κατεκράτησεν,
3057 3135 3116 3181 εν
3170 3130 3269 3200 μιᾷ
3326 3127 3393 3182 ἀν
3442 3128 3733 3181 ἀπέκτεινε

2161 3219 2338 3288 πρωῖα
2391 3220 2516 3283 τοὺς
2577 3218 2915 3291 σύμπαντας,
2973 3221 3091 3275 ἀλλ’
3145 3221 3266 3292 οὐχὶ
3316 3220 3437 3276 καθ’
3490 3221 3733 3293 ἑκάστην

2158 3313 2371 3383 πρωῒαν
2408 3312 2662 3384 αὐτόχειρ
2688 3312 2866 3366 αὐτῶν
2906 3313 3133 3382 ἐγίνετο.
3170 3313 3235 3367 Τί
3264 3309 3358 3367 οὖν
3381 3313 3539 3368 τοῦτό
3579 3315 3728 3380 tm;

2158 3404 2524 3477 Συνετώτερον
2544 3406 2648 3461 τῶν
2678 3406 2981 3477 λεγομένων
3009 3406 3349 3478 ἀκούσωμεν,
3381 3408 3470 3461 ἵνα
3502 3407 3575 3479 μὴ
3597 3424 3733 3463 κατ-

2158 3497 2519 3568 ηγορήσωμεν
2577 3498 2670 3551 ἐπὶ
2703 3497 2885 3567 ψεύδει
2914 3497 3022 3552 τῶν
3066 3498 3414 3571 προφητικῶν
3446 3498 3659 3568 λογίων,
3696 3498 3730 3555 ὃ

2162 3588 2235 3658 μὴ
2262 3585 2438 3658 θέμις.
2478 3587 2639 3652 Πόλις
2660 3588 2753 3642 τοῦ
2778 3590 2983 3661 Κυρίου
3017 3592 3053 3661 ἡ
3089 3588 3347 3653 σύστασις
3375 3590 3487 3643 ἐστι
3504 3591 3598 3660 τῆς
3619 3589 3717 3642 ἀν-

2161 3678 2436 3749 θρωπίνης
2470 3680 2842 3752 κατασκευῆςθ
2892 3681 3206 3753 ἁμαρτωλοὶ
3235 3681 3293 3733 δὲ
3321 3681 3438 3751 γῆς,
3477 3680 3603 3750 περὶ
3638 3672 3718 3733 ὧν

2160 3788 2322 3842 φησιν
2351 3773 2381 3825 6
2408 3770 2618 3843 ἃυτὴρ,
2650 3772 2733 3825 ὅτι
2755 3773 3014 3828 Ἕσωθεν
3045 3774 3115 3827 ἐκ
3143 3771 3253 3840 τῆς
3286 3770 3523 3840 καρδίας
3552 3769 3724 3839 ἐξέρ-

2162 3881 2367 3930 χονται
2413 3865 2691 3934 λογισμοί
2714 3865 3004 3938 ςιονηροὶ.
3035 3866 3229 3935 φόνοι,
3262 3864 3537 3935 μοιχεῖαι,
3578 3876 3729 3933 πορ-

2161 3958 2310 4013 νεῖαι
2336 3999 2352 4022 ,
2408 3956 2627 4012 κλοπαὶ
2653 3995 2668 4021 ,
2728 3956 3229 4025 ψευδομαρτυρίαι
3249 3996 3264 4020 ,
3320 3956 3726 4025 βλασφημίαι.

2165 4046 2356 4102 Ταῦτά
2374 4048 2505 4102 ἐστι
2544 4044 2618 4102 τὰ
2643 4044 2962 4101 κοινοῦντα
2997 4047 3104 4100 τόν
3139 4046 3469 4114 ἄνθρωπον.
3497 4045 3732 4110 Τούτους

2157 4140 2222 4212 δὴ
2249 4141 2375 4204 τοὺς
2420 4142 2486 4195 ὲκ
2529 4142 2628 4212 τῆς
2673 4139 2777 4210 γῆς
2821 4139 3194 4210 ἁμαρτωλοὺς,
3231 4137 3477 4191 τουτέστι
3504 4137 3633 4200 τοὺς
3664 4139 3734 4192 ὲκ

2159 4233 2256 4304 τῆς
2284 4234 2476 4304 γηῒνης
2523 4232 2719 4304 σαρκὸς
2748 4231 3051 4302 προϊόντας,
3090 4230 3210 4285 καθ’
3249 4230 3484 4292 ἑκάστην
3520 4227 3732 4281 ἔννοιαν

2158 4322 2256 4394 τὴν
2294 4325 2424 4395 περὶ
2459 4323 2594 4376 θεοῦ
2622 4323 2931 4390 ὲξαφανίζει
2972 4325 3034 4376 ὲκ
3060 4322 3160 4392 τῆς
3206 4322 3339 4384 ἰδίας
3365 4320 3677 4383 συστάσεως
3702 4322 3733 4372 6

2160 4414 2366 4469 ἑαυτῶν
2398 4414 2761 4485 ἐκκαθαίρων.
2810 4415 3000 4484 Πρωῒα
3036 4408 3128 4466 οὖν
3164 4414 3253 4466 καὶ
3279 4410 3473 4482 ὄρθρος
3500 4412 3559 4463 ὲν
3580 4408 3730 4478 ψυχῇ

495 4501 598 4558 ties
620 4502 879 4560 salutaris
915 4505 1188 4577 dogmatis
1236 4519 1390 4564 ortus
1441 4511 1673 4577 accidit,
1719 4528 1829 4583 quo
1869 4528 2059 4570 omnes

2164 4505 2280 4559 καθ’
2309 4506 2542 4576 ἑκάστην
2580 4504 2841 4576 ἀνατολὴν
2874 4504 3141 4576 σωτηρίου
3184 4493 3451 4574 δόγματος
3495 4502 3730 4570 γίνεται,

494 4594 873 4663 cogitationes,
900 4613 1020 4667 qua:
1055 4609 1353 4669 operantur
1382 4602 1744 4672 iniquitatem,
1777 4605 1845 4661 de
1882 4606 2061 4663 medio

496 4684 613 4738 tolli
639 4695 872 4755 oportet.
895 4686 1011 4742 Nisi
1041 4689 1186 4743 enim
1216 4691 1374 4760 primi
1403 4690 1599 4747 animm
1630 4701 1812 4750 motus
1841 4692 1909 4748 ad
1940 4710 2058 4751 ma-

496 4775 669 4830 litiam
708 4779 1119 4846 exscindantur,
1145 4784 1517 4840 necessarium
1557 4792 1645 4840 est
1680 4785 1963 4856 cupidines
1991 4787 2060 4843 ad

497 4879 637 4936 opus
659 4867 970 4935 procedere.
1011 4868 1253 4943 Exempli
1281 4889 1467 4938 causa,
1498 4884 1754 4944 peccator
1786 4885 1945 4932 terrae
1974 4885 2061 4933 est

497 4957 755 5025 cogitatio
809 4958 1220 5020 fornicationem
1260 4980 1588 5036 suggerens.
1636 4984 1755 5039 qua:
1795 4967 1955 5025 eﬂicit
2002 4977 2062 5025 ut

498 5051 623 5119 quis
651 5050 934 5106 mulierem
975 5056 1232 5125 respiciat
1275 5057 1342 5112 ad
1377 5059 1870 5131 concupiscendum
1901 5076 2057 5133 eam:

500 5140 615 5196 base
648 5155 811 5212 porro
843 5141 951 5199 nisi
978 5144 1035 5199 in
1058 5146 1239 5201 anima
1268 5147 1550 5205 occidatur
1573 5190 1588 5215 ,
1627 5165 1691 5205 ac
1723 5138 1936 5208 ratione
1959 5167 2060 5209 ceu

497 5233 678 5303 gladio
697 5233 976 5291 scindente
997 5247 1052 5290 et
1080 5237 1304 5296 aii'ectus
1332 5241 1554 5297 tollente
1586 5242 1823 5300 caadatur
1845 5283 1859 5309 ,
1898 5244 2063 5316 idque

506 5326 555 5380 in
592 5327 855 5382 matutino
876 5326 1157 5394 emciatur,
1180 5332 1389 5387 scilicet
1421 5347 1545 5388 cum
1578 5336 1811 5406 primum
1843 5339 1936 5393 illa
1967 5352 2064 5409 pa-

507 5419 608 5474 iam
660 5419 1083 5490 deprehenditur
1128 5422 1275 5492 (nam
1325 5424 1542 5494 quidvis
1581 5429 1933 5501 conspicuum
1967 5431 2062 5485 lux

508 5520 629 5581 est),
664 5521 784 5582 post
814 5514 960 5568 illam
993 5515 1047 5567 in
1080 5515 1245 5572 corde
1289 5516 1722 5590 fornicationem,
1748 5521 1815 5576 ad
1842 5524 2061 5593 gravius

508 5602 663 5657 etiam
698 5614 975 5673 peccatum
1022 5608 1113 5661 illa
1156 5607 1431 5666 hominem
1473 5609 1732 5682 deducet;
1763 5612 1819 5670 id
1846 5621 1950 5682 est,
1994 5614 2063 5670 ad

582 5755 618 5783 “
664 5753 845 5810 Matth.
884 5775 966 5820 ῐν,
1011 5759 1091 5826 I9,
1122 5761 1208 5816 ΞΟ.

2161 4598 2219 4649 ἐν
2334 4595 2750 4665 ὲξαφανίζεσθαι
2791 4596 2873 4650 δεῖ
2916 4597 3120 4659 πάντας
3155 4595 3281 4658 τοὺς
3326 4592 3733 4667 ἐργαζομένους

2160 4688 2256 4759 τὴν
2288 4689 2517 4758 ἀνομίαν
2559 4687 2871 4757 λογισμούς.
2910 4689 2973 4742 Ei
3007 4693 3116 4756 γὰρ
3150 4697 3224 4758 μη
3255 4685 3324 4740 τά
3360 4686 3552 4757 πρῶτα
3588 4688 3730 4755 πρὸς

2161 4781 2424 4852 πονηρίας
2444 4782 2716 4851 κινήματα
2742 4781 2841 4850 τῆς
2864 4779 3040 4851 ψυχῆς
3066 4779 3385 4851 ὲκτμηθείη,
3409 4778 3622 4849 ἀνάγκη
3648 4779 3733 4840 εἰς

2161 4872 2318 4944 ἔργον
2342 4874 2699 4945 προχωρῆσαι
2730 4871 2822 4936 τὰς
2841 4871 3161 4943 ἐνθυμήσεις
3177 4884 3190 4897 ·
3219 4865 3329 4924 οἷον
3355 4869 3456 4941 γῆς
3479 4870 3739 4940 ἀμαρτω-

2159 4965 2250 5028 λός
2282 4967 2428 5018 ἐστιν
2459 4968 2488 5016 6
2517 4968 2616 5028 τὴν
2648 4963 2887 5036 μοιχείαν
2916 4962 3232 5018 ὑποϐάλλων
3259 4962 3514 5032 λογισμὸς
3532 5002 3549 5024 ,
3580 4963 3733 5026 ὅστις

2161 5058 2372 5129 ἐνεργεί
2395 5057 2458 5111 τὸ
2485 5056 2751 5127 ἐμϐλέψαι
2779 5058 2993 5125 γυναικὶ
3029 5056 3164 5128 πρὸς
3186 5055 3248 5109 τὸ
3272 5054 3607 5125 ἐπιθυμῆσαι
3630 5055 3735 5107 αὐ·

2161 5154 2257 5224 τῆς
2275 5169 2288 5182 ’
2315 5143 2471 5215 οὗτος
2488 5154 2585 5204 ἐάν
2611 5152 2685 5222 μὴ
2710 5150 3020 5221 ἀποκτανθῇ
3047 5150 3112 5202 ὲκ
3137 5148 3235 5217 τῆς
3250 5148 3448 5219 ψυχῆς,
3469 5148 3630 5201 οἱονεὶ
3655 5148 3736 5212 ξίο

2163 5263 2250 5315 φει
2270 5246 2374 5298 τινὶ
2397 5243 2474 5315 τῷ
2494 5262 2521 5297 ἰ
2529 5242 2743 5314 μητικῷ
2761 5242 2903 5313 λόγῳ
2926 5245 3018 5296 καὶ
3036 5240 3375 5312 ἀφανιστικῷ
3387 5240 3495 5293 τῶν
3517 5238 3731 5304 παθῶν,

2162 5339 2255 5389 καὶ
2280 5334 2438 5388 τοῦτο
2466 5339 2688 5406 γένηται
2712 5336 2768 5387 ὲν
2790 5335 2993 5406 πρωῖᾳ,
3020 5333 3262 5386 τουτέστι
3283 5332 3423 5385 κατά
3442 5330 3538 5402 τὴν
3563 5331 3642 5392 είς
3670 5328 3739 5383 τὺ-

2162 5428 2390 5500 φανερὸν
2426 5427 2769 5498 ἀποκάλυψιν
2810 5428 2938 5495 (πᾶν
2965 5425 3074 5496 γὰρ
3102 5424 3162 5477 τὸ
3191 5422 3591 5494 φανερούμενον
3614 5420 3733 5490 φῶς

2162 5520 2322 5592 ἐστι),
2345 5520 2484 5592 μετά
2497 5518 2594 5588 τὴν
2611 5522 2668 5573 ἐν
2683 5518 2877 5589 καρδίᾳ
2898 5516 3159 5588 μοιχείαν,
3180 5517 3271 5569 καὶ
3287 5515 3379 5569 ἐπὶ
3393 5515 3489 5586 τὴν
3506 5512 3730 5584 μείζονα.

2160 5611 2363 5684 ταύτης
2388 5610 2663 5684 ἁμαρτίαν
2686 5609 2908 5681 προάξει
2933 5608 3021 5662 τὸν
3046 5607 3350 5680 ἄνθρωπον,
3373 5605 3506 5678 πρὸς
3526 5604 3623 5676 τὴν
3640 5602 3737 5658 διὰ
