4044 6212
332 252 468 308 1249

1451 253 1946 311 COMMENTARIA
1989 256 2054 311 IN
2092 257 2429 317 PSALMOS.

3444 263 3581 318 12Γο

327 371 422 426 τοῦ
453 369 701 443 σώματος
729 370 1004 442 ἐνέργειαν
1051 369 1213 424 αὐτὸν
1248 370 1664 442 ἐκκαλούμενος.
1728 370 1895 425 Τοῦτο

1999 386 2324 443 corporeum
2371 388 2511 444 opus
2548 373 2816 429 evocabit.
2848 370 2903 427 ld
2962 372 3149 444 itaque
3204 372 3338 429 dicit
3386 374 3576 443 David,

328 460 420 521 οὖν
443 462 589 531 λέγει
620 462 781 515 Δαυῒδ
810 463 922 528 ὅτι,
952 461 1090 526 Τοὺς
1122 461 1476 533 ἁμαρτωλοὺς
1504 462 1599 516 καὶ
1629 462 1895 534 ἐμπαθεῖς

326 552 620 625 λογισμοὺς
658 554 783 617 τοὺς
824 556 888 608 ὲκ
919 553 1013 607 τοῦ
1049 552 1286 623 γεώδους
1322 551 1572 623 σώματος
1595 552 1897 622 φυομένους

326 648 448 710 ταῖς
489 645 737 709 ὲωθιναῖς
773 648 1100 716 προσευχαῖς
1139 644 1232 700 καὶ
1268 647 1335 717 τῇ
1389 644 1525 716 πρὸς
1562 644 1694 698 Θεὸν
1726 662 1896 716 προσ-

326 736 480 808 εδρίᾳ
505 735 760 801 ἐκόλαζον
778 753 792 768 ·
821 739 912 790 καὶ
942 737 1020 809 τῷ
1046 738 1185 809 φωτὶ
1214 736 1315 808 τῆς
1337 735 1590 805 γνώσεως
1620 737 1714 790 καὶ
1734 739 1800 807 τῇ
1827 737 1895 791 δι’

326 827 762 899 ὲξομολογήσεως
791 829 1094 899 φανερώσει
1119 830 1387 901 διέκρινον
1412 829 1507 883 καὶ
1536 828 1896 902 ὲξωλόθρευον

324 918 395 973 τὰ
411 919 505 975 τοῦ
526 920 773 991 σώματος
793 919 963 992 πάθη,
985 921 1080 975 καὶ
1100 923 1226 987 τοὺς
1244 920 1581 992 ἀνομοῦντας
1602 919 1898 993 λογισμοὺς

325 1014 391 1067 ὲκ
418 1013 517 1085 τῆς
561 1013 790 1085 καρδίας
830 1030 952 1084 μου.
991 1013 1138 1086 Αὕτη
1166 1012 1277 1086 γάρ
1318 1015 1467 1068 ἐστιν
1511 1016 1545 1086 ἡ
1593 1013 1749 1077 πόλις
1786 1013 1895 1068 ’τοῦ

325 1105 531 1177 Κυρίου
551 1144 565 1168 ,
591 1103 667 1168 ὡς
691 1100 838 1170 οἶκος
856 1104 951 1159 τοῦ
984 1106 1138 1175 ἁγίου
1165 1104 1481 1177 Πνεύματος
1498 1146 1514 1172 ,
1541 1104 1684 1159 κατὰ
1711 1105 1799 1159 τό·
1831 1107 1897 1159 οι

325 1196 583 1266 θεμέλιοι
616 1182 803 1251 αὑτοῦ
830 1196 902 1251 ἐν
942 1197 1066 1264 τοῖς
1090 1198 1255 1267 ὄρεσι
1281 1197 1407 1264 τοῖς
1437 1196 1626 1268 ἁγίοις
1645 1214 1658 1227 ·
1698 1193 1898 1267 ἀγαπᾷ

325 1288 539 1356 Κύριος
562 1285 670 1354 τὰς
699 1289 897 1355 πύλας
916 1289 1069 1343 Σιὼν
1092 1289 1243 1359 ὑπὲρ
1269 1288 1467 1345 πάντα
1490 1289 1564 1345 τὰ
1587 1290 1898 1361 σκηνώμα-

325 1394 399 1431 τα
442 1377 667 1433 Ἰακώϐ.
733 1377 1148 1447 Δεδοξασμένα
1186 1378 1458 1449 ἐλαλήθη
1489 1381 1621 1448 περὶ
1661 1381 1808 1445 σοῦ,
1855 1380 1895 1449 ἠ

326 1472 503 1538 πόλις
518 1470 624 1525 τοῦ
645 1471 812 1525 Θεοῦ.
832 1471 1042 1526 Οὐκοῦν
1058 1472 1244 1543 ἐπειδὴ
1273 1472 1454 1544 πληγή
1479 1474 1642 1539 ἐστιν,
1665 1473 1743 1538 ὡς
1762 1473 1896 1544 ἀλη-

327 1560 435 1625 θῶς
453 1598 468 1627 ,
490 1560 631 1614 κατά
649 1559 758 1614 τῶν
790 1559 997 1633 ἀρετῶν
1021 1563 1053 1632 ἡ
1073 1561 1168 1633 τῆς
1195 1562 1390 1626 κακίας
1410 1561 1697 1633 εὐημερία.
1722 1561 1899 1626 καλῶς

326 1652 438 1722 ἔχει
474 1651 567 1705 τὸν
598 1652 933 1723 προφητικὸν
962 1650 1309 1722 ζηλώσαντας
1334 1653 1490 1721 λόγον
1531 1654 1743 1725 πρωῖαν
1772 1654 1899 1708 ἑαυ-

1996 459 2323 517 Peecatores
2355 462 2480 518 illos
2506 470 2562 517 et
2593 462 2954 533 cogitationes
2999 460 3337 532 aﬁectusque
3363 477 3429 519 ex
3466 472 3581 521 ter-

1996 567 2131 609 reno
2159 567 2390 624 corpore
2433 561 2608 618 ortos,
2642 553 2927 609 matutinis
2956 552 3322 617 orationibus,
3354 561 3410 609 et
3435 557 3580 613 assi-

1996 644 2122 700 duis
2148 644 2215 699 ad
2244 642 2415 700 Deum
2441 643 2662 701 emissis
2689 644 2944 716 precibus
2971 643 3328 714 castigabam,
3356 658 3422 700 ac
3455 646 3581 704 luce

1996 732 2345 804 cognitionis,
2369 733 2848 804 declarationeque
2867 748 2964 803 per
2986 731 3389 788 confessionem
3411 734 3577 804 edita,

1997 838 2293 895 corporeos
2334 823 2564 880 affectus
2591 831 2647 880 et
2679 825 2878 894 impias
2906 824 3266 895 cogitationes
3296 823 3577 884 discerne-

1997 914 2143 980 bam,
2174 932 2351 988 exque
2382 917 2548 972 corde
2581 932 2705 974 meo
2733 918 3184 973 exterminabam.
3223 916 3338 973 Hoc
3377 918 3578 990 quippe

1998 1013 2084 1061 est
2125 1007 2320 1062 civitas
2369 1006 2590 1064 Domini
2643 1016 2831 1080 utpote
2878 1009 3078 1064 domus
3110 1007 3350 1080 Spiritus
3374 1013 3575 1077 sancti,

1999 1098 2298 1153 secundum
2367 1098 2500 1154 illud
2546 1119 2559 1155 :
2604 1097 2984 1155 Fundamenta
3030 1099 3148 1169 ejus
3200 1103 3257 1155 in
3309 1103 3576 1159 montibus

1984 1190 2233 1255 sanctis;
2265 1191 2445 1261 diligit
2489 1191 2744 1247 Dominus
2776 1200 2974 1261 'portas
3031 1192 3159 1247 Sion
3208 1209 3363 1263 super
3398 1198 3577 1251 omnia
3648 1254 3654 1260 ,

1997 1280 2339 1337 tabernacula
2373 1282 2562 1340 Iacob.
2600 1283 2846 1340 Gloriosa
2868 1286 3012 1340 dicta
3052 1296 3174 1341 sunt
3202 1286 3264 1341 de
3291 1297 3364 1353 te,
3394 1289 3576 1344 civitas

1996 1369 2095 1426 Dei
2113 1372 2175 1426 ι’,
2225 1372 2397 1443 Igitur
2422 1374 2552 1444 quia
2598 1375 2816 1430 malitiae
2870 1376 3206 1446 prosperitas
3250 1391 3378 1431 vere
3413 1378 3572 1448 plaga

1998 1462 2258 1518 virtutum
2303 1473 2420 1531 est,
2468 1473 2893 1522 consentaneum
2940 1477 3045 1533 est,
3078 1475 3162 1531 ut,
3195 1467 3575 1537 propheticum

1998 1555 2316 1612 aemulantes
2347 1556 2576 1622 dictum,
2613 1559 2938 1613 matutinum
2963 1559 3122 1614 nobis
3149 1560 3572 1624 constituamus,

1998 1657 2108 1712 quo
2144 1643 2535 1702 interﬁciamus
2577 1661 2768 1703 omnes
2814 1654 3127 1717 peccatores
3172 1657 3353 1715 terrae,
3382 1657 3436 1706 et
3462 1649 3577 1705 dis-

323 1747 439 1808 τοῖς
463 1745 664 1808 ποιεῖν,
693 1744 784 1798 διά
812 1745 873 1798 τὸ
902 1745 1216 1799 ἀποκτεῖναι
1246 1745 1452 1810 πάντας
1479 1747 1607 1810 τοὺς
1633 1747 1894 1818 ἀμαρτω-

1996 1734 2287 1804 pcrdamus
2314 1735 2382 1792 de
2408 1738 2626 1792 civitate
2649 1737 2884 1805 Domini,
2901 1755 3020 1811 quae
3039 1748 3122 1796 est
3157 1742 3364 1806 anima,
3382 1755 3576 1796 omnes

324 1836 450 1900 λοὺς
474 1835 575 1907 τῆς
604 1836 707 1908 γῆς
751 1834 847 1890 τοῦ
892 1835 1270 1907 ὲξολοθρεῦσαι
1321 1837 1386 1891 ὲκ
1428 1837 1635 1903 πόλεως
1666 1837 1893 1908 Κυρίου,

323 1927 470 1999 ψυχὴ
504 1928 561 1982 δὲ
597 1931 631 2000 ἡ
663 1927 846 1990 πόλις,
874 1927 1083 1992 πάντας
1107 1929 1231 1992 τοὺς
1261 1927 1551 2000 λογισμοὺς
1581 1930 1706 1993 τοὺς
1733 1930 1898 2001 ἐργα-

325 2018 585 2091 ζομένους
605 2019 704 2090 τὴν
730 2017 979 2088 ἀνομίαν,
1000 2012 1074 2071 ὧν
1105 2020 1134 2073 ὁ
1165 2018 1383 2090 ὄλεθρος
1409 2017 1521 2091 ζωὴ
1554 2019 1762 2088 γίνεται
1788 2018 1897 2072 τῶν

322 2111 642 2183 ἀμεινόνων,
676 2111 817 2166 κατά
842 2110 926 2173 τὸ,
969 2110 1109 2181 Ἐγὼ
1144 2109 1452 2165 ἀποκτενῶ
1473 2112 1570 2165 καὶ
1594 2108 1701 2181 ζῇν
1724 2112 1896 2181 ποιή-

321 2215 411 2255 σω
434 2218 449 2233 ·
477 2200 738 2267 πατάξω,
761 2199 922 2271 κάγὼ
948 2199 1213 2271 ἰάσομαι,
1239 2201 1335 2255 καί
1359 2204 1469 2256 οὐκ
1487 2202 1658 2279 ἐστιν
1695 2202 1764 2269 ὃς
1802 2203 1898 2268 ἐξ·

319 2292 538 2347 ελεῖται
568 2293 635 2346 ἐκ
668 2292 785 2347 τῶν
813 2291 1024 2365 χειρῶν
1062 2310 1202 2363 μου.
1235 2293 1625 2365 Νεκρουμένων
1658 2295 1766 2366 γὰρ
1791 2295 1901 2348 τῶν

325 2383 501 2454 μελῶν
525 2384 633 2437 τῶν
651 2385 745 2438 ἐπὶ
768 2384 869 2456 τῆς
885 2384 1011 2455 γῆς,
1039 2384 1486 2456 ὑπωπιαξομένου
1514 2402 1575 2439 τε
1602 2386 1696 2441 καὶ
1715 2385 1902 2439 δουλα-

321 2475 671 2547 γωγουμένου
696 2476 790 2529 τοῦ
817 2474 1088 2547 σώματος,
1107 2477 1163 2531 αἱ
1186 2478 1250 2530 ὲκ
1264 2476 1363 2546 τῆς
1383 2476 1582 2548 σαρκὸς
1596 2475 1706 2531 τῶν
1727 2478 1904 2549 ἀμαρ-

321 2566 582 2637 τημάτων
606 2567 854 2638 ἀφορμαὶ
876 2568 974 2638 οὺχ
1001 2560 1111 2621 οἷαί
1136 2568 1195 2621 τέ
1219 2570 1355 2623 εἰσιν
1375 2570 1583 2640 ἐγείραι
1610 2568 1901 2641 λογισμοὺς

322 2658 391 2727 τῇ
432 2656 576 2729 ψυχῇ
616 2658 741 2721 τοὺς
772 2658 1101 2722 σπεύδοντας
1138 2659 1205 2714 δι’
1243 2659 1435 2731 ἡδονῆς
1476 2660 1772 2715 ἀπόλαυσιν
1802 2661 1901 2732 τὴν

321 2748 551 2819 ἀνομίαν
584 2752 785 2804 ποιεῖν’
834 2752 929 2806 καὶ
955 2750 1142 2805 λοιπὸν
1176 2749 1308 2816 ζῶσι
1353 2750 1420 2805 τὰ
1452 2751 1757 2824 κρείττονα.
1813 2754 1903 2805 Δεῖ

323 2840 498 2895 τοίνυν
522 2842 667 2912 ἡμᾶς
698 2840 772 2912 μὴ
795 2843 953 2912 μόνον
981 2842 1169 2896 παθῶν
1199 2839 1335 2898 εἶναι
1361 2846 1687 2915 σωματικῶν
1710 2863 1901 2916 φονευ-

323 2932 454 2999 τάς,
489 2933 624 2988 ἀλλά
660 2935 754 2988 καὶ
791 2933 901 2987 τῶν
933 2934 1077 2988 κατά
1111 2934 1287 3006 ψυχὴν
1329 2935 1592 3006 ὲμπαθῶν
1621 2937 1900 3009 λογισμῶν

324 3022 616 3096 ὀλετῆρας.
685 3024 1024 3097 ’Δμαρτωλοὶ
1049 3024 1158 3097 γὰρ
1182 3026 1287 3096 γῆς
1309 3026 1376 3081 τὰ
1400 3027 1493 3081 τοῦ
1519 3026 1768 3099 σώματος
1788 3028 1866 3082 πά
1882 3058 1899 3070 ο

324 3112 418 3185 θη,
448 3114 804 3189 ἐργαζόμενοι
838 3116 894 3170 δὲ
916 3117 1145 3188 ἀνομίαν
1165 3119 1230 3172 ἐκ
1257 3118 1464 3184 πόλεως
1489 3121 1695 3193 Κυρίου
1723 3121 1900 3188 ἐξολο-

324 3203 661 3276 θρευόμενοι,
696 3207 794 3278 τῆς
825 3207 999 3281 ψυχῆς
1017 3212 1066 3263 οί
1095 3209 1422 3280 ἀνομοῦντες
1442 3211 1709 3283 λογισμοί.
1744 3213 1902 3268 Κατά

324 3297 382 3351 δὲ
397 3297 457 3351 τὸ
475 3299 659 3370 ῥητὸν,
691 3300 1055 3365 Ἀπὲκτεινον,
1077 3302 1231 3380 φησὶ,
1257 3303 1385 3366 τοὺς
1400 3304 1779 3376 ἁμαρτωλοὺς,
1802 3306 1901 3377 χά-

326 3401 413 3455 ριν
434 3386 527 3440 τοῦ
542 3387 915 3460 ὲξολοθρεῦσαι
932 3391 1058 3454 τοὺς
1074 3392 1542 3464 παρανομοῦντας,
1561 3394 1645 3448 ἴνα
1658 3395 1757 3466 τὴν
1773 3397 1902 3449 ἀπο-

321 3476 517 3547 τομίαν
545 3478 645 3549 τῆς
671 3479 943 3545 κολάσεως
970 3483 1003 3552 ἡ
1036 3484 1351 3555 παρανομία
1396 3483 1669 3555 βλέπουσα
1706 3503 1901 3542 συστα-

322 3569 387 3640 λῇ
429 3570 524 3624 καὶ
566 3571 862 3644 ἀφανισθῇ.
933 3573 996 3626 Ἡ
1036 3572 1097 3626 δὲ
1125 3576 1308 3647 πρωῖα
1338 3576 1400 3630 τὸ
1432 3578 1719 3634 σπουδαῖον
1748 3578 1901 3650 δηλοί

324 3660 464 3714 κατὰ
481 3660 543 3715 τὸ
568 3662 731 3734 τάχος
748 3679 761 3694 ο
790 3664 1018 3735 νόμιμος
1038 3663 1096 3718 δὲ
1126 3667 1159 3737 ἡ
1188 3667 1297 3723 τῶν
1321 3669 1574 3741 πονηρῶν
1593 3669 1893 3741 ἐξαίρεσις·

341 3751 658 3821 Ἐξαιρεῖτε
685 3753 793 3825 γὰρ
816 3795 830 3819 ,
858 3755 1020 3826 φησὶ,
1051 3755 1160 3811 τὸν
1180 3760 1447 3828 πονηρὸν
1471 3760 1541 3825 ἐξ
1566 3761 1750 3830 ὑμῶν.

330 3865 827 3942 aptissimae
862 3871 1115 3942 nmxo,
1156 3872 1340 3927 OTAN
1377 3872 1747 3942 ΑΚΗΔΙΑΣῌ.
1774 3874 1895 3929 κΑι

401 3927 1112 4061 ξῗῗὲξλιοᾶςιςϊριυῗ
1152 3927 1393 4016 ΕΚΧΕῌ
1451 3944 1593 3998 THN
1641 3927 1893 3999 ABHEIN

395 4119 572 4187 Κύριε
594 4157 610 4180 ,
644 4120 1006 4183 εἰσάκουσον
1031 4125 1142 4196 τῆς
1168 4124 1514 4195 προσευχῆς
1539 4141 1689 4195 μου,
1724 4127 1823 4180 καί
1852 4127 1891 4195 ἠ

325 4208 556 4280 κραυγή
582 4227 703 4279 μου
732 4212 882 4281 πρὸς
909 4215 985 4269 σὲ
1006 4217 1243 4273 ἐλθέτω.
1274 4217 1373 4286 Μὴ
1398 4217 1793 4288 ἀποστρέψῃς
1823 4218 1891 4274 τὸ

324 4298 647 4368 πρόσωπόν
670 4315 789 4355 σου
820 4302 919 4357 ἀπ’
944 4303 1089 4374 ἐμοῦ
1109 4346 1126 4370 ,
1173 4307 1268 4362 καὶ
1302 4308 1371 4362 τά
1421 4307 1567 4378 ἑξῆς.
1611 4308 1823 4381 Ἐπειδὴ
1856 4309 1889 4380 ή

1995 1826 2355 1897 cogitationes
2385 1842 2673 1900 operantes
2699 1832 3041 1902 iniquitatem
3062 1850 3078 1900 ;
3099 1848 3331 1903 quarum
3346 1832 3575 1887 exitium

1995 1919 2284 1975 meliorum
2310 1922 2421 1976 vita
2442 1930 2545 1988 est,
2576 1925 2878 1979 secundum
2910 1924 3066 1990 illud,
3104 1924 3215 1997 Ego
3249 1923 3506 1986 occidam,
3525 1934 3575 1978 et

1994 2010 2163 2064 viuere
2197 2010 2426 2080 faciam;
2464 2013 2777 2082 percutiam,
2808 2022 2858 2067 et
2891 2030 2983 2084 ego
3013 2014 3237 2078 sanabo,
3263 2024 3311 2068 et
3352 2029 3456 2067 non
3495 2024 3577 2073 est

1995 2099 2085 2170 qui
2113 2098 2178 2155 de
2208 2088 2451 2171 manibus
2497 2104 2624 2158 meis
2654 2104 2819 2173 possit
2864 2104 3127 2159 eruere".
3157 2102 3292 2158 Nam
3343 2100 3576 2157 mortiﬁ-

1998 2193 2141 2248 catis
2174 2195 2436 2250 membris
2463 2210 2583 2265 quae
2623 2203 2751 2250 sunt
2799 2210 2965 2266 super
2995 2204 3221 2267 terram,
3251 2202 3305 2250 et
3358 2194 3578 2250 sublato

1997 2284 2053 2338 in
2080 2287 2506 2357 servitutemque
2538 2287 2759 2341 redacto
2791 2302 3040 2357 corpore,
3061 2286 3309 2343 carnales
3339 2285 3406 2341 ad
3449 2300 3576 2356 pec-

1998 2386 2121 2430 cata
2166 2378 2401 2449 impetus
2437 2380 2791 2450 cogitationes
2820 2381 2874 2434 in
2896 2380 3076 2434 anima
3106 2379 3346 2433 excitare
3373 2392 3577 2456 nequej

2001 2475 2122 2531 unt,
2141 2483 2261 2537 qua:
2276 2484 2374 2538 pro
2394 2470 2676 2539 voluptate
2708 2468 2938 2524 fruenda
2963 2468 3031 2522 ad
3059 2468 3396 2537 iniquitatem
3420 2482 3576 2523 exer-

2000 2561 2228 2620 cendam
2269 2560 2496 2616 incitent
2526 2580 2539 2617 :
2575 2577 2637 2617 ac
2670 2561 2717 2617 si
2750 2561 2967 2616 demum
3000 2574 3065 2615 ea
3095 2560 3284 2614 vivunt
3309 2552 3435 2630 quae
3459 2574 3575 2614 me.-

1999 2656 2137 2711 liora
2163 2662 2309 2711 sunt.
2333 2651 2484 2725 Opus
2515 2654 2697 2723 itaque
2722 2662 2808 2709 est
2833 2667 2935 2709 nos
2958 2667 3066 2707 non
3091 2651 3253 2706 modo
3282 2664 3577 2726 corporeo—

2000 2765 2121 2806 rum
2151 2747 2440 2804 aﬂectuum
2486 2745 2888 2810 interfectores,
2919 2745 3014 2803 sed
3052 2754 3108 2800 et
3130 2758 3420 2815 pravarum
3450 2743 3574 2798 ani-

2002 2857 2104 2897 ma:
2135 2839 2526 2910 cogitationum
2553 2839 3007 2894 exterminatores
3032 2851 3173 2894 esse.
3210 2834 3345 2889 Nam
3385 2850 3577 2905 pecca-

2003 2941 2150 2989 tores
2177 2939 2336 2987 terrac
2386 2940 2516 2985 sunt
2541 2931 2793 3001 corporis
2837 2929 3097 2997 allectus;
3131 2938 3420 3001 cperantes
3445 2946 3575 2988 vero

1984 3024 2367 3096 iniquitatem,
2401 3022 2497 3094 qui
2529 3021 2596 3078 de
2648 3022 2866 3077 civitate
2895 3021 3108 3078 Domini
3162 3021 3572 3092 disperduntur,

2003 3118 2200 3187 iniquae
2227 3114 2393 3171 animi
2417 3113 2793 3185 cogitationes.
2820 3112 3130 3169 Secundum
3160 3124 3338 3171 autem
3371 3115 3573 3171 dictum

2000 3208 2155 3274 illud,
2211 3207 2629 3273 lnterﬁciebam,
2692 3208 2788 3265 ait.
2848 3214 3195 3277 peccatores,
3244 3215 3305 3261 ut
3356 3205 3574 3275 iniquos

1999 3299 2456 3363 exterminarem;
2491 3312 2600 3368 quo
2642 3296 2902 3366 iniquitas
2937 3297 3328 3352 immanitatem
3366 3298 3573 3368 suppli-

1998 3391 2070 3446 cii
2120 3391 2436 3460 conspicata
2489 3389 2839 3445 coliiberetur
2873 3396 2929 3444 et
2960 3388 3029 3443 de
3058 3388 3236 3444 medie
3265 3387 3569 3444 tolleretur.

1999 3482 2322 3538 Matutiuum
2359 3496 2524 3553 porro
2572 3481 2910 3552 diligentiam
2967 3480 3210 3535 denotat.
3275 3479 3571 3537 Pravorum

1998 3586 2179 3632 autem
2210 3574 2590 3631 exterminium
2650 3573 2949 3644 legitimum
2989 3580 3075 3629 est
3108 3591 3121 3628 :
3156 3588 3306 3640 nam,
3329 3573 3567 3644 Auferte,

1997 3666 2192 3738 inquit,
2217 3663 2417 3720 malum
2448 3679 2515 3720 ex
2545 3663 2767 3724 vobis“.

1994 3865 2254 3923 ouA'rIo
2294 3863 2616 3929 murem,
2655 3861 2801 3919 CUM
2850 3860 3110 3917 ANXIUS
3145 3860 3423 3931 FQERIT,
3479 3862 3568 3918 ετ

2067 3938 2129 3992 ΙΝ
2185 3933 2588 3993 CONSPECTU
2640 3931 2880 3989 DOMlNl
2955 3930 3343 3987 EFFUDERIT
3408 3932 3569 3988 PRE-

2062 4007 2200 4064 CEM
2243 4004 2430 4062 SUAM
2440 4046 2453 4059 .
2497 4004 2583 4059 Cl.
3540 4082 3545 4095 ι

2063 4120 2230 4177 Vsus.
2266 4118 2391 4175 2-6.
2424 4117 2669 4179 Domine.
2699 4115 2894 4172 exaudi
2946 4116 3237 4170 orationem
3281 4130 3470 4180 meam,
3517 4125 3568 4171 et

1989 4214 2193 4271 clamor
2224 4230 2368 4268 meus
2392 4211 2463 4266 ad
2495 4220 2542 4266 te
2575 4210 2767 4265 ueniat.
2802 4207 2927 4263 Non
2951 4218 3157 4263 avertas
3187 4208 3378 4276 [aciem
3418 4218 3567 4261 tuam

1989 4324 2025 4361 a
2046 4322 2146 4371 me,
2172 4315 2279 4361 etc.
2334 4302 2601 4371 Quoniam
2650 4300 2845 4355 titulus
2877 4300 2958 4356 sic
2989 4299 3177 4362 habet,
3220 4297 3407 4353 Oratio
3434 4313 3567 4366 pau-

325 4390 603 4464 ἐπιγραφὴ
636 4391 782 4463 εχει,
817 4396 1132 4466 Προσευχὴ
1172 4397 1253 4464 τῷ
1278 4398 1489 4469 πτωχῷ
1514 4440 1530 4466 ,
1559 4398 1706 4454 ὅταν
1743 4400 1889 4468 ἀκη-

1995 4399 2126 4468 peri,
2148 4411 2266 4450 cum
2282 4392 2473 4448 anxius
2506 4391 2687 4461 fuerit,
2721 4399 2771 4444 et
2800 4388 2855 4444 in
2891 4402 3167 4458 conspectu
3193 4385 3408 4440 Domini
3427 4386 3566 4455 e/fu-

323 4480 503 4553 δαίσῃ
517 4522 533 4547 ,
559 4484 657 4538 καὶ
682 4485 959 4540 ἐναντίον
974 4488 1194 4556 Κυρίου
1214 4489 1392 4561 ἐκχέῃ
1418 4491 1534 4560 τὴν
1553 4489 1765 4560 δέησιν
1783 4492 1888 4546 αὑ-

323 4570 430 4625 τοῦ
448 4613 466 4638 ,
496 4574 707 4645 νοήσεις
747 4575 838 4629 τὸν
869 4577 1104 4631 ἐνταῦθα
1134 4576 1422 4650 λεγόμενον
1454 4581 1668 4652 πτωχὸν
1693 4619 1709 4644 ,
1746 4597 1885 4652 συμ-

323 4666 532 4721 ϐάλλων
563 4668 725 4721 αὐτὸν
746 4667 825 4740 τῷ
854 4670 1294 4743 μακαριζομένῳ,
1322 4673 1461 4728 κατά
1484 4672 1571 4729 τό⁸
1598 4671 1888 4743 Μακάριοι

322 4761 376 4811 οἱ
404 4759 625 4828 πτωχοὶ
655 4758 734 4825 τῷ
768 4762 1077 4831 πνεύματι,
1111 4761 1201 4818 ὅτι
1237 4764 1434 4819 αὐτῶν
1458 4765 1626 4819 ἐστιν
1643 4767 1683 4834 ἡ
1704 4766 1886 4830 ,βασι-

319 4851 456 4905 λεία
489 4849 606 4905 τῶν
638 4852 928 4920 οὐρανῶν.
1002 4855 1284 4927 ’Δρμόσειε
1316 4856 1359 4909 δ’
1392 4856 1457 4909 ἂν
1485 4856 1562 4925 τῷ
1594 4855 1886 4927 ἀκηδιῶντι

1992 4488 2127 4544 derit
2172 4499 2374 4556 precem
2423 4498 2612 4544 suam,
2678 4480 2765 4536 hic
2825 4491 3115 4549 pauperem
3164 4477 3458 4548 intelligas,
3515 4477 3563 4534 si

1992 4579 2171 4651 ipsum
2200 4591 2328 4632 cum
2367 4574 2460 4629 illo
2507 4572 2603 4644 qui
2644 4573 2836 4627 beatus
2876 4569 3223 4642 praedicatur,
3257 4584 3560 4640 compares,

1994 4671 2294 4728 secundum
2349 4667 2515 4733 illud,
2564 4665 3015 4735 Beatipauperes
3063 4664 3272 4733 spiritu,
3313 4665 3561 4734 quoniam

1994 4764 2227 4831 ipsorum
2259 4769 2337 4816 est
2367 4775 2582 4830 regnum
2609 4756 2856 4812 caelorum
2881 4756 2945 4809 "‘.
2986 4755 3199 4810 Amicto
3246 4756 3371 4809 item
3430 4771 3561 4826 pau-

1990 4852 2105 4924 peri
2152 4851 2285 4907 illud
2317 4849 2606 4921 aptaveris,
2643 4847 2794 4903 Beati
2842 4846 3024 4916 ﬂentes
3067 4854 3117 4900 et
3148 4846 3398 4915 lugentes,
3430 4862 3561 4915 quo-

321 4943 520 5014 πτωχῷ
546 4945 639 4999 καὶ
656 4947 716 5001 τό
732 4962 746 4976 ⁸
766 4945 1058 5015 Μακάριοι
1080 4949 1135 5001 οι
1153 4946 1465 5013 κλαίοντες
1482 4948 1578 5002 καὶ
1602 4947 1891 5003 πενθοῦν-

1995 4942 2132 4996 niam
2179 4938 2277 5009 ipsi
2319 4936 2810 4993 consolabuntur".
2834 4934 3097 5006 Quisquis
3132 4935 3277 4990 enim
3308 4932 3419 4989 Deo
3465 4935 3562 4989 ad-

319 5050 438 5099 τες,
455 5035 542 5089 ὅτι
561 5038 726 5091 αὐτοὶ
756 5036 1341 5106 παρακληθήσονται.
1370 5037 1484 5100 Πᾶς
1504 5035 1791 5107 τοιγαροῦν
1808 5035 1886 5106 τῷ

320 5122 440 5195 Θεῷ
463 5126 848 5197 ἀνακείμενος,
879 5126 1176 5196 πτωχεύων
1201 5128 1258 5179 ὲν
1284 5128 1396 5189 τοῖς
1441 5124 1535 5178 τοῦ
1582 5123 1696 5193 βίου
1739 5123 1883 5195 πρά-

315 5231 512 5287 γμασι·
550 5217 699 5288 παρά
725 5219 782 5271 δὲ
809 5217 928 5289 Θεῷ
950 5218 1213 5282 πλουτῶν,
1236 5218 1433 5289 ἁκηδιᾷ
1451 5216 1803 5288 λυπούμενος,
1828 5218 1885 5289 ἢ,

312 5306 533 5376 ἀθυμίᾳ
559 5349 573 5371 ,
606 5306 745 5361 κατὰ
771 5307 868 5378 τὴν
894 5307 989 5362 τοῦ
1022 5308 1317 5379 Συμμάχου
1359 5305 1683 5378 ἑρμηνείαν,
1746 5324 1884 5360 κατ-

313 5398 541 5468 έχεται,
577 5400 670 5451 ἐπὶ
690 5402 758 5470 τῇ
791 5399 899 5452 τῶν
923 5399 1130 5453 πολλῶν
1161 5399 1327 5470 κακίᾳ
1359 5401 1451 5453 καὶ
1478 5398 1746 5469 ἀπωλείᾳ·
1774 5393 1883 5462 οἶος

312 5487 380 5563 ἦν
404 5490 615 5559 ὁλὲγων
634 5505 647 5516 ·
673 5491 859 5559 Οἵμοι,
883 5489 971 5545 ὅτι
996 5491 1311 5546 ἀπόλωλεν
1330 5487 1591 5556 εὐλαϐὴς
1613 5489 1729 5547 ἀπὸ
1749 5488 1880 5558 γῆς,

390 5671 432 5703 ¹²
477 5669 618 5728 Psal.
659 5686 890 5738 LXXXVI,
925 5670 989 5737 Ξ,
1027 5671 1079 5727 3.
1159 5670 1201 5704 “
1240 5668 1391 5727 Deut.
1430 5685 1609 5738 xxxii,
1641 5670 1729 5727 39.
1811 5672 1852 5702 ¹³
1891 5671 1895 5726 l

1995 5686 2067 5726 or.
2109 5671 2178 5732 ὅ,
2217 5669 2301 5726 13.

1989 5032 2170 5087 dictus
2198 5038 2306 5094 est,
2338 5038 2392 5085 et
2418 5029 2511 5099 qui
2541 5028 2597 5083 in
2626 5028 2748 5083 vitae
2769 5027 2933 5082 rebus
2968 5041 3192 5097 pauper,
3219 5026 3360 5097 apud
3389 5024 3558 5081 Deum

1989 5134 2169 5177 autem
2199 5121 2353 5177 dives
2377 5129 2480 5183 est,
2511 5119 2702 5176 dolens
2739 5120 3115 5184 contristatur,
3136 5129 3230 5173 aut
3256 5117 3554 5174 secundum

1997 5213 2309 5287 Symmachi
2360 5209 2879 5283 interpretationem,
2909 5211 3133 5264 tristitia
3156 5210 3437 5271 detinetur,
3489 5207 3554 5261 de

1990 5303 2196 5359 malitia
2221 5309 2277 5359 et
2307 5303 2528 5357 interitu
2554 5301 2915 5372 plurimorum
2953 5321 2965 5357 ε
3002 5300 3307 5374 cuiusmodi
3345 5307 3458 5353 erat
3505 5300 3552 5356 is

1988 5395 2081 5465 qui
2104 5394 2340 5459 dicebat,
2374 5391 2476 5447 Hei
2510 5391 2657 5457 mihi,
2693 5393 2819 5464 quia
2852 5393 3008 5461 periit
3051 5393 3169 5461 pius
3194 5377 3271 5443 'ile
3312 5398 3470 5453 terra,
3502 5398 3551 5442 et

1991 5491 2043 5543 in
2075 5485 2368 5542 hominibus
2397 5502 2497 5540 non
2530 5493 2606 5540 est
2637 5487 2725 5555 qui
2760 5496 2895 5540 recte
2929 5494 3052 5556 agat
3078 5499 3094 5536 :
3122 5496 3294 5535 omnes
3325 5477 3391 5533 ad
3422 5496 3545 5532 san»

2383 5671 2426 5700 ¹⁸
2470 5666 2657 5722 Matth.
2696 5683 2748 5730 γ,
2784 5665 2837 5720 5,
2916 5663 2957 5694 ³³
2995 5658 3208 5726 Luem,
3238 5657 3327 5713 ‘21.
