4044 6212
482 225 625 283 1251

1195 226 1466 286 EUSEBII
1503 226 1984 285 CESAﬂlENSIS
2022 227 2054 283 0

2153 244 2174 284 ‘.
2206 225 2389 282 PARS
2426 224 2514 284 111.
2554 258 2625 268 -
2665 224 3073 283 EXEGETICA.

3611 228 3758 285 ηδτ

480 340 690 411 guinem
728 339 997 410 judicant,
1048 341 1246 413 singuli
1274 342 1572 410 proximum
1619 357 1773 396 suum
1804 341 2054 397 tribulant

2161 342 2259 397 καὶ
2284 345 2317 397 ό
2335 340 2637 410 κατορθῶν
2652 341 2725 396 ἐν
2744 342 3076 411 ἀνθρώποις
3094 341 3207 412 οὐχ
3225 341 3481 413 ὑπάρχει
3497 358 3510 371 ·
3524 342 3755 411 πάντες

481 431 823 486 tribulatione
840 431 914 497 ";
949 440 1005 487 et
1032 433 1127 503 qui
1179 432 1417 498 dicebat,
1469 432 1595 489 Non
1638 445 1716 489 est
1758 435 1851 506 qui
1889 435 2057 505 faciat

482 525 675 580 bonum
694 524 756 579 ⁸⁸.
778 523 1046 580 Caeterum
1078 539 1284 596 pauper
1309 528 1404 598 qui
1430 526 1499 583 de
1527 527 1596 583 iis
1619 527 1983 584 contristatur
2001 537 2061 587 et

479 618 648 683 dolet,
695 618 890 674 morbo
935 633 1039 675 suo
1068 619 1336 676 medelam
1360 621 1638 692 excogitat
1675 639 1688 675 :
1724 620 1840 676 haec
1876 628 2057 677 autem

479 717 598 766 erat
621 711 799 766 oratio
824 710 893 766 ad
926 709 1117 776 Deum,
1142 727 1306 783 quam
1337 713 1510 769 solam
1539 713 1775 769 habebat
1806 714 2059 771 consola-

480 803 705 870 tionem,
735 817 843 873 qua
897 804 1137 860 animam
1174 800 1495 876 expandens
1552 821 1733 871 suam,
1767 812 1821 862 et
1867 821 2058 864 omnes

477 897 837 967 cogitationes
865 912 995 954 suas
1016 898 1073 953 in
1097 907 1399 969 conspectu
1437 897 1534 955 Dei
1565 898 1822 964 offerens,
1853 898 2059 957 dicitur

479 986 536 1043 in
612 996 913 1061 conspectu
978 989 1195 1045 Domini
1253 990 1534 1047 etlundere
1603 990 2059 1061 supplicationem

477 1095 656 1148 suam,
701 1081 838 1146 sive,
911 1082 1172 1155 loquelam
1217 1099 1411 1151 suam,
1464 1083 1765 1139 secundum
1813 1081 2061 1156 Symma-

476 1174 662 1230 chum.
718 1174 831 1232 lmo
879 1177 1042 1232 etiam
1099 1176 1148 1233 is
1188 1178 1282 1248 qui
1310 1175 1613 1233 secundum
1659 1174 1824 1232 Deum
1851 1188 2058 1246 pauper

476 1273 563 1325 est
582 1306 598 1333 ,
637 1266 690 1322 id
721 1275 827 1334 est,
857 1268 1247 1340 praphetarum
1277 1268 1502 1332 chorus,
1535 1267 1725 1323 dolore
1757 1266 1951 1338 plenus
1988 1265 2057 1322 de

475 1359 679 1429 prioris
710 1360 895 1431 populi
925 1360 1108 1425 ruina,
1137 1358 1428 1416 Dominum
1468 1359 1603 1428 adit,
1626 1358 2055 1431 supplicationes

476 1465 602 1505 cum
629 1449 840 1521 jejunio
884 1458 937 1508 et
996 1451 1255 1524 lacrymis
1303 1467 1403 1522 pro
1441 1451 1645 1522 populo
1673 1450 1969 1512 emittens;
1997 1455 2057 1504 ut

478 1544 844 1615 ipse-quoque
870 1545 1106 1616 populus
1128 1544 1566 1602 misericordiam
1591 1550 1982 1614 consequatur.

2162 435 2251 501 εις
2274 434 2490 504 αἵματα
2520 433 2854 495 δικάζονται
2869 474 2884 499 ,
2927 433 3185 501 ἕκαστος
3211 435 3320 489 τὸν
3354 436 3625 503 πλησίον
3645 435 3755 492 αὑ-

2163 526 2270 582 τοῦ
2301 527 2689 582 ἐκθλίϐουσιν
2731 525 2981 595 ἐκθλιϐῇ
3002 544 3016 557 ·
3045 526 3140 580 καὶ
3168 529 3197 580 6
3231 525 3430 580 εἰπών·
3463 530 3585 581 Οὐκ
3618 528 3757 596 ἔστι

2164 617 2351 673 ποιῶν
2371 620 2768 688 χρηστότητα.
2804 618 2952 691 Πλὴν
2976 619 3068 672 ἐπὶ
3092 617 3303 683 τούτοις
3323 620 3352 673 6
3375 619 3593 690 πτωχὸς
3617 622 3759 693 άκης

2164 710 2290 764 διῶν
2320 710 2414 765 καὶ
2441 710 2667 783 ἀθυμῶν
2684 751 2699 775 ,
2740 711 3033 783 φάρμακον
3057 711 3153 766 τοῦ
3182 712 3757 784 πάθουςθεραπευτι-

2165 803 2259 857 κὸν
2289 806 2529 874 περινοεῖ
2556 802 2734 875 ἐαυτῷ
2753 816 2766 834 ⁸
2794 802 2951 857 τοῦτο
2979 802 3035 856 δὲ
3063 799 3133 876 ἦν
3161 809 3195 876 ὴ
3225 804 3362 875 πρὸς
3387 804 3480 858 τὸν
3507 804 3645 858 Θεὸν
3664 805 3757 858 εύ-

2164 897 2253 968 χὴ,
2288 896 2354 967 ἦν
2384 895 2552 968 μόνην
2579 892 2691 968 εἶχε
2721 896 3099 969 παραμυθίαν,
3129 896 3196 950 δι’
3224 892 3293 970 ἦς
3313 895 3563 962 ὲξαπλῶν
3586 897 3755 952 αὐτοῦ

2164 988 2262 1061 τὴν
2301 989 2481 1061 ψυχὴν
2503 1033 2519 1055 ,
2564 990 2662 1043 καὶ
2715 988 3039 1060 σύμπαντας
3077 989 3273 1044 ἑαυτοῦ
3298 991 3425 1055 τοὺς
3452 990 3756 1062 λογισμοὺς

2168 1081 2489 1153 προσφέρων
2508 1078 2738 1134 ἐνώπιον
2756 1079 2851 1134 τοῦ
2869 1078 3027 1145 Θεοῦ,
3050 1080 3266 1150 λέγεται
3286 1079 3519 1135 ἐνώπιον
3537 1082 3754 1153 Κυρίου

2161 1173 2372 1244 ὲκχέειν
2394 1171 2490 1244 τὴν
2513 1171 2695 1244 δέησιν
2716 1170 2903 1237 αὐτοῦ,
2925 1172 2982 1245 ἢ,
3001 1171 3116 1241 τὴν
3133 1175 3488 1243 λογοποιίαν
3505 1171 3753 1237 ἑαυτοῦ,

2161 1265 2302 1320 κατὰ
2326 1264 2416 1319 τὸν
2446 1264 2516 1317 Σύ
2525 1281 2759 1337 μμαχον.
2808 1263 2969 1318 Ἀλλά
2997 1264 3092 1319 καὶ¹
3122 1267 3151 1320 6
3182 1264 3324 1320 κατὰ
3349 1264 3481 1319 Θεὸν
3506 1264 3750 1334 πτωχὸς.

2159 1357 2436 1412 τουτέστιν
2477 1357 2507 1410 6
2551 1357 2659 1412 τῶν
2692 1356 2988 1430 προφητῶν
3016 1358 3210 1431 χορὸς,
3239 1357 3417 1431 λύπης
3448 1358 3751 1430 πεπληρω-

2165 1448 2322 1520 μένος
2344 1447 2438 1501 sui.
2457 1449 2523 1519 τῇ
2546 1447 2642 1502 τοῦ
2670 1447 2934 1519 προτέρου
2960 1447 3092 1502 λαοῦ
3113 1454 3485 1523 καταστροφῇ,
3509 1449 3755 1524 προσέρ-

2162 1554 2314 1609 χεται
2341 1536 2422 1609 τῷ
2452 1537 2664 1610 Κυρίῳ,
2693 1538 2792 1601 τὰς
2813 1537 2952 1610 ὑπὲρ
2975 1537 3070 1593 τοῦ
3101 1539 3230 1594 λαοῦ
3253 1541 3596 1614 ἀναπέμπων
3619 1542 3755 1614 δεήκ-

479 1650 594 1699 σεις
628 1637 768 1709 μετὰ
790 1637 1044 1708 νηστείας
1072 1638 1167 1692 καὶ
1200 1637 1474 1710 δακρύων,
1505 1637 1654 1701 ὅπως
1678 1636 1744 1692 ἂν
1774 1636 1869 1690 καὶ
1897 1632 2060 1697 αὐτὸς
2096 1632 2127 1684 6
2157 1628 2285 1694 λαὸς
2308 1629 2647 1703 οἰκτειρηθῇ.

550 1725 716 1783 Vnus.
742 1728 795 1783 ὅ.
826 1725 892 1782 In
919 1742 1226 1799 quacunque
1257 1728 1344 1783 die
1377 1728 1604 1783 tribulor
1631 1727 1833 1783 inclina
1859 1726 1928 1781 ad
1976 1743 2056 1781 me
2085 1735 2129 1791 B

475 1836 658 1876 aurem
713 1830 881 1877 tuam.
932 1820 1034 1879 Hic
1069 1822 1290 1878 dicatur
1322 1823 1455 1879 illud
1486 1821 1640 1880 Isaiae
1682 1843 1698 1880 :
1734 1823 2054 1887 Domine,in

476 1914 816 1971 tribulatione
839 1917 1103 1971 recordati
1133 1934 1314 1972 sumus
1343 1918 1440 1981 tui,
1458 1918 1514 1972 in
1537 1917 1876 1973 tribulatione
1891 1932 2055 1987 parva

474 2006 760 2080 disciplina
788 2019 880 2065 tua
907 2010 1056 2066 nobis
1076 2012 1140 2065 ".
1172 2012 1312 2068 Ante
1335 2011 1648 2069 aﬂlictionis
1679 2018 1896 2084 tempus
1915 2012 2055 2069 divi-

475 2101 564 2157 nis
583 2102 839 2172 precibus
871 2102 1179 2159 vacandum
1222 2111 1327 2170 est,
1362 2118 1540 2176 neque
1577 2104 1754 2161 solum
1776 2105 1830 2159 in
1863 2105 2055 2161 adver-

473 2193 552 2248 sis
588 2192 949 2262 temporibus.
985 2191 1084 2248 Hic
1131 2193 1312 2264 itaque
1350 2193 1435 2249 vir
1462 2201 1692 2252 sanctus
1736 2204 1913 2266 rogat,
1943 2210 2054 2251 non

476 2291 536 2340 ut
564 2283 857 2339 amictione
886 2292 1091 2349 careat,
1124 2284 1176 2341 id
1229 2285 1375 2341 enim
1429 2285 1545 2343 ﬁeri
1590 2287 1818 2358 nequit;
1864 2286 1960 2343 sed
1993 2295 2054 2342 ut

474 2376 707 2432 alﬁictus
733 2391 802 2432 ne
832 2384 1140 2447 superetur,
1177 2383 1232 2432 et
1259 2385 1319 2431 ut
1352 2391 1448 2447 spe
1495 2376 1738 2448 gaudens
1779 2391 2053 2432 aerumnas

474 2467 633 2531 ferat,
666 2469 723 2523 in
773 2468 951 2539 iisque
987 2467 1250 2539 glorietur
1284 2487 1297 2523 :
1348 2467 1647 2523 Tribulatio
1670 2468 1809 2524 enim
1837 2484 1930 2538 per
1956 2483 2054 2538 pa-

474 2562 712 2617 tientiam
756 2571 808 2617 et
858 2559 1246 2630 probationem,
1302 2575 1444 2630 spem
1496 2570 1710 2632 generat
1730 2561 1797 2617 ¹¹⁰.
1844 2559 2054 2615 Exaudi

473 2670 580 2718 me,
599 2656 796 2727 inquit,
817 2655 874 2710 in
896 2669 1226 2727 quacunque
1247 2654 1336 2709 dic
1364 2653 1616 2719 tribuler,
1656 2653 1861 2709 inclina
1883 2652 1951 2707 ad
1969 2668 2054 2709 me

473 2750 814 2801 mansuetam
844 2760 1030 2800 aurem
1072 2751 1244 2801 tuam.
1276 2743 1421 2801 Deus
1450 2751 1630 2800 autem
1674 2759 1860 2800 aurem
1896 2743 2055 2799 incli-

473 2852 608 2894 nare
634 2838 861 2904 dicitur,
879 2839 1037 2910 quasi
1068 2839 1306 2893 humana
1326 2839 1411 2893 vis
1431 2845 1486 2893 et
1508 2837 1718 2892 clamor
1738 2836 1804 2891 ad
1830 2836 2054 2893 celsitu-

472 2925 655 2980 dinem
706 2923 928 2981 deitatis
974 2924 1096 2995 ejus
1126 2925 1435 2996 pertingere
1492 2932 1773 2996 nequeat:
1809 2940 2051 2997 quapro-

472 3023 595 3087 pter
618 3015 737 3087 ipse
765 3031 797 3070 a
824 3017 1197 3088 magnitudine
1224 3032 1323 3073 sua
1359 3032 1480 3073 sese
1514 3016 1827 3081 demittens,
1860 3031 2053 3072 aurem

472 3106 702 3162 inclinat
735 3107 823 3171 iis,
870 3122 1008 3178 quos
1039 3107 1300 3163 exaudire
1339 3107 1617 3178 dignatur.
1657 3106 1792 3162 Illud
1821 3116 2000 3164 autem
2031 3127 2046 3161 :

474 3198 542 3253 In
568 3215 875 3271 quacunque
896 3198 980 3254 die
1004 3199 1262 3264 tribulor,
1299 3214 1365 3256 ac
1388 3199 1434 3255 si
1458 3199 1667 3255 diceret
1705 3219 1719 3254 :
1750 3198 1870 3254 Non
1903 3214 2049 3255 nunc

472 3300 704 3357 tantum,
731 3292 826 3349 sed
859 3299 974 3348 toto
998 3292 1121 3348 vita:
1157 3305 1292 3347 mere
1326 3300 1591 3362 tempore,
1626 3291 1969 3362 maximeque
1993 3292 2049 3347 in

471 3383 958 3447 tribulationibus;
1016 3391 1149 3440 tunc
1197 3386 1343 3439 enim
1394 3383 1668 3455 praecipue
1711 3383 1916 3438 auxilio
1964 3390 2051 3439 est

470 3491 631 3548 Opus.
663 3476 773 3532 Aut
803 3477 1037 3533 fortasse
1057 3491 1170 3532 non
1193 3475 1351 3547 quasi
1376 3476 1442 3531 de
1465 3475 1647 3530 futura
1676 3475 2047 3540 tribulatione.

468 3569 570 3626 sed
600 3568 669 3625 de
697 3569 957 3641 praesenti
980 3568 1187 3624 dictum
1211 3578 1314 3625 est.
1346 3566 1421 3622 Ea
1453 3567 1599 3623 enim
1629 3568 1751 3639 ejus
1781 3568 2050 3624 sententia

468 3668 556 3716 est
584 3675 598 3712 :
623 3657 762 3726 Quia
786 3659 912 3716 talis
940 3659 1055 3715 haec
1081 3659 1200 3715 dies
1214 3666 1320 3724 est,
1349 3665 1409 3713 ut
1427 3659 1548 3731 ejus
1568 3659 1889 3733 gravitatem
1907 3657 2051 3715 ferre

470 3767 584 3810 non
614 3751 845 3816 valeam,
889 3748 1109 3808 ﬂectere
1138 3759 1193 3807 et
1238 3760 1551 3823 promptum
1601 3751 1863 3807 auxilium
1905 3766 2047 3822 pra:-

471 3845 623 3901 stito.
657 3842 724 3899 In
744 3860 1053 3917 quacunque
1070 3844 1155 3898 die
1179 3844 1483 3900 inaocavero
1500 3857 1569 3909 te,
1591 3844 1836 3900 velociter
1853 3844 2051 3900 exaudi

471 3953 574 3993 me.
604 3935 813 4008 Ecquid
845 3944 1058 3992 tantum
1108 3937 1305 4009 urget?
1342 3952 1465 4007 quae
1512 3937 1598 3992 vel
1651 3936 1827 4008 qualis
1882 3951 2048 3994 causa

470 4028 816 4086 velocitatis?
845 4028 985 4096 Quia
1037 4028 1333 4099 defecerunt
1366 4029 1505 4083 sicut
1539 4028 1718 4098 fumus
1759 4028 1871 4083 dies
1902 4030 2046 4083 mei:

469 4120 733 4192 temporis
783 4122 1104 4177 brevitatem
1150 4128 1206 4177 et
1257 4119 1673 4176 instabilitatcm
1710 4135 1811 4191 per
1838 4118 2045 4175 fumum

469 4214 764 4287 signiﬁcat.
791 4213 861 4268 Et
881 4230 1004 4269 ossa
1027 4229 1144 4268 mea
1173 4213 1310 4269 sicut
1334 4212 1585 4267 cremium
1605 4221 1879 4268 aruerunt.
1915 4210 2047 4267 Per-

466 4323 655 4362 cussus
689 4323 805 4363 sum
835 4315 892 4360 ut
920 4306 1097 4377 fenum
1116 4316 1165 4361 et
1193 4306 1402 4361 exaruit
1425 4321 1519 4360 cor
1547 4321 1739 4370 meum,
1764 4305 1890 4376 quia
1914 4304 2047 4359 obli-

2242 1709 2343 1776 Ἔν
2361 1715 2400 1793 ᾗ
2428 1722 2506 1775 ἂν
2524 1719 2716 1792 ἡμέρᾳ
2737 1720 3023 1793 θλίόωμαι
3048 1724 3260 1778 κλῖνον
3277 1727 3427 1794 πρὸς
3439 1728 3519 1797 μὲ
3546 1728 3617 1783 τὸ
3635 1724 3749 1797 οὖς

2155 1828 2291 1870 σου.
2358 1814 2620 1870 Ἐνταῦθα
2652 1816 2888 1890 εἰρήσθω
2914 1816 2977 1871 τὸ
3013 1817 3109 1872 τοῦ
3152 1818 3403 1873 Ἡσαΐου·
3433 1822 3648 1891 Κύριε,
3674 1824 3749 1877 ἐν

2154 1906 2358 1975 θλίψει
2390 1905 2776 1979 ἐμνήσθημεν
2817 1925 2934 1964 σου
2954 1949 2969 1975 ,
3002 1908 3074 1964 ἐν
3118 1911 3319 1980 θλίψει
3341 1910 3528 1982 μικρᾷ
3548 1915 3589 1984 ἡ
3609 1929 3748 1969 παι-

2154 1993 2283 2049 δεία
2312 2008 2429 2051 σου
2460 1997 2626 2066 ἡμῖν.
2663 1997 2784 2071 Χρὴ
2820 1999 2878 2053 δὲ
2908 2000 3013 2072 ἄρα
3045 2000 3141 2054 καὶ
3170 2000 3277 2073 πρὸ
3304 2001 3401 2056 τοῦ
3436 2002 3743 2070 θλίϐεσθαι,

2154 2089 2275 2152 ταῖς
2308 2087 2606 2159 ἱκετηρίαις
2639 2089 2919 2161 σχολάζειν
2938 2131 2953 2154 ,
2981 2092 3076 2147 καὶ
3107 2093 3183 2164 μὴ
3213 2094 3372 2164 μόνον
3401 2096 3461 2149 ὲν
3491 2099 3611 2161 τοῖς
3638 2115 3739 2153 πε-

2157 2184 2484 2255 ριστατικοῖς
2506 2186 2734 2254 καιροῖς.
2773 2183 2830 2237 ’0
2858 2184 3041 2256 μέντοι
3061 2187 3215 2255 άγιος
3234 2186 3451 2260 εὔχεται
3472 2191 3573 2262 οὐχ
3591 2193 3742 2257 ὅπως

2159 2271 2233 2344 μὴ
2261 2270 2415 2344 θλίὸῃ
2436 2311 2452 2336 ,
2486 2272 2744 2328 ἀδύνατον
2771 2274 2880 2348 γάρ
2904 2274 3080 2343 τοῦτο,
3110 2277 3223 2332 ἀλλ’
3248 2280 3396 2347 ὅπως
3420 2280 3741 2355 θλιϐόμενος

2158 2365 2235 2437 μὴ
2270 2364 2496 2438 ἡττηθῇ,
2532 2366 2627 2421 καὶ
2656 2367 2806 2432 ὅπως
2838 2371 2902 2441 τῇ
2944 2368 3119 2424 ἐλπίδι
3140 2372 3348 2445 χαίρων
3371 2374 3743 2451 ύπομένῃτάς

2155 2454 2362 2528 θλίψεις
2405 2458 2499 2512 καὶ
2529 2458 2880 2531 καυχώμενος
2911 2461 2970 2516 ἐν
2999 2464 3210 2530 αὑταῖς.
3278 2467 3348 2523 Ἠ
3388 2469 3499 2540 γὰρ
3528 2472 3743 2541 θλίψις

2154 2548 2269 2618 τὴν
2286 2549 2505 2604 ἐλπίδα
2518 2549 2615 2606 διὰ
2652 2551 2761 2622 τῆς
2787 2554 3099 2624 ὑπομονῆς
3129 2557 3229 2611 καὶ
3258 2557 3513 2631 δοκιμῆς
3527 2563 3737 2633 γεννᾷ.
3797 2566 3808 2577 ⁸

2167 2640 2498 2698 Ἐπάκουσον
2518 2640 2613 2698 οὖν
2636 2662 2759 2716 μου,
2787 2646 2972 2718 φησὶν,
2995 2649 3053 2701 ὲν
3136 2649 3202 2704 ἂν
3230 2651 3414 2725 ἡμέρᾳ
3441 2653 3738 2728 θλίὸωμαι,

2155 2732 2435 2800 ὲπικλίνας
2452 2753 2552 2806 μου
2567 2737 2666 2809 τὴν
2682 2737 3059 2812 φιλάνθρωπον
3069 2741 3257 2815 ἀκοήν.
3267 2745 3478 2801 Κλίνεῑν
3492 2748 3551 2802 δὲ
3565 2752 3597 2803 6
3609 2750 3743 2816 Θεὸς

2152 2824 2215 2877 τὸ
2241 2820 2331 2889 οὖς
2360 2826 2526 2880 αὐτοῦ
2561 2827 2812 2897 λέγεται,
2843 2830 2919 2894 ὡς
2956 2831 3057 2886 οὐκ
3083 2833 3483 2910 ἐφικνουμένης
3514 2842 3616 2912 τῆς
3643 2844 3744 2897 άν-

2154 2914 2431 2989 θρωπίνης
2461 2917 2742 2990 δυνάμεώς
2768 2938 2830 2975 τε
2873 2925 2968 2978 καὶ
3011 2926 3260 2998 κραυγῆς
3292 2928 3516 2999 φθάνειν
3548 2936 3647 2988 ἐπὶ
3677 2937 3744 2991 τδ

2155 3006 2288 3078 ὕψος
2336 3009 2438 3081 τῆς
2479 3010 2645 3066 αύτοῦ
2681 3010 2965 3085 θεότητος·
3001 3017 3189 3089 διόπερ
3220 3021 3382 3086 αὐτὸς
3426 3025 3741 3083 ύποκατιὼν

2148 3102 2252 3171 τῆς
2291 3103 2456 3157 αὑτοῦ
2505 3105 2923 3181 μεγαλειότητος
2968 3110 3244 3167 ύποκλίνει
3285 3113 3384 3187 τὴν
3417 3117 3591 3191 ἀκοὴν
3627 3124 3741 3186 τοῖς

2149 3190 2592 3282 καταξιουμένοις
2651 3198 3054 3254 εἰσακούεσθαι.
3118 3203 3190 3257 Τὸ
3252 3204 3331 3269 δὲ,
3397 3207 3502 3263 Ἐν
3661 3211 3743 3266 ἂν

2148 3279 2339 3351 ἡμέρα
2392 3284 2707 3355 θλίϐωμαι,
2756 3287 2879 3340 ἀντὶ
2919 3289 3012 3342 τοῦ
3035 3329 3050 3354 ,
3086 3291 3178 3362 Μὴ
3222 3291 3319 3347 νῦν
3352 3279 3577 3365 Mm"

2148 3373 2280 3444 παρ’
2346 3372 2475 3446 ὅλην
2527 3374 2709 3448 ζωὴν,
2740 3378 2901 3433 πλέον
2924 3380 2996 3448 δὲ
3042 3382 3102 3434 ὲν
3157 3382 3401 3454 θλίψεσι⁸
3465 3388 3586 3442 τότε
3624 3390 3737 3463 γὰρ

2151 3464 2389 3535 μάλιστα
2419 3467 2576 3539 χρεία
2609 3470 2880 3541 βοηθείας.
2920 3473 2991 3526 Ἦ
3030 3474 3169 3546 τάχα
3199 3477 3300 3547 οὐχ
3335 3478 3411 3542 ὡς
3440 3482 3567 3552 περὶ
3602 3480 3738 3553 μελ-

2147 3554 2345 3629 λούσης
2390 3558 2644 3631 θλίψεως,
2678 3561 2794 3616 ἀλλ’
2829 3563 2907 3628 ὡς
2939 3566 3253 3640 ἐνεστώσης
3300 3570 3530 3644 εἴρηται.
3584 3575 3730 3627 Βού-

2146 3648 2297 3704 λεται
2352 3650 2461 3725 γὰρ
2515 3654 2689 3708 εἰπεῖν
2728 3654 2845 3720 ὅτι,
2907 3657 3033 3711 ἐπεὶ
3089 3657 3229 3732 αὔτη
3260 3662 3477 3732 ὲστὶνή
3533 3665 3729 3739 ἡμέρα

2144 3739 2214 3819 ἧς
2244 3744 2344 3798 οὐκ
2367 3744 2512 3800 ἐστιν
2541 3746 2862 3817 ὑπενεγκεῖν
2879 3747 2978 3821 τὴν
2999 3749 3302 3823 βαρύτητα,
3326 3755 3598 3827 κάμφθητι
3625 3760 3732 3813 καὶ

2146 3839 2367 3907 ταχεῖαν
2390 3837 2480 3902 δὸς
2503 3837 2601 3911 τὴν
2620 3838 2891 3913 βοήθειαν.
2939 3844 3041 3898 Ἐν
3058 3838 3098 3917 ᾗ
3127 3844 3205 3899 ἂν
3232 3847 3419 3916 ἡμέρᾳ
3444 3847 3732 3907 ἐπικαλέ-

2145 3929 2340 3998 σωμαι
2361 3945 2467 3995 σε,
2503 3932 2655 4003 ταχὺ
2686 3933 3035 3991 ὲπάκουσὸν
3062 3956 3202 4007 μου.
3266 3940 3377 3994 Καὶ
3400 3940 3454 3993 τί
3491 3942 3552 3996 τὸ
3599 3960 3735 3998 κατ-

2144 4023 2392 4090 επεῖγον;
2424 4023 2572 4077 αἰτία
2588 4024 2645 4077 δὲ
2656 4025 2763 4090 τίς,
2787 4026 2821 4097 ἢ
2846 4028 2974 4082 ποία
2997 4029 3097 4098 τῆς
3133 4031 3467 4105 ταχύτητος;
3493 4035 3621 4089 Ὅτι
3638 4036 3736 4101 ἐξ·

2142 4113 2357 4169 ἐλιπον
2370 4119 2431 4171 αἱ
2453 4117 2664 4187 ἡμέραι
2684 4137 2806 4190 μου
2830 4121 2974 4176 ὡσεί
2994 4125 3223 4190 καπνός
3240 4141 3255 4157 ·
3285 4126 3346 4180 τὸ
3364 4128 3735 4204 ὀλιγοχρόνιον

2144 4208 2238 4262 καὶ
2258 4210 2627 4267 ἀνυπόστατον
2659 4213 2748 4267 διά
2779 4214 2872 4269 τοῦ
2898 4215 3107 4270 καπνοῦ
3138 4218 3307 4290 δηλοῖ.
3334 4222 3443 4276 Καὶ
3473 4224 3547 4278 τά
3573 4224 3733 4282 ὀστᾶ

2138 4318 2257 4371 μου
2281 4303 2425 4358 ὡσεί
2442 4306 2695 4375 φρύγιον
2714 4310 3207 4381 συνεφρύγησαν.
3250 4313 3561 4385 Ἐ’πλήτην
3580 4319 3735 4375 ὡσεὶ

469 4411 555 4455 tas
584 4416 701 4455 sum
735 4399 1003 4455 comedere
1037 4414 1225 4469 panem
1256 4414 1447 4455 meum.
1485 4399 1530 4452 Δ
1556 4413 1676 4453 voce
1700 4398 1925 4468 gemitus
1946 4397 2046 4452 mei

2153 4396 2375 4465 χόρτος,
2406 4398 2507 4452 καὶ
2523 4397 2825 4469 ἐξηράνθη
2845 4402 2884 4471 ἠ
2912 4403 3125 4471 καρδία
3146 4422 3289 4475 μου,
3318 4405 3408 4461 ὅτι
3437 4407 3733 4467 ἐπελαθό-

468 4490 693 4546 αιίιιωείε
739 4509 797 4546 os
828 4508 998 4546 meum
1033 4492 1184 4545 carni
1240 4507 1387 4547 meae.
1434 4490 1567 4558 Quae
1595 4490 1797 4563 populo
1839 4490 2048 4545 accide-

2153 4506 2273 4560 μην
2296 4490 2404 4545 τοῦ
2436 4491 2650 4561 φαγεῖν
2679 4493 2789 4548 τὸν
2813 4495 2995 4563 ἄρτον
3030 4514 3171 4567 μου.
3216 4499 3351 4554 Ἀπὸ
3375 4500 3582 4570 φωνῆς
3615 4505 3731 4560 τοῦ

467 4590 600 4638 runt
623 4590 683 4637 ut
705 4583 810 4639 sibi
836 4581 1059 4654 propria
1084 4588 1305 4638 enarrat
1328 4581 1678 4652 propheticus
1707 4580 1930 4644 chorus,
1964 4580 2047 4636 vel

2153 4584 2488 4653 στεναγμοῦ
2501 4602 2622 4654 μου
2641 4586 2944 4656 ἐκολλήθη
2970 4589 3037 4643 τὸ
3060 4590 3289 4645 ὀστοῦν
3303 4610 3424 4661 μου
3444 4592 3520 4663 τῆ
3540 4600 3731 4665 σαρκί

468 4676 632 4731 etiam
668 4676 784 4746 ipse
835 4673 1004 4730 David
1054 4692 1069 4728 :
1112 4673 1459 4744 declaratque
1494 4673 1804 4728 universam
1854 4685 2045 4728 eorum

2153 4691 2282 4744 μου.
2315 4675 2396 4730 Τὰ
2417 4678 2703 4748 συμϐάντα
2723 4678 2801 4751 τῷ
2824 4680 2939 4751 λαῷ
2965 4682 3371 4738 οἱκειοποιείται
3393 4687 3423 4739 6
3451 4704 3728 4761 προφητε-

462 4760 748 4832 ’νὶτιυιεηι,
791 4781 900 4836 qua
936 4765 1127 4837 legalis
1163 4765 1347 4822 cultus
1395 4763 1755 4830 consistebat,
1818 4764 2049 4835 periisse

2153 4766 2242 4832 κὸς
2271 4768 2462 4840 χορὸς,
2494 4769 2528 4840 ἢ
2563 4771 2658 4823 καὶ
2687 4772 2716 4824 6
2749 4772 2941 4827 Δαυΐδ·
2994 4774 3087 4828 καὶ
3124 4774 3395 4831 δείκνυσιν
3447 4760 3531 4835 ὅτι

469 4873 535 4914 ac
582 4858 986 4928 pessumivisse.
1062 4855 1189 4916 Haec
1243 4870 1409 4929 porro
1452 4863 1606 4911 erant
1656 4855 2044 4920 sacerdotium,

2153 4855 2375 4929 δύναμις
2399 4858 2599 4925 αὐτῶν,
2632 4860 2699 4914 δι’
2723 4856 2792 4933 ἦς
2819 4867 3156 4936 συνειστήκει
3179 4868 3248 4920 τά
3267 4869 3366 4940 τῆς
3395 4870 3537 4924 κατά
3563 4874 3729 4945 νόμον

468 4951 756 5020 templum,
783 4965 1043 5022 pecorum
1070 4950 1361 5014 sacriﬁcia,
1390 4948 1567 5021 gentis
1592 4947 1684 5019 jus
1711 4956 1766 5003 et
1794 4948 2040 5003 libertas.

2153 4947 2402 5040 λατρείας
2421 4989 2447 5040 ,ν
2483 4950 2746 5025 διεφθάρη
2776 4955 2871 5008 καὶ
2903 4955 3202 5014 ἀπόλωλεν.
3232 4954 3338 5014 Ἦν
3362 4961 3419 5015 δὲ
3447 4963 3628 5017 ταῦτα
3691 4968 3727 5040 η

471 5042 790 5101 Sublimiori
822 5058 952 5099 vero
984 5059 1171 5108 sensu,
1204 5042 1298 5115 qui
1345 5041 1644 5099 secundum
1693 5039 1862 5096 Deum
1908 5054 2044 5111 pau-

2153 5039 2547 5111 ἀρχιερωσύνη,
2579 5045 2608 5096 6
2631 5043 2787 5109 ναὸς,
2822 5046 2878 5098 at
2909 5044 2998 5099 διά
3015 5046 3125 5100 τῶν
3161 5047 3491 5121 θρεμμάτων
3517 5052 3726 5120 θυσίαι,

471 5154 568 5211 per
617 5145 724 5202 est,
782 5136 1020 5208 primum
1057 5152 1219 5193 suum
1276 5135 1490 5191 facinus
1541 5137 1810 5199 enuntiat,
1853 5149 2048 5205 nempe

2153 5133 2239 5187 καὶ
2268 5135 2302 5205 ἡ
2335 5134 2630 5208 αὐτονομία
2665 5136 2760 5191 τοῦ
2793 5137 2997 5205 ἔθνους.
3058 5140 3416 5216 Ὑψηλότερον
3440 5144 3499 5199 δὲ
3521 5146 3551 5200 ὁ
3581 5150 3728 5203 κατά

471 5227 618 5300 quod
644 5239 1009 5297 temporanea:
1030 5225 1159 5281 vitae
1190 5224 1308 5281 dies
1341 5225 1427 5280 sui
1470 5227 1646 5281 instar
1676 5224 1809 5280 fumi
1839 5224 2049 5280 defece-

470 5319 603 5383 rint,
633 5332 759 5374 cum
786 5315 1052 5386 inglorius
1085 5323 1140 5371 et
1179 5317 1451 5372 obscurus
1494 5316 1646 5386 ipsos
1695 5316 2041 5388 transegerit.

473 5407 588 5466 Hoc
616 5416 796 5465 autem
826 5407 1096 5479 intelliges
1122 5424 1189 5463 ex
1221 5407 1307 5463 bis
1344 5423 1466 5478 quae.
1490 5406 1593 5464 Job
1633 5409 1709 5463 ait
1754 5428 1769 5464 :
1812 5408 2044 5475 Quando

474 5498 679 5557 lucebat
701 5500 1091 5570 lucerna‘super
1110 5511 1265 5569 caput
1297 5515 1490 5566 meum,
1522 5500 1733 5570 quando
1762 5517 1905 5557 eram
1931 5518 2045 5556 ma-

2138 5223 2273 5278 Θεὸν
2305 5227 2519 5298 πτωχὸς
2561 5228 2777 5301 πρῶτον
2818 5231 2984 5286 αὐτοῦ
3016 5234 3350 5307 κατόρθωμα
3387 5237 3630 5295 διδάσκει
3662 5242 3727 5296 τὸ

2139 5318 2508 5375 ἐκλελοιπέναι
2537 5322 2747 5377 καπνοῦ
2767 5323 2924 5397 δίκην
2935 5324 3048 5391 ⁸τὰς
3074 5324 3178 5397 τῆς
3210 5329 3547 5403 προσκαίρου
3576 5332 3729 5407 ζωῆς

2141 5408 2353 5482 ἡμέρας
2373 5412 2558 5478 αὑτοῦ,
2585 5412 2791 5481 ἀδόξως
2811 5418 2906 5471 καὶ
2928 5417 3149 5489 ἀφανῶς
3171 5419 3342 5485 αὑτὰς
3358 5421 3723 5493 διεξάγοντος.

2139 5502 2371 5573 Νοήσεις
2401 5503 2459 5557 δὲ
2486 5505 2646 5562 τοῦτο
2672 5508 2766 5605 ἀφ’
2799 5502 2876 5565 ὧν
2906 5510 2935 5563 6
2972 5509 3093 5567 ’1ὡό
3126 5527 3323 5582 φησιν·
3390 5515 3726 5589 ὀτεηηῦγει

547 5679 588 5711 ⁸⁷
629 5677 789 5737 Miclt.
825 5696 935 5750 ru,
979 5681 1031 5750 Ι,
1064 5680 1121 5737 2.
1197 5683 1240 5717 ¹⁸
1277 5678 1423 5738 Psal.
1458 5696 1596 5752 aut,
1633 5682 1686 5737 3.
1767 5682 1808 5714 "
1846 5681 1950 5739 lsa.
1996 5700 2054 5738 ιι

2153 5684 2276 5742 -l6.
2352 5687 2399 5719 "
2436 5684 2594 5744 Rom.
2625 5705 2678 5749 γ.
2715 5690 2770 5746 ι.
