4040 6210
341 259 484 317 {255

1450 263 1951 322 COMMENTARIA
1991 266 2057 323 IN
2095 265 2436 326 PSALMOS.

3449 283 3472 335 1
3484 282 3592 337 254

337 375 373 426 ό
393 373 624 442 λύχνος
653 375 806 445 ὑπὲρ
844 379 1116 447 κεφαλῆς
1151 395 1270 450 μου
1295 394 1308 409 ο
1363 378 1461 432 ὅτε
1488 379 1651 450 ἥμην
1675 380 1894 450 ὑλώδης

2018 383 2219 437 terialt's
2242 385 2400 440 nimis
2425 386 2492 441 ".
2540 384 2781 443 Lucebat
2801 388 2906 460 ipsi
2931 389 3151 447 lucerna
3181 399 3311 450 tunc
3339 395 3392 450 in
3419 397 3592 452 abun-

335 464 498 518 λίαν.
551 464 720 536 Ηῠγει
753 469 901 540 αὐτῷ
933 472 962 524 ὀ
996 470 1188 542 λύχνος
1221 471 1343 524 τότε
1387 473 1446 526 ὲν
1484 472 1704 546 εὐθηνίᾳ
1735 475 1915 547 ὑπάρ-

335 571 486 624 χοντι
508 571 523 586 ο
571 559 658 610 ὅτε
683 559 740 612 δὲ
772 561 949 614 πάντα
981 561 1132 634 αὐτῷ
1167 562 1238 616 τὰ
1269 564 1582 636 ὑπάρχοντα
1607 565 1916 620 διαπεπτώο

335 663 445 710 κει,
479 643 633 702 εἶπεν
659 650 727 704 ἂν
755 653 849 707 καὶ
881 653 1073 718 αὐτός·
1112 656 1231 708 Ὅτι
1273 655 1557 721 ἐξέλιπον
1585 659 1728 712 ὡσεὶ
1762 676 1914 714 καπ-

333 738 442 806 νός
485 744 545 794 al
573 743 788 821 ᾐμέραι
815 763 953 814 μου.
1011 747 1264 811 Τοιοῦτος
1300 748 1356 802 δέ
1387 750 1532 802 ἑστιν
1559 751 1588 804 ό
1614 749 1756 804 κατὰ
1781 751 1914 804 Θεὸν

333 831 550 902 πτωχὸς
571 872 586 896 ,
619 833 822 900 ἀδόξως
858 836 954 890 καὶ
991 835 1213 907 ἀφανῶς
1241 837 1340 902 τὰς
1365 839 1575 911 ἡμέρας
1609 840 1774 894 αὐτοῦ
1811 840 1914 911 τῆς

332 925 670 996 προσκαίρου
694 925 840 996 ζωῆς
882 927 1165 997 διεξάγων.
1194 925 1328 1004 Εἶτα
1349 932 1585 996 ἀσιτίαις
1607 933 1796 986 ἑαυτὸν
1819 933 1913 986 καὶ

329 1015 639 1069 ςἀκὼσεσιν
675 1017 1013 1085 ὑποϐάλλων,
1037 1021 1095 1074 ὲν
1127 1021 1270 1092 λιμῷ
1299 1023 1392 1076 καὶ
1419 1023 1556 1094 δίψει
1582 1025 1911 1096 κατατρύχει

329 1107 432 1160 καὶ·
455 1109 812 1180 καταφρύγει.
849 1112 961 1166 Καὶ
989 1113 1110 1166 ἐπεὶ
1137 1111 1305 1169 πᾶσα
1328 1114 1485 1184 σὰρξ
1511 1116 1725 1186 χόρτος
1748 1157 1764 1183 ,
1811 1118 1908 1172 καὶ

327 1194 498 1251 πᾶσα
528 1197 677 1264 δόξα
704 1199 889 1269 αὐτῆς
913 1202 994 1269 ὡς
1017 1203 1201 1270 ἄνθος
1226 1206 1464 1274 χόρτου,
1490 1206 1768 1278 μαραίνων
1789 1209 1911 1262 ἐαυ-

326 1287 420 1342 τοῦ
446 1289 546 1361 τὴν
577 1291 756 1364 σάρκα
787 1294 952 1362 φησὶν
970 1333 985 1358 ,
1027 1293 1334 1365 Ἐπλήγην
1360 1296 1502 1350 ὡσεί
1533 1298 1763 1368 χόρτος.

409 1400 466 1452 ὐ
495 1400 552 1455 δὲ
573 1402 778 1474 ἀληθὴς
813 1406 1132 1476 στεναγμὸς,
1161 1406 1220 1471 ὃς
1248 1409 1342 1461 καὶ
1373 1408 1555 1480 φωνὴν
1584 1409 1694 1481 ἔχει
1722 1412 1908 1467 ἀκουο-

329 1491 496 1563 μένην
527 1494 676 1566 παρὰ
708 1495 876 1559 Θεοῦ,
913 1497 1068 1567 τήκει
1109 1497 1169 1550 τὸ
1204 1497 1392 1570 σῶμα,
1439 1500 1536 1554 καὶ
1565 1501 1664 1571 τῆς
1708 1504 1907 1574 σαρκὸς

324 1583 616 1655 ἐργάζεται
642 1586 929 1658 νέκρωσιν,
959 1587 1100 1641 ὥστε
1125 1587 1214 1642 τὸν
1237 1588 1345 1644 ἔσω
1373 1591 1795 1648 άνακαινοῦσθαι
1821 1594 1908 1649 ἄν·

2016 476 2199 532 dantia
2223 478 2510 534 exsistenti
2546 496 2560 534 :
2589 481 2811 551 quando
2837 498 2969 539 vero
2993 487 3210 542 cunctis
3242 486 3590 546 facultatibus

2014 570 2310 636 exciderat,
2343 572 2542 628 dixerit
2579 573 2742 629 etiam
2777 575 2894 646 ipse
2923 595 2935 632 :
2972 578 3111 645 Quia
3149 579 3452 651 defecerunt
3478 585 3588 641 sic-

2014 671 2073 716 ut
2104 663 2281 730 fumus
2333 665 2445 719 dies
2493 667 2613 720 mei.
2664 666 2990 738 Hujusmodi
3039 679 3218 727 autem
3263 683 3346 730 est
3376 675 3464 730 ille
3504 690 3590 730 se-

2013 753 2254 808 cundum
2291 752 2461 810 Deum
2492 772 2718 828 pauper,
2754 759 3020 830 inglorius
3053 771 3107 818 et
3143 763 3413 824 obscurus
3453 773 3589 822 tem-

2012 847 2216 916 poralis
2241 847 2366 903 vitae
2388 848 2506 905 dies
2529 850 2859 923 transigens.
2884 851 3088 911 Deinde
3107 871 3236 912 vero
3261 872 3383 913 sese
3412 859 3586 914 absti-

2012 940 2216 996 nentiis
2255 948 2314 996 et
2365 943 2827 1001 macerationibus
2872 947 3194 1017 subjiciens,
3232 945 3373 1006 fame
3401 957 3456 1005 et
3493 950 3584 1006 siti

2011 1034 2246 1105 castigat
2281 1041 2335 1089 et
2375 1036 2623 1091 arefacit.
2672 1036 2740 1091 Et
2786 1038 2916 1109 quia
2959 1041 3128 1096 omnis
3159 1058 3283 1097 caro
3332 1043 3506 1113 fenum
3534 1055 3584 1098 et

2010 1128 2182 1182 omnis
2205 1129 2379 1199 gloria
2401 1130 2517 1199 ejus
2543 1131 2696 1201 quasi
2718 1131 2952 1203 βοτη·εηί
2970 1135 3036 1199 ”,
3055 1150 3274 1191 carnem
3300 1139 3588 1197 exsiccem

2011 1235 2165 1275 suam
2194 1222 2271 1276 ait
2320 1238 2334 1274 :
2372 1221 2664 1279 Percussus
2696 1241 2811 1279 sum
2838 1237 2894 1279 ut
2929 1226 3128 1295 fenum.

2080 1416 2254 1475 Verus
2294 1431 2470 1477 autem
2511 1424 2765 1495 gemitus,
2801 1427 2893 1496 qui
2924 1442 3112 1483 vocem
3161 1428 3324 1484 habet
3371 1429 3436 1485 ad
3490 1430 3585 1488 Dei

2009 1521 2171 1565 aures
2201 1513 2626 1582 pervenientem,
2659 1533 2859 1587 corpus
2908 1519 3173 1586 exsiccat,
3207 1529 3258 1576 et
3290 1523 3584 1578 mortifica-

2008 1602 2208 1658 tionem
2239 1605 2422 1662 carnis
2469 1611 2719 1680 peragit;
2773 1612 2846 1666 ita
2877 1619 2937 1666 ut
2975 1613 3205 1669 interior
3232 1615 3395 1673 homo
3430 1633 3584 1673 reno-

324 1675 560 1747 ορωπον.
608 1678 916 1743 Ἐπιϐαλεῖς
941 1680 997 1733 δὲ
1020 1681 1111 1734 καὶ
1139 1674 1264 1734 ὧδε·
1285 1682 1556 1737 Ἐκλείπει
1577 1686 1783 1751 καπνὸς
1805 1704 1894 1740 πυ-

2005 1705 2183 1752 νθιυτ.
2219 1697 2316 1753 Hic
2347 1674 2512 1770 porr—0
2545 1674 2786 1758 animum
2833 1704 3094 1763 adhibeas
3129 1727 3142 1763 :
3178 1709 3366 1766 Deﬁcit
3399 1711 3583 1768 fumus

326 1767 417 1838 ρδς
446 1767 832 1840 σϐεννυμένου·
870 1770 1192 1842 ὑφεστηκὼς
1220 1774 1300 1836 είς
1323 1775 1446 1827 ὅσον
1477 1776 1690 1846 ἐνεργεῖ
1708 1777 1769 1829 τὸ
1790 1777 1894 1850 πῦρ

2008 1790 2281 1846 exstincto
2337 1792 2496 1864 igne,
2550 1809 2672 1848 cum
2716 1797 2904 1851 tandiu
2937 1801 3167 1854 exsistat
3218 1803 3581 1869 solummodo,

319 1850 366 1925 ᾧ
401 1858 562 1924 αὐτὸς
593 1861 1010 1932 παρακολουθεῖ.
1049 1863 1145 1915 Ἴν’
1178 1859 1291 1926 οὖν,
1320 1863 1474 1935 φησὶ,
1502 1866 1597 1918 καὶ¹
1620 1868 1676 1922 αἱ
1697 1868 1900 1940 ἡμέραι

324 1947 400 2021 μὴ
416 1949 758 2005 ἐκλείπωσιν.
782 1952 854 2005 Οὐ
872 1952 979 2022 γάρ
1000 1969 1088 2022 μοι
1107 1952 1241 2024 πρὸς
1262 1955 1425 2008 καλοῦ
1440 1954 1592 2009 ἔσται
1607 1956 1667 2010 τὸ
1681 1957 1902 2029 σϐεσθῆ-

319 2057 408 2093 ναι
437 2040 498 2092 τὸ
531 2041 646 2110 φῶς
675 2041 768 2096 ἀπ’
801 2043 933 2113 ὲμοῦ
967 2043 1027 2096 τὸ
1063 2046 1340 2116 ποιητικὸν
1366 2045 1476 2099 τῶν
1508 2047 1732 2120 ἡμερῶν
1751 2067 1895 2121 μου·

317 2131 610 2202 παράγαγε
630 2135 697 2188 τά
727 2135 968 2207 θλιϐερά.
1005 2137 1067 2190 El
1093 2137 1200 2208 γὰρ
1221 2139 1548 2209 ὲπιμένοιεν,
1572 2141 1720 2196 αίτια
1740 2146 1900 2215 γενή-

317 2241 502 2279 σονται
535 2227 635 2298 τῆς
667 2229 960 2300 ἐκλείψεως
990 2232 1100 2285 τῶν
1127 2231 1348 2304 ἡμερῶν
1380 2251 1514 2304 μου,
1543 2234 1678 2289 ἀλλὰ
1711 2237 1804 2290 καὶ
1831 2237 1900 2291 τὰ

314 2315 450 2371 ὀστᾶ
476 2336 577 2389 μου
605 2319 684 2373 ἔτι
711 2321 909 2392 μᾶλλον
939 2323 1304 2396 συμφρύξοιεν
1331 2327 1740 2397 παραμένοντα,
1774 2346 1897 2382 του-

315 2406 485 2473 τέστι,
519 2409 616 2474 τὰς
644 2411 892 2477 εὐτόνους
917 2414 1011 2467 καὶ
1043 2416 1438 2487 στερῤοτάτους
1468 2417 1567 2487 τῆς
1597 2417 1776 2490 ψυχῆς
1807 2420 1898 2474 δυ-

137 2556 145 2562 ,
229 2574 234 2578 ι
317 2499 539 2570 νάμεις,
574 2504 629 2556 αἶ
668 2505 762 2559 καὶ
798 2506 1208 2578 συμφρύγονται
1242 2507 1349 2561 ὑπὸ
1376 2508 1476 2580 τῆς
1507 2509 1616 2563 τῶν
1649 2511 1896 2582 ψυχικῶν

316 2591 505 2646 παθῶν
533 2595 849 2667 πυρώσεως.
901 2597 1244 2669 Ξηρανθῆναι
1281 2598 1338 2652 δὲ
1367 2600 1515 2672 αὐτῷ
1543 2601 1642 2672 τὴν
1670 2603 1896 2675 καρδίαν

316 2681 511 2752 φησὶν,
543 2685 691 2738 οὐδὲν
728 2685 909 2758 ἱλαρὸν
935 2687 1043 2740 οὐδ’
1068 2689 1152 2757 ἐφ’
1183 2681 1228 2756 ᾧ
1274 2688 1419 2742 ἐστιν
1452 2688 1595 2760 ἔχειν
1630 2689 1895 2762 θυμηδίαν

316 2776 680 2846 κεκτημένην.
731 2777 924 2846 Γέγονε
954 2776 1062 2850 γὰρ
1094 2779 1153 2833 ὲν
1186 2783 1299 2844 τοῖς
1329 2781 1712 2853 προκειμένοις
1742 2801 1895 2856 περι-

315 2871 588 2931 στατικοῖς
608 2869 881 2934 τοσοῦτον,
905 2870 980 2934 ὡς
1007 2871 1202 2942 μηκέτι
1228 2867 1399 2926 οἷόντε
1421 2868 1557 2928 εῖναι
1579 2874 1671 2928 τὸν
1696 2875 1895 2932 κατά-λ-

313 2958 476 3029 ληλον
509 2960 601 3014 καὶ
644 2962 901 3033 ἁρμόδιον
929 2966 996 3036 τῇ
1046 2964 1349 3037 τιμιωτέρᾳ
1379 2965 1515 3038 αὐτῇ
1548 2966 1704 3038 οὐσίᾳ
1730 2968 1894 3039 ἄρτον

313 3067 344 3102 τ
351 3049 606 3120 ρέφεσθαι
624 3069 637 3082 ·
663 3053 852 3106 τούτου
874 3055 979 3126 γὰρ
995 3054 1088 3109 τοῦ
1115 3056 1279 3128 ἄρτου
1303 3056 1735 3129 μεταλαμϐάνειν
1754 3059 1889 3123 ἔστι,

310 3142 392 3213 μὴ
436 3143 876 3215 πριελκόμενον,
917 3147 1048 3218 μηδὲ
1088 3146 1406 3219 θολούμενον
1447 3149 1552 3203 ὑπὸ
1578 3149 1686 3204 τῶν
1713 3152 1891 3216 ἐκτός.

301 3217 404 3295 Τίς
430 3234 683 3288 τοσοῦτον
712 3235 768 3289 δέ
794 3254 925 3309 φησι
1057 3217 1357 3310 τεθράφθαι
1383 3241 1571 3297 τοῦτον
1595 3242 1684 3296 τὸν
1709 3243 1892 3317 ἄρτον,

309 3323 388 3387 ὡς
416 3325 511 3379 καὶ
542 3324 713 3399 λήθην
740 3326 883 3398 ἔχειν
910 3329 1004 3383 τοῦ
1038 3349 1167 3384 ποτε
1193 3332 1359 3387 αὐτοῦ
1395 3334 1712 3403 γεγεῦσθαι.
1746 3336 1892 3391 Πάνυ

308 3415 366 3468 ἃ
387 3417 656 3482 στενάζων
676 3418 764 3473 διὰ
785 3419 853 3473 τά
873 3422 1116 3493 παρόντα
1140 3424 1390 3489 ἐπίπονα,
1414 3425 1668 3480 τοσοῦτον
1693 3427 1893 3498 ἀφίημι

310 3509 698 3582 ἐπιτεταμένον
730 3514 824 3569 καὶ
851 3515 1050 3587 συνεχῆ
1089 3517 1416 3588 στεναγμὸν,
1451 3518 1527 3581 ὼς
1560 3520 1625 3572 ὲκ
1655 3519 1756 3589 τῆς
1784 3536 1894 3588 (pro.

311 3601 409 3673 γῆς
434 3621 533 3673 μου
557 3606 696 3675 μετὰ
717 3605 977 3678 ὀλολυγῆς
1000 3611 1293 3680 γινομένης
1313 3609 1635 3682 κολληθῆναι
1657 3610 1752 3664 καὶ
1770 3611 1894 3681 τρό-

310 3712 413 3748 πον
440 3696 559 3751 τινὰ
592 3699 856 3770 ἒνωθῆναι
886 3700 948 3754 τὸ
976 3701 1168 3755 ὀστοῦν
1205 3719 1308 3774 μου
1337 3706 1404 3774 τῇ
1437 3703 1600 3775 σαρκί
1631 3720 1731 3774 μου
1755 3743 1770 3767 ,
1804 3701 1891 3756 διὰ

307 3789 410 3862 τὴν
446 3789 641 3861 ποάλὴν
681 3789 946 3863 ξηρασίαν
986 3793 1352 3864 ἀναποθείσης
1389 3795 1570 3865 πάσης
1611 3795 1710 3866 τῆς
1752 3811 1890 3866 παρ-

309 3882 660 3952 εσπαρμένης
698 3882 776 3954 τῷ
809 3881 1021 3954 σώματί
1057 3901 1157 3955 μου
1182 3885 1479 3956 ὑγρότητος
1515 3886 1579 3938 ὲκ
1604 3884 1703 3955 τῆς
1733 3883 1890 3938 ἐπελ-

308 3973 508 4046 θούσης
525 3976 835 4040 κακώσεως.
863 3975 1008 4048 Αὕτη
1036 3977 1146 4050 γὰρ
1162 3980 1194 4049 ὴ
1213 3978 1448 4049 ὑγρότης
1463 3979 1550 4032 ὅτε
1571 3995 1660 4049 μοι
1684 3982 1885 4052 παρῆν,

308 4065 595 4119 πιαίνουσα
615 4068 673 4120 τὸ
700 4067 908 4133 ὀστοῦν,
939 4068 1110 4140 διῄρει
1137 4069 1268 4123 αὐτὸ
1295 4067 1402 4122 ἀπὸ
1421 4069 1522 4139 τῆς
1545 4068 1765 4139 σαρκὸς,
1788 4069 1887 4142 τὴν

309 4157 484 4228 μέσην
513 4159 690 4231 σάρκα
723 4161 814 4213 καὶ
848 4160 1047 4215 ὀστέων
1078 4160 1274 4231 ἔχουσα
1308 4160 1511 4233 χώραν.

391 4249 711 4319 Ὠμοιώθην
755 4250 1039 4306 πελεκᾶνι
1068 4251 1342 4322 ἐρημικῷ·
1403 4251 1620 4321 φεύγων
1645 4251 1883 4322 δηλονότι

305 4340 404 4404 τὰς
431 4343 486 4395 ἐν
515 4341 656 4413 ὄχλῳ
686 4342 968 4414 διατριϐὰς
1001 4343 1308 4416 ἐμονούμην
1343 4345 1436 4398 καὶ
1461 4341 1879 4416 ὲξηνθρώπιζον.

2008 1881 2250 1950 quandiu
2281 1883 2422 1954 ignis
2453 1885 2586 1956 agit,
2626 1902 2785 1957 quem
2840 1887 3021 1945 fumus
3070 1893 3336 1963 sequitur.
3387 1892 3455 1948 Ut
3515 1913 3583 1951 ne

2007 1971 2212 2042 itaque,
2251 1973 2348 2041 ait,
2381 1975 2497 2030 dies
2523 1977 2626 2030 mei
2656 1977 2915 2032 deﬁciant
2943 1999 2957 2043 ;
2996 1997 3102 2036 non
3131 1999 3217 2038 me
3243 1985 3398 2054 juvat
3434 1987 3578 2042 enin.

2007 2065 2050 2121 si
2107 2066 2200 2120 lux
2255 2081 2286 2120 a
2330 2082 2415 2122 me
2463 2068 2866 2139 exstinguatur,
2895 2072 3148 2142 quaedies
3187 2091 3336 2131 meos
3376 2078 3582 2150 efficit;

2003 2173 2274 2212 aarmnnas
2313 2173 2523 2215 amove.
2567 2159 2703 2216 Nam
2753 2161 2799 2217 si
2844 2163 2950 2219 illae
3001 2176 3276 2232 maneant,
3325 2171 3379 2224 in
3414 2185 3582 2228 causa

2003 2258 2165 2306 erunt
2197 2251 2343 2322 quod
2368 2251 2488 2307 dies
2520 2253 2626 2308 mei
2654 2255 2946 2325 deficiant;
2970 2258 3081 2314 imo
3109 2262 3291 2330 etiam,
3322 2263 3367 2318 si
3395 2280 3582 2334 perse-

2005 2341 2270 2404 verarint,
2290 2357 2417 2398 ossa
2435 2358 2554 2399 mea
2568 2345 2742 2416 magis
2767 2348 3045 2417 magisque
3057 2351 3374 2418 arefacient,
3396 2355 3450 2409 id
3473 2362 3578 2419 est,

2002 2434 2261 2490 robustas
2285 2446 2337 2490 et
2363 2434 2710 2492 ﬁrmissimas
2737 2440 2903 2493 animi
2938 2441 3189 2508 virtutes,
3217 2461 3338 2513 quae
3359 2447 3428 2502 ab
3457 2448 3581 2520 igne

2001 2525 2317 2597 passionum
2361 2525 2558 2582 anima:
2603 2529 2970 2585 exsiccantur.
3030 2532 3344 2589 Arefactum
3396 2549 3576 2593 autem

2002 2633 2098 2672 cor
2121 2633 2279 2673 suum
2309 2633 2432 2676 esse
2462 2619 2616 2682 dicit,
2642 2620 2787 2691 quod
2816 2623 2951 2676 nihil
2986 2625 3186 2689 laetum,
3218 2625 3353 2679 nihil
3383 2627 3436 2681 in
3469 2645 3578 2698 quo

1999 2709 2236 2779 gaudere
2259 2709 2456 2774 valeat,
2482 2711 2777 2780 possideat.
2806 2711 2882 2766 Ita
2911 2715 3056 2769 enim
3089 2717 3142 2768 in
3170 2718 3576 2781 calamitatibus

1999 2800 2283 2857 demersus
2310 2811 2416 2867 est,
2434 2811 2494 2856 ut
2517 2818 2625 2857 non
2650 2805 2791 2858 ultra
2818 2809 2991 2875 possit
3012 2810 3330 2879 congruenti
3355 2825 3418 2866 ac
3453 2825 3578 2882 pro-

1999 2891 2154 2946 tiosae
2175 2906 2288 2946 suae
2309 2892 2630 2949 substantiae
2649 2895 2847 2951 idoneo
2869 2912 3006 2967 pane
3033 2900 3230 2955 nutriri
3255 2916 3270 2953 :
3295 2901 3399 2957 hoc
3426 2904 3572 2964 enim

1998 2998 2136 3053 pane
2159 2991 2290 3039 tunc
2320 2985 2496 3039 solum
2527 2985 2606 3040 uti
2647 2986 2795 3053 licet,
2828 3004 2954 3044 cum
2983 2993 3149 3048 rebus
3176 2996 3431 3052 extrariis
3461 3012 3570 3053 non

1921 3091 1962 3150 ο
1997 3075 2350 3146 abstrahitur,
2379 3093 2556 3148 neque
2586 3077 2842 3137 fazdatur.
2872 3075 3082 3139 Tamdiu
3132 3094 3312 3144 autem
3358 3105 3418 3146 se
3467 3090 3572 3146 hu-

1988 3170 2232 3242 jusmodi
2255 3173 2412 3242 panis
2442 3173 2700 3230 alimento
2724 3173 2996 3245 privatum
3029 3177 3129 3244 ait,
3161 3187 3219 3232 ut
3248 3195 3316 3235 ne
3347 3183 3567 3251 quidem

1993 3265 2306 3321 meminerit
2339 3281 2408 3320 an
2447 3266 2746 3338 aliquando
2779 3268 2956 3340 ipsum
2999 3270 3392 3342 degustaverit.
3431 3274 3573 3332 Mul-

1995 3365 2107 3411 tum
2141 3374 2302 3428 porro
2342 3358 2410 3413 de
2449 3361 2810 3429 praesentibus
2863 3365 3124 3420 arumnis
3176 3365 3566 3437 ingemiscens,

1991 3457 2075 3504 tot
2103 3458 2324 3522 tamque
2354 3450 2660 3524 frequentia
2686 3455 2945 3526 suSpiria,
2987 3465 3065 3510 tot
3096 3461 3329 3528 gemitus
3356 3461 3481 3526 edo,
3509 3473 3570 3520 ut

1993 3557 2022 3596 a
2072 3558 2197 3600 voce
2227 3559 2346 3599 mea
2379 3560 2504 3600 cum
2534 3546 2740 3617 ejulatu
2774 3548 2975 3604 emissa
3020 3566 3084 3605 os
3127 3568 3305 3609 meum
3344 3569 3443 3609 ceu
3475 3571 3571 3626 ag-

1992 3633 2316 3704 glutinatum
2343 3643 2398 3690 et
2428 3635 2748 3706 adjunctum
2788 3637 2952 3693 fuerit
2971 3643 3124 3695 carni
3158 3658 3310 3710 meae,
3347 3658 3468 3699 eum
3496 3644 3569 3700 ob

1991 3725 2214 3778 multam
2274 3725 2421 3780 illam
2455 3727 2781 3792 ariditatem,
2813 3731 2991 3787 omnis
3025 3731 3078 3786 in
3108 3747 3343 3803 corpore
3377 3751 3566 3806 sparsa

1991 3814 2289 3872 humiditas
2321 3831 2387 3872 ex
2444 3817 2733 3890 ingruente
2791 3821 3084 3878 afﬂictione
3138 3827 3342 3882 amissa
3395 3837 3563 3886 esset.

1990 3903 2114 3960 Haec
2143 3907 2345 3978 quippe
2368 3908 2667 3966 humiditas
2692 3927 2816 3966 cum
2846 3913 3084 3979 adesset,
3112 3931 3174 3972 os
3196 3919 3565 3992 impinguans,

1988 3996 2122 4051 illud
2155 4012 2186 4050 a
2221 4013 2391 4054 carne
2418 3999 2715 4068 dividebat,
2749 4020 2874 4058 cum
2907 4009 3145 4063 medium
3174 4011 3314 4064 inter
3341 4025 3562 4066 carnem

1985 4097 2040 4144 et
2068 4104 2196 4146 ossa
2222 4090 2403 4146 locum
2434 4101 2660 4152 teneret.

2057 4251 2222 4307 Vens.
2249 4253 2302 4306 7.
2332 4253 2540 4310 Similis
2570 4257 2746 4326 factus
2790 4276 2906 4313 sum
2943 4262 3202 4329 pellicauo
3234 4266 3559 4331 solitudinis,

1986 4343 2253 4414 siquidem
2291 4361 2474 4401 moras
2518 4348 2571 4401 in
2612 4351 2769 4404 turba
2814 4350 3050 4422 fugiens,
3096 4354 3247 4408 solus
3285 4363 3340 4410 et
3369 4357 3560 4427 procul

319 4426 472 4486 Ἐπεὶ
521 4435 615 4488 καὶ
647 4434 708 4487 το
742 4433 879 4498 ζῶον
917 4433 1076 4488 τοῦτο
1120 4436 1415 4508 φιλέρημον
1444 4432 1578 4490 εἷναι
1610 4435 1827 4506 λέγεται
1853 4437 1881 4490 ὀ

1994 4435 2298 4491 hominibus
2325 4436 2606 4507 degebam.
2656 4437 2792 4495 Nam
2836 4443 3039 4496 animal
3082 4445 3214 4500 illud
3261 4426 3563 4516 pellieunes

304 4521 562 4576 πελεκάν.
592 4524 894 4595 Παρίστησι
931 4524 987 4578 δὲ
1021 4525 1116 4578 καὶ
1156 4526 1252 4596 τὴν
1285 4527 1519 4600 ἐρημίαν
1559 4527 1654 4580 τοῦ
1677 4527 1880 4592 ἔθνους,
1908 4566 1910 4569 -

303 4613 583 4668 καὶ-τοῦτό
617 4633 718 4668 που
749 4615 871 4668 καθ’
895 4617 959 4687 ἢν
991 4615 1150 4687 μόνος
1171 4616 1395 4688 εὕρηται
1418 4613 1498 4682 εἷς
1521 4636 1622 4673 που
1653 4619 1746 4673 καὶ
1765 4619 1883 4673 δεύ-

302 4724 461 4779 τερος
490 4709 582 4760 καὶ
616 4707 837 4780 βραχεῖς
865 4725 1007 4773 τινες
1025 4726 1038 4739 ο
1071 4704 1180 4763 οἷον
1223 4709 1490 4783 Ἱερεμίας
1517 4713 1550 4784 ἢ
1573 4713 1816 4787 Βαροὺχ,
1847 4712 1880 4784 ἥ

302 4800 489 4872 ἓτερος
520 4801 625 4853 τῶν
656 4801 778 4855 τότε
799 4801 1251 4872 ἀπολειφθέντων,
1281 4797 1356 4858 ὧν
1385 4807 1448 4859 ἐκ
1479 4807 1767 4878 προσώπου
1792 4807 1880 4861 λέ-

302 4907 462 4957 γεται
494 4893 562 4947 τὰ
608 4893 967 4966 προκείμενα.
1035 4895 1343 4967 Ὀμοιοῦται
1393 4896 1448 4951 δὲ
1497 4899 1590 4952 καὶ
1620 4901 1649 4952 ὀ
1680 4899 1883 4970 Κύριος

304 4985 557 5056 ἑρημικῷ
591 4986 846 5040 πελεκᾶνι
883 4985 1023 5041 κατὰ
1051 4987 1150 5059 τὴν
1193 4987 1288 5040 τοῦ
1314 4989 1500 5062 ὀρνέου
1527 4989 1714 5044 τούτου
1745 4993 1882 5065 πρὸς

300 5074 372 5127 τά
404 5074 600 5144 ἔγγονα
632 5077 1088 5150 θαυμασιωτάτην
1113 5079 1472 5150 συμπάθειαν.
1498 5081 1668 5136 Τοῦτο
1692 5082 1800 5156 γὰρ
1821 5083 1882 5139 τὸ

304 5161 446 5230 ζῶον
473 5167 573 5232 τάς
604 5169 822 5234 νοσσιὰς
851 5171 1002 5244 παρὰ
1024 5171 1250 5243 πέτραις
1273 5172 1568 5244 ἀποτόμοις
1594 5175 1879 5248 πηγνύμεο

301 5277 394 5314 νον
417 5262 530 5322 τοῖς
575 5264 811 5325 νεοσσοῖς
829 5301 843 5326 ,
870 5263 932 5316 τὸ
965 5263 1039 5335 μὴ
1069 5265 1241 5336 ῥᾷστα
1272 5265 1424 5337 παρά
1446 5282 1588 5330 τινος
1617 5267 1726 5320 τῶν
1759 5269 1879 5323 ὲπι-

302 5348 509 5418 ϐούλων
530 5349 955 5424 διαφθείρεσθαι,
983 5353 1395 5427 κατεργάζεται.
1431 5356 1567 5410 Ἀλλ’
1591 5359 1620 5412 ὃ
1641 5377 1704 5428 γε
1735 5359 1876 5430 ὄφις,

303 5441 645 5506 ὰποπτάντος
659 5441 834 5496 αὐτῶν
865 5443 959 5497 τοῦ
993 5446 1196 5517 πατρὸς
1214 5486 1230 5511 ,
1265 5446 1450 5518 ἐπειδὴ
1485 5448 1579 5502 καὶ
1605 5448 1679 5521 μὴ
1712 5467 1880 5523 προσ-

300 5532 543 5605 εγγίζειν
575 5537 640 5607 τῇ
672 5536 834 5608 καλιᾷ
855 5537 1102 5603 δύναται,
1125 5539 1346 5609 ’ὲπιχέει
1385 5540 1568 5605 αὐτοῖς
1595 5540 1878 5614 πόρρωθεν

266 5711 290 5726 ’⁸
371 5718 414 5749 ⁸⁸
455 5715 557 5775 Job
591 5733 718 5774 xm
743 5757 758 5784 ,
794 5717 848 5774 5.
926 5718 970 5751 ﬂ
1011 5717 1112 5774 lsa.
1143 5731 1250 5787 XL,
1283 5715 1336 5774 6.

1984 4534 2232 4592 vocatus,
2264 4528 2578 4585 solitudinis
2605 4537 2690 4586 est
2716 4546 2928 4589 amans.
2960 4533 3211 4590 Declarat
3238 4553 3402 4607 porro
3429 4557 3561 4611 gen-

1984 4612 2056 4667 tis
2101 4613 2415 4668 vastitatem
2446 4624 2500 4670 et
2535 4617 2928 4687 solitudinem;
2965 4621 3124 4676 talem
3177 4623 3448 4689 videlicet,
3499 4636 3560 4681 ut

1983 4719 2128 4760 unus
2157 4711 2366 4760 tantum
2399 4709 2481 4764 vel
2513 4707 2643 4775 duo,
2677 4720 2769 4764 aut
2801 4715 2958 4781 pauci
2981 4713 3275 4769 admodum
3307 4731 3554 4773 remane-

1982 4805 2105 4851 rent
2137 4815 2152 4853 :
2183 4798 2362 4868 qualis
2394 4806 2512 4854 erat
2536 4798 2801 4856 Jeremias
2833 4811 2928 4858 aut
2970 4803 3204 4870 Baruch,
3232 4815 3326 4860 aut
3359 4809 3404 4864 si
3433 4810 3558 4880 quis

1983 4887 2125 4944 alius
2149 4890 2315 4946 exiis
2353 4893 2447 4961 qui
2490 4900 2620 4947 tunc
2664 4893 2839 4948 relicti
2880 4903 3030 4959 sunt,
3059 4911 3123 4950 ex
3160 4913 3392 4966 quorum
3435 4915 3560 4970 per-

1983 4998 2118 5040 sona
2146 4983 2261 5040 haec
2292 4987 2574 5043 dicuntur.
2623 4987 2832 5044 Similis
2867 4991 2994 5045 item
3024 4989 3289 5049 Dominus
3309 5002 3395 5050 est
3421 4995 3559 5050 soli-

1982 5075 2122 5130 tario
2162 5077 2452 5146 pellieano,
2498 5080 2800 5136 secundum
2853 5081 3047 5137 miram
3080 5085 3197 5140 avis
3228 5084 3395 5155 hujus
3426 5099 3554 5156 erga

1982 5165 2151 5222 fetum
2181 5168 2543 5226 affectionem.
2595 5169 2730 5227 Illud
2778 5175 2978 5248 quippe
3017 5176 3220 5232 animal
3252 5178 3461 5238 nidum,
3497 5177 3550 5231 in

1981 5261 2150 5333 petris
2173 5277 2236 5317 ac
2260 5265 2552 5334 praeruptis
2581 5263 2842 5326 deﬁxum.
2877 5266 3043 5336 pullis
3073 5269 3192 5324 suis
3226 5269 3298 5322 ita
3324 5268 3553 5323 'conciu-

1980 5360 2095 5418 nat,
2121 5361 2180 5408 ut
2211 5369 2241 5408 a
2271 5355 2559 5426 quibusvis
2589 5355 3008 5415 insidiatoribus
3036 5360 3195 5415 facile
3232 5358 3549 5414 labefactari

1979 5460 2088 5501 non
2105 5445 2300 5516 possit.
2325 5446 2586 5518 At,patre
2625 5452 2898 5516 avolante,
2932 5466 3175 5521 serpens,
3199 5451 3327 5519 quia
3359 5449 3550 5505 nidum

1978 5537 2130 5596 adire
2157 5539 2367 5612 nequit,
2395 5541 2550 5622 virus
2581 5557 2743 5601 suum
2775 5543 2909 5614 ipsis
2940 5543 3129 5614 procul
3155 5541 3410 5598 infundit.
3442 5539 3553 5598 0b-
