4044 6212
437 260 576 316 ηδε

1080 245 1344 303 EUSEBII
1376 237 1859 299 CASSARIENSIS
1894 235 2048 293 OPP.
2089 231 2269 288 PARS
2310 228 2395 285 ιιι.
2436 258 2508 270 --
2547 225 2958 283 EXEGETICA.

3538 217 3687 274 1256

438 383 619 434 servat
640 375 783 430 enim
806 386 914 442 qua
935 377 1129 425 ventus
1158 365 1366 438 perﬂet,
1395 372 1559 434 atque
1590 361 1714 417 inde
1736 374 2002 415 venenum
2031 408 2035 417 .

2136 355 2194 409 ὺν
2217 355 2292 408 ίόν
2312 369 2325 381 ⁸
2356 353 2681 424 περισκοπεῖ
2699 349 2808 422 γὰρ
2835 350 2957 404 ὅθεν
2984 351 3105 402 πνεῖ
3127 349 3155 400 6
3174 348 3398 418 ἄνεμος,
3429 340 3694 398 κάκεῖθεν

438 482 601 525 suum
626 464 790 537 pullis
812 460 1048 525 exhalat,
1082 458 1159 512 ita
1192 465 1252 512 ut
1278 457 1571 512 intereant.
1599 450 1705 507 Sed
1730 458 1884 521 pater
1908 464 2005 505 eo-

440 573 566 615 rum
609 567 804 610 rursus
833 550 1120 616 advolans,
1153 562 1218 603 ac
1254 543 1492 603 naturali
1538 544 1751 598 ratione
1780 538 2009 595 insidias

443 644 815 717 conspicatus,
881 640 1032 696 novit
1076 646 1132 695 et
1184 639 1301 708 ipse
1344 651 1456 707 quo
1499 642 1657 706 pacto
1688 630 2012 686 reviviscere

442 738 675 812 possint.
710 735 918 791 Nubem
951 732 1097 789 enim
1125 732 1403 794 observat,
1428 735 1483 785 et
1512 728 1567 782 in
1588 725 1822 782 sublime
1838 722 2006 783 volat,

443 847 507 887 ac
562 844 730 899 supra
771 832 933 897 caput
965 824 1184 879 illorum
1230 820 1435 877 sensim
1472 818 1680 877 volitat,
1732 815 2011 882 lateraque

443 921 641 993 pennis
667 917 1038 976 vehementius
1062 914 1338 986 quatiens,
1359 910 1641 981 sanguinis
1668 914 1850 981 guttas
1879 904 2012 974 ipsis

443 1012 699 1084 exprimit
739 1018 792 1066 et
820 1008 1020 1066 emittit
1044 1028 1059 1062 :
1089 1006 1193 1061 illa:
1225 1018 1354 1059 vero
1377 1018 1473 1074 per
1494 1000 1691 1056 nubem
1721 998 2011 1055 stillantes.

443 1103 714 1158 vivificam
735 1097 967 1154 mortuis
982 1095 1091 1150 vim
1113 1092 1369 1156 ell‘erunt,
1396 1100 1559 1162 atque
1576 1091 1650 1144 ita
1677 1088 1755 1142 illi
1772 1086 2016 1142 excitau-

446 1202 556 1250 tur.
585 1189 894 1247 Pellicanus
923 1189 1109 1257 itaque
1150 1199 1250 1256 pro
1291 1182 1520 1238 Domino
1560 1180 1847 1251 accipitur,
1883 1177 2014 1248 pulli

446 1300 547 1356 pro
580 1282 773 1353 primis
800 1277 1141 1351 parentibus,
1175 1274 1338 1331 nidus
1367 1289 1465 1345 Pro
1490 1272 1766 1344 paradiso,
1790 1284 2016 1340 serpens

448 1391 548 1447 pro
568 1381 818 1445 apostata
848 1370 1087 1427 diabolo.
1118 1366 1418 1422 lnsulllavit
1444 1379 1576 1437 ergo
1606 1364 1697 1420 ille
1731 1378 1829 1435 per
1854 1360 2015 1415 inob-

448 1465 791 1538 sequentiam
822 1461 1017 1535 primis
1060 1459 1381 1531 parentibus
1417 1459 1473 1513 in
1511 1455 1766 1528 paradiso
1799 1451 2015 1525 positis,

448 1567 790 1629 mortemque
851 1554 1058 1610 invexit
1109 1552 1219 1608 illis
1268 1570 1281 1605 :
1331 1550 1588 1606 Christus
1641 1561 1771 1603 vero
1830 1559 2015 1599 amore

2115 444 2333 515 ὲμφυσᾷ
2355 443 2467 504 τοῖς
2499 441 2731 503 νεοττοῖς
2760 437 2852 491 τὸν
2887 437 2963 490 ίὸν
2991 435 3155 491 αὑτοῦ
3173 474 3189 499 ,
3219 435 3316 491 καὶ⁸
3342 430 3693 488 τελευτῶσιν.

2121 534 2257 588 Ἀλλ’
2277 534 2307 586 6
2337 533 2624 603 γεννήσας,
2652 530 2837 593 αὐτοῖς
2863 527 3096 591 ὲπιπτὰς
3114 522 3289 591 αὖθις,
3316 526 3410 580 καὶ
3433 522 3535 594 τὴν
3564 523 3699 575 επι-

2110 625 2302 696 ϐουλὴν
2328 624 2573 694 φυσικοῖς
2592 621 2771 690 λόγοις
2791 619 2947 683 εἰδὼς
2963 659 2976 683 ,
3003 614 3110 673 οἶδε
3132 617 3292 673 πάλιν
3313 616 3515 688 ὁμοίως
3540 614 3700 675 ὅπως

2111 715 2524 770 άναῦιὼσονται.
2586 714 2785 766 Σκοπεῖ
2824 712 2933 783 γὰρ
2964 708 3194 780 νεφέλην
3226 709 3321 761 καὶ
3356 705 3579 759 πέτεται
3613 704 3701 766 εἰς

2113 805 2266 877 ὕψος,
2293 806 2386 859 καὶ
2411 802 2554 858 κατὰ
2576 802 2818 875 κορυφὴν
2845 801 3030 872 ἠρέμα
3058 801 3146 853 ἐπ’
3171 799 3355 862 αὐτοῖς
3383 794 3702 867 πτερύσσε·

2112 914 2224 960 ται,
2254 894 2433 950 καὶτὰ
2459 894 2666 965 πλευρὰ
2690 896 2802 958 τοῖς
2829 893 3048 964 πτεροῖς
3072 888 3410 961 ἑκατέρωθεν
3434 886 3704 957 πλήσσων

2116 989 2503 1060 σφοδρότερον,
2550 986 2781 1058 αἵματος
2812 984 2995 1048 αὐτοῖς
3021 983 3237 1055 ῥανίδας
3275 980 3518 1051 ἀφίησιν·
3547 977 3606 1029 αἱ
3641 976 3705 1028 δὲ

2113 1080 2201 1135 διὰ
2229 1081 2327 1153 τῆς
2359 1079 2585 1150 νεφέλης
2619 1076 3002 1142 ὲπιστάζουσαι
3033 1073 3296 1143 ζωογόνον
3335 1075 3448 1135 τοῖς
3482 1087 3705 1141 νεκρω-

2117 1173 2285 1228 θεῖσιν
2315 1171 2580 1226 ἐντιθέασι
2607 1169 2856 1241 δύναμιν,
2884 1167 2979 1222 καὶ
3000 1166 3320 1237 ἐγείρονται.
3345 1161 3709 1233 Δαμὸάνεται

2116 1261 2209 1319 οὖν
2232 1266 2261 1318 6
2293 1262 2527 1318 πελεκάν
2567 1263 2647 1325 εἰς
2675 1261 2766 1315 τὸν
2798 1259 3001 1331 Κύριον
3019 1298 3034 1320 ,
3060 1260 3108 1311 oi.
3136 1257 3195 1310 δὲ
3227 1254 3431 1312 νεοττοὶ
3462 1256 3542 1318 εἰς
3571 1252 3708 1315 τοὺς

2117 1355 2573 1429 πρωτοπλάστους
2595 1394 2610 1419 ,
2634 1354 2667 1425 ἡ
2700 1352 2755 1406 δὲ
2783 1350 2945 1405 καλιά
2970 1351 3048 1413 εἰς
3073 1349 3163 1402 τὸν
3192 1346 3550 1419 παράδεισον,
3584 1346 3613 1397 6
3642 1344 3709 1429 δὲ

2117 1427 2238 1519 ὅςρις
2262 1449 2341 1512 είς
2367 1446 2458 1499 τὸν
2479 1443 2788 1514 ἀποστάτην
2809 1441 3072 1496 διάϐολον.
3110 1437 3470 1509 Ἑνεφύσησεν
3490 1430 3579 1489 οὖν
3604 1427 3707 1487 οἶ-

2117 1557 2210 1604 τος
2251 1537 2340 1593 διὰ
2381 1536 2478 1608 τῆς
2508 1535 2792 1607 παρακοῆς
2829 1535 2941 1596 τοῖς
2966 1534 3023 1585 ἐν
3052 1530 3128 1602 τῷ
3158 1528 3468 1602 παραδείσῳ
3497 1528 3710 1581 τεθεῖσι

448 1649 624 1707 nostri
676 1655 977 1721 permotus,
1026 1646 1082 1700 in
1109 1659 1274 1700 cruce
1322 1643 1616 1708 exaltatus,
1643 1655 1706 1695 ac
1737 1639 1795 1693 in
1848 1638 2018 1693 latere

2136 1630 2597 1719 πρωτοπλάστοις,
2651 1627 2744 1682 καὶ
2789 1626 3054 1697 νέκρωσιν
3089 1625 3274 1687 αὐτοῖς
3308 1622 3644 1677 ἐντέθεικεν⁹
3678 1621 3713 1672 6

449 1742 789 1804 vulneratus,
822 1737 1092 1793 viviticum
1118 1735 1245 1792 inde
1278 1733 1598 1805 sanguinem
1630 1729 1837 1786 stillare
1869 1727 2018 1795 fecit,

2136 1702 2181 1778 si
2211 1711 2442 1796 Χριστὸς
2472 1720 2561 1775 διὰ
2591 1719 2690 1791 τὴν
2723 1717 2859 1790 πρὸς
2891 1719 3035 1789 ἡμᾶς
3065 1716 3284 1788 ἀγάπην
3314 1713 3449 1784 ὑψοῦ
3479 1712 3715 1782 γενόμε-

450 1848 662 1905 nosque
682 1840 928 1888 mortuos
960 1845 1057 1902 per
1088 1829 1290 1884 nubem
1337 1825 1514 1884 sancti
1576 1822 1815 1894 Spiritus
1843 1819 2021 1877 vivifi-

451 1927 597 1984 cavit
619 1943 638 1982 :
660 1924 858 1979 Factus
887 1939 1004 1978 sum
1026 1922 1164 1977 sicut
1198 1918 1503 1990 nycticoraa;
1529 1916 1585 1970 in
1613 1912 1901 1969 domicilio.
1929 1913 2024 1966 Ti-

452 2020 635 2077 midus
650 2017 1088 2088 estnycticorax;
1112 2026 1284 2083 quare
1301 2010 1445 2064 ultro
1470 2007 1719 2078 citroque
1738 2004 1948 2077 fugiens
1966 2005 2023 2059 in

454 2110 855 2167 domiciliorum
895 2105 1181 2160 ruderibus
1210 2109 1512 2174 pernoctat,
1545 2114 1611 2155 ac
1639 2099 1692 2153 in
1715 2099 1890 2168 [nocte
1914 2112 2033 2168 prae-

458 2200 751 2256 formidine
767 2197 1031 2253 clamitat.
1056 2193 1158 2249 Per
1175 2193 1503 2265 pollicanum
1523 2191 1708 2261 itaque
1726 2196 2024 2244 extremam

454 2293 637 2365 populi
669 2291 978 2348 vastitatem
1008 2295 1063 2343 et
1120 2285 1473 2341 solitudinem
1527 2280 1890 2353 signiﬁcabat,
1931 2294 2026 2352 per

456 2384 859 2457 nycticoracem
893 2394 1022 2435 vero
1051 2376 1307 2433 tenebras
1338 2373 1567 2439 indicat,
1598 2373 1757 2444 queis
1789 2372 2026 2443 populus

459 2478 669 2533 offusus
696 2483 780 2531 est
812 2472 1181 2540 :denotatque
1221 2484 1339 2532 eos,
1368 2464 1643 2523 exstincto
1680 2464 1886 2520 lumine
1921 2465 2028 2520 sibi

457 2565 773 2629 irradiante,
806 2564 1109 2635 ignorantia
1138 2562 1232 2619 Dei
1258 2561 1502 2624 allectos,
1525 2557 1683 2629 quasi
1708 2557 1767 2612 in
1790 2554 2029 2610 tenebris

460 2664 516 2712 et
542 2656 597 2710 in
624 2664 785 2712 nocte
809 2654 1037 2710 versari.
1066 2653 1323 2708 Fortasse
1350 2650 1434 2706 vir
1484 2652 1731 2713 sanctus,
1766 2643 1896 2716 quia
1928 2658 2031 2697 no-

460 2748 642 2804 ctibus
670 2747 902 2817 singulis
932 2744 1140 2801 orando
1179 2744 1394 2809 clamet,
1429 2747 1735 2813 opportune
1767 2753 1890 2794 sese
1928 2752 2029 2807 ny-

462 2840 720 2895 cticoracr
746 2838 976 2892 confert.

534 3012 703 3070 Vens.
737 3013 888 3068 8—H.
951 3011 1195 3082 Vigilavi,
1227 3018 1277 3064 et
1321 3008 1496 3078 {actus
1526 3023 1645 3063 sum
1686 3006 1822 3061 sicut
1852 3018 2036 3073 passer

468 3107 741 3163 solitarius
768 3106 823 3159 in
863 3113 1014 3159 tecto.
1042 3103 1174 3161 Tota
1203 3103 1286 3157 die
1327 3098 1713 3171 exprobrabant
1756 3098 1885 3152 mihi
1930 3096 2037 3150 ini-

470 3201 594 3264 mici
622 3199 723 3254 mei
756 3215 774 3255 :
804 3207 853 3252 et
877 3197 966 3268 qui
1010 3194 1299 3250 laudabant
1328 3211 1430 3258 nte,
1464 3193 1739 3248 adversum
1778 3206 1859 3245 me
1879 3190 2037 3260 jura-

471 3288 618 3343 bant.
648 3287 915 3344 Derisioni
959 3285 1036 3341 fui
1082 3285 1316 3340 inimicis
1345 3304 1359 3339 :
1391 3292 1445 3339 et
1483 3282 1577 3354 qui
1608 3282 1737 3336 olim
1758 3296 1761 3297 '
1786 3282 2042 3337 aemulan-

470 3380 574 3436 dus
604 3388 658 3434 et
683 3379 913 3434 illustris
941 3392 1111 3441 eram,
1131 3390 1277 3430 nunc
1304 3375 1370 3431 ad
1395 3372 1782 3446 jusjurandum
1807 3387 2043 3443 usurpor

472 3471 542 3526 ab
575 3471 644 3541 iis
677 3469 767 3540 qui
796 3484 882 3524 me
910 3468 1039 3522 olim
1075 3466 1415 3522 mirabantur
1441 3480 1454 3517 :
1486 3478 1581 3536 per
1610 3478 1759 3519 meas
1787 3463 1933 3518 enim
1962 3478 2045 3517 ca-

472 3563 743 3617 lamitates
763 3561 975 3632 jurant,
1000 3558 1079 3614 Ne
1109 3559 1287 3629 patiar
1313 3571 1378 3614 ea
1407 3572 1529 3628 quae
1549 3556 1771 3627 quidam
1797 3556 2044 3626 perpessi

474 3660 621 3706 sunt.
657 3649 726 3703 Et
755 3651 842 3721 qui
876 3648 1167 3703 laudabant
1201 3666 1303 3715 me,
1331 3649 1609 3704 adversum
1643 3663 1723 3702 me
1745 3647 2003 3718 jurabant
2025 3663 2046 3702 :

477 3753 663 3822 “multa
692 3744 784 3806 qui
833 3742 1000 3798 Deum
1048 3740 1356 3817 adjutorem
1390 3758 1499 3798 non
1546 3742 1827 3798 haberem.
1862 3724 2049 3812 Neque

474 3845 651 3900 solum
683 3842 888 3897 inimici
917 3839 1011 3896 Dei
1046 3839 1161 3893 haec
1191 3841 1457 3908 egenam;
1497 3834 1594 3890 sed
1627 3835 1790 3890 etiam
1836 3832 1932 3903 qui
1962 3847 2050 3888 me

476 3935 791 4006 diligebant,
824 3934 1109 3988 adversum
1136 3945 1222 3985 me
1244 3928 1528 3998 iurabant,
1570 3927 1624 3983 id
1651 3934 1736 3983 est
1761 3926 2049 3983 contribu-

477 4028 561 4086 les
594 4028 717 4081 mei.
764 4025 900 4080 Nam
946 4026 1004 4080 bi
1036 4038 1254 4095 quoque
1297 4021 1433 4092 ipsis
1464 4021 1766 4093 prophetiis
1791 4036 1900 4075 non
1929 4035 2051 4076 cre-

478 4119 722 4175 debant:
755 4117 850 4173 sed
871 4115 1214 4170 hortationes
1238 4128 1303 4168 ac
1345 4113 1654 4168 futurorum
1687 4113 1954 4182 promissa
1978 4113 2052 4168 ir-

479 4210 741 4274 ridentes,
795 4207 1085 4263 adversum
1131 4220 1217 4261 me
1261 4205 1551 4276 iurabant,
1591 4204 1865 4261 vaticiniis
1916 4205 2052 4261 meis

481 4301 641 4356 ﬁdem
675 4304 956 4370 negantes.
987 4296 1128 4365 Quia
1147 4299 1371 4352 cinerem
1409 4307 1662 4367 tanquam
1692 4312 1882 4366 panem
1909 4314 2056 4352 man-

2126 1834 2215 1881 νος
2241 1816 2333 1869 ἐπὶ
2356 1812 2448 1868 τοῦ
2473 1811 2705 1886 σταυροῦ
2721 1852 2735 1877 ,
2752 1812 2845 1865 καὶ⁹
2869 1811 3052 1880 νυγεὶς
3079 1807 3176 1881 τὴν
3193 1806 3460 1879 πλευρὰν,
3490 1804 3715 1859 ἐκεῖθεν

2124 1906 2188 1961 τὸ
2218 1905 2532 1980 ζωήρρυτον
2563 1899 2855 1965 ἐστάλαξεν
2881 1895 3049 1971 αἷμα,
3094 1901 3187 1954 καὶ
3212 1898 3301 1952 διά
3337 1897 3435 1968 τῆς
3473 1894 3716 1964 νεφέλης

2125 1999 2220 2054 τοῦ
2262 1998 2419 2068 ἁγίου
2452 1997 2765 2067 Πνεύματος
2793 1992 3165 2065 νεκρωθέντας
3194 1991 3341 2062 ἡμᾶς
3363 1985 3714 2050 ἀνεζὼωσεν·

2142 2077 2467 2161 Ἐγεῶ-ήθην
2496 2088 2638 2142 ὡσεὶ
2665 2084 3026 2153 νυκτικοζοαε
3046 2084 3116 2136 ἐν
3135 2078 3443 2144 οίκοπέδφ.
3477 2076 3665 2131 Δειλὺν
3685 2077 3716 2129 6

2130 2179 2489 2253 νυκτικόραξ’
2542 2178 2623 2231 διδ
2656 2176 2867 2247 φεύγων
2926 2172 3262 2244 πανταχόθεν
3304 2173 3417 2235 τοῖς
3446 2167 3717 2241 ἐρειπίοις

2129 2271 2237 2328 τῶν
2261 2271 2576 2344 οἰκημάτων
2605 2265 2961 2332 ἐναυλίζεται,
2997 2265 3092 2320 καὶ
3117 2266 3174 2319 ὲν
3205 2263 3358 2317 νυκτὶ
3386 2259 3582 2334 κράζει
3609 2259 3717 2312 ὑπὸ

2132 2361 2347 2426 δειλίας.
2384 2360 2483 2415 Διὰ
2504 2360 2602 2433 μὲν
2630 2356 2724 2414 οὖν
2753 2357 2844 2413 τοῦ
2871 2356 3164 2420 πελεκᾶνος
3187 2356 3291 2434 τὴν
3320 2351 3558 2423 παντελῆ
3582 2353 3716 2422 ἐρη-

2136 2454 2263 2524 μίαν
2293 2452 2386 2507 τοῦ
2413 2452 2542 2507 λαοῦ
2579 2453 2815 2525 ὲσήμανε
2835 2466 2848 2480 ⁸
2892 2449 2979 2503 διὰ
3018 2448 3073 2501 δὲ
3106 2446 3201 2500 τοῦ
3233 2443 3623 2515 νυκτικόρακος
3649 2441 3717 2493 τὸ

2135 2542 2458 2614 κατειληερὸς
2481 2542 2667 2606 σκότος
2688 2541 2778 2594 τὸν
2799 2541 2925 2593 λαὸν
2948 2539 3098 2610 δηλοῖ
3113 2555 3126 2568 ⁸
3150 2537 3243 2591 καὶ
3262 2536 3366 2601 ὅτι,
3388 2532 3484 2588 τοῦ
3508 2550 3717 2587 καταυ-

2135 2634 2394 2705 γάζοντος
2418 2635 2613 2699 αὐτοὺς
2642 2635 2817 2704 φωτὸς
2841 2631 3267 2707 ἀποσϐεσθέντος
3286 2670 3302 2694 ,
3327 2623 3414 2684 οἷα
3441 2629 3501 2683 ὲν
3522 2627 3719 2697 σκοτίᾳ

2136 2728 2242 2781 εἰσὶ
2266 2727 2357 2781 κα)⁸
2376 2726 2530 2781 νυκτὶ
2550 2726 2822 2796 ἀγνωσίαν
2837 2725 2970 2779 Θεοῦ
2996 2724 3228 2795 ἔχοντες.
3250 2721 3403 2792 Τάχα
3417 2721 3476 2774 δὲ
3494 2722 3522 2775 6
3538 2721 3719 2789 ἅγιος,

2137 2818 2323 2893 ἐπειδὴ
2338 2818 2627 2889 παννύχεις
2649 2817 2777 2871 ἐϐόα
2795 2816 3244 2890 προσευχόμενος,
3268 2813 3580 2883 ἀναγκαίως
3603 2814 3713 2866 ἐαυ

2137 2911 2228 2967 τὸν
2253 2910 2588 2984 παραϐάλλει
2621 2910 2993 2981 νυκτικόρακι.

2221 3005 2623 3077 Ἠγρύπνησα,
2653 3001 2751 3055 καὶ
2777 2999 3069 3071 ἐγενήθην
3098 2998 3240 3054 ὡσεί
3261 2997 3589 3065 στρουθίον
3615 3012 3724 3064 μοι·

2140 3096 2319 3159 νάζον
2336 3096 2434 3150 ἐπὶ
2460 3093 2697 3164 δώματι.
2728 3093 2922 3158 Ὅλην
2938 3089 3054 3160 τὴν
3067 3088 3293 3159 ἡμέραν
3311 3085 3624 3146 ὠνείδιζόν
3645 3102 3725 3154 με

2139 3194 2193 3247 οἱ
2218 3189 2420 3260 ἐχθροί
2458 3204 2579 3256 μου
2603 3226 2619 3251 ,
2669 3184 2769 3239 καὶ
2801 3186 2853 3238 οἱ
2884 3180 3273 3246 ἐπαινοῦντές
3300 3197 3377 3250 με
3404 3180 3533 3233 κατ’
3572 3176 3725 3247 ἐμοῦ

2140 3280 2396 3352 ὤμνυον.
2422 3274 2837 3346 Καταγέλαστος
2858 3270 3122 3342 ἐγενόμην
3149 3271 3261 3332 τοῖς
3284 3266 3597 3338 δυσμενέσι,
3628 3263 3727 3317 καὶ

2140 3374 2169 3426 6
2200 3371 2366 3427 πάλαι
2395 3368 2630 3440 ζηλωτὸς
2662 3366 2752 3419 καὶ
2777 3363 3134 3437 περίόλεπτος
3155 3401 3169 3425 ,
3205 3359 3301 3413 νῦν
3337 3360 3498 3429 ὅρκος
3520 3355 3725 3425 γέγονα

2140 3466 2251 3528 τοῖς
2274 3461 2438 3517 πάλαι
2461 3458 2793 3531 θαυμάζουσι
2817 3474 2831 3487 ’
2857 3454 3000 3510 κατὰ
3022 3455 3130 3526 γάρ
3158 3452 3267 3507 τῶν
3292 3450 3438 3521 ὲμῶν
3457 3449 3726 3520 ὀμνύουσι

2146 3552 2440 3626 συμφορῶν
2460 3570 2473 3584 ο
2504 3551 2597 3624 Μὴ
2621 3551 2846 3621 πάθοιμι
2881 3547 2918 3602 ἃ
2951 3549 3004 3601 οἱ
3031 3547 3200 3609 δεῖνες
3226 3538 3544 3598 πεπόνθασι.
3603 3539 3723 3593 Καὶ

2144 3653 2198 3704 οἱ
2220 3645 2607 3712 ἐπαινοῦντές
2618 3662 2694 3715 με
2716 3644 2843 3697 κατ’
2864 3641 3010 3712 ἐμοῦ
3035 3639 3275 3708 ὤμνυον
3292 3653 3306 3665 ’
3330 3636 3403 3697 ὡς
3426 3632 3496 3705 μὴ
3517 3630 3718 3703 ἔχοντα

2147 3740 2338 3813 βοηθὸν
2357 3739 2447 3793 τὸν
2467 3738 2617 3792 Θεόν.
2647 3738 2755 3790 Καὶ
2777 3735 2839 3788 ού
2864 3734 3019 3805 μόνον
3045 3732 3093 3785 οἱ
3112 3730 3297 3803 ὲθχροὶ
3312 3727 3400 3781 τοῦ
3411 3724 3543 3779 θεοῦ
3560 3723 3720 3777 ταῦτ’

2147 3831 2444 3903 ἔπραττον,
2477 3828 2611 3883 ἀλλὰ
2638 3828 2732 3881 καὶ
2764 3829 2813 3880 οἱ
2840 3824 3161 3895 ἀγαπῶντες
3191 3839 3259 3893 με
3294 3822 3413 3875 κατ’
3440 3819 3571 3890 ἐμοῦ
3602 3818 3726 3889 ὦμ-

2148 3941 2272 3978 νυον
2292 3963 2309 3988 ,
2339 3921 2617 3977 τουτέστιν
2648 3922 2697 3973 οἱ
2731 3918 2839 3973 ἀπὸ
2865 3917 2960 3972 τοῦ
2987 3915 3150 3971 αὑτοῦ
3179 3914 3365 3978 ἔθνους
3396 3912 3492 3966 καὶ
3512 3910 3727 3980 γένους.

2148 4018 2258 4072 Καὶ
2279 4009 2422 4069 οῦτοι
2444 4013 2572 4083 γοῦν
2594 4013 2855 4084 ἠπίστουν
2875 4012 2996 4074 ταῖς
3015 4011 3203 4072 αὐταῖς
3225 4004 3609 4080 προφητείαις,
3628 4004 3731 4068 τάς

2148 4126 2209 4161 τε
2254 4106 2625 4180 παρακλήσεις
2655 4106 2748 4159 καὶ
2780 4103 2878 4167 τὰς
2908 4101 3016 4155 τῶν
3052 4100 3350 4173 μελλόντων
3394 4096 3731 4165 ἐπαγγελίας

2149 4198 2496 4272 διασύροντες
2526 4196 2643 4251 κατ’
2677 4193 2810 4266 ἐμοῦ
2837 4193 3050 4265 ὤμνυον
3070 4231 3085 4256 ,
3118 4190 3180 4244 τὸ
3208 4188 3283 4261 μὴ
3313 4186 3587 4241 πιστεύειν
3616 4189 3733 4250 τοῖς

2152 4293 2241 4346 ὑπ’
2263 4290 2398 4363 ἐμοῦ
2426 4287 2941 4361 προφητευσμένοις.
2978 4285 3105 4338 ’Ὀτι
3129 4279 3360 4335 σποδὸν
3381 4279 3528 4334 ὡσεί
3546 4276 3735 4346 ἄρτον

481 4389 764 4467 ducabam,
798 4400 849 4445 et
874 4398 1055 4459 polum
1092 4405 1264 4444 meum
1300 4406 1418 4444 cum
1457 4389 1584 4459 ﬂetu
1616 4390 1919 4445 miscebant.
1950 4388 2035 4446 Ηὶε

2151 4382 2397 4454 ἔφαγον,
2420 4381 2518 4435 καὶ
2544 4380 2610 4434 τὸ
2634 4382 2795 4450 πόμα
2807 4396 2927 4449 μου
2946 4379 3097 4448 μετὰ
3118 4375 3426 4445 κλαυθμοῦ
3448 4375 3731 4442 ἐκίρνων.

486 4481 683 4537 similia
706 4489 830 4536 sunt
854 4496 976 4552 qua:
1004 4482 1060 4536 in
1086 4483 1296 4552 psalmo
1328 4498 1512 4547 txxrx,
1546 4481 1856 4538 habentur:
1891 4481 2053 4538 Ciba-

483 4571 684 4628 bis-nos
713 4588 845 4641 pane
874 4573 1255 4644 lacrymarum,
1291 4583 1340 4627 et
1378 4583 1559 4643 potum
1605 4573 1756 4630 dabis
1804 4575 1954 4629 nobis
1996 4575 2056 4631 in

487 4662 737 4734 lacrymis
768 4664 824 4717 in
856 4663 1185 4719 mensura".
1210 4663 1422 4721 Doloris
1458 4679 1588 4721 vero
1624 4665 2055 4736 magnitudinem

487 4754 578 4812 his
608 4755 867 4810 declarat.
902 4753 1039 4810 Nam
1069 4754 1116 4809 si
1146 4753 1338 4810 edendi
1369 4765 1582 4827 tempus
1621 4755 1808 4812 dolore
1833 4757 2054 4828 plenum

487 4853 628 4911 erat,
653 4846 799 4918 quod
824 4847 972 4903 aliud
1003 4856 1216 4918 tempus
1245 4848 1434 4904 dolore
1463 4864 1697 4905 vacuum
1734 4850 1900 4907 fuerit
1917 4851 1940 4906 ?
1957 4850 2057 4908 His

494 4944 695 5003 autem,
722 4938 921 5009 inquit,
966 4939 1368 5010 circumcingor
1416 4941 1597 5010 malis,
1645 4941 1772 5012 quia
1822 4951 1902 5009 tu,
1951 4942 2058 4998 Do—

494 5027 659 5094 mine,
698 5027 834 5083 iram
867 5038 1013 5085 tuam
1064 5029 1352 5087 adversum
1409 5045 1494 5086 me
1532 5034 1897 5089 commovisti.
1930 5033 2058 5091 Haec

494 5134 659 5188 porro
699 5117 968 5190 Pmpheta
1011 5120 1169 5186 dicit,
1215 5120 1400 5191 populi
1438 5120 1804 5181 calamitatem
1852 5131 1909 5178 ut
1930 5139 2059 5195 pro-

494 5213 669 5284 priam
700 5211 803 5268 sibi
844 5212 1149 5276 ascribens,
1174 5225 1237 5266 ac
1265 5221 1428 5267 tanta:
1465 5212 1831 5270 multitudinis
1876 5215 2056 5285 perni-

498 5307 636 5363 ciem
672 5307 883 5378 lugens.
913 5306 956 5360 A
990 5306 1127 5376 facie
1157 5308 1251 5362 ira:
1279 5317 1327 5361 et
1366 5305 1746 5378 indignationis
1780 5316 1906 5373 tum,
1934 5307 2060 5377 quia

497 5399 701 5456 elevans
737 5398 953 5452 allisisti
993 5413 1094 5452 me.
1125 5395 1256 5462 Quae
1288 5398 1487 5470 p0pulo
1516 5406 1570 5453 et
1596 5398 1714 5454 loco
1744 5397 2062 5453 acciderunt

505 5499 561 5540 ut
590 5488 689 5542 sibi
723 5488 944 5558 propria
972 5495 1211 5554 enarrat,
1239 5502 1303 5544 ac
1332 5489 1511 5557 docet,
1535 5488 1603 5545 ad
1649 5503 1899 5562 magnam
1942 5488 2061 5558 glo-

576 5659 621 5689 “
660 5658 801 5714 Psal.
837 5676 1033 5727 um,
1068 5658 1122 5716 6.

2154 4474 2376 4538 Τούτοις
2420 4471 2776 4545 παραπλήσια
2808 4471 2875 4525 τὰ
2905 4471 2964 4524 ὲν
2990 4470 3067 4541 τῷ
3092 4469 3178 4523 οϐ’
3210 4469 3408 4540 ψαλμῷ
3428 4485 3443 4496 ·
3480 4465 3735 4537 Ψωμιεῖς

2152 4565 2310 4637 ἡμᾶς
2333 4565 2515 4633 ἄρτον
2532 4563 2824 4641 δακρύων,
2855 4563 2954 4617 καὶ
2984 4560 3206 4627 ποτιεῖς
3235 4559 3391 4631 ’ἡμᾶς
3412 4559 3483 4613 ἐν
3507 4556 3735 4626 δάκρυ-

2152 4671 2257 4709 σιν
2284 4656 2354 4708 ἐν
2378 4652 2589 4724 μέτρῳ.
2619 4653 2730 4724 Τὴν
2755 4653 2811 4706 δὲ
2841 4653 2939 4724 τῆς
2963 4652 3154 4724 ὀδύνης
3182 4649 3484 4722 ὑπερϐολὴν
3504 4648 3594 4702 διὰ
3618 4648 3734 4702 τού-

2152 4763 2261 4800 των
2287 4745 2453 4818 δηλοῖ.
2477 4746 2540 4799 Εἰ
2564 4744 2670 4816 γάρ
2695 4745 2724 4797 6
2747 4744 2843 4815 τῆς
2860 4743 3067 4815 τροφῆς
3094 4742 3285 4814 καιρὸς
3305 4740 3495 4813 ὀδύνης
3517 4740 3735 4811 ὑπῆρχε

2158 4838 2385 4908 μεστὸς,
2433 4836 2517 4901 τίς
2560 4835 2626 4890 ἂν
2659 4835 2815 4899 ἄλλος
2861 4834 3052 4906 καιρὸς
3082 4832 3286 4906 ταύτης
3317 4831 3599 4905 ἐλεύθερος
3627 4827 3735 4901 ἦν;

2155 4929 2376 4993 Τούτοις
2403 4929 2459 4983 δὲ
2483 4968 2498 4995 ,
2530 4927 2684 4999 φησι,
2716 4925 3111 4998 περικλύζομαι
3142 4930 3255 4990 τοῖς
3287 4928 3475 4988 κακοῖς
3495 4941 3508 4954 ·
3542 4926 3735 4996 ἐπειδὴ

2158 5021 2245 5085 σὺ,
2278 5019 2544 5085 Δέσποτα,
2573 5017 2865 5090 κεκίνηκας
2894 5019 3013 5071 κατ’
3042 5016 3177 5090 ἐμοῦ
3204 5017 3302 5090 τὴν
3328 5019 3519 5091 ὀργήν.
3548 5017 3735 5073 Ταῦτα

2155 5113 2213 5168 δέ
2234 5114 2441 5184 φησινό
2463 5113 2776 5186 Προφήτης,
2805 5110 3172 5183 οἰκειούμενος
3184 5111 3283 5183 τὴν
3312 5110 3407 5163 τοῦ
3440 5109 3570 5167 λαοῦ
3600 5127 3734 5181 συμ-

2158 5206 2347 5276 φορὰν,
2378 5207 2472 5259 καί¹
2498 5204 2893 5275 ὀλοφυρόμενος
2921 5203 3023 5274 τὴν
3054 5202 3329 5258 ἀπώλειαν
3358 5201 3452 5256 τοῦ
3475 5201 3733 5257 τοσούτου

2159 5295 2393 5366 πλήθους
2413 5334 2428 5359 ,
2466 5294 2610 5352 Ἀπὸ
2649 5294 2972 5363 προσώπου
3000 5293 3110 5364 τῆς
3147 5294 3330 5365 ὀργῆς
3363 5294 3462 5348 καὶ
3497 5293 3605 5350 τοῦ
3638 5298 3732 5349 θυ-

2154 5386 2273 5457 μοῦ
2294 5401 2409 5440 σου
2428 5426 2443 5451 ,
2471 5384 2560 5439 ὅτι
2586 5384 2814 5454 ἐπάρας
2840 5384 3206 5455 κατέρῤαξάς
3229 5402 3325 5456 με.
3358 5385 3438 5440 Τὰ
3462 5386 3707 5458 ωμσέεη

2161 5479 2292 5557 κάτα
2321 5478 2397 5550 τῷ
2422 5478 2534 5550 λαῷ
2564 5478 2654 5532 καὶ
2682 5477 2757 5549 τῷ
2788 5480 2935 5551 τόπῳ
2970 5478 3297 5534 ίδιοποιεῖται
3327 5478 3626 5547 διδάσκων,
3654 5480 3729 5536 ὅς’
