4044 6212
306 313 440 369 19.37

1435 307 1930 367 COMSIENTARIA
1974 307 2039 362 IN
2079 307 2419 364 PSALMOS.

3411 305 3549 361 42:8

305 430 384 491 εἰς
417 427 556 498 μέγα
591 426 746 497 δόξης
778 428 1010 500 ἀρθέντα
1038 428 1128 480 τὸν
1152 427 1299 490 λαὸν,
1433 425 1567 479 Θεοῦ
1597 425 1721 479 λαὸν
1742 442 1876 496 χρη-

1981 425 2118 479 riam
2170 425 2404 480 levatum
2439 423 2725 494 populum,
2756 422 2826 477 ita
2860 433 2918 476 ut
2949 422 3182 492 populus
3211 420 3302 478 Dei
3327 437 3552 478 vocare-

308 517 550 588 ματίσαι,
585 519 729 572 τόνδε
759 518 850 572 τὸν
883 515 1027 572 οἷκον
1059 518 1191 572 Θεοῦ
1227 518 1587 589 ὀνομασθῆναι
1614 516 1704 570 διὰ
1728 517 1789 569 τὸ
1817 518 1874 569 ὲν

305 607 452 678 αὐτῷ
476 609 738 680 ἁγίασμα.
786 611 1025 683 Ἐπάρας
1053 611 1144 664 καὶ
1170 611 1410 680 τιμήσας
1437 610 1465 661 ὁ
1489 607 1620 671 Θεὸς
1641 607 1873 679 ἐφαμίλ-

303 698 411 763 λως
441 701 506 771 τῇ
543 703 622 764 είς
652 699 782 771 ὕψος
808 701 1033 776 ἀρθείσῃ
1066 701 1242 756 αὐτῶν
1269 702 1417 775 δόξῃ,
1451 704 1532 766 εἰς
1558 701 1616 755 τὸ
1639 701 1876 756 ἐναντίον

303 791 660 862 παραγαγὼν,
688 793 985 866 κατέρῤαξε
1004 811 1018 824 ο
1042 794 1132 847 τὸν
1161 795 1260 865 μὲν
1285 794 1449 848 τόπον
1473 793 1756 866 πολιορκίᾳ
1781 811 1878 846 πα-

308 883 500 953 ραδοὺς
545 886 637 936 κα)⁸
689 885 938 939 παντελεῖ
986 887 1225 958 ἐρημίᾳ,
1271 887 1360 942 τὸν
1398 888 1453 942 δὲ
1493 887 1620 942 λαὸν
1675 889 1877 960 αἰχμα-

303 972 494 1044 λωσίᾳ.

365 1065 433 1116 Al
458 1063 666 1133 ἡμέραι
683 1084 802 1135 μου
821 1069 964 1124 ὡσεὶ
995 1069 1140 1125 σκιὰ
1164 1070 1512 1138 ἐκλίθησαν,
1543 1069 1706 1140 κάγὼ
1734 1069 1877 1124 ὡσεὶ

304 1153 513 1222 χόρτος
545 1156 900 1230 ἐξηράνθην.
951 1161 1126 1215 Πᾶσα
1146 1160 1256 1231 γὰρ
1294 1159 1451 1229 σὰρξ
1479 1163 1728 1231 χόρτος,
1778 1162 1874 1214 καὶ

304 1245 469 1300 πᾶσα
493 1248 643 1314 δόξα
664 1252 856 1321 αὐτῆς
880 1254 958 1328 ὡς
997 1253 1178 1320 ἄνθος
1203 1255 1440 1322 χόρτου.
1502 1254 1671 1307 Πάλιν
1701 1271 1874 1308 κοινο-

305 1339 624 1410 ποιούμενος
666 1343 756 1397 τὸν
799 1345 924 1416 περὶ
951 1343 1042 1397 τοῦ
1071 1344 1200 1398 λαοῦ
1235 1344 1422 1412 λόγον,
1454 1343 1714 1414 ὲπιλέγει’
1765 1345 1874 1400 Καὶ

1980 525 2090 583 tur,
2123 530 2187 570 ac
2215 516 2410 571 domus
2444 515 2645 570 Domus
2676 515 2770 571 Dei
2803 516 2873 570 ob
2900 515 3273 570 sanetuarium
3302 515 3372 569 ibi
3411 517 3552 585 posi~

1979 615 2095 662 tum
2130 607 2424 664 diceretur.
2462 606 2599 663 Cum
2635 614 2815 664 autem
2846 623 2876 662 a
2911 605 3020 662 Deo
3048 616 3266 663 erectus
3289 615 3342 662 et
3373 608 3551 662 hono-

1980 707 2134 754 ratus
2182 699 2398 765 fuisset,
2442 701 2687 756 vicissim
2728 707 2918 771 postea
2949 701 3072 756 loco
3117 699 3264 756 illius
3299 700 3554 756 sublimis

1980 791 2183 861 gloriae,
2217 792 2271 845 in
2303 792 2642 846 contrarium
2673 791 2943 862 deiectum
2961 808 3106 856 eum,
3139 792 3355 848 allisum
3387 806 3418 844 a
3444 791 3554 846 Deo

1981 881 2152 936 fuisse
2190 881 2288 948 ait,
2317 882 2394 935 ita
2425 890 2483 936 ut
2516 883 2693 938 locum
2727 884 3001 939 obsidioni
3025 894 3078 939 et
3108 890 3365 939 extremm
3384 887 3554 939 vasti-

1983 972 2100 1040 tati,
2139 973 2398 1043 populum
2424 988 2553 1027 vero
2575 973 2880 1044 captivitati
2911 974 3168 1029 traderet.

2053 1063 2218 1121 Vens.
2250 1064 2439 1120 12-14.
2477 1064 2602 1120 Dies
2632 1066 2734 1120 mei
2756 1068 2894 1120 sicut
2932 1069 3120 1120 umbra
3139 1067 3552 1131 declinaverunt,

1979 1163 2032 1208 et
2054 1170 2146 1225 ego
2176 1155 2312 1208 sicut
2333 1153 2510 1224 fenum
2542 1155 2680 1208 arui.
2725 1153 2908 1210 Omnis
2937 1157 3077 1210 enim
3110 1173 3235 1212 caro
3269 1157 3470 1227 fenum,
3505 1169 3556 1212 et

1983 1247 2152 1300 omnis
2183 1247 2354 1317 gloria
2395 1247 2508 1316 ejus
2542 1248 2696 1317 quasi
2721 1248 2821 1316 ﬂos
2858 1247 3043 1317 feni”.
3078 1247 3322 1304 Rursum
3351 1249 3419 1304 de
3457 1266 3556 1320 po-

1984 1338 2111 1407 pulo
2155 1353 2462 1395 sermonem
2506 1340 2663 1410 quasi
2702 1339 2805 1394 sibi
2841 1340 3122 1411 proprium
3166 1340 3396 1398 cﬂerens
3422 1343 3553 1397 sub-

303 1427 416 1498 ἐγὼ
440 1431 581 1485 ὡσεὶ
601 1435 816 1502 χόρτος
833 1436 1189 1504 ἐξηράνθην.
1219 1437 1302 1490 Σὺ
1326 1436 1413 1502 δὲ,
1440 1438 1636 1506 Κύριε,
1662 1439 1750 1504 είς
1772 1438 1876 1492 τὸν

1978 1430 2179 1501 jungit,
2220 1429 2288 1483 Et
2325 1447 2417 1500 ego
2451 1432 2589 1484 sicut
2628 1430 2804 1499 {cuum
2836 1432 2979 1486 arui.
3023 1431 3101 1485 Tu
3132 1441 3330 1498 autem,
3370 1433 3556 1488 Domi-

303 1520 484 1575 αἰῶνα
503 1523 704 1591 μένεις
722 1566 735 1587 ,
768 1527 864 1581 καὶ
905 1527 971 1581 τὸ
989 1530 1386 1599 μνημόσυνόν
1406 1544 1523 1584 σου
1556 1533 1643 1598 εὶς
1667 1530 1876 1601 γενεὰν

1984 1540 2066 1589 ne,
2103 1524 2158 1576 in
2184 1532 2434 1577 aeternum
2461 1538 2754 1592 permanes,
2785 1532 2832 1578 et
2866 1523 3172 1577 memoriale
3201 1534 3347 1576 tuum
3380 1525 3436 1578 in
3469 1542 3556 1596 ge-

304 1613 400 1667 καὶ
425 1615 657 1684 γενεάν.
679 1617 760 1670 Τὰ
786 1619 882 1689 μὲν
911 1619 1101 1692 θνητὰ,
1130 1620 1282 1690 φησὶ,
1305 1623 1401 1676 καὶ
1429 1623 1744 1694 ἀνθρώπινα
1771 1641 1876 1677 τοι-

1983 1615 2306 1668 iterationem
2350 1624 2401 1668 et
2437 1616 2844 1685 generationem.
2888 1613 3020 1681 Res,
3054 1617 3152 1682 ait,
3193 1618 3458 1674 mortales
3502 1627 3557 1674 et

304 1705 472 1771 αὔτα,
505 1702 591 1761 οἷα
623 1710 716 1763 καὶ
743 1710 1064 1782 δεδήλωται,
1096 1713 1384 1784 τυγχάνει,
1416 1716 1755 1786 εὐμετάϐολα
1783 1717 1876 1772 καὶ

1984 1706 2234 1760 humana:
2287 1707 2424 1761 tales
2455 1715 2603 1769 sunt,
2638 1706 2828 1776 quales
2871 1722 3040 1777 supra
3069 1709 3409 1764 declaratum
3445 1718 3553 1775 est,

303 1795 587 1868 ἀνώμαλα,
606 1800 858 1854 οὐδέποτε
879 1803 969 1856 ἐπὶ
991 1806 1104 1868 τοῖς
1120 1806 1299 1868 αὐτοῖς
1321 1807 1548 1876 μένοντα
1566 1825 1578 1838 ·
1603 1809 1717 1862 ἀλλ’
1733 1811 1876 1863 ἐπαι-

1981 1800 2267 1854 mutationi
2314 1800 2525 1856 scilicet
2572 1809 2626 1857 et
2670 1802 3083 1872 inaequabilitati
3121 1803 3391 1871 obnoxiae,
3435 1820 3558 1876 qua:

309 1891 533 1963 ρόμενα,
552 1893 644 1945 καὶ
664 1894 1175 1966 καταρρηγνύμενα,
1201 1897 1477 1968 ύψούμενά
1496 1919 1555 1954 τε
1576 1902 1670 1954 καὶ
1687 1919 1878 1956 ταπει-

303 1983 542 2055 νούμενα
563 2027 577 2053 ,
614 1986 707 2038 καὶ
740 1987 1000 2050 παντοίας
1029 1988 1237 2058 τροπὰς
1279 1991 1373 2044 καὶ
1409 1993 1709 2062 μεταϐολὰς
1741 1994 1877 2049 ὑπο-

307 2075 533 2147 μένοντα
559 2076 646 2131 διὰ
668 2078 766 2150 τὴν
790 2079 846 2131 ὲν
868 2077 1175 2152 ἀνθρώποις
1203 2081 1621 2157 πολιτευομένην
1647 2087 1844 2140 κακίαν
1859 2102 1876 2119 ·

305 2169 369 2220 σὺ
394 2168 471 2234 δὲ,
489 2168 681 2241 Κύριε,
705 2171 854 2224 οὐδὲν
875 2171 1011 2243 ἔχων
1035 2171 1224 2244 θνητὸν
1246 2175 1366 2228 οὐδὲ
1391 2176 1670 2249 ἐπίκηρον,
1690 2181 1769 2243 είς
1788 2179 1879 2232 τὸν

303 2259 473 2314 αἰῶνα
508 2260 686 2331 μένεις
705 2301 719 2326 ,
751 2263 836 2316 ἀεὶ
870 2265 1009 2318 κατὰ
1038 2266 1106 2320 τὰ
1134 2266 1275 2320 αὐτὰ
1302 2267 1397 2320 καὶ
1428 2267 1688 2333 ὡσαύτως
1717 2271 1875 2341 ἔχων,

302 2352 378 2417 ὡς
408 2353 573 2418 ἀπεδιος
602 2356 696 2409 καὶ
720 2356 1074 2422 ἀναλλοίωτος
1092 2399 1107 2422 ,
1140 2361 1235 2413 καὶ
1263 2359 1330 2413 τὰ
1358 2361 1502 2429 ἅπαξ
1529 2363 1634 2416 ὑπὸ
1667 2364 1759 2417 σοῦ
1801 2366 1878 2438 (ι)

305 2445 633 2500 σαλευθὲντα
655 2487 670 2513 ,
700 2449 793 2501 καὶ
819 2451 876 2502 ὲν
902 2451 1201 2523 ἐπαγγελίᾳ
1235 2451 1590 2509 θεσπισθέντα
1621 2456 1771 2527 μένει
1801 2461 1880 2523 είς

305 2539 648 2610 μνημόσυνον
669 2541 858 2604 ἀΐδιον,
883 2542 914 2614 ἢ
945 2542 1045 2596 κᾶν
1073 2544 1146 2616 μὴ
1172 2547 1238 2616 τῇ
1263 2545 1507 2619 παρούσῃ
1537 2551 1718 2620 γενεᾷ,
1744 2549 1880 2606 ἀλλὰ

302 2632 366 2700 τῇ
398 2629 665 2703 ἐρχομένῃ
693 2631 833 2686 κατὰ
862 2633 961 2705 τὴν
983 2633 1316 2707 ψαλμῳδίαν.
1373 2639 1482 2691 Καὶ
1515 2639 1670 2694 τοῦτο
1695 2637 1786 2695 οὖν
1820 2660 1878 2696 σε

305 2720 539 2793 μάλιστα
582 2724 890 2795 ἐπικάμψαι
933 2727 1174 2796 ὀφείλει,
1211 2729 1489 2797 Δέσποτα,
1523 2733 1604 2786 ὅτι
1629 2733 1739 2804 ἐγὼ
1784 2735 1880 2807 μὲν

302 2815 395 2868 καὶ
409 2815 504 2887 τὴν
523 2815 681 2885 φύσιν
699 2817 950 2890 τοιαύτην
975 2819 1081 2891 ἔχω
1099 2821 1362 2894 ἐπίκηρον
1379 2826 1473 2878 καὶ
1495 2825 1878 2900 ὀλιγοχρόνιον,

302 2906 396 2957 καὶ
433 2910 737 2978 συμφοραῖς
769 2909 1069 2982 συνεζύγην
1110 2912 1428 2978 τοσαύταιςο
1473 2916 1537 2968 σὺ
1570 2916 1627 2970 δὲ
1669 2917 1884 2984 αἰώνιος

301 2994 396 3048 καὶ
441 2995 738 3062 ἀθάνατος,
772 2999 912 3053 ὥστε
959 3002 1259 3075 μεταϐολήν
1288 3023 1412 3060 τινα
1456 3006 1568 3061 τῶν
1601 3009 1883 3082 παρόντων

303 3087 490 3178 κακῶν
514 3091 709 3161 ῥαδίως
739 3093 802 3146 ἄν
839 3112 928 3164 μοι
958 3096 1226 3168 χαρίσαιο.
1266 3099 1438 3153 Τοῦτο
1462 3101 1571 3174 γὰρ
1591 3103 1840 3178 ἐπιφέρει
1861 3123 1874 3138 ·

301 3177 386 3230 Σὺ
411 3179 678 3248 ἀναστὰς
692 3184 1079 3253 οίκτειρήσεις
1103 3194 1218 3258 τὴν
1238 3188 1412 3258 Σιὼν,
1437 3192 1525 3245 ὅτι
1543 3194 1746 3263 καιρὸς
1764 3177 1876 3252 τοῦ

301 3266 661 3360 οἰκτειρῆσαι
700 3271 924 3343 αὐτὴν,
974 3275 1064 3331 ὅτι
1106 3277 1236 3346 ἣκει
1280 3283 1502 3351 καιρός.
1538 3284 1659 3351 Δὸς,
1691 3288 1874 3360 φησὶν,

301 3359 509 3430 ἀμείνω
551 3364 848 3438 μεταϐολὴν
878 3367 976 3439 τῆς
1015 3372 1323 3443 συμφορᾶς·
1357 3375 1385 3424 ό
1416 3372 1523 3445 γὰρ
1556 3375 1746 3449 καιρὸς
1783 3377 1876 3433 τὸν

301 3449 460 3544 έλέον,
482 3454 728 3510 ἀπαιτεῖ·
767 3459 1170 3515 συντετέλεσται
1201 3463 1310 3536 γὰρ
1343 3466 1485 3538 ὁτῆς
1506 3467 1876 3544 ταλαιπωρίας

302 3543 458 3615 ἡμῶν
500 3547 710 3618 χρόνος.
773 3551 1077 3606 Αίνίττεται
1109 3553 1164 3606 δὲ
1195 3554 1284 3608 διὰ
1313 3556 1518 3612 τούτων
1549 3559 1649 3630 τῆς
1683 3564 1795 3626 τοῖς
1824 3563 1874 3615 o'

300 3633 445 3690 ἔτεσι
467 3641 907 3714 περιωρισμένης
926 3644 1191 3717 τιμωρίας
1210 3649 1304 3702 καὶ
1324 3651 1695 3722 αἰχμαλωσίας
1711 3653 1773 3707 τὸ
1790 3653 1876 3708 τέ-

299 3725 410 3792 λος.
462 3728 619 3784 Οὕτω
665 3732 815 3787 καὶὸ
863 3733 1163 3808 Θαυμάσιος
1207 3741 1403 3814 Δανιὴλ
1428 3743 1741 3817 ἀριθμήσας
1776 3747 1876 3820 τῆς

301 3822 677 3893 αἰχμαλωσίας
717 3826 808 3881 τὸν
851 3830 1042 3902 χρόνον
1087 3833 1385 3906 προσφέρει
1427 3836 1525 3909 τὴν
1573 3838 1872 3912 ἱκετηρίαν,

300 3913 394 3966 καὶ
446 3914 658 3984 συνᾴδει
696 3917 906 3985 τούτοις
938 3922 1040 3992 τῆς
1087 3926 1466 3998 πνευματικῆς
1505 3930 1769 4001 μελῳδίας
1806 3933 1875 3986 τὰ

304 4003 542 4073 ῥήματα.
591 4007 700 4058 Καὶ
744 4010 772 4061 ὁ
817 4011 1094 4084 Ζαχαρίας
1134 4013 1191 4068 δὲ
1225 4019 1658 4090 προσευχόμενος
1696 4021 1871 4091 ἔλεγε·

301 4093 477 4160 Κύριε
505 4096 912 4167 παντόκρατορ
934 4140 949 4164 ,
999 4103 1175 4172 μέχρι
1208 4107 1351 4159 πότε
1393 4108 1464 4160 οὐ
1491 4107 1574 4176 μὴ
1610 4108 1874 4178 ἐλεήσῃς

302 4183 418 4252 τὴν
444 4185 848 4258 Ἰερουσαλὴμ,
867 4192 1084 4262 καὶτὰς
1097 4199 1304 4265 πόλεις
1333 4198 1535 4263 Ἰούδα,
1555 4199 1628 4268 ἃς
1641 4202 1874 4271 ὑπερεῖ-

303 4274 435 4342 δες;
467 4276 640 4331 τοῦτο
675 4279 1117 4352 ἑϐδομηκοστόν
1142 4287 1296 4356 ἔτος.
1343 4291 1792 4363 Προφήτεύεσθαι
1815 4295 1874 4347 δὲ

303 4369 534 4425 ἐνταῦθα
561 4366 716 4443 οἶμαι
742 4374 836 4428 καὶ
868 4377 967 4449 τὴν
995 4378 1052 4431 ὲν
1074 4379 1378 4452 ἀνθρώποις
1405 4383 1643 4457 Χριστοῦ
1675 4387 1873 4455 ἐπιτρά-

1979 1909 2258 1963 nunquam
2281 1895 2469 1950 eodem
2496 1896 2551 1950 in
2589 1902 2737 1952 statu
2774 1906 3058 1966 maneant;
3089 1902 3185 1954 sed
3214 1899 3376 1952 modo
3399 1899 3555 1954 exal-

1979 1993 2123 2050 tatae,
2176 2001 2303 2042 mox
2347 1986 2557 2055 allisae;
2605 1987 2767 2044 modo
2798 1997 3014 2064 erectis,
3050 2005 3178 2044 mox
3226 1989 3450 2060 deiectae
3475 1990 3558 2044 vi-

1977 2077 2234 2143 deantur,
2269 2093 2333 2133 ac
2380 2081 2738 2137 mutationem
2766 2082 3295 2154 conversionemque
3321 2083 3557 2154 quamli-

1978 2168 2068 2224 bet
2090 2169 2343 2235 subeant,
2374 2171 2445 2227 ob
2478 2173 2780 2243 nequitiam
2816 2189 2936 2244 qua:
2972 2175 3115 2229 inter
3149 2175 3401 2231 homines
3436 2191 3559 2230 ver-

1979 2269 2153 2315 satur.
2183 2262 2263 2315 Tu
2295 2269 2500 2328 autem,
2531 2262 2795 2333 Domine,
2831 2264 2925 2334 qui
2968 2265 3103 2319 nihil
3125 2267 3376 2334 mortale,
3419 2266 3557 2322 nihil

1978 2355 2183 2411 ﬂuxum
2235 2355 2428 2422 habes,
2479 2355 2537 2412 in
2580 2365 2843 2414 aeternum
2890 2374 3200 2429 permanes,
3247 2375 3312 2415 ac
3344 2375 3558 2430 semper

1979 2447 2168 2502 eodem
2191 2447 2374 2511 modo,
2406 2447 2598 2503 eodem
2632 2449 2687 2502 in
2718 2457 2865 2504 statu
2896 2450 3157 2515 versaris,
3185 2457 3372 2520 utpote
3401 2464 3558 2506 arter-

1982 2555 2086 2595 nus
2124 2547 2180 2594 et
2208 2539 2568 2594 immutabilis
2604 2559 2616 2595 :
2651 2555 2715 2594 ac
2749 2557 2870 2610 quae
2909 2542 3078 2597 semel
3121 2542 3221 2596 abs
3257 2551 3310 2596 te
3349 2550 3555 2598 statuta

1982 2641 2130 2699 sunt,
2161 2641 2216 2687 et
2252 2633 2307 2688 in
2340 2634 2620 2690 vaticiniis
2661 2634 2937 2705 promissa
2982 2632 3226 2699 fuerunt,
3255 2635 3312 2688 in
3348 2649 3561 2690 memo-

1985 2727 2115 2782 riale
2145 2727 2538 2798 sempiternum
2562 2735 2817 2791 manent,
2846 2727 3064 2783 etiamsi
3085 2743 3195 2782 non
3222 2729 3272 2781 in
3297 2727 3556 2798 praesenti

1981 2821 2356 2890 generatione,
2405 2827 2461 2874 at
2504 2820 2560 2874 in
2591 2817 2777 2874 futura
2827 2820 3125 2876 secundum
3174 2821 3553 2892 psalmodiam.

1981 2909 2158 2980 Atque
2183 2909 2288 2964 hoc
2320 2915 2395 2974 te,
2420 2908 2670 2975 Domine,
2703 2909 2939 2964 maxime
2962 2908 3178 2966 ﬂectere
3199 2911 3402 2977 debet,
3427 2912 3556 2982 quia

1981 3013 2082 3070 ego
2105 2998 2325 3070 quidem
2358 2999 2520 3055 talem
2553 2998 2726 3055 habeo
2755 3008 3031 3067 naturam,
3069 3000 3292 3067 ﬂuxam,
3334 3001 3558 3057 brevem

1982 3098 2036 3145 et
2069 3091 2142 3145 ita
2172 3090 2585 3159 calamitosam;
2620 3099 2678 3146 tu
2717 3107 2847 3147 vero
2885 3100 3122 3149 aeternus
3146 3100 3200 3148 et
3226 3092 3557 3149 immortalis

1979 3181 2172 3247 es;ita
2203 3190 2264 3236 ut
2314 3183 2666 3252 praesentium
2697 3183 2968 3238 malorum
3015 3185 3375 3240 mutationem
3422 3186 3559 3242 mihi

1977 3291 2239 3347 perquam
2288 3276 2450 3332 facile
2506 3277 2826 3348 praebueris.
2875 3277 2932 3333 Id
2978 3292 3216 3348 namque
3257 3277 3444 3342 infert,
3475 3277 3557 3333 Tu

1975 3387 2257 3444 exsurgens
2290 3371 2614 3426 misereberis
2661 3369 2819 3434 Sion,
2865 3370 2992 3441 quia
3032 3379 3232 3438 tempus
3273 3370 3558 3425 miserendi

1975 3464 2111 3534 ejus,
2137 3465 2264 3535 quia
2293 3465 2430 3518 venit
2457 3472 2679 3534 tempus.
2711 3463 2810 3529 Da,
2835 3462 3032 3534 inquit,
3074 3461 3402 3516 calamitatis
3432 3476 3556 3515 mu-

1975 3557 2237 3611 tationem
2286 3556 2343 3610 in
2387 3556 2583 3612 melius
2626 3574 2640 3610 :
2682 3569 2808 3610 nam
2857 3561 3074 3625 tempus
3115 3553 3556 3610 misericordiam

1979 3648 2246 3718 postulat;
2289 3647 2526 3703 miseriae
2566 3647 2768 3719 quippe
2817 3643 3018 3703 nostrae
3059 3647 3387 3717 completum
3427 3660 3555 3717 spao

1976 3739 2112 3792 tium
2144 3745 2248 3794 est.
2281 3736 2379 3794 His
2403 3753 2571 3810 porro
2600 3739 2916 3796 subindicat
2948 3739 3206 3810 supplicii
3251 3739 3413 3795 annis
3463 3753 3555 3795 se-

1976 3831 2262 3904 ptuaginta
2309 3832 2712 3905 circumscripti
2758 3840 2815 3890 et
2868 3833 3196 3905 captivitatis
3247 3832 3429 3888 ﬂnem.
3461 3831 3555 3886 Sic

1977 3926 2106 3980 item
2161 3923 2353 3981 Daniel
2403 3925 2494 3981 ille
2546 3925 2853 3991 mirabilis,
2896 3926 3169 3982 recensito
3215 3926 3553 3996 captivitatis

1977 4027 2244 4090 tempore,
2273 4017 2726 4090 supplicationem
2760 4017 2921 4074 oﬂ‘ert
2950 4033 3140 4077 suam:
3177 4017 3370 4087 bisque
3395 4017 3554 4087 spiri-

1975 4114 2140 4169 tualis
2193 4111 2441 4167 melodis:
2489 4112 2654 4166 verba
2709 4111 2990 4167 accinunt.
3054 4109 3347 4165 Zacharias
3420 4110 3552 4164 item

1975 4205 2182 4260 orando
2209 4205 2426 4260 dicebat
2460 4223 2475 4259 :
2509 4203 2731 4257 Domine
2772 4203 3114 4272 omnipotens,
3149 4217 3412 4274 usquequo
3446 4216 3552 4255 non

1975 4297 2298 4352 misereberis
2317 4295 2639 4360 Jerusalem,
2683 4304 2734 4349 et
2773 4296 3049 4349 civitatum
3084 4293 3253 4358 Iuda,
3293 4310 3425 4363 quas
3454 4293 3551 4349 de-

1973 4389 2236 4459 spexisti.’
2269 4387 2353 4441 hic
2397 4386 2810 4457 septuagesimus
2850 4402 3018 4440 annus
3052 4395 3129 4440 est
3147 4386 3214 4441 ”.
3245 4382 3347 4440 Hic
3383 4385 3548 4442 etiam

302 4478 468 4531 νειαν,
492 4463 665 4518 αἰτίαν
690 4466 954 4540 ἐσομένην
973 4469 1066 4523 τοῦ
1089 4471 1568 4549 ἀνοικοδομηθῆναι
1591 4477 1688 4550 τὴν
1711 4477 1867 4545 Σιὼν,

1975 4475 2330 4548 ρι’ωηυηῑίιιιεὶ
2375 4484 2508 4544 puto
2555 4473 2766 4532 Christi
2813 4476 2881 4530 ad
2928 4475 3181 4531 homines
3230 4475 3547 4542 adventum,

299 4556 541 4610 τουτέστι
573 4557 668 4611 τοῦ
693 4559 1026 4634 ἀνεῳχθῆναι
1048 4561 1109 4616 τὸ
1128 4564 1228 4635 τῆς
1248 4567 1526 4633 εὐσεϐείας
1547 4569 1866 4642 πολίτευμα.

300 4648 396 4712 Τίς
415 4649 470 4703 δὲ
489 4652 517 4704 ὁ
542 4649 869 4719 πολύευκτος
895 4655 988 4708 καὶ
1014 4657 1334 4728 τριπόθητος
1349 4660 1557 4731 καιρὸς,
1585 4663 1642 4715 ἐν
1663 4655 1708 4732 ᾧ
1733 4663 1872 4736 πλη-

301 4741 536 4815 ρωθῆναι
569 4743 782 4814 λέγεται
814 4747 882 4801 τὰ
909 4748 1062 4820 παρὰ
1086 4750 1184 4820 τῆς
1215 4750 1351 4805 Σιὼν
1379 4754 1758 4826 ἐπηγγελμένα
1780 4755 1869 4821 ;'O

297 4835 396 4906 τῆς
418 4838 761 4904 ἀναστάσεώς
787 4858 903 4908 σου,
921 4841 1114 4917 Κύριε.
1133 4845 1283 4898 Ἐπεὶ
1297 4845 1402 4919 γὰρ
1422 4847 1520 4919 τὴν
1542 4849 1635 4901 τοῦ
1660 4850 1866 4921 κόσμου

295 4927 570 5000 ἁμαρτίαν
602 4927 732 5002 ἆραι
765 4932 1054 5006 ἐλήλυθας
1090 4937 1189 4990 οὐκ
1217 4937 1322 4991 ἔδει
1349 4939 1406 4992 δὲ
1433 4939 1522 4992 τὸν
1551 4941 1866 5012 τηλικοῦτον

297 5019 436 5091 ὑπὲρ
454 5021 646 5091 ὀλίγων
658 5025 992 5096 ἁμαρτωλῶν
1013 5027 1186 5083 ἐλθεῖν
1204 5031 1299 5084 καὶ
1320 5030 1510 5084 παθεῖν
1525 5048 1538 5062 ’
1562 5033 1650 5086 ὅτε
1677 5033 1866 5106 ὲνέστη

294 5113 324 5164 ό
352 5113 568 5184 χρόνος,
604 5117 725 5170 καθ’
751 5119 810 5172 ὃν
842 5119 1056 5193 εἴρηται
1082 5122 1192 5190 ὅτι,
1217 5143 1233 5176 ι
1263 5124 1467 5189 Πάντες
1495 5125 1738 5198 ἥμαρτον
1772 5127 1867 5180 καὶ

297 5205 647 5277 ὑστεροῦνται
688 5211 787 5282 τῆς
815 5212 972 5284 δόξης
1005 5214 1100 5268 τοῦ
1127 5215 1260 5271 Θεοῦ
1282 5255 1298 5282 ,
1341 5217 1459 5271 τότε
1491 5218 1632 5271 ὑπὲρ
1664 5220 1863 5282 παντὸς

292 5297 503 5368 ἐγεύσω
533 5297 784 5356 θανάτου.
822 5322 841 5355 ι

1976 4569 2070 4640 qui
2117 4568 2172 4623 in
2206 4582 2374 4623 causa
2422 4567 2641 4623 futurus
2681 4574 2785 4635 est,
2818 4574 2880 4623 ut
2923 4574 3266 4625 restauretur
3308 4567 3462 4632 Sion,
3492 4568 3547 4624 id
3621 4584 3624 4588 ·

1977 4665 2080 4724 est,
2111 4665 2170 4713 ut
2207 4657 2426 4729 pietatis
2479 4659 2791 4715 institutum
2827 4659 3126 4729 aperiatur.
3157 4659 3315 4726 Quod
3365 4668 3547 4718 autem

1976 4751 2112 4808 illud
2138 4758 2223 4808 est
2248 4750 2652 4823 optatissimum
2675 4759 2732 4807 et
2747 4751 3278 4808 desideratissimum
3307 4760 3542 4824 tempus,

1976 4859 2085 4915 quo
2139 4843 2413 4916 implenda
2464 4859 2588 4900 esse
2628 4843 2912 4909 dicuntur,
2939 4857 3060 4914 qua:
3099 4843 3168 4900 de
3215 4843 3380 4901 Sione
3418 4861 3548 4916 pro-

1973 4938 2145 4993 missa
2187 4937 2351 4995 sunt?
2388 4936 2527 4992 Illud
2565 4943 2649 4992 est
2693 4944 2906 5006 tempus
2949 4938 3376 4993 resurrectionis
3405 4947 3542 5002 ture,

1975 5030 2226 5087 Domine.
2250 5030 2396 5097 Quia
2417 5030 2562 5086 enim
2605 5039 2890 5101 peccatum
2925 5029 3117 5084 mundi
3148 5029 3425 5085 sublatum
3452 5046 3544 5085 ve-

1973 5123 2144 5178 nisti:
2177 5138 2278 5177 nec
2307 5123 2591 5193 oportebat
2628 5128 2842 5176 tantum
2885 5120 3037 5176 illum
3069 5118 3410 5177 Servatorem
3443 5133 3544 5189 pro

1974 5214 2163 5284 paucis
2204 5214 2584 5284 peccatoribus
2630 5212 2818 5268 venire
2866 5222 2919 5268 et
2966 5211 3110 5282 pati;
3146 5228 3272 5268 cum
3315 5211 3543 5266 instaret

1975 5313 2212 5375 tempus,
2239 5319 2348 5376 quo
2371 5304 2576 5360 dictum
2601 5311 2706 5370 est,
2747 5323 2766 5357 ι
2791 5301 2995 5360 Omnes
3033 5309 3332 5376 peccarunt
3347 5309 3401 5356 et
3422 5299 3540 5370 glo-

1874 5439 1884 5451 .
1972 5397 2055 5451 ria
2079 5396 2177 5452 Dei
2201 5398 2480 5468 privantur
2499 5400 2566 5466 ²⁶,
2602 5405 2734 5455 tunc
2760 5413 2862 5470 pro
2893 5397 3150 5455 omnibus
3181 5402 3412 5452 mortem
3444 5393 3540 5448 de-

357 5629 411 5666 “
443 5631 548 5688 Isa.
584 5649 686 5699 ιι,
719 5632 774 5688 6.
849 5637 896 5670 ³⁸
929 5637 1160 5696 Zachar.
1197 5655 1252 5709 ι,
1285 5642 1374 5700 l2.
1449 5645 1495 5680 "
1534 5643 1696 5703 Rom.
1731 5659 1826 5714 ut,
1858 5643 1959 5700 25.

359 5786 438 5859 (1)
470 5788 722 5846 Mendum
752 5793 898 5849 haud
930 5795 1114 5852 dubie.

523 5887 795 5950 Parnm"
845 5888 962 5951 Gtt.
1010 5890 1250 5953 XXIII.

1969 5490 2218 5560 gustasti.
2253 5509 2273 5544 ι
