4044 6212
566 289 670 347 1‘25

637 411 802 466 Vsus.
825 409 1273 476 15-17.ριιοηίαηι
1289 409 1602 478 placuerunt
1626 410 1786 464 servis
1808 411 1911 464 tuis
1927 410 2127 480 lapides
2159 419 2204 476 Α

497 515 501 552 :
564 506 680 574 ejus
709 513 758 558 et
780 503 980 570 pulveri
1010 501 1122 570 ejus
1151 501 1550 555 miserebantur.
1585 500 1653 554 Et
1686 502 1938 556 timebunt
1958 512 2132 572 gentes

484 649 492 656 ,
565 611 752 650 nomen
787 607 956 656 tuum,
993 593 1236 657 Domine,
1260 603 1310 647 et
1336 610 1510 648 omnes
1547 610 1686 664 reges
1708 594 1935 664 gloriam
1967 605 2130 648 tuam.

564 684 758 741 Merito
787 694 1072 756 postquam
1124 684 1336 739 dixerat
1382 683 1656 752 placuisse
1699 683 1905 754 lapides
1936 685 2134 754 prioris

563 777 770 848 populi,
822 777 1062 846 gentium
1112 774 1450 830 vocationem
1504 773 1725 844 adjicit,
1771 785 1933 845 atque
1978 791 2134 846 aper-

561 871 671 924 tius
700 868 960 932 declarat,
998 877 1126 922 tunc
1155 882 1248 921 eas
1277 866 1573 922 salutarem
1607 865 1855 922 timorem
1885 875 2133 938 acceptu-

560 977 651 1016 ras
693 969 747 1014 et
793 959 961 1015 Deum
1007 960 1249 1013 culturas
1304 975 1446 1014 esse.
1502 959 1676 1030 Reges
1737 967 1918 1015 autem
1967 960 2128 1026 dixit,

557 1068 658 1124 pro
679 1053 883 1124 regnis.
909 1051 1094 1122 Neque
1123 1052 1268 1107 enim
1287 1053 1372 1107 vel
1406 1067 1539 1123 gens
1593 1053 1678 1107 vel
1722 1068 1950 1125 regnum
1995 1065 2077 1110 est
2111 1095 2127 1120 ,

555 1144 704 1215 quud
734 1144 817 1198 vel
858 1160 922 1200 ex
951 1151 1063 1199 toto
1092 1144 1174 1199 vel
1205 1159 1269 1198 ex
1321 1151 1476 1214 parte
1527 1145 1753 1215 gloriam
1785 1145 1985 1201 Christi
2018 1162 2126 1202 non

552 1246 860 1292 veneretur.
895 1237 1159 1301 Quoniam
1185 1235 1472 1304 (edi/icabit
1495 1236 1751 1291 Dominus
1778 1235 1928 1303 Sion,
1959 1249 2008 1292 et
2051 1241 2128 1294 vi-

552 1329 759 1384 debitur
783 1331 837 1384 in
877 1330 1048 1401 gloria
1079 1346 1196 1384 sua.
1235 1330 1356 1384 Alio
1386 1329 1570 1394 modo,
1604 1330 1894 1386 aedificabit
1938 1331 2123 1388 Domi-

550 1436 657 1477 nus
680 1419 848 1485 Sion,
894 1420 946 1474 id
975 1427 1078 1484 est,
1115 1421 1412 1476 Ecclesium
1443 1441 1456 1476 :
1497 1419 1906 1477 aediﬁcationem
1942 1433 2122 1480 autem

551 1511 700 1566 illam
728 1510 814 1564 hic
837 1509 1099 1574 declarat,
1125 1526 1230 1580 qua
1266 1518 1456 1580 gentes
1488 1527 1584 1582 per
1614 1511 1770 1566 [idem
1813 1513 2123 1571 constitutae

549 1610 679 1660 sunt
709 1621 721 1657 :
752 1611 805 1658 ct
833 1611 961 1656 tunc
986 1601 1159 1670 gloria
1193 1603 1456 1659 allicietur
1486 1604 1541 1658 in
1576 1603 1731 1674 ipsis.

622 1801 788 1860 Vsus.
831 1804 1014 1862 18-25.
1052 1804 1293 1874 Respexit
1329 1806 1383 1860 in
1411 1807 1700 1862 oralionem
1735 1808 2041 1873 humilium,
2070 1819 2118 1864 et
2152 1777 2194 1837 Β

543 1916 651 1954 non
689 1901 875 1968 sprevit
905 1915 1107 1967 precem
1135 1915 1333 1952 eorum.
1391 1898 1667 1954 Scribatur
1692 1901 1802 1955 haec
1828 1903 1881 1956 in
1904 1919 2118 1972 genera-

539 1995 740 2048 tionem
773 1994 1031 2057 alteram,
1077 2003 1127 2048 et
1175 1992 1396 2060 populus
1430 1993 1520 2063 qui
1565 1993 1830 2048 ereabitur
1875 1995 2116 2050 laudabit

545 2086 1029 2156 Dominum:quia
1077 2087 1345 2157 prospexit
1399 2087 1465 2140 de
1511 2087 1715 2142 excelso
1757 2097 1938 2142 saneto
1986 2103 2114 2154 suo,

543 2179 803 2234 Dominus
833 2179 896 2234 de
933 2180 1059 2233 caelo
1094 2180 1149 2234 in
1189 2190 1384 2234 terram
1430 2180 1656 2248 aspexit,
1688 2189 1746 2232 ut
1787 2179 1994 2234 audiret
2029 2196 2116 2250 ge-

542 2271 702 2326 mitus
731 2271 1160 2339 compeditorum,
1183 2281 1240 2325 ut
1267 2273 1486 2327 solveret
1507 2274 1646 2343 filios
1666 2275 2111 2343 interemptorum,

535 2372 602 2414 ut
633 2363 942 2416 annuntient
971 2361 1025 2414 in
1053 2359 1185 2416 Sion
1212 2378 1397 2417 nomen
1427 2363 1668 2428 Domini,
1689 2373 1740 2418 et
1769 2364 1979 2419 laudem
2000 2367 2114 2434 ejus

539 2455 594 2508 in
623 2454 940 2510 Jerusalem.
983 2454 1048 2509 In
1096 2455 1441 2511 conveniendo
1475 2455 1693 2525 populos
1741 2457 1794 2510 in
1827 2473 2022 2521 unum,
2064 2467 2114 2512 et

537 2562 680 2616 reges
701 2554 758 2600 ut
785 2548 1014 2601 serviant
1037 2547 1283 2602 Domino.
1315 2546 1598 2617 Respondit
1623 2549 1671 2602 ei
1702 2548 1758 2601 in
1795 2550 1877 2603 via
1905 2550 2114 2603 virtutis

535 2652 646 2693 suco
673 2655 691 2693 :
721 2639 1055 2694 Paucitatem
1087 2640 1292 2694 dierum
1341 2656 1574 2694 meorum
1611 2641 1799 2694 nuntia
1839 2641 1986 2697 milii.
2030 2640 2114 2696 Ne

534 2746 738 2786 revoces
764 2748 845 2786 me
873 2732 926 2785 in
955 2731 1176 2786 dimidio
1225 2731 1430 2786 dierum
1457 2746 1711 2784 meorum.
1768 2729 1867 2786 Hic
1898 2731 2114 2787 videtur

535 2823 670 2876 mihi
707 2823 1060 2894 propheticus
1082 2823 1285 2880 chorus
1310 2823 1602 2879 sublimius
1643 2823 1952 2893 signiﬁcare
1980 2840 2112 2895 geu-

531 2914 670 2968 tium
698 2930 795 2985 per
818 2913 1156 2969 Salvatorem
1195 2923 1446 2970 nostrum
1481 2914 1819 2970 vocationem
1844 2955 1858 2980 ,
1902 2915 2111 2985 lugere-

533 3021 638 3076 que
657 3006 801 3078 quod
817 3020 938 3061 eam
966 3005 1070 3076 ipsi
1101 3021 1212 3061 non
1241 3005 1352 3060 sint
1374 3005 1680 3061 consecuti.
1706 3006 1762 3060 ln
1799 3005 2107 3060 futurorum

529 3113 768 3169 namque
808 3099 1078 3153 bonorum
1130 3097 1387 3160 adventu,
1421 3100 1642 3168 quando
1685 3104 1874 3167 gentes
1926 3105 1979 3151 et
2013 3111 2106 3152 ea-
2135 3133 2176 3191 Ο

528 3208 654 3248 rum
673 3205 830 3264 reges
855 3205 966 3245 non
983 3191 1126 3245 ultra
1149 3189 1356 3261 patrios
1378 3189 1674 3256 daemones,
1693 3189 1789 3245 sed
1813 3189 2100 3244 Dominum

527 3285 869 3351 adorabunt;
895 3283 1010 3347 tali,
1039 3282 1236 3353 inquit,
1267 3289 1510 3354 tempore
1535 3281 1706 3337 robur
1736 3297 1917 3336 meum
1939 3297 2101 3338 ener-

526 3378 676 3432 vavit
710 3377 1006 3442 Dominus,
1037 3384 1096 3431 ut
1118 3377 1234 3433 dies
1274 3391 1426 3433 meos
1468 3376 1893 3448 praescinderet,
1927 3391 1996 3431 ne
2031 3375 2099 3429 ad

526 3470 663 3527 illud
685 3477 909 3541 tempus
937 3469 1270 3526 devenirem.
1305 3468 1664 3540 Propheticus
1687 3469 1870 3541 itaque
1899 3469 2103 3527 chorus

525 3574 612 3622 est
640 3565 734 3636 qui
781 3562 1104 3634 respondet,
1150 3561 1265 3618 sive
1305 3563 1486 3632 potius
1534 3563 1630 3634 qui
1660 3563 1958 3634 interrogat
1985 3573 2040 3619 et
2073 3578 2105 3618 a

526 3661 641 3714 Deo
669 3657 980 3714 sciscitatur
1007 3655 1187 3725 qualis
1218 3654 1401 3709 futura
1442 3654 1512 3710 sit
1549 3655 1658 3710 vita
1711 3663 1920 3711 nostra.
1974 3653 2102 3710 Edim

525 3763 684 3806 scere
701 3748 903 3818 quippe
936 3745 1275 3816 peroptabat,
1303 3761 1434 3800 num
1466 3746 1533 3801 ad
1563 3746 1682 3802 dies
1715 3747 1838 3803 illos
1869 3762 2101 3817 perven-

522 3850 647 3896 tura
681 3841 791 3895 vita
824 3839 946 3908 ejus
972 3845 1154 3902 esset,
1202 3838 1360 3908 queis
1409 3838 1724 3894 incarnatus
1774 3837 2097 3910 Unigenitus

521 3932 581 3984 in
609 3938 755 3985 terra
791 3928 1212 3998 conspiciendus
1261 3935 1396 3982 erat.
1446 3926 1600 3982 Viam
1660 3937 1842 3983 autem
1875 3930 2097 3986 virtutis

521 4023 643 4093 ejus
673 4029 830 4076 vocat
858 4023 1030 4090 ipsius
1055 4021 1116 4074 in
1139 4030 1341 4076 terram
1377 4020 1669 4075 adventum
1708 4021 1900 4075 :venit
1951 4023 2097 4077 enim

521 4122 582 4168 ut
612 4111 809 4168 fortem
843 4111 996 4165 illum
1033 4111 1312 4180 alligaret;
1364 4109 1653 4165 dimidium
1703 4125 1830 4166 vero
1881 4113 2095 4168 dierum

521 4216 768 4268 suorum,
801 4217 897 4257 seu
923 4201 1049 4256 vita:
1085 4215 1217 4268 sum,
1247 4199 1380 4254 illud
1411 4200 1544 4255 dicit
1595 4203 1856 4272 spatium,
1887 4220 1996 4274 quo
2045 4206 2098 4261 in

518 4299 976 4370 contemplatione
999 4297 1120 4368 ejus
1141 4297 1448 4368 praesentiae
1483 4296 1705 4354 futurus
1739 4307 1877 4355 erat.
1916 4299 2096 4371 Roga-

517 4389 612 4444 hat
641 4405 773 4459 ergo
801 4388 1016 4460 impleri
1043 4396 1219 4444 totum
1253 4387 1376 4444 vita;
1397 4403 1511 4444 sua:
1539 4397 1754 4460 tempus
1781 4430 1796 4457 ,
1838 4398 1892 4447 et
1937 4392 2096 4462 quasi

1292 285 1562 343 EUSEBII
1591 285 2065 344 CASSARIENSIS
2094 288 2242 344 OPP.
2289 288 2466 346 PARS
2493 288 2583 346 Ill.
2624 319 2684 334 —-
2711 287 3121 344 EXEGETlCA.

3674 290 3814 343 1960

2292 413 2415 465 Ὅτι
2434 409 2776 478 εὐδόκησιὶν
2789 412 2844 464 οἰ
2855 408 3064 462 δοῦλοί
3076 422 3192 461 σου
3211 406 3352 472 τοὺς
3367 405 3575 471 λίθους
3591 405 3812 472 αὐτῆς,

2237 503 2451 557 καὶτὸν
2463 503 2613 572 χοῦν
2627 501 2779 572 αὺτῆ
2787 523 2817 567 ς
2832 503 3046 568 οἰκτειρ
3055 500 3290 568 ήσουσι.
3309 497 3417 552 Καὶ
3433 497 3816 567 φοϐηθήσον-

2236 615 2328 650 ται
2345 596 2414 650 τὰ
2429 597 2568 663 ἔθνη
2585 594 2651 648 τὸ
2673 591 2859 664 ὄνομά
2885 608 3022 656 σου,
3049 592 3244 659 Κύριε,
3272 589 3372 644 καὶ
3387 588 3608 654 πάντες
3633 591 3687 642 οί
3705 590 3821 652 ﬁa-

2233 687 2425 753 σιλεῖς
2447 686 2560 754 τὴν
2579 685 2768 745 δόξαν
2795 700 2930 738 σου.
2961 681 3198 744 Εἰκότως
3217 680 3272 734 δὲ
3299 681 3499 751 μεταξὺ
3530 679 3626 733 τοῦ
3655 679 3813 733 εὐδο-

2233 779 2442 834 κεῖσθαι
2464 781 2588 842 τοὺς
2619 778 2797 842 λίθους
2823 776 2916 830 τοῦ
2942 776 3204 848 προτέρου
3232 773 3360 827 λαοῦ
3385 775 3482 845 τὴν
3506 774 3615 827 τῶν
3638 772 3810 826 ἐθνῶν

2232 873 2588 926 ἐπισυνάπτει
2616 870 2836 940 κλῆσιν,
2866 870 2961 923 καὶ
2993 867 3306 938 λευκότερον
3336 866 3664 938 παρίστησιν
3682 907 3698 930 ,
3727 867 3808 919 ὅτι

2233 967 2320 1020 τὸν
2347 968 2610 1038 σωτήριον
2639 960 3001 1034 άναλήψονταί
3026 974 3156 1014 ποτε
3185 957 3346 1029 φόϐον
3363 1001 3379 1026 ,
3420 958 3514 1012 καὶ
3543 959 3808 1030 θεοσεὸἡε

2233 1074 2432 1111 σουσιν.
2473 1055 2825 1120 Οἰβασιλεῖς
2851 1053 2907 1108 δὲ
2931 1051 3080 1106 εἶπεν
3109 1051 3227 1105 ἀντὶ
3255 1051 3348 1104 τοῦ
3365 1091 3378 1117 ,
3397 1051 3804 1116 αίβασιλεῖαι.

2229 1150 2301 1203 Οὐ
2315 1149 2422 1220 γάρ
2440 1151 2606 1214 ἐστιν,
2621 1149 2719 1202 οὐκ
2735 1145 2902 1210 ἔθνος,
2921 1147 2980 1199 οὐ
3001 1144 3310 1216 βασιλεία,ἡ
3334 1143 3408 1214 μὴ
3424 1142 3809 1213 προσκυνοῦσα

2227 1242 2323 1313 τὴν
2355 1240 2510 1305 δόξαν
2533 1238 2770 1312 Χριστοῦ
2792 1279 2806 1302 ,
2840 1237 2873 1310 ἢ
2908 1236 3133 1290 καθόλου
3183 1237 3216 1309 ἢ
3263 1237 3371 1289 ἀπὸ
3415 1237 3634 1307 μέρους.
3671 1236 3805 1289 Ὀτι

2225 1333 2604 1402 οἰκοδομήσει
2637 1333 2848 1400 Κύριος
2890 1329 3004 1399 τὴν
3035 1330 3217 1394 Σιὼν,
3246 1330 3343 1384 καὶ
3377 1329 3701 1398 ὀφθήσεται
3734 1330 3805 1381 ἐν

2225 1423 2299 1492 τῇ
2336 1423 2482 1493 δόξῃ
2513 1421 2720 1477 αὑτοῦ.
2764 1421 2993 1490 Ἑτέρως
3023 1420 3080 1472 δέ
3107 1419 3450 1490 οἰκοδομήσει
3478 1419 3575 1490 τὴν
3608 1419 3752 1471 Σιὼν
3773 1421 3803 1468 ὁ

2224 1515 2447 1587 Κύριος,
2474 1513 2718 1567 τουτέστι
2749 1511 2844 1583 τὴν
2879 1509 3229 1582 Ἐκκλησίαν·
3261 1509 3545 1581 οἰκοδομὴν
3571 1511 3627 1562 δέ
3651 1527 3801 1581 φημι

2223 1605 2346 1660 καθ’
2377 1606 2442 1676 ἢν
2470 1603 2690 1675 ἐκτίσθη
2731 1600 2800 1654 τὰ
2829 1600 2956 1672 ἔθνη
2989 1599 3075 1653 διὰ
3111 1600 3212 1672 τῆς
3237 1601 3506 1665 πίστεως·
3547 1602 3643 1654 καὶ
3672 1604 3800 1656 τότε

2221 1695 2604 1768 δοξασθήσεται
2634 1696 2690 1747 ἐν
2721 1694 2924 1756 αὐτοῖς.

2303 1810 2664 1878 Ἐπέϐλεψεν
2689 1809 2786 1863 ἐπὶ
2815 1808 2929 1878 τὴν
2958 1807 3309 1878 προσευχὴν
3333 1805 3450 1861 τῶν
3474 1807 3798 1872 ταπεινῶν,

2219 1905 2316 1959 καὶ
2336 1906 2448 1959 οὐκ
2475 1903 2846 1969 ἐξουδένωσε
2876 1902 2990 1969 τὴν
3020 1901 3233 1970 δέησιν
3253 1899 3468 1955 αὐτῶν.
3497 1903 3548 1954 Γ
3542 1901 3797 1970 ραφήτω

2215 1997 2364 2065 αὕτη
2411 1999 2498 2062 εὶς
2530 1995 2742 2065 γενεὰν
2768 1993 3011 2064 ἑτέραν,
3057 1993 3155 2047 καί
3198 1992 3348 2059 λαὸς
3379 1996 3412 2047 ὀ
3453 1993 3795 2062 κτιζόμενος

2215 2089 2442 2144 αίνέσει
2495 2087 2603 2142 τὸν
2661 2089 2880 2156 Κύριον
2915 2104 2928 2116 ·
2997 2086 3086 2140 ὅτι
3128 2085 3426 2153 ἐξέκυψεν
3469 2083 3540 2150 ἐξ
3592 2085 3795 2153 ὕψους

2213 2183 2385 2253 ἁγίου
2413 2180 2620 2246 αὐτοῦ,
2655 2182 2862 2250 Κύριος
2885 2179 2954 2245 ἐξ
2970 2179 3226 2248 οὐρανοῦ
3249 2178 3349 2232 ἐπὶ
3375 2177 3492 2246 τὴν
3517 2175 3638 2248 γῆν
3657 2176 3794 2231 ἐπέ-

2216 2277 2423 2345 6λεψε,
2465 2276 2572 2330 τοῦ
2616 2274 2872 2329 ἀκοῦσαι
2927 2273 3032 2327 τοῦ
3069 2270 3408 2342 στεναγμοῦ
3448 2268 3569 2324 τῶν
3608 2287 3791 2323 πεπε-

2213 2365 2507 2436 δημένων,
2565 2365 2670 2419 τοῦ
2697 2363 2885 2418 λῦσαι
2928 2361 3069 2428 τοὺς
3101 2361 3268 2428 υίοὺς
3297 2359 3416 2414 τῶν
3462 2363 3792 2414 τεθανατωο

2207 2459 2427 2530 μένων,
2460 2458 2566 2513 τοῦ
2596 2455 2940 2527 ἀναγγεῖλαι
2966 2456 3038 2509 ἐν
3061 2453 3214 2509 Σιὼν
3241 2455 3306 2508 τὸ
3330 2455 3516 2524 ὄνομα
3539 2455 3788 2522 Kvpiov,

2214 2549 2312 2604 καί
2344 2549 2458 2618 τὴν
2486 2548 2722 2602 αἵνεσιν
2754 2546 2945 2601 αὐτοῦ
2987 2547 3057 2600 ὲν
3097 2545 3512 2616 Ἰερουσαλήμ.
3579 2547 3681 2600 Ἐν
3710 2546 3790 2611 τῷ

2212 2639 2588 2711 συναχθῆναι
2623 2639 2811 2706 λαοὺς
2830 2640 2928 2694 ἐπὶ
2952 2638 3018 2692 τὸ
3049 2639 3218 2703 αὐτὸ,
3246 2639 3341 2694 καί
3369 2637 3654 2704 ,ϐασιλεῖς
3680 2637 3788 2692 τοῦ

2210 2731 2524 2784 δουλεύειν
2538 2728 2615 2795 τῷ
2629 2729 2842 2796 Κυρίῳ.
2868 2727 3178 2795 Ἀπεκρίθη
3191 2723 3426 2790 αὐτῷὲν
3436 2723 3554 2789 ὀδῷ
3571 2724 3788 2792 ἰσχύος

2210 2821 2416 2877 αὐτοῦ·
2441 2822 2558 2889 Τὴν
2581 2821 2895 2889 ὀλιγότητα
2916 2816 3032 2871 τῶν
3045 2816 3278 2887 ἡμερῶν
3289 2833 3408 2886 μου
3424 2815 3788 2885 dmin-edo?

2204 2934 2327 2986 μοι.
2360 2917 2456 2984 Μὴ
2477 2913 2783 2983 ἀναγάγῃς
2792 2928 2869 2982 με
2883 2912 2953 2964 ἐν
2971 2909 3174 2979 ἡμίσει
3195 2908 3428 2979 ἡμερῶν
3439 2926 3582 2978 μου.
3619 2908 3789 2980 Ὑψη-

2209 3007 2426 3079 λότερον
2454 3006 2510 3060 δέ
2537 3006 2684 3060 δοκεῖ
2717 3022 2806 3076 μοι
2839 3003 2927 3058 διὰ
2955 3002 3157 3056 τούτων
3189 3003 3219 3054 6
3249 3002 3589 3075 προφητικὸς
3625 3002 3788 3073 χορὸς

2212 3100 2496 3172 σημαίνειν
2535 3098 2631 3169 τὴν
2680 3096 2770 3150 διὰ
2808 3095 2903 3149 τοῦ
2950 3094 3199 3166 Σωτῆρος
3239 3093 3394 3164 ἡμῶν
3439 3093 3633 3164 κλῆσιν
3675 3093 3786 3147 τῶν

2208 3191 2410 3246 ἐθνῶν·
2448 3188 2844 3245 ἀποκλαίεσθαι
2873 3186 2966 3252 δέ,
3021 3187 3103 3240 ὃτι
3159 3185 3233 3257 μὴ
3267 3186 3361 3240 καὶ
3402 3185 3558 3240 αὐτοὶ
3591 3185 3784 3255 ἔτυχον

2206 3279 2428 3350 ταύτης.
2473 3279 2560 3332 Ἐν
2597 3277 2706 3349 γὰρ
2732 3280 2798 3349 τῇ
2830 3277 2937 3330 τῶν
2966 3275 3266 3347 μελλόντων
3312 3275 3534 3345 ἀγαθῶν
3576 3293 3782 3347 παρου-

2209 3373 2317 3444 σίᾳ,
2342 3372 2430 3424 ὅτε
2454 3369 2522 3424 τὰ
2547 3369 2673 3441 ἔθνη
2695 3371 2790 3423 καὶ
2813 3371 2862 3422 oi
2884 3367 3087 3422 τούτων
3112 3367 3350 3440 βασιλεῖς
3370 3367 3780 3440 λατρεύσουσιν,

2204 3464 2386 3518 οὐκέτι
2414 3466 2526 3527 τοῖς
2575 3462 2850 3534 πατρῴοις
2888 3461 3123 3533 δαίμοσι,
3173 3459 3310 3515 ἀλλὰ
3355 3460 3434 3531 τῷ
3460 3460 3680 3531 Κυρίῳ·
3718 3461 3781 3514 ἐν

2204 3556 2353 3628 αὐτῷ
2383 3555 2447 3628 δὴ
2473 3554 2551 3625 τῷ
2578 3553 2808 3626 τοιούτῳ
2829 3553 3023 3626 καιρῷ,
3066 3554 3164 3623 τὴν
3196 3553 3358 3624 ἐμὴν,
3394 3553 3573 3623 φησὶν,
3617 3542 3779 3620 ἰσχὺν

2203 3649 2483 3703 ἐκάκωσεν
2509 3649 2537 3700 6
2565 3648 2787 3720 Κύριος,
2826 3645 3124 3701 κολοϐῶσαι
3173 3643 3272 3709 τὰς
3302 3645 3529 3716 ἡμέρας,
3580 3643 3657 3706 ὡς
3685 3643 3770 3713 μὴ

2203 3740 2408 3811 φθάσαι
2439 3738 2586 3810 κάμὲ
2620 3741 2701 3804 εἰς
2744 3741 2952 3793 ἐκεῖνον
3000 3737 3094 3791 τὸν
3127 3737 3341 3809 καιρόν.
3409 3736 3459 3789 '0
3488 3751 3772 3807 προφητι-

2203 3831 2298 3897 κὺς
2333 3830 2431 3904 μὲν
2461 3824 2552 3883 οὖν
2586 3830 2703 3882 ἐστι
2746 3828 2905 3900 χορὸς
2938 3827 2967 3879 6
2999 3825 3446 3898 ἀποκρινόμενος,
3477 3824 3593 3894 ἢτοι
3627 3825 3775 3895 ἐρω-

2201 3922 2308 3977 τῶν
2342 3922 2436 3977 καὶ
2465 3921 2638 3991 λέγων
2672 3921 2808 3992 πρὸς
2850 3921 2940 3974 τὸν
2972 3919 3106 3973 Θεὸν
3148 3920 3331 3982 ὁποῖος
3363 3918 3517 3971 ἔσται
3557 3919 3584 3970 6
3626 3917 3777 3987 ἠμέ-

2199 4032 2356 4087 τερος
2385 4014 2516 4085 βίος.
2553 4012 2762 4084 Ηῦχετο
2783 4013 2892 4085 γὰρ
2915 4011 3108 4083 μαθεῖν
3143 4011 3191 4063 εί
3231 4009 3487 4079 φθάσειεν
3516 4010 3596 4072 είς
3628 4009 3776 4061 ἐκεί-

2199 4125 2297 4172 νας
2316 4107 2414 4171 τὰς
2437 4107 2651 4180 ἡμέρας
2680 4107 2714 4177 ὴ
2749 4105 2862 4176 ζωὴ
2885 4104 3072 4170 αὐτοῦ,
3124 4102 3243 4156 καθ’
3269 4102 3336 4166 ἃς
3367 4101 3592 4173 ἔμελλεν
3622 4103 3774 4155 ἐναν-

2200 4201 2496 4273 θρωπήσας
2529 4201 2622 4254 ἐπὶ
2647 4199 2749 4269 γῆς
2781 4198 3066 4268 φαίνεσθαι
3091 4199 3119 4251 6
3152 4198 3480 4267 Μονογενής.
3528 4197 3678 4250 Ὀδὸν
3711 4197 3772 4250 δὲ

2203 4291 2384 4363 ἰσχύος
2403 4291 2563 4345 αὐτοῦ
2594 4291 2690 4362 τὴν
2716 4291 2808 4344 ἐπὶ
2829 4291 2929 4362 γῆς
2949 4289 3250 4361 παρουσίαν
3282 4288 3438 4342 καλεῖ
3459 4305 3472 4318 ·
3504 4283 3636 4359 ἦλθε
3660 4290 3774 4360 γὰρ

2199 4383 2285 4436 ἵνα
2313 4383 2450 4454 δήσῃ
2473 4383 2562 4436 τὸν
2589 4381 2828 4453 ἰσχυρόν.
2859 4382 3065 4451 Ἦμισυ
3088 4380 3144 4432 δὲ
3165 4378 3271 4432 τῶν
3293 4378 3485 4432 ἑαυτοῦ
3517 4379 3768 4449 ἡμερῶν,

519 4481 747 4550 produci
778 4482 944 4536 vitam
967 4496 1145 4545 suam,
1178 4490 1239 4535 ut
1265 4481 1437 4550 ipsius
1479 4496 1662 4536 rerum
1712 4490 1938 4538 eventus
1963 4499 2096 4540 con-

2211 4477 2316 4548 ἢτοι
2344 4477 2443 4548 τῆς
2498 4476 2662 4546 ζωῆς,
2722 4474 2783 4526 τὸ
2831 4472 2966 4537 τέως
3022 4475 3080 4526 ἐν
3135 4471 3334 4543 θεωρίᾳ
3381 4469 3634 4539 γενέσθαι
3667 4471 3772 4540 τῆς

521 4581 710 4642 spectu
731 4572 1081 4644 dignaretur;
1119 4573 1194 4627 ita
1231 4574 1380 4628 enim
1426 4571 1668 4626 futurum
1708 4583 1826 4629 erat
1869 4583 1929 4630 ut
1978 4583 2092 4631 tota

519 4665 631 4718 vita
657 4665 776 4733 ejus
816 4667 1153 4736 impleretur.
1182 4663 1395 4720 Interea
1417 4665 1585 4728 enim,
1625 4665 1719 4732 ait,
1745 4665 1801 4720 in
1833 4669 2094 4738 praesenti

519 4756 652 4810 dum
678 4757 793 4811 haec
830 4757 1156 4827 praenuntio,
1191 4771 1256 4811 ac
1287 4755 1468 4812 futura
1491 4758 1764 4829 prospicio
1785 4798 1802 4824 ,
1857 4760 1912 4813 in
1940 4770 2094 4829 parte

519 4847 630 4904 diei
663 4847 758 4902 Dei
786 4850 1117 4906 constitutus
1167 4850 1392 4906 videor:
1444 4852 1685 4921 reliquus
1724 4862 1918 4922 autem.
1957 4854 2092 4908 mihi

517 4949 603 4997 est
633 4939 750 5010 ipse
788 4956 971 4996 rerum
1023 4943 1506 5012 praenuntiatarum
1543 4951 1896 5012 conspectus,
1925 4960 2090 5014 quem

520 5049 570 5087 sx
617 5047 956 5103 consequar,
989 5041 1162 5088 totum
1191 5035 1313 5089 vitae
1345 5049 1477 5088 mea!
1525 5049 1749 5090 cursum
1782 5035 2085 5105 accipiam;

517 5127 604 5181 sin
644 5140 868 5196 scopum
896 5127 1161 5183 orationis
1191 5144 1328 5183 mea:
1377 5144 1486 5184 non
1530 5128 1833 5198 attingam,
1893 5127 2091 5184 similis

517 5236 614 5275 ero
647 5220 716 5274 iis
743 5219 839 5288 qui
877 5219 934 5272 in
978 5219 1204 5276 dimidio
1244 5221 1456 5276 dierum
1489 5221 1781 5275 immature
1809 5226 1864 5275 et
1896 5220 2093 5274 intem-

518 5312 728 5381 pestive
754 5309 923 5364 vitam
944 5309 1331 5380 deposuerunt.
1363 5309 1702 5380 Videturque
1731 5309 1861 5363 mihi
1900 5308 2093 5363 Serva-

519 5412 692 5459 torem
746 5413 994 5460 nostrum
1031 5405 1103 5459 ob
1141 5406 1231 5460 illa
1265 5404 1653 5476 prophetarum
1689 5415 1812 5458 vom
1845 5401 2087 5456 dixisse:

519 5494 680 5550 Multi
711 5497 972 5566 propheta:
1000 5507 1046 5552 et
1069 5499 1205 5567 justi
1245 5498 1518 5553 voluerunt
1546 5498 1719 5550 videre
1753 5512 1868 5565 qua:
1895 5511 1983 5548 ros
2017 5495 2091 5547 vi-

517 5587 675 5649 detis,
701 5598 873 5642 etnon
908 5590 1180 5656 viderunt;
1210 5603 1259 5646 et
1290 5591 1476 5644 audire
1503 5605 1620 5659 qua:
1647 5587 1867 5650 auditis,
1902 5596 1952 5639 et
1986 5602 2089 5640 non

517 5679 893 5735 audierunt”.
962 5682 1271 5739 Secundum
1331 5681 1614 5738 historiam
1665 5695 1793 5735 vero
1853 5679 2085 5734 dixerit:

591 5796 635 5829 ³⁷
678 5794 862 5851 Matth.
902 5811 1019 5860 sui,
1059 5797 1138 5849 Η.

2201 4567 2540 4639 ἐπιφανείας.
2572 4565 2782 4638 Ηῠχετο
2809 4562 2900 4619 οὖν
2926 4564 3275 4636 πληρωθῆναι
3314 4563 3405 4616 τὸν
3437 4563 3556 4615 ὅλον
3597 4563 3769 4616 αὐτοῦ

2197 4663 2406 4734 χρόνον,
2444 4660 2536 4714 καὶ
2574 4653 2686 4714 οἷόν
2719 4675 2777 4711 τε
2814 4654 3221 4728 παρεκταθῆναι
3259 4655 3357 4726 τὴν
3397 4653 3539 4724 ζωὴν
3575 4655 3768 4715 αὐτοῦ,

2195 4757 2340 4818 ὅπως
2388 4752 2452 4806 ἂν
2500 4752 2596 4805 καὶ
2632 4751 2802 4821 αὐτῆς
2832 4750 2930 4819 τῆς
2959 4747 3067 4801 τῶν
3108 4747 3446 4820 πραγμάτων
3482 4745 3771 4809 ἐκϐάσεως

2196 4844 2635 4916 καταξιωθῆναι·
2707 4842 2849 4896 οὕτω
2891 4841 2998 4912 γὰρ
3043 4839 3265 4911 ἔμελλεν
3320 4842 3352 4910 ἡ
3414 4840 3562 4891 πᾶσα
3601 4840 3770 4892 αὑτοῦ

2197 4937 2308 5008 ζωὴ
2345 4934 2702 5008 πληροῦσθαι.
2729 4934 2876 4996 Τέως
2905 4933 3001 5002 μὲν
3029 4931 3157 5002 γὰρ,
3190 4932 3372 5000 φησὶν,
3393 4929 3484 4981 ἐπὶ
3500 4928 3595 4980 τοῦ
3625 4947 3768 4999 παρα

2196 5033 2364 5094 όντος,
2397 5031 2484 5083 ὅτε
2519 5028 2690 5082 ταῦτα
2717 5024 3074 5100 προφητεύω,
3113 5026 3204 5077 καὶ
3260 5023 3518 5093 μέλλοντα
3544 5022 3766 5074 ἔσεσθαι

2196 5121 2433 5195 προορῶ,
2467 5121 2621 5174 ἔοικα
2651 5121 2712 5172 ἐν
2741 5117 2895 5189 μέρει
2943 5116 3153 5187 ἡμέρας
3202 5111 3337 5168 εἶναι
3370 5111 3537 5167 Θεοῦ·
3586 5112 3764 5165 λείπει

2195 5216 2250 5268 δέ
2275 5233 2364 5286 μοι
2413 5217 2446 5285 ἡ
2492 5213 2727 5282 αὐτοψία
2759 5211 2857 5283 τῆς
2899 5210 3007 5263 τῶν
3052 5207 3548 5280 προφητευομένων
3601 5206 3765 5259 ἐκσάε

2195 5302 2424 5378 σεως,ἦς
2441 5306 2489 5358 εί
2505 5305 2743 5375 τύχοιμι,
2759 5302 2971 5355 τελείαν
2983 5300 3222 5372 λήψομαι
3236 5300 3332 5370 τὴν
3346 5296 3581 5369 ἐμαυτοῦ
3596 5296 3760 5366 ζωήν·

2195 5398 2320 5452 εἰδὲ
2349 5397 2633 5466 ἀστοχήσω
2654 5395 2749 5465 τῆς
2795 5394 2978 5464 εὐχῆς,
3006 5392 3157 5444 ἔοικα
3182 5393 3295 5455 τοῖς
3319 5392 3375 5444 ἐν
3400 5390 3590 5459 ἡμίσει
3623 5391 3656 5456 ἡ
3666 5405 3765 5456 με-

2197 5490 2304 5562 ρῶν
2342 5490 2440 5560 τὴν
2474 5485 2618 5558 ζωὴν
2649 5485 2815 5556 ἀτελῆ
2841 5485 2934 5537 καὶ
2964 5483 3145 5565 ἄωρον
3177 5479 3613 5550 ἀποτιθεμένοις.
3653 5479 3759 5532 Καί

2196 5597 2288 5650 μοι
2328 5577 2476 5630 δοκεῖ
2504 5575 2593 5629 διὰ
2626 5575 2724 5638 τὰς
2775 5573 3024 5636 τοιαύτας
3078 5570 3187 5623 τῶν
3238 5568 3534 5641 προφητῶν
3594 5568 3759 5638 εὐχὰς

2192 5669 2220 5721 ὁ
2251 5668 2437 5740 Σωτὴρ
2480 5665 2636 5738 ἡμῶν
2679 5664 2955 5737 εἰρηκέναι
2989 5680 3002 5694 ’
3040 5660 3273 5734 ,Πολλοί
3301 5656 3614 5728 ,προφῆται
3658 5659 3762 5716 καὶ
