4044 6212
273 287 403 343 19361

1375 271 1874 332 COMMENTABIA
1915 270 1981 325 IN
2022 267 2359 325 PSALMOS.

3348 261 3484 321 ηδε

269 405 485 456 δίκαιοι
525 398 907 467 επεθύμησαν
941 393 1088 448 ἰδεῖν
1119 393 1157 446 ἀ
1195 389 1362 461 ὑμεῖς
1402 390 1684 454 βλέπετε,
1731 387 1846 440 xal‘

1948 383 2067 436 )um
2095 397 2178 436 me
2203 379 2473 435 inﬁrmum
2495 384 2547 432 et
2572 384 2856 449 gravatum
2879 389 3062 439 cerno,
3089 375 3338 445 suspicor
3353 372 3484 430 mibi

269 496 377 548 οὐκ
399 489 581 555 εἶδον,
619 490 715 543 καὶ
741 488 994 542 ἀκοῦσαι
1023 485 1061 539 ἀ
1085 486 1352 546 ἀκούετε,
1381 482 1479 535 καὶ
1507 484 1617 535 οὐκ
1646 480 1828 549 ἥκου-

266 594 406 632 σαν.
445 575 600 630 Κατὰ
627 575 682 628 δὲ
709 573 806 646 τὴν
842 573 1078 644 ἱστορίαν
1100 613 1114 636 ,
1142 571 1382 634 Βλέπων,
1418 570 1601 640 φησὶν,
1656 571 1826 640 ἐμαυ-

266 666 356 718 τὸν
390 663 678 717 ἀτονοῦντα
710 661 806 715 καὶ
839 661 1220 732 βαρυνόμενον,
1252 660 1428 728 ὀλίγον
1459 659 1824 730 ὑπολαμϐάνω

266 757 456 828 καιρὸν
485 755 862 825 ὑπολελεῖφθαι
893 773 982 826 μοι
1018 753 1180 824 ζωῆς.
1209 753 1299 824 Μὴ
1324 750 1418 806 οὖν
1457 753 1827 823 ὲκδημήσαιμι

262 849 359 902 τοῦ
408 849 654 918 σώματος
701 850 758 901 ὲν
802 846 880 917 τῷ
927 846 1113 917 ἡμίσει
1153 847 1246 900 καὶ
1301 845 1478 898 ἀτελεῖ
1526 843 1634 896 τῶν
1687 847 1824 914 ἠμε-

269 939 395 1014 ρῶν.
444 943 538 993 Ἐν
591 939 765 1010 γενεᾷ
817 938 1036 1009 γενεῶν
1062 938 1132 992 τὰ
1157 938 1260 1006 ἐτη
1315 953 1449 990 σου.
1491 937 1824 1005 ’Δναγκαίως

265 1031 579 1106 προειπώνσ
627 1031 721 1100 Μὴ
761 1030 1064 1100 ἀναγάγῃς
1101 1047 1177 1099 με
1225 1029 1294 1082 ἐν
1345 1029 1546 1099 ἡμίσει
1592 1028 1825 1098 ἡμερῶν

259 1143 400 1194 μου,
425 1124 718 1196 εὐξάμενός
763 1141 822 1178 τε
860 1123 1180 1196 παραθεῖναι
1224 1122 1323 1193 τὴν
1367 1122 1508 1192 ζωὴν
1538 1120 1697 1192 μέχρι
1724 1120 1824 1189 τῆς

268 1214 544 1279 ἐκϐάσεως
573 1216 678 1270 τῶν
703 1215 1212 1287 προφητευομένων,
1251 1214 1450 1284 συνορᾷ
1477 1212 1537 1265 τὸ
1569 1211 1824 1266 ἀδύνατον

269 1305 356 1360 διά
384 1306 443 1358 τὸ
471 1306 693 1370 ἀσθενὲς
721 1307 812 1360 καὶ
837 1305 1196 1376 ὀλιγοχρόνιον
1224 1305 1321 1374 τῆς
1349 1304 1547 1375 θνητῆς
1577 1303 1788 1373 φύσεως
1809 1321 1823 1335 ο

269 1391 386 1450 εἶτα
418 1396 520 1467 ἔφη
547 1413 561 1425 ’
599 1395 699 1449 Σοῦ
727 1396 908 1466 μόνου,
939 1394 1132 1465 Κύριε,
1166 1394 1235 1447 τά
1268 1393 1360 1464 ἐτη
1402 1395 1479 1456 εἰς
1510 1393 1701 1462 γενεὰν
1733 1395 1825 1448 καὶ
1872 1385 1875 1389 ’

270 1486 459 1554 γενεάν
496 1485 744 1552 διατείνει
769 1503 783 1516 ο
821 1485 913 1538 καὶ
960 1485 1022 1538 σὺ
1054 1485 1204 1555 ἥξεις
1250 1486 1329 1548 είς
1371 1485 1584 1558 ἐκείνην
1618 1487 1714 1559 τὴν
1739 1505 1831 1555 γε-

1929 474 2189 545 perbreve
2210 482 2424 541 tempus
2454 471 2576 525 vitae
2611 467 2890 524 residuum
2922 482 3061 523 esse.
3101 465 3180 521 Ne
3208 467 3390 536 itaque
3431 467 3487 521 in
3579 461 3596 480 ’

1928 563 2157 619 dimidio
2197 564 2406 618 dierum
2463 569 2517 615 et
2569 560 2855 615 immature
2901 572 2932 612 a
2976 571 3203 627 corpore
3271 559 3490 628 proﬁcio

1929 671 2072 710 scar.
2108 653 2174 708 In
2196 655 2524 725 generatione
2545 653 2940 723 generationum
2960 651 3088 704 anni
3113 651 3210 704 tui.
3237 651 3374 704 Cum
3405 649 3490 706 di-

1929 750 2121 814 xisset,
2152 745 2234 801 Ne
2266 763 2468 801 revoces
2499 763 2578 800 me
2611 746 2665 798 in
2681 743 2904 798 dimidio
2927 743 3129 797 dierum
3152 759 3410 808 meorum,
3428 759 3492 798 ac

1928 852 2173 915 rogasset
2203 844 2370 896 vitam
2403 856 2556 896 suam
2590 856 2764 910 usque
2810 839 2879 894 ad
2929 855 3111 894 rerum
3162 839 3493 908 praenuntia-

1929 944 2108 989 tarum
2134 942 2386 991 eventum
2419 933 2730 1004 prorogari;
2761 932 2908 986 videt
2938 932 3040 986 hoc
3073 931 3142 986 ob
3169 932 3493 985 imbecillam

1931 1038 1984 1084 et
2012 1029 2211 1083 ﬂuxam
2259 1027 2502 1082 mortalis
2551 1034 2759 1080 natura:
2808 1025 3176 1080 conditionem
3220 1023 3334 1078 fieri
3387 1039 3496 1078 non

1935 1137 2122 1190 posse;
2149 1122 2343 1176 deinde
2378 1121 2483 1174 ait:
2518 1118 2622 1173 Tui
2669 1118 2838 1173 solius
2868 1119 3019 1181 anni,
3053 1115 3299 1181 Domine,
3332 1117 3386 1170 in
3413 1131 3500 1187 ge-

1932 1212 2264 1266 nerationem
2312 1219 2364 1265 et
2412 1209 2811 1280 generationem
2854 1209 3279 1277 producuntur:
3335 1216 3501 1278 tuque

1933 1305 2217 1374 pervenies
2267 1304 2333 1358 ad
2385 1304 2533 1358 illam
2563 1304 2964 1373 generationem
3001 1311 3054 1356 et
3086 1303 3343 1373 populum
3378 1341 3393 1366 ,
3435 1301 3503 1356 de

1932 1397 2131 1467 quibus
2157 1397 2405 1466 superius
2432 1397 2746 1452 dicebatur:
2777 1395 3056 1452 Scribatur
3093 1395 3203 1450 [nec
3254 1395 3309 1448 in
3347 1411 3506 1464 gene-

1939 1487 2464 1570 rationem‘alteram,
2499 1497 2551 1542 et
2581 1497 2796 1544 caztera.

271 1582 418 1645 νεὰν,
458 1583 706 1636 κάκεῖνον
741 1582 829 1635 τὸν
854 1582 1002 1644 λαὸν,
1029 1582 1155 1652 περὶ
1180 1574 1254 1636 ὧν
1289 1582 1544 1656 ἀνωτέρω
1574 1583 1789 1653 ἐλέγετο
1808 1601 1821 1614 ·
1854 1585 2143 1652 Γραφήτω
2167 1583 2315 1650 αὕτη
2354 1584 2438 1648 εὶς
2464 1582 2576 1650 τὴν
2622 1581 2829 1652 γενεὰν
2873 1580 3104 1650 ἑτέραν,
3139 1581 3233 1634 καὶ
3253 1579 3322 1632 τὰ
3352 1578 3499 1650 ἑξῆς.

347 1673 488 1725 Κατ’
548 1671 738 1741 ἀρχὰς
773 1671 886 1738 τὴν
941 1670 1059 1740 γῆν
1092 1671 1207 1736 σὺ,
1275 1673 1468 1740 Κύριε,
1517 1673 1828 1742 ἐθεμελίω-

2009 1673 2173 1730 Vsns.
2220 1674 2406 1730 26-29.
2461 1673 2623 1728 Initio
2681 1684 2761 1738 tu,
2826 1673 3073 1737 Domine,
3128 1683 3325 1726 terram
3389 1672 3506 1741 fun-

272 1778 408 1828 σας,
442 1763 539 1816 καὶ
565 1763 706 1832 ἔργα
744 1760 1097 1832 τῶνιχειρῶν
1133 1763 1248 1816 σού
1283 1765 1441 1815 εἰσιν
1475 1766 1528 1816 οι
1565 1765 1826 1832 οὐρανοί.

273 1854 450 1907 Αὐτοὶ
485 1854 872 1917 ἀπολοῦνται,
924 1853 1004 1907 σὺ
1035 1852 1103 1906 δὲ
1143 1853 1458 1922 διαμένεις.
1496 1857 1559 1908 Εἰ
1595 1856 1692 1926 μὲν
1723 1855 1833 1928 γάρ

275 1946 336 1998 οὐ
373 1944 629 2015 συνῆσθα,
665 1946 816 2015 φησὶ,
856 1944 973 1998 κατ’
1007 1943 1196 2014 ἀρχὰς,
1228 1939 1276 1999 ὦ
1321 1945 1513 2018 Κύριε,
1562 1949 1655 2002 καὶ
1677 1949 1726 2001 εί
1756 1947 1833 2019 μὴ

277 2036 412 2107 ἔργα
438 2036 544 2090 τῶν
578 2035 776 2107 χειρῶν
818 2052 910 2089 σου
946 2035 1185 2107 ὑπῆρχον
1215 2038 1264 2089 οἱ
1310 2037 1548 2109 οὐρανοὶ,
1587 2041 1684 2110 οὐχ
1725 2035 1834 2093 οἷόν

279 2145 341 2181 τε
367 2123 435 2200 ἦν
457 2127 598 2181 αὐτὰ
623 2125 997 2198 μετατεθῆναι,
1036 2127 1155 2180 οὐδὲ
1184 2129 1263 2192 είς
1301 2129 1598 2202 μεταϐολὴν
1628 2130 1829 2185 ἐλθεῖνο

275 2222 328 2275 εί
356 2220 464 2294 γάρ
495 2220 733 2293 ἀγένητα
757 2217 846 2293 ἦν,
870 2221 1090 2292 ἔμειναν
1121 2221 1186 2276 ἂν
1223 2223 1316 2275 καὶ
1348 2221 1676 2293 ἀτελεύτητα
1695 2241 1710 2254 ο
1741 2223 1835 2278 νῦν

276 2313 352 2379 δὲ,
382 2313 503 2366 ἐπεὶ
521 2312 746 2386 ποιητὴς
763 2312 942 2368 αὐτῶν
977 2313 1227 2383 γέγονας,
1254 2313 1476 2377 δυνατὸς
1502 2309 1555 2366 εἴ
1579 2315 1672 2367 καὶ
1698 2331 1836 2385 παρ-

281 2408 504 2474 αγαγεῖν
551 2407 689 2462 αὐτά
743 2405 973 2479 θελήσας
1009 2423 1022 2436 ο
1083 2406 1298 2475 φύσεως
1344 2405 1452 2478 γὰρ
1533 2405 1837 2478 ὑπάρχουσι

279 2498 522 2569 φθαρτῆς
575 2500 669 2552 καὶ
712 2499 1087 2571 ἀπολλυμένης
1111 2517 1126 2530 ο
1182 2501 1288 2566 ὅτι,
1324 2501 1416 2554 καὶ
1472 2499 1547 2571 μὴ
1577 2501 1838 2572 πρότερον

284 2589 432 2654 ὄντα,
475 2591 540 2660 σῇ
575 2589 732 2660 βουλῇ
765 2589 859 2663 καὶ
891 2590 1114 2661 δυνάμει
1147 2590 1388 2660 γέγονεν.
1446 2592 1540 2644 Ἓν
1583 2591 1691 2662 γάρ
1725 2592 1840 2644 ἐστι

1931 1768 2091 1833 dasti,
2157 1778 2204 1822 et
2260 1783 2416 1836 opera
2469 1783 2721 1820 manuum
2775 1775 2986 1819 tuarum
3037 1773 3160 1818 sunt
3209 1765 3341 1818 caeli.
3395 1762 3507 1832 Ipsi

1930 1860 2190 1930 peribunt,
2222 1869 2276 1913 tu
2331 1871 2506 1914 autem
2560 1876 2854 1930 permanes.
2913 1858 3031 1914 Nisi
3065 1858 3210 1913 enim
3259 1873 3290 1911 a
3351 1858 3507 1928 prin-

1933 1950 2110 2021 cipio,
2166 1949 2422 2015 Domine,
2470 1949 2668 2006 fuisses
2696 1989 2712 2015 ,
2773 1956 2827 2004 et
2870 1949 2978 2003 nisi
3023 1949 3144 2004 coeli
3178 1962 3346 2017 Opera
3395 1963 3509 2000 ma-

1933 2059 2101 2099 nuum
2130 2050 2344 2097 tuarum
2397 2048 2614 2106 essent,
2649 2055 2759 2095 non
2817 2046 3040 2109 possent
3078 2038 3169 2091 illa
3195 2052 3360 2108 opera
3389 2052 3510 2090 mu-

1933 2135 2080 2201 tari,
2124 2149 2225 2191 nec
2280 2134 2335 2188 in
2379 2133 2540 2188 aliam
2583 2130 2950 2187 conditionem
2998 2131 3184 2185 venire
3234 2149 3246 2185 :
3305 2145 3430 2184 nam
3460 2129 3509 2185 si

1933 2241 2044 2280 non
2081 2224 2221 2279 facta
2275 2232 2480 2288 essent,
2515 2225 2634 2278 sine
2690 2223 2795 2278 fine
2841 2229 3143 2278 manerent.
3203 2220 3321 2276 Jam
3382 2227 3512 2277 vero

1936 2317 2064 2389 quia
2117 2331 2308 2372 eorum
2357 2313 2538 2383 opifex
2592 2314 2777 2380 fuisti,
2841 2324 2996 2384 potes
3045 2315 3135 2368 illa
3193 2320 3406 2368 mutare
3463 2313 3510 2368 si

1935 2410 2114 2466 velis:
2157 2422 2281 2462 nam
2331 2406 2489 2461 ﬂuxa:
2543 2413 2595 2461 et
2645 2404 3020 2475 corruptibilis
3067 2415 3276 2460 naturae
3334 2414 3508 2461 sunt:

1938 2500 2066 2571 quia
2124 2513 2248 2554 cum
2309 2512 2420 2552 non
2477 2497 2629 2566 prius
2670 2496 3028 2563 exsisterent,
3081 2497 3358 2552 voluntate
3447 2510 3514 2550 ac

1936 2591 2138 2644 virtute
2191 2599 2283 2642 tua
2330 2587 2548 2642 condita
2605 2593 2754 2642 sunt.
2801 2584 2983 2640 Unum
3039 2585 3237 2656 quippe
3265 2584 3516 2655 estquod

287 2679 448 2752 μένον
488 2681 594 2738 ἀεὶ.
636 2680 730 2734 καὶ
760 2679 956 2733 οὔποτε
988 2681 1283 2752 δυνάμενον
1333 2683 1407 2752 μὴ
1451 2677 1610 2745 εἶναι,
1640 2682 1840 2754 δηλαδὴ

1948 2688 2143 2748 nanet,
2176 2688 2231 2736 et
2259 2694 2538 2750 nunquam
2567 2695 2676 2734 non
2721 2694 2845 2734 esse
2884 2678 3080 2750 potuit,
3115 2693 3307 2749 nempe
3338 2685 3396 2731 tu
3427 2691 3515 2732 so-

286 2771 351 2824 σὺ
376 2771 537 2836 αὐτὸς
563 2773 591 2825 ὁ
622 2772 779 2843 μόνος
813 2772 920 2825 τῶν
943 2772 1077 2826 ὅλων
1102 2775 1349 2845 ποιητής.
1388 2773 1495 2828 Καὶ
1520 2773 1740 2840 πάντες
1765 2774 1844 2839 ὡς

1948 2779 2028 2834 lus
2057 2775 2298 2831 omnium
2341 2773 2610 2828 conditor.
2657 2770 2719 2825 Et
2748 2788 2922 2827 omnes
2975 2773 3112 2826 sicut
3153 2772 3516 2826 vestimentum

286 2864 513 2935 ἱμάτιον
558 2864 1098 2934 παλαιωθήσονται,
1148 2865 1246 2919 καὶ
1289 2864 1430 2919 ὡσεί
1472 2867 1846 2934 περιϐόλαιον

1948 2873 2276 2932 veterascent,
2304 2873 2354 2919 et
2381 2865 2518 2919 velut
2547 2864 2803 2918 amictum
2824 2863 2991 2918 volves
3012 2879 3122 2928 eos,
3145 2872 3194 2918 et
3223 2864 3511 2920 solventur.

284 2955 505 3021 ἑλίξεις
556 2955 795 3022 αὐτοὺς,
821 2956 918 3010 καὶ
951 2956 1390 3026 ἐλιχθήσονται.
1421 2957 1530 3010 Καὶ
1551 2958 1599 3010 oi
1632 2956 1846 3026 οὐρανοὶ

1948 2961 2081 3016 Βωιὶ
2101 2973 2317 3030 quoque
2346 2957 2561 3013 etiamsi
2602 2973 2856 3028 magnum
2891 2957 3524 3030 praestantissimumun

286 3047 364 3110 δὲ,
395 3048 443 3100 εἰ
475 3046 567 3099 καὶ
598 3046 736 3117 μέγα
767 3047 860 3101 καί
886 3047 1158 3119 ἐξαίρετόν
1184 3065 1237 3100 τι
1268 3047 1592 3118 τυγχάνουσι
1615 3047 1842 3118 κτίσμα,

1948 3049 2057 3104 sint
2101 3047 2412 3120 opificium,
2471 3053 2711 3100 attamen
2752 3046 2857 3116 ipsi
2902 3059 3123 3116 quoque
3177 3045 3518 3116 corruptioni

289 3137 402 3190 ἀλλ’
440 3137 585 3208 ὅμως
616 3138 707 3191 καὶ
761 3137 913 3191 αὐτοὶ
967 3138 1430 3210 ὑποδληθήσονται
1463 3139 1664 3213 φθορᾷ’
1711 3141 1744 3213 ἡ
1789 3141 1846 3194 δὲ

1957 3141 2352 3213 subjicientur:
2385 3141 2500 3195 haec
2530 3148 2710 3194 autem
2741 3139 3021 3210 corruptio
3048 3139 3182 3210 ipsis
3204 3139 3259 3194 in
3289 3153 3521 3194 renova-

290 3225 464 3297 φθορά
484 3226 620 3299 αὐτη
649 3229 932 3299 γενήσεται
956 3228 1137 3292 αὐτοῖς
1173 3230 1252 3292 είς
1295 3230 1705 3302 ἀνακαινισμὸν,
1753 3231 1848 3284 καὶ

293 3319 565 3383 συστελεῖς
597 3322 790 3384 αὐτοὺς
824 3320 1060 3391 εὐχερῶς
1093 3320 1264 3384 οὕτως
1290 3321 1365 3385 ὡς
1391 3321 1591 3375 ἑλίσσει
1621 3339 1704 3386 τις
1751 3339 1848 3375 πε-

293 3410 559 3483 ριϐόλαιον
578 3428 591 3441 ο
632 3411 999 3484 ἑλιχθήσονται
1019 3413 1126 3485 γὰρ
1146 3414 1225 3476 εἰς
1251 3413 1456 3483 βέλτιον
1479 3413 1663 3485 σχῆμα
1695 3431 1852 3484 μετα-

294 3503 630 3574 ϐαλλόμενοι,
667 3506 760 3558 καὶ
790 3506 1201 3578 ἀλλαγήσονται,
1251 3507 1343 3560 καὶ
1386 3505 1593 3578 τροπὴν
1642 3505 1850 3577 ἀγαθὴν

295 3593 623 3665 ὑπομενοῦσι
654 3595 750 3667 τὴν
780 3597 887 3649 ἀπὸ
926 3598 1022 3668 τῆς
1069 3597 1424 3669 παλαιότητος
1465 3598 1558 3652 ἐπὶ
1589 3598 1688 3670 τὴν
1719 3600 1852 3655 ἀνα-

296 3687 527 3741 γεαίνισιν
556 3689 649 3742 καὶ
670 3689 769 3760 τὴν
803 3689 1129 3761 ἀφθαρσίαν.
1171 3689 1254 3743 Σὺ
1285 3689 1354 3743 δὲ
1385 3693 1418 3743 ό
1437 3691 1618 3758 αὐτὸς
1654 3687 1726 3756 εἷ,
1754 3693 1855 3746 καὶ

294 3779 368 3834 τὰ
393 3781 495 3849 ἐτη
515 3796 630 3834 σου
661 3783 771 3834 οὐκ
803 3778 1175 3850 ἐπιλείψουσι.
1228 3785 1289 3835 Οί
1333 3781 1446 3836 υἱοὶ
1480 3780 1597 3835 τῶν
1623 3781 1857 3837 δούλων

297 3887 414 3927 σου
444 3874 1001 3940 κατασκηνώσουσι,
1045 3877 1141 3928 καὶ
1173 3872 1239 3927 τὸ
1273 3872 1514 3943 σπέρμα
1546 3874 1742 3929 αὐτῶν
1771 3878 1857 3942 εις

297 3964 405 4018 τὸν
418 3963 599 4017 αἰῶνα
629 3964 1183 4031 κατευθυνθήσεται.
1209 3967 1427 4030 Καινοῖς
1445 3965 1519 4036 (2)
1552 3967 1858 4037 γενομένοις

301 4056 396 4108 καὶ
423 4055 513 4106 ἐπὶ
543 4053 603 4108 τὺ
629 4057 870 4123 κρεῖττον
907 4056 1345 4128 μεθαρμοσθεῖσι,
1376 4058 1472 4110 καὶ
1513 4059 1579 4110 τὸ
1626 4058 1860 4128 σπέρμα

1954 3238 2158 3293 tionem
2179 3243 2372 3299 vertet,
2408 3244 2569 3304 atque
2594 3233 2742 3303 ipsos
2770 3231 2844 3286 ita
2875 3231 3037 3286 facile
3061 3229 3355 3286 contrahes
3386 3269 3402 3294 ,
3455 3243 3520 3284 ac

1953 3332 2000 3388 si
2037 3331 2161 3401 quis
2188 3329 2445 3384 amictum
2475 3327 2800 3382 convolvat:
2858 3340 2985 3380 nam
3014 3325 3293 3381 meliorem
3323 3325 3376 3380 in
3417 3323 3523 3381 for-

1955 3439 2098 3478 mam
2117 3423 2421 3484 volventur,
2449 3435 2512 3476 ac
2533 3419 2889 3474 mutabuntur
2914 3426 3076 3488 atque
3101 3417 3520 3474 conversionem

1957 3515 2214 3585 optimam
2249 3513 2544 3576 subibunt,
2566 3525 2622 3564 .a
2655 3515 2928 3565 vetustate
2978 3525 3170 3579 nempe
3197 3508 3264 3563 ad
3293 3524 3524 3565 renova-

1960 3606 2164 3661 tionem
2189 3614 2244 3660 et
2272 3601 2732 3672 incorruptionem
2772 3599 3043 3655 translati.
3083 3599 3163 3653 Tu
3192 3607 3367 3652 autem
3386 3597 3524 3652 idem

1960 3701 2068 3769 ipse
2096 3715 2170 3762 es,
2202 3708 2252 3752 et
2284 3697 2409 3752 anni
2442 3697 2518 3750 tui
2583 3711 2686 3750 non
2737 3693 2997 3763 deﬁcient.
3069 3690 3198 3746 Filii
3257 3707 3525 3747 servorum

1962 3801 2173 3845 tuorum
2211 3789 2548 3852 habitabant,
2576 3796 2626 3842 et
2659 3803 2833 3840 semen
2861 3801 3040 3839 eorum
3075 3785 3129 3838 in
3159 3783 3416 3839 amulum
3437 3783 3525 3837 di-

1961 3884 2173 3954 rigetur.
2226 3880 2469 3936 lnnovati
2525 3879 2732 3935 scilicet
2751 3884 2912 3934 erunt
2930 3893 2990 3932 ac
3025 3877 3302 3933 meliorem
3325 3875 3380 3930 in
3412 3876 3524 3932 for-

1963 3990 2103 4028 mam
2125 3974 2392 4035 translati,
2427 3982 2474 4027 et
2499 3987 2667 4026 semen
2699 3987 2876 4025 eorum
2910 4012 2926 4037 ,
2975 3969 3182 4026 scilicet
3245 3983 3525 4031 servorum

1964 4074 2200 4129 tuorum,
2237 4066 2291 4119 in
2319 4065 2571 4120 saeculum
2603 4062 2875 4135 dirigetur.

302 4150 548 4214 ἑαυτῶν,
575 4150 773 4221 δηλαδὴ
806 4151 912 4206 τῶν
949 4153 1144 4206 δούλων
1167 4171 1278 4219 σου,
1301 4155 1381 4218 είς
1412 4155 1502 4208 τὸν
1528 4153 1697 4208 αίῶνα
1727 4157 2230 4232 κατευθυνθήσεται.

830 4294 915 4366 Τῼ
947 4296 1160 4351 eum.
1193 4298 1309 4350 PB'.

373 4407 637 4478 Εὺλόγει,
669 4409 706 4476 ὴ
734 4408 902 4480 ψυχή
935 4428 1075 4479 μου,
1107 4411 1211 4464 τὸν
1238 4414 1472 4481 Κύριον.
1499 4413 1649 4484 Τάχα
1673 4411 1728 4466 δὲ
1763 4413 1858 4485 μέ-

307 4518 406 4570 σην
431 4499 842 4570 ἀπολειφθεῖσαν
873 4501 970 4572 τὴν
1000 4502 1175 4573 ψυχὴν
1221 4503 1312 4556 τοῦ
1345 4504 1591 4575 σώματος
1631 4505 1724 4558 καὶ
1767 4505 1860 4558 τοῦ

307 4593 630 4665 πνεύματος,
661 4595 720 4648 τὸ
757 4595 854 4666 μὲν
883 4595 1039 4666 σῶμα
1081 4596 1172 4648 ἐπὶ
1200 4596 1296 4660 τὰς
1340 4597 1542 4662 οἰκείας
1576 4598 1862 4668 ἐπιθυμίας

306 4687 398 4740 καὶ
471 4686 891 4758 ἀνδραποδώδεις
959 4687 1148 4757 ἡδονὰς
1201 4688 1478 4752 καθέλκει,
1529 4691 1712 4761 ὥσπερ
1770 4692 1862 4760 ἀφ’

308 4777 473 4846 ὕψους
501 4776 704 4832 ἄνωθέν
732 4779 894 4832 ποθεν
912 4779 1242 4834 καταϐάλλον
1271 4781 1459 4850 αὐτὴν·
1486 4781 1544 4833 τὸ
1565 4782 1623 4834 δὲ
1649 4781 1865 4851 πνεῦμα

308 4871 468 4925 πάλιν
497 4871 630 4942 πρὸς
660 4872 819 4926 ἑαυτὸ
865 4872 1076 4926 ἀνέλκει
1113 4873 1224 4927 ἀνω
1260 4890 1358 4926 που
1406 4874 1540 4943 πρὸς
1579 4873 1708 4928 Θεὸν
1739 4875 1866 4927 ἀνά-

308 4977 423 5029 γον,
475 4961 577 5014 και·
605 4959 698 5014 τοῦ
739 4962 941 5033 Κυρίου
975 4961 1329 5034 μνημονεύειν
1361 4963 1688 5033 παρακαλεῖ,
1723 4963 1868 5018 εὐλο-

310 5053 428 5122 γεῖν
458 5068 518 5104 τε
547 5052 726 5116 αὐτὸν,
753 5054 846 5107 καὶ
874 5054 978 5126 πρὸ
1005 5053 1294 5124 ὀφθαλμῶν
1321 5053 1408 5106 διὰ
1458 5055 1655 5118 παντὸς
1685 5055 1828 5126 ἔχειν
1848 5073 1862 5085 ·

310 5143 343 5214 ἢ
377 5143 537 5207 αὐτὸς
569 5146 758 5199 ἑαυτὸν
792 5147 884 5200 ἐπὶ
931 5147 1024 5200 τὸν
1064 5146 1230 5219 ὕμνον
1262 5147 1549 5218 διεγείρειν
1589 5149 1680 5200 καὶ
1713 5149 1868 5201 εὐλο-

309 5237 423 5302 γεῖν
471 5234 563 5288 τὸν
618 5236 750 5289 Θεὸν
781 5238 1144 5305 ὲγκελεύεται,
1175 5239 1341 5292 καλὸν
1382 5238 1559 5308 ἑαυτῷ
1593 5241 1865 5311 σωτηρίας

309 5328 598 5398 φάρμακον
623 5329 721 5400 τὴν
741 5331 820 5392 είς
847 5331 936 5383 τὸν
967 5330 1098 5384 Θεὸν
1131 5331 1378 5399 εὐλογίαν
1413 5330 1864 5402 προϐαλλόμενος.

307 5419 415 5474 Καὶ
443 5419 640 5476 πάντα
664 5420 736 5474 τὰ
760 5421 934 5490 ἐντός
948 5441 1066 5493 μου
1086 5423 1150 5477 τὸ
1177 5423 1361 5494 ὄνομα
1384 5425 1451 5479 τὸ
1467 5425 1635 5493 ἄτιον
1663 5423 1866 5477 αὐτοῦ.

309 5509 434 5574 Τοῖς
467 5510 617 5576 ἐντὸς
648 5509 810 5566 αὐτοῦ
840 5513 1168 5582 προστάσσει
1195 5513 1432 5585 εὐλογεῖν
1465 5516 1521 5567 τὸ
1554 5514 1723 5585 ὄνομα
1760 5515 1872 5566 Κυ-

316 5603 453 5674 ρίου,
483 5603 724 5658 τουτέστι
748 5608 814 5678 τῇ
843 5605 998 5676 φύσει
1019 5606 1125 5661 τῶν
1156 5608 1356 5664 ἔσωθεν
1380 5607 1746 5680 ἐξερχομένων
1768 5607 1873 5660 δια-

387 5712 461 5785 (2)
485 5713 593 5771 Sic.

2460 4299 2588 4355 lPSl
2629 4297 2850 4353 DAVID.
2911 4297 3022 4354 CII.

2031 4413 2195 4471 Vens.
2231 4415 2277 4468 i.
2315 4412 2538 4468 Benedic
2557 4454 2572 4479 ,
2601 4413 2779 4467 anima
2809 4427 2959 4475 mea,
2990 4409 3238 4467 Domino.
3275 4407 3533 4467 Fortasse

1960 4511 2191 4567 mediam
2222 4508 2463 4563 relictam
2496 4506 2728 4560 animam
2758 4504 2897 4558 inter
2917 4516 3119 4573 corpus
3149 4509 3203 4557 et
3241 4502 3491 4573 spiritum
3510 4544 3526 4567 ,

1962 4618 2160 4674 corpus
2185 4600 2403 4671 quidem
2426 4599 2494 4654 ad
2515 4598 2768 4668 proprias
2787 4595 3263 4665 concupiscentias
3283 4603 3337 4651 et
3362 4597 3531 4652 servi-

1962 4697 2043 4752 les
2070 4695 2374 4764 voluptates
2395 4691 2662 4763 pertrabit
2680 4731 2696 4755 ,
2724 4689 2881 4760 quasi
2903 4703 2970 4746 ex
3001 4689 3219 4745 sublimi
3244 4696 3299 4745 et
3328 4690 3533 4746 altissi-

1965 4802 2054 4842 mo
2081 4787 2203 4842 loco
2232 4785 2495 4854 dejiciens
2529 4783 2674 4837 illam
2702 4797 2717 4848 ;
2747 4781 2980 4852 spiritus
3003 4797 3131 4836 vero
3162 4788 3350 4836 contra
3378 4781 3444 4836 ad
3471 4799 3530 4838 se

1967 4889 2183 4930 sursum
2219 4873 2418 4939 trahit,
2452 4879 2506 4927 et
2549 4871 2616 4927 ad
2656 4869 2826 4926 Deum
2876 4870 3132 4935 adducit,
3174 4871 3533 4941 hortaturque

1969 4974 2028 5022 ut
2059 4967 2345 5021 Dominum
2376 4971 2670 5032 memoret,
2701 4964 2808 5036 ipsi
2837 4964 3155 5029 benedicat,
3199 4965 3376 5035 ipsum
3420 4982 3532 5038 prae

1969 5059 2142 5114 oculis
2176 5073 2388 5128 semper
2416 5056 2613 5112 habeat
2639 5076 2653 5111 :
2687 5056 2771 5110 vel
2803 5056 3039 5111 fortasse
3065 5057 3360 5126 quemlibet
3386 5059 3530 5128 seip-

1971 5167 2088 5206 sum
2117 5150 2352 5204 excitare
2381 5163 2445 5203 ac
2479 5147 2590 5203 Deo
2615 5147 2936 5203 benedicere
2962 5145 3145 5215 jubet,
3188 5149 3390 5203 bonum
3425 5149 3528 5203 sibi

1971 5241 2038 5295 ad
2060 5241 2288 5297 salutem
2311 5255 2432 5296 esse
2448 5238 2557 5294 Deo
2573 5238 2894 5293 benedicere
2915 5252 3242 5308 proponens.
3263 5237 3332 5292 Et
3353 5239 3530 5291 omnia

1971 5333 2223 5387 interiora
2265 5348 2380 5385 mea
2419 5330 2619 5385 nomini
2659 5339 2846 5384 sancto
2888 5331 3023 5400 ejus.
3065 5330 3282 5386 Nomini
3314 5329 3530 5384 Domini

1971 5421 2290 5478 benedicere
2317 5420 2470 5490 jubet
2499 5418 2758 5475 interiora
2787 5435 2921 5486 sua,
2951 5421 3002 5475 id
3031 5429 3144 5486 est,
3173 5418 3532 5490 cogitationes

1975 5529 2102 5570 suas
2134 5527 2253 5584 quae
2295 5513 2363 5568 ab
2405 5512 2554 5568 intus
2584 5511 2918 5583 procedunt,
2953 5527 3181 5583 quarum
3212 5511 3413 5581 duplex
3449 5523 3532 5568 est

1975 5607 2146 5662 ordo:
2188 5605 2307 5662 alia:
2338 5605 2480 5662 enim
2514 5621 2694 5677 pravae
2728 5614 2890 5668 sunt,
2929 5620 3120 5674 nempe
3141 5645 3156 5668 ,
3189 5605 3395 5671 caedes,
3427 5605 3536 5661 f0:-
