4044 6212
495 269 636 326 1265

1195 257 1461 316 EUSEBII
1500 252 1974 312 CESARIENSS
2007 250 2159 308 OPP.
2197 247 2382 306 PARS
2409 245 2500 305 Ili.
2528 279 2593 292 —
2632 243 3046 303 EXEGETICA.

3582 241 3723 296 1965

493 385 796 443 nicationes
834 389 888 436 et
935 379 1076 434 furta
1124 383 1474 448 spectantes;
1514 374 1633 429 alia:
1669 387 1800 428 vero
1831 370 2054 427 urbanae

2175 367 2449 440 .ογισμῶν,
2465 359 2540 421 ὧν
2563 364 2783 420 διπλοῦν
2807 365 2924 418 ἐστι
2951 361 3016 416 τὸ
3043 360 3228 431 τάγμα
3247 375 3262 389 ο
3281 358 3449 430 οἱμὲν
3469 357 3578 429 γὰρ
3597 374 3728 428 μοχ·

423 483 440 497 ‘
491 489 550 537 et
594 477 902 538 salutares,
952 486 1144 542 nempe
1191 469 1538 524 humanitas.
1590 465 1948 536 temperantia
1999 472 2054 520 et

493 566 878 626 communitas.
908 560 960 619 ls
993 563 1176 631 itaque
1205 558 1364 627 cuius
1397 557 1582 612 omnia
1617 553 1878 610 interiora
1905 561 2054 608 recta

494 667 625 720 sunt
669 667 725 715 et
773 663 962 728 parata
1009 654 1077 708 ad
1127 649 1558 708 benedicendum
1608 647 1812 703 nomini
1865 651 2056 703 sancto

494 753 624 819 Dei,
668 749 913 807 interiori
954 763 1054 805 suo
1098 747 1293 801 aﬂ‘ectu
1332 754 1482 799 recte
1515 742 1708 806 utitur,
1743 740 1812 795 ad
1846 739 2054 810 gratia-

494 860 621 901 rum
655 844 898 900 actiones
935 841 1041 897 Deo
1070 838 1337 910 agendas,
1389 845 1550 906 atque
1581 834 1762 890 omnia
1795 831 2055 886 interiora

499 953 600 994 sua
632 941 950 998 consecrat,
999 947 1296 1002 omnesque
1347 931 1540 985 animae
1587 927 1818 983 virtutes
1868 930 1922 979 et
1961 937 2059 978 co-

497 1027 790 1101 gitationes
822 1024 888 1078 ad
920 1023 1165 1078 divinum
1208 1023 1470 1094 hymnum
1515 1019 1772 1074 concitat.
1812 1016 1864 1072 Is
1910 1014 2056 1071 enim

497 1116 818 1178 ratiocinia,
853 1110 1252 1187 cogitationes,
1301 1125 1599 1180 omnesque
1627 1108 1792 1163 animi
1831 1113 2014 1160 motus
2035 1143 2052 1170 ,

501 1214 665 1278 atque
709 1205 893 1264 varias
941 1207 1059 1277 ejus
1111 1207 1339 1258 virtutes
1386 1201 1617 1256 advocat
1649 1239 1664 1266 ,
1714 1199 1821 1254 vim
1865 1209 2060 1266 nempe

501 1298 808 1374 cogitandi,
839 1297 1186 1356 discernendi
1206 1335 1220 1360 ,
1259 1292 1587 1364 respiciendi
1608 1332 1624 1356 ,
1658 1288 1886 1361 agendi,
1917 1287 2060 1341 ima-

503 1393 745 1463 ginandi,
792 1389 1148 1455 recordandi,
1183 1395 1237 1444 et
1263 1386 1404 1442 salias
1438 1405 1452 1440 :
1483 1399 1610 1439 nam
1641 1383 1824 1437 multae
1859 1380 1914 1434 in
1945 1379 2064 1433 ani-

500 1502 590 1542 ma
640 1486 870 1540 virtutes
927 1482 1172 1552 variique
1225 1486 1405 1533 motus
1459 1482 1609 1532 sunt.
1669 1472 1847 1539 Quare
1901 1468 2060 1524 modo

503 1587 788 1634 strenuum
827 1573 1102 1645 quidpiam
1135 1574 1472 1641 cogitamus,
1517 1565 1679 1621 modo
1718 1557 2065 1631 concupisci-

501 1685 662 1732 mus,
707 1682 830 1721 mox
868 1663 1220 1735 iudicamus;
1266 1657 1560 1730 aliquando
1603 1653 1874 1725 quaepiam
1918 1651 2064 1707 desi-

505 1760 779 1821 deramus,
817 1753 1107 1826 aliquando
1140 1763 1500 1814 aversamur;
1551 1761 1614 1800 ac
1648 1759 1867 1800 rursum
1905 1741 2066 1797 modo
2098 1729 2140 1785 Β

505 1851 688 1921 aliquo
748 1847 1063 1911 tendimus,
1121 1843 1283 1899 modo
1339 1840 1722 1906 declinamus;
1786 1835 2066 1891 interdum

504 1944 689 1999 mmsti
730 1957 950 2007 sumus,
1001 1944 1191 2009 postea
1230 1948 1361 1989 vero
1408 1932 1623 2004 pacati,
1665 1929 1774 1985 lacti
1815 1939 1871 1984 et
1917 1935 2069 1980 tran-

494 2036 682 2107 iquilli.
729 2033 931 2090 Omnes
969 2032 1152 2100 itaque
1189 2023 1504 2096 hujusmodi
1544 2022 1737 2077 animae
1778 2019 2066 2075 facultates

497 2125 726 2180 divinus
769 2121 1006 2193 Spiritus
1047 2120 1295 2174 hortatur
1336 2121 1396 2172 ut
1442 2113 1770 2170 benedicant
1810 2108 2062 2165 Domino.

498 2218 663 2286 Quod
697 2218 743 2272 si
776 2209 864 2270 cui
909 2225 1171 2283 corporeo
1212 2224 1363 2264 more
1400 2207 1610 2262 dictum
1655 2204 1907 2274 excipere
1949 2197 2102 2256 ani?

507 2328 632 2369 mus
665 2311 771 2374 sit,
800 2307 982 2373 dicat,
1023 2305 1153 2376 quia
1192 2302 1381 2359 omnia
1419 2299 1665 2369 corporis
1713 2297 1887 2352 nostri
1932 2295 2072 2352 inte—

508 2406 656 2460 riora
685 2409 738 2458 et
762 2401 977 2457 viscera
1016 2395 1449 2468 profundissima
1488 2391 1584 2446 Dei
1627 2388 1894 2460 sapientia
1938 2401 2072 2442 con-

511 2497 729 2552 cinnata
751 2499 879 2550 sunt
904 2532 920 2559 ,
952 2491 1029 2545 ita
1055 2498 1114 2545 ut
1142 2487 1335 2545 inutile
1362 2484 1501 2540 nihil
1525 2483 1582 2538 in
1605 2481 1762 2537 nobis
1785 2478 1889 2544 sit,
1911 2487 2072 2548 atque

511 2590 604 2644 illa
635 2586 879 2644 omnium
911 2591 1101 2638 mutua
1133 2577 1431 2636 concordia
1458 2582 1512 2630 et
1539 2587 1844 2632 consensus
1879 2569 1948 2625 ad
1977 2569 2071 2625 Dei

509 2680 725 2736 laudem
757 2684 812 2748 et
844 2673 1278 2733 benedictionem
1313 2667 1600 2726 conferat:
1630 2665 1756 2737 jure
1790 2666 1897 2720 ista
1937 2677 2074 2733 quo-

511 2788 618 2844 que
647 2771 716 2827 ad
746 2769 857 2827 Deo
885 2763 1319 2824 benedicendum
1347 2761 1587 2819 evocari.
1634 2758 1693 2814 Si
1733 2758 1918 2829 itaque
1949 2757 2072 2811 ani-

511 2878 660 2918 mam
689 2862 864 2933 ipsam
892 2870 1156 2930 corporeo
1184 2868 1337 2910 more
1371 2867 1552 2909 sermo
1585 2848 1787 2920 eiﬁngit
1811 2889 1826 2914 ,
1857 2857 1912 2904 et
1953 2863 2077 2902 cor-

513 2969 710 3028 poreas
765 2963 946 3024 partes
1003 2950 1060 3004 in
1112 2963 1177 3004 ea
1228 2945 1480 3018 partibus
1535 2949 1758 3000 carente
1814 2939 2073 3011 reponit;

513 3057 700 3119 partes
725 3045 1014 3101 attributas
1058 3042 1286 3105 animae,
1332 3054 1456 3110 qua:
1505 3052 1637 3094 sane
1677 3037 1734 3091 in
1774 3041 1957 3105 partes
1995 3031 2078 3088 di—

515 3139 746 3197 visibilis
776 3151 886 3193 non
915 3141 1034 3199 est,
1070 3133 1177 3188 alio
1218 3132 1326 3186 ritu
1369 3128 1768 3200 cogitabimus;
1804 3133 2079 3194 caputque

515 3232 761 3288 dicemus
784 3269 800 3295 ,
832 3237 1062 3284 mentem
1090 3244 1106 3294 ;
1137 3224 1336 3282 collum
1367 3221 1710 3292 opinionem,
1743 3224 1930 3288 utpote
1963 3229 2085 3286 quae

523 3341 624 3381 ceu
667 3320 989 3378 intermedia
1018 3319 1090 3375 sit
1135 3317 1277 3372 inter
1319 3313 1643 3370 rationabile
1691 3318 1745 3366 et
1793 3308 2085 3364 irrationa-

524 3417 674 3484 bile;
725 3421 950 3486 pectus,
1009 3411 1297 3472 animum;
1355 3418 1636 3471 ventrem,
1693 3401 2086 3472 concupiscen-

524 3512 655 3564 tiam
707 3526 724 3565 :
779 3508 970 3562 harum
1025 3503 1261 3574 partium
1294 3499 1608 3555 nominibus
1664 3511 1766 3553 ceu
1823 3494 2084 3550 virtutum

523 3600 862 3673 singularum
897 3595 1160 3670 symbolis
1193 3593 1302 3650 usi.

594 3865 761 3920 Vsus.
800 3862 933 3916 2-4.
975 3857 1239 3922 Benedic,
1289 3855 1470 3911 anima
1517 3871 1672 3916 mea,
1719 3850 1988 3914 Domino,
2038 3858 2088 3904 et

523 3953 634 4008 noli
663 3952 899 4006 oblivisci
943 3964 1119 4004 omnes
1162 3948 1530 4003 retributiones
1573 3945 1708 4014 ejus.
1760 3942 1864 4010 Qui
1905 3941 2086 4010 propi-

527 4047 689 4100 tiatur
717 4042 955 4097 omnibus
983 4039 1348 4111 iniquitatibus
1372 4039 1496 4104 tuis,
1517 4037 1606 4108 qui
1630 4045 1784 4091 sanat
1808 4050 1982 4089 omnes
2006 4034 2090 4087 in-

527 4135 807 4205 ﬁrmitates
835 4142 994 4186 tuas:
1025 4131 1115 4201 qui
1137 4129 1345 4184 redimit
1376 4128 1439 4182 de
1469 4126 1688 4181 interitu
1717 4126 1878 4179 vitam
1911 4133 2087 4192 tuam,

525 4227 616 4298 qui
645 4233 860 4281 coronat
893 4233 940 4278 te
967 4224 1024 4278 in
1056 4218 1418 4276 misericordia
1445 4227 1495 4273 et
1524 4217 1970 4272 miserationibus.
1997 4215 2092 4272 Ha‘.

528 4325 657 4374 sunt
696 4317 1082 4372 retributiones
1134 4313 1290 4369 nobis
1335 4327 1367 4368 a
1414 4313 1521 4366 Deo
1560 4324 1876 4366 concessae:
1905 4308 2092 4364 Primo

2157 459 2312 532 θηροί
2334 460 2458 522 εἱσι,
2479 456 2646 526 φόνοι,
2679 457 2935 528 μοιχεῖαι,
2970 451 3166 505 κλοπαί
3186 467 3198 480 ο
3231 451 3278 503 οί
3311 449 3369 503 δὲ
3398 449 3600 502 ἀστεῖοι
3629 447 3731 500 καὶ

2157 551 2448 622 σωτήριοι,
2495 546 2892 619 φιλανθρωπία,
2924 541 3265 614 σωφροσύνη,
3302 540 3362 593 τὸ
3390 539 3727 594 κοινωνικόν.

2155 638 2226 715 Ὦ
2251 644 2430 697 τοίνυν
2461 641 2634 696 πάντα
2655 639 2724 693 τὰ
2743 638 2892 700 ὲντὺς
2911 635 3266 706 κατώρθωται
3292 635 3372 696 εἰς
3399 632 3733 702 ἑτοιμότητα

2156 736 2250 792 τοῦ
2289 735 2531 804 εὐλογεῖν
2561 733 2622 785 τὸ
2658 730 2826 801 ὄνομα
2852 729 2946 783 τοῦ
2979 726 3114 781 Θεοῦ
3149 725 3208 779 τὸ
3234 725 3407 794 ἆγιον,
3439 718 3596 785 οὗτος
3621 739 3732 775 κα-

2156 831 2263 895 λῶς
2316 825 2844 899 συμπαραλαμϐάνει
2889 822 2988 893 τὴν
3041 819 3187 873 ἔνδον
3227 817 3464 872 διάθεσιν
3509 818 3592 879 είς
3629 814 3736 886 τὴν

2157 921 2250 975 τοῦ
2283 919 2416 973 Θεοῦ
2451 916 2821 989 εὐχαριστίαν,
2853 913 2949 967 καὶ
2983 912 3164 966 πάντα
3204 909 3273 963 τὰ
3302 909 3451 971 ἐντὸς
3484 905 3740 976 καθιεροί

2159 1015 2255 1068 καὶ
2287 1014 2465 1076 πάσας
2504 1011 2601 1082 τῆς
2629 1009 2805 1080 ψυχῆς
2851 1006 2949 1069 τὰς
2987 1004 3265 1075 δυνάμεις,
3309 1001 3404 1056 καὶ
3433 1000 3614 1053 πάντα
3645 998 3741 1052 λο-

2159 1105 2354 1178 γισμὸν
2387 1105 2466 1169 είς
2488 1104 2578 1172 τὸν
2617 1102 2757 1156 θεῖον
2786 1099 2952 1171 ὕμνον
2984 1098 3260 1151 ἀνακινεῖ·
3295 1091 3443 1157 ἐντὸς
3465 1091 3576 1162 γὰρ
3603 1091 3742 1145 ἐκά-

2159 1199 2284 1253 λεσε
2313 1197 2440 1266 τοὺς
2458 1193 2754 1265 λογισμοὺς
2789 1190 2882 1244 καὶ
2907 1188 3004 1252 τὰς
3041 1186 3388 1257 ἐνθυμήσεις,
3430 1183 3524 1235 καὶ
3553 1180 3744 1234 πάντα

2161 1293 2261 1364 τῆς
2297 1289 2475 1362 ψυχῆς
2504 1286 2573 1342 τά
2606 1287 2878 1356 κινήματα
2904 1280 3120 1342 καὶτὰς
3146 1278 3433 1348 διαφόρους
3474 1275 3744 1344 δυνάμεις

2162 1385 2351 1456 αὐτῆς,
2379 1381 2478 1453 τὴν
2497 1377 2772 1450 γοητικὴν,
2789 1375 2886 1446 τὴν
2902 1369 3380 1441 διανοητικὴν,τὴν
3413 1367 3740 1438 βλεπτικὴν,

2161 1477 2260 1550 τὴν
2282 1471 2608 1548 ὁρμητικὴν,
2628 1469 2727 1541 τὴν
2747 1463 3132 1538 φανταστικὴν,
3158 1462 3254 1533 τὴν
3275 1478 3380 1533 μνη
3389 1458 3737 1531 μονευτικὴν,

2163 1569 2264 1634 τὰς
2303 1567 2498 1638 ἐτέρας
2516 1581 2529 1594 ·
2564 1561 2755 1615 πολλαὶ
2781 1558 2889 1628 γὰρ
2921 1557 3174 1628 δυνάμεις
3202 1554 3296 1608 καὶ
3321 1552 3553 1623 διάφορα
3581 1551 3746 1621 κινή-

2168 1679 2316 1734 ματα
2346 1662 2404 1713 ὲν
2417 1659 2484 1729 τῇ
2515 1655 2660 1726 ψυχῇ
2680 1671 2694 1684 ο
2725 1653 2844 1708 καθ’
2871 1651 2907 1706 ἀ
2939 1650 3069 1703 ποτὲ
3095 1647 3193 1720 μὲν
3229 1643 3512 1699 σπουδαῖόν
3538 1660 3597 1696 τι
3623 1641 3747 1695 δια-

2169 1732 2452 1823 νοούμεθα,
2477 1747 2607 1801 ποτὲ
2639 1746 2696 1800 δὲ
2729 1741 3124 1814 ἐπιθυμοῦμεν,
3161 1738 3292 1791 ποτε
3333 1736 3390 1790 δὲ
3434 1732 3746 1805 ἐπιθυμού-

2163 1843 2315 1916 μεθα
2337 1841 2432 1915 (1),
2466 1839 2595 1894 ποτὲ
2612 1837 2672 1891 δὲ
2694 1837 2979 1909 κρίνομενο
3008 1833 3104 1886 καὶ
3121 1829 3310 1885 ἄλλοτε
3340 1828 3439 1898 μὲν
3472 1823 3753 1896 ἐφιέμεθά

2168 1955 2347 2002 τινων,
2377 1936 2560 1992 ἄλλοτε
2604 1933 2661 1986 δὲ
2688 1924 3144 2000 ἀποστρεφόμεθα
3164 1940 3180 1956 ο
3221 1921 3317 1977 καὶ
3345 1920 3504 1976 πάλιν
3547 1919 3743 1974 ἄλλοτε

2173 2030 2274 2101 μὲν
2328 2025 2617 2099 ὁρμῶμεν,
2669 2020 2855 2076 ἄλλοτε
2913 2017 2971 2071 δὲ
3036 2011 3355 2083 ὲκκλίνομεν
3385 2051 3402 2078 ,
3461 2007 3557 2062 καὶ
3611 2008 3747 2062 ποτὲ

2173 2123 2269 2194 μὲν
2313 2115 2630 2188 διακείμεθα
2675 2107 2969 2182 λυπηρῶς,
3015 2105 3147 2160 ποτε
3189 2103 3246 2158 δὲ
3294 2103 3541 2173 εὐμενεῖς
3575 2101 3751 2171 ἐσμεν

2169 2191 2264 2270 καὶ
2312 2210 2526 2283 φαιδροὶ
2569 2206 2663 2262 καὶ
2712 2203 3003 2275 ἀνειμένοι.
3069 2193 3256 2262 Πάσας
3315 2191 3408 2251 οὖν
3454 2192 3594 2265 ὁμοῦ
3643 2191 3748 2255 τὰς

2169 2300 2422 2364 τοιαύτας
2473 2297 2570 2369 τῆς
2617 2294 2795 2366 ψυχῆς
2843 2291 3100 2361 δυνάμεις
3144 2286 3440 2360 προτρέπει
3487 2285 3550 2338 τὸ
3602 2283 3750 2336 θεῖον

2171 2393 2394 2464 Πνεῦμα
2465 2390 2702 2458 εὐλογεῖν
2779 2386 2871 2440 τὸν
2940 2383 3164 2455 Κύριον.
3246 2381 3310 2434 Et
3368 2379 3424 2433 δὲ
3481 2378 3576 2432 καὶ
3635 2394 3748 2430 σω-

2176 2484 2540 2559 ματικώτερον
2569 2479 2849 2553 βουληθείη
2880 2494 2962 2541 τις
3005 2474 3254 2530 ἐκλαϐεῖν
3274 2473 3366 2527 τὸν
3394 2471 3574 2541 λόγον,
3601 2468 3750 2522 εἴποι

2175 2580 2260 2642 ἂν,
2295 2576 2482 2648 ἐπειδὴ
2522 2576 2616 2630 καὶ
2641 2573 2733 2627 τοῦ
2760 2571 3010 2643 σώματος
3039 2567 3132 2622 τοῦ
3162 2566 3429 2638 ἡμετέρου
3465 2563 3645 2617 πάντα
3675 2562 3748 2614 τά

2175 2670 2321 2733 ἐντὸς
2345 2666 2552 2738 ἔγκατά
2583 2682 2642 2719 τε
2671 2665 2765 2719 καὶ
2797 2663 3076 2733 σπλάγχνα
3105 2660 3378 2732 βαθυτάτῃ
3407 2656 3542 2711 Θεοῦ
3585 2656 3750 2726 σοφίᾳ

2174 2759 2640 2824 κατεσκεύασται,
2685 2758 2763 2822 ὡς
2812 2756 2976 2828 μηδὲν
3020 2755 3291 2825 ἄχρηστον
3341 2747 3480 2805 εἶναι
3519 2748 3632 2803 τῶν
3688 2750 3750 2800 ὲν

2176 2855 2326 2926 ἡμῖν,
2354 2849 2754 2925 συμϐάλλεσθαι
2779 2849 2836 2902 δὲ
2862 2850 2927 2920 τῇ
2956 2846 3050 2900 τοῦ
3080 2843 3213 2898 Θεοῦ
3244 2840 3522 2913 δοξολογίᾳ
3561 2857 3623 2893 τε
3650 2839 3752 2892 καὶ

2177 2946 2395 3016 εὐλογίᾳ.
2436 2945 2535 3016 τὴν
2582 2941 2717 3015 ὁμοῦ
2752 2941 2966 2994 πάντων
3007 2937 3143 3010 πρὸς
3179 2934 3382 3008 ἄλληλα
3429 2932 3750 3003 συμφωνίαν

2175 3053 2235 3090 τε
2268 3037 2363 3089 καὶ
2414 3033 2696 3106 ἁρμονίαν,
2747 3031 2968 3092 εἰκότως
3015 3029 3108 3081 καὶ
3153 3026 3326 3079 ταῦτα
3372 3024 3466 3078 ἐπὶ
3506 3024 3607 3093 τὴν
3653 3019 3751 3074 τοῦ

2181 3127 2314 3182 Θεοῦ
2341 3127 2588 3196 εὐλογίαν
2616 3123 2896 3194 κέκληται.
2930 3121 2993 3174 Ei
3022 3119 3204 3190 μέντοι
3236 3119 3335 3190 τὴν
3364 3116 3542 3186 ψυχὴν
3581 3113 3754 3184 αὐτὴν

2184 3218 2556 3293 σωματοειδῶς
2601 3219 2630 3271 ὀ
2665 3215 2819 3285 λόγος
2859 3213 3105 3277 πλάττει,
3136 3211 3231 3265 κα.)⁸
3270 3210 3410 3282 μέρη
3455 3206 3748 3277 σωματικὰ

2182 3313 2246 3382 τῇ
2281 3311 2475 3381 ἀμερεῖ
2521 3304 2896 3378 περιπλάττει,
2944 3303 3147 3374 ἑτέρως
3187 3301 3450 3371 νοήσομεν
3492 3300 3578 3350 ἐπ’
3609 3299 3748 3366 αὐτῇ

2182 3403 2252 3457 τὰ
2279 3399 2667 3472 περιτιθέμενα
2708 3396 2848 3468 μέρη
2888 3397 2956 3468 τῇ
2988 3392 3222 3466 ἀμερείᾳ
3260 3393 3326 3463 τῇ
3365 3389 3505 3443 κατά
3546 3388 3751 3459 ψυχὴν,

2183 3490 2397 3554 οἰκείως
2439 3487 2680 3559 κεφαλὴν
2726 3485 2824 3557 μὲν
2850 3485 2941 3538 τὸν
2965 3483 3112 3549 νοῦν,
3154 3481 3357 3552 αὐχένα
3381 3480 3438 3533 δὲ
3467 3479 3562 3550 τὴν
3590 3478 3754 3543 δόξαν

2185 3582 2260 3646 ὡς
2291 3584 2348 3636 ἐν
2384 3581 2535 3652 μέσῳ
2563 3577 2780 3649 λογικοῦ
2815 3578 2911 3631 καὶ
2941 3575 3136 3644 ἀλόγου
3159 3590 3174 3605 °
3213 3573 3406 3645 στῆθος
3435 3573 3520 3625 τὸν
3550 3571 3745 3640 θυμὸν,

2186 3673 2426 3746 γαστέρα
2445 3673 2542 3744 τὴν
2587 3669 2911 3742 ἐπιθυμίαν,
2959 3670 3071 3731 τοῖς
3120 3664 3229 3720 τῶν
3287 3664 3460 3737 μερῶν
3513 3662 3748 3734 ὀνόμασι

2190 3766 2472 3840 συμϐόλοις
2504 3764 2608 3819 τῶν
2630 3763 2910 3834 δυνάμεων
2933 3759 3222 3833 χρώμενοι.

2252 3858 2526 3927 Εὑλόγει,
2580 3857 2619 3924 ἠ
2661 3853 2829 3924 ψυχή
2881 3872 3022 3924 μου,
3071 3852 3178 3906 τὸν
3226 3852 3474 3920 Κύριον,
3527 3847 3629 3901 καὶ
3664 3845 3758 3916 μὴ

2189 3948 2590 4006 ἐπιλανθάνου
2620 3947 2729 4013 τὰς
2771 3944 3210 4011 ἀνταποδόσεις
3253 3942 3461 3999 αὑτοῦ.
3496 3939 3610 3996 Τόν·
3646 3942 3766 3994 εὑτ-

2189 4044 2519 4100 λατεύοντα
2554 4041 2778 4106 πάσαις
2813 4037 2942 4104 ταῖς
2977 4037 3250 4107 ἀνομίαις
3279 4051 3418 4098 σου,
3449 4031 3556 4086 τὸν
3592 4030 3766 4100 ιώμεο

2190 4152 2301 4190 νον
2326 4133 2529 4201 πάσας
2561 4135 2669 4199 τὰς
2705 4131 2930 4197 νόσους
2950 4145 3086 4195 σου,
3123 4127 3229 4182 τὸν
3257 4127 3666 4194 λυτρούμενοι·
3691 4123 3769 4176 ἐκ

2192 4223 2416 4295 φθορᾶς
2457 4223 2573 4293 τὴν·
2614 4222 2766 4292 ζωήν
2799 4239 2938 4288 σου,
2963 4221 3073 4275 τὸν
3114 4216 3530 4289 στεφανοῦντά
3566 4232 3644 4270 σε
3687 4216 3768 4271 ἐν

2192 4315 2343 4371 ἐλέει
2376 4315 2475 4370 καί
2505 4307 3027 4384 οἱκτιρμοῗς.Αὐταί
3048 4314 3184 4366 εἰσιν
3207 4313 3261 4364 αἱ
3303 4311 3428 4382 περὶ
3458 4310 3604 4380 ἡμᾶς
3637 4309 3772 4361 ἀντ-

529 4410 967 4484 propitiationem
996 4407 1180 4480 posuit
1208 4421 1308 4479 pro
1343 4404 1585 4477 peccatis
1614 4404 1855 4470 nostris,
1886 4417 2007 4473 quae
2035 4402 2076 4456 ir

2195 4407 2481 4472 αποδόσεις
2529 4405 2624 4461 τοῦ
2662 4405 2797 4460 Θεοῦ
2821 4423 2836 4437 ’
2888 4403 3110 4476 Πρῶτον
3157 4402 3382 4474 ἱλασμὸν
3444 4401 3621 4454 ἐθεικε
3651 4400 3772 4454 τῶν

531 4517 718 4559 errore
761 4510 817 4558 et
866 4499 1175 4557 idololatria
1213 4497 1580 4555 admisimus:
1625 4494 1965 4567 singulisque
2001 4506 2098 4548 eo-

531 4608 653 4648 rum
680 4591 950 4664 pr0pitiu~s
973 4590 1062 4645 ille
1086 4589 1187 4644 fuit
1205 4628 1220 4654 ,
1248 4587 1699 4658 supplicationem
1731 4592 2059 4656 praevertens
2079 4620 2096 4648 ,

533 4684 855 4752 veniamque
879 4682 1126 4738 tribuens
1155 4695 1250 4750 per
1271 4679 1712 4751 propitiationem
1752 4691 1906 4751 suam
1927 4716 1942 4741 ,
1973 4690 2096 4747 quae

535 4782 622 4832 est
647 4775 939 4841 Christus;
971 4771 1243 4837 secundo,
1273 4772 1400 4842 quia
1445 4770 1610 4826 etiam
1649 4777 1773 4839 post
1820 4768 2099 4823 remissio-

535 4877 664 4919 nem
693 4867 774 4928 te,
805 4876 839 4916 ο
869 4862 1078 4926 anima,
1125 4859 1394 4916 inﬁrmari
1431 4859 1690 4930 contigit,
1721 4859 1779 4914 in
1821 4859 2093 4914 humanos

534 4954 769 5011 allectus
817 4953 1138 5026 delapsam:
1186 4961 1242 5010 et
1291 4953 1388 5010 has
1432 4952 1783 5025 aegritudines
1839 4951 2097 5008 Servator

538 5048 954 5104 rationabilibus
1007 5056 1062 5103 et
1118 5045 1498 5119 spiritualibus
1545 5044 1837 5111 remediis,
1879 5061 2001 5116 quae
2042 5045 2099 5099 in

2195 4501 2478 4575 ἡμετέρων
2506 4500 2810 4573 ἀμαρτιῶν,
2839 4500 2905 4564 ἀς
2931 4501 2987 4555 ὲν
3021 4497 3196 4570 πλάνῃ
3229 4497 3324 4550 καὶ
3351 4493 3777 4565 είδωλολατρείᾳ

2195 4591 2635 4667 διεπραξάμεθα·
2687 4592 2781 4647 καὶ
2827 4591 2983 4655 ἵλεως
3029 4589 3232 4661 ἑκάστῃ
3278 4586 3482 4640 τούτων
3525 4585 3774 4654 ἐγένετο,

2199 4685 2484 4760 προλαϐὼν
2516 4686 2696 4740 πᾶσαν
2723 4683 3005 4756 ἱκετηρίαν
3040 4683 3134 4736 καὶ
3164 4681 3262 4753 τὴν
3289 4680 3481 4749 ἄφεσιν
3522 4678 3646 4741 δοὺς
3677 4677 3776 4731 διὰ

2199 4779 2294 4832 τοῦ
2327 4776 2554 4849 ἱλασμοῦ
2597 4777 2784 4843 αὐτοῦ,
2817 4777 2877 4840 ὃς
2925 4777 3040 4829 ἐστι
3085 4773 3350 4846 Χριστός·
3399 4771 3652 4842 δεύτερον
3687 4771 3776 4833 δὲ,

2200 4869 2386 4941 ἐπειδὴ
2429 4869 2523 4923 καὶ
2555 4868 2691 4940 μετά
2732 4867 2830 4938 τὴν
2879 4867 3075 4938 ἄφεσιν
3125 4865 3324 4935 συνέϐη
3376 4881 3435 4918 σε
3488 4866 3686 4926 νοσεῖν,
3726 4856 3776 4916 ὦ

2201 4964 2368 5034 ψυχὴ,
2403 4963 2836 5033 ὐπολισθήσασαν
2861 4964 2975 5025 τοῖς
3012 4960 3371 5032 ἀνθρωπίνοις
3409 4957 3629 5021 πάθεσι,
3676 4959 3779 5011 καὶ

2202 5057 2404 5120 ταύτας
2473 5055 2573 5120 τὰς
2639 5055 2828 5119 νόσους
2895 5056 2925 5108 ὁ
2988 5053 3177 5125 Σωτὴρ
3232 5053 3327 5106 καὶ
3387 5051 3623 5120 λογικοῖς
3679 5049 3780 5102 καὶ

540 5143 744 5200 divinis
787 5142 908 5212 ejus
951 5141 1249 5214 Scripturis
1287 5139 1512 5195 fundata
1553 5148 1715 5204 sunt,
1749 5139 2000 5204 curavit;
2029 5154 2076 5194 ac

2207 5144 2491 5218 σωτηρίοις
2521 5144 2852 5217 φαρμάκοις,
2877 5145 2993 5207 τοῖς
3015 5145 3074 5198 ὲν
3098 5145 3214 5208 ταῖς
3247 5142 3418 5205 θείαις
3441 5138 3606 5194 αὐτοῦ
3631 5139 3780 5209 Γραο

541 5233 658 5292 ιιιεο
706 5234 902 5301 tertio,
950 5236 1118 5291 vitam
1165 5240 1316 5290 tuam
1346 5273 1361 5298 ,
1414 5248 1534 5305 quae
1585 5233 1642 5290 in
1687 5231 2076 5302 corruptionen

2206 5238 2334 5305 φαῖς
2363 5233 2871 5306 καταϐεϐλημένοις,
2905 5233 3234 5304 ἐθεράπευσε
3257 5248 3272 5262 ο
3299 5231 3479 5302 τρίτον
3524 5229 3620 5284 ἐπὶ
3651 5228 3780 5281 τού·-

541 5345 802 5396 cessura,
851 5337 905 5386 et
950 5345 982 5386 a
1023 5337 1200 5386 morte
1242 5327 1586 5385 absorbenda
1633 5336 1751 5392 est,
1802 5325 2076 5382 secundun

2211 5344 2323 5392 τοις
2367 5326 2464 5398 τὴν
2511 5324 2655 5398 ζωήν
2705 5343 2798 5380 σου
2852 5323 3146 5397 μέλλουσαν
3196 5325 3394 5396 χωρεῖν
3424 5321 3504 5384 είς
3540 5319 3776 5391 φθορὰν,

545 5422 713 5490 illud,
743 5424 938 5478 Anima
971 5439 1086 5494 quae
1117 5421 1400 5493 peccaverit
1419 5459 1436 5486 ,
1471 5421 1589 5490 ipsa
1619 5419 1874 5474 morietur
1901 5418 1968 5482 ’⁸,
2004 5415 2076 5469 mi

2212 5421 2306 5472 καὶ
2337 5417 2724 5472 καταπίνεσθαι
2747 5417 2852 5472 ὑπὸ
2897 5415 2992 5471 τοῦ
3024 5415 3276 5483 θανάτου,
3316 5415 3456 5472 κατά
3484 5415 3566 5479 τὸ,
3592 5411 3775 5484 Ψυχὴ

544 5515 858 5570 sericordia:
887 5531 1001 5570 sum
1031 5521 1454 5570 consentaneam
1483 5527 1598 5568 rem
1632 5527 1798 5583 agens
1820 5550 1835 5576 ,
1867 5526 1932 5565 ac
1966 5523 2076 5580 prae

2212 5513 2252 5580 ἡ
2293 5510 2662 5584 ἁμαρτοῦσα,
2713 5509 2866 5579 αὑτὴ
2924 5508 3324 5578 ἀποθανεῖται,
3384 5505 3653 5584 ἀκόλουθα
3697 5506 3779 5577 τῷ

621 5627 666 5659 ’⁸
703 5627 897 5682 Ezech.
933 5642 1097 5691 xvm,
1127 5627 1182 5682 4.

621 5721 697 5794 (1)
747 5725 1237 5795 Ἐπιθυμοῦμεν...
1265 5723 1719 5793 ἑπιθυμουμεθα.
1758 5721 2076 5776 Alterutrun

2175 5717 2424 5774 :dnndarc
2457 5717 2687 5775 videtur.
2720 5715 2875 5771 Enn.
2916 5713 3156 5769 Ριιτιιοι..
