4040 6210
331 319 471 377 1265

1405 325 1908 385 COMMENTARIA
1946 329 2013 384 lN
2051 329 2387 386 PSALMOS.

3420 339 3556 396 {9.66

333 434 501 489 αὑτοῦ
531 434 786 507 πράττων
827 435 982 507 ἐλέῳ,
1029 436 1199 508 λύτρα
1226 437 1348 500 δοὺς
1380 437 1521 510 ὑπὲρ
1555 438 1648 492 σοῦ
1801 439 1897 495 θα-

2001 443 2168 496 mium
2200 458 2298 513 pro
2330 451 2383 498 te
2415 441 2577 497 morti
2612 445 2930 515 sanguinem
2956 444 3230 518 Unigeniti
3275 450 3555 521 tribuens,

329 526 477 596 νάτῳ
501 526 561 578 τὺ
576 527 668 580 τοῦ
685 527 1020 597 Μονογενοῦς
1039 523 1196 599 αἷμα,
1225 528 1349 582 ὲλυτ
1359 529 1569 602 ρώσατο
1585 547 1599 562 ·
1617 531 1894 603 τέταρτον,

325 616 503 688 οἰκεία
537 615 914 690 φιλανθρωπίᾳ
955 617 1048 671 καὶ
1080 618 1214 672 ἐλέει
1242 619 1336 672 καὶ
1361 622 1664 692 οίκτιρμοῖς
1683 620 1900 694 χρώμε-

324 725 433 770 νος,
468 707 591 760 ἐπεὶ
619 708 678 774 ὲξ
717 709 892 782 ἔργων
919 709 1092 774 οὐδεὶς
1124 711 1447 777 δικαιοῦται,
1473 712 1814 783 ἐστεφάνωσέ
1837 732 1898 768 σε

321 797 402 869 τῷ
431 799 531 870 τῆς
561 799 831 863 υἱοθεσίας
870 800 1187 873 χαρίσματι.
1235 803 1346 857 Καὶ
1393 803 1580 866 ἁπλῶς
1621 800 1775 870 οὗτός
1815 823 1897 860 σοι

323 893 622 966 δεδώρηται
663 893 772 951 τῶν
804 895 1212 967 ἁμαρτημάτων
1241 897 1337 969 τὴν
1370 896 1583 966 ἄφεσιν,
1615 889 1770 962 οὗτός
1815 917 1897 953 σοι

325 985 622 1058 δεδώρηται
665 985 772 1040 τῶν
822 987 1009 1042 παθῶν
1047 987 1146 1060 τὴν
1193 988 1357 1056 ἴασιν,
1403 988 1503 1061 τῆς
1550 991 1897 1058 ἀναστάσεως

325 1078 426 1149 τὴν
450 1077 662 1142 ἐλπίδα,
705 1078 796 1133 τὸν
825 1079 1120 1151 ἀρραϐῶνα
1151 1079 1253 1134 τοῦ
1288 1079 1624 1152 Πνεύματος,
1668 1085 1762 1137 καὶ
1807 1084 1898 1138 τὸν

325 1169 428 1241 τῆς
450 1169 753 1240 ἀφθαρσίας
795 1170 997 1241 χιτῶνα
1023 1171 1256 1238 ἐνέδυσε,
1300 1173 1395 1227 καὶ
1440 1174 1620 1247 χάριτι
1667 1176 1894 1234 σέσωκε.

326 1261 561 1328 Χάριτος
612 1262 720 1334 γάρ
772 1265 866 1316 καὶ
912 1261 1319 1335 φιλανθρωπίας
1369 1265 1398 1317 ὁ
1450 1266 1732 1336 στέφανος.
1787 1269 1899 1323 Καὶ

327 1352 498 1407 ταῦτα
533 1353 708 1408 πάντα
739 1355 863 1408 ἕδνα
893 1355 987 1409 τοῦ
1013 1355 1245 1426 νυμφίου
1279 1361 1374 1411 καὶ
1393 1358 1571 1430 δῶρα·
1590 1359 1772 1414 πίστιν
1790 1362 1901 1433 γάρ

328 1445 362 1516 ἡ
392 1445 579 1516 νύμφη
606 1447 970 1518 προσενήνοχε
1026 1447 1204 1519 μόνον.
1225 1450 1299 1504 Οὐ
1328 1451 1486 1521 μόνον
1519 1451 1598 1514 δὲ,
1633 1451 1769 1506 ἀλλά
1807 1455 1900 1508 καὶ

326 1535 710 1606 πνευματικῶν
755 1535 978 1604 ἀγαθῶν
1026 1553 1086 1590 σε
1127 1539 1444 1610 ἐνέπλησεν,
1473 1541 1508 1612 ἢ
1556 1541 1652 1596 καὶ
1695 1542 1795 1615 τὴν
1818 1546 1908 1598 ’ἐν

326 1626 550 1695 ἀγαθοῖς
587 1627 879 1698 ἐπιθυμίαν
911 1645 1006 1682 σου
1036 1629 1368 1702 ἐπλήρωσεν,
1402 1632 1463 1698 δς
1483 1634 1580 1706 τήν
1602 1652 1665 1704 γε
1688 1635 1899 1710 ψυκτὴν

325 1716 507 1788 ψυχὴν
532 1717 885 1788 ἀπαγορεύει,
907 1718 1091 1773 δίδωσι
1115 1721 1173 1772 δὲ
1200 1721 1380 1790 ἀγαθά
1403 1725 1516 1788 τοῖς
1543 1725 1782 1780 αἰτοῦσιν
1802 1728 1870 1782 αὑ

324 1805 439 1860 τόν.
472 1807 536 1858 Et
565 1805 623 1859 δὲ
668 1805 844 1876 βούλει
875 1808 1013 1862 κατά
1044 1810 1240 1864 ταύτὸν
1277 1811 1402 1864 ἰδεῖν
1453 1813 1751 1886 παθήματα
1804 1820 1900 1871 καὶ
1933 1791 1973 1845 Β

325 1899 700 1970 ἁμαρτήματα
741 1900 993 1970 λυόμενα,
1023 1900 1169 1972 ἔχεις
1204 1903 1296 1956 τὸν
1321 1905 1626 1976 παράλυτον
1679 1908 1780 1978 τῆς
1820 1909 1899 1962 διο

327 1990 470 2061 πλῆς
509 1989 714 2062 ταύτης
765 1992 1148 2047 ἀπολαύσαντα
1199 1995 1421 2066 χάριτος
1450 2014 1464 2028 ο
1520 1999 1719 2070 ἤκουσε
1765 2000 1896 2073 γὰρ,

340 2081 652 2150 Ἀφέωνταί
682 2097 781 2138 σοι
811 2093 869 2138 at
915 2086 1190 2154 ἁμαρτίαι
1225 2101 1364 2155 σου,
1424 2091 1535 2156 καὶ,
1565 2089 1744 2162 Ἇρον
1792 2094 1899 2149 τὸν

323 2173 660 2242 κράθϐατόν
685 2192 801 2231 σου
822 2194 836 2208 ·
865 2177 1039 2244 οὕτως
1067 2183 1100 2253 ἡ
1129 2183 1448 2255 ἁμαρτωλὸς
1477 2184 1612 2258 γυνὴ
1633 2187 1898 2262 τετύχηκε

323 2262 426 2334 τῆς
461 2264 728 2334 ἀφέσεως,
767 2269 796 2323 ὁ
823 2267 1048 2344 λῃστὴς,
1077 2274 1127 2327 oi
1149 2274 1400 2341 τελῶναι,
1435 2277 1622 2342 ἁπλῶς
1661 2279 1896 2349 ἅπαντες

323 2355 376 2408 oi
405 2357 810 2424 πιστεύσαντες.

399 2447 512 2501 Τὸν
533 2447 961 2519 ἐμπιμπλῶντα
1007 2453 1078 2509 ἐν
1129 2455 1371 2525 ἀγαθοῖς
1423 2461 1540 2530 τὴν
1583 2463 1900 2535 ἐπιθυμίαν

325 2556 463 2606 σου,
495 2541 1064 2611 ἀνακαινισθήσεται
1105 2548 1186 2616 ὡς
1219 2550 1397 2607 ἀετοῦ
1431 2554 1470 2622 ή
1502 2558 1714 2624 νεότης
1744 2574 1894 2614 σου*

325 2630 468 2686 ὥστε
494 2633 932 2699 ἀνακαινίζεσθαι
958 2639 1129 2712 αὐτὴν
1167 2640 1262 2695 τὸν
1293 2643 1520 2699 παλαιὸν
1555 2649 1898 2722 ἀποθεμένην

326 2723 632 2795 ἄνθρωπον,
669 2727 762 2782 τὸν
793 2728 849 2782 δὲ
873 2729 1010 2797 νέον,
1039 2730 1131 2787 τδν
1171 2732 1625 2809 ἀνακαινούμενον
1664 2742 1746 2805 είς
1780 2743 1898 2797 ἐπί-

326 2832 527 2885 γνωσιν
559 2818 650 2872 τοῦ
678 2820 960 2886 κτίσαντος
988 2823 1167 2890 αύτδν,
1204 2825 1604 2897 λαμϐάνουσαν.
1641 2832 1796 2887 Οὕτω
1819 2835 1894 2902 δὲ,

327 2907 516 2978 φησὶν,
557 2911 592 2982 ἡ
633 2911 822 2984 νεότης
879 2931 973 2968 σου
1004 2915 1539 2990 ἀνακαινισθήσεται,
1571 2921 1647 2986 ὡς
1702 2926 1897 2996 μηκέτι

327 2999 707 3067 παλαιοῦσθαι,
741 3003 875 3075 μηδὲ
915 3007 995 3069 είς
1045 3006 1253 3080 φθορὰν
1281 3006 1436 3075 αὖθις
1473 3016 1687 3084 χωρεῖν,
1723 3017 1898 3072 ἀεὶδὲ

329 3091 665 3164 παραμένειν
693 3095 752 3148 ὲν
774 3095 851 3167 τῷ
869 3096 1081 3160 νεάζειν
1121 3101 1180 3154 ἐν
1209 3104 1275 3174 τῇ
1308 3102 1570 3176 ἀφθάρτῳ
1595 3105 1727 3180 ζωῇ.
1746 3108 1897 3164 Ἐπεὶ

323 3181 386 3235 δὲ
415 3184 444 3237 ὁ
472 3183 629 3248 ἀετὸς
660 3185 771 3240 τῶν
792 3186 992 3259 ὀρνέων
1019 3190 1136 3243 ἐστὶ
1164 3190 1603 3264 βασιλικώτατον,
1635 3197 1771 3253 ἀλλὰ
1801 3201 1895 3256 καὶ

329 3274 776 3346 ὐψιπετέστατος,
809 3280 968 3351 μόνος
992 3281 1050 3336 δὲ
1078 3280 1233 3347 ζώων
1265 3285 1416 3357 ἡλίου
1465 3290 1642 3357 φωτὸς
1683 3309 1898 3364 μαρμα-

331 3369 524 3438 ρυγαῖς
553 3368 820 3423 ἀντωπεῖν
843 3370 1085 3438 δυνατὸς,
1117 3376 1210 3428 καὶ
1253 3377 1438 3442 ἀτενὲς
1479 3380 1689 3453 ἀφορᾷν
1723 3384 1894 3456 αὐτῷ,

327 3460 553 3524 εἰκότως
581 3461 682 3533 τὴν
710 3462 1006 3520 ἀνανέωσιν
1041 3468 1142 3538 τῆς
1177 3468 1374 3540 ψυχῆς,
1406 3473 1498 3526 καὶ
1526 3473 1626 3544 τὴν
1649 3475 1758 3528 ἀπὸ
1795 3478 1899 3550 γῆς

328 3551 412 3614 εἰς
434 3551 659 3623 οὐρανὸν
686 3555 902 3626 πτῆσιν,
937 3557 1030 3610 καὶ
1056 3558 1146 3611 τὸν
1176 3559 1288 3629 βίον
1320 3562 1489 3633 αὐτῆς
1529 3564 1620 3617 τὸν
1655 3568 1712 3621 ὲν
1743 3567 1899 3641 ἄκρῳ

329 3641 471 3712 φωτὶ
501 3645 880 3716 γενησόμενον,
911 3646 1071 3702 ἀετοῦ
1103 3649 1262 3718 φύσει
1296 3653 1590 3724 παρέϐαλε.

400 3731 594 3787 Ποιῶν
628 3735 1040 3805 ἐλεημοσύνας
1068 3741 1102 3793 ὀ
1126 3739 1361 3808 Κύριος,
1395 3743 1494 3797 καὶ
1530 3746 1712 3815 κριζμα
1748 3746 1908 3804 πᾶσι

2002 533 2290 601 liberavit;
2319 543 2516 604 quarto
2534 575 2549 598 ,
2579 535 2799 606 propria
2827 537 3112 592 clementia
3135 579 3150 604 ,
3183 541 3558 599 misericordia

2001 634 2056 683 et
2085 628 2528 682 miserationibus
2559 643 2712 692 usus,
2747 630 2878 699 quia
2908 646 3069 685 nemo
3099 648 3164 687 ex
3195 634 3560 706 operibusju-

2000 717 2292 784 stiﬁcatur,
2325 719 2635 790 adoptionis
2663 730 2716 777 te
2745 722 2921 793 gratia
2951 726 3256 781 coronavit.
3309 725 3367 781 ln
3411 744 3560 783 sum-

1997 825 2107 874 ma,
2154 809 2244 866 hic
2285 821 2338 866 te
2386 819 2731 881 peccatorum
2759 813 2918 868 venia
2952 815 3201 883 donavit,
3247 821 3559 877 morborum

2000 904 2167 959 animi
2197 905 2460 960 medelam
2493 907 2716 972 tribuit,
2751 923 2961 962 necnon
3005 926 3156 981 spem
3202 917 3563 971 resurrectio-

1997 997 2119 1062 nis,
2171 998 2366 1069 pignus
2407 997 2680 1069 Spiritus:
2728 1015 2792 1054 ac
2836 1009 2890 1057 te
2931 1001 3360 1074 incorruptionis
3411 1017 3562 1064 veste

1999 1087 2212 1154 induit,
2243 1091 2416 1162 gratia
2447 1105 2547 1145 sua
2574 1091 2784 1147 salvum
2817 1091 2966 1148 fecit.
3001 1092 3134 1149 Nam
3169 1098 3354 1167 gratiae
3379 1106 3432 1153 et
3458 1100 3563 1155 cle-

1998 1183 2215 1237 mentia:
2265 1197 2466 1238 corona
2522 1190 2627 1242 est.
2686 1183 2861 1254 Atque
2918 1185 3031 1242 hzec
3086 1189 3303 1255 omnia,
3359 1190 3562 1246 dotalia

1998 1275 2185 1344 sponsi
2213 1291 2438 1331 munera
2471 1282 2527 1332 et
2553 1275 2696 1332 dona
2724 1286 2853 1332 sunt
2879 1296 2893 1332 :
2926 1294 3129 1348 sponsa
3160 1282 3361 1353 quippe
3389 1285 3562 1340 solam

2001 1365 2161 1420 ﬁdem
2200 1366 2414 1422 obtulit.
2458 1367 2645 1440 Neque
2680 1370 2856 1425 solum
2891 1370 3002 1428 illis
3027 1411 3043 1435 ,
3077 1373 3172 1428 sed
3203 1375 3365 1429 etiam
3397 1377 3561 1447 spiri-

1997 1458 2242 1516 tualibus
2270 1460 2428 1516 bonis
2455 1468 2509 1517 te
2535 1463 2765 1534 replevit
2791 1480 2808 1530 ;
2844 1463 2959 1520 sive
2988 1465 3153 1521 etiam
3187 1475 3282 1523 tuo
3321 1471 3377 1524 in
3406 1471 3563 1530 bonis

1998 1552 2272 1608 desiderio
2324 1554 2622 1619 satisfecit,
2679 1555 2773 1625 qui
2826 1555 3075 1628 frigidam
3121 1559 3356 1615 animam
3401 1578 3564 1634 repu-

1997 1641 2111 1696 diat
2131 1681 2151 1706 ,
2179 1641 2323 1697 bona
2349 1657 2478 1698 vero
2511 1645 2826 1714 petentibus
2853 1661 2912 1701 se
2942 1647 3156 1704 tribuit.
3195 1648 3352 1716 Quod
3386 1653 3432 1708 si
3464 1671 3564 1710 vo-

1999 1733 2169 1791 lueris
2198 1735 2421 1792 morbos
2451 1736 2614 1790 simul
2646 1746 2700 1791 et
2735 1747 2955 1808 peccata
2992 1741 3172 1796 soluta
3207 1743 3426 1813 videre,
3463 1747 3563 1802 lia.-

1999 1825 2094 1880 bes
2119 1827 2478 1899 paralyticum
2511 1828 2614 1882 bac
2638 1830 2840 1900 duplici
2870 1832 3043 1901 gratia
3072 1833 3331 1890 donatum
3361 1855 3376 1904 ;
3411 1841 3567 1898 audi-

1999 1918 2076 1970 vit
2103 1917 2284 1981 enim,
2325 1917 2680 1972 Dimittuntur
2732 1920 2828 1975 tibi
2877 1933 3092 1990 peccata
3134 1935 3261 1993 tua,
3309 1937 3381 1994 et,
3419 1929 3581 1987 Tolle-

2001 2009 2282 2078 grabatum
2311 2019 2458 2064 tuum
2487 2011 2571 2065 ”:
2606 2011 2686 2066 sic
2731 2014 3008 2082 peccatrix
3045 2017 3244 2072 mulier
3286 2021 3565 2077 remissio-

1998 2116 2120 2155 nem
2168 2110 2464 2157 consecuta
2506 2111 2624 2168 est;
2666 2104 2747 2158 sic
2787 2104 2961 2171 latro,
3002 2106 3318 2179 publicani,
3361 2126 3425 2166 ac
3469 2113 3566 2167 de-

1996 2209 2144 2248 mum
2179 2209 2371 2250 omnes
2401 2195 2495 2266 qui
2526 2195 2892 2252 crediderunt.

2067 2457 2237 2513 Vens.
2277 2459 2332 2513 5.
2375 2458 2480 2525 Qui
2521 2461 2686 2529 replet
2719 2463 2779 2517 in
2823 2463 2972 2520 bouis
3015 2466 3332 2523 desiderium
3375 2479 3561 2540 tuum,

1997 2549 2333 2603 renovabitur
2374 2560 2431 2604 ut
2469 2552 2663 2622 aquin
2702 2552 2942 2620 iuventus
2993 2562 3127 2620 tua;
3174 2558 3249 2612 ita
3293 2566 3350 2613 ut
3392 2563 3561 2632 priori

1997 2639 2247 2710 deposito
2277 2641 2527 2708 homine,
2559 2659 2622 2699 ac
2644 2659 2786 2701 novo
2803 2686 2821 2714 ,
2848 2648 2942 2717 qui
2965 2655 3261 2705 renovatur
3282 2651 3347 2706 ad
3376 2655 3564 2723 cogni-

1998 2733 2202 2787 tionem
2235 2733 2512 2790 Creatoris
2543 2736 2662 2802 sui,
2694 2737 2986 2810 adjuncto,
3016 2748 3071 2797 et
3101 2740 3218 2811 ipsa
3247 2752 3558 2804 renovetur.

2001 2825 2091 2882 Sic
2107 2836 2308 2892 autem,
2324 2828 2691 2899 ait,juventus
2707 2839 2800 2888 tua
2819 2836 3190 2900 renovabitur,
3207 2844 3267 2891 ut
3281 2853 3563 2909 nunquam

1999 2926 2331 2985 veterascat,
2365 2936 2544 2992 neque
2587 2924 2654 2978 ad
2689 2926 3093 2996 corruptionem
3133 2943 3330 2986 rursus
3368 2930 3561 2998 abeat,

2001 3009 2096 3064 sed
2127 3025 2342 3081 semper
2371 3023 2562 3084 vegeta
2586 3021 2806 3071 maneat
2833 3016 2891 3071 in
2919 3017 3236 3091 incorrupta
3262 3021 3395 3076 vita.
3425 3021 3564 3077 Cum

1924 3142 1967 3200 ϐ
2002 3106 2182 3156 autem
2207 3103 2392 3174 aquila
2417 3105 2491 3159 sit
2519 3105 2698 3159 avium
2725 3121 2820 3161 rex
2839 3145 2856 3171 ,
2889 3108 3260 3181 altissimeque
3286 3112 3466 3179 volet,
3497 3127 3564 3167 ac

2000 3191 2116 3246 sola
2147 3193 2292 3249 inter
2320 3195 2583 3250 animalia
2607 3195 2818 3253 solares
2863 3197 3048 3255 radios
3088 3202 3268 3257 valeat
3308 3203 3558 3268 obtueri,

1996 3284 2286 3356 ipsumque
2327 3294 2531 3344 attente
2574 3291 2933 3361 conspicere;
2977 3292 3390 3350 renovationem
3442 3295 3564 3350 ani-

1995 3391 2130 3435 mae.
2166 3387 2220 3432 et
2249 3385 2455 3434 eterra
2488 3379 2558 3434 ad
2598 3380 2796 3436 cmlum
2842 3384 3114 3450 volatum,
3157 3385 3433 3456 vitamque
3469 3401 3564 3442 su-

1997 3483 2186 3539 premo
2234 3471 2290 3526 in
2331 3471 2537 3528 lumine
2576 3483 2918 3530 versaturam
2969 3477 3165 3548 aquilae
3196 3486 3407 3534 naturae
3449 3494 3566 3535 me-

1996 3561 2102 3616 rito
2128 3564 2482 3634 comparavit.

2067 3736 2234 3794 Vens.
2275 3738 2428 3795 6-16.
2469 3739 2702 3798 Faciens
2747 3744 3141 3801 misericordias
3180 3747 3439 3805 Dominus
3462 3789 3479 3815 ,
3509 3759 3562 3805 et

328 3822 456 3892 τοῖς
482 3825 917 3898 ἀδικουμένοις,
931 3831 1219 3902 ἐγνώρισε
1246 3833 1351 3900 τὰς
1377 3835 1557 3903 ὀδοὺς
1607 3839 1793 3894 αὐτοῦ
1817 3840 1898 3908 τῷ

1998 3828 2253 3896 iudicium
2282 3830 2524 3886 omnibus
2563 3831 2824 3901 injuriam
2853 3836 3168 3903 patientibus
3194 3880 3210 3906 ,
3241 3850 3396 3895 notas
3435 3841 3564 3911 fecit

329 3915 539 3986 Μωσῇ,
588 3919 715 3986 τοῖς
754 3921 906 3988 υἱοῖς
959 3923 1197 3994 Ἰσραὴλ
1240 3928 1312 3981 τὰ
1361 3929 1660 3998 θελήματα
1690 3933 1897 3988 αὑτοῦ.

345 4008 438 4062 Ἕκ
480 4011 580 4082 τῆς
622 4012 789 4083 αὐτῆς
832 4013 889 4068 δὲ
927 4016 1168 4082 Μωσέως
1212 4019 1431 4090 Γραφῆς
1481 4021 1700 4098 μαθήσῃ
1740 4024 1900 4079 ὁποῖα

331 4099 576 4171 κρίματα
604 4103 845 4174 παρέσχε
890 4109 1002 4169 τοῖς
1041 4106 1442 4180 ἀδικουμένοις·
1482 4111 1658 4183 κρίσει
1685 4114 1794 4186 γὰρ
1823 4115 1901 4169 δι-

329 4189 463 4262 καίᾳ
517 4193 747 4264 μετῆλθε
789 4194 916 4258 τοὺς
959 4197 1305 4266 Αἰγυπτίους,
1354 4199 1588 4271 πληγαῖς
1621 4202 1900 4274 θεηλάτοις

330 4283 568 4349 κολάσας
613 4286 809 4350 αὐτοὺς
856 4287 996 4358 ὑπὲρ
1029 4289 1138 4342 τῶν
1180 4291 1360 4346 αὐτῶν
1388 4292 1731 4366 ἠδικημένων
1768 4298 1902 4352 υἱῶν

345 4374 577 4446 Ἰσραήλ.
645 4376 966 4446 Olus-lpwa
1006 4378 1103 4431 real
1141 4380 1410 4451 ἐλεήμων
1438 4386 1472 4438 ό
1507 4386 1740 4454 Κύριος,
1783 4405 1898 4458 μα-

1996 3921 2110 3975 oias
2148 3938 2276 3976 suas
2306 3921 2518 3994 Moysi,
2569 3925 2699 3995 ﬁliis
2739 3926 2914 3983 Israel
2953 3932 3248 3988 voluntates
3286 3949 3436 3990 suas.
3480 3933 3562 3990 Ex

1999 4011 2114 4081 ipsa
2143 4028 2272 4068 vero
2301 4014 2503 4087 Moysis
2537 4015 2820 4088 Scriptura
2847 4021 3092 4089 edisces,
3125 4026 3308 4097 qualia
3339 4041 3440 4097 pro
3470 4028 3564 4084 lte-

1999 4103 2076 4158 sis
2105 4103 2311 4173 judicia
2340 4105 2567 4162 tulerit:
2597 4107 2750 4176 justo
2778 4126 3014 4182 namque
3040 4112 3248 4182 judicio
3275 4113 3587 4188 Egyptios.

2000 4195 2228 4261 invasit,
2252 4198 2515 4256 divinitus
2539 4200 2761 4258 inﬂictis
2789 4204 2964 4275 plagis
2991 4209 3267 4278 castigans
3297 4207 3422 4263 illos
3445 4223 3588 4278 pro--

2001 4282 2292 4354 pter'ﬁlios
2323 4286 2490 4344 Israel
2523 4291 2593 4344 ab
2622 4290 2758 4362 ipsis
2789 4295 3024 4361 pessime
3057 4295 3295 4351 habitos.
3333 4295 3564 4351 Misera-

2004 4386 2087 4432 tor
2125 4388 2175 4432 et
2214 4378 2508 4434 misericors
2555 4379 2847 4449 Dominus,
2895 4383 3210 4455 longanimis
3247 4393 3294 4440 et
3339 4387 3586 4442 multum--

332 4467 624 4537 πρόθυμος
653 4468 749 4521 καὶ
782 4470 1129 4536 πολυέλεος,
1162 4475 1271 4527 οὐκ
1303 4477 1389 4542 εἰς
1429 4475 1603 4545 τέλος
1626 4479 1899 4551 ὀργισθή-

2005 4469 2303 4525 misericors
2324 4510 2339 4535 ,
2369 4487 2471 4524 non
2503 4472 2557 4525 in
2585 4473 2744 4542 ﬁnem
2778 4474 3060 4541 irascetur,
3107 4491 3268 4546 neque
3308 4478 3365 4532 in
3409 4488 3567 4533 teterv

333 4571 521 4624 aetat,
574 4557 716 4612 οὐδὲ
761 4562 849 4627 εὶς
873 4561 980 4614 τὸν
1006 4559 1190 4617 αἰῶνα
1229 4567 1448 4634 μηνιεῖ.
1492 4571 1576 4624 Οὐ
1609 4571 1760 4626 κατά
1795 4572 1900 4640 τὰς

332 4649 618 4718 ἁμαρτίας
663 4649 834 4720 ἡμῶν
877 4651 1166 4721 ἐποίησεν
1199 4655 1362 4724 ἡμῖν,
1408 4658 1550 4712 οὐδέ
1593 4661 1744 4716 κατὰ
1793 4664 1906 4730 τὰς

333 4739 586 4810 ἀνομίας
614 4741 782 4811 ’ἡμῶν
805 4743 1222 4800 ἀνταπέδωκεν
1263 4747 1426 4815 ἡμῖν.
1462 4750 1588 4804 ’0τί
1622 4752 1774 4807 κατά
1831 4753 1900 4808 τὸ

332 4833 492 4902 ὕψος
535 4835 639 4890 τοῦ
669 4837 926 4904 οὐρανοῦ
963 4837 1080 4893 ἀπὸ
1112 4839 1221 4907 τῆς
1250 4841 1361 4909 γῆς
1398 4841 1758 4912 ἐκραταίωσε
1787 4848 1901 4902 Κύ-

324 4943 459 4996 ριος
510 4927 576 4981 τὸ
640 4930 811 4994 ἕλκεος
874 4931 1057 4985 αὑτοῦ
1108 4931 1205 4987 ἐπὶ
1282 4932 1422 4999 τοὺς
1481 4938 1898 5007 (φοϐουμένους

331 5021 537 5074 αὐτόν.
632 5024 910 5078 Καθὸσον
997 5022 1333 5092 ἀπέχουσιν
1425 5027 1709 5082 ἀνατολαὶ
1782 5031 1898 5084 ἀπὸ

332 5109 613 5181 δυσμῶν,
689 5113 1023 5183 ἐμάκρυνεν
1092 5115 1192 5182 ἀφ’
1239 5116 1408 5184 ἡμῶν
1474 5117 1580 5184 τὰς
1650 5121 1914 5190 ἀνομίας

333 5202 522 5272 ἡμῶν.
582 5205 788 5271 Καθὼς
837 5206 1104 5274 οὶκτείρει
1163 5205 1361 5274 πατὴρ
1419 5207 1625 5275 υἱοὺς,
1696 5213 1899 5282 ᾠκτεί-

325 5310 486 5362 ρησε
547 5295 763 5364 Κύριος
838 5297 980 5361 τοὺς
1050 5299 1459 5369 φοϐουμένους
1516 5300 1736 5371 αὐτὸν,
1810 5304 1901 5360 ὅτι

332 5379 518 5446 αὐτὸς
588 5383 738 5450 ἔγνω
781 5382 849 5436 τὸ
899 5384 1148 5455 πλάσμα
1203 5387 1390 5457 ἡμῶν.
1441 5389 1754 5459 Μνήσθητι
1812 5394 1902 5448 ὅτι

333 5474 484 5546 χοῦς
532 5476 738 5545 ἐσμεν
792 5478 1117 5548 ἅνθρωπος,
1150 5483 1290 5537 ὡσεὶ
1339 5485 1552 5554 χόρτος
1601 5488 1662 5541 al
1691 5487 1902 5558 ἡμέραι

333 5570 541 5626 αὑτοῦ·
572 5571 714 5625 ὡσεὶ
741 5571 921 5640 ἄνθος
977 5573 1082 5628 τοῦ
1105 5575 1308 5645 (introii,
1342 5577 1530 5646 οὕτως
1557 5577 1904 5646 ἐξανθήσει.

408 5752 454 5786 ³⁸
495 5751 660 5809 Marc.
697 5766 773 5820 ιι,
807 5751 861 5807 9.

2005 4578 2129 4615 num
2157 4564 2496 4618 succensebit.
2528 4562 2651 4618 Non
2676 4566 2962 4620 secundum
2985 4578 3200 4636 peccata
3230 4579 3413 4625 nostra
3441 4572 3563 4642 fecit

2005 4656 2184 4721 nobis,
2214 4673 2374 4727 neque
2403 4661 2686 4712 secundum
2715 4660 3021 4731 iniquitates
3061 4671 3273 4719 nostras
3316 4665 3562 4720 retribuit

2005 4746 2176 4802 nobis.
2216 4746 2478 4813 Quoniam
2510 4747 2794 4802 secundum
2825 4750 3160 4808 altitudinem
3193 4755 3312 4809 caeli
3347 4773 3380 4810 a
3420 4767 3566 4812 terra

2005 4839 2361 4895 corroboravit
2395 4840 2653 4896 Dominus
2683 4844 3101 4900 misericordiam
3130 4863 3283 4900 suam
3307 4864 3464 4918 super
3497 4851 3567 4904 ti-

2003 4942 2198 4986 mentes
2229 4949 2302 4988 sc.
2337 4932 2603 4998 Quantum
2633 4933 2797 4988 distat
2821 4947 2966 4991 ortus
2997 4937 3066 4990 ab
3093 4939 3384 5008 occidente,
3415 4941 3566 5013 longe

2001 5023 2125 5092 fecit
2154 5041 2185 5076 a
2214 5023 2361 5078 nobis
2388 5025 2687 5095 iniquitates
2723 5037 2952 5083 nostras.
2979 5030 3252 5095 Quomodo
3291 5033 3564 5088 miseretur

2001 5125 2151 5183 pater
2181 5115 2445 5182 ﬁliorum,
2473 5116 2715 5169 misertus
2746 5126 2822 5170 est
2851 5117 3110 5173 Dominus
3141 5120 3441 5175 timentibus
3470 5137 3523 5174 se
3545 5160 3561 5183 ,

2001 5207 2248 5278 quoniam
2274 5209 2382 5276 ipse
2405 5205 2642 5278 cognouit
2663 5210 2967 5280 ﬁgmentum
2989 5221 3246 5267 nostrum.
3273 5211 3580 5266 Recordare-

2002 5299 2248 5368 quoniam
2279 5298 2449 5368 pulsis
2478 5315 2691 5362 sumus;
2725 5298 2899 5366 homo,
2929 5302 3065 5355 sicut
3091 5301 3263 5371 fenum
3277 5303 3386 5354 dies
3411 5299 3524 5368 ejus
3543 5341 3558 5363 ,

2003 5401 2252 5462 tanquam
2285 5393 2385 5462 ﬂos
2427 5395 2560 5465 agri,
2605 5395 2682 5448 sic
2720 5395 2985 5466 eﬂlorebit.
3032 5394 3294 5462 Quoniam
3340 5393 3560 5463 spiritus

2001 5483 2338 5552 pertransibit
2368 5484 2423 5537 in
2453 5484 2546 5540 illo
2569 5494 2619 5539 et
2649 5502 2751 5539 non
2780 5485 3055 5549 subsistet,
3085 5494 3135 5538 et
3161 5500 3264 5538 non
3291 5494 3580 5555 cognoscet;

2003 5578 2228 5647 amplius
2279 5577 2450 5633 locum
2493 5596 2665 5635 suum.
2721 5575 3185 5646 Quemadmodum
3236 5592 3268 5634 a
3320 5580 3566 5640 tenebris
