4044 6212
537 353 670 409 ιεηπ

1210 352 1480 408 EUSEBlI
1516 304 2176 409 CESARlENSlS‘OPP.
2219 350 2397 408 PARS
2430 353 2515 409 lll.
2554 385 2622 394 —
2657 348 3061 408 EXEGETICA.

3609 345 3783 402 £5268

534 472 852 545 ignorantia:
892 472 1130 541 peccatis
1171 471 1406 527 inducta:
1448 471 1517 526 ad
1561 472 1735 526 lucem
1767 471 2085 543 cognitionis

2195 474 2314 526 Ὅτι
2345 473 2576 543 πνεῦμα
2613 471 2862 541 διῆλθεν
2888 469 2958 522 ἐν
3001 465 3179 532 αὐτῷ,
3208 465 3305 520 καί
3339 467 3451 533 οὐχ
3481 464 3784 534 ὑπάρξει,

531 581 647 623 suae
686 581 784 621 nos
826 564 1100 620 transtulit
1133 580 1148 630 ;
1191 563 1415 633 haacque
1456 562 1584 619 fecit
1621 571 1680 617 ut
1717 563 1896 618 bonus
1938 572 2093 634 pater

531 657 870 712 insanientes
918 655 1058 712 ﬁlios
1097 655 1388 712 miseratus
1411 697 1426 722 ,
1464 670 1529 710 ac
1556 671 1685 726 erga
1719 655 1920 711 liberos
1950 655 2092 710 male

531 749 752 804 aﬂ'ectos
785 749 1044 818 majorem
1075 748 1604 804 commiserationem
1638 763 1961 804 assumens:
1993 763 2091 803 eo-

531 841 657 896 dem
687 840 776 894 ille
806 839 968 893 modo
996 855 1096 894 nos
1127 839 1422 894 miseratus
1455 846 1576 904 est,
1608 853 1672 893 ac
1699 855 1766 894 ex
1817 838 1992 894 atbeis
2036 846 2092 893 et

533 937 734 991 timore
763 934 1076 990 carentibus
1095 975 1111 999 ,
1143 934 1264 1003 pios
1292 948 1355 987 ac
1386 948 1446 988 se
1473 933 1728 988 timentes
1759 947 1861 988 nos
1888 931 2086 988 effecit.

2196 561 2296 618 καί
2317 565 2428 617 οὐκ
2457 563 2842 634 ἐπιγνώσεται
2870 562 2956 615 ἔτι
2978 559 3083 613 τὸν
3111 560 3297 612 τόπον
3323 557 3528 611 αὐτοῦ.
3550 557 3786 628 Ὥσπερ

2196 654 2304 707 ἀπὸ
2332 653 2554 718 σκότους
2589 655 2684 725 τῆς
2725 653 2834 708 τῶν
2885 651 3290 724 ἁμαρτημάτων
3317 650 3536 718 ἀγνοίας
3577 649 3681 702 ἐπὶ
3716 648 3786 700 τὸ

2198 745 2312 815 φῶς
2358 747 2459 816 τῆς
2503 745 2665 799 αὐτοῦ
2712 743 2962 814 γνώσεως
3020 742 3382 814 μετεστήσατο
3429 743 3608 812 ἡμᾶς’
3678 740 3786 792 καὶ

2195 836 2366 890 ταῦτα
2396 836 2628 909 ἔπραξεν
2649 837 2722 902 ὡς
2736 837 2936 907 ἀγαθὸς
2957 834 3136 906 πατὴρ
3152 835 3651 906 σπλαγχνιζόμενος
3682 832 3787 886 ἐπὶ

2197 934 2334 993 υἱοῖς
2370 930 2654 1000 μεμηνόσι,
2703 930 2797 983 καὶ
2828 930 2920 982 ἐπὶ
2952 928 3138 991 κακῶς
3173 927 3533 996 διακειμένοις
3557 926 3786 988 τέκνοις

539 1028 760 1102 μείζονα
786 1025 962 1083 οἶκτον
993 1026 1309 1084 ἀναλαϐώνο
1342 1027 1432 1080 τὸν
1494 1027 1654 1081 αὐτὸν
1685 1026 1882 1099 τρόπον
1945 1027 2040 1083 καὶ
2073 1026 2232 1092 αὐτὸς
2261 1026 2596 1099 ᾠκτείρησεν
2652 1024 2820 1094 ἡμᾶς,
2877 1021 2935 1088 ἐξ
2980 1021 3151 1077 ἀθέων
3202 1021 3296 1075 καὶ
3343 1018 3563 1089 ἁφόϐων
3611 1020 3787 1072 εὐσε-

533 1128 648 1191 ϐεῖς
677 1127 770 1181 καὶ
792 1128 954 1197 φοϐου
963 1127 1151 1198 μένους
1171 1126 1329 1179 αὐτὸν
1353 1125 1820 1198 ἀπεργασάμενος.

599 1239 768 1296 Vens.
812 1241 879 1295 i7
911 1240 992 1295 l9.
1035 1239 1402 1294 Misericordia
1419 1251 1591 1296 autem
1613 1241 1824 1296 Domini
1856 1240 1920 1295 ab
1942 1252 2096 1296 mter-

529 1351 632 1397 uo,
661 1341 710 1387 et
743 1350 904 1402 usque
955 1334 1010 1386 in
1068 1343 1319 1388 wternum
1375 1351 1530 1402 super
1565 1336 1800 1390 timentes
1853 1351 1989 1389 eum.
2028 1333 2099 1388 Et

520 1426 738 1496 justitia
765 1425 909 1478 illius
939 1427 992 1478 in
1021 1425 1162 1493 ﬁlios
1186 1426 1418 1494 ﬁliorum
1437 1466 1452 1490 ,
1481 1427 1561 1481 his
1585 1428 1674 1496 qui
1698 1435 1906 1481 seruant
1933 1435 2096 1481 testa-

529 1527 763 1573 mentum
791 1518 933 1587 ejus,
960 1527 1010 1571 et
1038 1534 1287 1573 memores
1314 1529 1436 1574 sunt
1457 1519 1826 1573 mandatorum
1849 1519 1994 1573 illius
2025 1518 2094 1573 ad

531 1611 826 1682 faciendum
857 1629 936 1666 ea.
966 1609 1104 1666 Huic
1134 1611 1310 1666 simile
1337 1611 1470 1666 illud
1500 1630 1513 1666 :
1545 1610 1769 1666 Faciens
1797 1613 2094 1667 misericor-

529 1704 675 1758 diam
705 1702 1043 1773 diligentibus
1081 1718 1180 1757 me.
1230 1701 1364 1757 Nam
1416 1702 1792 1758 misericordia
1817 1702 2089 1769 tDomini,

528 1804 583 1852 et
635 1811 859 1866 compar
904 1795 1024 1864 ejus
1065 1794 1278 1863 justitia
1321 1795 1378 1850 in
1425 1811 1641 1851 omnem
1689 1795 2091 1867 generationem
2133 1776 2141 1783 ’

2275 1236 2350 1292 Τὸ
2402 1235 2574 1302 ἕλεος
2621 1232 2691 1287 δὲ
2727 1231 2834 1286 τοῦ
2871 1229 3088 1298 Κυρίου
3140 1227 3255 1282 ἀπὸ
3287 1224 3389 1279 τοῦ
3416 1223 3633 1290 αἰῶνος
3668 1221 3784 1277 kal

2203 1331 2306 1396 ἕως
2344 1329 2448 1384 τοῦ
2481 1327 2692 1393 αἰῶνος
2705 1323 2804 1379 ἐπὶ
2820 1323 2959 1389 τοὺς
2986 1320 3393 1392 φοϐουμένους
3405 1319 3590 1372 αὐτόν
3611 1333 3626 1346 °
3660 1315 3782 1369 καί

2200 1425 2240 1491 ἠ
2281 1421 2628 1488 δικαιοσύνη
2677 1416 2862 1472 αὐτοῦ
2904 1414 3004 1470 ἐπὶ
3039 1413 3181 1478 τοὺς
3215 1410 3382 1476 υἱοὺς
3429 1409 3542 1464 τῶν
3588 1408 3780 1475 υἱῶν,

2201 1516 2325 1582 τοῖς
2357 1512 2748 1585 φυλάσσουσι
2783 1508 2898 1578 τὴν
2941 1506 3232 1574 διαθήκην
3265 1502 3473 1566 αὑτοῦ,
3517 1501 3612 1555 καί
3651 1519 3779 1571 με-

2197 1605 2524 1678 μνημένοις
2553 1601 2673 1657 τῶν
2698 1600 2962 1657 ἐντολῶν
3007 1597 3212 1663 αὐτοῦ,
3240 1595 3346 1651 τοῦ
3377 1592 3628 1661 ποιῆσαι
3657 1596 3783 1648 αὺ-

2199 1695 2324 1764 τάς.
2362 1697 2582 1766 Ὅμοιον
2615 1692 2711 1747 καὶ
2758 1691 2840 1756 τὸ,
2887 1689 3080 1744 Ποιῶν
3121 1688 3293 1753 ἕλεος
3335 1685 3462 1752 τοῖς
3489 1682 3786 1753 ἀγαπῶσι

2190 1805 2286 1858 με.
2317 1784 2639 1861 Παρατείνει
2666 1781 2776 1855 γὰρ
2808 1780 2870 1834 τδ
2897 1779 3043 1844 ἕλεος
3083 1778 3303 1850 Κυρίου,
3328 1776 3424 1830 καὶ
3463 1778 3498 1847 ἡ
3537 1775 3783 1845 σύζυγος

528 1886 842 1942 extenditur
875 1884 931 1939 in
968 1884 1222 1939 timentes
1256 1899 1380 1938 eum
1401 1925 1416 1945 .
1449 1892 1506 1938 et
1538 1886 1593 1940 in
1623 1885 1762 1942 ﬁlios
1783 1902 1972 1943 eorum
1997 1927 2012 1951 ,
2044 1885 2085 1940 ic‘

2200 1876 2365 1934 αὑτοῦ
2407 1873 2739 1944 δικαιοσύνη,
2783 1874 2860 1936 εἰς
2889 1874 3069 1927 πᾶσαν
3123 1873 3221 1944 τὴν
3265 1869 3458 1940 γενεὰν
3505 1870 3598 1923 ἐπὶ
3643 1869 3783 1934 τοὺς

528 1978 647 2035 est,
681 1975 738 2026 in
761 1970 1106 2026 aemulatores
1135 1978 1411 2041 gestorum
1445 1963 1688 2041 ipsorum
1710 2010 1725 2034 ,
1761 1969 1816 2024 in
1851 1985 1946 2026 eos
1981 1972 2091 2025 sci-

528 2059 657 2115 licet
673 2100 688 2124 ,
711 2061 803 2130 qui
829 2075 938 2116 non
965 2060 1127 2116 modo
1147 2068 1539 2130 praeceptorum
1561 2061 1681 2131 ejus
1700 2060 2057 2117 recordantur
2071 2102 2087 2126 ,

531 2150 626 2205 sed
656 2151 1002 2207 sermonibus
1033 2165 1199 2220 opera
1224 2150 1524 2220 adjiciunt,
1568 2159 1622 2206 et
1668 2152 1771 2208 boc
1819 2152 1981 2208 modo
2010 2153 2090 2206 vi-

529 2248 642 2294 tam
673 2241 1005 2296 concinnant
1031 2257 1207 2297 suam.
1242 2241 1317 2296 Ea
1362 2243 1561 2314 quippe
1602 2244 1821 2309 dantur,
1870 2260 1979 2300 non
2032 2255 2091 2300 ut

528 2332 772 2402 ipsorum
813 2332 1014 2388 nudam
1060 2333 1379 2388 memoriam
1408 2347 1462 2388 et
1491 2335 1738 2389 notitiam
1770 2351 2086 2404 servemus;

525 2426 625 2482 sed
657 2433 717 2482 ut
743 2428 1001 2483 memoria
1044 2427 1112 2482 ad
1151 2426 1487 2498 operandum
1519 2435 1755 2482 utamur.
1789 2427 1927 2483 Illud
1955 2444 2090 2499 quo-

525 2533 634 2586 que
665 2515 921 2574 Servator
955 2518 1198 2574 declarat
1241 2517 1326 2574 his
1357 2517 1579 2573 verbis:
1613 2517 1719 2584 Qui
1750 2518 1904 2573 habet
1935 2536 2088 2573 nian-

525 2607 656 2663 data
702 2625 848 2675 mea,
892 2621 942 2664 et
981 2619 1152 2665 seruat
1194 2626 1288 2674 ea,
1329 2608 1418 2663 ille
1453 2616 1531 2664 est
1562 2609 1652 2679 qui
1691 2607 1865 2680 diligit
1895 2626 1977 2663 me
2005 2609 2086 2664 ‘°:

524 2717 654 2758 nam
699 2703 1065 2760 observationi
1101 2712 1502 2774 tantumnnon
1537 2703 1816 2758 memoriae
1863 2717 2085 2768 eorum,

523 2808 735 2850 merces
763 2795 1028 2863 debetur;
1062 2811 1240 2868 neque
1264 2795 1539 2851 auditores
1559 2836 1575 2862 ,
1609 2794 1705 2850 sed
1739 2796 1977 2850 cultores
2012 2795 2089 2850 le-

521 2884 609 2957 gis
629 2885 1094 2956 justiﬁeabuntur.
1115 2887 1346 2960 Pulchre
1364 2895 1545 2942 autem
1571 2887 1655 2942 lex
1678 2884 1773 2941 Dei
1795 2893 2089 2942 testamen-

522 2985 642 3032 tum
667 2986 861 3033 vocata
889 2985 1006 3043 est,
1051 2987 1110 3034 ut
1142 2980 1235 3050 qui
1263 2994 1382 3035 eam
1416 2979 1812 3042 observamus,
1861 2978 2090 3034 haeredi-

523 3077 691 3126 tatem
721 3069 862 3128 inde-
889 3085 1189 3142 Speremus.
1239 3069 1396 3138 Quod
1423 3079 1601 3128 autem
1640 3078 1836 3126 natura
1868 3071 2086 3142 quidem

521 3168 713 3216 nostra
732 3159 876 3216 iluxa
901 3161 1003 3227 sit,
1030 3162 1212 3217 divina
1241 3178 1370 3218 vero
1394 3162 1681 3218 clementia
1701 3161 1937 3218 debitam
1960 3177 2088 3233 pro-

2196 1964 2561 2036 φοϐουμένους
2592 1965 2755 2021 αὐτὸν
2799 1965 2894 2020 καὶ
2916 1965 3042 2030 τοὺς
3078 1971 3228 2030 υῐους
3271 1965 3472 2031 αὐτῶν,
3519 1968 3777 2021 τουτέστι

2195 2059 2317 2122 τοὺς
2357 2056 2463 2111 τῶν
2507 2057 2680 2129 ἔργων
2727 2057 2891 2110 αὑτοῦ
2943 2056 3208 2131 ζηλωτὰς,
3253 2059 3379 2124 τοὺς
3426 2059 3525 2129 οὐχ
3576 2059 3777 2125 ἁπλῶς

2198 2148 2576 2229 μεμνημένους
2615 2149 2724 2204 τῶν
2773 2150 3002 2204 ἐντολῶν
3042 2151 3228 2216 αὐτοῦ,
3278 2152 3394 2206 ἀλλ’
3421 2152 3773 2217 ἐπιτιθέντας

2195 2244 2306 2304 τοῖς
2328 2239 2504 2310 λόγοις
2531 2240 2598 2294 τὰ
2624 2240 2783 2313 ἔργα,
2822 2242 2917 2295 καὶ
2944 2240 3082 2294 κατὰ
3109 2241 3271 2296 ταὺτὸ
3298 2242 3388 2297 τὸν
3419 2245 3618 2297 οἰκεῖον
3650 2245 3770 2315 βίον

2197 2331 2574 2404 ρυθμίζοντας.
2623 2333 2863 2388 Δίδονται
2889 2332 2997 2406 γὰρ
3043 2326 3201 2387 αῦται
3245 2334 3345 2388 οὐκ
3374 2336 3465 2388 ἐπὶ
3503 2337 3578 2406 τῷ
3615 2338 3767 2407 μνῆ..

2197 2442 2304 2497 μην
2335 2424 2513 2480 αὐτῶν
2545 2424 2706 2495 ψιλὴν
2730 2426 2824 2480 καὶ
2855 2425 3051 2494 γνῶσιν
3081 2425 3224 2497 ἔχειν
3255 2428 3422 2497 ἡμᾶς,
3457 2427 3586 2480 ἀλλὰ
3617 2429 3768 2499 μνή-

2197 2534 2303 2589 μην
2346 2518 2426 2580 είς
2467 2517 2528 2571 τὸ
2559 2516 2800 2588 ποιῆσαι.
2830 2516 3000 2570 Τοῦτο
3032 2519 3124 2571 καὶ
3161 2520 3190 2571 ὁ
3216 2519 3406 2591 Σωτὴρ
3435 2519 3766 2590 παρίστησιν

2193 2607 2380 2663 είπώψ
2397 2609 2450 2663 '0
2480 2609 2636 2680 ἔχων
2659 2608 2764 2676 τὰς
2782 2608 3033 2677 ἐντολάς
3058 2627 3178 2680 μου
3205 2610 3303 2664 καὶ
3331 2610 3524 2680 τηρῶν
3550 2613 3762 2679 αὑτὰς,

2191 2700 2422 2768 ἐκεῖνός
2468 2701 2639 2757 ἐστιν
2675 2705 2709 2756 ὁ
2755 2698 3002 2771 ἀγαπῶν
3039 2718 3118 2771 με
3139 2718 3153 2732 ·
3199 2703 3300 2772 τῆς
3344 2701 3451 2773 γὰρ
3493 2705 3764 2775 ποιήσεως

2192 2792 2305 2847 ἀλλ’
2333 2794 2392 2846 οὐ
2423 2793 2524 2865 τῆς
2567 2794 2784 2866 μνήμης
2822 2793 3001 2851 αὐτῶν
3034 2794 3199 2866 μόνης
3226 2796 3254 2848 ὁ
3292 2794 3506 2866 μισθός
3541 2796 3635 2848 καὶ
3661 2797 3762 2866 οὐχ

2192 2887 2240 2939 oi
2263 2887 2549 2957 ἀκροαταὶ,
2578 2885 2692 2942 ἀλλ’
2722 2888 2773 2940 οἱ
2814 2886 3030 2958 ποιηταὶ
3045 2883 3152 2940 ’τοῦ
3187 2885 3349 2958 νόμου
3379 2887 3760 2959 δικαιωθήσον-

2193 2995 2302 3031 ται.
2337 2976 2534 3042 Καλῶς
2573 2975 2631 3032 δὲ
2660 2976 2893 3050 διαθήκη
2941 2980 2971 3032 ὁ
3005 2976 3167 3049 νόμος
3194 2977 3288 3030 τοῦ
3321 2976 3455 3031 Θεοῦ
3489 2978 3759 3048 προσηγό-

2197 3086 2380 3146 ρευται
2409 3109 2425 3136 ,
2475 3069 2563 3125 ἴνα
2619 3068 2980 3142 κληρονομίαν
3032 3068 3340 3140 ὲλπίζωμεν
3394 3069 3452 3136 ἐξ
3495 3071 3667 3141 αὐτῆς
3708 3073 3756 3124 ei

2193 3147 2576 3233 φυλᾶσσοντες.
2608 3161 2631 3182 ”
2659 3163 2753 3217 Οτι
2793 3162 2852 3216 δὲ
2894 3163 2930 3233 ἠ
2962 3161 3061 3234 μὲν
3086 3160 3248 3232 φύσις
3277 3162 3431 3234 ἡμῶν
3472 3163 3754 3235 ὲπίκηρος,

522 3253 862 3324 genitoribus
898 3253 1126 3324 iustitiae
1168 3254 1474 3310 mercedem
1516 3269 1690 3325 usque
1749 3253 1821 3310 ad
1861 3261 2085 3325 nepotes

2190 3255 2224 3325 ἡ
2245 3253 2302 3308 δὲ
2328 3252 2448 3308 θεία
2474 3252 2851 3326 φιλανθρωπία
2893 3254 2988 3307 καὶ
3025 3252 3216 3326 μέχρις
3252 3254 3490 3322 ἐγγόνων
3521 3253 3758 3324 διατηρεῖ

521 3353 841 3412 conservet,
890 3356 1147 3419 sexcenta
1176 3347 1408 3419 hujusce
1448 3345 1529 3401 rei
1572 3345 1891 3403 testimonia
1930 3360 2087 3416 repe-

522 3435 655 3493 rias.
685 3435 822 3492 Nam
848 3438 922 3494 ob
937 3438 1261 3503 Abrahami,
1292 3437 1463 3494 Isaaei
1489 3442 1543 3492 et
1564 3434 1752 3492 Jacobi
1775 3433 2085 3507 justitiam,

520 3529 783 3600 populum
813 3544 881 3585 ex
910 3529 980 3586 iis
1007 3537 1196 3601 postea
1222 3537 1474 3587 exortum
1503 3527 1792 3584 vocatione
1835 3533 1890 3584 et
1928 3540 2090 3599 pecu-

521 3619 646 3675 liari
689 3620 1028 3692 providentia
1065 3621 1325 3696 dignatus
1363 3629 1470 3677 est.
1506 3619 1645 3676 Jehu
1683 3626 1868 3676 autem
1911 3633 2088 3689 usque

520 3709 592 3764 ad
644 3718 893 3781 quartam
940 3713 1347 3782 generationem
1405 3726 1637 3782 regnum
1693 3710 2083 3776 conservavit,

519 3799 736 3856 etiamsi
766 3816 876 3856 non
923 3801 1148 3857 omnino
1193 3801 1392 3872 pietate
1432 3801 1695 3873 praeditus
1733 3808 1924 3869 esset;
1957 3802 2086 3871 quia

517 3891 579 3946 in
609 3892 877 3965 principio
907 3895 1058 3966 regni
1091 3896 1176 3952 sui
1206 3896 1446 3951 studium
1474 3911 1605 3967 erga
1631 3895 1803 3951 Deum
1829 3895 2087 3952 exhibue-

518 3993 625 4040 rat.
643 3982 876 4041 Mirabili
897 4002 1026 4043 vero
1052 3986 1647 4044 Davidi-inexstinctam
1674 3987 1971 4044 cusmdivit
1991 4004 2082 4060 ge-

516 4076 669 4132 neris
691 4076 981 4133 scintillam
999 4117 1016 4144 ,
1041 4080 1145 4136 etsi
1166 4079 1319 4150 impii
1343 4080 1498 4133 multi
1525 4080 1668 4134 inter
1691 4080 1811 4148 ejus
1835 4087 2083 4149 posteros

517 4169 694 4224 exorti
723 4169 851 4226 sint.
877 4166 1134 4225 Dominus
1164 4172 1219 4232 in
1247 4171 1374 4226 cazlo
1399 4173 1606 4241 parauit
1637 4171 1878 4226 thronum
1903 4189 2078 4235 suum,

515 4270 567 4314 et
621 4277 837 4332 regnum
885 4264 1048 4331 ipsius
1090 4263 1332 4318 omnibus
1378 4263 1758 4318 dominabitur.
1813 4254 2082 4322 Aceurate

515 4350 720 4407 dictum
753 4362 867 4417 est,
900 4353 1138 4408 omnibus
1167 4352 1568 4419 dominabitur;
1599 4355 1692 4411 sed
1729 4369 1840 4410 non
1863 4395 1879 4421 ,
1912 4357 2081 4410 omni-

517 4442 612 4497 bus
640 4441 978 4509 dominatur,
1009 4445 1139 4514 quia
1181 4459 1290 4498 non
1316 4460 1506 4501 omnes
1541 4445 1692 4516 digni
1741 4452 1870 4501 sunt
1910 4460 2078 4514 regno

515 4534 683 4588 illius.
731 4533 1095 4600 Quamobrem
1131 4536 1200 4591 iis
1228 4537 1323 4611 qui
1353 4537 1724 4608 evangelicam
1753 4537 1919 4592 vitam
1954 4536 2074 4592 exi-

515 4631 686 4694 gunt,
745 4641 972 4696 regnum
1023 4627 1289 4683 cmlorum
1339 4624 1589 4682 Salvator
1635 4625 1916 4696 pollicitus
1967 4631 2070 4679 est.

515 4717 638 4771 Alio
685 4716 812 4771 item
860 4717 1198 4787 intelligendi
1247 4732 1399 4772 more
1441 4717 1697 4772 omnibus
1740 4716 2073 4777 dominatur,

517 4805 682 4859 etiam
723 4807 790 4861 iis
827 4807 921 4877 qui
965 4823 1133 4878 regno
1177 4808 1440 4863 calorum
1485 4807 1694 4878 indigni
1731 4814 1860 4863 sunt
1907 4808 2076 4876 impe-

515 4913 648 4953 rans
680 4916 694 4965 ;
724 4908 993 4971 quatenus
1022 4915 1216 4970 nempe
1245 4899 1487 4955 omnium
1515 4897 1778 4954 Dominus
1805 4905 1909 4954 est.

585 5073 751 5131 Vens.
793 5076 881 5132 20.
922 5077 1220 5134 Benedicite
1239 5078 1484 5145 Domino,
1519 5095 1694 5135 omnes
1723 5078 1896 5150 angeli
1921 5078 2071 5149 ejus,

511 5177 746 5238 potentes
773 5171 967 5226 uirtute
988 5211 1003 5238 ,
1047 5173 1296 5242 facientes
1323 5175 1536 5228 uerbum
1565 5173 1713 5229 illius
1741 5171 1810 5227 ad
1852 5171 2073 5226 audien-

513 5261 638 5316 dam
666 5279 839 5318 uocem
867 5280 1166 5318 sermonum
1190 5266 1325 5336 ejus.
1360 5265 1622 5337 Superius
1649 5266 1865 5338 quidem
1897 5263 2074 5335 Spiri-

514 5357 653 5430 ritus
682 5356 900 5413 divinus
935 5358 1170 5414 hominis
1201 5354 1439 5413 animam
1474 5360 1539 5414 ad
1573 5363 1870 5431 gratiarum
1903 5361 2075 5416 actio-

513 5464 638 5502 nem
669 5456 724 5504 et
755 5449 1190 5506 benedictionem
1223 5450 1319 5507 Dei
1354 5451 1616 5507 invitabat
1647 5453 1836 5509 dicens
1857 5493 1871 5518 ,
1909 5453 2074 5507 Bene-

514 5540 601 5594 dic
625 5581 641 5607 ,
671 5543 850 5598 anima
877 5561 1014 5610 mea,
1045 5544 1300 5612 Domino;
1329 5560 1476 5601 nunc
1502 5553 1705 5608 autem,
1732 5548 1859 5618 quia
1889 5545 2071 5601 throni

518 5629 614 5686 Dei
652 5639 709 5688 et
751 5635 1052 5692 cmicstium
1096 5639 1478 5706 mansionum,
1527 5654 1662 5710 quas
1706 5639 1885 5713 dignis
1924 5637 2071 5695 Deus

486 5869 496 5878 ,
585 5785 628 5818 '°
666 5784 818 5860 Joatj.
856 5807 966 5857 xxv,
1001 5793 1088 5849 ει.

2189 3344 2288 3417 τὴν
2340 3345 2454 3408 τοῖς
2511 3342 2795 3416 προγόνοις
2842 3343 3196 3418 ὀφειλομένην
3260 3345 3356 3416 τῆς
3417 3345 3753 3414 δικαιοσύνης

2188 3438 2477 3504 ἀντίδοσιν,
2524 3436 2692 3509 μυρία
2724 3437 2790 3492 ἂν
2835 3437 3015 3511 εὕροις
3063 3437 3355 3510 μαρτύρια.
3387 3437 3486 3490 Διά
3513 3437 3617 3509 γὰρ
3656 3436 3752 3505 τὴν

2185 3527 2281 3584 τοῦ
2322 3527 2571 3601 Ἀϐραὰμ
2618 3527 2982 3600 δικαιοσύνην,
3030 3529 3124 3583 καὶ
3166 3529 3263 3601 τὴν
3301 3528 3396 3582 τοῦ
3429 3527 3612 3582 Ἰσαὰκ
3658 3528 3749 3582 καὶ

2199 3621 2412 3688 Ἰακὼϐ,
2444 3621 2538 3675 τὸν
2581 3621 2642 3687 ἐξ
2677 3621 2857 3676 αὐτῶν
2895 3621 3066 3693 φύντα
3114 3621 3254 3693 μετὰ
3282 3620 3448 3676 ταῦτα
3473 3620 3595 3673 λαὸν
3643 3619 3743 3689 τῆς

2186 3713 2429 3785 κλήσεως
2457 3711 2554 3768 καὶ
2589 3713 2690 3783 τῆς
2726 3713 2930 3777 οἰκείας
2962 3713 3264 3785 ἐπισκοπῆς
3296 3711 3581 3784 κατηξίωσε
3607 3727 3624 3742 ο
3659 3728 3741 3779 τῳ

2197 3805 2338 3876 Ἰηοῦ
2363 3806 2524 3877 μέχρι
2539 3804 2805 3876 τετάρτης
2825 3805 3018 3874 γενεᾶς
3045 3805 3141 3874 τὴν
3161 3803 3427 3874 βασιλείαν
3449 3804 3741 3874 τετήρηκε,

2185 3897 2363 3952 καίτοι
2389 3895 2522 3967 μηδὲ
2553 3894 2761 3949 τελείαν
2782 3895 3110 3966 κτησαμένῳ
3124 3894 3423 3956 εὐσέϐειαν,
3452 3893 3560 3947 ἀλλ’
3592 3894 3651 3944 ὲν
3679 3894 3747 3962 τῇ

2182 3987 2324 4059 ἀρχῇ
2370 3985 2470 4056 τῆς
2523 3983 2795 4055 βασιλείας
2849 3984 3237 4055 ὲπιδειξαμένῳ
3284 3985 3374 4037 τὸν
3430 3983 3618 4053 ζῆλον·
3673 3982 3754 4052 τῷ

2184 4077 2451 4148 θεσπεσίῳ
2482 4075 2660 4142 Δαυῖδ,
2701 4075 2962 4130 ἄσϐεστον
3008 4077 3241 4146 ἐτήρησε
3283 4074 3374 4128 τὸν
3425 4073 3518 4128 τοῦ
3562 4075 3756 4138 γένους

2185 4168 2477 4241 σπινθῆρα,
2518 4169 2612 4224 καὶ
2642 4167 2814 4222 ταῦτα
2841 4166 3046 4220 πολλῶν
3090 4165 3364 4222 δυσσεϐῶν
3390 4168 3447 4219 ὲν
3486 4167 3642 4238 μέσῳ
3669 4166 3758 4236 βε-

2189 4261 2584 4332 ϐλαστηκότων.
2617 4260 2831 4327 Κύριος
2861 4259 2931 4313 ἐν
2969 4258 3048 4324 τῷ
3071 4258 3302 4327 οὐρανῷ
3324 4258 3616 4329 ἡτοίμασε
3649 4262 3760 4313 τὸν

2183 4355 2399 4422 θρόνον
2447 4351 2654 4414 αὐτοῦ,
2707 4351 2804 4404 καὶ
2856 4353 2895 4420 ἠ
2940 4351 3229 4415 ,ϐασιλεία
3278 4351 3462 4405 αὐτοῦ
3510 4349 3761 4405 πάντων

2183 4445 2490 4499 δεσπόσει.
2542 4441 2808 4514 ’Δκριϐῶς
2831 4441 2887 4496 δὲ
2916 4443 2978 4495 τὺ
3001 4439 3241 4494 πάντων
3259 4440 3568 4504 δεσπόσει,
3594 4443 3750 4515 εῖρηο

2179 4553 2292 4602 ται,
2340 4534 2455 4588 ἀλλ’
2499 4533 2582 4599 οὐ,
2631 4533 2872 4587 πάντων
2917 4531 3215 4593 δεσπόζὲι·
3267 4535 3387 4587 ἐπεὶ
3433 4533 3506 4605 μὴ
3549 4533 3764 4599 πάντες

2182 4627 2322 4693 ἄξιοι
2350 4627 2674 4697 τυγχάνουσι
2705 4627 2805 4698 τῆς
2851 4625 3016 4680 αὐτοῦ
3062 4625 3352 4696 βασιλείας.
3398 4625 3488 4679 Διὸ
3515 4630 3627 4689 τοῖς
3660 4628 3757 4680 τὸν

2181 4715 2530 4784 εὐαγγελικὸν
2561 4713 2883 4787 κατορθοῦσι
2923 4714 3038 4786 βίον
3060 4716 3159 4786 τὴν
3189 4716 3296 4770 τῶν
3323 4717 3563 4789 οὐρανῶν
3599 4717 3763 4787 βασι-

2181 4804 2330 4858 λείαν
2369 4807 2403 4859 '6
2453 4805 2641 4877 Σωτὴρ
2697 4805 3074 4877 ἐπηγγείλατο.
3125 4807 3383 4871 Δεσπόζει
3427 4807 3482 4861 δὲ
3529 4808 3758 4862 πάντων

2180 4894 2301 4951 καθ’
2331 4896 2521 4968 ἑτέραν
2560 4897 2801 4951 ἐπίνοιαν
2833 4897 2926 4950 καὶ
2957 4895 3064 4950 τῶν
3091 4896 3321 4962 ἀναξίων
3349 4899 3446 4969 τῆς
3474 4897 3760 4968 βασιλείας

2179 4989 2342 5044 αὐτοῦ
2380 4989 2616 5061 κρατῶν,
2643 4984 2730 5043 οἷα
2760 4989 2822 5061 δὴ
2852 4991 3067 5044 πάντων
3089 4989 3311 5062 Κύριος.

2244 5080 2562 5151 Εὐλογεῒτε
2604 5081 2710 5134 τὸν
2749 5081 2984 5148 Κύριον,
3025 5081 3244 5147 πάντες
3283 5085 3337 5136 οὶ
3381 5081 3617 5152 ἄγγελοι
3643 5088 3759 5140 αὐ-

2180 5173 2306 5238 τοῦ,
2337 5172 2580 5227 δυνατοὶ
2613 5174 2798 5242 ίσχύϊ,
2831 5174 3143 5240 ποιοῦντες
3177 5175 3285 5228 τὸν
3324 5179 3510 5245 λόγον
3535 5178 3750 5241 αὑτοῦ.

2179 5266 2285 5320 τοῦ
2306 5265 2565 5323 ἀκοῦσαι
2593 5264 2704 5333 τῆς
2737 5264 2942 5334 φωνῆς
2966 5263 3083 5319 τῶν
3104 5269 3300 5336 λόγων
3326 5269 3531 5324 αὐτοῦ.
3579 5270 3753 5325 Ἀνω-

2179 5359 2322 5431 τέρω
2351 5359 2447 5431 μὲν
2475 5360 2535 5412 τὸ
2565 5358 2704 5411 θεῖον
2735 5358 2954 5429 Πνεῦμα
2984 5358 3080 5430 τὴν
3122 5358 3215 5412 τοῦ
3245 5359 3529 5431 ἀνθρώπου
3568 5361 3751 5433 ψυχὴν

2179 5451 2360 5504 ἐκάλει
2401 5451 2493 5504 ἐπὶ
2535 5451 2634 5523 τὴν
2674 5452 3018 5523 εὐχαριστίαν
3067 5455 3159 5506 καὶ
3203 5453 3302 5524 τὴν
3353 5453 3602 5524 εὐλογίαν
3651 5455 3747 5508 τοῦ

2178 5543 2333 5609 Θεοῦ,
2369 5544 2575 5613 φάσκον
2594 5557 2608 5571 °
2643 5545 2913 5613 Εὺλόγει,
2942 5545 2981 5611 ἡ
3007 5545 3176 5614 ψυχή
3195 5563 3335 5614 μου,
3358 5545 3463 5600 τόν
3486 5548 3744 5615 Κύριονο

2177 5635 2271 5692 νῦν
2313 5637 2391 5704 δὲ,
2442 5637 2627 5710 ἐπειδὴ
2668 5636 2760 5692 τοῦ
2807 5637 2994 5709 θρόνου
3034 5637 3128 5692 τοῦ
3169 5637 3304 5693 Θεοῦ
3347 5639 3743 5710 ἐμνημόνευσε,

2572 5787 2602 5814 Ι
