4044 6212
375 299 514 356 i269

1465 299 1963 356 COMMENTARIA
2003 301 2068 356 IN
2111 273 2442 362 nsanos.

3479 323 3612 376 127d

377 419 604 474 καὶτῶν
635 421 898 494 οὐρανίων
941 421 1250 496 διατριδῶν,
1296 422 1362 486 ἃς
1400 424 1511 486 τοῖς
1538 423 1709 490 ἀξίοις
1750 425 1779 476 ό
1819 423 1935 486 Θεὸς

2053 429 2376 496 praeparavit
2400 467 2414 493 ,
2441 429 2768 486 mentionem
2795 434 2922 490 fecit
2942 476 2956 501 ,
2985 437 3272 493 admodum
3303 457 3612 511 congruen-

371 511 656 586 ἡτοίμασε,
689 515 889 587 σφόδρα
918 515 1221 580 ἀκολούθως
1243 518 1361 580 ταῖς
1387 516 1656 588 οὐρανίοις
1683 517 1943 587 δυνάμεσι

371 607 688 678 συγχαίρειν
728 610 793 677 τῇ
846 607 946 677 τῆς
997 607 1173 678 ψυχῆς
1213 609 1454 679 σωτηρίᾳ
1488 608 1943 680 παρακελεύεται,

363 698 506 752 κατά
546 699 638 753 τὸν
671 701 934 771 σωτήριον
965 700 1120 769 λόγον
1154 702 1405 772 φήσαντα
1431 702 1602 772 χαρὰν
1631 701 1853 756 ἔσεσθαι·
1887 705 1944 756 ἐν

361 790 440 862 τῷ
486 791 702 863 οὐρανῷ
748 792 842 844 ἐπὶ
889 792 970 846 ἐν).
1020 793 1328 865 ἁμαρτωλῷ
1385 792 1731 864 μετανοοῦντι
1751 812 1764 825 ·
1809 793 1945 848 ἀλλά

361 885 456 938 καὶ
493 887 574 949 εἰς
628 883 778 948 τέλος
825 883 947 954 ἄγει
991 885 1088 957 τὴν
1145 884 1432 958 ἀνθρώπου
1480 887 1657 958 ψυχὴν
1704 888 1798 942 καὶ
1845 889 1943 952 τὰς

361 976 645 1048 οὐρανίους
677 977 937 1048 δυνάμεις
959 993 974 1008 ⁵
1009 977 1073 1031 τὸ
1109 977 1217 1049 γὰρ
1245 978 1376 1031 αὐτὸ
1420 978 1520 1050 τῆς
1566 979 1816 1048 εὐλογίας
1847 981 1941 1052 ἐρ-

361 1084 456 1138 γον
497 1067 791 1143 καὶταύτῃ
827 1070 1100 1134 κάκείνοις
1137 1069 1436 1124 ἐπιτάττει.
1480 1070 1733 1124 Δυνατοί
1751 1073 1939 1140 ἰσχύϊ,

361 1159 676 1230 ποιοῦντες
727 1161 834 1214 τὸν
881 1161 1067 1231 λόγον
1117 1159 1323 1223 αὐτοῦ,
1366 1158 1474 1213 τοῦ
1526 1158 1783 1213 ἀκοῦσαι
1832 1157 1942 1226 τῆς

361 1251 567 1321 φωνῆς
600 1251 718 1305 τῶν
737 1255 935 1322 λόγων
953 1253 1161 1307 αὑτοῦ.
1189 1252 1269 1304 Τὰ
1291 1251 1390 1322 μὲν
1407 1251 1548 1304 κατά
1578 1253 1657 1314 σὲ,
1679 1251 1862 1322 φησὶν,
1895 1245 1940 1304 ὧ

360 1343 543 1417 ψυχὴ,
596 1343 873 1409 ἐξασθενεῖ
927 1344 1063 1416 πρὸς
1113 1344 1175 1397 τὸ
1225 1346 1344 1397 κατ’
1399 1343 1554 1408 ἀξίαν
1616 1345 1804 1414 ὑμνεῖν
1849 1344 1940 1397 τὸν

359 1437 523 1494 Θεόν·
558 1439 623 1491 ἐκ
658 1438 857 1508 μέρους
885 1436 942 1490 δὲ
983 1437 1130 1507 ὅμως
1163 1435 1320 1490 τοῦτο
1354 1437 1516 1490 ποίει.
1571 1436 1707 1490 Ἴσθι
1741 1436 1820 1502 δὲ,
1861 1437 1940 1490 ὃτι

359 1532 408 1586 οἰ
451 1529 671 1598 ἄγγελοι
697 1528 884 1595 αὐτοῦ,
911 1528 1125 1582 δυνατοὶ
1161 1527 1305 1599 ίσχύῖ
1344 1530 1514 1594 ὄντες,
1549 1528 1643 1582 καὶ
1667 1527 1940 1584 ἀδιαπτώ-

358 1637 467 1684 τως
493 1620 583 1673 τὸν
627 1619 784 1687 λόγον
816 1618 979 1672 αὐτοῦ
1012 1617 1310 1684 ποιοῦντες,
1343 1618 1482 1684 ἄξιοί
1513 1637 1570 1672 τε
1595 1619 1814 1674 ἀκούειν
1839 1619 1940 1690 τῆς

361 1711 546 1780 φωνῆς
584 1710 750 1764 αὐτοῦ
799 1710 1030 1764 καὶτῶν
1059 1711 1234 1781 λόγων
1279 1710 1463 1777 αὐτοῦ,
1501 1712 1818 1783 πρεπόντως
1845 1712 1938 1765 καὶ

362 1805 483 1858 κατ’
499 1803 655 1870 ἀξίαν
691 1803 1002 1872 εὐλογοῦσιν
1036 1804 1217 1858 αὐτόν.
1241 1803 1303 1856 Εἰ
1333 1803 1390 1858 δὲ
1415 1805 1511 1856 καὶ
1545 1807 1603 1856 ἐν
1628 1803 1936 1874 ἀνθρώποις

359 1891 470 1949 εἶὲν
501 1913 644 1958 τινες
669 1895 759 1948 τὸν
794 1895 1074 1964 ἰσάγγελον
1107 1895 1219 1965 βίον
1259 1895 1664 1967 μετερχόμενοι,
1706 1895 1801 1949 ἆτε
1840 1896 1936 1966 τὴν

359 1991 542 2044 εἰκόνα
590 1988 682 2042 τοῦ
728 1988 1050 2060 ἐπουρανίου
1095 1987 1405 2060 φοροῦντες,
1444 1987 1717 2058 ἰσχύοντες
1747 1989 1802 2042 δὲ
1847 1990 1938 2044 καὶ

359 2082 514 2135 αὐτοὶ
546 2083 714 2134 ποιεῖν
746 2080 836 2133 τὸν
867 2079 1023 2149 λόγον
1048 2079 1234 2145 αὐτοῦ,
1266 2079 1360 2134 καὶ
1387 2079 1603 2134 δυνατοὶ
1628 2081 1728 2152 τῆς
1755 2083 1938 2153 φωνῆς

358 2173 523 2228 αὐτοῦ
557 2172 872 2236 ὑπακούειν,
903 2170 1046 2227 κατὰ
1081 2172 1171 2226 τὸν
1201 2175 1480 2244 φήσαντα·
1511 2172 1716 2229 Πάντα
1749 2175 1938 2242 ἰσχύω

356 2267 426 2324 ἐν
456 2264 534 2333 τῷ
564 2264 1001 2335 ἐνδυναμοῦντί
1027 2281 1124 2334 με.
1176 2266 1285 2318 Καὶ
1329 2258 1496 2328 οὗτοι,
1537 2265 1811 2336 ἰσάγγελοι
1853 2265 1938 2318 δν-

355 2376 467 2425 τες,
517 2359 904 2428 εὐλογείτωσαν
949 2359 1133 2414 αὐτὸν.
1182 2359 1388 2432 Μηδεὶς
1434 2360 1491 2413 δὲ
1520 2359 1627 2414 τῶν
1659 2359 1934 2430 παραϐαι-

357 2451 554 2509 νόντων
586 2452 676 2505 τὸν
721 2451 876 2520 λόγον
905 2451 1070 2505 αὐτοῦ
1099 2453 1192 2506 καὶ
1237 2451 1655 2524 παρακουόντων
1693 2451 1792 2522 τῆς
1823 2468 1935 2521 φω-

358 2542 454 2614 vi};
477 2542 663 2606 αὐτοῦ,
699 2541 1134 2614 προπετέστερον
1168 2541 1419 2612 τολμάτω
1447 2541 1605 2596 τοῦτο
1634 2543 1824 2596 ποιεῖν.

427 2632 747 2704 Εὐλογεῖτε
787 2633 894 2687 τὸν
936 2634 1182 2701 Κύριον,
1203 2632 1392 2689 πᾶσαι
1427 2637 1487 2687 αὶ
1515 2633 1799 2702 δυνάμεις
1826 2635 1934 2688 αὐ-

358 2726 486 2793 τοῦ,
536 2724 867 2796 λειτουργοὶ
912 2725 1120 2793 αὐτοῦ,
1154 2727 1467 2793 ποιοῦντες
1510 2727 1581 2780 τὰ
1634 2726 1937 2796 θελήματα

356 2819 566 2876 αὑτοῦ.
581 2820 640 2872 '0
666 2819 764 2890 μὲν
785 2818 965 2885 Δαυῖδ,
993 2819 1288 2891 ἐπειδήπερ
1311 2819 1419 2872 εἰσὶ
1448 2820 1542 2873 καὶ
1565 2819 1935 2890 ἀντικείμεναι

357 2911 635 2982 δυνάμεις,
670 2911 875 2982 σφόδρα
914 2911 1228 2980 ἀναγκαίως
1261 2911 1511 2982 ἐπιφέρει
1550 2910 1636 2964 τό·
1673 2913 1937 2985 τῖειτουρ-

359 3003 450 3076 τοί
482 3001 689 3067 αὑτοῦ,
723 3003 1031 3070 ποιοῦντες
1066 3002 1140 3058 τὰ
1167 3003 1471 3074 θελήματα
1496 3003 1702 3066 αὑτοῦ,
1723 3004 1947 3067 δεικνὺς,

2055 525 2138 573 ter
2180 520 2434 576 caelestes
2480 523 2710 579 virtutes
2746 525 2904 593 jubet
2935 530 3127 584 animae
3172 534 3334 587 saluti
3375 551 3615 606 congau-

2053 608 2219 674 dere,
2252 612 2551 667 secundum
2590 615 2695 669 hoc
2738 615 3042 675 Salvator-is
3088 622 3328 688 dictum,
3369 627 3611 692 scilicet,

2048 702 2308 770 gaudium
2344 704 2459 760 fore
2492 707 2544 760 in
2577 709 2716 763 cmlo
2751 725 2916 779 super
2961 729 3070 767 uno
3112 725 3394 784 peccatore
3442 723 3617 789 pruni-

2045 797 2270 852 tentiam
2319 807 2512 869 agente
2567 803 2608 834 ⁸¹
2643 821 2656 856 :
2688 802 2784 857 sed
2832 805 2996 859 etiam
3041 824 3163 862 cum
3213 811 3450 868 hominis
3497 815 3614 868 ani-

2045 903 2190 942 mam
2212 929 2228 955 ,
2264 896 2379 944 tum
2417 893 2669 950 caelestes
2700 897 2934 953 virtutes
2967 899 3022 952 in
3073 900 3232 955 ﬁnem
3277 904 3421 972 agit:
3471 905 3614 961 idem

2045 980 2190 1034 enim
2223 982 2579 1040 benedicendi
2609 1002 2809 1043 munus
2845 997 2953 1042 tam
2989 991 3101 1056 illi,
3135 1010 3296 1063 quam
3331 997 3451 1051 istis
3479 1014 3616 1068 pra:-

2043 1073 2256 1128 scribit.
2292 1074 2538 1130 Potentes
2569 1080 2789 1145 uirtute,
2819 1081 3069 1148 facientes
3096 1085 3304 1139 verbum
3336 1089 3516 1152 illius,
3546 1090 3615 1144 ad

2049 1166 2366 1221 audiendam
2412 1187 2580 1224 vocem
2621 1190 2919 1229 sermonum
2949 1179 3083 1248 ejus.
3121 1177 3276 1244 Quod
3313 1181 3377 1235 ad
3411 1191 3461 1238 tc
3492 1200 3614 1254 spe—

2044 1265 2190 1324 ctat,
2225 1275 2259 1313 o
2286 1263 2498 1325 anima,
2552 1266 2822 1321 hnbecilla
2870 1268 3196 1341 inﬁrmaque
3233 1289 3294 1326 es
3337 1275 3402 1327 ad
3448 1274 3613 1328 Deum

2047 1365 2147 1418 pro
2177 1349 2441 1420 dignitate
2471 1357 2896 1414 celebrandum:
2963 1371 3198 1415 attamen
3243 1363 3295 1417 id
3337 1380 3403 1417 ex
3461 1376 3615 1436 parte

2043 1443 2381 1512 exsequaris.
2427 1444 2579 1502 Scito
2613 1458 2795 1504 autem
2828 1454 3051 1522 angelos
3080 1454 3235 1523 ejus,
3269 1471 3393 1510 cum
3424 1468 3616 1528 poten-

2045 1541 2129 1590 tes
2152 1536 2356 1592 virtute
2379 1539 2523 1604 sint,
2547 1550 2600 1596 et
2631 1542 3002 1599 indesinenter
3024 1547 3246 1600 verbum
3276 1549 3368 1602 Dei
3390 1549 3614 1617 faciant,

2042 1625 2300 1699 dignique
2329 1631 2438 1686 sint
2461 1633 2554 1702 qui
2579 1649 2766 1689 vocem
2796 1646 2847 1690 et
2875 1653 3180 1694 sermonem
3205 1643 3325 1710 ejus
3353 1646 3612 1707 audiant,

2041 1722 2299 1778 decenter
2329 1740 2392 1778 ac
2417 1727 2684 1797 condigne
2716 1729 2817 1796 ipsi
2851 1712 3194 1789 benedicere.
3229 1735 3384 1800 Quod
3416 1738 3464 1791 si
3492 1742 3614 1807 qui-

2040 1815 2163 1869 dam
2202 1815 2342 1871 inter
2387 1817 2638 1875 homines
2671 1820 2779 1876 sint
2809 1824 2903 1891 qui
2939 1824 3103 1877 vitam
3140 1828 3398 1897 angelicae
3429 1845 3610 1898 parem

2040 1905 2258 1970 ineunt,
2285 1918 2473 1979 utpote
2491 1911 2584 1980 qui
2611 1912 2902 1984 imaginem
2925 1917 3168 1973 cmlestis
3190 1921 3610 1987 circumferant,

2039 2012 2102 2050 ac
2134 1999 2237 2068 ipsi
2273 2015 2494 2070 quoque
2538 2003 2763 2058 verbum
2792 2005 2914 2074 ejus
2949 2010 3173 2078 exsequi
3208 2019 3261 2064 et
3289 2027 3476 2066 vocem
3509 2029 3610 2066 au-
3673 2017 3676 2022 ’

2033 2089 2154 2146 dire
2179 2091 2434 2158 valeant,
2459 2094 2764 2150 secundum
2798 2113 2921 2152 eum
2955 2101 3048 2169 qui
3075 2100 3242 2166 dicit,
3277 2101 3468 2156 Omnia
3497 2121 3612 2173 pos—

2036 2198 2154 2236 sum
2206 2183 2261 2236 in
2305 2201 2365 2239 eo
2401 2187 2491 2256 qui
2537 2204 2618 2241 me
2652 2189 2918 2259 confortat
2951 2191 3029 2258 υς
3076 2192 3129 2246 hi
3159 2209 3376 2264 quoque
3399 2196 3608 2266 angelis

2040 2288 2200 2343 pares
2229 2290 2353 2328 cum
2380 2277 2523 2342 sint,
2544 2279 2865 2335 benedicant
2891 2282 2961 2336 ei.
2989 2283 3157 2338 Nemo
3186 2293 3366 2341 autem
3392 2302 3606 2355 eorum,

2038 2367 2132 2436 qui
2162 2368 2389 2422 verbum
2423 2370 2543 2438 ejus
2574 2375 3054 2443 transgrediuntur
3083 2392 3146 2436 ac
3186 2381 3307 2435 voci
3338 2381 3458 2449 ejus
3496 2397 3610 2438 non

2039 2458 2443 2530 obtemperant,
2472 2470 2674 2519 temere
2705 2465 2807 2520 hoc
2831 2481 2990 2538 agere
3018 2482 3330 2538 przesumat.

2108 2635 2273 2692 Vens.
2309 2637 2400 2704 21,
2427 2639 2518 2694 92.
2561 2639 2856 2697 Benedicite
2886 2643 3132 2712 Domino,
3173 2665 3348 2704 omnes
3389 2653 3606 2711 virtutes

2035 2730 2172 2797 ejus,
2207 2732 2441 2786 ministri
2477 2733 2613 2802 ejus,
2650 2737 2740 2804 qui
2769 2737 2946 2806 facitis
2977 2738 3266 2796 voluntates
3284 2735 3425 2811 ejus.
3460 2744 3608 2810 Quo.

2036 2823 2182 2876 niam
2222 2823 2548 2881 adversaria;
2571 2842 2789 2898 quoque
2819 2831 3048 2887 virtutes
3085 2842 3233 2905 sunt,
3283 2835 3407 2891 ideo
3433 2836 3604 2891 David

2035 2916 2350 2972 necessario
2400 2909 2774 2988 illud'adjicit,
2833 2923 3062 2978 ministri
3103 2926 3239 2994 ejus,
3281 2928 3371 2996 qui
3425 2929 3603 2998 facitis

2036 3005 2329 3061 voluntates
2361 3007 2517 3076 ejus:
2548 3007 2834 3066 declarans
2877 3025 3016 3081 quas
3064 3020 3119 3068 et
3146 3013 3453 3082 cujusmodi
3495 3017 3608 3070 vir-

359 3099 511 3162 τίνας
535 3097 779 3169 βούλεται
801 3097 894 3150 καὶ
919 3095 1108 3160 ὁποίας
1125 3095 1382 3167 δυνάμεις
1402 3096 1641 3164 εὐλογεῖν
1667 3095 1758 3152 τὸν
1779 3095 1931 3150 Θεόν·

2038 3105 2184 3154 tutes
2227 3097 2336 3153 Deo
2374 3099 2698 3156 benedicere
2747 3102 2876 3158 velit
2911 3122 2924 3158 :
2957 3119 3066 3159 non
3143 3120 3333 3162 omnes
3381 3107 3602 3178 quippe,

357 3194 441 3246 ὅτι
477 3191 550 3264 μὴ
581 3191 782 3254 πάσας,
819 3189 954 3262 μηδὲ
997 3189 1096 3254 τὰς
1143 3189 1409 3255 ἐναντίας,
1437 3189 1574 3243 ἀλλὰ
1630 3190 1787 3260 μόνος
1833 3189 1931 3254 τὰς

361 3282 517 3350 ἀξίας
563 3284 664 3346 τὰς
698 3284 774 3345 ,ἐν
814 3281 1090 3354 διαφόροις
1115 3282 1300 3347 τάξεσι
1321 3282 1736 3355 λειτουργούσας
1765 3281 1930 3352 αὐτῷ,

359 3377 475 3448 ἦτοι
509 3375 770 3438 ποιούσας
795 3373 958 3428 αὐτοῦ
987 3374 1050 3428 τὸ
1088 3374 1317 3446 θέλημα.
1351 3376 1670 3446 Λειτουργοὶ
1691 3376 1798 3447 γάρ
1830 3379 1932 3430 εἰσι

359 3465 492 3520 Θεοῦ
514 3466 769 3536 δυνάμεις
791 3463 1153 3535 ὐπερητοῦσαι
1173 3465 1322 3536 αὐτῷ
1343 3467 1422 3528 εἰς
1443 3465 1478 3519 ἃ
1500 3467 1742 3536 βούλεται
1764 3473 1934 3521 ποιεῖν

358 3557 426 3610 δι’
453 3555 632 3610 αὐτῶν
661 3557 748 3609 ἐπ’
776 3555 1066 3627 εὐεργεσίᾳ
1098 3557 1190 3609 καὶ
1215 3555 1451 3628 ὠφελείᾳ
1481 3558 1708 3620 παντός·
1736 3558 1816 3610 διὸ
1842 3559 1934 3611 καὶ

361 3652 533 3704 ποιεῖν
573 3649 642 3702 τὰ
686 3648 965 3721 θελήματα
992 3649 1156 3703 αὐτοῦ
1190 3649 1453 3722 εἴρηνται.
1481 3651 1796 3720 Εὑλογεῖτε
1827 3651 1935 3704 τὸν

362 3743 597 3812 Κύριον,
626 3741 822 3796 πάντα
842 3741 913 3795 τὰ
942 3741 1086 3810 ἔργα
1110 3741 1400 3806 αὺτοῦ,ἐν
1430 3743 1607 3796 παντὶ
1635 3744 1796 3808 τόπῳ
1826 3743 1935 3810 τῆς

362 3835 714 3900 δεσποτείας
736 3834 941 3888 αὐτοῦ.
970 3833 1306 3903 Εὺλόγει,,ή
1336 3835 1505 3904 ψυχή
1531 3852 1670 3904 μου,
1699 3834 1804 3888 τὸν
1822 3837 1935 3889 Κύ-

355 3925 592 3992 ριον.⁹Η
623 3925 722 3995 τῆς
754 3924 1074 3988 ἀκολουθίας
1117 3924 1325 3978 διάνοια
1370 3925 1558 3978 τοῦτον
1599 3926 1773 3980 ἔοικεν
1805 3927 1934 3980 ὐπο-

365 4013 578 4067 6άλλειν
616 4014 706 4066 τὸν
753 4014 875 4067 νοῦν
895 4031 907 4044 °
941 4015 1004 4068 Εἰ
1037 4014 1138 4088 μὲν
1166 4013 1407 4083 ἀγγέλων
1438 4010 1526 4086 ἦν,
1557 4016 1709 4086 φησὶ,
1753 4017 1930 4086 μόνον,

365 4107 459 4161 καὶ
501 4106 660 4160 θείων
709 4106 989 4178 δυνάμεων
1025 4107 1119 4162 καὶ
1150 4108 1413 4180 οὐρανίων
1443 4107 1769 4179 λειτουργῶν
1798 4109 1930 4162 Θεοῦ

364 4198 427 4252 τὸ
453 4197 692 4266 εὐλογεῖν
721 4198 903 4262 αὐτὸν,
937 4199 1114 4264 καλῶς
1132 4199 1196 4254 ἂν
1221 4197 1384 4271 εἶχες,
1409 4193 1454 4252 ὦ
1483 4199 1646 4271 ψυχὴ,
1675 4201 1933 4254 ὐποοτέλ-

364 4291 550 4348 λεσθαι
585 4289 802 4361 ἐαυτὴν,
822 4293 933 4354 τοῖς
964 4293 1230 4362 κρείττοσι
1255 4291 1654 4364 παραχωροῦσα
1669 4291 1765 4361 τὴν
1787 4292 1933 4344 εὐλο-

366 4383 518 4455 γίαν⁸
555 4381 739 4452 ἐπειδὴ
762 4382 820 4434 δὲ
845 4382 872 4434 ό
907 4380 1049 4444 θεῖος
1072 4381 1226 4450 λόγος
1256 4385 1392 4438 πᾶσι
1418 4385 1530 4446 τοῖς
1563 4382 1742 4453 ἔργοις
1767 4382 1930 4436 αὐτοῦ

2041 3206 2218 3260 neque
2248 3191 2628 3260 adversarias;
2665 3193 2762 3249 sed
2785 3195 2960 3250 solum
2993 3211 3088 3252 eas
3112 3197 3432 3268 qumdignae
3450 3209 3600 3262 sunt,

2037 3290 2090 3337 et
2113 3282 2288 3338 variis
2309 3282 2593 3340 ordinibus
2618 3285 2723 3355 ipsi
2752 3286 3085 3350 ministrant,
3116 3288 3232 3343 sive
3253 3303 3372 3360 qua:
3398 3289 3606 3345 faciunt

2034 3375 2373 3430 voluntatem
2417 3375 2560 3446 ejus.
2604 3377 2740 3432 Nam
2786 3378 3026 3436 ministri
3066 3379 3160 3435 Dei
3210 3391 3339 3436 sunt
3373 3383 3604 3439 virtutes

2037 3467 2139 3536 ipsi
2172 3468 2240 3522 ad
2283 3468 2536 3538 quaelibet
2564 3485 2792 3524 munera
2833 3485 2934 3539 pro
2977 3471 3244 3527 beneficio
3271 3481 3327 3528 et
3369 3475 3604 3530 utilitate

2036 3559 2278 3614 universi
2315 3559 2691 3615 ministrantes
2723 3579 2735 3614 :
2764 3577 2933 3630 quare
2958 3563 3267 3620 voluntates
3291 3565 3412 3636 ejus
3445 3582 3604 3622 exse:-

2036 3650 2126 3720 qui
2164 3651 2440 3706 dicuntur.
2468 3651 2767 3707 Benedicite
2801 3653 3052 3720 Domino,
3075 3657 3254 3710 omnia
3283 3671 3439 3726 opera
3465 3658 3602 3726 ejus,

2035 3745 2089 3798 in
2110 3746 2253 3798 omni
2278 3745 2392 3798 loco
2424 3743 2805 3800 dominationis
2833 3745 2969 3814 ejus.
2995 3745 3240 3813 Benedic,
3264 3749 3443 3802 anima
3463 3765 3599 3812 mea,

2035 3835 2284 3891 Domino.
2316 3834 2443 3890 Haec
2472 3833 2636 3889 seriei
2659 3849 2812 3889 mens
2836 3842 2890 3889 et
2919 3837 3187 3890 sententia
3212 3837 3426 3892 videtur
3442 3854 3600 3894 esse:

2041 3926 2098 3981 Si
2128 3926 2467 3996 angelorum,
2500 3925 2699 3996 inquit,
2742 3925 3106 3990 solummodo,
3149 3927 3456 3982 divinarum
3489 3929 3604 3983 vir-

2037 4026 2236 4082 tutum,
2260 4019 2678 4087 etelestiumque
2710 4015 2807 4072 Dei
2835 4017 3213 4072 ministrorum
3247 4018 3480 4074 oﬂicium
3513 4034 3605 4076 es-

2037 4119 2119 4167 set
2142 4111 2248 4181 ipsi
2277 4110 2619 4176 benedicere,
2660 4119 2808 4165 recte
2834 4124 3050 4178 posses,
3075 4125 3109 4162 o
3147 4111 3348 4173 anima,
3384 4120 3437 4166 te
3463 4127 3600 4166 con-

2034 4203 2228 4264 tinere,
2255 4217 2319 4256 ac
2347 4208 2400 4256 te
2423 4201 2740 4256 melioribus
2761 4199 3195 4255 benedictionem
3223 4200 3446 4268 cedere;
3471 4202 3601 4270 quia

2035 4309 2166 4348 vero
2205 4293 2426 4348 divinus
2460 4307 2640 4348 sermo
2662 4292 2882 4346 cunctis
2912 4291 3034 4358 ejus
3063 4292 3322 4361 operibus
3350 4293 3598 4362 praacipit

2037 4395 2096 4441 ut
2129 4385 2360 4440 Domino
2395 4384 2753 4451 benedicent;
2789 4399 2889 4454 par
2913 4393 2992 4438 est
3024 4383 3170 4436 enim
3199 4397 3416 4438 omnem
3445 4399 3602 4438 crea-

366 4476 606 4547 εὐλογεῖν
627 4475 716 4528 τὸν
736 4473 940 4547 Κύριον
959 4477 1281 4546 προστάττει
1302 4493 1313 4506 ο
1341 4477 1606 4548 προσήκει
1630 4475 1735 4547 γὰρ
1753 4477 1929 4529 πᾶσαν

2038 4486 2212 4532 turam
2263 4490 2364 4546 pro
2413 4474 2692 4539 facultate,
2744 4479 3135 4543 congruentem
3178 4470 3290 4526 Deo
3340 4472 3600 4543 hymnum

364 4568 461 4642 τὴν
505 4569 681 4622 κτίσιν
729 4567 868 4621 κατά
913 4565 1010 4638 τὴν
1057 4567 1222 4638 αὐτῆς
1264 4567 1487 4640 δύναμιν
1519 4569 1608 4623 τὸν
1655 4569 1930 4640 πρέποντα

366 4663 532 4736 ῦμνον
558 4661 866 4715 ἀποδιδόναι
893 4659 971 4731 τῷ
1001 4658 1120 4730 Θεῷ
1137 4676 1149 4688 ·
1184 4659 1235 4712 τί
1269 4659 1498 4730 μέλλεις,
1523 4654 1566 4714 ὧ
1589 4661 1732 4732 ψυχή
1755 4678 1769 4726 ;
1799 4663 1930 4732 Οὐχὶ

365 4753 460 4808 καὶ
486 4753 644 4823 αὐτὴ,
679 4751 773 4805 ἆτε
825 4751 983 4820 ἔργον
1030 4750 1130 4803 οὐκ
1177 4748 1642 4820 εὐκαταφρόνητον
1675 4746 1804 4802 οὖσα
1837 4749 1928 4802 τοῦ

366 4846 524 4912 Θεοῦ,
552 4845 686 4898 ἀλλά
715 4845 835 4898 κατ’
863 4842 1042 4898 εἰκόνα
1067 4839 1258 4895 ἐαυτοῦ
1293 4843 1653 4912 πεποιημένη,
1675 4841 1928 4913 ἁνεγείρῃ

367 4938 597 5008 σεαυτὴν
643 4938 734 4990 ἐπί
778 4938 876 5009 τὴν
922 4935 1196 5003 θεολογίαν
1233 4933 1326 4986 καὶ
1359 4933 1600 5002 εὐλογίαν
1634 4935 1725 4988 τοῦ
1755 4934 1926 4998 Θεοῦ;

377 5029 596 5100 Ἐπειδὴ
625 5030 658 5099 ἡ
683 5028 966 5082 δεσποτεία
994 5029 1178 5092 αὐτοῦ,
1214 5031 1352 5083 κατὰ
1377 5027 1436 5080 τὸ
1460 5028 1764 5098 εἰρημένον,
1797 5028 1931 5080 πάν-

365 5139 470 5175 των
490 5119 758 5185 δεσπόζει,
791 5119 1076 5191 οὐρανίων,
1096 5119 1370 5184 ἐπιγείων,
1398 5117 1782 5188 καταχθονίων,
1801 5119 1930 5171 ἀκο-

365 5211 568 5272 λούθως
609 5207 786 5263 πάντα
812 5209 880 5262 τά
908 5209 1042 5281 ἔργα
1071 5208 1258 5275 αὐτοῦ,
1291 5208 1366 5272 ὡς
1400 5207 1464 5261 ἂν
1499 5207 1602 5260 ὐπὸ
1639 5207 1735 5278 τὴν
1768 5207 1929 5261 αὐτοῦ

363 5299 674 5356 δεσποτείαν
699 5299 847 5363 ὄντα,
870 5301 940 5353 τά
983 5299 1268 5371 σύμπαντα
1294 5298 1422 5369 γάρ,
1455 5299 1605 5369 φησὶ,
1635 5297 1795 5352 δοῦλα
1841 5298 1928 5360 σὰ,

361 5393 438 5459 ὡς
471 5393 770 5464 ποιήματα,
800 5392 1085 5462 εὐλογείτω
1135 5393 1314 5446 αὐτόν.
1345 5394 1454 5446 Καὶ
1502 5391 1615 5454 πῶς
1656 5391 1931 5460 εὐλογοῦσι

362 5485 434 5540 τὰ
456 5485 624 5554 ἄλογα
657 5487 750 5538 καὶ
778 5485 846 5539 τά
871 5486 1086 5556 dij/exat;
1134 5485 1221 5548 Ὠς
1242 5485 1458 5555 οὐρανοὶ
1497 5485 1806 5556 διηγοῦνται
1850 5484 1930 5538 ὁὸ-

365 5578 463 5653 Εαν
503 5577 636 5632 Θεοῦ
657 5619 672 5644 ,
704 5577 920 5642 πάντως
949 5579 1068 5632 ἀντὶ
1103 5577 1287 5648 φωνῆς
1323 5577 1578 5649 χρώμενα
1605 5581 1670 5651 τῇ
1705 5579 1822 5650 ὄψει
1852 5581 1930 5644 εἰς

435 5756 480 5792 ³¹
520 5756 653 5814 Luc.
691 5773 778 5824 xv,
819 5757 868 5812 7.
946 5759 989 5790 ²⁹
1029 5757 1257 5828 Philipp.
1298 5774 1369 5823 Iv,
1409 5759 1493 5813 l5.

2033 4567 2301 4630 emittere,
2331 4564 2463 4636 quid
2499 4564 2796 4628 cunctaris,
2820 4578 2854 4617 ο
2886 4563 3102 4617 anima?
3141 4561 3395 4633 Nunquid
3436 4571 3600 4619 etiam

2035 4661 2172 4728 ipsa,
2201 4664 2396 4726 utpote
2420 4670 2558 4725 opus
2581 4653 2676 4709 Dei
2702 4669 2811 4707 non
2842 4652 3231 4723 spernendum,
3265 4653 3360 4708 sed
3376 4655 3442 4709 ad
3464 4655 3601 4708 ima-

2037 4753 2216 4822 ginem
2249 4751 2370 4820 ejus
2404 4748 2628 4813 factum,
2661 4747 3005 4816 temetipsam
3047 4749 3254 4804 exeitas
3289 4748 3355 4802 ad
3385 4748 3600 4806 divinas

2033 4842 2223 4898 laudes
2244 4849 2298 4896 et
2331 4841 2399 4900 ad
2430 4838 2861 4895 benedicendum
2888 4837 3031 4892 Deo?
3059 4837 3325 4903 Quoniam
3357 4839 3602 4892 domina-

2034 4935 2110 4989 tio
2138 4934 2281 5003 ejus,
2325 4941 2384 4986 ut
2417 4932 2621 4986 dictum
2655 4939 2760 4994 est,
2796 4930 3049 4985 omnibus
3093 4931 3322 4999 imperat
3362 4930 3600 4984 caelesti-

2037 5028 2160 5091 bus,
2211 5026 2561 5082 terrestribus
2611 5033 2666 5079 et
2712 5023 2977 5089 infernis;
3023 5023 3145 5076 ideo
3201 5023 3384 5076 omnia
3433 5038 3599 5092 opera

2033 5121 2174 5190 ejus,
2217 5127 2407 5189 utpote
2433 5117 2604 5186 ipsius
2637 5113 2996 5169 dominationi
3032 5111 3271 5179 subdita,
3302 5111 3403 5180 ipsi
3437 5113 3599 5166 bene-

2033 5214 2237 5268 dicant.
2268 5209 2406 5265 Nam
2426 5209 2631 5275 omnia,
2669 5208 2866 5278 inquit,
2900 5205 2994 5259 tibi
3025 5205 3456 5272 subdita,utpote
3479 5201 3598 5270 opi-

2037 5305 2159 5358 licia
2187 5312 2302 5368 tua,
2334 5300 2657 5358 benedicere
2684 5299 2782 5354 tibi
2811 5298 3028 5354 debent.
3062 5295 3127 5349 Et
3148 5293 3420 5366 quomodo
3442 5292 3599 5347 bene-

2033 5397 2218 5452 dicant
2245 5394 2644 5450 irrationabilia
2672 5399 2726 5448 et
2758 5391 3096 5446 inanimata?
3137 5389 3255 5454 Quo
3285 5384 3444 5440 modo
3471 5385 3596 5440 caeli

2033 5500 2290 5545 enarrant
2319 5488 2548 5559 gloriam
2575 5487 2690 5550 Dei,
2730 5485 2821 5555 qui
2852 5500 2984 5539 sane
3027 5485 3322 5550 conspectu
3359 5493 3460 5533 suo
3493 5492 3596 5533 ceu

2035 5599 2185 5650 voce,
2236 5582 2303 5640 ad
2343 5579 2700 5638 exhibendam
2731 5577 2827 5635 Dei
2857 5577 3112 5634 virtutem
3157 5580 3387 5628 utuntur
3415 5591 3427 5628 :
3456 5573 3598 5632 unde
