4040 6210
419 232 555 289 1271

1138 226 1412 285 EUSEBII
1446 194 1925 287 οΕδΑιιιΕόιειε
1953 224 2105 284 OPP.
2142 224 2320 283 PARS
2356 225 2450 283 111.
2484 257 2557 270 —-
2593 224 3009 284 EXEGETICA.

3526 227 3677 284 1272

417 366 519 421 ego
541 349 802 406 laudandi
831 350 1178 405 occasionem
1217 346 1453 419 accipio,
1481 354 1539 405 et
1574 345 1642 403 ad
1670 347 1986 404 Creatorem

2113 348 2325 417 ξμφασιν
2355 346 2453 418 τῆς
2481 345 2631 411 θείας
2661 346 2976 419 δυνάμεως·
3006 338 3148 419 παρ’Δ
3171 336 3255 400 ὧν
3270 344 3383 416 ἑγὼ
3405 346 3679 418 λαμϐάνω

415 441 804 499 celebrandum
842 453 1133 511 provocor.
1173 437 1242 494 Et
1279 439 1418 496 alias
1460 439 1642 496 solent
1669 439 1989 511 plerumque

2113 437 2182 493 ρῦ
2215 438 2402 510 ὑμνεῖν
2444 439 2546 504 τὰς
2595 438 2875 511 ἀφορμάς,
2906 438 3002 493 καὶ
3046 438 3304 510 κινοῦμαι
3334 438 3473 511 πρὸς
3501 440 3678 511 sisqq-

416 535 697 607 prophetae
716 533 882 590 etiam
909 532 1338 590 irrationabilem
1363 540 1618 590 naturam
1649 532 1718 588 ad
1742 531 1838 590 Dei
1871 533 1990 587 lau-

2091 530 2222 602 μίαν
2254 529 2351 585 τοῦ
2383 530 2906 597 κτίσαντος.¹’Δλλως
2936 547 2996 584 τε
3023 529 3278 586 εἰώθασιν
3308 531 3360 584 oi
3396 532 3674 603 προφῆται

418 627 519 683 des
575 624 880 683 eﬁ'erendas
927 640 1232 691 assumere,
1286 626 1448 697 quasi
1493 625 1837 682 rationabilis
1879 639 1989 680 non

2113 625 2186 678 ιαὶ
2227 622 2327 697 τὴν
2357 623 2553 693 ἄλογον
2587 622 2750 695 φύσιν
2797 623 3057 688 πολλάκις
3100 624 3553 696 παραλαμϐάνειν
3591 626 3675 691 είς

417 717 673 785 suﬁiciat,
710 718 791 773 uti
820 732 1008 774 revera
1034 717 1191 789 pueri
1228 718 1285 774 in
1327 717 1546 774 camino
1574 718 1843 775 fecerunt.
1872 716 1993 775 οω-

417 819 596 868 terum
628 813 888 869 omnibus
916 812 974 869 in
1004 812 1142 869 locis
1178 828 1377 869 canere
1402 810 1607 869 Iudaeis
1649 827 1758 868 non
1792 825 1994 868 conve-

417 907 522 964 nit.
569 903 652 960 llli
694 905 896 976 quippe
945 907 1013 961 ab
1048 905 1117 961 iis
1143 905 1238 976 qui
1288 920 1348 962 se
1383 904 1441 963 in
1491 904 1861 977 captivitatem
1896 904 1994 958 ab-

418 997 715 1066 duxerunt,
764 997 823 1052 in
865 996 1144 1069 Babylone
1193 1013 1261 1052 ex
1303 997 1541 1054 canticis
1596 996 1728 1053 Sion
1770 1003 1995 1052 cantare

417 1087 586 1160 iussi.
623 1089 902 1155 dixerunt,
949 1092 1004 1145 et
1030 1086 1251 1159 quidem
1286 1087 1589 1146 secundum
1618 1088 1790 1158 legem
1832 1101 1997 1157 agen-

420 1184 507 1234 tes
536 1177 852 1246 :Quomodo
908 1180 1135 1234 cantabo
1185 1180 1455 1234 canticum
1480 1178 1696 1234 Domini
1741 1179 1797 1232 in
1855 1186 1997 1232 terra

422 1269 600 1326 aliena
617 1273 706 1327 “‘l
732 1271 904 1329 Nobis
927 1281 1107 1328 autem
1168 1272 1388 1330 divinus
1422 1273 1718 1343 Apostolus
1755 1270 1998 1342 pracipit

423 1367 486 1415 ut
529 1361 586 1417 in
635 1363 785 1419 omni
845 1363 967 1420 loco
1016 1372 1241 1421 orantes
1294 1364 1573 1421 elevemus
1618 1372 1838 1420 sanctas
1880 1376 1999 1417 ma-

423 1469 533 1511 nus
574 1454 641 1512 “.
696 1454 936 1527 ldipsum
1004 1457 1272 1514 Dominus
1325 1455 1581 1516 Christus
1643 1456 1999 1513 Samaritana:

426 1542 589 1610 dixit,
624 1544 851 1602 localem
898 1546 1278 1603 adorationem
1304 1547 1373 1604 de
1402 1547 1582 1604 medio
1625 1546 1847 1609 tollens,
1882 1546 2002 1600 cul-

425 1643 653 1707 tumque
672 1637 877 1694 docens
897 1638 951 1694 in
979 1637 1186 1710 Spiritb
1215 1650 1269 1695 ct
1294 1639 1522 1695 veritate
1541 1637 1907 1694 exhibendum
1932 1636 1996 1692 ³⁵.

966 1750 1290 1809 PSALMUS
1325 1750 1458 1809 CIII.

504 1838 674 1898 Vsus.
728 1843 781 1909 l,
830 1844 890 1899 2.
932 1843 1178 1909 Benedic,
1232 1845 1434 1908 anima,
1491 1841 2005 1899 Domino:Domiue

413 1926 571 1988 'Deus
610 1948 781 1997 meus,
824 1934 1194 2004 magniﬁcatus
1238 1949 1292 1989 es
1331 1934 1649 1989 veltementer
1673 1950 1692 1989 :
1713 1934 2004 2005 confessio-

426 2039 548 2080 nem
578 2033 628 2078 et
662 2022 901 2079 decorem
929 2022 1176 2088 induisti,
1203 2024 1429 2078 amictus
1472 2024 1668 2079 lumine
1689 2025 1827 2079 sicut
1853 2025 2007 2079 uesti-

427 2122 625 2171 mento.
652 2116 701 2169 A
727 2121 1108 2171 creaturarum
1140 2115 1542 2186 magnitudine,
1575 2116 1921 2189 providentia
1950 2124 2006 2174 et

427 2205 697 2263 varietate
731 2203 962 2262 docetur
1010 2206 1196 2262 anima
1234 2206 1472 2278 gaudere
1519 2223 1586 2264 ac
1623 2208 1877 2264 ﬁduciam
1918 2224 2009 2265 su-

430 2312 619 2355 mere:
653 2297 731 2354 ita
762 2305 824 2354 ut
860 2298 918 2354 in
948 2314 1016 2357 eo
1059 2299 1347 2372 glorietur,
1379 2315 1445 2357 ac
1473 2300 1764 2357 Dominum
1806 2300 2008 2358 Deum-

432 2402 542 2460 que
566 2403 727 2446 suum
755 2404 1012 2463 magnum
1042 2400 1321 2448 tantarum
1346 2408 1530 2449 rerum
1554 2394 1804 2465 opiﬁcem
1833 2392 2009 2449 ascri-

430 2481 551 2550 bat,
586 2498 827 2555 eumque
874 2485 982 2541 sibi
1030 2486 1316 2558 proprium
1359 2486 1617 2558 praedicet
1653 2502 1780 2542 cum
1808 2486 2007 2542 aﬁ‘ectu

430 2575 647 2643 dicens,
683 2576 907 2633 Domine
936 2577 1082 2634 Deus
1124 2595 1293 2635 meus.
1336 2577 1732 2648 Confessionem
1764 2588 1814 2634 et
1852 2579 2009 2634 deco-

433 2683 547 2723 rem
574 2667 818 2736 induisti,
836 2671 1063 2725 amictus
1086 2671 1281 2725 lumine
1300 2670 1438 2724 sicut
1460 2672 1788 2726 vestimento.
1813 2668 2011 2738 Quem-

419 2738 731 2864 }admodum
762 2762 811 2819 is
843 2764 938 2834 qui
978 2763 1224 2820 sensibili
1260 2763 1591 2864 vestimento
1620 2761 1888 2828 induitur,
1912 2777 2011 2817 un-

422 2840 606 2947 ξάίαιιο
647 2858 885 2927 ωείιυιδς
916 2857 997 2913 sic
1043 2859 1190 2928 Quod
1239 2854 1337 2911 Dei
1367 2840 1552 2912 lumim
1606 2854 1870 2912 sustineri
1911 2868 2011 2909 ne-

433 2954 624 3018 queat,
660 2947 1265 3020 incomprebensibilem
1306 2963 1429 3004 esse
1468 2949 1619 3004 illius
1649 2947 2009 3004 substantiam

2089 715 2366 787 εὐφημίαν
2393 714 2488 770 τοῦ
2522 712 2682 781 Θεοῦ,
2706 714 2783 781 ὡς
2808 714 2910 775 οὐκ
2938 715 3267 789 ἀποχρώσης
3288 718 3391 788 τῆς
3427 717 3674 789 λογικῆς,

2092 809 2343 882 καθάπερ
2370 808 2563 879 ἀμέλει
2599 809 2694 864 καὶ
2733 809 2784 862 οἱ
2830 807 3019 872 παῖδες
3052 809 3111 862 ἐν
3151 811 3220 881 τῇ
3253 810 3490 881 καμίνῳ.
3525 810 3679 883 Πλὴν

2091 904 2153 958 τὸ
2180 904 2240 958 ὲν
2271 904 2434 957 παντὶ
2453 901 2606 973 τόπῳ
2629 900 2775 974 ᾅδειν
2809 901 2910 971 οὐχ
2941 898 3202 971 ἁρμόττει
3227 902 3341 964 τοῖς
3379 900 3671 966 Ἰουδαίοις.

2106 996 2333 1050 Ἐκεῖνοι
2364 994 2492 1067 γὰρ.
2527 994 2635 1048 ὑπὸ
2663 993 2771 1049 τῶν
2823 991 3332 1066 ἀνδραποδισάντων
3359 989 3487 1066 ᾆσαι
3510 1010 3678 1068 προσ-

2093 1085 2384 1158 ταχθέντες
2427 1086 2493 1139 ὲκ
2528 1083 2637 1139 τῶν
2675 1083 2828 1156 ᾠδῶν
2871 1083 3009 1139 Σιὼν
3032 1085 3092 1137 ὲν
3119 1083 3416 1151 Βαϐυλῶνι,
3444 1085 3676 1155 ἔφασαν,

2094 1178 2320 1251 ἔννομον
2351 1176 2587 1249 δρῶντες
2606 1194 2621 1207 ο
2652 1176 2787 1244 Πῶς
2824 1175 3045 1246 ᾄσομαι
3089 1176 3208 1245 τὴν
3253 1176 3412 1245 ᾠδὴν
3445 1180 3685 1248 Κυρίου

2094 1272 2194 1328 ἐπὶ
2226 1269 2337 1344 τῆς
2350 1271 2692 1340 ἀλλοτρίας.
2709 1271 2873 1342 Ἡμῖν
2893 1269 2949 1323 δὲ
2970 1270 3001 1323 ὁ
3030 1269 3177 1334 θεῖος
3193 1270 3504 1335 ’Δπόστολος
3525 1288 3682 1345 παρ-

2096 1366 2272 1437 εγγυᾷ
2302 1365 2362 1418 ὲν
2399 1364 2564 1418 παντὶ
2602 1363 2755 1434 τόπῳ
2797 1361 3259 1435 προσευχομένοις
3290 1363 3457 1435 αἴρειν
3490 1360 3680 1427 ὁσίους

2098 1462 2306 1531 χεῖρας.
2336 1456 2508 1511 Τοῦτο
2535 1457 2630 1511 καὶ
2658 1457 2690 1510 ό
2727 1456 2994 1528 δεσπότης
3020 1455 3259 1530 Χριστὸς
3287 1454 3424 1528 πρὸς
3451 1455 3546 1526 τὴν
3575 1455 3682 1510 Σα-

2103 1549 2350 1621 μαρεῖτιν
2375 1547 2501 1619 ἔφη,
2524 1548 2624 1620 τὴν
2655 1546 2884 1620 τοπικὴν
2911 1544 3151 1618 ἀναιρῶν
3183 1543 3685 1617 προσκύνησιν,τὴν

2032 1695 2076 1752 Β
2099 1640 2158 1694 δὲ
2187 1641 2247 1695 ἑν
2262 1639 2540 1711 Πνεῦματι
2565 1640 2658 1694 καὶ
2687 1637 3200 1711 ἀληθείαιδιδάσκων
3226 1637 3505 1710 λατρείαν.

2666 1752 2960 1807 ΨΔΛΜΟΣ
2986 1751 3087 1805 PP

2176 1850 2450 1918 Εῠλόγει,
2482 1847 2520 1915 ἠ
2568 1846 2739 1917 ψυχή
2779 1865 2921 1918 μου,
2964 1846 3076 1901 τὸν
3123 1848 3383 1912 Κύριον·
3431 1847 3615 1916 Κύριε
3655 1848 3692 1901 ό

2107 1945 2253 2009 Cede
2281 1959 2401 2012 μου
2420 1979 2435 2004 ,
2460 1940 2869 2010 ἐμεγαλύνθης
2919 1939 3190 2012 σφόδρω
3246 1939 3691 2010 ἐξομολόγησιν

2105 2035 2205 2090 καὶ
2248 2031 2611 2101 εὐπρέπειαν
2651 2030 2920 2086 ἐνεδύσω
2944 2070 2961 2097 ,
3002 2030 3511 2099 ’ἀναϐαλλόμενος
3562 2028 3693 2098 φῶς

2104 2125 2188 2192 ὡς
2232 2121 2481 2194 ἱμάτιον.
2529 2119 2629 2175 Διά
2660 2121 2759 2191 τῆς
2781 2120 2889 2174 τῶν
2915 2121 3231 2192 κτισμάτων
3281 2120 3692 2193 μεγαλουργίας

2106 2219 2201 2273 καὶ
2230 2216 2487 2290 προνοίας
2530 2216 2626 2270 καὶ
2671 2215 3045 2287 ποικιλότητος
3077 2215 3290 2288 χαίρειν
3329 2214 3394 2286 δὴ
3420 2214 3475 2268 ὲν
3503 2212 3695 2283 ταύτῷ

2106 2310 2203 2366 καὶ
2227 2310 2428 2382 θάρσος
2452 2306 2853 2379 ἀναλαμϐάνειν
2879 2306 3189 2361 διδάσκεται
3214 2308 3248 2379 ἡ
3277 2306 3443 2378 ψυχὴ,
3472 2305 3560 2360 διὰ
3584 2303 3691 2359 τοῦ

2109 2400 2488 2473 σεμνύνεσθαι,
2514 2401 2607 2455 καὶ
2637 2400 2840 2472 Κύριον
2870 2400 3069 2473 ἑαυτῆς
3097 2401 3191 2455 καὶ
3209 2400 3343 2454 Θεὸν
3363 2399 3473 2454 τῶν
3492 2398 3693 2453 τοσοῦ-

2105 2513 2216 2549 των
2237 2494 2607 2566 μεγαλουργὸν
2631 2491 3055 2565 ἐπιγράφεσθαι,
3079 2495 3175 2548 καὶ
3199 2494 3569 2548 ίδιοποιείσθαι
3587 2493 3692 2547 αὐ-

2105 2586 2200 2642 τὸν
2249 2589 2309 2641 ἐν
2352 2586 2432 2658 τῷ
2480 2586 2660 2655 λέγειν
2682 2603 2696 2616 ·
2739 2584 2794 2639 Ὁ
2835 2586 2978 2653 Θεός
3022 2603 3165 2656 μου,
3198 2585 3337 2659 μεσά
3374 2586 3694 2651 διαθέσεως,

2107 2678 2547 2748 ἐξομολόγησιν
2583 2676 2681 2732 καί
2729 2676 3094 2746 εὐπρέπειαν
3115 2677 3405 2745 ἐνεδύσω,
3428 2680 3695 2733 ἀνασαλ-

2108 2773 2365 2842 λόμενος
2421 2768 2548 2842 φῶς
2597 2771 2678 2837 ὡς
2728 2769 2980 2840 ιμάτιον.
3025 2771 3112 2836 Ὠς
3170 2772 3200 2824 ό
3255 2770 3692 2840 ἀναϐαλλόμενος

2111 2860 2366 2934 αἰσθητὸν
2410 2859 2624 2933 ἱμάτιον
2658 2858 2924 2914 πάντοθεν
2954 2859 3311 2926 καλύπτεται,
3341 2859 3486 2913 οὕτω
3519 2858 3579 2912 τὸ
3612 2859 3693 2931 μὴ

2109 2952 2365 3008 δύνασθαι
2413 2951 2654 3024 διασχεῖν
2696 2950 2758 3006 τὸ
2804 2952 2932 3025 περὶ
2962 2951 3055 3005 τὸν
3085 2951 3216 3007 Θεὸν
3246 2951 3381 3021 φῶς,
3415 2949 3694 3021 ἀκατάλη-

423 3032 704 3097 declarat.
741 3039 848 3097 Sed
875 3042 1007 3112 quid
1051 3041 1154 3106 ais,
1200 3057 1235 3097 ο
1282 3040 1491 3095 David?
1517 3041 1864 3113 Evangelista
1891 3039 2007 3095 ait:

2118 3063 2251 3100 πτον
2276 3044 2442 3101 αὑτοῦ
2477 3045 2575 3117 τὴν
2604 3044 2795 3098 οὐσίαν
2838 3044 3188 3118 παρίστησιν.
3208 3042 3368 3097 Ἀλλά
3403 3043 3461 3099 τί
3489 3043 3615 3115 φῂς,
3645 3036 3697 3097 ὦ

424 3128 568 3203 'lpse
596 3142 676 3189 est
724 3133 820 3188 lua:
866 3150 1010 3200 vero,
1046 3148 1163 3206 qua:
1206 3133 1473 3189 illuminat
1510 3149 1716 3187 omnem
1747 3132 2012 3187 hominem

437 3226 730 3282 uenientem
764 3225 823 3280 in
860 3224 997 3281 hunc
1028 3224 1285 3280 mundum
1302 3226 1369 3281 ⁸⁸.
1416 3223 1621 3281 Paulus
1673 3239 1806 3280 vero
1854 3222 2011 3287 dicit,

437 3318 622 3390 ipsum
660 3318 836 3373 lucem
884 3317 1196 3374 inhabitare
1244 3317 1703 3381 inaccessibilem,
1744 3323 1800 3372 et
1830 3323 1892 3371 tu
1933 3315 2015 3371 ais

439 3411 624 3483 ipsum
646 3411 853 3467 lumine
877 3410 1031 3467 indui
1059 3411 1206 3468 sicut
1230 3410 1593 3468 vestimento?
1619 3408 1819 3467 Viden’
1841 3423 2018 3478 neque

438 3503 787 3576 prophetam,
819 3518 1000 3575 neque
1030 3502 1445 3575 evangelistam,
1498 3515 1678 3573 neque
1708 3500 2018 3573 apostolum

442 3610 610 3666 posse
634 3610 755 3653 eam
790 3596 1098 3665 claritatem
1141 3594 1469 3666 complecti;
1498 3593 1594 3649 sed
1626 3607 1657 3647 a
1705 3591 2019 3647 nominibus

444 3685 594 3759 apud
632 3703 738 3745 nos
766 3687 986 3744 usitatis
1011 3685 1276 3758 paulatim
1306 3684 1689 3748 ascendentes,
1725 3684 2019 3739 obscuram

442 3780 738 3850 quamdam
777 3778 1066 3835 ineﬁ'abilis
1108 3777 1261 3835 illius
1306 3775 1497 3848 gloria
1528 3774 1900 3847 cognitionem
1940 3770 2021 3827 af-

444 3868 632 3926 ferre?
661 3869 801 3937 Quia
841 3869 989 3924 enim
1025 3868 1283 3939 ignorant
1311 3882 1435 3937 qua:
1463 3866 1538 3922 sit
1566 3864 1659 3919 illa
1688 3861 2018 3926 substantia,

450 3977 486 4019 a
528 3962 696 4019 rebus
744 3962 889 4033 apud
943 3975 1047 4017 nos
1082 3960 1402 4031 conspicuis
1447 3972 1549 4030 pro
1572 3955 1831 4014 facultate
1872 3954 2019 4011 illam

449 4052 741 4126 conlplecti
772 4058 1061 4108 conantur.

521 4234 691 4293 Vsus.
739 4235 797 4301 5,
827 4234 881 4291 4.
922 4231 1225 4289 Extendens
1270 4231 1459 4287 calum
1501 4231 1639 4286 sicut
1680 4228 1889 4299 pellem,
1921 4228 2025 4300 'qui

2113 3138 2308 3206 Δαυῖδ;
2370 3140 2427 3194 '0
2474 3136 2864 3208 εὐαγγελιστής
2924 3154 3124 3209 φησιν’
3166 3137 3287 3191 ὀτι
3333 3138 3518 3203 αὐτός
3562 3137 3696 3191 ἐστι

2114 3228 2240 3300 φῶς
2294 3227 2603 3298 ἀίηθινὸν,
2653 3226 2685 3282 δ
2731 3226 2960 3297 φωτίζει
3004 3226 3203 3282 πάντα
3243 3226 3564 3296 ἄνθρωπον
3600 3228 3693 3294 ἐρ-

2115 3323 2375 3394 χόμενον
2403 3322 2492 3388 είς
2518 3320 2628 3375 τὸν
2658 3321 2911 3390 κόσμον.
2928 3321 2988 3373 Ὀ
3011 3320 3067 3374 δὲ
3096 3319 3330 3385 Παῦλος,
3368 3320 3452 3374 ὅτι
3478 3318 3591 3389 φῶς
3612 3319 3693 3371 οί-

2116 3412 2228 3466 κῶν
2260 3411 2575 3484 ἀπρόσιτον,
2613 3410 2676 3464 σὺ
2711 3409 3137 3483 περιϐεϐλῆσθαι
3167 3411 3228 3465 τὸ
3257 3410 3375 3480 φῶς
3398 3408 3559 3464 αὐτὸν
3584 3408 3691 3479 φῂς

2116 3503 2192 3569 ὡς
2224 3504 2471 3575 ίμάτιονς
2517 3503 2698 3575 Ὁρᾷς,
2732 3504 2834 3569 ὅτι,
2870 3503 2975 3557 κᾶν
2999 3504 3284 3576 προφήτης
3360 3519 3459 3566 τις,
3476 3500 3577 3555 κᾶν
3591 3500 3683 3553 εὐ-

2118 3593 2462 3666 αγγελιστὴς,
2501 3592 2608 3647 κᾶν
2653 3591 2972 3658 ἀπόστολος,
3000 3593 3061 3646 οὐ
3108 3592 3328 3647 δύναται
3364 3590 3679 3664 περιδράξα-

2120 3691 2243 3744 σθαι
2275 3689 2376 3760 τῆς
2411 3688 2725 3761 σαφηνείας,
2759 3686 2876 3740 ἀλλ’
2905 3686 3015 3740 ἀπὸ
3039 3685 3147 3739 τῶν
3188 3688 3321 3758 παρ’
3344 3688 3465 3757 ἡμῖν
3488 3684 3688 3756 ὀνομά-

2118 3799 2227 3836 των
2272 3780 2653 3841 ἀναϐαίνοντες
2694 3777 2839 3830 κατά
2874 3777 3066 3847 μικρὸν
3111 3776 3360 3848 ἀμυδράν
3394 3792 3512 3828 τινα
3553 3791 3695 3847 παρ-

2123 3875 2341 3929 ιστῶσιν
2362 3873 2567 3927 ἔννοιαν
2603 3871 2704 3941 τῆς
2747 3871 2986 3941 ἀρρήτου
3025 3869 3184 3940 δόξης
3228 3869 3465 3940 ἐκείνης.
3482 3867 3697 3939 Ἐπειδὴ

2120 3967 2231 4038 γὰρ
2260 3965 2392 4019 αὐτὸ
2411 3963 2465 4019 τί
2490 3962 2622 4019 ποτέ
2652 3964 2767 4016 ἐστι
2791 3961 2889 4035 τὴν
2907 3961 3094 4015 οὐσίαν
3112 3961 3211 4013 οὐκ
3242 3958 3440 4025 ἴσασιν,
3457 3960 3566 4015 ἀπὸ
3592 3959 3700 4014 τῶν

2123 4059 2249 4132 παρ·
2266 4060 2398 4129 ἡμῖν
2425 4053 2694 4128 λαμπρῶν
2728 4052 3120 4124 φιλονεικοῦσιν
3145 4050 3503 4107 ἐπιλαϐέσθαι
3531 4052 3699 4124 αὑτῆς

2122 4151 2197 4215 ὡς
2225 4147 2336 4204 οἷόν
2365 4167 2446 4204 τε.
2810 4188 2821 4200 .

2209 4243 2517 4297 Ἑκτείνων
2542 4241 2652 4297 τὸν
2670 4238 2929 4310 οὐρανὸν
2947 4238 3089 4294 ὡσεί
3109 4237 3330 4308 δέῤῥιν,
3347 4240 3382 4293 ὀ
3407 4235 3703 4309 στι-τόξων

451 4331 577 4403 tegit
604 4330 756 4401 aquis
791 4328 1067 4399 superiora
1087 4327 1201 4398 ejus
1229 4340 1250 4382 :
1276 4326 1367 4397 qui
1390 4325 1537 4397 ponit
1568 4323 1730 4379 nubes
1749 4338 2011 4410 ascensum

2126 4338 2197 4392 ἐν
2218 4336 2390 4391 ὕδατι
2407 4337 2483 4390 τὰ
2505 4333 2742 4404 ὑπερῷα
2760 4331 2971 4396 αὐτοῦ,
2992 4334 3025 4387 ὁ
3050 4331 3230 4407 τιθείς
3254 4329 3409 4401 rem
3436 4330 3555 4399 τὴν
3576 4329 3701 4384 ἐπί-

450 4440 629 4490 suum,
656 4422 747 4494 qui
775 4421 1013 4477 ambulat
1052 4434 1209 4490 super
1245 4434 1444 4490 pennas
1475 4427 1771 4473 ventorum.
1807 4414 1914 4482 Qui
1940 4414 2011 4484 fa-

2126 4432 2305 4486 ϐασιν
2322 4428 2530 4494 αὐτοῦ,
2549 4430 2583 4483 ό
2613 4424 2953 4496 περιπατῶν
2976 4424 3074 4478 ἐπὶ
3104 4423 3414 4493 πτερύγιον
3443 4422 3698 4492 ἀνέμων,

451 4517 525 4569 cit
572 4513 785 4586 angelos
832 4529 958 4568 suos
999 4512 1240 4582 spiritus,
1288 4519 1340 4566 et
1382 4511 1653 4565 ministros
1687 4524 1813 4564 suos
1854 4507 2026 4578 ignem

453 4616 709 4661 urentem.
752 4603 912 4668 Hinc,
957 4612 1015 4659 ut
1049 4618 1148 4673 par
1187 4609 1290 4667 est,
1322 4600 1597 4671 seraphim
1635 4597 1823 4655 Graece
1854 4597 2028 4669 expli-

455 4706 672 4764 cantur,
702 4695 1057 4750 incendentes
1088 4707 1152 4749 ac
1186 4693 1593 4749 comburentes.
1627 4692 1694 4748 Et
1732 4708 1835 4748 vox
1879 4706 2029 4748 sera-

456 4788 608 4863 pbim
656 4786 969 4851 incendium
1005 4786 1316 4857 signiﬁcare
1366 4785 1699 4840 declaratur.
1743 4784 1925 4852 Quare
1962 4783 2030 4839 de

457 4878 702 4950 angelica
727 4877 928 4933 virtute
943 4876 1146 4932 dicitur
1169 4894 1183 4930 :
1212 4875 1315 4943 Qui
1342 4875 1474 4945 facit
1501 4875 1715 4946 angelos
1736 4892 1859 4931 suos
1878 4876 2036 4946 spiri—

461 4983 568 5039 tus,
604 4978 657 5026 et
692 4970 966 5026 ministros
1001 4984 1123 5023 suos
1143 4968 1318 5039 ignem
1338 4977 1597 5024 urentem.

510 5248 701 5308 'Vnas.
733 5249 887 5307 5-13.
932 5250 1036 5319 Qui
1065 5251 1255 5322 fundat
1282 5259 1477 5307 terram
1508 5268 1665 5323 super
1683 5251 2031 5308 stabilitatem

460 5361 636 5407 suam,
664 5361 769 5400 non
798 5343 1142 5399 inclinabitur
1168 5345 1224 5398 in
1266 5345 1521 5399 stt-culum
1566 5346 1769 5400 swculi.
1795 5345 2031 5416 Abgssus

461 5437 598 5490 sicut
642 5438 1004 5493 vestimentum
1043 5437 1268 5493 amictus
1308 5436 1444 5508 ejus,
1474 5452 1631 5506 super
1680 5447 1877 5492 montes
1919 5446 2034 5489 sta-

462 5527 591 5583 bunt
615 5545 787 5600 aqum.
819 5531 900 5585 Ab
931 5531 1285 5601 increpatione
1313 5540 1404 5585 tua
1442 5529 1663 5600 fugient,
1689 5547 1722 5583 a
1757 5546 1877 5585 voce
1906 5528 2033 5584 toni-

2127 4524 2160 4577 d
2184 4518 2367 4576 ποιῶν
2378 4521 2522 4589 τοὺς
2549 4518 2845 4590 ἀγγέλους
2869 4514 3054 4570 αὑτοῦ
3078 4516 3408 4584 πνεύματα,
3431 4513 3531 4568 καὶ
3564 4512 3703 4581 τοὺς

2127 4610 2509 4682 λειτουργοὺς
2536 4611 2723 4666 αὐτοῦ
2765 4609 2884 4678 πῦρ
2907 4607 3150 4680 φλέγεν.
3169 4605 3449 4660 Ἐντεῦθεν
3480 4606 3704 4670 sum

2131 4705 2538 4777 ὲρμηνευόμενα
2581 4702 2651 4757 τά
2690 4701 2953 4775 σεραφὶμ,
2995 4702 3075 4764 είς
3124 4698 3221 4771 τὴν
3261 4697 3487 4752 Ἑλλάδα
3520 4697 3705 4769 φωνὴν

2092 4862 2095 4863 ν
2132 4796 2518 4869 ἐμπιπρῶντες
2549 4795 2584 4868 ἢ
2629 4793 2942 4868 ὲμπρησταὶ
2984 4790 3327 4862 σημαίνουσι.
3359 4790 3471 4843 Καὶ
3499 4789 3579 4853 τὸ,
3615 4805 3706 4842 σε-

2134 4888 2308 4961 ραφὶμ
2353 4886 2446 4941 τὸν
2485 4885 2811 4959 ἐμπρησμὸν
2837 4884 3029 4956 δηλοῦν
3060 4881 3299 4952 λέγεται.
3328 4880 3419 4933 Διὸ
3443 4880 3574 4953 περὶ
3604 4879 3706 4950 τῆς

2132 4975 2425 5046 ἀγγελικῆς
2472 4974 2751 5047 δυνάμεως
2807 4973 3054 5047 εἴρηταιο
3088 4972 3144 5024 '0
3183 4969 3372 5024 ποιῶν
3410 4969 3708 5040 ἀγγέλους

2135 5067 2317 5122 αὐτοῦ
2365 5058 2693 5137 πνεύματα,
2730 5064 2832 5119 καὶ
2886 5063 3030 5129 τοὺς
3077 5060 3462 5131 λειτουργοὺς
3517 5061 3708 5116 αὑτοῦ

2133 5159 2253 5229 πῦρ
2276 5157 2521 5230 φλέγον.

2216 5253 2268 5305 '0
2290 5248 2577 5321 θεμελιῶν
2598 5247 2714 5318 τὴν
2741 5247 2859 5320 ⁸γῆν
2882 5248 2980 5303 ἐπὶ
3013 5247 3129 5317 τὴν
3143 5244 3488 5315 ἀσφάλειαν
3516 5244 3705 5313 αὐτῆς

2135 5345 2207 5399 οὺ
2239 5341 2585 5408 κλιθήσεται
2612 5342 2702 5407 εὶς
2742 5339 2849 5394 τὸν
2882 5338 3066 5393 αἰῶνα
3105 5337 3212 5392 τοῦ
3253 5335 3707 5404 αὶῶνος.”Λευσ-

2136 5457 2247 5506 σος
2279 5439 2359 5505 ὠς
2393 5435 2622 5508 ἱμάτιον
2666 5434 2735 5490 τὸ
2779 5436 3157 5504 περιϐόλαιον
3186 5434 3394 5501 αὑτοῦ,
3445 5433 3546 5487 ἐπὶ
3591 5432 3710 5488 τῶν

2138 5526 2321 5597 ὀρέων
2376 5524 2706 5593 στήσονται
2750 5525 2960 5583 ὕδατα.
2977 5525 3108 5584 Ἀπὸ
3156 5521 3550 5596 ἐπιτιμήσεώς
3588 5539 3708 5579 σου

541 5680 760 5740 "-Psal.
800 5699 996 5741 cxxxw
1022 5724 1038 5751 ,
1072 5684 1125 5741 4.
1203 5686 1224 5718 ⁸
1287 5687 1308 5741 ι
1344 5683 1484 5742 Tim.
1520 5699 1593 5751 ιι,
1629 5685 1664 5741 8
1761 5685 1809 5717 ⁸³
1848 5682 2001 5740 Joan.

2145 5683 2236 5739 2i.
2314 5682 2357 5716 ³⁸
2396 5679 2550 5738 loan.
2586 5698 2642 5749 ι,
2676 5682 2729 5740 9.

3574 5798 3613 5819 ι
