4040 6210
391 251 536 308 19.ῖό

1504 254 2011 312 COMMENTABIA
2048 256 2115 314 IN
2153 256 2491 318 PSALMOS.

3487 263 3508 317 Ι
3519 263 3624 320 274

388 373 731 444 φεύξονται,
777 373 892 428 ἀπὸ
934 374 1135 444 φωνῆς
1181 372 1448 442 ,ϐροντῆς
1479 387 1598 430 σου
1629 374 1940 430 δειλιάσου

2069 380 2178 432 trui
2216 379 2296 432 tui
2323 377 2701 449 formidabunt.
2739 379 3036 434 Ascendunt
3079 387 3278 434 montes
3323 388 3372 434 et
3416 378 3628 436 descen-

388 482 514 521 σιν.
532 466 980 522 Ἀναϐαίνουσιν
1015 467 1144 537 ὅρη,
1183 469 1282 524 καί
1321 468 1746 522 καταϐαίνουσι
1784 468 1960 523 πεδία

386 557 476 623 είς
515 557 703 610 τόπον
729 557 802 612 ὃν
832 559 1228 628 ἐθεμελίωσας
1267 559 1694 628 αὺτοῖς-,Ὅριον
1735 560 1895 620 ἔθου.
1926 561 1958 615 ὃ

387 649 460 703 οὐ
502 651 998 716 παρελεύσονται,
1039 650 1181 706 οὐδὲ
1219 651 1656 721 ἐπιστρέψουσι
1689 653 1959 722 καλῦψαι

386 741 503 810 τὴν
531 741 740 811 τῆν.Ὁ
783 741 1249 807 ἑξαποστέλλων
1284 743 1478 812 πηγὰς
1521 743 1592 796 ἐν
1638 743 1956 813 φάραγξιν,

385 833 504 889 ἀνὰ
527 833 724 904 μέσον
750 831 870 886 τῶν
907 833 1091 901 ὀρέων
1138 833 1550 888 διελεύσονται
1597 833 1808 889 ὕδατα.
1843 838 1959 888 Πο-

383 924 582 980 τιοῦσι
609 924 807 979 πάντα
831 926 904 980 τὰ
927 927 1102 994 θηρία
1133 925 1239 980 τοῦ
1269 925 1472 994 ἀγροῦ,
1523 925 1958 992 προσδέξονται

383 1019 623 1090 ἕναγτροι
663 1023 751 1085 είς
787 1021 975 1089 δίψαν
1019 1020 1369 1077 αὺτῶν.⁹Επ’
1406 1021 1558 1074 αὐτὰ
1603 1020 1675 1074 τὰ
1719 1027 1959 1076 πετεινὰ

382 1111 490 1166 τοῦ
531 1113 794 1182 οὐρανοῦ
840 1112 1315 1182 κατασκηνώσει,
1353 1112 1424 1165 ἐκ
1460 1111 1656 1182 μέσου
1699 1112 1818 1166 τῶν
1861 1130 1959 1166 πε-

382 1204 537 1272 τρῶν
595 1205 860 1262 δώσουσι
915 1205 1144 1277 φωνήν.
1203 1203 1460 1267 Ποτίζων
1520 1204 1627 1275 ὄρη
1695 1205 1767 1261 ἐκ
1835 1205 1956 1260 τῶν

381 1295 662 1365 ὑπερῴων
705 1299 911 1353 αὑτοῦ.
947 1297 1102 1351 Ἐπεὶ
1145 1297 1241 1351 καὶ
1285 1298 1586 1370 ἀρχόμενος
1637 1297 1850 1367 ἐλεγενο
1892 1299 1955 1351 '0

379 1389 676 1460 στεγάζων
720 1391 790 1444 ἐν
836 1390 1006 1445 ὕδατι
1059 1390 1133 1445 τὰ
1179 1391 1420 1460 ὑπερῷα
1470 1390 1656 1446 αὐτοῦ
1681 1408 1696 1423 ο
1723 1389 1820 1446 νῦν
1852 1407 1956 1462 φη-

379 1497 466 1534 σιο
518 1481 785 1543 Ποτίζων·
821 1482 928 1552 ὄρη
979 1485 1048 1538 ἐκ
1091 1483 1212 1538 τῶν
1254 1482 1536 1553 ὑπερῴων
1583 1501 1699 1538 σου
1723 1499 1738 1514 ·
1778 1486 1827 1537 εί
1876 1486 1950 1555 μή

377 1592 456 1645 τῳ
509 1574 663 1643 φίλον
715 1575 940 1647 ὑπερῷα
991 1576 1085 1631 τοῦ
1141 1576 1278 1631 Θεοῦ
1336 1578 1413 1641 ὡς
1476 1577 1606 1649 παρ’
1639 1575 1803 1630 αὑτοῦ
1854 1594 1952 1630 πε-

377 1665 650 1737 ποιημένα
694 1666 785 1720 τὸν
830 1667 967 1740 ἀέρα
1007 1671 1168 1734 νοεῖν,
1195 1671 1308 1732 τοῖς
1336 1668 1522 1738 νέφεσι
1556 1668 1951 1740 περιϐαλλόμε-

2063 471 2194 525 dunt
2233 473 2408 541 campi
2439 472 2493 525 in
2537 471 2707 526 locum
2732 487 2880 542 quem
2919 470 3158 540 fundasti
3182 472 3279 526 eis.
3327 472 3626 530 Terminum

2061 562 2306 630 posuisti,
2344 577 2496 631 quem
2546 577 2648 616 non
2693 561 3167 632 transgredientur,
3211 578 3376 632 neque
3415 579 3627 618 conver—

2062 662 2238 706 tentur
2263 654 2463 720 operire
2498 661 2712 709 terram.
2744 652 2847 719 Qui
2875 654 3071 708 emittis
3095 655 3261 723 fontes
3289 655 3343 708 in
3375 655 3626 710 convalli-

2059 744 2175 809 bus,
2201 746 2336 799 inter
2366 745 2593 798 medium
2623 747 2877 799 montium
2898 747 3289 815 pertransibunt
3319 763 3488 818 aquae.
3518 746 3627 801 Ρο-

2060 837 2248 890 tabunt
2300 854 2477 892 omnes
2525 837 2701 893 bestiw
2749 839 2886 909 agri,
2931 838 3302 904 exspectabant
3344 841 3530 910 onagri
3571 842 3626 894 in

2059 929 2150 982 siti
2203 944 2323 985 sua.
2361 926 2528 997 Super
2581 946 2644 984 ea
2705 930 2938 984 volucres
2992 931 3107 985 creti
3154 931 3504 997 habitabant,
3563 933 3627 988 de

2057 1018 2230 1073 medio
2295 1031 2562 1088 petrarum
2640 1020 2838 1075 dabunt
2899 1039 3094 1078 vocem.
3164 1023 3360 1094 Rigaus
3425 1034 3625 1079 montes

2065 1110 2130 1164 de
2184 1112 2542 1181 superioribus
2607 1114 2739 1167 suis.
2807 1113 2943 1179 Quia
3004 1115 3157 1185 prius
3221 1116 3468 1182 dixerat,
3519 1116 3626 1183 Qui

2057 1201 2351 1274 tegis'aqua
2382 1204 2656 1271 superiora
2681 1205 2830 1269 eius;
2862 1205 2951 1260 hic
2981 1207 3080 1274 ait,
3111 1206 3306 1277 Riguus
3337 1217 3536 1263 montes
3561 1210 3626 1263 de

2055 1291 2412 1359 superioribus
2465 1293 2591 1348 tuis.
2621 1291 2741 1348 Nisi
2792 1285 2947 1350 malit
2992 1298 3116 1366 quis
3172 1297 3455 1368 superiora
3501 1295 3621 1364 Dei,

2053 1384 2211 1453 quasi
2239 1384 2306 1439 ab
2334 1401 2400 1439 eo
2431 1394 2745 1441 constructa
2770 1403 2950 1443 aerem
2978 1390 3216 1446 nubibus
3246 1391 3506 1446 amictum
3540 1394 3627 1448 in-

2053 1477 2320 1547 telligere.
2355 1477 2496 1532 Deus
2537 1480 2720 1550 itaque
2752 1489 2964 1538 montes
3004 1490 3058 1536 et
3086 1498 3309 1554 campos
3337 1485 3430 1555 qui
3459 1485 3514 1539 in
3543 1485 3625 1542 eis

2053 1579 2200 1631 sunt,
2231 1579 2286 1624 et
2325 1570 2635 1626 universam
2670 1573 2934 1642 reliquam
2970 1583 3168 1628 terram
3211 1575 3370 1644 rigat,
3415 1590 3524 1630 non
3556 1591 3624 1631 ex

2055 1661 2300 1716 fontibus
2329 1661 2679 1726 convallium,
2719 1679 2895 1733 neque
2931 1680 2997 1718 ex
3030 1665 3344 1721 ﬂuminibus
3378 1682 3498 1737 quae
3527 1681 3624 1737 per

375 1729 733 1824 VOV."IIO‘=£CEI
760 1729 1048 1831 τοιγαροῦν
1077 1729 1265 1826 όΘεὸς
1286 1729 1360 1814 τὰ
1384 1729 1486 1833 έρη
1514 1763 1609 1816 καὶ
1632 1729 1710 1815 ’τὰ
1740 1763 1800 1816 ὲν
1830 1729 1940 1816 τού·

2055 1763 2254 1809 terram
2303 1754 2571 1819 deﬂuunt,
2602 1756 2697 1811 sed
2731 1756 2799 1810 de
2853 1759 3228 1826 superioribus
3261 1761 3377 1816 suis
3411 1761 3624 1830 pluvias

375 1865 489 1912 τοις
513 1849 670 1902 πεδία
697 1850 798 1922 τήν
828 1868 890 1903 τε
918 1851 1111 1924 λοιπὴν
1146 1852 1437 1923 σύμπασαν
1458 1853 1564 1923 γῆν
1593 1853 1693 1904 ούκ
1716 1853 1824 1906 ἀπὸ
1844 1853 1952 1907 τῶν

371 1941 400 1989 ι
466 1941 585 2004 ταῖς
617 1941 854 2014 φάραγξι
879 1943 1093 2013 πηγῶν,
1121 1943 1229 1997 οὐδ’
1258 1944 1365 1998 ἀπὸ
1394 1944 1503 1998 τῶν
1521 1944 1832 2016 φερομένων
1851 1963 1952 1999 κα-

380 2031 440 2086 τὰ
470 2032 580 2102 γῆς
612 2034 892 2104 ποταμῶν,
929 2034 1043 2088 ἀλλ’
1063 2036 1170 2089 ἀπὸ
1189 2035 1296 2088 τῶν
1321 2035 1584 2106 ὑπερῴων
1610 2037 1776 2090 αὑτοῦ
1814 2037 1952 2092 ἀνω-

373 2121 464 2176 θεν
483 2123 574 2192 ἀφ’
589 2123 755 2194 ὕψους
782 2127 908 2189 τοὺς
931 2127 1222 2197 αὐτάρκεις
1241 2129 1334 2182 καὶ
1362 2130 1809 2202 μεμετρημένους
1831 2134 1950 2185 ἐπι-

369 2214 623 2286 χορηγῶν
654 2215 1135 2289 ύετούς.⁹Υπε.ρῷα
1179 2219 1237 2272 δὲ
1285 2219 1421 2274 Θεοῦ
1463 2221 1552 2274 τὸν
1598 2223 1736 2294 ἀέρα
1772 2223 1946 2285 καλεῖ,

370 2305 621 2378 καθάπερ
673 2307 767 2365 ἐπὶ
812 2311 940 2379 μιᾶς
977 2311 1152 2374 οἰκίας
1185 2309 1279 2366 τοῦ
1329 2311 1526 2375 παντὸς
1573 2312 1946 2386 κόσμου.”ορη

372 2398 472 2470 μέν
506 2401 643 2454 εἰσιν
669 2402 720 2455 οί
748 2404 1183 2477 πνευματοφόροι
1213 2405 1404 2478 ἄνδρες
1425 2421 1440 2436 ο
1465 2403 1775 2468 ποτίζονται
1801 2405 1859 2459 δὲ
1882 2408 1947 2460 ὲκ

367 2487 477 2542 τῶν
511 2489 774 2561 ὑπερῴων
811 2492 975 2547 αὑτοῦ
1014 2493 1108 2548 τοῦ
1129 2493 1285 2557 Θεοῦ,
1317 2492 1680 2565 πληρούμενοι
1711 2494 1819 2549 τῶν
1852 2494 1944 2548 τοῦ

369 2578 686 2654 Πνεύματος
731 2586 1106 2658 χαρισμάτων,
1135 2587 1296 2657 λόγου
1330 2588 1523 2657 σοφίας
1555 2587 1652 2642 καὶ⁸
1678 2587 1786 2641 τῶν
1820 2589 1945 2660 ἑξῆς

366 2677 1132 2751 ἀπηριθμημένων.Ὑπεριῖ›α
1176 2679 1232 2733 δὲ
1285 2679 1442 2746 Θεοῦ,
1485 2681 1576 2750 ἀφ’
1609 2673 1684 2734 ὧν
1733 2679 1802 2734 τὰ
1843 2680 1944 2751 ὅρη

367 2767 598 2832 ποτίζει,
625 2769 947 2842 ἀκραιφνεῖς
977 2773 1074 2826 καὶ
1106 2772 1542 2844 ὑπερσάλλουσαι
1584 2771 1806 2844 θεωρίαι
1844 2772 1945 2843 τῆς

365 2858 623 2930 ἀληθείας
649 2863 997 2932 τυγχάνουσι,
1029 2862 1254 2935 ὑπερῷα
1287 2863 1637 2934 καλούμεναι,
1671 2861 1749 2934 τῷ
1779 2862 1944 2934 μηδὲν

365 2952 538 3017 αὑτὰς
583 2953 1294 3025 ὑπεμναδεῦηκέναι.ᾎπὸ
1338 2955 1570 3024 καρποῦ
1610 2954 1730 3009 τῶν
1754 2956 1944 3026 ἔργων

2052 1861 2120 1901 ex
2157 1846 2268 1901 alto
2310 1846 2640 1902 sullicienles
2697 1862 2762 1902 ac
2810 1849 3122 1906 moderatas
3174 1851 3619 1908 subministrans.

2054 1940 2353 2010 Superiora
2383 1949 2563 1994 autem
2603 1938 2700 1994 Dei
2733 1951 2892 1996 vocat
2925 1957 3130 2010 aerem,
3161 1943 3227 1998 de
3261 1952 3376 1998 toto
3417 1945 3624 1998 mundo

2050 2030 2209 2100 quasi
2237 2029 2304 2084 de
2330 2029 2494 2084 domo
2521 2029 2757 2100 quadam
2784 2033 2949 2086 verba
2989 2032 3217 2089 faciens.
3251 2033 3463 2088 Montes
3503 2036 3624 2104 qui-

2049 2125 2172 2182 dem
2214 2136 2344 2182 sunt
2388 2125 2704 2196 spirituales
2753 2125 2858 2180 viri
2893 2145 2908 2181 :
2938 2125 2993 2180 hi
3022 2133 3202 2180 autem
3232 2125 3530 2196 irrigantur
3557 2126 3626 2181 de

2049 2220 2428 2290 superioribus
2475 2219 2652 2289 ipsius
2701 2217 2818 2283 Dei,
2873 2217 3111 2288 Spiritus
3146 2219 3322 2273 sancti
3349 2217 3508 2273 donis
3537 2233 3625 2272 re-

2047 2312 2200 2383 pleti,
2229 2311 2483 2368 videlicet
2531 2325 2786 2366 sermone
2827 2311 3126 2381 sapientiae,
3177 2310 3494 2382 caeterisque
3535 2327 3624 2366 re-

2047 2405 2296 2461 consitis.
2338 2403 2632 2474 Superiora
2661 2418 2792 2458 vero
2820 2401 2936 2465 Dei,
2972 2403 3040 2458 de
3075 2403 3275 2473 quibus
3310 2413 3520 2459 montes
3547 2403 3623 2456 ir-

2046 2497 2209 2569 rigat,
2267 2507 2396 2554 sunt
2443 2497 2705 2554 sublimes
2748 2511 2812 2551 ac
2857 2495 3068 2551 eximia:
3099 2495 3347 2550 veritatis
3377 2503 3622 2550 contem.

2045 2588 2334 2658 plationes,
2361 2604 2484 2658 quae
2518 2587 2804 2657 superiora
2836 2592 3124 2649 vocantur,
3154 2584 3302 2655 quod
3331 2584 3467 2639 nihil
3497 2585 3620 2641 illas

2045 2677 2418 2734 transcendat.
2473 2677 2549 2732 De
2607 2678 2785 2747 fructu
2825 2692 3039 2746 operum
3081 2687 3290 2731 tuorum
3335 2675 3622 2730 satiabitur

2046 2780 2208 2826 terra.
2267 2771 2388 2839 Ipse
2431 2784 2669 2839 namque
2715 2768 2873 2833 dixit,
2925 2767 3191 2822 Germinet
3224 2777 3365 2822 terra
3401 2765 3617 2821 herbam

2042 2862 2150 2932 feni
2181 2872 2230 2918 et
2257 2862 2454 2933 lignum
2483 2862 2819 2932 fructiferum
2839 2862 3039 2931 faciens
3070 2861 3302 2931 fructum
3321 2863 3388 2925 ⁸⁷,
3416 2869 3470 2916 et
3494 2862 3619 2917 reli-

2041 2970 2170 3026 qua.
2209 2953 2289 3009 Ex
2321 2953 2450 3010 Jesu
2486 2954 2745 3025 operibus
2768 2969 2866 3026 per
2891 2952 3250 3008 oeconomiam
3279 2952 3462 3019 editis,
3497 2970 3618 3025 quae

363 3060 482 3100 σου
531 3044 1010 3114 χορτασθήσεται
1045 3047 1084 3115 ἡ
1252 3046 1424 3111 Αὐτὸς
1450 3047 1560 3119 γὰρ
1592 3044 1746 3101 εἴπεο
1787 3051 1940 3102 Βλα-

2045 3047 2231 3104 multis
2280 3047 2556 3104 fructibus
2620 3047 2893 3102 instructa
2945 3055 3096 3112 sunt,
3160 3047 3416 3104 universa
3469 3057 3616 3104 terra

361 3133 645 3202 στησάτω
670 3136 710 3204 ἡ
736 3133 810 3206 ’ιῆ
830 3135 1104 3206 βοτάνην
1126 3138 1365 3207 χόρτου,
1383 3138 1482 3193 καί
1510 3139 1702 3204 ξύλον
1731 3138 1940 3209 κάρπι-

357 3245 479 3297 μον
505 3227 718 3282 ποιοῦν
738 3229 988 3297 καρπὸν,
1005 3230 1098 3283 καὶ
1122 3230 1190 3284 τὰ
1208 3231 1354 3303 ἑξῆς.
1372 3232 1466 3285 Ἐκ
1483 3231 1590 3285 τῶν
1606 3231 1778 3303 Ἰησοῦ
1801 3233 1940 3286 κατὰ

361 3319 461 3390 τὴν
492 3319 798 3391 οἰκονομίαν
821 3321 1201 3393 ἓργων,πολὺν
1233 3325 1445 3396 καρπὸν
1469 3325 1722 3396 ἐχόντων,
1753 3325 1942 3380 ἅπασα

361 3414 396 3484 ἢ
423 3413 496 3484 γῆ
526 3416 867 3486 χορτάζεται,
890 3418 1377 3491 μηαλαμδάνουσα
1400 3419 1509 3472 τῶν
1537 3417 1680 3472 οὕτω
1706 3418 1942 3489 παραδό-

364 3503 470 3569 ξως
499 3506 602 3560 ὑπὸ
626 3507 800 3580 Ἰησοῦ
832 3511 1214 3582 γεγενημένων
1231 3527 1247 3542 ο
1282 3504 1437 3575 οὗτος
1462 3510 1570 3582 γὰρ
1596 3511 1806 3582 καρπὸς
1831 3510 1940 3564 τῶν

359 3596 540 3668 ἔργων
564 3597 727 3652 αὐτοῦ
747 3600 1024 3670 τυγχάνει.
1045 3603 1155 3656 Καὶ
1179 3603 1209 3655 ὁ
1233 3601 1390 3671 λόγος
1418 3603 1477 3656 δὲ
1507 3606 1536 3656 ό
1562 3604 1690 3674 περὶ
1717 3601 1826 3657 τῶν
1851 3601 1942 3674 ἔρ-

2046 3140 2300 3204 satiatur,
2332 3139 2605 3210 particeps
2633 3154 2823 3193 eorum
2863 3154 2984 3210 quae
3010 3154 3042 3193 a
3072 3138 3201 3196 Jesu
3230 3140 3366 3195 adeo
3393 3140 3617 3196 mirabi-

2044 3232 2169 3286 liter
2206 3239 2514 3302 perpetrata
2568 3238 2694 3286 sunt
2729 3249 2742 3285 :
2776 3230 2865 3285 hic
2922 3231 3066 3286 enim
3129 3230 3342 3286 fructus
3390 3247 3613 3300 operum

2042 3324 2162 3391 ejus
2182 3331 2288 3377 est.
2318 3322 2385 3376 Et
2410 3322 2626 3393 quidem
2650 3338 2830 3378 sermo
2859 3323 2926 3378 de
2950 3324 3208 3394 operibus
3234 3323 3530 3380 creationis
3559 3332 3615 3378 et

2042 3413 2396 3484 providentia:
2447 3414 2774 3485 ipsius,‘ceu
2833 3413 3045 3470 l‘ructus
3096 3429 3321 3484 operum
3354 3414 3451 3469 Dei
3492 3431 3614 3470 esse

2042 3505 2372 3568 intellectus,
2435 3511 2638 3559 terram
2698 3504 2952 3571 satiabit;
3014 3519 3208 3574 nempe
3261 3504 3510 3560 homines
3557 3505 3613 3560 iu

2043 3608 2188 3654 terra
2219 3605 2520 3654 versantes.

359 3706 472 3759 γων
497 3690 593 3761 τῆς
622 3691 982 3763 δημιουργίας
1004 3695 1096 3750 καὶ
1126 3694 1378 3766 προνοίας
1410 3694 1574 3750 αὐτοῦ
1628 3694 1860 3766 νοηθεὶς,
1895 3688 1984 3748 οἷα
2037 3691 2248 3766 καρπὸς
2295 3691 2472 3762 ἔργων
2517 3689 2652 3745 Θεοῦ
2694 3690 2997 3762 τυγχάνων,
3034 3691 3286 3764 χορτάσει
3324 3687 3420 3761 τὴν
3467 3688 3568 3758 γῆν
3591 3706 3606 3721 ο

359 3783 506 3854 φημὶ
527 3783 590 3856 δὴ
612 3785 740 3850 τοὺς
768 3787 861 3840 ἐπὶ
888 3787 988 3858 τῆς
1014 3788 1120 3860 γῆς
1144 3789 1516 3862 διατρίϐοντας
1543 3788 1881 3862 ἀνθρώπους.

461 3902 504 3952 O
524 3899 945 3964 ἐξανατέλλων
957 3905 1172 3972 χόρτον
1184 3905 1308 3972 τοῖς
1329 3890 1596 3975 κτήνεσι,
1615 3905 1714 3960 καί
1736 3907 1930 3978 χλόην

355 3989 432 4060 τῇ
455 3990 701 4060 δουλείᾳ
725 3990 844 4047 τῶν
881 3994 1223 4063 ἀνθρώπων,
1254 3998 1362 4053 τοῦ
1405 3998 1718 4069 ἐξαγαγεῖν
1754 3999 1937 4068 ἄρτον

353 4088 424 4142 ἐκ
441 4084 552 4153 τῆς
568 4083 700 4154 γῆς’
721 4085 820 4138 καὶ
837 4083 1000 4152 οἶνος
1009 4091 1314 4158 εὐφραίνει
1327 4092 1580 4160 καρδίαν
1595 4092 1930 4162 ἀνθρώπου,

354 4180 452 4233 καὶ
486 4179 554 4234 τὰ
583 4178 728 4250 ἑξῆς.
762 4175 952 4247 Εἶπεν,
983 4182 1064 4235 ὅτι
1105 4183 1214 4236 ἀπὸ
1250 4165 1343 4236 τοῦ
1378 4182 1533 4237 ὑετοῦ
1567 4185 1760 4240 κτᾶται
1795 4186 1932 4259 πλη-

2108 3900 2276 3958 Vens.
2326 3899 2414 3966 M,
2466 3900 2554 3956 15.
2600 3893 2902 3954 Produeeus
2925 3899 3101 3968 fenum
3121 3900 3378 3962 jumentis
3412 3910 3460 3954 et
3486 3900 3608 3956 her-

2035 3993 2154 4048 bam
2181 3994 2420 4048 serrituti
2460 3993 2752 4057 hominum,
2798 4003 2854 4045 ut
2899 3990 3092 4046 educas
3126 4007 3311 4060 panem
3339 3993 3406 4046 de
3435 4005 3606 4059 terra;

2030 4098 2080 4142 et
2107 4089 2284 4143 vinum
2318 4087 2556 4150 twtiﬁeat
2593 4103 2683 4140 cor
2705 4087 2952 4150 hominis,
2984 4095 3038 4141 et
3065 4093 3280 4141 caatera.
3313 4085 3403 4139 Ait
3431 4101 3460 4140 a
3489 4087 3608 4157 plu-

2029 4181 2116 4236 via
2151 4181 2454 4237 satietatem
2496 4189 2656 4234 terra:
2685 4179 2886 4250 parari,
2919 4177 3030 4234 Deo
3065 4194 3234 4249 aquas
3263 4194 3329 4234 ex
3358 4179 3495 4232 mari
3519 4194 3606 4234 re-

356 4270 559 4342 σμονὴν
585 4272 619 4343 ἡ
646 4271 739 4342 γῆ,
760 4271 854 4324 τοῦ
879 4271 1014 4326 Θεοῦ
1042 4275 1403 4348 ἐργαζομένου
1432 4277 1530 4350 τὴν
1561 4279 1624 4332 ἐκ
1656 4278 1930 4351 θαλάσσης

2042 4273 2283 4328 lucente.
2315 4271 2519 4327 Deinde
2548 4272 2754 4325 indicat
2794 4271 3080 4324 utilitatem
3118 4271 3242 4324 hinc
3270 4261 3602 4339 promanan-

352 4361 464 4413 τῶν
491 4360 701 4414 ὑδάτων
724 4362 1033 4434 ἀναγωγήν.
1065 4359 1198 4420 Εἶτα
1349 4345 1599 4422 ἐντεῦθεν
1615 4345 1928 4426 ὑποδείκνυ-

2042 4376 2161 4430 tem,
2185 4365 2314 4436 quia
2351 4379 2615 4434 aquarum
2657 4361 2975 4432 irrigatione
3005 4361 3358 4432 impinguata,
3388 4362 3602 4417 cunctis

355 4469 442 4505 σιν
467 4453 751 4522 ὠφέλειαν,
785 4454 870 4508 ὅτι
910 4455 1196 4510 πιανθεῖσα
1227 4460 1288 4512 ἐκ
1319 4461 1420 4531 τῆς
1447 4462 1554 4515 τῶν
1595 4463 1802 4516 ὑδάτων
1833 4482 1924 4535 χο-

357 4545 555 4616 ρηγίας
601 4548 636 4617 ή
689 4549 780 4618 γῆ,
807 4545 1142 4611 ὲξανατέλλει
1173 4551 1285 4614 τοῖς
1311 4551 1404 4604 ἀπ’
1433 4554 1601 4626 αὐτῆς
1629 4556 1799 4610 ἅπασι
1829 4556 1926 4621 τὰς

355 4637 695 4710 προσφόρους
725 4639 930 4711 τροφάς
947 4657 962 4671 ·
1000 4641 1270 4714 ἀνθρώπῳ
1305 4645 1402 4713 μὲν
1429 4627 1643 4714 εὐγενεῖ
1661 4648 1803 4720 ζώῳ,
1831 4651 1925 4703 καὶ

354 4727 460 4783 ὑπὸ
482 4729 574 4782 τοῦ
605 4730 740 4784 Θεοῦ
763 4733 1126 4804 τετιμημένῳ,
1154 4733 1430 4807 ἐξαίρετον
1472 4740 1568 4793 καὶ
1609 4741 1925 4813 ἀφωρισμέ-

352 4837 450 4891 νην
491 4822 715 4893 τροφὴν,
751 4824 934 4896 ἄρτον,
959 4826 1053 4879 καὶ
1083 4822 1224 4879 οἶνον
1257 4827 1352 4882 καὶ
1380 4828 1587 4884 ἔλαιον·
1620 4833 1783 4904 ἄρτον
1826 4836 1921 4906 μὲν

351 4913 447 4966 ἐπὶ
488 4913 566 4984 τῷ
614 4915 962 4986 στηρίζεσθαι
1005 4918 1100 4971 καὶ
1142 4917 1507 4990 δυναμοῦσθαι
1540 4923 1636 4996 τὴν
1672 4927 1920 4999 καρδίαν,

351 4999 490 5058 οἶνον
533 5005 590 5058 δὲ
623 5007 716 5060 ἐπὶ
755 5007 836 5078 τῷ
866 5011 1354 5081 κατευφραίνεσθαι
1386 5013 1484 5088 τὴν
1508 5015 1704 5089 ψυχὴν,
1747 5019 1922 5073 ἔλαιον

349 5097 405 5150 δὲ
432 5099 524 5152 ἐπὶ
543 5099 622 5170 τῷ
646 5102 1031 5173 φαιδρύνεσθαι
1055 5105 1117 5158 τὸ
1143 5105 1322 5179 σῶμα,
1342 5108 1435 5162 καὶ
1458 5110 1822 5166 ἁπαλύνεσθαι
1845 5114 1924 5167 θε-

351 5191 723 5262 ραπευόμενον
761 5195 826 5246 ὲκ
850 5197 948 5266 τῆς
974 5197 1235 5252 ἐπιπόνου
1270 5200 1704 5273 σκληραγωγίας.
1734 5205 1920 5272 Οὕτως

345 5278 496 5349 αύτῷ
525 5281 781 5337 πλουσίαν
827 5287 921 5340 καὶ
964 5290 1029 5341 ὲκ
1070 5289 1330 5346 πλειόνων
1371 5293 1645 5366 τράπεζαν
1674 5297 1755 5359 είς
1786 5297 1918 5351 ἀπό-

346 5371 537 5424 λαυσιν
559 5367 646 5426 οἷα
673 5375 856 5447 πατὴρ
883 5379 912 5430 ό
939 5379 1070 5444 Θεὸς
1099 5382 1425 5455 ἐδωρήσατο.
1458 5384 1532 5438 Οὐ
1561 5384 1666 5456 μὴν
1699 5385 1791 5439 καὶ
1817 5388 1918 5458 τῆς

345 5464 456 5517 τῶν
487 5462 688 5520 λοιπῶν
727 5467 879 5532 ζώων
905 5473 1358 5549 κατωλιγώρησεν
1389 5477 1726 5549 ἐπιμελείας·
1757 5497 1917 5552 φρον-

349 5558 507 5624 τίζων
547 5560 604 5613 δὲ
651 5563 743 5615 καὶ
784 5563 884 5634 τῆς
923 5566 1126 5622 τούτων
1168 5569 1426 5643 διαμονῆς
1448 5572 1547 5644 τὴν
1574 5571 1916 5644 ἁρμόζουσαν

439 5719 458 5747 ⁷
499 5714 628 5772 Gen.
669 5733 718 5785 ι,
757 5718 838 5774 ll.

2031 4459 2225 4514 incolis
2247 4458 2360 4513 suis
2372 4464 2759 4527 congruentem
2776 4455 2958 4509 cibum
2974 4454 3176 4524 profert
3191 4475 3217 4521 νς
3239 4455 3445 4510 homini
3471 4472 3541 4526 qu
3553 4461 3596 4510 i-

2027 4551 2147 4606 dem
2179 4551 2342 4605 nobili
2359 4547 2603 4614 animali,
2628 4556 2682 4602 et
2703 4547 2844 4618 apud
2870 4545 3038 4601 Deum
3071 4547 3125 4602 in
3152 4547 3357 4605 honore
3390 4549 3596 4614 habito,

2029 4643 2286 4698 eximium
2316 4657 2380 4696 ac
2405 4642 2664 4697 selectum
2695 4640 2898 4703 cibum,
2923 4655 3139 4711 panem,
3159 4641 3367 4704 vinum,
3399 4650 3452 4697 et
3484 4645 3598 4698 ole-

2025 4751 2137 4801 um;
2170 4750 2362 4805 panem
2390 4735 2606 4805 quidem
2638 4747 2746 4804 quo
2777 4736 2874 4788 cur
2902 4732 3159 4788 fulciatur
3200 4743 3252 4788 et
3284 4735 3593 4802 roboretur,

2017 4828 2201 4882 vinum
2232 4845 2340 4899 quo
2369 4829 2549 4883 anima
2577 4828 2898 4891 iustiﬁcetur,
2925 4827 3102 4881 oleum
3145 4843 3254 4898 quo
3276 4844 3477 4899 corpus
3504 4846 3598 4883 ex-

2021 4921 2286 4977 hilaretur
2329 4932 2492 4992 atque
2519 4937 2550 4976 a
2596 4921 2876 4976 laboriosa
2909 4919 3296 4990 defatigatione
3350 4935 3589 4976 curetur.

2021 5013 2108 5070 Sic:
2162 5025 2338 5070 autem
2371 5015 2446 5069 illi
2482 5015 2718 5084 opimam
2758 5014 3329 5069 etvariisinstructam
3352 5029 3591 5068 mensam

2021 5106 2088 5160 ad
2121 5122 2278 5162 usum
2308 5121 2408 5161 ceu
2440 5115 2590 5177 pater
2613 5105 2824 5178 paravit
2870 5105 3035 5162 Deus.
3068 5104 3255 5177 Neque
3278 5115 3454 5163 tamen
3484 5123 3588 5162 rte-

2023 5210 2262 5255 terorum
2296 5201 2613 5255 animalium
2649 5215 2835 5254 curam
2871 5202 3139 5271 neglexit;
3175 5204 3266 5259 sed
3300 5202 3367 5257 de
3401 5215 3588 5256 eorum

2020 5310 2236 5365 quoque
2264 5295 2676 5350 conservatione
2718 5295 3004 5364 sollicitus,
3043 5304 3426 5368 congruentem
3455 5295 3587 5365 ipsis

2019 5403 2200 5444 escam
2261 5387 2717 5455 subministravit,
2779 5389 2960 5444 fenum
3019 5389 3234 5460 quidem
3285 5386 3580 5456 jumentis,

2018 5481 2267 5536 servituti
2300 5491 2478 5536 autem
2522 5482 2824 5546 hominum,
2867 5483 3086 5537 herbam
3119 5477 3444 5550 producens.
3478 5482 3583 5535 Ac-

2016 5575 2359 5632 curatissime
2390 5591 2520 5632 vero
2546 5577 2804 5647 propheta
2843 5574 3152 5630 animalium
3178 5573 3578 5630 distinctionum
