4044 6212
523 307 666 364 1275

1201 295 1467 359 EUSEBH
1501 300 1980 358 CIESARIENSIS
2013 301 2164 358 OPP.
2201 297 2380 356 PARS
2420 299 2506 356 lli.
2544 331 2618 347 -ν
2657 298 3058 355 hXEGETlCA.

3631 299 3655 352 1
3667 296 3782 351 276

523 421 685 485 fecit;
734 421 977 490 jnmenta
1029 418 1246 491 quidem
1281 419 1584 491 generatim
1613 421 1897 490 appellans
1935 435 2094 476 omne

2196 420 2288 474 καὶ
2321 420 2528 483 τούτοις
2555 420 2816 490 ἀπένειμε
2844 418 3051 489 τρυφήν
3071 433 3083 446 '
3121 415 3313 488 χόρτον
3356 416 3452 486 μὲν
3491 407 3606 478 τοῖς
3635 417 3782 487 κτή-

524 513 725 572 animal
775 513 939 567 herba
987 528 1242 579 vesceris;
1285 512 1602 568 servitutem
1635 529 1763 568 vero
1791 514 2090 580 hominum,

523 612 809 660 mansueta
838 610 891 657 et
921 602 1322 672 quodammodo
1371 603 1550 658 civilia
1589 604 1846 658 animalia
1889 605 1954 658 ad
1998 605 2096 659 ho-

524 696 733 752 minum
760 710 920 749 nsum
951 695 1225 764 deputata,
1247 709 1480 764 quorum
1511 694 1614 749 alia
1645 695 1862 765 quidem
1893 703 2094 751 terram

525 797 685 842 arant
744 787 1057 858 hominique
1111 802 1268 857 opem
1314 786 1518 853 ferunt,
1565 793 1624 840 ut
1672 787 1806 854 bos;
1837 788 1943 841 alia
2001 803 2095 858 ge-

525 887 673 936 stant
722 894 908 944 onera,
940 888 999 933 ut
1047 880 1268 942 asinus;
1299 880 1405 933 alia
1440 878 1656 946 demum
1701 878 1847 932 aliud
1879 879 2094 932 mortali

524 971 710 1043 generi
754 971 1116 1027 ministerium
1161 979 1423 1041 praestant
1454 990 1466 1025 :
1497 985 1618 1041 quae
1656 972 1875 1040 prOprie
1917 978 1976 1026 et
1999 987 2093 1041 op-

521 1069 755 1133 portune
799 1063 1113 1118 servitutem
1149 1064 1430 1118 hominum
1475 1063 1708 1126 vocavit,
1739 1063 1938 1132 quibus
1966 1063 2091 1118 her-

520 1154 644 1209 bam
673 1155 854 1210 datam
878 1170 1002 1210 esse
1039 1154 1136 1219 ait,
1173 1155 1380 1211 scilicet
1412 1155 1481 1209 ab
1511 1155 1822 1210 hominibus
1854 1154 2091 1210 semina-

519 1248 630 1294 tam
656 1249 710 1296 et
736 1242 974 1309 cultam;
1006 1242 1218 1298 eaateris
1249 1258 1380 1298 vero
1401 1243 1666 1312 jumentis
1689 1254 1884 1314 sponte
1905 1252 2090 1298 natum

523 1331 731 1387 fenum.
769 1331 1010 1388 Possunt
1033 1342 1212 1390 autem
1247 1345 1479 1407 utraque
1521 1336 1704 1398 simul,
1744 1335 1910 1390 herba
1940 1333 2090 1388 vide-

522 1425 650 1481 licet
700 1434 753 1481 et
777 1424 979 1489 fenum,
1026 1435 1079 1482 et
1121 1427 1386 1496 jumentis
1419 1437 1474 1484 et
1519 1429 1766 1484 servituti
1809 1428 2088 1482 hominum

520 1518 647 1571 data
679 1515 870 1572 fuisse.
893 1517 1078 1588 Neque
1111 1517 1255 1573 feras
1303 1520 1391 1574 hic
1441 1535 1616 1588 neque
1642 1520 1854 1590 reptilia
1885 1534 2092 1574 memo-

519 1608 682 1672 ravit,
713 1609 838 1678 quia
897 1610 1011 1663 lnee
1049 1609 1157 1664 alio
1210 1617 1439 1664 utuntur
1467 1611 1622 1677 cibo;
1656 1611 1762 1664 alia
1794 1610 1938 1664 enim
1970 1625 2092 1664 car-

519 1699 712 1755 nivora
742 1710 903 1769 sunt;
937 1702 1147 1772 reptilia
1171 1710 1351 1758 autem
1384 1704 1500 1773 ipsa
1531 1711 1674 1757 terra
1699 1709 2016 1758 vescuntur.

2197 529 2333 576 νεσι,
2356 514 2421 583 τῇ
2449 511 2505 565 δὲ
2532 510 2872 583 δουλείᾳντῶν
2885 509 3190 580 ἀνθρώπων
3213 508 3375 580 χλόην
3403 507 3778 575 ἐξανατείλας.

2197 605 2409 674 Σφόδρα
2450 603 2506 656 δὲ
2554 602 2800 674 ἀκριϐῶς
2828 605 2856 656 6
2888 603 3172 674 προφήτης
3218 602 3315 672 τὴν
3351 601 3459 653 τῶν
3488 600 3643 664 ζώων
3680 617 3784 652 πε-

2196 697 2416 768 ποίηται
2443 695 2705 767 διαίρεσιν
2726 710 2738 722 '
2769 696 2939 766 κτήνη
2965 695 3063 764 μὲν
3085 693 3316 763 γενικῶς
3341 695 3448 746 πᾶν
3469 692 3529 744 τὸ
3558 692 3783 762 ποηφά-

2195 807 2290 854 γον
2322 787 2478 853 ζῶον,
2494 787 2732 841 δουλείαν
2748 786 2807 840 δὲ
2833 784 3134 858 ἀνθρώπων
3163 785 3230 838 τὰ
3255 785 3438 855 ἥμερα
3462 784 3558 837 καὶ
3584 782 3781 852 ὥσπερ

2195 878 2448 934 πολιτικὰ
2476 877 2588 944 ζῶα
2631 879 2697 932 τὰ
2731 881 2810 943 είς
2859 877 3164 949 ὑπηρεσίαν
3210 875 3514 949 ἀνθρώπων
3561 875 3780 944 ἀφωρι-

2196 972 2386 1044 σμένα,
2415 964 2490 1024 ὧν
2519 971 2590 1024 τὰ
2619 971 2716 1042 μὲν
2744 972 2868 1038 ἀροῖ
2895 969 2992 1041 τὴν
3021 970 3123 1039 γῆν
3155 967 3518 1040 συνεργοῦντα
3565 964 3782 1036 ἀνθρὼ-

2195 1081 2302 1133 πῳ,
2334 1062 2410 1125 ὡς
2444 1060 2570 1133 βοῦς
2589 1079 2603 1094 ·
2635 1060 2704 1114 τὰ
2732 1059 2789 1114 δὲ
2823 1059 3134 1130 άχθοφορεῖ,
3161 1058 3236 1121 ὡς
3257 1057 3375 1120 δνος
3393 1073 3406 1087 ⁸
3428 1056 3499 1109 τὰ
3523 1054 3583 1109 δὲ
3610 1054 3782 1122 ἄλλην

2191 1151 2314 1206 τινὰ
2332 1152 2528 1223 χρῆσιν
2551 1150 2630 1221 τῷ
2649 1147 2828 1221 θνητῷ
2849 1148 2996 1217 γένει
3023 1147 3352 1219 παρέχεται·
3383 1145 3660 1207 άοίκείως
3685 1147 3780 1198 καὶ

2193 1244 2486 1317 προσφυῶς
2534 1241 2772 1300 δουλείαν
2833 1238 3134 1312 ἀνθρώπων
3183 1237 3462 1306 ὠνόμασεν
3485 1276 3500 1300 ,
3549 1229 3634 1299 οἷς
3679 1234 3780 1304 τὴν

2193 1336 2354 1407 χλόην
2406 1335 2648 1390 δεδόσθαι
2692 1333 2858 1405 φησὶ,
2893 1331 3142 1386 τουτέστι
3187 1329 3283 1399 τὴν
3335 1330 3424 1382 ὑπ’
3470 1325 3780 1398 ἀνθρώπων

2197 1430 2498 1499 σπαρεῖσαν
2531 1428 2624 1483 καὶ
2654 1424 3064 1498 γεωργηθεῖσαν
3084 1438 3096 1452 ·
3129 1424 3242 1484 τοῖς
3271 1419 3330 1472 δὲ
3355 1419 3530 1482 ἄλλοις
3570 1419 3782 1486 κτήνε-

2195 1538 2266 1585 σι,
2301 1521 2393 1574 τὸν
2421 1521 2739 1592 αὐτομάτως
2775 1516 3088 1590 βλαστῶντα
3119 1513 3332 1586 χόρτον.
3349 1511 3577 1564 Δύναται
3599 1510 3657 1562 δὲ
3680 1509 3783 1564 καὶ

2191 1612 2398 1682 ἀμφότε
2409 1629 2477 1683 ρα
2502 1612 2536 1682 ἦ
2561 1629 2620 1664 τε
2650 1610 2778 1680 χλόη
2812 1610 2906 1663 καὶ
2931 1611 2959 1662 ὁ
2991 1608 3201 1679 χόρτος,
3225 1602 3361 1672 ὁμοῦ
3387 1602 3622 1663 καὶτοῖς
3651 1601 3784 1668 κτή-

2193 1721 2310 1756 νεσι
2342 1703 2439 1756 καλ⁵
2469 1706 2536 1774 τῇ
2563 1701 2776 1773 δουλείᾳ
2799 1700 2902 1754 τῶν
2932 1698 3239 1771 ἀνθρώπων
3257 1695 3522 1750 δεδόσθαι.
3548 1691 3692 1746 Οὔτε
3725 1692 3783 1743 δὲ

520 1794 724 1866 Θηρίων
752 1800 810 1851 ὲν
831 1797 1061 1862 τούτοις,
1089 1797 1210 1851 οὔτε
1245 1798 1487 1869 ἑρπετῶν
1519 1799 1914 1870 ἐμνημόνευσε,
1944 1797 2030 1851 διὰ
2049 1797 2109 1851 τὸ
2137 1799 2297 1872 ἑτέρᾳ
2330 1799 2626 1870 κεχρῆσθαι
2653 1797 2821 1852 ταῦτα
2851 1798 3056 1868 τροφῇ·
3090 1794 3160 1850 τὰ
3193 1795 3289 1867 μὲν
3316 1793 3424 1864 γάρ
3466 1794 3586 1846 ἐστι
3642 1805 3780 1859 σαρ-

518 1886 746 1958 κοϐόρα·
779 1888 847 1942 τὰ
878 1890 935 1942 δὲ
973 1890 1196 1961 ἑρπετὰ,
1228 1891 1364 1961 αὐτῇ
1400 1892 1464 1960 τῇ
1493 1892 1564 1961 γῇ
1594 1890 1857 1962 κέχρηται
1893 1892 2068 1960 τροφῇ

589 1999 976 2057 Animadverte
1021 2017 1183 2072 porro
1234 2019 1539 2060 sermonem
1573 2005 1718 2059 hunc
1767 2005 2094 2060 circuitione
2124 2011 2170 2065 Β

517 2091 618 2156 uti,
650 2105 713 2145 ac
742 2093 1120 2148 manifestiora
1143 2095 1363 2165 quidem
1391 2096 1582 2150 leviter
1610 2104 1856 2168 tangere,
1880 2096 1949 2152 iis
1970 2111 2098 2152 vero

517 2182 772 2238 insistere
830 2184 1030 2254 quibus
1081 2186 1237 2241 multi
1279 2188 1687 2254 contradicunt,
1719 2203 1896 2258 neque
1929 2187 2100 2242 absti-

517 2289 649 2329 nere
696 2275 764 2330 ab
797 2275 1286 2340 irrationabilibus,
1311 2295 1413 2334 nec
1445 2280 1516 2334 ab
1555 2295 1657 2335 usu
1689 2281 2101 2351 ministerioque

517 2381 728 2422 eorum.
780 2366 840 2422 ld
900 2383 1030 2423 vero
1088 2368 1289 2439 duplici
1346 2369 1414 2425 de
1463 2386 1630 2427 causa
1677 2370 1949 2442 agit;alia
1992 2378 2096 2437 est,

517 2466 580 2514 ut
616 2474 682 2515 ex
713 2458 1018 2514 abundanti
1047 2459 1440 2530 impudentiam
1480 2462 1697 2517 illorum
1723 2461 1981 2529 refrenet,
2005 2462 2099 2534 qui

517 2549 708 2606 dicunt
737 2550 946 2622 aliquid
981 2551 1036 2606 in
1067 2552 1272 2607 mundo
1301 2569 1767 2623 supervacaneum
1804 2563 1860 2612 et
1907 2557 2100 2612 inutile

516 2643 819 2710 exsistere;
853 2644 957 2698 alia
985 2660 1134 2710 vero,
1165 2654 1226 2700 ut
1250 2645 1503 2700 ostendat
1536 2653 1742 2716 quanta
1772 2647 1846 2703 sit
1880 2645 1992 2704 Deo
2031 2649 2100 2704 de

516 2735 836 2793 hominibus
881 2737 1211 2803 sollicitudo,
1263 2739 1480 2808 quando
1526 2739 1594 2794 de
1641 2740 1711 2796 iis
1742 2755 1864 2810 quae
1908 2755 2099 2795 eorum

517 2844 684 2886 causa
737 2829 960 2884 condita
1017 2841 1144 2884 sunt
1194 2838 1402 2885 tantam
1436 2832 1601 2888 habet
1631 2831 1922 2888 rationem.
1956 2831 2098 2899 Quid

518 2921 649 2977 huic
697 2936 844 2976 curae
877 2937 976 2991 par
1008 2937 1132 2978 esse
1163 2924 1357 2993 possit,
1386 2923 1830 2995 quandoquidem
1870 2939 1935 2980 ea
1976 2940 2098 2998 quae

519 3008 682 3065 nobis
711 3009 957 3065 serviunt
986 3012 1059 3064 ita
1091 3013 1282 3077 nutrit,
1311 3027 1411 3068 nec
1445 3015 1649 3084 patitur
1679 3021 1740 3069 ut
1761 3015 1818 3070 in
1842 3015 2098 3073 omnibus

520 3100 846 3173 gravemur?
876 3099 1062 3173 Neque
1087 3103 1237 3157 enim
1272 3103 1545 3161 hominem
1583 3104 1842 3174 deservit,
1883 3122 1984 3162 nec
2017 3107 2096 3161 la-

519 3192 748 3250 boribus
799 3193 980 3264 ipsum
1030 3205 1240 3268 gravat,
1275 3197 1431 3253 vario
1478 3198 1630 3254 illum
1668 3199 1862 3270 salutis
1899 3215 2098 3270 genere

521 3282 755 3340 donans.
781 3283 879 3340 Hic
896 3284 1052 3356 juvat
1078 3301 1224 3352 eum,
1259 3287 1351 3357 qui
1384 3303 1718 3359 congeneres
1739 3298 1961 3344 nostros
1988 3304 2099 3345 ser—

2267 2001 2409 2071 Ὅρα
2441 1998 2498 2052 δὲ
2537 1997 2722 2071 κύκλῳ
2752 1999 3033 2071 περιϊόντα
3059 1997 3151 2052 τδν
3179 1997 3336 2066 λόγον
3378 1996 3482 2050 καὶ·
3511 1996 3580 2050 τὰ
3615 1999 3782 2067 σαφέ-

2201 2112 2366 2166 στερα
2389 2093 2828 2164 «παρατρέχοντα,
2871 2089 3350 2162 ὲμφιλοχωροῦντα
3385 2089 3440 2142 δὲ
3471 2091 3586 2153 τοῖς
3622 2091 3778 2162 παρὰ

2197 2185 2304 2238 τῶν
2335 2181 2544 2237 πολλῶν
2568 2180 3023 2251 ἀντιλεγομένοις,
3040 2179 3261 2234 καὶτῶν
3282 2179 3493 2248 ἀλόγων
3509 2180 3629 2233 οὐκ
3651 2182 3779 2250 ἀφι-

2200 2274 2484 2346 στάμενον,
2513 2273 2608 2328 καὶ
2633 2273 2733 2344 τῆς
2762 2272 2950 2345 χρείας
2979 2270 3160 2326 αὐτῶν
3192 2270 3284 2325 καὶ
3321 2271 3419 2341 τῆς
3446 2271 3775 2343 ὑπηρεσίας.

2197 2368 2350 2422 Ποιεῖ
2378 2366 2436 2420 δὲ
2459 2364 2618 2418 τοῦτο
2650 2365 2737 2418 διὰ
2766 2364 2859 2418 δύο
2887 2363 3092 2425 ταῦταὲ
3119 2364 3184 2416 δι’
3213 2363 3270 2417 ἓν
3306 2362 3426 2434 μὲν,
3465 2363 3554 2417 ἵνα
3584 2365 3650 2417 ὲκ
3677 2382 3780 2417 πε-

2201 2461 2443 2533 ριουσίας
2477 2461 2800 2532 ἐπιστομίσῃ
2831 2461 2931 2532 τὴν
2966 2459 3350 2531 ἀναισχυντίαν
3373 2458 3484 2512 τῶν
3511 2460 3780 2528 λεγόντων

2197 2551 2336 2608 εἶναί
2355 2573 2408 2609 τι
2437 2555 2689 2627 περιττὸν
2714 2555 2772 2607 ὲν
2801 2552 2879 2624 τῷ
2908 2555 3096 2624 κόσμῳ
3125 2553 3218 2606 καὶ
3246 2551 3551 2623 ἄχρηστον·
3578 2552 3645 2605 δι’
3669 2554 3784 2605 ἓτε-

2201 2664 2292 2718 ρον
2319 2646 2396 2712 δὲ,
2431 2647 2517 2700 ἵνα
2546 2645 2695 2719 δείξῃ
2721 2645 2819 2718 ὅση
2848 2645 2925 2716 τῷ
2957 2645 3076 2718 Θεῷ
3106 2645 3217 2701 τῶν
3249 2644 3551 2717 ἀνθρώπων
3592 2649 3628 2716 ἡ
3674 2664 3780 2717 κη-

2196 2739 2436 2810 δεμονία,
2464 2739 2600 2792 ὅπου
2632 2756 2696 2807 γε
2726 2738 2836 2792 τῶν
2870 2738 2936 2790 δι’
2963 2737 3204 2802 ἐκείνους
3239 2737 3547 2808 γενομένων
3589 2737 3782 2792 τοσοῦ-

2195 2849 2288 2884 τον
2320 2833 2552 2884 ποιεῖται
2584 2831 2758 2900 λόγον.
2782 2830 2846 2884 Τί
2868 2829 3073 2901 ταύτης
3095 2825 3211 2882 ἴσον
3238 2829 3434 2898 γένοιτ’
3452 2829 3522 2885 ἂν
3549 2830 3650 2900 τῆς
3677 2847 3783 2901 κη-

2197 2922 2466 2994 δεμονίας,
2490 2924 2618 2977 ὅταν
2646 2923 2741 2976 καὶ
2770 2921 2839 2976 τὰ
2864 2921 3181 2975 δουλεύοντα
3219 2923 3348 2992 ἡμῖν
3391 2920 3533 2975 οὔτω
3577 2921 3782 2993 τρέφῃ,

2198 3016 2290 3070 καὶ
2347 3015 2422 3086 μὴ
2475 3017 2728 3087 συγχωρῇ
2773 3013 3046 3068 πονεῖσθαι
3080 3014 3206 3085 περὶ
3244 3013 3450 3079 πάντα;
3487 3013 3630 3067 Οὔτε
3671 3015 3781 3085 γὰρ

2197 3107 2348 3160 εῖασε
2375 3107 2468 3161 τὸν
2497 3106 2799 3178 ἄνθρωπον,
2826 3105 2950 3160 οὔτε
2981 3105 3202 3178 βαρύνει
3223 3107 3335 3170 τοῖς
3373 3105 3558 3168 πόνοις
3589 3107 3776 3169 αὑτὸν,

2196 3198 2484 3252 ποικίλλων
2502 3197 2666 3253 αὐτοῦ
2687 3197 2783 3269 τὴν
2808 3197 3101 3269 σωτηρίαν.
3119 3196 3386 3250 Ἐνταῦθα
3409 3197 3577 3250 καλὸν
3601 3199 3780 3250 είπεῖν

2197 3289 2334 3361 πρὸς
2378 3289 2470 3343 τὸν
2510 3290 2636 3352 τοὺς
2667 3291 2946 3360 ὁμογενεῖς
2973 3286 3463 3356 καταδουλούμενον
3482 3303 3506 3316 ι
3533 3286 3632 3356 μία
3658 3287 3782 3339 δου-

520 3377 692 3432 vitnte
722 3378 998 3448 opprimit,
1029 3377 1110 3433 sic
1140 3378 1343 3449 alloqui
1369 3397 1382 3432 :
1416 3394 1525 3434 una
1550 3379 1835 3436 hominum
1859 3381 2096 3437 servitus

2197 3355 2316 3434 λεία
2333 3380 2440 3434 τῶν
2461 3381 2557 3434 ἀνθ
2567 3355 2761 3453 ρώπων
2781 3355 2850 3432 τὰ
2874 3379 3040 3447 ἄλογα
3057 3397 3071 3410 ο
3097 3379 3160 3433 σὺ
3183 3378 3238 3431 δὲ
3264 3355 3439 3432 ταῦτα
3466 3355 3775 3448 ὀλιγωρεῖς-ο

524 3477 652 3525 sunt
701 3471 1112 3536 irrationabilia,
1148 3477 1206 3524 tu
1249 3486 1378 3526 vero
1413 3471 1528 3526 haec
1571 3472 1808 3543 despicis
1857 3493 1871 3528 :
1929 3489 2099 3544 quare

522 3567 775 3615 naturam
834 3576 864 3614 a
917 3559 1177 3617 servitute
1223 3567 1276 3616 et
1323 3560 1697 3618 dominatione
1734 3562 2013 3629 scindens,
2043 3563 2098 3618 id

525 3650 777 3716 edet-isti,
804 3660 864 3707 ut
895 3651 1001 3707 sibi
1031 3653 1149 3724 ipsa
1185 3652 1415 3707 serviret
1449 3660 1504 3706 et
1536 3651 1928 3710 dominaretur.
1960 3653 2098 3707 Eum

525 3743 618 3812 qui
653 3743 722 3797 ad
755 3743 1167 3799 similitudinem
1199 3743 1294 3798 Dei
1326 3741 1503 3798 factus
1535 3751 1642 3810 est,
1678 3743 1803 3813 quis
1831 3744 2094 3809 vendidit,

527 3834 650 3904 quis
701 3834 853 3901 emit,
893 3850 1018 3889 cum
1064 3834 1116 3890 id
1160 3836 1311 3891 solus
1336 3833 1479 3890 Deus
1513 3836 1688 3904 possit
1721 3836 1960 3902 edicere;
1989 3835 2097 3889 imo

525 3940 658 3980 vero
690 3940 790 3980 nec
829 3925 944 3995 ipse
983 3923 1146 3989 Deus,
1177 3939 1303 3979 nam
1352 3925 1494 3979 dona
1525 3924 1644 3993 ejus
1674 3933 1802 3981 sunt
1835 3926 1952 3981 sine
1978 3939 2100 3994 pue-

527 4018 796 4072 nitentia?
832 4017 988 4083 Quod
1042 4017 1089 4073 si
1135 4015 1280 4072 Deus
1317 4015 1371 4070 id
1429 4015 1578 4085 quod
1617 4017 1849 4071 liberum
1875 4024 1958 4074 est
1988 4032 2100 4074 non

527 4108 722 4179 redigit
764 4109 818 4162 in
855 4107 1194 4172 servitutem,
1224 4107 1349 4176 quis
1379 4109 1676 4178 potentiam
1702 4123 1858 4163 suam
1907 4118 2098 4180 poten-

528 4203 619 4257 tiae
667 4199 759 4258 Dei
811 4200 1118 4272 przeponat?
1147 4201 1413 4256 Cancrum
1460 4209 1545 4257 sat
1570 4200 1754 4257 oneris
1801 4202 2099 4273 imponitur

529 4294 618 4361 iis,
645 4296 738 4365 qui
768 4294 923 4349 liberi
952 4302 1098 4358 sunt,
1123 4293 1268 4364 quod
1302 4294 1564 4360 serviant,
1605 4302 1864 4365 tantaque
1892 4296 1947 4351 in
1974 4297 2097 4366 pul-

531 4401 654 4443 vere
696 4388 767 4443 sit
813 4386 1136 4451 diﬂ‘erentia,
1173 4394 1232 4440 ut
1282 4385 1422 4442 alius
1449 4389 1698 4457 imperet,
1723 4387 2100 4458 aliisimpere-

529 4490 636 4534 tur.
667 4481 732 4533 At
761 4495 938 4550 neque
960 4479 1172 4549 jugum,
1203 4492 1382 4548 neque
1411 4479 1740 4548 supplicium
1762 4480 1936 4551 primo
1968 4495 2098 4551 pec.

437 4567 446 4582 '
527 4582 651 4625 cato
681 4580 872 4627 nostro
909 4570 1261 4633 destinatum,
1296 4569 1701 4643 aggravandum
1741 4579 1846 4628 est.
1884 4570 2096 4627 Produ-

2197 3473 2277 3526 διὸ
2316 3472 2414 3544 τὴν
2463 3471 2625 3542 φύσιν
2653 3471 2897 3535 δουλείας
2927 3472 3022 3524 καὶ
3043 3471 3363 3542 κυριότητος
3391 3470 3579 3540 σχίσας
3605 3469 3779 3541 αὐτὴν

2199 3567 2360 3637 ἑαυτῇ
2411 3565 2678 3619 δουλεύειν
2724 3566 2818 3619 καὶ
2857 3565 3021 3636 ἑαυτῇ
3056 3563 3329 3634 κυριεύειν
3357 3563 3630 3634 ἐποίησας.
3666 3563 3776 3615 Τὸν

2197 3658 2320 3711 καθ’
2350 3658 2638 3729 ὁμοιότητα
2660 3657 2795 3711 Θεοῦ
2822 3657 2951 3710 ὄντα
2980 3657 3073 3710 καὶ
3100 3656 3280 3726 πάσης
3303 3655 3404 3726 γῆς
3425 3657 3651 3725 ἄρχοντα
3679 3654 3771 3718 τίς

2195 3751 2225 3802 6
2253 3748 2612 3820 ἁπεμπολῶν;
2633 3749 2717 3812 τίς
2745 3750 2772 3802 6
2797 3747 3135 3818 ὠνούμενος;
3178 3749 3337 3818 μόνου
3368 3745 3494 3800 Θεοῦ
3519 3745 3580 3799 τὸ
3601 3746 3739 3818 δυνη
3766 3778 3776 3788 -

2198 3839 2356 3911 θῆναι
2385 3839 2562 3904 τοῦτο,
2609 3840 2805 3910 μᾶλλον
2847 3840 2903 3892 δὲ
2953 3840 3075 3892 οὐδὲ
3106 3838 3280 3892 αὑτοῦ
3303 3838 3398 3892 τοῦ
3428 3837 3591 3891 Θεοῦ·
3635 3839 3780 3908 ἀμε-

2197 3930 2476 4000 ταμέλητα
2505 3929 2612 4000 γὰρ
2640 3927 2803 3982 αὑτοῦ
2837 3927 2908 3980 τὰ
2937 3928 3269 3998 χαρίσματα.
3306 3929 3368 3980 Εἰ
3398 3927 3455 3980 δὲ
3491 3929 3522 3979 6
3547 3927 3679 3989 Θεὸς
3710 3927 3774 3980 ού

2196 4020 2368 4074 δουλοῖ
2404 4021 2464 4073 τὸ
2515 4020 2817 4091 ἐλεύθερον,
2847 4020 2930 4083 τίς
2956 4023 2984 4073 6
3014 4020 3322 4091 ύπερτιθεὶς
3367 4019 3460 4073 τοῦ
3509 4021 3644 4074 Θεοῦ
3672 4022 3775 4093 τὴν

2197 4111 2389 4166 ἑαυτοῦ
2414 4112 2766 4178 δυναστείαν;
2803 4111 2950 4183 Πλὴν
2981 4114 3141 4184 ἀρκεῖ
3179 4111 3449 4165 δουλεύειν
3481 4114 3594 4175 τοῖς
3627 4112 3779 4165 ἐλευ-

2198 4203 2393 4276 θέροις,
2421 4205 2514 4257 καὶ
2537 4203 2789 4257 τοσοῦτον
2820 4198 2957 4256 εἶναι
2983 4204 3041 4256 τὸ
3072 4203 3347 4275 διάφορον,
3381 4202 3521 4256 ὥστε
3547 4203 3644 4256 τοῦ
3675 4205 3776 4257 αῦ-

2195 4295 2288 4349 τοῦ
2327 4295 2448 4366 χοὸς
2481 4295 2540 4349 τὸ
2576 4296 2672 4366 μὲν
2705 4299 2947 4365 κρατεῖν,
2981 4296 3042 4349 τὸ
3077 4296 3134 4348 δὲ
3164 4294 3447 4368 ἄρχεσθαι.
3489 4295 3576 4365 Μὴ
3605 4296 3776 4368 βαρυ-

2196 4387 2369 4442 νὲσθω
2413 4387 2469 4441 δὲ
2492 4389 2520 4442 ό
2552 4387 2734 4456 ζυγὸς,
2777 4387 2910 4459 μηδὲ
2939 4387 3039 4458 τῆς
3065 4386 3284 4459 πρώτης
3311 4387 3466 4458 ἡμῶν
3500 4389 3778 4459 ἁμαρτίας

2195 4481 2256 4533 τὸ
2299 4479 2977 4550 ἐπιτίμιον.Ἐξανατέλλει
3018 4479 3075 4532 δὲ
3123 4481 3180 4532 ὲν
3231 4478 3441 4544 τούτοις
3472 4480 3778 4551 ὁπερφυέσι

2197 4573 2289 4627 καὶ
2325 4572 2675 4644 ὑψηλοτάτοις
2705 4571 2882 4641 λόγοις
2903 4569 3068 4626 αὑτοῦ
3104 4572 3287 4641 ὄρεσιν
3313 4567 3433 4626 οὖσι
3459 4572 3681 4644 χόρτονο
3717 4573 3778 4624 ὃν

527 4665 602 4719 cit
649 4674 829 4721 autem
877 4665 934 4719 in
993 4664 1079 4722 his
1143 4664 1656 4734 supernaturalibus
1703 4665 2096 4737 altissimisque

2199 4665 2472 4737 φέρεσθαι·
2489 4665 2691 4737 τροφὴν
2721 4658 2821 4718 οἷοί
2847 4665 2908 4719 τέ
2935 4667 3073 4719 είσιν
3099 4665 3150 4718 οἱ
3184 4663 3697 4736 άλογώτεροι.Ἔστι
3717 4664 3778 4718 δὲ

527 4758 872 4813 sermonibus
929 4758 1062 4822 suis,
1105 4758 1199 4828 qui
1228 4764 1442 4813 montes
1482 4766 1632 4824 sunt,
1663 4757 1848 4814 fenum
1882 4777 1894 4813 :
1934 4773 2094 4830 quem

2201 4762 2229 4814 6
2260 4761 2316 4812 ὲν
2345 4759 2550 4822 τούτοις
2591 4761 2702 4822 τοῖς
2744 4757 2894 4829 ὄρεσι
2938 4756 3126 4827 χόρτος
3152 4758 3181 4810 6
3207 4757 3336 4829 περὶ
3369 4755 3476 4810 τῶν
3503 4755 3777 4825 αἰσθητῶν

526 4849 710 4903 cibum
757 4849 1250 4906 irrationabiliores
1307 4849 1451 4907 ferre
1494 4851 1729 4907 valeant.
1773 4850 1868 4907 Est
1911 4861 2092 4907 autem

2201 4851 2356 4920 λόγος
2384 4853 2475 4904 καὶ
2500 4850 2560 4903 τὸ
2588 4850 2820 4922 γράμμα
2857 4848 2954 4917 τῆς
2977 4848 3197 4920 Γραφῆς
3216 4865 3229 4878 ο
3257 4848 3391 4901 ἀλλὰ
3417 4848 3511 4902 καὶ
3530 4851 3558 4900 ὁ
3578 4847 3780 4918 ἠθικώ-

527 4940 710 4996 fenum
756 4941 813 4996 in
840 4941 990 4998 hisce
1020 4943 1297 5000 montibus
1328 4944 1586 5014 positum,
1622 4959 1803 5000 sermo
1830 4944 1896 5000 de
1921 4945 2096 5000 sensi-

2200 4961 2377 5015 τερος,
2407 4935 2468 4996 οὗ
2505 4941 2826 5014 μεταλαϐεῖν
2854 4942 2945 4994 καὶ
2975 4942 3022 4993 οἱ
3053 4939 3236 4993 πολλοὶ
3273 4940 3605 5011 δυνήσονται,
3643 4942 3776 4994 ἐκά-

526 5033 726 5088 bilibus
755 5041 810 5088 et
842 5035 1018 5088 littera
1053 5033 1386 5106 Scriptum;
1429 5035 1538 5092 imo
1564 5035 1727 5091 etiam
1758 5051 1939 5092 sermo
1978 5051 2095 5091 mo-

2203 5053 2329 5090 στου
2361 5033 2468 5087 τῶν
2499 5032 2752 5086 τοιούτων
2782 5031 3027 5099 λέγοντος
3045 5047 3058 5062 ο
3097 5031 3311 5098 Κύριος
3340 5030 3634 5098 ποιμαίνει
3676 5048 3776 5099 με,

525 5124 681 5190 ralis,
722 5140 883 5195 quem
936 5127 1228 5184 multitudo
1277 5143 1495 5199 quoque
1543 5129 1822 5199 percipere
1871 5128 2091 5187 valebit.

2201 5126 2299 5182 καί
2345 5123 2526 5179 οὐδέν
2563 5139 2640 5192 με
2681 5120 3004 5189 ὑστερήσει
3025 5136 3043 5153 ο
3083 5123 3168 5185 είς
3205 5122 3390 5174 τόπον
3421 5122 3610 5190 χλόης
3651 5119 3783 5174 ἐκεῖ

527 5215 836 5272 dicentibus
894 5215 1148 5287 singulis,
1200 5217 1459 5274 Dominus
1504 5219 1675 5288 pascit
1722 5235 1820 5287 me,
1864 5230 1913 5274 et
1961 5218 2094 5272 nihil

2196 5235 2270 5290 με
2312 5215 2805 5284 κατεσκήνωσεν·
2841 5214 2940 5268 ἐπὶ
2971 5213 3189 5280 ὓδατος
3214 5214 3609 5278 ἀναπαύσεως
3644 5213 3776 5278 ἐξέ-

527 5309 657 5362 ηιὶΙιί
686 5309 848 5364 deerit
877 5325 895 5363 :
926 5309 982 5363 in
1011 5309 1124 5365 loco
1159 5325 1369 5379 pascua:
1411 5312 1484 5366 ibi
1511 5330 1593 5369 me
1619 5313 1915 5378 collocavit,
1947 5327 2097 5380 super

2205 5308 2386 5378 θρεψέ
2423 5326 2520 5378 με.
2539 5307 2902 5379 ’Υπερϐάντες
2933 5306 2990 5360 δέ
3034 5323 3164 5359 ποτε
3195 5306 3294 5376 τὴν
3317 5304 3570 5374 τοιαύτην
3601 5305 3776 5358 κατά-

529 5419 720 5473 aquam
733 5401 1027 5472 refectioni:
1040 5402 1102 5456 ed
1107 5405 1278 5458 ucavit
1296 5421 1375 5459 me
1386 5404 1452 5457 ³⁸.
1472 5404 1577 5473 Qui
1590 5412 1772 5462 autem
1790 5407 2097 5478 hujusmodi

2208 5419 2413 5466 στασιν,
2443 5399 2625 5454 οὐκέτι
2658 5401 2716 5453 ὲν
2745 5399 2955 5471 δουλείᾳ
2987 5397 3094 5452 τῶν
3122 5395 3425 5468 ἀνθρώπων
3452 5396 3625 5460 ὄντες,
3663 5397 3777 5450 ἀλλ’

531 5501 733 5549 statum
771 5493 1229 5550 transcenderunt
1261 5510 1385 5549 cum
1411 5511 1520 5550 non
1552 5496 1608 5551 in
1639 5499 1902 5554 servitute
1931 5497 2097 5553 homi-

2204 5493 2477 5566 ἄνθρωποι
2505 5491 2877 5563 γεγενημένοι,
2901 5488 3084 5560 ἐροῦσι
3113 5489 3274 5544 πάλιν
3297 5489 3554 5552 ἕκαστος’
3599 5489 3778 5543 Ἠτοί-

531 5601 662 5640 num
704 5595 1010 5651 versentur,
1038 5585 1133 5643 sed
1176 5586 1426 5646 homines
1461 5588 1587 5646 facti
1618 5590 1750 5657 sint,
1777 5589 1978 5662 singuli
1999 5590 2097 5648 ite~

2200 5603 2402 5658 μασας
2423 5583 2677 5644 ἐνώπιόν
2703 5602 2818 5655 μου
2847 5581 3134 5654 τράπεζαν
3155 5581 3503 5650 ἐξεναντίας
3525 5581 3645 5636 τῶν
3662 5584 3781 5640 θευ-

608 5740 650 5773 ε’
689 5739 831 5796 Psal.
873 5757 1017 5810 xm,
1057 5743 1125 5811 1,
1158 5743 1211 5798 2.
