4044 6212
350 338 487 396 i277

1469 335 1506 389 C
1519 331 1977 390 OMMENTARIA
2018 334 2083 388 IN
2120 332 2458 391 PSALMOS.

3438 336 3577 394 1278

345 461 570 514 δόντων
591 473 667 527 με
684 474 696 486 ·
727 457 1017 522 ἐλίπανας
1039 456 1110 510 ἐν
1137 454 1316 519 ἐλαίῳ
1339 452 1452 521 τὴν
1479 451 1749 522 κεφαλήν
1771 471 1910 523 μου,

2026 469 2136 506 rum
2163 453 2346 508 dicent
2394 473 2407 506 :
2447 452 2666 506 Parast‘i
2692 453 2744 507 in
2766 461 3052 532 conspectu
3087 469 3196 507 meo
3236 470 3464 509 mensam
3489 455 3582 510 ad-

345 551 443 604 καὶ
476 549 541 602 τὸ
567 547 850 616 ποτήριόν
866 565 984 616 μου
1008 548 1316 618 μεθύσκον
1333 547 1412 610 ὠς
1441 543 1783 612 κράτιστον.
1801 545 1910 597 Καὶ

347 645 412 698 τὸ
445 643 616 708 ἔλεός
640 658 756 695 σου
785 639 1211 703 καταδιώξεταί
1232 654 1308 706 με
1333 636 1534 702 πάσας
1556 636 1661 700 τὰς
1694 635 1913 703 ἡμέρας

345 731 457 800 τῆς
483 730 629 798 ζωῆς
644 748 783 800 μου,
805 729 902 782 καὶ
929 729 992 782 τὸ
1021 727 1315 782 κατοικεῖν
1339 744 1416 796 με
1438 727 1508 779 ἐν
1530 726 1674 790 οίκῳ
1693 726 1913 794 Κυρίου

348 826 433 888 εὶς
453 823 793 891 μακρότητα
822 817 1072 888 ἡμερῶν.

424 999 532 1052 Τοῦ
595 997 906 1067 ἐξαγαγεῖν
966 997 1143 1065 ἄρτον
1182 997 1249 1049 ἐκ
1289 993 1398 1062 τῆς
1440 993 1570 1064 γῆς,
1620 995 1718 1047 καὶ
1753 990 1914 1057 οἶνος

349 1091 650 1159 εὐφραίνει
687 1091 936 1158 καρδίαν
969 1088 1279 1156 ἀνθρώπου
1299 1105 1313 1119 ο
1334 1088 1437 1141 τοῦ
1471 1087 1745 1155 ίλαρῦναι
1776 1087 1916 1153 πρό-

350 1199 557 1236 σωπον
603 1183 674 1236 ἐν
719 1183 918 1248 ἐλαίῳ,
962 1182 1060 1234 καὶ
1091 1181 1268 1249 ἄρτος
1315 1180 1561 1249 καρδίαν
1605 1179 1915 1247 ἀνθρώπου

351 1273 623 1343 στηρίξει.
657 1274 838 1341 Ἀξιον
878 1273 1109 1326 ἐνταῦθα
1141 1271 1370 1343 ζητῆσαι
1403 1273 1546 1335 τίνος
1565 1273 1722 1344 χάριν
1750 1271 1917 1324 εἰπὼν

351 1368 380 1419 6
409 1365 586 1430 Δαυῖδ,
612 1368 640 1419 6
669 1365 1031 1432 ὲξανατέλλων
1092 1365 1282 1436 χόρτον
1327 1365 1438 1427 τοῖς
1472 1365 1745 1434 κτήνεσιν,
1785 1364 1920 1433 ὲπή-

351 1479 520 1531 γαγε·
558 1462 667 1516 Τοῦ
711 1461 1022 1531 ἐξαγαγεῖν
1047 1460 1228 1527 ἄρτον
1253 1461 1321 1513 ἐκ
1366 1457 1474 1526 τῆς
1515 1458 1646 1527 γῆς,
1690 1457 1796 1511 ἀπὸ
1825 1457 1918 1510 τοῦ

353 1556 502 1608 σίτου
539 1554 736 1624 δηλαδὴ
768 1551 1326 1623 κατασκευαζόμενον.
1360 1551 1424 1603 Τί
1450 1549 1580 1602 ποτέ
1607 1551 1754 1602 ἐστιν
1785 1549 1920 1619 ὅπερ

353 1647 656 1711 αἰνίξασθαι
703 1646 977 1716 βούλεται;
1032 1647 1151 1699 Ὅτι
1202 1645 1262 1697 τὸ
1315 1643 1446 1697 αὐτὸ
1501 1641 1722 1712 σπέρμα
1767 1643 1920 1710 κοινὴ

353 1739 560 1808 γίνεται
592 1739 758 1810 ἐδωδὴ
809 1739 903 1792 καὶ
932 1737 1145 1806 ἀλόγοις
1175 1737 1270 1790 καὶ
1306 1733 1630 1806 ἀνθρώποις,
1673 1734 1732 1788 ού
1781 1731 1922 1787 κατὰ

2015 560 2194 599 versus
2225 560 2310 598 eos
2339 544 2427 614 qui
2457 542 2712 596 tribulant
2751 559 2867 608 me;
2903 545 3244 614 impinguasti
3279 546 3332 598 in
3361 547 3471 599 oleo
3495 563 3582 600 ca-

2013 643 2108 706 put
2140 652 2329 698 meum,
2365 644 2415 689 et
2449 635 2590 688 calix
2621 652 2763 689 meus
2788 636 3072 700 inebrians,
3110 653 3268 706 quam
3293 639 3580 705 prwclarus

2013 734 2113 780 est.
2157 725 2230 782 Et
2270 726 2634 780 misericordia
2695 738 2785 780 tua
2845 727 3182 798 subsequetar
3215 745 3295 782 me
3343 727 3581 782 omnibus

2019 818 2200 873 diebus
2240 821 2360 873 vita:
2388 836 2536 883 mea),
2565 829 2613 872 et
2643 828 2698 871 ut
2721 819 3005 874 inhabitem
3026 823 3079 874 in
3105 821 3258 876 domo
3288 822 3501 876 Domini
3528 822 3583 874 in

2017 910 2391 981 longitudinem
2425 911 2626 965 dierum
2641 915 2706 966 ”.

2096 1002 2162 1056 Ut
2196 1002 2387 1058 educas
2415 1019 2603 1072 panem
2634 1003 2701 1058 de
2737 1013 2900 1067 terra,
2935 1013 2983 1059 et
3021 1005 3194 1060 vinum
3232 1007 3468 1077 lwti/icat
3495 1027 3586 1064 cor

2021 1091 2285 1155 hominis;
2311 1102 2368 1145 ut
2398 1092 2654 1146 exhilaret
2684 1092 2874 1162 [aciem
2905 1095 2959 1147 in
2987 1095 3119 1160 oleo,
3144 1107 3191 1149 et
3214 1099 3365 1165 panis
3387 1116 3476 1152 cor
3501 1101 3587 1153 Ito-

2019 1183 2182 1236 minis
2214 1186 2514 1254 conﬁrmat.
2550 1184 2648 1240 Hic
2684 1193 2989 1255 Opportune
3031 1198 3328 1257 quaeratur,
3366 1205 3470 1260 qua
3513 1191 3580 1244 de

2020 1288 2188 1329 causa
2221 1291 2346 1330 cum
2378 1276 2607 1332 dixisset
2669 1277 2834 1332 David
2870 1300 2880 1334 :
2919 1278 3221 1333 Producens
3274 1281 3449 1349 fenum
3497 1281 3587 1346 iu-
3697 1281 3702 1286 ’

2023 1369 2210 1421 mentis
2236 1383 2255 1431 ;
2287 1368 2651 1438 subjunxerit,
2685 1369 2751 1423 Ut
2789 1370 2981 1424 educas
3013 1388 3198 1436 panem
3222 1372 3285 1426 de
3330 1383 3489 1438 terra,
3521 1389 3588 1429 ex

2022 1463 2297 1519 fromento
2330 1480 2524 1535 nempe
2553 1466 2884 1520 confectum.
2921 1467 3060 1534 Quid
3093 1477 3271 1523 autem
3307 1478 3393 1524 est
3443 1472 3588 1539 quod

2022 1556 2311 1610 insinuare
2362 1556 2515 1609 vult?
2550 1554 2694 1610 Idem
2752 1558 2963 1614 scilicet
3014 1573 3197 1615 semen
3246 1576 3587 1616 communem

2022 1661 2203 1702 eseam
2234 1661 2354 1702 esse
2385 1654 2492 1699 tam
2535 1647 2712 1704 brutis
2766 1665 2925 1718 quam
2962 1651 3293 1722 hominibus,
3328 1656 3424 1708 sed
3480 1669 3587 1709 non

2026 1741 2211 1796 eadem
2243 1741 2474 1796 ratione.
2510 1741 2686 1810 Atque
2723 1742 2856 1796 illud
2907 1741 2998 1797 Dei
3032 1744 3311 1813 sapientia:
3357 1744 3480 1798 fuit.
3525 1745 3590 1798 Et

353 1807 416 1884 τὸ
445 1831 594 1884 αὐτό.
637 1807 928 1883 Καὶ-τοῦτο
960 1830 1015 1882 δὲ
1048 1830 1147 1900 τῆς
1177 1829 1271 1882 τοῦ
1307 1828 1440 1882 Θεοῦ
1474 1827 1681 1897 σοφίας.
1719 1825 1916 1878 Σκόπει

2029 1846 2159 1885 vero
2183 1832 2234 1885 id
2265 1830 2670 1885 animadvertas
2701 1832 2896 1886 velim:
2929 1833 3203 1903 spargitur
3231 1833 3587 1898 frumentum,

352 1922 442 1974 δέ’
487 1921 894 1976 Καταϐάλλεται
941 1925 1106 1984 σῖτος,
1159 1921 1294 1984 τέως
1329 1921 1426 1991 μὲν
1475 1919 1776 1992 ἀνθρώπων
1807 1921 1922 1974 ἐστὶ

352 2014 526 2084 τροφὴ
573 2014 759 2082 μόνον·
801 2011 1018 2065 ἐπειδὰν
1059 2012 1116 2065 δὲ
1150 2011 1441 2085 βλαστάνῃ,
1473 2012 1645 2066 ἄνεισι
1686 2013 1781 2065 καὶ
1824 2012 1922 2084 τὴν

352 2106 462 2160 τῶν
487 2105 694 2174 ἀλόγων
721 2105 857 2175 ἔχων
890 2108 1116 2178 τροφήν.
1153 2107 1361 2177 Ὥσπερ
1393 2105 1501 2177 γάρ
1533 2106 1665 2160 αὐτὸ
1696 2106 1754 2159 τὸ
1785 2102 1922 2160 εἶναι

352 2196 417 2249 δι’
449 2199 593 2267 ἡμᾶς
624 2197 778 2251 ἔλαϐε
811 2197 879 2250 τά
913 2197 1046 2262 ζῶα.
1076 2195 1216 2250 οὕτω
1249 2197 1344 2251 καὶ
1371 2199 1404 2267 ή
1436 2197 1608 2268 τροφὴ
1653 2197 1832 2251 αὐτῶν
1859 2201 1922 2251 ἐκ

354 2293 452 2362 τῆς
480 2292 752 2363 ἡμετέρας
793 2291 996 2363 τροφῆς
1025 2291 1135 2362 ἔχει
1167 2291 1262 2362 τὴν
1307 2292 1498 2362 ἀρχὴν.
1547 2292 1609 2343 Ἦ
1642 2291 1749 2362 γὰρ
1792 2291 1921 2362 χλόη

353 2381 442 2434 διὰ
475 2381 629 2434 τοῦτο
659 2381 1083 2452 προηγουμένως
1111 2381 1352 2450 γέγονεν,
1391 2381 1476 2433 ἵνα
1521 2380 1610 2433 τὸν
1636 2383 1779 2434 σῖτον
1806 2381 1921 2433 δια-

352 2477 515 2544 τηρῇ.
547 2469 700 2534 Εἶδες
730 2468 822 2525 οὖν
848 2472 918 2524 τὰ
946 2472 1115 2538 ἄλογα
1142 2473 1202 2525 οὐ
1240 2472 1398 2542 μόνον
1421 2474 1552 2542 ἡμῖν
1583 2471 1919 2535 δουλεύοντα,

357 2563 490 2616 ἀλλά
515 2563 608 2614 καὶ
632 2561 730 2632 τὴν
763 2562 964 2632 τροφὴν
997 2561 1106 2616 τῶν
1133 2562 1338 2630 ἀλόγων
1369 2564 1435 2631 τῇ
1471 2562 1718 2634 ἡμετέρᾳ
1749 2566 1920 2636 τροφῇ

357 2653 822 2725 ύπηρετουμένην,
863 2653 958 2706 καὶ
988 2656 1053 2724 τῇ
1089 2655 1239 2719 τάξει
1291 2653 1450 2708 πάλιν
1497 2655 1557 2707 τὸ
1603 2655 1732 2709 αὐτὸ
1769 2655 1924 2709 τοῦτο

361 2744 718 2814 μιμουμένην.
756 2744 966 2813 ’Ὠσπερ
995 2745 1100 2813 γὰρ
1145 2744 1404 2816 πρότερον
1445 2745 1634 2812 ἄλογα,
1671 2746 1763 2800 καὶ
1801 2747 1922 2799 τότε

356 2835 660 2906 ἄνθρωπος,
694 2835 879 2906 ἐπειδὴ
911 2835 997 2888 διὰ
1028 2835 1116 2888 τὸν
1145 2835 1426 2907 ἄνθρωπον
1456 2837 1524 2890 τὰ
1551 2837 1748 2905 ἄλογα⁸
1785 2837 1924 2890 οὕτω

357 2928 449 2981 καὶ
471 2928 682 2998 πρῶτον
705 2928 856 2998 χλόη.
877 2927 971 2980 καὶ
991 2928 1110 2980 τότε
1137 2930 1278 2991 σῖτος
1306 2930 1363 2980 ὲν
1390 2930 1457 2999 τῇ
1485 2927 1708 3001 βλάστῃ,
1738 2929 1922 3000 ἐπειδὴ

356 3019 446 3074 διὰ
471 3020 561 3072 τὸν
594 3022 734 3074 σῖτον
765 3022 799 3091 ή
829 3020 978 3091 χλόη.
1011 3020 1119 3076 Kal
1149 3017 1311 3087 οἶνος
1342 3022 1646 3090 εὐφραίνει
1675 3022 1926 3090 καρδίαν

358 3109 689 3178 ἀνθρώπου.
721 3111 797 3166 Οὐ
842 3114 971 3176 πᾶς,
999 3112 1031 3183 ἢ
1066 3112 1224 3184 μόνος
1264 3115 1293 3166 ὁ
1322 3111 1419 3183 τὴν
1459 3113 1673 3181 γένεσιν
1697 3112 1834 3184 ἔχων
1862 3115 1926 3166 ὲκ

341 3191 452 3253 ’τοῦ
497 3203 769 3267 εἰπόντος·
832 3203 977 3274 Ἐγώ
1006 3205 1122 3273 ειμι
1170 3205 1208 3273 ἠ
1255 3202 1520 3273 ἄμπελος
1561 3205 1600 3272 ἠ
1646 3203 1920 3271 ἀληθινή.

372 3294 508 3348 Ἀλλ’
549 3297 669 3349 ἐπεὶ
700 3297 770 3352 τά
812 3297 1044 3369 αἰσθητά
1074 3297 1252 3351 πάντα
1277 3297 1350 3367 γῆ
1378 3297 1465 3352 διὰ
1495 3298 1555 3351 τὸ
1591 3298 1770 3351 ὑλικὸν
1808 3299 1925 3352 ὀνο-

361 3389 606 3459 μάζεται,
632 3393 710 3453 είς
733 3390 918 3444 τοῦτον
939 3391 995 3445 δὲ
1017 3389 1199 3443 λαϐεῖν
1221 3393 1335 3443 ἐστι
1358 3391 1514 3459 λόγον
1536 3391 1928 3456 ἀναὸιὸάζοντα

356 3482 445 3537 διά
471 3501 611 3548 τινος
643 3484 930 3552 ἀναλογίας
956 3486 1046 3538 ἐπὶ
1076 3485 1144 3539 τά
1178 3484 1342 3556 νοητά
1360 3499 1373 3513 ⁶
1411 3483 1505 3537 καὶ
1534 3480 1685 3547 οὗτος
1717 3485 1745 3536 6
1773 3484 1928 3552 λόγος

357 3576 521 3646 ἄρτος
550 3577 696 3628 ἐστὶν
725 3577 790 3630 ὲκ
833 3577 929 3646 τῆς
961 3577 1062 3648 γῆς
1107 3576 1453 3646 ἐξαγόμενος,
1488 3577 1578 3628 ἐπὶ
1611 3576 1673 3628 τὸ
1711 3578 1927 3647 τρέφειν

357 3665 450 3720 τὸν
484 3667 629 3720 ἔνδον
667 3669 760 3720 καὶ
803 3669 860 3720 ὲν
907 3667 1134 3738 κρυπτῷ
1179 3668 1482 3740 ἄνθρωπον,
1524 3668 1618 3726 καὶ
1664 3668 1770 3721 ἀπὸ
1818 3668 1926 3721 τῶν

363 3757 690 3826 σωματικῶν
719 3758 776 3811 δὲ
803 3759 899 3829 τῆς
933 3759 1148 3830 γραφῆς
1185 3759 1534 3831 διηγημάτων
1563 3759 1651 3813 διά
1683 3761 1743 3812 τὸ
1783 3761 1926 3816 ἱστο-

361 3849 510 3919 ρικὸν
546 3851 615 3920 γῆ
662 3852 964 3923 εἰρημένον.
1003 3853 1198 3921 Ἀρτος
1236 3852 1559 3922 ἐξαγόμενος
1604 3853 1632 3904 6
1669 3853 1928 3922 μυστικός

300 3991 307 3998 .
360 3942 475 3995 ἐστι
506 3940 677 4008 λόγος.
730 3941 840 3995 Τοῦ
867 3941 1213 4010 ἑξιλαρῦναι
1256 3943 1581 4011 πρόσωπον
1612 3942 1680 3996 ἐν
1724 3942 1925 4007 ἐλαίῳ,

361 4032 460 4085 καὶ
501 4031 678 4099 ἄρτος
716 4034 966 4102 καρδίαν
991 4034 1304 4104 ἀνθρώπου
1336 4034 1610 4103 στηρίξει.
1657 4035 1926 4108 Ἱλαρύνε-

360 4143 451 4177 ται
478 4125 532 4178 δὲ
565 4125 657 4177 καὶ
688 4126 1032 4197 φαιδρύνεται
1058 4129 1118 4181 τὸ
1151 4127 1438 4198 πρόσωπον
1466 4128 1558 4180 τοῦ
1591 4128 1697 4181 ἔσω
1722 4126 1929 4200 ἀνθρώ-

363 4234 464 4270 που
497 4216 660 4286 ἐλαίῳ
691 4215 768 4286 τῷ
805 4216 1078 4288 θρεπτικῴ
1107 4218 1198 4271 τοῦ
1237 4217 1380 4272 Θείου
1407 4219 1600 4286 φωτὸς,
1633 4218 1728 4272 καὶ
1751 4217 1928 4271 λύοντι

361 4310 460 4374 τὰς
488 4309 672 4374 νόσους
700 4309 794 4363 καὶ
820 4311 944 4373 τοὺς
973 4312 1164 4374 πόνους
1192 4313 1289 4383 τῆς
1315 4312 1515 4383 ψυχῆς,
1548 4310 1758 4383 ἐπινοίᾳ
1793 4311 1925 4382 μόνῃ

365 4402 617 4474 διαφέρον
667 4400 761 4455 τοῦ
815 4402 1165 4469 ἀποδοθέντος
1205 4405 1368 4459 οἴνου.
1421 4404 1478 4458 '0
1524 4403 1632 4474 γὰρ
1663 4401 1760 4456 τοῦ
1791 4401 1924 4455 Θεοῦ
1951 4442 1964 4452 .

2027 1933 2190 1996 atque
2214 1925 2481 1980 hactenus
2526 1925 2745 1995 quidem
2790 1925 3070 1979 hominum
3123 1932 3207 1981 est
3250 1927 3589 1992 cibus-,cum

2027 2027 2212 2076 autem
2243 2019 2646 2089 germinaverit,
2713 2021 2978 2089 exsurgit,
3023 2019 3310 2074 brulorum
3373 2036 3591 2090 quoque

2025 2111 2344 2165 alimentum
2376 2109 2684 2179 proferens.
2719 2108 3182 2175 Quemadmodum
3214 2112 3356 2166 enim
3384 2111 3592 2166 anima-

2023 2201 2097 2259 lia
2127 2200 2177 2254 id
2210 2200 2378 2254 nostri
2431 2214 2594 2254 causa
2650 2206 2980 2269 acceperunt
3011 2199 3154 2270 quod
3197 2202 3484 2266 exsistant,
3517 2200 3590 2254 ita

2025 2301 2079 2348 et
2108 2306 2234 2347 esca
2267 2291 2482 2344 illorum
2508 2307 2538 2344 a
2568 2299 2761 2344 nostra
2792 2291 3006 2345 initium
3039 2293 3221 2348 habet.
3257 2291 3388 2346 Nam
3423 2291 3590 2346 herba
3676 2276 3684 2287 ”

2026 2386 2148 2441 ideo
2182 2389 2417 2439 maxime
2446 2384 2786 2455 producitur,
2823 2395 2884 2440 ut
2915 2386 3246 2441 frumentum
3279 2395 3586 2444 conservet.

2027 2477 2193 2533 Vides
2217 2477 2383 2548 igitur
2423 2493 2534 2531 non
2565 2478 2742 2533 solum
2776 2478 2936 2532 bruta
2984 2480 3141 2534 nobis
3188 2479 3461 2545 famulari,
3498 2496 3593 2536 ve-

2027 2586 2147 2624 rum
2177 2571 2339 2624 etiam
2375 2570 2557 2624 cibum
2608 2585 2796 2624 eorum
2829 2571 2952 2624 cibo
2998 2579 3187 2627 nostro
3241 2572 3477 2635 servire,
3508 2580 3592 2625 at-

2027 2679 2132 2734 que
2157 2663 2346 2718 eodem
2375 2662 2568 2717 ordine
2592 2670 2646 2718 et
2667 2662 2878 2718 ratione
2900 2663 2952 2717 id
2985 2664 3160 2734 ipsum
3191 2679 3368 2734 agere.
3395 2662 3596 2731 Quem-

2026 2753 2317 2808 admodum
2363 2753 2507 2808 enim
2545 2753 2698 2824 prius
2746 2752 2928 2820 bruta,
2978 2753 3174 2810 deinde
3224 2755 3406 2819 homo,
3461 2754 3587 2824 quia

2026 2853 2250 2914 propter
2283 2845 2557 2899 hominem
2615 2845 2810 2912 bruta;
2865 2844 2946 2900 sic
3009 2845 3187 2914 primo
3233 2845 3425 2910 herba,
3462 2861 3584 2898 mox

2027 2934 2360 2990 frumentum
2393 2935 2450 2988 in
2507 2935 2767 3005 germine,
2796 2936 2925 3005 quia
2981 2942 3204 3005 propter
3257 2936 3588 2990 frumentum

2029 3025 2217 3085 herba.
2253 3025 2322 3078 Et
2358 3027 2537 3081 vinum
2571 3027 2807 3096 latiﬁoat
2857 3044 2947 3082 cor
2986 3027 3210 3082 hominis
3245 3042 3264 3080 :
3293 3043 3400 3081 non
3435 3041 3595 3080 omne

2025 3116 2233 3183 vinum,
2261 3117 2356 3172 sed
2385 3117 2516 3172 illud
2539 3117 2714 3172 solum
2742 3118 2885 3188 quod
2915 3125 3093 3173 ortum
3116 3119 3280 3174 habet
3310 3119 3378 3173 ab
3399 3134 3463 3173 eo
3493 3118 3587 3188 qui

2027 3207 2196 3263 dicit:
2223 3207 2334 3280 Ego
2365 3226 2482 3263 sum
2511 3209 2632 3264 vitis
2659 3210 2861 3264 vero“.
2882 3211 3142 3281 Sed‘quia
3167 3211 3388 3266 sensilia
3409 3212 3594 3265 omnia

2029 3302 2098 3358 oh
2128 3304 2414 3358 materiam
2466 3313 2610 3359 terra
2641 3311 2928 3368 vocantur,
2982 3312 3143 3375 atque
3196 3304 3263 3360 de
3308 3304 3404 3359 illo
3451 3304 3595 3357 acci-

2029 3395 2260 3466 piendos
2285 3411 2464 3451 sermo
2489 3406 2594 3463 est,
2626 3398 2717 3467 qui
2745 3397 2976 3467 quadam
3017 3398 3228 3452 ratione
3268 3404 3322 3450 et
3363 3413 3593 3468 prolier-

2031 3487 2177 3542 tione
2204 3488 2268 3541 ad
2301 3488 2606 3558 spiritualia
2630 3489 2824 3544 deinde
2845 3490 3038 3558 erigit;
3071 3490 3156 3544 hic
3185 3506 3400 3560 quoque
3417 3505 3595 3545 sermo

2029 3578 2188 3646 panis
2218 3587 2301 3632 est
2330 3579 2396 3633 de
2418 3586 2562 3634 terra
2593 3579 2845 3643 eductus,
2883 3587 2942 3632 ut
2964 3580 3278 3634 interiorem
3307 3587 3360 3635 et
3411 3581 3594 3634 occul-

2030 3679 2146 3725 tum
2176 3671 2451 3726 hominem
2481 3673 2687 3728 nutriat
2719 3690 2732 3725 :
2769 3681 2931 3743 atque
2965 3688 2994 3727 a
3016 3674 3294 3744 corporeis
3347 3673 3594 3743 Scriptu-

2031 3778 2105 3817 rae
2138 3764 2571 3830 narrationibus,
2606 3765 2677 3820 ob
2709 3765 3015 3820 naturalem
3042 3767 3279 3821 historia:
3301 3766 3590 3826 rationem,

2028 3863 2173 3911 terra
2209 3856 2432 3912 dicitur.
2482 3856 2646 3911 Panis
2681 3857 2881 3928 quippe
2923 3858 3176 3922 eductus,
3215 3865 3300 3912 est
3327 3857 3592 3928 mysticus

2029 3963 2231 4002 sermo.
2267 3947 2334 4001 Ut
2361 3948 2618 4002 exhilaret
2649 3947 2838 4016 faciem
2879 3949 2933 4002 in
2967 3949 3101 4014 oleo,
3133 3958 3180 4002 et
3206 3949 3358 4017 panis
3391 3965 3480 4002 cor
3499 3949 3594 4000 Ιιο-

2029 4039 2184 4092 minis
2208 4039 2507 4108 conﬁrmat.
2529 4039 2877 4093 Exhilaratur
2897 4055 3062 4110 porro
3085 4055 3148 4094 ac
3173 4041 3478 4095 illustratur
3511 4041 3595 4092 in-

2029 4129 2247 4186 terioris
2281 4131 2518 4185 hominis
2550 4130 2716 4187 facies
2752 4133 2892 4196 oleo,
2927 4133 3073 4203 quod
3097 4132 3336 4186 divinam
3377 4133 3472 4185 alit
3511 4133 3588 4186 lu-

2028 4239 2170 4287 cem,
2197 4239 2260 4277 ac
2295 4225 2518 4279 morbos
2551 4225 2876 4296 laboresque
2913 4227 3107 4280 animae
3145 4227 3324 4290 solvit,
3371 4226 3594 4294 solaque

2034 4314 2369 4384 intelligendi
2425 4317 2694 4390 rationeqa
2725 4326 3031 4371 memorato
3078 4319 3206 4372 vino
3249 4317 3446 4371 differt.
3501 4317 3592 4370 Dei

2030 4405 2228 4475 quippe
2251 4405 2499 4467 verbum,
2534 4413 2591 4456 ut
2619 4403 2766 4465 vltis,
2802 4405 2877 4457 ita
2911 4413 2963 4458 et
3012 4404 3152 4457 oliva
3195 4413 3296 4458 est.
3335 4402 3465 4472 Ego,
3509 4402 3593 4455 in-

361 4495 517 4564 λόγος
545 4495 730 4568 ὥσπερ
759 4494 1018 4566 ἄμπελος,
1054 4493 1194 4547 οὕτω
1235 4499 1327 4550 καὶ
1355 4496 1513 4550 ὲλαία
1540 4495 1712 4548 ἐστίν·
1760 4495 1925 4564 Ἐγὼ,

2033 4499 2170 4566 quit,
2206 4497 2340 4550 sicut
2391 4495 2528 4549 oliva
2578 4495 2858 4564 fructifera
2908 4496 2962 4548 in
3026 4495 3180 4547 domo
3239 4493 3421 4549 Dei“.
3457 4493 3589 4548 Nam

363 4590 559 4659 φησιν,
605 4588 748 4642 ὡσεὶ
797 4587 972 4642 ἐλαία
1016 4585 1392 4654 κατάκαρπος
1417 4588 1487 4640 ἐν
1530 4586 1610 4652 τῷ
1639 4586 1785 4662 οἴκῳ
1818 4585 1924 4639 τοῦ

364 4677 532 4731 Θεοῦ.
580 4674 640 4730 Ἠ
671 4677 778 4749 γάρ
806 4676 968 4731 αὑτοῦ
999 4675 1313 4729 διδασκαλία
1337 4675 1477 4730 κατά
1507 4676 1760 4747 διάφορον
1804 4675 1925 4746 σχέ-

361 4787 444 4824 σιν
469 4766 609 4833 οἷνός
641 4788 699 4825 τε
733 4772 826 4825 καὶ
855 4769 1028 4825 ἔλαιόν
1056 4772 1169 4824 ἐστι
1194 4769 1286 4822 καὶ
1320 4769 1502 4840 ἄρτος.

428 4865 909 4933 Χορτασθήσεται
938 4864 1010 4919 τὰ
1044 4863 1200 4929 ξύλα
1231 4863 1336 4918 τοῦ
1368 4862 1595 4927 πεδίου,
1633 4866 1692 4917 αἱ
1726 4861 1921 4931 κέδροι

360 4961 466 5014 τοῦ
492 4958 746 5013 Λιϐάνου
774 4956 847 5024 ἃς
868 4958 1209 5026 ἐφύτευσας
1225 4973 1238 4986 ·
1270 4955 1399 5010 ἐκεῖ
1413 4958 1694 5022 στρουθία
1714 4957 1924 5010 ἐννοσ-

361 5053 676 5106 σεύσουσι.
715 5050 824 5104 Τοῦ
855 5049 1099 5118 ἐρωδιοῦ
1148 5049 1188 5118 νὴ
1237 5049 1395 5102 οὶκία
1426 5048 1648 5118 ἡγεῖται
1697 5049 1919 5103 αὐτῶν·

365 5145 470 5213 ὅρη
497 5144 567 5198 τὰ
598 5143 807 5212 ὑψηλὰ
830 5143 958 5210 ταῖς
978 5142 1243 5212 ἐλάφοις,
1268 5141 1452 5209 πέτρα
1470 5139 1779 5209 καταφυγὴ
1803 5140 1923 5206 τοῖς

365 5218 856 5308 χοιρογιοῦλλίοις.
907 5236 965 5289 '0
1007 5234 1254 5306 Ἐϐραῖος
1311 5233 1405 5286 καὶ
1453 5233 1501 5285 οι
1543 5231 1738 5299 λοιποὶ,
1774 5231 1927 5296 ξύλα

365 5329 470 5384 τοῦ
522 5330 775 5397 Κυρίου,
825 5326 1121 5381 τεθείκασι.
1169 5323 1462 5390 Διεξελθὼν
1510 5323 1578 5378 τὰ
1631 5322 1884 5394 κάρπιμα
1909 5363 1924 5388 ,

365 5419 676 5489 ἀναγκαίως
708 5418 1029 5490 μνημονεύει
1077 5419 1170 5472 καὶ
1198 5417 1306 5471 τῶν
1334 5417 1615 5490 ἀκάρπων,
1646 5417 1722 5480 ὡς
1765 5415 1929 5485 ἀναγ-

365 5509 525 5567 καίαν
575 5510 882 5583 ἀνθρώποις
934 5511 1028 5565 καὶ
1080 5509 1258 5563 αὐτῶν
1313 5508 1657 5580 παρεχόντων
1717 5507 1925 5578 χρείαν.

364 5607 462 5662 Διά
488 5605 644 5660 τοῦτο
671 5605 764 5658 καὶ
791 5603 993 5675 Κυρίου
1034 5602 1174 5658 αὐτά
1204 5601 1656 5675 προσηγόρευσεν,
1678 5599 1754 5664 ὡς
1774 5600 1930 5652 αύτο-

433 5764 479 5797 ⁸⁹
507 5761 649 5819 Psal.
682 5779 814 5832 χιιι,
849 5763 961 5819 5·7.
1038 5764 1083 5796 δα
1119 5759 1276 5817 Joan.
1313 5777 1399 5826 xv,
1437 5761 1484 5815 l.
1563 5759 1602 5792 δ’
1643 5756 1786 5814 Psal.
1822 5772 1898 5824 ιι,
1932 5757 2018 5816 10.

2034 4589 2155 4659 ejus
2185 4588 2431 4642 doctrina
2461 4588 2760 4642 secundum
2792 4588 3063 4642 diversam
3106 4587 3390 4651 rationem,
3421 4593 3474 4640 et
3509 4585 3584 4639 vi-

2030 4696 2158 4734 num
2188 4690 2242 4736 et
2279 4681 2456 4736 oleum
2484 4688 2538 4735 et
2572 4681 2729 4750 panis
2756 4687 2862 4735 est.

2100 4859 2266 4915 Vens.
2303 4859 2486 4917 16-18.
2520 4857 2914 4914 Saturabuntur
2949 4858 3091 4928 ligna
3115 4858 3304 4926 campi,
3332 4856 3472 4911 cedri
3501 4856 3588 4910 Li-

2032 4951 2175 5016 bani,
2199 4969 2328 5023 quas
2359 4952 2634 5021 plantasti,
2667 4950 2776 5004 illic
2802 4965 3037 5019 passeres
3069 4947 3431 5018 nidi/icabunt.
3455 4947 3582 5001 Ero-
3667 4955 3672 4962 ‘

2033 5044 2108 5097 dii
2139 5044 2325 5098 domus
2373 5044 2483 5096 dua:
2527 5051 2603 5096 est
2652 5057 2832 5096 eorum
2862 5058 2880 5095 :
2912 5049 3109 5094 montes
3161 5039 3352 5094 excelsi
3404 5041 3586 5105 cervis,

2029 5145 2177 5206 petra
2222 5137 2480 5207 refugium
2522 5135 2822 5191 herinaciis.
2882 5133 3208 5189 Hebraicum
3237 5132 3513 5202 exemplar
3534 5138 3590 5185 et

2028 5229 2224 5298 reliqui
2289 5229 2640 5299 interpretes,
2705 5227 2849 5298 tigna
2908 5225 3144 5291 Domini,
3185 5225 3405 5280 habent.
3450 5221 3588 5276 Cum

2025 5321 2314 5377 fructifera
2369 5322 2765 5389 recensuisset,
2818 5323 3126 5376 necessario
3194 5318 3355 5373 etiam
3407 5313 3588 5368 fructu

2026 5417 2266 5471 carentia
2299 5423 2584 5482 memorat,
2616 5422 2804 5486 utpote
2829 5429 2948 5486 quae
2983 5411 3293 5467 hominibus
3321 5408 3388 5463 ad
3423 5421 3585 5463 usum

2028 5509 2343 5564 necessaria
2369 5509 2498 5563 sint.
2530 5507 2763 5579 Ideoque
2800 5509 2918 5578 ipsa
2972 5503 3186 5562 Domini
3227 5499 3582 5571 nuncupavit.

2031 5606 2092 5655 ut
2125 5607 2317 5671 sponte
2338 5601 2642 5670 nascentia,
2667 5615 2844 5671 neque
2883 5614 3046 5655 manu
3072 5595 3251 5663 culta;
3277 5593 3373 5651 sed
3397 5592 3582 5651 divino
