4044 6212
518 364 524 371 κ
553 281 696 341 1279

1215 291 1486 350 ΕΗΞΕΒΙΙ
1521 295 1999 355 CESARIENSIS
2031 299 2188 356 OPP.
2220 299 2399 357 PARS
2427 303 2509 358 Ill.
2535 335 2605 346 -
2641 303 3048 364 EXEGETICA.

3662 318 3814 404 raso

553 395 724 449 verbo
773 395 1158 465 germinantia.
1218 399 1377 456 Cedri
1429 403 1626 460 Libani
1649 424 1782 478 quas
1840 410 2088 504 plantasti

2185 452 2195 474 ,
2223 413 2333 482 φυᾶ
2360 413 2453 467 καὶ
2477 415 2536 466 οὐ
2569 415 2927 487 χειρόκμητα,
2956 418 3092 474 ἀλλά
3129 418 3206 492 τῷ
3235 420 3363 494 θείῳ
3392 424 3536 500 λόγῳ
3563 401 3811 504 βλαστή-

553 482 791 550 Pulchre
848 485 1140 544 cedrorum
1198 491 1592 562 plantationem
1657 495 1768 554 Deo
1837 501 2116 572 ascripsit,

552 576 682 647 quia
706 577 826 633 sine
851 577 962 634 ulla
1023 580 1263 638 humana
1310 601 1443 642 cura
1486 586 1548 642 in
1580 597 1787 646 tantam
1839 594 2121 650 celsitudi-

550 683 675 724 nem
706 681 1091 728 excreverunt.
1136 673 1256 732 Non
1302 678 1450 746 enim
1501 680 1765 752 lignarius
1794 684 1992 756 aliquis
2028 701 2122 742 ea-

548 774 675 831 rum
702 761 882 816 cultor
916 760 1058 828 fuit;
1083 765 1180 820 sed
1205 766 1450 823 divinum
1475 771 1701 828 verbum
1731 776 1998 830 montium
2027 792 2120 833 ea-

549 851 770 906 cumina
801 853 888 910 his
917 870 1089 926 opaca
1122 856 1270 913 fecit.
1309 858 1464 926 Quod
1516 862 1562 917 si
1608 863 1726 935 ipse
1768 866 2116 937 plantaverit,

547 957 680 998 sane
706 944 869 1002 utiles
901 955 1071 1004 sunt:
1108 950 1315 1021 optima
1364 953 1565 1026 quippe
1607 963 1738 1011 sunt
1782 972 2117 1030 quiscunque

544 1033 692 1092 Deus
713 1035 912 1094 eﬂ‘ecit.
935 1038 1071 1094 Cum
1089 1056 1253 1111 porro
1269 1042 1464 1100 Libani
1488 1055 1756 1120 tanquam
1772 1049 2115 1108 celeberrimi

543 1129 879 1187 mentionem
943 1133 1091 1200 fecit,
1148 1152 1360 1195 necnon
1427 1141 1718 1197 cedrorum
1777 1143 1921 1215 ejus,
1976 1145 2115 1204 alios

541 1222 707 1276 etiam
731 1234 944 1282 montes
975 1234 1028 1282 et
1058 1229 1282 1286 arbores
1317 1231 1402 1289 liis
1434 1233 1787 1305 signiﬁcavit.
1824 1236 1951 1292 Illic
1985 1254 2112 1308 pas-

539 1327 683 1367 seres
723 1315 1093 1386 nidiﬁcabunt.
1137 1319 1328 1377 Erodii
1382 1324 1570 1382 domus
1611 1329 1723 1384 dua;
1786 1340 1866 1387 est
1906 1349 2108 1390 eorum.

537 1403 734 1474 Aquila
781 1408 861 1464 sic
899 1409 1064 1468 habet
1103 1429 1116 1466 :
1151 1413 1274 1469 Illic
1333 1434 1451 1473 aves
1505 1421 1874 1492 nidiﬁcabunt.
1911 1424 2110 1482 Erodio

539 1495 735 1554 abiete:
761 1499 949 1556 domus
986 1505 1108 1574 ipsi.
1153 1506 1290 1564 Nam
1346 1510 1431 1567 ha:
1479 1512 1613 1584 ipsa:
1665 1515 1891 1573 arbores
1943 1518 2108 1574 alium

535 1587 760 1654 quidem
804 1593 1141 1666 hominibus,
1172 1601 1338 1658 alium
1369 1620 1500 1662 vero
1534 1607 1727 1665 avibus
1767 1625 1928 1666 usum
1969 1627 2110 1682 pra:-

533 1675 687 1734 bent.

604 1853 774 1915 Vens.
824 1861 912 1919 l9.
934 1862 1103 1924 .Fccit
1137 1867 1319 1924 lunam
1345 1872 1402 1926 in
1423 1882 1658 1946 tempora
1689 1895 1708 1935 :
1740 1881 1823 1936 sol
1866 1887 2099 1956 cognovit

532 1961 777 2003 occasum
806 1970 982 2009 suum.
1010 1953 1146 2014 Cum
1207 1970 1421 2021 terrena
1478 1970 1660 2024 omnia
1705 1977 2099 2045 recensuisset,

528 2036 995 2117 invisibiliumque
1023 2058 1340 2110 naturarum
1389 2061 1718 2117 creationem
1740 2065 2098 2137 exhibuisset,

529 2130 796 2186 caelorum
831 2134 960 2192 item
991 2141 1269 2210 opiﬁcium
1313 2147 1739 2220 subindicasset,
1765 2171 1914 2214 nunc
1937 2158 2101 2216 lumi-

526 2221 746 2277 narium
777 2227 1109 2286 mentionem
1142 2232 1290 2301 facit,
1322 2253 1443 2308 qua:
1487 2252 1683 2312 quarto
1738 2245 1828 2304 die
1875 2250 2098 2308 condita

526 2320 677 2366 sunt.
709 2313 821 2372 Nec
854 2319 975 2375 sine
1003 2324 1236 2381 consilio
1276 2329 1515 2386 arbitror
1552 2349 1616 2390 ea
1666 2353 1787 2408 qua:
1842 2344 2097 2412 superius

523 2407 888 2473 praetermissa
908 2409 1254 2480 videbantur,
1290 2420 1509 2488 quando
1544 2421 1612 2479 de
1643 2407 1806 2484 rebus
1856 2407 2096 2488 célesti-

520 2492 648 2560 lius,
680 2495 748 2553 de
780 2499 1019 2558 nubibus
1043 2512 1098 2560 et
1121 2508 1297 2564 ventis
1313 2511 1476 2567 verba
1496 2513 1719 2585 fecerat,
1741 2535 1886 2577 nunc
1912 2539 2098 2581 sermo.

520 2588 787 2656 resumit,
844 2607 908 2648 ea
955 2603 1080 2665 post
1135 2607 1214 2654 tot
1262 2601 1370 2656 alia
1411 2608 1684 2664 recensita
1751 2627 2090 2687 memorans;

519 2691 708 2734 verum
730 2689 789 2735 ut
807 2682 1001 2741 doceat
1041 2688 1155 2744 haec
1183 2707 1401 2766 quoque
1432 2698 1500 2753 ad
1534 2700 1827 2759 utilitatem
1870 2682 2090 2764 condita

518 2763 712 2824 fuisse.
740 2769 992 2830 Forsitan
1048 2780 1192 2835 enim
1219 2784 1264 2838 si
1304 2763 1417 2841 bace
1459 2788 1636 2857 primo
1687 2793 1808 2850 loco
1849 2811 2089 2855 comme-

516 2871 808 2932 morasset,
841 2869 1062 2925 occasio
1090 2875 1340 2943 quaedam
1403 2882 1595 2939 relicta
1643 2884 1712 2942 iis
1742 2886 1958 2954 fuisset,
1991 2892 2086 2962 qui

515 2951 677 3020 quasi
709 2953 893 3013 divina
923 2967 976 3014 et
1004 2968 1261 3034 tanquam
1293 2984 1515 3030 causam
1547 2976 1926 3048 productionis
1966 2982 2088 3036 ani-

515 3041 741 3099 malium
805 3056 859 3104 et
921 3050 1200 3112 fructuum
1249 3066 1428 3129 terrm,
1488 3041 1609 3136 ipsa
1675 3069 1902 3126 colenda
1963 3088 2085 3129 esse

513 3129 808 3194 duxerunt.
834 3138 950 3198 Hoc
993 3160 1187 3220 nempe
1207 3165 1331 3210 cum
1367 3154 1444 3210 illi
1471 3129 1565 3228 qui
1596 3173 1628 3214 a
1675 3160 1876 3231 pietate
1919 3165 2084 3222 alieni

511 3232 671 3280 erant
715 3230 1130 3308 existimarent;
1163 3243 1404 3301 animum
1435 3230 1762 3322 appulerunt
1799 3264 1860 3310 ut
1911 3258 2084 3314 solem

509 3319 568 3367 et
603 3314 809 3388 lunam,
839 3329 1098 3396 tanquam
1132 3329 1266 3389 deos
1323 3314 1716 3408 generationis,
1753 3344 1998 3403 alimenti
2028 3357 2084 3405 et

511 3404 833 3468 incrementi
876 3421 1050 3475 nostri
1083 3433 1359 3497 auctores,
1397 3431 1659 3489 colerent.
1699 3434 1804 3493 Sed
1864 3439 2083 3499 divinus

465 3642 471 3648 .
508 3592 646 3649 citra
673 3595 883 3667 isthaec,
910 3605 1276 3666 universalem
1324 3613 1473 3671 illam
1517 3616 1612 3676 Dei
1658 3624 2079 3696 providentiam,

507 3698 618 3740 non
645 3689 824 3745 solum
851 3709 973 3765 qua:
1001 3697 1058 3753 in
1093 3702 1269 3769 caelis,
1302 3706 1399 3762 sed
1429 3709 1594 3765 etiam
1633 3729 1757 3784 quae
1813 3717 1868 3772 in
1912 3728 2076 3786 terra,

504 3776 764 3836 animalia
792 3800 987 3858 nempe
1003 3791 1346 3867 plantasque,
1379 3776 1731 3870 produxisse.
1780 3806 1906 3864 Haec
1948 3811 2077 3867 item

505 3864 722 3940 Moyses
745 3882 804 3928 ut
823 3876 1064 3948 doceret,
1082 3864 1260 3955 primo
1287 3864 1599 3961 plantarum
1622 3902 1962 3956 terrestrium
1987 3919 2078 3959 or-

503 3964 644 4026 tum,
663 3963 857 4022 deinde
871 3969 1219 4030 luminarium
1240 3981 1652 4049 productionem
1669 3988 1902 4044 induxit.
1920 3990 2075 4051 Nunc

504 4048 632 4105 item
664 4053 832 4113 David
854 4059 1034 4119 denuo
1054 4048 1290 4125 recurrit
1308 4072 1375 4126 ad
1398 4076 1705 4132 caelestium
1725 4080 1871 4136 illam
1891 4086 2075 4154 provi-

502 4142 768 4218 dentiam,
801 4167 866 4209 ac
889 4158 1040 4213 nulla
1090 4162 1197 4216 alia
1252 4165 1320 4222 de
1360 4181 1528 4224 causa
1576 4173 1852 4230 conditam
1885 4142 2071 4236 lunam

471 4261 480 4270 -
502 4236 675 4297 fuisse
699 4243 972 4317 ait,quam
993 4251 1062 4308 ad
1083 4259 1549 4317 enumerationem
1575 4271 1630 4318 et
1648 4265 1896 4322 notitiam
1919 4286 2071 4327 men-

501 4332 646 4388 sium
668 4345 722 4391 ct
739 4335 948 4394 dierum
969 4357 982 4393 :
999 4359 1124 4402 nam
1142 4347 1296 4416 illud,
1315 4352 1366 4405 in
1383 4359 1633 4422 tempora,
1649 4356 1882 4428 idipsum
1899 4362 2070 4434 signi-

501 4424 662 4495 ﬁcat;
694 4429 748 4484 id
781 4441 884 4499 est,
920 4442 1450 4500 utconversionibus
1472 4445 1593 4515 ejus
1629 4457 1931 4520 temporum
1955 4471 2069 4512 mu-
2099 4462 2142 4517 Ι)

498 4519 738 4575 tationes
779 4521 1202 4597 dignoscantur,
1247 4548 1313 4588 ac
1356 4551 1572 4594 menses
1613 4554 1970 4600 numerentur
2011 4555 2068 4604 et

498 4611 649 4666 anni.
673 4610 808 4670 Nam
857 4618 1000 4676 lunae
1047 4625 1379 4684 variationes
1406 4629 1462 4683 id
1499 4643 1781 4702 praestant,
1815 4646 1873 4693 ut
1895 4642 2068 4710 possit

496 4708 713 4774 tempus
765 4716 1046 4771 numerari
1076 4721 1321 4777 :mensis
1370 4723 1571 4795 quippe
1610 4744 1925 4788 mensuram
1973 4735 2066 4792 illa

495 4791 1342 4884 incrementoimminutioneque
1375 4831 1477 4872 sua
1506 4818 1706 4890 elIicit;
1739 4823 1813 4878 ita
1841 4834 1900 4880 ut
1922 4827 2066 4885 lunae

492 4889 701 4945 creatio
749 4893 815 4948 ad
873 4903 1178 4969 temporum
1231 4905 1537 4964 doctrinam
1569 4889 1712 4969 facta
1743 4915 1836 4973 sit.
1877 4917 2066 4989 Neque

490 5256 666 5326 heret,
696 5264 882 5320 omnia
904 5280 1126 5326 ruerent
1155 5273 1208 5328 in
1252 5278 1480 5334 exitium
1506 5299 1522 5350 ;
1552 5298 1676 5339 cum
1709 5301 1884 5357 neque
1915 5290 2058 5360 agri-

489 5353 628 5421 cola,
671 5371 849 5429 neque
893 5369 1082 5430 nauta,
1116 5369 1199 5423 vel
1251 5375 1451 5427 terram
1486 5376 1572 5432 vel
1620 5393 1770 5434 mare
1809 5381 2057 5438 sulcandi

491 5456 861 5516 opportunum
915 5462 1132 5530 tempus
1179 5462 1550 5523 internoscere
1608 5472 1868 5530 valerent.
1931 5475 2056 5532 Hinc

492 5548 655 5603 porro
681 5549 984 5615 temporum
1021 5551 1233 5618 notitia,
1274 5570 1384 5610 non
1414 5557 1728 5620 hominibus
1751 5565 1935 5633 modo,
1959 5567 2055 5624 sed

489 5626 652 5682 etiam
685 5629 863 5691 brutis
903 5637 1100 5696 idonea
1143 5643 1540 5719 utilissimaque
1567 5659 1670 5708 est.
1713 5653 1786 5710 De
1823 5656 2056 5714 lumina-

490 5716 640 5776 ribus
683 5723 844 5782 etiam
897 5728 953 5785 in
991 5731 1186 5794 Genesi
1230 5716 1468 5798 dicitur;
1497 5742 1616 5799 Sint
1651 5745 1703 5801 in
1725 5747 1876 5818 signa
1917 5760 1966 5806 ct
1998 5752 2052 5808 in

2223 520 2410 559 σαντα.
2441 509 2510 560 At
2537 506 2734 576 κέδροι
2771 510 2878 564 τοῦ
2909 512 3168 568 Λιϐάνου
3192 514 3268 583 ἀς
3295 516 3658 589 ἐφύτευσας.
3690 526 3812 580 Κα-

2221 593 2327 660 λῶς
2361 596 2439 667 τῷ
2475 597 2593 671 Θεῷ
2637 603 2986 674 προσέγραψε
3029 604 3138 659 τῶν
3170 606 3376 679 κέδρων
3406 611 3506 683 τὴν
3532 617 3804 682 φυτείαν·

2218 687 2298 742 ὅτι
2323 688 2479 754 ἐκτὸς
2508 690 2848 766 ἀνθρωπίνης
2871 697 3187 768 ἐπιμελείας
3231 700 3323 754 ἐπὶ
3349 705 3606 760 τοσοῦτον
3629 707 3807 782 ηὐξή-

2219 778 2408 850 θησαν.
2438 783 2513 836 υύ
2541 784 2651 856 γὰρ
2675 785 2975 860 ἀλσοκόμος
2997 807 3084 855 τις
3111 790 3316 848 τούτων
3337 796 3529 866 γέγονε
3558 778 3803 876 φυτουρ-

2215 871 2341 939 γόςο
2369 871 2484 926 ἀλλ’
2508 876 2537 928 ό
2567 875 2708 941 θεῖος
2751 879 2943 948 Λόγος,
2985 881 3315 954 ἀμφιλαφεῖς
3349 887 3449 953 τάς
3495 891 3608 945 τῶν
3652 871 3802 968 ὀρῶν

2216 965 2509 1035 εἰργάσατο
2552 971 2816 1042 κορυφάς.
2865 974 2930 1026 Ei
2959 974 3016 1028 δὲ
3049 976 3210 1041 αὐτὸς
3252 979 3536 1050 ἐφύτευσε,
3574 965 3803 1053 πάντως

2214 1055 2295 1109 ὅτι
2330 1060 2573 1131 χρήσιμα
2593 1078 2606 1092 ·
2643 1063 2819 1117 πάντα
2855 1065 2964 1139 γὰρ
2994 1069 3097 1123 ὅσα
3128 1070 3382 1143 ἐποίησεν
3411 1076 3439 1129 ό
3465 1075 3620 1143 Θεὸς,
3651 1081 3801 1136 καλὰ

2214 1145 2352 1203 λίαν.
2385 1151 2491 1205 Τοῦ
2535 1153 2637 1224 μὲν
2678 1156 2908 1211 Λιϐάνου
2952 1159 3028 1224 ώς
3069 1161 3342 1235 ἐπισήμου
3389 1172 3796 1241 μνημονεύσας,

2213 1239 2307 1293 καὶ
2333 1239 2442 1296 τῶν
2470 1243 2528 1297 ὲν
2569 1245 2718 1318 αὐτῷ
2746 1248 2973 1322 κέδρων,
3007 1252 3102 1306 καὶ
3129 1254 3198 1309 τά
3224 1255 3360 1310 ἄλλα
3387 1239 3489 1330 ὅρη
3531 1263 3628 1316 καὶ
3667 1263 3794 1318 δέν-

2211 1331 2326 1402 δρα
2357 1333 2445 1388 διὰ
2493 1336 2709 1394 τούτων
2739 1340 3024 1413 ἐδήλωσεν.
3063 1346 3230 1401 Ἐκεῖ
3249 1353 3530 1418 στρουθία
3559 1355 3796 1411 ἐννοσ-

2209 1426 2527 1483 σεύσουσι.
2556 1430 2667 1486 Τοῦ
2690 1432 2932 1501 ἐρωδιοῦ
2961 1436 2998 1506 ἠ
3030 1439 3188 1492 οἰκία
3216 1439 3440 1511 ἡγεῖται
3467 1447 3686 1505 αὐτῶν.
3731 1451 3796 1504 '0

2222 1517 2452 1586 Ἀκύλας
2477 1520 2648 1588 οὕτως
2683 1524 2798 1596 ἔχει
2817 1543 2832 1557 θ
2885 1529 3050 1584 Ἐκεῖ
3084 1530 3260 1601 ὄρνεα
3298 1541 3788 1596 νοσσεύσουσιν.

2220 1608 2470 1677 Ἔρωδιῷ
2501 1611 2710 1669 ἐλάται
2739 1612 2903 1684 οἶκος
2933 1619 3110 1686 αὐτῷ.
3144 1623 3225 1677 Τά
3253 1624 3362 1698 γὰρ
3411 1628 3551 1684 αὐτὰ
3591 1631 3792 1706 δένδρα

2206 1699 2373 1772 ἀλλην
2423 1703 2524 1774 μὲν
2565 1704 2872 1778 ἀνθρώποις
2910 1711 3118 1783 χρείαν,
3149 1714 3314 1788 ἀλλην
3342 1717 3398 1772 δὲ
3437 1722 3550 1785 τοῖς
3575 1699 3789 1794 ὀρνέοις

2208 1792 2452 1864 παρέχει.

2288 1886 2568 1959 Ἐποίησε
2596 1891 2871 1963 σελήνην
2904 1899 2992 1964 είς
3033 1901 3296 1970 καιρούς·
3343 1905 3379 1958 ὁ
3412 1904 3590 1974 ἥλιος
3628 1910 3786 1981 ἔγνω

2201 1976 2317 2047 τὴν
2343 1978 2526 2036 δύσιν
2552 1983 2760 2040 αὐτοῦ.
2787 1987 2868 2042 Τά
2909 1990 3050 2045 κατὰ
3085 1993 3191 2064 γῆν
3219 1993 3433 2050 ἅπαντα
3467 1976 3779 2071 διεξελθὼν,

2201 2070 2295 2124 καὶ
2333 2071 2442 2127 τῶν
2483 2073 2733 2146 ἀοράτων
2770 2079 2987 2149 φύσεων
3023 2085 3123 2156 τὴν
3159 2085 3522 2161 δημιουργίαν
3561 2070 3774 2160 δείξας,

2199 2163 2294 2216 καὶ
2317 2161 2424 2216 τῶν
2449 2164 2692 2237 οὐρανῶν
2716 2168 3002 2239 ὑποδείξας
3028 2174 3127 2246 τὴν
3152 2177 3390 2248 ποίησιν,
3422 2179 3517 2235 νῦν
3542 2183 3642 2237 καὶ
3669 2185 3777 2240 τῶν

2200 2257 2501 2328 φωστήρων
2533 2262 2766 2317 ποιεῖται
2791 2263 2892 2338 τήν
2924 2267 3173 2340 μνήμην,
3193 2270 3242 2323 οἳ
3278 2271 3419 2325 κατὰ
3441 2273 3542 2345 τὴν
3578 2278 3777 2350 τετάρ-

2197 2366 2294 2420 την
2319 2349 2531 2423 ἡμέραν
2564 2351 2828 2421 ἐγένοντο.
2859 2355 2974 2412 Οὐκ
3001 2360 3258 2426 ἀσκόπως
3278 2363 3354 2428 δὲ,
3387 2359 3540 2436 οἶμαι
3584 2368 3656 2422 τά

2197 2439 2361 2504 ξαντα
2388 2443 2446 2496 ὲν
2476 2445 2588 2508 τοῖς
2618 2445 2730 2500 ἄνω
2774 2449 3218 2522 παραλελεῖφθαι,
3249 2455 3339 2509 ὅτε
3366 2457 3435 2511 τά
3457 2463 3578 2514 κατ’
3607 2462 3777 2532 οὐρα-

2195 2529 2284 2583 νὸν
2311 2531 2405 2584 καὶ
2453 2531 2521 2586 τὰ
2559 2535 2687 2607 περὶ
2725 2540 2901 2610 νεφῶν
2945 2541 3038 2595 καὶ
3073 2543 3293 2616 ἀνέμων
3331 2547 3570 2618 ἐλέγετο,
3614 2529 3711 2605 νῦν
3744 2553 3774 2607 ὁ

2191 2619 2349 2691 λόγος
2406 2624 2844 2700 ὲπαναλαμϐάνει
2869 2672 2884 2698 ,
2931 2633 3067 2704 μετά
3113 2637 3346 2692 τοσαῦτα
3386 2641 3773 2712 μνημονεύσας

2191 2712 2393 2780 αὐτῶν,
2429 2716 2546 2770 ἀλλ’
2577 2719 2718 2792 ὑπὲρ
2749 2721 2840 2776 τοῦ
2878 2722 3110 2793 διδάξαι,
3140 2728 3232 2782 ὅτις
3253 2731 3350 2786 καὶ
3381 2732 3554 2788 ταῦτα
3579 2738 3774 2808 χρείας

2188 2801 2372 2858 ἕνεκεν
2398 2805 2626 2880 ὑπέστη.
2655 2811 2806 2882 Τάχα
2833 2813 2961 2886 γὰρ,
2992 2819 3041 2870 εἰ
3074 2819 3288 2890 πρῶτον
3320 2824 3499 2878 αὐτῶν

2187 2899 2624 2973 νευσεν,ἀφορμή
2647 2919 2733 2968 τις
2759 2907 3108 2963 κατελείπετο
3121 2914 3244 2976 τοῖς.
3259 2913 3335 2978 ώς
3360 2914 3477 2970 θεῖα
3499 2917 3610 2972 δεῖν
3626 2920 3770 2975 αὐτά

2189 2990 2365 3048 σέϐειν
2408 2997 2750 3067 ἡγουμένοις,
2802 3003 2897 3056 καὶ
2939 3003 3015 3069 ὡς
3065 3006 3215 3062 αἴτια
3257 3010 3358 3081 τῆς
3387 3011 3496 3066 τῶν
3525 3015 3620 3068 ἐπὶ
3660 3015 3768 3087 γῆς

2111 3111 2154 3170 C
2187 3081 2340 3147 ζώων
2375 3103 2436 3140 τε
2481 3089 2574 3142 καὶ
2608 3092 2834 3162 καρπῶν
2866 3097 3195 3163 συστάσεως.
3233 3103 3403 3158 Τοῦτο
3431 3106 3566 3175 γοῦν
3587 3110 3641 3161 οἱ
3665 3111 3765 3180 τῆς

2186 3176 2467 3243 εὐσεϐείας
2487 3180 2754 3253 ἀλλότριοι
2780 3187 3100 3257 νομίσαντες
3121 3191 3455 3267 ὡρμήθησαν
3480 3199 3662 3253 σέϐειν

2185 3268 2340 3335 θεοὺς
2367 3272 2516 3343 ἥλιον
2543 3276 2636 3330 καὶ
2681 3277 2931 3350 σελήνην,
2961 3280 3037 3347 ὡς
3062 3283 3128 3338 ἂν
3173 3286 3273 3358 τῆς
3306 3289 3579 3364 ήμετέρας
3607 3296 3761 3362 γενέ-

2187 3360 2325 3426 σεώς
2367 3380 2428 3417 τε
2479 3366 2572 3420 καὶ
2614 3369 2821 3441 τροφῆς
2867 3374 2959 3427 καὶ
3001 3375 3278 3448 αὐξήσεως
3322 3360 3544 3446 αἰτίους.
3612 3360 3757 3440 Ἆλλ⁹

2181 3549 2384 3598 τούτων
2438 3549 2652 3622 ὲκτὺςή
2683 3551 2911 3608 καθόλου
2947 3558 3169 3629 πρόνοια
3200 3562 3295 3616 τοῦ
3330 3564 3460 3619 Θεοῦ
3498 3569 3559 3621 οὐ
3583 3571 3752 3639 μόνον

2178 3629 2249 3686 τὰ
2289 3636 2406 3689 κατ’
2449 3639 2696 3712 οὐρανὸν,
2739 3645 2876 3700 ἀλλὰ
2915 3649 3009 3702 καὶ
3036 3651 3106 3704 τὰ
3130 3654 3224 3707 ἐπὶ
3248 3655 3352 3727 γῆς
3385 3629 3746 3732 συνεστήσατο

2179 3725 2294 3792 ζῶά
2315 3746 2373 3783 τε
2396 3733 2488 3786 καὶ
2506 3737 2666 3804 φυτά.
2685 3739 2856 3794 Τοῦτο
2879 3743 2973 3797 καὶ
2994 3745 3198 3818 Μωσῆς
3219 3725 3421 3816 διδάξαι
3442 3725 3745 3824 βουληθεὶς,

2177 3819 2396 3891 πρῶτον
2431 3825 2693 3898 είσήγαγε
2726 3832 2826 3903 τὴν
2860 3833 2968 3888 τῶν
3012 3835 3120 3889 ἀπὸ
3154 3839 3258 3910 γῆς
3299 3819 3478 3911 φυτῶν
3507 3819 3748 3915 γένεσιν,

2176 3909 2276 3965 εἷθ’
2301 3915 2470 3982 οὕτως
2495 3919 2593 3992 τὴν
2618 3921 2728 3977 τῶν
2753 3927 3054 3999 φωστήρων
3081 3929 3355 3988 σύστασιν.
3400 3937 3509 3991 Kal.
3551 3939 3646 3994 νῦν
3691 3942 3779 3996 δὲ.

2171 4009 2201 4062 ό
2221 4009 2382 4062 Δαυῒδ
2409 4011 2695 4085 ἀνατρέχει
2718 4017 2878 4071 πάλιν
2897 4019 2988 4072 ἐπὶ
3009 4020 3106 4091 τὴν
3127 4022 3186 4076 ὲν
3205 4025 3452 4097 οὐρανοῖς
3471 4033 3748 4104 πρόνοιαν,

2170 4098 2237 4152 δι’
2279 4099 2431 4155 οὐδὲν
2475 4103 2662 4177 ἕτερον
2705 4107 2805 4180 τὴν
2849 4111 3078 4186 σελήνην
3127 4120 3453 4192 γεγενῆσθαι
3477 4098 3673 4194 λέγων,

2169 4191 2307 4264 πρὸς
2335 4195 2567 4266 ἀριθμὸν
2607 4200 2700 4254 κα)⁵
2742 4201 3028 4271 διάγνωσιν
3075 4211 3259 4280 μηνῶν
3283 4191 3341 4268 τε
3369 4219 3460 4269 καὶ
3487 4191 3743 4290 ήιίερῶνί

2168 4281 2230 4334 τὸ
2265 4283 2501 4356 γὰρ,είς
2522 4290 2789 4358 καιροὺς,
2820 4294 2978 4351 τοῦτο
3011 4298 3194 4371 δηλοῖο
3236 4281 3643 4374 τουτέστινῖείς
3683 4313 3748 4365 τὺ

2167 4370 2543 4442 διαγινώσκειν
2567 4378 2654 4433 διὰ
2676 4382 2784 4438 τῶν
2807 4386 2864 4439 ὲν
2887 4388 3021 4461 αὐτῇ
3044 4370 3258 4464 τροπῶν
3281 4394 3378 4460 τὰς
3401 4370 3746 4473 τῶν-καιρῶν

2171 4465 2492 4535 μεταϐολὰς,
2525 4472 2606 4534 είς
2630 4473 2690 4527 τὸ
2735 4476 2912 4548 μῆνας
2936 4481 3186 4554 ἀριθμεῖν
3216 4487 3309 4540 καὶ
3341 4465 3646 4557 ἐνιαυτούς..
3676 4495 3743 4548 Ai

2170 4557 2278 4628 γὰρ
2296 4560 2416 4630 ⁸τῆς
2455 4563 2684 4636 σελήνης
2727 4567 3038 4637 ἀλλοιώσεις
3065 4579 3376 4650 μετρεῖσθαι
3410 4582 3504 4636 τὸν
3549 4588 3745 4658 χρόνον

2168 4655 2641 4722 παρασκευάζουσι
2655 4675 2670 4689 ο
2697 4660 2792 4714 τοῦ
2812 4662 2920 4736 γὰρ
2944 4666 3110 4738 μηνὸς
3128 4670 3189 4723 τὸ
3210 4671 3407 4745 μέτρον
3431 4674 3567 4748 αὕτη
3586 4655 3745 4735 *ποιεί

2165 4742 2224 4795 ὲν
2259 4745 2547 4814 τοσαύταις
2589 4751 2822 4824 ήμέραις
2866 4756 3173 4823 αὐξάνουσά
3209 4781 3271 4817 τε
3307 4742 3402 4820 καὶ
3435 4742 3698 4838 φθίνουσα
3719 4791 3734 4806 ·

2163 4831 2303 4887 ὥστε
2329 4837 2362 4906 ἡ
2400 4836 2501 4907 τῆς
2545 4839 2771 4913 σελήνης
2799 4843 3127 4918 δημιουργία
3154 4852 3241 4906 διὰ
3265 4855 3364 4926 τὴν
3389 4831 3496 4911 τῶν
3524 4863 3738 4936 καιρῶν

2161 4923 2506 4982 διδασκαλίαν
2534 4930 2774 5001 γέγονεν’
2804 4936 2915 5008 υύχ
2948 4940 2981 5010 ή
3015 4942 3250 5012 τυχοῦσα
3281 4923 3338 4999 δέ
3368 4949 3523 5020 χρεία
3550 4923 3737 5008 ἐντεῦ-

2036 5041 2060 5052 -
2161 5017 2251 5072 θεν
2275 5019 2494 5079 ἀνύεται
2529 5025 2592 5077 ἐκ
2620 5026 2717 5080 τοῦ
2747 5032 2970 5100 καιροὺς
3010 5035 3208 5090 εἰδέναι
3253 5040 3348 5093 καὶ
3375 5049 3732 5114 παρασκευά-

2159 5109 2346 5174 ζεσθαι
2375 5114 2510 5186 πρὸς
2543 5115 2781 5174 ἅπαντα·
2821 5121 2920 5188 ὼς,
2950 5125 2997 5178 εί
3026 5129 3099 5199 μὴ
3139 5128 3296 5183 τοῦτο
3322 5127 3411 5203 ἦν,
3435 5109 3635 5212 πάντα
3667 5140 3733 5194 ἂν

2033 5226 2060 5240 -
2157 5201 2445 5268 ἀπολώλει,
2473 5207 2596 5262 οὐτε
2632 5213 2900 5284 γεωργοῦ,
2941 5214 3064 5270 οὐτε
3096 5219 3313 5286 ναύτου,
3345 5201 3441 5277 τοῦ
3492 5228 3593 5298 μὲν
3631 5234 3732 5305 τὴν

2157 5292 2259 5363 γῆν
2283 5293 2620 5368 ἀνατέμνειν,
2643 5300 2736 5354 τοῦ
2761 5302 2818 5356 δὲ
2838 5304 2940 5375 τὴν
2961 5305 3235 5365 θάλασσαν
3255 5312 3453 5380 ειδάτος
3472 5292 3532 5370 έν
3553 5292 3730 5395 καιῶ

2157 5381 2232 5453 τῷ
2267 5386 2610 5457 προσήκοντι.
2644 5390 2790 5465 Αὕτη
2827 5395 2860 5466 ή
2892 5397 2958 5451 ὲκ
2983 5399 3090 5454 τῶν
3119 5403 3328 5476 καιρῶν
3347 5408 3554 5465 τούτων
3584 5415 3727 5483 γνῶ⁶

2157 5492 2242 5541 σις
2267 5477 2367 5532 οὐκ
2393 5479 2701 5552 ἀνθρώποις
2734 5486 2912 5557 μόνον,
2938 5491 3073 5548 ἀλλά
3100 5497 3194 5550 καὶ
3213 5497 3426 5569 ἀλόγοις
3446 5477 3729 5577 ἐπιτηδεία

2156 5573 2252 5626 καὶ⁵
2303 5578 2720 5651 χρησιμωτάτη.
2755 5581 2891 5654 Περὶ
2930 5584 3040 5640 τῶν
3080 5590 3382 5661 φωστήρων
3423 5595 3518 5649 καὶ
3555 5573 3616 5653 ἐν
3656 5605 3724 5674 τῇ

2152 5665 2365 5720 Γενέσει
2399 5669 2632 5741 εῑρηταιο
2674 5671 2985 5730 Ἔστωσαν
3006 5679 3094 5743 εἰς
3118 5679 3338 5748 σημεῖα
3365 5683 3460 5736 καί
3482 5687 3572 5752 εις
3597 5665 3727 5742 καιΞ

2145 5755 2314 5825 ροὺς,
2360 5760 2457 5815 καὶ
2498 5765 2584 5830 είς
2618 5765 2837 5835 ἡμέρας
2867 5768 2967 5824 καὶ
3002 5772 3090 5837 είς
3127 5772 3467 5843 ἐνιαυτούς·
3497 5780 3579 5842 εὶς
3620 5796 3724 5851 ση-
