4044 6212
322 286 456 343 1281

1367 281 1866 340 COMMENTARIA
1904 277 1970 334 IN
2007 277 2341 335 PSALMOS.

3399 273 3538 328 128?.

320 402 448 470 μεῖα
481 399 578 471 μὲν
601 399 926 472 ἐπομϐρίας,
960 398 1204 470 αὐχμῶν,
1229 398 1551 469 πνευμάτων
1582 399 1876 469 κινήσεως⁶

1988 404 2235 463 tempora,
2267 392 2321 445 in
2357 390 2467 445 dies
2499 398 2547 445 et
2592 404 2758 445 annos
2801 388 2877 457 “;
2912 389 2968 443 in
3001 388 3157 458 signa
3179 386 3397 458 quidem
3441 387 3542 441 im-

317 492 398 553 έίς
424 491 646 562 καιροὺς
677 491 753 556 δὲ,
787 490 885 554 τὰς
911 489 1018 543 τῶν
1040 489 1216 560 ἀέρων
1249 487 1564 556 ἐναλλαγὰς,
1592 486 1877 558 χειμῶνος,

317 581 497 654 ἔαρος,
535 581 742 652 θέρους,
793 580 1108 654 μετοπώρου
1133 599 1146 612 ·
1181 581 1247 644 ἃς
1276 580 1550 644 εὐτάκτως
1596 581 1741 650 ἡμᾶς
1786 596 1883 632 πε-

321 673 579 744 ριοδεύειν
604 673 666 726 τὸ
693 672 1018 743 τεταγμένον
1043 673 1142 744 τῆς
1159 673 1423 743 κινήσεως
1445 672 1551 726 τῶν
1580 673 1765 743 φωστὴ
1775 689 1881 744 ρων

321 763 582 835 παρέχει·
616 766 695 828 είς
723 763 933 834 ἡμέρας
963 764 1040 826 δὲ,
1087 765 1185 835 οὐχ
1232 763 1373 817 ὥστε
1419 764 1633 834 ἡμέρας
1675 766 1877 818 ποιεῖν’

316 856 500 928 ἡμέρα
531 855 639 926 γὰρ
682 857 778 910 καὶ
804 856 910 927 Ινὺξ
945 853 1288 929 πρεσϐύτερα
1311 856 1412 927 τῆς
1440 856 1548 910 τῶν
1580 837 1882 928 φωστὴρὼν

319 945 613 1013 γενέσεωςο
661 945 775 999 ἀλλ’
822 945 961 999 ὥστε
1007 945 1300 1018 κατάρχειν
1348 946 1458 999 τῶν
1503 945 1726 1017 ἡμερῶν
1751 963 1766 978 ·
1803 949 1882 1010 είς

319 1034 595 1096 ἐνιαυτοὺς
621 1034 696 1099 δὲ,
730 1035 814 1088 ὅτι
842 1035 1036 1106 σελήνη
1071 1034 1189 1106 μὲν,
1229 1033 1446 1088 ἐπειδὰν
1474 1033 1767 1099 δωδεκάκις
1793 1036 1882 1090 τὸν

216 1147 232 1205 ε·
321 1125 516 1196 ἑαυτῆς
565 1125 820 1198 ἐκτελέσῃ
870 1127 1087 1198 δρόμον,
1129 1126 1372 1180 ἐνιαυτοῦ
1420 1127 1537 1179 ἐστι
1586 1129 1878 1200 ποιητική·

214 1223 220 1278 ξ
320 1217 538 1288 ἡλιακὸς
569 1216 625 1270 δέ
666 1218 812 1270 ἐστιν
849 1217 1092 1282 ἐνιαυτὸς
1125 1218 1158 1289 ἡ
1196 1217 1304 1271 ἀπὸ
1335 1218 1427 1270 τοῦ
1462 1218 1622 1272 αὐτοῦ
1655 1219 1880 1290 σημείου

236 1311 244 1328 ¹
320 1308 412 1361 ἐπὶ
439 1308 500 1361 τὸ
524 1309 652 1362 αὐτὸ
681 1313 900 1380 σημεῖον
926 1309 1019 1363 τοῦ
1049 1310 1198 1381 ἡλίου
1227 1310 1685 1374 ἀποκατάστασις.

403 1401 464 1454 '0
493 1401 665 1470 ἣλιος
681 1404 833 1474 ἔγνω
853 1402 966 1472 τὴν
991 1402 1171 1456 δύσιν
1195 1401 1402 1457 αὐτοῦ.
1433 1403 1604 1457 Ἕθου
1638 1405 1879 1471 σκότος,

322 1488 419 1542 καί
453 1489 686 1558 ἐγένετο
714 1491 828 1554 νύξ
849 1506 863 1521 ’
893 1491 963 1543 ἐν
983 1489 1136 1558 αὐτῇ
1161 1489 1571 1545 διελεύσονται
1596 1491 1791 1546 πάντα
1812 1493 1884 1548 τὰ

323 1581 496 1648 θηρία
528 1581 632 1636 τοῦ
678 1580 925 1650 δρυμοῦ.
949 1582 1206 1651 Σκύμνοι
1232 1581 1555 1653 ἀῳυόμενοι
1596 1583 1879 1653 ἁρπάσαι,

321 1673 420 1727 καί
465 1672 710 1742 ζητῆσαι
763 1674 924 1742 παρὰ
982 1674 1086 1728 τοῦ
1142 1674 1290 1729 Θεοῦ
1360 1675 1595 1744 ,βρῶσιν
1656 1679 1877 1744 αὐτοῖς.

1977 485 2177 553 brium,
2203 491 2433 540 aestuum
2461 499 2524 538 ac
2542 492 2824 538 ventorum
2849 481 3167 536 mutationis
3185 497 3201 547 ;
3219 479 3274 534 in
3295 487 3543 550 tempora

1979 592 2108 634 vero
2157 577 2299 633 aeris
2342 575 2704 631 mutationum
2730 615 2746 642 ,
2786 575 3002 637 hiemis,
3040 571 3208 638 veris,
3246 573 3452 627 aestatis
3487 581 3545 628 et

1980 668 2260 735 autumni;
2288 683 2409 738 qua:
2430 675 2489 722 ut
2508 667 2698 722 ordine
2718 667 2970 737 periodos
3009 672 3171 736 agant
3201 673 3438 722 statutus
3464 667 3546 721 lu-

1979 759 2268 814 minarium
2312 767 2494 814 motus
2534 759 2690 814 nobis
2724 758 2998 814 eﬂicitzin
3039 760 3156 815 dies
3185 770 3394 823 autem,
3430 776 3540 815 non

1981 852 2055 906 ita
2075 860 2138 906 ut
2171 852 2288 908 dies
2342 851 2595 915 eﬂiciant,
2622 851 2739 908 dies
2782 852 2925 906 enim
2959 863 3012 908 et
3041 867 3150 906 nox
3189 852 3554 910 luminarium-

1981 943 2196 998 conditu
2230 944 2563 1014 antiquiores
2593 951 2758 1011 sunt;
2807 943 2904 999 sed
2931 951 2990 998 ut
3010 944 3118 1000 diei
3157 943 3540 1002 dominentur:

1979 1034 2036 1089 in
2066 1049 2238 1091 annos
2267 1034 2506 1100 demum,
2533 1035 2662 1105 quia
2692 1035 2820 1089 luna
2847 1035 3067 1106 quidem
3095 1050 3222 1089 cum
3252 1033 3544 1092 duodecies

1981 1139 2201 1182 cursum
2247 1140 2406 1180 suum
2451 1125 2716 1196 perﬁciat,
2768 1127 2900 1180 anni
2946 1133 3031 1180 est
3075 1134 3313 1181 auctor:
3347 1124 3544 1183 solaris

1981 1218 2108 1272 item
2145 1224 2233 1273 est
2289 1232 2486 1280 annus,
2519 1233 2714 1287 nempe
2744 1218 2812 1272 ab
2845 1216 3035 1273 eodem
3082 1219 3242 1289 signo
3289 1219 3356 1274 ad
3398 1218 3543 1275 idem

1982 1310 2158 1380 ipsum
2197 1308 2411 1379 signum
2452 1308 2586 1364 solis
2625 1309 2912 1365 revolutio.

2050 1398 2417 1455 Vens.‘20-24.
2440 1397 2536 1454 Sol
2563 1400 2797 1469 cognovit
2828 1416 3074 1454 occasum
3096 1416 3270 1454 suum.
3303 1399 3543 1454 Posuisti

1983 1490 2244 1554 tenebras,
2296 1499 2344 1544 et
2387 1491 2531 1560 facta
2581 1499 2658 1545 est
2706 1506 2837 1552 nox.
2889 1492 2943 1545 in
2995 1492 3111 1561 ipsa
3151 1492 3544 1561 pertransibunt

1982 1596 2157 1636 omnes
2189 1581 2367 1636 bestia:
2405 1580 2571 1636 silvae.
2613 1579 2790 1635 Catuli
2831 1580 3037 1636 leonum
3079 1581 3337 1651 rugientes
3366 1591 3424 1634 ut
3453 1598 3545 1634 ra-

1980 1670 2146 1736 piant,
2179 1679 2230 1724 et
2287 1679 2527 1741 quaerant
2553 1687 2585 1723 a
2620 1669 2728 1724 Deo
2754 1686 2926 1725 escam
2969 1672 3089 1724 sibi.
3136 1669 3299 1725 Ortus
3325 1680 3402 1725 est
3439 1672 3542 1737 sol,

337 1739 662 1818 Ἀνέτειλεν
689 1765 724 1817 ό
757 1739 926 1832 ἥλιος
944 1806 959 1828 ,
1007 1763 1105 1816 καὶ
1139 1739 1626 1834 συναχάἦσονται
1644 1803 1659 1829 ,
1688 1765 1787 1818 καὶ
1812 1739 1884 1820 έν

1988 1770 2028 1814 et
2068 1739 2538 1832 congregabantur,
2584 1762 2719 1815 etin
2762 1761 3020 1816 cubilibus
3060 1765 3170 1816 suis
3209 1763 3545 1819 collocabun-

322 1853 450 1920 ταῖς
482 1853 774 1922 μάνδραις
810 1854 1008 1909 αὐτῶν
1055 1854 1570 1922 κοιτασθήσονται.
1615 1857 1881 1921 Ἐξελεύ-

323 1962 492 2000 σεται
515 1945 822 2014 ἄνθρωπος
846 1946 946 2000 ἐπὶ
975 1947 1037 2000 τὸ
1063 1946 1241 2016 ἔργον
1276 1947 1480 2012 αὐτοῦ,
1517 1949 1613 2002 καὶ
1640 1949 1738 2005 ἐπὶ
1768 1950 1884 2020 τὴν

322 2038 610 2106 ἐργασίαν
637 2038 822 2097 αὐτοῦ
845 2037 954 2105 ἕως
977 2036 1255 2108 ἑσπέρας.
1295 2037 1390 2106 Ὠς
1414 2038 1785 2110 operuere"
1812 2041 1884 2096 τὰ

316 2128 466 2199 ἔργα
515 2145 652 2196 σου,
711 2130 918 2199 Κύριε]
967 2129 1161 2184 ,πάντα
1195 2131 1265 2185 ἐν
1308 2133 1494 2200 σοφίᾳ
1553 2133 1878 2202 ἐποίησας’

311 2223 634 2292 -ἐπληρώθη
660 2224 698 2292 ἡ
720 2222 795 2294 γῆ
828 2225 939 2294 τῆς
989 2222 1236 2290 κτίσεώς
1270 2239 1406 2278 σου.
1455 2224 1512 2278 '0
1551 2224 1700 2295 ἥλιος
1743 2226 1884 2295 ἐγνω

323 2317 421 2386 τὴν
464 2315 612 2370 δύσιν
658 2315 844 2382 αὑτοῦ,
882 2315 1124 2370 τουτέστι
1162 2317 1259 2388 τὴν
1298 2317 1402 2370 ὑπὸ
1442 2315 1536 2370 τοῦ
1581 2317 1884 2389 κρείττονος

321 2407 472 2478 αὐτῷ
509 2409 954 2480 διατεταγμένην.
999 2409 1173 2464 Μόνον
1215 2409 1325 2481 γὰρ
1383 2409 1636 2480 φωτίζειν
1685 2411 1886 2482 ἔμαθεν

324 2500 474 2570 ἡλιος
496 2516 512 2531 θ
562 2500 683 2554 Οὐδ’
734 2502 822 2554 ἀεὶ
887 2501 982 2553 καὶ
1036 2501 1357 2567 διαπαντὸς,
1402 2502 1503 2573 τῆς
1565 2501 1623 2555 δὲ
1675 2503 1884 2574 ἡμέρας

327 2592 521 2662 ἀρχὴν,
547 2590 682 2644 ἀλλὰ
705 2593 798 2644 καὶ
832 2593 889 2646 ἐν
920 2593 1074 2647 νυκτὶ
1121 2596 1233 2656 τοῖς
1286 2595 1345 2647 ἐν
1390 2594 1560 2666 ταύτῃ
1611 2595 1886 2664 φαίνουσιν

327 2681 548 2752 ἄστροις
589 2685 934 2754 παραχωρεῖν
962 2683 1053 2737 τὸν
1097 2685 1294 2738 οἰκεῖον
1324 2684 1600 2740 ἀποτελεῖν
1644 2686 1841 2759 δρόμον
1867 2702 1882 2719 ο

320 2773 476 2837 ὅπως
510 2774 698 2840 νυκτὸς
730 2775 1043 2847 γενομένης,
1063 2775 1158 2830 καὶ
1183 2777 1611 2842 ἐπιπολάσαντος
1637 2778 1731 2831 τοῦ
1762 2778 1886 2832 σκό-

327 2881 452 2929 τους
485 2868 552 2937 τῇ
589 2868 681 2938 γῇ,
733 2867 1095 2940 ὑποσταλῆναι
1138 2869 1237 2940 μὲν
1283 2871 1379 2924 καὶ
1427 2871 1777 2942 ἀναχωρῆσαι
1820 2869 1888 2925 τὰ

327 2956 510 3028 ἣμερα
539 2956 647 3012 τῶν
673 2956 846 3027 ζώων,
893 2961 994 3014 ὅσα
1023 2959 1080 3014 δέ
1110 2961 1258 3015 ἐστιν
1301 2961 1470 3033 ἄγρια
1495 2962 1683 3034 θηρία,
1716 2962 1890 3018 ταῦτα

1983 1846 2088 1908 tur.
2125 1852 2304 1907 Exibit
2336 1854 2489 1907 homo
2516 1853 2584 1907 ad
2617 1869 2744 1922 opus
2794 1870 2969 1919 suum,
3001 1865 3052 1908 et
3088 1855 3156 1908 ad
3191 1861 3548 1925 operationem

1980 1961 2134 2001 suam
2171 1962 2332 2016 usque
2383 1947 2451 2001 ad
2500 1963 2785 2016 vesperum.
2834 1949 3006 2015 Quam
3049 1951 3392 2020 magniﬁcam
3424 1957 3548 2004 sunt

1982 2051 2138 2105 opera
2173 2047 2284 2102 tua,
2327 2037 2583 2092 Domine!
2615 2039 2871 2092 omniain
2901 2040 3161 2107 sapientia
3208 2039 3412 2108 fecisti,
3448 2041 3549 2093 im-

1980 2129 2121 2198 pleta
2149 2137 2223 2184 est
2254 2138 2395 2184 terra
2441 2121 2701 2184 creatione
2743 2140 2855 2184 tua.
2893 2127 2986 2183 Sol
3019 2131 3548 2200 cognovitoccasam

1985 2237 2167 2290 suum,
2207 2222 2415 2279 scilicet
2436 2238 2559 2278 eum
2591 2225 2684 2294 qui
2725 2224 2829 2279 sibi
2862 2239 2894 2278 a
2921 2223 3032 2279 Deo
3062 2225 3412 2295 praescriptus
3440 2231 3546 2280 est.

1986 2311 2080 2367 Sol
2117 2311 2315 2382 quippe
2343 2313 2525 2367 lucere
2560 2321 2771 2368 tantum
2816 2313 2998 2381 novit;
3029 2330 3205 2384 neque
3248 2315 3303 2369 id
3335 2331 3551 2386 semper

1985 2417 2048 2458 ac
2081 2410 2378 2474 perpetuo;
2425 2404 2519 2459 sed
2569 2405 2660 2458 uni
2700 2420 2936 2475 praeesse
2980 2406 3112 2471 diei,
3141 2407 3197 2462 in
3233 2417 3394 2463 nocte
3421 2424 3553 2464 vero

1985 2495 2159 2551 stellis
2183 2503 2314 2550 tunc
2345 2497 2734 2566 apparentibus
2767 2497 3067 2552 concedere
3089 2499 3268 2554 locum
3297 2500 3470 2565 solet,
3492 2510 3554 2556 ut

1987 2587 2265 2657 proprium
2318 2585 2424 2643 sibi
2469 2600 2692 2642 cursum
2750 2585 3066 2654 conficiant,
3118 2597 3178 2644 ut
3230 2588 3554 2646 adveniente

1987 2682 2146 2731 nocte
2184 2689 2248 2730 ac
2283 2675 2529 2752 tenebris,
2568 2683 2726 2751 terrm
2763 2675 3068 2745 superﬁciei
3107 2676 3552 2746 imminentibus,

1986 2765 2205 2821 mitiora
2233 2766 2450 2837 quidem
2500 2776 2554 2823 et
2587 2769 2962 2834 mansuetiora
2991 2768 3244 2823 animalia
3273 2777 3554 2841 receptum

1989 2857 2224 2914 habeant
2264 2865 2319 2913 et
2368 2858 2664 2926 secedant;
2709 2857 2836 2915 ferae
2874 2875 3005 2916 vero
3034 2861 3286 2931 quaelibet
3327 2861 3395 2916 ad
3425 2877 3556 2932 pro-

1991 2949 2169 3020 prium
2202 2950 2561 3020 quaerendum
2593 2951 2778 3007 cibum
2819 2960 3033 3019 exeant,
3067 2953 3122 3008 in
3152 2955 3373 3025 proprio
3403 2955 3554 3010 scili-

331 3048 614 3119 προσέλθοι
654 3052 746 3104 ἐπὶ
779 3052 879 3122 τὴν
921 3052 1125 3106 οἰκείαν
1167 3054 1410 3125 τροφὴνο
1463 3056 1522 3109 ἐν
1552 3057 1734 3127 οἰκείῳ
1781 3056 1889 3129 γὰρ

1991 3047 2079 3096 cet
2112 3055 2176 3095 ac
2207 3041 2530 3112 congruenti
2558 3041 2664 3098 sibi
2688 3053 2927 3115 tempore
2943 3060 3008 3100 ac
3034 3046 3216 3102 noctis
3245 3046 3553 3104 intervallo.

331 3140 621 3212 ἀρμόζοντι
648 3144 828 3208 αὐτοῖς
855 3144 1046 3216 χρόνῳ,
1080 3145 1158 3218 τῷ
1189 3147 1288 3218 τῆς
1323 3147 1516 3213 νυκτὸς
1544 3149 1886 3222 διαστήματι.

331 3234 588 3302 Σκύμνοι
624 3235 940 3306 ὠρυόμενοι
985 3237 1272 3307 ἁρπάσαι,
1320 3241 1419 3295 καὶ
1450 3240 1695 3310 ζητῆσαι
1733 3245 1894 3312 παρὰ

330 3322 438 3378 τοῦ
467 3323 612 3378 Θεοῦ
637 3324 868 3393 ,ϐρῶσιν
896 3327 1100 3395 αὐτοῖς
1121 3345 1136 3359 ο
1163 3329 1244 3383 ὅτι
1267 3329 1341 3401 μὴ
1376 3332 1470 3385 καὶ
1492 3331 1675 3396 αὐτοῖς
1705 3333 1892 3398 ἐξανέ-

331 3413 504 3468 τειλεν
532 3417 566 3486 ἡ
597 3415 670 3487 γῆ
703 3417 892 3488 χόρτον
925 3417 1112 3492 ὥσπερ
1141 3423 1254 3486 τοῖς
1295 3423 1513 3494 κτήνεσι
1537 3461 1551 3488 ,
1591 3424 1684 3478 καὶ
1730 3424 1892 3497 χλόην

329 3507 396 3578 τῇ
430 3506 643 3580 δουλείᾳ
667 3509 774 3564 τῶν
797 3510 892 3563 ἀνθ
903 3510 1114 3582 ρώπων.
1157 3513 1214 3567 '0
1241 3513 1372 3578 Θεὸς
1393 3514 1470 3578 ὡς
1499 3515 1605 3568 τῶν
1638 3517 1893 3572 ἁπάντων

333 3599 604 3672 κηδεμὼν,
635 3602 848 3674 καὶτῆς
874 3603 980 3657 τῶν
1015 3605 1230 3659 πάντων
1256 3605 1512 3680 διαμονῆς
1533 3625 1592 3661 τε
1627 3609 1720 3662 καὶ
1750 3609 1892 3680 ζωῆς

334 3691 587 3762 πρόνοιαν
619 3695 914 3766 εἰσφέρων,
944 3695 1010 3748 τὰ
1040 3697 1136 3767 μὲν
1184 3697 1498 3752 ἐλαύνεσθαι
1519 3700 1623 3753 ὑπὸ
1663 3699 1770 3754 τῶν
1797 3699 1892 3754 τοῦ

333 3782 485 3853 ἡλίου
520 3784 928 3856 μαρμαρυγῶν,
973 3787 1068 3840 καὶ
1109 3785 1297 3860 ὥσπερ
1342 3788 1532 3860 ἐχθρὸν
1585 3789 1803 3860 φεύγειν
1834 3791 1894 3845 τὸ

337 3875 450 3945 φῶς
479 3876 860 3949 ᾠκονομὴσατο
883 3896 896 3910 ·
936 3879 1004 3933 τά
1029 3880 1086 3933 δὲ
1126 3879 1202 3944 ὡς
1231 3879 1327 3934 τοῦ
1368 3881 1542 3951 φωτὸς
1575 3882 1806 3953 συγγενῆ
1835 3885 1892 3937 ἐν

337 3963 518 4036 ἡμέρᾳ
545 3965 806 4034 προϊέναι,
831 3968 926 4021 καὶ
949 3969 1040 4022 τὸν
1079 3969 1192 4040 βίον
1222 3969 1399 4023 αὐτῶν
1424 3971 1483 4024 ἐν
1507 3970 1585 4042 τῷ
1606 3973 1743 4040 φωτὶ
1773 3972 1892 4026 διά⁴

337 4067 454 4118 γειν
483 4050 818 4124 συνεχώρησε
837 4071 850 4086 ·
894 4057 1001 4112 τῶν
1035 4058 1132 4128 μὲν
1176 4057 1377 4130 θηρίων
1407 4060 1486 4123 είς
1531 4059 1629 4123 τὰς
1655 4061 1893 4131 μάνδρας

338 4141 516 4198 αὐτῶν
539 4145 949 4216 κοιταζομένων,
982 4150 1075 4203 τοῦ
1117 4151 1175 4205 δὲ
1205 4151 1421 4222 λογικοῦ
1452 4151 1588 4219 ζώου
1618 4156 1677 4208 ἐν
1713 4156 1894 4228 ἡμέρᾳ

341 4234 432 4287 καὶ
452 4235 588 4304 φωτὶ
613 4236 890 4306 προϊόντος
921 4240 1012 4293 ἐπὶ
1040 4241 1100 4294 τὸ
1121 4241 1280 4314 ἔργον
1317 4243 1480 4299 αὑτοῦ
1517 4246 1610 4300 καὶ
1655 4248 1748 4301 ἐπὶ
1793 4246 1892 4319 τὴν

339 4326 598 4397 ἐργασίαν
625 4327 788 4380 αὑτοῦ
813 4327 916 4393 ἕως
942 4331 1200 4403 ἑσπέρας.

1994 3131 2174 3188 Catuli
2203 3131 2409 3190 leonum
2437 3135 2696 3205 rugientes
2723 3144 2780 3188 ut
2796 3137 3028 3205 rapiant,
3053 3145 3102 3191 et
3119 3149 3359 3207 quazrant
3389 3157 3422 3194 a
3447 3140 3556 3194 Deo

1990 3240 2162 3278 escam
2217 3225 2351 3291 sibi,
2398 3225 2526 3296 quia
2576 3241 2767 3297 nempe
2825 3236 2968 3284 terra
3015 3243 3126 3283 non
3159 3230 3294 3298 ipsis
3332 3231 3557 3300 perinde

1992 3326 2154 3389 atque
2173 3318 2433 3389 jumentis
2463 3318 2646 3374 fenum
2678 3319 2954 3390 produxit,
2973 3331 3025 3376 et
3052 3321 3275 3377 herbam
3305 3323 3556 3379 servituti

1993 3409 2292 3466 hominum.
2331 3409 2475 3465 Deus
2522 3419 2707 3481 utpote
2747 3413 2988 3467 omnium
3036 3429 3224 3469 curam
3257 3429 3460 3486 agens,
3491 3431 3558 3472 ac

1991 3498 2230 3557 omnium
2254 3502 2657 3557 conservationi
2691 3517 2754 3557 ac
2776 3503 2902 3558 vitae
2931 3506 3289 3576 prospiciens,
3319 3508 3392 3560 ita
3424 3523 3558 3578 pro-

1991 3593 2146 3656 vidit,
2178 3599 2239 3648 ut
2273 3593 2378 3648 alia
2425 3594 2647 3665 quidem
2676 3611 2707 3649 a
2732 3597 2865 3652 solis
2900 3597 3084 3673 radiis
3102 3599 3456 3669 pellerentur,
3494 3615 3561 3656 ac

1992 3684 2166 3740 lucem
2215 3691 2277 3740 ut
2324 3683 2600 3740 inimicam
2651 3686 2754 3742 sibi
2797 3687 3076 3760 fugerent;
3109 3689 3216 3744 alia
3249 3706 3398 3756 vero,
3433 3701 3560 3746 tan-

1993 3789 2153 3846 quam
2217 3775 2326 3831 luci
2384 3775 2600 3842 allinia,
2644 3777 2701 3833 in
2741 3779 2829 3834 die
2873 3780 3276 3850 procederent:
3310 3782 3558 3854 ipsisque

1990 3869 2266 3924 concessit
2292 3881 2352 3924 ut
2387 3870 2442 3924 in
2484 3870 2606 3925 luce
2641 3871 2809 3926 vitam
2841 3871 3118 3945 degerent,
3159 3873 3293 3931 feris
3335 3875 3558 3946 quidem

1993 3961 2046 4016 in
2077 3961 2268 4018 lustris
2307 3963 2422 4019 suis
2451 3964 2803 4029 cubantibus,
2836 3966 3151 4022 rationabili
3178 3983 3310 4023 vero
3334 3969 3560 4025 animali

1993 4053 2050 4107 in
2078 4052 2164 4108 die
2190 4068 2255 4108 ac
2285 4053 2405 4109 luce
2440 4054 2743 4124 prodeunte
2777 4056 2844 4111 ad
2869 4072 3007 4127 opus
3039 4073 3220 4125 suum,
3249 4067 3304 4115 et
3333 4059 3400 4114 ad
3426 4074 3560 4131 ope-

1993 4144 2257 4200 rationem
2283 4160 2443 4202 suam
2479 4162 2650 4218 usque
2679 4146 2747 4202 ad
2772 4163 3081 4218 vesperum.

405 4419 567 4488 Αὕτη
595 4421 633 4488 ἠ
657 4419 936 4475 θάλασσα
962 4423 1000 4490 ὴ
1021 4425 1250 4494 μεγάλη
1275 4428 1373 4482 καὶ
1398 4429 1752 4500 εὐρύχωρος,
1771 4430 1889 4486 ἐκεῖ

2062 4430 2226 4486 Vens.
2257 4427 2455 4497 25,26.
2479 4428 2594 4484 Hoc
2615 4445 2760 4484 mare
2793 4443 3040 4498 magnum
3070 4437 3120 4483 et
3149 4429 3464 4498 spatiosum,
3485 4431 3556 4485 il-

333 4510 551 4581 ἑρπετὰ
585 4505 672 4565 ὧν
716 4515 827 4567 οὐκ
861 4512 1031 4568 ἐστιν
1059 4516 1332 4587 ἀριθμός·
1378 4519 1489 4582 ζῶα
1522 4525 1704 4594 μικρὰ
1743 4528 1895 4596 μετὰ

331 4601 626 4673 μεγάλων.
678 4605 768 4658 Ἐν
807 4604 1015 4669 τούτοις
1052 4609 1411 4681 παρίστησιν,
1447 4615 1562 4683 ὅτι,
1603 4615 1791 4690 ὥσπερ
1833 4618 1896 4672 τὸ

335 4694 434 4766 τῆς
466 4695 568 4767 γῆς
596 4699 854 4767 στοιχεῖον
883 4698 1091 4754 πολλῶν
1121 4701 1236 4753 ἐστι
1265 4701 1418 4766 ζώων
1458 4709 1768 4779 γεννητικὸν
1792 4711 1886 4766 καὶ

335 4781 646 4874 θρεπτικδν,
679 4787 769 4874 τὸν
791 4787 952 4842 αὐτὸν
984 4790 1184 4861 τρόπον
1214 4793 1308 4846 καὶ
1335 4794 1367 4865 ἡ
1393 4795 1532 4867 ὑγρὰ
1553 4798 1710 4856 οὐσία
1743 4818 1893 4874 παμ-
1934 4831 1936 4834 ν

335 4872 512 4945 πληθῆ
532 4873 663 4946 γένη
689 4873 842 4939 ζώων
864 4877 1070 4948 τρέφει.
1094 4879 1168 4932 Οὐ
1196 4878 1302 4952 γὰρ
1327 4884 1514 4946 κενοὺς
1537 4886 1660 4950 τοὺς
1685 4872 1894 4960 χώρους

335 4969 368 5020 ό
406 4967 536 5030 Θεὸς
565 4968 848 5039 ἐποίησεν,
893 4970 1028 5026 ἀλλὰ
1072 4970 1224 5036 ζώων
1270 4974 1445 5029 πάντα
1494 4961 1754 5052 ἐνέπλησε
1805 4980 1895 5038 τὸν

337 5059 496 5129 ἀέρα,
521 5058 618 5130 τὴν
636 5060 759 5131 γῆν,
780 5060 1174 5132 τῆν’θάλασσαν
1193 5082 1206 5096 ·
1230 5065 1321 5121 τὸν
1350 5067 1449 5138 μὲν
1469 5069 1692 5140 ὀρνίθων
1715 5073 1892 5143 μόνον,

334 5149 434 5220 τὴν
461 5148 517 5203 δὲ
544 5152 885 5236 τετραπόδων
938 5157 1033 5209 καὶ
1079 5158 1390 5230 πτερωτῶν,
1420 5159 1519 5232 τὴν
1547 5161 1605 5215 δὲ
1656 5163 1896 5236 ἀπείρων

339 5238 568 5309 ἰχθύωνο
627 5233 702 5295 ὧν
753 5242 802 5296 oi
841 5244 939 5314 μὲν
976 5244 1225 5315 μείζους,
1274 5247 1326 5301 οἱ
1369 5247 1426 5303 δὲ
1466 5248 1753 5317 ἐλάττους,
1789 5233 1894 5306 ’καὶ

334 5330 508 5403 τροφὴ
560 5335 670 5397 τοῖς
709 5332 948 5404 μείζοσιν
984 5338 1034 5391 οί
1079 5338 1376 5406 ἐλάττονες,
1424 5342 1600 5396 καὶτὸ
1644 5344 1796 5413 γένος
1831 5346 1892 5398 οὐ

335 5421 653 5482 δαπανᾶται.
682 5424 791 5477 Καὶ
825 5424 982 5479 τοῦτο
1004 5427 1063 5482 δὲ
1090 5429 1190 5501 τῆς
1219 5429 1370 5495 θείας
1407 5432 1726 5505 κηδεμονίας
1770 5451 1894 5488 τεκ-

339 5515 558 5587 μήριον,
579 5514 640 5568 τὸ
666 5514 735 5570 τὰ
763 5517 971 5589 σμικρὰ
998 5519 1128 5595 γένη
1153 5524 1269 5595 ξτοίς
1293 5524 1546 5596 μεγάλοις
1584 5527 1948 5613 συνδιιιιτιῖιηι

407 5695 455 5730 ⁵⁸
489 5695 625 5754 Gen.
664 5714 714 5767 I,
745 5698 832 5756 μ.

2000 4525 2067 4580 lic
2099 4524 2330 4594 reptilia,
2351 4539 2571 4594 quorum
2601 4539 2706 4578 non
2741 4531 2820 4577 est
2856 4538 3103 4576 numerus
3127 4539 3146 4577 :
3172 4525 3430 4578 animalia
3457 4542 3560 4594 pu-

1999 4617 2124 4674 silla
2155 4633 2272 4672 cum
2319 4617 2545 4686 magnis.
2597 4613 2694 4669 His
2736 4613 2996 4677 declarat,
3048 4613 3192 4670 sicut
3237 4623 3394 4669 terra:
3443 4611 3557 4670 ele-

1999 4714 2239 4762 mentum
2272 4706 2442 4761 multa
2475 4705 2830 4760 animantium
2859 4719 3058 4775 genera
3083 4705 3336 4776 producit
3356 4714 3410 4761 et
3429 4705 3555 4772 alit;

2001 4799 2074 4852 ita
2113 4798 2386 4853 humidam
2420 4797 2803 4862 substantiam,
2835 4797 3098 4867 permulta
3122 4797 3434 4852 animalium
3466 4813 3560 4869 ge-

2000 4902 2133 4944 nera
2161 4889 2422 4945 enutrirc.
2456 4887 2642 4960 Neque
2669 4891 2814 4945 enim
2859 4887 3003 4944 Deus
3047 4903 3219 4944 vacua
3257 4889 3374 4943 loca
3405 4889 3555 4954 fecit,

2002 4978 2096 5037 sed
2126 4979 2452 5036 animalibus
2505 4981 2690 5036 omnia
2732 4980 2980 5050 replevit,
3013 4994 3219 5044 aerem,
3252 4989 3473 5048 terram,
3505 4990 3559 5044 et

2001 5087 2184 5141 mare;
2213 5087 2392 5128 aerem
2429 5072 2646 5143 quidem
2676 5073 2869 5128 avibus
2902 5080 3147 5141 tantum;
3190 5080 3393 5129 terram
3431 5087 3560 5142 qua-

2002 5163 2332 5235 drupedibus
2353 5171 2406 5220 et
2424 5165 2674 5236 aligeris;
2710 5179 2859 5220 utare
2873 5165 3102 5222 inﬁnitis
3116 5166 3360 5237 piscibus
3386 5184 3401 5221 :
3425 5179 3561 5235 quo-

2001 5271 2122 5311 rum
2155 5256 2259 5310 alia
2280 5256 2508 5326 majora,
2536 5256 2745 5312 minora
2770 5257 2874 5312 alia
2912 5265 3070 5326 sunt;
3101 5273 3166 5314 ac
3198 5257 3408 5312 minora
3443 5270 3560 5311 ma-

1997 5348 2210 5419 joribus
2231 5350 2283 5402 in
2305 5363 2486 5405 escam
2517 5350 2734 5416 dantur,
2770 5356 2825 5406 et
2859 5357 3042 5406 tamen
3069 5364 3241 5421 genus
3261 5363 3372 5404 non
3401 5346 3558 5402 absu-

2003 5441 2188 5494 mitur.
2225 5439 2398 5510 Atque
2420 5440 2550 5496 illud
2571 5440 2768 5496 divinae
2794 5441 3147 5512 providentia:
3168 5438 3426 5494 indicium
3449 5447 3552 5499 est.

1951 5592 1956 5595 ,
2003 5531 2147 5603 quod
2195 5545 2318 5628 cum
2371 5547 2538 5605 parva
2590 5535 2906 5591 animalium
2956 5547 3154 5607 genera
3193 5547 3317 5590 cum
3348 5532 3556 5603 magnis
