4044 6212
505 274 644 332 1285

1182 277 1449 335 EUSEBII
1485 277 1953 335 CAESARIENSIS
1987 277 2137 335 OPP.
2178 279 2358 338 PARS
2393 279 2568 336 lll.-
2605 279 3006 336 EXEGETICA.

3589 280 3738 336 ιειςι

505 399 795 446 versentur
822 435 836 458 ,
867 407 974 447 non
999 392 1242 450 funditus
1276 395 1345 450 ab
1371 395 1478 450 illis
1523 394 1911 462 absumantur;
1938 409 2063 450 nam

2182 395 2308 459 ιθαι,
2333 396 2426 450 καὶ
2453 396 2528 468 μὴ
2553 395 2828 460 παντελῶς
2853 397 2942 450 ὑπ’
2968 394 3188 449 ἐκείνων
3211 393 3702 449 καταναλίσκεσθαι
3720 413 3735 426 ο

505 482 771 536 validiora
791 482 1006 538 inﬁrma
1040 485 1322 551 devorant,
1353 501 1454 542 nec
1483 487 1698 556 penitus
1729 487 2018 542 destruunt
2051 506 2063 541 :

508 572 637 645 quia
665 582 961 644 proventus
988 591 1279 648 expensam
1304 588 1542 650 superat.
1574 579 1670 636 His
1695 579 1900 636 similes
1945 588 2072 635 sunt

507 673 777 736 quotquot
808 665 952 722 inter
983 668 1230 726 homines
1258 685 1354 726 eos
1381 672 1472 741 qui
1501 671 1788 728 inferiores
1810 671 1913 727 sibi
1945 679 2072 728 sunt

508 755 790 813 devorant.
841 758 1042 816 Verum
1093 763 1184 817 illa
1218 763 1437 833 quidem
1485 766 1644 835 culpa
1680 766 2071 822 vacantzillud

507 849 654 904 enim
705 867 774 906 ex
816 860 1014 908 natura
1063 856 1350 927 contingit,
1396 864 1455 911 tu
1496 873 1626 912 vero
1676 873 1748 914 ne
1787 859 2071 914 minimam

509 943 730 1015 quidem
750 946 834 1000 tui
864 948 1129 1020 purgandi
1169 950 1311 1003 viam
1335 952 1594 1021 reperias,
1629 951 1722 1023 qui
1755 967 1880 1006 cum
1903 959 1958 1007 et
1981 967 2073 1006 ra-

509 1035 659 1091 tione
679 1045 733 1093 et
763 1039 881 1109 lege
907 1040 1206 1097 honoratus
1235 1042 1332 1107 sis,
1356 1042 1424 1098 ad
1454 1043 1600 1096 illam
1623 1044 1907 1099 brutorum
1935 1059 2072 1100 con-

509 1127 784 1185 fusibnem
811 1131 1020 1188 ordinis
1045 1133 1307 1190 declinas.
1339 1135 1603 1191 Caeterum
1635 1137 1845 1206 reptilia
1897 1136 2074 1206 pisces

508 1225 668 1274 vocat
694 1234 707 1270 :
729 1219 859 1289 quia
886 1221 1115 1290 pedibus
1138 1226 1569 1294 carentetquasi
1599 1225 1655 1279 in
1673 1226 1808 1280 mari
1835 1234 2071 1297 reptant,

513 1317 571 1366 ut
599 1312 816 1381 reptilia
844 1312 898 1366 in
925 1319 1089 1369 terra.

583 1402 709 1458 Illic
737 1421 890 1459 naves
937 1415 1324 1474 pertranseunt,
1362 1407 1418 1462 in
1451 1407 1587 1462 mari
1620 1408 1890 1464 videlicet.
1935 1409 2075 1464 Cum

510 1496 842 1553 declarasset
891 1506 1147 1568 quantam
1203 1499 1514 1569 progeniem
1566 1515 1714 1555 mare
1752 1499 2075 1566 nutriat,et

506 1589 654 1660 quod
675 1604 850 1660 neque
865 1590 1119 1651 animalia
1136 1591 1254 1661 ejus
1271 1608 1518 1657 numero,
1540 1608 1713 1662 neque
1730 1593 1908 1663 ipsum
1925 1608 2077 1648 men-

510 1694 640 1734 sura
667 1679 924 1734 :estimari
954 1681 1162 1742 valeat;
1191 1680 1304 1750 jam
1341 1689 1563 1736 enarrat
1596 1697 1757 1752 quam
1793 1682 1864 1738 sit
1896 1685 2073 1754 ipsum

2173 486 2451 557 βόσκονται
2479 487 2587 560 γὰρ
2621 490 2671 541 οί
2712 487 3064 559 δυνατώτεροι
3101 488 3227 549 τοὺς
3255 486 3738 558 καταδεεστέρους,

2172 580 2264 633 καὶ
2287 580 2386 634 οὐκ
2417 579 2778 652 ἀνηλώκασιν,
2805 577 2940 632 ἀλλά
2965 580 3088 650 νικᾷ
3111 577 3207 649 τὴν
3229 577 3471 649 δαπάνην
3503 579 3538 648 ὴ
3567 577 3742 648 πρόσ-

2171 671 2308 736 οδος.
2375 671 2593 736 Τούτοις
2643 673 2879 726 ἐοίκασιν
2926 671 3040 725 ὅσοι
3097 670 3204 723 τῶν
3258 670 3559 742 ἀνθρώπων
3611 672 3742 732 τοὺς

2171 764 2619 836 καταδεεστέρους
2674 763 3079 818 καταπίνουσιν.
3129 761 3264 815 Ἀλλ’
3317 763 3433 815 ἐκεῖ
3486 761 3586 832 μὲν
3637 761 3746 813 οὐκ

2173 855 2420 927 ἔγκλημα
2459 853 2519 908 τὸ
2574 855 2850 924 γινόμενον
2875 871 2887 884 ο
2943 852 3154 922 φύσεως
3192 852 3298 924 γάρ
3342 854 3456 905 ἐστι
3502 852 3561 905 τὸ
3596 870 3736 922 συμ-

2173 947 2351 1001 ϐαῖνον
2369 963 2382 975 ⁸
2424 947 2486 999 σὺ
2513 945 2570 998 δὲ
2606 943 2725 998 οὐδέ
2753 943 2880 1014 μίαν
2909 941 3047 1008 ἕξεις
3075 941 3388 1010 ἀπολογίαν,
3416 943 3444 994 ό
3471 941 3615 1011 λόγῳ
3645 942 3745 994 καὶ

2173 1040 2320 1110 νόμῳ
2343 1036 2701 1108 τετιμημένος
2726 1034 2971 1104 καὶπρὸς
2991 1034 3090 1104 τὴν
3112 1034 3216 1087 τῶν
3242 1033 3448 1102 ἀλόγων
3477 1033 3745 1104 σύγχυσιν

2174 1130 2362 1185 ἑαυτὸν
2387 1129 2614 1197 ἐξάγων.
2652 1127 2891 1198 Ἑρπετά
2919 1142 2983 1193 γε
3024 1125 3129 1196 μὴν
3164 1126 3288 1187 τοὺς
3317 1124 3502 1194 ἰχθύας
3537 1123 3746 1194 ὀνομά-

2175 1222 2275 1287 ζει,
2323 1221 2410 1274 διά
2457 1222 2516 1274 τὸ
2563 1219 2765 1281 ἄποδας
2814 1218 3008 1281 αὐτοὺς
3066 1217 3226 1270 οἱονεὶ
3267 1215 3618 1286 ἐπισύρεσθαι
3661 1216 3746 1286 τῷ

2175 1314 2347 1379 ὕδατι,
2376 1312 2450 1376 ώς
2479 1311 2546 1365 τὰ
2571 1309 2874 1383 ἐρπυστικά
2901 1312 2966 1381 τῇ
2997 1311 3089 1380 γῇ.

2256 1405 2410 1460 Ἐκεῖ
2457 1403 2637 1458 πλοῖα
2690 1403 3170 1471 διαπορεύονταιο
3232 1402 3319 1455 Ἐν
3380 1403 3444 1470 τῇ
3492 1399 3745 1471 θαλάσσῃ

2174 1499 2393 1570 δηλαδή.
2434 1496 2614 1550 Εἰπὼν
2641 1496 2770 1566 ὅσην
2795 1497 2826 1567 ὴ
2867 1494 3108 1548 θάλασσα
3136 1493 3390 1566 ἐκτρέφει
3420 1492 3603 1562 γονὴν,
3638 1492 3744 1544 καὶ

2175 1591 2254 1644 ὅτι
2280 1589 2400 1644 οὔτε
2433 1590 2502 1642 τὰ
2545 1588 2661 1652 ζῶα
2708 1587 3054 1659 ἀριθμεῖται,
3101 1584 3222 1639 οὔτε
3262 1585 3398 1652 αύτὴ
3439 1586 3676 1655 μετρεῖτε.
3696 1601 3740 1645 ι,

2176 1683 2322 1750 λέγει
2361 1682 2454 1735 καὶ
2479 1681 2599 1734 ὅσον
2633 1680 2798 1749 αὐτῆς
2845 1679 3108 1749 χρήσιμον
3150 1677 3230 1740 είς
3269 1675 3608 1748 ἀνθρώπους.
3641 1675 3743 1727 Διά

521 1767 834 1825 hominibus
882 1769 1033 1824 utile.
1080 1767 1184 1824 Per
1229 1771 1502 1825 nauticam
1553 1771 1750 1841 quippe
1809 1780 1980 1827 artem
2025 1779 2079 1827 et

2182 1772 2522 1844 ναυπηγικῆς
2546 1771 2654 1842 γὰρ
2675 1770 2866 1842 τέχνης
2894 1770 2989 1822 καί¹
3010 1768 3403 1840 κυϐερνητικῆς
3430 1769 3745 1836 ἐπιστήμης

512 1862 850 1933 gubernandi
896 1863 1170 1934 peritiam,
1235 1864 1545 1918 necessaria
1585 1873 1774 1919 mutuo
1830 1879 2076 1919 commu-

511 1955 781 2019 nieamus,
813 1953 1136 2023 fructusque
1175 1954 1230 2007 in
1258 1947 1405 2007 terra
1431 1963 1619 2009 nostra
1640 1962 1926 2011 nascentes
1955 1957 2076 2012 aliis

512 2045 1020 2109 subministramus,
1050 2046 1118 2100 ab
1151 2045 1326 2115 iisque
1348 2047 1648 2116 accipimus
1670 2063 1834 2114 suos;
1858 2048 1931 2102 ita
1945 2056 2004 2103 ut
2023 2059 2078 2103 et

511 2135 657 2206 quod
697 2133 1026 2203 superfluum
1072 2143 1156 2190 est
1193 2151 1300 2190 non
1328 2136 1519 2192 inutile
1543 2137 1632 2203 sit,
1655 2145 1710 2192 et
1729 2137 1872 2207 quod
1903 2137 2074 2202 deest,

512 2226 706 2282 advehi
724 2226 916 2296 possit.
944 2224 1258 2282 Sublimiori
1290 2236 1468 2282 autem
1498 2227 1709 2284 ratione
1738 2229 1863 2283 navi
1892 2227 2078 2283 Eccle-

511 2318 652 2376 siam
677 2318 918 2387 confert;
956 2319 1094 2373 mari
1124 2335 1253 2374 vero
1275 2320 1566 2374 humanam
1591 2321 1780 2386 vitam,
1810 2320 1956 2391 quod
1989 2335 2077 2376 res

511 2410 632 2481 ejus
661 2411 947 2468 instabiles
975 2426 1044 2466 ac
1081 2426 1295 2483 semper
1336 2411 1393 2466 in
1424 2421 1573 2466 motu
1608 2413 1737 2467 sint.
1767 2411 2079 2469 innumera-

510 2502 622 2559 bile
645 2517 810 2572 porro
841 2502 1115 2573 reptilium
1144 2519 1338 2573 genus,
1362 2504 1763 2560 multitudinem
1795 2505 2076 2560 hominum

511 2605 693 2664 vocat,
725 2605 779 2654 et
809 2597 984 2652 forma
1006 2606 1060 2652 et
1088 2613 1320 2667 persona
1343 2598 1500 2668 quasi
1540 2598 1938 2668 discrepantem
1963 2614 1979 2662 ;
2005 2599 2078 2654 ita

512 2699 573 2746 ut
595 2689 896 2748 differentia
924 2707 991 2746 ex
1019 2690 1283 2746 varietate
1299 2689 1587 2745 affectuum
1600 2692 1916 2746 aestimetur.
1943 2689 2078 2746 Nam

512 2792 708 2838 natura
750 2783 970 2854 quidem
999 2780 1251 2837 omnibus
1283 2787 1368 2835 est
1391 2795 1517 2847 una,
1554 2795 1655 2835 nec
1681 2779 1896 2836 diversa
1927 2788 2078 2836 ortus

512 2877 694 2932 ratio:
723 2891 881 2932 mens
913 2883 1094 2931 autem
1147 2876 1295 2930 varie
1317 2874 1692 2944 distinguitur,
1729 2887 1933 2944 corque
1977 2888 2079 2927 no-

514 2975 696 3024 strum
749 2966 1119 3022 diversitatem
1174 2966 1564 3021 sententiarum
1621 2964 1872 3019 admittit.
1922 2963 2079 3031 Quod

512 3073 640 3116 cum
666 3065 855 3114 nosset
887 3057 1182 3128 quispiam,
1214 3056 1386 3112 dixit:
1416 3054 1882 3122 Quemadmodum
1915 3053 2081 3110 facies

514 3151 758 3208 faciebus
790 3151 996 3208 similes
1019 3164 1125 3204 non
1139 3157 1300 3217 sunt;
1325 3149 1404 3205 sic
1419 3163 1519 3204 nec
1539 3155 1747 3203 mentes
1777 3147 2078 3200 hominum.
2107 3129 2153 3191 (ἶ

516 3245 695 3302 Naves
722 3252 902 3300 autem
929 3243 1162 3299 dicimus
1191 3258 1312 3299 esse
1339 3258 1434 3298 eas
1465 3256 1585 3312 quae
1603 3240 1656 3294 in
1677 3241 1778 3296 hoc
1810 3238 2082 3310 spirituali

513 3337 654 3394 mari
682 3346 1084 3406 pertranseunt,
1105 3346 1162 3390 ut
1192 3335 1452 3404 scriptum
1479 3342 1563 3389 est
1578 3332 1645 3397 “,
1672 3332 1922 3388 videlicet
1952 3345 2082 3388 san-

515 3438 634 3486 ctas
685 3428 991 3486 Servatoris
1028 3429 1201 3484 nostri
1248 3426 1542 3489 Eeclesias,
1591 3440 1712 3496 quae
1761 3423 1979 3496 quidem
2028 3423 2082 3477 in

515 3523 742 3588 mundo,
793 3521 888 3578 sed
927 3521 1240 3592 superiores
1283 3517 1488 3574 mundo
1533 3525 1690 3584 sunt;
1728 3518 1870 3572 sicut
1896 3529 2085 3572 revera

515 3616 798 3673 onerarias
827 3615 1011 3672 videre
1040 3624 1144 3680 est,
1180 3616 1236 3668 in
1285 3628 1424 3684 aqua
1455 3627 1608 3675 sane,
1641 3610 1736 3667 sed
1776 3608 2086 3680 superiores

517 3708 698 3778 aquis.
743 3706 1000 3763 Ecclesiae
1044 3707 1209 3777 igitur
1250 3707 1484 3761 navibus
1519 3704 1760 3770 similes,
1807 3701 2086 3772 spirituale

515 3815 669 3854 mare
697 3798 1051 3868 trajicientes,
1069 3797 1256 3853 fideles
1270 3797 1518 3852 homines
1541 3794 1829 3866 recipiunt,
1852 3803 1907 3849 et
1925 3793 2086 3865 quasi

517 3890 574 3944 in
605 3891 767 3946 aliam
801 3899 1002 3947 terram
1043 3899 1136 3944 aut
1164 3891 1438 3960 regionem
1478 3887 1836 3948 transferunt,
1881 3886 2088 3942 scilicet

518 3983 588 4038 ad
622 3999 846 4053 regnum
872 3983 1159 4048 caelorum,
1190 3984 1256 4037 ad
1285 3997 1435 4052 spem
1458 3982 1510 4035 in
1533 3979 1753 4036 Christo
1783 3979 2082 4043 fundatam,

519 4076 588 4130 ad
622 4075 1109 4131 sanctificationem
1163 4076 1406 4144 spiritus,
1454 4082 1507 4127 et
1553 4073 1621 4126 ad
1655 4073 1930 4138 virtutem,
1968 4088 2088 4143 quae

521 4175 836 4225 sanctorum
884 4169 1060 4239 patria
1103 4177 1208 4223 est.
1254 4165 1389 4220 Nam
1441 4180 1586 4231 cum,
1637 4165 1781 4219 sicut
1825 4165 2087 4236 scriptum

519 4269 625 4326 est,
661 4261 882 4316 advenae
928 4269 983 4316 et
1030 4259 1302 4332 peregrini
1353 4260 1463 4315 sint
1509 4275 1671 4330 super
1718 4266 1940 4323 terram,
1979 4274 2090 4313 non

519 4353 722 4409 habent
775 4353 863 4408 hic
912 4361 1220 4408 manentem
1264 4352 1535 4407 civitatem
1555 4352 1600 4384 ιδ
1645 4371 1658 4406 :
1704 4353 1799 4408 sed
1831 4351 1900 4406 ad
1941 4351 2088 4406 illam

2180 1861 2309 1933 παρ’
2369 1861 2607 1932 ἀλλήλων
2662 1858 2998 1930 κομιζόμεθα
3053 1857 3120 1911 τά
3176 1857 3452 1920 ἐνδέοντα,
3514 1857 3609 1910 καὶ
3652 1859 3748 1910 τὸν

2177 1953 2305 2024 παρ’
2329 1953 2458 2024 ἡμῖν
2487 1952 2754 2021 φυόμενον
2783 1949 2996 2022 καρπὸν
3021 1947 3358 2022 χορηγοῦμεν
3393 1948 3623 2018 ἑτέροις,
3649 1949 3746 2002 καὶ

2175 2043 2439 2115 δεχόμεθα
2473 2043 2533 2095 τὸ
2586 2045 2715 2114 παρ’
2755 2041 2983 2104 ἐκείνοις
3037 2039 3346 2111 γινόμενονο
3382 2039 3523 2092 ὥστε
3571 2039 3649 2111 μὴ
3684 2041 3744 2092 τὺ

2178 2135 2491 2210 περιττεῦον
2529 2131 2668 2188 εἶναι
2703 2135 2990 2206 ἀνόνητον,
3029 2133 3163 2204 μήτε
3195 2132 3254 2186 τὸ
3280 2130 3454 2185 ἐνδέον
3493 2133 3744 2187 ἀνεπινό-

2177 2248 2354 2302 νητον.
2409 2227 2764 2299 ’Υψηλότερον
2803 2226 2860 2279 δέ
2905 2225 3071 2296 πλοίῳ
3115 2223 3439 2297 παρεικάζει
3473 2224 3574 2296 τὴν
3620 2226 3744 2278 Ἐκ-

2177 2323 2436 2394 κλησίαν,
2480 2321 2716 2392 θαλάττῃ
2744 2320 2800 2373 δὲ
2842 2319 2932 2374 τὸν
2978 2317 3311 2390 ἀνθρώπινον
3359 2317 3471 2388 βίον
3494 2359 3510 2383 ,
3553 2317 3642 2372 διὰ
3680 2320 3742 2373 τὸ

2177 2419 2523 2488 ἀστάθμητον
2551 2417 2644 2471 καὶ
2667 2415 2968 2486 ἀεικίνητον
2989 2413 3097 2468 τῶν
3121 2415 3178 2467 ἐν
3209 2411 3358 2483 αὐτῷ
3381 2413 3740 2484 πραγμάτων.

2191 2509 2463 2582 Ἐρπετῶν
2491 2509 2549 2562 δὲ
2575 2507 2637 2562 τὸ
2665 2509 2818 2576 γένος
2850 2507 2911 2560 τὸ
2947 2505 3313 2577 ἀναρίθμητον
3349 2503 3448 2576 τὴν
3491 2505 3742 2576 πολυειδῆ

2180 2603 2272 2656 καὶ
2296 2601 2456 2655 οἱονεὶ
2489 2599 2914 2670 πολυπρόσωπον
2945 2596 3054 2650 τῶν
3085 2595 3384 2669 ἀνθρώπων
3412 2595 3559 2663 λέγει
3608 2595 3747 2668 πλη-

2181 2697 2312 2760 θὺν,
2369 2697 2447 2759 είς
2489 2694 2588 2764 τὴν
2626 2694 2724 2764 τῆς
2769 2690 2936 2756 ἕξεως
2986 2690 3258 2744 ποικιλίαν
3310 2689 3606 2760 νοουμένης
3648 2689 3747 2759 τῆς

2180 2787 2495 2856 ἐξαλλαγῆς.
2533 2785 2697 2847 Φύσις
2733 2783 2828 2855 μέν
2857 2780 2966 2854 γὰρ
3008 2783 3170 2838 πᾶσιν
3199 2783 3234 2854 ἡ
3275 2783 3433 2852 αὑτὴ,
3468 2782 3562 2835 καὶ
3586 2784 3615 2834 ὁ
3645 2781 3748 2850 τῆς

2179 2879 2444 2949 γενέσεως
2485 2877 2683 2948 τρόπος
2719 2876 2816 2947 οὐχ
2845 2878 3105 2947 ἑτεροῖος,
3144 2873 3465 2944 πολυσχιδὴς
3490 2872 3550 2926 δὲ
3594 2872 3745 2936 νοῦς,

2181 2971 2276 3026 καὶ
2319 2968 2686 3040 πολυγνώμων
2730 2969 2788 3020 ἐν
2831 2970 2962 3039 ἡμῖν
2994 2966 3208 3039 καρδία.
3239 2968 3350 3021 Καὶ
3389 2966 3546 3019 τοῦτο
3590 2965 3748 3029 εἰδώς

2181 3082 2264 3128 τις
2296 3063 2529 3132 ἔφασκεν
2548 3079 2560 3091 ο
2584 3061 2794 3131 Ὥσπερ
2816 3061 2913 3130 οὐχ
2937 3061 3097 3130 ὅμοια
3118 3058 3384 3130 πρόσωπα
3412 3058 3744 3132 προσώποις,

2183 3157 2351 3220 οὕτως
2393 3155 2512 3210 οὐδέ
2565 3155 2620 3208 al
2673 3153 2897 3208 διάνοιαι
2949 3153 3056 3206 τῶν
3103 3151 3423 3224 ἀνθρώπων.
3477 3153 3647 3207 Πλοία
3691 3154 3749 3206 δὲ

2183 3243 2320 3302 εἷναί
2349 3261 2547 3316 φαμεν,
2597 3243 2633 3298 ἆ
2666 3244 2758 3297 καὶ
2798 3245 2853 3296 ἐν
2881 3241 3002 3314 τῇδε
3028 3244 3094 3313 τῇ
3138 3244 3300 3313 νοητῇ
3347 3241 3588 3313 θαλάσσῃ
3629 3243 3748 3295 δια-

2183 3340 2506 3414 πορεύεται,
2549 3338 2691 3393 κατά
2721 3337 2783 3391 τὸ
2829 3336 3249 3408 γεγραμμένον,
3299 3335 3396 3400 τὰς
3443 3336 3603 3404 ἁγίας
3652 3335 3748 3388 τοῦ

2183 3434 2431 3504 Σωτῆρος
2450 3433 2482 3503 ἡ
2492 3431 2605 3502 μῶν
2632 3428 2953 3500 Ἐκκλησίας
2972 3427 3134 3492 οὔσας
3155 3429 3252 3499 μὲν
3285 3429 3342 3480 ἐν
3369 3427 3576 3497 κόσμῳ,
3608 3427 3751 3498 πλὴν

2184 3525 2438 3597 ἀνωτέρω
2487 3523 2580 3577 τοῦ
2626 3523 2870 3594 κόσμου,
2928 3520 3176 3593 καθάπερ
3235 3521 3426 3593 ἀμέλει
3483 3523 3575 3576 καὶ
3646 3521 3749 3586 τὰς

2183 3617 2412 3681 ὁλκάδας
2439 3616 2585 3668 ἐστὶν
2614 3616 2761 3686 ὁρᾷν,
2781 3613 2945 3677 οὔσας
2976 3613 3072 3684 μὲν
3104 3615 3161 3666 ἐν
3187 3613 3359 3676 ὕδατι,
3385 3613 3514 3683 πλὴν
3535 3613 3746 3666 ὑδάτων

2184 3706 2476 3777 ἁνωτέρας.
2495 3706 2558 3757 Ai
2573 3705 2748 3757 τοίνυν
2766 3703 2969 3757 ὑδάτων
2987 3702 3062 3773 (5)
3082 3702 3277 3756 πλοίων
3307 3703 3578 3772 ἐκκλησίαι
3596 3741 3611 3763 ,
3639 3701 3744 3773 τὴν

2186 3796 2385 3868 νοητὴν
2428 3795 2807 3866 διανηχόμεναι
2851 3793 3120 3846 θάλασσαν
3144 3832 3159 3856 ,
3198 3792 3435 3863 δέχονται
3482 3791 3578 3860 μὲν
3614 3791 3750 3851 τοὺς

2187 3887 2570 3949 πιστεύοντας,
2621 3882 3011 3954 ἁποκομίζουσι
3053 3882 3110 3935 δὲ
3155 3882 3403 3952 καθάπερ
3435 3883 3511 3944 είς
3557 3880 3752 3952 ἐτέραν

2186 3978 2306 4032 τινὰ
2343 3980 2445 4048 γῆν
2473 3977 2506 4046 ἢ
2532 3975 2713 4046 χώραν
2746 3974 2842 4045 τὴν
2888 3973 2996 4026 τῶν
3027 3971 3269 4044 οὐρανῶν
3307 3971 3614 4042 βασιλείαν,
3658 3970 3755 4022 καὶ

2153 4079 2158 4085 “
2189 4069 2375 4124 ἐλπίδα
2398 4067 2495 4138 τὴν
2524 4069 2578 4120 ἐν
2626 4065 2842 4138 Χριστῷ
2882 4066 2972 4119 καὶ
3005 4068 3083 4129 είς
3109 4065 3377 4134 ἀγιασμὸν
3402 4063 3491 4115 τὸν
3522 4061 3608 4114 διὰ
3655 4060 3752 4113 τοῦ

2189 4163 2504 4234 Πνεύματος
2530 4202 2545 4226 ,
2599 4159 2693 4213 καὶ
2745 4160 2824 4222 είς
2875 4158 2970 4225 τὴν
3015 4157 3123 4212 τῶν
3169 4159 3338 4226 ἁγίων
3381 4155 3610 4228 πατρίδα
3653 4155 3756 4224 τὴν

2189 4255 2411 4327 ἀρετήν.
2447 4252 2708 4323 Πάροικοι
2743 4249 2850 4319 γάρ
2878 4247 3027 4311 ὄντες
3061 4249 3153 4301 καὶ
3178 4245 3566 4318 παρεπίδημοι,
3612 4244 3757 4297 κατά

2190 4348 2249 4400 τὸ
2276 4345 2679 4417 γεγραμμένον,
2706 4342 2797 4398 ἐπὶ
2825 4342 2924 4412 τῆς
2961 4341 3082 4411 γῆς,
3133 4341 3233 4394 οὐκ
3269 4340 3478 4410 ἔχουσιν
3516 4330 3617 4391 ὦδε
3655 4337 3756 4407 μέ-

521 4445 803 4509 festinant,
835 4445 993 4514 cujus
1022 4444 1217 4500 artifex
1246 4451 1299 4499 et
1339 4451 1554 4499 creator
1581 4449 1666 4500 est
1699 4444 1840 4499 Deus
1855 4443 1922 4498 ⁸⁸.
1950 4442 2085 4498 Cum

2190 4456 2382 4492 νοοσαν
2401 4436 2554 4490 πόλιν
2571 4452 2583 4465 ·
2608 4433 2915 4502 ἐπείγονται
2937 4433 2992 4485 δὲ
3015 4431 3148 4504 πρὸς
3168 4431 3401 4502 ἐκείνην,
3420 4424 3486 4500 ἦς
3506 4427 3758 4498 τεχνίτης

520 4555 650 4609 ergo
683 4539 917 4593 mundus
944 4539 1034 4593 hic
1067 4543 1250 4592 noster
1271 4537 1516 4607 exemplo
1546 4537 1714 4592 maris
1734 4535 2085 4606 intelligatur,

2191 4533 2284 4586 καὶ
2319 4529 2646 4603 δημιουργὸς
2685 4529 2713 4581 ὁ
2759 4526 2909 4589 Θεός.
2955 4525 3041 4578 Ἑν
3085 4525 3322 4594 σχήματι
3355 4519 3448 4576 οὖν
3481 4519 3758 4591 θαλάσσης

523 4647 624 4702 pro
655 4632 847 4703 cymba
887 4639 941 4685 et
974 4630 1225 4686 navicula
1263 4628 1508 4685 Ecclesia
1551 4628 1947 4692 aestimabitur,
1987 4641 2087 4697 pro

524 4719 706 4774 nautis
740 4719 947 4774 habens
973 4719 1356 4784 sanctificatos,
1386 4719 1504 4789 qui,
1540 4718 1685 4789 quod
1711 4717 1868 4773 fidem
1901 4731 2092 4774 susce-

524 4812 726 4884 perint,
761 4811 1042 4866 Christum
1070 4827 1255 4868 secum
1283 4818 1589 4866 versantem
1623 4826 1836 4880 semper
1863 4809 2088 4874 habent,

525 4905 940 4976 tranquillitatis
992 4913 1287 4962 auctorem.
1339 4903 1455 4960 Alia
1502 4906 1628 4961 item
1683 4905 1894 4959 ratione
1923 4917 2091 4958 naves

527 5004 805 5067 nuncupat
845 5012 962 5062 eos,
1005 4998 1099 5068 qui
1145 4998 1200 5052 in
1241 5009 1468 5068 corpore
1517 5012 1651 5062 suo,
1697 4996 1922 5066 hujusce
1963 4995 2089 5049 vita

529 5087 692 5146 salsis
720 5097 774 5144 et
801 5089 1119 5145 decumanis
1151 5088 1404 5145 fluctibus
1436 5089 1726 5160 agitantur.
1774 5086 2089 5142 Laudantur

529 5196 693 5254 pOI‘l'O
721 5197 888 5238 naves
913 5197 1032 5253 (Ῑυω
1070 5198 1219 5238 mare
1246 5190 1650 5253 pertranseunt,
1682 5197 1791 5237 non
1823 5196 1952 5236 vero
1969 5195 2090 5250 qu

530 5275 604 5331 ibi
637 5282 972 5345 permanent,
998 5275 1081 5330 vel
1101 5290 1221 5345 qua:
1243 5273 1496 5330 fluctibus
1523 5275 1932 5344 demerguntur.
1955 5271 2092 5326 Nam

531 5366 624 5435 qui
661 5367 715 5420 in
740 5381 904 5422 carne
923 5376 1074 5429 sunt,
1104 5381 1203 5421 nec
1242 5366 1539 5423 secundum
1570 5380 1786 5422 carnem
1835 5364 2090 5426 militant,

531 5456 655 5510 vita:
680 5455 903 5512 ﬂuctum
952 5456 1252 5519 calcantes,
1289 5471 1460 5526 eoque
1504 5455 1837 5525 superiores,
1885 5452 2091 5507 faciunt

533 5547 899 5615 operationem
929 5548 982 5602 in
1013 5547 1168 5617 aquis
1201 5546 1404 5610 multis,
1435 5560 1499 5601 ac
1545 5544 1903 5617 descendunt,
1932 5550 1990 5596 ut
2021 5559 2088 5596 ex

2190 4620 2340 4674 τοῦδε
2381 4618 2474 4672 τοῦ
2519 4617 2638 4671 καθ’
2669 4617 2816 4688 ἡμᾶς
2860 4614 3144 4685 νοουμένου
3177 4612 3408 4682 κόσμου,
3466 4611 3673 4678 σκάφος
3723 4609 3757 4680 ἢ

2194 4711 2372 4765 πλοῖον
2407 4711 2441 4780 ἡ
2494 4707 2787 4778 Ἐκκλησία
2818 4705 3175 4776 νοηθήσεται,
3225 4703 3512 4772 πλωτῆρας
3559 4701 3761 4771 ἔχουσα

2191 4805 2316 4868 τοὺς
2339 4803 2722 4875 ἡγιασμένους,
2757 4800 2805 4853 οἳ
2855 4801 2946 4853 καὶ
2974 4799 3060 4852 διά
3105 4797 3197 4850 τοῦ
3233 4793 3623 4859 καταδέξασθαι
3657 4794 3759 4864 τὴν

2193 4897 2374 4949 πίστιν
2404 4894 2627 4948 συνόντα
2656 4891 2744 4945 διά
2777 4891 2974 4953 παντὸς
3004 4890 3184 4959 έχουσι
3203 4889 3294 4942 τὸν
3324 4886 3553 4959 Χριστὸν
3579 4885 3760 4938 εὐδίαν

2195 4987 2467 5042 ἀπλοῦντα
2507 4986 2605 5057 τὴν
2646 4984 2878 5055 ἁπαλήν.
2929 4981 3157 5051 Ἑτέρως
3194 4980 3249 5032 δὲ
3302 4979 3458 5033 πλοῖα
3500 4977 3758 5048 ὀνομάζει

2192 5083 2318 5144 τοὺς
2347 5079 2433 5133 διὰ
2469 5078 2574 5132 τῶν
2618 5075 2880 5148 σωμάτων
2911 5077 2967 5128 ἐν
3000 5073 3076 5144 τῷ
3125 5071 3349 5144 ἁλμυρῷ
3390 5071 3616 5124 κλύδωνι
3662 5070 3756 5123 τοῦ

2199 5172 2312 5244 βίου
2356 5170 2544 5224 τούτου
2601 5168 3008 5240 σαλευομένους.
3057 5167 3163 5219 Καὶ
3201 5166 3343 5218 ἐστιν
3394 5162 3755 5234 ἐπαινούμενα

2198 5267 2355 5318 πλοῖα
2382 5263 2450 5317 τά
2491 5262 2828 5315 διαϐαίνοντα
2857 5259 2953 5330 τὴν
2994 5259 3265 5313 θάλασσαν
3288 5297 3301 5322 ,
3343 5257 3476 5310 ἀλλὰ
3516 5257 3590 5326 μὴ
3637 5257 3759 5309 ἐνα·

2197 5356 2498 5409 ποαένοντα
2523 5357 2684 5425 αὐτῇ,
2718 5353 2851 5424 μηδὲ
2884 5350 3393 5421 καταδαπτιζόμενα
3433 5351 3545 5410 τοῖς
3583 5345 3761 5416 κύμα-

2200 5467 2301 5503 σιν.
2336 5451 2398 5502 Οί
2431 5448 2538 5520 γὰρ
2579 5451 2636 5501 ἐν
2681 5447 2845 5516 σαρκὶ
2889 5445 3071 5509 όντες,
3126 5445 3221 5498 καὶ
3267 5443 3343 5514 μὴ
3392 5440 3533 5495 κατά
3582 5441 3758 5512 σάρκα

2200 5542 2635 5614 στρατευόμενοι,
2664 5537 3096 5602 καταπατοῦντες
3117 5536 3208 5591 τὸν
3233 5535 3472 5590 κλύδωνα
3503 5531 3596 5587 τοῦ
3619 5533 3756 5604 βίου,

603 5643 649 5674 ιι
686 5613 1081 5712 1(ἰο]ι.ι,1.⁷
1118 5644 1162 5677 ιιι
1200 5641 1364 5701 llebr.
1403 5658 1534 5709 ιιιιι,
1572 5613 1660 5698 ιι.
1736 5613 1789 5674 δέ
1820 5638 1983 5696 llebr.
2018 5656 2095 5707 ιιι,
2129 5637 2217 5694 l0.

606 5734 682 5807 (δ)
715 5733 805 5792 ssc
