4044 6212
312 280 452 339 1285

1366 261 1870 323 COMMENTARIA
1910 262 1977 317 IN
2015 261 2356 322 PSALMOS.

3419 267 3556 324 i286

305 399 402 455 καὶ
433 397 752 469 ὑψηλότεροι
803 387 965 448 αὑτοῦ
1012 389 1184 452 ὄντες,
1225 384 1466 439 ποιοῦσιν
1507 382 1770 455 ἐργασίαν
1821 383 1878 435 ἐν

1983 379 2248 437 demersis
2275 378 2489 450 aliquos
2526 379 2828 445 lucrentur.
2863 382 3200 455 Insuperque
3236 385 3401 457 hujus
3434 387 3560 443 vitae

305 490 459 548 ὕδασι
503 489 737 551 πολλοῖς,
785 478 1307 552 συγκαταϐαίνοντες
1350 475 1446 529 ἐπὶ⁵
1493 473 1572 545 τῷ
1619 472 1880 542 κερδῆσαί

1983 473 2421 537 distractionem,
2452 480 2506 527 et
2532 487 2775 528 amaram
2807 473 2956 529 illam
2996 491 3182 530 rerum
3208 475 3330 547 ejus
3358 476 3556 532 confu-

303 600 458 646 τινας
517 581 625 634 τῶν
691 573 1116 649 βεϐυθισμένων.
1163 571 1284 622 Ἔτι
1333 567 1424 620 τὸν
1461 565 1586 637 τῇδε
1630 562 1725 617 τοῦ
1768 563 1880 633 βίου

305 672 712 750 περισπασμὸν,
739 669 833 724 καὶ
860 668 958 740 τήν
992 667 1049 717 ἐν
1087 661 1236 733 αὐτῷ
1264 659 1373 713 τῶν
1413 656 1753 730 πραγμάτων
1794 673 1882 708 πι-

308 749 447 838 κράν
477 767 738 837 ἀνάχυσιν
799 760 894 815 καὶ
923 759 1014 813 τὸν
1059 753 1399 826 ἀναφυρμὸν,
1437 749 1713 822 σημαίνων
1751 750 1881 819 ἡμῖν

305 861 534 923 ἀστείως
567 859 594 911 6
631 853 882 927 μελῳδὸς,
928 849 1088 916 Αὕτη
1121 848 1160 915 ὴ
1195 845 1497 909 θάλασσα,
1533 842 1694 913 φησὶν
1714 881 1728 905 ,
1763 840 1891 894 ἐκεῖ

305 953 544 1022 ἑρπετὰ,
580 944 667 1004 ὧν
695 949 806 1002 οὐκ
855 945 1026 999 ἐστιν
1056 941 1320 1013 ἀριθμὸς,
1349 937 1464 998 ζῶα
1506 934 1690 1005 μιλιρὰ
1734 935 1886 1004 μετά

303 1043 597 1117 μεγάλων.
649 1039 851 1111 Ἰχθύσι
899 1037 1008 1108 γὰρ
1046 1032 1445 1108 παρεικαστέον
1479 1026 1538 1084 εὖ
1577 1029 1720 1100 μάλα
1759 1028 1885 1090 τοὺς

306 1139 395 1190 ἐπ’
440 1135 616 1189 οὐδενὶ
664 1133 764 1204 μὲν
798 1130 906 1184 ἔσθ’
938 1131 1025 1183 ὅτε
1076 1129 1184 1181 τῶν
1228 1125 1536 1194 ἀναγκαίων
1580 1125 1659 1186 εἰς
1699 1121 1884 1193 ὄνησιν

306 1231 434 1302 τῇδε
463 1230 684 1284 κάκεῖσε
721 1225 1062 1296 διᾴττοντας,
1105 1221 1199 1274 καί
1243 1219 1378 1290 μόνα
1431 1215 1784 1283 συλλέγοντας
1816 1213 1884 1266 τὰ

306 1326 516 1392 ὅσαπερ
543 1321 608 1374 ἂν
640 1318 913 1388 ἀποφῆναι
967 1314 1260 1386 σαρκικοὺς
1281 1352 1297 1377 ,
1346 1310 1441 1364 καὶ
1473 1309 1711 1371 εἰκαίους
1753 1308 1886 1360 ἀνα-

309 1414 496 1483 τλῆναι
530 1405 942 1480 παρασκευάζει
977 1404 1191 1466 πόνους.
1234 1400 1443 1455 Οὐκοῦν
1479 1399 1675 1470 ἰχθύων
1706 1397 1888 1468 διανη-

1982 567 2191 622 sionem
2234 566 2784 638 commistionemque
2823 569 3035 624 urbane
3097 568 3257 624 nobis
3306 570 3557 628 indicans

1985 660 2304 727 Psalmista,
2343 658 2459 714 Hoc
2494 677 2661 728 mare,
2693 661 2891 731 inquit,
2928 661 3039 715 illic
3061 660 3295 729 reptilia,
3335 678 3560 732 quorum

1986 768 2092 806 non
2125 759 2202 805 est
2233 767 2505 816 numerus,
2539 758 2644 806 etc.
2681 749 2815 804 Nam
2857 752 3099 821 piscibus
3148 753 3393 823 apposite
3429 768 3559 809 con-

1986 841 2256 908 ferantur,
2280 842 2378 911 qui
2410 839 2477 895 ad
2507 841 2903 909 comparandas
2926 843 3025 897 sibi
3049 858 3137 899 res
3163 859 3339 914 neque
3368 861 3561 900 neces-

1987 935 2185 998 sarias,
2229 948 2407 1003 neque
2453 933 2636 992 utiles.
2685 934 2794 988 huc
2834 934 2965 988 illuc
3003 934 3339 1003 transiliunt,
3375 943 3430 991 et
3467 937 3560 990 illa

1985 1024 2101 1080 sola
2129 1023 2432 1094 colligunt,
2449 1036 2570 1093 quae
2590 1022 2713 1078 illos
2745 1021 2993 1078 carnales
3018 1037 3139 1078 esse
3163 1021 3462 1086 declarent,
3495 1035 3562 1076 ac

1987 1116 2207 1171 labores
2252 1128 2444 1171 eorum
2480 1129 2651 1169 vanos
2686 1113 2985 1183 irritosque
3014 1112 3239 1167 faciant.
3264 1111 3434 1184 Igitur
3481 1112 3562 1182 pi-

1991 1210 2166 1266 scium
2193 1208 2366 1263 instar
2390 1206 2494 1261 hoc
2510 1221 2660 1260 mare
2687 1221 2942 1277 magnum
2967 1213 3019 1260 et
3046 1205 3344 1274 spatiosum
3377 1213 3563 1258 trana-

1991 1315 2137 1364 mns,
2173 1297 2427 1352 videlicet
2472 1297 2738 1352 mundum
2769 1315 2783 1352 :
2817 1311 2943 1351 nam
2972 1295 3240 1366 cujusque
3267 1297 3377 1350 vita
3408 1296 3563 1353 varia

1993 1390 2361 1460 dill‘erensque
2388 1396 2493 1444 est.

307 1480 514 1579 χόμεθα
554 1503 708 1572 δίκην
739 1501 837 1572 τὴν
887 1498 1145 1552 πλατεῖαν
1185 1495 1388 1566 ταύτην
1435 1494 1532 1547 καὶ
1575 1492 1890 1563 εὐρύχωρον
1946 1486 2243 1550 θάλασσαν,
2303 1482 2550 1536 τουτέστι
2583 1482 2676 1535 τὸν
2711 1481 2946 1554 κόσμον·
2999 1480 3252 1553 διάφορος
3297 1481 3404 1550 γάρ
3447 1494 3562 1540 πως

305 1603 335 1654 6
359 1598 588 1652 ἑκάστου
616 1592 748 1664 βίος.

377 1759 616 1831 Δράκων
669 1748 866 1818 οὗτος,
917 1750 989 1804 ὃν
1035 1748 1312 1813 ἔπλασας
1347 1742 1651 1816 ἐμπαίζειν
1703 1740 1882 1807 αὐτῷ.

2061 1727 2225 1784 Vens.
2251 1725 2442 1780 27-29.
2487 1724 2662 1779 Draco
2694 1725 2812 1790 iste,
2864 1740 3013 1795 quem
3053 1724 3298 1795 formasti
3330 1726 3399 1780 ad
3437 1727 3564 1780 illu-

308 1851 512 1907 Πάντα
534 1848 684 1919 πρὸς
713 1845 789 1901 σὲ
819 1839 1224 1915 προσδοκῶσι,
1255 1838 1464 1892 δοῦναι
1503 1835 1616 1904 τὴν
1653 1833 1883 1904 τροφὴν

303 1942 512 2008 αὐτοῖς
554 1941 850 2009 εὔκαιρον.
910 1937 1130 1998 Δόντος
1177 1947 1294 1986 σου
1351 1929 1555 1994 αὐτοῖς
1581 1969 1597 1994 ,
1659 1925 1873 1980 συλλέο

308 2035 517 2100 ξουσι·
563 2029 917 2094 ἀνοίξαντος
961 2022 1028 2077 δέ
1071 2037 1187 2076 σου
1227 2019 1345 2089 τὴν
1396 2017 1586 2089 χεῖρα,
1626 2016 1697 2070 τὰ
1728 2015 1882 2084 σύμ-

303 2138 502 2177 παντα
524 2117 984 2189 πλησθήσονται
1003 2113 1430 2184 χρηστότητος.
1452 2111 1595 2181 Ὅρα
1611 2109 1657 2160 εἰ
1678 2107 1884 2178 δυνήσῃ

305 2212 592 2269 καθολικδν
614 2210 722 2266 ἀπὸ
736 2210 924 2264 τούτου
953 2205 1202 2261 ἐκλαϐεῖν
1224 2205 1420 2275 δόγμα,
1439 2203 1514 2265 ὡς
1541 2201 1757 2255 πάντων
1778 2196 1887 2250 τῶν

305 2303 549 2376 γενητῶν
570 2301 906 2374 πενομένων,
928 2296 1265 2368 λειπομένων
1293 2312 1353 2348 τε
1382 2294 1477 2348 καὶ
1499 2291 1766 2363 δεομένων
1788 2293 1886 2360 τῆς

303 2397 460 2470 παρά
484 2395 579 2451 τοῦ
614 2395 748 2449 Θεοῦ
777 2391 1060 2464 χορηγίας,
1090 2385 1157 2461 ἦς
1205 2385 1573 2460 μεταλαϐόντα
1615 2380 1884 2452 δυναμοῦο

304 2509 396 2544 ται
432 2490 526 2542 καὶ
559 2487 750 2558 ἰσχύει,
783 2485 971 2555 ὥσπερ
995 2482 1082 2536 διά
1112 2480 1316 2553 τροφῆς
1353 2477 1653 2548 ζωούμενα.
1682 2473 1885 2528 Πάντα

305 2579 456 2650 πρὸς
489 2578 564 2632 σὲ
595 2573 1036 2646 προσδοκῶσιν,
1054 2570 1264 2625 δοῦναι
1302 2569 1415 2637 τὴν
1435 2568 1663 2638 τροφὴν
1681 2565 1885 2630 αὐτοῖς

305 2673 604 2739 εὔκαιρον.
647 2667 728 2721 Τὰ
762 2666 938 2720 πάντα
972 2663 1030 2717 δὲ
1064 2665 1243 2735 φήσας
1273 2664 1301 2716 6
1343 2661 1500 2731 λόγος
1533 2659 1882 2732 περιείληφεν

294 2764 440 2837 ὁμοῦ
473 2763 571 2826 τὰς
602 2759 799 2832 νοητὰς
827 2757 923 2812 καὶ
955 2757 1114 2825 ἁγίας
1147 2753 1424 2824 δυνάμεις,
1466 2751 1565 2813 τάς
1599 2767 1660 2802 τε
1694 2747 1883 2816 αἰσθη-

304 2857 404 2922 τὰς
429 2856 524 2910 καὶ
554 2854 653 2919 τὰς
683 2856 742 2907 ἐν
775 2851 988 2923 θνητοῖς
1029 2846 1294 2920 σώμασιν.
1342 2844 1498 2900 Οὕτω
1534 2844 1644 2914 γὰρ
1678 2841 1876 2913 μᾶλλον

1988 1820 2217 1876 dendum
2247 1819 2316 1872 ei.
2346 1817 2538 1873 Omnia
2581 1833 2612 1870 a
2643 1826 2689 1870 te
2719 1826 3019 1886 exspectant
3047 1826 3104 1870 ut
3137 1815 3226 1870 des
3256 1816 3365 1870 illis
3389 1832 3564 1870 escam

1989 1915 2043 1968 in
2077 1923 2320 1980 tempore.
2353 1909 2527 1964 Dante
2561 1918 2607 1963 te
2639 1909 2747 1962 illis
2776 1908 3044 1979 colligent,
3079 1911 3336 1978 aperiente
3359 1919 3406 1963 te
3445 1927 3563 1962 ma-

1990 2022 2114 2060 num
2156 2004 2334 2058 omnia
2388 2002 2746 2071 implebantur
2798 2001 3045 2055 bonitate.
3089 1999 3224 2056 Vide
3271 2017 3339 2056 an
3385 2003 3565 2072 possis

1990 2097 2119 2152 hinc
2152 2096 2348 2167 dogma
2391 2093 2724 2148 catholicum
2767 2094 3038 2163 excipere,
3071 2091 3218 2164 quod
3255 2108 3448 2148 omnes
3474 2109 3566 2149 res

1991 2198 2188 2246 creata:
2231 2188 2424 2256 inopes
2476 2185 2588 2240 sint
2647 2199 2711 2239 ac
2750 2184 2846 2240 Dei
2875 2185 3163 2256 largitione
3212 2193 3426 2256 egeant,
3457 2201 3566 2256 qua

1989 2289 2214 2351 accepta
2238 2280 2572 2336 roborantur
2600 2293 2666 2332 ac
2697 2278 2898 2348 vigent,
2920 2287 3108 2348 utpote
3125 2293 3249 2335 esca
3280 2279 3446 2333 vitam
3479 2293 3566 2333 ac-

1988 2374 2276 2446 cipientes.
2313 2370 2508 2425 Omnia
2544 2379 2646 2422 ate
2679 2377 3005 2437 exspectant,
3036 2381 3094 2422 ut
3123 2369 3214 2425 de;
3241 2370 3351 2424 illis
3389 2387 3566 2426 escam

1987 2470 2044 2522 in
2074 2476 2322 2536 tempore.
2372 2462 2510 2519 Cum
2555 2476 2722 2534 porro
2763 2463 2943 2516 omnia
2989 2462 3209 2529 dixerit,
3253 2466 3566 2534 spirituales

1986 2568 2041 2616 et
2063 2565 2285 2614 sanctas
2308 2556 2565 2619 virtutes,
2599 2570 2816 2610 necnon
2848 2555 3157 2620 sensibiles,
3191 2572 3311 2625 quae
3333 2558 3386 2610 in
3418 2572 3568 2612 mor-

1990 2650 2187 2707 talibus
2245 2646 2570 2717 corporibus
2618 2655 2768 2710 sunt,
2797 2661 2906 2699 una
2945 2646 3265 2716 complexus
3291 2654 3396 2701 est.
3429 2645 3568 2702 Nam

1985 2746 2061 2799 ita
2101 2742 2197 2799 Dei
2239 2741 2458 2797 bonitas
2503 2739 2676 2809 magis
2708 2738 2987 2803 elucescit,
3037 2738 3182 2809 quod
3210 2746 3320 2793 tam
3367 2739 3565 2810 dignis,

1983 2850 2145 2908 quam
2171 2833 2433 2905 indignis,
2469 2847 2624 2888 suam
2667 2831 2945 2899 impertiat
2973 2829 3386 2902 benignitatem.

307 2949 569 3022 μειζόνως
591 2949 625 3019 ἡ
657 2945 928 3015 ἀναθότης
955 2941 1268 3012 διαλάμπει,
1295 2937 1374 3010 τῷ
1402 2939 1496 2993 καὶ
1528 2938 1697 3004 ἀξίοις
1723 2938 1815 2990 καὶ
1845 2933 1918 3005 μὴ
1952 2932 2122 2996 ἀξίοις
2157 2929 2257 3000 τῆς
2287 2927 2417 2999 παρ’
2445 2925 2609 2979 αὑτοῦ
2643 2926 3008 2998 χρηστότητος
3043 2925 3380 2996 μεταδοῦναι.

389 3107 751 3174 Ἀντανελεῒς
773 3105 840 3160 τὸ
869 3105 1104 3175 πνεῦμα
1131 3099 1329 3158 αὐτῶν
1361 3100 1460 3154 καὶ
1494 3098 1873 3166 ἐκλείψουσι.

2048 3091 2217 3146 Vens.
2247 3085 2337 3143 ὅθ.
2368 3086 2586 3156 Auferes
2618 3085 2860 3153 spiritum
2894 3098 3098 3147 eorum,
3127 3091 3177 3136 et
3206 3083 3470 3154 deﬁcient,
3515 3094 3568 3141 et

296 3204 403 3258 ocul
419 3204 506 3266 εἰς
527 3201 634 3255 τὸν
663 3199 815 3269 χοῦν
838 3197 1036 3253 αὐτῶν
1049 3193 1506 3264 ἐπιστρέψουσι,
1526 3190 1880 3255 Ἑξαποστε-

304 3295 433 3361 λεῖς
449 3293 517 3348 τὸ
533 3291 923 3362 πνεῦμὰέσου,
942 3289 1041 3344 καί
1058 3286 1508 3356 κτισθήσονται,
1534 3283 1631 3336 καὶ
1647 3283 1884 3336 ἀνακαι-

305 3385 453 3452 νιεῖς
479 3384 544 3438 τὸ
578 3385 906 3453 πρόσωπον
936 3381 1047 3450 τῆς
1077 3379 1211 3451 γῆς.
1247 3378 1384 3451 Περί
1417 3373 1717 3446 ἀνθρώπων
1767 3371 1824 3425 δέ
1853 3371 1882 3424 ό

305 3474 482 3544 λόγος,
519 3474 614 3528 καὶ
657 3468 808 3544 οἶμαί
849 3489 912 3542 γε
961 3471 1048 3524 διά
1087 3465 1292 3523 τούτων
1325 3469 1425 3539 τὴν
1476 3465 1567 3520 τοῦ
1617 3463 1884 3534 παρόντος

305 3566 501 3630 αἰῶνος
523 3564 810 3638 δηλοῦσθαι
846 3563 1155 3618 συντέλειαν
1179 3601 1193 3626 ,
1225 3561 1320 3615 καὶ¹
1349 3560 1448 3631 τὴν
1471 3557 1562 3613 τοῦ
1597 3556 1882 3629 μέλλοντος

301 3657 618 3711 ἀνανέωσιν·
645 3657 719 3719 ὡς
749 3655 814 3710 ἂν
846 3656 918 3726 μή
937 3673 1020 3719 τις
1053 3653 1326 3726 ὑπονοήσῃ
1351 3653 1428 3714 είς
1457 3652 1679 3720 ἄπειρον
1711 3664 1882 3701 κατα-

305 3752 499 3803 τείνειν
520 3750 616 3822 τὴν
645 3747 925 3820 παροῦσαν
947 3746 1040 3800 τοῦ
1067 3747 1273 3815 κόσμου
1305 3743 1580 3804 σύστασιν,
1604 3739 1718 3794 ἀλλ’
1741 3739 1880 3808 ἔχοι-

310 3855 410 3910 μεν
436 3837 653 3902 ἐλπίδας
680 3839 759 3901 εἰς
792 3837 998 3890 ἐκεῖνον
1025 3836 1114 3888 τὸν
1146 3834 1264 3887 νέον
1301 3832 1472 3886 αἰῶνα
1501 3831 1593 3884 καὶ
1625 3831 1722 3902 τὴν
1748 3827 1880 3882 ἀνά-

309 3944 518 3989 στασιν,
544 3928 608 3997 ἣν
637 3930 665 3981 6
692 3927 846 3996 λόγος
877 3927 1175 3998 παρίστησι
1207 3922 1342 3995 μετά
1363 3922 1422 3975 τὸ
1445 3922 1628 3991 φάναι,
1651 3923 1694 3972 Ε
1701 3924 1753 3984 lc
1775 3921 1883 3973 τὸν

309 4019 462 4088 χοῦν
488 4016 684 4072 αὐτῶν
730 4019 1202 4087 ἐπιστρέψωσιν
1221 4056 1235 4080 ,
1272 4012 1564 4083 ἐπαγαγών
1584 4030 1596 4043 ·
1643 4011 1883 4076 Ἐξαπο-

306 4109 546 4174 στελεῖς
583 4110 648 4191 to
683 4109 914 4181 πνεῦμά
943 4125 1059 4164 σου
1096 4109 1157 4162 τὸ
1191 4107 1474 4172 ζωοποιὺν,
1507 4105 1603 4159 καὶ
1641 4101 1884 4170 κτισθή-

311 4218 541 4266 σονται,
575 4203 638 4253 ὲκ
691 4200 794 4270 γῆς
846 4201 1230 4272 ἀνιστάμενοι,
1277 4199 1376 4253 καὶ
1419 4195 1784 4260 ἁνακαινιεῖς
1816 4195 1881 4248 τὸ

311 4296 636 4363 πρόσωπον
658 4291 769 4362 τῆς
798 4292 928 4363 γῆς,
953 4294 1012 4345 τὸ
1040 4293 1230 4357 κάλλος
1261 4293 1362 4364 τῆς
1388 4293 1510 4361 γῆς,
1537 4289 1735 4361 δηλαδὴ
1758 4289 1882 4351 τοὺς

310 4390 420 4444 ἀπὸ
491 4388 595 4459 γῆς
642 4385 978 4448 πλασθέντας
1039 4385 1378 4455 ἀνθρώπους.
1463 4381 1726 4438 Ἐνταῦθα
1787 4398 1882 4433 σα-

309 4483 426 4554 φῶς
475 4483 604 4554 ἡμῖν
636 4480 729 4533 καὶ
760 4477 858 4549 τήν
895 4477 1186 4532 ἀνάστασιν
1228 4474 1600 4549 προεκήρυξε,
1641 4475 1734 4527 καὶ
1783 4472 1882 4543 τὴν

308 4576 398 4630 διά
426 4573 522 4629 τοῦ
567 4571 831 4641 παναγίου
875 4570 1191 4642 Πνεύματος
1226 4570 1542 4633 ἀναϐίωσιν,
1573 4569 1666 4622 καὶ
1697 4567 1790 4620 τὸν
1824 4568 1881 4619 ἐν

307 4669 558 4742 ἐσχάτοις
591 4667 684 4720 τοῦ
714 4665 906 4728 αἰῶνος
936 4666 1148 4736 καιροῖς
1169 4663 1277 4715 τῶν
1311 4661 1663 4734 ἀνθρωπίνων
1695 4659 1882 4730 σωμά-

307 4780 438 4826 των,
473 4759 860 4831 ἁναπλασμόνο
891 4758 990 4829 τήν
1023 4774 1079 4809 τε
1107 4759 1189 4819 είς
1231 4755 1290 4808 τὸ
1331 4751 1485 4819 αὖθις
1516 4751 1652 4808 εῖναι
1705 4768 1882 4824 παροι⁸

307 4855 516 4924 γωγήν.
540 4855 648 4907 Καὶ
681 4853 973 4915 δείκνυσιν,
1001 4850 1076 4914 ὡς
1101 4850 1260 4913 αύτός
1286 4850 1430 4902 ἐστιν
1459 4851 1487 4901 6
1524 4850 1618 4903 καὶ
1647 4847 1877 4902 θανάτου

309 4946 404 5000 καὶ
425 4945 569 5015 ζωῆς
593 4944 874 5015 δεσπότης.
890 4944 962 4996 Οὐ
991 4941 1100 5014 γὰρ
1132 4939 1377 5011 βούλεται
1409 4942 1518 5002 τοῖς
1541 4937 1880 5009 σκυθρωποῖς

309 5036 680 5107 ἐνδιατρίϐειν,
699 5036 835 5090 ἀλλά
866 5034 1121 5089 τοσοῦτον
1147 5031 1315 5086 εἰπὼν
1341 5034 1478 5092 ὅσον,
1496 5029 1748 5100 φοϐῆσαι,
1776 5029 1881 5082 πάν

310 5125 394 5180 λιν
420 5127 510 5180 ἐπὶ
534 5126 601 5178 τὰ
617 5125 825 5197 χρηστά
851 5126 1114 5192 ἐπανάγει
1130 5123 1220 5175 τὸν
1239 5121 1417 5190 λόγον,
1436 5120 1530 5173 καὶ
1558 5119 1692 5189 ὅπερ
1715 5117 1880 5170 ἀλλα-

309 5217 407 5290 χοῦ
428 5217 659 5291 είρηται,
682 5219 762 5270 ὅτι
791 5219 884 5271 καὶ
901 5217 1129 5270 θανάτου
1162 5215 1256 5269 καὶ
1279 5212 1426 5284 ζωῆς
1454 5211 1616 5274 αὐτός
1645 5212 1760 5262 ἐστι
1776 5209 1884 5262 Κύ-

312 5306 619 5382 ριος,τοῦτο
637 5307 868 5361 ἐνταῦθα
890 5307 1056 5378 δηλοῖ,
1091 5304 1183 5360 καί
1214 5321 1345 5377 φησι
1373 5304 1500 5366 τοὺς
1528 5304 1607 5365 εἰς
1637 5301 1728 5354 τὸν
1751 5299 1880 5371 χοῦν

309 5399 740 5472 ἐπιστρέψαντας
756 5399 859 5453 ὑπὸ
874 5398 966 5452 τοῦ
984 5397 1124 5451 Πνεύ
1131 5414 1300 5469 ματος
1330 5395 1629 5460 κτίζεσθαι,
1647 5395 1741 5448 καὶ
1758 5396 1881 5448 ἁνα-

307 5491 646 5558 καινίζεσθαι
678 5493 783 5545 τῶν
810 5490 1198 5563 ἀνθρώπων-τὸ
1229 5489 1384 5557 γένος
1409 5506 1421 5518 ·
1454 5491 1487 5559 ἡ
1517 5489 1624 5558 γάρ
1648 5489 1882 5541 ἀνάστα-

311 5602 395 5650 σις
416 5585 494 5648 εἰς
515 5584 575 5636 τὸ
608 5583 832 5656 ἀρχαῖόν
866 5585 1013 5636 ἐστιν
1053 5581 1510 5642 ἀποκατάστασις.
1557 5577 1881 5648 Ἀποστολήν

308 5676 365 5730 δὲ
403 5675 557 5730 καλεῖ
584 5675 676 5728 τοῦ
715 5674 1026 5745 Πνεύματος
1058 5675 1158 5744 τὴν
1192 5674 1329 5744 πρὸς
1355 5672 1414 5726 τὸ
1442 5672 1684 5742 ἐνεργεῖν
1717 5668 1880 5726 αὑτοῦ

307 5770 728 5840 συγκαταϐασιν,
755 5769 814 5822 οὑ
844 5767 941 5840 τὴν
967 5770 1029 5822 ἐκ
1058 5769 1224 5822 τόπου
1255 5769 1331 5831 εἰς
1360 5767 1524 5820 τόπον
1552 5762 1846 5835 μετάϐασιν
1866 5781 1878 5795 ο

1984 3185 2038 3239 in
2090 3183 2354 3254 pulverem
2419 3195 2575 3234 suum
2628 3186 2970 3231 revertentur.
3022 3174 3246 3230 Emitte:
3317 3179 3567 3246 spiritum

1986 3283 2154 3338 tuum,
2169 3282 2220 3328 et
2242 3270 2580 3333 creabuntur,
2613 3277 2662 3322 et
2692 3265 2966 3322 renovabis
2996 3266 3186 3334 {aciem
3212 3267 3566 3325 terrteaEsti-

1983 3382 2074 3422 mo
2093 3365 2162 3421 de
2186 3362 2504 3420 hominibus
2538 3361 2628 3415 hic
2654 3372 2963 3416 sermonem
2987 3357 3205 3429 haberi,
3235 3372 3300 3412 ac
3322 3373 3566 3429 praesen.

1983 3459 2055 3514 tis
2076 3455 2264 3514 saeculi
2295 3452 2820 3510 consummationem
2852 3449 3132 3520 futurique
3154 3451 3563 3508 renovationem

1984 3547 2071 3602 his
2097 3543 2430 3618 signiﬁcari;
2462 3549 2524 3596 ut
2557 3556 2626 3597 ne
2650 3525 2773 3612 quis
2791 3540 3166 3611 suspicaretur
3185 3540 3348 3611 hujus
3373 3539 3565 3595 mundi

1985 3647 2188 3696 statum
2228 3638 2284 3693 in
2314 3643 2581 3692 :eternum
2609 3647 2930 3689 mansurum
2966 3647 3120 3699 esse;
3157 3633 3252 3688 sed
3288 3649 3440 3704 spem
3463 3635 3562 3689 ha-

1982 3731 2238 3788 beremus
2268 3729 2324 3782 in
2359 3727 2492 3782 illud
2527 3741 2728 3780 novum
2777 3723 3060 3788 saeculum,
3096 3739 3160 3778 ac
3205 3724 3565 3780 resurrectio-

1983 3839 2110 3880 nem
2140 3837 2302 3894 quam
2333 3836 2515 3878 sermo
2541 3820 2803 3882 declarat,
2839 3833 2962 3872 cum
2996 3824 3350 3888 posteaquam
3400 3817 3560 3882 dixit,

1985 3916 2052 3971 In
2071 3915 2330 3986 pulverem
2362 3929 2517 3969 suum
2543 3917 2882 3974 revertentur,
2909 3909 3154 3979 subjicit,
3183 3907 3407 3962 Emitte:
3437 3907 3553 3975 spi-

1984 4012 2144 4065 ritum
2168 4019 2316 4062 tuum
2347 4006 2643 4067 viviﬁcum,
2672 4013 2721 4058 et
2749 4001 3088 4065 creabantur,
3121 4017 3188 4056 ex
3214 4009 3360 4054 terra
3385 4014 3565 4055 resur-

1985 4110 2196 4175 gentes,
2233 4112 2282 4155 et
2325 4097 2598 4153 renovabis
2644 4096 2836 4166 faciem
2881 4105 3055 4157 terrae,
3099 4092 3562 4163 pulchritudinem

1983 4194 2233 4248 videlicet
2261 4199 2438 4256 terrae,
2464 4189 2518 4244 id
2545 4197 2650 4253 est,
2674 4187 2925 4242 homines
2951 4201 3018 4241 ex
3051 4194 3195 4240 terra
3224 4185 3558 4239 elIormatos.

1985 4284 2087 4340 Hic
2132 4284 2280 4339 clare
2322 4281 2484 4336 nobis
2521 4278 3009 4340 resurrectionem,
3056 4289 3254 4329 novam
3303 4288 3401 4343 per
3432 4287 3562 4326 san-

1985 4375 2292 4433 ctissimum
2324 4370 2605 4442 Spiritum
2626 4368 2815 4430 vitam,
2853 4381 2916 4419 ac
2946 4366 3311 4419 humanorum
3361 4377 3560 4432 corpo-

1912 4457 1956 4512 D
1986 4486 2108 4526 rum
2138 4469 2194 4523 in
2217 4463 2522 4521 novissimo
2551 4460 2738 4516 saeculi
2770 4466 3014 4528 tempore
3040 4459 3094 4510 in
3124 4454 3414 4527 pristinam
3448 4455 3561 4509 for-

1982 4575 2128 4616 mam
2185 4555 2613 4619 restitutionem,
2660 4549 3039 4624 praanuntiat:
3080 4549 3319 4618 itemque
3355 4546 3562 4618 produ-

1983 4651 2218 4706 Ctionem
2250 4647 2398 4701 illam
2441 4653 2503 4700 ut
2545 4658 2766 4699 rursum
2806 4641 3153 4696 exsistamus.
3201 4637 3564 4707 Ostenditque

1983 4743 2164 4813 ipsum
2196 4753 2320 4794 esse
2362 4743 2416 4792 et
2449 4737 2642 4792 mortis
2667 4745 2720 4790 et
2761 4733 2885 4786 vita:
2927 4730 3238 4787 Dominum.
3280 4729 3401 4783 Non
3445 4731 3562 4784 vult

1983 4835 2126 4890 enim
2176 4846 2280 4888 nos
2317 4831 2373 4885 in
2417 4828 2671 4883 tristibus
2719 4839 3074 4897 permanere;
3123 4822 3219 4878 sed
3268 4829 3560 4892 postquam

1982 4935 2210 4984 eatenus
2233 4926 2325 4981 illa
2352 4923 2511 4988 dixit,
2545 4929 2820 4992 quatenus
2847 4935 2948 4974 nos
2977 4913 3462 4989 perterrefaceret;
3495 4916 3560 4969 ad

1969 5019 2202 5073 'mitiora
2239 5030 2457 5073 rursum
2495 5027 2806 5070 sermonem
2853 5010 3104 5066 reducit:
3137 5016 3192 5064 et
3236 5009 3385 5079 quod
3430 5007 3558 5062 alibi

1984 5109 2192 5165 dictum
2220 5117 2324 5173 est,
2352 5107 2614 5180 quoniam
2662 5105 2787 5158 vitae
2829 5111 2885 5159 et
2927 5102 3120 5158 mortis
3152 5104 3270 5174 ipse
3294 5100 3560 5156 Dominus

1984 5209 2088 5270 est,
2119 5201 2354 5272 idipsum
2381 5200 2495 5269 jam
2525 5197 2734 5254 indicat
2761 5204 2816 5253 et
2846 5197 2943 5262 ait,
2962 5211 3057 5252 eos
3080 5197 3172 5266 qui
3200 5198 3252 5250 in
3279 5194 3559 5264 pulverem

1986 5295 2186 5351 reversi
2205 5300 2333 5349 sunt
2356 5308 2384 5347 a
2411 5290 2619 5362 Spiritu
2637 5290 2924 5353 creandos,
2941 5304 3004 5343 ac
3033 5287 3406 5344 renovandum
3435 5296 3559 5335 esse

1986 5403 2156 5458 genus
2187 5386 2485 5440 humanum
2515 5398 2675 5438 :nam
2706 5383 3037 5438 resurrectio
3078 5389 3160 5436 est
3188 5382 3242 5432 in
3264 5373 3558 5448 pristinum

1985 5479 2282 5536 restitutio.
2327 5477 2689 5533 Emissionem
2744 5484 2925 5531 autem
2985 5474 3561 5544 Spiritusnuncupat

1985 5574 2105 5644 ejus
2136 5571 2202 5626 ad
2236 5568 2572 5640 operandum
2596 5569 2944 5630 descensum,
2976 5581 3082 5619 non
3123 5577 3252 5618 vero
3300 5561 3560 5615 mutatio-
3656 5622 3661 5627 ,

1984 5684 2110 5725 nem
2141 5681 2170 5721 a
2206 5667 2326 5721 loco
2369 5665 2423 5719 in
2455 5664 2659 5725 locum,
2694 5662 2822 5731 quia
2851 5657 3082 5728 Spiritus
3117 5653 3324 5708 Domini
3347 5651 3560 5722 replevit

1992 5760 2168 5818 orbem
2194 5768 2481 5825 terrarum,
2517 5775 2545 5813 a
2576 5772 2684 5828 quo
2709 5755 2876 5810 facies
2905 5761 3063 5808 teme
3124 5758 3438 5808 renovatur.
3468 5744 3562 5802 Et-
