4044 6212
502 275 639 343 ιεετ

1133 282 1396 338 EUSEBII
1435 278 1911 348 CAESARIENSIS
1947 277 2074 335 OPP

2176 277 2331 335 ’ARS
2371 277 2458 336 Ill.
2498 308 2569 318 —
2607 269 3012 335 EXEGETICAZ

3591 277 3732 335 1288

499 407 642 462 enim
661 405 872 458 haecest
895 409 1053 456 terra:
1084 399 1452 470 pulchritudo,
1481 396 1739 452 animalia
1768 412 1889 467 quae
1917 397 1972 450 in
1999 410 2062 449 ea

2176 396 2245 448 ὅτι
2282 395 2523 466 Πνεῦμα
2554 395 2776 465 Κυρίου
2819 393 3172 463 πεπλήρωκε
3206 392 3322 461 τὴν
3349 392 3733 463 οἰκουμένην,

501 505 649 559 sunt,
692 496 913 564 plantae,
960 499 1016 547 et
1065 491 1346 546 hominum
1388 504 1580 560 genus.
1626 486 1697 544 Ut
1737 498 1919 543 autem
1970 489 2060 542 illa

499 588 924 646 constituantur,
958 583 1267 638 necessaria
1303 591 1386 636 est
1412 581 1637 652 spiratio
1659 587 1713 635 et
1734 580 1842 633 vita
1874 580 1942 634 ab
1970 579 2064 633 illo

499 681 644 742 data,
692 693 854 748 quam
883 684 940 731 et
970 677 1102 730 dare
1143 681 1198 728 et
1226 672 1472 742 accipere
1516 672 1618 741 ipsi
1667 669 1926 740 perfacile
1957 678 2062 736 est,

500 779 661 840 atque
688 768 803 822 haec
829 766 1012 821 omnia
1039 771 1265 836 repente
1289 779 1351 817 ac
1381 763 1532 816 nullo
1561 762 1779 833 negotio
1813 762 2023 830 peragit
2046 779 2060 814 :

500 863 555 916 id
582 862 727 917 enim
776 859 860 914 vel
909 858 1206 912 maximum
1256 864 1340 910 est
1373 855 1590 908 virtutis
1622 854 1742 923 ejus
1779 867 2065 922 argumen-

501 957 636 1001 tum.
678 945 842 1000 Vides
885 945 1048 1000 etiam
1077 946 1131 998 in
1165 943 1417 1014 praesenti
1447 945 1556 998 vita
1586 942 2065 1006 resurrectionem,

437 1048 442 1052 '
502 1039 558 1093 in
595 1039 923 1102 seminibus,
967 1036 1022 1090 in
1061 1036 1282 1107 plantis,
1321 1041 1482 1104 atque
1519 1035 1575 1088 in
1622 1035 1740 1103 ipso
1786 1033 2066 1088 hominum

505 1148 701 1206 genere
736 1145 1048 1203 expressam
1089 1129 1157 1182 ad
1194 1127 1583 1184 meditandum.
1632 1128 1908 1197 Siquidem
1951 1126 2068 1180 ani-

506 1227 667 1280 malia
700 1233 753 1280 et
785 1226 980 1295 plantae
1010 1231 1306 1276 extremam
1346 1221 1468 1276 vitae
1497 1223 1762 1276 rationem
1795 1221 2064 1283 obtinent,

504 1333 611 1388 qua
641 1318 875 1380 sublata,
903 1324 962 1369 ut
990 1315 1192 1368 dictum
1221 1319 1327 1378 est,
1353 1320 1464 1367 tota
1496 1315 1606 1368 vita
1633 1313 1815 1368 deﬁcit
1841 1331 1855 1367 :
1878 1320 1931 1367 et
1947 1327 2068 1382 qua:

504 1410 720 1466 residua
749 1416 897 1472 sunt,
933 1408 1074 1478 quod
1112 1423 1220 1477 pne
1267 1407 1581 1462 inﬁrmitate
1625 1407 1788 1460 vitam
1839 1419 2066 1459 conser-

501 1519 632 1560 vare
659 1518 768 1557 non
817 1503 1047 1572 possint,
1080 1500 1146 1554 ad
1193 1514 1361 1554 unum
1398 1507 1453 1554 et
1503 1499 1644 1553 idem
1683 1504 2066 1562 revertuntur;

504 1610 568 1650 ac
611 1609 806 1649 rursus
847 1592 1102 1647 animalia
1153 1591 1308 1646 ﬁunt.
1350 1589 1613 1658 Quodque
1665 1587 2066 1642 divinissimum

503 1698 608 1752 est,
637 1703 741 1742 nos
783 1703 851 1742 ex
879 1693 1018 1750 toto,
1046 1684 1301 1739 videlicet
1333 1682 1545 1737 animas
1573 1688 1625 1736 et
1668 1681 1802 1751 ipsis
1835 1678 2068 1748 conjun~

2168 489 2257 557 ὑφ’
2294 482 2354 542 οὗ
2381 488 2441 540 τὸ
2490 489 2779 560 πρόσωπον
2810 487 2908 558 τῆς
2935 486 3039 557 γῆς
3092 484 3517 549 ἀνακαινίζεται.
3562 485 3740 540 Τοῦτο

2167 581 2276 655 γὰρ
2309 581 2536 645 κάλλος,
2591 581 2688 652 τῆς
2722 579 3045 651 οἰκουμένης
3092 578 3161 632 τὰ
3213 578 3330 643 ζῶα
3359 579 3430 631 τὰ
3464 580 3524 632 ὲν
3560 579 3699 649 αὐτῇ
3721 618 3737 642 ,

2167 677 2235 730 τὰ
2263 676 2426 746 φυτὰ,
2469 674 2576 727 τῶν
2615 673 2914 745 ἀνθρώπων
2953 671 3016 725 τὸ
3065 672 3248 740 γένος’
3283 672 3424 726 ὥστε
3460 671 3520 725 δὲ
3561 672 3743 726 ταῦτα

2171 768 2460 840 συστῆναι,
2517 769 2615 837 τῆς
2662 767 2790 836 παρ’
2837 763 3003 818 αὐτοῦ
3041 763 3321 835 διδομένης
3369 763 3531 835 χρεία
3568 764 3741 834 πνοῆς

2169 862 2262 914 καὶ⁵
2284 859 2441 930 ’ζωῆς
2464 874 2477 889 ‘
2506 859 2575 930 ἢν
2626 858 2719 912 καὶ
2745 857 2924 911 δοῦναι
2965 856 3060 910 καὶ
3092 855 3272 909 λαϐεῖν
3322 856 3471 926 αὐτῷ
3519 856 3704 927 ῥᾴδιον
3723 896 3740 918 ,

2169 953 2264 1006 καὶ
2311 952 2487 1006 πάντα
2545 949 2682 1022 μετὰ
2718 951 2913 1020 τάχους
2958 948 3053 1002 καὶ
3105 948 3369 1012 εὐκολίας.
3421 949 3533 1003 Καὶ
3583 947 3745 1000 τοῦτο

2173 1042 2408 1113 μάλιστα
2439 1041 2710 1094 δείκνυσιν
2732 1039 2895 1093 αὑτοῦ
2922 1039 3020 1112 τὴν
3050 1039 3222 1109 ἰσχύν.
3265 1040 3429 1110 Ὁρᾷς
3459 1038 3554 1092 καὶ
3577 1039 3636 1091 ἐν
3661 1038 3746 1108 τῷ

2172 1134 2399 1205 παρόντι
2465 1132 2564 1202 βίῳ
2619 1132 2995 1203 μελετωμένην
3027 1131 3124 1202 τὴν
3185 1131 3480 1185 ἀνάστασιν
3526 1133 3585 1184 ὲν
3629 1133 3746 1193 τοῖς

2171 1226 2511 1298 σπέρμασιν,
2565 1226 2622 1278 ὲν
2647 1229 2761 1289 τοῖς
2801 1228 2986 1294 φυτοῖς
3009 1265 3024 1289 ,
3054 1223 3148 1277 καὶ
3197 1225 3256 1277 ὲν
3300 1222 3449 1293 αὐτῷ
3477 1223 3556 1293 τῷ
3593 1223 3746 1292 γένει

2170 1317 2278 1370 τῶν
2303 1315 2622 1390 ἀνθρώπων.
2649 1318 2759 1371 Καὶ
2795 1313 2908 1380 ζῶα
2933 1315 3042 1387 γὰρ
3066 1315 3160 1368 καὶ
3193 1313 3335 1382 φυτά
3366 1316 3487 1367 κατ’
3512 1314 3747 1383 ἔσχατον

2171 1411 2439 1481 ἀπήχημα
2466 1409 2566 1480 τῆς
2605 1409 2750 1480 ζωῆς
2773 1407 2954 1478 ἔχουσι
2993 1407 3054 1459 τὸ
3083 1404 3239 1462 εἶναι.
3279 1401 3346 1477 ἧς
3389 1407 3747 1476 ἀνταναιρου-

2174 1499 2342 1570 μένης
2374 1499 2516 1552 κατὰ
2543 1498 2604 1552 τὸ
2628 1498 2827 1568 λόγιον,
2873 1497 3111 1551 ἐκλείπει
3140 1499 3288 1550 πᾶσα
3314 1495 3447 1566 ζωὴ,
3475 1495 3568 1548 καὶ
3599 1495 3746 1566 πρὸς

2173 1591 2230 1644 ἓν
2257 1591 2327 1644 τὰ
2351 1591 2700 1645 ἐκλελοιπότα
2729 1592 2794 1662 τῇ
2830 1590 2965 1660 πρὸς
2986 1589 3048 1642 τὸ
3094 1590 3341 1660 μετέχειν
3372 1589 3541 1658 αὐτῆς
3580 1587 3746 1640 ἀσθε-

2172 1683 2290 1756 νείᾳ
2332 1684 2493 1737 πάλιν
2547 1683 2980 1756 ἐπιστρεφόμενα
3005 1721 3021 1745 ,
3051 1681 3212 1734 πάλιν
3243 1680 3356 1745 ζῶα
3389 1678 3620 1749 γίνεται.
3669 1680 3747 1732 Tb

505 1788 591 1834 cta
622 1792 872 1848 corpora,
902 1775 968 1829 ad
1003 1772 1368 1829 omnimodam
1413 1773 1576 1826 vitam
1608 1779 1660 1826 et
1695 1771 2074 1826 immortalita-

2176 1773 2230 1826 δὲ
2281 1772 2574 1837 θειότατον,
2607 1774 2688 1826 ὅτι
2726 1772 2820 1826 καὶ
2863 1771 2999 1836 ὅλως
3032 1773 3198 1844 ἡμᾶς,
3253 1771 3431 1842 ψυχάς
3463 1788 3607 1841 φημι
3649 1773 3749 1825 καὶ

504 1880 615 1927 tem
643 1867 1056 1926 transferendos
1079 1881 1200 1921 esse
1228 1865 1282 1918 'm
1316 1863 1602 1934 promissis
1622 1863 1918 1918 habemus:
1949 1877 2069 1931 quae

504 1978 594 2018 res
638 1977 770 2017 sane
815 1958 1056 2029 antiquis
1103 1965 1296 2027 praeter
1326 1964 1577 2009 naturam
1619 1971 1741 2010 esse
1777 1953 1916 2008 forte
1950 1954 2069 2008 visa

506 2051 671 2107 fuerit
699 2066 714 2103 :
744 2064 808 2103 ac
851 2062 1038 2102 revera
1071 2053 1124 2099 et
1150 2046 1388 2100 divinum
1414 2060 1552 2114 opus
1579 2053 1664 2100 est
1693 2052 1748 2098 et
1774 2058 1938 2113 supra
1970 2057 2068 2096 na—

504 2150 716 2208 turam;
748 2147 1016 2199 naturam,
1056 2137 1297 2205 inquam,
1331 2143 1595 2200 nostram,
1626 2149 1733 2189 non
1763 2148 1892 2189 vero
1925 2133 2070 2188 illam

507 2234 656 2292 omni
682 2233 882 2286 virtute
921 2230 1170 2299 plenam:
1207 2227 1334 2281 huic
1367 2227 1511 2282 enim
1558 2226 1708 2280 nulla
1740 2225 1851 2280 vita
1878 2234 2073 2295 praeter

506 2336 757 2382 naturam
804 2330 898 2378 aut
930 2335 1095 2392 supra
1136 2328 1384 2374 naturam
1428 2326 1541 2384 est;
1569 2318 1752 2388 itaque
1797 2316 1926 2372 hinc
1959 2331 2074 2372 ser-

507 2432 722 2479 mones,
751 2412 1052 2469 secundum
1073 2407 1314 2462 Simonis
1337 2406 1604 2460 insaniam
1631 2403 1915 2458 adversum
1947 2417 2074 2472 pro—

505 2510 626 2570 lati,
669 2504 1045 2576 repudientur.
1080 2500 1312 2567 Quidam
1346 2513 1476 2553 vero
1506 2498 1586 2552 sic
1625 2496 1790 2550 hosce
1830 2495 2074 2550 versicu-

507 2603 590 2658 los
620 2599 896 2669 explicant
923 2615 936 2650 :
973 2592 1192 2648 Emittes
1216 2590 1475 2660 Spiritum
1506 2598 1672 2654 tuum,
1706 2586 1798 2656 qui
1841 2599 1938 2654 per
1977 2583 2074 2638 ba-

505 2695 767 2764 ptismum
799 2686 1030 2752 accedit,
1057 2692 1111 2740 et
1152 2684 1486 2738 creabuntur
1529 2680 1584 2735 in
1612 2693 1807 2734 novam
1859 2683 2076 2732 creatu-

504 2799 647 2849 ram,
680 2783 735 2838 in
758 2796 954 2837 novum
980 2777 1273 2850 populum;
1307 2776 1380 2830 ita
1411 2782 1468 2830 ut
1485 2773 1634 2844 prior
1661 2771 1875 2844 quidem
1907 2769 2078 2824 inter-

506 2877 742 2950 pretatio
791 2873 1125 2943 intelligatur
1168 2869 1236 2924 de
1277 2866 1680 2923 resurrectione
1711 2879 1776 2919 ex
1821 2863 2073 2925 mortuis,

509 2968 730 3041 quando
766 2976 913 3022 terra
949 2964 1318 3025 renovabitur,
1383 2967 1438 3014 et
1473 2957 1790 3013 liberabitur
1823 2971 1854 3009 a
1885 2969 2078 3009 corru-

2174 1863 2240 1918 τά
2270 1864 2474 1935 συζυγῆ
2504 1863 2750 1935 σώματα,
2785 1863 2922 1935 πρὸς
2952 1863 3186 1934 παντελῆ
3216 1862 3361 1934 ζωὴν
3402 1863 3499 1916 καὶ
3537 1863 3746 1916 ἀθανα-

2177 1955 2296 2009 σίαν
2322 1955 2649 2027 ἐπήγγελται
2677 1957 3032 2028 μεταθήσειν·
3065 1958 3293 2028 πρᾶγμα
3314 1957 3380 2026 τῇ
3419 1955 3747 2024 παλαιότητι

2179 2047 2276 2118 μὲν
2301 2047 2428 2110 ἴσως
2452 2047 2600 2119 παρὰ
2630 2047 2789 2117 φύσιν
2820 2047 3031 2111 δοκοῦν,
3063 2051 3128 2119 τῇ
3151 2048 3207 2101 δὲ
3231 2047 3457 2119 ἀληθεία
3483 2049 3579 2101 καὶ
3603 2049 3746 2102 θεῖον

2176 2139 2270 2193 καὶ
2308 2139 2446 2212 ὑπὲρ
2477 2138 2636 2208 φύσιν
2662 2139 2759 2210 τὴν
2797 2138 2920 2193 καθ’
2961 2139 3128 2209 ἡμᾶς,
3170 2139 3230 2192 οὐ
3282 2138 3381 2209 τὴν
3431 2138 3742 2210 πανσθενῆ·

2177 2230 2310 2301 αὐτῇ
2342 2230 2450 2301 γὰρ
2477 2230 2599 2283 οὐδὲ
2633 2230 2730 2301 μία
2764 2228 2875 2301 ζωὴ
2915 2228 3064 2301 παρά
3099 2229 3335 2300 φύσιν,ἦ
3372 2229 3515 2300 ὑπὲρ
3559 2228 3742 2299 φύσιν,

2177 2320 2316 2374 ὥστε
2345 2321 2394 2373 οί
2440 2317 2802 2391 περὶτούτων
2835 2319 2936 2390 τῆς
2969 2321 3253 2390 παροινίας
3282 2318 3527 2389 Σίμωνος
3558 2320 3745 2391 ἀντιρ-

2180 2413 2389 2485 ῥητικοὶ
2415 2414 2562 2483 λόγοι
2601 2412 3078 2486 ἀπεληλάσθωσαν.
3125 2413 3280 2476 Τινὲς
3304 2413 3362 2466 δὲ
3391 2412 3536 2467 οὕτω
3565 2413 3745 2467 νοοῦσι

2178 2507 2302 2570 τοὺς
2329 2506 2543 2578 στίχους
2560 2523 2573 2536 ο
2615 2506 2956 2570 Ἀποστελεῖς
2987 2505 3046 2559 τὸ
3071 2505 3293 2576 Πνεῦμά
3318 2523 3434 2571 σου,
3456 2505 3517 2558 τὸ
3537 2505 3626 2559 διὰ
3649 2505 3746 2558 τοῦ

2181 2600 2331 2668 ἁγίου
2365 2599 2735 2670 βαπτίσματος
2761 2599 3080 2668 ἐπιφοιτῶν,
3110 2599 3204 2652 καὶ⁸
3241 2599 3622 2668 κτισθήσονται
3667 2599 3750 2662 είς

2180 2690 2372 2760 καινὴν
2411 2691 2605 2758 κτίσιν,
2645 2691 2725 2754 είς
2757 2689 2875 2743 νέον
2925 2689 3084 2743 λαόνι
3121 2689 3197 2753 ὡς
3233 2689 3601 2761 νοεῖσθαιιτὴν
3650 2691 3750 2760 μὲν

2181 2782 2448 2853 προτέραν
2479 2782 2772 2854 ἑρμηνείαν
2817 2782 2946 2854 περὶ
2993 2784 3093 2853 τῆς
3126 2784 3191 2835 ὲκ
3241 2781 3451 2853 νεκρῶν
3509 2782 3749 2836 ἀναστά-

2182 2890 2337 2937 σεως,
2367 2873 2456 2926 ὅτε
2502 2874 2594 2926 καὶ
2623 2874 2657 2944 ἡ
2702 2874 2772 2944 γῆ
2827 2872 3334 2945 ἀνακαινισθήσεται
3363 2874 3458 2927 καὶ
3505 2873 3751 2927 ἀπαλλα-

2180 2967 2404 3037 γήσεται
2431 2966 2531 3038 τῆς
2569 2964 2808 3036 φθορᾶς,
2853 2965 2952 3038 τὴν
2981 2966 3038 3020 δὲ
3079 2966 3336 3039 δευτέραν
3371 2966 3500 3038 περὶ
3547 2967 3645 3038 τῆς
3684 2967 3754 3019 ἐκ

512 3063 742 3135 ptione;
775 3057 1018 3116 secunda
1046 3073 1198 3124 vero,
1232 3055 1300 3111 de
1339 3051 1747 3123 regeneratione
1775 3063 1872 3120 per
1898 3046 2074 3118 bapti-

2184 3056 2559 3128 βαπτίσματος
2599 3056 3036 3126 παλιγγενεσίας.

510 3169 710 3212 smum.

585 3269 747 3325 Vens.
772 3247 964 3323 ’δι-35.
995 3266 1078 3322 su
1102 3264 1274 3335 gloria
1298 3261 1510 3317 Domini
1536 3260 1592 3314 in
1620 3257 1894 3322 saeculum,
1927 3256 2081 3310 lwta-

513 3363 652 3416 bitur
683 3362 940 3416 Dominus
969 3361 1021 3413 in
1051 3358 1292 3427 operibus
1317 3356 1449 3411 suis.
1474 3353 1581 3421 Qui
1614 3351 1822 3421 respicit
1856 3360 2076 3414 terram,

510 3464 561 3508 et
586 3452 717 3522 facit
750 3468 867 3506 eam
897 3457 1135 3512 tremere,
1162 3447 1251 3518 qui
1280 3446 1448 3516 tangit
1480 3451 1678 3498 montes
1712 3452 1761 3497 et
1793 3440 2075 3510 fumigant.

512 3542 752 3599 Cantabo
805 3541 1036 3596 Domino
1084 3540 1141 3593 in
1185 3538 1293 3592 vita
1320 3528 1476 3600 'mea,
1529 3533 1762 3603 psallam
1808 3532 1919 3586 Deo
1965 3546 2078 3586 meo

510 3636 743 3708 quandiu
769 3650 906 3689 sum.
931 3629 1403 3700 Quandoquidem,
1429 3627 1524 3690 ait,
1566 3625 1681 3680 haec
1705 3623 1926 3687 edidici,
1955 3622 2079 3678 ideo

509 3735 679 3782 totam
718 3725 880 3779 vitam
917 3738 1090 3778 meam
1122 3721 1180 3775 in
1210 3720 1440 3790 hymnos
1460 3725 1514 3773 et
1545 3716 1762 3772 laudem
1802 3714 2078 3771 Creatoris

510 3817 786 3872 insumam
814 3831 828 3870 :
863 3821 918 3870 et
945 3811 1185 3883 quandiu
1208 3810 1466 3864 vivam-et
1495 3806 1552 3862 in
1590 3807 1693 3862 hac
1723 3806 1833 3861 vita
1860 3805 2076 3875 degam,

512 3908 754 3964 debitum
781 3905 1052 3977 psalmum
1077 3901 1300 3958 reddam
1335 3899 1447 3955 Deo
1475 3912 1617 3954 meo.
1645 3895 1760 3952 Hoc
1786 3909 1950 3968 porro
1982 3894 2078 3948 ad-

511 4000 867 4054 ditamentum
900 4009 1154 4066 magnum
1185 3993 1403 4048 exhibet
1429 3990 1680 4046 affectum
1710 3995 1764 4044 et
1794 3986 2077 4041 familiari-

511 4096 680 4144 tatem
706 4103 830 4143 cum
860 4086 991 4142 Deo.
1018 4084 1138 4139 Non
1167 4083 1306 4138 dixit
1336 4082 1502 4146 enim,
1526 4080 1754 4150 psallam
1789 4078 1924 4144 Deo,
1954 4086 2080 4132 tan-

512 4189 652 4245 tum,
687 4179 804 4243 sed,
843 4177 952 4232 Deo
980 4193 1113 4232 meo.
1147 4174 1372 4230 Videtur
1411 4187 1644 4242 namque
1670 4171 1870 4236 dicere,
1905 4171 1953 4226 ei
1981 4170 2077 4240 qui

513 4287 601 4328 me
622 4272 846 4332 creavit,
882 4284 946 4324 ac
975 4267 1258 4332 enutrivit,
1285 4265 1639 4334 omniumque
1670 4263 1938 4318 bonorum
1976 4278 2075 4318 au-

511 4371 632 4418 ctor
659 4362 791 4418 mihi
829 4360 949 4416 fuit.
991 4358 1090 4414 llic
1115 4367 1296 4413 autem
1329 4357 1602 4410 canticum
1637 4354 1789 4420 dicit,
1818 4369 1929 4410 non
1957 4370 2078 4410 ver-

2253 3241 2407 3294 Ἤτω
2436 3240 2476 3308 ἠ
2513 3238 2662 3304 δόξα
2691 3239 2913 3307 Κυρίου
2949 3240 3035 3305 είς
3080 3238 3186 3293 τὸν
3233 3237 3451 3294 αἰῶνα·
3494 3241 3754 3310 εὐφραν-

2179 3331 2428 3398 θήσεται
2464 3331 2678 3400 Κύριος
2720 3330 2821 3385 ἐπὶ
2875 3330 2999 3396 τοῖς
3042 3330 3237 3401 ἔργοις
3275 3332 3481 3387 αὐτοῦ.
3527 3335 3589 3387 '0
3624 3337 3752 3389 ἐπι-

2179 3421 2414 3478 ϐλέπων
2434 3422 2534 3476 ἐπὶ
2564 3421 2678 3491 τὴν
2709 3421 2826 3493 γῆν
2853 3422 2952 3476 καὶ
2981 3422 3168 3476 ποιῶν
3209 3423 3402 3490 αὐτὴν
3429 3424 3680 3494 τρέμειν,
3715 3430 3752 3482 ό

2178 3517 2508 3586 ἁπτόμενος
2539 3516 2658 3571 τῶν
2697 3515 2880 3585 ὀρέων
2908 3517 3005 3571 καὶ
3036 3516 3435 3578 καπνίζονται.
3468 3521 3630 3588 ’ᾼσω
3666 3518 3750 3584 τῷ

2177 3607 2372 3674 Κυρίῳ
2410 3607 2482 3660 ἐν
2523 3605 2598 3676 τῇ
2641 3606 2750 3676 ζωῇ
2792 3626 2930 3677 μου,
2970 3609 3145 3676 ψαλῶ
3185 3607 3264 3673 τῷ
3305 3607 3422 3674 Θεῷ
3459 3627 3577 3677 μου
3627 3610 3744 3676 ἕως

2177 3696 2443 3766 ὑπάρχω.
2483 3698 2698 3769 Ἐπειδὴ
2731 3698 2904 3753 ταῦτα
2948 3699 3295 3770 δεδίδαγμαι,
3344 3699 3494 3772 φησὶ,
3545 3700 3742 3754 τούτου

2179 3793 2335 3864 χάριν
2368 3794 2546 3846 πᾶσαν
2584 3790 2680 3864 τὴν
2720 3791 2864 3864 ζωήν
2907 3809 3006 3862 μου
3049 3793 3128 3854 είς
3173 3791 3340 3863 ὕμνον
3380 3790 3748 3846 καταναλώσω

2177 3883 2254 3954 τῷ
2280 3883 2623 3956 δημιουργῷ’
2659 3883 2752 3936 καὶ
2793 3883 2899 3945 ἕως
2937 3883 3002 3937 ἂν
3039 3882 3116 3947 ζῶ
3157 3884 3251 3936 καὶ
3297 3883 3523 3954 ὑπάρχω
3563 3884 3621 3936 ὲν
3667 3882 3750 3954 τῷ

2181 3976 2279 4048 βίῳ
2309 3977 2481 4047 τούτῳ
2509 3975 2599 4030 τὸν
2624 3973 2965 4046 ὀφειλόμενον
2989 3974 3200 4046 ψαλμὸν
3233 3975 3497 4029 ἀποδώσω
3524 3975 3602 4047 τῷ
3629 3976 3751 4047 Θεῴ

2181 4084 2301 4139 μου.
2333 4067 2538 4139 Πολλὴν
2566 4067 2620 4120 δὲ
2648 4066 2899 4136 ἐμφαίνει
2928 4065 3162 4118 διάθεσιν
3191 4066 3286 4119 καὶ
3310 4065 3581 4118 οίκείωσιν
3610 4065 3752 4137 πρὸς

2177 4160 2267 4213 τὸν
2291 4159 2420 4212 Θεὸν
2451 4161 2485 4230 ἡ
2510 4158 2813 4231 προσθήκη.
2848 4159 2920 4210 Οὐ
2959 4156 3066 4229 γὰρ
3098 4152 3216 4210 εἷπε
3238 4197 3252 4219 ,
3286 4155 3462 4226 ψαλῶ
3488 4156 3567 4222 τῷ
3603 4157 3747 4223 Θεῷ,

2176 4253 2332 4318 ἀλλὰ,
2363 4252 2440 4320 τῷ
2471 4252 2590 4318 Θεῷ
2613 4270 2752 4321 μου.
2785 4252 2966 4304 Ἔοικε
2994 4250 3102 4322 γὰρ
3128 4251 3373 4320 φάσκειν,
3397 4249 3474 4320 τῷ
3503 4251 3752 4303 κτίσαντί

2181 4363 2247 4417 με
2276 4345 2368 4398 καὶ
2399 4344 2656 4416 θρέψαντι
2681 4344 2774 4397 καὶ
2807 4344 3019 4397 πάντων
3044 4343 3198 4413 αἰτίῳ
3235 4360 3323 4413 μοι
3352 4342 3596 4411 γεγονότι
3639 4343 3751 4396 τῶν

512 4453 600 4510 bis
655 4453 838 4518 modo,
886 4451 981 4508 sed
1026 4460 1078 4507 et
1129 4449 1388 4521 operibus
1437 4447 1872 4520 persolvendum.
1920 4447 2074 4514 Quod

2180 4433 2416 4505 ἀγαθῶν.
2457 4433 2609 4504 ’ῼδὴν
2662 4432 2718 4486 δὲ
2759 4432 2990 4486 ἐνταῦθα
3035 4432 3180 4501 λέγει
3239 4433 3300 4486 οὐ
3342 4432 3440 4502 τὴν
3499 4431 3588 4485 διὰ
3641 4433 3751 4485 τῶν

511 4547 656 4602 enim
680 4560 802 4600 sese
828 4546 938 4599 Deo
966 4543 1258 4597 multorum
1285 4541 1582 4597 debitorem
1606 4548 1948 4609 agnosceret,
1974 4555 2074 4596 ne-

512 4648 620 4706 que
645 4637 861 4706 dignam
883 4635 1120 4704 aliquam
1142 4634 1553 4689 retributionem
1580 4632 1827 4704 proferre
1849 4626 2073 4697 valeret,

514 4742 676 4797 quam
721 4726 903 4788 habet,
934 4725 1077 4780 hanc
1109 4725 1351 4794 deponit,
1385 4731 1444 4779 ut
1477 4725 1688 4779 scilicet
1719 4739 1843 4778 eum
1884 4739 2078 4794 perpe-

517 4827 611 4872 tuo
640 4817 852 4888 hymnis
875 4815 1130 4879 celebret,
1156 4830 1220 4870 ac
1241 4830 1306 4871 ea
1325 4815 1380 4869 in
1403 4831 1463 4870 re
1491 4822 1659 4869 totam
1685 4815 1852 4870 vitam
1878 4816 2080 4871 transi-

514 4916 624 4980 gat.
657 4907 893 4962 Audiant
924 4908 1016 4978 qui
1049 4914 1160 4963 tota
1183 4907 1271 4962 die
1296 4907 1348 4960 in
1374 4907 1840 4978 negotiationibus
1869 4917 1923 4962 et
1943 4921 2077 4962 cau-

516 5000 674 5071 ponis
707 5009 1116 5054 versantur:ac
1162 5013 1230 5053 ne
1270 4997 1356 5053 vel
1399 4996 1568 5052 semel
1612 4996 1678 5050 ad
1724 5011 1913 5066 preces
1957 5011 2079 5051 sese

516 5095 860 5152 convertunt,
907 5095 1234 5158 quantorum
1291 5101 1583 5141 munerum
1637 5085 1912 5140 debitores
1967 5083 2079 5140 Deo

518 5183 649 5240 sint.
683 5180 797 5236 lloc
833 5181 956 5237 vitae
985 5180 1196 5236 lucrum
1226 5188 1330 5242 est,
1376 5177 1486 5234 Deo
1529 5173 1876 5238 benedicere.
1916 5184 2080 5247 atque

519 5274 621 5327 hac
651 5273 706 5327 in
746 5287 805 5327 re
834 5272 998 5325 vitam
1035 5285 1194 5340 agere
1223 5270 1444 5340 dignum
1473 5277 1577 5324 est.
1604 5266 1734 5323 lure
1764 5275 1943 5322 autem
1985 5266 2081 5320 ad-

515 5365 646 5433 jecit
687 5361 840 5428 illud,
894 5359 962 5416 In
1008 5362 1115 5416 vita
1164 5376 1313 5423 mea;
1362 5368 1416 5414 et
1465 5360 1619 5423 illud,
1662 5359 1913 5426 Quandiu
1962 5373 2078 5412 sum

514 5453 743 5522 psallam
781 5454 907 5507 Deo.
937 5451 1121 5520 Neque
1163 5451 1307 5505 enim
1351 5458 1436 5505 est
1471 5451 1745 5520 quispiam
1794 5450 1848 5503 in
1885 5457 2077 5511 morte,

516 5541 609 5611 qui
634 5557 842 5598 memor
880 5543 952 5598 sit
979 5542 1119 5613 ejus,
1156 5542 1210 5595 in
1237 5541 1451 5595 inferno
1484 5550 1666 5594 autem
1696 5541 1820 5610 quis
1847 5538 2078 5593 conlite-

518 5631 702 5685 bitur?
731 5631 823 5686 Sic
853 5633 1017 5716 latuis
1050 5632 1348 5704 virginibus
1370 5630 1631 5703 nuptialis
1653 5630 1887 5684 cubiculi
1911 5629 2079 5698 janua

517 5724 705 5779 clausa
732 5733 836 5785 est.
867 5722 996 5793 quia
1027 5737 1237 5796 tempus
1287 5725 1430 5789 quod
1466 5725 1521 5780 in
1560 5721 1797 5780 ferendis
1824 5721 2079 5791 lampadi-
2100 5786 2138 5804 κ

258 5855 742 6102 λ..

2181 4528 2459 4600 ῥημάτων,
2485 4525 2621 4580 ἀλλά
2648 4525 2742 4578 καί
2771 4525 2870 4596 τὴν
2895 4524 2983 4579 διὰ
3017 4525 3123 4577 τῶν
3159 4524 3352 4596 ἔργων.
3392 4526 3606 4598 Ἐπειδὴ
3639 4527 3755 4597 γὰρ

2177 4616 2332 4693 εὗρεν
2369 4617 2558 4674 ἑαυτὸν
2593 4617 2802 4672 πολλῶν
2841 4617 2970 4669 ὄντα
3015 4617 3310 4674 ὑπεύθυνον
3347 4621 3424 4692 τῷ
3463 4619 3602 4689 Θεῷ,
3657 4621 3756 4673 καὶ

2176 4713 2438 4767 ἀντίδοσιν
2469 4711 2721 4782 οὐδεμίαν
2767 4708 2924 4775 ἀξίαν
2953 4710 3243 4782 δυνάμενον
3289 4711 3615 4766 καταϐαλεῖν
3634 4751 3649 4774 ,
3683 4715 3754 4783 ἣν

2178 4805 2309 4876 ἔχει,
2343 4803 2546 4875 ταύτην
2568 4803 2908 4874 κατατίθησι,
2933 4803 2994 4855 τὸ
3031 4803 3289 4872 διηνεκῶς
3323 4805 3530 4874 ὑμνεῖν.
3555 4804 3617 4856 τὸ
3646 4807 3755 4856 πᾶ-

2179 4915 2276 4951 σαν
2307 4899 2386 4960 είς
2423 4896 2580 4950 τοῦτο
2608 4895 2907 4964 δαπανῆσαι
2952 4895 3050 4966 τὴν
3097 4894 3262 4967 ζωήν.
3302 4897 3671 4949 Ἀκουὲτωσαν
3701 4897 3753 4948 οῖ

2179 4988 2580 5059 πραγματείαις
2610 4988 2702 5040 καὶ
2740 4985 3061 5056 καπηλείαις
3094 4987 3181 5039 διὰ
3221 4986 3400 5058 πάσης
3430 4989 3751 5056 κατασηπό-

2183 5097 2330 5150 μενοι
2356 5083 2454 5151 τῆς
2487 5078 2718 5150 ἡμέρας,
2750 5078 2843 5131 καὶ
2883 5077 3002 5131 οὐδὲ
3043 5077 3190 5142 ἅπαξ
3226 5080 3305 5140 είς
3349 5078 3513 5148 εὐχὴν
3545 5079 3748 5148 τρεπό-

2183 5189 2351 5243 μενοι,
2375 5173 2497 5226 ὅσον
2531 5171 2668 5224 εἰσὶν
2693 5170 2976 5224 ὑπεύθυνοι
3013 5170 3091 5241 τῷ
3118 5169 3236 5240 Θεῷ
3255 5186 3267 5198 ·
3295 5170 3448 5223 τοῦτο
3468 5170 3569 5239 τῆς
3598 5170 3749 5239 ζωῆς

2178 5263 2238 5316 τὸ
2265 5263 2476 5334 κέρδος,
2511 5263 2570 5316 τὸ
2607 5262 2844 5331 εὐλογεῖν
2885 5262 2975 5316 τὸν
3019 5262 3169 5325 Θεὸν,
3204 5261 3294 5314 ἐπὶ
3326 5260 3498 5332 τούτῳ
3525 5263 3622 5316 καὶ
3651 5261 3754 5331 ζῇν

2180 5355 2343 5421 ἄξιον.
2379 5356 2614 5419 Εἰκότως
2653 5354 2708 5408 δὲ
2741 5353 3066 5425 προσέθηκε,
3109 5356 3181 5408 ἐν
3216 5353 3291 5421 τῇ
3329 5352 3440 5421 ζωῇ
3472 5371 3614 5423 μου,
3657 5354 3754 5407 καὶ

2177 5449 2258 5512 τὸ,
2284 5447 2394 5514 ἓως
2431 5446 2699 5517 ὑπάρχω,
2737 5445 2915 5516 ψαλῶ
2960 5445 3039 5512 τῷ
3080 5446 3219 5514 Θεῷ.
3250 5448 3325 5501 Οὐ
3358 5447 3464 5517 γάρ
3503 5449 3653 5500 ἐστιν
3694 5449 3754 5500 ἐν

2181 5539 2393 5610 θανάτῳ
2439 5541 2467 5592 ὁ
2527 5539 2876 5610 μνημονεύων
2937 5538 3136 5603 αὐτοῦ,
3199 5539 3257 5591 ὲν
3307 5539 3364 5592 δὲ
3408 5537 3484 5608 τῷ
3528 5538 3630 5609 ᾄδῃ
3668 5537 3755 5598 τίς

2180 5629 2660 5702 ὲξομολογήσεται;
2709 5629 2894 5694 Οὕτως
2953 5629 3280 5700 ἀπεκλείσθη
3350 5631 3468 5694 ταῖς
3539 5632 3755 5702 μωραῖς

2181 5721 2470 5796 παρθένοις
2503 5721 2594 5776 τοῦ
2628 5721 2910 5793 νυμφῶνος
2964 5724 2998 5794 ἡ
3025 5720 3184 5795 θύρα,
3239 5723 3329 5777 τὸν
3379 5723 3477 5795 τῆς
3527 5723 3751 5794 λαμπα-
