4040 6210
345 285 475 344 1289

1489 271 1991 336 COMMENTARIA
2027 274 2095 332 IN
2133 273 2471 333 PSALMOS.

3439 277 3572 335 i293

331 405 592 477 δηφορίας
656 396 844 477 καιρὸν
917 406 996 468 εἰς
1050 402 1346 476 ἀγορασίαν
1411 400 1591 454 ελαίου
1658 396 1906 452 δαπανώ-

2008 397 2112 452 bus
2135 396 2440 467 transigere
2467 392 2758 458 debebant,
2799 393 2854 447 in
2887 391 3009 449 oleo
3053 393 3282 449 emendo
3321 409 3570 450 consumc

336 513 477 561 σαις.

375 591 380 598 ⁴
415 611 724 680 Ἡδυνθείη
745 609 904 675 αὐτῷ
925 611 964 679 ἠ
988 606 1237 677 διαλογὴ
1255 623 1375 676 μου
1395 619 1409 633 ·
1433 603 1549 674 ἐγὼ
1571 600 1639 656 δὲ
1660 604 1908 672 suppa»

332 703 590 773 θήσομαι
615 704 714 757 ἐπὶ
741 702 821 769 τῷ
848 704 1058 772 Κυρίῳ.
1089 699 1210 772 Εἴη,
1240 699 1392 770 φησὶ,
1427 697 1652 752 τοιαῦτά
1685 713 1751 768 με
1778 694 1906 768 ᾇσαι

331 794 428 848 καὶ
457 793 644 863 ψάλαι,
677 793 750 858 ὡς
775 793 1065 866 ἡδυνθῆναι
1095 791 1242 863 αὐτῷ
1276 786 1365 844 τὸν
1392 788 1525 861 ἐμοῦ
1551 788 1782 859 καρπὸν,
1809 789 1906 860 τὴν

330 884 583 958 διαλογήν
633 902 770 957 μου’
812 884 1059 940 τουτέστι
1097 885 1196 957 τὴν
1227 883 1455 948 διάλεξίν
1491 899 1613 954 μου,
1651 880 1748 952 τὴν
1780 880 1906 951 ὁμι-

330 972 450 1029 λίαν
483 992 604 1045 μου,
637 978 736 1047 τὴν
763 975 999 1030 αῐνεσιν·
1036 979 1064 1029 ὁ
1117 974 1221 1047 γὰρ
1262 975 1479 1045 ψάλλων
1506 974 1626 1045 Θεῷ
1665 974 1906 1044 διαλέγε-

330 1079 442 1120 ται.
475 1066 540 1118 Τί
569 1065 626 1120 δέ
669 1069 838 1134 ἐστιν,
889 1067 1190 1135 Ἠδυνθειή
1226 1066 1385 1133 αὐτῷ
1413 1067 1450 1135 ἡ
1481 1059 1731 1137 διαλογὴ
1755 1083 1906 1136 μου;

327 1157 718 1228 εὐπρόσδεκτος
767 1161 1001 1228 γένοιτο,
1054 1160 1246 1231 ἀρέσαι
1295 1159 1530 1231 δεχθείη,
1574 1160 1763 1231 ἡδίστη
1815 1159 1907 1212 καὶ

329 1250 668 1321 τερπνοτάτη
727 1251 912 1321 ὀφθείη
968 1250 1046 1322 τῷ
1089 1250 1226 1320 Θεῷ.
1280 1251 1421 1322 Ἀρα
1467 1253 1501 1322 ἡ
1560 1250 1693 1322 εὐχὴ
1756 1242 1905 1306 οὐδὲν

329 1341 516 1410 ἕτερόν
545 1343 687 1394 ἐστιν
725 1337 758 1413 ἢ
794 1342 1024 1407 διάλεξις
1057 1339 1194 1414 πρὸς
1226 1343 1377 1398 Θεόν.
1417 1339 1694 1413 Ἐννόησον
1729 1341 1905 1396 τοίνυν

329 1429 427 1502 τὴν
451 1430 786 1502 ψαλμῳδίαν,
813 1435 870 1486 ἐν
893 1433 1024 1504 αὐτῇ
1051 1436 1148 1504 τὴν
1175 1425 1677 1506 ἀμοιϐὴνὲχουσαν.
1703 1430 1769 1487 Τί
1796 1433 1906 1505 γὰρ

328 1522 444 1577 ἴσον
488 1523 680 1592 γένοιτ’
716 1525 781 1578 ἂν
823 1522 916 1578 τοῦ
956 1524 1074 1596 Θεῷ
1121 1525 1498 1596 διαλ.ἐγεσοαι;
1566 1523 1629 1579 Ἠ
1679 1523 1904 1598 τοιαύτη

330 1614 574 1685 θορύϐων
608 1615 1006 1670 ἀπαλλάττεται
1051 1616 1221 1687 ψυχὴ,
1261 1619 1339 1682 είς
1385 1617 1476 1671 τὸν
1509 1618 1732 1689 οὐρανὸν
1779 1616 1908 1689 μεθ-

328 1703 566 1767 ίσταται,
590 1703 698 1756 τῶν
715 1705 1024 1776 συνδέσμων
1044 1705 1138 1759 τοῦ
1164 1705 1411 1778 σώματος
1433 1707 1744 1772 ἀπολύεται,
1779 1725 1907 1760 πτε-

331 1795 538 1865 ροῦται,
578 1795 878 1868 κουφοτέρα
914 1797 1253 1862 καθίσταται,
1285 1793 1596 1852 ἀποτίθεται
1629 1799 1698 1853 τὰ
1727 1799 1900 1870 πάθη,

328 1885 618 1940 ἀποδύεται
644 1888 712 1942 τὰ
739 1890 1034 1960 νοσήματα.
1085 1891 1148 1943 Εί
1175 1889 1281 1961 γὰρ
1302 1890 1570 1964 ἀνθρώπῳ
1591 1903 1674 1956 τις
1700 1892 1904 1962 συνετῷ

329 1978 424 2031 καὶ
471 1977 595 2032 νοῦν
641 1979 814 2050 ἔχοντι
860 1981 1270 2052 διαλεγόμενος,
1314 1983 1422 2038 άπὸ
1463 1984 1562 2055 τῆς
1601 1984 1815 2054 ὁμιλίας
1852 2003 1905 2039 τι

330 2069 595 2140 κερδάνας
639 2069 955 2142 ἀπέρχεται,
985 2071 1014 2125 ὁ
1061 2071 1199 2144 πρὸς
1252 2071 1344 2126 τὸν
1399 2073 1530 2127 Θεὸν
1553 2074 1794 2150 ,όμιλῷν,
1823 2090 1908 2128 εν-

327 2161 518 2231 νόησον
563 2160 734 2233 πόσην
785 2160 1134 2234 καρπώσεται
1176 2163 1274 2235 τὴν
1311 2164 1531 2238 ἀρετήν.
1560 2166 1704 2238 Ἀρα
1739 2165 1907 2238 ὕμνος

327 2252 483 2307 τοῦτό
526 2255 671 2307 ἐστιν
713 2255 746 2326 ἡ
791 2255 928 2326 πρὸς
967 2255 1099 2309 Θεὸν
1149 2255 1351 2328 ὁμιλία.
1399 2257 1526 2322 Πῶς
1559 2258 1604 2313 δ’
1655 2259 1723 2313 ἂν
1768 2257 1905 2325 αῦτη

326 2344 576 2416 ἡδυνθείη
618 2344 693 2416 τῷ
735 2345 890 2416 Θεῷ;
927 2348 988 2400 Εἰ
1025 2348 1134 2412 βίος
1170 2349 1254 2418 εἴη
1278 2348 1537 2418 καθαρὸς,
1570 2336 1616 2402 εί
1646 2349 1790 2421 ψυχὴ
1816 2369 1906 2420 φι-

327 2437 649 2507 λοσοφοῦσα.
678 2439 847 2494 Ὅταν
881 2440 989 2512 γὰρ
1031 2443 1210 2496 πᾶσαν
1246 2441 1530 2514 ἀναλώσῃς
1570 2443 1666 2516 τὴν
1696 2445 1907 2518 ἡμέραν

329 2527 645 2599 εὐχόμενος,
679 2530 781 2600 τῆς
814 2532 1086 2595 πολιτείας
1109 2532 1592 2606 ἀντιπραττούσης,
1620 2536 1718 2589 ούκ
1745 2538 1908 2590 ἀκου-

331 2617 504 2691 «om
539 2619 756 2692 ῥᾳδίως,
782 2621 841 2674 ού
876 2621 1037 2693 μόνον
1063 2623 1240 2689 αὐτὸς,
1273 2625 1387 2679 ἀλλ’
1417 2627 1525 2680 οὐδ’
1554 2627 1738 2699 ἔτερος
1764 2628 1904 2700 ὑπὲρ

331 2710 426 2763 σοῦ
453 2710 610 2764 τοῦτο
636 2712 823 2766 ποιῶν.
857 2714 1042 2769 Ταῦτα
1062 2714 1118 2769 δὲ
1149 2714 1310 2786 λέγω,
1351 2717 1451 2788 οὐχ
1492 2715 1580 2773 ἵνα
1629 2719 1702 2790 μὴ
1745 2736 1910 2791 προσ-

328 2801 641 2873 ευχώμεθα,
675 2804 786 2857 οὐδ’
817 2805 901 2859 ἴνα
937 2805 1011 2878 μὴ
1039 2805 1348 2879 ψάλλωμεν,
1380 2809 1496 2864 ἀλλ’
1533 2811 1618 2864 ἴνα
1647 2812 1782 2882 μετὰ
1812 2811 1905 2865 τοῦ

328 2892 550 2961 ψάλλειν
576 2895 671 2947 καὶ
693 2894 807 2964 βίου
836 2895 931 2949 καὶ
955 2895 1226 2960 πολιτείας
1247 2899 1652 2972 ἐπιμελώμεθα.
1676 2902 1908 2972 Νοήσεις

328 2986 386 3039 δὲ
427 2986 520 3039 τὸν
555 2985 736 3057 στίχον
777 2987 872 3042 καὶ
912 2986 1112 3052 οὕτως’
1140 2989 1331 3044 Πολλοὶ
1363 2992 1504 3046 κατά
1554 2994 1906 3066 συναρπαγὴν

2009 501 2258 564 pserunt.

2079 605 2245 663 Vens.
2307 605 2396 660 54.
2458 603 2763 658 Jucundum
2816 605 2884 658 sit
2935 605 2983 658 ei
3033 603 3297 674 eloquium
3337 621 3508 658 meum
3554 621 3572 658 :

2007 715 2098 769 ego
2132 714 2250 752 vero
2279 695 2577 751 delectabar
2614 697 2668 750 in
2705 695 2954 750 Domino.
2990 693 3232 759 Utinam,
3267 694 3464 766 inquit,
3499 696 3572 751 ita

2008 797 2224 844 cantem
2252 798 2306 843 et
2338 787 2588 858 psallam,
2637 796 2697 842 ut
2730 785 2942 841 fruetus
2989 802 3143 841 meus
3187 786 3288 857 ipsi
3329 787 3572 858 placeat;

2008 881 2283 952 eloquium
2312 879 2583 944 videlicet,
2617 859 2733 934 sive
2756 879 3085 949 colloquium
3113 893 3315 943 meum,
3347 893 3574 934 conver-

2009 971 2150 1026 satio
2175 978 2230 1026 et
2270 971 2387 1024 laus
2413 985 2532 1026 mea
2567 989 2580 1026 :
2614 985 2739 1025 nam
2769 969 2859 1041 qui
2889 970 3091 1039 psallit,
3127 968 3296 1025 Deum
3337 970 3573 1040 alloqui-

2010 1068 2118 1116 tur.
2147 1061 2288 1128 Quid
2313 1068 2493 1115 autem
2516 1071 2599 1116 est
2622 1058 2776 1124 illud,
2800 1059 3105 1114 Iucundum
3127 1060 3196 1113 sit
3228 1061 3276 1114 ei
3307 1061 3574 1131 eloquium

2009 1153 2223 1208 meum?
2251 1150 2306 1205 id
2331 1158 2416 1208 est
2445 1151 2775 1221 acceptabile
2803 1151 2874 1206 sit
2896 1151 3022 1221 ipsi,
3047 1152 3254 1222 placeat
3281 1153 3351 1218 ei,
3373 1157 3574 1221 jucun-

2009 1239 2299 1296 dissimum
2337 1254 2401 1294 ac
2446 1239 2879 1309 placidissimum
2922 1240 3031 1295 Deo
3076 1241 3344 1295 videatur.
3388 1239 3573 1296 Oratio

2009 1329 2193 1401 itaque
2235 1329 2374 1385 nihil
2406 1329 2554 1384 aliud
2582 1337 2685 1397 est,
2717 1345 2879 1400 quam
2914 1331 3246 1400 colloquium
3279 1347 3402 1386 cum
3438 1329 3571 1388 Deo.

2007 1420 2393 1476 Animadverte
2440 1421 2606 1490 igitur
2647 1421 3006 1491 psalmodiam
3050 1421 3106 1476 in
3157 1437 3216 1477 se
3257 1423 3573 1478 retributio-

2008 1529 2132 1568 nem
2163 1514 2461 1568 continere.
2488 1511 2627 1578 Quid
2653 1513 2796 1568 enim
2827 1513 3063 1583 alloquio
3092 1511 3186 1568 Dei
3217 1515 3420 1584 arquati
3455 1530 3574 1584 pos-

2010 1605 2114 1660 sit?
2147 1604 2472 1674 Hujusmodi
2521 1605 2703 1658 anima
2739 1620 2771 1658 a
2811 1605 3141 1661 tumultibus
3187 1604 3470 1670 liberatur,
3518 1607 3574 1660 iu

2008 1700 2206 1753 malum
2233 1695 2582 1766 transfertur,
2630 1696 2862 1754 vinculis
2909 1698 3153 1768 corporis
3192 1695 3442 1762 solvitur,
3472 1696 3575 1750 alis

2009 1789 2324 1858 instruitur,
2367 1789 2538 1845 levtor
2579 1788 2832 1854 edicitur,
2880 1789 3106 1844 allectus
3142 1787 3384 1861 deponit,
3426 1805 3575 1844 mor-

2007 1880 2109 1937 bos
2143 1881 2313 1936 exuit.
2344 1878 2478 1935 Nam
2508 1881 2553 1935 si
2583 1895 2648 1935 ex
2685 1879 2968 1950 prudentis
2998 1880 3100 1934 viri
3142 1881 3416 1950 colloquio
3451 1879 3575 1951 quis

2006 1973 2219 2026 lucrum
2249 1977 2534 2040 reportans
2565 1970 2830 2036 abscedit,
2868 1971 3042 2042 cogita
3065 1979 3327 2041 quantum
3355 1971 3575 2025 virtutis

2006 2071 2171 2118 metet
2194 2078 2262 2118 ex
2289 2061 2381 2118 Dei
2414 2063 2708 2133 colloquio.
2740 2060 2983 2134 Hymnus
3014 2077 3144 2132 ergo
3169 2070 3254 2118 est
3281 2063 3575 2118 collocutio

2005 2171 2130 2212 cum
2163 2155 2292 2212 Deo.
2334 2157 2620 2222 Quomodo
2651 2164 2834 2212 autem
2875 2156 2990 2210 haec
3030 2154 3142 2212 Deo
3169 2155 3411 2227 jucunda
3450 2155 3573 2211 lue-

2006 2250 2116 2304 rit?
2145 2247 2204 2303 Si
2243 2249 2353 2303 vita
2377 2249 2450 2304 sit
2487 2264 2645 2319 pura,
2679 2249 2724 2304 si
2760 2249 2940 2303 anima
2971 2247 3401 2318 philosophetur.
3437 2249 3575 2304 Nam

2007 2341 2054 2397 si
2100 2347 2269 2396 totam
2318 2339 2462 2396 diem
2504 2340 2714 2395 orando
2755 2342 3051 2411 transigas,
3101 2341 3228 2395 dum
3272 2342 3397 2397 vitae
3435 2344 3576 2396 ratio

2006 2433 2240 2488 orationi
2269 2441 2553 2505 repugnat,
2578 2448 2688 2488 non
2718 2431 2877 2488 facile
2901 2432 3243 2498 exaudiaris;
3279 2447 3388 2489 non
3411 2435 3575 2491 modo

2006 2532 2067 2578 tu
2100 2525 2238 2594 ipse,
2267 2524 2364 2579 sed
2392 2525 2558 2578 etiam
2579 2523 2758 2594 quivis
2797 2523 2937 2578 alius
2964 2522 3057 2593 qui
3086 2538 3186 2594 pro
3217 2531 3270 2579 te
3297 2533 3571 2594 precetur.

2007 2615 2133 2673 Hzec
2165 2631 2330 2688 porro
2358 2615 2502 2680 dico,
2537 2631 2647 2670 non
2685 2623 2746 2669 ut
2783 2631 2854 2671 ne
2889 2631 3108 2672 oremus
3155 2631 3330 2686 neque
3373 2617 3584 2686 psalla-

2007 2725 2152 2778 mus,
2187 2708 2282 2764 sed
2317 2715 2377 2763 ut
2406 2716 2530 2778 post
2566 2709 2806 2778 psalmos
2839 2709 2906 2764 de
2937 2709 3048 2763 vita
3075 2719 3130 2764 et
3157 2710 3575 2765 conversatione

2008 2811 2194 2858 nostra
2223 2801 2445 2857 solliciti
2475 2801 2670 2856 simus.
2702 2799 2816 2856 Hac
2845 2810 2974 2857 item
3007 2802 3215 2856 ratione
3241 2801 3572 2857 versiculum

2008 2895 2156 2952 hunc
2184 2894 2425 2966 explices
2449 2911 2465 2948 :
2492 2891 2647 2947 Multi
2681 2902 2923 2964 quaestus
2950 2907 3116 2948 causa
3143 2907 3402 2964 perverse
3422 2893 3574 2963 judi-

2008 2988 2094 3044 cia
2128 2988 2333 3052 ferunt,
2359 2984 2454 3042 sed
2480 2993 2535 3041 et
2561 2991 2850 3056 antequam
2877 2999 2974 3055 per
2997 2991 3313 3040 accuratum
3345 3000 3573 3044 examen

329 3077 797 3150 παρηλλαγμένως
835 3077 932 3142 τὰς
968 3079 1177 3150 κρίσεις
1213 3081 1526 3154 ἐκφέρουσι,
1575 3085 1682 3156 πρὸ
1735 3102 1904 3139 κατα·

2008 3090 2063 3138 et
2092 3081 2567 3154 perquisitionem,
2591 3094 2697 3150 qua
2731 3079 2798 3135 de
2825 3094 2886 3136 re
2915 3085 3108 3150 agatur
3138 3077 3460 3149 intelligant.
3494 3086 3575 3133 te-

329 3169 544 3239 λήψεως
580 3170 681 3239 τῆς
719 3170 778 3234 ἐξ
824 3170 1008 3224 ἱκανοῦ
1048 3171 1226 3242 λόγου,
1260 3175 1352 3229 καὶ
1381 3175 1656 3229 ὲπιπλεῖον
1684 3178 1905 3249 ἐρευνη-

332 3262 536 3328 Θέντος,
572 3260 947 3334 ἐγγινομένης.
975 3260 1348 3328 ἀϐασανίστως
1388 3264 1531 3318 κατὰ
1577 3266 1905 3337 προπέτειαν

329 3354 444 3418 τὰς’
472 3355 596 3426 περὶ
644 3354 873 3410 ἑκάστου
917 3347 1196 3427 δόγματος
1217 3355 1532 3426 ῥιπτοῦντες
1566 3357 1903 3426 συγκαταθέ-

333 3463 464 3510 σεις.
512 3447 577 3499 Ἦ
599 3446 654 3500 δὲ
676 3447 776 3517 τῆς
802 3447 1143 3518 διαλεκτικῆς
1167 3447 1328 3517 φύσις
1357 3447 1589 3519 μάλιστα
1615 3449 1907 3502 πεπίστευ-

330 3547 423 3589 ται
457 3535 626 3589 ταῦτα
668 3535 927 3608 παρέχειν
957 3536 1237 3601 δύνασθαι,
1277 3537 1503 3609 διαιρεῖν
1533 3537 1777 3607 ἀκριϐῶς
1805 3537 1904 3602 τὰς

330 3627 441 3679 τῶν
473 3627 818 3698 πραγμάτων
845 3627 1033 3697 φύσεις
1069 3629 1161 3682 καὶ
1189 3629 1258 3682 τὰ
1285 3629 1446 3700 ὃμοια
1477 3629 1784 3702 γνωρίζειν,
1813 3629 1907 3683 καὶ

331 3719 401 3771 τά
443 3718 638 3790 ἑαυτῆς
688 3718 1004 3790 διακρίνειν.
1051 3720 1248 3792 Διόπερ
1297 3720 1550 3785 συνειδὼς
1597 3719 1775 3792 ἑαυτῷ
1809 3721 1907 3793 τὴν

333 3806 484 3861 θείαν
511 3807 849 3881 διαλεκτικὴν
873 3810 1068 3882 ἔχοντι,
1100 3810 1283 3880 ἔλεγεν
1321 3811 1350 3864 δ
1386 3811 1546 3864 Δαυῒδ
1576 3811 1658 3878 τὸ,
1705 3812 1908 3869 Ἠὸυν-

333 3900 460 3966 θείη
494 3914 594 3954 σοι
619 3902 658 3970 ἠ
689 3900 938 3972 malum
963 3919 1101 3972 μου.
1137 3903 1202 3956 Ἡ
1231 3902 1340 3975 γὰρ
1370 3904 1479 3958 τῶν
1503 3905 1788 3975 ἐριστικῶς
1813 3905 1907 3960 καὶ

333 3990 650 4060 φιλονείκως
672 3993 1107 4064 ἐπεμϐαινόντων
1126 3999 1238 4060 τοῖς
1261 3995 1545 4067 πράγμασι
1570 3996 1904 4068 διαλεκτικὴ,

334 4084 432 4155 οὐχ
460 4084 630 4156 ἡδεῖα,
660 4085 796 4139 ἀλλά
827 4088 1338 4159 παραπικραίνουσά
1358 4089 1442 4153 τίς
1465 4091 1630 4144 ἐστιν.
1657 4090 1780 4144 Ὅτι
1808 4090 1908 4161 μὲν

2009 3190 2155 3229 mele
2201 3174 2432 3244 singulis
2465 3172 2751 3229 sententiis
2790 3187 3076 3228 assensum
3106 3165 3382 3242 praebent:
3408 3171 3477 3225 At
3507 3186 3573 3226 ea
3645 3179 3654 3190 '

2006 3262 2302 3318 dialecticae
2343 3272 2536 3317 natura
2594 3269 2697 3329 est,
2731 3268 2793 3317 ut
2819 3276 3001 3317 rerum
3049 3271 3276 3316 naturas
3316 3271 3573 3316 accurate

2007 3351 2400 3426 distinguendi,
2449 3353 2650 3408 similia
2706 3351 3090 3425 cognoscendi,
3149 3359 3204 3408 et
3249 3367 3370 3423 qua:
3406 3350 3475 3407 ad
3512 3366 3575 3407 se

2006 3446 2311 3517 pertineant
2352 3445 2726 3512 discernendi,
2775 3445 3088 3500 facultatem
3120 3452 3382 3516 praestare
3410 3460 3574 3516 posse

2005 3546 2246 3609 putetur.
2275 3537 2638 3605 Quamobrem
2656 3535 2824 3592 David
2842 3551 2966 3592 cum
2997 3551 3056 3592 se
3083 3535 3266 3592 divina
3288 3535 3572 3591 dialectica

2006 3633 2334 3687 instructum
2351 3645 2474 3687 esse
2493 3632 2868 3702 cognosceret,
2891 3629 3106 3685 dicebat
3131 3648 3145 3684 :
3175 3625 3477 3682 Iucundum
3500 3629 3572 3682 sit

2006 3725 2101 3778 tibi
2139 3723 2402 3795 eloquium
2431 3739 2621 3788 meum,
2651 3723 2766 3778 sive
2803 3723 3088 3778 dialectica
3113 3738 3254 3778 mea.
3279 3720 3414 3776 Nam
3453 3721 3575 3776 dia-

2007 3816 2198 3871 lectica
2233 3830 2422 3871 eorum
2459 3814 2551 3886 qui
2583 3814 2878 3870 altercandi
2914 3829 2976 3870 ac
3004 3813 3365 3870 eontendeudi
3392 3814 3575 3869 animo

2006 3922 2096 3965 res
2133 3907 2542 3979 aggrediuntur,
2575 3922 2683 3961 non
2708 3906 2969 3978 jucunda,
3010 3905 3105 3963 sed
3137 3905 3323 3977 potius
3346 3920 3575 3976 exaspeo

2005 4013 2136 4053 rans
2168 4006 2272 4052 est.
2312 3997 2469 4063 Quod
2515 4004 2694 4052 autem
2731 4011 2912 4053 sermo
2942 3997 3252 4066 aequitatem
3297 4005 3574 4067 spectans,

2001 4091 2278 4164 jucundus
2307 4091 2418 4147 Deo
2448 4091 2538 4156 sit,
2569 4092 2686 4162 ipse
2728 4090 2784 4145 in
2823 4092 3040 4146 cantico
3070 4091 3301 4145 allirmat
3325 4108 3340 4144 :
3368 4087 3576 4144 Favum

334 4171 428 4228 οὖν
454 4176 581 4247 ἡδὺς
612 4177 729 4248 Θεῷ
754 4177 910 4246 λόγος
946 4181 975 4232 δ
1001 4181 1080 4244 είς
1112 4179 1375 4252 ὀρθότητα
1403 4179 1634 4250 βλέπων,
1663 4181 1826 4246 αὐτὸς
1849 4183 1906 4236 ὲν

2008 4185 2271 4239 distillant
2304 4184 2447 4238 labia
2469 4192 2584 4247 tua,
2610 4201 2762 4239 soror
2790 4201 2904 4238 mea
2925 4199 3114 4252 sponsa
3143 4184 3281 4237 :mel
3303 4181 3352 4238 et
3375 4184 3458 4237 lac
3480 4181 3574 4235 sub

334 4266 414 4338 τῷ
450 4267 651 4339 ᾄσματι
675 4267 820 4338 λέγει
838 4284 852 4301 ·
881 4271 1104 4339 Κηρίον
1130 4270 1539 4334 ἁποστάζσυσι
1568 4275 1738 4343 χείλη
1767 4288 1904 4341 σου,

2009 4277 2188 4348 lingua
2223 4287 2314 4330 tua
2339 4277 2402 4331 “.
2438 4275 2593 4343 Quod
2620 4292 2748 4331 vero
2781 4277 2871 4344 qui
2900 4275 3096 4346 frigida
3125 4284 3179 4329 et
3208 4275 3384 4330 iutilia
3411 4275 3575 4329 verba

334 4357 568 4428 ἀδελφή
583 4378 702 4429 μου
724 4361 925 4430 νύμφη
947 4375 961 4392 ⁶
982 4361 1122 4430 μέλι
1145 4365 1241 4417 καὶ
1267 4363 1417 4434 γάλα
1446 4365 1563 4420 ὑπὸ
1592 4365 1703 4433 τὴν
1724 4363 1906 4435 γλῶσ·

2009 4370 2160 4440 loqui
2191 4371 2348 4432 solet,
2381 4368 2712 4438 injucundus
2751 4368 2842 4432 sit,
2874 4367 2926 4420 id
2974 4367 3274 4438 psalmodia
3311 4366 3576 4434 declarat,

335 4445 458 4501 σάν
483 4464 620 4504 σου.
655 4450 773 4503 Ὀτι
797 4449 854 4502 δὲ
889 4450 918 4501 ό
959 4450 1312 4521 ψυχρολογεῖν
1357 4450 1563 4518 εἰωθὼς
1589 4454 1846 4526 ἀκαλλὴς,
1873 4457 1906 4527 ἡ

2013 4477 2136 4518 cum
2165 4463 2241 4516 ait
2277 4477 2290 4513 :
2331 4460 2641 4530 Sepulcrum
2665 4469 2846 4527 patens
2871 4467 2947 4513 est
2972 4468 3150 4528 guttur
3181 4474 3360 4512 eorum
3374 4458 3440 4510 ".
3469 4458 3577 4529 Ego

336 4539 624 4611 ψαλμῳδία
652 4541 977 4612 παρίστησιθ
1012 4539 1201 4610 Τάφος
1230 4543 1358 4615 γὰρ,
1393 4546 1579 4618 φησὶν,
1617 4546 1911 4618 ἀνεῳγμέ-

338 4647 446 4697 νος
492 4635 525 4686 d
573 4632 805 4702 λάρυγξ
851 4630 1068 4688 αὐτῶν.
1111 4634 1250 4704 Ἐγὼ
1305 4634 1374 4689 δὲ
1427 4639 1912 4709 εὐφρανθήσομαι

339 4723 440 4776 ἐντί
464 4717 543 4791 τῷ
561 4727 776 4793 Κυρίῳ.
797 4725 1060 4798 Εύχομαι,
1084 4727 1238 4799 φησὶ,
1260 4728 1463 4802 ταύτην
1486 4749 1584 4802 μου
1608 4733 1706 4806 τὴν
1733 4733 1909 4803 ὑμνῳ-

338 4817 458 4872 δίαν
490 4818 582 4871 καὶ⁸
625 4817 855 4886 διάλεξιν
893 4821 1112 4892 ἡδίστην
1145 4820 1374 4892 ὀφθῆναι
1416 4822 1495 4892 τῷ
1530 4825 1666 4894 Θεῷ.
1710 4824 1910 4878 Τούτου

339 4909 448 4982 γὰρ
477 4911 787 4982 γενομένου,
823 4911 932 4980 ἐγὼ
971 4913 1069 4984 τὴν
1110 4913 1358 4968 ἐντεῦθεν
1402 4914 1664 4986 εὐθυμίαν
1687 4915 1884 4988 καρπώ

339 5020 525 5074 σομαι,
559 5005 652 5058 καὶ
683 5005 1122 5078 εὐφρανθήσομαι
1155 5008 1247 5060 ἐπὶ
1275 5007 1354 5079 τῷ
1394 5009 1601 5080 Κυρίῳ,
1639 5011 1916 5064 τουτέστιν

339 5095 432 5148 ἐπὶ
461 5098 528 5165 τῇ
562 5095 806 5168 λατρεία,
836 5098 929 5151 ἐπὶ
961 5101 1028 5169 τῇ
1069 5101 1436 5171 προσκυνήσει
1468 5100 1561 5154 καὶ
1592 5105 1704 5165 τοῖς
1728 5102 1916 5154 ἐπιτά-

339 5201 512 5253 γμασι
556 5187 659 5250 τοῖς
690 5189 875 5253 αὐτοῦ,
911 5190 1002 5242 ἐπὶ
1045 5189 1123 5260 τῷ
1168 5190 1406 5246 τοιοῦτον
1445 5193 1588 5263 ἔχειν
1625 5193 1909 5266 δεσπότην.

340 5275 496 5330 Καλὰ
529 5277 625 5348 μὲν
659 5277 766 5348 γὰρ
797 5281 890 5332 καὶ
930 5279 998 5334 τά
1030 5280 1298 5351 δρώμενα,
1333 5285 1427 5337 καὶ
1461 5283 1652 5356 τέρπει
1686 5286 1716 5338 δ
1752 5287 1912 5358 οὐρα·

2015 4572 2133 4610 vero
2179 4555 2475 4610 delectabar
2515 4556 2567 4608 in
2617 4553 2862 4608 Domino.
2894 4552 3113 4618 Precor,
3149 4552 3343 4622 inquit,
3383 4561 3444 4607 ut
3478 4553 3578 4624 hy-

2016 4663 2178 4703 mnus
2218 4656 2272 4701 et
2317 4646 2590 4716 eloquium
2639 4645 2804 4711 istud,
2844 4644 3300 4712 iucundissimum
3341 4643 3450 4699 Deo
3493 4644 3578 4698 vi.

2016 4739 2224 4793 deatur.
2262 4737 2318 4792 ld
2356 4738 2499 4792 enim
2539 4738 2584 4793 si
2628 4742 2739 4804 liat,
2783 4737 2910 4791 hinc
2946 4752 3044 4808 ego
3074 4736 3401 4790 hilaritatem
3447 4751 3580 4790 con-

2017 4845 2238 4899 sequar,
2268 4839 2320 4884 et
2345 4829 2654 4885 delectabor
2677 4829 2730 4882 in
2758 4827 3008 4892 Domino,
3040 4826 3089 4881 id
3117 4836 3221 4887 est.
3249 4826 3300 4880 in
3325 4827 3497 4894 cultu,
3523 4827 3579 4880 in

2012 4921 2349 4986 adoratione,
2382 4921 2435 4975 in
2479 4921 2762 4990 prmeeptis
2790 4920 2929 4990 ejus,
2962 4919 3106 4990 quod
3136 4919 3259 4975 talis
3291 4917 3420 4972 mihi
3465 4917 3578 4972 Doc-

2016 5013 2196 5068 minus
2221 5013 2312 5067 sit.
2342 5012 2475 5066 Nam
2507 5027 2628 5082 qum
2653 5013 2756 5067 sub
2789 5020 3065 5082 aspectum
3091 5010 3310 5076 cadunt,
3350 5010 3578 5081 pulchra

2015 5105 2232 5175 quidem
2285 5114 2432 5169 sunt,
2465 5105 2663 5160 caelum
2712 5105 2957 5169 delectat,
3000 5104 3083 5160 soi
3131 5105 3383 5169 laetiﬁcat,
3437 5113 3582 5158 terra

2019 5197 2225 5250 semina
2252 5197 2572 5267 plantasque
2610 5197 2851 5267 profert;
2883 5207 2938 5252 at
2972 5212 3074 5267 ego
3109 5196 3232 5267 plus
3259 5188 3496 5251 delector
3522 5192 3579 5245 in

2018 5288 2296 5350 Creatore.
2321 5305 2482 5360 quam
2512 5295 2564 5345 in
2595 5289 2684 5345 his
2707 5290 2980 5345 omnibus.
3007 5287 3132 5345 Haec
3153 5289 3284 5343 mihi
3309 5285 3578 5352 voluptas,

341 5367 459 5431 νὸς,
499 5370 592 5422 καὶ
632 5370 908 5442 εὐφραίνει
950 5373 980 5424 ὁ
1025 5371 1208 5442 ἥλιος,
1263 5376 1355 5428 καί
1396 5376 1470 5446 γῆ
1515 5377 1694 5448 ἀνίησι
1749 5379 1906 5450 σπέρ-

2021 5378 2134 5433 hasc
2158 5378 2363 5444 laetitia,
2389 5379 2471 5433 hae
2494 5379 2718 5444 deliciae,
2743 5380 2857 5436 lucc
2878 5379 3087 5435 inﬁnita
3111 5381 3249 5434 bona
3275 5374 3406 5430 mihi
3430 5384 3580 5429 sunt.

344 5482 490 5536 ματα
534 5467 628 5521 καὶ
669 5472 843 5537 φυτάο
881 5467 995 5522 ἀλλ’
1043 5472 1154 5538 ἐγὼ
1224 5471 1428 5526 τούτων
1476 5475 1694 5528 πάντων
1736 5475 1828 5528 ἐπὶ
1872 5475 1951 5546 τῷ
2016 5478 2298 5548 ποιήσαντι
2353 5476 2512 5531 πλέον
2560 5478 2937 5550 εὐφραίνομαι,
3003 5474 3171 5530 Τοῦτό
3228 5490 3316 5543 μοι
3365 5469 3542 5542 τρυφὴ
3567 5506 3584 5533 ν

340 5556 499 5610 τοῦτό
527 5575 616 5628 μοι
653 5559 976 5631 εὐφροσύνη,
1010 5561 1166 5614 τοῦτο
1200 5561 1391 5635 ἡδονὴ,
1430 5564 1586 5618 τοῦτο
1621 5565 1690 5618 τά
1724 5567 1891 5638 μυρία
1917 5567 2114 5636 ἀγαθά.

413 5713 460 5747 ⁸⁸
496 5714 656 5770 Cant.
697 5730 771 5776 Iv.
809 5713 895 5769 12.
973 5713 1017 5747 ⁵⁷
1058 5714 1202 5771 Psal.
1237 5733 1291 5783 ν,
1326 5717 1414 5773 il.

2858 5727 2870 5740 ⁵.

632 5805 907 5867 ΡΑτιιοι.
941 5807 1057 5869 (in.
1117 5808 1352 5870 XXIII.

3197 5811 3268 5872 Μ
