4044 6212
523 262 656 321 1291

1195 263 1466 324 EUSEBII
1506 267 1983 326 CAESARIENSIS
2018 268 2170 328 OPP.
2209 269 2390 332 PARS
2425 272 2517 329 m.
2555 302 2629 319 —
2664 275 3081 335 EXEGETICA.

3614 279 3759 342 1292

591 374 760 431 Vens.
785 376 874 431 55.
901 375 1167 448 Deficiunt
1195 386 1494 446 peccatores
1525 395 1559 433 a
1588 388 1732 434 terra
1747 391 1794 435 et
1817 382 2074 451 iniqui,“

2289 383 2676 442 Ἐκιιίποισαιο
2705 391 3037 458 ἁμαρτωλοὶ
3067 391 3186 446 ἀπὸ
3223 393 3336 462 τῆς
3361 394 3472 466 γῆς
3499 399 3598 452 καί
3637 400 3778 455 dro-

513 480 572 523 ιιι
605 486 706 522 ηοη
744 471 872 524 sint.
906 468 963 524 In
990 471 1083 524 illo
1111 470 1365 526 videlicet
1390 479 1654 542 tempore,
1686 488 1797 542 quo
1824 475 2049 530 audient
2075 493 2089 528 :

515 561 778 616 Discedite
809 578 841 614 a
869 579 970 625 me,
1008 562 1299 623 maledicti,
1331 563 1386 616 in
1415 563 1590 632 ignem
1621 573 1896 627 wlernum,
1927 581 2090 635 para-

512 663 622 706 tam
648 653 858 708 diabolo
889 661 939 708 ελ
961 654 1162 725 angelis
1189 669 1325 722 ejus.
1355 652 1567 708 Esurivi
1592 655 1754 718 enim,
1787 665 1835 710 et
1864 673 1969 710 non
1998 658 2091 712 de-

509 746 664 799 distis
703 744 831 798 mihi
871 747 1231 809 manducare;
1271 745 1433 810 silici,
1469 755 1521 800 et
1561 763 1665 801 non
1705 748 1928 815 potastis
1971 758 2086 815 me;

508 836 692 904 hospes
720 853 889 900 eram,
935 846 985 890 et
1038 853 1140 890 non
1186 836 1470 907 collegistis
1514 854 1632 900 me;
1679 837 1873 901 nudus,
1909 847 1958 892 et
1988 856 2094 894 non

507 929 856 997 cooperuistis
892 943 1006 991 me;
1038 928 1283 997 inﬁrmus
1315 937 1363 982 et
1391 929 1443 982 in
1473 945 1682 984 carcere
1703 969 1718 995 ,
1750 940 1800 985 et
1835 947 1939 985 non
1968 931 2096 986 cisi-

507 1022 661 1075 tastis
690 1036 771 1074 me
799 1020 886 1074 δδι
923 1028 978 1076 et
1025 1035 1133 1076 non
1168 1028 1330 1076 erunt
1371 1021 1426 1075 in
1475 1022 1724 1092 portione
1771 1037 1958 1078 eorum
1997 1021 2094 1096 qui

505 1113 618 1168 Deo
647 1111 996 1167 benedicunt.
1020 1111 1090 1166 At
1115 1113 1237 1182 quis
1269 1113 1409 1194 forte
1438 1113 1587 1168 dicat
1616 1133 1630 1169 :
1660 1113 1873 1185 Ergone
1900 1115 2092 1174 beatus

503 1203 776 1275 Propheta
805 1205 1139 1274 imprecatur
1172 1206 1240 1260 iis
1263 1195 1370 1276 qui.
1410 1205 1466 1260 in
1517 1208 1761 1276 peccatis
1793 1217 1942 1276 sunt,
1973 1224 2093 1264 om-

501 1311 711 1366 nesque
762 1299 879 1349 vuft
933 1297 1110 1366 perire
1147 1312 1210 1352 ac
1249 1298 1492 1353 destrui?
1549 1297 1617 1352 At
1669 1300 1855 1355 decuit
1905 1301 2086 1371 potius

500 1388 682 1441 virum
719 1394 966 1442 sanctum
1020 1401 1085 1441 ac
1136 1387 1477 1457 spiritualcm
1523 1404 1622 1458 pro
1681 1389 2085 1448 inﬁrmantibus

501 1475 737 1548 precari.
793 1476 1064 1541 Caeterum
1106 1477 1268 1543 audi,
1325 1479 1516 1548 paucis
1567 1478 1712 1533 enim
1759 1479 2081 1536 absolvam:

498 1570 641 1626 Ante
670 1568 980 1625 Servatoris
1030 1570 1324 1626 adventum
1369 1585 1561 1626 omnes
1594 1571 1647 1624 in
1680 1571 1920 1641 peccatis
1956 1587 2082 1627 era-

498 1678 645 1726 mus,
676 1667 835 1717 terrae
856 1661 1157 1732 imperabat
1181 1660 1436 1727 Satanas,
1459 1678 1566 1718 non
1592 1671 1708 1727 erat
1733 1663 1826 1734 qui
1876 1663 2083 1722 faceret

2195 491 2318 543 μοι,
2353 473 2509 530 ὥστε
2533 476 2619 546 μὴ
2655 479 2953 548 ὑπάρχειν
2978 482 3222 550 αὐτούς.
3264 485 3352 538 Ἐν
3381 487 3573 560 ἐκείνῳ
3594 489 3778 560 δηλον-

2198 568 2281 620 ότι
2303 568 2380 636 τῷ
2404 569 2600 642 καιρῷ,
2621 571 2941 626 ἀκούσονται
2971 575 3098 645 γὰρ,
3123 578 3458 645 Πορεύεσθε
3481 580 3582 634 ἀπ’
3607 577 3778 650 ἐμοῦ,

2199 658 2253 710 οἱ
2291 660 2703 730 κατηραμένοι,
2741 665 2827 729 είς
2855 662 2923 717 τὸ
2965 665 3086 734 πῦρ
3128 665 3196 718 τὸ
3223 666 3484 736 αίιὶινιον,
3514 671 3584 725 τὸ
3621 674 3777 740 sitos-

2191 750 2506 821 μωμένον
2549 751 2630 819 τῷ
2666 753 2917 822 διαϐόλῳ
2959 757 3057 810 καὶ
3095 758 3221 824 τοῖς
3253 760 3531 831 ἀγγέλοις
3565 765 3778 820 αὑτοῦ.

2210 843 2534 900 Ἐπείνασα
2586 844 2718 914 γὰρ,
2775 847 2874 900 καί
2925 849 3036 901 οὐκ
3079 848 3336 905 ἐδώκατέ
3371 870 3474 922 μοι
3528 855 3777 925 φαγεῖν·

2192 936 2479 1005 ἐδίψησα,
2498 935 2596 991 καί
2628 937 2740 991 οὐκ
2770 937 3092 993 ἐποτίσατέ
3111 956 3189 1009 με
3211 957 3225 970 ·
3262 940 3438 1009 ξένος
3470 943 3656 1012 ἤμην,
3679 943 3779 1000 κα]

2194 1029 2267 1083 οὐ
2304 1027 2679 1099 συνηγάγετέ
2715 1045 2792 1098 με
2810 1046 2823 1059 ·
2866 1030 3110 1099 γυμνὸς,
3152 1032 3251 1085 καὶ
3289 1033 3362 1087 οὐ
3398 1034 3778 1103 περιεϐάλετέ

2187 1137 2295 1190 με·
2329 1121 2595 1189 ἀσθενὴς
2625 1121 2723 1176 καί
2754 1123 2823 1174 ἐν
2851 1122 3116 1191 φυλακῇ,
3155 1125 3252 1178 καί
3295 1127 3408 1179 οὐκ
3435 1127 3776 1200 ἐπεσκέψα-

2191 1215 2301 1267 σθέ
2333 1230 2438 1282 με·
2487 1214 2582 1266 καὶ
2630 1215 2729 1267 οὐκ
2777 1213 2987 1294 ἔσονται
3032 1215 3088 1267 ἐν
3133 1217 3202 1288 τῇ
3251 1217 3432 1288 μερίδι
3467 1218 3578 1272 τῶν
3623 1220 3779 1274 εὐλο-

2189 1305 2427 1375 γούντων
2455 1307 2543 1359 τὸν
2573 1306 2724 1360 Θεόν.
2769 1306 2906 1359 Ἀλλ’
2951 1302 3069 1379 ἑρεῖ
3102 1325 3186 1373 τις
3229 1310 3424 1380 τυχόν·
3454 1305 3576 1382 Ἆρ’
3609 1309 3707 1367 οὖν
3743 1314 3779 1368 6

2192 1399 2459 1471 μακάριος
2493 1400 2784 1471 Προφήτης
2810 1399 3134 1470 κατεύχεται
3159 1400 3268 1454 τῶν
3292 1402 3461 1456 ὄντων
3489 1405 3544 1456 ἐν
3579 1404 3772 1477 ἀμαρι

2186 1492 2349 1557 τίαις,
2391 1493 2484 1545 καὶ
2521 1491 2730 1555 πάντας
2768 1491 3061 1546 ἀπολέσθαι
3105 1494 3197 1547 καὶ
3242 1494 3598 1567 ἀφανισθῆναι
3640 1495 3772 1566 βούά

2186 1585 2368 1651 λεται;
2403 1584 2595 1639 Καίτοι
2627 1584 2823 1656 μᾶλλον
2856 1586 3022 1656 ἐχρῆν
3046 1587 3198 1653 ἅγιον
3235 1585 3364 1641 ὄντα
3399 1589 3492 1641 καὶ
3521 1605 3771 1658 πνευμα-

2183 1674 2410 1746 τοφόρον
2443 1673 2838 1745 ὑπερεύχεσθαι
2869 1674 2978 1727 τῶν
3008 1675 3403 1746 ἡσθενηκότων.
3424 1665 3632 1732 ’Ἄκουε
3658 1678 3771 1733 λοιά

500 1755 729 1819 bonum,
757 1771 866 1812 non
898 1763 1018 1811 erat
1062 1770 1235 1825 usque
1268 1755 1335 1809 ad
1369 1771 1536 1810 unum
1572 1774 1586 1811 :
1616 1771 1808 1812 omnes
1835 1755 2074 1814 declina-

2177 1761 2297 1829 πδν,
2331 1761 2441 1834 ἐρῶ
2470 1761 2579 1834 γὰρ
2609 1763 2696 1816 διά
2724 1763 2994 1836 βραχέων·
3034 1766 3142 1838 πρὸ
3189 1766 3286 1836 μὲν
3333 1767 3433 1838 τῆς
3459 1767 3554 1822 τοῦ
3591 1769 3771 1840 ﬁeri?

499 1858 708 1914 verant,
734 1849 896 1905 simul
931 1849 1151 1904 inutiles
1185 1848 1314 1903 facti
1366 1856 1543 1904 erant.
1585 1848 1721 1903 Nam
1752 1848 1928 1905 Graeci
1955 1850 2081 1921 qui-

497 1943 624 1998 dem
662 1943 935 1999 idolorum
975 1945 1248 2005 cultores,
1280 1943 1556 2013 aequitatis
1583 1944 1803 1999 modum
1855 1945 2081 2016 ignora-

497 2035 669 2100 bant,
726 2037 879 2091 bonae
910 2037 1034 2090 vitae
1083 2035 1276 2090 callem
1328 2035 1682 2103 nesciebant;
1726 2036 1837 2091 imo
1896 2038 2078 2107 potius

497 2131 743 2184 omnium
801 2144 982 2186 rerum
1022 2127 1271 2198 opiﬁcem
1320 2135 1374 2183 et
1408 2127 1748 2184 Salvatorem
1793 2128 2076 2202 Christum

497 2220 812 2276 nullatenus
841 2219 1267 2290 cognoscebant.
1297 2215 1471 2272 Judaei
1497 2217 1626 2273 item
1658 2218 1828 2290 legem
1853 2220 2077 2291 quidem

496 2313 770 2369 habebant
819 2327 918 2382 pro
951 2312 1290 2382 paedagogo:
1323 2320 1378 2364 at
1434 2326 1544 2386 non
1594 2319 1808 2382 poterat
1858 2329 1928 2368 ex
1962 2313 2079 2386 lege

495 2403 662 2461 homo
683 2404 974 2476 iustiﬁcari
1011 2423 1024 2458 :
1055 2418 1249 2460 omnes
1280 2404 1446 2477 igitur
1474 2404 1530 2459 in
1563 2405 1804 2475 peccatis
1832 2421 2074 2472 eramus,

494 2505 641 2554 terra
669 2497 951 2568 iniquitate
996 2497 1156 2567 plena
1192 2505 1332 2552 erat.
1371 2495 1669 2568 Postquam
1693 2505 1875 2554 autem
1907 2513 2076 2570 appa-

493 2573 606 2659 ruit
631 2589 973 2660 unigenitum
1001 2587 1096 2645 Dei
1119 2587 1381 2652 Verbum,
1414 2596 1468 2645 et
1512 2590 1713 2645 factum
1756 2597 1840 2645 est
1873 2590 2070 2658 homo,

492 2693 625 2744 tunc
675 2678 1002 2740 defecerunt
1036 2693 1375 2756 peccatores,
1411 2683 1730 2741 defecerunt
1781 2685 1819 2740 ii
1867 2686 1963 2756 qui
2014 2688 2073 2744 in

493 2777 783 2849 iniquitate
817 2779 1198 2835 versabantur.
1226 2778 1511 2846 Quomodo
1539 2787 1634 2834 aut
1672 2794 1783 2850 qua
1823 2782 2074 2838 ratione?

494 2884 684 2925 amnes
709 2868 912 2938 quippe
945 2868 1363 2938 justiﬁcaverat,
1394 2883 1424 2923 a
1463 2869 1764 2925 sceleribus
1803 2869 2073 2926 liberave-

495 2970 602 3028 rat,
625 2977 817 3018 omnes
853 2961 1080 3028 liberos,
1106 2976 1275 3031 puros
1319 2976 1386 3018 ac
1418 2970 1594 3018 tersos
1625 2962 1898 3018 eﬂ‘eeerat.
1932 2962 2072 3019 Hinc

493 3063 625 3123 ergo
653 3050 900 3122 sequitur
918 3066 1122 3122 paucos
1146 3053 1202 3107 in
1245 3053 1484 3122 peccatis
1513 3053 1843 3108 remansisse
1861 3093 1877 3118 ,
1927 3055 2068 3109 mul-

2182 1873 2274 1928 ρος
2323 1855 2612 1927 ἐπιδημίας
2666 1856 2905 1922 ἅπαντες
2944 1854 3084 1930 ἦμεν
3124 1861 3181 1913 ἐν
3232 1860 3556 1931 ἁμαρτίαις,
3606 1877 3769 1914 κατεὀ

2179 1947 2370 2017 κράτει
2411 1947 2510 2018 τῆς
2534 1946 2626 2000 ὑπ’
2654 1947 2880 2020 οὐρανὸν
2925 1950 2953 2001 ὁ
2999 1949 3260 2016 Σατανᾶς,
3287 1951 3388 2003 οὐκ
3429 1945 3497 2021 ἦν
3525 1952 3555 2004 ὁ
3593 1950 3764 2004 ποιῶν

2177 2037 2538 2109 χρηστότητα,
2602 2039 2703 2092 οὐκ
2751 2033 2820 2110 ἦν
2866 2041 2974 2104 ἕως
3017 2041 3166 2105 ἑνός·
3215 2041 3415 2105 πάντες
3459 2040 3763 2106 ἐξέκλιναν,

2177 2131 2294 2202 ἅμα
2318 2131 2714 2203 ῆχρέιώθησαν.
2739 2131 2999 2203 Ἕλληνες
3035 2133 3132 2203 μὲν
3169 2131 3276 2204 γὰρ
3307 2134 3357 2186 οἱ
3390 2132 3496 2186 τῶν
3528 2131 3763 2187 εἰδώλων

2177 2224 2699 2296 προσκυνηταὶ,τοὺς
2713 2225 2814 2296 τῆς
2832 2225 3128 2289 ἐπιεικείας
3145 2225 3244 2278 οὐκ
3265 2225 3484 2296 ᾔδεισαν
3504 2224 3761 2295 τρόπους,

2174 2317 2273 2388 τῆς
2296 2316 2529 2382 εὑζωῖας
2563 2317 2662 2388 τὴν
2690 2316 2806 2371 ὁδὸν
2835 2317 2936 2370 οὐκ
2965 2317 3286 2386 ἠπίσταντο·
3323 2316 3524 2387 μᾶλλον
3551 2317 3611 2370 δὲ
3640 2317 3761 2372 οὐδὲ

2174 2407 2336 2463 αὐτὸν
2361 2407 2654 2478 ἐγίνωσκον
2683 2407 2819 2472 ὅλως
2846 2407 2935 2461 τὸν
2963 2408 3070 2464 τῶν
3097 2408 3233 2462 ὅλων
3255 2409 3636 2480 γενεσιουργὸν
3663 2408 3759 2462 καὶ

2173 2486 2402 2572 Σωτῆρα
2432 2499 2694 2573 Χριστόν·
2736 2497 2974 2553 Ἰουδαῖοι
3005 2498 3060 2552 δὲ
3091 2499 3249 2553 πάλιν
3281 2494 3426 2570 εἶχον
3461 2500 3560 2570 μὲν
3596 2499 3761 2570 νόμον

2173 2591 2265 2645 τὸν
2293 2591 2664 2661 παιδαγωγόν·
2711 2591 2826 2646 ἀλλ’
2858 2592 2957 2646 οὑκ
2998 2587 3066 2664 ἦν
3110 2595 3169 2646 ἐν
3211 2592 3360 2663 νόμῳ
3400 2589 3761 2662 δικαιωθῆναι

2171 2684 2264 2738 τὸν
2292 2683 2594 2756 ἄνθρωπον.
2627 2685 2832 2740 Οὐκοῦν
2875 2683 3112 2748 ἅπαντες
3158 2679 3299 2757 ἦμεν
3331 2686 3391 2738 ἐν
3437 2684 3757 2756 ἁμαρτίαις,

2171 2777 2402 2847 ἀνομίας
2425 2773 2494 2849 ἦν
2527 2777 2739 2849 πλήρης
2765 2780 2798 2848 ἡ
2830 2779 2922 2848 γῆ.
2972 2777 3186 2849 Ἐπειδὴ
3213 2777 3271 2830 δὲ
3306 2776 3574 2847 ἐπέφανεν
3603 2779 3632 2828 ὁ
3661 2792 3760 2846 μο-

2170 2869 2394 2941 νογενὴς
2416 2868 2510 2922 τοῦ
2538 2868 2671 2922 Θεοῦ
2687 2869 2879 2939 Λόγος,
2899 2869 2994 2923 καὶ
3017 2868 3234 2939 γέγονεν
3261 2868 3566 2939 ἄνθρωπος,
3590 2867 3759 2934 ἐξέλιδ

2171 2978 2271 3014 πον
2293 2962 2343 3014 οἱ
2363 2960 2699 3032 ἁμαρτωλοὶ,
2741 2959 3114 3014 ἐκλελοίπασιν
3143 2962 3192 3012 οἱ
3223 2959 3373 3024 ὄντες
3393 2962 3457 3014 ἐν
3478 2961 3754 3032 ἀνομίαις.

2170 3053 2295 3118 Πῶς
2324 3053 2358 3124 ἢ
2383 3052 2502 3106 τίνα
2531 3053 2765 3124 τρόπον;
2793 3051 3108 3107 δεδικαίωκε
3144 3052 3253 3123 γὰρ
3281 3052 3552 3118 ἅπαντας,
3580 3056 3758 3127 ἀπήλέ

494 3155 581 3201 tos
601 3150 781 3199 autem
812 3143 1142 3215 justiﬁcatos
1163 3159 1305 3201 esse.
1343 3145 1525 3215 Itaque
1562 3145 1650 3199 hic
1677 3161 1788 3201 non
1817 3156 2068 3202 naturam

2176 3145 2297 3212 λαξε
2346 3144 2455 3200 τῶν
2503 3144 3050 3217 πεπλημμελημένων
3069 3185 3090 3211 ,
3137 3143 3456 3216 ἐλευθέρους
3502 3146 3758 3218 ἀπέφηνα

491 3236 704 3294 destrui
735 3244 912 3309 rogat,
939 3253 1114 3309 neque
1136 3239 1384 3294 homines
1412 3237 1662 3294 funditus
1689 3240 1854 3295 exitio
1886 3240 2027 3296 tradi
2051 3257 2067 3308 ;

495 3329 590 3386 sed
615 3337 890 3400 precatur,
920 3336 979 3384 ut
1009 3338 1265 3401 peccator
1298 3331 1562 3386 malitiam
1593 3331 1832 3398 deserat,
1864 3340 1926 3387 ut
1959 3347 2070 3388 non

494 3427 635 3477 ultra
665 3431 918 3493 peccator
944 3425 1036 3487 sit,
1076 3425 1168 3480 sed
1197 3425 1547 3492 immuteturi;
1583 3441 1650 3482 ne
1707 3427 1781 3483 sit
1812 3427 2032 3499 iniquus
2051 3471 2067 3498 ,

494 3517 588 3571 sed
617 3516 920 3586 resipiscat.
972 3513 1298 3574 Sanctorum
1333 3518 1536 3588 quippe
1563 3519 1762 3575 animae
1809 3535 1919 3576 non
1969 3537 2070 3592 pro

494 3608 688 3678 seipsis
718 3616 951 3675 tantum,
978 3609 1071 3665 sed
1098 3623 1197 3679 pro
1243 3609 1500 3665 universo
1522 3609 1656 3666 orbe
1686 3613 1962 3668 orationes
1989 3613 2064 3669 ef-

492 3703 675 3758 ferunt
727 3715 876 3758 suas.
928 3700 1084 3756 Nune
1139 3702 1304 3774 igitur
1350 3701 1553 3768 David,
1591 3719 1822 3760 arcanas
1872 3705 2071 3761 divinae

490 3793 917 3865 pulchritudinis
967 3793 1223 3858 divitias,
1262 3794 1442 3865 quoad
1479 3795 1731 3851 humana:
1789 3796 2069 3855 facultatis

489 3891 629 3949 erat,
653 3885 968 3954 explorans,
995 3899 1188 3940 omnes
1218 3885 1466 3942 homines
1511 3888 1659 3957 paris
1695 3887 1902 3943 notitiae
1937 3903 2070 3942 con-

490 3981 672 4048 sortes
705 3988 826 4030 esse
851 3977 1192 4045 peroptabat,
1228 3983 1687 4047 peccatorumque
1713 3988 1914 4034 sortem
1943 3993 2069 4036 om-

487 4065 622 4128 nino
653 4063 886 4120 deﬁeere
932 4066 1288 4134 precabatur;
1351 4081 1461 4122 non
1499 4075 1558 4122 ut
1600 4077 1825 4138 pereant
1874 4079 2067 4140 postu-

488 4159 632 4228 lans,
664 4157 759 4215 sed
784 4165 844 4213 ut
876 4159 1234 4229 resipiscam,
1273 4166 1440 4230 utque
1465 4174 1655 4214 eorum
1683 4170 1882 4226 cretus,
1915 4172 2068 4234 post.

487 4266 652 4323 quam
703 4251 990 4322 pristinam
1043 4250 1354 4306 divinorum
1395 4251 1644 4307 notitiam
1681 4266 1982 4324 posuerunt
2013 4269 2069 4313 et

488 4343 838 4414 abjecerunt,
884 4341 1150 4398 deleatur.
1186 4339 1338 4397 Vane
1364 4342 1527 4414 igitur
1551 4346 1878 4401 contentiosi
1903 4347 1980 4400 illi
2009 4347 2066 4402 in

486 4436 865 4494 obdurationis
887 4451 999 4491 suae
1021 4435 1383 4506 patrocinium
1425 4435 1739 4506 bujusmodi
1773 4453 1936 4495 voces
1965 4456 2064 4511 op-

2172 3238 2268 3292 καὶ
2316 3236 2766 3308 διεσμηγμένους.
2813 3235 3021 3290 Οὐκοῦν
3063 3236 3231 3305 ὀλίγοι
3276 3238 3564 3306 γεγόνασιν
3598 3241 3650 3292 oi
3695 3241 3757 3293 ἐν

2170 3327 2486 3400 ἁμαρτίαις,
2535 3326 2718 3381 πολλοὶ
2764 3325 2820 3380 δὲ
2861 3326 2982 3381 λίαν
3021 3328 3068 3380 οἱ
3114 3325 3556 3397 δεδικαιωμένοι·
3607 3327 3754 3381 ὥστε

2169 3419 2405 3474 ἐνταῦθα
2458 3420 2518 3473 οὐ
2573 3418 2671 3491 τὴν
2713 3419 2898 3472 οὐσίαν
2935 3417 3296 3488 ἀφανισθῆναι
3338 3417 3575 3489 εὔχεται,
3621 3419 3752 3473 οὔτε

2167 3515 2294 3577 τοὺς
2323 3511 2642 3584 ἀνθρώπους
2683 3511 3012 3584 πανολεθρία
3051 3510 3444 3584 παραδοθῆναι·
3481 3511 3616 3565 ἀλλά
3645 3511 3750 3584 τὴν

2169 3604 2432 3678 πονηρίαν
2459 3605 2670 3660 ἐκλίποι
2698 3603 3038 3676 ἁμαρτωλὸς,
3069 3603 3209 3657 ὥστε
3237 3603 3315 3675 μὴ
3333 3599 3465 3657 εἶναι
3491 3604 3748 3673 ἀμαρτω-

2169 3699 2278 3764 λὸς,
2315 3697 2451 3754 ἀλλὰ
2495 3697 2880 3770 μετατεθῆναι·
2917 3697 2992 3769 μὴ
3015 3697 3250 3770 ὑπάρχοι
3289 3701 3320 3752 ὁ
3359 3697 3564 3766 ἄνομος,
3597 3695 3744 3750 ἀλλά

2172 3795 2593 3868 μεταϐληθῆναι.
2639 3795 2904 3859 Τοιαύτας
2950 3795 3061 3865 γὰρ
3112 3797 3167 3848 αἱ
3221 3794 3330 3848 τῶν
3364 3794 3528 3861 ἀγίων
3567 3792 3746 3864 ψυχαὶ

2167 3889 2265 3960 οὐχ
2296 3889 2436 3960 ὑπὲρ
2461 3888 2668 3942 ἑαυτῶν
2712 3887 2892 3958 μόνον,
2939 3887 3055 3941 ἀλλ’
3095 3886 3234 3959 ὑπὲρ
3283 3887 3384 3958 τῆς
3422 3886 3750 3958 οἰκουμένης

2169 3981 2387 4053 ἀπάσης
2435 3980 2531 4044 τὰς
2573 3980 2785 4052 δεήσεις
2829 3978 3178 4052 ἀναφέρουσι.
3231 3979 3340 4032 Καὶ
3379 3977 3474 4032 νῦν
3516 3978 3694 4032 τοίνυν
3718 3980 3750 4033 t'.

2168 4073 2350 4142 Δαυῖδ,
2381 4073 2440 4128 τὸ
2465 4073 2606 4127 θεῖον
2631 4072 2824 4136 κάλλος
2854 4071 2997 4126 κατὰ
3036 4071 3128 4126 τὸν
3161 4071 3468 4143 ἀπορρητον
3493 4069 3746 4137 πλοῦτον,

2167 4165 2244 4230 ὡς
2269 4165 2398 4236 ἐνῆν
2431 4163 2745 4235 ἀνθρωπεία
2774 4161 2933 4232 φύσει
2959 4160 3261 4227 διεξελθὼν,
3297 4163 3505 4226 πάντας
3535 4160 3746 4233 ἀνθρώ-ι

2167 4273 2301 4320 πους
2342 4256 2580 4328 ἱμείρετο
2618 4253 2719 4325 τῆς
2754 4253 2924 4324 αὐτῆς
2972 4254 3293 4325 μεταλαχεῖν
3329 4253 3604 4322 γνώσεως,
3654 4255 3752 4306 καὶ

2164 4348 2263 4419 τὴν
2303 4348 2412 4400 τῶν
2465 4343 2805 4417 ἁμαρτωλῶν
2858 4345 3090 4416 πάμπαν
3143 4343 3386 4413 ἐκλεῖψαι
3435 4345 3753 4416 συμμορίαν

2168 4441 2424 4495 ἱκετεύει·
2468 4439 2569 4493 οὐκ
2616 4436 3154 4502 αὑτοὺςάπολέσθαι
3203 4435 3569 4507 παρακαλῶν,
3607 4436 3754 4492 ἀλλά

488 4537 729 4602 ponunt;
769 4531 913 4600 quod
947 4529 1117 4584 David
1168 4527 1422 4584 videlicet
1459 4529 1690 4585 deﬁcere
1720 4543 2062 4600 peccatorem

2176 4531 2572 4606 μεταϐληθῆναι
2613 4531 2892 4601 δεόμενος,
2944 4531 3038 4584 καὶ
3086 4529 3397 4584 παύσασθαι
3446 4529 3628 4584 αὐτῶν
3683 4531 3752 4584 τὲ.

485 4630 724 4694 exoptet,
751 4637 816 4676 ae
849 4621 1130 4676 infamiam
1170 4619 1657 4691 coniusionemque
1689 4621 1926 4680 inimicis
1955 4624 2060 4678 im-

487 4722 775 4786 precetur;
805 4713 951 4784 quod
977 4711 1245 4769 Jeremias
1276 4712 1540 4769 ultionem
1574 4729 1604 4768 a
1657 4713 1769 4770 Deo
1796 4718 2058 4772 adversa-

485 4807 588 4862 riis
608 4807 722 4862 suis
756 4805 1017 4861 inﬂictam
1051 4805 1238 4862 videre
1287 4806 1520 4878 cupidus
1549 4807 1648 4874 sit;
1701 4808 1848 4879 quod
1895 4808 2055 4874 Osee,

486 4909 548 4954 ut
572 4897 865 4955 infecunda
895 4899 1056 4954 vulva
1082 4913 1440 4971 mammaeque
1459 4900 1628 4957 aridae
1661 4900 1900 4957 inimicis
1926 4901 2060 4958 den-

485 4999 577 5046 tur
615 4991 923 5062 supplicet:
973 5005 1040 5046 ac
1098 4989 1300 5046 similia
1345 4992 1482 5048 bene
1530 4992 1702 5046 multa
1754 4993 1809 5048 in
1859 4993 2060 5050 divinis

485 5081 789 5155 scripturis
831 5083 1038 5154 passim
1089 5083 1265 5154 posita
1309 5083 1603 5155 colligunt},
1649 5091 1709 5138 ut
1737 5084 1865 5139 hinc
1893 5086 2051 5140 evin-

484 5186 633 5242 cant,
668 5179 902 5234 inimicis
934 5178 1222 5248 imprecari
1267 5176 1349 5233 fas
1379 5193 1520 5240 esse,
1550 5185 1714 5247 atque
1747 5177 1827 5234 sic
1850 5179 2061 5234 acerbi-

485 5273 612 5330 tatis
633 5287 747 5328 suae
766 5270 860 5328 Dei
895 5271 1191 5327 bonitatem
1217 5271 1486 5326 vindicem
1517 5269 1740 5326 faciant.

2169 4626 2354 4696 στίφος
2385 4622 2697 4688 ἀντιϐολῶν,
2748 4621 3198 4693 μεταταξαμὲνων
3253 4621 3346 4675 καὶ⁵
3401 4621 3754 4692 μεταμαθὼ-

2165 4737 2272 4772 των
2312 4717 2381 4772 τὰ
2424 4716 2562 4769 θεῖα.
2596 4715 2759 4768 Ὥστε
2795 4714 2971 4786 μάτην
3009 4714 3057 4766 οί
3101 4713 3366 4784 ἐριστικοί
3401 4714 3483 4777 είς
3517 4730 3752 4786 συνηγο-

2170 4812 2290 4883 ρίαν
2315 4811 2413 4882 τῆς
2431 4808 2640 4864 ἑαυτῶν
2665 4807 2890 4880 πικρίας
2925 4805 3024 4870 τὰς
3065 4805 3318 4871 τοιαύτας
3347 4804 3531 4875 φωνὰς
3564 4823 3751 4879 παρα-

2164 4901 2431 4956 τίθενται·
2458 4899 2549 4953 τὸν
2576 4896 2736 4952 Δαυῒδ
2763 4896 3033 4951 ἐκλείπειν
3063 4896 3152 4950 τὸν
3175 4897 3496 4969 ἁμαρτωλὸν
3524 4897 3753 4952 ποθοῦν-

2165 5010 2255 5058 τα,
2297 4994 2392 5047 καὶ
2423 4989 2683 5062 αἰσχύνην
2724 4989 2818 5042 καί⁵
2853 4987 3117 5060 ἐντροπὴν
3156 4988 3263 5042 τῶν
3296 4987 3503 5060 ἐχθρῶν
3546 5006 3750 5043 κατευ-

2167 5086 2420 5156 χόμενον·
2453 5083 2541 5136 τὸν
2585 5079 2850 5154 Ἱερεμίαν
2899 5080 3026 5134 ἰδεῖν
3051 5078 3149 5152 τὴν
3182 5080 3333 5152 παρὰ
3358 5079 3451 5133 τοῦ
3481 5079 3619 5133 Θεοῦ
3655 5083 3752 5134 ἑκ-

2167 5178 2378 5248 δίκησιν
2427 5176 2494 5228 ἐκ
2537 5174 2645 5227 τῶν
2689 5173 2946 5227 ἐναντίων
2989 5171 3386 5243 ἐπιθυμοῦντα·
3436 5173 3543 5225 τὸν.
3581 5173 3749 5245 Ὠσηὲ

2169 5271 2379 5343 μήτραν
2408 5264 2737 5323 ἀτεκνοῦσαν
2767 5266 2862 5320 καὶ
2887 5264 3124 5337 μαστοὺς
3162 5264 3358 5336 ξηροὺς
3384 5263 3603 5337 δοθῆναι
3632 5269 3750 5327 τοῖς

484 5368 698 5440 ἐχθροῖς
736 5370 988 5440 δεόμενον
1009 5387 1022 5399 ·
1064 5370 1157 5424 καὶ
1197 5366 1368 5422 πολλά
1421 5366 1650 5421 τοιαῦτα
1702 5363 1975 5438 σποράδην
2015 5364 2312 5435 ἐγκείμενα
2371 5365 2490 5428 ταῖς
2552 5362 2724 5426 θείαις
2761 5361 2802 5414 Γ
2806 5362 3004 5433 ραφαῖς
3061 5359 3436 5428 ἀναλέγονται,
3483 5361 3744 5415 συνιστά-

488 5479 638 5533 μενοι
706 5466 784 5536 τῷ
835 5465 944 5547 δεῖν
993 5465 1100 5531 τῶν
1151 5462 1404 5516 ἐναντίων
1473 5461 1864 5531 κατεύχεσθαι,
1901 5460 2113 5531 καὶτῆς
2145 5459 2352 5514 ἑαυτῶν
2403 5459 2628 5531 πικρίας
2675 5455 2938 5530 συνεργὸν
2987 5445 3258 5511 ποιεῖσθαι
3305 5455 3406 5529 τὴν
3451 5455 3549 5512 τοῦ
3605 5453 3747 5511 Θεοῦ

484 5556 824 5628 ἀγαθὸτητα.¹

558 5729 604 5764 ⁵⁸
647 5728 834 5784 Matth.
874 5744 1002 5795 xxv,
1034 5728 1228 5801 λιι-45.
