4040 6210
335 275 476 339 1293

1455 243 1958 337 communia
1996 272 2063 332 IN
2104 274 2442 354 pessulos.

3429 281 3569 342 1291

413 395 553 450 Ἀλλ’
578 390 753 460 οὐδεὶς
773 394 881 449 τῶν
910 394 1126 467 ἀληθῶς
1151 383 1340 462 ἀγίων,
1360 384 1436 447 ὧν
1461 395 1518 448 αἱ
1549 393 1736 465 ῥήσεις
1760 389 1902 445 κατά

2073 390 2275 447 Verum
2305 405 2468 446 nemo
2493 404 2685 447 eorum
2713 389 2807 462 qui
2838 405 2964 448 vere
3005 391 3183 449 sancti
3225 401 3390 461 sunt,
3432 410 3574 466 quo-

333 491 485 545 θείαν
521 489 828 560 οἰκονομίαν
864 489 943 551 εἰς
984 487 1261 542 νουθεσίαν
1293 485 1401 539 τῶν
1443 483 1637 556 ἐφεξῆς
1678 484 1906 556 ἀνεγρά-

332 599 532 654 φησαν,
562 581 653 634 ἐπί
680 599 786 634 τινι
813 579 966 651 κακῷ
989 579 1086 652 τὴν
1115 577 1346 649 σπουδὴν
1369 576 1506 650 ἔχων
1535 575 1906 647 ἐπιδειχθήσε-

330 691 441 738 ται,
472 671 606 726 ἀλλά
629 674 737 736 πᾶς
766 674 946 736 αὐτοῖς
971 674 998 726 ὁ
1029 670 1227 734 σκοπὸς
1255 669 1363 723 τῶν
1403 669 1572 738 λόγων
1607 669 1742 740 πρὸς
1770 667 1907 740 διόρ-

332 765 498 819 θωσιν
525 764 626 835 τῆς
657 763 1144 835 ἐμπολιτευομένης
1173 765 1239 834 τῇ
1269 762 1426 831 φύσει
1469 761 1665 824 κακίας
1699 759 1903 831 βλέπει.

334 857 543 928 Ὠσπερ
590 856 766 909 τοίνυν
815 857 843 908 ὁ
886 855 1175 926 εὐχόμενος
1215 854 1288 924 μὴ
1322 849 1460 906 εἶναι
1488 852 1794 917 νοσοῦντας,
1833 853 1907 924 μὴ

333 943 472 999 εἶναι
519 932 926 1015 πτωχεύοντας,
973 945 1031 998 ού
1084 944 1191 998 τῶν
1244 940 1544 1014 ἀνθρώπων
1598 942 1906 1014 ἀναίρεσιν,

334 1038 470 1091 ἀλλά
495 1037 594 1108 τῆς
624 1026 780 1091 νόσου
818 1038 914 1091 καὶ
957 1037 1056 1107 τῆς
1088 1035 1355 1106 πτωχείας
1383 1031 1684 1104 ἀφανισμὸν
1725 1035 1910 1088 ἐπιθυ-

339 1132 432 1202 μεῖ
470 1129 756 1199 γενέσθαι·
795 1127 937 1182 οὕτω
984 1127 1079 1182 καὶ
1124 1127 1230 1180 τῶν
1269 1125 1439 1195 ἁγίων
1487 1127 1713 1191 ἕκαστος
1749 1127 1808 1180 τὸ
1841 1129 1907 1199 τῇ

338 1223 496 1294 φύσει
553 1221 850 1292 πολέμιον,
911 1221 990 1283 είς
1051 1218 1354 1289 ἀφανισμὸν
1411 1218 1581 1272 ἐλθεῖν
1640 1217 1906 1290 εὔχονται.

340 1316 508 1368 Ὅταν
551 1315 658 1384 γὰρ
706 1316 735 1366 ὁ
762 1311 1064 1383 Ψαλμῳδδς
1111 1312 1274 1384 είπῃ’
1319 1311 1704 1365 Ἐκλίποισιιν
1731 1312 1913 1381 ἁμαρ-

335 1404 511 1460 τωλοὶ
549 1403 668 1457 ἀπὸ
709 1401 818 1470 τῆς
852 1399 964 1471 γῆς
1005 1399 1103 1452 καὶ
1137 1397 1366 1468 ἄνομοι,
1406 1397 1562 1452 ὥστε
1595 1397 1680 1468 μὴ
1726 1391 1913 1467 ὑπάρ-

337 1515 470 1568 χειν
496 1497 736 1561 αὐτοὺς,
761 1494 858 1565 τὴν
879 1493 1150 1564 ἁμαρτίαν
1174 1491 1414 1545 ἐκλιπεῖν
1439 1491 1534 1547 καὶ
1561 1491 1660 1562 τὴν
1683 1492 1913 1564 ἀνομίαν

338 1591 575 1662 εὔχεται.
609 1589 681 1642 Ού
712 1587 822 1659 γάρ
861 1586 1145 1658 ἄνθρωπος
1177 1584 1447 1657 ἀνθρώπῳ
1489 1585 1764 1657 πολέμιος,
1799 1584 1912 1640 ἀλλ’

336 1684 371 1754 ὴ
407 1679 546 1736 κατά
579 1679 776 1733 κακίαν
806 1680 903 1750 τῆς
944 1677 1314 1750 προαιρέσεως
1342 1678 1554 1750 κίνησις
1593 1681 1673 1742 εἰς
1718 1677 1911 1750 ἐχθροῦ

2003 499 2125 540 rum
2156 482 2303 538 dicta
2327 498 2395 538 ex
2437 482 2619 538 divina
2665 483 3071 554 dispensatione
3113 486 3184 542 ad
3229 497 3571 557 posterorum

2007 576 2407 631 institutionem
2435 577 2747 645 conscripta
2799 576 2950 632 fuere
2973 616 2989 642 ,
3051 578 3118 632 ad
3151 579 3355 634 malum
3397 581 3575 651 quod-

2005 668 2149 740 piam
2175 667 2416 722 studium
2440 683 2600 724 suum
2633 669 2931 726 contulisse
2961 669 3452 740 demonstrabitur;
3479 671 3575 729 sed

2007 768 2156 816 totus
2173 775 2360 816 eorum
2395 775 2595 831 scopus
2625 761 2691 814 ad
2724 761 3086 831 improbitatis
3116 762 3171 817 in
3216 763 3454 818 humana
3477 779 3577 819 na-

2007 861 2129 910 tura
2155 854 2422 909 versantis
2461 853 2894 910 emendationem
2930 856 3173 925 respicit.
3221 855 3580 922 Quemadmo-

2008 946 2136 1001 dum
2166 947 2213 1002 is
2233 948 2323 1017 qui
2349 957 2600 1017 precatur
2615 963 2720 1002 non
2737 963 2860 1005 esse
2882 949 3147 1014 infirmos,
3173 966 3281 1004 non
3301 966 3426 1006 esse
3443 967 3579 1020 pau-

2012 1057 2186 1111 peres,
2221 1058 2327 1096 non
2355 1042 2634 1096 hominum
2667 1043 3114 1104 destructionem.
3159 1042 3256 1098 sed
3298 1043 3582 1098 infirmita-

2010 1139 2120 1187 tem
2172 1141 2651 1204 paupertatemque
2705 1134 2909 1190 aboleri
2961 1135 3196 1204 expetit;
3248 1135 3322 1190 ita
3377 1136 3580 1207 singuli

2012 1233 2325 1280 sanctorum
2356 1225 2500 1296 quod
2549 1233 2761 1281 naturae.
2790 1227 3110 1284 adversatur
3140 1229 3208 1284 de
3253 1229 3430 1284 medio
3462 1230 3579 1284 tolli

2013 1315 2306 1386 postulant.
2332 1315 2467 1371 Nam
2505 1331 2626 1370 cum
2662 1317 2946 1372 Psalmista
2979 1319 3074 1382 ait,
3114 1318 3374 1388 Deﬁciunt
3398 1336 3583 1389 pecca-

2014 1413 2150 1458 tores
2183 1423 2215 1458 a
2249 1415 2389 1460 terra
2409 1415 2456 1460 et
2485 1407 2670 1477 iniqui,
2699 1408 2776 1460 ita
2810 1416 2866 1461 ut
2895 1425 2998 1462 non
3025 1409 3131 1464 sint
3151 1451 3168 1478 ,
3199 1413 3496 1480 peccatum
3527 1421 3584 1467 et

2013 1494 2353 1566 iniquitatem
2383 1497 2613 1555 deﬁcere
2642 1508 2917 1570 precatur.
2958 1499 3077 1556 Non
3107 1503 3254 1559 enim
3286 1503 3450 1559 homo
3483 1504 3584 1562 ho--

2012 1586 2149 1642 mini
2173 1589 2430 1646 inimicus
2453 1600 2570 1658 est;
2615 1592 2709 1647 sed
2741 1600 2927 1648 motus
2973 1595 3273 1651 voluntatis
3316 1595 3385 1650 ad
3425 1597 3586 1650 mali-

2013 1679 2167 1746 tiam,
2200 1682 2342 1750 quod
2371 1690 2566 1737 natura
2595 1685 2951 1754 conjunctum
2979 1694 3099 1742 erat
3127 1687 3193 1742 ad
3240 1687 3580 1745 inimicitiam

338 1774 491 1840 τάξιν
518 1773 578 1826 τὸ
606 1764 670 1844 τῇ
713 1771 870 1842 φύσει
916 1768 1257 1840 συνημμένον
1292 1768 1610 1840 κατέστησε.
1643 1767 1715 1823 Τὸ
1745 1768 1912 1823 κακὸν

2017 1772 2259 1828 deduxit.
2312 1774 2508 1830 Malum
2540 1777 2707 1848 igitur
2731 1779 2962 1836 deiicere
3006 1787 3299 1851 precatur:
3332 1788 3387 1836 at
3420 1781 3586 1838 homo

341 1865 517 1922 τοίνυν
567 1863 805 1918 ἐκλιπεῖν
843 1861 1092 1931 εὔχεται·
1135 1863 1163 1914 ὁ
1204 1860 1260 1914 δὲ
1296 1859 1577 1932 ἄνθρωπος
1620 1860 1787 1913 κακὸν
1811 1859 1913 1912 ούκ

340 1957 474 2012 ἔστι.
509 1956 631 2021 Πῶς
657 1955 765 2027 γὰρ
796 1953 862 2010 ἂν
889 1953 975 2024 εἴη
1003 1952 1170 2006 κακὸν
1197 1951 1291 2004 τοῦ
1320 1951 1524 2020 ἀγαθοῦ
1550 1951 1610 2004 τὸ
1633 1950 1911 2022 ὁμοίωμα;

342 2049 530 2113 Οῦτως
562 2047 664 2102 κᾶν
693 2039 952 2119 αἰσχύνην
981 2045 1076 2100 καὶ
1106 2044 1372 2116 ἐντροπὴν
1397 2043 1505 2098 τῶν
1541 2042 1750 2115 ἐχθρῶν
1783 2060 1916 2097 κατ-

340 2141 600 2212 εύχηται,
649 2139 1012 2192 δείκνυσίσοι
1057 2136 1118 2190 τὸ
1168 2136 1352 2206 στίφος
1387 2134 1497 2189 τῶν
1543 2134 1817 2199 ἐναντίων,
1851 2135 1915 2188 ἐκ

339 2235 435 2290 τοῦ
468 2235 698 2305 ἀοράτου
750 2235 816 2304 τῇ
862 2231 1175 2305 ἀνθρωπίνῃ
1225 2229 1744 2302 προσπολεμούντων
1778 2227 1912 2300 ζωῇ.

341 2328 465 2382 Ὄτι
511 2327 568 2380 δὲ
609 2327 709 2380 οὐκ
749 2324 1071 2396 ἀνθρώπων,
1099 2325 1232 2378 ἀλλά
1262 2323 1528 2394 δαιμόνων
1571 2321 1914 2392 κατεύχεται,

339 2421 489 2494 δηλοῖ
512 2420 610 2492 τῆς
636 2418 800 2490 εὐχῆς
831 2418 890 2472 τὸ
913 2413 1049 2481 εἶδος
1077 2433 1089 2446 ο
1117 2414 1628 2485 Αἱσχυνθήτωσαν
1654 2414 1784 2486 γὰρ,
1813 2431 1920 2485 φησι

345 2515 451 2578 σὶν,
481 2517 536 2567 οἱ
573 2511 885 2581 ζητοῦντες
914 2509 1030 2580 τὴν
1058 2507 1270 2579 ψυχήν
1293 2526 1435 2578 μου,
1457 2507 1564 2563 τοῦ
1587 2506 1792 2576 ἐξᾶραι
1820 2509 1920 2561 ai)-

342 2607 475 2675 τήν.
515 2602 1092 2674 Ἀποστραφήτωσαν
1117 2603 1204 2669 είς
1241 2603 1311 2656 τὰ
1350 2601 1542 2655 ὀπίσω
1586 2601 1682 2654 καὶ
1710 2601 1916 2667 ἐντρα-

343 2701 633 2769 πήτωσαν
671 2692 726 2754 οἷ
764 2695 1042 2763 θέλοντές
1084 2713 1182 2766 μοι
1227 2691 1400 2749 κακά.
1440 2691 1919 2763 Κομισὰσθωσαν

344 2793 704 2864 παραχρῆμα
753 2790 1054 2862 αἰσχύνην
1103 2782 1300 2844 αὐτῶν
1338 2790 1392 2841 οἱ
1444 2781 1724 2856 λέγοντές
1773 2803 1872 2855 ⁸ιιοι
1901 2826 1916 2852 ,

347 2885 524 2958 Εὖγε,
566 2882 723 2958 εὖγε.
763 2883 1245 2956 Ἀταλλιὰσαιντο
1293 2881 1388 2935 καί
1444 2880 1920 2950 εὐφρανθείησαν

343 2981 446 3036 ἐτι
468 2980 566 3036 σοὶ
591 2978 813 3045 πάντες
838 2980 892 3033 οἱ
922 2974 1232 3046 ζητοῦντές
1267 2988 1359 3039 σε,
1393 2973 1593 3043 Κύριε,
1623 2969 1720 3027 καὶ
1757 2966 1920 3027 821d-

346 3090 552 3128 raurar
598 3069 920 3136 διαπαντὸς
939 3110 953 3135 ,
1011 3066 1454 3139 Πεταλυνθήτω
1509 3068 1543 3120 ό
1598 3066 1827 3134 Κύριος,
1867 3067 1920 3120 οἱ

2014 1880 2125 1920 non
2159 1868 2360 1922 malum
2390 1869 2669 1940 quidpiam
2701 1879 2805 1926 est.
2853 1871 3136 1939 Quomodo
3179 1875 3324 1930 enim
3379 1875 3584 1930 malum

2014 1958 2144 2014 boni
2189 1959 2490 2016 similitudo
2537 1961 2733 2018 fuerit?
2785 1962 2864 2018 Ita
2893 1966 3145 2035 quamvis
3199 1965 3479 2021 infamiam
3529 1974 3590 2023 et

2015 2052 2388 2108 confusionem
2413 2054 2653 2111 inimicis
2681 2066 2950 2126 precetur,
2981 2057 3072 2112 hic
3105 2058 3204 2113 tibi
3254 2059 3589 2115 adversario-

2016 2157 2158 2208 rum,
2188 2143 2279 2213 qui
2305 2143 2357 2198 in
2389 2145 2605 2200 occulto
2627 2144 2923 2200 humanam
2951 2155 3204 2202 naturam
3229 2157 3544 2220 oppugnant
3568 2191 3586 2216 ,

2015 2243 2216 2289 emtum
2235 2235 2495 2291 declarat.
2525 2235 2682 2303 Quod
2700 2245 2883 2294 autem
2915 2238 3255 2297 dmmonibus
3273 2257 3381 2297 non
3411 2243 3590 2298 homi-

2015 2325 2179 2380 nibus
2207 2325 2558 2395 imprecetur,
2583 2326 2702 2397 ipsa
2735 2329 3003 2384 orationis
3033 2329 3206 2386 forma
3243 2333 3586 2403 comprobat:

2017 2414 2448 2486 Confundantur,
2475 2419 2672 2489 inquit,
2705 2421 2796 2491 qui
2835 2433 3076 2491 quwrunt
3105 2425 3339 2478 animum
3377 2441 3547 2480 meam
3567 2463 3588 2492 ,

2016 2519 2074 2563 ut
2105 2511 2350 2579 auferant
2391 2528 2530 2566 eam.
2579 2511 2964 2569 Convertuntur
3002 2526 3293 2571 retrorsum
3327 2527 3376 2572 et
3406 2518 3592 2574 erube-

2016 2610 2167 2680 scant
2190 2603 2279 2672 qui
2307 2603 2484 2658 volunt
2514 2604 2642 2658 mihi
2666 2607 2832 2660 mala.
2872 2604 3072 2662 Ferant
3102 2608 3380 2678 confestim
3405 2611 3594 2680 confu-

2017 2689 2214 2746 sionem
2243 2710 2396 2747 suam
2421 2695 2512 2764 qui
2539 2691 2719 2750 dicunt
2748 2697 2876 2752 mihi
2895 2739 2910 2764 ,
2943 2697 3110 2771 Euge,
3136 2718 3283 2774 euge.
3312 2702 3594 2759 Exsultent

2017 2794 2066 2838 et
2087 2782 2328 2840 lwtentur
2357 2786 2409 2841 in
2439 2798 2486 2842 te
2511 2805 2689 2844 omnes
2725 2791 2815 2862 qui
2855 2801 3096 2863 quaerunt
3138 2804 3205 2863 te,
3248 2795 3470 2852 Domine
3493 2837 3509 2864 ,
3541 2807 3595 2853 et

2019 2873 2198 2931 dicant
2221 2895 2452 2949 semper,
2501 2877 2876 2952 Magniﬁcetur
2905 2883 3189 2955 Dominus,
3229 2891 3319 2961 qui
3363 2889 3595 2962 diligunt

2021 2970 2258 3026 salutare
2289 2984 2437 3027 tuum
2459 2972 2524 3028 ⁸ο.
2559 2972 2670 3032 Soli
2704 2977 2903 3049 quippe
2931 2977 3206 3038 daemones
3245 2982 3441 3039 animae
3467 2985 3595 3041 insi-

2023 3063 2246 3119 diantur
2277 3085 2289 3117 :
2325 3064 2521 3121 animae
2549 3074 2728 3123 autem
2753 3067 2966 3125 insidiae
2990 3077 3118 3126 sunt
3146 3071 3402 3129 alienatio
3431 3089 3461 3129 a
3485 3074 3598 3134 Deo

346 3163 697 3236 ἀγαπῶντες
719 3163 786 3217 τὸ
815 3160 1113 3231 σωτήριόν
1141 3177 1278 3216 σου.
1309 3159 1474 3214 Μόνοι
1506 3158 1614 3230 γάρ
1654 3159 1702 3213 oi
1734 3159 1917 3231 δαίμο-

2022 3157 2090 3212 ob
2111 3174 2338 3229 pravum
2369 3159 2536 3216 animi
2567 3156 2839 3218 affectum.
2879 3159 2950 3218 Ut
2979 3180 3110 3237 ergo
3133 3164 3188 3220 in
3220 3166 3334 3222 haec
3365 3184 3476 3224 non
3512 3168 3598 3224 in-

347 3275 437 3322 νες
485 3258 565 3319 είς
617 3255 795 3328 ψυχὴν
840 3251 1274 3310 ἐπιϐουλεύουσι·
1325 3253 1502 3326 ψυχῆς
1555 3253 1610 3306 δὲ
1667 3250 1922 3326 ἐπιϐουλὴ

347 3340 483 3403 Θεοῦ
529 3338 875 3420 άλλοτρίωσις
921 3341 1007 3400 διὰ
1045 3346 1148 3418 τῆς
1185 3344 1462 3417 ἐμπαθοῦς
1494 3346 1781 3417 γινομένης
1810 3346 1924 3399 δια-

301 3508 304 3512 ,
349 3441 567 3506 θέσεως.
612 3440 700 3504 Ὠς
743 3439 809 3493 ἀν
854 3434 944 3494 οῦν
995 3439 1068 3511 μὴ
1111 3439 1270 3493 τοῦτο
1311 3436 1492 3503 πάθοι,
1531 3439 1790 3511 αἰσχύνην
1818 3439 1924 3494 τῶν

351 3534 810 3589 ἀντιπαλαιόντων
859 3531 1095 3604 εῦχεται.
1138 3531 1306 3585 Τοῦτο
1335 3528 1391 3586 δέ
1423 3529 1574 3586 οὐδὲν
1615 3531 1742 3586 ἄλλο
1778 3533 1924 3586 ἐστὶν

350 3626 592 3700 ἢέαυτῷ
637 3627 791 3698 νίκην
839 3625 979 3680 κατά
1023 3625 1131 3681 τῶν
1174 3624 1448 3696 πολεμίων
1485 3624 1842 3692 ἐπεύξασθαιο
1875 3623 1926 3677 οἱ

351 3719 410 3775 δέ
444 3721 692 3792 πολέμιοι
740 3719 808 3774 τά
849 3719 994 3791 πάθη
1037 3719 1191 3774 εἰσίν.
1229 3718 1415 3782 Οὕτως
1453 3719 1719 3790 Ἱερεμίας
1766 3716 1925 3789 ζῆλον

352 3814 450 3885 τῆς
483 3813 787 3877 θεοσεϐείας
814 3812 970 3882 ἔχων,
1006 3811 1508 3883 εἰδωλολατροῦντος
1540 3803 1634 3864 τοῦ
1668 3805 1928 3881 βασιλέως

353 3905 449 3958 καὶ
504 3901 597 3956 τοῦ
648 3901 800 3965 λαοῦ,
828 3902 926 3954 οὐκ
977 3901 1106 3955 ἴδιόν
1157 3920 1208 3955 τι
1253 3897 1542 3970 θεραπεύει
1589 3899 1776 3962 πάθος,
1811 3897 1926 3952 ἀλλ’

354 3985 497 4064 ὕπέρ
537 3987 632 4045 τοῦ
686 3989 863 4045 κοινοῦ
908 3991 1015 4044 τῶν
1063 3985 1362 4062 ἀνθρώπων
1406 3989 1672 4062 προσάγει
1702 3989 1780 4060 τῷ
1811 3987 1929 4060 Θεῷ

353 4085 454 4158 τὴν
489 4084 691 4156 δέησιν,
730 4081 796 4156 τῇ
847 4083 988 4138 κατά
1015 4082 1123 4137 τῶν
1168 4078 1550 4154 ἀσεϐησάντων
1598 4077 1740 4153 ὁρμῇ
1786 4079 1930 4135 ἅπαν

357 4178 785 4250 σωφρονισθῆναι
831 4177 995 4242 ἀξιῶν
1035 4175 1095 4229 τὸ
1145 4174 1498 4248 ἀνθρώπινον.
1537 4174 1647 4228 Καὶ
1687 4173 1842 4246 Ὠσηέ
1875 4173 1930 4228 δὲ

357 4268 754 4340 πολυγονοῦσαν
785 4269 906 4322 τότε
938 4267 1034 4338 τὴν
1083 4268 1283 4322 κακίαν
1326 4268 1384 4322 ἐν
1427 4267 1538 4331 τοῖς
1575 4263 1932 4336 Ἰσραηλίταις

357 4365 422 4436 τῇ
455 4362 678 4434 ἀτεκνίᾳ
721 4360 1090 4424 καταδικάζει,
1133 4358 1354 4425 καὶτὰς
1399 4357 1599 4430 πικράς
1639 4356 1809 4430 θηλὰς
1835 4357 1932 4428 τῆς

2024 3250 2188 3316 cidat,
2215 3252 2542 3310 adversariis
2601 3254 2880 3310 infamiam
2931 3265 3205 3326 precatur.
3264 3260 3403 3315 illud
3462 3279 3597 3320 vero

2023 3343 2162 3399 nihil
2194 3343 2341 3400 aliud
2376 3353 2482 3411 est,
2513 3362 2678 3417 quam
2705 3346 2993 3404 victoriam
3027 3334 3133 3404 sibi
3166 3349 3235 3407 de
3265 3350 3600 3410 adversariis

2025 3437 2344 3507 postulare:
2394 3437 2598 3493 inimici
2649 3455 2777 3494 vero
2830 3447 2960 3496 sunt
2999 3439 3168 3496 animi
3216 3441 3464 3500 affectus.
3506 3441 3601 3500 Sic

2023 3527 2289 3585 Jeremias
2335 3531 2451 3586 zelo
2483 3531 2762 3602 religionis
2803 3531 3126 3602 instructus,
3157 3549 3286 3605 rege
3315 3542 3370 3590 et
3397 3537 3601 3607 populo

2026 3620 2170 3677 idola
2199 3622 2526 3689 colentibus,
2559 3639 2668 3678 non
2724 3625 3054 3693 peculiarem
3099 3625 3388 3697 quemdam
3433 3627 3600 3682 animi

2027 3712 2276 3769 morbum
2315 3723 2492 3782 curat,
2522 3713 2616 3772 sed
2648 3731 2748 3786 pro
2773 3718 3047 3772 communi
3075 3718 3357 3773 hominum
3392 3719 3603 3790 suppli-

2028 3807 2298 3862 cationem
2327 3806 2436 3863 Deo
2459 3807 2636 3876 oliert,
2664 3824 2862 3881 rogans
2887 3818 2946 3865 ut
2972 3817 3164 3868 contra
3203 3812 3399 3882 impios
3429 3810 3602 3883 impe-

2029 3905 2142 3952 tum
2179 3898 2375 3968 faciat,
2421 3909 2476 3956 et
2527 3901 2607 3957 sic
2657 3917 2848 3958 omnes
2898 3901 3149 3960 homines
3199 3902 3269 3959 ad
3319 3903 3602 3959 meliorem

2031 3991 2240 4064 frugem
2269 4003 2614 4050 revocentur.
2652 3994 2716 4048 Et
2745 3993 2883 4052 Osee
2912 3996 3176 4051 malitiam
3204 4003 3336 4051 tunc
3358 3995 3498 4067 apud
3524 3993 3604 4052 ls-

2029 4085 2254 4142 raclitas
2292 4102 2412 4143 sese
2441 4087 2916 4158 multiplicantem,
2949 4087 3332 4143 infecunditati
3358 4087 3602 4152 damnat,

2031 4187 2084 4232 et
2110 4177 2336 4234 acerbas
2367 4179 2576 4249 peccati
2600 4194 2864 4234 mammas
2891 4180 3161 4235 exsiccari
3209 4180 3414 4250 expetit
3447 4179 3515 4243 '°,
3543 4184 3606 4233 ut

2031 4284 2100 4324 ne
2131 4269 2332 4323 malum
2366 4269 2510 4340 apud
2539 4269 2788 4326 homines
2843 4273 2928 4326 vel
2980 4273 3230 4342 gignatur
3261 4271 3345 4326 vel
3403 4271 3601 4326 alatur.

2034 4357 2110 4413 Ac
2140 4358 2184 4415 si
2221 4359 2343 4430 quis
2371 4360 2512 4416 alius
2546 4361 2689 4431 apud
2740 4373 2962 4416 sanctos
2987 4363 3136 4417 viros
3169 4362 3367 4419 similis
3397 4378 3601 4428 sermo,

359 4455 631 4527 ἁμαρτίας
661 4453 991 4527 ξηρανθῆναι
1037 4451 1302 4522 βούλεται,
1331 4451 1406 4516 ὡς
1436 4450 1502 4505 ἂν
1535 4451 1671 4522 μήτε
1699 4450 1917 4503 τίκτοιτ‹

2035 4452 2130 4508 ira:
2163 4453 2398 4524 speciem
2455 4454 2778 4524 praeferens,
2826 4453 3278 4526 deprehenditur,
3339 4453 3408 4510 ad
3464 4455 3608 4511 hanc

359 4549 418 4602 ἐν
440 4551 550 4612 τοῖς
577 4546 881 4619 ἀνθρώποις
903 4544 963 4597 τὸ
981 4543 1172 4608 κακὸν,
1201 4544 1335 4616 μήτε
1362 4543 1630 4615 τρέφοιτο.
1650 4543 1759 4596 Καὶ
1783 4542 1917 4606 εἴτις

2037 4560 2263 4615 prorsus
2297 4553 2530 4600 mentem
2576 4547 2832 4617 respicit;
2866 4547 3074 4602 scilicet
3102 4547 3303 4600 malum
3337 4545 3605 4612 eliminat,

360 4635 516 4704 ἄλλος
564 4640 801 4703 τοιοῦτος
845 4640 902 4692 ἐν
949 4640 1058 4700 τοῖς
1108 4635 1278 4706 ἁγίοις
1321 4636 1516 4708 εὑρεθῇ
1567 4635 1720 4706 λόγος
1758 4631 1917 4706 θυμοῖ

2039 4636 2308 4693 hominem
2338 4654 2466 4694 vero
2488 4654 2594 4693 non
2626 4641 2827 4695 atterit.

360 4736 597 4808 ἔμφασιν
639 4735 797 4808 ἔχων,
851 4734 986 4807 πρὸς
1031 4732 1128 4805 τὴν
1163 4730 1416 4804 τοιαύτην
1449 4733 1662 4796 πάντως
1693 4729 1931 4786 διάνοιαν
1961 4729 2238 4806 βλέπει,ἢ
2300 4735 2528 4806 ἐξορίζει
2570 4733 2632 4788 τὸ
2679 4736 2873 4789 κακόν
2908 4737 3006 4790 οὐκ
3067 4735 3330 4807 ἐπιτρίϐει
3375 4735 3465 4790 τὸν
3518 4736 3610 4791 άν-

363 4833 595 4906 θρωπον.
705 4893 708 4896 ,

435 4955 497 5006 Ei
517 4953 575 5006 δέ
602 4969 685 5016 τις
713 4951 913 5022 ἑτέρως
948 4950 1014 5004 τὰ
1063 4949 1156 5003 τοῦ
1203 4949 1365 5002 Δαυῒδ
1402 4952 1541 5003 νοεῖν
1573 4950 1837 5021 βούλεται,
1864 4951 1917 5003 ὠ.

2108 4947 2262 5015 Quod
2295 4948 2342 5002 si
2384 4947 2510 5018 quis
2539 4947 2641 5000 alia
2691 4947 2904 5002 ratione
2960 4945 3182 5004 Davidis
3219 4947 3366 5003 dicta
3411 4949 3615 5006 intelli‘

363 5043 458 5097 τοῦ
498 5043 784 5114 Προφήτου
824 5042 949 5104 τοῦς
997 5041 1285 5112 δυσσεϐείᾳ
1320 5041 1596 5106 συζῶντας
1623 5043 1783 5114 ἀραῖς
1813 5043 1917 5096 ὑπο

2036 5054 2165 5110 gere
2201 5039 2350 5101 velit,
2379 5038 2452 5092 ita
2485 5047 2543 5091 ut
2567 5036 2835 5107 Pmpheta
2860 5052 2957 5093 eos
2996 5037 3090 5108 qui
3137 5037 3192 5093 in
3224 5037 3500 5110 impietate
3529 5041 3615 5093 vi-

366 5136 648 5198 6άλλοντος
671 5153 684 5166 ο
721 5136 814 5189 καὶ
845 5134 1016 5198 οῦτως
1054 5135 1277 5206 εὑρήσει
1316 5137 1381 5206 τῇ
1421 5134 1750 5206 άποστολικῇ
1796 5135 1917 5188 διδαη

2041 5139 2173 5186 vunt
2220 5130 2582 5186 exsecrationi
2635 5127 2930 5199 subjiciat:
2983 5130 3055 5185 ita
3100 5145 3319 5201 quoque
3374 5131 3616 5186 inveniet

370 5227 564 5299 σκαλία
593 5227 692 5298 τὴν
733 5227 1068 5298 προφητείαν
1110 5227 1532 5297 συμϐαίνουσαν.
1582 5227 1788 5293 Παῦλος
1833 5229 1917 5300 γάι

2038 5223 2380 5295 prophetiam
2403 5239 2528 5278 cum
2558 5223 2857 5294 apostolica
2880 5222 3131 5278 doctrina
3151 5224 3437 5293 quadrare.
3469 5221 3614 5275 Pau-

368 5317 671 5388 Κορινθίοις
701 5318 1045 5381 ἐπιστέλλων,
1077 5318 1315 5372 τοιοῦτον
1343 5318 1746 5391 ἀκροτελεύτιον
1772 5320 1917 5374 τέθει

2040 5320 2124 5373 ius
2161 5318 2363 5390 quippe
2400 5317 2700 5374 Corinthiis
2737 5317 3006 5383 scribens,
3032 5317 3136 5372 hoc
3166 5316 3326 5371 modo
3359 5313 3567 5368 claudit
3595 5335 3612 5372 :

369 5430 484 5468 κεν·
507 5414 580 5465 EI
600 5431 690 5477 τις
714 5416 785 5468 οὺ
809 5413 975 5483 φιλεῖ
994 5413 1098 5467 τὸν
1122 5415 1340 5482 Κύριον
1369 5414 1622 5481 Ἰησοῦν,
1652 5413 1772 5482 ἤτω
1797 5414 1917 5468 ἀνά

2047 5411 2108 5468 Si
2133 5413 2248 5484 quis
2275 5429 2378 5466 non
2411 5422 2555 5466 amat
2581 5411 2866 5466 Dominum
2908 5409 3110 5475 Jesum,
3139 5409 3420 5463 anathema
3451 5406 3520 5462 sit
3547 5408 3613 5466 ".

369 5510 533 5576 θεμα.
564 5505 721 5559 Ἴδιον
758 5504 866 5577 γὰρ
894 5503 1000 5560 τῶν
1034 5505 1252 5578 θερμῶς
1289 5505 1626 5576 ἀγαπώντων
1665 5506 1726 5559 τὸ
1764 5509 1917 5577 μισεῖε

2047 5503 2181 5558 Nam
2229 5519 2418 5560 eorum
2475 5505 2568 5576 qui
2631 5503 2882 5560 ardenter
2929 5509 3109 5557 amant
3167 5497 3443 5570 proprium
3490 5506 3616 5565 est,
3704 5496 3710 5504 ’

367 5601 492 5662 τοὺς
547 5596 833 5669 μισοῦντας
864 5597 954 5652 τὸν
1015 5597 1394 5669 ἀγαπώμενον.
1431 5599 1582 5668 Τάχα
1617 5597 1674 5651 δέ
1710 5596 1805 5651 καὶ
1842 5597 1917 5669 τὴε

2047 5597 2228 5652 odisse
2259 5611 2354 5652 eos
2385 5595 2477 5668 qui
2507 5595 2762 5651 dilectum
2793 5595 2916 5650 odio
2948 5592 3165 5646 habent.
3199 5586 3452 5646 Fortasse
3489 5588 3618 5645 item

444 5757 486 5789 δ’
523 5753 668 5814 Psal.
703 5771 904 5824 nux,
941 5755 1123 5812 H-l'l.
1195 5757 1243 5794 ὀ
1282 5755 1408 5812 Ose.
1447 5772 1532 5821 ιι,
1569 5755 1652 5826 ii.
1709 5719 1770 5788 "'
1818 5753 1834 5808 I
1866 5755 1990 5812 Cor.
2031 5771 2152 5816 XVI,
2195 5751 2285 5805 22.
