4040 6210
449 247 587 303 9995

1150 244 1420 303 EUSEBII
1457 245 1935 305 CESARIENSIS
1969 246 2119 304 OPP.
2162 246 2341 303 PARS
2377 245 2467 323 lll.
2510 279 2573 291 —
2618 247 3034 306 EXEGETICA.

3571 253 3723 309 1296

447 375 648 424 statum
680 364 772 436 qui
815 372 942 435 post
992 364 1452 422 resurrectionem
1488 364 1706 422 futurus
1759 372 1878 433 est,
1933 367 2008 422 hic

2127 366 2266 437 μετὰ
2321 365 2419 438 τὴν
2457 365 2754 419 ἀνάστασιν
2801 365 2890 419 διὰ
2931 366 3138 420 τούτων
3185 367 3215 420 ὁ
3252 363 3415 421 Δαυτδ
3460 370 3724 440 mmini

446 459 614 515 David
645 455 937 530 signiﬁcat,
971 455 1191 527 quando
1235 456 1369 511 dicit
1427 457 1595 512 laetari
1644 458 1931 514 Dominum
1966 459 2022 514 in

444 552 701 622 operibus
757 549 908 615 suis,
951 549 1332 606 deficientibus
1387 551 1764 621 peccatoribus
1792 566 1821 605 a
1856 559 2018 608 terra.

445 641 727 712 Quomodo
756 641 902 698 enim
961 641 1086 712 quis
1141 655 1174 694 a
1235 647 1461 712 peccato
1496 639 1916 709 denominetur,
1973 641 2020 697 si

443 745 729 811 peccatum
791 749 897 789 non
958 733 1156 788 fuerit?
1203 731 1329 788 Haec
1383 740 1442 788 tu
1487 747 1706 804 quoque
1761 747 2018 804 precare:

444 831 629 902 Aperi,
667 827 910 894 Domine,
941 828 1162 883 divitem
1203 841 1422 882 manum
1448 836 1595 882 tuam
1624 827 1691 882 ad
1719 827 2020 897 spiritualis

444 921 690 979 beneﬁcii
715 918 1212 992 dispensationem;
1245 925 1305 971 ut
1325 915 1667 972 amarissima
1695 925 1748 972 et
1781 916 2020 973 crudelis

442 1015 624 1070 anima
684 1027 801 1068 mea
856 1011 1146 1082 impleatur
1206 1009 1494 1064 bonitate:
1556 1008 1710 1065 mitte
1753 1006 2019 1080 Spiritum

443 1115 693 1160 sanctum
729 1114 903 1169 tuum,
925 1112 980 1159 et
1008 1116 1212 1158 renova
1239 1109 1550 1172 corruptam
1575 1108 1777 1156 terram
1809 1115 2017 1170 meam;

442 1206 502 1251 ut
540 1207 668 1251 mne
697 1197 844 1251 heter
870 1195 924 1248 in
955 1194 1212 1264 Operibus
1251 1193 1380 1258 tuis,
1409 1193 1695 1250 diabolicis
1727 1193 2018 1265 praestigiis

442 1291 498 1345 in
531 1289 695 1344 corde
727 1304 846 1343 meo
873 1286 1270 1342 deﬁcientibus.

515 1471 759 1537 Benedic,
789 1471 968 1524 anima
998 1485 1135 1534 mea,
1158 1468 1406 1523 Domino.
1424 1466 1691 1524 Omnibus
1711 1482 1834 1523 cum
1857 1465 2018 1524 laude

442 1563 734 1624 absolutis,
785 1562 839 1615 in
891 1559 1083 1616 eodem
1136 1559 1410 1615 versicqu
1457 1559 1727 1630 psalmum
1792 1558 2017 1614 benedi-

441 1658 621 1712 ctione
649 1654 876 1721 claudit,
907 1667 972 1709 ac
1002 1661 1128 1723 post
1157 1653 1364 1724 jactum
1409 1650 1823 1707 fundamentum
1843 1693 1858 1718 ,
1895 1667 2015 1707 ser-

2124 459 2478 522 κατάστασιν,
2513 462 2602 513 ὅτε
2651 460 2744 513 καὶ
2796 459 3182 531 εὐφραίνεσθαι
3233 455 3326 513 τὸν
3378 460 3586 532 Κύριον
3627 463 3724 515 ἐπὶ

2121 554 2236 615 τοῖς
2268 550 2449 623 ἔργοις
2473 551 2636 605 αὐτοῦ
2666 551 2838 620 λέγει,
2875 551 3206 605 ἐκλιπόντων
3237 551 3347 604 τῶν
3374 553 3722 625 ἁμαρτωλῶν

2123 643 2228 696 ἀπὸ
2252 644 2352 715 τῆς
2385 643 2508 714 γῆς.
2543 643 2667 708 Πῶς
2691 643 2801 715 γάρ
2826 661 2910 707 τις
2949 642 3009 708 ἐξ
3036 644 3313 715 ἁμαρτίας
3340 645 3719 716 ὀνομασθήσε-

2119 750 2232 800 ται,
2290 736 2390 808 τῆς
2427 735 2701 809 ἁμαρτίας
2745 737 2848 789 οὐκ
2908 733 3114 806 οὐσης;
3159 736 3396 790 Τοιαῦτα
3429 735 3593 806 εὐχου
3626 737 3723 790 καὶ

2123 825 2188 884 σύ
2208 847 2222 860 ·
2246 829 2515 895 ’Δνοιξον,
2533 829 2728 902 Κύριε,
2743 829 2844 902 τὴν
2865 829 3125 884 πλουσίαν
3151 847 3244 883 σου
3261 832 3418 901 χεῖρα
3441 832 3527 893 εἰς
3550 848 3720 902 χορη-

2119 923 2246 992 γίαν
2276 923 2653 995 πνευματικῆς
2691 923 3012 994 εὐεργεσίας
3034 940 3048 953 ·
3085 923 3175 978 ῖνα
3203 925 3238 995 ή
3283 925 3589 995 πικροτάτη
3624 925 3723 978 καὶ

2119 1015 2334 1089 ἀπηνής
2363 1032 2463 1088 μου
2503 1015 2651 1090 ψυχὴ
2691 1016 2907 1090 πλησθῇ
2947 1017 3335 1090 χρηστότητος.
3371 1017 3722 1072 Ἀπόστειλον

2118 1107 2181 1160 τὸ
2213 1106 2439 1179 Πνεῦμά
2462 1124 2556 1161 σου
2591 1108 2656 1162 τὸ
2683 1107 2859 1179 ἀγιον,
2893 1107 2989 1162 καὶ
3027 1107 3378 1162 ἀνακαίνισον
3416 1107 3516 1178 τὴν
3552 1125 3718 1162 κατε-

2120 1199 2438 1272 φθαρμένην
2469 1217 2570 1271 μου
2601 1203 2725 1281 γῆν,
2756 1201 2841 1254 ῐνα
2883 1200 3005 1254 τότε
3047 1199 3337 1271 εὐφρανθῶ
3363 1200 3453 1252 ἐπὶ
3472 1203 3586 1264 τοῖς
3615 1200 3717 1271 ἔρ-

2119 1306 2235 1358 γοις
2262 1309 2376 1356 σου,
2410 1292 2518 1346 τῶν
2559 1293 2894 1364 δαιμονικῶν
2941 1293 3420 1364 μαγγανευμάτων
3458 1293 3714 1347 ἐκλιπόν-

2117 1400 2225 1438 των
2255 1384 2363 1438 ἀπὸ
2388 1385 2486 1456 τῆς
2516 1385 2741 1457 καρδίας
2773 1403 2894 1456 μου.

2185 1475 2454 1546 Εὐλόγέι,
2480 1477 2518 1544 ἠ
2545 1476 2716 1546 ψυχή
2742 1495 2881 1546 μου,
2913 1476 3020 1530 τὸν
3046 1477 3287 1546 Κύριον.
3318 1475 3574 1529 Ἐνταῦθα
3601 1493 3702 1528 κα-

2117 1565 2357 1631 ταλύσας
2386 1567 2447 1621 τὸ
2479 1569 2586 1621 πᾶν
2620 1569 2702 1632 είς
2731 1567 3059 1637 δοξολογίαν,
3093 1569 3170 1632 είς
3198 1567 3474 1638 εὐφημίαν
3501 1566 3577 1636 τῷ
3609 1567 3710 1619 αὐ-

2117 1657 2197 1729 τῷ
2227 1658 2395 1730 στίχῳ
2431 1658 2706 1728 συγκλείει
2737 1659 2830 1713 τὸν
2854 1659 3090 1731 ψαλμὸν,
3147 1659 3362 1729 ἀσφαλῆ
3417 1658 3559 1730 μετὰ
3615 1657 3718 1711 τοῦ

442 1749 590 1805 moni
622 1754 828 1802 tectum
861 1746 1159 1816 imposuit,
1193 1759 1258 1800 ac
1302 1743 1570 1815 prooemio
1623 1751 2008 1814 congruentem

2120 1721 2378 1822 θεμελίου
2395 1749 2488 1803 τὸν
2510 1721 2721 1824 ’ὄροφον
2743 1721 2951 1816 ἐπιθεὶς
2969 1721 3055 1823 ’τῷ
3078 1721 3254 1823 λόγῳ,
3284 1721 3380 1805 καλ
3525 1768 3714 1822 προοι-

441 1841 604 1896 ﬁnem
637 1839 874 1894 induxit.
907 1837 990 1891 Tu
1019 1836 1190 1900 cnim,
1227 1836 1430 1905 inquit,
1465 1849 1499 1888 ο
1531 1836 1713 1889 anima
1767 1833 2016 1905 opiﬁcem

442 1945 507 1986 ac
530 1929 870 1986 Salvatorem
895 1937 1050 1982 tuum
1079 1926 1301 1982 assidue
1331 1925 1548 1997 hymnis
1577 1925 1873 1982 celebrato.
1899 1923 2018 1995 Ipse

443 2039 678 2093 namque
711 2029 766 2077 te
805 2037 836 2075 a
869 2028 1018 2076 sorte
1061 2019 1435 2090 improborum
1465 2018 1756 2081 amovebit,
1802 2027 1855 2071 et
1885 2033 2016 2071 san-

441 2128 659 2171 ctorum
687 2115 970 2171 consortio
1000 2113 1219 2186 dignam
1250 2112 1466 2168 eﬁiciet.
1496 2109 1636 2168 Tum
1669 2112 1725 2166 in
1761 2111 2012 2176 exordio,

442 2225 557 2270 tum
601 2214 656 2269 in
713 2213 819 2268 ﬁne
865 2211 1136 2268 sermonis
1173 2211 1278 2281 ipsi
1315 2209 1749 2266 benedictionem
1797 2209 2018 2264 emittas

438 2307 574 2363 Nam
600 2305 824 2362 assidua
871 2303 969 2360 Dei
997 2302 1306 2360 benedictio
1339 2302 1409 2358 ad
1454 2307 1666 2358 rectum
1704 2301 2016 2355 institutum

441 2400 606 2456 vitam
633 2398 928 2454 concinnat
964 2403 1234 2451 nostram.

969 2506 1340 2566 ALLELUIA.
1381 2505 1520 2564 CIV.

507 2603 674 2660 Vatis.
712 2605 766 2668 l,
797 2604 851 2660 2.
892 2600 1233 2673 Conﬁtemini
1288 2601 1529 2663 Domino.
1557 2609 1608 2656 et
1638 2601 1878 2656 invocate
1919 2617 2016 2655 no-

439 2711 555 2751 men
579 2696 715 2767 ejus,
733 2697 1046 2749 annuntiate
1077 2695 1214 2748 inter
1243 2703 1419 2764 gentes
1443 2709 1602 2762 opera
1630 2692 1763 2762 ejus.
1788 2691 2014 2748 Caritate

437 2790 485 2845 ei
519 2799 567 2844 et
615 2787 832 2857 psallite
876 2786 946 2852 ei,
967 2794 1184 2840 narrate
1227 2785 1404 2840 omnia
1432 2784 1705 2838 mirabilia
1733 2784 1867 2854 ejus.
1912 2783 2012 2840 Hic

438 2881 684 2950 psalmus
715 2879 929 2950 primus
957 2893 1146 2932 eorum
1186 2884 1272 2932 est
1303 2877 1395 2947 qui
1439 2877 1671 2930 Alleluia
1703 2877 2010 2931 inscribun-

438 2983 546 3028 tut‘.
593 2972 687 3028 Est
749 2978 931 3026 autem
991 2970 1224 3025 Alleluia
1290 2969 1602 3024 adhortatio
1656 2972 1907 3044 mystica,
1941 2972 2010 3027 ad

439 3073 604 3123 neum
648 3063 983 3120 laudandum
1014 3079 1202 3120 aurem
1240 3063 1524 3129 excitans,
1569 3063 1642 3117 ita
1677 3071 1736 3117 ut
1772 3062 1887 3117 haec
1937 3065 2008 3118 sit

435 3161 556 3230 ejus
583 3159 931 3230 signiﬁcatio,
960 3156 1201 3211 Laudate
1228 3155 1534 3214 Dominum.
1560 3155 1693 3210 Nam
1724 3155 1776 3210 in
1807 3157 2007 3226 quibus

435 3261 642 3310 sanct:e
695 3251 994 3322 Scriptura:
1051 3249 1301 3322 partibus
1347 3249 1460 3304 haec
1515 3265 1618 3303 vox
1677 3250 2004 3320 apponitur,

437 3344 678 3400 Laudare
723 3342 1039 3408 Dominum,
1086 3339 1370 3396 Hebraicis
1410 3341 1593 3395 verbis
1634 3356 1730 3412 per
1775 3340 2009 3394 Alleluia

435 3433 780 3506 exprimitur.
810 3432 914 3487 Per
940 3431 1073 3487 illud
1105 3431 1250 3488 enim
1285 3431 1479 3497 Allelu,
1509 3432 1627 3486 laus
1658 3431 2006 3503 intelligitur,

433 3543 554 3599 qua:
583 3525 650 3582 ad
693 3525 860 3582 Deum
886 3525 1154 3594 refertur;
1206 3524 1338 3579 illud
1372 3533 1554 3580 autem
1587 3524 1674 3589 Ia,
1711 3541 1881 3580 unum
1924 3534 2009 3582 est

432 3637 499 3676 ex
553 3620 870 3675 nominibus
925 3619 1082 3692 queis
1143 3618 1328 3674 divina
1390 3626 1586 3672 natura
1645 3619 2004 3690 significatur.

433 3709 630 3765 Totum
687 3725 815 3765 vero
863 3709 1093 3764 Alleluia
1154 3711 1460 3780 explicatur
1519 3711 1638 3764 laus
1700 3709 1816 3764 Dei.
1866 3711 2004 3765 Cum

431 3802 617 3874 itaque
663 3804 766 3858 hoc
815 3818 1016 3858 nomen
1066 3803 1393 3875 inscriptum
1423 3805 1478 3859 in
1518 3803 1822 3876 psalmodia
1852 3818 2007 3873 repe-

430 3895 603 3960 ritur,
636 3902 770 3950 tunc
807 3894 1217 3968 intelligendum
1240 3906 1324 3952 est
1357 3896 1412 3952 id
1457 3896 1603 3968 quod
1656 3896 2008 3967 subjungitur

431 3986 498 4040 ad
529 3987 743 4041 laudem
776 3986 868 4042 Dei
903 4003 1216 4057 provocare.
1245 3989 1336 4043 Sic
1371 3992 1422 4044 in
1458 3991 1749 4059 postremis
1772 3989 2006 4044 maxime

431 4077 558 4133 libri
598 4079 845 4148 psalmis,
876 4080 1030 4134 multi
1081 4081 1397 4150 hujusniodi
1440 4080 1581 4134 tituli
1618 4081 2004 4151 reperiuntur:

427 4168 588 4239 queis
622 4168 925 4240 intelligere
948 4169 1076 4226 licet
1098 4171 1202 4232 eis,
1240 4171 1332 4240 qui
1369 4170 1434 4225 ad
1469 4171 1689 4225 virtutis
1720 4171 2008 4241 perfectio-

429 4279 554 4319 nem
586 4262 700 4334 jam
738 4262 1078 4319 devenerunt
1106 4271 1160 4319 et
1184 4264 1276 4335 qui
1309 4278 1338 4318 a
1375 4263 1809 4334 praecedentibus
1856 4263 2006 4337 psal-

429 4358 624 4414 tuodim
685 4359 971 4430 partibus,
1027 4359 1326 4414 secundum
1393 4359 1718 4414 sententiam
1790 4357 2004 4428 purgati

430 4458 580 4517 sunt,
616 4450 711 4507 Dei
762 4450 950 4506 laudes
987 4451 1325 4505 convenire:
1377 4458 1539 4520 atque
1580 4465 1644 4505 ea
1688 4449 2004 4504 conditione

2121 1844 2228 1916 μίῳ
2253 1837 2429 1907 ἐοικὸς
2446 1843 2508 1897 τὸ
2529 1844 2679 1908 τέλος
2706 1844 3022 1912 ἐπαγαγών.
3048 1844 3119 1897 Σὺ
3152 1843 3283 1916 γὰρ,
3317 1843 3505 1913 φησὶν,
3539 1836 3585 1895 ὦ

2117 1937 2208 2007 χὴ,
2244 1936 2535 2007 ἐνδελεχῶς
2566 1937 2657 1990 τὸν
2686 1937 2777 1990 σὸν
2796 1935 2952 2008 ῦμνει
2975 1936 3306 2008 δημιουργὸν
3333 1936 3428 1990 καὶ
3456 1933 3705 2005 Σωτῆρα.

2116 2026 2287 2090 Αὐτὸς
2316 2028 2424 2098 γὰρ
2445 2027 2540 2080 καὶ
2575 2027 2669 2081 τοῦ
2696 2027 2804 2081 τῶν
2847 2026 3100 2098 πονηρῶν
3132 2027 3435 2097 ἀποστήσει
3478 2024 3708 2097 κλήρου,

2115 2123 2212 2175 καὶ
2241 2120 2350 2174 τῶν
2367 2120 2538 2189 ἁγίων
2568 2115 2850 2185 ἀξιοῦσθαι
2877 2121 3112 2192 ποιήσει.
3145 2121 3258 2173 Καὶ
3291 2118 3472 2191 ἀρχὴν
3499 2118 3591 2172 τοῦ
3621 2119 3708 2172 λό-

2116 2231 2213 2283 γου
2249 2213 2344 2266 καὶ
2372 2213 2523 2277 τέλος
2553 2213 2653 2284 τὴν
2680 2215 2761 2278 είς
2794 2212 2958 2268 αὐτὸν
2989 2211 3238 2282 εὐλογίαν
3267 2212 3446 2266 ποιοῦ.
3473 2213 3705 2282 Εὐλογία

2115 2302 2222 2374 γὰρ
2246 2301 2381 2356 Θεοῦ
2407 2302 2660 2374 διηνεκὴς
2691 2305 2773 2368 είς
2800 2300 3035 2368 εὐζωῖαν
3056 2303 3310 2375 ῥυθμίζει
3333 2303 3428 2357 τὸν
3442 2304 3705 2374 ἡμέτερον

2118 2394 2257 2465 βίον.

2573 2508 3018 2564 ἈΛΔΗΛΟΥΙᾹ.
3055 2509 3174 2564 ΡΔ’.

2195 2600 2685 2672 Ἐξομολοτεῒσθε
2718 2601 2800 2668 τῷ
2829 2604 3044 2670 Κυρίῳ,
3071 2601 3170 2656 καί
3209 2601 3601 2657 ἐπικαλεῖσθε
3638 2602 3708 2656 τὸ

2115 2692 2302 2762 ονομα
2329 2692 2539 2748 αὐτοῦ’
2568 2693 2968 2764 ἀπαγγείλατε
2985 2694 3056 2747 ἐν
3085 2692 3210 2760 τοῖς
3236 2692 3444 2748 ἔθνεσι
3472 2694 3546 2748 τὰ
3563 2694 3707 2762 ἔργα

2112 2784 2314 2840 αὑτοῦ.
2377 2786 2596 2856 ’ᾼσατε
2654 2786 2814 2852 αὐτῷ
2871 2785 2964 2840 καί
2991 2785 3228 2855 inuata
3258 2785 3447 2853 αὐτῷ,
3502 2785 3706 2855 διηγή-

2111 2880 2304 2930 σιισθε
2329 2875 2522 2930 πάντα
2543 2879 2615 2930 τὰ
2650 2877 2950 2947 θαυμάσια
2978 2878 3184 2933 αὐτοῦ.
3206 2879 3329 2931 Τῶν
3361 2879 3704 2950 ἐπιγεγραμ-

2115 2969 2294 3038 μένων
2327 2969 2691 3035 Ἀλληλούτα
2709 2969 2923 3041 πρῶτος
2937 2971 2963 3023 ὁ
2977 2970 3166 3041 παρὼν
3186 2971 3451 3042 τυγχάνει
3469 2971 3702 3043 ψιιλμὸς.

2115 3061 2270 3114 Ἐστι
2293 3060 2348 3114 δὲ
2365 3061 2425 3114 τὸ
2443 3061 2759 3132 Ἀλληλούῖα
2780 3064 3178 3135 παρακέλευσις
3195 3065 3434 3136 μυστικὴ
3454 3065 3591 3136 πρὸς
3604 3067 3704 3136 τὴν

2109 3153 2202 3208 τοῦ
2237 3153 2370 3207 Θεοῦ
2405 3154 2677 3225 ὑμνῳδίαν
2705 3153 2803 3228 τὴν
2825 3155 2992 3226 ἀκοὴν
3009 3155 3392 3230 ἐπεγείρουσα·
3422 3157 3512 3211 ῐνα
3535 3155 3706 3210 τοιοῦο

2110 3242 2257 3320 τονῇ
2300 3244 2491 3298 τούτου
2532 3245 2591 3298 τὸ
2619 3247 3034 3318 σημαινόμενον,
3066 3247 3296 3302 Ais-sire
3319 3247 3427 3302 τὸν
3463 3249 3698 3317 Κύριον.

2122 3336 2212 3390 Ἐν
2228 3331 2310 3401 οἷς
2341 3337 2451 3410 γάρ
2483 3337 2671 3408 μέρεσι
2699 3337 2798 3408 τῆς
2823 3339 2983 3408 ἁγίας
3018 3340 3238 3414 Γραφῆς
3263 3339 3408 3412 αῦτη
3436 3342 3693 3412 πρὸςκει-

2109 3445 2200 3482 ται
2256 3430 2290 3500 ἡ
2337 3429 2510 3501 φωνὴ,
2535 3431 2570 3499 ἡ
2612 3428 2869 3498 λέγουσα,
2913 3430 3141 3484 Αἰνεῖτε
3173 3433 3282 3485 τὸν
3324 3433 3559 3501 Κύριον,
3605 3431 3697 3484 διὰ

2108 3523 2203 3578 τοῦ
2231 3525 2594 3592 ’Λνιληλοὺἵα
2628 3526 2685 3577 ὲν
2710 3529 2831 3589 ταῖς
2871 3525 3186 3598 Ἑϐραϊκαῖς
3210 3529 3413 3596 φωναῖς
3433 3527 3491 3580 τὸ
3516 3525 3690 3579 τοροῦ⁴

2107 3631 2199 3668 τον
2221 3617 2562 3687 σημαίνεται.
2585 3617 2658 3670 Τὸ
2676 3617 2775 3688 μὲν
2811 3617 3110 3686 Ἀλληλοὺ
3133 3615 3282 3683 αἶνος
3303 3621 3506 3680 νοεῖται,
3530 3618 3684 3681 δςείς

2107 3708 2241 3762 Θεὸν
2271 3711 2368 3781 τὴν
2401 3709 2679 3781 ἀναφορὰν
2695 3710 2825 3782 ἔχει·
2855 3711 2986 3764 τὸδὲ
3021 3713 3112 3767 Ἷα
3144 3712 3202 3765 ἐν
3234 3711 3338 3764 τῶν
3367 3714 3684 3784 ἑρμηνευτι-

2107 3801 2222 3855 κῶν
2269 3803 2370 3873 τῆς
2407 3802 2622 3873 φύσεως
2669 3804 2770 3874 τῆς
2827 3803 2978 3868 θείας
3011 3805 3158 3858 ἐστὶν
3201 3806 3390 3877 ὄνομα.
3431 3805 3590 3857 Ὀλον
3629 3804 3690 3858 δὲ

2107 3895 2261 3964 κοινῇ
2277 3893 2359 3956 τὸ,
2378 3894 2752 3962 Ἁλληλούῖα,
2772 3891 2952 3961 Δῖνος
2969 3896 3116 3950 Θεοῦ
3133 3897 3511 3969 ἑρμηνεύεται.
3527 3899 3696 3952 Ὅταν

2105 3986 2284 4039 τοίνυν
2305 3986 2462 4040 τοῦτο
2485 3986 2546 4040 τὸ
2575 3987 2725 4059 ῥῆμα
2758 3989 3253 4060 προγεγραμμένον
3340 3991 3442 4061 τῆς
3463 3991 3694 4062 ψαλμῳ-

2105 4077 2242 4142 δίας,
2273 4078 2490 4150 νοητέον
2519 4078 2583 4132 ἂν
2631 4080 2714 4152 εἴη
2746 4080 2808 4133 τὸ
2843 4081 2954 4135 δεῖν
2987 4081 3203 4146 πάντως
3230 4080 3292 4134 τὸ
3332 4082 3696 4153 ὑποκείμενον

2106 4170 2188 4234 είς
2216 4169 2522 4240 δοξολογίαν
2545 4171 2697 4240 ἄγειν
2727 4171 2885 4225 Θεοῦ.
2917 4171 3072 4227 Οῦτω
3101 4174 3194 4228 καὶ
3225 4177 3340 4238 τοῖς
3368 4174 3696 4235 τελευταίοις

2109 4263 2343 4333 μάλιστα
2359 4268 2457 4336 τῆς
2491 4262 2672 4336 βίϐλου
2691 4267 2796 4318 τῶν
2821 4265 3052 4337 ψαλμῶν
3081 4268 3137 4321 αἰ
3168 4267 3360 4320 πολλαὶ
3391 4268 3505 4321 τῶν
3522 4266 3694 4321 τοιούσ-

2105 4374 2211 4410 των
2235 4357 2540 4432 ἐπιγραφαὶ
2583 4359 3022 4430 ὲφευρίσκονται,
3057 4361 3124 4413 δι’
3155 4352 3230 4414 ὧν
3273 4360 3425 4414 ἐστιν
3471 4362 3694 4423 ἐννοεῖν,

2107 4457 2188 4511 ὃτι
2203 4459 2316 4521 τοῖς
2345 4453 2446 4526 ἤδη
2479 4452 2615 4524 πρὸς
2639 4453 2699 4505 τὸ
2720 4453 2924 4506 τέλειον
2942 4451 3179 4522 φθάσασι
3202 4451 3303 4522 τῆς
3337 4454 3460 4506 κατ’
3491 4451 3694 4523 ἀρετὴν

429 4541 553 4596 illos
585 4557 708 4597 esse
729 4557 836 4612 qua
866 4541 1183 4611 angelorum
1215 4551 1407 4596 natura
1431 4558 1553 4616 esse
1579 4542 1841 4596 creditur.
1866 4539 2000 4594 Nul-

2112 4516 2400 4612 πολιτείας,
2435 4516 2538 4600 ὶςαὲ
2571 4544 2660 4599 διὰ
2691 4545 2798 4599 τῶν
2840 4516 3217 4617 προλαϐόντων
3252 4516 3349 4616 σῆς
3375 4516 3694 4615 sexageni;

430 4634 536 4687 lam
589 4635 736 4688 enim
784 4635 945 4688 aliam
1006 4650 1196 4688 eorum
1250 4635 1664 4704 occupationem
1709 4634 2002 4691 didicimus

427 4739 574 4788 esse,
599 4741 760 4794 quam
784 4725 954 4782 Deum
977 4727 1237 4795 laudare;
1268 4743 1445 4798 neque
1479 4728 1547 4783 iis
1582 4729 1675 4798 qui
1710 4727 1766 4783 in
1799 4729 2002 4784 virtute

427 4815 653 4887 perfecti
704 4825 831 4871 sunt
859 4819 962 4872 alia
1004 4835 1134 4876 cura
1167 4829 1222 4875 et
1268 4821 1510 4874 studium
1568 4829 1691 4884 est,
1725 4837 1890 4892 quam
1944 4831 2002 4876 ut

425 4910 846 4966 elﬁcianttotam
877 4911 1044 4966 vitam
1093 4927 1248 4968 suam
1279 4911 1373 4967 Dei
1414 4912 1627 4968 laudem
1678 4929 1821 4968 esse.
1847 4913 1996 4979 Quo-

426 5004 575 5058 niam
622 5002 788 5072 igitur
835 5003 871 5056 ii
917 5004 1112 5074 psalmi
1161 5007 1255 5076 qui
1305 5007 1717 5076 inscriptionem
1769 5007 1994 5070 habent,

426 5097 680 5163 Allelaia,
715 5112 906 5152 omnes
941 5096 1055 5154 fere
1087 5100 1140 5154 in
1189 5109 1464 5169 postrema
1499 5101 1813 5171 psalmodiis
1844 5113 1997 5172 parte

424 5189 930 5263 deprehenduntur,
973 5190 1099 5245 hinc
1141 5192 1442 5262 intelligere
1473 5193 1620 5255 licet,
1655 5193 1878 5249 sublimi
1915 5193 1993 5248 illi

425 5283 699 5348 ascensui,
760 5283 853 5353 qui
903 5282 959 5337 in
1013 5282 1239 5354 psalmis
1289 5286 1586 5352 reperitur,
1641 5285 1998 5355 pmeminere

422 5385 756 5446 postremam
803 5376 1119 5447 psalmodia:
1165 5385 1407 5448 partem,
1457 5377 1509 5431 in
1557 5393 1700 5446 qua,
1736 5387 1795 5432 ut
1825 5377 1996 5448 pluri-

424 5483 595 5532 mum,
633 5469 754 5526 laus
782 5469 900 5535 Dei,
935 5470 1052 5526 sive
1079 5467 1391 5524 adhortatio
1439 5470 1507 5524 ad
1547 5469 1717 5525 Deum
1765 5469 1996 5525 laudan-

423 5560 575 5625 dum,
613 5562 1010 5631 frequentatur.
1058 5562 1116 5618 In
1163 5564 1267 5616 hoc
1317 5577 1446 5632 ergo
1487 5565 1696 5632 psalmo
1729 5562 1994 5633 apostolis

424 5653 665 5723 praecipit
693 5652 930 5723 Spiritus
959 5665 1208 5721 sanctus,
1241 5663 1300 5710 ut
1329 5656 1510 5710 omnia
1546 5655 1842 5720 mirabilia,
1871 5669 1995 5726 qua:

421 5745 478 5800 in
506 5759 607 5802 suo
640 5745 876 5804 adventu
909 5749 1038 5806 fecit
1073 5748 1354 5816 Dominus,
1400 5751 1600 5816 pOpulo
1637 5765 1703 5805 ex
1738 5750 1992 5816 gentibus

2105 4639 2406 4713 τμημάτων
2461 4637 2602 4690 κατὰ
2657 4636 2755 4709 τὴν
2804 4637 3084 4710 νοηθείσαν
3115 4638 3204 4689 ἐπ’
3236 4636 3420 4691 αὐτῶν
3457 4636 3693 4708 θεωριαν

2105 4731 2546 4802 ἐκκαθαρθεῖσιν,
2597 4728 2828 4801 ἁρμόζει
2868 4730 2929 4782 τὸ
2974 4730 3143 4782 αἰνεῖν
3180 4727 3272 4782 τὸν
3303 4727 3458 4791 Θεὸν,
3497 4728 3601 4782 ’καὶ
3632 4729 3690 4781 ἐν

2102 4821 2312 4884 τούτοις
2337 4816 2496 4885 εἶναι,
2529 4822 2586 4873 ἐν
2621 4814 2701 4883 οἷς
2740 4819 2834 4872 καὶ
2866 4818 3032 4891 ήτῶν
3055 4818 3303 4887 ἀγγέλων
3327 4818 3490 4888 φύσις
3548 4811 3689 4870 εἶναι

2105 4912 2477 4967 πεπίστευται.
2524 4912 2662 4967 Οὔτε
2697 4912 2805 4984 γὰρ
2843 4911 3066 4965 ἐκείνων
3098 4909 3496 4982 μεμαθήκαμεν
3524 4911 3690 4980 ἀσχο-

2103 5004 2223 5058 λίαν
2253 5005 2419 5078 ἄλλην
2451 5005 2571 5060 τινὰ
2610 5005 2748 5076 πλὴν
2782 5004 2875 5058 τοῦ
2906 5006 3075 5058 αἰνεῖν
3108 5003 3199 5056 τὸν
3229 5001 3384 5066 Θεὸν,
3417 5001 3544 5055 οῦτε
3579 5003 3690 5064 τοῖς

2103 5099 2221 5152 κατ’
2247 5099 2446 5172 ἀρετὴν
2492 5099 2713 5162 τελείοις
2744 5098 2931 5169 ἕτερον
2954 5115 3006 5152 τι
3045 5094 3404 5160 σπουδάζεται
3433 5096 3467 5166 ἢ
3496 5094 3561 5147 τὸ
3589 5095 3689 5165 τὴν

2101 5191 2244 5264 ζωὴν
2288 5192 2479 5247 ἑαυτοῦ
2520 5189 2667 5246 αἶνον
2709 5188 2845 5244 εἶναι
2871 5191 3007 5244 Θεοῦ
3046 5190 3485 5262 παρασκευάσαι.
3535 5188 3690 5241 Ἐπεὶ

2099 5284 2277 5337 τοίνυν
2322 5285 2372 5338 oi
2420 5285 2520 5356 τὴν
2563 5283 2874 5356 ἐπιγραφὴν
2917 5284 3132 5354 ἔχοντες
3166 5282 3261 5336 τοῦ
3300 5283 3693 5350 Ἀλληλούτα,

2103 5378 2301 5440 πάντες
2334 5378 2518 5448 σχεδὸν
2549 5379 2627 5448 τῷ
2659 5377 2952 5446 τελευταίῳ
2979 5377 3227 5448 τμήματι
3243 5375 3346 5444 τῆς
3364 5371 3688 5444 ψαλμῳδίας

2099 5469 2461 5540 εὑρίσκονται,
2503 5469 2691 5540 σαφῶς
2723 5469 2836 5523 ἔστι
2863 5469 3215 5540 κατανοῆσαι,
3250 5467 3345 5521 καὶ
3384 5467 3467 5520 ὃτι
3503 5467 3686 5534 πάσης

2100 5561 2419 5634 ὑπέρκειται
2448 5562 2544 5634 τῆς
2576 5562 2783 5633 ὑψηλῆς
2831 5561 2919 5616 διὰ
2945 5560 3054 5614 τῶν
3099 5559 3332 5631 ψαλμῶν
3365 5547 3687 5620 ἀναϐάσεως

2097 5654 2159 5708 τὸ
2186 5654 2491 5708 τελευταῖον
2522 5655 2719 5726 τμῆμα
2737 5655 2838 5725 τῆς
2864 5653 3200 5726 ψαλμῳδίας,
3221 5655 3280 5705 ὲν
3294 5647 3414 5721 ᾧ·τὸ
3436 5651 3687 5724 πλεῖστον

2098 5751 2232 5805 Θεοῦ
2268 5746 2414 5815 alvo;
2441 5752 2609 5816 ἐστιν,
2657 5751 2774 5816 ἦτοι
2807 5750 2887 5812 είς
2919 5749 2981 5803 τὸ
3003 5749 3174 5802 αἰνεῖν
3204 5746 3294 5801 τὸν
3338 5744 3470 5800 Θεὸν
3500 5759 3680 5814 παρα-
