4040 6210
291 417 294 420 ~
308 391 443 445 ιειη

1425 391 1928 450 COMMENTARIA
1964 393 2032 447 IN
2069 391 2405 478 PSALMOS.

3421 395 3555 452 1298

311 509 574 574 κέλευσις.
603 512 931 583 Προστάττει
958 512 1138 582 μέντοι
1163 514 1222 567 ἐν
1253 511 1331 584 τῷ
1359 512 1495 583 μετά
1528 515 1716 584 χεῖρας
1744 512 1882 583 ψαλ-

1991 513 2353 584 patefaciant:
2387 517 2623 582 itemque
2653 518 2878 567 narrent
2914 528 3035 582 qua:
3080 511 3344 568 beneﬁcia
3371 515 3558 584 prisco

313 603 402 674 μῷ
420 605 534 667 τοῖς
559 604 734 672 ἁγίοις
765 605 1080 670 ἀποστόλοις
1104 604 1166 658 τὸ
1191 605 1415 676 Πνεῦμα
1435 605 1497 659 τὸ
1537 605 1692 674 ἅγιον
1720 604 1798 675 τῷ
1824 603 1883 671 ἐξ

309 693 480 749 ἐθνῶν
526 693 638 765 λαῷ
674 700 912 768 φανερὰς
941 697 1163 768 ποιῆσαι
1192 698 1372 760 πάσας
1399 696 1498 760 τὰς
1541 697 1882 768 θαυματουρ-

308 787 460 856 γίας,
495 786 562 850 ἃς
583 788 871 859 πεποίηται
904 789 998 841 ἐπὶ
1026 789 1127 859 τῆς
1158 787 1325 842 αὐτοῦ
1359 789 1662 858 παρουσίας
1692 790 1720 842 ό
1767 787 1882 841 Κύ-

313 895 446 951 ριος⁶
470 880 560 934 ναὶ
591 879 698 950 μὴν
727 882 820 934 καὶ
839 882 938 936 ὅσα
959 880 1293 952 εὐηργέτησε
1316 879 1408 933 τὸν
1427 879 1592 933 πάλαι
1611 878 1758 944 λαὸν,
1791 880 1885 934 καὶ

308 964 422 1022 οἷον
453 969 568 1022 ἀνθ’
597 969 712 1024 οἴου
743 970 1014 1041 ἐποίησεν.
1052 972 1173 1028 Ἔτι
1192 970 1249 1024 δὲ
1270 971 1328 1022 ὲν
1359 967 1535 1039 τούτῳ
1565 970 1660 1022 καὶ
1693 972 1880 1040 μνήμη

309 1059 419 1123 τῶν
449 1060 585 1132 πρὸς
615 1062 740 1126 τοὺς
781 1063 1120 1135 πατριάρχας
1147 1062 1252 1116 ὑπὸ
1279 1060 1373 1115 τοῦ
1411 1060 1546 1115 Θεοῦ
1581 1061 1884 1132 γεγενημέ-

310 1171 418 1209 νων
439 1155 800 1226 ὑποσχέσεων,
848 1157 942 1210 καὶ
972 1155 1080 1208 τῶν
1104 1154 1170 1208 δι’
1204 1153 1444 1216 ἐκείνους
1471 1153 1562 1206 ὑπ’
1585 1153 1748 1215 αὐτοῦ
1776 1172 1882 1208 πα-

314 1246 682 1316 ρασχεθέντων
727 1246 947 1315 ἀγαθῶν
976 1249 1088 1309 τοῖς
1136 1246 1359 1299 ἐκείνων
1389 1245 1652 1313 ἐκγόνοις.
1701 1245 1881 1316 Ἰκανὴ

312 1337 420 1410 γὰρ
448 1339 650 1392 τούτων
679 1341 712 1410 ή
743 1341 930 1410 μνήμη
949 1339 1077 1402 τοὺς
1107 1337 1376 1392 τοσούτων
1409 1337 1736 1411 εὐεργεσιῶν
1760 1339 1887 1391 ἀπο-

311 1430 613 1494 λαύσαντας
654 1433 734 1495 είς
755 1428 915 1502 ζῆλον
942 1431 1040 1501 τῆς
1065 1429 1174 1482 τῶν
1191 1430 1469 1501 προγόνων
1492 1431 1691 1503 ἀρετῆς
1719 1430 1888 1501 ἐρεθί-

311 1538 422 1578 σαι.
455 1522 704 1576 Διδάσκει
725 1521 783 1574 δὲ
821 1521 959 1575 κατά
985 1521 1148 1577 ταύτὸ
1174 1521 1378 1574 καὶτὸν
1404 1520 1522 1573 νέον
1555 1520 1702 1584 λαὸν,
1722 1521 1886 1591 ἧγουν

309 1613 437 1677 τοὺς
466 1613 525 1680 ἐξ
552 1612 720 1667 ἐθνῶν
747 1611 822 1676 ὡς
849 1613 949 1666 οὐκ
975 1613 1175 1676 ἀδίκως
1205 1611 1296 1666 τὸν
1340 1612 1637 1684 ἀχάριστον
1681 1613 1888 1665 ἐκεῖνον

1989 605 2066 659 illi
2119 607 2317 676 populo
2361 605 2703 668 exhibuerit,
2754 612 2809 660 et
2875 621 3039 675 quam
3098 606 3271 662 vicem
3327 607 3557 679 singulis

1988 710 2176 750 eorum
2210 695 2377 766 gestis
2406 695 2722 748 reddiderit.
2753 693 2980 764 Insuper
3014 695 3102 749 hic
3131 696 3556 766 promissionum

1989 800 2020 838 a
2059 785 2169 840 Deo
2205 785 2536 856 patriarcbis
2602 782 2872 840 factarum
2932 786 3137 840 mentio
3196 785 3458 851 habetur,
3503 794 3557 841 et

1989 884 2191 947 quanta
2229 876 2471 947 ipsorum
2503 875 2680 947 gratia
2707 876 2993 945 nepotibus
3030 891 3216 931 eorum
3252 878 3388 930 bona
3421 892 3555 932 con-

1984 983 2141 1024 cessa
2174 967 2396 1024 fuerint.
2429 966 2638 1024 Horum
2667 968 2869 1038 quippe
2901 970 3351 1024 commemoratio
3373 977 3458 1025 est
3488 968 3558 1025 ad

1983 1060 2247 1117 beneﬁcio
2263 1061 2495 1118 donatos
2514 1062 2672 1118 avitae
2694 1063 2912 1119 virtutis
2935 1062 3117 1118 studio
3140 1062 3558 1119 inﬂammandos

1982 1153 2140 1210 satis.
2169 1151 2370 1209 Postea
2407 1168 2538 1210 vero
2585 1154 2748 1210 docet
2779 1170 2981 1210 novum
3026 1156 3308 1225 populum,
3343 1154 3557 1210 scilicet

1986 1260 2053 1301 ex
2082 1245 2362 1316 gentibus,
2381 1261 2441 1302 se
2488 1246 2755 1316 ingratam
2794 1248 2938 1303 illam
2984 1255 3196 1318 gentem
3221 1247 3402 1302 divina
3430 1262 3557 1318 pro-

1989 1336 2230 1392 videntia
2258 1353 2369 1394 non
2396 1339 2598 1410 injuste
2621 1341 2910 1410 spoliasse,
2929 1349 2988 1396 ut
3021 1340 3224 1410 pariter
3252 1357 3317 1395 ex
3342 1339 3557 1410 justitia

1992 1431 2274 1485 sententiae
2305 1439 2496 1486 contra
2532 1433 2654 1488 illos
2685 1433 2828 1497 latae,
2856 1433 2974 1489 viso
3001 1435 3198 1504 ingrati
3229 1434 3394 1487 animi
3423 1448 3560 1504 pra:-

1995 1519 2128 1582 mio,
2161 1529 2487 1576 moneantur
2514 1536 2584 1576 ne
2617 1524 2672 1577 in
2705 1522 2894 1578 eadem
2929 1537 3035 1592 qua
3067 1505 3237 1578 Judmi
3284 1523 3371 1576 via
3407 1523 3558 1578 ince-

1994 1609 2154 1676 dant,
2197 1611 2292 1668 sed
2322 1613 2379 1667 in
2411 1623 2563 1669 recto
2588 1615 2725 1670 calle
2755 1615 3032 1672 insistant.

311 1704 438 1765 λαὸν
463 1706 562 1777 τῆς
584 1705 787 1771 οίκείας
813 1706 1135 1778 κηδεμονίας
1158 1705 1492 1778 ἐγύμνωσεν,
1521 1704 1596 1769 ὡς
1634 1703 1768 1776 όμοῦ
1817 1705 1884 1757 ὲκ
1911 1703 2009 1774 τῆς
2035 1706 2154 1759 κατ’
2182 1705 2405 1766 ἐκείνων
2427 1705 2801 1779 ἐξενεχθείσης
2820 1709 3002 1779 ψήφου
3041 1708 3102 1766 τὸ
3133 1708 3339 1762 δίκαιον
3396 1721 3562 1760 κατα-

314 1800 556 1873 μάθοιεν,
592 1802 810 1873 καὶτῆς
846 1800 1167 1873 ἀχαριστίας
1222 1799 1456 1871 ὁρῶντες
1483 1799 1554 1854 τὰ
1601 1799 1873 1870 ἐπίχειρα,
1909 1798 1984 1871 μὴ
2015 1799 2116 1870 τὴν
2165 1801 2334 1875 αὐτὴν
2376 1802 2645 1867 Ἰουδαίοις
2694 1803 2982 1873 βαδίζοιεν,
3015 1805 3152 1860 ἀλλὰ
3209 1805 3308 1876 τὴν
3348 1802 3562 1856 εὐθεῖαν

309 1893 430 1948 ὁδὸν
455 1892 712 1948 ὁδεύοιεν.
1258 1927 1262 1934 ›

393 2039 873 2114 Ἐξομολοτεῖσθε
896 2037 978 2105 τῷ
1014 2039 1227 2107 Κυρίῳ,
1257 2038 1355 2094 καί
1390 2038 1773 2095 ἐπικαλεῖσθε
1823 2039 1882 2092 τὸ

2060 2036 2394 2107 ϐοηβισηιὶηἱ
2429 2039 2676 2101 Domino,
2709 2049 2757 2092 et
2788 2041 3024 2100 invocate
3055 2059 3241 2097 nomen
3273 2045 3562 2103 eius.Cum

307 2137 495 2204 ὄνομα
523 2134 730 2188 αὐτοῦ.
755 2131 959 2201 Διπλῆς
986 2129 1152 2202 οὔσης
1179 2133 1236 2188 ἐν
1261 2136 1326 2205 τῇ
1352 2136 1593 2205 γραφικῇ
1627 2133 1883 2206 συνηθείᾳ

305 2227 404 2296 τῆς
450 2225 570 2279 κατ’
613 2224 999 2298 ἐξομολόγησιν
1048 2225 1342 2298 σημασίας,
1389 2225 1483 2278 καλ⁸
1522 2223 1615 2277 νῦν
1655 2225 1752 2296 μὲν
1785 2225 1883 2296 τὴν

304 2317 675 2389 ὲξαγόρευσιν,
696 2313 852 2382 αὖθις
872 2318 930 2373 δὲ
949 2318 1048 2391 τὴν
1072 2316 1419 2394 εὐχαριστίαν
1450 2315 1885 2386 ἐνδεικνυμένης,

305 2410 540 2465 ἐνταῦθα
585 2414 705 2465 κατ’
738 2411 1052 2485 ἀμφοτέρας
1087 2410 1185 2474 τὰς
1214 2410 1421 2475 ἐννοίας
1454 2410 1590 2482 πρὸς
1623 2410 1712 2463 τὸν
1762 2410 1883 2462 κατ’

305 2503 509 2576 ἀρετὴν
553 2503 666 2574 βίον
694 2502 1199 2576 χειραγωγούμεθαο
1228 2505 1263 2575 ἦ
1314 2520 1372 2556 τε
1400 2501 1508 2576 γὰρ
1536 2501 1885 2573 ἐξαγόρευσις

306 2595 584 2666 χωρισμόν
609 2613 734 2649 τινα
761 2597 854 2650 καὶ
868 2595 1220 2668 ἀλλοτρίωσιν
1241 2593 1350 2648 τῶν
1377 2593 1562 2655 κακῶν
1578 2591 1886 2665 ἀπεργάζε-

308 2671 421 2752 ται,
455 2688 515 2741 τό
536 2704 594 2740 τε
625 2688 761 2759 πρὸς
794 2689 891 2760 τὴν
909 2687 1259 2760 εὐχαριστίαν
1281 2685 1558 2758 πρόθυμον
1580 2685 1882 2751 πλεονάζει,

308 2780 402 2843 καὶ
417 2779 516 2852 τὴν
543 2779 670 2852 περὶ
697 2779 790 2833 τοῦ
807 2781 1095 2851 εὐεργέτου
1117 2779 1274 2851 χάριν
1294 2779 1385 2831 ἐπὶ
1408 2777 1516 2832 τῶν
1549 2777 1884 2849 εὐαισθήτως

305 2875 605 2946 δεχομένων
620 2874 718 2937 τὰς
733 2875 996 2939 εὐποιίας,
1026 2871 1466 2945 Παρακελεύεται
1481 2870 1658 2924 τοίνυν
1686 2871 1714 2923 ό
1729 2869 1886 2938 λόγος

306 2966 406 3039 τὴν
442 2967 856 3038 εὐχαριστήριον
884 2965 1156 3038 ὑμνῳδίαν
1180 2963 1529 3037 προσφέρειν,
1557 2962 1650 3015 καὶ
1682 2961 1888 3032 διηγεῖ-

181 3108 192 3116 .
309 3060 433 3116 σθαι
483 3059 585 3124 τὰς
628 3059 774 3125 θείας
825 3057 1164 3127 εὐεργεσίας.
1222 3057 1294 3110 Τὸ
1326 3056 1434 3128 γὰρ
1483 3053 1882 3118 ἐπικαλεῖσθε,

308 3153 648 3222 κηρύσσετε
689 3153 718 3205 ό
750 3150 1045 3222 Σύμμαχος
1087 3149 1451 3220 ἠρμήνευσεν·
1497 3146 1684 3218 ἔτερος
1712 3146 1769 3233 δέ
1797 3147 1888 3218 ἐρ-

313 3244 581 3316 μηνευτής
612 3261 765 3314 φησι,
791 3243 900 3296 Καὶ
929 3241 1307 3297 ἐπικαλεῖσθε
1329 3241 1648 3310 ἑτι-ὀνόματι
1675 3239 1881 3294 αὐτοῦ’

313 3337 456 3409 μέγα
484 3353 535 3390 τι
565 3336 952 3407 αἰνιττόμενος.
985 3335 1084 3387 Ἂν
1132 3332 1240 3405 γὰρ
1280 3332 1672 3404 ἐξομολογήσῃ,
1728 3331 1886 3402 φησὶ,

1991 2127 2272 2199 Scriptura
2327 2130 2499 2184 soleat
2549 2128 2750 2199 duplici
2785 2147 2951 2188 sensu
2993 2131 3395 2188 confessionem
3433 2149 3561 2206 p_ro-

1989 2219 2152 2288 ferre,
2198 2236 2263 2276 ac
2314 2221 2477 2276 modo
2509 2222 2612 2279 hac
2650 2239 2782 2281 voce
2813 2234 3164 2295 peccatorum
3195 2226 3562 2284 denuntiatio-

1988 2328 2133 2379 nem,
2170 2311 2332 2375 modo
2363 2315 2662 2384 gratiarum
2697 2317 2966 2378 actionem
3011 2319 3313 2389 signiﬁcet;
3343 2321 3432 2375 hic
3465 2339 3561 2380 se-

1988 2404 2225 2459 cundum
2253 2414 2539 2476 utramque
2569 2409 2859 2476 rationem,
2892 2409 2958 2464 ad
2999 2409 3164 2466 vitam
3197 2427 3322 2467 cum
3357 2415 3562 2472 virtute

1988 2495 2250 2566 agendam
2281 2495 2636 2552 instituimur.
2667 2497 2802 2552 Nam
2847 2499 3172 2555 confessio'a
3201 2502 3359 2558 malis
3380 2503 3562 2560 homi-

1988 2602 2112 2649 nem
2143 2595 2385 2644 semovet
2435 2597 2490 2644 ct
2521 2589 2588 2645 iis
2619 2591 2856 2651 alienum
2885 2591 3046 2649 eﬁicit
3073 2613 3085 2648 :
3133 2594 3434 2666 gratiarum
3460 2611 3558 2650 au-

1991 2685 2097 2734 tem
2141 2680 2370 2735 actionis
2430 2680 2676 2736 studium.
2710 2684 2852 2754 apud
2897 2683 3196 2745 beneﬁcum
3238 2695 3396 2757 auget
3429 2703 3557 2759 gra-

1988 2769 2120 2824 tiam
2151 2787 2277 2842 erga
2307 2788 2402 2828 eos
2433 2775 2525 2844 qui
2553 2783 2716 2846 grato
2737 2775 2918 2831 animo
2941 2776 3200 2834 beneﬁcia
3231 2781 3377 2835 nacti
3405 2788 3552 2837 sunt.

1991 2859 2250 2918 Hortatur
2283 2865 2463 2936 itaque
2486 2882 2666 2922 sermo
2699 2868 2765 2922 ad
2800 2867 3030 2940 hymnos
3058 2871 3354 2941 gratiarum
3386 2873 3557 2926 actio-

1989 2957 2076 3014 nis
2097 2956 2421 3021 elferendos,
2447 2968 2501 3014 et
2522 2961 2589 3014 ad
2613 2960 2796 3015 divina
2820 2962 3078 3017 beneﬁcia
3109 2965 3400 3019 narranda.
3421 2964 3559 3020 Nam

1990 3045 2145 3110 illud,
2174 3047 2427 3112 invocale,
2459 3047 2842 3121 Symmachus,
2874 3052 3172 3120 prwdicme
3192 3054 3350 3107 vertit
3376 3074 3389 3108 :
3419 3053 3558 3110 alius

1991 3148 2167 3194 autem
2207 3140 2474 3210 interpres
2524 3142 2619 3204 ait,
2673 3141 2737 3202 Et
2782 3143 3014 3197 invocata
3060 3145 3114 3199 in
3156 3147 3364 3200 nomine
3405 3147 3556 3216 ejus;

1991 3247 2245 3303 magnum
2277 3234 2554 3305 quidpiam
2607 3235 2984 3292 subindicans.
3025 3237 3092 3290 At
3127 3239 3272 3293 enim
3321 3240 3367 3296 si
3425 3255 3558 3294 con-

1993 3323 2172 3381 fessus
2206 3325 2405 3392 fueris,
2462 3327 2572 3392 ait,
2618 3334 2672 3383 et
2707 3338 2928 3398 peccata
2957 3329 3308 3401 deposueris,
3355 3347 3558 3388 nomen

308 3399 408 3485 καί
425 3428 632 3500 ἀποθῇς
657 3427 725 3481 τὰ
749 3399 1386 3498 ἀμαρτήματαξδῦνήσῃ,
1417 3399 1882 3496 μετὰ-παρρησίας

1987 3417 2108 3487 ejus
2162 3433 2286 3473 cum
2346 3417 2545 3473 ﬁducia
2589 3418 2894 3474 invocando
2936 3399 3132 3494 magna
3181 3422 3345 3479 edere
3391 3437 3556 3494 opera

305 3524 370 3577 τὸ
383 3523 551 3594 ὄνομα
582 3520 744 3576 αὐτοῦ
774 3519 1033 3582 καλέσας,
1075 3517 1285 3589 μεγάλα
1321 3516 1656 3588 ἐργάσασθαι
1681 3514 1879 3583 ἀγαθά.

308 3617 386 3670 Οὐ
415 3615 588 3687 μάτην
614 3613 670 3666 δὲ
697 3609 1129 3684 ἐξομολογεῖσθαι
1177 3609 1460 3681 πρότερον,
1497 3609 1592 3662 καὶ
1631 3606 1882 3678 δεύτερον

306 3705 962 3776 ἐπικαλεῖσθαιβούλεταισ
998 3701 1111 3756 ἀλλ’
1141 3701 1250 3765 ἴνα,
1288 3698 1518 3769 καθαροὶ
1551 3697 1640 3751 διὰ
1669 3697 1768 3767 τῆς
1798 3697 1883 3764 ἐξ·

1988 3509 2214 3564 valebis.
2251 3508 2436 3580 Neque
2466 3511 2586 3566 sine
2615 3526 2779 3567 causa
2826 3514 3002 3582 primo
3047 3514 3330 3582 conﬁteri,
3368 3523 3556 3586 postea

1988 3601 2244 3656 invocare
2271 3609 2522 3672 exoptat;
2550 3602 2645 3658 sed
2678 3614 2734 3658 ut
2765 3620 2860 3675 per
2883 3605 3282 3661 confessionem
3314 3608 3554 3680 purgati,

1987 3708 2053 3748 ex
2083 3708 2222 3762 puro
2251 3693 2616 3751 instrumento
2644 3696 2905 3767 hymnum
2925 3697 3238 3756 oﬁ‘eramus.
3309 3773 3313 3777 Δ

307 3797 650 3872 αγορεύσεως
672 3797 973 3867 γενόμενοι,
1003 3796 1066 3848 ἐκ
1084 3790 1323 3864 καθαροῦ
1347 3792 1578 3862 ὀργάνου
1599 3786 1693 3843 τὸν
1717 3788 1885 3860 ὕμνον
1914 3785 2392 3858 προσενέγκωμεν.

389 3936 804 4006 Ἐπαγτείλατε
830 3935 900 3989 ἐν
926 3933 1052 4001 τοῖς
1078 3933 1278 3987 ἔθνεσι
1306 3930 1376 3984 τὰ
1401 3929 1544 3999 ἔργα
1575 3929 1781 3984 αὐτοῦ.
1825 3928 1884 3992 Ὀ

310 4027 448 4101 μετά
468 4029 655 4100 χεῖρας
684 4021 834 4090 αἶνος
869 4025 966 4096 τὴν
1006 4024 1246 4096 ἱστορίαν
1273 4021 1621 4092 ἐπιτέμνεται
1643 4019 1741 4091 τὴν
1775 4019 1884 4074 ἀπὸ

320 4120 571 4194 Ἀϐραὰμ
597 4120 692 4172 καὶ
743 4119 836 4172 ἐπὶ
872 4117 1048 4184 ἔξοδον
1091 4116 1199 4171 τῶν
1241 4114 1371 4168 υἱῶν
1411 4112 1628 4184 Ἰσραὴλ
1650 4112 1750 4183 τὴν
1775 4112 1883 4166 ἀπὸ

308 4213 601 4284 Αἰγύπτου·
633 4211 700 4282 ην
747 4210 842 4267 καὶ
887 4207 1240 4278 ἐπαγγέλλειν
1289 4208 1402 4270 τοῖς
1441 4203 1618 4258 ἔθνεσι
1640 4203 1702 4256 τὸ
1741 4203 1883 4257 θεῖον

310 4305 533 4377 Πνεῦμα
560 4301 1010 4376 παρακελεύεται,
1029 4301 1168 4354 ὣστε
1183 4299 1276 4353 διὰ.
1295 4298 1497 4354 τούτων
1522 4295 1692 4365 δηλῶν
1713 4297 1880 4361 ἐστιν,

309 4401 385 4464 ὡς
400 4399 584 4471 όνησιν
611 4399 713 4451 οὐκ
742 4393 1015 4454 Ἰουδαίοις
1045 4391 1223 4462 μόνον,
1239 4389 1376 4444 ἀλλὰ
1401 4400 1496 4443 και
1515 4391 1624 4451 τοῖς
1641 4387 1698 4454 ἐξ
1714 4387 1883 4441 ἐθνῶν

312 4488 782 4562 πραγματεύεται,
814 4483 908 4539 τοῦ
937 4482 1250 4552 Πνεύματος
1279 4481 1406 4544 τοὺς
1449 4479 1556 4534 τῶν
1576 4477 1744 4532 ἐθνῶν
1776 4477 1883 4531 διε-

308 4584 584 4656 γείροντος
622 4581 869 4653 κήρυκας
902 4577 982 4640 είς
1005 4575 1068 4628 τὸ
1097 4573 1278 4644 ζητεῖν
1298 4571 1389 4623 τὸν
1417 4571 1621 4642 Κύριον
1660 4570 1754 4630 καὶ
1780 4586 1882 4640 κη-

311 4676 527 4749 ρύσσειν
557 4672 627 4727 τὰ
653 4671 782 4744 περὶ
820 4665 983 4724 αὐτοῦ
1027 4665 1359 4735 διηγήματα.
1402 4661 1511 4714 Καὶ
1540 4660 1712 4716 ταῦτα
1758 4659 1878 4732 μεθ’

311 4767 513 4840 ὕμνων·
533 4765 666 4837 φησὶ
677 4760 826 4832 γοῦν·
858 4761 1081 4830 ’ᾼσατε
1115 4752 1276 4818 αὐτῷ
1301 4751 1400 4807 καὶ
1430 4751 1663 4820 ψάλατε
1697 4749 1874 4817 αὐτῷ·

308 4860 431 4931 bim
443 4859 676 4927 ήσασθε
697 4853 893 4908 πάντα
923 4850 995 4905 τὰ
1040 4843 1342 4917 θαυμάσια
1382 4843 1588 4901 αὑτοῦ.
1623 4844 1878 4898 Βούλεται

307 4947 718 5020 ἀπαγγελθῆναι
756 4945 869 5008 τοῖς
895 4941 1121 5003 ἔθνεσιν,
1149 4937 1224 5001 ὡς
1248 4933 1500 5004 ἀγνοοῦσι
1531 4936 1624 4989 καὶ
1654 4935 1879 5006 μηδέπω

314 5039 703 5116 μεμαθηκόσιν,
750 5035 936 5094 ὁποίας
978 5031 1146 5086 πάλαι
1192 5027 1456 5100 πρότερον
1502 5027 1818 5096 εὐεργεσίας
1848 5025 1878 5080 ό

309 5133 442 5195 Θεὸς
467 5130 546 5200 τῷ
577 5131 825 5200 προτέρῳ
848 5123 962 5195 λαῷ
989 5122 1311 5194 παρέσχετοσ
1344 5119 1441 5173 ἰαὶ
1468 5118 1634 5182 ὅπως,
1670 5118 1878 5190 μυρίων

309 5222 532 5295 ἀγαθῶν
557 5219 708 5291 παρά
726 5219 820 5277 τοῦ
842 5217 976 5271 Θεοῦ
995 5213 1374 5286 τετυχηκότες,
1412 5210 1733 5284 παρέϐησαν
1752 5211 1879 5265 ἀσε-

310 5316 595 5388 ϐήσαντες·
636 5310 730 5363 καὶ
773 5308 848 5371 ὡς
888 5307 978 5361 διὰ
1017 5305 1117 5370 τὰς
1168 5303 1512 5378 παρανομίας
1558 5303 1735 5358 αὐτῶν
1777 5304 1876 5375 τῆς

311 5407 465 5469 θείας
520 5401 821 5471 ἐπισκοπῆς
876 5397 1281 5456 ἐκπεπτώκασι.
1318 5396 1544 5451 Κελεύει
1576 5396 1636 5450 δὲ
1664 5397 1757 5452 καὶ
1793 5398 1881 5468 ἑρ-

315 5496 518 5573 μηνέας
553 5492 799 5563 γίνεσθαι
836 5490 929 5546 καὶ
969 5489 1302 5563 σαφηνιστάς
1335 5490 1444 5545 τῶν
1481 5491 1540 5544 ἐν
1562 5491 1675 5554 τοῖς
1712 5488 1879 5555 θείοις

311 5588 514 5659 λογίοις
543 5585 888 5657 ἀπορρήτων·
931 5582 1082 5655 ,άπερ
1125 5581 1191 5636 ἂν
1221 5582 1306 5653 εἴη
1349 5582 1420 5637 τὰ
1464 5581 1742 5652 θαυμάσια
1777 5582 1878 5636 αὐ-

313 5681 427 5736 τοῦ·
464 5679 559 5734 καὶ
589 5675 774 5740 ἁπλῶς
808 5674 1102 5746 ὑμνῳδίαις
1141 5673 1303 5730 αὐτὸν
1327 5673 1650 5746 ἀμείϐεσθαι
1683 5675 1774 5728 καὶ
1814 5675 1882 5728 τὰ

315 5775 445 5846 παρ’
473 5771 636 5828 αὐτοῦ
670 5767 935 5839 γενόμενα
977 5769 1102 5832 τούς
1142 5766 1463 5838 ἀγνοοῦντας
1497 5767 1704 5836 διδάξαι
1753 5767 1883 5822 θαυ-

322 5867 512 5942 Mota.

2055 3925 2381 3980 Annuntiate
2426 3928 2564 3988 inter
2605 3937 2780 3998 gentes
2828 3943 2984 3996 opera
3040 3928 3176 3998 ejus.
3235 3927 3361 3984 Haec
3411 3929 3555 3996 laus.

1985 4033 2146 4088 qatam
2194 4025 2533 4086 tractamus,
2582 4019 2866 4075 historiam
2915 4021 3241 4091 compendio
3287 4030 3474 4078 narrat
3522 4037 3561 4080 λ

1985 4117 2228 4178 tempore
2283 4110 2581 4169 Abrahami
2627 4111 2698 4167 ad
2742 4112 2947 4170 exitum
2981 4112 3218 4170 ﬁliorum
3266 4114 3435 4170 Israel
3485 4129 3556 4169 ex

1983 4200 2246 4272 Atigypto;
2276 4218 2440 4272 quam
2472 4203 2725 4274 gentibus
2767 4205 3094 4261 annuntiare
3130 4207 3285 4274 jubet
3316 4204 3555 4275 Spiritus

1985 4292 2244 4360 divinus;
2268 4294 2341 4347 ita
2379 4301 2440 4348 ut
2472 4295 2557 4350 his
2592 4295 2834 4350 declaret
2876 4312 2986 4350 non
3017 4294 3331 4355 Judieorum
3364 4295 3552 4362 modo,

1985 4392 2082 4448 sed
2107 4392 2270 4448 etiam
2305 4392 2544 4462 gentium
2579 4392 2866 4468 utilitatem
2901 4393 3085 4446 curari
3113 4411 3125 4446 :
3159 4391 3364 4461 Spiritu
3401 4391 3554 4448 scili-

1985 4492 2071 4541 cet
2127 4499 2414 4559 praeones
2455 4485 2699 4556 gentium
2750 4485 3024 4542 excitante
3076 4486 3144 4542 ad
3195 4484 3552 4556 quaerendum

1984 4562 2271 4633 Dominum
2317 4585 2372 4633 et
2394 4579 2461 4633 ad
2490 4577 2832 4650 [indicanda
2865 4577 2987 4649 ejus
3013 4592 3197 4649 opera.
3229 4575 3395 4647 quue
3426 4591 3553 4632 cum
3573 4581 3590 4588 "

1983 4669 2200 4742 hymnis
2231 4669 2499 4740 agendum
2547 4669 2743 4734 docet,
2798 4671 2876 4725 ait
2919 4670 3065 4726 enim
3099 4689 3113 4725 :
3169 4668 3394 4726 Gantale
3422 4669 3470 4722 ei
3500 4677 3552 4724 et

1981 4762 2194 4832 psallite
2219 4762 2291 4828 ei,
2327 4771 2544 4819 narrate
2570 4764 2749 4819 omnia
2795 4759 3067 4819 mirabilia
3093 4763 3228 4833 ejus.
3259 4760 3388 4817 Vult
3419 4778 3554 4834 gen-

1981 4853 2165 4920 tibus,
2220 4861 2408 4925 utpote
2454 4855 2836 4926 ignorantibus
2882 4871 2948 4910 ae
2998 4854 3242 4916 nondum
3292 4853 3504 4912 edoctis
3531 4897 3547 4925 ,

1982 4947 2296 5002 annuntiari
2325 4956 2528 5018 quanta
2581 4948 2710 5004 olim
2756 4947 3019 5003 beneﬁcia
3063 4949 3212 5004 Deus.
3235 4949 3419 5019 prisco
3448 4965 3549 5019 po-

1982 5041 2111 5111 pulo
2157 5041 2514 5112 impertierit;
2558 5055 2623 5096 ac
2673 5041 2948 5111 quomodo
2977 5041 3054 5095 illi
3102 5041 3312 5096 inﬁnita
3355 5057 3385 5096 a
3440 5040 3551 5096 Deo

1984 5149 2216 5188 munera
2231 5135 2533 5197 consecuti,
2569 5133 2731 5204 impie
2757 5135 3088 5204 transgressi
3119 5135 3264 5202 sint;
3291 5149 3396 5205 qua
3419 5135 3548 5187 item

1981 5225 2192 5280 ratione
2223 5227 2294 5282 ob
2327 5225 2643 5295 iniquitates
2675 5240 2803 5280 suas
2830 5241 2861 5280 a
2897 5225 2989 5280 Dei
3034 5226 3371 5296 providentia
3410 5223 3549 5291 lapsi

1982 5315 2111 5373 sint.
2141 5313 2301 5374 lubet
2318 5325 2497 5370 autem
2524 5330 2619 5371 eos
2645 5321 2701 5370 et
2719 5316 3044 5386 interpretes
3070 5325 3124 5371 et
3169 5314 3555 5384 explanatores

1981 5420 2104 5462 esse
2123 5419 2451 5462 arcanorum
2481 5420 2602 5475 quae
2623 5405 2806 5461 divina
2827 5405 3040 5476 eloquia
3069 5404 3504 5471 complectuntur
3528 5417 3543 5454 :

1980 5513 2104 5570 quae
2153 5513 2287 5555 sane
2334 5497 2605 5554 mirabilia
2634 5497 2756 5568 ejus
2795 5497 3034 5553 fuerint:
3072 5511 3136 5550 ac
3169 5491 3446 5564 praecipit,
3489 5500 3557 5550 ut.

1982 5589 2200 5663 hymnis
2258 5591 2362 5660 ipsi
2417 5590 2591 5648 vicem
2637 5590 2972 5662 rependant,
3003 5573 3056 5645 et
3089 5587 3187 5642 abs
3219 5599 3278 5641 se
3334 5591 3560 5655 patrata

1985 5683 2255 5742 mirabilia
2286 5682 2669 5754 ignorantibus
2700 5683 2972 5753 aperiant.
