4044 6212
533 380 557 432 1
568 379 670 435 299

607 495 765 551 Vens.
799 496 854 550 '5'
881 496 934 549 ι.
980 495 1303 554 Laudamini
1354 501 1410 554 in
1464 503 1671 555 nomine
1716 511 1898 554 sancto
1931 500 2044 566 eius
2084 518 2100 554 :
2131 514 2178 569 Α

531 589 741 644 lectetur
769 606 860 643 cor
897 591 1244 660 quwrentium
1293 592 1601 649 Dominum.
1653 593 1887 661 Quwrite
1923 594 2106 649 Domi-

529 698 677 749 num,
711 692 760 736 et
795 683 1207 754 cunﬁrmamini,
1243 687 1463 757 quaerite
1513 685 1704 756 faciem
1737 687 1850 756 ejus
1884 703 2102 754 semper.

528 771 674 830 Laus
741 779 887 832 enim
929 785 983 834 et
1030 779 1202 850 gloria
1256 779 1322 834 iis
1385 787 1470 836 est
1521 780 1614 851 qui
1683 779 1777 836 Dei
1847 781 2106 836 virtutem

527 877 806 925 enarrant.
839 870 1035 942 Aquila
1077 887 1206 929 vero
1251 873 1373 928 loco
1418 874 1584 938 illius,
1643 873 1962 938 laudamini,
2021 874 2106 929 in-

527 969 879 1033 terpretatur,
915 965 1241 1034 gloriamini.
1275 964 1528 1036 Prmcipit
1558 976 1739 1022 autem
1769 983 1949 1022 sermo
1975 982 2104 1038 apo-

527 1050 686 1106 stolis
708 1066 1007 1123 eorumque
1035 1056 1471 1121 successoribus,
1505 1064 1562 1110 ut
1593 1073 1660 1113 ne
1709 1057 1762 1111 in
1791 1057 2019 1122 divitiis,
2048 1057 2102 1110 in

527 1142 750 1208 robore,
784 1144 838 1202 in
864 1148 1128 1215 pctentia,
1163 1149 1332 1203 altum
1364 1150 1577 1219 sapiant
1603 1169 1620 1206 :-
1651 1150 1746 1206 sed
1775 1151 1831 1205 in
1862 1151 1976 1206 veri
2005 1150 2101 1207 Dei

525 1237 841 1313 cognitione
867 1247 922 1294 et
951 1241 1314 1311 providentia,
1350 1257 1414 1297 ac
1449 1247 1503 1296 in
1537 1259 1602 1298 eo
1635 1244 1779 1313 quod
1804 1242 2103 1298 Christiani

526 1309 813 1385 vocentur.
848 1309 966 1386 Hoc
1012 1336 1144 1386 item
1170 1333 1325 1402 jubet
1356 1334 1578 1389 divinus
1607 1309 1921 1404 Apostolus,
1972 1334 2101 1388 dum

527 1421 605 1475 ait
637 1441 650 1477 :
680 1421 784 1489 Qui
822 1423 1102 1495 gloriatur,
1134 1427 1188 1480 in
1223 1426 1444 1481 Domino
1485 1427 1739 1498 glorietur
1768 1444 1787 1481 :
1824 1443 1927 1481 non
1965 1428 2104 1481 enim

524 1514 617 1583 qui
643 1515 872 1584 seipsum
917 1518 1246 1572 commendat
1289 1518 1378 1574 ille
1405 1521 1657 1589 probatus
1685 1529 1794 1585 est,
1832 1520 1922 1575 sed
1951 1537 2102 1591 quem

524 1605 784 1662 Dominus
807 1610 1133 1664 commendat
1153 1613 1219 1666 ⁵³.
1245 1611 1480 1682 ldipsum
1501 1613 1786 1678 Jeremias,
1809 1614 1860 1668 id
1885 1615 2124 1684 sapien-

525 1701 735 1756 tisslma
758 1702 914 1758 Anna
941 1706 1300 1774 pronuntiant
1333 1725 1344 1759 :
1375 1703 1498 1760 Non
1529 1707 1786 1776 glorielur
1810 1708 2019 1776 sapiens
2048 1709 2104 1761 in

523 1794 786 1862 sapientia
819 1812 937 1862 sua,
973 1805 1022 1850 et
1061 1814 1164 1850 non
1210 1797 1469 1867 glorietur.
1511 1797 1672 1866 fortis
1703 1799 1759 1852 in
1789 1798 2103 1867 fortitudine

1166 379 1462 448 {'EUSEBII
1515 383 1998 444 CESARIENSIS
2027 385 2176 443 OPP.
2222 383 2401 441 PARS
2426 384 2514 441 ill.
2536 383 3035 443 —EXEGETICA.

3651 384 3801 445 1500Γ

2289 499 2656 557 Ἐπαινεῗσθε
2685 502 2757 555 ἐν
2779 499 2860 566 τῷ
2886 501 3132 569 ὀνόματι
3159 498 3240 565 τῷ
3276 499 3424 569 ἁγίῳ
3451 499 3661 554 αὐτοῦ·
3693 504 3792 556 εὐ-

2208 593 2521 664 φρανθήτω
2566 592 2778 661 καρδία
2827 592 3164 661 ζητούντων
3200 589 3308 644 τὸν
3331 592 3570 659 Κύριον.
3603 593 3790 662 Ζητή-

2207 699 2355 740 σιιτε
2401 683 2509 738 τὸν
2545 685 2782 754 Κύριον,
2813 683 2916 738 καὶ
2947 680 3362 752 κραταιώθητω
3381 682 3679 751 ζητήσατε
3723 685 3788 739 τὸ

2206 779 2532 848 πρόσωπον
2552 776 2737 831 αὑτοῦ
2753 776 3098 843 διαπαντός.
3126 776 3386 839 Ἔπαινος
3413 774 3524 846 γὰρ
3551 777 3649 828 καλ⁵
3665 775 3788 840 δόξα

2206 873 2318 932 τοῖς
2336 869 2434 940 τὴν
2452 868 2652 941 ἀρετὴν
2679 867 2773 922 τοῦ
2793 867 2927 922 Θεοῦ
2955 868 3353 940 διηγουμένοις.
3387 869 3444 921 Ὁ
3459 868 3523 926 δὲ
3557 868 3788 933 Ἀκύλας

2206 961 2327 1015 ἀντὶ
2364 959 2456 1013 τοῦ
2512 959 2871 1026 ἐπαινεῖσθε,
2917 957 3229 1028 καυχᾶσθε
3271 958 3505 1014 τέθεικε.
3537 963 3787 1035 Παρακε-

2205 1052 2420 1106 λεύεται
2445 1051 2502 1104 δὲ
2527 1053 2555 1104 ὁ
2587 1051 2742 1121 λόγος
2760 1053 2872 1115 τοῖς
2912 1052 3231 1115 ἀποστόλοις
3264 1053 3358 1106 καὶ
3385 1057 3499 1117 τοῖς
3523 1055 3788 1126 διαδόχοις

2207 1145 2407 1210 αὐτῶν,
2446 1146 2520 1217 μὴ
2565 1146 2657 1198 ἐπὶ
2687 1143 2922 1214 πλούτῳ,
2969 1145 3043 1216 μὴ
3068 1145 3159 1198 ἐπὶ
3195 1145 3375 1219 ῥώμῃ,
3401 1147 3478 1218 μὴ
3495 1147 3589 1199 ἐπὶ
3625 1147 3784 1200 δυνα-

2208 1241 2380 1312 στείᾳ,
2431 1241 2572 1311 μέγα
2596 1240 2833 1310 φρονεῖν·
2865 1237 2978 1290 ἀλλ’
3023 1239 3081 1291 ἐν
3126 1241 3189 1309 τῇ
3230 1237 3321 1291 τοῦ
3367 1238 3621 1310 ἀληθινοῦ
3650 1239 3787 1294 Θεοῦ

2189 1333 2402 1402 γνώσει
2429 1333 2525 1387 καὶ
2548 1330 2858 1403 προμηθείᾳ
2884 1331 2978 1384 καὶ
3001 1329 3079 1400 τῷ
3098 1329 3380 1385 καλεῖσθαι
3405 1331 3784 1404 Χριστιανούς.

2206 1425 2380 1480 Τοῦτο
2404 1423 2762 1496 παρηγγύησε
2784 1423 2875 1476 καὶ
2891 1425 2919 1476 ὁ
2941 1423 3085 1487 θεῖος
3120 1422 3455 1486 Ἀπόστολος·
3485 1423 3534 1476 Ὁ
3550 1422 3788 1492 καυχώ-

2199 1536 2386 1588 μενος
2416 1517 2544 1589 γὰρ,
2585 1516 2767 1586 φησιν,
2794 1515 3077 1583 ὲνΚιφίῳ
3117 1513 3459 1584 καυχάσθωο
3489 1517 3559 1569 οὐ
3602 1516 3710 1586 γὰρ
3751 1519 3792 1572 ό

2204 1611 2423 1668 ἑαυτὸν
2449 1608 2755 1665 συνιστῶν
2778 1607 3007 1675 ἐκεῖνος
3034 1608 3295 1678 δόκιμος,
3335 1610 3475 1663 ἀλλ’
3509 1609 3582 1662 ὃν
3609 1613 3641 1664 ό
3672 1610 3789 1664 Κύ-

2197 1720 2329 1772 ριος
2363 1701 2712 1769 συνίστησι.
2764 1699 2947 1754 Ταῦτα
2975 1699 3069 1753 καὶ
3103 1699 3374 1769 Ἱερεμίας
3409 1698 3504 1752 καὶ
3539 1701 3574 1771 ἡ
3614 1714 3789 1769 σοφω-

2203 1795 2339 1866 τάτη
2377 1795 2545 1848 Ἀννα
2574 1792 2811 1860 διέξεισι·
2843 1791 2940 1860 Μὴ
2987 1790 3312 1860 καυχάσθω
3342 1794 3376 1846 ό
3403 1793 3601 1860 σοφὸς
3627 1792 3698 1845 ὲν
3717 1790 3788 1859 τῇ

523 1901 646 1950 sua,
677 1896 726 1940 et
755 1903 857 1941 non
907 1888 1164 1958 glorietur
1210 1886 1354 1942 dives
1397 1889 1452 1941 in
1505 1887 1707 1943 divitiis
1741 1889 1852 1942 suis
1879 1903 1896 1941 :
1928 1887 2018 1942 sed
2045 1889 2099 1943 in

2203 1888 2390 1956 σοφίᾳ
2411 1885 2617 1954 αὑτοῦ,
2654 1885 2751 1940 καὶ
2771 1883 2857 1955 μὴ
2888 1883 3212 1953 καυχάσθω
3249 1886 3282 1938 ὀ
3313 1885 3571 1953 ἰσχυρὸς
3601 1884 3675 1937 ἐν
3713 1883 3787 1952 τῇ

522 1975 620 2034 hoc
648 1978 903 2051 glorietur
931 1980 1021 2050 qui
1043 1979 1326 2053 gloriatur,
1353 1980 1690 2054 intelligendo
1715 1992 1763 2036 et
1787 1997 2101 2052 cognoscen-

523 2069 610 2133 do,
635 2073 759 2140 quia
781 2088 873 2142 ego
901 2088 1018 2128 sum
1051 2071 1330 2137 Dominus,
1364 2074 1455 2146 gui
1478 2073 1633 2143 facio
1681 2074 2100 2130 misericordiam

522 2171 573 2218 et
594 2163 865 2232 justitiam
892 2165 947 2222 in
978 2172 1120 2219 terra
1160 2165 1227 2219 ⁸³.
1253 2165 1485 2230 Lwtetur
1508 2185 1600 2223 σοι’
1618 2169 1965 2239 quaerentium
1986 2167 2098 2230 Do.-

523 2251 752 2321 minum,
786 2255 839 2310 id
868 2263 974 2321 est,
1007 2258 1377 2317 invocantium
1398 2276 1521 2316 eum
1548 2261 1616 2316 ad
1647 2261 1958 2331 opem.sive
1986 2263 2099 2323 vir-

521 2354 638 2402 tute
677 2347 744 2404 ad
778 2364 903 2404 eum
941 2350 1300 2418 tendentium,
1326 2367 1356 2406 a
1382 2353 1583 2424 quibus
1611 2354 1777 2415 etiam
1803 2351 2094 2415 invenitur.

521 2441 688 2499 Docet
729 2451 907 2502 autem
937 2452 1139 2524 quanta
1172 2447 1382 2511 utilitas
1405 2463 1473 2509 ex
1513 2446 1858 2506 confessione
1900 2462 2096 2517 prove-

521 2533 652 2589 niet.
688 2533 823 2590 Nam
847 2537 993 2607 quod
1034 2538 1384 2609 quaesivistis,
1421 2539 1518 2603 ait.
1564 2539 1619 2596 id
1657 2538 1869 2596 accidet
1909 2539 2098 2606 vobis;

519 2625 772 2682 videlicet
803 2629 970 2683 animi
1015 2629 1200 2688 laetitia
1233 2650 1246 2686 :
1281 2632 1373 2693 illa
1415 2632 1615 2708 quippe
1649 2631 1764 2703 spei
1794 2631 1906 2687 Deo
1941 2648 2098 2703 repa-

520 2717 640 2774 sltae
683 2717 897 2781 fructus
946 2729 1052 2777 est.
1097 2721 1482 2787 Animadverte
1525 2732 1704 2785 autem
1752 2727 2027 2797 quomodo
2064 2741 2097 2789 a

522 2811 875 2872 confessione
925 2813 1211 2885 inceperit,
1252 2825 1304 2871 et
1331 2815 1386 2870 in
1418 2816 1663 2877 lzetitiam
1698 2816 1929 2878 desinat.
1958 2815 2095 2872 Nam

520 2905 798 2978 profectus
838 2906 1139 2962 secundum
1187 2906 1355 2964 Deum
1402 2909 1620 2971 initium
1663 2908 1938 2969 confessio
1969 2917 2094 2977 est;

521 2992 647 3047 finis
674 2999 853 3049 autem
892 2994 1076 3050 laztitia
1121 2995 1419 3061 secundum
1471 2998 1638 3054 Deum
1667 3018 1682 3062 ε,
1703 3000 1936 3070 plurima
1966 3014 2097 3057 vero

523 3092 651 3140 sunt
670 3084 726 3142 in
745 3086 923 3142 medio
948 3087 1142 3145 horum
1173 3089 1373 3164 posita.
1401 3088 1630 3161 Oportet
1653 3091 1816 3162 igitur
1848 3091 2096 3151 homines

521 3177 701 3249 primo
731 3178 976 3234 confiteri
1007 3178 1238 3237 Domino
1268 3196 1364 3252 per
1392 3183 1660 3236 sinceram
1695 3182 2091 3252 paenitentiam,

522 3283 588 3323 ac
637 3284 733 3340 per
774 3269 986 3326 fructus
1034 3271 1362 3328 confessioni
1425 3281 1787 3344 congruentes
1837 3290 1850 3326 :
1901 3273 2097 3330 deinde

521 3375 653 3418 vero
690 3362 755 3416 ad
791 3362 1016 3417 meliora
1042 3362 1314 3434 profectos
1343 3365 1615 3424 conlidere
1639 3374 1694 3422 et
1718 3367 1973 3427 invocare
1999 3384 2098 3423 no-

519 3468 645 3509 men
673 3453 792 3525 ejus
825 3473 839 3509 :
868 3455 1056 3528 sicque
1082 3457 1173 3511 ubi
1202 3467 1326 3528 post
1354 3456 1762 3514 confessionem
1801 3460 2097 3522 invocave-

520 3547 631 3608 rint
658 3562 806 3614 eum,
855 3548 1057 3605 divinis
1109 3549 1530 3608 charismatibus
1570 3549 1804 3620 donari;
1851 3551 1953 3607 sub
1983 3553 2099 3612 haec

520 3639 608 3697 his
631 3642 892 3713 acceptis,
924 3658 1090 3715 opera
1111 3657 1232 3716 quae
1262 3641 1570 3703 didicerunt
1598 3645 1854 3706 omnibus
1885 3661 2099 3703 annun-

519 3733 729 3800 tiando,
751 3734 873 3790 aliis
904 3749 1118 3805 quoque
1147 3734 1307 3790 utiles
1330 3750 1451 3790 esse
1485 3753 1497 3788 :
1526 3749 1590 3788 ac
1621 3746 1816 3804 praeter
1836 3736 1950 3790 haec
1981 3751 2100 3790 0mm.

519 3827 634 3890 nia,
667 3833 856 3897 utpote
903 3827 1091 3881 laetitia
1129 3827 1242 3891 illa,
1283 3843 1406 3898 qua:
1453 3829 1759 3884 secundum
1791 3829 1958 3883 Deum
1991 3838 2094 3897 est,

520 3919 794 3989 dignatas,
824 3930 1048 3976 cantare
1089 3921 1140 3975 ei
1166 3929 1219 3976 et
1241 3921 1473 3990 psallere
1495 3923 1543 3976 ei
1578 3941 1592 3977 :
1624 3921 1923 3978 secundum
1960 3921 2095 3987 hzec,

519 4013 901 4082 explanatores
924 4029 1045 4069 esse
1073 4029 1417 4082 arcanorum,
1449 4031 1569 4086 qua:
1597 4018 1649 4069 in
1672 4014 1874 4071 divinis
1896 4029 2099 4069 sermo-

518 4103 683 4158 nibus
711 4105 1095 4172 continentur;
1124 4106 1273 4170 hinc,
1306 4115 1492 4176 utpote
1524 4107 1618 4177 qui
1647 4107 1762 4161 haec
1797 4107 1980 4160 omnia
2011 4121 2098 4162 re-

518 4203 606 4251 cte
629 4196 962 4268 peregerint,
991 4197 1202 4253 laudari
1232 4199 1286 4253 in
1312 4199 1534 4255 nomine
1555 4199 1708 4270 ejus;
1733 4199 1951 4254 demum
1975 4209 2098 4270 post

517 4289 635 4345 haec
691 4291 875 4346 omnia
941 4291 1122 4347 anima
1178 4292 1372 4358 lactari,
1417 4309 1538 4364 quae
1585 4308 1682 4348 cor
1714 4293 1936 4348 dicitur.
1973 4292 2099 4350 Haec

517 4399 680 4455 porro
709 4400 830 4456 qua;
859 4384 1146 4440 Dominum
1181 4386 1451 4456 quaesivit,
1481 4394 1598 4440 tum
1627 4401 1695 4442 ex
1726 4387 1843 4457 ipsa
1874 4387 2098 4458 perqui-

515 4475 738 4537 sitione,
765 4481 881 4528 tum
914 4475 1059 4545 quod
1089 4476 1385 4545 quaerendo
1434 4477 1694 4547 reperiat,
1748 4492 1812 4533 ea
1855 4494 1976 4548 qua:
2009 4494 2098 4534 se-

516 4566 755 4621 cundum
783 4565 953 4621 Deum
987 4574 1070 4622 est
1102 4567 1288 4622 laetitia
1324 4567 1558 4624 fruatur.

587 4749 779 4805 Isthmo
810 4765 941 4805 vero
965 4750 1148 4805 omnia
1181 4750 1394 4806 aestimo
1421 4751 1492 4807 ad
1540 4767 1830 4823 personam
1865 4765 2090 4828 aposto-

517 4842 694 4897 lorum
726 4857 756 4895 a
780 4841 986 4913 Spiritu
1019 4851 1212 4899 sancto
1241 4843 1457 4900 referri.
1484 4844 1619 4901 Nam
1653 4847 1787 4904 illud
1821 4867 1834 4903 :
1864 4851 2090 4906 Annun-

517 4935 646 4988 tiate
671 4937 724 4988 in
752 4935 990 5004 gentibus
1020 4953 1180 5006 opera
1207 4935 1343 5006 ejus,
1367 4953 1478 4992 non
1513 4940 1637 4995 aliis
1669 4940 1852 4997 dicere
1892 4959 2094 5001 conve-

514 5027 599 5083 nit
619 5042 781 5097 quam
802 5027 930 5082 illis.
957 5025 1238 5086 Sermonis
1267 5045 1431 5102 porro
1452 5032 1736 5087 veritatem
1757 5034 1875 5105 ipse
1904 5050 2090 5092 rerum

512 5127 746 5177 eventus
775 5121 1122 5177 testificatur.
1152 5121 1366 5178 Etenim
1403 5124 1442 5181 ii
1476 5125 1580 5180 soli
1603 5127 1658 5180 in
1682 5129 1938 5197 gentibus
1966 5146 2089 5201 qua:

514 5230 614 5271 sua
645 5229 812 5285 opera
857 5215 1237 5294 universorum
1287 5215 1457 5274 Deum
1491 5230 1885 5292 cognoverunt,
1919 5239 2083 5294 opera

512 5305 612 5363 Dei
651 5305 1138 5370 annuntiaverunt,
1170 5289 1308 5377 quas
1354 5317 1545 5379 gentes
1567 5289 1851 5381 'superius
1873 5289 2088 5368 novam

513 5397 918 5468 generationem
963 5403 1018 5451 et
1067 5387 1324 5468 populum
1353 5399 1446 5469 qui
1485 5408 1705 5456 creatur
1735 5404 2089 5474 nuncupavit.

514 5488 653 5545 Eum
687 5490 871 5560 itaque
903 5488 997 5560 qui
1030 5487 1318 5545 Dominum
1347 5491 1678 5561 quaesiturus
1707 5503 1812 5561 est,
1844 5510 1982 5565 opus
2008 5505 2094 5552 est

299 5585 351 5607 ί
391 5579 693 5655 “\primo
711 5594 808 5649 per
829 5580 1100 5635 sinceram
1121 5580 1499 5650 penitentiam
1521 5586 1577 5636 et
1596 5597 1692 5651 per
1712 5580 1924 5638 fructus
1942 5581 2092 5652 ejus-

543 5667 641 5726 ³η
685 5669 935 5726 conﬁteri
978 5688 995 5728 :
1036 5685 1164 5726 nam
1201 5670 1296 5740 qui
1330 5669 1456 5729 talis
1482 5677 1590 5735 est,
1624 5669 1791 5731 Deum
1823 5688 2088 5744 quaerere,

672 5825 719 5890 ΙΙ
749 5827 878 5889 Cor.
913 5843 982 5897 Χ,
1018 5829 1106 5896 17,
1144 5827 1230 5883 18.
1307 5829 1354 5860 ⁸³
1392 5826 1500 5883 Jcr.
1540 5844 1615 5896 Ix,
1647 5828 1751 5899 23,
1787 5829 1876 5889 24.

704 6019 762 6101 ἱ.

2201 1981 2374 2048 ἰσχύϊ
2391 1977 2598 2044 αὐτοῦ,
2632 1978 2728 2032 καὶ
2759 1976 2846 2047 μὴ
2873 1977 3193 2047 καυχάσθω
3224 1979 3256 2033 ὁ
3289 1978 3588 2043 πλούσιος
3616 1978 3688 2030 ἐν
3712 1978 3792 2042 τῷ.

2200 2073 2439 2139 πλούτῳ
2469 2069 2676 2126 αὐτοῦ·
2703 2071 2838 2126 ἀλλ’
2870 2071 2908 2140 ἣ
2925 2071 2995 2124 ἐν
3013 2071 3201 2137 τούτῳ
3231 2069 3555 2139 καυχάσθω
3585 2072 3619 2123 ό
3640 2087 3784 2124 καυ-

2199 2168 2484 2238 χώμενος,
2523 2165 2758 2220 συνιεῒν
2806 2164 2903 2219 καὶ
2953 2163 3287 2235 γινώσκειν,
3334 2162 3423 2217 ὅτι
3469 2162 3585 2234 ἐγώ
3614 2165 3729 2234 ειμι
3751 2165 3785 2217 δ

2198 2259 2414 2329 Κύριος
2444 2261 2476 2312 ὀ
2504 2257 2690 2316 ποιῶν
2719 2257 2893 2336 ἕλεος
2936 2257 3036 2310 καὶ
3088 2256 3486 2333 δικαιοσύνην
3521 2256 3623 2310 ἐπι
3678 2255 3783 2325 τῆς

2199 2350 2333 2424 γῆς.
2364 2351 2767 2422 Εἶὺφρανθήτω
2796 2350 3009 2420 καρδία
3040 2349 3372 2418 ζητούντων
3409 2349 3516 2405 τὸν
3542 2353 3780 2420 Κύριοι-ο

2197 2425 2474 2498 τουτέστιν
2511 2443 2954 2516 ἐπικαλουμένων
3004 2443 3166 2497 αὐτὸν
3214 2443 3295 2512 είς
3338 2442 3615 2514 βοήθειαν,
3646 2443 3680 2515 ἢ
3713 2443 3782 2498 δι’

2199 2538 2402 2610 ἀρετῆς
2435 2537 2571 2609 πρὸς
2600 2535 2759 2602 αὐτὸν
2777 2535 3090 2600 ὁδευόντων,
3117 2528 3200 2598 οἷς
3217 2535 3312 2598 καὶ
3327 2533 3657 2606 εὑρίσκεται,
3689 2535 3778 2588 Δι-

2190 2611 2385 2698 ’δάσκει
2411 2629 2467 2683 δὲ
2484 2629 2648 2683 πόσον
2680 2628 2869 2698 ὄφελος
2895 2626 3062 2684 ἐκτοῦ
3080 2627 3517 2698 ἐξομολογεῖσθαι
3553 2628 3780 2700 γενήσε-

2195 2740 2307 2777 ται.
2349 2723 2413 2776 ’0
2432 2721 2540 2795 γὰρ
2561 2721 2883 2793 ἐζητήσατε,
2901 2720 3055 2800 φησὶ,
3079 2719 3239 2787 τοῦτο
3253 2719 3613 2791 ξσυμϐήσεται
3630 2719 3778 2791 ὑμῖν,

2195 2819 2229 2890 ἡ
2261 2816 2388 2889 περὶ
2418 2815 2510 2870 τόν
2536 2815 2658 2869 νοῦν
2686 2812 3012 2886 εὐφροσύνηο
3043 2813 3146 2886 τῆς
3171 2813 3280 2887 γὰρ
3306 2815 3386 2878 είς
3410 2812 3542 2867 Θεὸν
3566 2811 3784 2878 ἐλπίδος

2197 2910 2336 2983 αὕτη
2365 2910 2593 2981 καρπός.
2624 2908 2732 2963 Θέα
2756 2907 2813 2961 δὲ
2834 2908 2980 2974 ὅπως
3013 2906 3122 2961 ἀπό
3152 2906 3597 2979 ἐξομολογήσεως
3610 2905 3781 2977 ἦρξα-υ

2195 3022 2277 3071 το,
2322 3004 2423 3065 καὶ,
2453 3001 2746 3074 κατέληξεν
2773 3002 2854 3065 εἰς
2900 2999 3259 3072 εὐφροσύνην.
3303 2998 3472 3072 Ἀρχὴ
3523 2999 3624 3070 μὲν
3675 2999 3784 3070 γάρ

2196 3097 2297 3168 τῆς
2348 3094 2488 3159 κατά
2527 3093 2658 3147 Θεὸν
2700 3091 2982 3165 προκοπῆς
3023 3089 3429 3167 ἐξομολόγησις
3472 3087 3627 3152 τέλος
3656 3087 3715 3141 δὲ
3749 3089 3784 3157 ή

2199 3187 2341 3253 κατὰ
2365 3187 2496 3240 Θεὸν
2516 3184 2840 3258 εὐφροσύνη·
2862 3184 3088 3238 πλεῖστα
3119 3183 3176 3236 δὲ
3208 3183 3278 3244 τὰ
3311 3182 3517 3254 μεταξὺ
3555 3185 3782 3236 τούτων.

2198 3281 2392 3351 Δεήσει
2421 3278 2600 3341 τοίνυν
2640 3275 2855 3348 πρῶτον
2889 3273 3325 3347 ἐξομολογεῖσθαι¹
3357 3272 3435 3344 τῷ
3468 3273 3660 3352 Κυρίῳ
3697 3273 3785 3327 διὰ

2197 3371 2426 3444 γνησίας
2453 3368 2758 3442 μετανοίας,
2790 3369 2886 3422 καὶ
2914 3366 3140 3440 καρπῶν
3161 3366 3480 3442 πρεπόντων
3501 3353 3575 3437 τῇ
3592 3364 3784 3436 ἐξομο-

2197 3466 2436 3536 λογήσειο
2472 3463 2659 3518 ἔπειτα
2694 3460 3079 3533 βελτιωθέντας
3105 3459 3328 3532 θαρρεῖν
3367 3460 3461 3514 καὶ
3499 3458 3784 3529 ἐπικαλεῖ-

2201 3555 2324 3617 σθαι
2353 3555 2414 3608 τὸ
2439 3553 2610 3625 ὄνομα
2645 3550 2831 3616 αὐτοῦ,
2848 3549 2943 3615 καὶ
2968 3548 3140 3614 οὕτως
3177 3549 3316 3623 μετά
3337 3548 3434 3619 τὴν
3462 3548 3784 3619 ἐξομολόγηο

2201 3666 2282 3702 σιν
2315 3644 2770 3717 ἐπικαλουμένους
2799 3641 3188 3709 καταξιοῦσθαι
3222 3641 3330 3704 τῶν
3362 3639 3504 3712 παρά
3523 3639 3618 3692 τοῦ
3633 3639 3778 3693 Θεοῦ

2198 3740 2570 3812 χαρισμάτων·
2600 3733 2718 3791 εἶτα
2750 3735 2955 3790 τούτων
2998 3734 3272 3807 τυχόντες,
3305 3733 3512 3804 ἑτέρους
3538 3731 3791 3801 ὠφελεῖν.

2197 3831 2286 3885 διὰ
2311 3830 2404 3884 τοῦ
2431 3829 2793 3898 ἀπαγγέλλειν
2815 3829 2895 3891 είς
2920 3827 3187 3891 ἅπαντας,
3215 3826 3360 3898 ἅπερ
3393 3822 3791 3896 μεμαθήκασιν,

2197 3926 2336 3996 ἔργα
2383 3922 2565 3978 αὑτοῦ·
2601 3923 2695 3977 καὶ
2742 3922 2835 3975 ἐπὶ
2886 3920 3094 3984 τούτοις
3123 3919 3200 3982 ὡς
3234 3919 3300 3973 ἂν
3347 3917 3784 3985 καταξιωθέντες

2195 4018 2297 4089 τῆς
2323 4016 2465 4072 κατά
2478 4016 2610 4070 Θεὸν
2635 4015 2919 4087 θυμηδίας,
2944 4014 3091 4086 ᾅδειν
3120 4012 3268 4084 αὐτῷ
3303 4011 3401 4066 καὶ
3426 4010 3669 4081 ψάλλειν·
3689 4011 3787 4076 κσᾷ⁵

2201 4109 2341 4181 μετὰ
2391 4107 2567 4162 ταῦτα
2598 4104 2932 4176 σαφηνιστάς
2962 4103 3206 4174 γίνεσθαι
3246 4103 3354 4156 τῶν
3379 4103 3438 4156 ὲν
3471 4103 3582 4165 τοῖς
3616 4100 3787 4164 θείοις

2197 4200 2395 4270 λογίοις
2422 4201 2770 4273 ἀποῤῥήτωνυ
2787 4193 2884 4251 εἶτ’
2911 4197 3013 4269 ἤδη
3034 4195 3466 4268 κατωρθωκότας
3497 4195 3564 4249 τὰ
3584 4194 3790 4248 τοσαῦ-

2196 4311 2264 4346 τα
2293 4291 2632 4346 ἐπαινεῖσθαι
2663 4292 2720 4343 ὲν
2742 4289 2821 4360 τῷ
2850 4288 3071 4361 ὀνόματι
3098 4287 3282 4342 αὐτοῦ·
3326 4288 3420 4342 καὶ
3453 4287 3607 4352 τέλος
3643 4287 3790 4358 μετά

2198 4385 2394 4447 πάντα,
2425 4381 2808 4454 εὐφραίνεσθαι
2827 4379 2968 4435 κατά
2985 4378 3488 4449 διάνοιανν.καρδίαν
3519 4378 3788 4449 ὀνομαζο-

2201 4478 2386 4549 μένην.
2436 4475 2597 4546 Αὓτη,
2624 4475 2716 4527 τὸν
2766 4473 2969 4544 Κύριον
3027 4469 3352 4539 ἐκζητοῦσα,
3390 4469 3447 4536 ἐξ
3484 4469 3657 4540 αὐτῆς
3682 4472 3788 4540 τῆς

2123 4589 2167 4643 ι)
2197 4571 2476 4641 ζητήσεως
2509 4568 2601 4622 καὶ
2628 4567 2725 4639 τῆς
2740 4565 3122 4636 ἐπιγινομένης
3135 4567 3202 4636 τῇ
3224 4564 3448 4636 ζητήσει
3479 4562 3788 4633 εὑρέσεως,
3825 4632 3830 4636 ,

2197 4661 2517 4716 ἀπολαυέτω
2534 4661 2634 4731 τῆς
2658 4659 2800 4713 κατὰ
2825 4658 2957 4713 Θεὸν
2981 4657 3339 4730 εὐφροσύνης.

2268 4754 2452 4808 Ταῦτα
2496 4753 2552 4807 δὲ
2584 4754 2762 4808 πάντα
2793 4751 3034 4824 ἡγοῦμαι
3066 4752 3145 4816 εἰς
3186 4749 3475 4822 πρόσωπον
3499 4745 3613 4815 τῶν
3639 4747 3786 4799 ἀπο-

2199 4848 2400 4902 στόλων
2427 4847 2532 4900 ὑπὸ
2574 4845 2669 4900 τοῦ
2719 4846 2875 4916 ἁγίου
2917 4845 3232 4916 Πνεύματος
3281 4838 3675 4914 ἀναφέρεσθαι.
3713 4839 3789 4891 Τὸ

2197 4940 2324 5012 γὰρ,
2350 4940 2762 5010 Ἀπαγγείλατε
2800 4939 2871 4992 ἐν
2908 4937 3032 5005 τοῖς
3061 4937 3264 4992 ἔθνεσι
3303 4935 3375 4990 τὰ
3403 4935 3547 5005 ἔργα
3567 4934 3784 4997 αὐτοῦ,

2195 5032 2297 5084 οὐκ
2317 5030 2497 5095 ἄλλοις
2533 5029 2761 5101 ἁρμόζει
2791 5028 3045 5098 λέγεσθαι
3088 5028 3122 5099 ἢ
3155 5027 3358 5092 αὐτοῖς.
3398 5027 3696 5097 Μαρτυρεῖ
3729 5022 3787 5076 δὲ

2193 5119 2273 5190 τῷ
2305 5119 2449 5191 λόγῳ
2479 5120 2542 5174 τὸ
2574 5120 2942 5191 ἀποτέλεσμα’
2981 5118 3132 5191 μόνοι
3171 5117 3281 5190 γάρ
3315 5115 3664 5187 ἀπήγγειλαν
3687 5114 3784 5168 τοῦ

2192 5210 2327 5264 Θεοῦ
2372 5213 2442 5266 τά
2468 5212 2607 5285 ἔργα
2631 5215 2690 5267 ἐν
2731 5215 2844 5277 τοῖς
2879 5211 3056 5267 ἔθνεσι
3080 5214 3193 5276 τοῖς
3235 5209 3506 5264 δι“ιαὺτῶν
3529 5209 3625 5263 τὸν
3671 5209 3786 5262 τῶν

2190 5304 2328 5358 ὅλων
2359 5304 2490 5359 Θεὸν
2523 5304 2910 5374 ὲπεγνωκόσιν,
2943 5303 3036 5368 οὒς
3066 5303 3322 5374 ἀνωτέρω
3347 5300 3544 5372 καινὴν
3578 5301 3785 5369 γενεὰν

2192 5396 2288 5450 καὶ
2314 5396 2442 5451 λαὸν
2471 5396 2786 5469 κτιζόμενον
2841 5396 3273 5470 προσηγόρευσε.
3326 5396 3417 5447 Δεῖ
3457 5393 3640 5448 τοίνυν
3685 5392 3785 5443 τὸν

2194 5490 2454 5561 μέλλοντα
2487 5490 2671 5563 ζητεῖν
2699 5492 2791 5546 τὸν
2816 5491 3022 5564 Κύριον
3043 5489 3479 5561 ἐξομολογεῖσθαι
3507 5487 3785 5558 πρότερον

2190 5582 2258 5636 δι’
2284 5584 2607 5656 εἰλικρινοῦς
2660 5585 2948 5657 μετανοίας
2993 5583 3220 5638 καὶτῶν
3249 5581 3453 5652 ταύτης
3485 5579 3725 5650 καρπῶν
3763 5591 3780 5608 ο

2193 5678 2221 5732 ὁ
2249 5677 2357 5750 γὰρ
2407 5676 2645 5742 τοιοῦτος
2682 5679 2777 5733 καὶ
2811 5676 2995 5750 ζητεῖν
3044 5675 3290 5742 δύναται,
3341 5673 3436 5730 καὶ
3470 5669 3653 5748 ζητῶν
3689 5669 3786 5739 size
