4044 6212
366 350 501 407 ιδυι

1468 339 2072 419 (ΖΟΜΜΕΝΤᾹΒΙΔἏΝ
2111 346 2445 403 PSALMOS.

3466 345 3601 403 1309

367 469 499 526 οεῖν.
533 467 597 522 Ei
627 466 736 541 γὰρ
790 468 884 523 ἐπὶ
931 467 1091 522 λίθων
1121 486 1318 542 τιμιων
1347 471 1457 523 τῶν
1502 469 1720 524 εἰδότων
1755 468 1923 540 χρεία,

2036 473 2090 521 et
2115 465 2411 537 quaarendo
2436 465 2682 521 invenire
2707 473 2908 535 potest.
2931 463 3063 518 Nam
3090 465 3136 520 si
3170 479 3290 520 cum
3313 465 3379 521 de
3406 465 3602 537 lapidi-

363 562 459 615 καὶ
475 562 566 614 ἐπὶ
588 561 944 634 κολυμσητῶν
969 563 1165 635 πολλῆς
1191 564 1288 634 τῆς
1313 563 1620 635 ἐπιστήμης
1641 563 1740 626 δεῖ,
1761 560 1937 632 πολλῷ

365 653 564 724 μᾶλλον
591 655 682 708 ἐπὶ
712 655 866 710 Θεοῦ.
895 657 1071 711 Πολλὰ
1094 659 1202 729 γάρ
1239 660 1356 711 ἐστι
1380 656 1448 710 τὰ
1473 656 1751 711 κωλύοντα
1776 655 1937 709 αὑτὸν

361 745 562 816 εὑρεῖν,
592 746 687 800 καὶ
720 747 1059 818 πραγμάτων
1080 750 1255 820 ὄχλος,
1287 750 1382 804 καὶ
1415 748 1616 821 σαρκὸς
1634 747 1936 802 ἐπαναστά-

365 853 497 900 σεις,
542 839 636 891 καὶ
666 839 944 910 νοσήματα
963 840 1169 912 ψυχῶν,
1202 840 1297 895 καὶ
1329 839 1597 910 δαιμόνων
1629 837 1932 902 ἐπιϐουλαὶ,

362 927 457 979 καὶ
506 927 748 1000 ῥᾳθυμία
787 930 1049 1002 ογνώμης.
1118 932 1232 986 Κᾶν
1265 930 1669 1002 ἀπαλλαγῶμεν
1729 931 1934 984 τούτων

361 1018 638 1087 ἁπάντων,
675 1025 882 1094 ταχέως
916 1026 1078 1079 αὐτὸν
1118 1026 1442 1098 εὑρήσομεν,
1479 1026 1573 1079 καὶ
1605 1024 1703 1096 τὴν
1736 1025 1934 1080 κακίαν

360 1110 758 1184 ἀποδυσόμεθα,
811 1117 905 1170 καὶ
957 1116 1056 1188 τήν
1098 1117 1298 1189 ἀρετὴν
1327 1117 1591 1188 ἑλώμεθα.
1642 1115 1789 1187 Αὕτη
1823 1116 1931 1188 γάρ

360 1203 506 1257 ἐστιν
537 1205 570 1276 ή
614 1207 730 1260 ἐκεῖ
753 1207 990 1288 φέρουσα
1027 1209 1164 1274 ὁδός.
1200 1209 1271 1268 Τι’
1292 1205 1383 1264 οὖν
1409 1211 1523 1264 ἐστι
1557 1209 1818 1280 ζήτησις;
1872 1209 1932 1262 τδ

360 1299 597 1368 συνεχῶς
613 1301 818 1356 ἐκεῖνον
839 1304 1036 1356 ἐννοεῖν
1064 1303 1158 1357 καὶ⁸
1190 1302 1514 1372 λογίζεσθαι·
1552 1305 1581 1356 ὁ
1611 1303 1720 1374 γὰρ
1754 1302 1930 1374 ζητῶν

358 1388 450 1443 ἐπὶ
471 1389 706 1457 διανοίας
728 1392 837 1451 ἐγει
863 1394 924 1448 τὸ
949 1395 1292 1458 ζττούιιενον.
1711 1401 1714 1406 ’

426 1565 736 1636 Ζητήσατε
775 1569 882 1624 τὸν
917 1573 1134 1640 Κύριον
1175 1573 1273 1628 καὶ
1308 1573 1717 1643 κραταιώθητε⁶
1757 1573 1926 1643 (nni-

355 1667 506 1710 σατε
532 1657 597 1711 τὸ
623 1663 948 1729 πρόσωπον
987 1665 1174 1719 αὑτοῦ
1219 1665 1564 1733 διαπαντός.
1599 1667 1664 1720 Τί
1690 1669 1806 1720 ἐστι
1867 1667 1928 1721 τὸ

358 1751 541 1822 ζητεῖν
565 1756 657 1804 τὸν
689 1751 891 1824 Κύριον
911 1770 925 1816 ;
949 1754 1010 1808 τὸ
1043 1754 1111 1808 τὰ
1132 1755 1340 1812 ἐκείνου
1368 1759 1603 1827 φρονεῖν,
1629 1757 1688 1810 τὸ
1713 1758 1799 1812 ἀεὶ
1827 1759 1926 1811 αὑ-

355 1844 448 1896 τὸν
481 1843 807 1912 λογίζεσθαι,
852 1845 914 1899 τὸ
936 1846 1022 1900 ἀεὶ
1050 1849 1109 1901 ἐν
1151 1847 1356 1920 διανοίᾳ
1384 1848 1546 1920 ἔχειν,
1570 1849 1630 1902 τὸ
1663 1849 1926 1920 μηδέποτε

358 1932 628 1988 παύεσθαι
659 1933 946 2004 ὁμιλοῦντα
971 1934 1117 2006 αὑτῷ
1143 1935 1230 1989 διὰ
1255 1936 1354 2007 τῆς
1377 1935 1682 2008 προσευχῆς
1701 1936 1796 1990 καὶ
1821 1935 1929 1989 τῶν

357 2024 579 2093 ἀγαθῶν
610 2025 878 2097 πράξεων.
927 2028 1159 2099 Ἀμαχοι
1189 2027 1246 2082 δὲ
1279 2030 1330 2081 οί
1389 2026 1675 2098 ζητοῦντες
1718 2026 1928 2081 ἔσονται

359 2117 454 2168 καὶ
481 2116 758 2188 ἀήττητοι.
792 2119 1161 2190 Παρορμήσας
1195 2118 1376 2189 μέντοι
1417 2118 1632 2187 ὀ,λόγος
1667 2119 1794 2181 τοὺς
1820 2118 1927 2173 τῶν

357 2208 528 2262 ἐθνῶν
561 2211 806 2282 κήρυκας
839 2212 932 2265 ἐπὶ
957 2212 1018 2266 τὸ
1052 2211 1344 2284 προθύμως
1369 2212 1665 2282 ἐκζητῆσαι
1701 2212 1790 2265 τὴν
1810 2211 1926 2265 Κύο

360 2318 494 2371 ριον,
518 2300 598 2355 ἔτι
618 2302 814 2372 μᾶλλον
835 2303 1030 2367 αὐτοὺς
1040 2303 1403 2376 ἐπιρρώννυσι
1431 2303 1625 2371 λέγων,
1645 2303 1928 2372 Κραταιὼ-

360 2393 520 2458 θητε,
548 2393 814 2456 τουτέστι,
861 2391 952 2462 Μὴ
980 2391 1273 2462 χαυνοῦσθε
1311 2393 1392 2454 είς
1423 2392 1483 2445 τὸ
1534 2392 1717 2463 ζητεῖν
1744 2393 1922 2448 αὐτόν.

360 2481 530 2536 Τοῦτο
579 2483 636 2536 δὲ
675 2486 984 2555 προσφωνεῖ
1029 2484 1232 2547 αὐτοῖς,
1283 2485 1359 2548 ὡς
1393 2483 1665 2555 δεομένοις
1693 2483 1924 2554 κράτους

360 2573 455 2635 καὶ
509 2573 787 2644 δυνάμεως
835 2576 914 2638 εἰς
966 2573 1026 2626 τὸ
1077 2570 1290 2644 ἰσχῦσαι
1342 2572 1403 2626 τὸ
1459 2571 1925 2644 προστεταγμένον

360 2663 601 2734 ποιῆσαν
632 2664 770 2735 ὅπερ
800 2661 866 2735 ἦν
892 2663 952 2717 τὸ
986 2663 1163 2717 ἔθνεσι
1189 2661 1443 2734 κηρύξαι,
1480 2661 1703 2732 Ἕλλησί
1735 2678 1796 2714 τε
1829 2663 1924 2716 καὶ

359 2754 674 2827 βαρϐάροις,
701 2755 842 2810 κατὰ
873 2756 952 2816 τὸ,
989 2757 1202 2823 Κύριος
1216 2754 1392 2809 δώσει
1421 2752 1586 2822 ρἦα
1609 2752 1731 2819 τοῖς
1759 2754 1926 2819 εὐαγ-

357 2845 749 2916 τελιζομένοις
779 2845 1024 2916 δυνάμει
1054 2844 1274 2915 πολλῇ.
1313 2845 1586 2907 Διδάσκων
1613 2843 1668 2897 δὲ
1695 2843 1810 2908 πῶς
1845 2843 1926 2896 δεῖ

355 2939 417 2992 τὸ
439 2938 618 3012 ζητεῖν
645 2943 838 3006 ποιεῖν,
860 2939 953 2993 καλ⁹
989 2939 1069 2994 δτι
1091 2938 1189 3011 οὐχ
1219 2938 1368 3003 ἂπαξ
1401 2937 1434 3009 ἢ
1462 2937 1563 3002 δίς,
1607 2936 1741 2990 ἀλλὰ
1771 2935 1924 3008 παρὰ

357 3031 534 3085 πάντα
556 3031 646 3085 τὸν
670 3031 782 3101 βίον
807 3031 907 3103 τὴν
931 3029 1136 3093 ᾷνωθεν
1173 3029 1488 3100 ἐπικουρίαν
1526 3029 1792 3101 προσήκει
1823 3028 1920 3098 ζη-

2036 560 2140 615 bus
2169 559 2426 629 pretiosis
2450 556 2649 628 agitur,
2685 556 2872 625 peritis
2898 565 2985 612 est
3008 571 3167 628 opus,
3198 565 3253 614 et
3279 558 3325 613 si
3356 559 3601 615 urinato-

2035 667 2125 708 res
2157 651 2327 706 multa
2360 650 2589 707 scientia
2621 659 2782 721 egent
2802 692 2817 717 ,
2846 650 3017 705 multo
3042 650 3213 721 magis
3241 665 3362 705 cum
3393 650 3460 708 de
3487 649 3599 707 Deo

2035 745 2232 815 agitur.
2274 742 2439 797 Multa
2465 742 2609 798 enim
2637 742 3022 812 impedimento
3041 749 3170 798 sunt
3192 742 3484 811 quominus
3510 742 3597 796 in-

2034 835 2308 900 veniatur,
2366 835 2707 905 negotiorum
2764 833 3056 898 tumultus,
3104 833 3288 888 carnis
3337 825 3605 894 insultus,l

2034 930 2338 983 animarum
2381 928 2577 992 morbi,
2623 927 2929 981 daamonum
2959 926 3192 992 insidiae,
3223 927 3388 980 animi
3419 926 3598 996 segni-

2034 1020 2171 1088 ties;
2197 1021 2243 1076 si
2270 1020 2355 1077 his
2375 1020 2630 1075 omnibus
2656 1020 2974 1084 liberemur,
2993 1019 3393 1090 quamprimum
3418 1020 3597 1090 ipsum

2034 1112 2392 1178 inveniemus,
2451 1111 2712 1166 malitiam
2751 1125 3036 1181 ponemus,
3078 1117 3132 1166 et
3180 1112 3434 1166 virtutem
3481 1126 3598 1164 am-

2032 1204 2390 1274 plexabimur.
2427 1202 2551 1258 Hmc
2583 1204 2782 1274 quippe
2810 1202 2899 1256 via
2927 1197 3012 1258 est
3041 1201 3133 1258 illo
3175 1203 3424 1258 tendens.
3456 1201 3596 1268 Quid

2027 1310 2161 1366 ergo
2182 1303 2266 1351 est
2321 1295 2414 1350 illa
2467 1293 2783 1365 inquisitio?
2824 1293 3137 1364 frequenter
3175 1292 3327 1347 illum
3355 1291 3597 1364 cogitare

2025 1394 2084 1445 et
2103 1387 2288 1443 animo
2315 1402 2536 1444 versare
2570 1406 2583 1442 :
2617 1401 2742 1442 nam
2789 1385 2881 1457 qui
2914 1385 3127 1456 quaarit,
3181 1386 3236 1440 in
3271 1386 3387 1456 ipsa
3415 1387 3596 1440 mente

2028 1478 2174 1550 quod
2203 1479 2396 1550 quaerit
2437 1479 2617 1534 habet.

2099 1570 2333 1638 Quwrite
2355 1570 2636 1624 Dominum
2653 1581 2700 1625 et
2718 1569 3104 1641 conﬁrmamini
3127 1582 3145 1621 :
3165 1567 3379 1639 quam'te
3403 1567 3596 1635 faciem

2026 1663 2140 1732 ejus
2169 1678 2387 1732 semper.
2420 1660 2561 1728 Quid
2590 1669 2675 1717 est
2713 1662 2999 1717 Dominum
3053 1660 3337 1732 quareret?
3371 1674 3492 1730 qua:
3525 1659 3592 1712 ad

2029 1753 2180 1808 illum
2201 1753 2471 1822 pertinent
2497 1768 2708 1822 sapere,
2726 1751 2793 1808 de
2815 1753 2906 1806 illo
2929 1766 3146 1822 semper
3174 1750 3434 1821 cogitare,
3467 1764 3590 1802 eum

2028 1845 2083 1899 in
2111 1853 2289 1899 mente
2313 1859 2526 1914 semper
2547 1859 2786 1908 versare,
2818 1859 3094 1914 nunquam
3119 1858 3243 1898 cum
3265 1857 3332 1898 eo
3352 1857 3446 1911 per
3469 1855 3594 1894 ora-

2027 1935 2230 1990 tionem
2251 1942 2306 1990 et
2323 1935 2464 1989 bona
2491 1949 2655 2006 opera
2685 1933 3048 1990 conversandi
3075 1933 3234 1990 ﬁnem
3264 1932 3462 1988 facere.
3487 1931 3592 1998 Qui

2027 2034 2208 2082 autem
2264 2025 2440 2094 ipsum
2488 2023 2792 2095 inquirunt,
2835 2024 3020 2079 invicti
3085 2032 3140 2077 et
3194 2021 3591 2092 insuperabiles

2025 2121 2205 2171 erunt.
2241 2115 2378 2170 Cum
2428 2113 2609 2184 igitur-
2635 2129 2817 2170 sermo
2867 2115 3108 2184 gentium
3148 2127 3424 2184 praecones
3456 2113 3593 2167 inci-

2026 2214 2197 2262 tasset
2227 2217 2286 2260 ut
2311 2204 2598 2264 Dominum
2637 2206 2893 2261 alacriter
2915 2207 3285 2277 exquirerent,
3311 2218 3460 2259 nunc
3484 2219 3593 2257 ma-

2024 2298 2108 2368 gis
2147 2297 2426 2368 magisque
2454 2297 2738 2352 conﬁrmat
2765 2298 2886 2354 illos
2909 2297 3096 2353 dicens
3121 2316 3134 2352 :
3164 2296 3589 2366 Couﬁrmamiui,

2026 2388 2080 2442 id
2113 2397 2217 2452 est,
2239 2387 2318 2442 Ne
2345 2388 2581 2444 molliter
2609 2388 2666 2443 in
2693 2388 2785 2442 illo
2814 2389 3106 2457 quaerendo
3134 2388 3333 2458 agatis.
3370 2385 3459 2441 Sic
3488 2401 3589 2439 au-

2023 2486 2132 2535 tem
2167 2479 2315 2550 ipsos
2345 2478 2660 2550 alloquitur,
2693 2487 2754 2534 ut
2782 2479 2980 2534 robore
3002 2493 3066 2534 ac
3108 2478 3308 2533 virtute
3340 2476 3591 2547 indigen-

2024 2579 2129 2636 tes,
2161 2586 2269 2642 quo
2301 2570 2422 2626 illos
2460 2571 2526 2626 ad
2568 2571 2782 2641 jussum
2839 2569 3204 2641 peragendum
3248 2568 3533 2624 conﬁrmet
3572 2584 3586 2620 :

2021 2672 2140 2718 erat
2165 2677 2329 2734 porro
2355 2662 2511 2729 illud,
2542 2671 2598 2720 ut
2627 2663 2879 2734 gentibus
2903 2663 3280 2732 praedicarent,
3308 2659 3512 2715 Graecis
3535 2669 3592 2714 et

2022 2754 2292 2818 barbaris,
2337 2753 2637 2810 secundum
2676 2753 2809 2810 illud
2844 2770 2858 2806 :
2902 2753 3158 2808 Dominus
3201 2751 3347 2806 dabit
3375 2751 3586 2806 verbum

2020 2847 2493 2918 euangelizantibus
2511 2849 2700 2902 virtute
2729 2848 2898 2902 multa
2917 2847 2984 2902 ⁵⁸.
3002 2846 3275 2918 Docetth
3298 2860 3406 2917 quo
3425 2854 3587 2916 pacto

2021 2953 2264 3010 quaerere
2292 2939 2444 2993 illum
2480 2947 2749 3010 oporteat,
2796 2949 2848 2996 et
2874 2938 3020 3011 quod
3047 2954 3156 2994 non
3169 2938 3336 2994 semel
3357 2945 3450 2992 aut
3476 2936 3583 3002 bis,

2022 3031 2117 3089 sed
2143 3047 2238 3103 per
2269 3041 2437 3095 totam
2460 3033 2648 3097 vitam,
2679 3048 2977 3104 supernum
3011 3031 3273 3088 auxilium
3297 3029 3584 3101 exquirere

355 3125 467 3175 τεῖν
494 3121 586 3175 καὶ
614 3123 712 3194 τὴν
747 3121 1006 3192 ὠφέλειαν
1053 3120 1414 3192 καρποῦσθαι,
1442 3121 1707 3192 ἐπήγαγε·
1732 3120 1920 3190 Ζητή-

2023 3139 2159 3196 opus
2191 3124 2284 3192 sit,
2343 3133 2504 3195 atque
2545 3125 2674 3189 hinc
2720 3126 3007 3184 utilitatem
3045 3138 3273 3198 capere,
3299 3121 3586 3179 Subsumit

354 3227 502 3268 σατε
549 3211 618 3266 τὸ
649 3213 971 3282 πρόσωπον
1018 3212 1202 3275 αὐτοῦ
1245 3212 1587 3279 διαπαντός·
1621 3213 1682 3265 οὑ
1739 3213 1920 3284 τρίτον

353 3302 447 3356 τοῦ
473 3304 739 3371 ἐνιαυτοῦ,
766 3304 906 3359 κατά
941 3304 1031 3359 τὸν
1059 3304 1164 3358 ὑπὸ
1195 3304 1470 3368 Μωῦσὲως
1501 3303 1719 3364 δοθέντα
1758 3304 1919 3376 νόμον

354 3395 583 3460 ἐνώπιον
611 3395 774 3463 abso?)
799 3396 1128 3467 φαινόμενοι,
1149 3394 1282 3450 ἀλλὰ
1308 3395 1456 3470 παρὰ
1479 3395 1654 3450 πάντα
1667 3396 1758 3448 τὸν
1785 3395 1915 3466 βίον.

355 3489 648 3559 Πρόσωπον
674 3489 730 3542 δὲ
747 3487 977 3542 ἐνταῦθα
1005 3489 1105 3560 τὴν
1125 3473 1442 3558 ἐπιφάνειαν
1468 3487 1630 3541 αὑτοῦ
1652 3489 1803 3560 φησι,
1822 3487 1919 3560 τὴν

353 3574 672 3646 ἐπισκοπὴν,
703 3574 800 3648 τὴν
831 3575 1104 3647 πρόνοιαν,
1146 3575 1245 3646 τὴν
1275 3575 1616 3648 κηδεμονίαν,
1650 3576 1746 3647 τὴν
1793 3576 1920 3647 βοή-

353 3664 523 3731 θειαν,
550 3663 648 3735 τὴν
671 3665 1005 3736 συμμαχίαν,
1028 3667 1128 3736 τὴν
1148 3665 1362 3720 ἔννοιαν
1378 3665 1476 3738 τήν
1499 3668 1625 3738 περὶ
1643 3667 1822 3721 αὐτόν.
1849 3666 1922 3721 Τὸ

353 3756 459 3828 γὰρ
490 3757 586 3828 τῆς
607 3757 795 3824 οὐσίας
819 3758 1120 3828 -πρόσωπον
1139 3757 1310 3820 οὐδεὶς
1332 3757 1520 3828 ὄψεται
1546 3759 1638 3812 καὶ
1679 3758 1918 3830 ζήσεται.

355 3848 649 3918 Πρόσωπον
678 3848 736 3902 δὲ
763 3847 926 3902 αὐτοῦ
960 3849 1054 3904 καὶ
1081 3851 1110 3903 ὁ
1139 3848 1286 3912 Υἱός.
1815 3839 1819 3842 ⁴

423 3935 739 4004 Μνήσθητε
778 3939 894 3993 τῶν
924 3940 1271 4009 θαυμασίων
1311 3940 1498 3995 αὐτοῦ
1534 3933 1621 3994 ὧν
1647 3940 1918 4010 ἐποίησε,

355 4027 428 4080 τὰ
457 4026 670 4095 τέρατα
695 4030 880 4086 αὑτοῦ
921 4031 1018 4086 καὶ
1066 4031 1138 4086 τὰ
1178 4033 1430 4102 κρίματα
1471 4033 1578 4086 τοῦ
1624 4034 1920 4104 στόματος

356 4117 573 4172 αὐτοῦ’
609 4119 715 4172 εἴτε
754 4121 862 4176 τῶν
893 4123 950 4176 ἐν
984 4126 1049 4196 τῇ
1084 4124 1303 4196 Παλαιᾷ
1327 4125 1540 4196 Γραφῇ,
1571 4125 1678 4177 εἴτε
1715 4124 1823 4178 τῶν
1861 4127 1919 4179 ἐν

357 4212 468 4275 τοῖς
508 4209 879 4280 Εὑαγγελίοις.
911 4203 1094 4268 Ταῦτα
1123 4216 1228 4288 γὰρ
1257 4216 1439 4287 δεήσει
1473 4217 1616 4286 ὑμᾶς
1650 4217 1775 4280 τοὺς
1811 4217 1919 4270 τῶν

357 4301 525 4354 ἐθνῶν
553 4303 799 4374 κήρυκας
835 4305 915 4370 είς
956 4306 1132 4365 πάντα
1174 4308 1242 4362 τὰ
1281 4308 1408 4378 ἔθνη
1449 4306 1751 4361 διαδοῦναι·
1799 4309 1919 4361 ἐπεὶ

361 4393 434 4470 μὴ
475 4393 736 4465 πρότερον
776 4394 913 4456 αὐτὰ
954 4396 1104 4468 παρὰ
1139 4415 1282 4463 τινος
1326 4398 1484 4455 ἄλλου
1518 4399 1913 4471 μεμαθήκασιν.

2020 3215 2214 3272 deinde
2240 3234 2254 3271 :
2281 3214 2514 3284 Quwrite
2546 3216 2734 3286 faciem
2763 3217 2877 3284 ejus
2904 3231 3120 3284 semper.
3141 3214 3260 3270 Non
3293 3227 3376 3269 ter
3405 3214 3461 3268 in
3488 3229 3586 3269 an-

2020 3321 2113 3372 no,
2136 3313 2197 3362 ut
2225 3306 2281 3362 in
2313 3307 2427 3378 lege
2447 3306 2646 3378 Moysis
2676 3305 2982 3377 ferebatur,
2999 3306 3051 3362 in
3083 3313 3438 3376 conspectum
3463 3304 3584 3374 ejus

2023 3399 2328 3466 venientes,
2371 3398 2467 3456 sed
2494 3415 2589 3470 per
2627 3407 2793 3455 totam
2823 3399 3006 3454 vitam.
3058 3396 3274 3452 Faciem
3319 3411 3451 3453 vero
3497 3395 3585 3450 hic

2020 3498 2176 3545 vocat
2204 3489 2324 3564 ejus
2380 3491 2693 3555 ad\entum,
2739 3489 3124 3554 visitationem,
3162 3487 3582 3559 providentiam,

2019 3596 2228 3649 curam,
2255 3583 2536 3647 auxilium,
2556 3583 2952 3650 commilitium,
2980 3581 3426 3637 benevolentiam.
3450 3577 3583 3632 Nam

2021 3675 2337 3730 substantia:
2359 3675 2478 3745 ejus
2508 3674 2697 3731 faciem
2725 3688 2890 3742 nemo.
2912 3673 3117 3730 videbit
3137 3679 3190 3737 et
3215 3671 3375 3738 vivet.
3395 3669 3584 3730 Facies

2020 3767 2149 3824 item
2176 3768 2295 3840 ejus
2322 3775 2404 3826 est
2442 3765 2633 3832 Filius.

2099 3943 2264 4004 Vens.
2319 3946 2372 4002 5.
2412 3945 2721 4011 Mementote
2758 3944 3082 4000 mirabilium
3127 3947 3239 4017 ejus
3286 3960 3402 4015 qua:
3441 3943 3583 4012 fecit,

2017 4037 2257 4108 prodigia
2301 4039 2414 4108 ejus
2457 4047 2505 4092 et
2543 4037 2752 4107 judicia
2782 4039 2891 4092 oris
2939 4035 3227 4100 eius;sive
3251 4035 3339 4089 illa
3375 4048 3496 4109 qua:
3529 4033 3584 4086 in

2021 4129 2198 4186 Veteri
2237 4129 2543 4202 Scriptura,
2568 4130 2681 4186 sive
2708 4131 2799 4186 illa
2817 4145 2937 4203 quae,
2957 4131 3012 4185 in
3043 4127 3350 4200 Evangeliis
3382 4141 3586 4191 memo-

1967 4262 1975 4272 .
2018 4231 2229 4276 rantur.
2271 4220 2395 4285 llaac
2413 4223 2721 4296 enimopus
2750 4223 2855 4278 crit
2896 4237 2994 4278 vos
3033 4221 3274 4293 gentium
3307 4231 3586 4291 praecones

2020 4313 2288 4376 omnibus,
2322 4313 2572 4383 gentibus
2618 4314 2865 4382 tradere;
2901 4312 3118 4382 quando
3169 4310 3274 4372 illa:
3321 4323 3383 4364 ea
3422 4321 3454 4360 a
3490 4321 3587 4360 ne-

2021 4407 2166 4463 mine
2212 4407 2441 4462 antehac
2476 4407 2837 4463 edidicerunt.
2893 4405 3238 4477 Quaecunque
3289 4401 3452 4472 igitur
3492 4398 3601 4468 Dei.

357 4485 497 4539 Ὅσα
526 4486 705 4540 τοίνυν
747 4486 1171 4560 ἐνανθρωπήσας
1195 4490 1223 4542 ὁ
1253 4491 1420 4560 Λόγος
1455 4490 1779 4562 διεπράξατο
1808 4493 1919 4554 τοῖς

2023 4493 2259 4551 Verbum
2275 4495 2614 4550 incarnatum
2633 4495 2860 4575 peregit,
2876 4509 2999 4549 cum
3013 4491 3250 4564 antiquis
3271 4489 3583 4560 conjuncta,

355 4577 606 4641 παλαιοῖς
655 4577 790 4652 ὁμοῦ
844 4578 1208 4650 συνάψαντες,
1265 4582 1535 4654 μνήσθητε
1586 4581 1918 4654 παραδοῦναι

353 4671 467 4733 τοῖς
511 4668 738 4725 ἔθνεσιν.
783 4671 1047 4728 Ἐνταῦθά
1092 4690 1181 4744 μοι
1205 4658 1470 4746 δοκεῖ’τὴν
1499 4674 1615 4738 ὁδὸν
1649 4675 1919 4730 δεικνύναι

353 4761 421 4818 δι’
453 4756 521 4834 ἦς
549 4761 770 4818 δυνατὸν
795 4763 889 4818 καὶ
922 4762 1219 4835 ζητεῖνκαὶ
1249 4767 1426 4838 εὑρεῖν
1456 4765 1547 4820 τὸν
1574 4766 1724 4823 Θεόν.
1751 4766 1846 4830 Τίς
1863 4766 1921 4820 δὲ

354 4855 388 4924 ἡ
417 4853 561 4918 ὀδός;
584 4855 646 4907 τὸ
671 4855 930 4926 διηνεκῶς
963 4858 1054 4911 ἐπὶ
1080 4859 1300 4930 μνήμης
1325 4859 1509 4930 φέρειν
1533 4859 1602 4913 τὰ
1642 4859 1920 4933 παράδοξα

357 4944 518 4998 αὑτοῦ
562 4945 718 5018 ἔργα,
759 4947 853 5010 καὶ
899 4949 1024 5012 τοὺς
1057 4949 1253 5021 νόμους
1298 4933 1391 5004 καὶ
1438 4951 1535 5015 τὰς
1563 4952 1807 5017 ἐντολάςσ
1841 4952 1920 5006 διὸ

354 5037 567 5106 ἐπάγει,
603 5038 679 5090 Τὰ
704 5037 914 5111 τέρατα
943 5041 1130 5100 αὐτοῦ
1157 5041 1256 5096 καὶ
1281 5041 1354 5097 τὰ
1379 5042 1631 5111 κρίματα
1654 5045 1759 5099 τοῦ
1781 5045 1922 5099 στό-

355 5143 535 5193 ματος
575 5129 794 5183 αὑτοῦ·
841 5132 1039 5205 τέρατα
1087 5134 1185 5204 μὲν
1228 5133 1328 5199 τὰς
1371 5135 1696 5206 θεοσημείας
1727 5137 1918 5205 λέγων,

356 5217 592 5289 κρίματα
615 5219 672 5273 δὲ
711 5221 810 5287 τὰς
849 5224 1173 5294 ἀποφάσεις,
1205 5225 1304 5289 τὰς
1357 5225 1595 5291 ἐντολὰς,
1624 5227 1658 5300 ἢ
1691 5227 1759 5280 τὰ
1788 5229 1921 5282 ἐνδί-

356 5325 465 5372 κως
499 5309 596 5362 xui
635 5311 812 5383 κρίσει
853 5313 1038 5388 δικαίᾳ
1092 5315 1200 5370 ὑπὸ
1249 5315 1344 5370 τοῦ
1393 5315 1530 5371 Θεοῦ
1581 5317 1920 5390 γεγενημένα

355 5396 627 5470 θαύματα.
657 5403 792 5456 Ποῖα
812 5402 870 5457 δὲ
897 5405 1122 5477 τέρατα,
1152 5407 1274 5462 εἰπέ
1299 5424 1418 5478 μοι;
1443 5407 1523 5462 Τὰ
1541 5408 1600 5462 ἐν
1640 5407 1916 5480 Αἰγύπτῳ,

357 5489 420 5544 τὰ
470 5491 608 5560 μετὰ
641 5495 742 5566 τὴν
789 5497 1085 5566 Αἴγυπτον,
1124 5499 1194 5554 τὰ
1242 5500 1348 5572 πρὸ
1389 5501 1487 5572 τῆς
1531 5499 1826 5570 Αίγύπτιον,
1851 5501 1922 5556 τὰ

357 5581 496 5653 μετὰ
525 5582 624 5656 τὴν
667 5588 970 5659 παρουσίαν
1007 5590 1104 5664 τήν
1150 5592 1332 5651 αὑτοῦ.
1371 5594 1555 5650 Πάντα
1598 5593 1707 5667 γὰρ
1748 5594 1917 5653 ταῦτα

423 5766 472 5812 υ
511 5766 649 5832 Psal.
687 5787 862 5838 vau.
900 5773 996 5842 12,

2021 4589 2272 4660 gentibus
2289 4588 2505 4644 tradere
2528 4588 2900 4644 memineritis.
2921 4586 3020 4641 llic
3040 4585 3262 4654 videtur
3279 4581 3411 4646 mihi
3439 4582 3584 4636 viam

2019 4676 2306 4732 ostendere
2336 4692 2442 4748 qua
2473 4677 2746 4748 possimus
2781 4676 2950 4733 Deum
2980 4690 3222 4748 quaerere
3243 4683 3296 4728 et
3319 4672 3582 4738 invenire.

2020 4767 2275 4845 Quasnam
2295 4755 2388 4823 illa
2410 4769 2534 4824 via?
2558 4769 2826 4845 Perpetuo
2851 4769 2905 4823 in
2935 4766 3198 4829 memoria
3237 4765 3452 4820 volvere
3476 4762 3583 4816 mi-

2019 4863 2211 4930 rabilia
2260 4863 2380 4934 ejus
2425 4877 2589 4939 opera
2614 4903 2630 4930 ,
2664 4863 2809 4942 leges
2843 4871 2898 4920 et
2920 4868 3186 4935 praecepta
3213 4876 3225 4912 :
3256 4873 3426 4930 quare
3452 4855 3586 4913 sub-

2020 4952 2120 5017 dit,
2153 4952 2406 5024 Prodigia
2427 4953 2542 5023 ejus
2572 4957 2620 5008 et
2642 4953 2839 5018 iudicia
2867 4955 2974 5009 oris
3015 4952 3150 5023 ejus.
3184 4949 3438 5022 Prodigia
3471 4949 3586 5020 qui-

2021 5044 2143 5102 dem
2181 5045 2366 5105 divina
2418 5046 2573 5117 signa
2625 5046 2843 5114 dicens;
2870 5045 3074 5117 judicia
3103 5059 3254 5107 vero,
3282 5042 3498 5098 decreta
3532 5049 3585 5095 ct

2021 5151 2309 5208 praacepta,
2333 5138 2447 5194 sive
2475 5154 2561 5204 ea,
2602 5153 2722 5209 qua:
2750 5138 2818 5193 ad
2849 5139 3108 5202 ultionem
3137 5138 3288 5209 justo
3324 5133 3530 5206 judicio
3552 5147 3584 5185 ο

2021 5230 2130 5284 Deo
2157 5237 2363 5299 patrata
2389 5237 2536 5293 sunt,
2562 5229 2847 5286 mirabilia.
2870 5232 2998 5297 Quae
3017 5227 3283 5300 prodigia,
3309 5226 3396 5279 dic
3417 5222 3584 5276 mihi?

2021 5321 2148 5401 Quae
2199 5323 2252 5376 in
2285 5321 2536 5396 Egypto,
2574 5337 2696 5392 quae
2749 5331 2876 5388 ante
2921 5330 2975 5378 et
3011 5329 3134 5392 post
3179 5318 3476 5389 profectum
3528 5313 3582 5368 in

2022 5415 2334 5488 Egyplum.
2369 5431 2490 5486 Quae
2538 5423 2662 5487 post
2711 5417 3001 5472 adventum
3044 5415 3182 5484 ejus.
3219 5411 3342 5464 Hmc
3383 5409 3592 5478 quippe.

2021 5508 2202 5564 omnia
2230 5509 2546 5565 admiranda
2578 5517 2631 5566 et
2663 5511 2930 5581 stupenda
2956 5522 3118 5576 opera
3150 5508 3299 5565 sunt,
3323 5516 3444 5574 qua:
3485 5499 3579 5554 liu-

2020 5615 2242 5658 manum
2303 5609 2520 5675 captum
2575 5609 2854 5676 superant.
2916 5600 3040 5654 Sive
3060 5594 3306 5670 prodigia
3339 5592 3598 5666 quidem,
