4044 6212
451 305 595 366 13θό

1077 309 1348 367 EUSEBll
1379 312 1860 370 CESAIUENSIS
1897 315 2046 372 OPP.
2090 317 2272 374 PARS
2311 319 2401 374 Ill.
2441 351 2511 362 -—
2548 319 2955 376 EXEGETICA.

3500 299 3713 374 ἰεοι

448 427 597 483 edita
656 429 940 500 miracula,
971 439 1029 485 ιιι
1058 434 1340 491 ambulare
1363 452 1530 507 supra
1576 453 1746 503 mare,
1780 449 2026 497 mortuos

2131 442 2421 514 θαυμαστὰ
2452 446 2546 500 καὶ
2589 443 2866 516 παράδοξα
2895 441 3212 515 πράγματα,
3261 443 3356 494 καὶ
3384 440 3710 495 ἀκολουθίαν

451 521 742 586 suscitare,
770 532 824 577 ct
852 523 1053 578 similia
1079 542 1094 592 ;
1119 525 1330 595 judicia
1352 537 1532 585 autem
1547 531 1664 588 oris
1684 531 1827 600 ejus,
1861 533 2028 588 verba

451 628 573 684 qua:
597 613 812 669 dicebat
844 630 968 672 cum
1023 616 1267 688 impuros
1297 619 1574 677 daemones
1599 637 1665 677 ex
1714 623 2028 680 hominibus

450 706 703 776 pelleret;
727 707 810 762 vel
838 717 1104 779 praecepta
1133 709 1268 765 Novi
1304 711 1659 774 Testamenti.
1700 714 1814 771 lmo
1844 719 2028 787 potius

453 800 557 852 hoc
602 798 720 854 loco
783 799 999 856 videtur
1048 802 1181 856 mihi
1209 803 1416 873 judicia
1454 821 1652 863 vocare
1680 809 1847 880 leges,
1891 825 2028 880 quas

452 889 568 942 sive
588 888 644 942 in
699 889 859 956 cmlo,
897 891 1012 946 sive
1066 893 1118 946 in
1166 903 1332 959 terra,
1375 895 1490 950 sive
1538 896 1594 952 in
1641 898 1776 951 mari
1821 900 2026 969 posuit.

449 979 638 1054 Neque
668 981 814 1037 enim
845 984 996 1039 solus
1037 984 1200 1040 homo
1241 987 1413 1058 legem
1434 990 1674 1060 accepit;
1715 991 1812 1046 sed
1845 994 2030 1054 omnia

451 1073 724 1140 visibilia;
771 1090 941 1140 mare,
978 1091 1046 1131 ne
1077 1091 1205 1134 oras
1245 1081 1750 1151 transgrederetur;
1792 1092 2027 1151 montes,

455 1175 512 1219 ut
541 1164 854 1235 ﬁgerentur.
889 1175 1034 1222 terra
1068 1177 1127 1223 ut
1159 1178 1352 1239 staret,
1386 1172 1468 1228 sol
1507 1181 1568 1228 ut
1600 1184 1865 1244 curreret,
1900 1179 2030 1234 luna

455 1258 736 1328 proprium
756 1268 814 1314 ut
833 1260 1080 1316 ordinem
1116 1273 1360 1320 servaret
1381 1285 1396 1332 ;
1424 1266 1608 1322 varius
1629 1268 1720 1329 ille
1751 1271 2030 1326 Stellarum

455 1349 677 1413 chorus,
703 1366 1014 1423 corporum,
1047 1355 1380 1425 plantarum,
1414 1358 1697 1416 brutorum
1729 1370 1946 1428 natura,
1971 1369 2032 1418 ut

453 1450 510 1497 et
571 1443 802 1498 aliorum
871 1448 1152 1515 omnium,
1204 1449 1378 1520 legem
1442 1454 1652 1526 accepit
1707 1473 1722 1510 :
1774 1455 2032 1516 universa

453 1536 656 1607 quippe
709 1538 826 1596 suis
871 1540 1082 1610 legibus
1112 1542 1587 1602 administrantur.
1619 1546 1684 1602 Et
1709 1547 1824 1605 haec
1846 1550 2030 1610 omnia

453 1631 740 1705 praeceptis
797 1631 942 1688 facta
991 1643 1140 1699 sunt,
1161 1653 1295 1707 qua)
1331 1653 1427 1696 ore
1470 1640 1840 1700 declarantur.
1873 1642 2032 1710 Quae.

453 1737 670 1794 cunque
719 1739 850 1795 ergo
909 1742 974 1783 os
1031 1728 1226 1798 ipsius,
1251 1731 1368 1788 sive
1413 1747 1510 1802 per
1555 1732 1743 1802 Vetus,
1788 1735 1904 1792 sive
1935 1751 2033 1807 per

2126 534 2475 608 ἀνθρωπίνην
2511 536 2927 610 ὑπερϐαίνοντα,
2955 536 3028 589 Ἦ
3069 533 3272 604 τέρατα
3313 535 3412 605 μὲν
3446 533 3517 587 τὰ
3545 551 3712 602 γεγε·-

2127 627 2334 700 νημένα
2362 627 2634 698 θαύματα,
2667 628 2743 692 ὡς
2768 628 2829 681 τὸ
2865 629 3234 700 περιπατῆσαι
3263 629 3355 680 ἐπὶ
3381 628 3479 698 τῆς
3505 626 3712 682 θαλάσ-

2129 738 2251 792 σης,
2279 722 2375 776 καλ⁹
2400 721 2592 794 νεκρὸν
2619 723 2944 795 ἀναστῆσαι,
2972 722 3065 776 καὶ
3087 721 3156 774 τὰ
3178 719 3401 774 τοιαῦτα
3419 737 3432 751 ’
3461 720 3713 789 κρίματα

2128 812 2186 867 δὲ
2205 811 2299 866 τοῦ
2328 812 2596 885 στόματος
2619 814 2784 869 αὑτοῦ
2819 815 2945 878 τοὺς
2975 813 3166 882 λόγους
3191 811 3286 876 οὒς
3321 811 3527 880 ἔλεγεν,
3554 808 3714 864 ἐλαύς

2129 923 2234 959 νων
2262 905 2369 958 τῶν
2398 905 2698 980 ἀνθρώπων
2725 908 2846 971 τοὺς
2878 906 3218 977 ἀκαθάρτους
3248 903 3529 974 δαίμονας,
3557 902 3593 974 ἢ
3619 902 3715 964 καὶ

2127 1001 2227 1065 τὰς
2275 1000 2494 1063 ἐντολὰς
2527 1000 2625 1072 τῆς
2670 1001 2874 1071 Καινῆς
2906 1000 3199 1072 Διαθήκης.
3249 998 3466 1053 Μᾶλλον
3515 998 3575 1052 δὲ
3623 999 3714 1054 ὲν-

2127 1092 2303 1148 ταῦθά
2337 1110 2427 1163 μοι
2453 1092 2602 1146 δοκεῖ
2636 1093 2882 1164 κρίματα
2919 1094 3045 1160 τοὺς
3094 1093 3288 1163 νόμους
3338 1090 3541 1160 λέγειν,
3582 1093 3712 1158 τοὺς

2129 1185 2188 1240 ὲν
2211 1185 2446 1258 οὐρανῷ,
2478 1187 2606 1250 τοὺς
2629 1186 2688 1240 ἐν
2726 1187 2819 1258 γῇ,
2853 1186 2980 1249 τοὺς
3017 1186 3074 1238 ὲν
3104 1184 3367 1258 θαλάσσῃ.
3397 1185 3472 1239 Οὐ
3505 1185 3619 1256 γὰρ
3647 1184 3713 1260 δὴ

2133 1276 2294 1348 μόνος
2349 1275 2636 1348 ἄνθρωπος
2693 1274 2854 1329 ἔλαϐε
2910 1275 3094 1345 νόμον,
3151 1273 3286 1327 άλλὰ
3334 1272 3402 1326 τὰ
3453 1271 3714 1342 ὁρώμενα

2131 1366 2344 1428 ἅπαντα
2367 1383 2382 1400 ο
2422 1369 2457 1438 ή
2489 1367 2731 1422 Θάλασσα
2761 1366 2932 1438 τὸμὴ
2975 1364 3321 1437 ὑπερϐαίνειν
3361 1365 3480 1428 τοὺς
3521 1364 3712 1430 αίγια-

2130 1459 2286 1523 λούς·
2319 1458 2389 1512 τὰ
2409 1459 2511 1532 ὅρη
2534 1459 2596 1512 τὸ
2624 1458 2952 1530 πεπηγέναι,
2984 1458 3017 1526 ὴ
3043 1457 3113 1528 γῆ
3140 1457 3200 1517 τὸ
3232 1455 3470 1517 ἑστάναι,
3496 1455 3524 1506 ό
3550 1453 3711 1524 ἥλιος

2130 1553 2192 1606 τὸ
2224 1552 2460 1624 τρέχειν,
2495 1553 2528 1622 ἡ
2565 1552 2763 1623 σελήνη
2789 1552 2889 1624 τὴν
2932 1550 3069 1605 ἰδίαν
3097 1548 3368 1615 εὐταξίαν,
3402 1549 3432 1602 ό
3464 1543 3711 1608 ποικίλος

2130 1645 2239 1700 τῶν
2273 1646 2518 1719 ἀστέρων
2542 1645 2721 1718 χορὸς,
2768 1646 2802 1716 ἡ
2841 1645 3002 1715 φύσις
3039 1644 3148 1698 τῶν
3191 1641 3479 1714 σωμάτων,
3524 1641 3560 1708 ἡ
3603 1637 3718 1697 τῶν

2137 1739 2340 1809 φυτῶν,
2375 1741 2409 1811 ἡ
2453 1738 2564 1792 τῶν
2611 1739 2840 1808 ἀλόγων,
2879 1741 2914 1810 ὴ
2954 1737 3063 1794 τῶν
3103 1737 3277 1793 ἄλλων
3315 1734 3570 1795 ἁπάντων
3589 1747 3605 1762 ο
3640 1732 3706 1806 ol-

451 1809 664 1869 Novum
698 1813 1415 1890 Testamentumjudicavit,
1443 1839 1506 1878 ea
1531 1827 1864 1893 connectite,
1895 1843 2029 1898 gen-

2134 1831 2302 1894 κείοις
2351 1809 2461 1900 γάρ
2518 1830 2734 1891 ἅπαντα
2773 1809 3050 1893 διοικεῖται
3103 1829 3306 1901 νόμοις.
3363 1826 3476 1880 Καὶ
3538 1821 3715 1877 ταῦτα

451 1905 1013 1979 tibusprazcipientes,
1038 1920 1099 1966 ut
1119 1912 1327 1982 judicia
1351 1914 1471 1985 ejus
1486 1919 1642 1988 quasi
1673 1920 1852 1990 regias
1885 1922 2032 1993 leges

452 2000 787 2056 custodiant.
839 2001 1052 2060 Judicia
1099 2022 1262 2076 porro
1299 2009 1571 2083 intelligas
1613 2028 1698 2079 ea,
1737 2029 1859 2085 quae
1883 2014 2034 2086 justo

452 2091 666 2146 calculo
712 2095 1039 2152 mirabiliter
1066 2099 1214 2153 edita
1237 2111 1386 2157 sunt.
1413 2102 1546 2158 Nam
1582 2105 1709 2175 quia
1739 2123 1802 2162 ea
1824 2123 1945 2178 qua).
1974 2109 2032 2166 in

453 2179 693 2253 Egypto
720 2195 870 2254 gesta
897 2195 1028 2247 sunt
1061 2201 1388 2250 narraturus
1417 2202 1523 2256 est.
1560 2196 1832 2267 justitiam
1863 2199 2039 2270 ultio:

453 2273 543 2330 nis
576 2273 644 2333 de
693 2273 964 2348 lEgyptiis
1009 2290 1238 2351 sumpta:
1269 2283 1469 2342 docere
1509 2288 1822 2343 antevertit.
1857 2286 2032 2360 Opor-

451 2367 602 2425 tebat
628 2367 774 2426 enim
805 2385 1017 2435 omnes,
1051 2373 1143 2442 qui
1167 2376 1225 2428 in
1247 2385 1392 2431 terra
1417 2385 1565 2443 sunt,
1602 2378 1874 2443 homines,
1909 2380 2030 2454 ejus

448 2459 674 2529 judiciis
705 2461 976 2528 subditos,
1010 2479 1187 2538 neque
1229 2475 1382 2538 gesta
1411 2469 1556 2538 ejus,
1593 2486 1770 2542 neque
1821 2473 2029 2542 judicia

451 2553 574 2623 ejus
608 2554 878 2625 ignorare.
914 2556 1126 2624 Quibus
1149 2559 1374 2629 judiciis
1408 2576 1517 2616 non
1538 2563 1715 2618 solum
1744 2563 2026 2621 Judaicam

451 2652 688 2715 gentem,
705 2648 801 2702 sed
824 2648 988 2702 etiam
1006 2665 1197 2710 omnes
1225 2651 1281 2705 in
1298 2660 1443 2708 terra
1473 2653 1722 2712 homines
1743 2658 2028 2714 vocatione

451 2750 552 2790 sua
583 2735 798 2808 dignari
826 2739 1090 2796 decrevit.

2134 1923 2349 1982 ἅπαντα
2389 1920 2723 1992 ἐπιτάγμασι
2751 1919 2996 1990 γέγονεν,
3042 1922 3178 1992 ὅπερ
3206 1917 3458 1989 δηλοῦται
3489 1915 3579 1969 διὰ
3620 1913 3719 1970 τοῦ,

2135 2011 2420 2082 στόματος.
2453 2013 2594 2074 Ὅσα
2620 2013 2800 2066 τοίνυν
2831 2013 2894 2067 τὸ
2929 2011 3103 2084 στόμα
3143 2009 3308 2066 αὑτοῦ
3341 2009 3578 2081 ἔκρινεν,
3605 2007 3714 2060 εἴτε

2134 2104 2224 2167 διὰ
2247 2105 2346 2175 τῆς
2376 2104 2642 2170 Παλαιᾶς,
2668 2106 2778 2160 εἴτε
2806 2105 2894 2165 διὰ
2917 2104 3016 2176 τῆς
3046 2102 3190 2166 Νέας
3207 2101 3482 2173 Atellam;
3509 2099 3716 2172 ἔκρινε.

2134 2199 2523 2270 ἐπισυνάψατε,
2577 2199 2866 2270 φυλάττειν
2913 2199 2991 2263 ὡς
3036 2197 3234 2269 νόμους
3281 2194 3592 2266 βασιλικοὺς
3646 2192 3717 2247 τὰ

2135 2294 2379 2367 κρίματα
2413 2294 2578 2349 αὑτοῦ
2608 2296 2722 2360 τοῖς
2752 2293 2928 2348 ἔθνεσι
2961 2289 3450 2364 παραγγέλλοντες.
3477 2287 3717 2356 Νοὴσεις

2132 2384 2190 2439 δὲ
2245 2385 2491 2456 κρίματα
2545 2385 2616 2440 τὰ
2673 2384 2861 2457 δικαίᾳ
2917 2383 3082 2456 ψήφῳ
3137 2378 3709 2453 θαυματουργηθέντα.

2144 2476 2360 2547 Ἐπειδὴ
2389 2476 2496 2548 γὰρ
2519 2476 2589 2530 τὰ
2614 2477 2672 2530 ὲν
2691 2475 2952 2547 Αἰγύπτῳ
2979 2473 3159 2547 μέλλει
3181 2470 3505 2542 διηγεῖσθαι,
3534 2469 3718 2540 προδι-

2130 2565 2318 2620 δάσκει
2343 2567 2443 2637 τῆς
2472 2565 2782 2634 Δίγυπτίων
2806 2564 3076 2636 τιμωρίας
3099 2563 3160 2618 τὸ
3183 2563 3409 2626 δίκαιον.
3436 2560 3586 2614 Ἔδει
3605 2557 3718 2629 γὰρ

2132 2657 2337 2721 πάντας
2377 2659 2502 2722 τοὺς
2539 2658 2633 2711 ἐπὶ
2671 2657 2776 2728 γῆς
2816 2655 3133 2728 ἀνθρώπους
3175 2654 3570 2726 ὑποκειμένους
3600 2654 3716 2714 τοῖς

2131 2747 2296 2804 αὐτοῦ
2328 2749 2558 2820 κρίμασι
2590 2749 2665 2822 μὴ
2694 2750 2909 2818 ἀγνοεῖν
2947 2750 3082 2821 μήτε
3107 2747 3175 2802 τὰ
3208 2746 3345 2819 ἔργα
3372 2744 3537 2798 αὑτοῦ
3573 2744 3716 2815 μήτε

449 2829 520 2884 τὰ
547 2832 791 2902 κρίματα
815 2833 1002 2890 αὑτοῦ.
1031 2835 1108 2887 Δι’
1131 2829 1205 2890 ὧν
1227 2839 1510 2911 χριμάτων
1533 2842 1593 2894 οὐ
1628 2842 1786 2914 μόνον
1811 2843 1873 2896 τὸ
1904 2844 2170 2907 Ἰουδαίων
2205 2844 2374 2912 ἔθνος,
2406 2844 2544 2898 ἀλλὰ
2582 2846 2677 2899 καὶ
2709 2846 2918 2909 πάντας
2954 2846 3080 2908 τοὺς
3119 2843 3212 2897 ἐπὶ
3242 2843 3349 2914 γῆς
3392 2838 3716 2911 ἀνθρώπους

450 2925 632 2997 ἔκρινε
660 2929 757 3000 τῆς
786 2932 950 2990 αὑτοῦ
979 2936 1224 3005 κλήσεως
1250 2935 1605 3001 καταξιῶσαι.

527 3045 689 3104 Vsus.
719 3050 845 3115 6,7.
879 3051 1066 3107 Semen
1096 3053 1368 3108 Abraham
1404 3058 1540 3113 servi
1571 3056 1706 3126 ejus,
1740 3056 1842 3128 ﬁlii
1863 3055 2028 3111 Jacob

2205 3053 2446 3125 Σπέρμα
2505 3055 2749 3126 Ἀϐραὰμ
2803 3053 3010 3109 δοῦλοι
3065 3052 3274 3119 αὑτοῦ,
3332 3050 3454 3107 υἱοὶ
3516 3051 3720 3105 Ἰακὼϐ

450 3136 599 3194 electi
627 3140 759 3209 ejus.
796 3140 918 3212 Ipse
946 3143 1205 3198 Dominus
1250 3143 1391 3200 Deus
1417 3157 1611 3203 noster.
1630 3147 1898 3214 Quoniam
1925 3166 2029 3203 non

2131 3147 2405 3202 ἐκλεκτοὶ
2452 3146 2660 3204 αὐτοῦ.
2712 3144 2907 3212 Αὐτὸς
2955 3145 3170 3214 Κύριος
3225 3147 3258 3198 ό
3312 3141 3460 3208 Θεὸς
3517 3139 3712 3210 ἡμῶν.

451 3247 628 3286 omnes
657 3233 748 3304 qui
771 3250 837 3289 ea:
867 3234 1064 3302 Israel,
1122 3238 1162 3291 ii
1212 3248 1335 3292 sunt
1390 3237 1692 3305 Israelitw,
1745 3257 1907 3313 neque
1935 3243 2026 3313 qui

2141 3243 2292 3296 Ἐπεὶ
2329 3241 2414 3312 μὴ
2452 3241 2675 3307 πάντες
2719 3243 2774 3296 ol
2812 3239 2882 3306 ἐξ
2932 3238 3192 3308 Ἰσραὴλ,
3234 3234 3398 3293 οὗτοι
3445 3234 3710 3303 Ἰσραὴλ,

450 3341 625 3380 semen
685 3337 808 3382 sunt
861 3329 1110 3395 Abrahte,
1167 3348 1345 3386 omnes
1394 3331 1588 3401 ﬁlii";
1631 3334 1756 3403 jure
1801 3335 2026 3406 quidem

2129 3332 2277 3402 μηδὲ
2323 3332 2455 3386 ὅσοι
2505 3331 2625 3386 εἰσὶ
2666 3331 2906 3402 σπέρμα
2945 3329 3211 3398 Ἀϐραὰμ,
3247 3327 3471 3393 πάντες
3505 3324 3707 3389 τέκνα,

453 3415 703 3474 Salvator
731 3431 920 3481 noster
946 3424 1147 3482 Judaais
1174 3430 1268 3499 qui
1300 3445 1368 3485 ex
1399 3429 1607 3486 semine
1637 3428 1877 3493 Abrahae
1905 3445 2027 3483 esse

2129 3421 2352 3486 εἰκότως
2393 3421 2493 3493 μὲν
2518 3424 2546 3476 ό
2572 3421 2759 3493 Σωτὴρ
2791 3419 2947 3494 ἡμῶν
2981 3422 3093 3484 τοῖς
3134 3421 3198 3471 ὲκ
3223 3417 3536 3489 σπέρματος
3566 3409 3708 3469 εἶναι

449 3512 846 3583 gloriabantur,
865 3518 1003 3573 dixit
1024 3539 1035 3574 :
1054 3519 1176 3576 Scio
1193 3523 1319 3591 quia
1346 3539 1516 3578 semen
1543 3520 1770 3576 Abrahae
1800 3522 1926 3575 estis
1955 3521 2022 3589 ⁸⁸;

2139 3513 2388 3586 Ἀϐραὰμ
2446 3514 2704 3592 αὐχοῦσιν
2766 3513 3041 3575 Ἰουδαίοις
3095 3511 3309 3579 ἔλεγεν·
3372 3509 3545 3575 Οἶδα,
3611 3509 3707 3613 ὄτέ

449 3611 504 3657 et
537 3605 752 3672 iterum,
785 3606 846 3662 Si
895 3610 998 3677 ﬁlii
1053 3610 1284 3671 Abrahae
1321 3614 1468 3680 estis,
1494 3629 1650 3681 opera
1687 3612 1917 3666 Abraha:
1940 3613 2027 3682 fa-

2129 3606 2364 3675 σπέρμα
2397 3605 2643 3676 Ἀϐραάμ
2681 3606 2854 3660 ἐστε·
2893 3604 2990 3659 καὶ
3033 3602 3223 3658 πάλιν·
3259 3605 3329 3658 Ei
3366 3601 3542 3656 τέκνα
3587 3602 3699 3656 τοῦ

449 3695 550 3748 cite
577 3695 646 3762 ";
676 3696 751 3751 ita
787 3705 845 3752 ut
871 3700 1091 3769 quidam
1146 3701 1243 3756 lilii
1295 3705 1404 3757 sint
1447 3702 1681 3758 Abrahae
1713 3718 1808 3772 per
1844 3702 2026 3755 imita-

2141 3698 2385 3768 Ἀϐραὰμ
2422 3695 2547 3769 ἦτε,
2600 3697 2674 3752 τὰ
2708 3697 2853 3767 ἔργα
2897 3696 3004 3752 τοῦ
3046 3697 3292 3778 Ἀὄραᾴμ
3335 3695 3545 3750 ποιεῖτε
3568 3712 3582 3724 ·
3618 3695 3700 3766 ὥς⁴

449 3786 676 3850 tionem,
713 3789 806 3860 qui
855 3799 909 3844 ct
937 3792 1095 3848 electi
1136 3804 1443 3852 vocantur:
1477 3809 1602 3848 cum
1635 3794 1800 3865 aliqui
1840 3809 2025 3850 semen

2129 3809 2288 3851 τινων
2319 3793 2483 3846 τέκνα
2525 3793 2623 3864 μὲν
2658 3791 2827 3846 ὄντων
2850 3791 2951 3863 ,τοῦ
2986 3791 3236 3863 Ἀϐραὰμ
3281 3791 3365 3846 διὰ
3393 3790 3701 3862 μιμήσεως,

450 3889 663 3935 tantum
710 3883 830 3952 ejus
884 3886 1012 3951 sint,
1050 3895 1214 3957 atque
1248 3889 1369 3943 ideo
1417 3889 1640 3942 minime
1668 3889 1825 3942 electi
1865 3904 1878 3939 :
1913 3903 2022 3942 non

2129 3885 2176 3938 οἳ
2217 3885 2309 3938 καὶ
2353 3885 2596 3938 ἐκλεκτοὶ
2646 3885 2918 3957 εἴρηνται·
2959 3883 3120 3944 τινῶν
3162 3883 3220 3936 δὲ
3271 3882 3488 3956 σπέρμα
3541 3882 3706 3954 μόνον

448 3973 592 4027 enim
624 3989 808 4029 semen
834 3977 1068 4030 electum
1109 3978 1332 4042 dicitur,
1369 3981 1463 4034 sed
1507 3981 1622 4036 lilii.
1656 3979 1852 4034 Semen
1893 3994 2024 4034 vero

2129 3976 2296 4040 όντων
2329 3975 2515 4041 αὑτοῦ,
2546 3978 2640 4037 καὶ
2667 3975 2754 4030 διὰ
2790 3977 2946 4034 τοῦτο
2988 3974 3256 4042 ἐκλεκτῶν
3285 3975 3386 4029 οὒκ
3409 3974 3597 4027 ὄντων.
3627 3975 3704 4028 Οὐ

449 4073 579 4120 ssnt
632 4067 774 4121 servi
805 4067 944 4136 ejus.
988 4068 1124 4123 Cum
1171 4071 1352 4140 itaque
1393 4072 1648 4142 discipuli
1693 4072 2022 4137 Servatoris,

2129 4067 2235 4142 γὰρ
2262 4067 2322 4123 τὸ
2353 4065 2575 4139 σπέρμα
2617 4065 2867 4124 ἐκλεκτὸν
2905 4065 3118 4136 ἐλέχθη,
3154 4064 3270 4118 ἀλλ’
3298 4065 3346 4119 οἱ
3377 4063 3503 4118 υἱοί.
3538 4063 3614 4165 1:2»
3646 4061 3704 4115 δὲ

449 4155 694 4221 gentium
750 4171 1033 4225 praecones
1080 4158 1282 4224 ellecti,
1326 4169 1621 4232 utrumque
1675 4163 2021 4230 obtinerent,

2131 4161 2353 4236 σπέρμα
2383 4158 2558 4220 δοῦλοι
2588 4157 2775 4214 αὑτοῦ.
2813 4159 2962 4214 Ἐπεὶ
2994 4157 3173 4221 τοίνυν
3217 4159 3265 4209 οἱ
3310 4155 3407 4212 τοῦ
3448 4155 3705 4224 Σωτῆρος

449 4254 638 4318 utpote
671 4249 762 4318 qui
792 4259 846 4305 et
868 4252 1009 4306 servi
1035 4265 1220 4310 essent
1249 4265 1302 4310 et
1330 4257 1519 4324 electi;
1555 4259 1676 4314 ideo
1700 4259 1905 4313 dictum
1940 4269 2026 4317 est

2131 4253 2389 4323 μαθηταὶ,
2413 4254 2461 4306 οἱ
2482 4253 2592 4310 τῶν
2616 4250 2784 4306 ὲθνῶν
2803 4251 3082 4324 γενόμενοι
3126 4250 3387 4321 κήρυκες,
3411 4248 3707 4320 ἀμφότερα

447 4337 516 4391 ad
541 4353 636 4393 eos
666 4359 678 4394 :
714 4339 900 4402 Semen
928 4344 1198 4399 Abraham
1229 4349 1364 4401 servi
1383 4349 1519 4418 ejus,
1553 4351 1655 4420 ﬁlii
1676 4350 1842 4404 Iacob
1875 4352 2026 4408 electi

2129 4341 2292 4415 εἶχον,
2321 4345 2417 4404 ἅτε
2461 4346 2552 4398 καὶ
2580 4343 2753 4406 δοῦλοι
2784 4346 2935 4408 ὄντες
2976 4343 3068 4398 καὶ
3097 4341 3341 4400 ἐκλεκτοί
3361 4358 3375 4370 ·
3403 4340 3526 4394 ὅθεν
3566 4340 3708 4411 πρὸς

444 4427 578 4493 eius.
613 4427 751 4485 Huic
782 4441 962 4487 autem
993 4435 1164 4502 dicto,
1195 4436 1365 4492 Electi
1395 4440 1528 4508 ejus,
1554 4456 1840 4511 compares
1865 4443 2020 4508 illud,

2131 4439 2326 4502 αὐτοὺς
2356 4437 2634 4499 λέλεκται·
2669 4439 2914 4508 Σπέρμα
2955 4438 3201 4507 Ἀϐραὰμ
3243 4435 3449 4491 δοῦλοι
3489 4435 3699 4499 αὑτοῦ,

446 4517 561 4574 Hos
589 4520 1032 4595 duodecimelegit
1057 4525 1237 4592 Jesus,
1265 4539 1316 4582 et
1339 4530 1605 4598 apostolos
1637 4532 1928 4585 nominavit
1951 4531 2017 4600 '3;

2129 4531 2242 4585 υἱοὶ
2278 4531 2475 4585 Ἰακὼϐ
2499 4531 2772 4586 ἐκλεκτοὶ
2792 4531 3000 4588 αὐτοῦ.
3031 4529 3176 4602 Πρὸς
3199 4530 3255 4583 δὲ
3283 4530 3364 4593 τὸ,
3393 4528 3705 4582 Ἐκλεκτοι

442 4621 498 4666 et
525 4612 681 4678 illud,
715 4613 904 4671 Nonne
929 4633 1022 4687 ego
1045 4635 1132 4673 uos
1147 4619 1422 4674 duodecim
1437 4622 1567 4693 elegi
1596 4621 1681 4676 “‘l
1709 4621 2018 4678 Electorum

2129 4622 2330 4686 αὑτοῦ,
2364 4623 2703 4696 παραθήσεις
2742 4623 2822 4689 τὸ,
2870 4625 3126 4689 Τούτους
3159 4621 3299 4688 τοὺς
3331 4619 3559 4674 δώδεκα
3602 4619 3704 4682 es-

443 4717 577 4758 vero
600 4708 970 4774 praestantiam
1000 4709 1355 4779 intelligimus
1386 4727 1452 4766 ex
1489 4713 1604 4776 illo,
1633 4710 1796 4766 Multi
1825 4715 2016 4778 uocati,

2129 4713 2374 4778 ελέξατο
2404 4719 2437 4770 ό
2470 4717 2718 4785 Ἰησοῦς,
2745 4717 2843 4771 καὶ
2865 4716 3243 4784 ἀποστόλους
3268 4713 3540 4783 ὠνόμασε
3563 4729 3578 4742 ·
3607 4713 3703 4766 καὶ

443 4798 600 4863 pauci
623 4814 740 4855 vero
768 4800 998 4856 electi“.
1021 4801 1140 4872 Ipse
1163 4803 1418 4859 Dominus
1448 4804 1587 4859 Deus
1617 4815 1812 4869 noster,
1832 4808 1885 4859 in
1909 4807 2019 4859 uni-

2129 4805 2206 4871 τὸ,
2238 4809 2359 4862 Οὐκ
2389 4808 2504 4879 ἐγὼ
2534 4807 2691 4879 ὑμᾶς
2731 4809 2875 4876 τοὺς
2917 4808 3146 4862 δώδεκα
3182 4805 3592 4876 ἐξελεξάμην;
3626 4805 3703 4858 Τὸ

445 4903 594 4944 versa
625 4899 767 4945 terra
809 4891 1020 4960 judicia
1069 4895 1205 4963 ejus.
1236 4893 1352 4949 Non
1391 4895 1775 4965 ignorandum,
1819 4897 2014 4968 inquit,

2129 4898 2178 4953 δὲ
2213 4899 2487 4972 ἐξαίρετον
2519 4901 2625 4955 τῶν
2655 4900 2926 4954 ἐκλεκτῶν
2962 4901 3222 4972 νοήσομεν
3249 4899 3354 4954 ἀπὸ
3378 4898 3471 4952 τοῦ
3492 4915 3506 4928 ·
3537 4901 3701 4952 Πολ·

443 4977 625 5048 ἱρειιιιι
657 4995 780 5036 esse
805 4981 1092 5038 Dominum
1118 4985 1287 5039 Deum
1313 4997 1584 5052 nostrum,
1607 4987 1700 5056 qui
1733 4988 2023 5057 providen-

2129 4992 2218 5045 λοί
2261 4993 2489 5061 κλητοὶ,
2531 4994 2721 5065 ὀλίγοι
2751 4992 2821 5046 δὲ
2862 4993 3156 5052 ἐκλεκτοί.
3189 4990 3382 5057 Αὐτὸς
3412 4991 3630 5059 Κύριος
3664 4995 3701 5044 d

442 5075 519 5129 tia
565 5089 662 5129 sua
688 5074 1003 5132 universum
1053 5079 1318 5136 mundum
1353 5079 1555 5135 divinis
1593 5078 1819 5149 judiciis
1849 5079 2024 5136 admi-

2129 5083 2269 5150 Θεὸς
2307 5085 2494 5154 ἡμῶν,
2531 5086 2601 5140 ἐν
2634 5085 2803 5154 πάσῃ
2844 5085 2920 5156 τῇ
2951 5084 3029 5155 τῇ
3071 5085 3144 5138 τὰ
3186 5086 3438 5156 κρίματα
3481 5083 3696 5139 αὐτοῦ.

442 5169 676 5235 nistrat;
701 5167 773 5221 ita
811 5177 869 5222 ut
895 5171 1031 5224 nilnil
1054 5172 1173 5228 sine
1202 5172 1432 5239 judicio,
1459 5173 1609 5266 Ιιιίιιὶι
1637 5173 1757 5228 sine
1785 5171 2023 5243 Deipro—

441 5260 682 5316 videntia
710 5263 945 5318 eveniat.

2123 5180 2236 5231 Οὐκ
2269 5179 2579 5249 ἀγνοητέον,
2604 5179 2785 5252 φησὶν,
2805 5179 2887 5232 ὅτι
2916 5179 3076 5243 αὐτός
3104 5180 3216 5234 ἐστι
3255 5177 3457 5249 Κύριος
3493 5177 3522 5230 ὁ
3556 5175 3694 5242 Θεὸς

2120 5270 2300 5342 ἡμῶν,
2325 5270 2383 5336 ὃς
2418 5271 2644 5344 προνοίᾳ
2670 5271 2762 5325 τὸν
2799 5271 3090 5345 σύμπαντα
3124 5271 3326 5344 κόσμον
3363 5269 3526 5335 θείοις
3567 5269 3694 5340 κρίο

445 5369 583 5427 μασι
604 5353 814 5421 διοικεῖ,
855 5355 931 5419 ὡς
975 5355 1140 5426 μηδὲν
1173 5356 1431 5428 ἀκρίτως,
1463 5359 1597 5430 μηδὲ
1637 5360 1764 5414 ἄνευ
1793 5361 1892 5432 τῆς
1922 5360 2015 5414 τοῦ
2053 5361 2188 5416 Θεοῦ
2228 5364 2480 5435 προνοίας
2514 5364 2813 5434 γίγνεσθαι.

514 5463 678 5522 Vens.
715 5469 865 5524 8-15.
927 5467 1132 5523 Memor
1194 5469 1296 5538 fuit
1345 5471 1399 5525 in
1429 5473 1682 5527 saeculum
1717 5475 2016 5530 testamenti

443 5559 543 5619 sui.
575 5563 712 5616 verbi
741 5562 880 5632 quod
911 5562 1178 5617 mandavit
1207 5565 1260 5617 in
1289 5565 1433 5620 mille
1458 5569 1837 5636 generationes.
1863 5569 2016 5637 Quod

543 5785 556 5812 η
600 5783 750 5840 lium.
790 5801 873 5854 ix,
913 5785 1034 5851 6,7.
1115 5785 1329 5847 "Joan.
1368 5805 1492 5856 vm,
1532 5790 1617 5843 57.
1699 5792 1740 5822 ⁵⁷
1785 5791 1912 5846 ibid.
1953 5793 2038 5848 39.

2204 5479 2506 5549 Ἐμνήσθη
2540 5481 2629 5546 είς
2655 5479 2763 5535 τὸν
2789 5479 2975 5535 αἰῶνα
3009 5479 3300 5550 διαθήκης
3333 5481 3542 5545 αὐτοῦ,
3583 5485 3688 5534 ,ιόο

2124 5592 2229 5642 τηου
2257 5569 2330 5632 οὗ
2374 5573 2709 5628 ἐνετείλατο
2742 5576 2830 5640 εις
2857 5575 3058 5643 χιλίας
3095 5577 3328 5646 γενεὰς,
3355 5576 3431 5630 ὃν
3462 5574 3690 5631 διέθετο

2117 5795 2157 5822 λε
2201 5793 2331 5850 Luc,
2369 5810 2452 5858 vt,
2497 5795 2578 5852 13.
2657 5797 2700 5828 ⁸⁸
2741 5793 2895 5854 Joan.
2919 5797 3142 5862 ".71.?
3180 5798 3222 5828 '°
3261 5795 3442 5851 Mattlr.
3485 5813 3571 5859 xx.
3601 5796 3684 5858 ιϐ.
