4040 6210
265 361 418 418 1505

1413 361 1919 420 οοιιιιεΝτΑιιιΑ
1949 363 2019 422 IN
2042 349 2379 424 psItLuos.

3377 373 3399 426 Ι
3412 371 3514 430 506

262 483 356 548 τῷ
388 481 650 552 Ἀϐραὰμ,
682 481 778 536 καί
806 481 912 536 τοῦ
949 482 1130 552 ὅρκου
1147 481 1334 536 αυτοῦ
1364 480 1446 547 τῷ
1476 481 1674 537 Ἰσαάκ
1697 501 1710 514 ·
1745 484 1843 538 καὶ

1955 484 2204 554 disposuit
2233 485 2302 540 ad
2332 485 2622 551 Abraham,
2649 495 2699 540 et
2719 486 3016 555 juramenti
3050 487 3135 541 sui
3165 485 3232 538 ad
3260 484 3439 550 Isaac.
3464 497 3515 542 et

267 574 542 643 ἔστησεν
564 573 750 627 αὑτὸν
773 571 853 640 τῷ
890 573 1090 628 Ἰακὼϐ
1117 574 1206 640 είς
1238 575 1608 645 πρόσταγμα,
1642 575 1740 629 καὶ
1771 574 1850 642 τῷ

283 665 528 734 Ἰσραὴλ
556 668 642 732 εἰς
667 664 959 732 διαθήκην
984 663 1256 730 αἰώνιον,
1290 666 1484 735 λέγων
1501 682 1517 698 ·
1547 665 1649 720 Sol
1678 665 1850 720 δώσω

267 759 394 827 τὴν
421 757 541 829 γῆν
570 757 832 823 Χαναὰν,
869 759 1198 826 σχοίνισμα
1228 757 1632 827 κληρονομίας
1649 756 1847 829 ὑμῶν.

288 853 392 906 Ἐν
415 849 496 917 τῷ
522 847 675 906 εἶναι
698 850 918 916 αὐτοὺς
945 849 1167 920 ἀριθμῷ
1202 849 1475 918 βραχεῖς,
1497 849 1852 919 ὀλιγοστοὺς

271 942 378 996 καί
422 943 747 1012 παροίκους
779 943 848 996 ἐν
887 941 1060 1011 αὐτῇ.
1104 942 1216 997 Kal
1243 940 1494 1010 διῆλθον
1530 941 1601 1006 ἐξ
1637 943 1851 1012 ἔθνους

273 1036 368 1102 εἰς
407 1035 615 1102 ἐθνος,
656 1034 756 1089 καί
802 1034 872 1088 ἐκ
913 1033 1240 1099 ,βασιλείας
1290 1033 1379 1098 εἰς
1423 1031 1580 1088 λαὸν
1622 1032 1848 1100 ἕτερον.

270 1129 399 1181 οὐκ
420 1126 655 1196 ἀφῆκεν
673 1125 987 1198 ἄνθρωπον
1005 1125 1287 1192 ἀδικῆσαι
1306 1110 1549 1189 αὐτοὺς,
1564 1125 1663 1179 καί
1681 1124 1854 1197 ﬁxer-

278 1220 388 1286 ξεν
413 1220 566 1290 ὑπὲρ
592 1221 791 1276 αὐτῶν
824 1217 1127 1284 βασιλεῖς.
1155 1217 1254 1285 Μὴ
1301 1217 1562 1273 ἅπτεσθε
1590 1217 1711 1272 τῶν
1735 1235 1856 1287 χρι-

281 1313 445 1371 στῶν
467 1330 610 1382 μου,
645 1312 744 1366 καί
779 1311 850 1365 ἐν
879 1310 1004 1376 τοῖς
1031 1307 1364 1378 προφήταις
1401 1327 1521 1378 μου
1547 1309 1633 1378 μὴ
1666 1322 1855 1378 πονη-

277 1406 551 1474 ρεύεσθε.
596 1404 928 1474 Ἐπιστήσας
976 1399 1219 1474 ἀκριϐῶς
1261 1401 1346 1464 τίς
1398 1396 1469 1472 ἦν
1523 1403 1552 1454 ὁ
1595 1399 1752 1468 λόγος
1794 1401 1854 1455 ὃν

283 1496 582 1550 ἐνετείλατο
624 1497 704 1558 εἰς
744 1493 945 1556 πολλὰς
987 1491 1178 1561 γενεὰς
1209 1489 1608 1561 ἐξικνούμενον,
1651 1491 1713 1543 ού
1746 1489 1856 1562 γὰρ

283 1588 421 1642 ἐτῶν
474 1585 728 1659 ἀριθμὸν,
779 1583 915 1639 ἀλλὰ
944 1583 1006 1636 τὸ
1035 1582 1280 1654 διηνεκὲς
1317 1583 1612 1636 αἰνίττεται
1662 1582 1756 1636 καὶ
1793 1580 1857 1634 τὸ

281 1677 506 1750 πλῆθος,
541 1677 617 1740 ὡς
641 1675 704 1729 τὸ
743 1675 990 1741 ἑπτάκις,
1026 1674 1228 1742 Στεζοα
1261 1673 1472 1729 ἔτεκεν
1495 1673 1666 1738 ἑπτὰ,
1699 1691 1856 1729 τουτ-

283 1772 400 1836 έστι
447 1768 638 1831 πολλὰ,
673 1769 788 1834 καὶ,
823 1766 1093 1832 Ἐπτάκις
1129 1766 1396 1821 πεσεῖται
1421 1770 1456 1821 ὀ
1481 1766 1727 1832 δίκαιος,
1755 1766 1855 1821 καὶ

283 1833 691 1928 ἀναστήσεται
707 1878 720 1890 ·
746 1861 1000 1931 εὑρήσεις
1025 1858 1185 1912 αὐτὸν
1212 1857 1498 1932 εἰρημένον
1529 1857 1699 1921 οὕτως
1720 1859 1858 1929 πρὸς
1887 1833 1930 1892 Β

297 1953 568 2026 Ἀϐραὰμ,
590 1952 700 2008 Kal
723 1949 1306 2021 ἐνευλογηθήσονται
1333 1950 1404 2002 ἐν
1438 1949 1537 2003 σοί
1561 1947 1756 2004 πάντα
1781 1953 1857 2004 τὰ

281 2046 430 2113 ἔθνη
484 2044 594 2113 τῆς
637 2043 768 2114 τῆς.
823 2043 952 2107 Καὶ,
1003 2039 1613 2110 Ἐνευλογηθήσονται
1659 2039 1729 2096 ἐν
1776 2040 1858 2108 τῷ

283 2135 581 2205 σπέρματί
614 2149 730 2189 σου
761 2132 952 2188 πᾶσαι
987 2134 1048 2186 αι
1067 2132 1253 2201 φυλαὶ
1280 2131 1393 2200 τῆς
1420 2131 1554 2201 τῆς,
1574 2132 1674 2186 καὶ
1700 2135 1856 2201 πλη-

283 2230 482 2284 θύνων
509 2225 796 2296 πληθυνῶ
825 2227 891 2280 τὸ
924 2226 1163 2296 σπέρμα
1197 2241 1335 2281 σου.
1374 2224 1570 2298 Εύροις
1603 2225 1648 2280 δ’
1687 2225 1754 2280 ἂν
1789 2224 1858 2279 τά

284 2315 643 2388 παραπλήσια
689 2314 890 2386 καὶτῷ
937 2315 1119 2368 Ἰσαὰκ
1159 2313 1548 2386 ἐπηγγελμένα
1593 2313 1690 2368 καὶ
1730 2314 1859 2384 ὀμο-

284 2409 482 2463 σθέντα
525 2407 652 2482 περί
695 2425 757 2460 τε
804 2408 906 2479 τῆς
955 2408 1060 2478 γῆς
1116 2408 1212 2460 καὶ
1253 2405 1345 2460 τοῦ
1401 2404 1715 2478 πληθυσμοῦ
1763 2405 1856 2459 τοῦ

285 2500 618 2572 σπέρματος.
670 2498 858 2555 Ταῦτα
895 2499 952 2552 δέ
995 2497 1134 2570 μετά
1189 2497 1446 2561 πλείστας
1492 2499 1621 2562 ὅσας
1666 2497 1858 2566 γενεὰς

283 2593 586 2666 ἐπληροῦτο
609 2592 696 2646 διὰ
731 2593 830 2664 τῆς
860 2591 1180 2661 ἐπιφανείας
1213 2590 1448 2661 Χριστοῦ
1475 2589 1570 2644 τοῦ
1594 2591 1659 2644 ἐκ
1693 2589 1860 2661 σπέρ-

289 2702 456 2757 ματος
496 2683 764 2755 Ἀϐραάμ,
794 2683 1084 2754 γενομένου
1109 2684 1358 2754 Σωτῆρος
1390 2682 1564 2754 ἡμῶν.
1596 2683 1778 2736 Εἰσέτι
1799 2700 1857 2736 τε

286 2777 383 2833 νῦν
410 2778 622 2850 ἐνεργεῖ
649 2777 742 2830 καὶ
775 2776 1017 2847 διαμένει
1056 2778 1089 2846 ἡ
1121 2775 1441 2844 ἐπαγγελία,
1482 2776 1673 2848 μέχρις
1699 2771 1760 2828 οὒ
1799 2774 1860 2828 τὸ

285 2869 562 2940 πλήρωμα
589 2868 694 2922 τῶν
721 2867 888 2922 ἐθνῶν
909 2866 1143 2940 εἰσέλθῃ.
1173 2863 1338 2931 Οὗτος
1364 2862 1456 2922 οῦν
1485 2867 1620 2939 μετὰ
1649 2867 1858 2938 μακρὸν

286 2960 478 3023 αἰῶνα,
509 2962 604 3016 καὶ
636 2959 774 3032 μετὰ
817 2959 1074 3022 πλείστας
1118 2959 1323 3031 σφόδρα
1359 2958 1572 3028 γενεὰς,
1608 2958 1708 3022 τὰς
1748 2960 1858 3032 γὰρ

286 3053 528 3123 χιλιάδας
567 3053 688 3106 ἀντὶ
725 3051 835 3106 τῶν
887 3051 1099 3106 πολλῶν
1145 3051 1470 3124 παρείληφε,
1523 3053 1618 3106 καὶ
1655 3051 1859 3116 ταύτας

287 3146 526 3219 ἐπλήρου
577 3147 677 3211 τὰς
730 3147 867 3218 πρὸς
921 3147 1047 3210 τοὺς
1095 3147 1441 3218 πατριάρχας
1502 3145 1856 3217 ἐπαγγελίας,

1948 581 2135 634 statuit
2173 578 2308 634 illud
2336 578 2501 632 Iacob
2529 580 2582 632 in
2621 588 2958 648 praceptum,
2986 587 3035 633 et
3065 576 3239 632 Israel
3271 578 3326 635 in
3355 588 3516 633 testa-

1950 680 2179 726 mentum
2217 681 2492 735 ceternum,
2539 669 2715 725 dicens
2754 685 2772 723 :
2807 670 2926 724 Tibi
2972 669 3108 724 dabo
3139 679 3332 724 terram
3371 669 3514 725 Cha-

1949 780 2113 828 naan,
2144 763 2440 833 funiculum
2473 762 2792 817 hatreditatis
2821 773 3023 819 vestrm.
3059 761 3191 818 Cum
3221 771 3390 816 essent
3419 778 3518 814 nu-

1949 874 2093 912 mero
2121 856 2281 920 brevi,
2322 857 2629 926 paucissimi
2651 864 2699 910 et
2725 856 2914 910 incola:
2940 857 2994 909 in
3031 871 3115 912 ea.
3144 853 3211 907 Et
3239 864 3515 923 pertrans-

1947 951 2122 1004 ierunt
2156 949 2220 1004 de
2249 958 2396 1019 gente
2425 950 2479 1002 in
2519 957 2740 1019 gentem,
2786 956 2835 1003 et
2863 948 2926 1000 de
2960 963 3116 1017 regno
3155 945 3224 1000 ad
3268 945 3517 1015 populum

1952 1043 2196 1097 alterum.
2232 1039 2355 1096 Non
2385 1040 2595 1112 reliquit
2627 1040 2888 1095 hominem
2924 1055 3108 1093 nocere
3140 1040 3236 1104 eis,
3276 1048 3324 1092 et
3355 1039 3519 1092 corri-

1949 1134 2062 1202 puit
2090 1148 2186 1203 pro
2221 1135 2297 1188 eis
2351 1150 2514 1204 reges.
2561 1132 2744 1188 Nolite
2783 1141 2990 1203 tangere
3026 1131 3248 1186 christos
3279 1149 3440 1195 meos,
3472 1140 3520 1184 et

1951 1228 2007 1280 in
2036 1226 2297 1295 prophetis
2321 1227 2448 1280 meis
2485 1225 2644 1280 nolite
2678 1226 2982 1296 malignari.
3023 1223 3079 1278 Si
3109 1233 3364 1279 accurate
3401 1239 3522 1294 per-

1953 1320 2160 1389 pendas
2198 1316 2345 1388 quod
2399 1317 2531 1372 illud
2564 1317 2784 1373 verbum
2816 1317 2996 1381 fuerit,
3034 1317 3180 1387 quod
3221 1316 3520 1379 mandavit.

1955 1410 2011 1464 in
2063 1409 2266 1464 multas
2295 1409 2674 1480 generationes
2707 1409 3012 1479 pervadens
3050 1427 3063 1463 :
3097 1423 3205 1462 non
3237 1408 3381 1462 enim
3417 1424 3522 1461 nu-

1953 1517 2164 1557 merum
2219 1516 2507 1568 annorum,
2556 1502 2652 1558 sed
2701 1511 3021 1572 perpetuum
3066 1499 3379 1556 subindicat
3425 1515 3524 1552 nu-

1955 1611 2139 1652 merus
2169 1594 2504 1666 hujusmodi,
2539 1603 2600 1650 ut
2626 1611 2677 1649 v.
2704 1610 2757 1666 g.
2801 1595 3003 1664 septies
3024 1633 3039 1657 ,
3085 1591 3294 1648 Sterilis
3330 1593 3526 1661 peperit

1955 1696 2147 1756 septem
2171 1686 2239 1751 ⁶¹,
2264 1687 2318 1742 id
2357 1693 2442 1742 est
2471 1687 2706 1751 multos;
2733 1694 2810 1748 et,
2847 1685 3050 1754 Septies
3079 1682 3231 1738 cadet
3244 1681 3425 1751 justus
3476 1689 3526 1736 et

1957 1787 2190 1850 resurget
2217 1777 2293 1846 ⁶²;
2324 1779 2426 1833 hac
2451 1779 2660 1834 ratione
2687 1777 2818 1832 illud
2849 1777 3082 1831 Abrahae
3135 1775 3341 1830 dictum
3370 1787 3522 1828 com-

1957 1870 2158 1940 peries.
2191 1868 2259 1922 Et
2285 1869 2717 1923 benedicenturin
2753 1878 2800 1922 te
2837 1884 3014 1923 omnes
3057 1877 3230 1937 gentes
3271 1863 3524 1942 terrm“.

1957 1959 2045 2028 Et,
2075 1959 2458 2015 Benedicentur
2493 1962 2544 2014 in
2578 1961 2771 2014 semine
2819 1968 2908 2013 tuo
2934 1974 3110 2013 omnes
3141 1956 3305 2011 tribus
3352 1965 3524 2010 terra.

1957 2051 2029 2107 Et
2053 2051 2411 2120 multiplicans
2441 2048 2803 2120 multiplicabo
2833 2065 3007 2104 semen
3039 2057 3186 2101 tuum
3219 2045 3284 2100 “.
3316 2043 3526 2099 Similia

1958 2143 2087 2198 item
2120 2141 2308 2198 lsaaco
2338 2140 2611 2212 promissa
2656 2139 2902 2210 reperias
2938 2135 3296 2209 jurejurando
3326 2132 3528 2189 conﬁr-

1956 2245 2122 2299 mata,
2151 2243 2260 2290 tam
2293 2234 2360 2289 de
2389 2241 2558 2297 terra,
2580 2247 2743 2302 quam
2775 2231 2842 2287 de
2877 2229 3330 2298 multiplicatione
3364 2225 3530 2282 semi-

1958 2327 2066 2383 nis.
2101 2325 2217 2380 Hoc
2243 2339 2410 2396 porro
2454 2331 2578 2394 post
2616 2323 2882 2394 plurimas
2929 2321 3310 2394 generationes
3338 2317 3528 2388 imple-

1957 2428 2076 2474 tum
2095 2417 2253 2473 estin
2277 2417 2511 2472 adventu
2523 2415 2729 2470 Christi
2745 2431 2807 2470 ex
2820 2415 3029 2470 semine
3047 2414 3278 2467 Abrabaz
3289 2410 3525 2468 oriundi.

1957 2510 2024 2564 Et
2045 2510 2110 2565 ad
2150 2509 2254 2564 hoc
2275 2523 2448 2578 usque
2484 2516 2699 2578 tempus
2723 2507 2868 2578 viget
2887 2498 2953 2562 ἐι
2987 2510 3268 2575 permanet
3295 2501 3529 2572 promis-

1958 2601 2061 2665 sio,
2097 2600 2271 2656 donec
2314 2597 2594 2669 plenitudo
2637 2601 2876 2668 gentium
2918 2597 3165 2667 ingressa
3213 2593 3393 2649 fuerit.
3429 2590 3530 2645 Hic

1960 2694 2143 2763 itaque
2169 2692 2487 2747 diuturnum
2517 2698 2638 2762 post
2685 2705 2884 2754 aevum,
2943 2697 2997 2745 et
3030 2697 3152 2758 post
3196 2687 3395 2740 multas
3427 2700 3494 2739 ex
3515 2714 3528 2724 ο

1959 2791 2113 2840 actas
2141 2782 2542 2855 generationes,
2575 2795 2701 2836 nam
2736 2781 2825 2837 hic
2851 2780 3102 2835 millenas
3144 2793 3242 2848 pro
3278 2774 3528 2847 plurimis

1958 2875 2188 2947 accepit,
2236 2875 2356 2932 illas
2408 2875 2734 2946 patriarchis
2787 2875 2945 2930 datas
2991 2872 3383 2945 promissiones
3431 2883 3530 2938 per

1960 2963 2295 3022 Salvatorem
2327 2972 2575 3020 nostrum
2603 2962 2812 3031 Jesum,
2843 2978 2907 3018 ac
2943 2979 3040 3034 per
3071 2962 3192 3033 ejus
3221 2959 3526 3015 doctrinam

1959 3055 2220 3126 implevit,
2251 3054 2507 3111 omnibus
2545 3055 2798 3127 gentibus
2836 3054 3070 3110 Abrahae
3113 3050 3529 3124 promissionem

1960 3148 2294 3218 impertiens.

286 3238 377 3293 διὰ
407 3238 502 3293 τοῦ
534 3239 786 3310 Σωτῆρος
822 3239 978 3310 ήμῶν
1030 3238 1204 3310 Ἰησοῦ
1247 3241 1341 3292 καὶ
1389 3238 1479 3294 διά
1532 3241 1630 3312 τῆς
1681 3239 1846 3294 αὐτοῦ
1896 3241 2242 3305 διδασκαλίας
2283 3240 2420 3294 πᾶσι
2459 3241 2572 3303 τοῖς
2605 3238 2781 3292 ἔθνεσι
2812 3237 2910 3309 τὴν
2950 3236 3043 3291 τοῦ
3093 3235 3340 3308 Ἀϐραὰμ
3382 3234 3530 3288 εὐλο-

287 3329 413 3400 γίαν
437 3329 643 3401 δεδωρη
650 3331 827 3401 μένος.

361 3451 473 3506 Kal
497 3450 751 3504 ἐκάλεσε
779 3447 958 3518 λιμὸν
979 3445 1079 3500 ἐπὶ
1110 3445 1224 3532 τὴν
1247 3447 1384 3516 γῆν,
1418 3445 1540 3502 πᾶν
1565 3445 1857 3516 στήριγμα

2031 3439 2196 3496 Vens.
2234 3439 2322 3494 i6.
2359 3437 2428 3492 Et
2465 3438 2663 3492 vocavit
2697 3437 2892 3507 famem
2932 3452 3088 3506 super
3119 3449 3336 3505 terram,
3377 3455 3530 3497 omne

289 3546 472 3614 ἄρτου
505 3542 886 3610 συνέτριψεν.
926 3539 1015 3592 Ἐν
1050 3537 1258 3601 τούτοις
1291 3540 1319 3592 ὁ
1345 3538 1500 3608 λόγος
1525 3538 1621 3592 καὶ
1653 3537 1778 3592 ἄλλο
1806 3555 1859 3590 τι

288 3637 512 3709 λεληθὸς
545 3636 676 3699 τοὺς
720 3633 946 3696 πολλοὺς
973 3631 1232 3690 διδάσκει.
1267 3631 1378 3702 Τὴν
1419 3630 1525 3702 γὰρ
1564 3629 1741 3683 αἰτίαν
1763 3629 1858 3681 τοῦ

291 3729 556 3801 κληθῆναι
587 3726 742 3797 δίκην
768 3723 1010 3796 ἐμψύχου
1041 3722 1179 3788 ζώου
1205 3722 1296 3775 τὸν
1318 3720 1476 3792 λιμὸν
1499 3721 1591 3774 ἐπὶ
1606 3719 1705 3792 τήν
1733 3721 1858 3792 γῆν,

289 3820 432 3888 λέγω
454 3817 518 3888 δὴ
547 3815 646 3886 τὴν
667 3812 1020 3884 ὲνεργητικὴν
1048 3811 1273 3882 δύναμιν
1302 3807 1396 3863 τοῦ
1427 3809 1608 3879 λιμοῦ,
1645 3807 1856 3863 καὶτοῦ

1961 3539 2350 3608 ﬁrmamentum
2365 3535 2518 3605 panis
2535 3535 2800 3590 contrivit.
2820 3532 2880 3588 In
2891 3532 2986 3590 his
3007 3548 3186 3589 sermo
3200 3534 3344 3611 aliud
3365 3538 3528 3605 quid-

1960 3631 2125 3702 piam,
2148 3628 2336 3684 multis
2359 3627 2658 3692 occultum,
2675 3625 2886 3682 edocet.
2915 3624 3148 3680 Causam
3174 3626 3317 3686 enim
3339 3642 3440 3683 cur
3459 3628 3532 3682 fa-

1959 3738 2123 3787 mem,
2141 3722 2312 3777 instar
2344 3719 2597 3776 animalis
2629 3718 2937 3789 cujusdam,
2951 3717 3226 3773 vocaverit
3253 3729 3532 3788 superler-

1959 3831 2097 3881 ram,
2129 3814 2181 3869 id
2215 3822 2298 3869 est
2331 3814 2588 3868 virtutem
2611 3811 2773 3866 famis
2800 3809 3147 3874 elIectricem,
3176 3818 3229 3866 et
3251 3826 3350 3866 cur
3371 3826 3534 3867 omne

293 3908 642 3980 συντριϐῆναι
684 3907 792 3958 πᾶν
834 3905 1112 3976 στήριγμα
1155 3902 1342 3973 ἄρτου,
1376 3901 1720 3973 παρίστησιν,
1773 3900 1857 3953 ἵνα

1959 3907 2356 3962 ﬁrmamentum
2405 3905 2562 3977 panis
2611 3904 2963 3967 contriverit,
3000 3902 3090 3956 hic
3149 3901 3424 3968 declarat,
3471 3909 3532 3956 ut

291 4000 389 4065 καὶ
417 4000 594 4068 φανιεῖ
629 4013 732 4050 που
767 3995 927 4066 ἄρτος
958 3994 1033 4065 μὴ
1067 3991 1309 4062 στηρίζοι
1341 3993 1467 4054 τοὺς
1505 3989 1857 4060 ἐμπιπλαμέ-

1958 3998 2248 4070 patefaciat
2278 4013 2387 4070 quo
2413 3998 2468 4052 in
2502 4012 2632 4052 casu
2672 3995 2825 4066 panis
2858 4010 2966 4050 non
2991 3994 3168 4048 firmet
3199 4007 3294 4050 eos
3314 3993 3404 4064 qui
3438 3993 3531 4048 illo

291 4109 416 4154 νους
449 4090 506 4157 ἐξ
554 4087 740 4153 αὑτοῦ,
774 4086 917 4141 κατὰ
953 4086 1034 4150 τὸ,
1075 4087 1279 4154 Ἀρτος
1309 4081 1567 4151 στηρίξει
1610 4081 1857 4149 καρδίαν

1957 4091 2256 4160 replentur,
2283 4089 2587 4146 secundum
2628 4087 2784 4152 illud,
2822 4085 2985 4141 Panis
3019 4103 3111 4140 cor
3153 4085 3377 4140 hominis
3406 4101 3531 4139 con-

291 4181 624 4251 ἀνθρώπου.
651 4177 820 4233 Τοῦτο
856 4178 963 4249 γάρ
995 4179 1140 4231 ἐστιν
1167 4176 1197 4230 δ
1229 4175 1460 4247 μάλιστα
1486 4173 1771 4244 συμϐαίνει
1799 4173 1857 4225 ἐν

1958 4183 2140 4252 ﬁrmat
2173 4182 2238 4234 ⁸⁸.
2276 4180 2333 4236 Id
2374 4181 2521 4237 enim
2559 4179 2797 4241 maxime
2830 4187 3078 4250 tempore
3131 4177 3291 4234 famis
3327 4177 3527 4243 evenit,

289 4278 404 4339 τοῖς
432 4275 628 4346 λιμοίς,
660 4273 780 4326 κατ’
813 4270 982 4342 ὀργὴν
1006 4268 1140 4323 Θεοῦ
1162 4268 1502 4341 γιγνόμενον,
1525 4266 1586 4319 τὸ
1609 4265 1704 4319 καὶ
1733 4265 1857 4329 τοὺς

1959 4290 2024 4331 ex
2056 4276 2133 4329 ira
2163 4273 2256 4328 Dei
2286 4273 2617 4335 immissum,
2642 4281 2703 4327 ut
2736 4272 2943 4328 scilicet
2970 4272 3064 4340 qui
3095 4269 3388 4324 comedunt
3419 4284 3528 4324 non

292 4367 569 4430 ἐσθίοντας
597 4365 671 4436 μὴ
699 4361 1066 4434 στηρίζεσθαι.

1959 4367 2371 4420 conlirmcntur.

375 4455 747 4514 Ἀπέστειλεν
791 4453 1129 4523 ἔμπροσθεν
1171 4450 1368 4506 αὐτῶν
1409 4449 1740 4519 ἄνθρωπον,
1771 4451 1857 4516 εἰς

2030 4456 2198 4512 Vens.
2247 4454 2433 4510 17-92.
2464 4453 2614 4508 Misit
2641 4463 2762 4507 ante
2791 4469 2878 4506 eos
2912 4452 3194 4513 hominem,
3231 4452 3284 4504 in
3325 4465 3528 4504 servum

290 4550 516 4606 δοῦλον
552 4547 776 4618 ἐπράθη
814 4545 1045 4614 Ἰωσήφ.
1081 4545 1522 4598 Ἐταπείνωσαν
1557 4543 1625 4597 ἐν
1652 4542 1857 4610 πέδαις

1959 4546 2300 4602 venumdatus
2318 4555 2398 4600 est
2417 4543 2634 4612 Ioseph.
2668 4541 3092 4596 Humiliaverunt
3115 4542 3170 4595 in
3195 4538 3526 4607 compedibus

290 4647 435 4714 τοὺς
466 4646 660 4713 πόδας
689 4644 893 4708 αὐτοῦ,
929 4643 1182 4712 σίδηρον
1211 4641 1458 4712 διῆλθεν
1495 4644 1536 4711 ἡ
1561 4641 1732 4712 ψυχὴ
1760 4643 1857 4696 αὐ-

1957 4636 2108 4706 pedes
2118 4635 2251 4704 ejus,
2267 4633 2464 4702 ferrum
2480 4630 2786 4699 pertransiit
2806 4629 2984 4683 anima
2999 4628 3134 4698 ejus,
3158 4627 3318 4681 donec
3334 4626 3525 4680 veniret

293 4739 420 4804 τοῦ,
461 4737 634 4809 μέχρι
679 4737 786 4792 τοῦ
830 4735 1028 4792 ἐλθεῖν
1065 4738 1174 4790 τὸν
1200 4737 1387 4805 λόγον
1418 4735 1625 4791 αὑτοῦ.
1675 4735 1857 4788 Πάντα

1961 4728 2170 4783 verbum
2185 4725 2319 4795 ejus.
2334 4723 2459 4780 Haec
2481 4722 2664 4778 omnia
2686 4719 2930 4792 pertulit,
2965 4719 3136 4774 donec
3163 4719 3372 4774 veniret
3400 4732 3525 4772 ver-

288 4807 471 4884 ταῦτα
509 4807 768 4899 ὑπέμεινε
812 4826 972 4898 μέχρι
1015 4824 1109 4878 τοῦ
1154 4823 1326 4876 ἐλθεῖν
1361 4823 1452 4876 τὸν
1481 4823 1636 4893 λόγον
1670 4822 1856 4887 αὐτοῦ,

1960 4822 2088 4877 bum
2105 4818 2247 4889 ejus,
2261 4817 2406 4888 quod
2424 4830 2548 4871 cum
2576 4814 2634 4869 in
2660 4811 2966 4868 visionibus
2989 4808 3286 4899 accepisset
3308 4807 3449 4899 patri
3470 4813 3527 4862 et

289 4919 349 4972 δν
393 4919 486 4972 ἐπ)⁵
525 4895 636 4982 τοῖς
676 4895 942 4988 δράμασιν
988 4913 1108 4969 ἰδὼν
1134 4914 1314 4980 ἐξεῖπε
1357 4913 1436 4984 τῷ
1474 4914 1661 4968 ἐαυτοῦ
1692 4915 1857 4986 πατρὶ

1962 4910 2224 4966 fratribus
2239 4909 2356 4965 suis
2368 4903 2722 4968 renuntiavit,
2735 4903 2924 4958 dicens
2938 4898 3140 4956 vidisse
3154 4898 3393 4988 seipsum
3406 4895 3525 4988 pira-

291 5012 386 5065 καὶ
418 5012 531 5073 τοῖς
557 4986 803 5076 ἀδελφοῖς
837 5010 1028 5082 φήσας,
1055 5008 1358 5078 ἑωρακέναι
1385 4995 1546 5060 αὐτὸν
1569 5006 1857 5078 δράγματα

1961 5011 2181 5072 tresque
2197 5013 2328 5056 suos
2347 4996 2654 5066 manipulos
2666 4993 3004 5066 colligentes,
3021 5005 3087 5046 ac
3105 4991 3321 5046 illorum
3331 4986 3526 5043 deinde

291 5102 386 5154 καὶ
426 5102 554 5164 τοὺς
598 5100 858 5169 ἀδελφοὺς
891 5081 1090 5171 ὁμοίως
1131 5098 1510 5168 ἀναλέγοντας,
1555 5098 1743 5152 ἔπειτα
1788 5098 1857 5154 τὰ

1963 5092 2268 5163 manipulos
2279 5105 2438 5147 suum
2459 5087 2796 5159 manipulum
2821 5085 3110 5150 adorasse;
3130 5081 3526 5171 similiterquo-

291 5191 514 5245 ἐκείνων
543 5191 604 5243 τὸ
633 5168 822 5244 ἑαυτοῦ
860 5168 1355 5263 προσκεκυνηκέναι
1383 5189 1629 5261 δράγμα*
1656 5188 1857 5260 ὁμοίως

1961 5199 2066 5253 que
2085 5183 2255 5238 solem
2275 5188 2331 5237 et
2346 5180 2529 5234 lunam
2545 5184 2708 5248 atque
2723 5174 2973 5232 undecim
2995 5174 3184 5231 stellas
3203 5173 3378 5263 ipsum
3395 5168 3525 5263 ador

290 5282 349 5337 δέ
374 5282 465 5336 τὸν
486 5282 656 5354 ἣλιον,
685 5283 778 5336 καὶ
804 5259 915 5354 τήν-
937 5259 1197 5354 σελήνην,
1216 5283 1309 5338 καὶ
1331 5259 1458 5347 τοῦς
1479 5259 1669 5338 ἕνδεκα
1696 5259 1857 5336 ἀστέ-

1961 5290 2134 5332 rasse.
2162 5273 2340 5330 Donec
2371 5271 2566 5328 veniret
2590 5268 2802 5325 verbum
2819 5267 2954 5338 ejus.
2985 5265 3271 5337 Eloquium
3306 5259 3524 5354 Domini

292 5390 394 5450 ρας
421 5351 743 5445 προσκυνεῖν
771 5351 938 5443 αὐτῷ.
967 5351 1153 5443 Μέχρι
1184 5374 1288 5428 τοῦ
1314 5373 1514 5428 ἐλθεῖν
1542 5373 1648 5428 τὸν
1672 5375 1857 5445 λόγον

1961 5366 2311 5437 inﬂammavit
2341 5380 2480 5419 eum.
2531 5361 2693 5425 Illud.
2734 5360 3014 5433 Eloquium
3054 5356 3265 5450 Domini
3305 5351 3523 5450 inﬂam-

290 5444 498 5523 αὐτοῦ.
552 5465 624 5520 Τὸ
666 5467 873 5534 λόγιον
903 5467 1124 5534 Κυρίου
1153 5466 1464 5534 ἐκύρωσεν
1505 5466 1706 5522 αὐτόν.
1759 5444 1853 5528 Τὸ,

1963 5461 2123 5516 mavit
2168 5475 2311 5534 eum,
2341 5456 2524 5513 simile
2549 5465 2634 5513 est
2671 5456 2800 5512 huic
2832 5473 2846 5510 :
2879 5453 3069 5510 Nonne
3111 5465 3204 5521 per
3230 5447 3395 5501 Deum
3425 5444 3521 5500 de-

291 5559 506 5628 Λότιον
528 5556 750 5625 Κυρίου
780 5556 1094 5626 ἐκύρωσεν
1121 5557 1325 5624 αὑτὸν,
1352 5557 1538 5630 ὅμοιον
1572 5556 1671 5628 τῷ,
1707 5558 1854 5626 Οὐχὶ

1960 5553 2185 5613 claratio
2226 5549 2442 5608 illorum
2471 5558 2549 5605 est
2576 5549 2668 5604 “2
2734 5547 2922 5619 Neque
2963 5544 3143 5609 enim,
3179 5540 3277 5630 ait,
3310 5537 3521 5596 somnia

362 5739 404 5768 "
450 5737 465 5789 I
504 5737 636 5802 Reg.
673 5751 742 5797 ιι,
779 5737 829 5792 5.
935 5739 976 5769 "
1014 5734 1174 5798 Prov.
1241 5753 1401 5802 xxiv,
1457 5737 1540 5792 ιθ.
1703 5735 1834 5790 Cen.

1964 5750 2008 5800 I,
2060 5733 2112 5788 5.
2209 5730 2254 5764 “
2289 5726 2423 5788 Gen.
2486 5741 2636 5794 ult,
2701 5723 2785 5790 17,
2827 5724 2907 5778 l8.
2984 5722 3026 5753 "
3067 5719 3210 5776 Psal.
3267 5732 3394 5787 cm,
3428 5716 3514 5782 {5.

302 5809 344 5842 “
383 5808 514 5870 Gen.
556 5824 658 5873 χι..
697 5807 749 5866 8.

935 5739 976 5769 ⁶¹
1014 5734 1174 5798 Prov.
1241 5753 1401 5804 xxiv,
1457 5737 1540 5792 ιθ.
