4044 6212
533 323 674 389 Ιδίη
1109 379 1126 390 Ι.
1192 325 1460 385 EUSEBH
1496 326 1976 391 CESARIENSIS
2000 329 2152 388 OPP.
2182 330 2364 391 PARS
2399 329 2488 390 Ill.
2515 357 2589 383 -ς
2624 328 3035 388 EXEGETICA.
3652 328 3790 386 I308

530 443 807 507 Pharaoni
868 445 1218 517 explicasset,
1274 450 1383 506 nisi
1432 448 1547 506 Deo
1575 451 1898 524 danteipsa
1950 455 2111 511 intel-

2209 455 2307 510 διὰ
2337 454 2446 508 τοῦ
2477 454 2626 509 Θεοῦ
2658 455 2698 523 ἡ
2727 452 3096 524 διασάφησις
3122 448 3322 506 αὐτῶν
3343 450 3550 513 ἐστίν-ς¹
3571 451 3690 504 Οὐκ
3725 451 3795 505 ἂν

532 536 777 599 lexisset.
806 535 952 597 Misit
981 555 1093 605 rex,
1123 549 1172 594 et
1191 541 1348 595 solvit
1385 559 1527 608 eum,
1560 545 1801 613 princeps
1830 546 2032 614 populi,
2059 541 2110 601 et

2209 547 2318 620 γὰρ
2367 547 2522 601 ἔλυσε
2566 548 2692 610 τοὺς
2735 547 2978 620 ὀνείρους
3021 545 3101 617 τῷ
3127 543 3348 616 Φαραὼ,
3393 543 3468 614 μὴ
3513 539 3607 597 τοῦ
3647 543 3792 598 Θεοῦ

533 628 741 692 dimisit
766 647 907 688 eum.
934 631 1222 694 Constituit
1265 651 1385 702 eum
1431 634 1702 695 dominum
1732 636 1919 694 domus
1974 655 2108 705 suae,

2209 641 2580 713 παρασχόντος
2633 639 2694 693 τὸ
2751 639 3012 693 δύνασθαι
3066 637 3304 692 συνιέναι
3353 633 3568 697 αὐτούς.
3624 635 3795 689 Ἀπέ-

533 731 585 783 et
636 723 922 793 principem
951 727 1119 780 omnis
1173 728 1518 796 possessionis
1559 745 1690 796 sure,
1767 740 1825 784 ut
1879 730 2112 786 erudiret

2211 735 2415 786 στειλε
2453 730 2751 797 βασιλεὺς
2783 730 2881 784 καὶ
2909 730 3136 784 ἔλυσεν
3167 725 3372 790 αὐτόν,
3399 726 3602 795 ἄρχων
3632 727 3795 781 λαοῦ

535 815 800 886 principes
830 816 972 886 ejus,
1026 820 1162 873 sicut
1208 822 1565 890 semetipsum,
1605 831 1656 876 et
1695 839 1841 884 senes
1886 823 1998 892 ejus
2030 841 2116 878 sa-

2212 823 2310 877 καὶ
2333 821 2570 892 ἀφῆκεν
2589 823 2795 877 αὐτόν.
2825 821 3211 889 Κατέστησεν
3236 817 3424 875 αὐτὸν
3448 818 3662 885 κύριον
3683 817 3793 871 τοῦ

536 907 790 976 pientiam
821 908 1049 966 doceret.
1065 911 1202 965 Cum
1225 926 1257 968 a
1286 912 1682 970 tentationibus
1707 929 1807 970 ceu
1832 915 1954 987 igne
1979 917 2114 972 satis

2213 914 2386 969 οἷκου
2434 912 2643 978 αὑτοῦ,
2683 912 2787 984 χαί
2821 911 3085 982 ἄρχοντα
3127 908 3330 976 πάσης
3365 907 3477 976 τῆς
3517 906 3795 973 κτήσεως

535 1000 801 1069 probatus
831 999 1023 1056 fuisset
1051 1000 1252 1074 Ioseph
1271 1042 1288 1070 ,
1321 1011 1453 1060 tunc
1479 1004 1591 1060 Deo
1628 1015 1950 1078 suggerente
1974 1006 2116 1063 Pha-

2213 1005 2422 1070 αὐτοῦ,
2466 1005 2574 1060 τοῦ
2621 1005 2942 1060 παιδεῦσαι
2986 1002 3128 1068 τοὺς
3158 1002 3455 1072 ἄρχοντας
3484 999 3795 1066 αὐτοῦ,ὡς

538 1092 720 1155 raoni,
751 1091 844 1162 qui
879 1100 934 1148 et
983 1109 1080 1159 rex
1107 1102 1162 1151 et
1218 1096 1472 1168 princeps
1514 1099 1603 1162 hic
1631 1107 1879 1164 vocatur,
1914 1115 1944 1154 a
1991 1100 2115 1155 vin-

2211 1098 2452 1164 ἑαυτὸν,
2488 1097 2588 1152 καί
2624 1098 2766 1163 τοὺς
2809 1094 3249 1165 πρεσϐυτέρους
3288 1092 3475 1147 αὐτοῦ
3511 1092 3792 1161 σοφίσαι.

538 1182 683 1238 culis
731 1183 986 1250 solvitur,
1040 1193 1205 1256 atque
1239 1186 1435 1244 domus
1477 1190 1623 1261 regis
1667 1198 1721 1246 et
1753 1192 1933 1246 omnis
1989 1207 2117 1261 pos-

2216 1191 2344 1244 Ὅτε
2379 1189 2666 1261 αὐτάρκως
2699 1186 2954 1258 ὲπυρώθη
2989 1184 3096 1238 ὑπὸ
3123 1184 3231 1238 τῶν
3261 1181 3584 1255 πειρασμῶν
3611 1185 3642 1237 ό
3677 1183 3793 1235 ἰω-

542 1274 812 1331 sessionis
856 1275 977 1346 ejus
1021 1278 1276 1350 princeps
1313 1281 1686 1336 constituitur.
1738 1281 1941 1340 Extulit
1971 1285 2116 1337 enim

2217 1281 2347 1353 σὴφ,
2368 1281 2490 1334 τότε
2512 1280 2648 1334 Θεοῦ
2678 1278 3037 1343 ὑποϐαλόντος
3067 1276 3144 1349 τῷ
3177 1276 3398 1350 Φαραὼ,
3427 1276 3482 1329 ὃν
3505 1275 3600 1329 καὶ
3629 1274 3796 1345 βασι-

539 1379 690 1428 eum,
723 1372 782 1419 ut
815 1368 1126 1438 complures
1165 1368 1423 1434 dixerint,
1457 1377 1518 1424 ut
1576 1371 1784 1427 fructus
1826 1371 1890 1428 ad
1947 1371 2121 1426 abun-

2215 1372 2315 1427 λέα
2352 1373 2446 1426 καὶ
2479 1371 2716 1442 ἄρχοντα
2750 1369 2845 1424 νῦν
2873 1372 2902 1424 ό
2940 1369 3098 1438 λόγος
3126 1367 3298 1432 καλεῖ,
3338 1367 3518 1421 λύεται
3563 1365 3679 1420 τῶν
3710 1365 3796 1419 δε-

542 1454 786 1514 dantiam
811 1457 1116 1528 colligeret,
1156 1465 1212 1515 et
1241 1459 1309 1515 ad
1347 1467 1564 1530 tempus
1605 1459 1766 1517 famis
1803 1476 1900 1516 eos
1929 1472 2118 1517 custo-

2219 1462 2394 1533 σμῶν,
2434 1462 2530 1516 καὶ
2561 1462 2745 1533 ἄρχων
2773 1458 2866 1516 τοῦ
2914 1460 3064 1514 οίκου
3079 1458 3188 1512 η’τοῦ
3242 1458 3504 1530 βασιλέως
3547 1458 3640 1511 καὶ
3677 1456 3797 1510 πά-

544 1545 706 1604 diret.
743 1545 843 1603 llic
867 1557 1048 1603 autem
1090 1565 1270 1606 sermo
1303 1551 1480 1615 docet,
1513 1567 1623 1605 non
1667 1557 1776 1605 tam
1809 1552 1880 1605 ob
1903 1551 2120 1622 frugum

2221 1570 2320 1624 σης
2355 1553 2453 1624 τῆς
2484 1553 2729 1622 κτήσεως
2761 1549 2926 1604 αὑτοῦ
2974 1547 3317 1604 καθίσταται.
3355 1546 3644 1618 Ἐξὴνεγκε
3681 1544 3799 1615 γὰρ

545 1637 853 1693 custodiam
904 1638 972 1692 ad
1004 1639 1369 1713 principatum
1417 1648 1664 1695 evectum
1711 1639 1902 1705 fuisse,
1954 1657 2119 1712 quam

2219 1644 2400 1710 αὐτὸν,
2435 1644 2510 1708 ὡς
2543 1644 2642 1715 μὲν
2672 1645 2814 1698 εἴποι
2863 1643 2930 1698 ἂν
2980 1645 3011 1697 ό
3057 1641 3226 1706 πολὺς
3266 1640 3571 1713 ἄνθρωπος,
3610 1637 3703 1690 διὰ
3739 1636 3801 1689 τὸ

547 1727 617 1784 ad
649 1728 941 1785 utilitatem
974 1730 1170 1784 anima:
1198 1745 1387 1785 eorum
1423 1730 1515 1799 qui
1548 1744 1644 1799 per
1680 1730 1860 1802 ipsum
1889 1731 2120 1786 docendi

2223 1738 2547 1805 συναγαγεῖν
2573 1735 2643 1790 τὰ
2673 1736 2984 1806 γεννήματα
3007 1734 3109 1805 τῆς
3141 1733 3413 1804 εὐθηνίας,
3437 1731 3532 1785 καὶ
3562 1727 3800 1799 φυλάξαι

546 1826 601 1874 ct
634 1817 955 1875 instituendi
977 1832 1152 1882 erant.
1195 1820 1363 1876 Erant
1385 1827 1564 1873 autem
1601 1820 1654 1874 hi
1684 1822 1956 1891 principes
1977 1821 2118 1876 Pha-

2221 1826 2362 1880 αὐτὰ
2391 1829 2470 1892 είς
2501 1827 2692 1898 καιρὸν
2716 1826 2810 1880 τοῦ
2844 1825 3025 1898 λιμοῦ.
3065 1826 3124 1880 '0
3155 1825 3212 1878 δὲ
3250 1823 3439 1896 παρὼν
3467 1823 3627 1893 λόγος
3661 1819 3802 1875 διδά-

548 1912 737 1966 raonis
791 1921 844 1968 et
897 1913 1163 1976 seniores.
1219 1912 1430 1979 Quibus
1482 1911 1668 1966 utilem
1719 1910 2126 1970 institutionem‘

2225 1937 2344 1973 σκει
2378 1921 2438 1973 οὐ
2459 1918 2710 1974 τοσοῦτον
2729 1919 2830 1990 τῆς
2859 1918 2967 1972 τῶν
3000 1916 3226 1987 καρπῶν
3255 1913 3500 1986 φυλακῆς
3523 1912 3690 1965 ἕνεκα
3719 1911 3799 1972 είς

547 2001 781 2075 adeptis,
844 2005 1144 2060 verisimile
1188 2011 1310 2059 erat
1369 2018 1560 2059 omnes
1608 2019 1826 2073 quoque
1873 2004 2120 2062 subditos

2223 2011 2320 2083 τὴν
2359 2010 2533 2084 ἀρχὴν
2579 2009 2870 2082 προῆχθαι,
2917 2011 3040 2063 ὅσον
3085 2008 3185 2078 τῆς
3235 2005 3377 2060 κατὰ
3420 2005 3598 2075 ψυχὴν
3656 2003 3801 2070 ὠφε-

533 2091 824 2160 prolectus
856 2093 1170 2162 huiusmodi
1190 2102 1480 2150 consortes
1515 2095 1727 2151 futuros
1751 2111 1893 2152 esse.

2223 2101 2373 2166 λείας
2400 2101 2508 2156 τῶν
2537 2101 2836 2173 μελλόντων
2869 2100 2962 2154 ὑπ’
2997 2097 3162 2155 αὐτοῦ
3197 2096 3511 2167 σοφίζεσθαι
3542 2095 3640 2147 καὶ
3673 2110 3797 2144 παι-

545 2181 816 2238 δεύεσθαι.
849 2181 1027 2239 *Ησαν
1058 2187 1116 2238 δὲ
1143 2177 1287 2240 οὗτοι
1330 2188 1588 2260 ἄρχοντες
1622 2187 1820 2258 Φαραὼ
1857 2188 1954 2242 καὶ
1986 2189 2345 2266 πρεσϐύτεροι
2364 2211 2377 2225 ο
2413 2188 2488 2249 ὧν
2527 2193 2940 2266 ὠφελουμένων,
2972 2190 3119 2256 εἰκός
3144 2187 3212 2264 ἦν
3249 2188 3340 2244 καὶ
3366 2189 3493 2252 τοὺς
3524 2185 3798 2256 ὑπηκόους

551 2279 798 2345 ἅπαντας
844 2282 942 2354 τῆς
981 2283 1112 2354 παρ’
1158 2283 1341 2337 αὐτῶν
1389 2287 1679 2355 μετασχεῖν
1722 2283 2080 2355 βελτιώσεως.

619 2400 787 2458 Vens.
827 2400 920 2463 25,
964 2399 1054 2454 24.
1099 2400 1164 2454 Εί
1201 2401 1418 2455 intravit
1451 2401 1624 2455 Israel
1645 2403 1699 2455 in
1733 2400 2043 2474 Egyptum,
2068 2414 2118 2458 et

2293 2404 2405 2459 Kal
2447 2403 2732 2472 εἰσ-ἦλθεν
2771 2400 3011 2470 Ἰσραὴλ
3054 2403 3142 2468 εὶς
3185 2401 3510 2471 Αἴγυπτον,
3558 2400 3654 2453 καὶ
3693 2400 3798 2455 ἰα-

547 2495 713 2550 Jacob
747 2493 930 2548 accola
954 2492 1056 2562 fuit
1096 2495 1146 2548 in
1190 2504 1329 2547 terra
1373 2491 1561 2548 Citam.
1591 2491 1660 2546 Et
1695 2495 1843 2547 auxit
1868 2495 2121 2564 populum

2207 2495 2348 2552 εκὼϐ
2370 2497 2727 2565 παρῴκησεν
2750 2494 2821 2547 ἐν
2839 2491 2918 2564 τῇ
2945 2491 3092 2564 Χάμ.
3119 2484 3228 2546 Kal
3250 2491 3484 2560 ηὔξησε
3512 2491 3620 2545 τὸν
3644 2493 3799 2546 λαὸν

549 2604 703 2644 suum
737 2585 1079 2649 vehementer,
1129 2593 1182 2638 et
1236 2585 1468 2654 ﬁrmavit
1524 2601 1642 2638 eum
1688 2599 1842 2652 super
1880 2586 2122 2640 inimicos

2224 2586 2410 2642 αὐτοῦ
2443 2585 2697 2655 σφόδρα,
2723 2583 2821 2638 καί
2842 2584 3244 2652 ἐκραταίωσεν
3265 2582 3450 2637 αὐτὸν
3480 2582 3633 2652 ὑπὲρ
3660 2583 3799 2650 τοὺς

547 2679 684 2749 ejus.
717 2675 852 2744 Quis
895 2675 1142 2740 intravit,
1166 2675 1274 2730 nisi
1303 2673 1512 2731 lsrael?
1560 2673 1627 2728 Et
1655 2675 1779 2746 quis
1800 2676 1988 2730 accola
2023 2675 2127 2732 fuit

2225 2677 2478 2748 ἐχθροὺς
2519 2675 2727 2730 αὐτοῦ.
2771 2675 2868 2738 Τίς
2916 2674 2973 2730 δὲ
3014 2673 3281 2746 εἰσῆλθεν,
3326 2671 3442 2726 ἀλλ’
3473 2673 3508 2744 ἢ
3548 2673 3799 2746 Ἰσραήἱ,

549 2773 606 2830 in
635 2781 780 2828 terra
805 2770 995 2837 Citam,
1039 2769 1145 2825 nisi
1181 2767 1390 2824 Jacobi
1466 2767 1564 2824 His
1617 2775 1798 2823 autem
1845 2783 1969 2824 cum
2009 2769 2129 2841 ipse

2229 2770 2340 2824 Kal.
2383 2769 2466 2831 τίς
2494 2767 2823 2838 παρῴκησεν
2863 2766 2920 2820 ἑν
2946 2768 3019 2838 γῇ
3050 2765 3202 2837 Χὰμ,
3222 2764 3338 2821 ἀλλ’
3365 2765 3398 2836 ἢ
3437 2763 3667 2829 Ἰακώὃς
3699 2770 3806 2838 Δη-

551 2869 708 2933 pater
754 2869 870 2916 tum
915 2859 1006 2914 lilii
1050 2859 1173 2929 ejus
1224 2859 1594 2916 declarantur.
1630 2859 1768 2915 Cum
1813 2859 1959 2915 enim
2015 2875 2128 2916 non

2227 2859 2412 2914 λοῦται
2442 2859 2498 2913 δὲ
2540 2858 2629 2912 διὰ
2663 2857 2869 2912 τούτων
2905 2856 3066 2922 αὑτός
3097 2874 3158 2910 τε
3185 2858 3216 2911 ό
3261 2857 3443 2928 πατὴρ
3475 2857 3569 2910 καὶ
3602 2859 3652 2910 οἱ
3681 2857 3805 2911 τού-

552 2953 706 3009 solus
732 2951 901 3007 Iacob
930 2951 1251 3016 intraverit,
1305 2951 1399 3006 sed
1429 2952 1592 3007 etiam
1627 2953 1971 3024 septuaginta
2009 2953 2129 3008 ani-

2227 2970 2320 3007 του
2375 2951 2585 3016 παῖδες.
2632 2951 2785 3005 Ἐπεὶ
2821 2949 2931 3022 γὰρ
2979 2949 3041 3004 οὐ
3105 2949 3265 3021 μόνος
3313 2949 3531 3020 είσῆλθε
3586 2949 3802 3016 Ἰακὼϐ,

554 3057 658 3098 ma:
681 3057 805 3096 cum
835 3056 921 3106 eo,
963 3041 1263 3096 secundum
1313 3040 1469 3105 illud,
1527 3039 1593 3096 In
1639 3043 1974 3114 septuaginta
2011 3043 2129 3097 ani-

2230 3043 2365 3100 ἀλλὰ
2397 3044 2493 3098 καὶ
2538 3042 2910 3114 ἐϐδομήκοντα
2949 3041 3119 3114 ψυχαὶ
3160 3042 3258 3096 σὺν
3309 3041 3479 3113 αὐτῷ,
3523 3044 3667 3096 κατὰ
3711 3044 3802 3097 τό·

556 3133 744 3189 mabus
791 3133 1059 3189 descendit
1107 3131 1280 3188 Israel
1324 3133 1381 3187 in
1419 3131 1710 3204 AEgyptum
1726 3135 1792 3201 '7;
1835 3133 2042 3190 idcirco
2073 3143 2130 3190 et

2242 3138 2344 3192 Ἐν
2370 3135 2774 3206 ἐϐδομήκοντα
2804 3135 3031 3204 ψυχαῖς
3059 3134 3275 3202 κατέϐη
3319 3132 3557 3203 Ἰσραὴλ
3593 3138 3683 3200 είς
3704 3137 3805 3190 Αι-

557 3227 655 3284 lilii
688 3235 743 3283 et
767 3235 924 3298 pater
948 3226 1226 3297 praedictis
1248 3225 1432 3282 verbis
1466 3226 1866 3298 signiﬁcantur.
1887 3225 1957 3281 Et
1980 3227 2125 3282 auxit
2153 3248 2154 3261 ι

2229 3242 2486 3301 τυπτονο
2517 3228 2607 3282 διὰ
2631 3227 2788 3282 τοῦτο
2810 3227 2904 3281 καὶ
2926 3229 2976 3281 ol
3010 3227 3196 3290 παῖδες
3225 3227 3320 3281 καὶ
3349 3228 3378 3280 ό
3405 3229 3589 3300 πατὴρ
3611 3227 3807 3298 ἐδηλώ-

554 3320 807 3391 populum
853 3334 1009 3374 suum
1044 3317 1385 3383 vehementer,
1430 3328 1481 3373 et
1515 3319 1747 3389 firmavit
1796 3334 1914 3373 eum
1973 3335 2130 3388 super

2231 3318 2402 3389 θησαν
2431 3316 2520 3372 διὰ
2551 3317 2658 3371 τῶν
2693 3316 3085 3390 προκειμένων.
3108 3316 3222 3371 Καὶ
3260 3317 3496 3386 ηὔξησε
3517 3319 3624 3373 τὸν
3648 3319 3807 3374 λαὸν

557 3412 800 3471 inimicos
827 3410 964 3480 ejus.
1016 3409 1129 3466 Nec
1169 3410 1317 3465 aucti
1346 3425 1445 3467 nec
1481 3410 1679 3465 firmati
1730 3409 1984 3476 fuissent,
2022 3411 2130 3467 nisi

2230 3409 2415 3464 αὐτοῦ
2436 3408 2691 3478 σφόδρα,
2717 3407 2813 3462 καὶ
2847 3406 3248 3476 ἐκραταίωσεν
3273 3407 3462 3462 αὐτὸν
3482 3408 3632 3476 ὑπὲρ
3658 3409 3805 3476 τοὺς

557 3501 856 3574 Josepbum
884 3510 1174 3574 patronum
1204 3502 1352 3558 nacti
1393 3508 1598 3568 essent,
1636 3509 1692 3558 et
1735 3501 1804 3558 ab
1857 3500 2132 3574 Egyptiis

2229 3501 2482 3571 ἐχθροὺς
2523 3500 2730 3556 αὑτοῦ.
2768 3499 2882 3554 Οὐκ
2908 3499 2973 3554 ἂν
3003 3497 3318 3571 ηὐξήθησαν
3349 3499 3470 3552 οὐδὲ
3497 3501 3805 3572 inputata}-

560 3597 826 3657 honorem
858 3593 1222 3666 accepissent,
1260 3595 1356 3666 qui
1387 3594 1611 3667 losephi
1666 3595 1840 3666 gratia
1872 3595 2008 3666 ipsis
2034 3595 2130 3653 do-

2233 3592 2428 3664 θησαν,
2475 3594 2525 3646 εί
2577 3593 2650 3664 μὴ
2709 3591 2898 3661 ἔτυχον
2945 3590 3249 3663 προστάτου
3303 3591 3512 3661 Ἰωσὴφ,
3568 3593 3664 3643 καὶ
3698 3591 3803 3662 τῆς

560 3689 860 3750 ferebatur.
2063 3701 2066 3704 ’
2232 3684 2387 3757 παρὰ
2425 3686 2536 3749 τοϊς
2577 3681 2892 3752 Αἰγυπτίοις
2919 3680 3086 3752 τιμῆς
3121 3681 3211 3736 διὰ
3248 3681 3342 3736 τοῦ
3378 3681 3563 3750 Ἰωσὴφ
3609 3683 3806 3746 αὐτοῖς

2234 3774 2686 3846 παρασχεθείσης.

629 3865 796 3924 Vens.
835 3865 1021 3922 25-56.
1054 3865 1323 3922 Convertit
1366 3883 1458 3922 cor
1495 3883 1676 3926 eorum
1715 3876 1774 3932 ut
1805 3866 2012 3923 adirent
2041 3885 2135 3938 po-

2303 3867 2682 3936 Μετέσφεψε
2720 3866 2837 3935 τὴν
2879 3864 3130 3934 καρδίαν
3165 3861 3366 3922 αὐτῶν
3403 3862 3506 3918 τοῦ
3545 3862 3812 3932 μισῆσαι

561 3957 747 4028 pulum
779 3974 958 4021 suum,
992 3967 1042 4013 et
1071 3958 1253 4014 d‘olum
1300 3958 1528 4029 facerent
1560 3961 1616 4017 in
1649 3976 1823 4016 seruos
1853 3975 1998 4014 suos.
2036 3959 2137 4014 Mi-

2234 3959 2343 4015 τὸν
2377 3962 2531 4014 λαὸν
2558 3957 2765 4023 αὐτοῦ,
2788 3956 2897 4012 τοῦ
2934 3956 3285 4012 ὄολιοῦσθαι
3307 3956 3377 4010 ἐν
3413 3955 3537 4021 τοῖς
3565 3954 3812 4022 δούλοις

563 4053 636 4107 sit
669 4049 903 4120 Moysem
934 4067 1138 4106 servum
1175 4069 1352 4117 suum,
1397 4053 1580 4114 Aaron
1609 4068 1761 4122 quem
1809 4051 1962 4122 elegit
2010 4052 2133 4110 sibi.

2235 4051 2442 4108 αὑτοῦ.
2485 4049 2898 4117 Ἐεαπέστειλε
2926 4047 3196 4118 Μωῢσῆν
3221 4047 3331 4102 τὸν
3350 4047 3576 4102 δοῦλον
3599 4047 3809 4110 αὐτοῦ,

565 4139 758 4204 Posuit
779 4143 832 4196 in
851 4143 926 4197 eis
945 4141 1112 4196 .verba
1133 4144 1404 4214 signorum
1430 4161 1668 4210 suorum,
1703 4153 1752 4198 et
1776 4143 2138 4216 prodigiorum

2250 4143 2463 4216 Ἀαρὼν
2505 4144 2578 4199 ὃν
2619 4143 2937 4210 ἐξελέξατο
2987 4140 3197 4207 ἐαυτῷ.
3239 4142 3449 4225 Ἐξετο
3485 4140 3556 4194 ἐν
3604 4139 3813 4206 αὐτοῖς

562 4247 786 4290 suorum
821 4232 878 4286 in
900 4243 1043 4286 terra
1069 4231 1256 4288 Citam.
1288 4232 1440 4293 Misit
1474 4232 1714 4296 tenebras
1740 4243 1790 4289 et
1816 4232 2136 4303 obscuravit,

2237 4236 2381 4304 τοὺς
2415 4236 2637 4306 λόγους
2673 4235 2792 4292 τῶν
2829 4236 3094 4305 σημείων
3119 4231 3327 4298 αὑτοῦ,
3356 4231 3455 4286 καὶ
3487 4231 3610 4286 τῶν
3643 4231 3813 4301 repti-

564 4325 692 4394 quia
721 4322 1165 4378 exacerbauerunt
1210 4339 1474 4378 sermones
1498 4324 1634 4388 eius.
1672 4323 1938 4390 Convertit
1972 4341 2137 4394 aquas

2238 4346 2359 4382 των
2399 4327 2586 4382 αὑτοῦ
2611 4327 2680 4382 ἐν
2714 4325 2790 4397 γῇ
2818 4327 2968 4396 Χάμ.
3011 4325 3432 4391 Ἐξαπέστειλε
3455 4325 3683 4390 σκότος
3714 4325 3815 4378 καὶ

566 4437 750 4477 eorum
779 4420 837 4473 in
867 4420 1173 4490 sanguinem
1190 4428 1244 4480 et
1287 4419 1477 4476 occidit
1505 4421 1670 4486 pisces
1695 4438 1877 4483 eorum
1958 4420 2141 4476 Edidit

2238 4420 2558 4482 ἐσκότασε,
2597 4417 2686 4472 ὅτι
2717 4417 3165 4486 παρεπίκραναν
3185 4415 3327 4482 τοὺς
3350 4415 3573 4484 λόγους
3599 4412 3814 4468 αὑτοῦ.

569 4525 714 4566 terra
761 4527 943 4568 eorum
992 4527 1152 4566 ranas
1199 4511 1257 4566 in
1286 4512 1641 4580 penetralibus
1672 4529 1852 4585 regum
1881 4513 2136 4581 ipsorum.

2240 4511 2617 4579 Μετέστρεψε
2656 4509 2729 4563 τὰ
2761 4509 2954 4565 ὕδατα
2981 4507 3179 4568 αὐτῶν
3211 4509 3300 4574 εὶς
3343 4501 3507 4576 αἷμα,
3535 4506 3633 4561 καί
3671 4505 3817 4563 ἀπέ-

569 4603 724 4660 Dixit
753 4613 803 4656 et
831 4605 968 4658 venit
997 4619 1266 4673 caenomya
1293 4613 1344 4658 et
1379 4603 1608 4673 ciniphes
1661 4605 1718 4658 in
1744 4604 1983 4660 omnibus
2015 4606 2139 4674 fini-

2241 4618 2436 4666 κτεινε
2477 4600 2620 4668 τοὺς
2659 4602 2869 4670 ἰχθύας
2910 4599 3127 4655 αὐτῶν.
3163 4599 3474 4668 Ἐξεῖρψεν
3514 4599 3554 4666 ἠ
3592 4597 3673 4666 τῆ
3711 4600 3819 4658 αὑ-

571 4693 666 4749 bus
699 4710 901 4750 eorum.
958 4692 1146 4748 Posuit
1173 4693 1375 4763 pluuias
1403 4711 1584 4749 eorum
1613 4695 1946 4766 grandinem,
1969 4698 2139 4767 ignem

2241 4692 2359 4749 τῶν
2391 4691 2736 4762 βατράχους
2766 4693 2837 4746 ἐν
2882 4691 3008 4758 τοῖς
3050 4692 3308 4762 ταμείοις
3349 4689 3469 4745 τῶν
3499 4689 3833 4754 βασιλέων·

570 4785 964 4840 comburentem
988 4785 1042 4838 in
1071 4795 1215 4840 terra
1277 4788 1534 4855 ipsorum.
1584 4786 1650 4840 Et
1676 4789 1933 4856 percussit
1961 4788 2140 4849 uincas

2241 4786 2460 4849 αὐτῶν.
2499 4780 2668 4852 Eine,
2696 4784 2796 4841 καὶ
2833 4779 2982 4854 ἦλθε
3013 4784 3308 4852 κυνάμυια
3332 4781 3432 4836 καὶ
3461 4781 3723 4847 σκνῖπες
3751 4781 3819 4834 ἐν

569 4893 752 4931 eorum
775 4886 826 4930 et
863 4876 1117 4946 ﬁculneas
1159 4893 1360 4943 eorum,
1383 4888 1432 4933 et
1474 4880 1721 4934 contrivit
1753 4897 1904 4936 omne
1943 4881 2142 4948 lignum

2244 4877 2394 4934 πᾶσι
2431 4878 2554 4944 τοῖς
2583 4878 2767 4946 ὁρίοις
2811 4875 3033 4933 αὐτᾶν.
3066 4878 3275 4932 Ἔθετο
3310 4875 3418 4941 τὰς
3449 4873 3685 4944 βροκὰς
3711 4875 3819 4928 αὐ-

574 4969 758 5038 ﬁnium
794 4985 994 5024 eorum.
1031 4968 1205 5038 Dixit,
1236 4980 1288 5026 et
1337 4973 1473 5028 venit
1531 4973 1736 5027 locusta
1789 4982 1839 5029 et
1895 4973 2143 5040 bruchus,

2245 4970 2362 5025 τῶν
2399 4967 2684 5040 χάλαζαν,
2717 4969 2836 5037 πῦρ
2867 4966 3246 5037 καταφλέγων
3271 4967 3341 5021 ἐν
3380 4963 3456 5034 τῇ
3487 4963 3566 5035 τῇ
3592 4963 3815 5019 αὐτῶν.

571 5059 727 5130 cujus
783 5077 888 5115 non
937 5071 1053 5116 erat
1084 5080 1352 5129 numerus,
1410 5073 1460 5119 et
1493 5065 1718 5120 comedit
1760 5081 1910 5120 omne
1963 5065 2140 5135 fenum

2244 5063 2353 5128 Kal
2386 5063 2644 5128 ἐπάταξε
2670 5061 2776 5128 τὰς
2805 5059 3112 5131 ἀμπέλους
3135 5057 3334 5114 αὐτῶν
3363 5058 3461 5112 καί
3489 5055 3596 5122 τὰς
3622 5053 3821 5122 συκᾶς

572 5153 632 5208 in
666 5161 809 5208 terra
867 5171 1078 5221 eorum,
1139 5165 1192 5212 et
1223 5157 1447 5212 comedit
1484 5175 1688 5213 omnem
1726 5159 1954 5228 fructum
1986 5170 2143 5214 term

2245 5154 2461 5222 αὐτῶν,
2507 5154 2605 5210 καί
2643 5153 2967 5222 συνέτριψε
3005 5150 3127 5207 πᾶν
3168 5149 3359 5216 ξύλον
3390 5150 3568 5219 ὁρίων
3595 5145 3817 5205 αὐτῶν.

571 5263 774 5302 eorum.
815 5245 884 5300 Et
929 5248 1186 5317 percussit
1228 5265 1379 5304 omne
1442 5251 1844 5321 primogenitum
1896 5251 1952 5305 in
2001 5259 2143 5305 terra

2245 5243 2415 5311 Εἷπε.
2457 5248 2556 5302 καὶ
2601 5241 2789 5318 ἦλθεν
2826 5243 3000 5314 ἀκρίς
3040 5242 3141 5298 καὶ
3177 5241 3464 5313 βροῦκος,
3490 5236 3564 5297 οὗ
3595 5243 3709 5295 οὐκ
3743 5234 3823 5310 ἦν

573 5355 778 5404 eorum,
807 5339 1071 5409 primitias
1099 5339 1271 5395 omnis
1314 5339 1514 5396 laboris
1545 5358 1748 5399 eorum.
1779 5342 2145 5410 Quemadmo-

2247 5338 2512 5409 ἀριθμὸς.
2546 5336 2645 5402 καὶ
2683 5335 2980 5406 κατέφαγε
3019 5333 3217 5390 πάντα
3261 5335 3476 5405 χόρτον
3509 5332 3580 5386 ἐν
3623 5329 3702 5400 τῇ
3744 5329 3822 5402 τῆ

575 5427 706 5483 dum
729 5428 905 5499 primo
935 5414 1234 5498 Josepbum
1259 5429 1508 5499 permisit
1538 5431 1594 5486 in
1643 5431 1964 5487 servitutem
1999 5430 2144 5486 redi-

2248 5427 2464 5494 αὐτῶν,
2493 5427 2593 5483 καὶ
2622 5425 2914 5496 κατέφαγε
2941 5423 3137 5480 πάντα
3162 5424 3270 5479 τὸν
3301 5424 3532 5492 καρπὸν
3560 5421 3672 5490 τῆς
3702 5420 3815 5492 τῆς

577 5517 652 5589 gi,
705 5533 769 5573 ac
795 5517 1148 5589 compedibus
1170 5517 1424 5590 ferroque
1447 5519 1754 5590 humiliari;
1799 5521 1996 5602 deinde
2017 5537 2146 5578 vero

2249 5519 2465 5576 αὐτῶν.
2502 5519 2610 5575 Kal
2649 5517 2908 5580 ἐπάταξε
2935 5515 3058 5575 πᾶν
3100 5517 3474 5585 πρωτότοκον
3509 5514 3581 5568 ἐν
3622 5511 3698 5582 τῆ
3743 5511 3822 5583 τῇ

578 5616 706 5681 post
757 5609 942 5665 datum
991 5607 1210 5666 virtutis
1271 5610 1728 5683 experimentum,
1802 5612 1871 5670 ad
1922 5629 2147 5687 regnum

2253 5614 2472 5684 αὐτῶν,
2519 5615 2808 5683 ἀπαρχὴν
2843 5610 3068 5678 παντὸς
3106 5610 3296 5665 πόνου
3341 5607 3555 5664 αὐτῶν.
3605 5607 3822 5687 Ὠσπερ

650 5765 696 5798 ⁸⁷
734 5763 864 5827 Gen.
902 5781 1024 5834 xu,
1061 5766 1170 5837 27;
1208 5766 1326 5824 Act.
1361 5783 1468 5845 vu,
1506 5768 1592 5832 li.
