4044 6212
350 313 495 371 1509

1405 309 1908 370 COMMENTARIA
1945 309 2012 365 IN
2050 309 2390 368 PSALMOS.

3447 313 3592 370 1310

344 431 435 486 τὸν
479 427 678 501 Ἰωσὴφ
719 427 932 499 πρῶτον
963 427 1234 499 συγχωρεῖ
1259 427 1559 494 δουλεῦσαι,
1601 429 1697 482 καὶ
1729 427 1913 490 πέδαις

2016 427 2224 495 evexit;
2257 428 2338 484 sic
2361 427 2528 482 etiam
2559 442 2706 482 nunc
2735 441 2860 484 cum
2890 428 3054 484 vellet
3114 429 3371 500 populum
3401 432 3586 500 provi-

345 524 440 576 καὶ
470 521 670 592 σιδήρῳ
709 519 1135 590 ταπεινωθῆναι·
1162 517 1280 574 εἶτα
1309 519 1448 590 μετὰ
1486 519 1656 574 ταῦτα
1686 519 1914 590 δοκιμὴν

342 613 611 668 δεδωκότα
636 613 736 683 τῆς
757 613 960 677 οἰκείας
985 613 1201 684 ἀρετῆς,
1235 611 1465 683 προάγει
1485 613 1576 664 ἐπὶ
1607 610 1908 681 βασιλείαν·

341 704 486 758 οὕτω
513 704 733 770 καὶνῦν,
754 704 1074 776 βουλόμενος
1111 705 1211 775 τῆς
1239 702 1402 758 αὑτοῦ
1443 703 1747 770 ἐπισκοπῆς
1771 719 1910 755 κατ-

341 796 572 863 αξιῶσαι
607 797 699 850 τὸν
742 795 888 860 λαδν,
941 796 1156 868 πρῶτον
1179 791 1340 850 αὑτὸν
1381 780 1751 865 πειρατηρίοις
1778 793 1916 846 ὲκδί-

340 887 524 952 δωσιν,
579 888 645 940 ἵν’
692 885 917 958 ὕστερον
963 886 1127 958 λεχθῇ
1180 885 1271 939 τό’
1322 885 1434 938 Καὶ
1484 881 1816 948 ἐστέναεαν
1859 886 1914 937 ol

341 977 460 1031 υἱοὶ
516 975 752 1045 Ἰσραὴλ
770 1017 786 1042 ,
831 977 930 1031 καὶ
979 975 1309 1044 ἐκέκραξαν
1351 973 1501 1042 πρὸς
1545 973 1763 1041 Κύριον
1807 971 1914 1026 τὸν

345 1065 494 1120 Θεὸν
523 1065 741 1131 αὐτῶν,
781 1067 880 1121 καὶ
924 1065 1104 1134 ἀνέϐη
1148 1068 1186 1134 ὴ
1214 1063 1338 1132 βοὴ
1386 1062 1584 1122 αὐτῶν
1622 1062 1773 1131 πρὸς
1805 1062 1915 1117 τὸν

346 1155 495 1210 Θεὸν
523 1157 641 1210 ἀπὸ
665 1157 784 1211 τῶν
813 1157 1022 1226 ἔργων.
1051 1155 1161 1209 Καὶ
1191 1152 1554 1220 εὶσήκουσεν
1573 1155 1606 1207 ὀ
1633 1151 1776 1218 Θεὸς
1806 1150 1916 1206 τὸν

343 1248 680 1318 στεναγμὸν
700 1247 926 1302 αὐτῶν·
969 1247 1069 1301 καί
1094 1245 1364 1316 ἐμνήσθη
1389 1247 1422 1299 ό
1462 1244 1609 1310 Θεὸς
1639 1242 1750 1312 τῆς
1784 1242 1912 1297 δια-

344 1338 535 1407 θήκης
579 1339 766 1394 αύτοῦ
802 1338 912 1407 τῆς
957 1337 1106 1406 πρὸς
1141 1337 1387 1405 Ἀϐραὰμ
1432 1335 1533 1390 καί
1577 1335 1773 1390 Ἰσαὰκ
1813 1334 1912 1388 καὶ

355 1429 568 1486 Ἰακώϐ.
609 1431 720 1485 Kal
745 1429 982 1484 ἐπεῖδεν
1011 1432 1044 1484 ό
1082 1427 1225 1494 Θεὸς
1271 1426 1415 1494 τοὺς
1443 1425 1614 1492 υἱοὺς
1653 1425 1921 1494 Ἰσραὴλ,

343 1523 442 1577 καὶ
466 1522 735 1592 ἐγνώσθη
773 1521 996 1588 αὐτοῖς.
1035 1520 1254 1591 Ἐπειδὴ
1284 1520 1342 1573 δὲ
1373 1520 1608 1593 εἴρηται,
1639 1519 1721 1572 ὅτι
1744 1517 1914 1588 μετέ-

343 1615 570 1681 arpinis
613 1611 728 1682 τὴν
757 1611 1008 1680 καρδίαν
1051 1608 1268 1676 αὐτῶν,
1313 1610 1555 1682 δηλονότι
1602 1609 1709 1663 τῶν
1748 1611 1914 1678 Αίγυο

343 1705 534 1770 πτίων,
572 1705 677 1758 τοῦ
695 1702 955 1773 μισῆσαι
986 1701 1094 1757 τὸν
1119 1703 1274 1758 λαὸν
1299 1702 1502 1768 αὐτοῦ,
1531 1703 1696 1773 ἐρεῖς,
1731 1702 1812 1755 ὅτι
1835 1701 1912 1754 δι-

2019 519 2203 574 dentia
2227 534 2326 576 sua
2349 519 2590 589 dignari,
2623 520 2805 590 ipsum
2843 521 3022 591 primo
3050 522 3445 579 tentationibus
3477 533 3588 577 tra-

2021 609 2182 677 didit,
2210 619 2270 665 ut
2305 612 2653 681 postmodum
2687 610 2962 668 diceretur
3006 613 3146 668 illud
3176 629 3190 666 :
3223 613 3291 667 Et
3326 614 3586 685 ingemue-

2020 708 2144 755 runt
2181 701 2283 770 ﬁlii
2329 701 2523 768 Israel,
2582 711 2632 757 et
2683 703 3108 758 exclamaverunt
3166 703 3235 758 ad
3302 703 3592 759 Dominum

2019 791 2188 845 Deum
2218 807 2393 860 suum,
2425 801 2476 846 et
2507 793 2741 847 ascendit
2769 792 2973 847 clamor
2992 809 3180 848 eorum.
3211 792 3280 847 ad
3326 794 3496 849 Deum
3519 794 3584 848 ab

2019 881 2260 951 operibus
2298 900 2318 940 :
2342 894 2389 938 et
2419 884 2688 938 exaudivit
2735 883 2878 949 Deus,
2903 887 3150 955 gemitum
3177 901 3378 946 eorum.
3424 895 3473 938 et
3505 901 3586 939 re-

2019 974 2268 1030 cordatus
2305 986 2384 1031 est
2435 975 2579 1030 Deus
2614 978 2912 1030 testamenti
2966 978 3051 1030 sui
3093 976 3172 1029 ad
3218 975 3489 1030 Abraham
3534 987 3586 1031 et

2020 1062 2182 1119 Isaae
2221 1074 2273 1120 et
2315 1063 2506 1123 Iacob.
2539 1065 2609 1119 Et
2667 1067 2892 1134 respexit
2943 1064 3084 1127 Deus
3121 1063 3262 1132 ﬁlios
3312 1063 3508 1128 Israel,
3535 1073 3588 1118 et

2019 1154 2261 1224 cognitus
2288 1161 2366 1208 est
2389 1154 2500 1208 illis
2523 1154 2587 1207 ⁸⁸.
2610 1153 2748 1220 Quia
2787 1168 2922 1210 vero
2961 1154 3168 1210 dictum
3199 1161 3306 1220 est,
3333 1155 3585 1208 convertit

2019 1259 2112 1296 eor
2135 1259 2343 1308 eorum,
2390 1243 2601 1301 scilicet
2631 1243 3045 1316 Egyptiorum;
3103 1259 3159 1299 ut
3191 1244 3394 1299 adirent
3421 1260 3585 1314 popu-

2020 1335 2130 1390 lum
2157 1335 2270 1405 ejus
2297 1351 2316 1400 ;
2345 1335 2496 1392 dicas
2526 1336 2696 1393 Deum
2730 1337 2836 1393 hoc
2858 1337 2984 1407 jure
3013 1338 3227 1394 fecisse.
3271 1337 3409 1404 Quia
3439 1337 3585 1393 enim

2019 1427 2077 1482 in
2112 1428 2284 1482 multa
2307 1427 2547 1497 licentia,
2599 1429 2849 1485 libertate
2890 1438 2944 1485 et
2982 1429 3191 1484 honore
3224 1429 3366 1502 apud
3419 1429 3588 1501 Αὐεν-

2018 1521 2162 1590 ptios
2192 1519 2432 1585 fuerant,
2463 1521 2520 1575 in
2561 1522 2889 1578 oblivionem
2949 1520 3043 1578 Dei
3087 1521 3251 1593 patrii
3299 1521 3385 1576 sui
3421 1537 3586 1576 vene-

2017 1621 2170 1680 runt,
2189 1626 2254 1668 ac
2281 1628 2400 1670 sese
2431 1613 2604 1669 cultui
2637 1613 3019 1684 Egyptiorum
3069 1611 3337 1668 idolorum
3367 1611 3588 1668 dedide-

2018 1714 2167 1759 runt.
2195 1705 2557 1771 Quamobrem
2586 1706 2711 1776 jure
2736 1704 3022 1777 Egyptios
3054 1706 3318 1762 adversus
3349 1706 3472 1762 illos
3494 1721 3588 1760 ex-

342 1792 515 1856 καίως
546 1792 780 1864 ἔπραξεν
811 1793 840 1845 6
876 1792 1029 1856 Θεός.
1074 1792 1289 1864 Ἐπειδὴ
1320 1793 1448 1866 γὰρ,
1478 1795 1538 1846 ὲν
1565 1793 1732 1864 πολλῇ
1763 1811 1913 1863 γεγο-

2016 1795 2224 1860 citavit,
2251 1797 2378 1866 quia
2422 1797 2527 1852 sibi
2578 1797 2713 1868 ipsis
2742 1797 2971 1854 ﬁdentes
3001 1798 3170 1852 Deum
3200 1798 3583 1870 neglexerant;

342 1884 493 1948 νότες
524 1885 704 1937 ἀνέσει
737 1883 831 1938 καὶ
878 1883 1160 1956 ἐλευθερίᾳ
1201 1884 1294 1938 καὶ
1324 1886 1456 1955 τιμῇ
1490 1883 1642 1955 παρὰ
1681 1886 1794 1948 τοϊς
1821 1887 1915 1939 Δίς-

342 1974 609 2042 γυπτίοις,
645 1977 725 2039 εἰς
756 1974 924 2046 λήθην
948 1969 1111 2045 ἦλθον
1131 1973 1225 2028 τοῦ
1257 1973 1509 2047 πατρῴου
1532 1974 1691 2039 Θεοῦ,
1715 1975 1908 2043 6566(9-

342 2081 442 2118 καν
472 2065 530 2119 δὲ
553 2067 778 2130 ἑαυτοὺς
803 2069 920 2130 ταῖς
946 2065 1056 2119 τῶν
1086 2067 1396 2134 Αἰγυπτίων
1417 2065 1906 2139 είδωλολατρείαις·

340 2152 430 2206 διὰ
476 2153 634 2209 τοῦτο
682 2156 905 2222 δικαίως
957 2157 1143 2220 αὐτοῖς
1200 2156 1534 2228 ὲπανέστησε
1587 2159 1713 2220 τοὺς
1743 2160 1908 2228 Αἰγυ-

2017 1895 2078 1940 ιιι
2106 1887 2176 1942 ab
2223 1888 2292 1944 iis
2338 1887 2545 1954 alllicti,
2589 1890 2931 1955 ediscerent,
2983 1906 3157 1960 neque
3212 1891 3368 1962 ipsis,
3413 1907 3589 1962 neque

2016 1978 2313 2033 multorum
2342 1981 2629 2036 numinum
2672 1981 3053 2052 superstitioni
3085 1982 3397 2038 haerendum
3425 1998 3583 2051 esse;

2013 2077 2178 2140 atque
2228 2072 2298 2126 ad
2353 2071 2524 2128 Deum
2585 2083 2802 2143 patrum
2861 2089 3088 2130 suorum
3134 2089 3255 2130 sese
3305 2083 3590 2130 converte-

2011 2167 2134 2216 rent
3594 2182 3596 2184 '

341 2246 551 2312 πτίους,
610 2248 797 2320 ἐπειδὴ
845 2247 1164 2312 πεποιθότες
1209 2249 1421 2312 ἑαυτοῖς
1471 2248 1934 2320 κατωλιγώρησαν
1995 2251 2091 2305 τοῦ
2151 2251 2310 2316 Θεοῦ,
2357 2253 2504 2318 ὅπως
2553 2253 2825 2318 θλιόἐντες
2866 2257 2958 2310 ὑπ’
3005 2257 3184 2311 αὐτῶν
3232 2256 3442 2329 μάθωσι
3490 2257 3588 2328 μὲν

343 2338 419 2409 μὴ
453 2338 736 2410 προσέχειν
769 2339 1015 2403 ἐκείνοις,
1045 2337 1180 2410 μηδὲ
1216 2341 1282 2409 τῇ
1319 2337 1564 2410 πολυθέῳ
1628 2339 1807 2393 αὐτῶν
1842 2339 2250 2415 δεισιδαιμονίᾳ,
2288 2343 2658 2416 ἐπιστρέψωσι
2697 2343 2755 2398 δὲ
2796 2345 2892 2398 ἐπὶ
2947 2345 3039 2400 τὸν
3089 2346 3222 2401 Θεὸν
3276 2347 3384 2402 τῶν
3434 2348 3587 2402 πατέ-

343 2443 452 2500 ρων
479 2429 678 2484 αὐτῶν.

412 2547 522 2604 Kal
551 2546 844 2618 ἐξήγαγεν
868 2547 1089 2616 αὐτοὺς
1125 2547 1195 2602 ἐν
1231 2549 1491 2618 ἀργυρίῳ
1528 2549 1629 2604 καί
1651 2550 1905 2621 χρυσίῳ,

341 2638 442 2702 καί
468 2639 580 2692 οὐκ
605 2633 686 2708 ἦν
703 2637 773 2690 ἐν
799 2636 930 2703 ταῖς
959 2637 1180 2707 φυλαῖς
1199 2639 1394 2694 αὐτῶν
1421 2642 1454 2694 d
1481 2639 1771 2695 ἀσθενῶν.
1795 2643 1912 2696 Eb-

344 2727 578 2801 φράνθη
603 2729 903 2799 Αιγυπτος
932 2729 1002 2784 ἐν
1034 2729 1223 2798 ἐξόδῳ
1243 2729 1462 2799 αὐτῶν,
1504 2731 1594 2786 ὅτι
1617 2731 1915 2793 ἐπέπεσεν

342 2825 379 2877 ὁ
414 2820 599 2891 φόϐος
626 2819 821 2875 αὐτῶν
843 2819 936 2874 ἐπ’
962 2821 1202 2888 αὐτούς.
1242 2821 1298 2876 '0
1319 2821 1451 2887 Θεὸς
1486 2823 1811 2896 προστάττει
1840 2823 1917 2896 τῷ

340 2911 456 2983 λαῷ
487 2911 576 2966 διὰ
596 2911 874 2976 Μωῦσέως
903 2911 1190 2966 σκυλεῦσαι
1214 2913 1338 2976 τοὺς
1351 2913 1761 2982 Δίγυπτίουςώς
1781 2931 1919 2970 νενι-

340 3003 632 3075 κημένους,
682 3000 778 3056 καὶ
807 3003 996 3074 μισθὸν
1028 3003 1159 3076 παρ’
1185 3003 1366 3058 αὐτῶν
1387 3004 1782 3077 εἰσπράξασθαι
1816 3007 1920 3078 τῆς

347 3095 744 3166 μακροχρονίου
791 3093 1052 3160 δουλείας,
1094 3089 1163 3168 ἦς
1203 3096 1399 3159 αὐτοὺς
1432 3097 1914 3154 κατεδουλώσαντο.

340 3173 455 3241 Kal
487 3188 598 3242 οὐκ
628 3183 708 3258 ἦν
751 3187 881 3254 ταῖς
923 3187 1144 3258 φυλαῖς
1187 3189 1387 3243 αὐτῶν
1429 3191 1462 3244 δ
1494 3189 1789 3247 ἀσθενῶν.
1843 3191 1916 3246 ἰι

341 3279 453 3351 γὰρ
475 3274 673 3352 ’πολλῷ
711 3280 1141 3352 παραδοξότερον
1190 3279 1348 3334 τοῦτο
1392 3276 1482 3353 ἦν,
1521 3283 1605 3337 ὅτι
1637 3282 1776 3354 μετὰ
1825 3284 1916 3338 τὸν

341 3369 525 3437 πόνον,
567 3371 705 3443 μετὰ
722 3370 820 3443 τὴν
850 3370 1144 3436 πλινθείαν,
1178 3371 1314 3443 μετὰ
1329 3371 1426 3444 τὴν
1449 3372 1714 3445 τοσαύτην
1732 3375 1917 3428 ταλαι-

341 3459 552 3531 πωρίαν
573 3460 669 3514 καὶ
695 3461 794 3525 τὰς
820 3461 1106 3532 μάστιγας,
1137 3461 1255 3516 οὐδὲ
1280 3460 1362 3526 εἷς
1389 3457 1457 3534 ἦν
1484 3464 1513 3516 6
1542 3464 1805 3529 ἀσθενῶν,
1823 3466 1918 3520 καὶ

339 3550 502 3604 τοῦτο
526 3551 793 3606 τοσούτων
826 3552 1048 3624 πληγῶν
1091 3555 1150 3606 ὲν
1173 3554 1443 3626 Αἰγύπτῳ
1466 3556 1912 3627 κατενεχθεισῶν.

341 3643 514 3697 Τοῦτο
543 3644 639 3698 καὶ
666 3644 766 3717 τῆς
807 3645 1022 3715 φύσεως
1050 3647 1219 3718 αὐτῆς
1259 3647 1358 3720 τὴν
1405 3648 1723 3703 ἀκολουθίαν
1751 3651 1917 3723 ὑπερ-

342 3731 578 3788 ἑὸαινεν.

413 3822 732 3880 Διεπέτασε
757 3826 1021 3896 νεφέλην
1038 3829 1126 3895 εὶς
1151 3829 1390 3899 σκοπὴν
1416 3831 1641 3900 αυτοῖς,
1673 3833 1771 3887 και
1793 3832 1913 3902 πῦρ

341 3913 450 3968 τοῦ
482 3915 734 3983 φωτίσαι
756 3919 958 3986 αὐτοῖς
989 3921 1103 3990 τὴν
1121 3922 1333 3976 νύκτα.
1368 3923 1602 3980 Διελθὼν
1628 3926 1734 3990 τὰς.
1775 3926 1915 3981 κατὰ

341 4004 450 4071 ὠν
478 4007 785 4074 Αίγυπτίων
816 4011 1101 4081 μάστιγας,
1137 4013 1445 4079 ἀκολούθως
1472 4016 1787 4088 μεταϐαίνει
1821 4018 1915 4072 ἐπὶ

340 4095 446 4157 τὰς
473 4096 772 4166 γενομένας
801 4099 879 4170 τῷ
911 4103 1126 4175 Ἰσραὴλ
1156 4106 1501 4178 εὐεργεσίας*
1526 4107 1660 4180 ὁμοῦ
1690 4110 1788 4181 μὲν
1821 4111 1915 4164 καὶ

345 4187 492 4258 ἡμᾶς
527 4188 851 4260 προτρέπων
879 4193 1097 4260 φεύγειν
1124 4197 1215 4251 τὸν
1251 4198 1543 4264 Αίγύπτιον
1570 4201 1789 4267 τρόπον,
1839 4204 1914 4270 ὡς

343 4273 412 4327 ἂν
445 4275 520 4347 μὴ
539 4279 652 4341 τοῖς
681 4278 816 4342 ῐσοις
845 4284 1230 4357 περιπέσωμεν
1247 4304 1261 4320 ο
1293 4288 1545 4361 εὔχεσθαι
1571 4291 1630 4345 δὲ
1657 4287 1796 4347 εἶναι
1817 4295 1916 4366 τῆς

2079 2549 2248 2608 Vsus.
2282 2551 2372 2618 '57,
2403 2550 2493 2609 38.
2515 2548 2584 2605 Et
2606 2547 2823 2604 deduxit
2844 2566 2931 2606 eos
2952 2567 3069 2606 cum
3099 2562 3314 2623 argento
3343 2561 3393 2608 et
3418 2571 3517 2610 aur
3533 2574 3586 2624 ο,

2013 2653 2062 2698 et
2094 2659 2198 2697 non
2227 2652 2342 2698 erat
2393 2643 2448 2697 in
2495 2641 2735 2705 tribubus
2763 2658 2945 2697 eorum
2974 2643 3239 2713 inﬁrmus.
3274 2644 3483 2701 laetata
3510 2658 3589 2703 est

2015 2735 2282 2806 digyptus
2312 2735 2369 2789 in
2416 2735 2736 2805 profectione
2766 2751 2970 2802 eorum,
2996 2737 3123 2808 quia
3169 2737 3404 2793 incubuit
3431 2742 3590 2796 timor

2018 2843 2200 2882 eorum
2225 2842 2381 2896 super
2409 2843 2517 2882 eos.
2550 2825 2694 2883 Deus
2714 2842 2812 2898 per
2833 2821 3070 2899 Moysem
3089 2829 3290 2900 populo
3317 2831 3585 2903 praecipit,

2025 2925 2086 2973 ut
2119 2918 2405 2992 Egyptios
2422 2926 2684 2990 tanquam
2717 2920 2893 2975 victos
2927 2919 3181 2990 spolient,
3217 2936 3281 2976 ac
3313 2921 3589 2979 diuturnae

2024 3009 2168 3081 apud
2200 3010 2323 3066 illos
2349 3010 2652 3075 servitutis,
2684 3025 2794 3081 qua
2841 3009 2968 3066 illos
3006 3019 3414 3083 oppresserant,
3450 3029 3590 3085 pra:-

2020 3102 2188 3156 mium
2215 3108 2492 3172 expetant.
2523 3101 2593 3155 Et
2621 3118 2726 3156 non
2751 3112 2866 3158 erat
2897 3103 2954 3158 in
3017 3103 3253 3159 tribubus
3293 3121 3472 3160 eorum
3501 3108 3587 3162 in-

2019 3189 2226 3260 ﬁrmus.
2242 3187 2510 3259 Quodque
2527 3188 2700 3246 multo
2724 3188 3031 3247 mirabilius
3059 3199 3198 3257 erat,
3227 3203 3349 3262 post
3373 3199 3586 3248 tantum

2017 3281 2285 3346 laborem,
2314 3289 2441 3352 post
2482 3281 2715 3338 laterum
2743 3282 3071 3347 coctionem,
3093 3290 3218 3353 post
3245 3288 3450 3338 tantam
3484 3285 3585 3339 mi-

2016 3372 2215 3428 seriam
2248 3383 2303 3428 et
2353 3379 2434 3428 tot
2487 3373 2745 3438 verbera,
2789 3387 2859 3428 ne
2896 3387 3040 3428 unus
3073 3373 3292 3444 quidem
3335 3372 3586 3431 inﬁrmus

2014 3469 2162 3529 erat,
2181 3461 2345 3533 idque
2373 3463 2542 3518 tantis
2565 3463 2740 3534 plagis
2769 3460 3007 3534 Egypto
3025 3463 3210 3520 illatis.
3251 3461 3366 3518 Hoc
3400 3465 3586 3534 utique

2014 3558 2224 3608 natura:
2254 3552 2500 3618 ordinem
2535 3551 2896 3614 transcendit.

2084 3831 2253 3889 Vens.
2287 3832 2376 3888 '59.
2433 3830 2705 3902 Expendit
2735 3827 2923 3884 nubem
2969 3828 3025 3883 in
3073 3828 3446 3896 protectionem
3489 3845 3580 3884 eo-

2015 3942 2156 3990 rum,
2187 3934 2238 3980 et
2264 3926 2456 3996 ignem,
2487 3932 2547 3978 ut
2570 3923 2762 3977 luceret
2791 3921 2865 3976 eis
2895 3936 2988 3991 per
3014 3932 3240 3978 noctem.
3275 3918 3584 3978 Receusitis

2017 4013 2400 4086 [Egyptiorum
2431 4015 2628 4086 plagis,
2660 4021 3060 4084 consequenter
3091 4013 3291 4072 transit
3315 4013 3383 4068 ad
3418 4014 3584 4071 bene-

2015 4105 2138 4161 ﬁcia
2167 4104 2354 4161 lsraeli
2381 4107 2578 4162 collata
2617 4124 2631 4161 :
2659 4106 2820 4162 simul
2854 4120 2958 4162 nos
2981 4104 3280 4164 admonens
3314 4115 3374 4160 ut
3400 4106 3584 4178 Egy-

2015 4198 2228 4267 ptiacos
2258 4211 2440 4252 mores
2472 4196 2768 4268 fugiamus,
2804 4213 2874 4253 ne
2925 4198 2981 4251 in
3027 4198 3179 4268 paria
3234 4197 3579 4265 incidamus;

2015 4301 2409 4356 precemurque
2461 4293 2524 4340 ut
2569 4285 2626 4339 in
2662 4285 2926 4356 'portione
2958 4283 3054 4341 Dei
3100 4286 3463 4350 ascribamur,
3490 4288 3581 4343 cui

347 4367 564 4462 μερίδος
583 4367 682 4462 ,τοιῖ
708 4369 864 4462 Θεοῦ,
941 4377 1167 4447 παρεῖχε
1191 4378 1288 4443 τὰς
1307 4380 1365 4446 ὲξ
1393 4382 1558 4436 αὐτοῦ
1577 4384 1912 4455 εὐεργεσίας

2018 4378 2279 4436 beneﬁcia
2322 4393 2422 4435 sua
2471 4377 2776 4448 impertiit:
2827 4377 3065 4446 itemque
3121 4391 3579 4447 commemorans,

343 4455 481 4526 ὁμοῦ
512 4457 605 4511 καὶ
638 4451 712 4513 ὧν
736 4459 1044 4534 ἠξιώθησαν
1073 4468 1388 4536 παραδόξων
1409 4471 1544 4526 Θεοῦ
1582 4476 1632 4527 ot
1752 4493 1910 4547 περι-

343 4549 518 4620 τομῆς
548 4552 920 4621 μνημονεύων,
945 4555 1025 4617 είς
1058 4555 1278 4628 ἔλεγχον
1313 4561 1410 4630 μὲν
1435 4561 1528 4616 τοῦ
1563 4564 1744 4620 αὐτῶν
1764 4567 1910 4621 ὲκεί-

344 4655 452 4691 νων
505 4638 726 4708 τρόπου,
779 4643 1073 4712 ἀπολογίαν
1100 4645 1159 4699 δὲ
1209 4647 1310 4718 τῆς
1356 4650 1496 4720 μετὰ
1529 4653 1702 4708 ταῦτα
1731 4655 1911 4711 αὐτῶν

345 4731 634 4804 ἀποϐολῆς.

423 4826 670 4895 ’ῌτησε,
692 4827 790 4880 καὶ
816 4825 1441 4901 ἦλθενόρτυγομήτρα,
1477 4836 1574 4890 καὶ
1597 4837 1791 4906 ἄρτων
1815 4841 1913 4893 οὐ·

336 4915 529 4982 ρανοῦ
552 4915 892 4984 ἐνέπλησεν
921 4922 1160 4988 αὐτούς.
1206 4921 1520 4993 Ἀνέρῤηξε
1551 4926 1794 4996 πέτραν,
1816 4929 1915 4993 καὶ

345 5005 652 5074 ἑρῤύησαν
697 5009 905 5076 ὕδατα,
934 5012 1354 5083 ἐπορεύθησαν
1387 5016 1457 5070 ἐν
1492 5017 1772 5087 ἀνύδροις
1807 5033 1917 5074 πο-

345 5097 547 5164 ταμοί·
584 5097 674 5152 ὅτι
698 5099 972 5172 ἐμνήσθη
1012 5104 1120 5160 τοῦ
1142 5105 1332 5175 λόγου
1362 5106 1470 5161 τοῦ
1506 5107 1679 5177 ἁγίου
1707 5110 1915 5177 αὐτοῦ,

341 5185 452 5240 τοῦ
477 5189 626 5255 πρὸς
658 5189 902 5262 Ἀϐραὰμ
915 5193 1022 5248 τὸν
1034 5194 1258 5250 δοῦλον
1266 5197 1474 5252 αὐτοῦ.
1506 5199 1618 5254 Καὶ
1636 5201 1664 5253 6
1679 5201 1918 5273 Μωῦσῆς

342 5274 400 5328 δὲ
441 5278 500 5330 ἐν
525 5278 942 5353 ,Δευτερονομίῳ
984 5284 1122 5356 πρὸς
1153 5285 1351 5351 αὐτούς
1382 5304 1546 5358 φησι·
1583 5288 1684 5358 Μὴ
1718 5291 1912 5362 εἴπῃς·

343 5367 448 5420 Διὰ
470 5366 581 5433 τὰς
619 5367 1009 5440 δικαιοσύνας
1048 5393 1169 5444 μου
1209 5376 1467 5449 ἐξήγαγέ
1489 5396 1566 5448 με
1601 5380 1818 5449 Κύριος
1847 5382 1915 5436 ἐκ

344 5453 458 5524 τῆς
477 5457 800 5526 Αἰγύπτου,
820 5461 980 5526 ἀλλὰ
1007 5463 1105 5518 διὰ
1125 5465 1230 5519 τὸν
1261 5465 1443 5535 ὅρκον
1465 5467 1539 5522 ὃν
1567 5468 1764 5540 ὤμοσε
1799 5473 1914 5526 Κύ..

329 5563 469 5616 plac
512 5547 639 5616 τοῖς
671 5551 971 5620 πατράσιν
1012 5555 1198 5626 ὑμῶν.
1238 5558 1350 5618 Kal
1383 5559 1585 5638 γνώσῃ
1618 5561 1908 5633 σήμερον,

421 5705 468 5743 ⁸⁸
504 5702 676 5772 Exod.
717 5722 793 5786 ιι,ι
823 5707 1074 5786 23-725,.

2018 4471 2237 4544 quantis
2283 4469 2380 4526 Dei
2424 4469 2770 4524 mirabilibus
2825 4468 3078 4540 dignatus
3130 4468 3203 4524 sit
3252 4469 3485 4539 populus
3513 4485 3578 4527 ex

2016 4566 2466 4633 circumcisione;
2488 4572 2550 4620 ιιι
2571 4578 2762 4620 eorum
2810 4577 2993 4620 mores
3031 4569 3314 4632 coarguat,
3345 4562 3580 4632 justam-

2015 4675 2124 4732 que
2146 4657 2468 4730 abjectionis
2494 4670 2684 4713 eorum
2712 4669 2933 4711 causam
2971 4659 3388 4710 commonstret.

2081 4820 2248 4890 Vsus.
2281 4831 2466 4889 40-45.
2500 4829 2686 4896 Petiit,
2715 4839 2765 4885 et
2807 4830 2946 4884 venit
2975 4829 3246 4898 coturnix,
3273 4838 3323 4883 et
3354 4829 3579 4898 panibus

2011 4924 2354 4994 calirepleoit
2382 4940 2490 4978 eos.
2522 4923 2739 4992 Dirupit
2757 4931 2988 4991 petram,
3032 4929 3083 4976 et
3110 4921 3380 4990 ﬂuxerunt
3406 4937 3577 4993 aqua,

2012 5024 2298 5076 manarunt
2317 5017 2376 5070 in
2403 5015 2674 5086 inaquosis
2697 5014 2940 5083 flumina.
2968 5013 3232 5080 Quoniam
3262 5029 3460 5068 memor
3479 5013 3580 5082 fuit

2013 5107 2155 5164 verbi
2218 5107 2392 5163 sancti
2435 5107 2540 5172 sui,
2575 5104 2711 5176 quod
2742 5104 2925 5160 habuit
2966 5105 3036 5165 ad
3062 5103 3334 5160 Abraham
3372 5119 3576 5160 servum

2017 5215 2193 5255 suum.
2217 5198 2312 5255 Sic
2334 5197 2466 5252 item
2507 5194 2722 5268 Moyses
2760 5195 2884 5252 illos
2911 5195 2968 5251 in
2999 5194 3416 5252 Deuteronomio
3443 5193 3578 5248 allo-

2016 5290 2205 5362 quitur
2230 5308 2244 5345 :
2269 5287 2352 5344 Ne
2378 5285 2527 5342 dicas
2559 5302 2579 5342 :
2606 5285 2830 5358 Propter
2856 5288 3099 5358 justitias
3125 5303 3267 5342 meas
3295 5283 3475 5339 eduxit
3497 5301 3578 5340 me

2019 5380 2275 5435 Dominus
2320 5377 2383 5433 de
2412 5389 2555 5433 terra
2577 5375 2817 5451 .Eggpti,
2843 5377 2934 5434 sed
2952 5385 3158 5449 propter
3192 5371 3575 5443 jusjurandum

2011 5470 2148 5543 quod
2168 5471 2371 5541 juracit
2399 5469 2654 5525 Dominus
2682 5469 2923 5541 patribus
2967 5465 3170 5525 vestris.
3214 5463 3282 5518 Et
3303 5479 3574 5535 cognosces

2013 5562 2163 5629 hodie
2186 5563 2310 5636 quia
2347 5579 2452 5622 non
2478 5573 2687 5638 propter
2705 5561 2945 5633 justitias
2985 5569 3105 5613 tuas
3145 5555 3400 5614 Dominus
3433 5555 3574 5628 Deus
