4040 6210
487 331 624 389 13³1

1220 339 1486 396 EUSEBII
1522 341 1998 402 CIESARLENSIS
2034 346 2188 408 OPP.
2228 349 2410 407 PARS.
2445 352 2533 410 Ill.
2565 382 2640 401 -.-
2672 353 3082 416 EXEGETICA.

3596 365 3742 421 1512

486 459 606 504 tuus
653 450 745 504 dat
794 452 888 507 tibi
931 461 1126 510 terram
1164 457 1352 514 bonam
1380 460 1514 519 hanc
1551 463 1619 516 ad
1662 464 2051 532 possidendum,

2157 471 2248 525 ὅτι
2272 474 2404 542 οὐχὶ
2435 474 2530 527 διὰ
2556 475 2663 541 τὰς
2693 476 3084 546 δικαιοσύνας
3115 495 3252 545 σου,
3287 462 3504 552 Κύριος
3531 489 3568 538 ό
3591 488 3744 554 Oed;-

483 545 607 612 quia
635 544 857 614 populus
889 545 1037 602 dum
1063 551 1278 605 cervicis
1319 569 1374 608 es
1399 555 1466 609 ".
1498 554 1566 608 Et
1595 556 1776 610 eduxit
1800 558 2051 627 populum

483 652 641 696 suum
676 637 730 690 in
763 639 1134 707 exsultatione,
1161 646 1419 700 etelectos
1457 663 1581 702 suos
1613 650 1669 702 in
1702 649 2052 706 latitia.$in-

479 727 606 798 gula
623 729 766 782 enim
791 745 912 796 qua:
936 735 1281 804 contigerunt
1303 737 1663 795 admiratione
1689 741 1854 811 digna
1871 752 2048 809 erant,

479 827 535 874 et
587 821 851 892 prodigiis
898 824 1076 894 plena,
1112 834 1170 881 ut
1199 828 1345 898 quod
1379 830 1515 900 ipsis
1555 833 1882 902 pellentibus
1925 850 2052 892 cum

483 912 760 983 voluptate
821 914 1204 982 liberarentur,
1240 919 1385 989 quod
1433 936 1559 976 cum
1602 924 1939 980 abundantia
1969 943 2054 982 re-

482 1018 626 1070 rum,
653 1007 798 1077 quod
846 1022 972 1064 cum
1030 1011 1270 1080 perlecta
1312 1015 1562 1070 sanitate.
1622 1015 1689 1070 Et
1754 1017 1897 1074 dedit
1941 1019 2050 1074 illis

479 1097 714 1169 regiones
745 1102 1000 1170 gentium,
1029 1113 1079 1156 et
1103 1103 1309 1158 labores
1339 1109 1653 1175 populorum
1685 1109 2047 1177 possederunt.

481 1192 600 1248 Non
629 1195 775 1249 enim
827 1197 1005 1251 solum
1043 1213 1074 1252 a
1127 1199 1377 1268 pristinis
1436 1203 1709 1270 liberavit,
1741 1205 1836 1262 sed
1887 1206 2049 1261 etiam

481 1286 658 1342 aliena
678 1285 813 1356 ipsis
841 1289 1087 1356 tradidit,
1118 1309 1296 1364 neque
1327 1297 1571 1366 permisit
1599 1305 1660 1352 ut
1693 1298 1865 1355 labori
1890 1313 2052 1353 vaca-

480 1386 623 1445 rent,
660 1389 718 1432 ut
744 1382 1048 1434 custodiant
1080 1383 1492 1454 jnstiﬁcationes
1517 1387 1718 1458 ejus,et
1749 1389 1907 1460 legem
1937 1389 2049 1458 ejus

479 1471 772 1541 requirant.
804 1470 928 1527 Haec
956 1475 1230 1542 promisit,
1268 1477 1393 1548 quia
1435 1478 1811 1533 custodierant
1847 1479 2052 1548 justiti-

479 1562 726 1619 cationes
755 1563 895 1634 ejus.
925 1562 1077 1622 Talis
1105 1569 1304 1640 quippe
1335 1569 1479 1626 Deus
1509 1580 1612 1632 est,
1650 1580 1708 1624 ut
1741 1571 2052 1626 misericor-

479 1653 628 1708 diam
668 1668 825 1710 suam
862 1655 1216 1728 diligentibus
1272 1677 1332 1718 se
1382 1662 1438 1716 in
1481 1660 1724 1717 millibus
1775 1662 2045 1718 exhibeat.

479 1740 578 1798 llis
597 1752 777 1801 autem
806 1746 1024 1804 illorum
1051 1752 1342 1821 nepotibus
1365 1752 1495 1806 talia
1524 1753 1774 1822 praestitit
1799 1763 1855 1809 et
1885 1753 2050 1824 largi~

2157 581 2273 620 σου
2298 566 2509 622 δίδωσί
2536 583 2634 622 σοι
2654 568 2770 635 τὴν
2784 568 2901 638 γῆν
2928 571 3044 639 τὴν
3071 573 3307 642 ἀγαθὴν
3331 578 3564 642 ταύτην
3591 581 3744 646 κλη-

2149 658 2509 728 ρονομῆσαι,
2554 661 2643 715 ὅτι
2664 660 2816 728 λαὸς
2841 665 3384 734 σκληροτράχηλος
3407 664 3482 720 εἶ.
3502 669 3619 722 Kal
3643 671 3744 734 ἐξ-

2154 750 2341 822 ήγαγε
2389 752 2498 806 τὸν
2541 753 2696 808 λαὸν
2726 755 2913 809 αὐτοῦ
2936 756 3408 826 crematam,
3447 765 3549 816 καὶ
3599 765 3743 830 τοὺς

2155 831 2478 908 ἐκλεκτοῦς
2493 843 2679 899 αὐτοῦ
2701 845 2771 897 ἐν
2801 847 3169 917 εὐφροσύνῃ.
3201 849 3474 903 Ἕκαστον
3497 852 3613 924 γάρ
3631 854 3742 906 τῶν

2154 934 2462 1006 γενομένων
2492 938 2572 999 είς
2603 935 2787 1008 θαῦμα
2827 938 3082 1008 μέγιστον
3111 937 3200 1012 ἦν,
3247 945 3342 997 καὶ
3372 945 3582 1017 τωλλὴν
3627 944 3742 1018 εἶχε

2155 1027 2257 1097 τὴν
2281 1026 2752 1098 παραδοξοποιίαν,
2779 1029 2838 1080 τὸ
2866 1030 3242 1102 ἀπαλλαγῆναι
3266 1035 3384 1104 μεθ’
3405 1037 3609 1107 ἡδονῆς
3631 1038 3745 1091 τῶν

2155 1115 2438 1170 ὠθούντων
2459 1117 2702 1182 ἐκείνων,
2734 1120 2826 1173 καὶ
2849 1122 2965 1190 μετ’
3001 1123 3262 1194 εὐπορίας
3293 1127 3532 1196 ἁπάσης,
3572 1128 3638 1180 τὸ
3680 1131 3744 1182 ἐν

2162 1206 2321 1277 ὑγεία
2371 1207 2588 1278 καθαρᾷ
2637 1209 2774 1277 (sic).
2834 1209 2948 1264 Kal
2992 1211 3215 1266 ἔδωκεν
3279 1215 3483 1280 αὐτοῖς
3529 1216 3745 1285 χώρας

2154 1297 2364 1364 ἐθνῶν,
2404 1298 2503 1352 καὶ
2533 1301 2762 1366 πόνους
2797 1301 2964 1354 λαῶν
2997 1307 3626 1375 κατεκληρονόμησαν.
3655 1310 3741 1362 Οὐ

2154 1389 2262 1461 γὰρ
2290 1389 2352 1461 δὴ
2374 1389 2531 1460 μόνον
2568 1390 2676 1444 τῶν
2705 1387 2980 1464 προτέρων
3018 1394 3351 1466 ἀπήλλαξεν,
3378 1397 3507 1450 ἀλλὰ
3530 1401 3627 1452 καὶ
3659 1402 3743 1454 τὰ

2153 1479 2262 1534 τῶν
2277 1481 2478 1549 ἐτέρων
2501 1481 2699 1542 ἔδωκεν
2712 1483 2913 1548 αὐτοῖς,
2943 1485 3178 1556 οὐδαμοῦ
3207 1491 3387 1540 πονεῖν
3411 1491 3734 1562 συγχωρῶν,

2155 1570 2313 1638 ὅπως
2332 1573 2410 1626 ἂν
2439 1573 2753 1642 φυλάξωσι
2792 1575 2864 1629 τὰ
2895 1577 3255 1648 δικαιώματα
3281 1582 3602 1648 adsciscat
3624 1583 3743 1639 tor

2153 1664 2341 1732 νόμον
2386 1665 2575 1719 αὑτοῦ
2632 1665 3030 1735 ἐκζητήσωσι.
3085 1671 3269 1725 Ταῦτα
3320 1675 3693 1744 ἐπηγγείλατο
3714 1717 3736 1742 ,

2153 1755 2341 1826 ἐπειδὴ
2370 1755 2640 1824 ἐφύλαξαν
2662 1756 2730 1810 τά
2755 1758 3098 1831 δικαιώματα
3126 1763 3314 1818 αὑτοῦ.
3347 1763 3604 1829 Τοιοῦτος
3626 1767 3739 1835 γάρ

479 1842 570 1891 tus
596 1843 718 1892 est:
751 1838 1046 1896 cohortaris
1076 1850 1132 1896 et
1178 1845 1465 1899 concitans
1499 1859 1596 1902 eos
1625 1846 1693 1901 ad
1738 1846 2051 1903 custodien-

2154 1847 2300 1907 ἐστιν
2335 1847 2365 1900 ό
2388 1846 2543 1912 Θεὸς,
2579 1848 2751 1903 ποιῶν
2791 1850 2940 1913 ἐλεος
2973 1852 3052 1915 είς
3099 1852 3342 1923 χιλιάδας
3369 1858 3483 1918 τοῖς
3507 1855 3738 1923 ἀγα.τῶ-

481 1923 584 1980 das
607 1927 1036 1996 justiticationes
1068 1933 1241 2002 ipsius
1278 1941 1333 1989 et
1353 1935 1521 2004 legem
1558 1937 1732 2006 ipsius
1763 1939 2051 2008 exquiren-

2159 1955 2245 1992 σιν
2269 1939 2453 1995 αὐτόν.
2492 1940 2714 2005 Τούτοις
2741 1942 2800 1996 δὲ
2832 1945 2948 2006 τοῖς
2971 1943 3193 2005 ἐκείνων
3231 1945 3525 2014 ἀπογόνοις
3547 1946 3625 2002 τὰ
3648 1964 3737 2001 το-

478 2015 624 2070 dam.
677 2016 783 2073 Sed
837 2023 966 2092 quia
1025 2031 1103 2078 tot
1152 2023 1359 2094 dignati
1411 2026 1590 2091 bonis,
1635 2028 1892 2098 praedicta
1942 2046 2051 2088 non

2163 2027 2338 2082 σαῦτα
2369 2031 2613 2101 παρέσχε
2661 2031 2756 2084 καὶ
2805 2031 3114 2102 ἐχαρίσατο,
3160 2035 3490 2106 προτρέπων
3536 2037 3735 2098 αὐτοὺς

479 2107 891 2175 custodierunt,
930 2121 1061 2168 tunc
1109 2113 1286 2169 ablata
1331 2116 1398 2170 ab
1433 2117 1570 2187 ipsis
1601 2120 1775 2194 gratia
1809 2127 1916 2186 est,
1953 2137 2051 2178 nec

2157 2121 2254 2174 καὶ
2279 2121 2580 2193 παρορμῶν
2612 2123 2693 2186 εἰς
2723 2123 2786 2175 τὸ
2813 2122 3102 2192 φυλάττειν
3134 2126 3203 2178 τὰ
3247 2126 3598 2196 δικαιώματα
3630 2132 3730 2183 afa-

480 2200 642 2254 modo
698 2206 900 2257 terram
955 2206 1277 2272 amiserunt,
1310 2209 1406 2264 sed
1452 2210 1617 2267 etiam
1665 2225 1695 2264 a
1751 2211 1861 2267 Deo
1914 2213 2051 2282 lapsi

2155 2211 2280 2278 τοῦ,
2317 2213 2410 2265 καὶ
2452 2212 2542 2266 τὸν
2586 2213 2747 2282 νόμον
2787 2215 2953 2268 αὐτοῦ
2999 2217 3269 2287 ἐκζητεῖν.
3323 2218 3466 2278 Ἀλλ’
3497 2219 3579 2271 ὅτι
3623 2219 3732 2274 τῶν

481 2299 628 2359 sunt,
679 2309 744 2349 ac
789 2295 1031 2368 gentium
1080 2306 1134 2354 et
1182 2299 1531 2356 inimicorum
1581 2303 1726 2359 servi
1771 2313 1900 2360 sunt
1976 2304 2051 2360 ef-

2154 2304 2421 2359 τοσούτων
2446 2305 2739 2376 ἠξιωμένοι
2779 2307 2880 2360 οὐκ
2919 2306 3190 2378 ἐφύλαξαν
3224 2308 3295 2362 τά
3325 2311 3626 2384 εἰρημένα,
3665 2312 3732 2366 τὺ

480 2381 630 2441 fecti.
2163 2396 2452 2469 τηνικαῦτα
2476 2398 2618 2470 ήρθη
2645 2399 2741 2452 ἀπ’
2771 2400 2950 2456 αὐτῶν
2976 2402 3008 2471 ἡ
3038 2399 3219 2470 χάρις,
3243 2400 3340 2454 καὶ
3367 2381 3430 2454 οὐ
3456 2403 3609 2471 μόνον
3627 2402 3728 2473 τὴν

477 2473 582 2545 γῆν
611 2475 914 2545 ἀπώλεσαν,
937 2478 1072 2534 ἀλλά
1099 2481 1192 2534 καὶ
1219 2481 1313 2536 τοῦ
1335 2481 1470 2536 Θεοῦ
1496 2483 1902 2550 ὲκπεπτώκασι,
1925 2487 2103 2544 δοῦλοί
2139 2505 2200 2542 τε
2221 2488 2331 2542 τῶν
2363 2487 2532 2543 ἐθνῶν
2564 2491 2656 2542 καὶ
2690 2489 2962 2561 πολεμίων
2993 2492 3268 2560 γεγόνασι.

1003 2684 1366 2742 ALLELUIA.
1397 2685 1510 2744 CV.
2647 2693 3081 2750 ’AAAHAOYIA.
3105 2693 3229 2751 PE'.

549 2773 714 2831 Vens.
770 2777 882 2832 t5.
927 2775 1266 2848 Conﬁtemini
1292 2778 1542 2844 Domino,
1573 2782 1824 2852 quoniam
1862 2780 2051 2846 bonus,

2233 2785 2715 2856 Ἐξομολογεῖσθε
2733 2785 2813 2852 τῷ
2842 2786 3054 2854 Κυρίῳ,
3077 2785 3168 2840 δτι
3201 2801 3494 2856 χρηστος,
3529 2787 3620 2843 ὅτι
3643 2790 3737 2857 εις

477 2871 727 2937 quoniam
747 2871 801 2923 in
821 2872 1074 2926 sarculum
1095 2873 1460 2927 misericordia
1495 2873 1629 2943 ejus.
1657 2874 1789 2940 Quis
1812 2875 2051 2945 loquetur

2154 2877 2259 2932 τὸν
2285 2876 2471 2932 αἰῶνα
2500 2877 2565 2930 τὸ
2599 2876 2774 2942 ἔλεος
2815 2875 3024 2931 αὐτοῦ.
3069 2877 3166 2942 Τίς
3203 2875 3465 2942 ,λαλήσει
3494 2878 3594 2942 τὰς
3621 2876 3733 2930 δυ-

477 2960 738 3028 potentias
773 2958 1007 3024 Domini,
1041 2961 1254 3014 auditas
1279 2961 1437 3030 faciet
1463 2979 1641 3018 omnes
1677 2964 1861 3019 laudes
1889 2965 2004 3033 ejus
2024 2967 2051 3021 2

2154 2970 2437 3035 ναστείας
2467 2968 2577 3023 τοῦ
2624 2971 2867 3037 Κυρίου,
2919 2967 3227 3034 ἀκουστὰς
3250 2967 3495 3035 ποιήσει
3530 2967 3735 3034 πάσας

478 3049 632 3105 Beati
649 3052 740 3121 qui
760 3053 1062 3106 custodiunt
1085 3051 1372 3122 judicium,
1403 3063 1454 3110 et
1478 3055 1684 3124 faciunt
1696 3057 1972 3126 justitiam
1993 3057 2048 3111 in

2154 3060 2260 3126 τὰς
2303 3060 2565 3126 αἰνέσει-ις
2600 3060 2825 3123 αὐτοῦ;
2875 3057 3166 3126 Μακάριοι
3211 3060 3267 3112 οί
3299 3055 3734 3126 φυλάσσοντες

479 3143 622 3199 omni
653 3153 897 3211 tempore.
931 3143 1190 3200 Memento
1225 3147 1417 3210 nostri,
1451 3147 1695 3213 Domine,
1726 3149 1780 3202 in
1807 3149 2050 3217 benepla—

2154 3150 2375 3219 κρίσιν,
2416 3150 2728 3216 ποιοῦντες
2773 3150 3167 3216 δικαιοσύνην
3195 3149 3266 3201 ἑν
3297 3148 3483 3204 παντὶ
3531 3146 3730 3217 καιρῷ.

477 3233 582 3288 cito
600 3235 778 3304 populi
816 3237 915 3298 tui,
941 3237 1095 3290 visita
1126 3254 1218 3292 nos
1249 3239 1306 3291 in
1339 3240 1574 3292 salutari
1605 3249 1718 3296 tuo.
1743 3239 1826 3294 Ad
1859 3239 2044 3293 uiden-

2154 3217 2462 3313 Πνήσθητι
2489 3241 2676 3312 ἡμῶν,
2706 3244 2901 3310 Κύριε,
2945 3241 3017 3294 ἐν
3045 3239 3120 3309 τῇ
3150 3240 3401 3307 εὐδοκία
3433 3240 3543 3293 τοῦ
3577 3238 3731 3294 λαοῦ

477 3322 603 3378 dum
638 3326 692 3378 in
725 3325 956 3380 bonitate
981 3326 1289 3393 electorum,
1333 3328 1402 3381 ad
1450 3329 1740 3384 laetandum
1779 3332 1833 3387 in
1862 3331 2049 3385 lwtitia

2154 3350 2283 3402 σου,
2313 3337 2635 3405 ἐπίσκεψαι
2654 3335 2891 3405 ἡμᾶς-ὲν
2905 3335 2986 3401 τῷ
3003 3334 3275 3406 σωτηρίῳ
3294 3351 3432 3400 σου,
3459 3332 3564 3387 τοῦ
3580 3332 3728 3387 ίόεἱν

477 3418 645 3488 gentis
692 3425 815 3481 tute,
865 3427 922 3474 ut
981 3419 1212 3474 lauderis
1265 3435 1384 3476 cum
1431 3422 1746 3477 luereditate
1802 3432 1915 3478 tua.
1949 3421 2051 3477 Hic

2154 3429 2217 3483 ὲν
2236 3427 2313 3497 τῇ
2337 3429 2703 3498 χρηστότητι
2729 3445 2844 3483 σου
2859 3427 2978 3490 (ὧν
2989 3425 3312 3492 ἐκλεκτῶν,
3345 3425 3452 3480 τοῦ
3471 3427 3727 3493 εὔφρανα

476 3523 695 3579 quoque
726 3511 971 3578 psalmus
1003 3512 1216 3572 laudem
1243 3515 1616 3586 bymnumque
1640 3516 1697 3570 in
1723 3514 1894 3572 Deum
1919 3530 2054 3570 con-

475 3599 636 3664 tinet,
672 3616 842 3672 quare
873 3603 1168 3675 inscriptus
1209 3615 1315 3671 est,
1349 3607 1602 3670 Alleluia,
1633 3607 1780 3677 quod
1818 3606 2054 3676 explica.

476 3697 589 3755 tur,
617 3689 859 3750 Laudate
889 3692 1192 3751 Dominum.
1249 3693 1443 3750 Statim
1480 3703 1662 3751 autem
1696 3711 1727 3749 a
1783 3695 2053 3766 principio

476 3785 726 3856 praecipit
748 3786 815 3841 iis
844 3788 988 3857 quia
1011 3789 1251 3859 peccatis
1276 3786 1694 3860 aguntur,utad
1725 3785 1820 3842 Dei
1854 3785 2050 3840 Filiqu

479 3885 741 3946 tanquam
765 3878 832 3932 ad
866 3879 1136 3934 medicum
1151 3887 1205 3936 et
1227 3889 1562 3936 servatorem
1589 3880 2054 3949 accedant,atque

479 3971 700 4040 propria
745 3971 1070 4028 conﬁtentes
1131 3981 1379 4042 peccata,
1436 3973 1633 4028 animae
1674 3973 1902 4027 vulnera
1949 3971 2053 4042 ipsi

479 4059 755 4130 detegant.
784 4059 888 4128 Qui
933 4076 1064 4116 vero
1117 4061 1174 4116 id
1220 4062 1437 4118 sincere
1486 4069 1712 4132 praestat
1762 4077 1826 4116 ac
1856 4061 2054 4117 delicta

481 4151 714 4222 pristina
749 4148 928 4218 dedat,
964 4152 1018 4206 id
1042 4160 1102 4208 ut
1122 4169 1232 4210 non
1271 4154 1455 4208 verbis
1481 4147 1715 4220 tantum,
1747 4153 1845 4210 sed
1871 4154 2055 4210 animo

478 4257 698 4314 quoque
714 4253 769 4298 et
787 4243 1047 4315 operibus
1071 4254 1314 4318 peragat,
1346 4260 1378 4300 a
1403 4245 1694 4303 Psalmista
1725 4246 2052 4302 instituitur.

479 4333 745 4390 Hortatur
798 4351 962 4406 porro
999 4337 1068 4392 ad
1111 4338 1370 4392 alacriter
1418 4337 1812 4404 confitendum,
1848 4353 2058 4393 annun-

479 4427 688 4494 tiando,
727 4427 993 4501 Quoniam
1046 4428 1209 4487 bonus
1257 4440 1342 4487 est
1390 4429 1676 4498 Dominus,
1725 4433 1971 4503 quoniam
2000 4432 2056 4488 in

478 4523 734 4577 saeculum
754 4523 1121 4578 misericordia
1145 4525 1281 4593 ejus.
1311 4522 1521 4580 Idcirco
1549 4525 1626 4582 ait
1655 4531 1907 4596 prompto
1929 4523 2052 4579 ani-

478 4625 571 4666 mo
595 4614 955 4679 conﬁtemini,
981 4615 1111 4685 quia
1139 4622 1194 4671 et
1223 4616 1340 4686 ipse
1361 4616 1430 4672 ad
1455 4617 1798 4672 clementiam
1828 4624 2051 4688 paratus

478 4710 583 4769 est,
602 4719 806 4775 gnarus
836 4721 926 4763 res
948 4708 1236 4776 praesentis
1263 4708 1449 4762 saeculi
1474 4707 1852 4764 misericordia
1867 4723 2048 4781 egere,

481 4801 668 4864 utpote
689 4812 810 4868 quae
839 4797 1094 4855 mortales
1127 4807 1182 4856 et
1212 4797 1370 4858 ﬂuxae
1401 4801 1532 4858 sint.

2149 3521 2325 3591 θῆναι
2359 3521 2430 3576 ἐν
2451 3521 2799 3591 εὐφροσύνῃ
2827 3520 2934 3574 τοῦ
2965 3519 3120 3574 λαοῦ
3155 3535 3297 3583 σου,
3332 3517 3438 3572 τοῦ
3464 3515 3724 3570 ἐπαινεῖ-

2149 3615 2288 3668 σθαι
2309 3614 2461 3682 μετὰ
2487 3611 2598 3681 τῆς
2627 3612 3032 3681 κληρονομίας
3074 3627 3217 3665 σου.
3248 3607 3398 3663 Λίνον
3426 3608 3518 3661 καὶ
3547 3607 3716 3676 ὕμνον

2150 3703 2288 3774 πρὸς
2313 3703 2405 3757 τὸν
2447 3701 2580 3755 Θεὸν
2630 3701 2725 3756 καὶ
2757 3703 2786 3754 ό
2830 3699 3019 3772 παρὼν
3059 3699 3276 3770 ψαλμὸς
3317 3696 3588 3767 περιέχει·
3631 3695 3717 3748 διὸ

2152 3794 2594 3866 ἐπιγέγραπται,
2656 3793 3013 3860 Ἀλληλούτα
3041 3809 3055 3824 ο
3112 3792 3252 3861 ὅπερ
3310 3785 3673 3860 ἑρμηνεύεται
3705 3825 3725 3851 ,

2153 3887 2380 3941 Αἰνεῖτε
2402 3887 2508 3940 τὸν
2541 3887 2782 3953 Κύριον.
2809 3883 3143 3957 Προστάττει
3167 3883 3225 3940 δὲ
3245 3881 3404 3945 εὺθὶις
3427 3879 3729 3951 ἀρχόμενος

2151 3979 2264 4041 τοῖς
2317 3977 2727 4048 ἁμαρτημάτων
2774 3975 3119 4047 ὁρμωμένοις
3164 3973 3357 4046 ὤσπερ
3416 3970 3586 4043 ἰατρῷ
3637 3972 3732 4024 καὶ

2155 4069 2365 4142 σωτῆρι
2397 4068 2680 4141 προσιέναι
2721 4067 2801 4140 τῷ
2837 4066 3220 4138 θεραπευτικῷ
3273 4065 3370 4120 τοῦ
3412 4064 3548 4118 Θεοῦ
3593 4062 3730 4139 HQ,

2153 4161 2248 4216 καὶ
2273 4162 2342 4216 τά
2365 4160 2653 4234 τραύματα
2670 4160 2772 4228 τῆς
2800 4159 2977 4230 ψυχῆς
2996 4157 3344 4230 ἀπογυμνοῦν
3362 4156 3532 4228 αὐτῷ,
3561 4155 3652 4210 διὰ
3672 4154 3734 4208 τὸ

2155 4251 2590 4324 ἐξομολογεῖσθαι
2621 4251 2719 4316 τὰς
2763 4251 2968 4315 οἰκείας
3016 4249 3313 4323 ἁμαρτίας.
3359 4249 3420 4304 '0
3470 4248 3528 4302 δὲ
3578 4246 3735 4300 τοῦτο

2154 4344 2410 4417 πράττων
2436 4342 2694 4415 γνησίως,
2713 4343 2809 4396 καὶ
2841 4343 3273 4412 άποκλαιόμενος
3296 4339 3382 4409 ἐφ’
3405 4334 3491 4402 οἷς
3516 4340 3733 4409 ἥμαρτε,

2157 4435 2438 4508 πρότερον,
2475 4436 2558 4490 ὅτι
2592 4435 2666 4506 μὴ
2695 4433 2876 4502 λόγοις
2905 4435 3087 4504 μόνοις
3134 4433 3293 4488 τοῦτο
3341 4430 3571 4503 πράξαι,
3597 4427 3733 4482 ἀλλὰ
3809 4487 3812 4492 _

2154 4530 2223 4600 τῇ
2251 4526 2487 4586 διαθέσει
2540 4526 2637 4583 καὶ
2684 4526 2869 4589 αὐτοῖς
2917 4529 3032 4589 τοῖς
3065 4525 3376 4596 πράγμασι,
3436 4522 3590 4594 παρά
3638 4520 3732 4578 τοῦ

2154 4616 2459 4692 Ψαλμῳδοῦ
2497 4616 2780 4687 κομίζεται
2828 4615 2928 4686 τὴν
2971 4616 3276 4686 εἰσήγησιν.
3312 4612 3625 4684 Προτρέπει
3678 4609 3732 4664 δὲ

2155 4709 2454 4783 προθύμως
2491 4709 2586 4763 sui.
2616 4709 2716 4781 τὴν
2743 4707 3155 4792 ἐξομολόγησιν,
3196 4705 3285 4760 διὰ
3315 4705 3412 4759 τοῦ
3459 4701 3730 4771 ἐπαγγέλ-

2155 4800 2363 4866 λεσθαι,
2398 4801 2522 4855 Ὀτι
2551 4797 2817 4871 χρηστὸς
2844 4800 2875 4852 ό
2913 4799 3118 4870 Κύριος
3139 4836 3155 4862 ,
3187 4797 3278 4851 ὅτι
3306 4798 3394 4863 είς
3418 4795 3529 4852 τὸν
3553 4793 3736 4849 αἰῶνα

479 4884 549 4941 τὸ
589 4887 762 4954 ἕλεος
785 4889 992 4945 αὐτοῦ.
1041 4891 1141 4949 Διὰ
1189 4893 1359 4947 ταῦτα
1409 4894 1540 4965 γὰρ,
1573 4895 1726 4966 φησὶ,
1754 4897 2055 4969 προθύμως
2117 4893 2549 4967 ἐξομολογεῖσθε,
2589 4895 2673 4952 ὅτι
2727 4893 2822 4947 καὶ
2853 4891 3018 4957 αὐτὸς
3049 4891 3268 4962 ἕτοιμός
3305 4891 3458 4945 ἐστιν
3503 4891 3586 4953 εἰς
3616 4887 3732 4960 φιλ·

482 4981 819 5053 ανθρωπίαν,
846 4983 1004 5049 εἰδὼς
1025 4985 1108 5044 ὅτι
1135 4986 1284 5041 ἐλέου
1305 4987 1475 5046 δεῖται
1502 4989 1571 5043 τὰ
1589 4989 1682 5042 τοῦ
1713 4989 2004 5054 ἐνεστῶτος
2032 4988 2228 5052 αἰῶνος
2256 4987 2554 5061 πράγματα
2578 4985 2748 5058 θνητά
2773 4985 2904 5038 ὄντα
2929 4984 3024 5038 καὶ
3058 4983 3320 5054 ἐπίκηρα.

554 5070 722 5127 Vsus.
741 5072 797 5127 6.
830 5073 1170 5131 Peccavimus
1197 5093 1312 5131 cum
1337 5077 1576 5147 patribus
1609 5081 1829 5145 nostris,
1858 5082 2056 5151 injuste

482 5163 706 5235 egimus,
737 5165 1066 5234 iniquitatem
1116 5168 1356 5238 fecimus.
1400 5167 1521 5226 Non
1554 5172 1679 5237 soli,
1702 5172 1897 5242 inquit,
1929 5187 2030 5243 pec

484 5257 765 5326 cavimus;
795 5259 892 5314 sed
917 5259 963 5315 si
995 5260 1119 5330 quis
1137 5261 1248 5332 jam
1273 5261 1397 5318 inde
1431 5277 1462 5316 a
1483 5263 1682 5334 priscis
1716 5265 2054 5335 temporibus

485 5351 750 5420 exploret,
772 5367 944 5422 genus
968 5360 1218 5407 nostrum
1273 5357 1512 5422 peccatis
1553 5371 1770 5426 semper
1809 5355 2053 5412 deditum

487 5438 660 5499 fuisse
681 5442 1068 5515 deprehendet.
1087 5443 1222 5498 Cum
1243 5445 1389 5498 enim
1417 5460 1448 5499 a
1469 5446 1653 5519 Moyse
1676 5456 1756 5502 tot
1788 5448 2054 5503 miracula

486 5532 799 5602 ederentur,
821 5552 932 5592 non
962 5536 1348 5591 intellexerunt
1367 5535 1507 5604 {sed
1542 5539 1776 5595 salutem
1812 5541 1980 5603 nacti,
2001 5549 2054 5594 et

490 5623 561 5680 ab
572 5623 949 5699 [Egyptiorum
975 5629 1235 5686 servitute
1266 5629 1499 5697 liberati,
1524 5646 1633 5686 non
1657 5638 2051 5706 cognoverunt,

559 5801 604 5836 “
639 5800 797 5863 Deut.
831 5819 906 5874 IX,
941 5806 1056 5867 Hi.

2234 5077 2598 5148 Ἠμάρτομεν
2640 5075 2792 5147 μετὰ
2817 5074 2938 5130 τῶν
2966 5073 3236 5143 πατέρων
3262 5072 3454 5144 ἡμῶν,
3506 5072 3731 5142 viromi-

2155 5188 2369 5242 σαμεν,
2390 5169 2789 5240 ἠδικήσαμεν.
2828 5167 2905 5223 Οὐ
2949 5166 3121 5238 μόνοι,
3157 5165 3342 5238 φησὶν,
3375 5164 3729 5236 ἡμάρτομεν·

2157 5263 2273 5322 ἀλλ’
2307 5261 2362 5316 εῐ
2387 5279 2474 5325 τις
2495 5261 2801 5328 ἐξετάσειεν
2823 5258 3029 5314 ἄνωθεν
3071 5258 3180 5313 ἀπὸ
3198 5255 3310 5310 τῶν
3342 5255 3579 5328 πρώτων
3611 5256 3732 5327 χρό-

2159 5372 2285 5420 νων,
2321 5353 2473 5427 εὖροι
2503 5353 2570 5407 ἂν
2613 5353 2701 5407 ἀεὶ
2751 5352 2846 5406 καὶ⁴
2875 5351 2942 5404 ὲκ
2988 5349 3083 5404 τοῦ
3115 5349 3314 5411 παντὸς
3353 5345 3731 5418 ἁμαρτητικὸν

2158 5446 2422 5515 τυγχάνον
2446 5445 2507 5498 τὸ
2537 5444 2806 5516 ἡμέτερον
2835 5443 3010 5512 γένος.
3061 5439 3341 5496 Τοσούτων
3381 5438 3494 5508 γὰρ
3524 5439 3731 5508 θαυμαο

2162 5539 2292 5592 σίων
2322 5537 2411 5592 διὰ
2442 5536 2721 5599 Μωῦσέως
2747 5531 3199 5604 ἐπιτελουμένων,
3220 5531 3282 5585 οὐ
3313 5530 3576 5600 συνῆκαν,
3597 5527 3734 5590 ἀλλὰ

2160 5630 2253 5684 καὶ
2283 5629 2554 5702 σωτηρίας
2575 5628 2850 5701 τυχόντες,
2886 5624 2981 5680 καὶ
3009 5624 3106 5696 τῆς
3133 5625 3226 5678 ὑπ’
3251 5621 3571 5694 Αἰγυπτίοις
3607 5619 3730 5679 60'4-
