4044 6212
293 250 432 310 ιδιε
1410 258 1918 330 COMMENTARIA
1960 274 2029 331 IN
2066 264 2410 336 PSALMOS.
3403 280 3549 344 tau

288 365 436 431 λείας
467 365 947 444 ἐλευθερωθέντες,
989 373 1089 433 οὐκ
1122 379 1386 448 ἔγνωσαν,
1419 385 1503 439 ὅτι
1551 387 1613 441 ού
1651 387 1741 443 διὰ
1766 388 1830 444 τὰ

1933 435 1940 454 λ
1968 394 2114 465 quod
2150 411 2260 451 non
2279 396 2509 467 justitiac
2530 412 2651 455 sua}
2673 412 2864 468 causa,
2896 405 3075 472 neque
3103 373 3248 474 quod
3300 404 3407 474 ipsi
3448 403 3547 462 Del

286 458 465 514 αὐτῶν
492 461 860 531 δικαιοσύνας,
882 468 1004 523 οὔτε
1030 469 1119 525 διὰ
1131 472 1192 525 τὸ
1220 470 1359 527 εἶναι
1394 479 1703 552 ἐπισκοπῆς
1726 480 1827 535 Θεο

296 549 373 567 ..η
539 554 712 567 -.μ
800 559 811 567 -
896 560 990 567 --Α

1968 458 2310 557 providentia
2354 488 2505 560 digni
2559 499 2786 557 essent,
2842 458 2938 550 sed
2986 458 3060 549 ob
3116 458 3546 567 magnitudinem

283 549 488 620 ἀξίους,
535 554 623 609 διὰ
666 556 723 611 δὲ
764 559 825 612 τὸ
854 560 1058 632 πλῆθος
1087 564 1181 618 τοῦ
1212 562 1398 633 ἐλέους
1447 569 1614 624 αὑτοῦ
1656 549 1830 628 τούτω

1966 577 2359 634 misericordiae
2390 579 2585 651 ipsius,
2627 580 2742 637 hinc
2768 583 3053 640 consecuti
3079 584 3211 641 sint.

279 646 636 718 τετυχήκασι.

355 738 422 789 Ol
460 738 708 808 πατέρες
747 742 915 812 ἡμῶν
949 743 1019 797 ἐν
1047 746 1322 816 Αἰγύπτῳ
1363 750 1435 804 οὐ
1481 749 1759 820 συνῆκαν
1788 753 1862 809 τὰ

278 822 583 893 θαυμάσιά
603 844 741 896 σου,
766 833 877 886 οὐκ
904 832 1299 903 ἐμνήσθησαν
1323 837 1430 892 τοῦ
1453 840 1727 910 πλήθους
1753 844 1859 899 τοῦ

275 914 489 984 ἐλέους
518 932 654 974 σου.
692 922 803 977 Kal
848 926 1300 995 παρεπίκραναν
1338 928 1767 1000 ἀναϐαίνοντες
1789 934 1861 990 ἐν

273 1004 354 1078 τῇ
398 1009 643 1081 Ἐρυθρᾷ
696 1015 1002 1089 θαλάσσῃ.
1062 1016 1247 1073 Ταῦτα
1300 1020 1403 1092 μὲν
1447 1022 1476 1075 ὁ
1522 1020 1629 1097 πρὸ
1664 1025 1855 1081 τούτου

273 1099 517 1174 διείληφε
550 1104 786 1179 ψαλμὺς,
826 1109 1155 1182 ἐπετέμνετο
1190 1112 1245 1166 δὲ
1280 1113 1443 1179 αὐτὸς
1477 1117 1572 1171 καὶ
1618 1117 1718 1184 τὰς
1763 1119 1856 1173 ἐπὶ

272 1193 375 1265 τῆς
407 1197 613 1269 ἐρήμου
638 1200 1112 1272 παραδοξοποιίας,
1149 1204 1314 1276 μηδὲν
1342 1211 1729 1281 κατηγορήσας
1758 1212 1853 1268 τοῦ

273 1285 424 1340 λαοῦ.
469 1289 526 1343 '0
570 1290 628 1344 δὲ
680 1291 871 1364 παρὼν
931 1294 1374 1367 ὲπαναλαμϐάνει
1432 1299 1530 1370 τὴν
1579 1301 1852 1375 διήγησιν,

272 1380 367 1434 καὶ
426 1382 607 1447 πάσας
668 1383 761 1438 τοῦ
828 1384 959 1438 λαοῦ
1025 1386 1127 1452 τὰς
1197 1388 1515 1457 δυσσεϐείας
1580 1395 1850 1460 διέξεισιν.

275 1471 431 1528 Ἐστι
457 1473 518 1527 δὲ
547 1475 641 1529 καί⁸
676 1477 705 1530 ό
748 1478 858 1541 πᾶς
890 1477 1045 1548 λόγος
1068 1478 1165 1533 τοῦ
1219 1482 1489 1539 Ἰουδαίων
1517 1484 1650 1540 λαοῦ
1682 1506 1852 1562 κατη-

269 1563 509 1636 γορικός.
567 1566 673 1621 Καὶ
718 1571 1170 1639 παρεπίκραναν
1200 1573 1627 1646 ἀναϐαίνοντες
1668 1579 1739 1634 ἐν
1774 1578 1852 1652 τῇ

2034 751 2203 809 Vsus.
2233 753 2286 819 7,
2311 753 2364 811 8.
2394 751 2586 810 Patres
2617 757 2787 812 nostri
2814 758 2871 812 in
2899 756 3132 831 JEgypto
3154 776 3257 816 non
3278 753 3545 817 intellexe-

1964 853 2090 899 runt
2118 846 2389 901 mirabilia
2427 857 2540 915 tua,
2586 865 2691 904 non
2730 848 2946 919 fuerunt
2998 868 3252 908 memores
3297 853 3545 909 multitu-

1962 932 2104 990 dinis
2136 937 2516 993 misericordiae
2556 948 2681 995 tuae.
2720 938 2786 994 Et
2818 942 3162 998 irritaverant
3206 945 3541 1002 ascendentes

1962 1023 2019 1078 in
2044 1040 2190 1079 mare
2212 1024 2467 1083 Rubrum.
2503 1025 2628 1083 Haec
2649 1028 2867 1100 quidem
2919 1032 3238 1102 praecedens
3293 1036 3543 1106 psalmus

1959 1117 2260 1183 enarravit,
2292 1119 2564 1175 mirabilia
2600 1135 2731 1176 vero
2763 1121 2818 1177 in
2869 1122 3088 1180 deserto
3132 1134 3348 1197 patrata
3385 1142 3541 1184 com-

1960 1209 2160 1278 pendio
2186 1210 2395 1275 retulit,
2430 1213 2748 1282 nullamque
2800 1215 2855 1269 in
2909 1217 3170 1287 populum
3230 1222 3539 1275 accusatio-

1958 1314 2085 1355 nem
2128 1301 2388 1357 instituit.
2426 1300 2526 1358 Hic
2572 1316 2704 1359 vero
2730 1306 2978 1376 psalmus
3009 1312 3235 1365 resumit
3265 1313 3539 1367 narratio-
3591 1326 3596 1331 ‘

1956 1407 2104 1457 nem,
2164 1407 2464 1465 omnesque
2522 1397 2708 1468 populi
2757 1397 3064 1466 impietates
3116 1413 3532 1460 commemorat.

1956 1479 2240 1553 Totusque
2278 1496 2461 1539 sermo
2479 1483 2722 1541 Judaicae
2744 1489 2925 1559 gentis
2969 1490 3254 1547 accusatio
3302 1500 3407 1550 est.
3462 1493 3534 1549 Et

1954 1574 2297 1629 irritaverant
2321 1574 2658 1632 ascendentes
2682 1578 2738 1632 in
2765 1596 2913 1634 mare
2939 1579 3172 1637 Rubrum
3194 1585 3273 1651 7°;
3308 1599 3434 1640 cum
3462 1587 3532 1641 ad

230 1680 237 1685 -
281 1655 525 1724 Ἐρυθρᾷ
545 1658 843 1730 θαλάσσῃ.
864 1662 1262 1733 Προσελθόντες
1290 1669 1498 1741 Μωῦσῇ
1524 1671 1617 1724 καὶ
1647 1662 1830 1744 φησαν

1954 1662 2200 1735 Moysem
2240 1666 2568 1723 accedentes
2599 1668 2846 1731 dicerent
2875 1686 2889 1722 :
2924 1670 3142 1727 Utinam
3168 1677 3369 1731 mortui
3391 1693 3533 1734 esse-

263 1758 378 1810 τες,
400 1748 656 1818 Ὄφελον
667 1751 786 1820 μὲν
798 1750 1177 1825 ἀπεθάνομεν
1190 1757 1260 1811 ἐν
1278 1757 1357 1829 τῇ
1373 1761 1669 1831 Αἰγύπτῳ,
1684 1762 1721 1833 ἦ
1737 1764 1830 1819 ἐπὶ

1946 1769 2063 1808 mus
2100 1754 2156 1808 in
2187 1753 2442 1826 ιΕθῃριο,
2468 1766 2561 1811 aut
2591 1758 2647 1813 in
2677 1764 2775 1815 Itac
2803 1762 3125 1819 solitudine!
3148 1773 3204 1821 et
3236 1782 3251 1822 :
3284 1768 3367 1822 An
3403 1771 3531 1839 quia

264 1836 375 1907 τῆς
393 1838 616 1910 ἐρήμου
627 1842 869 1911 ταύτης·
893 1847 1008 1911 καὶ,
1026 1848 1195 1917 Παρά
1216 1851 1282 1903 τὸ
1298 1851 1385 1921 μὴ
1399 1852 1549 1906 εἶναι
1568 1854 1830 1925 μνήματι

1951 1843 2196 1913 sepulcra
2230 1861 2334 1901 non
2365 1856 2520 1902 erant
2552 1850 2607 1903 in
2632 1849 2865 1922 ﬁgypto
2910 1855 3141 1912 eduxiin
3177 1876 3293 1925 nos,
3338 1836 3424 1915 uti
3445 1864 3530 1918 in-

262 1928 336 1982 ἐν
359 1932 657 2002 Αἰγύπτῳ,
706 1934 998 2005 ἐξήγαγες
1050 1938 1229 2008 ἡμᾶς,
1278 1943 1613 1998 θανατῶσαι
1654 1946 1727 1999 ἐν
1771 1946 1830 2015 τέ

1951 1935 2213 2004 terﬁceres
2246 1935 2302 1990 in
2339 1938 2673 1997 solitudine?
2704 1942 2848 2009 Quid
2888 1944 2986 2000 hoc
3015 1947 3190 2018 fecisti
3219 1951 3369 2006 nobis
3397 1954 3528 2009 edu-

260 2019 461 2090 ἐρήμῳ
477 2039 497 2087 ;
531 2024 593 2077 Τί
618 2024 797 2080 τοῦτο
826 2026 1123 2097 ἐποίησας
1152 2030 1298 2100 ἡμῖν
1322 2032 1629 2106 ἐξαγαγὼν
1655 2036 1727 2103 ἐξ
1748 2040 1830 2093 Al-

1948 2040 2068 2082 cens
2100 2042 2166 2082 ea:
2201 2027 2478 2100 {Egyptol
2506 2029 2697 2088 Nonne
2726 2033 2811 2089 hic
2857 2046 2974 2091 erat
3015 2055 3206 2106 sermo.
3237 2059 3388 2113 quem
3442 2047 3524 2101 lo-

254 2477 453 2549 ὲρήμφ
490 2483 697 2551 ταύτῃ.
733 2485 840 2538 Καὶ
868 2487 991 2540 ὅσον
1030 2489 1130 2559 μὲν
1170 2491 1255 2543 ἐπ’
1293 2491 1480 2555 αὐτοῖς
1520 2495 1715 2567 πικρὸν
1743 2498 1842 2551 αὐ-

254 2573 370 2631 τοῖς
391 2573 511 2631 ἀντὶ
534 2575 775 2646 χρηστοῦ
802 2576 893 2630 τὸν
917 2579 1049 2634 Θεὸν
1075 2584 1497 2654 κατεστήσαντο.
1547 2586 1604 2640 Ὀ
1627 2588 1685 2642 δὲ
1711 2589 1841 2657 ἀγα-

255 2665 346 2728 θὸς,
394 2663 533 2751 ,Θεὸς
592 2666 836 2723 πλουτῶν
882 2669 1018 2743 ἐλέῳ
1073 2674 1167 2729 καὶ
1216 2675 1614 2751 φιλανθρωπίᾳ,
1675 2679 1838 2736 πάλιν

252 2750 473 2815 ἔσωζεν
502 2757 727 2825 αὐτοὺς
757 2758 968 2814 ἕνεκεν
1003 2763 1109 2818 τοῦ
1156 2765 1448 2836 ὀνόματος
1482 2750 1689 2837 αὑτοῦ,
1725 2771 1835 2827 τοῦ

251 2847 536 2915 γνωρίσαι
566 2847 682 2917 τὴν
712 2848 1083 2907 δυναστείαν
1115 2855 1325 2911 αὐτοῦ·
1368 2858 1520 2924 ὅπως
1549 2860 1625 2934 μὴ
1658 2860 1831 2918 εἴπω-

252 2953 339 2991 σιν
376 2940 425 2992 οί
458 2940 696 3005 ἀσεϐεῖς,
732 2943 853 2998 Ποῦ
875 2943 1048 2999 ἐστιν
1074 2947 1103 2998 ὁ
1136 2947 1280 3016 Θεὸς
1308 2950 1537 3016 αὐτῶν;
1561 2952 1650 3007 διὰ
1676 2954 1834 3010 τοῦτο

249 3034 512 3103 παρεῖχεν
537 3033 721 3099 αὐτοῖς
748 3035 845 3090 καὶ
871 3036 992 3091 τότε
1026 3039 1126 3110 τὴν
1157 3043 1451 3114 σωτηρίαν,
1493 3047 1832 3119 πανταχόθεν

1945 2119 2058 2172 cuti
2096 2135 2279 2176 sumus
2317 2122 2389 2176 ad
2430 2130 2476 2177 te
2508 2123 2566 2178 in
2607 2123 2842 2197 Egypto
2867 2127 3097 2186 dicentes
3125 2148 3145 2188 :
3179 2130 3400 2190 Dimitte
3427 2153 3525 2193 nos

1943 2217 2004 2263 ut
2036 2212 2328 2266 serviamus
2359 2213 2673 2285 Egyptiis?
2704 2218 2897 2276 Melius
2923 2233 3005 2277 est
3050 2225 3188 2279 enim
3213 2244 3308 2282 nos
3330 2230 3529 2288 servire

1944 2299 2235 2373 sEgyptiis,
2266 2321 2426 2376 quam
2459 2310 2596 2363 mori
2616 2311 2672 2365 in
2718 2313 3005 2370 solitudine
3028 2316 3205 2375 hac".
3234 2318 3320 2385 Et,
3345 2336 3520 2393 quan-

1814 2398 1843 2472 ἦ
1942 2400 2055 2448 tum
2082 2395 2135 2449 in
2160 2395 2295 2467 ipsis
2322 2399 2541 2469 quidem
2578 2402 2745 2458 situm
2778 2414 2919 2472 erat,
2954 2406 3124 2464 Deum
3169 2410 3274 2467 sibi
3305 2428 3372 2469 ex
3403 2416 3519 2471 cle-

1941 2495 2123 2544 mente
2158 2491 2416 2547 acerbum
2452 2493 2781 2549 eﬂiciebant.
2814 2497 2885 2550 At
2927 2498 3106 2555 bonus
3133 2499 3301 2570 Deus,
3351 2504 3519 2561 mise-

1939 2579 2177 2636 ricordia
2224 2588 2280 2638 et
2319 2584 2745 2643 mansuetudine
2792 2585 2986 2654 dives,
3044 2605 3241 2647 rursus
3293 2593 3521 2651 salvavit

1936 2688 2025 2726 eos
2067 2682 2281 2742 propter
2320 2690 2512 2731 nomen
2546 2693 2736 2744 suum,
2777 2689 2837 2733 ut
2878 2689 3062 2736 notam
3100 2683 3297 2754 faceret
3331 2696 3517 2757 potetu-

1937 2764 2068 2818 tiam
2119 2781 2309 2830 suam;
2347 2780 2416 2821 ne
2462 2766 2618 2838 impii
2667 2768 2959 2827 dicerent:
2994 2770 3097 2828 Ubi
3142 2784 3223 2830 est
3258 2774 3401 2832 Deus
3426 2795 3517 2834 so~

1933 2856 2146 2911 rum"?
2174 2855 2301 2914 ideo
2342 2857 2479 2930 ipsis
2517 2861 2748 2918 salutem
2808 2872 2944 2921 tunc
3004 2864 3269 2939 impertiit
3302 2887 3317 2926 :
3348 2871 3517 2927 undi-

1934 2962 2042 3018 que
2064 2947 2188 3004 illos
2219 2948 2287 3005 ad
2314 2952 2544 3007 salutem
2580 2952 2934 3023 compellens.
2967 2955 3048 3011 llli
3073 2965 3255 3015 autem
3287 2959 3415 3017 victi
3443 2962 3517 3016 ad

1934 3040 2212 3096 modicum
2267 3050 2482 3114 tempus
2523 3045 2707 3102 verbis
2763 3047 2884 3117 eius
2932 3049 3310 3121 crediderunt,
3358 3066 3512 3125 post-

248 3122 448 3187 αὐτοὺς
493 3124 830 3181 συνελαύνων
874 3129 968 3183 ἐπὶ
1018 3130 1106 3203 τὴν
1140 3135 1418 3206 σωτηρίαν
1448 3136 1647 3194 αὐτῶν.
1684 3127 1745 3193 Ol
1771 3139 1829 3194 δὲ

1933 3146 2094 3205 quam
2126 3148 2279 3189 mare
2296 3132 2541 3190 Rubrum
2568 3132 2920 3194 transierant.

247 3213 561 3286 νικηθέντες
598 3218 735 3290 πρὸς
783 3220 882 3291 μὲν
921 3220 1099 3292 ὀλίγον
1133 3223 1462 3282 ἐπίστευσαν
1501 3232 1613 3295 τοῖς
1648 3230 1830 3301 λόγοις
1861 3224 2049 3291 αὐτοῦ,
2075 3224 2376 3291 διελθόντες
2393 3227 2494 3299 τὴν
2537 3228 2804 3302 Ἐρυθρὰν
2835 3230 3131 3288 θάλασσαν.

316 3308 426 3361 Καὶ
472 3308 796 3380 ἐπετίμησε
839 3311 911 3382 τῇ
953 3314 1195 3384 Ἐρυθρᾷ
1244 3317 1525 3391 θαλάσσῃ
1544 3363 1559 3388 ,
1604 3323 1703 3378 καὶ
1737 3323 1829 3389 ἐξ·

244 3397 498 3469 ηράνθη,
540 3397 644 3456 καί
683 3402 1002 3475 ὡδήγησεν
1031 3409 1255 3477 αὐτοὺς
1281 3411 1351 3465 ἐν
1370 3414 1620 3483 ἀϐύσσῳ
1651 3416 1731 3484 ὡς
1757 3416 1828 3471 ἐν

242 3490 458 3561 ἐρήμῳ.
516 3491 575 3546 '0
621 3493 951 3568 ἐπιτιμήσας
999 3500 1066 3571 τῇ
1126 3500 1363 3575 Ἐρυθρᾷ
1402 3503 1648 3580 θαλάσσῃ
1687 3508 1823 3562 πᾶσι

239 3584 374 3647 Θεὸς
404 3585 840 3659 ἀνωμολόγηται.
879 3592 944 3644 El
978 3589 1073 3646 οὖν
1105 3595 1203 3647 καὶ
1248 3596 1455 3667 Ἰησοῦς
1487 3598 1822 3675 κλονουμένῃ

239 3675 521 3733 ἐπιτάσσει
554 3681 623 3753 τῇ
655 3680 920 3754 θαλάσσῃ,
946 3686 1083 3739 πᾶσι
1105 3684 1238 3750 Θεὸς
1265 3688 1703 3763 ἀνωμολόγηται,
1733 3692 1820 3747 ἵνα

236 3768 303 3823 ὲκ
342 3771 637 3843 τρικυμίας
674 3773 708 3846 ἢ
747 3774 1016 3841 κλύδωνος
1043 3777 1251 3850 γαλήνη
1295 3781 1539 3852 γένηται.
1581 3783 1714 3850 Θεὸς
1744 3784 1821 3841 ὢν

235 3863 399 3927 αὐτὸς
440 3866 470 3916 ὁ
498 3866 832 3940 ἐπιτιμήσας
868 3871 933 3942 τῇ
976 3870 1214 3945 Ἐρυθρᾷ
1239 3872 1485 3949 θαλάσσῃ
1510 3876 1605 3930 καὶ
1631 3877 1822 3952 ξηραί-

236 3972 342 4008 νων
372 3952 561 4027 αὐτὴν,
591 3956 667 4021 ὡς
698 3958 1033 4032 διοδεύσιμον
1066 3964 1237 4036 αὐτὴν
1264 3966 1536 4034 γενέσθαι,
1576 3969 1675 4042 τὴν
1713 3970 1820 4025 πά-

234 4044 324 4098 λαι
350 4043 624 4100 θάλασσαν
651 4049 745 4102 καὶ
771 4051 1007 4109 ἄϐυσσον
1029 4054 1119 4109 διὰ
1146 4042 1206 4109 τὸ
1230 4055 1345 4111 τῶν
1371 4042 1577 4113 iam»
1611 4061 1816 4134 πλῆθος

234 4135 380 4190 οὕτω
403 4136 763 4212 καλουμένην.
1684 4134 1689 4139 ’

304 4228 415 4284 Καὶ
451 4229 647 4286 ἔσωσε
690 4234 911 4303 αὐτσὺς
960 4237 1029 4291 ἐκ
1076 4241 1274 4309 χειρὸς
1311 4241 1660 4314 μισοῦντος,
1714 4243 1814 4300 καὶ

233 4320 612 4392 ὲλυτρώσατο
633 4325 855 4394 αὐτοὺς
882 4328 950 4382 ἐκ
974 4333 1172 4399 χειρὸς
1199 4330 1435 4402 ἐχθροῦ.
1478 4333 1812 4406 Ἐκάλυψεν

231 4410 388 4482 ὕδωρ
420 4413 564 4481 τοὺς
607 4417 925 4486 θλίϐοντας
966 4420 1207 4489 αὐτοὺς,
1251 4415 1339 4493 εἷς
1370 4425 1441 4491 ἐξ
1465 4422 1665 4481 αὐτῶν
1695 4429 1810 4499 οὐχ

228 4507 581 4577 ὑπελείφθη.
621 4511 840 4584 Ζητήσῃ
874 4529 959 4576 τις
1002 4511 1069 4566 ἂν
1098 4515 1224 4588 περὶ
1249 4516 1357 4570 τῶν
1384 4519 1687 4590 ὲπιμίκτων
1712 4520 1809 4575 Al-

2004 3316 2169 3375 Vsns.
2189 3317 2243 3374 9.
2263 3316 2335 3372 Et
2354 3319 2617 3391 increpuit
2638 3338 2787 3377 mare
2811 3321 3071 3393 Rubrum,
3102 3337 3155 3383 et
3179 3331 3506 3390 exsiccatum

1924 3421 2027 3480 est,
2056 3421 2106 3467 et
2131 3411 2351 3467 deduxit
2375 3428 2464 3468 eos
2482 3416 2537 3468 in
2588 3414 2781 3486 abysso
2836 3422 2976 3474 sicut
3026 3421 3084 3475 in
3134 3422 3361 3484 deserto.
3395 3427 3505 3495 Qui

1924 3502 2200 3574 increpuit
2226 3518 2376 3558 mare
2408 3502 2681 3571 Rubrum,
2719 3508 2789 3563 ab
2821 3510 3078 3569 omnibus
3109 3511 3256 3571 Deus
3282 3515 3503 3577 habitus

1923 3602 1980 3651 et
2000 3595 2308 3653 declaratus
2359 3606 2466 3654 est.
2504 3596 2643 3654 Cum
2700 3616 2833 3673 ergo
2878 3601 3041 3662 Jesus
3099 3607 3307 3679 agitato
3360 3612 3501 3667 mari

1921 3685 2178 3756 imperat,
2220 3688 2363 3760 apud
2384 3703 2576 3746 omnes
2601 3690 2658 3745 in
2709 3692 2964 3750 confesso
2993 3694 3097 3752 fuit
3140 3698 3321 3770 ipsum
3373 3717 3500 3762 esse

1920 3773 2115 3844 Deum,
2148 3785 2210 3833 ut
2257 3794 2325 3835 ex
2365 3787 2690 3852 tempestate
2722 3791 2777 3838 et
2832 3787 3095 3856 procella,
3124 3792 3498 3862 tranquillitas

1918 3869 2233 3926 exsisteret.
2292 3871 2443 3929 Idem
2482 3873 2686 3945 quippe
2734 3874 2880 3933 Deus
2922 3886 3009 3934 est
3064 3881 3158 3952 qui
3192 3883 3499 3957 increpavit

1916 3976 2071 4018 mare
2100 3961 2350 4019 Rubrum
2374 3974 2428 4021 et
2451 3967 2751 4025 exsiccavit
2776 3969 2933 4035 illud,
2968 3971 3044 4026 ita
3070 3981 3132 4029 ut
3168 3980 3493 4046 pertransiri

1914 4065 2104 4133 posset
2135 4056 2211 4122 id,
2273 4058 2421 4127 quod
2465 4059 2597 4115 olim
2641 4061 2715 4118 ob
2757 4063 3164 4123 multitudinem
3226 4083 3493 4142 aquarum

1916 4161 2067 4203 mare
2093 4156 2148 4202 et
2170 4147 2403 4220 abyssus
2423 4150 2743 4210 vocabatur.

1988 4237 2150 4296 Vens.
2188 4242 2277 4305 10,
2304 4241 2392 4298 ii.
2426 4241 2499 4296 Et
2518 4246 2745 4299 salvavit
2771 4263 2861 4302 eos
2881 4247 2946 4303 de
2967 4265 3131 4304 manu
3165 4251 3413 4317 odientis,
3438 4265 3491 4310 et

1911 4334 2132 4389 redemit
2151 4350 2238 4389 eos
2264 4334 2329 4388 de
2354 4351 2515 4389 manu
2548 4337 2770 4394 inimici.
2801 4339 3022 4410 Operuit
3054 4360 3196 4414 aqua
3223 4346 3490 4402 tributari-

1911 4433 1987 4480 tes
2013 4443 2123 4492 eos,
2150 4442 2287 4481 unus
2315 4440 2383 4480 ea:
2414 4427 2490 4482 eis
2519 4444 2625 4483 non
2654 4432 2926 4486 remansit.
2951 4432 3169 4500 Quaerat
3188 4439 3486 4509 quispiam,

1909 4516 1978 4573 de
2000 4518 2331 4588 promiscuis
2382 4516 2660 4593 Egyptiis
2687 4521 2783 4593 qui
2830 4537 2983 4580 mare
3037 4528 3394 4595 transierunt,
3429 4538 3486 4585 et

228 4597 495 4666 γυπτίων,
521 4599 629 4653 τῶν
654 4600 972 4656 διελθόντων
1002 4603 1099 4677 τὴν
1131 4604 1423 4671 θάλασσαν,
1472 4611 1564 4664 καὶ
1596 4613 1676 4676 εἰς
1706 4611 1807 4685 τὴν

1933 4625 2020 4666 ma
2049 4626 2174 4666 eum
2204 4613 2407 4685 populo
2443 4614 2501 4668 in
2546 4613 2766 4671 deserto
2820 4617 3203 4674 versabantur.
3241 4619 3342 4677 Cui
3390 4638 3484 4680 re-

229 4686 433 4758 ῑερημον
455 4688 569 4758 ἅμα
591 4689 670 4761 τῷ
696 4690 809 4762 λαῷ
832 4693 1162 4765 γενομένων.
1193 4695 1335 4768 Πρὸς
1358 4697 1416 4750 ὃν
1439 4700 1690 4773 ἐροῦμεν,
1718 4703 1803 4757 ὅτι

230 4777 303 4849 μὴ
330 4777 440 4832 τῶν
473 4778 761 4834 θλιϐόντων
796 4776 936 4853 ἦσαν
982 4783 1074 4837 τὸν
1121 4785 1354 4858 Ἰσραήλ.
1412 4789 1547 4862 Περὶ
1593 4792 1650 4846 δὲ
1694 4793 1803 4849 τῶν

227 4868 511 4924 θλιϐόντων
537 4870 723 4944 εἴρητο
745 4873 826 4939 τὸ,
857 4868 962 4942 Εἷς
986 4875 1055 4941 ἐξ
1081 4875 1283 4931 αὐτῶν
1310 4882 1423 4951 οὐχ
1447 4884 1799 4956 ὑπελείφθη.

237 4962 295 5017 ⁸0
312 4964 371 5018 δὲ
399 4966 687 5038 ὲπίμικτος
716 4969 845 5035 λαὸς
870 4971 1169 5042 Αἰγύπτιος
1199 4974 1299 5046 μὲν
1324 4970 1415 5047 ἦν,
1446 4979 1717 5035 πιστεύων
1742 4982 1802 5036 δὲ

224 5059 342 5121 ταῖς
366 5059 645 5125 Μωῦσέως
681 5067 906 5131 φωναῖς,
936 5067 1208 5138 σωτηρίας
1237 5068 1445 5140 ἔτυχεν.

292 5150 401 5204 Kal
428 5150 803 5211 ἐπίστευσαν
826 5156 908 5223 τῷ
934 5160 1096 5229 λόγῳ
1125 5159 1336 5224 αὐτοῦ,
1367 5160 1464 5215 καί
1491 5155 1655 5235 ἦσαν
1685 5164 1801 5236 τὴν

1910 4703 2327 4774 spondebimus,
2357 4720 2455 4763 eos
2496 4699 2608 4762 non
2666 4722 2732 4764 ex
2774 4723 3007 4765 numero
3056 4714 3481 4783 opprimentium

1909 4795 2164 4851 lsraelem
2217 4796 2408 4855 fuisse.
2443 4796 2520 4855 De
2571 4800 2959 4859 tribulantibus
3032 4812 3214 4861 autem
3271 4806 3481 4864 dictum

1907 4896 1995 4944 est
2024 4904 2037 4940 :
2075 4886 2223 4945 Unus
2249 4906 2315 4946 ea:
2340 4892 2417 4947 eis
2451 4909 2555 4947 non
2606 4897 2901 4950 remansit.‘
2945 4895 3304 4957 Promiscuus
3349 4918 3480 4958 vero

1908 4978 2166 5049 populus,
2188 4977 2481 5054 Egyptius
2506 4982 2729 5053 quidem
2781 4993 2921 5052 erat,
2949 4986 3047 5041 sed
3096 5001 3224 5043 cum
3273 4986 3480 5060 Moysis

1902 5070 2132 5127 vocibus
2156 5072 2425 5137 crederet,
2460 5073 2693 5130 salutem
2729 5082 2814 5131 est
2836 5085 3191 5135 consecutus.

1971 5160 2141 5221 Vens.
2186 5163 2274 5229 l2,
2303 5163 2391 5221 l5.
2418 5162 2486 5220 Et
2518 5165 2852 5221 crediderunt
2879 5169 3034 5224 verba
3052 5169 3191 5239 ejus,
3214 5179 3267 5225 et
3289 5179 3476 5225 canta.

220 5242 455 5297 αῖνεσιν
494 5245 701 5302 αὐτοῦ.
761 5249 1112 5321 Ἐτάχυναν,
1146 5252 1530 5309 ’ἐπελάθοντο
1558 5255 1676 5311 τῶν
1702 5257 1803 5328 ἔρα

1933 5264 2081 5310 erunt
2131 5254 2342 5311 laudem
2386 5256 2524 5328 ejus.
2547 5255 2667 5313 Cito
2713 5259 2970 5328 fecerunt,
3001 5260 3155 5316 obliti
3191 5271 3316 5316 sunt
3353 5277 3472 5329 ope-

219 5352 332 5405 φων
374 5335 581 5402 αὐτοῦ,
623 5340 741 5411 οὐχ
788 5341 1120 5413 ὑπέμειναν
1154 5345 1271 5415 τὴν
1305 5344 1553 5417 ,ϐουλὴν
1585 5349 1793 5406 αὐτοῦ.

1933 5364 2016 5402 um
2046 5349 2182 5418 ejus,
2222 5364 2346 5404 ‘non
2390 5351 2757 5408 sustinuerunt
2813 5353 3094 5409 consilium
3149 5354 3286 5423 ejus.
3329 5351 3470 5408 Cum

219 5428 320 5483 Σὺν
342 5428 419 5500 τῷ
444 5429 652 5504 Μωῦσῇ
677 5433 772 5488 καὶ
804 5434 1017 5508 Ἀαρὼν
1043 5435 1141 5511 τὴν
1159 5436 1302 5511 ᾠδὴν
1329 5439 1428 5513 τὴν
1451 5440 1511 5494 ὲν
1534 5442 1600 5513 τῇ
1629 5440 1793 5514 ἐξόδῳ

1933 5439 2085 5512 luyse
2129 5448 2182 5496 et
2209 5440 2390 5498 Aaron
2415 5443 2470 5499 in
2491 5446 2638 5501 exitu
2664 5446 2943 5501 canticum
2994 5445 3343 5511 cecinerunt;
3370 5445 3470 5500 sed

219 5521 528 5592 παραυτίκα
543 5523 640 5577 καὶ
651 5527 994 5600 παραχρῆμα
1019 5529 1478 5603 μεταϐαλλόμενοι
1502 5533 1787 5605 ὲτάχυναν,

1937 5533 2304 5605 uamprimum
2328 5543 2385 5595 et
2432 5538 2618 5596 statim
2642 5540 2933 5607 immutati,
2972 5538 3127 5596 obliti
3171 5545 3301 5594 sunt
3336 5551 3474 5610 opo-

217 5612 536 5669 ἐπελάθοντο
565 5618 673 5673 τῶν
694 5618 871 5691 ἔργων
897 5621 1083 5676 αὑτοῦ.

1933 5641 2015 5681 um
2042 5625 2189 5697 ejus.
3352 5650 3355 5655 '

283 5732 327 5764 "
362 5731 526 5792 Num.
558 5751 670 5803 xxv,
704 5735 756 5791 5.
833 5738 876 5771 “
919 5737 1089 5797 Exod.
1128 5757 1240 5809 xiv,
1277 5741 1362 5810 ll,
1400 5742 1488 5801 ιε.
1564 5744 1611 5777 ⁷¹
1650 5742 1796 5799 Psal.

1933 5758 2006 5814 ιι,
2042 5745 2131 5803 ib.
