4044 6212
539 220 683 280 1315

1241 206 1508 277 EUSEBII
1539 204 2018 277 cassmsn'srs
2043 199 2195 274 o‘P‘r.
2233 200 2414 274 psus
2451 199 2540 274 nl.
2570 249 2640 260 —
2671 200 3079 274 EXECE’I‘ICA.

3645 224 3788 285 1516

613 321 780 396 Vens.
823 328 1011 395 1348.
1050 337 1118 392 Et
1149 339 1528 408 concupierunt
1553 338 2029 412 concupiscentiam
2057 337 2111 390 in

2286 338 2396 392 Kal
2442 338 2831 408 ἐπεθύμησαν
2876 337 3198 408 ἐπιθυμίαν
3231 337 3302 393 ἐν
3328 337 3404 407 τῇ
3431 339 3650 412 ἐρήμῳ,
3693 346 3796 401 καὶ

541 424 772 495 deserto,
801 441 851 486 et
878 440 1207 486 tentaverunt
1262 430 1432 485 Deum
1463 432 1518 485 in
1558 431 1833 501 inaquoso.
1871 427 1938 482 Et
1972 428 2116 483 dedit

541 526 618 580 eis
647 524 951 594 petitionem
983 524 1239 592 ipsorum,
1259 535 1308 578 et
1347 524 1496 576 misit
1540 521 1878 577 saturitatem
1911 522 1967 575 in
2004 525 2117 575 ani-

541 634 660 672 mas
686 632 890 672 eorum.
922 614 992 669 Et
1031 616 1372 670 irritaverant
1421 607 1644 686 Moysen
1685 615 1741 668 in
1774 614 1991 680 castris,
2013 613 2117 666 Aa-

541 725 662 775 ron,
686 717 927 763 sanctum
960 707 1192 763 Domini.
1218 707 1450 773 Quando
1483 715 1832 762 tentaverunt
1854 705 2022 762 Deum
2059 706 2114 760 in

543 801 833 872 inaquoso,
855 801 960 856 etsi
1010 799 1402 855 tentationibus
1461 799 1551 853 ille
1597 813 1707 852 non
1759 806 1960 868 pateat.
1988 813 2114 852 cum

543 893 871 963 injuriarum
901 891 1188 946 immemor
1216 891 1308 954 sit,
1346 905 1456 944 non
1489 890 1636 944 ultus
1686 904 1804 952 eos,
1841 888 1990 944 dedit
2033 888 2114 942 eis

541 984 857 1056 petitionem
894 984 1158 1054 ipsorum.
1183 974 1325 1048 Quin
1366 981 1529 1036 etiam
1568 996 1694 1035 cum
1723 981 2115 1036 exacerbarent

540 1091 666 1132 eum
697 1075 1057 1132 ascendentes
1102 1073 1158 1128 in
1207 1080 1359 1126 mare
1406 1071 1677 1137 Rubrum,
1707 1080 1840 1126 tunc
1874 1072 2116 1127 ostendit

539 1168 623 1224 eis
652 1165 948 1230 potentiam
981 1178 1136 1219 suam
1172 1169 1187 1216 ‘:
1217 1177 1341 1217 cum
1365 1169 1547 1217 autem
1580 1161 1934 1216 irritaverant
1966 1159 2117 1232 Moy-

540 1275 638 1316 sen
667 1266 722 1314 et
750 1258 933 1312 Aaron
968 1258 1026 1312 in
1079 1257 1298 1321 castris,
1321 1265 1456 1311 tunc
1509 1263 1700 1326 aperta
1755 1261 1840 1310 est
1867 1262 2034 1316 terra,
2060 1261 2116 1307 et

539 1352 826 1424 deglutivit
853 1366 949 1406 eos
984 1369 997 1405 :
1030 1365 1139 1406 non
1162 1349 1448 1420 oportebat
1469 1347 1617 1403 enim
1650 1345 1886 1400 famulos
1938 1345 2114 1416 ipsius

539 1444 839 1500 contemni.
876 1441 984 1497 Sed
1042 1442 1172 1512 quia
1229 1440 1447 1496 bonitas
1493 1438 1549 1494 et
1625 1437 1892 1493 severitas
1945 1452 2114 1507 penes

540 1536 696 1589 illum
724 1540 882 1600 sunt,
914 1532 1091 1603 primo
1115 1531 1506 1602 benignitatem
1532 1529 1779 1584 exhibuit
1806 1529 1954 1597 illis;
1987 1545 2113 1601 cum

540 1633 725 1682 autem
770 1625 906 1680 nihil
960 1624 1248 1696 prodesset
1302 1623 1402 1686 eis,
1431 1630 1834 1692 consequenter
1862 1621 2111 1676 ultricem

2219 429 2548 499 ἐπείρασαν
2588 432 2696 486 τὸν
2736 431 2888 486 Θεὸν
2927 431 2996 485 ὲν
3025 425 3279 500 ἀνύδρῳ.
3312 431 3421 486 Kal
3451 432 3674 488 ἔδωκεν
3700 441 3802 492 αὺ-

2222 525 2344 592 τοῖς
2380 524 2447 580 τὸ
2493 525 2711 595 αἴτημα
2749 524 2969 590 αὐτῶν,
3007 517 3396 589 ἐξαπέστειλε
3431 528 3802 598 πλησμονὴν

2217 619 2308 684 εις
2331 617 2439 682 τὰς
2466 614 2670 686 ψυχὰς
2700 615 2918 671 αὐτῶν.
2951 619 3061 671 Καὶ
3093 615 3454 686 παρώξυναν
3484 619 3593 672 τὸν
3630 620 3805 676 Hui)-

2219 707 2346 776 σῆν
2391 707 2462 760 ὲν
2510 706 2586 776 τῇ
2635 707 3002 776 παρεμϐολῇ,
3053 707 3161 762 τὸν
3216 707 3448 777 Ἀαρὼν,
3483 710 3595 763 τὸν
3627 711 3806 782 ἅγιον

2219 795 2464 868 Κυρίου.
2496 799 2624 852 Ὅτε
2678 798 2776 870 μὲν
2818 800 2910 853 τὸν
2945 799 3077 853 Θεὸν
3119 799 3413 872 ἐπείρασαν
3455 802 3514 854 ὲν
3560 802 3801 875 ἀνύδρῳ,

2219 877 2570 962 ἀπείραστος,
2601 887 2677 942 ὢν
2707 889 3105 961 ἁμνησίκακος,
3148 891 3247 944 οὐκ
3287 891 3666 962 ἀμειψάμενος
3709 895 3806 948 αὐ.

2218 980 2346 1042 τοὺς
2376 979 2574 1032 ἔδωκεν
2604 975 2788 1045 αὐτοῖς
2819 981 2880 1034 τὸ
2913 980 3122 1052 αἴτημα
3144 980 3344 1034 αὐτῶν.
3394 971 3555 1035 Ἀλλὰ
3586 983 3689 1036 καὶ
3716 985 3803 1038 ὅτε

2221 1062 2640 1144 παρεπίκραναν
2671 1072 3050 1138 ἀναϐαίνοντες
3079 1074 3136 1127 ἐν
3164 1077 3230 1146 τῇ
3266 1074 3498 1146 Ἐρυθρᾷ
3527 1075 3802 1150 Θαλάσσῃ,

2220 1166 2316 1219 καὶ
2340 1163 2462 1219 τότε
2495 1165 2790 1237 ἐγνώρισεν
2814 1167 2998 1230 αὐτοῖς
3021 1167 3121 1238 τὴν
3141 1166 3458 1220 δυναστείαν
3487 1167 3678 1221 αὐτοῦ’
3715 1170 3803 1222 ὅτε

2217 1257 2276 1312 δὲ
2307 1258 2664 1330 παρώργισαν
2692 1251 2782 1312 τὸν
2809 1259 3049 1330 Μωῦσῆν
3093 1259 3186 1312 καὶ
3226 1259 3319 1312 τὸν
3369 1259 3577 1329 Ἀαρὼν
3626 1263 3693 1314 ἐν
3739 1263 3804 1333 τῇ

2219 1349 2560 1421 παρεμϐολῇ.
2608 1349 2669 1403 τὸ
2711 1350 3015 1420 τηνικαῦτα
3062 1349 3286 1421 ἠνοίχθη
3317 1350 3351 1422 ἡ
3387 1353 3477 1422 γῆ,
3506 1351 3599 1405 καὶ
3630 1353 3808 1407 κατέ-

2220 1458 2343 1495 πιεν
2369 1442 2585 1507 αὐτούς·
2617 1442 2718 1496 οὐκ
2746 1442 2853 1496 ἔδει
2891 1443 2999 1515 γὰρ
3045 1444 3520 1516 καταφρονηθῆναι
3550 1446 3678 1509 τοὺς
3722 1444 3809 1498 es-

2221 1533 2516 1607 ράπὸντας.
2572 1529 2734 1588 Ἀλλὰ
2783 1536 2879 1589 καὶ
2922 1529 3154 1606 ἐπείπερ
3192 1526 3497 1608 χρηστότης
3540 1537 3657 1590 ἐστὶ
3704 1538 3808 1591 καὶ

2220 1624 2492 1696 ἀποτομία
2523 1625 2647 1697 παρ’
2671 1625 2840 1696 αὐτῷ,
2875 1625 3068 1697 πρῶτα
3099 1625 3166 1679 τὰ
3191 1625 3290 1696 τῆς
3319 1627 3690 1696 χρηστότητος
3719 1627 3808 1679 ab—

541 1717 808 1773 medelam
849 1717 986 1787 ipsis
1032 1715 1286 1780 adhibet;
1319 1727 1488 1783 quare
1535 1711 1725 1767 subdit
1754 1730 1768 1767 :
1797 1711 2000 1782 Aperta
2032 1718 2111 1766 est

2216 1720 2325 1782 τοῖς
2350 1713 2676 1791 παρέσχετοο
2709 1711 2784 1782 ὡς
2817 1716 2875 1771 δὲ
2900 1719 3002 1770 οὐκ
3031 1715 3237 1772 ὤναντο
3258 1717 3324 1771 δι’
3354 1719 3545 1790 αὐτῆς,
3582 1718 3806 1772 ἀκολού-

543 1818 706 1872 terra,
753 1817 803 1875 et
836 1806 1111 1876 deglutivit
1161 1803 1399 1870 Dathan,
1421 1812 1471 1858 et
1520 1803 1725 1872 operuit
1771 1818 1927 1872 super
1959 1811 2116 1871 caput

541 1901 764 1955 Abiron.
811 1898 879 1952 Et
901 1898 1102 1952 exarsit
1132 1896 1268 1966 ignis
1295 1896 1349 1948 in
1370 1911 1637 1966 synagoga
1659 1911 1860 1962 eorum,
1893 1895 2116 1964 ﬂamma

540 1990 828 2045 combussit
877 1997 1198 2058 peccatores.
1249 1984 1474 2057 Moysen
1524 1987 1708 2056 itaque
1759 1984 2117 2040 irritaverunt

543 2082 755 2135 Dathan
778 2089 830 2135 et
858 2079 1064 2134 Abiron
1085 2078 1332 2134 dicentes
1373 2096 1388 2133 :
1431 2075 1577 2130 Num
1612 2074 1789 2147 Moysi
1819 2076 1922 2131 soli
1965 2073 2117 2131 locu-

542 2183 627 2227 tus
657 2180 736 2228 est
770 2171 931 2238 Deus,
973 2184 1142 2224 nonne
1179 2170 1339 2224 etiam
1383 2168 1635 2224 nobis"?
1672 2171 1944 2224 Aaronem
1988 2184 2118 2224 vero

538 2265 683 2322 Core
712 2272 769 2319 et
794 2273 972 2319 cattus
1022 2262 1192 2329 illius,
1240 2263 1422 2332 ignem
1465 2261 1730 2327 alienum,
1758 2269 1813 2317 et
1847 2261 2117 2316 sacriﬁcia

539 2356 653 2414 Deo
678 2357 800 2412 loco
830 2354 1182 2412 sacerdotum
1197 2353 1396 2409 oll‘erre
1418 2351 1560 2418 ausi,
1603 2352 1979 2408 irritaverunt.
2009 2350 2117 2407 Sed

537 2463 636 2505 eos
659 2448 752 2520 qui
774 2454 967 2503 contra
993 2444 1218 2518 Moysen
1240 2444 1410 2499 locuti
1441 2435 1681 2508 fuerant,
1711 2441 1923 2497 Dathan
1964 2441 2116 2498 scili-

539 2548 630 2597 cet
652 2555 778 2596 cum
811 2542 931 2595 toto
963 2552 1162 2610 genere
1188 2551 1291 2592 suo
1323 2534 1510 2601 hians,
1535 2541 1683 2591 terra
1725 2535 2029 2606 deglutivit,
2061 2543 2116 2591 et

539 2633 759 2706 operuit
814 2646 982 2702 super
1027 2619 1510 2701 congregationem
1550 2627 1791 2694 Abiron;
1825 2625 1967 2682 Core
2013 2641 2112 2681 au-

537 2734 648 2782 tem
679 2727 735 2780 et
755 2739 852 2781 eos
879 2723 972 2794 qui
1005 2737 1131 2792 cum
1162 2720 1257 2776 illo
1285 2720 1509 2776 incensa
1541 2733 1638 2775 sua
1663 2713 1902 2774 oblaturi
1931 2729 2112 2787 erant,

535 2817 755 2887 ﬂamma
783 2813 850 2869 de
881 2809 1234 2868 tabernaculo
1267 2810 1524 2882 prodiens
1544 2809 1870 2864 combussit.

2219 1809 2328 1874 θως
2360 1808 2682 1882 καταλλήλῳ
2730 1806 3054 1881 μετέρχεται
3093 1807 3288 1874 αὐτοὺς
3328 1810 3610 1881 φαρμάκῳ
3647 1809 3806 1864 κολα·

2222 1893 2445 1972 στηρίφ·
2497 1901 2773 1971 Ἠνοίχθη
2807 1901 2846 1969 ἡ
2879 1899 2981 1970 γῆ,
3016 1901 3114 1955 καὶ
3152 1899 3394 1955 κατέπιε
3436 1903 3658 1968 Δαθὰν,
3707 1902 3806 1956 και

2219 1989 2532 2061 ἐκάλυψεν
2569 1990 2668 2045 ἐπὶ
2713 1986 2829 2060 τὴν
2895 1990 3176 2062 κεφαλὴν
3225 1991 3508 2059 Ἀϐειρών.
3552 1993 3665 2045 Kal
3707 1991 3799 2054 ἐξ-

2226 2085 2453 2152 εκαύθη
2479 2083 2598 2152 πῦρ
2629 2084 2699 2137 ἑν
2733 2077 2809 2152 τῇ
2846 2082 3168 2154 συναγωγῇ
3188 2082 3404 2146 αὐτῶν,
3434 2081 3596 2150 φλὸξ
3632 2080 3804 2137 κατέ-

2220 2171 2447 2244 φλεξεν
2473 2177 2880 2246 ἁμαρτωλούς.
2916 2171 3158 2247 Μωῦσῆν
3191 2175 3289 2247 μὲν
3317 2171 3409 2229 οὖν
3440 2173 3801 2247 παρὼργισαν

2222 2258 2273 2322 οἱ
2304 2263 2432 2336 περὶ
2468 2269 2643 2323 Δαθὰν
2688 2269 2784 2322 καὶ
2835 2267 3095 2340 Ἀϐειρὼν
3123 2269 3387 2332 εἰπόντες⁴
3417 2267 3516 2336 Μὴ
3562 2269 3807 2322 Mori?an

2213 2357 2380 2426 μόνῳ
2416 2356 2760 2427 λελάληκεν
2801 2360 2834 2413 ὁ
2877 2358 3042 2426 Θεὸς,
3089 2358 3227 2429 οὐχὶ
3277 2359 3377 2413 καὶ
3409 2359 3588 2429 mir;
3623 2360 3720 2412 τὸν
3745 2361 3802 2414 δὲ

2231 2439 2440 2521 ’Δαρὼν
2467 2449 2616 2522 Κορὲ
2648 2451 2742 2504 καὶ
2767 2452 2801 2522 ἠ
2845 2451 3137 2523 συναγωγὴ
3175 2449 3340 2506 αὐτοῦ
3371 2450 3483 2523 πῦρ
3520 2451 3802 2524 ἀλλότριον

2217 2545 2610 2613 προσαγαγεῖν,
2640 2543 2735 2596 καὶ
2761 2541 2952 2607 θυσίας
2976 2543 3054 2615 τῷ
3079 2543 3198 2615 Θεῷ
3218 2546 3276 2598 ὲν
3302 2543 3456 2616 χώρᾳ
3477 2543 3587 2597 τῶν
3609 2544 3802 2615 ἱερέων

2217 2631 2608 2704 τολμήσαντες,
2639 2632 3182 2706 mpsim-rsz
3205 2635 3332 2701 τοὺς
3371 2637 3476 2707 μὲν
3502 2635 3806 2708 καταλαλῇ

2221 2739 2424 2788 causa;
2445 2723 2542 2779 τοῦ
2563 2725 2862 2792 Μωῦσέως,
2888 2726 2980 2780 τὸν
2996 2726 3176 2780 Δαθάν
3203 2729 3468 2798 παγγενεί
3490 2727 3812 2798 ἀνοιχθεῖσα

2216 2816 2252 2885 ἡ
2282 2815 2353 2887 γῆ
2377 2817 2624 2881 κατέπιε,
2649 2818 2743 2871 καὶ
2761 2817 3028 2889 ἐκάλυψεν
3052 2820 3145 2873 ἐπὶ
3168 2819 3267 2891 τὴν
3283 2821 3607 2891 συναγωγὴν
3635 2820 3804 2872 Ἀϐειδ

537 2911 666 2985 ρῶν·
704 2906 796 2963 τὸν
849 2908 906 2962 δὲ
949 2906 1095 2976 Κορὲ
1145 2905 1238 2960 καὶ
1287 2905 1416 2969 τοὺς
1441 2903 1542 2958 σὺν
1559 2901 1709 2975 αὗτῷ
1732 2903 2029 2975 μέλλοντας
2058 2909 2389 2982 προσφέρειν
2428 2915 2499 2965 τὰ
2548 2911 2885 2986 θυμιατήρια
2925 2913 3105 2967 αυτῶν
3151 2914 3284 2984 φλὸξ
3321 2915 3431 2969 ἀπὸ
3459 2916 3560 2987 τῆς
3586 2915 3802 2988 σκηνῆς

538 3006 878 3083 προελθοῦσα
915 3001 1270 3073 κατέφλεξεν.

607 3100 777 3156 Vens.
814 3098 995 3155 19-31.
1045 3095 1116 3152 Et
1149 3096 1387 3166 fecerunt
1442 3095 1668 3150 vitulum
1711 3097 1767 3166 in
1815 3095 2038 3161 Cltoreb,
2056 3104 2107 3153 et

2278 3096 2389 3152 Kal
2418 3096 2718 3166 ἐποίησαν
2743 3090 2983 3168 μόσχον
3006 3097 3077 3151 ἐν
3099 3096 3325 3167 Χωρὴϐ,
3362 3098 3466 3152 καὶ
3491 3105 3800 3168 προσεκύέ

535 3195 894 3251 adoraverunt
935 3189 1201 3260 sculptile,
1225 3198 1275 3244 et
1317 3197 1652 3242 mutaverunt
1685 3189 1915 3259 gloriam
1955 3205 2112 3243 suam

536 3290 596 3344 in
643 3283 1046 3342 similitudinem
1081 3282 1230 3338 vituli
1295 3280 1615 3337 comedentis
1684 3281 1883 3352 fenum.
1946 3279 2113 3336 Obliti

536 3387 662 3434 sunt
712 3377 881 3432 Deum
920 3378 1012 3448 qui
1080 3374 1302 3430 salvavit
1356 3389 1466 3438 eos,
1502 3373 1593 3443 qui
1625 3372 1750 3442 fecit
1800 3389 1993 3442 magna
2054 3374 2112 3426 in

536 3470 792 3544 Egypto,
819 3469 1088 3524 mirabilia
1117 3469 1172 3522 in
1203 3478 1346 3522 terra
1371 3464 1560 3532 Citam,
1588 3465 1850 3519 terribilia
1879 3467 1933 3520 in
1973 3466 2110 3519 mari

535 3564 735 3619 Rubro.
779 3561 847 3616 Et
867 3563 1006 3616 dixit
1050 3571 1106 3615 ut
1144 3559 1466 3630 disperderet
1495 3575 1613 3624 vos,
1644 3558 1749 3613 nisi
1784 3557 1992 3629 Moyses
2013 3559 2112 3612 ele-

536 3668 654 3711 ctus
676 3656 792 3726 ejus
818 3655 1070 3717 stetisset,
1103 3653 1158 3706 in
1182 3651 1543 3721 confractione
1573 3651 1626 3704 in
1668 3661 1943 3719 conspectu
1966 3651 2104 3719 ejus,

540 3759 598 3802 ut
624 3757 876 3803 averteret
892 3749 1032 3800 iram
1054 3746 1166 3817 ejus
1184 3763 1246 3800 ne
1263 3743 1582 3814 disperderet
1611 3761 1721 3810 eos,
1747 3753 1796 3797 et
1819 3759 1912 3812 pro
1945 3743 2109 3796 nihilo

543 3841 840 3895 habuerunt
888 3848 1084 3894 terram
1130 3835 1555 3892 desiderabilem.
1606 3834 1729 3889 Non
1773 3835 2110 3889 crediderunt

537 3931 690 3986 verbo
718 3931 858 4000 ejus,
889 3938 939 3984 et
974 3936 1436 3983 murmuraverunt
1484 3928 1538 3981 in
1571 3925 1925 3980 tabernaculis
1971 3926 2106 3990 suis,

539 4041 646 4080 non
677 4023 1029 4078 exaudierunt
1058 4037 1232 4076 vocem
1273 4020 1511 4075 Domini.
1545 4018 1614 4073 Et
1648 4018 1864 4073 elevavit
1893 4033 2110 4071 manum

536 4133 692 4172 suam
725 4097 882 4185 super
907 4131 1016 4179 eos,
1043 4122 1102 4166 ut
1125 4121 1476 4182 prosterneret
1505 4128 1593 4166 eos
1634 4112 1689 4164 in
1717 4109 1942 4176 deserto,
1972 4119 2022 4164 et
2052 4117 2109 4164 ut

535 4208 783 4280 dejiceret
807 4222 982 4262 semen
1003 4219 1184 4260 eorum
1235 4202 1290 4258 in
1333 4201 1658 4268 nationibus,
1690 4210 1740 4255 et
1790 4199 2108 4272 dispergeret

533 4319 623 4358 eos
652 4303 707 4356 in
759 4298 1082 4371 regionibus.
1139 4295 1212 4350 Et
1264 4295 1464 4349 initiati
1522 4303 1642 4348 sunt
1681 4293 2018 4364 Beelpltegor,
2057 4302 2107 4348 et

533 4395 868 4452 comederunt
912 4391 1183 4462 sacriﬁcia
1234 4396 1587 4443 mortuorum.
1641 4385 1711 4442 Et
1748 4388 2107 4462 irritaverant

2218 3207 2418 3259 νησαν
2442 3190 2523 3258 τῷ
2545 3189 2811 3262 τλυπτῷ,
2835 3192 2934 3246 καὶ
2960 3188 3306 3260 ἠλλάξαντο
3331 3192 3449 3261 τὴν
3472 3193 3663 3260 δόξαν
3693 3199 3802 3252 αὐ-

2216 3282 2322 3338 τοῦ
2342 3284 2412 3337 ἐν
2432 3277 2747 3354 ὁμοιώματι
2765 3283 3004 3354 μόσχου
3027 3285 3339 3351 ἐσθίοντος
3361 3287 3602 3355 χόρτον.
3646 3289 3805 3344 Ἐπε-

2216 3370 2472 3430 λάθοντο
2522 3375 2628 3431 τοῦ
2685 3377 2832 3432 Θεοῦ
2888 3377 2997 3431 τοῦ
3053 3372 3345 3446 σώζοντος
3393 3381 3632 3448 αὐτοὺς,
3686 3383 3802 3437 τοῦ

2218 3467 2588 3535 ποιήσαντος
2609 3459 2842 3539 μεγάλα
2867 3469 2937 3522 ἐν
2965 3469 3260 3539 Αἰγύπτῳ,
3289 3462 3588 3539 θαυμάσια
3613 3473 3685 3525 ἐν
3717 3466 3801 3545 Τῆ

2217 3559 2365 3629 Χὰμ,
2408 3561 2628 3628 φοϐερὰ
2671 3561 2770 3614 ἐπὶ
2811 3559 3129 3628 θαλάσσης
3175 3561 3467 3630 Ἐρυθρᾶς.
3509 3565 3616 3617 Kal
3656 3561 3802 3620 εἷπε

2215 3652 2323 3706 τοῦ
2349 3652 2779 3722 ἐξολοθρεῦσαι
2809 3650 3052 3719 αὐτοὺς,
3083 3655 3135 3707 εὶ
3160 3649 3248 3722 μὴ
3274 3652 3522 3721 Μωῠσῆς
3548 3655 3584 3708 ὁ
3605 3657 3796 3711 ἐκλε-

2215 3747 2358 3813 κτὸς
2393 3745 2579 3800 αὐτοῦ
2621 3747 2770 3813 ἔστη
2811 3744 2882 3798 ὲν
2917 3743 2994 3813 τῇ
3027 3746 3272 3814 θραύσει
3298 3745 3544 3800 ἐνώπιον
3571 3741 3798 3815 αὐτοῦ,

2214 3838 2323 3892 τοῦ
2355 3832 2730 3906 ἀποστρέψαι
2761 3836 2868 3890 τὸν
2896 3835 3086 3906 θυμὸν
3119 3837 3303 3892 αὑτοῦ
3334 3839 3436 3892 τοῦ
3458 3838 3541 3908 μὴ
3575 3840 3802 3905 ἐξολο-

2215 3929 2461 3999 θρεῦσαι
2492 3927 2733 3994 αὐτοὺς,
2769 3927 2865 3982 καὶ
2902 3926 3320 3992 ἐξουδένωσαν
3356 3927 3469 3998 γῆν
3499 3929 3802 4002 salvum-

2214 4021 2348 4087 τήν.
2383 4021 2501 4074 Οὐκ
2529 4019 2902 4073 ἐπίστευσαν
2941 4017 3022 4084 τῷ
3059 4019 3218 4088 λόγῳ
3247 4020 3455 4085 αὐτοῦ,
3488 4022 3587 4075 καὶ
3621 4023 3804 4093 ἐγόγ-

2214 4111 2413 4183 γυσαν
2429 4113 2498 4165 ἐν
2516 4111 2639 4177 τοῖς
2649 4110 3040 4179 σκηνώμασιν
3054 4112 3273 4176 αὐτῶν,
3291 4115 3402 4166 οὐκ
3414 4115 3806 4182 εἰσήκουσαν

2213 4205 2322 4274 τῆς
2349 4204 2556 4275 φωνῆς
2588 4203 2832 4272 Κυρίου.
2877 4205 2989 4257 Καὶ
3029 4204 3214 4274 ἐπῇρε
3252 4201 3368 4274 τὴν
3404 4209 3572 4276 χεῖρα
3603 4213 3807 4268 αὑτοῦ

2212 4293 2305 4353 ἐπ⁴
2333 4296 2575 4363 αὐτοὺς,
2600 4294 2709 4350 τοῦ
2739 4295 3094 4350 καταϐαλεῖν
3119 4293 3340 4363 αὐτοὺς
3378 4298 3448 4352 ἐν
3480 4298 3557 4368 τῇ
3575 4301 3806 4372 ἐρήμῳ,

2211 4387 2311 4447 καὶ
2352 4389 2459 4444 τοῦ
2507 4383 2866 4442 καταϐαλεῖν
2906 4387 2976 4441 τὸ
3021 4387 3258 4458 σπέρμα
3299 4389 3501 4445 αὐτῶν
3548 4392 3617 4446 ὲν
3679 4396 3810 4462 τοῖς

531 4505 653 4545 eum
685 4489 741 4542 in
797 4460 1256 4540 adinventionibus
1302 4483 1413 4538 suis
1445 4492 1495 4537 et
1533 4460 1891 4550 multiplicata
1936 4489 2014 4536 est
2052 4481 2108 4534 in

2216 4485 2430 4546 Mrem,
2459 4481 2557 4534 καὶ
2584 4480 3012 4549 διασκορπίσαι
3036 4482 3259 4547 αὐτοὺς
3291 4481 3362 4535 ὲν
3390 4483 3521 4550 ταῖς

532 4584 609 4637 eis
638 4582 816 4635 ruina.
853 4578 925 4633 Et
969 4578 1115 4633 stetit
1165 4575 1391 4632 Phinees
1444 4585 1494 4630 et
1534 4576 1787 4646 placavit,
1812 4587 1862 4630 et
1887 4575 2108 4630 cessavit

533 4677 835 4747 quassatio.
874 4673 944 4728 Et
986 4679 1290 4740 reputatum
1339 4677 1419 4724 est
1445 4669 1494 4723 ei
1519 4669 1576 4722 in
1611 4668 1908 4738 justitiam,
1935 4668 1992 4722 in
2016 4684 2108 4739 ge-

535 4770 860 4823 nerationem
882 4775 931 4821 et
963 4763 1349 4836 generationem
1403 4777 1566 4832 usque
1615 4763 1669 4815 in
1712 4761 2104 4830 sempiternum.

538 4857 736 4912 Exstat
767 4857 822 4910 in
863 4854 1116 4909 Numeris
1145 4851 1374 4907 historia
1419 4850 1694 4921 quomodo
1723 4857 1944 4921 accepta
1978 4848 2109 4904 Phi-

536 4962 670 5004 nees
701 4947 860 5002 hasta
894 4945 1326 5009 Madianitidem,
1347 4951 1404 5000 et
1425 4943 1592 5000 simul
1642 4943 1794 4999 illum
1847 4943 1944 5013 qui
1980 4929 2107 4997 cum

533 5056 601 5097 ea
631 5055 744 5095 rem
797 5038 1055 5103 habebat,
1099 5037 1436 5094 transﬁxerit
1472 5055 1486 5092 :
1520 5051 1629 5107 quo
1674 5034 1821 5090 edito
1863 5033 2107 5090 facinore

536 5127 722 5185 statim
773 5127 855 5181 ira
891 5125 984 5182 Dei
1009 5128 1222 5198 placata
1246 5127 1355 5182 illis
1402 5135 1508 5183 est.
1533 5125 1634 5181 Hic
1661 5139 1826 5196 porro
1855 5125 2106 5180 declara-

534 5231 626 5277 tur
653 5225 920 5290 quantum
947 5218 1089 5288 apud
1119 5217 1289 5273 Deum
1312 5219 1492 5274 valeat
1516 5219 1681 5274 unius
1724 5217 1830 5274 viri
1854 5216 2102 5288 iustitia;

521 5309 611 5369 ita
644 5320 702 5368 ut
719 5311 794 5372 ob
823 5309 1044 5365 Phinea:
1065 5325 1163 5381 pro
1199 5310 1309 5364 Deo
1344 5312 1520 5366 zelum
1547 5311 1627 5366 ira
1657 5310 2023 5377 frangeretur,
2051 5315 2107 5363 et

532 5405 815 5477 quassatio
833 5411 1150 5475 peccatores
1179 5403 1442 5459 invadens
1465 5411 1824 5459 averteretur.

2214 4575 2323 4632 Kal
2351 4573 2764 4642 ἑτελέσθησαν
2798 4571 2878 4638 τῷ
2904 4573 3271 4643 Βεελφεχὼρ,
3301 4574 3398 4628 καὶ
3432 4574 3672 4645 ἔφατον
3703 4584 3809 4634 θιυ

2215 4667 2355 4732 σίας
2382 4663 2631 4734 νεκρῶν.
2671 4664 2780 4718 Kal
2821 4663 3181 4732 παρώξυναν
3213 4664 3401 4718 αὑτὸν
3421 4665 3494 4718 ὲν
3519 4665 3646 4732 τοῖς
3677 4669 3810 4721 ἑπι-

2214 4759 2586 4829 τηδεύμασιν
2623 4755 2844 4820 αὐτῶν,
2892 4756 2992 4810 καὶ
3037 4752 3384 4825 ἐπληθύνθη
3409 4758 3480 4811 ἐν
3507 4761 3729 4827 αὐτοῖς
3767 4755 3804 4828 ἦ

2215 4847 2460 4914 πτῶσις.
2495 4847 2604 4902 Kal
2632 4846 2782 4912 ἔστη
2808 4843 3013 4911 Φινεὲς
3038 4845 3135 4899 καὶ
3159 4839 3503 4910 ἐξιλάσατο,
3531 4848 3638 4901 καὶ
3671 4851 3808 4905 ac.

2214 4955 2413 4995 πασεν
2444 4942 2482 5009 ή
2509 4939 2779 5008 θραῦσις·
2815 4935 2915 4994 καὶ
2941 4937 3226 5009 ἐλογίσθη
3256 4939 3416 5006 αὐτῷ
3442 4943 3531 5007 εἰς
3564 4943 3806 4998 δικαιο-

2213 5033 2413 5101 σύνην
2447 5033 2535 5098 εὶς
2576 5030 2788 5102 γενεὰν
2837 5029 2936 5083 καὶ
2983 5031 3197 5100 γενεὰν
3239 5031 3349 5099 ἕως
3399 5032 3505 5086 τοῦ
3549 5035 3801 5104 αἰῶνος.

2207 5126 2400 5179 Κεῖται
2438 5124 2496 5177 ὲν
2537 5125 2648 5186 τοῖς
2689 5120 2963 5193 Ἀριθμοῖς
3004 5122 3038 5193 ἡ
3086 5121 3313 5194 ἱστορία,
3355 5123 3504 5189 ὅπως
3543 5125 3738 5182 λαϐὼν
3774 5125 3803 5182 ὁ

2207 5215 2390 5279 Φινεὲς
2409 5209 2500 5268 τὸν
2534 5212 2896 5286 σειρομάστην
2926 5213 3165 5288 διέπειρε
3199 5215 3296 5288 τῂν
3322 5217 3647 5274 Μαδιανῖτιν
3680 5226 3802 5294 ἅμα

2209 5303 2288 5376 τῷ
2311 5306 2406 5359 σὺν
2430 5302 2565 5376 αὐτῇ
2600 5301 3010 5374 πεπορνευκότι,
3042 5304 3138 5357 καὶ
3166 5306 3402 5359 ἐκόπασε
3442 5311 3800 5380 παραχρῆμα

2210 5401 2244 5471 ἡ
2270 5398 2388 5454 κατ’
2411 5398 2585 5452 αὐτῶν
2606 5397 2742 5470 ὀργὴ
2769 5397 2884 5468 ἅμα
2906 5399 2971 5469 τῇ
2996 5389 3216 5469 τοιαύτηςΙ
3239 5398 3453 5471 πράξει.
3478 5400 3799 5473 Παρέστησι

530 5500 589 5556 δὲ
625 5504 655 5556 ὁ
691 5501 868 5570 λόγος,
915 5498 1082 5553 πόσον
1130 5498 1302 5570 ἰσχύει
1337 5498 1488 5571 παρὰ
1514 5498 1633 5570 Θεῷ
1664 5497 1782 5563 ἐνὸς
1812 5494 2005 5570 ἀνδρὸς
2024 5489 2361 5566 δικαιοσύνη,
2386 5490 2462 5558 ὡς
2490 5489 2728 5547 κοπάσαι
2756 5493 2856 5564 τὴν
2880 5492 3069 5564 ὀργὴν,
3104 5493 3196 5547 καὶ
3217 5494 3653 5566 ἀνακρουσθῆναι
3689 5496 3802 5569 τὴν

533 5594 678 5648 κατὰ
702 5594 811 5648 τῶν
834 5593 1232 5664 ἡμαρτηκότων
1269 5593 1518 5666 θραῦσιν,
1551 5593 1640 5650 διὰ
1667 5595 1758 5651 τὸν
1799 5594 1982 5658 Φινεὲς
2011 5593 2152 5665 ὑπὲρ
2182 5591 2277 5657 τοῦ
2307 5586 2442 5646 Θεοῦ
2476 5585 2656 5661 ζῆλον.

605 5711 653 5743 ⁷³
691 5709 852 5766 Num.
888 5727 1002 5772 ιιι.
1036 5711 1092 5769 2.
