4044 6212
556 215 694 275 1319

1157 259 1162 264 .
1258 203 1525 274 ensem]
1561 203 2043 274 CESARIENSIS
2078 202 2231 272 opp.
2269 203 2452 274 rans
2492 201 2582 272 lit.
2611 245 2681 256 —
2719 201 3128 270 exsomnes.

3654 211 3802 264 1520

625 329 788 386 Vens.
830 319 919 392 47.
949 328 1036 384 48.
1069 321 1254 384 Salvos
1301 347 1394 384 nos
1420 329 1530 400 fac,
1574 330 1798 384 Domine
1841 329 1983 385 Deus
2027 346 2116 384 no-

2291 326 2501 383 Σῶσον
2522 325 2700 398 ἡμᾶς,
2723 327 2902 392 Κύριε
2927 327 2960 377 δ
2995 323 3140 389 Θεὸς
3164 321 3353 392 ἡμῶν,
3395 321 3498 375 καὶ
3544 320 3806 376 emam--

553 433 683 486 ster,
708 431 758 477 et
790 438 1048 492 congrege
1086 439 1179 476 nos
1207 421 1272 476 de
1309 420 1636 485 nationibus,
1681 431 1741 476 ut
1771 423 2122 492 con/iteamur

554 515 758 569 nomini
783 522 967 568 sancto
1003 524 1113 576 tuo,
1143 522 1196 568 et
1223 514 1510 584 gloriemur
1544 514 1598 567 in
1624 514 1781 567 laude
1812 522 1924 568 tua.
1952 514 2121 569 Bene-

551 606 724 661 dictus
774 606 1030 661 Dominus
1063 607 1201 662 Deus
1239 606 1436 672 Israel,
1477 625 1510 662 a
1553 607 1750 663 saeculo
1786 617 1837 663 et
1875 625 2037 680 usque
2067 609 2123 663 in

549 696 825 764 saeculum,
843 709 891 754 et
907 698 1044 753 dicet
1066 700 1499 771 omnislpopulus,
1533 700 1680 764 Fiat,
1700 701 1819 770 ﬁat.
1845 700 2123 758 Docentur

552 807 747 862 rogare
787 798 848 846 ut
883 791 950 847 de
999 791 1252 862 gentibus
1297 801 1730 865 congregemur;
1770 802 1828 849 ut
1869 795 1953 850 vel
1999 811 2123 851 sero

550 882 768 938 tandem
801 900 829 937 a
865 883 1208 954 dispersione
1237 885 1452 940 liberali
1486 885 1540 939 in
1573 900 1743 940 unum
1771 887 2119 944 conveniant.

551 975 706 1045 Quod
735 966 907 1032 Judaei
947 978 1162 1048 quidem
1199 979 1252 1033 in
1287 981 1543 1049 praesenti
1573 981 1681 1035 vita
1720 979 1965 1035 futurum
1999 997 2123 1038 esse

550 1067 845 1132 somniant,-
874 1081 998 1122 cum
1040 1079 1238 1124 unctus
1270 1069 1406 1139 ipsis
1430 1070 1624 1124 aderit.
1649 1069 1763 1144 Nos.
1783 1077 1986 1136 autem,
2006 1071 2120 1141 jam

551 1157 836 1216 Salvatore
861 1169 1052 1216 nostro
1078 1161 1394 1216 hominibus
1428 1163 1799 1228 illucescente,
1823 1163 2124 1218 multitudi-

549 1265 674 1304 nem
722 1251 1026 1307 animarum
1063 1268 1130 1308 ex
1183 1253 1440 1308 omnibus
1486 1254 1737 1322 gentibus
1769 1254 1825 1310 in
1870 1255 1987 1310 dies
2018 1255 2122 1310 sub

544 1339 644 1408 Dei
679 1329 820 1396 Filio
851 1349 1300 1414 congregatarum
1326 1345 1573 1401 videmus
1599 1365 1611 1400 :
1645 1360 1767 1416 quae
1798 1346 1884 1400 hic
1913 1335 2124 1416 praapa-

548 1441 745 1488 rantur
774 1435 838 1488 ad
873 1435 1153 1490 meliorem
1197 1437 1674 1508 congregationem
1719 1437 1772 1491 in
1802 1452 1968 1508 regno
2009 1450 2124 1491 ca:-

549 1527 727 1583 lcrum
767 1526 1094 1593 habendam,
1123 1544 1286 1598 quam
1319 1544 1445 1584 vere
1479 1541 1725 1584 sanctam
1755 1528 1871 1584 fore
1894 1532 2122 1599 promit-

549 1620 636 1675 tit.
669 1619 982 1675 Benedictus
1005 1619 1265 1676 Dominus
1286 1621 1428 1676 Deus
1460 1619 1632 1676 Israel
1655 1638 1688 1675 a
1713 1622 1908 1676 swculo
1938 1631 1987 1676 et
2015 1638 2120 1676 us—

2226 421 2417 493 άγαγε
2431 419 2588 491 ἡμᾶς
2601 420 2670 474 ἑκ
2697 419 2816 472 τῶν
2843 414 3055 478 ἐθνῶν,
3079 415 3186 470 τοῦ
3201 413 3688 485 ἐξομολογεῖσθαι
3717 415 3806 480 τῷ

2223 515 2466 584 ὀνόματι
2498 527 2613 567 σου
2647 512 2727 578 τῷ
2754 511 2920 582 ἁγίῳ,
2943 509 3051 564 τοῦ
3081 507 3486 579 ἐνκαυχᾶσθαι
3510 509 3581 561 ἑν
3610 506 3685 576 τῇ
3709 510 3807 560 al-

2221 607 2388 661 νέσει
2433 619 2570 660 σου.
2625 602 2971 674 Εὐλογητὸς
3017 601 3235 668 Κύριος
3281 602 3315 654 ό
3361 599 3504 664 Θεὸς
3558 598 3809 666 Ἰσραὴλ

2221 697 2340 752 ἀπὸ
2371 695 2478 750 τοῦ
2508 692 2720 759 αἰῶνος
2748 693 2847 747 καὶ
2877 692 2988 758 ἕως
3015 691 3123 746 τοῦ
3141 688 3374 755 αἰῶνος.
3403 688 3514 742 Kal
3536 687 3666 757 ἐρεῖ
3682 685 3809 756 πᾶς

2223 787 2256 836 ό
2294 782 2465 848 λαός,
2523 781 2782 847 Γένοιτο,
2827 780 3077 850 γένοιτο.
3140 777 3489 832 Διδάσκονται
3542 776 3806 849 εῦχεσθαι

2220 877 2402 946 τυχεῖν
2440 876 2538 945 τῆς
2575 872 2682 928 ἀπὸ
2712 873 2818 927 τῶν
2849 871 3016 926 ὲθνῶν
3047 871 3392 941 συναγωγῆς,
3432 870 3496 924 ἵν’
3528 870 3634 941 ἤδη
3672 870 3807 923 ποτὲ

2221 969 2320 1040 τῆς
2337 968 2634 1038 διασπορᾶς
2655 964 3056 1033 ἀτιαλλαγέντες
3089 963 3182 1015 ἐπὶ
3201 963 3262 1015 τὸ
3285 961 3417 1015 αὐτὸ
3438 961 3804 1031 συναχθῶσινο

2222 1060 2357 1132 ὅπερ
2407 1057 2647 1111 Ἰουδαῖοι
2697 1056 2795 1128 μὲν
2826 1052 3184 1125 φαντάζονται
3227 1051 3440 1124 μέλλειν
3480 1052 3706 1106 ἔσεσθαι
3748 1054 3810 1105 ὲν

2221 1149 2300 1221 τῷ
2338 1149 2563 1222 παρόντι
2602 1148 2720 1220 βίῳ,
2759 1146 3076 1208 ἐπιστάντος
3107 1145 3288 1208 αὐτοῖς
3321 1143 3416 1197 τοῦ
3447 1143 3808 1216 ήλειμμένου·

2222 1245 2383 1314 ἡμεῖς
2419 1242 2496 1304 δὲ,
2533 1241 2633 1312 ἤδη
2669 1239 2764 1294 τοῦ
2795 1240 3041 1312 Σωτῆρος
3068 1237 3225 1310 ἡμῶν
3270 1237 3681 1309 ἐπιλάμψαντος
3713 1239 3814 1291 ἁν-

2223 1334 2482 1405 θρὼποις,
2527 1334 2743 1404 ὁρῶμεν
2783 1335 2848 1386 ἐκ
2883 1334 3098 1386 πάντων
3137 1330 3244 1383 τῶν
3285 1330 3456 1383 ἐθνῶν
3493 1330 3548 1383 τὸ
3593 1331 3814 1401 πλῆθος

2221 1430 2333 1483 τῶν
2359 1429 2627 1501 ὁσημέραι
2653 1417 2758 1481 ὑπὸ
2781 1429 2870 1480 τὸν
2896 1426 2989 1481 τοῦ
3013 1425 3145 1479 Θεοῦ
3171 1425 3297 1478 Υἱὸν
3323 1427 3813 1496 ὲπισυναγομένων

2221 1519 2431 1591 ψυχῶν,
2459 1518 2706 1573 ἐντεῦθέν
2727 1536 2786 1571 τε
2809 1513 3376 1590 παρασκευαζομένων
3398 1516 3491 1569 ἐπὶ
3509 1517 3602 1587 τὴν
3622 1517 3814 1588 κρείτο

2222 1629 2350 1667 τονα
2382 1611 2798 1681 ἐπισυναγωγὴν
2837 1611 2936 1680 τῆς
2961 1609 3070 1662 τῶν
3097 1607 3341 1679 οὐρανῶν
3375 1607 3676 1678 βασιλείας,
3710 1608 3814 1678 «ῆν-ι

547 1728 646 1766 trte
668 1713 722 1766 in
751 1717 1028 1770 siccatum.
1063 1713 1133 1767 Et
1164 1713 1299 1769 dicet
1335 1713 1506 1768 omnis
1545 1713 1793 1783 populus,
1825 1712 1974 1780 Fiat,
1999 1715 2116 1782 ﬁat.

2221 1721 2343 1758 τινα
2379 1703 2592 1773 ἀληθῶς
2625 1673 2798 1770 ’ἀγῖαν
2843 1673 3256 1770 ὲτταγγέλλεται.
3297 1673 3650 1769 Εὗλοτητός

547 1803 928 1876 Congr'uenter
960 1806 1224 1878 Apostolo
1244 1808 1446 1862 dicenti
1472 1826 1489 1861 :
1522 1805 1588 1861 In
1615 1807 1760 1862 omni
1781 1808 1986 1877 gratias
2009 1807 2123 1878 agi-

551 1897 679 1960 te",
705 1894 818 1964 jam
853 1912 1035 1953 sermo
1073 1897 1252 1959 docet,
1285 1912 1498 1966 semper
1528 1895 1759 1950 Domino
1796 1897 2123 1952 benedicen-

548 1986 677 2042 dum
708 2004 851 2052 esse,
879 1991 993 2044 sive
1019 1989 1366 2052 misereatur,
1399 1990 1516 2045 sive
1559 1987 1806 2058 castiget,
1831 1988 1945 2057 sive
1973 1989 2123 2044 salus

549 2089 658 2135 tem
687 2080 984 2151 impertiat.

1075 2335 1443 2394 ALLELUIA.
1459 2332 1594 2395 CVI.

618 2427 788 2486 Vens.
825 2425 942 2487 Ι-ιὶ.
988 2429 1325 2501 Conﬁtemini
1371 2431 1615 2496 Domino,
1645 2432 1892 2502 quoniam
1927 2428 2114 2493 bonus,

545 2524 795 2577 auoniam
824 2523 878 2576 in
909 2525 1164 2577 sa'culum
1209 2525 1575 2578 misericordia
1617 2524 1754 2592 ejus.
1801 2523 1990 2576 Dicant
2029 2521 2120 2592 qui

545 2613 800 2684 redempti
829 2623 950 2668 sunt
979 2631 1013 2668 a
1041 2614 1283 2678 Domino,
1321 2632 1449 2685 quos
1491 2614 1706 2668 redemit
1738 2613 1801 2669 de
1830 2630 1989 2667 manu
2013 2612 2118 2666 ini-

545 2708 825 2770 micorum,
871 2714 920 2760 et
966 2705 1030 2759 de
1079 2706 1376 2776 regionibus
1432 2708 1759 2776 congregavit
1799 2722 1884 2760 eos
1918 2722 1950 2758 a
1989 2703 2118 2758 solis

546 2810 667 2854 ortu
701 2807 750 2852 et
803 2815 1016 2864 occasu,
1048 2797 1113 2851 ab
1150 2797 1406 2869 Aquilone
1431 2806 1478 2850 et
1512 2799 1689 2852 mari:
1715 2807 2018 2851 erraverunt
2063 2795 2116 2848 in

547 2889 856 2955 solitudine,
903 2891 958 2944 in
999 2891 1276 2960 inaquoso.
1318 2888 1551 2943 Domino
1594 2888 1960 2944 conﬁtendum
2011 2894 2115 2950 est,

2215 1811 2346 1865 ριος
2377 1799 2411 1850 ὀ
2446 1795 2590 1862 Θεὸς
2628 1791 2866 1862 Ἰσραὴλ
2893 1792 3012 1848 ἀπὸ
3040 1793 3144 1847 τοῦ
3177 1791 3384 1858 αἰῶνος
3426 1793 3525 1846 καὶ
3561 1792 3676 1858 ἕως
3700 1792 3812 1847 τοῦ

2221 1886 2457 1952 αἰῶνος.
2498 1885 2610 1940 Kal
2656 1883 2785 1953 ἐρεῖ
2816 1883 2937 1950 πᾶς
2971 1886 3005 1937 ὀ
3037 1883 3207 1950 λαός,
3251 1881 3516 1949 Γένοιτο,
3549 1882 3806 1951 γένοιτο.

2234 1978 2566 2044 Ἀκολούθως
2590 1977 2668 2049 τῷ
2696 1976 3001 2048 Ἀποστόλῳ
3026 1977 3278 2046 φήσαντι·
3307 1976 3410 2029 Ἐν
3423 1975 3809 2046 «articula-

2214 2072 2543 2140 ριστεῖσθε,
2567 2065 2662 2128 καὶ
2683 2069 2778 2124 νῦν
2796 2071 2825 2122 ὁ
2849 2067 3006 2138 λόγος
3033 2067 3296 2131 διδάσκει,
3313 2067 3543 2120 πάντοτε
3562 2067 3806 2136 εὐλογεῖν

2223 2165 2315 2219 τὸν
2334 2164 2558 2235 Κύριον,
2590 2164 2683 2217 καὶ
2703 2163 2789 2233 ἐφ’
2813 2156 2895 2226 οἷς
2915 2160 3053 2215 ἐλεεῖ
3074 2161 3166 2215 καὶ
3194 2162 3279 2230 ἐφ’
3301 2158 3380 2225 οἷς
3413 2159 3683 2223 παιδεύει,
3712 2163 3804 2216 καὶ

2227 2257 2312 2328 ἐφ’
2348 2251 2430 2321 οἷς
2459 2254 2642 2319 σώζει.

2709 2342 3133 2397 ΑΛΔΗΛΟΥΙᾹ.
3173 2341 3311 2409 PG’.

2309 2433 2791 2506 Ἑξομολοῃεῒσθε
2814 2431 2894 2499 τῷ
2917 2433 3130 2501 Κιιοίῳ,
3157 2432 3244 2484 ὅτι
3272 2429 3562 2501 χρηστός,
3589 2429 3675 2484 ὅτι
3708 2433 3802 2498 εἰς

2220 2530 2329 2584 τόν
2365 2526 2554 2582 αὶῶνα
2593 2525 2660 2580 τὸ
2697 2525 2869 2591 ἕλεος
2900 2523 3107 2578 αὐτοῦ.
3143 2522 3504 2577 Εὶπάτωσαν
3534 2524 3589 2576 οἱ
3623 2525 3802 2576 λελυ-

2221 2621 2503 2690 τρωμένοι
2546 2616 2666 2673 ὑπὸ
2698 2615 2943 2684 Κυρίου,
2976 2614 3085 2681 οὓς
3126 2615 3470 2683 ἐλύτρωσεν
3497 2614 3568 2668 ἐκ
3601 2616 3802 2684 χειρὸς

2219 2710 2467 2782 ἐχθρῶν,
2515 2710 2613 2765 καὶ
2656 2709 2727 2763 ἐκ
2753 2708 2872 2762 τῶν
2913 2706 3118 2777 χωρῶν
3165 2705 3512 2777 συνήγαγεν
3556 2708 3800 2772 αὐτοὺς,

2219 2803 2338 2858 ἀπὸ
2364 2801 2674 2858 ἀνατολῶν
2696 2799 2793 2855 καὶ
2817 2798 3084 2869 δυσμῶν,
3115 2797 3214 2852 real
3231 2795 3426 2866 ,ϐορρᾶ
3455 2797 3802 2853 καὶθαλάσ-

2220 2907 2360 2959 σης’
2389 2889 2828 2960 ἐπλανήθησαν
2855 2888 2926 2940 ἐν
2954 2885 3026 2956 τῇ
3054 2883 3271 2956 ἐρήμῳ,
3304 2887 3373 2940 ἑν
3410 2887 3665 2956 ἀνύδρῳ.
3710 2887 3803 2958 Τῷ

549 2983 665 3037 sive
715 2983 818 3052 ipsi
867 2989 926 3036 ut
978 2982 1190 3037 medico
1247 2991 1469 3052 peccata
1519 2988 1706 3036 nostra
1757 2979 2116 3046 declarando;

2224 2982 2411 3056 Κυρίῳ
2453 2980 2889 3054 ἐξομολογεῖσθαι
2923 2979 3003 3033 δεῖ
3035 2980 3177 3034 κατά
3217 2997 3279 3033 τε
3316 2979 3378 3032 τὸ
3419 2979 3702 3052 ὁμολογεῖν
3735 2979 3802 3032 τὲ

545 3075 662 3132 sive
699 3089 798 3146 pro
837 3073 1118 3130 beneﬁciis
1151 3073 1206 3128 in
1254 3091 1357 3131 nos
1388 3075 1602 3130 collatis
1633 3072 1838 3144 gratias
1884 3070 2115 3140 agendo,

545 3174 733 3238 utpote
754 3166 849 3238 qui
869 3166 1176 3222 curationis
1203 3166 1323 3237 ejus
1349 3167 1546 3238 pignus
1569 3165 1914 3220 obtineamus
1939 3181 1952 3218 :
1983 3178 2118 3232 quo-

2219 3075 2429 3130 ὲαυτῶν
2461 3073 2906 3145 πλημμελήματα
2947 3073 3022 3136 ὡς
3059 3070 3249 3143 ἰατρῷ,
3279 3072 3420 3126 κατά
3453 3089 3514 3126 τε
3540 3072 3604 3125 τὸ
3636 3073 3803 3142 εῦχα-

2219 3170 2422 3239 ριστεῖν
2449 3165 2599 3236 αὐτῷ
2623 3165 2714 3218 ἐπὶ
2737 3165 2858 3226 ταῖς
2890 3163 2971 3227 εἰς
2994 3163 3140 3234 ἡμᾶς
3161 3159 3524 3236 εὐεργεσίαις,
3552 3163 3614 3216 τὸ
3643 3164 3801 3234 ὲχέγ-

545 3258 692 3313 niam
730 3275 843 3314 non
879 3258 1041 3314 modo
1076 3258 1253 3314 bonus
1289 3267 1404 3326 est,
1453 3257 1546 3314 sed
1588 3257 1755 3313 etiam
1800 3271 1896 3327 per
1939 3261 2116 3308 totum

2218 3277 2346 3330 γυον
2379 3259 2477 3330 τῆς
2511 3257 2641 3328 παρ’
2680 3254 2844 3310 αὑτοῦ
2883 3252 3176 3328 θεραπείας
3207 3253 3450 3324 ἔχοντας’
3481 3257 3564 3309 ότι
3597 3256 3673 3327 μὴ
3703 3259 3800 3327 μό-

546 3364 787 3419 praasens
839 3350 1098 3404 saeculum
1152 3349 1591 3405 misericordiam
1640 3361 1795 3402 suam
1850 3346 2114 3401 extendit.

2218 3369 2307 3406 νον
2328 3350 2560 3422 χρηστός
2591 3351 2759 3412 ἐστιν,
2794 3345 2930 3400 ἀλλὰ
2959 3345 3055 3400 καὶ
3087 3345 3404 3416 παρατείνει
3432 3347 3493 3400 τὸ
3518 3346 3664 3411 ἔλεος
3697 3348 3798 3400 αὑ-

546 3435 738 3490 Dicant
761 3437 851 3506 qui
879 3437 1134 3507 redempti
1173 3448 1295 3492 sunt
1315 3455 1348 3492 a
1378 3437 1627 3501 Domino,
1653 3450 1781 3508 quos
1806 3436 2019 3490 redemit
2054 3437 2116 3491 de

2218 3444 2308 3498 τοῦ
2351 3444 2431 3507 εἰς
2471 3442 2650 3497 πάντα
2693 3440 2784 3493 τὸν
2825 3437 3071 3510 παρόντα
3109 3438 3302 3492 αἰῶνα.
3339 3438 3697 3493 Εὶπάτωστεν
3741 3442 3797 3494 οι

544 3544 707 3580 manu
748 3529 1082 3582 inimicorum
1112 3537 1162 3583 et
1201 3536 1265 3584 de
1306 3529 1608 3600 regionibus
1646 3530 1972 3600 congregavit
2005 3542 2114 3583 eos.

2218 3534 2649 3604 λελυτρωμένοι
2692 3531 2812 3586 ὑπὸ
2853 3532 3102 3600 Κυρίου,
3156 3531 3263 3598 οὓς
3309 3529 3689 3599 ἐλυτρώσατο
3724 3531 3797 3585 ἐκ

543 3618 801 3674 Gentium
833 3621 1047 3675 vocatio
1082 3637 1178 3692 per
1223 3621 1564 3676 Salvatorem
1606 3630 1855 3676 nostrum
1899 3621 1964 3674 ad
2003 3636 2114 3674 rem

2218 3628 2416 3699 χειρὸς
2434 3623 2684 3696 ἐχθρῶν,
2712 3624 2809 3678 καὶ
2839 3623 2907 3677 ὲκ
2939 3622 3147 3693 χωρῶν
3177 3621 3513 3693 συνήγαγεν
3537 3625 3786 3688 αὐτούς.

545 3712 810 3777 deducta,
865 3724 1234 3782 congruenter
1289 3712 1346 3767 in
1398 3714 1654 3782 praesenti
1706 3721 1830 3784 post
1876 3711 2116 3767 Judaica:

2218 3719 2451 3783 Εἰκότως
2479 3717 2573 3771 καὶ
2603 3717 2697 3770 ἐπὶ
2737 3715 2835 3770 τοῦ
2875 3716 3142 3788 παρόντος
3175 3716 3209 3787 ἡ
3243 3715 3425 3786 κλῆσις
3453 3714 3562 3766 τῶν
3589 3714 3793 3781 ἐθνῶν,

545 3805 721 3873 gemis
763 3803 1219 3874 repudiationem,
1255 3819 1377 3875 qua:
1423 3807 1478 3860 in
1531 3803 1858 3875 przeccdenti
1903 3804 2115 3873 psalmo

2218 3813 2247 3883 ἡ
2274 3811 2363 3864 διὰ
2388 3808 2484 3863 τοῦ
2517 3808 2764 3879 Σωτῆρος
2797 3806 2953 3879 ἡμῶν
2991 3808 3070 3872 εἰς
3103 3807 3264 3879 ἔργον
3298 3807 3608 3878 χωρήσασα,
3648 3825 3797 3881 προ.

543 3905 796 3948 enarrala
834 3896 952 3960 fuit,
1001 3898 1447 3967 praenuntiatum
1481 3897 1538 3950 in
1573 3911 1682 3966 quo
1730 3905 1853 3966 post
1891 3896 2114 3972 longqu

2218 3902 2509 3973 φητεὺεται
2546 3899 2682 3971 μετὰ
2720 3898 2820 3972 τὴν
2854 3898 3124 3970 ἀποϐολὴν
3155 3898 3250 3952 τοῦ
3289 3897 3550 3952 Ἰουδαίων
3584 3898 3797 3967 ῐθνους,

544 3988 885 4056 impietatum
941 3988 1183 4058 ipsorum
1243 3989 1553 4060 catalogum
1608 3988 1815 4042 dictum
1857 3994 1941 4043 est
1982 4002 1995 4040 :
2045 3985 2115 4041 Et

2218 3995 2312 4066 τὴν
2331 3993 2419 4048 διὰ
2440 3993 2534 4048 τοῦ
2563 3992 2668 4063 πρὸ
2690 3990 2878 4046 τούτου
2899 3990 3115 4063 ψαλμοῦ
3137 3991 3486 4062 δηλωθείσαψ
3511 3993 3572 4045 ὲν
3591 3985 3636 4060 ᾧ
3658 3995 3800 4064 μετὰ

543 4079 715 4134 iratus
743 4089 820 4133 est
849 4079 1102 4134 Dominus
1143 4082 1198 4132 in
1225 4080 1476 4150 populum
1505 4093 1680 4144 suum,
1703 4088 1752 4133 et
1779 4079 2112 4134 abominatus

2218 4086 2305 4140 τὸν
2340 4085 2550 4158 μακρὸν
2581 4085 2881 4153 κατάλογον
2906 4083 3016 4136 τῶν
3046 4081 3312 4136 ἀσεϐειῶν
3343 4083 3525 4136 αὐτῶν
3556 4084 3799 4152 ὲλέγετοο

541 4181 621 4227 est
667 4171 1029 4227 harreditatem
1079 4189 1253 4228 suam.
1293 4172 1438 4239 Quos
1468 4172 1685 4227 redemit
1716 4171 1780 4226 de
1806 4189 1968 4225 manu
2009 4173 2110 4226 ini-

2218 4178 2324 4231 Kal
2347 4177 2606 4247 ὠργίσθη
2623 4177 2837 4244 Κύριος
2854 4173 2951 4228 ἐπὶ
2970 4173 3076 4227 τὸν
3099 4173 3254 4228 λαὸν
3281 4174 3488 4229 αὐτοῦδ
3512 4176 3611 4228 καὶ
3635 4175 3803 4230 ὲθδεο

541 4266 797 4320 micorum
821 4281 842 4330 ;
882 4279 978 4321 eos
1011 4280 1208 4336 nempe
1237 4265 1328 4336 qui
1374 4265 1442 4338 ab
1487 4264 1724 4320 inimicis
1767 4273 1821 4320 et
1862 4265 2114 4320 hostibus

2218 4266 2444 4332 λύξατο
2475 4266 2589 4335 τὴν
2611 4262 3021 4334 κληρονομίαν
3041 4264 3246 4318 αὐτοῦ.
3277 4265 3394 4331 Οὓς
3415 4265 3803 4334 summam

541 4357 850 4421 hominum,
890 4340 1109 4412 diabolo
1142 4334 1388 4424 scilicet,
1428 4357 1484 4411 in
1534 4357 1853 4412 servitutem
1906 4357 2110 4410 redacti

2218 4359 2284 4412 ὲκ
2318 4358 2515 4428 χειρὸς
2537 4334 2784 4428 ἐχθρῶν·
2813 4357 2939 4421 τοὺς
2969 4355 3133 4410 πάλαι
3174 4356 3278 4410 ὑπὸ
3310 4355 3418 4410 τῶν
3456 4357 3669 4429 ὲχθριῖιν
3705 4361 3803 4412 καὶ

541 4449 776 4505 fuerant.
803 4448 870 4503 Et
895 4449 958 4505 de
987 4450 1281 4521 regionibus
1301 4449 1626 4521 congregavit
1655 4467 1741 4504 eos
1767 4467 1800 4503 a
1831 4449 1957 4504 solis
1991 4460 2111 4503 ortu

2218 4450 2492 4521 πολεμίων
2525 4449 2632 4503 τῶν
2663 4447 2758 4502 ἀνθ
2769 4446 2986 4522 ρώπων,
3017 4448 3262 4502 τουτέστι
3287 4447 3380 4501 τοῦ
3411 4449 3658 4504 διαϐόλου
3695 4470 3803 4505 κα-

540 4561 702 4614 usque
736 4542 805 4598 ad
835 4560 1104 4609 occasum,
1128 4543 1192 4596 ab
1239 4543 1496 4614 Aquilone
1531 4551 1582 4596 et
1617 4543 1776 4597 mari.
1809 4543 2112 4612 Congregat

2218 4541 2729 4613 ταδεδουλωμένους.
2773 4541 2885 4597 Kal
2922 4541 3040 4596 ἀπὸ
3071 4540 3277 4612 χωρῶν
3308 4540 3657 4612 συνήγαγεν
3691 4545 3804 4596 αὐ·-

541 4641 722 4687 autem
749 4650 844 4690 eos
876 4633 932 4689 in
973 4635 1273 4690 Ecclesiam
1306 4651 1460 4692 suam
1485 4652 1551 4690 ex
1581 4635 1730 4689 omni
1760 4645 1915 4705 gente
1941 4652 1954 4687 :
1988 4635 2110 4689 uni-

538 4731 760 4776 Versum
784 4725 984 4796 quippe
1017 4719 1202 4780 orbem
1236 4741 1332 4796 per
1351 4735 1584 4797 quatuor
1612 4726 1828 4780 climata
1857 4726 2111 4796 desiguao

543 4811 638 4864 vit.
686 4813 765 4867 Ex
809 4816 896 4872 his
936 4832 1173 4888 namque
1221 4833 1355 4888 gens
1395 4833 1537 4871 nova
1580 4825 1634 4873 et
1680 4817 1968 4874 hzereditas
2013 4816 2106 4872 Dei

541 4916 679 4954 nova
713 4904 978 4958 constitit.
1005 4906 1441 4962 Consentaneum
1460 4907 1643 4979 itaque
1672 4916 1780 4971 est,
1813 4909 2106 4978 quamdam

539 4993 852 5050 existimare
887 4994 1196 5052 Judazorum
1229 5013 1294 5053 ex
1336 4999 1588 5070 gentibus
1639 5014 1967 5071 synagogam
2002 4999 2106 5054 hoc

541 5083 838 5156 signiﬁcari
872 5087 1103 5156 psalmo,
1137 5091 1295 5160 quasi
1338 5089 1508 5145 ,ιιιόωί
1540 5107 1637 5161 per
1662 5099 1833 5144 totum
1864 5090 2048 5144 orbem
2075 5105 2106 5144 a

539 5175 790 5246 gentibus
819 5179 1154 5242 semovendi,
1188 5180 1258 5234 ab
1304 5181 1492 5235 alienae
1518 5189 1677 5236 terrae
1710 5181 1948 5235 incolatu
1975 5180 2108 5235 libe-

538 5266 718 5330 randi,
745 5274 799 5320 et
829 5266 883 5320 in
904 5264 1143 5322 Judazam
1176 5272 1539 5341 congregandi
1565 5272 1711 5328 sint:
1731 5288 1855 5326 nam
1892 5272 1946 5327 id
1978 5272 2108 5326 hac-

537 5367 697 5416 tenus
750 5359 923 5415 Judaei
973 5361 1269 5418 somniant.
1321 5361 1427 5418 Sed
1474 5365 1602 5435 quia
1646 5365 1762 5420 haec
1809 5381 1919 5419 non
1981 5365 2104 5436 ipso

536 5467 700 5521 opere
746 5455 890 5510 facta
936 5454 1450 5526 deprehenduntur,
1501 5472 1625 5514 cum
1671 5458 1874 5530 elapsis
1911 5457 2025 5528 jam
2076 5472 2107 5511 a

607 5673 653 5707 "
690 5674 710 5728 l
747 5675 942 5735 Thess.
978 5696 1032 5746 v,
1069 5681 1161 5737 18.

2215 4634 2356 4700 τοὺς
2383 4634 2499 4688 ἀπὸ
2531 4633 2846 4688 ἀνατολῶν
2887 4633 2986 4710 real
3018 4630 3288 4701 δυσμῶν,
3327 4631 3421 4685 καὶ
3453 4631 3650 4699 βορρᾶ
3696 4635 3798 4686 καὶ

2215 4725 2552 4794 θαλάσσης.
2613 4724 2958 4794 Ἐπισυνάγει
3007 4724 3063 4777 δὲ
3114 4724 3311 4787 αὐτοὺς
3359 4724 3438 4787 εἰς
3481 4723 3581 4794 τὴν
3625 4725 3798 4778 αὑτοῦ

2225 4818 2552 4890 Ἐκκλησίαν
2580 4819 2645 4871 ὲκ
2677 4816 2876 4880 παντὸς
2907 4815 3113 4878 ἔθνους·
3149 4816 3328 4869 πᾶσαν
3356 4814 3464 4888 γὰρ
3487 4815 3589 4886 τὴν
3613 4818 3804 4869 οἱκουο

2216 4911 2382 4982 μένην
2405 4909 2492 4962 διὰ
2510 4907 2619 4961 τῶν
2640 4907 2919 4980 τεσσάρων
2944 4906 3177 4978 ἐδήλωσε
3202 4905 3501 4978 κλιμάτων.
3545 4907 3642 4960 Ἐκ
3672 4908 3802 4961 τοῦ·

2211 5019 2320 5055 των
2353 5000 2459 5072 γὰρ
2488 4999 2638 5063 ἔθνος
2675 4999 2859 5053 καινὸν
2891 4999 2984 5051 καὶ
3025 4997 3354 5070 κληρονομία
3396 4995 3490 5050 τοῦ
3520 4995 3659 5050 Θεοῦ
3697 5000 3796 5058 νέα

2213 5091 2461 5162 συνέστη.
2504 5090 2666 5153 Εἰκὸς
2707 5089 2806 5160 μὲν
2840 5086 2933 5142 οὖν
2964 5105 3083 5142 τινα
3110 5089 3329 5160 νομίσαι
3359 5087 3457 5159 τὴν
3495 5086 3608 5141 τῶν
3655 5089 3794 5142 ἰου-

2207 5181 2372 5235 δαίων
2422 5183 2485 5234 ὲκ
2533 5179 2640 5233 τῶν
2685 5177 2855 5232 ὲθνῶν
2894 5180 3212 5252 συναγωγὴν
3254 5178 3343 5234 διὰ
3380 5177 3474 5232 τοῦ
3519 5179 3795 5250 παρόν-εκ

2208 5271 2497 5343 δηλοῦσθαι
2520 5268 2757 5341 ψαλμοῦ,
2791 5269 2865 5332 ῶς
2906 5268 3206 5340 μελλόντων
3238 5269 3345 5323 τῶν
3381 5267 3500 5322 καθ’
3526 5267 3659 5341 ὅλης
3693 5271 3793 5339 τῆς

2207 5363 2532 5434 οἰκουμένης
2568 5360 2836 5414 Ἰουδαίων
2865 5358 3296 5432 ἁποχωρίζεσθαι
3329 5359 3435 5414 τῶν
3466 5359 3660 5426 ἐθνῶν,
3693 5362 3792 5413 καὶ

2209 5457 2309 5527 τῆς
2341 5455 2484 5510 κατὰ
2512 5454 2609 5526 τὴν
2653 5452 2953 5525 ἀλλοδαπὴν
2998 5452 3276 5524 διατριϐῆς
3323 5451 3786 5514 ἀπαλλάττεσθαι.
