4044 6212
331 342 463 400 ιδει

1458 334 1965 394 COMMENTARIA
1994 333 2071 394 ἸΝ
2108 333 2451 395 PSALMOS.

3448 342 3589 399 i321

330 458 657 529 συνάγεσθαι
694 459 753 515 δέ
794 459 888 514 ἐπὶ
916 457 1016 531 τὴν
1055 456 1316 513 Ἰουδαίαν
1362 455 1487 528 γῆν.
1529 453 1768 509 Τοιαῦτα
1806 454 1875 525 γὰ

1972 472 1991 518 ι
2017 454 2336 525 captivitate
2366 454 2701 527 Babylonica
2729 456 2891 513 anuis
2920 471 3092 529 prope
3119 455 3290 523 mille,
3319 456 3460 514 nihil
3494 456 3593 514 hu-

328 551 493 607 είσέτι
531 551 635 621 καὶ,
665 551 761 606 νῦν
802 552 991 615 παῖδες
1030 548 1296 604 Ἰουδαίων
1334 546 1718 616 φαντάζονται.
1766 545 1905 599 Ἀλλ’

329 644 448 699 ἐπεὶ
485 643 561 716 μὴ
586 643 761 698 ταῦτα
785 643 915 716 περὶ
942 642 1139 705 αὐτοὺς
1168 642 1282 704 τοῖς
1320 639 1504 712 έργοις
1527 638 1725 711 ὁρᾶται
1737 654 1906 708 χεγε-

328 736 554 808 νημένα,
581 736 682 807 ήδη
712 753 813 790 που
850 733 1040 807 χιλίοις
1069 733 1237 804 ἐγγὺς
1266 731 1411 786 ἔτεσι
1437 733 1536 802 τῆς
1563 729 1673 784 ἀπὸ
1700 731 1802 803 τῆς
1824 733 1905 796 είς

2008 547 2254 619 jusmodi
2284 549 2338 603 in
2369 548 2588 604 illorum
2610 549 2840 622 gratiam
2870 560 3155 622 peractum
3186 551 3291 620 sit;
3326 558 3501 608 restat
3529 562 3592 607 ut

2000 656 2198 698 rerum
2240 642 2461 698 eventui
2511 641 2629 698 haec
2656 644 2823 699 verba
2868 643 3385 710 accommodemus,
3428 651 3486 699 et
3521 644 3591 702 ad

2002 732 2253 804 gentium
2288 733 2631 789 vocationem
2655 734 2998 806 prophetiam
3033 734 3378 791 reducamus.

327 832 615 905 Βαϐυλῶνα
640 832 1015 905 αἰχμαλωσίας
1041 830 1220 885 αὐτῶν
1246 828 1470 901 μηδενὸς
1494 827 1734 882 τοιούτου
1762 829 1891 899 περὶ
1914 827 2111 892 αὐτοὺς
2136 827 2488 900 πραχθέντος·
2531 828 2648 900 ὥρα
2679 831 2746 901 τῇ
2807 828 2916 884 τῶν
2972 826 3310 900 πραγμάτων
3370 827 3589 883 ἐκϐάσει

326 926 449 990 τοὺς
493 925 684 996 λόγους
725 924 1104 997 ἐφαρμόττειν,
1148 922 1242 978 καὶ
1287 922 1380 975 ἐπὶ
1423 920 1524 993 τὴν
1564 919 1675 975 τῶν
1719 919 1890 975 ἐθνῶν
1926 919 2117 992 κλῆσιν
2153 920 2374 990 ἀνάγειν
2408 920 2508 992 τὴν
2540 921 2892 994 προφητείαν.

405 1045 867 1116 Ἐπλανήθησαν
894 1046 965 1101 ὲν
995 1044 1072 1115 τῇ
1102 1043 1299 1114 ἐρήμῳ
1334 1041 1434 1097 καὶ
1469 1041 1726 1111 ἀνύδρῳ,
1757 1040 1902 1097 ὁδὸν

323 1141 554 1208 πόλεως
587 1139 1040 1210 κατοικηττιρίου
1069 1140 1184 1209 οὐχ
1214 1133 1419 1206 εὗρον·
1454 1134 1780 1202 πεινῶντες
1801 1133 1900 1189 καὶ

321 1232 635 1303 διψῶντες,
681 1233 720 1302 ἡ
770 1231 943 1302 ψυχὴ
983 1229 1183 1285 αὐτῶν
1223 1229 1294 1282 ὲν
1341 1227 1547 1295 αὐτοῖς
1592 1225 1893 1293 ἐξέλιπεν.

2076 1039 2245 1097 Vens.
2281 1041 2334 1097 5.
2376 1041 2702 1097 Erraverunt
2732 1043 2787 1096 in
2818 1040 3106 1097 solitudine
3141 1050 3191 1097 et
3221 1041 3275 1096 in
3305 1041 3582 1113 inuquoso,

2005 1133 2143 1188 uiam
2178 1134 2406 1189 ciuitatis
2443 1133 2739 1188 habitaculi
2784 1149 2889 1188 non
2930 1133 3234 1187 invenerunt
3257 1147 3277 1186 :
3299 1132 3585 1188 esurientes

2002 1233 2053 1280 et
2088 1225 2347 1290 sitientes,
2384 1227 2565 1280 anima
2593 1242 2776 1282 eorum
2802 1228 2859 1281 in
2887 1227 3019 1298 ipsis
3052 1225 3263 1296 defecit.
3287 1223 3400 1282 Nos
3429 1225 3581 1282 scili.

331 1323 521 1397 Ἥμεῖς
542 1324 641 1397 μὲν
665 1325 716 1378 οἱ
738 1324 844 1397 πρὸ
881 1323 980 1394 τῆς
999 1320 1095 1376 τοῦ
1130 1322 1380 1394 Σωτῆρος
1405 1319 1563 1392 ἡμῶν
1588 1317 1875 1373 θεοσεὸείαε

2002 1328 2090 1373 cet
2126 1319 2218 1389 qui
2253 1325 2380 1373 ante
2405 1318 2647 1373 divinum
2696 1316 3004 1374 Servatoris
3034 1317 3210 1373 nostri
3253 1316 3482 1381 cultum,
3525 1315 3580 1370 in

320 1420 412 1473 καὶ
436 1421 494 1474 ἐν
514 1417 769 1489 ἀκάρπῳ,
794 1414 1009 1487 ἀνύδρῳ
1035 1430 1094 1467 τε
1115 1414 1210 1468 καὶ
1230 1412 1411 1484 ἀγόνῳ
1436 1413 1547 1484 ζωῇ
1575 1411 1744 1465 πάλαι
1774 1411 1875 1483 πρό

1997 1410 2109 1465 vita
2154 1409 2502 1481 inlrugil'era,
2541 1410 2811 1479 inaquosa
2853 1410 3137 1481 sterilique
3183 1410 3313 1466 olim
3356 1408 3576 1465 erraba-

318 1526 473 1582 τερον
504 1506 936 1580 πεπλανημένοι,
974 1506 1065 1559 ὅτε
1095 1499 1236 1575 ἦμεν
1268 1503 1395 1575 ἔθνη
1434 1502 1624 1571 ἄλογα,
1661 1501 1799 1573 πρὸς
1830 1501 1875 1554 τὲ

1996 1518 2142 1568 mus,
2175 1517 2301 1557 cum
2331 1510 2522 1575 gentes
2554 1503 2966 1561 irrationabiles
3007 1519 3279 1572 essemus,
3308 1512 3472 1572 atque
3510 1500 3576 1556 ad

317 1601 512 1656 εἴδωλα
544 1600 615 1654 τὰ
648 1601 836 1670 ἄφωνα
875 1594 1236 1670 ἀπαγόμενοι,
1268 1600 1317 1652 oi
1347 1595 1618 1669 μηδέποτε
1650 1593 1768 1649 ὁδὸν
1797 1594 1875 1649 πό·

1996 1600 2147 1648 muta
2175 1592 2320 1649 idola
2350 1593 2749 1650 abduceremur
2775 1616 2788 1651 :
2815 1596 2907 1667 qui
2938 1607 3224 1667 nunquam
3261 1593 3408 1649 viam
3442 1592 3580 1647 civi~

315 1690 455 1754 λεως
478 1689 898 1762 κατοικητηρίου
921 1686 1193 1759 εὑρόντες·
1219 1687 1306 1740 ὅτε
1332 1680 1472 1757 ἦμεν
1503 1682 1773 1757 ἀλλότριοι
1801 1683 1875 1755 τῆς

1996 1687 2126 1741 tatis
2160 1686 2458 1741 habitaculi
2500 1686 2905 1755 inveneramus,
2941 1705 3065 1744 cum
3092 1687 3254 1744 alieni
3278 1698 3577 1743 essemusa

316 1780 594 1846 πολιτείας
616 1760 709 1835 τού
758 1780 994 1854 Ἰσραὴλ,
1027 1778 1219 1833 ἐλπίδα
1246 1779 1321 1851 μὴ
1352 1777 1589 1849 ἔχοντες,
1622 1776 1719 1830 uoti.
1745 1774 1874 1830 άθεο

1995 1776 2219 1832 civitate
2260 1774 2501 1843 lsraelis,
2537 1792 2662 1833 cum
2704 1779 2912 1835 nullam
2956 1794 3107 1852 spem
3152 1779 3481 1834 haberemus
3521 1783 3577 1833 et

312 1873 374 1927 ἐν
403 1872 483 1945 τῷ
512 1873 721 1944 κόσμῳ·
773 1872 823 1925 οί
873 1869 1241 1944 μεμισημένοι
1284 1868 1475 1934 πάλαι,
1514 1870 1571 1922 ἐν
1618 1867 1762 1940 λιμῷ
1800 1870 1875 1922 κα¹

1994 1865 2141 1920 athei
2164 1866 2222 1920 in
2253 1866 2461 1921 mundo
2483 1882 2733 1924 essemus
2759 1887 2772 1923 :
2798 1869 2894 1940 qui
2928 1869 3058 1925 olim
3083 1868 3210 1925 odio
3241 1881 3487 1934 eramus,
3517 1866 3576 1922 in

311 1949 454 2036 δίψει
478 1964 576 2037 τὴν
601 1963 778 2037 ψυχὴν
802 1963 1169 2027 ἐκλείποντες,
1193 1958 1282 2015 διὰ
1311 1960 1373 2014 τὸ
1398 1958 1728 2033 ἐστερῆσθαι
1755 1958 1875 2030 λογιη

1994 1953 2137 2010 fame
2168 1961 2225 2009 et
2257 1954 2348 2010 siti
2376 1956 2560 2011 animo
2588 1956 2928 2025 deﬁcientes,
2965 1958 3113 2031 quod
3158 1956 3473 2014 rationabili
3518 1968 3577 2014 et

310 2057 418 2128 κῆς
458 2056 551 2111 καὶ⁵
588 2054 911 2127 ἐπουρανίου
953 2053 1159 2126 τροφῆς
1193 2050 1359 2107 ποτοῦ
1396 2069 1457 2107 τε
1494 2054 1866 2126 πνευματικοῦ

1990 2045 2203 2102 caelesti
2228 2046 2353 2103 cibo
2381 2050 2765 2121 spiritualique
2796 2058 2929 2123 potu
2955 2051 3155 2124 privati
3180 2066 3451 2121 essemus,
3480 2065 3573 2108 se-

309 2145 452 2201 κατά
482 2145 565 2200 τό’
607 2143 1019 2211 Ἐξαποστελῶ
1054 2147 1130 2201 οὺ
1159 2143 1340 2215 λιμὸν
1366 2143 1570 2215 ἄρτου,
1614 2145 1759 2201 οὐδὲ
1802 2145 1875 2200 δίε

1994 2138 2236 2194 cundum
2263 2140 2395 2196 illud
2427 2159 2440 2195 :
2469 2139 2725 2198 Emittam
2758 2160 2864 2200 non
2891 2143 3086 2214 famem
3113 2143 3291 2214 panis,
3319 2158 3481 2215 neque
3500 2141 3576 2197 si-

306 2239 437 2308 ;lrar
465 2237 705 2305 ὕδατος,
735 2237 898 2294 ἀλλὰ
925 2236 1106 2308 λιμὸν
1136 2236 1245 2292 τοῦ
1274 2236 1534 2292 ἀκοῦσαι
1561 2239 1751 2308 λόγον
1771 2240 1875 2293 Κυ-

1991 2232 2086 2286 tim
2115 2247 2299 2304 aquae;
2342 2233 2433 2288 sed
2474 2235 2672 2305 [amem
2706 2237 2957 2293 audiendi
2988 2235 3197 2294 verbum
3230 2235 3467 2293 Domini.
3501 2234 3573 2291 Et

305 2329 458 2398 ρίου.
486 2327 601 2383 Kal
631 2326 1120 2396 σαλευθήσονται
1159 2326 1349 2381 ὕδατα
1382 2327 1499 2382 ἀπὸ
1530 2326 1642 2396 τῆς
1664 2326 1875 2383 θαλάσ·

1988 2328 2452 2381 commovebuntur
2492 2345 2644 2400 aqua
2671 2347 2704 2384 a
2736 2332 2876 2385 mari
2922 2347 3084 2402 usque
3114 2330 3185 2385 ad
3212 2347 3378 2397 mare,
3420 2338 3472 2385 et
3504 2330 3571 2385 ab

304 2437 426 2490 σης
451 2421 564 2489 ἕως
595 2421 706 2491 τῆς
736 2421 1076 2490 θαλάσσης,
1106 2420 1207 2474 καί
1239 2419 1362 2476 ἀπὸ
1384 2416 1579 2488 ,ϐοῤῥᾶ
1598 2418 1710 2486 ἕως
1743 2419 1888 2474 ἀνα·-

303 2511 521 2577 τολῶν,
546 2511 1044 2582 περιδραμοῦνται
1073 2509 1387 2580 ζητοῦντες
1414 2510 1523 2565 τὸν
1553 2510 1740 2580 λόγον
1766 2514 1886 2566 Κυ-

302 2603 458 2673 ρίου,
510 2603 607 2657 real
639 2605 710 2657 οὐ
736 2602 824 2673 μὴ
872 2603 1122 2672 εὓρωσι’
1175 2600 1256 2657 διὸ
1302 2602 1397 2657 καὶ
1444 2604 1502 2656 ἐν
1544 2601 1737 2674 ἐρήμῳ
1777 2602 1885 2657 τῶν

305 2692 514 2767 ἀρετῶν
548 2692 701 2758 ὄντες
727 2691 1108 2766 ἐπλανώμεθα,
1142 2693 1379 2765 ποδηγὸν
1404 2693 1497 2746 καὶ
1527 2691 1773 2765 ἡγεμόνα
1807 2692 1884 2765 μὴ

301 2783 538 2856 ἔχοντες,
625 2783 876 2857 ἑπόμενοι
906 2784 1084 2858 εὑρεῖν
1106 2778 1284 2838 οἷοίτε
1310 2780 1451 2857 ἦμεν
1477 2784 1613 2856 μετά
1644 2783 1743 2856 τὴν
1766 2784 1883 2840 ἁδὺν

302 2870 458 2928 ¹πόλιν
489 2866 549 2929 εὖ
581 2872 1007 2946 διατεταγμένην
1048 2874 1179 2947 ἱερῷ
1220 2874 1394 2947 νόμῳ,
1439 2876 1499 2930 ἐν
1608 2878 1882 2930 κατοικεῖν

302 2965 613 3039 ἠδυνάμεθα
658 2966 735 3040 μὴ
784 2966 1225 3041 ἀναχωροῦντες·
1264 2967 1400 3040 αὕτη
1429 2967 1490 3023 δέ
1529 2969 1677 3025 ἐστιν
1711 2968 1882 3043 ἀρετὴ

302 3060 397 3115 καὶ
426 3059 561 3114 Θεοῦ
587 3060 769 3130 σοφία.
802 3061 912 3116 Kal
940 3059 1275 3161 ἐκέκραςαν
1298 3059 1448 3129 πρὸς
1465 3061 1785 3161 ἔίύριονηὲν
1800 3060 1881 3128 τῷ
1906 3104 1949 3163 c

300 3149 604 3203 θλίϐεσθαι
626 3150 866 3218 αὐτοὺς,
897 3152 996 3206 καὶ
1019 3151 1088 3205 ἐκ
1115 3149 1235 3205 τῶν
1258 3149 1540 3223 ἀναγκῶν
1561 3150 1762 3207 αὐτῶν
1785 3151 1882 3222 ἐρ-

294 3239 525 3308 ῥύσατο
557 3241 797 3308 αὐτούς.
835 3242 957 3296 Τῶν
1000 3241 1173 3296 ἐθνῶν
1216 3240 1471 3296 ἁπάντων
1509 3241 1879 3315 πλανωμένων

299 3331 359 3384 ἐν
379 3334 449 3403 γῇ
474 3333 575 3405 ὲρή
585 3351 669 3405 μῳ
690 3333 785 3387 καὶ
813 3333 1047 3408 ἀνύδρῳ,
1075 3334 1291 3407 καὶτῆς
1308 3333 1488 3407 ψυχῆς
1510 3333 1690 3389 αὐτῶν
1710 3335 1879 3389 ἐκλει-

297 3423 506 3495 πούσης
528 3423 588 3489 ἐξ
613 3425 875 3497 ἀτροφίας
901 3425 1184 3499 σωτηρίων
1211 3426 1404 3496 λόγων,
1428 3427 1598 3482 ἐϐόων
1625 3427 1762 3500 πρὸς
1784 3428 1875 3483 τὸν

295 3516 429 3570 θεὸν
458 3514 811 3581 ἱκετεύοντες,
842 3516 1020 3573 κοινὸν
1064 3518 1237 3572 ἀπασι
1265 3518 1728 3592 καταπεμφθῆναι
1762 3520 1875 3574 Σω-

292 3610 455 3680 τῆρα.
478 3607 590 3663 Kal
613 3607 946 3678 ὲκέκραξαν
972 3608 1122 3680 πρὸς
1144 3611 1366 3680 Κύριον
1378 3610 1449 3665 ἐν
1468 3609 1549 3678 τῷ
1568 3612 1875 3669 θλίϐεσθαι

293 3700 534 3766 αὐτούς.
560 3699 708 3763 Τοὺς
732 3690 1242 3774 ἐγκεχειρισμένους
1269 3703 1468 3768 αὐτοὺς
1494 3704 1872 3777 ὑπερπάσχον-

291 3806 384 3855 τες
410 3791 505 3844 καὶ
534 3790 970 3864 ὑπεραλγοῦντες
997 3792 1178 3848 αὐτῶν
1206 3795 1300 3848 καὶ
1324 3794 1603 3867 διψώντων
1645 3797 1739 3851 καὶ
1769 3797 1870 3868 τὴν

290 3879 469 3952 ψυχὴν
490 3881 590 3954 ήδη
610 3881 677 3936 δι’
701 3884 967 3955 ἀτροφίαν
992 3886 1374 3956 ἐκλειπόντων,
1402 3888 1572 3942 ἐϐόων
1593 3888 1746 3943 αὐτοὶ
1773 3890 1869 3943 καὶ

292 3972 524 4044 ἔκραζον
574 3973 711 4044 πρὸς
755 3974 978 4047 Κύριον,
1027 3976 1171 4050 ὑπὲρ
1211 3977 1322 4033 τῶν
1371 3981 1587 4034 οἰκείων
1637 3981 1868 4046 ἕκαστος

290 4067 705 4138 πρεσϐεύοντες.

216 4218 221 4225 ,
364 4158 471 4216 Kal
493 4160 808 4231 ὡδήγησεν
826 4165 1046 4231 αὐτοὺς
1072 4168 1159 4234 είς
1186 4167 1333 4222 ὁδὸν
1354 4167 1611 4236 εὐθεῖαν,
1638 4168 1746 4224 τοῦ
1769 4183 1867 4223 ατο⁴

285 4251 575 4323 penatium
611 4255 698 4319 εὶς
740 4255 923 4309 πόλιν
958 4260 1434 4328 κατοικητηρίου.
1479 4258 1865 4330 Ἐξομολογη-

286 4343 623 4400 σάσθωσαν
653 4343 735 4411 τῷ
770 4346 965 4415 Κυρίῳ
992 4348 1065 4402 τὰ
1090 4348 1232 4416 eam
1261 4350 1469 4415 αὑτοῦ,
1504 4352 1601 4406 καὶ
1628 4351 1698 4407 τὰ
1722 4355 1863 4407 θαυ-

283 4435 472 4509 μάσια
495 4438 685 4537 αὑτοῦ
709 4438 832 4506 τοῖς
857 4438 1010 4507 υἱοῖς
1031 4439 1149 4494 τῶν
1169 4441 1509 4537 ἀνθρώπων.
1542 4444 1606 4496 Ol
1637 4444 1734 4515 μὲν
1751 4446 1859 4516 γάρ
1890 4479 1937 4537 D

283 4528 663 4603 ἐπλανήθησαν
687 4531 746 4583 ἐν
766 4532 837 4602 γῇ
862 4530 1055 4603 ἐρήμῳ
1082 4532 1177 4584 καὶ
1204 4528 1434 4604 ἀνύδρῳ,
1458 4532 1617 4588 τοῦτο
1639 4532 1856 4605 πρῶτον

281 4620 498 4693 νόσημα
524 4623 874 4694 νενοσηκότες
901 4621 963 4675 τὸ
986 4623 1086 4694 τῆς
1112 4621 1342 4695 πλάνης
1377 4626 1470 4679 καὶ
1494 4625 1731 4698 δευτέρῳ
1755 4643 1856 4679 κα-

283 4711 366 4785 κῷ
398 4715 787 4785 περιπεσόντες
823 4711 943 4768 ὁδὸν
976 4714 1186 4780 πόλεως
1226 4718 1647 4790 κατοικητηρίου
1679 4717 1857 4772 αὐτῶν

281 4805 379 4877 οὐχ
424 4799 603 4879 εὖρονο
655 4808 751 4862 καὶ
800 4808 984 4880 τρίτον
1031 4807 1090 4862 δέ
1123 4808 1320 4873 αὐτοὺς
1357 4809 1614 4881 περιέσχε
1664 4806 1855 4875 κακὸν,

282 4897 513 4970 ἐπείπερ
537 4895 678 4971 ἦσαν
704 4901 996 4965 πεινῶντες
1019 4903 1111 4956 καὶ
1142 4902 1423 4974 διψῶντες,
1452 4904 1528 4969 ὼς
1556 4905 1655 4976 τὴν
1680 4906 1857 4979 ψυχὴν

281 4986 459 5042 αὐτῶν
495 4989 769 5046 ἐκλείπειν
803 4993 861 5046 ἐν
900 4992 1103 5057 αὐτοῖς.
1143 4994 1202 5047 Ὀ
1226 4993 1283 5048 δέ
1316 4995 1696 5068 φιλάνθρωπος
1723 4999 1856 5064 Θεὸς

280 5079 373 5133 καὶ⁸
404 5080 608 5150 ἀγαθὸς
634 5083 824 5157 Σωτὴρ
861 5085 1077 5158 πρῶτον
1108 5087 1206 5159 μὲν
1229 5086 1512 5161 ὡδήγησεν
1540 5091 1735 5155 αὐτοὺς
1775 5096 1855 5156 είς

280 5170 395 5227 όδδν
415 5174 651 5230 εὐθεῖαν·
683 5176 873 5231 ἔπειτα
903 5179 1106 5249 ἔδειξεν
1132 5183 1315 5246 αὐτοῖς
1341 5182 1458 5246 πῶς
1480 5185 1585 5257 χρὴ
1619 5184 1853 5255 βαδίζειν

278 5265 377 5338 τὴν
406 5266 676 5340 φέρουσαν
713 5273 794 5335 είς
820 5271 917 5345 τὴν
948 5273 1103 5328 πόλιν
1144 5274 1237 5329 τοῦ
1268 5277 1708 5352 κατοικητηρίου.
1743 5280 1853 5333 Καὶ

278 5357 360 5424 τίς
380 5359 447 5415 ἀν
470 5360 554 5435 εἴη
589 5364 624 5436 ή
656 5364 838 5419 εὐθεῖα
868 5366 985 5430 ὁδὸς
1012 5366 1047 5439 ἥ
1074 5368 1104 5421 ό
1138 5370 1401 5442 σωτήριος
1444 5368 1601 5441 λόγος
1630 5371 1659 5426 ὁ
1688 5371 1853 5441 εὐαγ-

279 5448 508 5520 γελικὺς,
541 5454 570 5508 δ
606 5455 764 5526 μόνος
801 5458 949 5528 ἡμᾶς
978 5458 1127 5528 άγων
1157 5460 1239 5525 είς
1269 5460 1369 5533 τήν
1411 5461 1732 5534 ἐπουράνιον
1764 5464 1853 5516 πό-

278 5547 373 5599 λινο
405 5546 463 5599 ἐν
556 5548 835 5620 γενόμενοι
870 5551 932 5605 τὸ
965 5554 1386 5626 κατοικητήριον
1422 5553 1580 5627 ήμῶν
1625 5557 1850 5630 εὑρήσο-

279 5652 403 5706 μεν;
456 5637 1150 5711 Ἐξομολογησὰσθωσαν
1210 5644 1290 5711 τῷ
1342 5645 1535 5714 Κυρίῳ
1590 5647 1663 5701 τὰ
1705 5646 1848 5703 ὲλέιι

343 5816 389 5852 ’³
426 5818 594 5878 Amos
628 5837 763 5887 vui,
802 5823 861 5878 il
889 5862 905 5887 ,
946 5823 1032 5879 l2.

560 5918 836 5981 Ps'rnon.
876 5921 994 5983 Gn.
1030 5920 1271 5983 XXIII.

1987 2418 2232 2488 aquilone
2269 2436 2432 2491 usque
2469 2420 2539 2475 ad
2580 2422 2831 2477 orientem
2870 2439 2889 2477 :
2934 2423 3232 2479 circuibunt
3279 2433 3569 2497 quaerentes

1987 2508 2197 2564 verbum
2260 2510 2519 2578 Domini,
2571 2520 2623 2567 et
2672 2529 2777 2567 non
2839 2512 3098 2569 invenient
3121 2512 3453 2587 ";;idcirco
3510 2515 3569 2571 in

1984 2598 2205 2659 deserto
2227 2603 2489 2660 virtutum
2525 2604 2860 2662 exsistentes
2898 2606 3243 2674 errabamus,
3274 2604 3470 2663 ducem
3503 2621 3569 2664 ac

1984 2697 2290 2767 principem
2328 2712 2439 2753 non
2486 2697 2656 2764 nacti,
2687 2714 2851 2770 quem
2883 2708 3176 2771 sequentes
3207 2700 3442 2758 decursa
3478 2699 3565 2756 via

1982 2787 2224 2858 reperire
2244 2804 2531 2861 possemus
2555 2791 2828 2846 civitatem
2856 2807 3012 2849 sacra
3030 2793 3147 2865 lege
3165 2794 3270 2849 rite
3290 2794 3565 2851 constitu-

1981 2885 2113 2943 tam,
2136 2878 2192 2933 in
2208 2894 2314 2950 qua
2332 2879 2577 2937 habitare
2599 2896 2904 2952 possemus,
2924 2900 3205 2957 nunquam
3228 2884 3354 2942 inde
3383 2899 3563 2943 reces-

1980 2973 2095 3029 suri
2112 2992 2125 3029 :
2145 2973 2260 3030 haec
2280 2981 2461 3030 autem
2481 2983 2565 3030 est
2582 2976 2755 3032 virtus
2768 2985 2819 3032 et
2836 2974 2927 3033 Dei
2945 2977 3480 3049 sapientia.-—Vrns.
3505 2977 3560 3035 6.

1984 3060 2055 3116 Et
2082 3062 2447 3118 clamauerunt
2485 3063 2556 3118 ad
2588 3065 2873 3119 Dominum
2909 3082 3028 3120 cum
3059 3066 3468 3137 tribularentur,
3510 3079 3561 3125 et

1982 3156 2383 3210 necessitatibus
2416 3171 2600 3211 eorum
2629 3159 2819 3228 eripuit
2844 3174 2952 3213 eos.
2981 3157 3184 3217 Gentes
3215 3175 3408 3218 omnes
3435 3175 3559 3217 cum

1980 3247 2038 3302 in
2075 3247 2294 3304 deserto
2321 3258 2377 3304 et
2424 3248 2695 3319 inaquoso
2739 3257 3011 3317 errarent,
3045 3261 3208 3325 atque
3244 3253 3424 3308 anima
3467 3268 3558 3310 ea-

1978 3354 2100 3395 rum
2157 3356 2224 3396 ex
2271 3342 2502 3413 penuria
2550 3343 2874 3399 salutarium
2922 3345 3213 3401 verborum
3278 3344 3556 3412 deﬁceret,

1977 3429 2287 3486 clamabant
2330 3432 2397 3488 ad
2447 3431 2619 3488 Deum
2673 3435 3080 3506 supplicantes,
3130 3447 3191 3493 ut
3247 3438 3553 3495 communis

1976 3521 2234 3579 omnibus
2278 3522 2541 3580 Servatur
2581 3527 2936 3584 mitteretur:
2969 3528 3038 3583 Et
3090 3528 3448 3586 clamauerunt
3484 3532 3552 3586 ad

1979 3613 2260 3670 Dominum
2287 3633 2404 3672 cum
2440 3618 2845 3675 tribularentur.
2889 3619 3134 3693 Captivis
3170 3623 3549 3691 condolentes,

1971 3721 2037 3762 ac
2065 3722 2194 3778 erga
2235 3708 2490 3766 sitientes
2520 3720 2575 3766 et
2618 3727 2730 3782 pra:
2760 3711 2868 3767 cibi
2925 3714 3155 3783 penuria
3204 3714 3389 3771 animo
3415 3716 3548 3773 deli-

1971 3797 2182 3854 cientcs
2210 3798 2588 3855 misericordia
2613 3802 2768 3871 moti,
2801 3802 3115 3858 clamabant
3145 3805 3248 3875 ipsi
3275 3814 3331 3862 et
3352 3806 3547 3863 vocife-

1969 3888 2235 3945 rabantur
2255 3891 2323 3946 ad
2344 3889 2657 3957 Dominum,
2680 3907 2781 3965 pro
2805 3894 2922 3950 suis
2943 3894 3144 3966 singuli
3168 3895 3544 3968 deprecantes.

2040 4149 2205 4205 Vens.
2236 4151 2286 4215 7,
2321 4151 2375 4206 8.
2419 4150 2489 4205 Et
2506 4151 2723 4208 deduxit
2744 4170 2831 4210 eos
2854 4156 2908 4210 in
2929 4158 3067 4212 viam
3087 4170 3304 4231 rectam,
3326 4175 3384 4218 ut
3406 4165 3542 4221 irent

1964 4238 2018 4292 in
2047 4239 2308 4295 civitatem
2342 4241 2709 4299 habitationis.
2735 4242 3103 4315 Conﬁteantur
3130 4250 3356 4307 Domino
3385 4255 3541 4310 mise-

1966 4331 2213 4399 ricordia:
2250 4332 2388 4403 ejus,
2419 4342 2468 4388 et
2498 4333 2768 4388 mirabilia
2804 4335 2920 4406 ejus
2960 4337 3092 4407 ﬁliis
3135 4341 3426 4399 hominum.
3459 4343 3539 4401 Illi

1965 4424 2233 4496 siquidem
2267 4437 2593 4481 erraverunt
2627 4426 2683 4481 iu
2727 4434 2875 4483 terra
2905 4427 3123 4486 deserta
3158 4442 3213 4488 et
3248 4435 3537 4506 inaquosa,

1962 4518 2066 4572 hac
2096 4520 2270 4589 prima
2300 4518 2651 4590 aegritudine,
2683 4523 2892 4578 erroris
2926 4525 3158 4588 scilicet,
3202 4525 3536 4588 laborantes.

1960 4609 2101 4666 llinc
2125 4611 2179 4664 in
2209 4611 2510 4666 secundum
2541 4613 2743 4669 malum
2767 4612 2997 4685 delapsi,
3021 4617 3163 4673 viam
3195 4621 3455 4688 civitatis,
3482 4625 3536 4680 in

1958 4719 2065 4774 qua
2098 4703 2431 4770 habitarent,
2465 4720 2574 4759 non
2621 4706 2950 4763 invenerunt
2984 4726 2997 4765 :
3027 4723 3092 4765 ac
3122 4713 3343 4768 tertium
3386 4716 3534 4787 ipsos
3589 4704 3592 4707 ’

1957 4795 2164 4849 malum
2198 4796 2421 4861 invasit,
2457 4796 2587 4868 quia
2620 4797 2937 4855 esuriebant
2964 4807 3020 4855 et
3052 4800 3332 4871 sitiebant,
3377 4807 3452 4863 ita
3477 4818 3533 4866 ut

1958 4888 2138 4941 anima
2187 4902 2378 4943 eorum
2425 4888 2480 4942 in
2517 4889 2663 4960 ipsis
2711 4889 2987 4949 deﬁceret.
3031 4892 3306 4968 Benignus
3353 4912 3531 4959 autem

1958 4979 2103 5036 Deus
2136 4996 2202 5035 ac
2244 4982 2422 5037 bonus
2454 4980 2725 5048 Salvator,
2753 4983 2931 5054 primo
2952 4986 3171 5058 quidem
3194 4989 3419 5048 deduxit
3438 5012 3530 5054 eos

1957 5073 2011 5127 in
2053 5074 2195 5129 viam
2243 5083 2485 5141 rectam;
2536 5074 2733 5132 deinde
2774 5075 2962 5133 docuit
3007 5094 3105 5136 eos
3133 5097 3243 5153 quo
3276 5096 3438 5156 pacto
3475 5089 3527 5144 in

1956 5170 2041 5225 via
2081 5169 2148 5224 ad
2179 5167 2457 5225 civitatem
2509 5169 2808 5227 habitaculi
2852 5170 3109 5245 ducente,
3149 5177 3523 5248 graderentur.

1953 5260 2139 5332 Ecqua
2183 5277 2315 5317 vero
2351 5262 2442 5316 illa
2494 5270 2646 5318 recta
2688 5263 2778 5318 via
2838 5263 3040 5330 fuerit,
3101 5266 3207 5323 nisi
3270 5270 3520 5326 salutaris

1953 5371 2136 5413 sermo
2165 5356 2537 5426 evangelicus,
2569 5355 2663 5427 qui
2695 5356 2847 5413 solus
2890 5373 2992 5414 nos
3021 5359 3089 5414 ad
3120 5363 3394 5415 ctelestem
3432 5362 3518 5418 dun

1953 5450 2029 5505 cit
2054 5449 2368 5517 civitatem;
2421 5449 2475 5504 in
2505 5465 2611 5520 qua
2647 5452 2956 5518 constituti,
3000 5452 3368 5508 habitaculum
3422 5471 3515 5512 uo-

1951 5550 2126 5598 strum
2153 5542 2536 5613 reperiemus?
2566 5541 2936 5614 Conﬁteantur
2963 5544 3190 5598 Domino
3226 5546 3515 5603 misericor-

1950 5634 2055 5693 ἀίω
2083 5636 2218 5708 ejus,
2262 5643 2314 5691 et
2354 5634 2625 5694 mirabilia
2656 5637 2770 5709 ejus
2811 5637 2940 5709 ﬁliis
2984 5634 3254 5692 hominum
3279 5654 3299 5694 :
3328 5641 3512 5712 praedi-

3128 5921 3206 5985 (r2
