4044 6212
511 334 534 380 ‘I
543 331 648 382 32b

1207 318 1469 371 EUSEBII
1507 309 1986 369 CAESARIENSIS
2023 309 2172 366 OPP.
2215 308 2394 364 PARS
2423 307 2516 362 ‘lﬂ.
2551 305 3031 363 ——EX‘EGETICA.

3606 298 3749 358 132i

509 453 702 502 cantes
728 439 981 496 omnibus
1015 436 1140 492 ﬁliis
1167 435 1468 501 hominum,
1501 442 1563 488 ut
1584 447 1775 487 omnes
1798 432 1865 486 de
1899 431 2073 502 gratia

2195 430 2380 496 ιὺτοῦ,
2409 429 2506 482 καὶ
2536 429 2612 481 τὰ
2634 423 2937 495 θαυμάσια
2965 420 3149 478 αὐτοῦ
3172 419 3296 487 τοῖς
3317 417 3469 486 υἱοῖς
3503 417 3623 472 τῶν
3655 417 3758 470 ἀνι

511 536 606 591 Dei
643 535 698 589 in
727 547 828 588 nos
861 530 1081 592 collata,
1114 527 1290 597 deque
1314 526 1436 596 ejus
1466 523 1841 579 misericordia
1880 522 2078 577 certio-

512 643 600 684 res
631 624 830 691 eﬂ'eeti,
856 622 922 676 ad
948 621 1178 677 salutem
1202 632 1557 688 properantius
1587 623 1853 670 nostram.

585 910 753 968 Vens.
781 908 935 965 9-H.
980 905 1118 972 Quia
1145 901 1357 956 satiavit
1381 898 1618 951 animant
1639 896 1869 956 inanem,
1894 899 1943 944 et
1965 888 2082 942 ani-

515 1021 658 1058 mam
687 1003 1001 1058 esurientem
1031 996 1244 1066 replevit
1285 992 1455 1056 bonis,
1489 989 1721 1043 sedentes
1768 985 1823 1038 in
1859 980 2080 1036 tenebris

513 1109 564 1154 et
585 1099 771 1152 umbra
793 1093 997 1156 mortis,
1024 1092 1219 1145 cinctos
1245 1089 1300 1141 in
1332 1085 1662 1140 mendicitate
1687 1089 1736 1134 et
1756 1079 1917 1149 ferro.
1944 1075 2084 1142 Quia

515 1188 956 1245 exacerbaverunt
990 1183 1198 1253 eloquia
1243 1178 1479 1241 Domini,
1512 1184 1561 1230 et
1600 1173 1877 1228 consilium
1915 1168 2085 1223 Altis-

517 1282 640 1337 simi
669 1279 1030 1333 irritaverant.
1061 1272 1321 1328 Umbram
1350 1268 1542 1323 mortis
1571 1265 1615 1322 si
1641 1261 2001 1320 idololatriam
2033 1266 2086 1314 et

518 1372 720 1442 impias
759 1369 1003 1422 actiones
1051 1363 1277 1425 dixeris,
1329 1361 1646 1430 neutiquam
1699 1356 1945 1409 aberres.
1992 1349 2086 1404 Ha:

516 1441 718 1534 quippe
751 1466 880 1515 sunt
917 1473 1037 1528 qua:
1074 1470 1176 1509 nos
1199 1469 1229 1507 a
1261 1467 1388 1508 vera
1421 1451 1533 1504 vita
1578 1451 1877 1504 semovent.
1907 1442 1964 1496 In
1999 1441 2086 1496 his

519 1532 686 1626 porro
715 1559 876 1606 antea
909 1547 1289 1604 versabamur,
1326 1541 1546 1612 quando
1579 1537 1748 1593 Deum
1796 1532 2089 1589 exacerba-

517 1650 732 1711 hamus,
755 1653 808 1702 et
829 1642 1117 1698 consilium
1139 1636 1399 1692 Altissimi
1425 1632 1788 1687 irritabamus.
1807 1625 1941 1680 Nam
1963 1639 2085 1680 cum

519 1738 852 1810 oportuisset
896 1749 963 1790 ex
988 1727 1360 1801 magnitudine
1401 1733 1454 1779 et
1499 1718 1903 1791 pulchritudine
1929 1730 2086 1770 crea-

520 1839 766 1898 turarum
791 1825 1038 1897 opiﬁcem
1068 1821 1442 1875 universorum
1461 1813 1832 1881 contemplari,
1863 1818 1916 1864 et
1945 1823 2090 1864 sem-

520 1921 788 1992 piternam
812 1918 930 1987 ejus
949 1913 1202 1969 virtutem
1239 1907 1683 1974 divinitalcmque
1716 1918 1782 1956 ex
1815 1898 2090 1954 creatione

522 1990 712 2068 mundi
742 2007 1083 2077 intelligere;
1117 2015 1217 2056 nos
1246 2004 1440 2052 contra
1489 1994 1644 2063 quasi
1675 1990 1803 2046 casei
1839 1990 1892 2043 in
1939 1997 2090 2041 teneo

522 2103 636 2160 bris
667 2108 723 2157 et
748 2099 942 2154 umbra
974 2093 1165 2149 mortis
1197 2090 1476 2160 degentes,
1507 2102 1570 2140 ac
1597 2081 1896 2141 secundum
1919 2080 2089 2135 ratio-

523 2193 733 2250 nabiles
761 2190 956 2245 animae
987 2186 1217 2242 virtutes
1252 2179 1542 2250 compediti
1571 2184 1624 2232 et
1663 2173 1938 2237 exeaecati,
1971 2189 2092 2226 mu-

523 2285 759 2340 tavimus
801 2280 1028 2351 gloriam
1069 2272 1372 2343 incorrupti
1421 2269 1516 2324 Dei
1569 2268 1624 2322 in
1677 2265 2090 2323 similitudinem

525 2373 776 2446 imaginis
803 2369 1046 2438 corrupti
1070 2365 1328 2428 hominis,
1361 2370 1414 2418 et
1439 2361 1744 2424 volucrum,
1775 2364 1830 2412 et
1851 2355 2093 2427 quadru-

525 2467 746 2538 pedum,
782 2471 837 2518 et
875 2461 1172 2531 reptilium.

597 2557 763 2615 Vens.
791 2553 983 2609 42-14.
1027 2549 1092 2604 Et
1117 2547 1453 2603 humiliatum
1489 2551 1566 2598 est
1607 2542 1659 2594 in
1693 2535 1960 2592 laboribus
2004 2551 2094 2588 cor

525 2667 704 2705 eorum
729 2667 746 2703 :
773 2646 1034 2718 inﬁrmati
1055 2653 1198 2706 sunt,
1224 2657 1315 2695 nec
1337 2639 1437 2709 fuit
1468 2637 1555 2707 qui
1584 2633 1877 2702 adjuvaret.
1900 2628 2094 2698 Ingens

527 2741 727 2812 quippe
767 2737 899 2793 illud
940 2735 1155 2790 facinus
1204 2731 1306 2787 soli
1340 2725 1518 2784 Verbo
1552 2725 1647 2779 Dei
1688 2719 2091 2785 reservabatur,

529 2835 596 2889 de
617 2847 726 2903 quo
755 2831 858 2888 sub
887 2830 1000 2884 haec
1023 2826 1221 2880 dicitur
1249 2844 1262 2877 :
1293 2822 1439 2876 Misit
1480 2817 1699 2873 Verbum
1727 2830 1902 2877 suum,
1924 2820 1972 2866 et
2008 2827 2095 2864 sa-

531 2901 676 2980 navit
705 2939 814 2988 eos,
844 2932 892 2976 et
924 2918 1115 2988 eripuit
1153 2933 1239 2970 eos
1282 2914 1344 2968 de
1371 2907 1761 2966 interitionibus
1790 2920 1989 2960 eorum.
2027 2901 2095 2955 Et
2139 2937 2157 2942 η

530 3017 889 3070 clamauerunt
921 3011 987 3066 ad
1019 3009 1304 3064 Dominum
1346 3021 1464 3058 cum
1503 3001 1883 3054 tribularentur
1911 3012 1929 3049 :
1952 3003 2000 3049 ct
2033 2993 2097 3047 de

531 3103 927 3162 necessitatibus
965 3116 1143 3154 eorum
1185 3095 1421 3151 liberavit
1449 3110 1557 3147 eos.
1601 3089 1669 3143 Et
1706 3088 1887 3142 eduxit
1916 3101 2002 3140 eos
2034 3084 2097 3138 de

533 3198 758 3254 tenebris
787 3204 835 3250 et
863 3192 1050 3246 umbra
1081 3189 1288 3252 mortis,
1318 3195 1366 3240 et
1401 3184 1614 3239 vincula
1645 3197 1824 3236 eorum
1847 3178 2094 3246 disrupit.

533 3286 670 3341 Nam
694 3281 967 3356 quomodo
989 3281 1044 3334 in
1074 3275 1494 3334 necessitatibus
1525 3287 1634 3327 non
1658 3271 1945 3330 fuerimus,
1973 3282 2098 3321 eum

535 3376 788 3448 malignis
812 3371 1150 3429 daemonibus
1180 3375 1235 3424 et
1264 3366 1549 3438 spiritibus
1587 3360 1883 3417 immundis
1927 3358 2100 3413 servi-

537 3466 757 3523 remus?
792 3465 860 3517 At
880 3461 1149 3532 benignus
1177 3466 1229 3512 et
1259 3456 1571 3512 misericors
1595 3453 1760 3517 Deus,
1790 3458 2100 3507 sanctorum

536 3556 922 3627 prophetarum
948 3565 1012 3606 ac
1045 3548 1420 3619 religiosorum
1454 3546 1693 3598 virorum
1723 3557 1822 3612 pro
1849 3541 2006 3596 nobis
2035 3541 2102 3594 ad

537 3665 596 3705 se
622 3645 973 3702 clamantium
1006 3657 1194 3714 preces
1223 3638 1541 3702 exaudiens,
1582 3650 1690 3690 non
1719 3633 1882 3688 modo
1910 3648 2010 3688 nos
2036 3633 2103 3686 ab

539 3742 646 3795 lllis
685 3738 902 3808 eripuit,
949 3750 1136 3790 verum
1187 3732 1352 3787 etiam
1381 3743 1571 3786 eorum
1602 3727 1819 3781 vincula
1847 3725 2100 3794 disrupit.

543 3832 656 3886 Hoc
693 3845 857 3902 porro
886 3827 1128 3882 declarat
1171 3825 1400 3880 uberem
1441 3829 1788 3892 peccatorum
1819 3817 2104 3873 remissio-

544 3925 689 3986 nem,
717 3937 823 3992 qua
856 3935 956 3975 nos
995 3916 1292 3972 Salvatoris
1321 3913 1495 3968 nostri
1525 3909 1655 3966 Iesu
1687 3909 1892 3965 Christi
1930 3908 2105 3979 gratia

541 4017 798 4086 dignatus
823 4019 926 4067 est.

613 4208 895 4263 VansASJ
909 4207 958 4260 7.
977 4204 1339 4274 Conﬁteantur
1351 4201 1574 4255 Domino
1588 4197 1958 4253 misericordia:
1972 4196 2105 4265 ejus,

542 4300 873 4374 etmirabilia
899 4299 1014 4368 ejus
1035 4297 1163 4367 ﬁliis
1188 4294 1491 4348 hominum:
1513 4293 1638 4363 quia
1660 4290 1902 4346 contrivit
1925 4297 2105 4358 portas

544 4409 729 4456 areas,
757 4400 807 4446 et
830 4399 994 4444 vectes
1026 4388 1221 4458 ferreos
1255 4386 1528 4456 confregit.
1559 4383 1796 4452 Suscepit
1822 4377 1993 4455 εοεαε
2025 4381 2107 4433 via

2179 521 2441 590 Optbawr'
2468 519 2837 591 «κηρύσσοντες
2863 517 2943 580 είς
2970 514 3175 577 πάντας
3196 513 3322 576 τοῦς
3345 512 3494 575 υἱοὺς
3520 509 3633 563 τῶν
3660 510 3758 561 ἀν-

2179 611 2434 684 θρώπων,
2475 612 2620 673 ὅπως
2657 611 2708 663 οἱ
2750 609 2972 670 πάντες,
3017 605 3116 677 τὴν
3162 603 3321 675 χάριν
3360 603 3460 674 τὴν
3493 603 3574 665 εις
3605 602 3754 673 ἡμᾶς

2179 703 2547 775 γεγενημένην
2577 703 2673 754 καὶ
2699 701 2766 754 τὰ
2799 700 2921 771 ὲλέη
2961 698 3056 752 τοῦ
3089 697 3223 762 Θεοῦ
3259 695 3541 767 μαθόντες,
3581 691 3754 747 σπεύι

2182 812 2362 864 σωμεν
2393 795 2485 846 ἐπὶ
2519 792 2615 864 τὴν
2640 791 2816 846 αὐτῶν
2852 789 3144 862 σωτηρίαν.

2252 908 2372 960 Ὅτι
2403 907 2693 974 ἐχόρτασε
2715 902 2927 972 ψυχὴν
2949 901 3156 970 κενὴν,
3178 899 3278 954 καὶ
3301 875 3758 969 ψυχὴνπεινῶ-

2183 1014 2303 1052 σαν
2335 996 2674 1064 ἐνέπλησεν
2718 994 2974 1064 ἀγαθῶν,
3016 991 3394 1062 καθημένους
3434 991 3503 1044 ὲν
3545 992 3754 1044 σκότει

2184 1091 2280 1144 καὶ
2307 1087 2450 1156 σκιᾷ
2469 1086 2746 1150 θανάτου,
2775 1084 3226 1153 πεπεδημένους
3259 1083 3327 1137 ὲν
3363 1083 3625 1152 πτωχείᾳ
3654 1084 3754 1136 καὶ

2184 1183 2425 1252 σιδήρῳ.
2458 1184 2579 1235 Ὅτι
2607 1180 3056 1249 παρεπίκραναν
3080 1177 3153 1230 τὰ
3173 1176 3348 1244 λόγια
3373 1175 3481 1229 τοῦ
3508 1175 3761 1242 Κυρίου,

2185 1277 2285 1332 καὶ
2308 1277 2422 1344 τὴν
2450 1274 2694 1342 ,ϐουλὴν
2720 1272 2825 1326 τοῦ
2868 1271 3149 1340 Ὑψίστου
3181 1266 3551 1338 παρώξυναν.
3584 1264 3759 1320 suam

2187 1367 2416 1422 Θανάτου
2449 1367 2549 1418 ούκ
2587 1364 2651 1417 ἂν
2682 1362 2948 1434 ἁμάρτοις
2980 1361 3156 1429 λέγων
3183 1359 3280 1431 τὴν
3312 1359 3758 1430 εἰδωλολατρείαν

2185 1457 2282 1511 καὶ
2307 1457 2403 1519 τὰς
2427 1457 2483 1508 ἐν
2506 1455 2756 1524 ἀθεότητι
2787 1452 3034 1525 πράξεις.
3067 1447 3235 1504 Αῦται
3265 1451 3374 1522 γάρ
3404 1451 3535 1503 εἰσιν
3560 1451 3613 1502 αἱ
3639 1468 3760 1520 χω-

2191 1552 2432 1624 ρίζουσαι
2484 1539 2630 1621 ἡμᾶς
2675 1549 2774 1618 τῆς
2826 1545 3085 1616 ἀληθινῆς
3117 1542 3282 1614 ζωῆς.
3331 1543 3417 1596 Ἐν
3442 1542 3658 1606 ταύταις
3692 1542 3760 1596 δὲ

2188 1637 2329 1712 ἦμεν
2357 1639 2641 1712 πρότερον,
2672 1637 2758 1691 διὰ
2789 1637 2851 1690 τὸ
2879 1633 3333 1705 παραπικραίνειν
3361 1633 3451 1686 τὸν
3477 1632 3632 1697 Θεὸν,
3664 1633 3771 1686 καὶ

2191 1733 2290 1804 τὴν
2333 1729 2526 1802 βουλὴν
2577 1725 2670 1782 τοῦ
2730 1726 2982 1796 Ὑψίστου
3013 1725 3352 1796 παροξύνειν.
3384 1724 3512 1777 Δέον
3550 1724 3662 1794 γὰρ
3697 1725 3766 1776 ἐκ

2121 1814 2164 1868 Β
2195 1823 2455 1897 μεγέθους
2485 1823 2580 1876 καὶ
2617 1821 2874 1891 καλλονῆς
2919 1819 3232 1890 κτισμάτων
3259 1819 3349 1871 τὸν
3381 1817 3766 1888 γενεσιουργὺν

2190 1919 2297 1971 τῶν
2327 1918 2462 1971 ὅλων
2494 1917 2738 1987 θεωρεῖν,
2765 1914 2859 1967 καὶ
2892 1913 2990 1984 τὴν
3022 1899 3192 1965 ἀΐδιον
3221 1910 3386 1964 αὑτοῦ
3413 1910 3642 1981 δύναμιν
3669 1911 3770 1964 καὶ

2192 2009 2441 2081 θειότητα
2466 2007 2572 2061 ἀπὸ
2604 2008 2832 2070 κτίσεως
2863 2006 3067 2076 κόσμου
3097 2007 3255 2058 νοεῖν·
3290 2006 3447 2074 ἡμεῖς
3475 2003 3531 2056 δὲ
3552 2000 3644 2056 οἷα
3674 2022 3766 2057 τυ-

2193 2102 2313 2172 φλοὶ
2345 2103 2402 2154 ὲν
2430 2100 2603 2171 σκότῳ
2635 2099 2730 2152 καὶ⁸
2757 2101 2884 2170 σκιᾷ
2926 2098 3152 2152 θανάτου
3189 2097 3486 2167 διάγοντες,
3523 2098 3621 2151 καὶ
3665 2097 3766 2160 τάς

2192 2191 2410 2263 λογικὰς
2440 2193 2538 2261 τῆς
2573 2191 2748 2261 ψυχῆς
2779 2191 3036 2261 δυνάμεις
3059 2189 3424 2260 πεπεδημένοι
3456 2189 3550 2241 καὶ

2197 2283 2452 2356 ρωμένοι,
2481 2281 2872 2352 ὲνηλλάττομεν
2896 2281 2994 2351 τὴν
3027 2277 3182 2344 δόξαν
3205 2279 3295 2331 τοῦ
3325 2277 3602 2349 ἀφθάρτου
3628 2278 3765 2331 Θεοῦ

2193 2377 2251 2428 ὲν
2277 2373 2581 2446 ὁμοιώματι
2609 2372 2815 2436 εἰκόνος
2843 2372 3079 2444 φθαρτοῦ
3105 2369 3412 2442 ἀνθρώπου,
3452 2370 3546 2423 καὶ
3576 2386 3761 2422 πετει-

2194 2469 2300 2522 νῶν
2334 2469 2427 2522 καὶ
2451 2468 2793 2540 τετραπόδων
2827 2468 2920 2521 καὶ
2957 2467 3220 2539 ἑρπετῶν.

2264 2558 2374 2613 Καὶ
2413 2557 2769 2627 ἐταπεινώθη
2819 2558 2889 2612 ὲν
2928 2561 3137 2623 κόποις
3188 2558 3228 2625 ἠ
3280 2555 3493 2625 καρδία
3545 2554 3766 2610 αὐτῶν·

2194 2650 2547 2719 ἡσθένησαν
2591 2651 2690 2704 καὶ
2722 2653 2834 2705 οὐκ
2872 2647 2952 2721 ἦν
2991 2652 3024 2703 ό
3051 2649 3313 2718 βοηθῶν.
3349 2650 3632 2720 Ἐτηρεῖτο
3663 2649 3772 2720 γὰρ

2194 2744 2255 2797 τὸ
2296 2744 2437 2814 μέγα
2463 2743 2619 2796 τοῦτο
2651 2741 2978 2813 κατόρθωμα
3015 2742 3158 2812 μόνῳ
3189 2740 3266 2813 τῷ
3296 2742 3452 2812 Λόγῳ
3485 2739 3579 2794 τοῦ
3609 2741 3771 2803 Θεοῦ,

2197 2839 2324 2911 περὶ
2349 2834 2409 2890 οὗ
2433 2836 2556 2908 ἑξῆς
2582 2835 2814 2908 εἷρηται’
2854 2835 3188 2889 Ἀπέστειλε
3208 2834 3314 2888 τὸν
3340 2835 3534 2904 Λόγον
3557 2834 3771 2896 αὐτοῦ,

2197 2931 2295 2984 καὶ
2338 2930 2546 2984 ἰάσατο
2588 2922 2828 2993 αὖτοὺς,
2869 2927 2966 2982 καὶ
3012 2925 3390 2996 ἑλυτρώσατο
3431 2928 3655 2993 αὐτοὺς
3701 2927 3774 2980 ὲκ

2196 3016 2315 3071 τῶν
2343 3016 2677 3086 ὃιαφθορῶν
2705 3015 2923 3072 αὐτῶν.
2952 3016 3061 3070 Καὶ
3091 3016 3425 3086 ὲκέκραξαν
3462 3019 3614 3085 πρὸς
3658 3021 3774 3071 Κύ-

2125 3149 2169 3206 c
2192 3126 2328 3206 ριον
2351 3111 2419 3163 ὲν
2449 3109 2526 3175 τῷ
2561 3110 2863 3164 θλίϐεσθαι
2909 3108 3149 3175 αὐτοὺς,
3189 3109 3287 3162 καὶ
3325 3109 3394 3163 ἑκ
3432 3108 3552 3162 τῶν
3589 3111 3777 3179 ἀναγ-

2201 3200 2320 3255 κῶν
2345 3200 2542 3255 αὐτῶν
2565 3201 2800 3254 ἔσωσεν
2829 3201 3069 3266 αὐτούς.
3094 3199 3202 3254 Καὶ
3227 3199 3522 3271 ἐξήγαγεν
3548 3201 3776 3268 αὐτοὺς

2199 3293 2267 3346 ἐκ
2295 3295 2554 3358 σκότους
2582 3292 2678 3345 καὶ
2707 3291 2884 3359 σκιᾶς
2913 3291 3194 3355 θανάτου,
3218 3292 3314 3345 καὶ
3337 3293 3480 3359 τοὺς
3509 3292 3774 3362 δεσμοὺς

2199 3383 2397 3439 αὐτῶν
2435 3383 2726 3452 διέρρηξε.
2774 3384 2900 3448 Πῶς
2942 3385 3050 3455 γὰρ
3087 3385 3186 3438 ούκ
3227 3379 3368 3455 ἦμεν
3397 3387 3454 3438 ἐν
3483 3385 3774 3454 ἀνάγκαις,

2201 3479 2453 3547 πονηροῖς
2475 3464 2692 3546 δαίμοσι
2723 3476 2817 3528 καὶ
2846 3476 3152 3546 πνεύμασιν
3174 3476 3498 3547 ἀκαθάρτοις
3519 3477 3775 3530 δεδουλω-

2205 3568 2384 3638 μένοι;
2424 3568 2560 3619 Ἀλλ’
2588 3568 2616 3619 ό
2641 3567 3017 3638 φιλάνθρωπος
3053 3568 3147 3620 καὶ
3184 3567 3426 3637 ἐλεήμων
3452 3568 3600 3630 Θεὸς.
3650 3573 3772 3632 ταῖς

2201 3661 2308 3714 τῶν
2338 3662 2508 3730 ἀγίων
2549 3660 2712 3714 αὑτοῦ
2744 3661 3036 3732 προφητῶν
3062 3677 3121 3712 τε
3150 3661 3244 3713 καὶ
3273 3659 3518 3727 θεοφιλῶν
3549 3659 3766 3728 ἀνδρῶν

2204 3754 2389 3823 εὐχαῖς
2417 3752 2725 3816 ἐπακούσας
2759 3751 3006 3823 βοώντων
3035 3751 3176 3823 ὑπὲρ
3219 3752 3367 3824 ήμῶν
3405 3751 3537 3822 πρὸς
3574 3752 3775 3817 αὐτὸν,

2204 3848 2264 3900 οὐ
2299 3847 2456 3917 μόνον
2483 3845 2750 3915 ἐξήγαγεν
2784 3846 2931 3914 ἡμᾶς
2959 3846 3024 3897 ὲκ
3049 3846 3274 3908 τούτων,
3301 3842 3428 3897 ἀλλὰ
3447 3844 3542 3896 καὶ
3559 3841 3779 3895 τούτων

2204 3938 2273 3992 τὰ
2299 3937 2473 4008 δεσμὰ
2510 3935 2813 4008 διέρρηξεν.
2847 3935 3006 4008 Δηλοῖ
3045 3937 3102 3988 δὲ
3141 3936 3297 3990 τοῦτο
3323 3939 3421 4008 τὴν
3441 3936 3643 4007 ἀθρόαν
3670 3937 3783 3990 τῶν

2204 4029 2542 4101 ἁμαρτωλῶν
2576 4030 2788 4098 ἄφεσιν,
2825 4025 2893 4100 ἦς
2933 4029 3270 4100 κατηξίωσεν
3301 4030 3448 4100 ἡμᾶς
3474 4030 3510 4100 ἡ
3537 4028 3634 4082 τοῦ
3663 4030 3781 4081 Σω-

2206 4123 2369 4194 τῆρος
2396 4121 2555 4193 ἡμῶν
2601 4121 2772 4193 Ἰησοῦ
2801 4121 3035 4192 Χριστοῦ
3063 4123 3238 4193 χάρις.

2289 4213 2977 4284 Ἑξομολογησάσθωσαν
3025 4213 3106 4278 τῷ
3149 4214 3340 4280 Κυρίῳ
3379 4213 3454 4266 τὰ
3486 4214 3631 4283 ἐλέη
3673 4219 3784 4270 αὑ-

2208 4307 2333 4370 τοῦ,
2364 4307 2458 4360 καὶ
2485 4307 2558 4359 τὰ
2601 4305 2906 4374 θαυμάσια
2945 4304 3133 4359 αὐτοῦ
3166 4305 3291 4372 τοῖς
3321 4306 3475 4374 υἱοῖς
3523 4307 3643 4362 τῶν
3684 4311 3786 4364 ἀν-

2211 4395 2482 4463 θρώπων·
2519 4394 2607 4446 ὅτι
2650 4393 2978 4463 συνέτριψε
3025 4395 3225 4461 πύλας
3256 4396 3513 4465 χαλκᾶς,
3552 4400 3650 4452 καὶ
3674 4418 3785 4468 μο-

539 4480 836 4553 iniquitatis
866 4494 1066 4543 eorum,
1089 4485 1298 4546 propter
1326 4474 1615 4544 injustitias
1639 4473 1772 4526 enim
1791 4487 1914 4524 suas
1938 4469 2098 4522 humi-

2213 4489 2401 4557 χλοὺς
2423 4488 2708 4556 σιδηροῦς
2736 4489 3137 4546 συνέθλασεν.
3189 4492 3559 4546 Ἀηελάὄετο
3581 4495 3787 4549 αὐτῶν

542 4574 662 4627 tiati
692 4582 836 4626 sunt.
856 4569 1094 4640 ldipsum
1120 4568 1234 4637 jam
1280 4567 1350 4622 ob
1375 4566 1678 4636 posteriora
1694 4563 1813 4632 ejus
1845 4560 2104 4616 beneﬁcia

543 4663 828 4732 repetitur.
876 4659 1114 4716 IEstimo
1155 4666 1335 4713 autem
1378 4658 1738 4710 humanarum
1796 4655 2100 4707 animarum

543 4755 612 4809 ad
667 4761 895 4808 mortem
931 4767 1104 4823 usque
1151 4751 1361 4820 lapsum
1416 4749 1501 4804 his
1564 4747 1829 4812 indicari;
1876 4757 2108 4814 quarum

544 4859 712 4900 causa
743 4859 880 4914 opus
917 4842 1018 4897 fuit
1046 4851 1106 4898 ut
1149 4840 1474 4912 Redemptor
1506 4850 1560 4895 et
1590 4838 1839 4893 Salvator
1865 4835 2107 4892 omnium

545 4935 614 4990 ad
646 4943 874 4992 mortem
906 4949 1078 5004 usque
1124 4932 1497 4988 descenderet.
1526 4931 1643 4997 Quo
1691 4943 1815 4983 cum
1858 4927 2007 4982 solus
2043 4940 2108 4979 ex

547 5029 803 5085 omnibus
830 5027 1069 5084 venisset
1097 5026 1350 5083 Christus
1388 5024 1501 5089 Dei,
1532 5034 1717 5099 portas
1759 5021 1902 5088 illas,
1931 5035 2050 5088 qua:
2079 5033 2110 5072 a

548 5118 747 5175 seculo
794 5117 938 5172 ferro
1003 5116 1236 5171 occlusae
1276 5123 1469 5183 erant,
1510 5124 1563 5171 et
1617 5113 1751 5168 nulli
1801 5110 2108 5165 mortalium

550 5217 748 5279 apertae
783 5205 1019 5268 fuerant,
1039 5214 1201 5275 atque
1233 5205 1353 5259 ideo
1378 5220 1444 5259 ex
1464 5218 1570 5258 aere
1595 5199 1840 5257 conﬂata:
1871 5199 2108 5261 fuerant,

551 5297 844 5362 contrivit,
880 5305 934 5353 et
974 5312 1080 5350 una
1123 5310 1311 5351 earum
1357 5303 1576 5362 vectes,
1615 5303 1773 5348 antea
1811 5291 2108 5354 infractos,

551 5390 837 5462 confregit.

617 5582 749 5639 νει-ε
769 5575 944 5641 18-25.
969 5584 1184 5641 Omnem
1197 5601 1368 5640 escam
1387 5583 1689 5638 abominata
1699 5593 1775 5637 est
1799 5583 1978 5635 anima
1999 5598 2113 5636 eor-

554 5692 664 5739 um,
685 5685 733 5732 et
755 5679 1295 5750 appropinquaverunt
1331 5694 1492 5747 usque
1521 5675 1596 5730 ad
1614 5685 1794 5746 portas
1811 5677 2017 5732 mortis.
2031 5673 2114 5730 Οἱ)

558 5765 758 5820 malum
777 5766 1026 5824 affectum
1047 5769 1355 5836 cori-moui
1373 5767 1747 5825 rationabilem
1763 5775 1815 5824 et
1830 5766 2114 5824 animabus

2205 4581 2274 4646 ἐξ
2307 4580 2449 4635 ὀδοῦ
2477 4581 2727 4650 ἀνομίας
2751 4582 2950 4636 αὐτῶν
2967 4600 2980 4614 ·
3008 4583 3105 4637 διὰ
3125 4585 3235 4653 γὰρ
3264 4585 3368 4650 τὰς
3393 4585 3650 4655 ἀνομίας
3681 4591 3786 4644 αὑ-

2207 4673 2325 4728 τῶν
2351 4673 2854 4742 ἐταπεινώθησαν.
2893 4676 3001 4728 Καὶ
3031 4675 3125 4730 νῦν
3165 4677 3227 4730 τὸ
3258 4677 3389 4730 αὐτὸ
3436 4677 3661 4747 λέγεται
3693 4682 3788 4733 ἐπὶ

2207 4769 2326 4830 ταῖς
2365 4767 2650 4837 δευτέραις
2682 4767 3023 4838 εὐεργεσίαις
3069 4768 3256 4822 αὑτοῦ.
3308 4769 3576 4839 Ἠγοῦμαι
3610 4772 3670 4825 δὲ
3698 4769 3811 4826 διά

2208 4857 2411 4912 τούτων
2443 4858 2541 4929 τὴν
2573 4859 2736 4930 μέχρι
2777 4859 3006 4914 θανάτου
3051 4861 3403 4915 κατάπτωσιν
3428 4861 3540 4914 τῶν
3571 4863 3789 4934 ἀνθρω-

2210 4947 2379 5000 πίνων
2428 4948 2612 5020 ψυχῶν
2656 4949 2976 5021 δηλοῦσθαι·
3011 4950 3077 5004 δι’
3107 4951 3173 5014 ἃς
3209 4952 3302 5005 καὶ
3354 4953 3516 5024 μέχρι
3551 4951 3790 5007 θανάτου

2209 5040 2399 5111 ἐδέησε
2442 5041 2520 5112 τῷ
2550 5041 2794 5113 λυτρωτῇ
2841 5042 3059 5096 πάντων
3092 5044 3188 5096 καὶ
3233 5044 3444 5115 Σωτῆρι
3473 5045 3788 5100 κατελθεῖν.

2216 5131 2387 5185 Ἔνθα
2407 5131 2694 5203 γενόμενος
2720 5132 2878 5202 μόνος
2919 5133 3027 5186 τῶν
3079 5131 3295 5187 πώποτε
3342 5136 3371 5188 ό
3412 5135 3655 5204 Χριστὸς
3695 5137 3790 5190 τοῦ

2211 5219 2366 5284 Θεοῦ,
2403 5219 2500 5283 τὰς
2554 5219 2614 5284 ἐξ
2656 5220 2850 5284 αἰῶνος
2900 5219 3266 5293 σιδηροδέτους
3324 5220 3516 5285 πύλας,
3562 5223 3665 5274 καὶ
3690 5224 3789 5285 τὰς

2215 5311 2402 5382 μηδενὶ
2427 5310 2602 5383 θνητῷ
2628 5310 2989 5381 ἀνοιχθείσας,
3033 5312 3126 5380 καὶ
3148 5311 3236 5364 διὰ
3266 5310 3424 5364 τοῦτο
3457 5311 3672 5382 χαλκᾶς
3697 5330 3788 5382 γε·

2212 5402 2441 5473 νομένας
2464 5442 2478 5467 ,
2533 5403 2816 5474 συνέτριψε
2840 5446 2854 5471 ,
2914 5403 3008 5457 καὶ
3047 5405 3173 5467 τοὺς
3217 5402 3420 5456 τούτων
3469 5405 3789 5475 ἀρρήκτους

2217 5493 2446 5564 μοχλοὺς
2483 5493 2830 5548 συνέκλασεν.

2283 5584 2414 5639 Πᾶν
2445 5585 2656 5655 βρῶμα
2699 5585 3056 5651 ἐϐδελύξατο
3102 5587 3141 5655 ἠ
3179 5586 3351 5656 ψυχὴ
3399 5585 3620 5648 αὐτῶν,
3686 5589 3789 5642 καὶ

2215 5675 2473 5747 ἤγγισαν
2509 5677 2620 5745 ἕως
2656 5678 2775 5732 τῶν
2815 5678 3024 5732 πυλῶν
3074 5679 3180 5734 τοῦ
3230 5678 3506 5733 θανάτου.
3543 5680 3647 5732 Διὰ
3689 5698 3788 5734 xa-

2217 5768 2431 5836 κοεξίαν
2481 5769 2588 5823 τῶν
2647 5771 3135 5840 ἀποστρεφομένων
3184 5771 3360 5825 πᾶσαν
3407 5769 3634 5833 λογικὴν
3690 5772 3789 5825 καὶ
