  <div class='ocr_page' id='page_1' title='image "/cluster/home/n/w/nwhite01/storage/ocr_20150623/23/hvd.32044073501116/668.png"; bbox 0 0 4044 6212; ppageno 0'>
   <div class='ocr_carea' id='block_1_1' title="bbox 282 343 420 398">
    <p class='ocr_par' dir='ltr' id='par_1_1' title="bbox 282 343 420 398">
     <span class='ocr_line' id='line_1_1' title="bbox 282 343 420 398; baseline 0 -1"><span class='ocrx_word' id='word_1_1' title='bbox 282 343 420 398; x_wconf 72' lang='grc'><strong><em>1525</em></strong></span> 
     </span>
    </p>
   </div>
   <div class='ocr_carea' id='block_1_2' title="bbox 1377 322 2362 391">
    <p class='ocr_par' dir='ltr' id='par_1_2' title="bbox 1377 322 2362 391">
     <span class='ocr_line' id='line_1_2' title="bbox 1377 322 2362 391; baseline -0.009 0"><span class='ocrx_word' id='word_1_2' title='bbox 1377 326 1880 391; x_wconf 78' lang='lat' dir='ltr'><strong><em>COMMENTARIA</em></strong></span> <span class='ocrx_word' id='word_1_3' title='bbox 1919 325 1987 385; x_wconf 80' lang='grc' dir='ltr'><strong><em>ΙΝ</em></strong></span> <span class='ocrx_word' id='word_1_4' title='bbox 2027 322 2362 386; x_wconf 75' lang='lat' dir='ltr'><strong><em>PSALMOS.</em></strong></span> 
     </span>
    </p>
   </div>
   <div class='ocr_carea' id='block_1_3' title="bbox 3390 319 3529 385">
    <p class='ocr_par' dir='ltr' id='par_1_3' title="bbox 3390 319 3529 385">
     <span class='ocr_line' id='line_1_3' title="bbox 3390 319 3529 385; baseline 0.007 -2"><span class='ocrx_word' id='word_1_5' title='bbox 3390 319 3529 385; x_wconf 69' lang='grc'><strong>1526</strong></span> 
     </span>
    </p>
   </div>
   <div class='ocr_carea' id='block_1_4' title="bbox 279 441 1860 524">
    <p class='ocr_par' dir='ltr' id='par_1_4' title="bbox 279 444 1848 524">
     <span class='ocr_line' id='line_1_4' title="bbox 279 444 1848 524; baseline -0.005 -18"><span class='ocrx_word' id='word_1_6' title='bbox 279 452 466 524; x_wconf 77' lang='grc' dir='ltr'><em>ψυχῶν</em></span> <span class='ocrx_word' id='word_1_7' title='bbox 497 451 765 524; x_wconf 82' lang='grc' dir='ltr'><em>σωτήριον</em></span> <span class='ocrx_word' id='word_1_8' title='bbox 808 448 1034 523; x_wconf 83' lang='grc' dir='ltr'><em>τροφὴν,</em></span> <span class='ocrx_word' id='word_1_9' title='bbox 1077 448 1302 511; x_wconf 84' lang='grc' dir='ltr'><em>είκότως</em></span> <span class='ocrx_word' id='word_1_10' title='bbox 1334 444 1663 510; x_wconf 69' lang='grc' dir='ltr'><em>ἀποσταλεὶς</em></span> <span class='ocrx_word' id='word_1_11' title='bbox 1689 448 1719 500; x_wconf 99' lang='lat'><strong><em>6</em></strong></span> <span class='ocrx_word' id='word_1_12' title='bbox 1754 444 1848 499; x_wconf 79' lang='grc' dir='ltr'><em>τοῦ</em></span> 
     </span>
    </p>
   </div>
   <div class='ocr_carea' id='block_1_5' title="bbox 1962 441 3531 524">
    <p class='ocr_par' dir='ltr' id='par_1_5' title="bbox 1962 441 3531 509">
     <span class='ocr_line' id='line_1_5' title="bbox 1962 441 3531 509; baseline 0 -8"><span class='ocrx_word' id='word_1_13' title='bbox 1962 444 2250 501; x_wconf 75' lang='lat' dir='ltr'><strong><em>salutarem</em></strong></span> <span class='ocrx_word' id='word_1_14' title='bbox 2271 457 2455 499; x_wconf 80' lang='lat' dir='ltr'><strong><em>escam</em></strong></span> <span class='ocrx_word' id='word_1_15' title='bbox 2490 442 2904 509; x_wconf 76' lang='lat' dir='ltr'><strong><em>aversabantur,</em></strong></span> <span class='ocrx_word' id='word_1_16' title='bbox 2947 441 3144 499; x_wconf 83' lang='lat' dir='ltr'><strong><em>merito</em></strong></span> <span class='ocrx_word' id='word_1_17' title='bbox 3168 441 3375 501; x_wconf 85' lang='lat' dir='ltr'><strong><em>missus</em></strong></span> <span class='ocrx_word' id='word_1_18' title='bbox 3406 445 3531 500; x_wconf 80' lang='lat' dir='ltr'><strong><em>uni-</em></strong></span> 
     </span>
    </p>
   </div>
   <div class='ocr_carea' id='block_1_6' title="bbox 279 537 1855 616">
    <p class='ocr_par' dir='ltr' id='par_1_6' title="bbox 279 537 1855 616">
     <span class='ocr_line' id='line_1_6' title="bbox 279 537 1855 616; baseline -0.004 -18"><span class='ocrx_word' id='word_1_19' title='bbox 279 543 415 599; x_wconf 78' lang='grc' dir='ltr'><em>Θεοῦ</em></span> <span class='ocrx_word' id='word_1_20' title='bbox 442 543 737 616; x_wconf 81' lang='grc' dir='ltr'><em>μονογενὴς</em></span> <span class='ocrx_word' id='word_1_21' title='bbox 766 542 896 607; x_wconf 78' lang='grc' dir='ltr'>Υἱὸς</span> <span class='ocrx_word' id='word_1_22' title='bbox 925 542 1086 615; x_wconf 80' lang='grc' dir='ltr'><em>μέχρι</em></span> <span class='ocrx_word' id='word_1_23' title='bbox 1115 539 1223 594; x_wconf 91' lang='grc' dir='ltr'><strong><em>τῶν</em></strong></span> <span class='ocrx_word' id='word_1_24' title='bbox 1265 538 1361 592; x_wconf 80' lang='grc' dir='ltr'><em>τοῦ</em></span> <span class='ocrx_word' id='word_1_25' title='bbox 1400 538 1631 593; x_wconf 85' lang='grc' dir='ltr'><em>θανάτου</em></span> <span class='ocrx_word' id='word_1_26' title='bbox 1671 537 1855 591; x_wconf 88' lang='grc' dir='ltr'><em>πυλῶν</em></span> 
     </span>
    </p>
   </div>
   <div class='ocr_carea' id='block_1_7' title="bbox 281 632 1857 709">
    <p class='ocr_par' dir='ltr' id='par_1_7' title="bbox 281 632 1857 709">
     <span class='ocr_line' id='line_1_7' title="bbox 281 632 1857 709; baseline -0.005 -18"><span class='ocrx_word' id='word_1_27' title='bbox 281 637 507 708; x_wconf 78' lang='grc' dir='ltr'><em>ἔφθασε,</em></span> <span class='ocrx_word' id='word_1_28' title='bbox 538 635 844 709; x_wconf 73' lang='grc' dir='ltr'><em>σαρκωθεὶς</em></span> <span class='ocrx_word' id='word_1_29' title='bbox 871 636 967 689; x_wconf 79' lang='grc' dir='ltr'><em>καὶ</em></span> <span class='ocrx_word' id='word_1_30' title='bbox 993 632 1438 706; x_wconf 80' lang='grc' dir='ltr'><em>ὲνανθρωπήσας,</em></span> <span class='ocrx_word' id='word_1_31' title='bbox 1485 634 1646 703; x_wconf 77' lang='grc' dir='ltr'><em>χεῖρα</em></span> <span class='ocrx_word' id='word_1_32' title='bbox 1686 648 1857 703; x_wconf 86' lang='grc' dir='ltr'><em>σωτη-</em></span> 
     </span>
    </p>
   </div>
   <div class='ocr_carea' id='block_1_8' title="bbox 284 723 1852 801">
    <p class='ocr_par' dir='ltr' id='par_1_8' title="bbox 284 723 1852 801">
     <span class='ocr_line' id='line_1_8' title="bbox 284 723 1852 801; baseline -0.004 -20"><span class='ocrx_word' id='word_1_33' title='bbox 284 729 407 801; x_wconf 89' lang='grc' dir='ltr'><em>ρίας</em></span> <span class='ocrx_word' id='word_1_34' title='bbox 428 727 622 801; x_wconf 80' lang='grc' dir='ltr'><em>ὀρέξας</em></span> <span class='ocrx_word' id='word_1_35' title='bbox 655 726 751 782; x_wconf 73' lang='grc' dir='ltr'><em>καὶ</em></span> <span class='ocrx_word' id='word_1_36' title='bbox 781 728 894 790; x_wconf 76' lang='grc' dir='ltr'><em>τοῖς</em></span> <span class='ocrx_word' id='word_1_37' title='bbox 915 725 1095 797; x_wconf 66' lang='grc' dir='ltr'><em>,μέχρι</em></span> <span class='ocrx_word' id='word_1_38' title='bbox 1136 724 1325 778; x_wconf 84' lang='grc' dir='ltr'><em>τούτου</em></span> <span class='ocrx_word' id='word_1_39' title='bbox 1371 723 1852 788; x_wconf 84' lang='grc' dir='ltr'><em>καταπεπτωκόσι,</em></span> 
     </span>
    </p>
   </div>
   <div class='ocr_carea' id='block_1_9' title="bbox 281 812 1857 893">
    <p class='ocr_par' dir='ltr' id='par_1_9' title="bbox 281 812 1857 893">
     <span class='ocr_line' id='line_1_9' title="bbox 281 812 1857 893; baseline -0.008 -15"><span class='ocrx_word' id='word_1_40' title='bbox 281 824 379 878; x_wconf 77' lang='grc' dir='ltr'><em>καὶ</em></span> <span class='ocrx_word' id='word_1_41' title='bbox 415 820 553 893; x_wconf 78' lang='grc' dir='ltr'><em>πρὸς</em></span> <span class='ocrx_word' id='word_1_42' title='bbox 591 820 755 875; x_wconf 80' lang='grc' dir='ltr'><em>αὑτὸν</em></span> <span class='ocrx_word' id='word_1_43' title='bbox 787 816 1142 888; x_wconf 78' lang='grc' dir='ltr'><em>ἀναϐοήσασι.</em></span> <span class='ocrx_word' id='word_1_44' title='bbox 1193 815 1305 869; x_wconf 76' lang='grc' dir='ltr'><strong><em>Καὶ</em></strong></span> <span class='ocrx_word' id='word_1_45' title='bbox 1344 812 1677 883; x_wconf 77' lang='grc' dir='ltr'><em>έκέκραξαν</em></span> <span class='ocrx_word' id='word_1_46' title='bbox 1705 814 1857 883; x_wconf 79' lang='grc' dir='ltr'><em>πρὸς</em></span> 
     </span>
    </p>
   </div>
   <div class='ocr_carea' id='block_1_10' title="bbox 280 906 1858 985">
    <p class='ocr_par' dir='ltr' id='par_1_10' title="bbox 280 906 1858 985">
     <span class='ocr_line' id='line_1_10' title="bbox 280 906 1858 985; baseline -0.007 -13"><span class='ocrx_word' id='word_1_47' title='bbox 280 917 502 985; x_wconf 82' lang='grc' dir='ltr'><em>Κύριον</em></span> <span class='ocrx_word' id='word_1_48' title='bbox 522 916 594 969; x_wconf 81' lang='grc' dir='ltr'><em>ἐν</em></span> <span class='ocrx_word' id='word_1_49' title='bbox 613 912 694 981; x_wconf 84' lang='grc' dir='ltr'><em>τῷ</em></span> <span class='ocrx_word' id='word_1_50' title='bbox 718 913 1027 968; x_wconf 77' lang='grc' dir='ltr'><em>θλίϐεσθαι</em></span> <span class='ocrx_word' id='word_1_51' title='bbox 1048 909 1290 975; x_wconf 86' lang='grc' dir='ltr'><em>αὐτοὺς,</em></span> <span class='ocrx_word' id='word_1_52' title='bbox 1329 907 1427 962; x_wconf 79' lang='grc' dir='ltr'><strong><em>καί</em></strong></span> <span class='ocrx_word' id='word_1_53' title='bbox 1449 907 1519 963; x_wconf 87' lang='grc' dir='ltr'><em>ἐκ</em></span> <span class='ocrx_word' id='word_1_54' title='bbox 1546 906 1665 961; x_wconf 87' lang='grc' dir='ltr'><strong><em>τῶν</em></strong></span> <span class='ocrx_word' id='word_1_55' title='bbox 1685 908 1858 976; x_wconf 88' lang='grc' dir='ltr'><em>ἀναγ-</em></span> 
     </span>
    </p>
   </div>
   <div class='ocr_carea' id='block_1_11' title="bbox 280 997 1859 1070">
    <p class='ocr_par' dir='ltr' id='par_1_11' title="bbox 280 997 1859 1070">
     <span class='ocr_line' id='line_1_11' title="bbox 280 997 1859 1070; baseline -0.006 -9"><span class='ocrx_word' id='word_1_56' title='bbox 280 1005 405 1061; x_wconf 89' lang='grc' dir='ltr'><strong><em>κῶν</em></strong></span> <span class='ocrx_word' id='word_1_57' title='bbox 431 1000 631 1059; x_wconf 85' lang='grc' dir='ltr'><em>αὐτῶν</em></span> <span class='ocrx_word' id='word_1_58' title='bbox 653 1003 890 1059; x_wconf 78' lang='grc' dir='ltr'><em>ἔσωσεν</em></span> <span class='ocrx_word' id='word_1_59' title='bbox 914 1002 1157 1069; x_wconf 88' lang='grc' dir='ltr'><em>αὐτούς.</em></span> <span class='ocrx_word' id='word_1_60' title='bbox 1195 997 1527 1055; x_wconf 71' lang='grc' dir='ltr'><strong><em>Ἀπέστειλε</em></strong></span> <span class='ocrx_word' id='word_1_61' title='bbox 1548 998 1656 1052; x_wconf 85' lang='grc' dir='ltr'><strong><em>τὸν</em></strong></span> <span class='ocrx_word' id='word_1_62' title='bbox 1673 1000 1859 1070; x_wconf 79' lang='grc' dir='ltr'><em>λόγον</em></span> 
     </span>
    </p>
   </div>
   <div class='ocr_carea' id='block_1_12' title="bbox 281 1091 1859 1163">
    <p class='ocr_par' dir='ltr' id='par_1_12' title="bbox 281 1091 1859 1163">
     <span class='ocr_line' id='line_1_12' title="bbox 281 1091 1859 1163; baseline -0.006 -10"><span class='ocrx_word' id='word_1_63' title='bbox 281 1097 489 1163; x_wconf 83' lang='grc' dir='ltr'><em>αὐτοῦ,</em></span> <span class='ocrx_word' id='word_1_64' title='bbox 516 1097 614 1151; x_wconf 73' lang='grc' dir='ltr'><strong><em>καί</em></strong></span> <span class='ocrx_word' id='word_1_65' title='bbox 650 1093 859 1151; x_wconf 69' lang='grc' dir='ltr'><em>ἰάσατο</em></span> <span class='ocrx_word' id='word_1_66' title='bbox 882 1093 1134 1160; x_wconf 82' lang='grc' dir='ltr'><em>αὐτοὺς,</em></span> <span class='ocrx_word' id='word_1_67' title='bbox 1185 1091 1284 1146; x_wconf 75' lang='grc' dir='ltr'><em>καὶ</em></span> <span class='ocrx_word' id='word_1_68' title='bbox 1309 1091 1603 1160; x_wconf 79' lang='grc' dir='ltr'><em>ἐρρύσατο</em></span> <span class='ocrx_word' id='word_1_69' title='bbox 1636 1091 1859 1157; x_wconf 85' lang='grc' dir='ltr'><em>αὐτοὺς</em></span> 
     </span>
    </p>
   </div>
   <div class='ocr_carea' id='block_1_13' title="bbox 282 1184 1859 1263">
    <p class='ocr_par' dir='ltr' id='par_1_13' title="bbox 282 1184 1859 1263">
     <span class='ocr_line' id='line_1_13' title="bbox 282 1184 1859 1263; baseline -0.008 -13"><span class='ocrx_word' id='word_1_70' title='bbox 282 1196 351 1250; x_wconf 83' lang='grc' dir='ltr'><em>ἐκ</em></span> <span class='ocrx_word' id='word_1_71' title='bbox 374 1193 495 1249; x_wconf 88' lang='grc' dir='ltr'><strong><em>τῶν</em></strong></span> <span class='ocrx_word' id='word_1_72' title='bbox 528 1192 865 1263; x_wconf 74' lang='grc' dir='ltr'><em>διαφθορῶν</em></span> <span class='ocrx_word' id='word_1_73' title='bbox 882 1190 1100 1247; x_wconf 86' lang='grc' dir='ltr'><em>αὐτῶν.</em></span> <span class='ocrx_word' id='word_1_74' title='bbox 1160 1184 1859 1257; x_wconf 77' lang='grc' dir='ltr'><em>Ἐξομολογησάσθωσαν</em></span> 
     </span>
    </p>
   </div>
   <div class='ocr_carea' id='block_1_14' title="bbox 282 1277 1859 1356">
    <p class='ocr_par' dir='ltr' id='par_1_14' title="bbox 282 1277 1859 1356">
     <span class='ocr_line' id='line_1_14' title="bbox 282 1277 1859 1356; baseline -0.009 -12"><span class='ocrx_word' id='word_1_75' title='bbox 282 1278 363 1355; x_wconf 83' lang='grc' dir='ltr'><em>τῷ</em></span> <span class='ocrx_word' id='word_1_76' title='bbox 388 1286 580 1356; x_wconf 83' lang='grc' dir='ltr'>Κυρίῳ</span> <span class='ocrx_word' id='word_1_77' title='bbox 608 1285 682 1340; x_wconf 83' lang='grc' dir='ltr'><em>τὰ</em></span> <span class='ocrx_word' id='word_1_78' title='bbox 709 1285 851 1353; x_wconf 76' lang='grc' dir='ltr'><em>ἐλέη</em></span> <span class='ocrx_word' id='word_1_79' title='bbox 876 1282 1083 1347; x_wconf 85' lang='grc' dir='ltr'><em>αὐτοῦ,</em></span> <span class='ocrx_word' id='word_1_80' title='bbox 1118 1281 1216 1336; x_wconf 78' lang='grc' dir='ltr'><em>καὶ</em></span> <span class='ocrx_word' id='word_1_81' title='bbox 1246 1282 1320 1336; x_wconf 87' lang='grc' dir='ltr'><em>τὰ</em></span> <span class='ocrx_word' id='word_1_82' title='bbox 1344 1279 1645 1349; x_wconf 85' lang='grc' dir='ltr'><em>θαυμάσια</em></span> <span class='ocrx_word' id='word_1_83' title='bbox 1673 1277 1859 1332; x_wconf 85' lang='grc' dir='ltr'><em>αὑτοῦ</em></span> 
     </span>
    </p>
   </div>
   <div class='ocr_carea' id='block_1_15' title="bbox 281 1369 1860 1447">
    <p class='ocr_par' dir='ltr' id='par_1_15' title="bbox 281 1369 1860 1447">
     <span class='ocr_line' id='line_1_15' title="bbox 281 1369 1860 1447; baseline -0.005 -15"><span class='ocrx_word' id='word_1_84' title='bbox 281 1379 408 1447; x_wconf 86' lang='grc' dir='ltr'><em>τοῖς</em></span> <span class='ocrx_word' id='word_1_85' title='bbox 432 1377 584 1445; x_wconf 78' lang='grc' dir='ltr'><em>υἱοῖς</em></span> <span class='ocrx_word' id='word_1_86' title='bbox 621 1377 740 1432; x_wconf 86' lang='grc' dir='ltr'><strong><em>τῶν</em></strong></span> <span class='ocrx_word' id='word_1_87' title='bbox 775 1374 1123 1444; x_wconf 78' lang='grc' dir='ltr'><em>ἀνθρώπων.</em></span> <span class='ocrx_word' id='word_1_88' title='bbox 1166 1374 1277 1428; x_wconf 80' lang='grc' dir='ltr'><strong><em>Καὶ</em></strong></span> <span class='ocrx_word' id='word_1_89' title='bbox 1308 1373 1671 1429; x_wconf 84' lang='grc' dir='ltr'><em>θυσάτωσαν</em></span> <span class='ocrx_word' id='word_1_90' title='bbox 1698 1369 1860 1436; x_wconf 86' lang='grc' dir='ltr'><strong><em>αὐτῷ</em></strong></span> 
     </span>
    </p>
   </div>
   <div class='ocr_carea' id='block_1_16' title="bbox 277 1462 1861 1536">
    <p class='ocr_par' dir='ltr' id='par_1_16' title="bbox 277 1462 1861 1536">
     <span class='ocr_line' id='line_1_16' title="bbox 277 1462 1861 1536; baseline -0.006 -12"><span class='ocrx_word' id='word_1_91' title='bbox 277 1469 508 1524; x_wconf 78' lang='grc' dir='ltr'><em>θυσίαν</em></span> <span class='ocrx_word' id='word_1_92' title='bbox 540 1468 830 1533; x_wconf 75' lang='grc' dir='ltr'><strong><em>αἰνέσεως</em></strong></span> <span class='ocrx_word' id='word_1_93' title='bbox 848 1506 863 1528; x_wconf 86' lang='grc'><strong><em>,</em></strong></span> <span class='ocrx_word' id='word_1_94' title='bbox 910 1467 1009 1520; x_wconf 81' lang='grc' dir='ltr'><strong><em>καί</em></strong></span> <span class='ocrx_word' id='word_1_95' title='bbox 1045 1465 1565 1536; x_wconf 78' lang='grc' dir='ltr'><em>ὲξαγγειλάτωσαν</em></span> <span class='ocrx_word' id='word_1_96' title='bbox 1602 1464 1675 1518; x_wconf 86' lang='grc' dir='ltr'><em>τὰ</em></span> <span class='ocrx_word' id='word_1_97' title='bbox 1718 1462 1861 1531; x_wconf 81' lang='grc' dir='ltr'><em>ἔργα</em></span> 
     </span>
    </p>
   </div>
   <div class='ocr_carea' id='block_1_17' title="bbox 283 1553 1861 1628">
    <p class='ocr_par' dir='ltr' id='par_1_17' title="bbox 283 1553 1861 1628">
     <span class='ocr_line' id='line_1_17' title="bbox 283 1553 1861 1628; baseline -0.004 -15"><span class='ocrx_word' id='word_1_98' title='bbox 283 1558 470 1616; x_wconf 82' lang='grc' dir='ltr'><em>αὐτοῦ</em></span> <span class='ocrx_word' id='word_1_99' title='bbox 499 1560 571 1614; x_wconf 83' lang='grc' dir='ltr'><em>ὲν</em></span> <span class='ocrx_word' id='word_1_100' title='bbox 597 1559 977 1628; x_wconf 78' lang='grc' dir='ltr'><strong><em>ἀγαλλιάσει,</em></strong></span> <span class='ocrx_word' id='word_1_101' title='bbox 1026 1561 1080 1613; x_wconf 81' lang='grc' dir='ltr'><em>οἱ</em></span> <span class='ocrx_word' id='word_1_102' title='bbox 1126 1557 1586 1622; x_wconf 82' lang='grc' dir='ltr'><em>καταϐαίνοντες</em></span> <span class='ocrx_word' id='word_1_103' title='bbox 1630 1557 1716 1622; x_wconf 85' lang='grc' dir='ltr'><strong><em>είς</em></strong></span> <span class='ocrx_word' id='word_1_104' title='bbox 1762 1553 1861 1609; x_wconf 86' lang='grc' dir='ltr'><em>θά-</em></span> 
     </span>
    </p>
   </div>
   <div class='ocr_carea' id='block_1_18' title="bbox 283 1646 1861 1720">
    <p class='ocr_par' dir='ltr' id='par_1_18' title="bbox 283 1646 1861 1720">
     <span class='ocr_line' id='line_1_18' title="bbox 283 1646 1861 1720; baseline -0.006 -11"><span class='ocrx_word' id='word_1_105' title='bbox 283 1653 532 1709; x_wconf 78' lang='grc' dir='ltr'><em>λασσαν</em></span> <span class='ocrx_word' id='word_1_106' title='bbox 557 1652 627 1706; x_wconf 83' lang='grc' dir='ltr'><em>ἐν</em></span> <span class='ocrx_word' id='word_1_107' title='bbox 648 1653 914 1718; x_wconf 78' lang='grc' dir='ltr'><em>πλοίοις,</em></span> <span class='ocrx_word' id='word_1_108' title='bbox 941 1650 1258 1717; x_wconf 83' lang='grc' dir='ltr'><em>ποιοῦντες</em></span> <span class='ocrx_word' id='word_1_109' title='bbox 1287 1648 1657 1720; x_wconf 84' lang='grc' dir='ltr'><em>ἐργασίανέν</em></span> <span class='ocrx_word' id='word_1_110' title='bbox 1681 1646 1861 1702; x_wconf 82' lang='grc' dir='ltr'><em>ὕδασι</em></span> 
     </span>
    </p>
   </div>
   <div class='ocr_carea' id='block_1_19' title="bbox 285 1737 1860 1814">
    <p class='ocr_par' dir='ltr' id='par_1_19' title="bbox 285 1737 1860 1814">
     <span class='ocr_line' id='line_1_19' title="bbox 285 1737 1860 1814; baseline -0.003 -17"><span class='ocrx_word' id='word_1_111' title='bbox 285 1742 561 1810; x_wconf 76' lang='grc' dir='ltr'><em>πολλοῖς.</em></span> <span class='ocrx_word' id='word_1_112' title='bbox 615 1741 1013 1814; x_wconf 82' lang='grc' dir='ltr'><em>Μνημονεύσας</em></span> <span class='ocrx_word' id='word_1_113' title='bbox 1050 1743 1078 1794; x_wconf 94' lang='lat'><strong><em>6</em></strong></span> <span class='ocrx_word' id='word_1_114' title='bbox 1129 1740 1286 1810; x_wconf 83' lang='grc' dir='ltr'><strong><em>λόγος</em></strong></span> <span class='ocrx_word' id='word_1_115' title='bbox 1332 1739 1432 1810; x_wconf 80' lang='grc' dir='ltr'><em>τῆς</em></span> <span class='ocrx_word' id='word_1_116' title='bbox 1478 1738 1715 1809; x_wconf 78' lang='grc' dir='ltr'><strong><em>ἀφίξεως</em></strong></span> <span class='ocrx_word' id='word_1_117' title='bbox 1765 1737 1860 1792; x_wconf 78' lang='grc' dir='ltr'><em>τοῦ</em></span> 
     </span>
    </p>
   </div>
   <div class='ocr_carea' id='block_1_20' title="bbox 284 1821 1860 1904">
    <p class='ocr_par' dir='ltr' id='par_1_20' title="bbox 284 1821 1860 1904">
     <span class='ocr_line' id='line_1_20' title="bbox 284 1821 1860 1904; baseline -0.003 -18"><span class='ocrx_word' id='word_1_118' title='bbox 284 1831 574 1904; x_wconf 80' lang='grc' dir='ltr'><em>Δυτρωτοῦ</em></span> <span class='ocrx_word' id='word_1_119' title='bbox 633 1832 728 1885; x_wconf 79' lang='grc' dir='ltr'><em>καὶ</em></span> <span class='ocrx_word' id='word_1_120' title='bbox 782 1830 1065 1901; x_wconf 73' lang='grc' dir='ltr'><em>Σωτῆρος,</em></span> <span class='ocrx_word' id='word_1_121' title='bbox 1123 1829 1193 1883; x_wconf 86' lang='grc' dir='ltr'><strong><em>δι’</em></strong></span> <span class='ocrx_word' id='word_1_122' title='bbox 1245 1821 1306 1882; x_wconf 74' lang='grc' dir='ltr'><em>οὗ</em></span> <span class='ocrx_word' id='word_1_123' title='bbox 1361 1829 1430 1883; x_wconf 79' lang='grc' dir='ltr'><em>τὰ</em></span> <span class='ocrx_word' id='word_1_124' title='bbox 1485 1828 1860 1900; x_wconf 87' lang='grc' dir='ltr'><em>προλεγόμενα</em></span> 
     </span>
    </p>
   </div>
   <div class='ocr_carea' id='block_1_21' title="bbox 287 1919 1859 1994">
    <p class='ocr_par' dir='ltr' id='par_1_21' title="bbox 287 1919 1859 1994">
     <span class='ocr_line' id='line_1_21' title="bbox 287 1919 1859 1994; baseline -0.001 -17"><span class='ocrx_word' id='word_1_125' title='bbox 287 1923 467 1977; x_wconf 85' lang='grc' dir='ltr'><em>πάντα</em></span> <span class='ocrx_word' id='word_1_126' title='bbox 503 1920 881 1994; x_wconf 80' lang='grc' dir='ltr'><strong><em>κατώρθωται,</em></strong></span> <span class='ocrx_word' id='word_1_127' title='bbox 936 1922 1064 1994; x_wconf 79' lang='grc' dir='ltr'><strong><em>ἑξῆς</em></strong></span> <span class='ocrx_word' id='word_1_128' title='bbox 1116 1922 1376 1975; x_wconf 83' lang='grc' dir='ltr'><em>συνάπτει</em></span> <span class='ocrx_word' id='word_1_129' title='bbox 1431 1920 1529 1992; x_wconf 81' lang='grc' dir='ltr'><em>τὴν</em></span> <span class='ocrx_word' id='word_1_130' title='bbox 1576 1921 1704 1992; x_wconf 75' lang='grc' dir='ltr'><em>περὶ</em></span> <span class='ocrx_word' id='word_1_131' title='bbox 1752 1919 1859 1975; x_wconf 84' lang='grc' dir='ltr'><strong><em>τῶν</em></strong></span> 
     </span>
    </p>
   </div>
   <div class='ocr_carea' id='block_1_22' title="bbox 285 2007 1858 2083">
    <p class='ocr_par' dir='ltr' id='par_1_22' title="bbox 285 2007 1858 2083">
     <span class='ocr_line' id='line_1_22' title="bbox 285 2007 1858 2083; baseline -0.003 -14"><span class='ocrx_word' id='word_1_132' title='bbox 285 2013 599 2069; x_wconf 80' lang='grc' dir='ltr'><em>ἀποστόλων</em></span> <span class='ocrx_word' id='word_1_133' title='bbox 648 2012 812 2068; x_wconf 80' lang='grc' dir='ltr'><em>αὐτοῦ</em></span> <span class='ocrx_word' id='word_1_134' title='bbox 856 2012 1215 2083; x_wconf 77' lang='grc' dir='ltr'><strong><em>προφητείαν.</em></strong></span> <span class='ocrx_word' id='word_1_135' title='bbox 1277 2012 1443 2065; x_wconf 78' lang='grc' dir='ltr'><em>Αὐτοὶ</em></span> <span class='ocrx_word' id='word_1_136' title='bbox 1482 2011 1591 2083; x_wconf 78' lang='grc' dir='ltr'><em>γὰρ</em></span> <span class='ocrx_word' id='word_1_137' title='bbox 1632 2007 1774 2083; x_wconf 84' lang='grc' dir='ltr'><em>ἦσαν</em></span> <span class='ocrx_word' id='word_1_138' title='bbox 1807 2014 1858 2065; x_wconf 83' lang='grc' dir='ltr'><em>οἱ</em></span> 
     </span>
    </p>
   </div>
   <div class='ocr_carea' id='block_1_23' title="bbox 285 2104 1859 2176">
    <p class='ocr_par' dir='ltr' id='par_1_23' title="bbox 285 2104 1859 2176">
     <span class='ocr_line' id='line_1_23' title="bbox 285 2104 1859 2176; baseline 0.001 -17"><span class='ocrx_word' id='word_1_139' title='bbox 285 2106 700 2169; x_wconf 76' lang='grc' dir='ltr'><em>καταϐαίνοντες</em></span> <span class='ocrx_word' id='word_1_140' title='bbox 733 2107 812 2169; x_wconf 84' lang='grc' dir='ltr'><strong><em>είς</em></strong></span> <span class='ocrx_word' id='word_1_141' title='bbox 839 2105 1114 2160; x_wconf 83' lang='grc' dir='ltr'><em>θάλασσαν</em></span> <span class='ocrx_word' id='word_1_142' title='bbox 1162 2107 1220 2157; x_wconf 83' lang='grc' dir='ltr'><em>ὲν</em></span> <span class='ocrx_word' id='word_1_143' title='bbox 1269 2104 1493 2169; x_wconf 82' lang='grc' dir='ltr'><strong><em>πλοίοις,</em></strong></span> <span class='ocrx_word' id='word_1_144' title='bbox 1539 2104 1721 2176; x_wconf 78' lang='grc' dir='ltr'><em>ῥητῶς</em></span> <span class='ocrx_word' id='word_1_145' title='bbox 1766 2107 1859 2160; x_wconf 71' lang='grc' dir='ltr'><em>καὶ</em></span> 
     </span>
    </p>
   </div>
   <div class='ocr_carea' id='block_1_24' title="bbox 284 2188 1860 2271">
    <p class='ocr_par' dir='ltr' id='par_1_24' title="bbox 284 2188 1860 2271">
     <span class='ocr_line' id='line_1_24' title="bbox 284 2188 1860 2271; baseline -0.002 -19"><span class='ocrx_word' id='word_1_146' title='bbox 284 2198 426 2253; x_wconf 86' lang='grc' dir='ltr'><strong><em>κατά</em></strong></span> <span class='ocrx_word' id='word_1_147' title='bbox 457 2198 602 2264; x_wconf 80' lang='grc' dir='ltr'><em>λέξιν</em></span> <span class='ocrx_word' id='word_1_148' title='bbox 622 2215 636 2229; x_wconf 72' lang='grc' dir='ltr'><strong><em>ο</em></strong></span> <span class='ocrx_word' id='word_1_149' title='bbox 673 2197 864 2271; x_wconf 89' lang='grc' dir='ltr'><em>ῶσπερ</em></span> <span class='ocrx_word' id='word_1_150' title='bbox 890 2188 984 2252; x_wconf 79' lang='grc' dir='ltr'><em>οὖν</em></span> <span class='ocrx_word' id='word_1_151' title='bbox 1014 2199 1048 2269; x_wconf 79' lang='grc' dir='ltr'>ἡ</span> <span class='ocrx_word' id='word_1_152' title='bbox 1099 2196 1219 2251; x_wconf 88' lang='grc' dir='ltr'><em>θεία</em></span> <span class='ocrx_word' id='word_1_153' title='bbox 1246 2198 1437 2270; x_wconf 80' lang='grc' dir='ltr'><em>Γραφὴ</em></span> <span class='ocrx_word' id='word_1_154' title='bbox 1476 2197 1584 2251; x_wconf 89' lang='grc' dir='ltr'><strong><em>τῶν</em></strong></span> <span class='ocrx_word' id='word_1_155' title='bbox 1613 2197 1860 2266; x_wconf 83' lang='grc' dir='ltr'><em>Εὐαγγε-</em></span> 
     </span>
    </p>
   </div>
   <div class='ocr_carea' id='block_1_25' title="bbox 285 2286 1857 2363">
    <p class='ocr_par' dir='ltr' id='par_1_25' title="bbox 285 2286 1857 2363">
     <span class='ocr_line' id='line_1_25' title="bbox 285 2286 1857 2363; baseline -0.001 -19"><span class='ocrx_word' id='word_1_156' title='bbox 285 2290 415 2344; x_wconf 89' lang='grc' dir='ltr'><em>λίων</em></span> <span class='ocrx_word' id='word_1_157' title='bbox 451 2292 736 2363; x_wconf 85' lang='grc' dir='ltr'><em>μαρτυρεῖ.</em></span> <span class='ocrx_word' id='word_1_158' title='bbox 780 2288 1085 2360; x_wconf 82' lang='grc' dir='ltr'><em>Τοιγαροῦν</em></span> <span class='ocrx_word' id='word_1_159' title='bbox 1117 2288 1225 2342; x_wconf 69' lang='grc' dir='ltr'><strong><em>τῶι</em></strong></span> <span class='ocrx_word' id='word_1_160' title='bbox 1267 2289 1581 2342; x_wconf 82' lang='grc' dir='ltr'><em>ἀποστόλων</em></span> <span class='ocrx_word' id='word_1_161' title='bbox 1626 2286 1857 2349; x_wconf 76' lang='grc' dir='ltr'><em>καὶτῶν</em></span> 
     </span>
    </p>
   </div>
   <div class='ocr_carea' id='block_1_26' title="bbox 285 2379 1858 2456">
    <p class='ocr_par' dir='ltr' id='par_1_26' title="bbox 285 2379 1858 2456">
     <span class='ocr_line' id='line_1_26' title="bbox 285 2379 1858 2456; baseline -0.004 -18"><span class='ocrx_word' id='word_1_162' title='bbox 285 2384 404 2456; x_wconf 75' lang='grc' dir='ltr'><em>ἅμα</em></span> <span class='ocrx_word' id='word_1_163' title='bbox 423 2384 606 2447; x_wconf 85' lang='grc' dir='ltr'><em>αὐτοῖς</em></span> <span class='ocrx_word' id='word_1_164' title='bbox 632 2384 667 2455; x_wconf 79' lang='grc' dir='ltr'><strong>ἡ</strong></span> <span class='ocrx_word' id='word_1_165' title='bbox 694 2381 945 2454; x_wconf 81' lang='grc' dir='ltr'><em>παροῦσα</em></span> <span class='ocrx_word' id='word_1_166' title='bbox 970 2380 1275 2452; x_wconf 81' lang='grc' dir='ltr'><em>προφητεία</em></span> <span class='ocrx_word' id='word_1_167' title='bbox 1289 2381 1390 2450; x_wconf 89' lang='grc' dir='ltr'><em>τὴν</em></span> <span class='ocrx_word' id='word_1_168' title='bbox 1415 2383 1633 2451; x_wconf 84' lang='grc' dir='ltr'><em>μνήμην</em></span> <span class='ocrx_word' id='word_1_169' title='bbox 1655 2379 1858 2451; x_wconf 87' lang='grc' dir='ltr'><em>σφόδρα</em></span> 
     </span>
    </p>
   </div>
   <div class='ocr_carea' id='block_1_27' title="bbox 284 2469 1857 2547">
    <p class='ocr_par' dir='ltr' id='par_1_27' title="bbox 284 2469 1857 2547">
     <span class='ocr_line' id='line_1_27' title="bbox 284 2469 1857 2547; baseline -0.004 -16"><span class='ocrx_word' id='word_1_170' title='bbox 284 2476 594 2541; x_wconf 82' lang='grc' dir='ltr'><em>ἀκολούθως</em></span> <span class='ocrx_word' id='word_1_171' title='bbox 627 2475 833 2547; x_wconf 84' lang='grc' dir='ltr'><em>συνῆψε</em></span> <span class='ocrx_word' id='word_1_172' title='bbox 872 2476 936 2545; x_wconf 82' lang='grc' dir='ltr'><em>τῇ</em></span> <span class='ocrx_word' id='word_1_173' title='bbox 966 2473 1073 2541; x_wconf 75' lang='grc' dir='ltr'><em>ζτοῠ</em></span> <span class='ocrx_word' id='word_1_174' title='bbox 1119 2472 1256 2526; x_wconf 79' lang='grc' dir='ltr'><em>Θεοῦ</em></span> <span class='ocrx_word' id='word_1_175' title='bbox 1305 2472 1478 2541; x_wconf 86' lang='grc' dir='ltr'><em>Λόγου</em></span> <span class='ocrx_word' id='word_1_176' title='bbox 1519 2474 1599 2536; x_wconf 86' lang='grc' dir='ltr'><strong><em>είς</em></strong></span> <span class='ocrx_word' id='word_1_177' title='bbox 1645 2469 1857 2543; x_wconf 84' lang='grc' dir='ltr'><em>ἀνθρώ-</em></span> 
     </span>
    </p>
   </div>
   <div class='ocr_carea' id='block_1_28' title="bbox 1956 536 3530 609">
    <p class='ocr_par' dir='ltr' id='par_1_28' title="bbox 1956 536 3530 609">
     <span class='ocr_line' id='line_1_28' title="bbox 1956 536 3530 609; baseline -0.001 -15"><span class='ocrx_word' id='word_1_178' title='bbox 1956 540 2172 609; x_wconf 74' lang='lat' dir='ltr'><strong><em>genitus</em></strong></span> <span class='ocrx_word' id='word_1_179' title='bbox 2195 536 2289 592; x_wconf 86' lang='lat' dir='ltr'><strong><em>Dei</em></strong></span> <span class='ocrx_word' id='word_1_180' title='bbox 2312 536 2507 602; x_wconf 89' lang='lat' dir='ltr'><strong><em>Filius,</em></strong></span> <span class='ocrx_word' id='word_1_181' title='bbox 2525 551 2693 593; x_wconf 88' lang='lat' dir='ltr'><strong><em>carne</em></strong></span> <span class='ocrx_word' id='word_1_182' title='bbox 2707 545 2763 593; x_wconf 90' lang='lat' dir='ltr'><strong><em>et</em></strong></span> <span class='ocrx_word' id='word_1_183' title='bbox 2780 537 3015 592; x_wconf 88' lang='lat' dir='ltr'><strong><em>humana</em></strong></span> <span class='ocrx_word' id='word_1_184' title='bbox 3035 542 3230 592; x_wconf 85' lang='lat' dir='ltr'><strong><em>natura</em></strong></span> <span class='ocrx_word' id='word_1_185' title='bbox 3255 545 3530 609; x_wconf 86' lang='lat' dir='ltr'><strong><em>suscepta,</em></strong></span> 
     </span>
    </p>
   </div>
   <div class='ocr_carea' id='block_1_29' title="bbox 1956 624 3536 700">
    <p class='ocr_par' dir='ltr' id='par_1_29' title="bbox 1956 624 3536 700">
     <span class='ocr_line' id='line_1_29' title="bbox 1956 624 3536 700; baseline 0.003 -21"><span class='ocrx_word' id='word_1_186' title='bbox 1956 625 2024 681; x_wconf 90' lang='lat' dir='ltr'><strong><em>ad</em></strong></span> <span class='ocrx_word' id='word_1_187' title='bbox 2053 632 2243 697; x_wconf 84' lang='lat' dir='ltr'><strong><em>portas</em></strong></span> <span class='ocrx_word' id='word_1_188' title='bbox 2283 640 2457 697; x_wconf 88' lang='lat' dir='ltr'><strong><em>usque</em></strong></span> <span class='ocrx_word' id='word_1_189' title='bbox 2476 626 2671 683; x_wconf 87' lang='lat' dir='ltr'><strong><em>mortis</em></strong></span> <span class='ocrx_word' id='word_1_190' title='bbox 2702 625 3004 697; x_wconf 83' lang='lat' dir='ltr'><strong><em>profectus,</em></strong></span> <span class='ocrx_word' id='word_1_191' title='bbox 3036 626 3126 691; x_wconf 87' lang='lat' dir='ltr'><strong><em>iis,</em></strong></span> <span class='ocrx_word' id='word_1_192' title='bbox 3170 624 3264 700; x_wconf 85' lang='lat' dir='ltr'><strong><em>qui</em></strong></span> <span class='ocrx_word' id='word_1_193' title='bbox 3290 641 3536 698; x_wconf 84' lang='lat' dir='ltr'><strong><em>eousque</em></strong></span> 
     </span>
    </p>
   </div>
   <div class='ocr_carea' id='block_1_30' title="bbox 1956 717 3536 788">
    <p class='ocr_par' dir='ltr' id='par_1_30' title="bbox 1956 717 3536 788">
     <span class='ocr_line' id='line_1_30' title="bbox 1956 717 3536 788; baseline 0.003 -17"><span class='ocrx_word' id='word_1_194' title='bbox 1956 717 2273 773; x_wconf 88' lang='lat' dir='ltr'><strong><em>deciderant</em></strong></span> <span class='ocrx_word' id='word_1_195' title='bbox 2289 725 2344 773; x_wconf 90' lang='lat' dir='ltr'><strong><em>et</em></strong></span> <span class='ocrx_word' id='word_1_196' title='bbox 2369 719 2434 772; x_wconf 91' lang='lat' dir='ltr'><strong><em>ad</em></strong></span> <span class='ocrx_word' id='word_1_197' title='bbox 2463 719 2642 788; x_wconf 89' lang='lat' dir='ltr'><strong><em>ipsum</em></strong></span> <span class='ocrx_word' id='word_1_198' title='bbox 2665 719 3057 784; x_wconf 86' lang='lat' dir='ltr'><strong><em>clamaverant,</em></strong></span> <span class='ocrx_word' id='word_1_199' title='bbox 3085 718 3282 775; x_wconf 88' lang='lat' dir='ltr'><strong><em>salutis</em></strong></span> <span class='ocrx_word' id='word_1_200' title='bbox 3309 732 3536 775; x_wconf 84' lang='lat' dir='ltr'><strong><em>manum</em></strong></span> 
     </span>
    </p>
   </div>
   <div class='ocr_carea' id='block_1_31' title="bbox 1956 804 3607 881">
    <p class='ocr_par' dir='ltr' id='par_1_31' title="bbox 1956 804 3607 881">
     <span class='ocr_line' id='line_1_31' title="bbox 1956 804 3607 881; baseline 0.001 -15"><span class='ocrx_word' id='word_1_201' title='bbox 1956 812 2219 881; x_wconf 74' lang='lat' dir='ltr'><strong><em>porrexit.</em></strong></span> <span class='ocrx_word' id='word_1_202' title='bbox 2254 810 2323 865; x_wconf 85' lang='lat' dir='ltr'><strong><em>Et</em></strong></span> <span class='ocrx_word' id='word_1_203' title='bbox 2362 812 2721 867; x_wconf 84' lang='lat' dir='ltr'><strong><em>clamauerunt</em></strong></span> <span class='ocrx_word' id='word_1_204' title='bbox 2767 813 2836 867; x_wconf 89' lang='lat' dir='ltr'><strong><em>ad</em></strong></span> <span class='ocrx_word' id='word_1_205' title='bbox 2874 812 3160 869; x_wconf 86' lang='lat' dir='ltr'><strong><em>Dominum</em></strong></span> <span class='ocrx_word' id='word_1_206' title='bbox 3197 830 3317 868; x_wconf 84' lang='lat' dir='ltr'><strong><em>cum</em></strong></span> <span class='ocrx_word' id='word_1_207' title='bbox 3369 812 3537 868; x_wconf 64' lang='lat' dir='ltr'><strong><em>tribuo</em></strong></span> <span class='ocrx_word' id='word_1_208' title='bbox 3587 804 3607 829; x_wconf 78' lang='lat'><strong><em>°</em></strong></span> 
     </span>
    </p>
   </div>
   <div class='ocr_carea' id='block_1_32' title="bbox 1959 903 3534 968">
    <p class='ocr_par' dir='ltr' id='par_1_32' title="bbox 1959 903 3534 968">
     <span class='ocr_line' id='line_1_32' title="bbox 1959 903 3534 968; baseline 0.004 -12"><span class='ocrx_word' id='word_1_209' title='bbox 1959 903 2233 968; x_wconf 88' lang='lat' dir='ltr'><strong><em>larentur,</em></strong></span> <span class='ocrx_word' id='word_1_210' title='bbox 2269 913 2318 958; x_wconf 92' lang='lat' dir='ltr'><strong><em>et</em></strong></span> <span class='ocrx_word' id='word_1_211' title='bbox 2361 904 2426 959; x_wconf 90' lang='lat' dir='ltr'><strong><em>de</em></strong></span> <span class='ocrx_word' id='word_1_212' title='bbox 2466 904 2861 960; x_wconf 71' lang='lat' dir='ltr'><strong><em>necessitatibus</em></strong></span> <span class='ocrx_word' id='word_1_213' title='bbox 2905 921 3086 960; x_wconf 85' lang='lat' dir='ltr'><strong><em>eorum</em></strong></span> <span class='ocrx_word' id='word_1_214' title='bbox 3137 905 3376 961; x_wconf 80' lang='lat' dir='ltr'><strong><em>liberauit</em></strong></span> <span class='ocrx_word' id='word_1_215' title='bbox 3422 922 3534 962; x_wconf 89' lang='lat' dir='ltr'><strong><em>eos.</em></strong></span> 
     </span>
    </p>
   </div>
   <div class='ocr_carea' id='block_1_33' title="bbox 1958 994 3538 1067">
    <p class='ocr_par' dir='ltr' id='par_1_33' title="bbox 1958 994 3538 1067">
     <span class='ocr_line' id='line_1_33' title="bbox 1958 994 3538 1067; baseline 0.002 -16"><span class='ocrx_word' id='word_1_216' title='bbox 1958 995 2113 1051; x_wconf 79' lang='lat' dir='ltr'><strong><em>Misit</em></strong></span> <span class='ocrx_word' id='word_1_217' title='bbox 2153 994 2374 1050; x_wconf 82' lang='lat' dir='ltr'><strong><em>Verbum</em></strong></span> <span class='ocrx_word' id='word_1_218' title='bbox 2409 1013 2564 1051; x_wconf 89' lang='lat' dir='ltr'><strong><em>suum</em></strong></span> <span class='ocrx_word' id='word_1_219' title='bbox 2596 1006 2647 1053; x_wconf 91' lang='lat' dir='ltr'><strong><em>et</em></strong></span> <span class='ocrx_word' id='word_1_220' title='bbox 2674 998 2884 1052; x_wconf 76' lang='lat' dir='ltr'><strong><em>sanauit</em></strong></span> <span class='ocrx_word' id='word_1_221' title='bbox 2913 1014 3023 1063; x_wconf 90' lang='lat' dir='ltr'><strong><em>eos,</em></strong></span> <span class='ocrx_word' id='word_1_222' title='bbox 3053 1007 3104 1053; x_wconf 88' lang='lat' dir='ltr'><strong><em>et</em></strong></span> <span class='ocrx_word' id='word_1_223' title='bbox 3137 998 3327 1067; x_wconf 78' lang='lat' dir='ltr'><strong><em>eripuit</em></strong></span> <span class='ocrx_word' id='word_1_224' title='bbox 3357 1014 3445 1054; x_wconf 86' lang='lat' dir='ltr'><strong><em>eos</em></strong></span> <span class='ocrx_word' id='word_1_225' title='bbox 3472 998 3538 1054; x_wconf 86' lang='lat' dir='ltr'><strong><em>de</em></strong></span> 
     </span>
    </p>
   </div>
   <div class='ocr_carea' id='block_1_34' title="bbox 1958 1087 3538 1159">
    <p class='ocr_par' dir='ltr' id='par_1_34' title="bbox 1958 1087 3538 1159">
     <span class='ocr_line' id='line_1_34' title="bbox 1958 1087 3538 1159; baseline 0.001 -16"><span class='ocrx_word' id='word_1_226' title='bbox 1958 1087 2350 1144; x_wconf 86' lang='lat' dir='ltr'><strong><em>interitionibus</em></strong></span> <span class='ocrx_word' id='word_1_227' title='bbox 2389 1104 2591 1146; x_wconf 88' lang='lat' dir='ltr'><strong><em>eorum.</em></strong></span> <span class='ocrx_word' id='word_1_228' title='bbox 2640 1089 3012 1159; x_wconf 83' lang='lat' dir='ltr'><strong><em>Conﬁteantur</em></strong></span> <span class='ocrx_word' id='word_1_229' title='bbox 3054 1090 3281 1147; x_wconf 84' lang='lat' dir='ltr'><strong><em>Domino</em></strong></span> <span class='ocrx_word' id='word_1_230' title='bbox 3329 1091 3538 1147; x_wconf 48' lang='lat' dir='ltr'><strong><em>miseri‘L</em></strong></span> 
     </span>
    </p>
   </div>
   <div class='ocr_carea' id='block_1_35' title="bbox 1959 1180 3540 1254">
    <p class='ocr_par' dir='ltr' id='par_1_35' title="bbox 1959 1180 3540 1254">
     <span class='ocr_line' id='line_1_35' title="bbox 1959 1180 3540 1254; baseline 0.002 -19"><span class='ocrx_word' id='word_1_231' title='bbox 1959 1180 2157 1236; x_wconf 75' lang='lat' dir='ltr'><strong><em>cordia:</em></strong></span> <span class='ocrx_word' id='word_1_232' title='bbox 2176 1182 2317 1251; x_wconf 90' lang='lat' dir='ltr'><strong><em>ejus,</em></strong></span> <span class='ocrx_word' id='word_1_233' title='bbox 2346 1191 2397 1237; x_wconf 89' lang='lat' dir='ltr'><strong><em>et</em></strong></span> <span class='ocrx_word' id='word_1_234' title='bbox 2430 1183 2701 1237; x_wconf 77' lang='lat' dir='ltr'><strong><em>mirabilia</em></strong></span> <span class='ocrx_word' id='word_1_235' title='bbox 2721 1182 2833 1253; x_wconf 87' lang='lat' dir='ltr'><strong><em>ejus</em></strong></span> <span class='ocrx_word' id='word_1_236' title='bbox 2860 1183 2988 1254; x_wconf 85' lang='lat' dir='ltr'><strong><em>ﬁliis</em></strong></span> <span class='ocrx_word' id='word_1_237' title='bbox 3026 1182 3316 1240; x_wconf 85' lang='lat' dir='ltr'><strong><em>hominum.</em></strong></span> <span class='ocrx_word' id='word_1_238' title='bbox 3355 1182 3540 1238; x_wconf 29' lang='lat' dir='ltr'><strong><em>Et‘saa-</em></strong></span> 
     </span>
    </p>
   </div>
   <div class='ocr_carea' id='block_1_36' title="bbox 1961 1276 3647 1348">
    <p class='ocr_par' dir='ltr' id='par_1_36' title="bbox 1961 1276 3647 1348">
     <span class='ocr_line' id='line_1_36' title="bbox 1961 1276 3647 1348; baseline 0.004 -20"><span class='ocrx_word' id='word_1_239' title='bbox 1961 1276 2198 1345; x_wconf 80' lang='lat' dir='ltr'><strong><em>criﬁ‘cent</em></strong></span> <span class='ocrx_word' id='word_1_240' title='bbox 2231 1276 2279 1330; x_wconf 89' lang='lat' dir='ltr'><strong><em>ei</em></strong></span> <span class='ocrx_word' id='word_1_241' title='bbox 2323 1276 2648 1346; x_wconf 72' lang='lat' dir='ltr'><strong><em>sacriﬁcium</em></strong></span> <span class='ocrx_word' id='word_1_242' title='bbox 2679 1276 2878 1341; x_wconf 88' lang='lat' dir='ltr'><strong><em>laudis,</em></strong></span> <span class='ocrx_word' id='word_1_243' title='bbox 2925 1288 2975 1331; x_wconf 90' lang='lat' dir='ltr'><strong><em>et</em></strong></span> <span class='ocrx_word' id='word_1_244' title='bbox 3022 1278 3335 1332; x_wconf 87' lang='lat' dir='ltr'><strong><em>annuntient</em></strong></span> <span class='ocrx_word' id='word_1_245' title='bbox 3378 1292 3539 1348; x_wconf 82' lang='lat' dir='ltr'><strong><em>opera</em></strong></span> <span class='ocrx_word' id='word_1_246' title='bbox 3644 1322 3647 1325; x_wconf 50' lang='grc' dir='ltr'><strong><em>ν</em></strong></span> 
     </span>
    </p>
   </div>
   <div class='ocr_carea' id='block_1_37' title="bbox 1950 1365 3536 1438">
    <p class='ocr_par' dir='ltr' id='par_1_37' title="bbox 1950 1365 3536 1438">
     <span class='ocr_line' id='line_1_37' title="bbox 1950 1365 3536 1438; baseline 0 -17"><span class='ocrx_word' id='word_1_247' title='bbox 1950 1365 2076 1436; x_wconf 87' lang='lat' dir='ltr'><strong><em>ejus</em></strong></span> <span class='ocrx_word' id='word_1_248' title='bbox 2110 1367 2166 1420; x_wconf 88' lang='lat' dir='ltr'><strong><em>in</em></strong></span> <span class='ocrx_word' id='word_1_249' title='bbox 2189 1367 2565 1432; x_wconf 77' lang='lat' dir='ltr'><strong><em>exsultatione,</em></strong></span> <span class='ocrx_word' id='word_1_250' title='bbox 2584 1368 2673 1438; x_wconf 88' lang='lat' dir='ltr'><strong><em>qui</em></strong></span> <span class='ocrx_word' id='word_1_251' title='bbox 2702 1365 3021 1421; x_wconf 89' lang='lat' dir='ltr'><strong><em>descendunt</em></strong></span> <span class='ocrx_word' id='word_1_252' title='bbox 3046 1383 3191 1421; x_wconf 88' lang='lat' dir='ltr'><strong><em>mare</em></strong></span> <span class='ocrx_word' id='word_1_253' title='bbox 3212 1368 3266 1421; x_wconf 88' lang='lat' dir='ltr'><strong><em>in</em></strong></span> <span class='ocrx_word' id='word_1_254' title='bbox 3294 1368 3536 1434; x_wconf 82' lang='lat' dir='ltr'><strong><em>navibus,</em></strong></span> 
     </span>
    </p>
   </div>
   <div class='ocr_carea' id='block_1_38' title="bbox 1963 1454 3583 1530">
    <p class='ocr_par' dir='ltr' id='par_1_38' title="bbox 1963 1454 3583 1530">
     <span class='ocr_line' id='line_1_38' title="bbox 1963 1454 3583 1530; baseline 0.001 -19"><span class='ocrx_word' id='word_1_255' title='bbox 1963 1454 2218 1526; x_wconf 83' lang='lat' dir='ltr'><strong><em>facientes</em></strong></span> <span class='ocrx_word' id='word_1_256' title='bbox 2257 1460 2611 1527; x_wconf 81' lang='lat' dir='ltr'><strong><em>operationem</em></strong></span> <span class='ocrx_word' id='word_1_257' title='bbox 2637 1460 2691 1513; x_wconf 90' lang='lat' dir='ltr'><strong><em>in</em></strong></span> <span class='ocrx_word' id='word_1_258' title='bbox 2726 1460 2878 1530; x_wconf 80' lang='lat' dir='ltr'><strong><em>aquis</em></strong></span> <span class='ocrx_word' id='word_1_259' title='bbox 2902 1459 3105 1513; x_wconf 69' lang='lat' dir='ltr'><strong><em>multis.</em></strong></span> <span class='ocrx_word' id='word_1_260' title='bbox 3139 1459 3274 1514; x_wconf 86' lang='lat' dir='ltr'><strong><em>Cum</em></strong></span> <span class='ocrx_word' id='word_1_261' title='bbox 3305 1458 3540 1526; x_wconf 78' lang='lat' dir='ltr'><strong><em>Redem-</em></strong></span> <span class='ocrx_word' id='word_1_262' title='bbox 3578 1486 3583 1492; x_wconf 86' lang='lat'><strong>-</strong></span> 
     </span>
    </p>
   </div>
   <div class='ocr_carea' id='block_1_39' title="bbox 1961 1547 3540 1626">
    <p class='ocr_par' dir='ltr' id='par_1_39' title="bbox 1961 1547 3540 1626">
     <span class='ocr_line' id='line_1_39' title="bbox 1961 1547 3540 1626; baseline 0.003 -25"><span class='ocrx_word' id='word_1_263' title='bbox 1961 1548 2137 1618; x_wconf 88' lang='lat' dir='ltr'><strong><em>ptoris</em></strong></span> <span class='ocrx_word' id='word_1_264' title='bbox 2169 1555 2224 1603; x_wconf 91' lang='lat' dir='ltr'><strong><em>et</em></strong></span> <span class='ocrx_word' id='word_1_265' title='bbox 2255 1547 2564 1604; x_wconf 88' lang='lat' dir='ltr'><strong><em>Servatoris</em></strong></span> <span class='ocrx_word' id='word_1_266' title='bbox 2586 1548 2879 1604; x_wconf 85' lang='lat' dir='ltr'><strong><em>adventum</em></strong></span> <span class='ocrx_word' id='word_1_267' title='bbox 2909 1549 3412 1626; x_wconf 64' lang='lat' dir='ltr'><strong><em>commemorasset,</em></strong></span> <span class='ocrx_word' id='word_1_268' title='bbox 3442 1554 3540 1621; x_wconf 79' lang='lat' dir='ltr'><strong><em>per</em></strong></span> 
     </span>
    </p>
   </div>
   <div class='ocr_carea' id='block_1_40' title="bbox 1963 1640 3542 1713">
    <p class='ocr_par' dir='ltr' id='par_1_40' title="bbox 1963 1640 3542 1713">
     <span class='ocr_line' id='line_1_40' title="bbox 1963 1640 3542 1713; baseline 0.003 -19"><span class='ocrx_word' id='word_1_269' title='bbox 1963 1656 2125 1710; x_wconf 85' lang='lat' dir='ltr'><strong><em>quem</em></strong></span> <span class='ocrx_word' id='word_1_270' title='bbox 2152 1640 2412 1711; x_wconf 63' lang='lat' dir='ltr'><strong><em>praedicta</em></strong></span> <span class='ocrx_word' id='word_1_271' title='bbox 2444 1642 2627 1696; x_wconf 89' lang='lat' dir='ltr'><strong><em>omnia</em></strong></span> <span class='ocrx_word' id='word_1_272' title='bbox 2658 1641 2803 1697; x_wconf 88' lang='lat' dir='ltr'><strong><em>edita</em></strong></span> <span class='ocrx_word' id='word_1_273' title='bbox 2826 1641 3043 1697; x_wconf 78' lang='lat' dir='ltr'><strong><em>fuerant</em></strong></span> <span class='ocrx_word' id='word_1_274' title='bbox 3074 1662 3087 1698; x_wconf 92' lang='lat'><strong>:</strong></span> <span class='ocrx_word' id='word_1_275' title='bbox 3122 1641 3319 1700; x_wconf 88' lang='lat' dir='ltr'><strong><em>deinde</em></strong></span> <span class='ocrx_word' id='word_1_276' title='bbox 3349 1643 3542 1713; x_wconf 78' lang='lat' dir='ltr'><strong><em>adjicit</em></strong></span> 
     </span>
    </p>
   </div>
   <div class='ocr_carea' id='block_1_41' title="bbox 1965 1721 3646 1816">
    <p class='ocr_par' dir='ltr' id='par_1_41' title="bbox 1965 1721 3646 1816">
     <span class='ocr_line' id='line_1_41' title="bbox 1965 1721 3646 1816; baseline 0.002 -29"><span class='ocrx_word' id='word_1_277' title='bbox 1965 1733 2033 1788; x_wconf 93' lang='lat' dir='ltr'><strong><em>de</em></strong></span> <span class='ocrx_word' id='word_1_278' title='bbox 2067 1734 2331 1803; x_wconf 84' lang='lat' dir='ltr'><strong><em>apostolis</em></strong></span> <span class='ocrx_word' id='word_1_279' title='bbox 2386 1732 2560 1804; x_wconf 90' lang='lat' dir='ltr'><strong><em>ipsius</em></strong></span> <span class='ocrx_word' id='word_1_280' title='bbox 2597 1734 2936 1790; x_wconf 84' lang='lat' dir='ltr'><strong><em>vaticinium.</em></strong></span> <span class='ocrx_word' id='word_1_281' title='bbox 2973 1735 3079 1806; x_wconf 85' lang='lat' dir='ltr'><strong><em>Ipsi</em></strong></span> <span class='ocrx_word' id='word_1_282' title='bbox 3104 1748 3339 1816; x_wconf 84' lang='lat' dir='ltr'><strong><em>namque</em></strong></span> <span class='ocrx_word' id='word_1_283' title='bbox 3381 1747 3542 1791; x_wconf 89' lang='lat' dir='ltr'><strong><em>erant</em></strong></span> 
     </span>
    </p>
   </div>
   <div class='ocr_carea' id='block_1_42' title="bbox 1966 1820 3539 1902">
    <p class='ocr_par' dir='ltr' id='par_1_42' title="bbox 1966 1820 3539 1902">
     <span class='ocr_line' id='line_1_42' title="bbox 1966 1820 3539 1902; baseline 0.003 -21"><span class='ocrx_word' id='word_1_284' title='bbox 1966 1826 2058 1896; x_wconf 87' lang='lat' dir='ltr'><strong><em>qui</em></strong></span> <span class='ocrx_word' id='word_1_285' title='bbox 2090 1826 2498 1883; x_wconf 85' lang='lat' dir='ltr'><strong><em>descendebant</em></strong></span> <span class='ocrx_word' id='word_1_286' title='bbox 2533 1842 2683 1882; x_wconf 89' lang='lat' dir='ltr'><strong><em>mare</em></strong></span> <span class='ocrx_word' id='word_1_287' title='bbox 2711 1828 2768 1882; x_wconf 89' lang='lat' dir='ltr'><strong><em>in</em></strong></span> <span class='ocrx_word' id='word_1_288' title='bbox 2793 1820 3046 1902; x_wconf 79' lang='lat' dir='ltr'><strong><em>navibus,</em></strong></span> <span class='ocrx_word' id='word_1_289' title='bbox 3070 1830 3233 1901; x_wconf 85' lang='lat' dir='ltr'><strong><em>idque</em></strong></span> <span class='ocrx_word' id='word_1_290' title='bbox 3249 1840 3373 1887; x_wconf 72' lang='lat' dir='ltr'><strong><em>Vere</em></strong></span> <span class='ocrx_word' id='word_1_291' title='bbox 3392 1822 3447 1887; x_wconf 77' lang='grc' dir='ltr'><em>εἰ</em></span> <span class='ocrx_word' id='word_1_292' title='bbox 3471 1832 3539 1886; x_wconf 84' lang='lat' dir='ltr'><strong><em>ad</em></strong></span> 
     </span>
    </p>
   </div>
   <div class='ocr_carea' id='block_1_43' title="bbox 1966 1915 3540 1995">
    <p class='ocr_par' dir='ltr' id='par_1_43' title="bbox 1966 1915 3540 1995">
     <span class='ocr_line' id='line_1_43' title="bbox 1966 1915 3540 1995; baseline 0.003 -23"><span class='ocrx_word' id='word_1_293' title='bbox 1966 1918 2228 1983; x_wconf 87' lang='lat' dir='ltr'><strong><em>litteram,</em></strong></span> <span class='ocrx_word' id='word_1_294' title='bbox 2255 1920 2711 1989; x_wconf 87' lang='lat' dir='ltr'><strong><em>quemadmodum</em></strong></span> <span class='ocrx_word' id='word_1_295' title='bbox 2740 1920 2923 1975; x_wconf 88' lang='lat' dir='ltr'><strong><em>divina</em></strong></span> <span class='ocrx_word' id='word_1_296' title='bbox 2948 1915 3366 1995; x_wconf 83' lang='lat' dir='ltr'><strong><em>Evangeliorum</em></strong></span> <span class='ocrx_word' id='word_1_297' title='bbox 3387 1921 3540 1978; x_wconf 86' lang='lat' dir='ltr'><strong><em>Scri-</em></strong></span> 
     </span>
    </p>
   </div>
   <div class='ocr_carea' id='block_1_44' title="bbox 1964 2015 3540 2100">
    <p class='ocr_par' dir='ltr' id='par_1_44' title="bbox 1964 2015 3540 2100">
     <span class='ocr_line' id='line_1_44' title="bbox 1964 2015 3540 2100; baseline 0.004 -32"><span class='ocrx_word' id='word_1_298' title='bbox 1964 2021 2124 2084; x_wconf 90' lang='lat' dir='ltr'><strong><em>ptura</em></strong></span> <span class='ocrx_word' id='word_1_299' title='bbox 2153 2015 2503 2071; x_wconf 84' lang='lat' dir='ltr'><strong><em>testiﬁcatur.</em></strong></span> <span class='ocrx_word' id='word_1_300' title='bbox 2546 2016 3146 2090; x_wconf 76' lang='lat' dir='ltr'><strong><em>Apostolorumitaque</em></strong></span> <span class='ocrx_word' id='word_1_301' title='bbox 3182 2019 3540 2100; x_wconf 83' lang='lat' dir='ltr'><strong><em>ipsorumque</em></strong></span> 
     </span>
    </p>
   </div>
   <div class='ocr_carea' id='block_1_45' title="bbox 1965 2098 3645 2184">
    <p class='ocr_par' dir='ltr' id='par_1_45' title="bbox 1965 2098 3645 2184">
     <span class='ocr_line' id='line_1_45' title="bbox 1965 2098 3645 2184; baseline 0.008 -25"><span class='ocrx_word' id='word_1_302' title='bbox 1965 2105 2231 2160; x_wconf 85' lang='lat' dir='ltr'><strong><em>comitum</em></strong></span> <span class='ocrx_word' id='word_1_303' title='bbox 2269 2108 2603 2163; x_wconf 90' lang='lat' dir='ltr'><strong><em>mentionem</em></strong></span> <span class='ocrx_word' id='word_1_304' title='bbox 2661 2108 2954 2165; x_wconf 81' lang='lat' dir='ltr'><strong><em>admodum</em></strong></span> <span class='ocrx_word' id='word_1_305' title='bbox 3017 2098 3384 2184; x_wconf 63' lang='lat' dir='ltr'><strong><em>congruentem</em></strong></span> <span class='ocrx_word' id='word_1_306' title='bbox 3422 2113 3541 2171; x_wconf 71' lang='lat' dir='ltr'><strong><em>haec</em></strong></span> <span class='ocrx_word' id='word_1_307' title='bbox 3640 2098 3645 2103; x_wconf 3' lang='lat'><strong><em>6</em></strong></span> 
     </span>
    </p>
   </div>
   <div class='ocr_carea' id='block_1_46' title="bbox 1952 2195 3536 2284">
    <p class='ocr_par' dir='ltr' id='par_1_46' title="bbox 1952 2195 3536 2284">
     <span class='ocr_line' id='line_1_46' title="bbox 1952 2195 3536 2284; baseline 0.008 -36"><span class='ocrx_word' id='word_1_308' title='bbox 1952 2195 2248 2269; x_wconf 86' lang='lat' dir='ltr'><strong><em>Scriptura</em></strong></span> <span class='ocrx_word' id='word_1_309' title='bbox 2278 2199 2374 2255; x_wconf 90' lang='lat' dir='ltr'><strong><em>Dei</em></strong></span> <span class='ocrx_word' id='word_1_310' title='bbox 2396 2199 2561 2256; x_wconf 83' lang='lat' dir='ltr'><strong><em>Verbi</em></strong></span> <span class='ocrx_word' id='word_1_311' title='bbox 2583 2201 2651 2257; x_wconf 91' lang='lat' dir='ltr'><strong><em>ad</em></strong></span> <span class='ocrx_word' id='word_1_312' title='bbox 2673 2202 2923 2283; x_wconf 82' lang='lat' dir='ltr'><strong><em>homines</em></strong></span> <span class='ocrx_word' id='word_1_313' title='bbox 2942 2204 3205 2275; x_wconf 62' lang='lat' dir='ltr'><strong><em>adsentiri</em></strong></span> <span class='ocrx_word' id='word_1_314' title='bbox 3233 2206 3536 2284; x_wconf 74' lang='lat' dir='ltr'><strong><em>subiunxit.</em></strong></span> 
     </span>
    </p>
   </div>
   <div class='ocr_carea' id='block_1_47' title="bbox 1962 2291 3540 2371">
    <p class='ocr_par' dir='ltr' id='par_1_47' title="bbox 1962 2291 3540 2371">
     <span class='ocr_line' id='line_1_47' title="bbox 1962 2291 3540 2371; baseline 0.006 -26"><span class='ocrx_word' id='word_1_315' title='bbox 1962 2291 2032 2345; x_wconf 85' lang='lat' dir='ltr'><strong><em>At</em></strong></span> <span class='ocrx_word' id='word_1_316' title='bbox 2072 2291 2216 2346; x_wconf 84' lang='lat' dir='ltr'><strong><em>enim</em></strong></span> <span class='ocrx_word' id='word_1_317' title='bbox 2250 2292 2361 2348; x_wconf 89' lang='lat' dir='ltr'><strong><em>illis</em></strong></span> <span class='ocrx_word' id='word_1_318' title='bbox 2395 2292 2530 2364; x_wconf 89' lang='lat' dir='ltr'><strong><em>ipsis</em></strong></span> <span class='ocrx_word' id='word_1_319' title='bbox 2571 2310 2709 2350; x_wconf 87' lang='lat' dir='ltr'><strong><em>nova</em></strong></span> <span class='ocrx_word' id='word_1_320' title='bbox 2746 2295 2880 2362; x_wconf 80' lang='lat' dir='ltr'><strong><em>Novi</em></strong></span> <span class='ocrx_word' id='word_1_321' title='bbox 2923 2296 3258 2354; x_wconf 86' lang='lat' dir='ltr'><strong><em>Testamenti</em></strong></span> <span class='ocrx_word' id='word_1_322' title='bbox 3281 2301 3540 2371; x_wconf 88' lang='lat' dir='ltr'><strong><em>mysteria</em></strong></span> 
     </span>
    </p>
   </div>
   <div class='ocr_carea' id='block_1_48' title="bbox 1962 2386 3540 2463">
    <p class='ocr_par' dir='ltr' id='par_1_48' title="bbox 1962 2386 3540 2463">
     <span class='ocr_line' id='line_1_48' title="bbox 1962 2386 3540 2463; baseline 0.006 -25"><span class='ocrx_word' id='word_1_323' title='bbox 1962 2396 2224 2456; x_wconf 77' lang='lat' dir='ltr'><strong><em>peragere</em></strong></span> <span class='ocrx_word' id='word_1_324' title='bbox 2254 2388 2511 2456; x_wconf 84' lang='lat' dir='ltr'><strong><em>praecepit</em></strong></span> <span class='ocrx_word' id='word_1_325' title='bbox 2537 2386 2729 2443; x_wconf 86' lang='lat' dir='ltr'><strong><em>dicens</em></strong></span> <span class='ocrx_word' id='word_1_326' title='bbox 2755 2407 2779 2443; x_wconf 84' lang='lat'><strong><em>:.</em></strong></span> <span class='ocrx_word' id='word_1_327' title='bbox 2796 2389 2867 2442; x_wconf 79' lang='lat' dir='ltr'><strong><em>Et</em></strong></span> <span class='ocrx_word' id='word_1_328' title='bbox 2890 2391 3190 2463; x_wconf 74' lang='lat' dir='ltr'><strong><em>sacriﬁcent</em></strong></span> <span class='ocrx_word' id='word_1_329' title='bbox 3211 2393 3540 2461; x_wconf 79' lang='lat' dir='ltr'><strong><em>sacriﬁcium</em></strong></span> 
     </span>
    </p>
   </div>
   <div class='ocr_carea' id='block_1_49' title="bbox 1965 2473 3396 2549">
    <p class='ocr_par' dir='ltr' id='par_1_49' title="bbox 1965 2473 3396 2549">
     <span class='ocr_line' id='line_1_49' title="bbox 1965 2473 3396 2549; baseline 0.005 -20"><span class='ocrx_word' id='word_1_330' title='bbox 1965 2476 2230 2544; x_wconf 87' lang='lat' dir='ltr'><strong><em>laudis,et</em></strong></span> <span class='ocrx_word' id='word_1_331' title='bbox 2254 2480 2565 2533; x_wconf 87' lang='lat' dir='ltr'><strong><em>annuntient</em></strong></span> <span class='ocrx_word' id='word_1_332' title='bbox 2595 2494 2754 2549; x_wconf 85' lang='lat' dir='ltr'><strong><em>opera</em></strong></span> <span class='ocrx_word' id='word_1_333' title='bbox 2785 2482 2903 2549; x_wconf 88' lang='lat' dir='ltr'><strong><em>ejus</em></strong></span> <span class='ocrx_word' id='word_1_334' title='bbox 2932 2482 2986 2535; x_wconf 90' lang='lat' dir='ltr'><strong><em>in</em></strong></span> <span class='ocrx_word' id='word_1_335' title='bbox 3020 2473 3396 2538; x_wconf 73' lang='lat' dir='ltr'><strong><em>exsultatione.</em></strong></span> 
     </span>
    </p>
   </div>
   <div class='ocr_carea' id='block_1_50' title="bbox 285 2562 3542 2646">
    <p class='ocr_par' dir='ltr' id='par_1_50' title="bbox 285 2562 3542 2646">
     <span class='ocr_line' id='line_1_50' title="bbox 285 2562 3542 2646; baseline 0.002 -27"><span class='ocrx_word' id='word_1_336' title='bbox 285 2582 421 2629; x_wconf 82' lang='grc' dir='ltr'><em>πους</em></span> <span class='ocrx_word' id='word_1_337' title='bbox 452 2566 745 2638; x_wconf 77' lang='grc' dir='ltr'><em>παρουσίᾳ.</em></span> <span class='ocrx_word' id='word_1_338' title='bbox 791 2566 990 2629; x_wconf 79' lang='grc' dir='ltr'><strong><em>Ἀὐτοίς</em></strong></span> <span class='ocrx_word' id='word_1_339' title='bbox 1043 2565 1332 2638; x_wconf 70' lang='grc' dir='ltr'><em>τοιγαροῦν</em></span> <span class='ocrx_word' id='word_1_340' title='bbox 1370 2565 1580 2628; x_wconf 85' lang='grc' dir='ltr'><em>τούτοις</em></span> <span class='ocrx_word' id='word_1_341' title='bbox 1610 2565 1705 2618; x_wconf 74' lang='grc' dir='ltr'><em>καὶ</em></span> <span class='ocrx_word' id='word_1_342' title='bbox 1736 2562 1808 2618; x_wconf 79' lang='grc' dir='ltr'><em>τὰ</em></span> <span class='ocrx_word' id='word_1_343' title='bbox 1833 2564 1928 2619; x_wconf 83' lang='grc' dir='ltr'><strong><em>νέα</em></strong></span> <span class='ocrx_word' id='word_1_344' title='bbox 1983 2570 2278 2646; x_wconf 76' lang='grc' dir='ltr'><em>μυστήρια</em></span> <span class='ocrx_word' id='word_1_345' title='bbox 2310 2570 2410 2641; x_wconf 81' lang='grc' dir='ltr'><em>τῆς</em></span> <span class='ocrx_word' id='word_1_346' title='bbox 2438 2571 2643 2642; x_wconf 84' lang='grc' dir='ltr'><em>Καινῆς</em></span> <span class='ocrx_word' id='word_1_347' title='bbox 2686 2571 2961 2643; x_wconf 83' lang='grc' dir='ltr'><em>Διαθήκης</em></span> <span class='ocrx_word' id='word_1_348' title='bbox 2999 2572 3259 2644; x_wconf 75' lang='grc' dir='ltr'><em>πράττειν</em></span> <span class='ocrx_word' id='word_1_349' title='bbox 3294 2589 3542 2644; x_wconf 74' lang='grc' dir='ltr'><em>παρεκε-</em></span> 
     </span>
    </p>
   </div>
   <div class='ocr_carea' id='block_1_51' title="bbox 285 2656 3535 2735">
    <p class='ocr_par' dir='ltr' id='par_1_51' title="bbox 285 2656 3535 2735">
     <span class='ocr_line' id='line_1_51' title="bbox 285 2656 3535 2735; baseline 0.001 -21"><span class='ocrx_word' id='word_1_350' title='bbox 285 2658 491 2726; x_wconf 82' lang='grc' dir='ltr'><em>λεύετο,</em></span> <span class='ocrx_word' id='word_1_351' title='bbox 528 2660 727 2730; x_wconf 78' lang='grc' dir='ltr'><em>λέγων’</em></span> <span class='ocrx_word' id='word_1_352' title='bbox 776 2659 887 2714; x_wconf 79' lang='grc' dir='ltr'><em>Καὶ</em></span> <span class='ocrx_word' id='word_1_353' title='bbox 942 2659 1306 2714; x_wconf 86' lang='grc' dir='ltr'><em>θυσάτωσαν</em></span> <span class='ocrx_word' id='word_1_354' title='bbox 1326 2658 1548 2716; x_wconf 86' lang='grc' dir='ltr'><em>θυσίαν</em></span> <span class='ocrx_word' id='word_1_355' title='bbox 1567 2656 1870 2725; x_wconf 82' lang='grc' dir='ltr'><em>αὶνέσεως,</em></span> <span class='ocrx_word' id='word_1_356' title='bbox 1896 2660 1997 2715; x_wconf 82' lang='grc' dir='ltr'><em>καὶ</em></span> <span class='ocrx_word' id='word_1_357' title='bbox 2040 2662 2558 2733; x_wconf 76' lang='grc' dir='ltr'><em>ἑξαγγειλάτωσαν</em></span> <span class='ocrx_word' id='word_1_358' title='bbox 2589 2667 2661 2721; x_wconf 84' lang='grc' dir='ltr'><em>τὰ</em></span> <span class='ocrx_word' id='word_1_359' title='bbox 2694 2667 2837 2735; x_wconf 64' lang='grc' dir='ltr'><em>ἔργα</em></span> <span class='ocrx_word' id='word_1_360' title='bbox 2891 2665 3076 2720; x_wconf 80' lang='grc' dir='ltr'><em>αὑτοῦ</em></span> <span class='ocrx_word' id='word_1_361' title='bbox 3104 2662 3207 2720; x_wconf 82' lang='grc' dir='ltr'><strong><em>’ἐν</em></strong></span> <span class='ocrx_word' id='word_1_362' title='bbox 3247 2656 3535 2720; x_wconf 65' lang='grc' dir='ltr'><em>ἀγαλλιά-</em></span> 
     </span>
    </p>
   </div>
   <div class='ocr_carea' id='block_1_52' title="bbox 286 2767 404 2810">
    <p class='ocr_par' dir='ltr' id='par_1_52' title="bbox 286 2767 404 2810">
     <span class='ocr_line' id='line_1_52' title="bbox 286 2767 404 2810; baseline 0.008 -1"><span class='ocrx_word' id='word_1_363' title='bbox 286 2767 404 2810; x_wconf 75' lang='grc' dir='ltr'><em>σει.</em></span> 
     </span>
    </p>
   </div>
   <div class='ocr_carea' id='block_1_53' title="bbox 351 2854 1860 2942">
    <p class='ocr_par' dir='ltr' id='par_1_53' title="bbox 351 2863 1857 2937">
     <span class='ocr_line' id='line_1_53' title="bbox 351 2863 1857 2937; baseline 0 -17"><span class='ocrx_word' id='word_1_364' title='bbox 351 2863 522 2931; x_wconf 64' lang='lat' dir='ltr'><strong><em>Eius,</em></strong></span> <span class='ocrx_word' id='word_1_365' title='bbox 555 2867 651 2922; x_wconf 77' lang='grc' dir='ltr'><em>καὶ</em></span> <span class='ocrx_word' id='word_1_366' title='bbox 677 2866 828 2937; x_wconf 78' lang='grc' dir='ltr'><em>ἔστη</em></span> <span class='ocrx_word' id='word_1_367' title='bbox 856 2868 1092 2937; x_wconf 84' lang='grc' dir='ltr'><em>πνεῦμα</em></span> <span class='ocrx_word' id='word_1_368' title='bbox 1118 2865 1477 2937; x_wconf 82' lang='grc' dir='ltr'><em>καταιγίδος,</em></span> <span class='ocrx_word' id='word_1_369' title='bbox 1513 2865 1611 2919; x_wconf 79' lang='grc' dir='ltr'><em>καὶ</em></span> <span class='ocrx_word' id='word_1_370' title='bbox 1649 2863 1857 2934; x_wconf 74' lang='grc' dir='ltr'><em>ὑψώθη</em></span> 
     </span>
    </p>
   </div>
   <div class='ocr_carea' id='block_1_54' title="bbox 1962 2854 3640 2942">
    <p class='ocr_par' dir='ltr' id='par_1_54' title="bbox 2041 2854 3640 2942">
     <span class='ocr_line' id='line_1_54' title="bbox 2041 2854 3640 2942; baseline 0.006 -22"><span class='ocrx_word' id='word_1_371' title='bbox 2041 2865 2209 2923; x_wconf 70' lang='lat' dir='ltr'><strong><em>Vens.</em></strong></span> <span class='ocrx_word' id='word_1_372' title='bbox 2270 2854 2459 2923; x_wconf 58' lang='grc' dir='ltr'><strong><em>πω.</em></strong></span> <span class='ocrx_word' id='word_1_373' title='bbox 2530 2869 2685 2924; x_wconf 73' lang='lat' dir='ltr'><strong><em>Dixit</em></strong></span> <span class='ocrx_word' id='word_1_374' title='bbox 2741 2874 2790 2925; x_wconf 76' lang='grc' dir='ltr'><strong><em>ει</em></strong></span> <span class='ocrx_word' id='word_1_375' title='bbox 2830 2871 2972 2925; x_wconf 86' lang='lat' dir='ltr'><strong><em>stetit</em></strong></span> <span class='ocrx_word' id='word_1_376' title='bbox 3012 2870 3229 2939; x_wconf 80' lang='lat' dir='ltr'><strong><em>spiritus</em></strong></span> <span class='ocrx_word' id='word_1_377' title='bbox 3272 2873 3538 2941; x_wconf 67' lang='lat' dir='ltr'><strong><em>procellae,</em></strong></span> <span class='ocrx_word' id='word_1_378' title='bbox 3634 2936 3640 2942; x_wconf 56' lang='grc'><strong><em>,</em></strong></span> 
     </span>
    </p>
   </div>
   <div class='ocr_carea' id='block_1_55' title="bbox 289 2947 1860 3034">
    <p class='ocr_par' dir='ltr' id='par_1_55' title="bbox 289 2956 1860 3029">
     <span class='ocr_line' id='line_1_55' title="bbox 289 2956 1860 3029; baseline -0.001 -16"><span class='ocrx_word' id='word_1_379' title='bbox 289 2959 361 3014; x_wconf 85' lang='grc' dir='ltr'><em>τὰ</em></span> <span class='ocrx_word' id='word_1_380' title='bbox 395 2961 627 3029; x_wconf 86' lang='grc' dir='ltr'><em>κύματα</em></span> <span class='ocrx_word' id='word_1_381' title='bbox 664 2960 876 3028; x_wconf 83' lang='grc' dir='ltr'><em>αὐτῆς.</em></span> <span class='ocrx_word' id='word_1_382' title='bbox 922 2960 1370 3015; x_wconf 81' lang='grc' dir='ltr'><em>Ἆναϐαίνουσιν</em></span> <span class='ocrx_word' id='word_1_383' title='bbox 1404 2958 1515 3024; x_wconf 82' lang='grc' dir='ltr'><em>ἓως</em></span> <span class='ocrx_word' id='word_1_384' title='bbox 1546 2956 1665 3012; x_wconf 87' lang='grc' dir='ltr'><strong><em>τῶν</em></strong></span> <span class='ocrx_word' id='word_1_385' title='bbox 1689 2960 1860 3029; x_wconf 84' lang='grc' dir='ltr'><em>οὐρα-</em></span> 
     </span>
    </p>
   </div>
   <div class='ocr_carea' id='block_1_56' title="bbox 1962 2947 3541 3034">
    <p class='ocr_par' dir='ltr' id='par_1_56' title="bbox 1966 2947 3541 3034">
     <span class='ocr_line' id='line_1_56' title="bbox 1966 2947 3541 3034; baseline 0.003 -22"><span class='ocrx_word' id='word_1_386' title='bbox 1966 2968 2015 3012; x_wconf 88' lang='lat' dir='ltr'><strong><em>et</em></strong></span> <span class='ocrx_word' id='word_1_387' title='bbox 2046 2958 2271 3013; x_wconf 77' lang='lat' dir='ltr'><strong><em>exaltati</em></strong></span> <span class='ocrx_word' id='word_1_388' title='bbox 2314 2970 2442 3014; x_wconf 88' lang='lat' dir='ltr'><strong><em>sunt</em></strong></span> <span class='ocrx_word' id='word_1_389' title='bbox 2493 2962 2685 3031; x_wconf 80' lang='lat' dir='ltr'><strong><em>ﬂuctus</em></strong></span> <span class='ocrx_word' id='word_1_390' title='bbox 2714 2947 2848 3032; x_wconf 82' lang='lat' dir='ltr'><strong><em>ejus.</em></strong></span> <span class='ocrx_word' id='word_1_391' title='bbox 2906 2962 3205 3017; x_wconf 82' lang='lat' dir='ltr'><strong><em>Ascendunt</em></strong></span> <span class='ocrx_word' id='word_1_392' title='bbox 3257 2979 3419 3034; x_wconf 83' lang='lat' dir='ltr'><strong><em>usque</em></strong></span> <span class='ocrx_word' id='word_1_393' title='bbox 3472 2965 3541 3019; x_wconf 90' lang='lat' dir='ltr'><strong><em>ad</em></strong></span> 
     </span>
    </p>
   </div>
   <div class='ocr_carea' id='block_1_57' title="bbox 286 3040 1860 3140">
    <p class='ocr_par' dir='ltr' id='par_1_57' title="bbox 286 3050 1860 3121">
     <span class='ocr_line' id='line_1_57' title="bbox 286 3050 1860 3121; baseline -0.001 -15"><span class='ocrx_word' id='word_1_394' title='bbox 286 3051 411 3106; x_wconf 86' lang='grc' dir='ltr'><strong><em>νῶν</em></strong></span> <span class='ocrx_word' id='word_1_395' title='bbox 430 3052 530 3106; x_wconf 77' lang='grc' dir='ltr'><em>καὶ</em></span> <span class='ocrx_word' id='word_1_396' title='bbox 551 3054 800 3106; x_wconf 79' lang='grc' dir='ltr'><em>καταϐαί</em></span> <span class='ocrx_word' id='word_1_397' title='bbox 800 3067 1017 3108; x_wconf 90' lang='grc' dir='ltr'><em>νουσιν</em></span> <span class='ocrx_word' id='word_1_398' title='bbox 1030 3052 1139 3118; x_wconf 80' lang='grc' dir='ltr'><em>ἕως</em></span> <span class='ocrx_word' id='word_1_399' title='bbox 1163 3050 1283 3105; x_wconf 85' lang='grc' dir='ltr'><strong><em>τῶν</em></strong></span> <span class='ocrx_word' id='word_1_400' title='bbox 1301 3052 1605 3117; x_wconf 79' lang='grc' dir='ltr'><em>ἀϐύσσων,</em></span> <span class='ocrx_word' id='word_1_401' title='bbox 1634 3052 1673 3120; x_wconf 83' lang='grc' dir='ltr'><strong><em>ή</em></strong></span> <span class='ocrx_word' id='word_1_402' title='bbox 1690 3050 1860 3121; x_wconf 68' lang='grc' dir='ltr'><em>ψυχὴ</em></span> 
     </span>
    </p>
   </div>
   <div class='ocr_carea' id='block_1_58' title="bbox 1962 3040 3543 3140">
    <p class='ocr_par' dir='ltr' id='par_1_58' title="bbox 1968 3040 3543 3133">
     <span class='ocr_line' id='line_1_58' title="bbox 1968 3040 3543 3133; baseline 0.004 -30"><span class='ocrx_word' id='word_1_403' title='bbox 1968 3049 2124 3104; x_wconf 76' lang='lat' dir='ltr'><strong><em>caelos</em></strong></span> <span class='ocrx_word' id='word_1_404' title='bbox 2164 3059 2213 3104; x_wconf 88' lang='lat' dir='ltr'><strong><em>et</em></strong></span> <span class='ocrx_word' id='word_1_405' title='bbox 2242 3050 2561 3133; x_wconf 86' lang='lat' dir='ltr'><strong><em>descendunt</em></strong></span> <span class='ocrx_word' id='word_1_406' title='bbox 2590 3070 2751 3123; x_wconf 87' lang='lat' dir='ltr'><strong><em>usque</em></strong></span> <span class='ocrx_word' id='word_1_407' title='bbox 2781 3040 2849 3107; x_wconf 89' lang='lat' dir='ltr'><strong><em>ad</em></strong></span> <span class='ocrx_word' id='word_1_408' title='bbox 2880 3051 3117 3124; x_wconf 80' lang='lat' dir='ltr'><strong><em>abyssos,</em></strong></span> <span class='ocrx_word' id='word_1_409' title='bbox 3154 3054 3333 3127; x_wconf 82' lang='lat' dir='ltr'><strong><em>anima</em></strong></span> <span class='ocrx_word' id='word_1_410' title='bbox 3360 3070 3543 3109; x_wconf 89' lang='lat' dir='ltr'><strong><em>eorum</em></strong></span> 
     </span>
    </p>
   </div>
   <div class='ocr_carea' id='block_1_59' title="bbox 288 3141 1860 3215">
    <p class='ocr_par' dir='ltr' id='par_1_59' title="bbox 288 3144 1860 3215">
     <span class='ocr_line' id='line_1_59' title="bbox 288 3144 1860 3215; baseline 0 -16"><span class='ocrx_word' id='word_1_411' title='bbox 288 3144 488 3200; x_wconf 81' lang='grc' dir='ltr'><em>αὐτῶν</em></span> <span class='ocrx_word' id='word_1_412' title='bbox 526 3145 598 3199; x_wconf 86' lang='grc' dir='ltr'><em>ἐν</em></span> <span class='ocrx_word' id='word_1_413' title='bbox 642 3145 847 3212; x_wconf 82' lang='grc' dir='ltr'><em>κακοῖς</em></span> <span class='ocrx_word' id='word_1_414' title='bbox 878 3145 1144 3214; x_wconf 83' lang='grc' dir='ltr'><em>ἐτήκετο.</em></span> <span class='ocrx_word' id='word_1_415' title='bbox 1200 3144 1669 3215; x_wconf 72' lang='grc' dir='ltr'><em>Ἐταράχθησαν,</em></span> <span class='ocrx_word' id='word_1_416' title='bbox 1720 3146 1860 3200; x_wconf 80' lang='grc' dir='ltr'><em>ἐσα-</em></span> 
     </span>
    </p>
   </div>
   <div class='ocr_carea' id='block_1_60' title="bbox 1962 3141 3543 3215">
    <p class='ocr_par' dir='ltr' id='par_1_60' title="bbox 1964 3141 3543 3213">
     <span class='ocr_line' id='line_1_60' title="bbox 1964 3141 3543 3213; baseline 0.003 -17"><span class='ocrx_word' id='word_1_417' title='bbox 1964 3143 2019 3197; x_wconf 88' lang='lat' dir='ltr'><strong><em>in</em></strong></span> <span class='ocrx_word' id='word_1_418' title='bbox 2046 3143 2203 3197; x_wconf 88' lang='lat' dir='ltr'><strong><em>malis</em></strong></span> <span class='ocrx_word' id='word_1_419' title='bbox 2234 3143 2548 3203; x_wconf 86' lang='lat' dir='ltr'><strong><em>tabescebat.</em></strong></span> <span class='ocrx_word' id='word_1_420' title='bbox 2579 3144 2802 3199; x_wconf 88' lang='lat' dir='ltr'><strong><em>Turbati</em></strong></span> <span class='ocrx_word' id='word_1_421' title='bbox 2826 3155 2970 3213; x_wconf 88' lang='lat' dir='ltr'><strong><em>sunt,</em></strong></span> <span class='ocrx_word' id='word_1_422' title='bbox 2995 3141 3241 3201; x_wconf 79' lang='lat' dir='ltr'><strong><em>commoti</em></strong></span> <span class='ocrx_word' id='word_1_423' title='bbox 3259 3156 3380 3201; x_wconf 88' lang='lat' dir='ltr'><strong><em>sunt</em></strong></span> <span class='ocrx_word' id='word_1_424' title='bbox 3405 3148 3543 3202; x_wconf 85' lang='lat' dir='ltr'><strong><em>sicut</em></strong></span> 
     </span>
    </p>
   </div>
   <div class='ocr_carea' id='block_1_61' title="bbox 288 3234 1860 3309">
    <p class='ocr_par' dir='ltr' id='par_1_61' title="bbox 288 3235 1860 3309">
     <span class='ocr_line' id='line_1_61' title="bbox 288 3235 1860 3309; baseline 0.001 -19"><span class='ocrx_word' id='word_1_425' title='bbox 288 3237 599 3305; x_wconf 77' lang='grc' dir='ltr'><em>λεύθησαν</em></span> <span class='ocrx_word' id='word_1_426' title='bbox 621 3237 700 3304; x_wconf 87' lang='grc' dir='ltr'><em>ὠς</em></span> <span class='ocrx_word' id='word_1_427' title='bbox 727 3240 759 3292; x_wconf 89' lang='grc' dir='ltr'><strong><em>ό</em></strong></span> <span class='ocrx_word' id='word_1_428' title='bbox 787 3239 1043 3309; x_wconf 83' lang='grc' dir='ltr'><em>μεθύων,</em></span> <span class='ocrx_word' id='word_1_429' title='bbox 1071 3237 1167 3292; x_wconf 77' lang='grc' dir='ltr'><em>καὶ</em></span> <span class='ocrx_word' id='word_1_430' title='bbox 1201 3236 1370 3293; x_wconf 80' lang='grc' dir='ltr'><em>πᾶσα</em></span> <span class='ocrx_word' id='word_1_431' title='bbox 1397 3239 1434 3305; x_wconf 80' lang='grc' dir='ltr'>ἡ</span> <span class='ocrx_word' id='word_1_432' title='bbox 1458 3238 1643 3306; x_wconf 65' lang='grc' dir='ltr'><em>σοφία</em></span> <span class='ocrx_word' id='word_1_433' title='bbox 1665 3235 1860 3291; x_wconf 86' lang='grc' dir='ltr'><em>αὐτῶν</em></span> 
     </span>
    </p>
   </div>
   <div class='ocr_carea' id='block_1_62' title="bbox 1962 3234 3542 3309">
    <p class='ocr_par' dir='ltr' id='par_1_62' title="bbox 1962 3234 3542 3307">
     <span class='ocr_line' id='line_1_62' title="bbox 1962 3234 3542 3307; baseline 0.001 -17"><span class='ocrx_word' id='word_1_434' title='bbox 1962 3234 2158 3302; x_wconf 87' lang='lat' dir='ltr'><strong><em>ebrius,</em></strong></span> <span class='ocrx_word' id='word_1_435' title='bbox 2190 3246 2238 3291; x_wconf 90' lang='lat' dir='ltr'><strong><em>et</em></strong></span> <span class='ocrx_word' id='word_1_436' title='bbox 2268 3237 2439 3292; x_wconf 88' lang='lat' dir='ltr'><strong><em>omnis</em></strong></span> <span class='ocrx_word' id='word_1_437' title='bbox 2489 3238 2752 3307; x_wconf 81' lang='lat' dir='ltr'><strong><em>sapientia</em></strong></span> <span class='ocrx_word' id='word_1_438' title='bbox 2801 3255 2983 3293; x_wconf 89' lang='lat' dir='ltr'><strong><em>eorum</em></strong></span> <span class='ocrx_word' id='word_1_439' title='bbox 3023 3239 3274 3293; x_wconf 89' lang='lat' dir='ltr'><strong><em>devorata</em></strong></span> <span class='ocrx_word' id='word_1_440' title='bbox 3318 3252 3415 3294; x_wconf 84' lang='lat' dir='ltr'><strong><em>est.</em></strong></span> <span class='ocrx_word' id='word_1_441' title='bbox 3475 3237 3542 3292; x_wconf 85' lang='lat' dir='ltr'><strong><em>Et</em></strong></span> 
     </span>
    </p>
   </div>
   <div class='ocr_carea' id='block_1_63' title="bbox 288 3331 1863 3404">
    <p class='ocr_par' dir='ltr' id='par_1_63' title="bbox 288 3331 1863 3404">
     <span class='ocr_line' id='line_1_63' title="bbox 288 3331 1863 3404; baseline 0.001 -19"><span class='ocrx_word' id='word_1_442' title='bbox 288 3333 609 3403; x_wconf 81' lang='grc' dir='ltr'><em>κατεπόθη.</em></span> <span class='ocrx_word' id='word_1_443' title='bbox 665 3331 776 3389; x_wconf 77' lang='grc' dir='ltr'><strong><em>Καὶ</em></strong></span> <span class='ocrx_word' id='word_1_444' title='bbox 826 3333 1160 3404; x_wconf 77' lang='grc' dir='ltr'><em>έκέκραξαν</em></span> <span class='ocrx_word' id='word_1_445' title='bbox 1211 3332 1361 3402; x_wconf 81' lang='grc' dir='ltr'><em>πρὸς</em></span> <span class='ocrx_word' id='word_1_446' title='bbox 1403 3334 1625 3402; x_wconf 85' lang='grc' dir='ltr'><em>Κύριον</em></span> <span class='ocrx_word' id='word_1_447' title='bbox 1666 3334 1736 3387; x_wconf 82' lang='grc' dir='ltr'><em>ἐν</em></span> <span class='ocrx_word' id='word_1_448' title='bbox 1782 3333 1863 3398; x_wconf 85' lang='grc' dir='ltr'><em>τῷ</em></span> 
     </span>
    </p>
   </div>
   <div class='ocr_carea' id='block_1_64' title="bbox 289 3424 1864 3495">
    <p class='ocr_par' dir='ltr' id='par_1_64' title="bbox 289 3424 1864 3495">
     <span class='ocr_line' id='line_1_64' title="bbox 289 3424 1864 3495; baseline 0.001 -18"><span class='ocrx_word' id='word_1_449' title='bbox 289 3424 597 3479; x_wconf 75' lang='grc' dir='ltr'><em>θλίϐεσθαι</em></span> <span class='ocrx_word' id='word_1_450' title='bbox 614 3425 853 3493; x_wconf 84' lang='grc' dir='ltr'><em>αὐτοὺς,</em></span> <span class='ocrx_word' id='word_1_451' title='bbox 873 3427 971 3480; x_wconf 81' lang='grc' dir='ltr'><em>καὶ</em></span> <span class='ocrx_word' id='word_1_452' title='bbox 995 3425 1063 3480; x_wconf 84' lang='grc' dir='ltr'><em>ἐκ</em></span> <span class='ocrx_word' id='word_1_453' title='bbox 1085 3426 1203 3479; x_wconf 87' lang='grc' dir='ltr'><strong><em>τῶν</em></strong></span> <span class='ocrx_word' id='word_1_454' title='bbox 1218 3424 1495 3495; x_wconf 77' lang='grc' dir='ltr'><em>ἀναγκῶν</em></span> <span class='ocrx_word' id='word_1_455' title='bbox 1528 3424 1727 3479; x_wconf 84' lang='grc' dir='ltr'><em>αὐτῶν</em></span> <span class='ocrx_word' id='word_1_456' title='bbox 1766 3425 1864 3490; x_wconf 79' lang='grc' dir='ltr'><strong><em>ἐξ·</em></strong></span> 
     </span>
    </p>
   </div>
   <div class='ocr_carea' id='block_1_65' title="bbox 291 3513 1861 3591">
    <p class='ocr_par' dir='ltr' id='par_1_65' title="bbox 291 3513 1861 3591">
     <span class='ocr_line' id='line_1_65' title="bbox 291 3513 1861 3591; baseline 0.001 -23"><span class='ocrx_word' id='word_1_457' title='bbox 291 3513 517 3584; x_wconf 73' lang='grc' dir='ltr'><em>ἢγαγεν</em></span> <span class='ocrx_word' id='word_1_458' title='bbox 557 3518 798 3584; x_wconf 81' lang='grc' dir='ltr'><em>αὐτούς.</em></span> <span class='ocrx_word' id='word_1_459' title='bbox 831 3518 943 3571; x_wconf 76' lang='grc' dir='ltr'><em>Καὶ</em></span> <span class='ocrx_word' id='word_1_460' title='bbox 982 3515 1240 3591; x_wconf 67' lang='grc' dir='ltr'><em>ἐπάταξε</em></span> <span class='ocrx_word' id='word_1_461' title='bbox 1292 3516 1365 3585; x_wconf 78' lang='grc' dir='ltr'><em>τῇ</em></span> <span class='ocrx_word' id='word_1_462' title='bbox 1398 3516 1711 3586; x_wconf 86' lang='grc' dir='ltr'><em>καταιγίὸι,</em></span> <span class='ocrx_word' id='word_1_463' title='bbox 1765 3518 1861 3571; x_wconf 79' lang='grc' dir='ltr'><em>καὶ</em></span> 
     </span>
    </p>
   </div>
   <div class='ocr_carea' id='block_1_66' title="bbox 288 3603 1860 3677">
    <p class='ocr_par' dir='ltr' id='par_1_66' title="bbox 288 3603 1860 3677">
     <span class='ocr_line' id='line_1_66' title="bbox 288 3603 1860 3677; baseline 0.003 -20"><span class='ocrx_word' id='word_1_464' title='bbox 288 3603 438 3673; x_wconf 75' lang='grc' dir='ltr'><em>ἔστη</em></span> <span class='ocrx_word' id='word_1_465' title='bbox 472 3608 559 3672; x_wconf 85' lang='grc' dir='ltr'><strong><em>είς</em></strong></span> <span class='ocrx_word' id='word_1_466' title='bbox 583 3605 798 3675; x_wconf 82' lang='grc' dir='ltr'><em>αὔραν,</em></span> <span class='ocrx_word' id='word_1_467' title='bbox 836 3606 934 3660; x_wconf 79' lang='grc' dir='ltr'><strong><em>καὶ</em></strong></span> <span class='ocrx_word' id='word_1_468' title='bbox 961 3603 1262 3677; x_wconf 75' lang='grc' dir='ltr'><em>ἐσίγησαν</em></span> <span class='ocrx_word' id='word_1_469' title='bbox 1287 3608 1359 3660; x_wconf 82' lang='grc' dir='ltr'><em>τὰ</em></span> <span class='ocrx_word' id='word_1_470' title='bbox 1392 3607 1625 3676; x_wconf 80' lang='grc' dir='ltr'><em>κύματα</em></span> <span class='ocrx_word' id='word_1_471' title='bbox 1651 3605 1860 3675; x_wconf 79' lang='grc' dir='ltr'><em>αὐτῆς.</em></span> 
     </span>
    </p>
   </div>
   <div class='ocr_carea' id='block_1_67' title="bbox 291 3690 1865 3772">
    <p class='ocr_par' dir='ltr' id='par_1_67' title="bbox 291 3690 1865 3772">
     <span class='ocr_line' id='line_1_67' title="bbox 291 3690 1865 3772; baseline 0.001 -22"><span class='ocrx_word' id='word_1_472' title='bbox 291 3696 477 3752; x_wconf 80' lang='grc' dir='ltr'><em>Ταῦτα</em></span> <span class='ocrx_word' id='word_1_473' title='bbox 533 3690 889 3772; x_wconf 75' lang='grc' dir='ltr'><em>προφητικῶς</em></span> <span class='ocrx_word' id='word_1_474' title='bbox 939 3699 1302 3772; x_wconf 80' lang='grc' dir='ltr'><em>θεσπιζόμενα</em></span> <span class='ocrx_word' id='word_1_475' title='bbox 1339 3698 1639 3770; x_wconf 77' lang='grc' dir='ltr'><em>ἐπληροῦτο</em></span> <span class='ocrx_word' id='word_1_476' title='bbox 1688 3699 1865 3770; x_wconf 79' lang='grc' dir='ltr'><em>ῥητῶς</em></span> 
     </span>
    </p>
   </div>
   <div class='ocr_carea' id='block_1_68' title="bbox 292 3790 1866 3864">
    <p class='ocr_par' dir='ltr' id='par_1_68' title="bbox 292 3790 1866 3864">
     <span class='ocr_line' id='line_1_68' title="bbox 292 3790 1866 3864; baseline -0.001 -19"><span class='ocrx_word' id='word_1_477' title='bbox 292 3792 386 3845; x_wconf 75' lang='grc' dir='ltr'><em>καὶ</em></span> <span class='ocrx_word' id='word_1_478' title='bbox 424 3791 560 3862; x_wconf 80' lang='grc' dir='ltr'><em>πρὸς</em></span> <span class='ocrx_word' id='word_1_479' title='bbox 613 3791 756 3857; x_wconf 84' lang='grc' dir='ltr'><em>λέξιν</em></span> <span class='ocrx_word' id='word_1_480' title='bbox 794 3809 807 3822; x_wconf 89' lang='grc'><strong>·</strong></span> <span class='ocrx_word' id='word_1_481' title='bbox 859 3792 968 3845; x_wconf 93' lang='grc' dir='ltr'><strong><em>τῶν</em></strong></span> <span class='ocrx_word' id='word_1_482' title='bbox 1014 3792 1122 3864; x_wconf 84' lang='grc' dir='ltr'><em>γὰρ</em></span> <span class='ocrx_word' id='word_1_483' title='bbox 1175 3791 1431 3864; x_wconf 84' lang='grc' dir='ltr'><em>μαθητῶν</em></span> <span class='ocrx_word' id='word_1_484' title='bbox 1474 3791 1566 3845; x_wconf 81' lang='grc' dir='ltr'><em>τοῦ</em></span> <span class='ocrx_word' id='word_1_485' title='bbox 1616 3790 1866 3862; x_wconf 82' lang='grc' dir='ltr'><em>Σωτῆρος</em></span> 
     </span>
    </p>
   </div>
   <div class='ocr_carea' id='block_1_69' title="bbox 291 3880 1869 3955">
    <p class='ocr_par' dir='ltr' id='par_1_69' title="bbox 291 3880 1869 3955">
     <span class='ocr_line' id='line_1_69' title="bbox 291 3880 1869 3955; baseline -0.001 -18"><span class='ocrx_word' id='word_1_486' title='bbox 291 3880 447 3955; x_wconf 80' lang='grc' dir='ltr'><em>ἡμῶν</em></span> <span class='ocrx_word' id='word_1_487' title='bbox 493 3885 837 3955; x_wconf 78' lang='grc' dir='ltr'><em>ἐμπλεόντων</em></span> <span class='ocrx_word' id='word_1_488' title='bbox 874 3887 969 3940; x_wconf 82' lang='grc' dir='ltr'><em>σὺν</em></span> <span class='ocrx_word' id='word_1_489' title='bbox 1004 3882 1172 3955; x_wconf 78' lang='grc' dir='ltr'><em>αὐτῷ,</em></span> <span class='ocrx_word' id='word_1_490' title='bbox 1214 3883 1483 3953; x_wconf 77' lang='grc' dir='ltr'><em>σεισμὸς,</em></span> <span class='ocrx_word' id='word_1_491' title='bbox 1518 3884 1702 3955; x_wconf 76' lang='grc' dir='ltr'><em>φησὶν,</em></span> <span class='ocrx_word' id='word_1_492' title='bbox 1743 3882 1869 3953; x_wconf 84' lang='grc' dir='ltr'><em>ἐγέ-</em></span> 
     </span>
    </p>
   </div>
   <div class='ocr_carea' id='block_1_70' title="bbox 288 3974 1866 4046">
    <p class='ocr_par' dir='ltr' id='par_1_70' title="bbox 288 3974 1866 4046">
     <span class='ocr_line' id='line_1_70' title="bbox 288 3974 1866 4046; baseline 0 -19"><span class='ocrx_word' id='word_1_493' title='bbox 288 3992 426 4029; x_wconf 88' lang='grc' dir='ltr'><em>νετο</em></span> <span class='ocrx_word' id='word_1_494' title='bbox 454 3974 644 4044; x_wconf 80' lang='grc' dir='ltr'><em>μέγας</em></span> <span class='ocrx_word' id='word_1_495' title='bbox 665 3976 736 4029; x_wconf 84' lang='grc' dir='ltr'><em>ἐν</em></span> <span class='ocrx_word' id='word_1_496' title='bbox 761 3974 835 4046; x_wconf 78' lang='grc' dir='ltr'><em>τῇ</em></span> <span class='ocrx_word' id='word_1_497' title='bbox 856 3978 1162 4046; x_wconf 73' lang='grc' dir='ltr'><em>θαλάσση,</em></span> <span class='ocrx_word' id='word_1_498' title='bbox 1207 3974 1363 4030; x_wconf 84' lang='grc' dir='ltr'><em>ὥστε</em></span> <span class='ocrx_word' id='word_1_499' title='bbox 1399 3976 1463 4029; x_wconf 86' lang='grc' dir='ltr'><em>τὸ</em></span> <span class='ocrx_word' id='word_1_500' title='bbox 1499 3975 1715 4030; x_wconf 74' lang='grc' dir='ltr'><em>πλοῖον</em></span> <span class='ocrx_word' id='word_1_501' title='bbox 1761 3992 1866 4028; x_wconf 83' lang='grc' dir='ltr'><em>κα-</em></span> 
     </span>
    </p>
   </div>
   <div class='ocr_carea' id='block_1_71' title="bbox 287 4066 1867 4140">
    <p class='ocr_par' dir='ltr' id='par_1_71' title="bbox 287 4066 1867 4140">
     <span class='ocr_line' id='line_1_71' title="bbox 287 4066 1867 4140; baseline -0.002 -18"><span class='ocrx_word' id='word_1_502' title='bbox 287 4067 624 4122; x_wconf 73' lang='grc' dir='ltr'><em>λύπτεσθαι</em></span> <span class='ocrx_word' id='word_1_503' title='bbox 649 4068 766 4122; x_wconf 80' lang='grc' dir='ltr'><strong><em>ὑπὸ</em></strong></span> <span class='ocrx_word' id='word_1_504' title='bbox 802 4069 921 4121; x_wconf 88' lang='grc' dir='ltr'><strong><em>τῶν</em></strong></span> <span class='ocrx_word' id='word_1_505' title='bbox 945 4067 1245 4139; x_wconf 77' lang='grc' dir='ltr'><strong><em>κυμάτων.</em></strong></span> <span class='ocrx_word' id='word_1_506' title='bbox 1284 4068 1345 4122; x_wconf 88' lang='grc' dir='ltr'><strong>Οἱ</strong></span> <span class='ocrx_word' id='word_1_507' title='bbox 1374 4068 1431 4121; x_wconf 82' lang='grc' dir='ltr'><strong><em>δὲ</em></strong></span> <span class='ocrx_word' id='word_1_508' title='bbox 1466 4066 1867 4140; x_wconf 84' lang='grc' dir='ltr'><em>προσπεσόντες</em></span> 
     </span>
    </p>
   </div>
   <div class='ocr_carea' id='block_1_72' title="bbox 289 4153 1867 4230">
    <p class='ocr_par' dir='ltr' id='par_1_72' title="bbox 289 4153 1867 4230">
     <span class='ocr_line' id='line_1_72' title="bbox 289 4153 1867 4230; baseline -0.001 -19"><span class='ocrx_word' id='word_1_509' title='bbox 289 4153 440 4211; x_wconf 73' lang='grc' dir='ltr'><em>εἷπον</em></span> <span class='ocrx_word' id='word_1_510' title='bbox 473 4156 651 4228; x_wconf 74' lang='grc' dir='ltr'><em>αὐτῷ’</em></span> <span class='ocrx_word' id='word_1_511' title='bbox 687 4160 885 4227; x_wconf 85' lang='grc' dir='ltr'><em>Κύριε,</em></span> <span class='ocrx_word' id='word_1_512' title='bbox 922 4156 1131 4214; x_wconf 89' lang='grc' dir='ltr'><em>σῶσον</em></span> <span class='ocrx_word' id='word_1_513' title='bbox 1151 4158 1328 4230; x_wconf 71' lang='grc' dir='ltr'><em>ἡμᾶς,</em></span> <span class='ocrx_word' id='word_1_514' title='bbox 1370 4160 1777 4228; x_wconf 77' lang='grc' dir='ltr'><em>ἀπολλύμεθα.</em></span> <span class='ocrx_word' id='word_1_515' title='bbox 1808 4158 1867 4211; x_wconf 86' lang='lat'><strong><em>&#39;0</em></strong></span> 
     </span>
    </p>
   </div>
   <div class='ocr_carea' id='block_1_73' title="bbox 289 4242 1868 4322">
    <p class='ocr_par' dir='ltr' id='par_1_73' title="bbox 289 4242 1868 4322">
     <span class='ocr_line' id='line_1_73' title="bbox 289 4242 1868 4322; baseline 0.003 -21"><span class='ocrx_word' id='word_1_516' title='bbox 289 4242 347 4301; x_wconf 81' lang='grc' dir='ltr'><strong><em>δὲ</em></strong></span> <span class='ocrx_word' id='word_1_517' title='bbox 377 4248 514 4320; x_wconf 83' lang='grc' dir='ltr'><em>πρὸς</em></span> <span class='ocrx_word' id='word_1_518' title='bbox 546 4248 743 4312; x_wconf 77' lang='grc' dir='ltr'><em>αὐτοὺς</em></span> <span class='ocrx_word' id='word_1_519' title='bbox 803 4251 1016 4322; x_wconf 85' lang='grc' dir='ltr'><em>φήσας·</em></span> <span class='ocrx_word' id='word_1_520' title='bbox 1074 4251 1135 4306; x_wconf 86' lang='grc' dir='ltr'><strong><em>Τί</em></strong></span> <span class='ocrx_word' id='word_1_521' title='bbox 1171 4250 1360 4307; x_wconf 76' lang='grc' dir='ltr'><em>δειλοί</em></span> <span class='ocrx_word' id='word_1_522' title='bbox 1404 4251 1565 4317; x_wconf 84' lang='grc' dir='ltr'><em>ἐστε,</em></span> <span class='ocrx_word' id='word_1_523' title='bbox 1611 4246 1868 4321; x_wconf 70' lang='grc' dir='ltr'><em>ὀλιγόπιέ</em></span> 
     </span>
    </p>
   </div>
   <div class='ocr_carea' id='block_1_74' title="bbox 289 4339 1864 4413">
    <p class='ocr_par' dir='ltr' id='par_1_74' title="bbox 289 4339 1864 4413">
     <span class='ocr_line' id='line_1_74' title="bbox 289 4339 1864 4413; baseline 0.001 -18"><span class='ocrx_word' id='word_1_524' title='bbox 289 4356 457 4404; x_wconf 86' lang='grc' dir='ltr'><em>στοι;</em></span> <span class='ocrx_word' id='word_1_525' title='bbox 505 4339 832 4410; x_wconf 82' lang='grc' dir='ltr'><em>ἐπετίμησε</em></span> <span class='ocrx_word' id='word_1_526' title='bbox 877 4341 1000 4408; x_wconf 81' lang='grc' dir='ltr'><em>τοῖς</em></span> <span class='ocrx_word' id='word_1_527' title='bbox 1024 4340 1262 4411; x_wconf 84' lang='grc' dir='ltr'><em>ἀνέμοις</em></span> <span class='ocrx_word' id='word_1_528' title='bbox 1294 4343 1390 4397; x_wconf 79' lang='grc' dir='ltr'><strong><em>καί</em></strong></span> <span class='ocrx_word' id='word_1_529' title='bbox 1441 4341 1519 4413; x_wconf 78' lang='grc' dir='ltr'><em>τῇ</em></span> <span class='ocrx_word' id='word_1_530' title='bbox 1557 4342 1864 4413; x_wconf 74' lang='grc' dir='ltr'><em>θαλάσσῃ,</em></span> 
     </span>
    </p>
   </div>
   <div class='ocr_carea' id='block_1_75' title="bbox 1965 3316 3543 3397">
    <p class='ocr_par' dir='ltr' id='par_1_75' title="bbox 1965 3316 3543 3397">
     <span class='ocr_line' id='line_1_75' title="bbox 1965 3316 3543 3397; baseline 0.003 -16"><span class='ocrx_word' id='word_1_531' title='bbox 1965 3328 2323 3383; x_wconf 80' lang='lat' dir='ltr'><strong><em>clamauerunt</em></strong></span> <span class='ocrx_word' id='word_1_532' title='bbox 2373 3329 2441 3382; x_wconf 89' lang='lat' dir='ltr'><strong><em>ad</em></strong></span> <span class='ocrx_word' id='word_1_533' title='bbox 2481 3329 2765 3385; x_wconf 87' lang='lat' dir='ltr'><strong><em>Dominum</em></strong></span> <span class='ocrx_word' id='word_1_534' title='bbox 2797 3345 2916 3384; x_wconf 90' lang='lat' dir='ltr'><strong><em>cum</em></strong></span> <span class='ocrx_word' id='word_1_535' title='bbox 2957 3316 3361 3397; x_wconf 79' lang='lat' dir='ltr'><strong><em>tribularentur,</em></strong></span> <span class='ocrx_word' id='word_1_536' title='bbox 3392 3339 3443 3385; x_wconf 90' lang='lat' dir='ltr'><strong><em>et</em></strong></span> <span class='ocrx_word' id='word_1_537' title='bbox 3478 3330 3543 3386; x_wconf 88' lang='lat' dir='ltr'><strong><em>de</em></strong></span> 
     </span>
    </p>
   </div>
   <div class='ocr_carea' id='block_1_76' title="bbox 1965 3421 3543 3494">
    <p class='ocr_par' dir='ltr' id='par_1_76' title="bbox 1965 3421 3543 3494">
     <span class='ocr_line' id='line_1_76' title="bbox 1965 3421 3543 3494; baseline 0.001 -19"><span class='ocrx_word' id='word_1_538' title='bbox 1965 3422 2364 3475; x_wconf 80' lang='lat' dir='ltr'><strong><em>necessitatibus</em></strong></span> <span class='ocrx_word' id='word_1_539' title='bbox 2407 3439 2587 3478; x_wconf 84' lang='lat' dir='ltr'><strong><em>eorum</em></strong></span> <span class='ocrx_word' id='word_1_540' title='bbox 2639 3422 2827 3477; x_wconf 76' lang='lat' dir='ltr'><strong><em>eduxit</em></strong></span> <span class='ocrx_word' id='word_1_541' title='bbox 2873 3440 2979 3477; x_wconf 87' lang='lat' dir='ltr'><strong><em>eos.</em></strong></span> <span class='ocrx_word' id='word_1_542' title='bbox 3018 3421 3086 3477; x_wconf 89' lang='lat' dir='ltr'><strong><em>Et</em></strong></span> <span class='ocrx_word' id='word_1_543' title='bbox 3133 3422 3543 3494; x_wconf 82' lang='lat' dir='ltr'><strong><em>percussit&#39;pro-</em></strong></span> 
     </span>
    </p>
   </div>
   <div class='ocr_carea' id='block_1_77' title="bbox 1966 3513 3537 3586">
    <p class='ocr_par' dir='ltr' id='par_1_77' title="bbox 1966 3513 3537 3586">
     <span class='ocr_line' id='line_1_77' title="bbox 1966 3513 3537 3586; baseline 0.004 -19"><span class='ocrx_word' id='word_1_544' title='bbox 1966 3513 2176 3577; x_wconf 88' lang='lat' dir='ltr'><strong><em>cellam,</em></strong></span> <span class='ocrx_word' id='word_1_545' title='bbox 2201 3526 2249 3568; x_wconf 91' lang='lat' dir='ltr'><strong><em>et</em></strong></span> <span class='ocrx_word' id='word_1_546' title='bbox 2283 3515 2427 3569; x_wconf 84' lang='lat' dir='ltr'><strong><em>stetit</em></strong></span> <span class='ocrx_word' id='word_1_547' title='bbox 2459 3516 2512 3568; x_wconf 92' lang='lat' dir='ltr'><strong><em>in</em></strong></span> <span class='ocrx_word' id='word_1_548' title='bbox 2543 3531 2752 3581; x_wconf 89' lang='lat' dir='ltr'><strong><em>auram,</em></strong></span> <span class='ocrx_word' id='word_1_549' title='bbox 2783 3524 2832 3570; x_wconf 90' lang='lat' dir='ltr'><strong><em>et</em></strong></span> <span class='ocrx_word' id='word_1_550' title='bbox 2871 3517 3133 3569; x_wconf 84' lang='lat' dir='ltr'><strong><em>siluerunt</em></strong></span> <span class='ocrx_word' id='word_1_551' title='bbox 3176 3516 3367 3584; x_wconf 81' lang='lat' dir='ltr'><strong><em>ﬂuctus</em></strong></span> <span class='ocrx_word' id='word_1_552' title='bbox 3402 3516 3537 3586; x_wconf 83' lang='lat' dir='ltr'><strong><em>ejus.</em></strong></span> 
     </span>
    </p>
   </div>
   <div class='ocr_carea' id='block_1_78' title="bbox 1969 3598 3541 3677">
    <p class='ocr_par' dir='ltr' id='par_1_78' title="bbox 1969 3598 3541 3677">
     <span class='ocr_line' id='line_1_78' title="bbox 1969 3598 3541 3677; baseline 0.001 -19"><span class='ocrx_word' id='word_1_553' title='bbox 1969 3604 2096 3660; x_wconf 66' lang='lat' dir='ltr'><strong><em>Haec</em></strong></span> <span class='ocrx_word' id='word_1_554' title='bbox 2131 3606 2447 3676; x_wconf 77' lang='lat' dir='ltr'><strong><em>proplictice</em></strong></span> <span class='ocrx_word' id='word_1_555' title='bbox 2491 3606 2851 3677; x_wconf 68' lang='lat' dir='ltr'><strong><em>prmnuntiata</em></strong></span> <span class='ocrx_word' id='word_1_556' title='bbox 2882 3598 3063 3677; x_wconf 81' lang='lat' dir='ltr'><strong><em>reipsa</em></strong></span> <span class='ocrx_word' id='word_1_557' title='bbox 3119 3615 3172 3662; x_wconf 88' lang='lat' dir='ltr'><strong><em>et</em></strong></span> <span class='ocrx_word' id='word_1_558' title='bbox 3205 3607 3268 3662; x_wconf 88' lang='lat' dir='ltr'><strong><em>ad</em></strong></span> <span class='ocrx_word' id='word_1_559' title='bbox 3303 3608 3541 3663; x_wconf 86' lang='lat' dir='ltr'><strong><em>litteram</em></strong></span> 
     </span>
    </p>
   </div>
   <div class='ocr_carea' id='block_1_79' title="bbox 1968 3685 3538 3770">
    <p class='ocr_par' dir='ltr' id='par_1_79' title="bbox 1968 3685 3538 3770">
     <span class='ocr_line' id='line_1_79' title="bbox 1968 3685 3538 3770; baseline 0.001 -19"><span class='ocrx_word' id='word_1_560' title='bbox 1968 3698 2188 3768; x_wconf 82' lang='lat' dir='ltr'><strong><em>impleta</em></strong></span> <span class='ocrx_word' id='word_1_561' title='bbox 2212 3708 2358 3753; x_wconf 88' lang='lat' dir='ltr'><strong><em>sunt.</em></strong></span> <span class='ocrx_word' id='word_1_562' title='bbox 2391 3698 2527 3752; x_wconf 83' lang='lat' dir='ltr'><strong><em>Nam</em></strong></span> <span class='ocrx_word' id='word_1_563' title='bbox 2568 3714 2691 3753; x_wconf 89' lang='lat' dir='ltr'><strong><em>cum</em></strong></span> <span class='ocrx_word' id='word_1_564' title='bbox 2726 3699 2985 3770; x_wconf 84' lang='lat' dir='ltr'><strong><em>discipuli</em></strong></span> <span class='ocrx_word' id='word_1_565' title='bbox 3016 3685 3335 3754; x_wconf 33' lang='lat' dir='ltr'><strong><em>‘Salva&#39;toris</em></strong></span> <span class='ocrx_word' id='word_1_566' title='bbox 3367 3700 3538 3753; x_wconf 88' lang='lat' dir='ltr'><strong><em>nostri</em></strong></span> 
     </span>
    </p>
   </div>
   <div class='ocr_carea' id='block_1_80' title="bbox 1968 3780 3540 3862">
    <p class='ocr_par' dir='ltr' id='par_1_80' title="bbox 1968 3780 3540 3862">
     <span class='ocr_line' id='line_1_80' title="bbox 1968 3780 3540 3862; baseline 0.001 -18"><span class='ocrx_word' id='word_1_567' title='bbox 1968 3805 2091 3844; x_wconf 91' lang='lat' dir='ltr'><strong><em>cum</em></strong></span> <span class='ocrx_word' id='word_1_568' title='bbox 2123 3791 2244 3862; x_wconf 89' lang='lat' dir='ltr'><strong><em>ipso</em></strong></span> <span class='ocrx_word' id='word_1_569' title='bbox 2274 3791 2617 3862; x_wconf 82' lang='lat' dir='ltr'><strong><em>navigarent,</em></strong></span> <span class='ocrx_word' id='word_1_570' title='bbox 2653 3780 2848 3856; x_wconf 82' lang='lat' dir='ltr'><strong><em>motus,</em></strong></span> <span class='ocrx_word' id='word_1_571' title='bbox 2878 3792 3075 3862; x_wconf 90' lang='lat' dir='ltr'><strong><em>inquit,</em></strong></span> <span class='ocrx_word' id='word_1_572' title='bbox 3118 3809 3337 3861; x_wconf 86' lang='lat' dir='ltr'><strong><em>magnus</em></strong></span> <span class='ocrx_word' id='word_1_573' title='bbox 3364 3793 3540 3860; x_wconf 79' lang='lat' dir='ltr'><strong><em>factus</em></strong></span> 
     </span>
    </p>
   </div>
   <div class='ocr_carea' id='block_1_81' title="bbox 1967 3878 3542 3953">
    <p class='ocr_par' dir='ltr' id='par_1_81' title="bbox 1967 3878 3542 3953">
     <span class='ocr_line' id='line_1_81' title="bbox 1967 3878 3542 3953; baseline 0.001 -19"><span class='ocrx_word' id='word_1_574' title='bbox 1967 3890 2044 3935; x_wconf 88' lang='lat' dir='ltr'><strong><em>est</em></strong></span> <span class='ocrx_word' id='word_1_575' title='bbox 2064 3882 2120 3935; x_wconf 87' lang='lat' dir='ltr'><strong><em>in</em></strong></span> <span class='ocrx_word' id='word_1_576' title='bbox 2143 3883 2298 3950; x_wconf 75' lang='lat' dir='ltr'><strong><em>mari,</em></strong></span> <span class='ocrx_word' id='word_1_577' title='bbox 2321 3884 2397 3936; x_wconf 88' lang='lat' dir='ltr'><strong><em>ita</em></strong></span> <span class='ocrx_word' id='word_1_578' title='bbox 2428 3894 2486 3936; x_wconf 91' lang='lat' dir='ltr'><strong><em>ut</em></strong></span> <span class='ocrx_word' id='word_1_579' title='bbox 2508 3883 2749 3936; x_wconf 83' lang='lat' dir='ltr'><strong><em>navicula</em></strong></span> <span class='ocrx_word' id='word_1_580' title='bbox 2778 3885 3066 3952; x_wconf 87' lang='lat' dir='ltr'><strong><em>operiretur</em></strong></span> <span class='ocrx_word' id='word_1_581' title='bbox 3082 3878 3332 3953; x_wconf 81' lang='lat' dir='ltr'><strong><em>ﬂuctibus</em></strong></span> <span class='ocrx_word' id='word_1_582' title='bbox 3354 3884 3420 3941; x_wconf 75' lang='grc'><strong><em>⁷⁸.</em></strong></span> <span class='ocrx_word' id='word_1_583' title='bbox 3463 3883 3542 3937; x_wconf 92' lang='lat' dir='ltr'><strong><em>Illi</em></strong></span> 
     </span>
    </p>
   </div>
   <div class='ocr_carea' id='block_1_82' title="bbox 1967 3973 3538 4044">
    <p class='ocr_par' dir='ltr' id='par_1_82' title="bbox 1967 3973 3538 4044">
     <span class='ocr_line' id='line_1_82' title="bbox 1967 3973 3538 4044; baseline 0 -16"><span class='ocrx_word' id='word_1_584' title='bbox 1967 3988 2096 4028; x_wconf 85' lang='lat' dir='ltr'><strong><em>vero</em></strong></span> <span class='ocrx_word' id='word_1_585' title='bbox 2127 3975 2547 4044; x_wconf 87' lang='lat' dir='ltr'><strong><em>procumbentes</em></strong></span> <span class='ocrx_word' id='word_1_586' title='bbox 2577 3974 2828 4029; x_wconf 88' lang='lat' dir='ltr'><strong><em>dicebant</em></strong></span> <span class='ocrx_word' id='word_1_587' title='bbox 2851 3974 2899 4028; x_wconf 89' lang='lat' dir='ltr'><strong><em>ei</em></strong></span> <span class='ocrx_word' id='word_1_588' title='bbox 2941 3988 2957 4027; x_wconf 93' lang='lat'><strong>:</strong></span> <span class='ocrx_word' id='word_1_589' title='bbox 2989 3973 3231 4038; x_wconf 87' lang='lat' dir='ltr'><strong><em>Domine,</em></strong></span> <span class='ocrx_word' id='word_1_590' title='bbox 3257 3973 3405 4029; x_wconf 82' lang='lat' dir='ltr'><strong><em>salua</em></strong></span> <span class='ocrx_word' id='word_1_591' title='bbox 3422 3990 3538 4034; x_wconf 89' lang='lat' dir='ltr'><strong><em>nos,</em></strong></span> 
     </span>
    </p>
   </div>
   <div class='ocr_carea' id='block_1_83' title="bbox 1967 4064 3538 4136">
    <p class='ocr_par' dir='ltr' id='par_1_83' title="bbox 1967 4064 3538 4136">
     <span class='ocr_line' id='line_1_83' title="bbox 1967 4064 3538 4136; baseline -0.001 -17"><span class='ocrx_word' id='word_1_592' title='bbox 1967 4066 2219 4136; x_wconf 85' lang='lat' dir='ltr'><strong><em>perimus.</em></strong></span> <span class='ocrx_word' id='word_1_593' title='bbox 2252 4066 2347 4120; x_wconf 89' lang='lat' dir='ltr'><strong><em>llle</em></strong></span> <span class='ocrx_word' id='word_1_594' title='bbox 2371 4081 2501 4121; x_wconf 88' lang='lat' dir='ltr'><strong><em>vero</em></strong></span> <span class='ocrx_word' id='word_1_595' title='bbox 2533 4082 2657 4121; x_wconf 85' lang='lat' dir='ltr'><strong><em>cum</em></strong></span> <span class='ocrx_word' id='word_1_596' title='bbox 2691 4064 2922 4121; x_wconf 85' lang='lat' dir='ltr'><strong><em>dixisset</em></strong></span> <span class='ocrx_word' id='word_1_597' title='bbox 2965 4084 2978 4119; x_wconf 91' lang='lat'>:</span> <span class='ocrx_word' id='word_1_598' title='bbox 3021 4065 3162 4132; x_wconf 84' lang='lat' dir='ltr'><strong><em>Quid</em></strong></span> <span class='ocrx_word' id='word_1_599' title='bbox 3192 4066 3365 4120; x_wconf 86' lang='lat' dir='ltr'><strong><em>timidi</em></strong></span> <span class='ocrx_word' id='word_1_600' title='bbox 3386 4066 3538 4127; x_wconf 88' lang='lat' dir='ltr'><strong><em>estis,</em></strong></span> 
     </span>
    </p>
   </div>
   <div class='ocr_carea' id='block_1_84' title="bbox 1969 4149 3541 4229">
    <p class='ocr_par' dir='ltr' id='par_1_84' title="bbox 1969 4149 3541 4229">
     <span class='ocr_line' id='line_1_84' title="bbox 1969 4149 3541 4229; baseline -0.001 -17"><span class='ocrx_word' id='word_1_601' title='bbox 1969 4149 2190 4213; x_wconf 46' lang='lat' dir='ltr'><strong><em>modica;</em></strong></span> <span class='ocrx_word' id='word_1_602' title='bbox 2225 4156 2694 4229; x_wconf 78' lang='lat' dir='ltr'><strong><em>ﬁdei?increpavit</em></strong></span> <span class='ocrx_word' id='word_1_603' title='bbox 2727 4168 2903 4214; x_wconf 86' lang='lat' dir='ltr'><strong><em>ventos</em></strong></span> <span class='ocrx_word' id='word_1_604' title='bbox 2933 4167 2982 4212; x_wconf 89' lang='lat' dir='ltr'><strong><em>et</em></strong></span> <span class='ocrx_word' id='word_1_605' title='bbox 3004 4175 3169 4221; x_wconf 90' lang='lat' dir='ltr'><strong><em>mare,</em></strong></span> <span class='ocrx_word' id='word_1_606' title='bbox 3204 4166 3252 4211; x_wconf 89' lang='lat' dir='ltr'><strong><em>et</em></strong></span> <span class='ocrx_word' id='word_1_607' title='bbox 3285 4158 3430 4227; x_wconf 83' lang='lat' dir='ltr'><strong><em>facta</em></strong></span> <span class='ocrx_word' id='word_1_608' title='bbox 3460 4167 3541 4211; x_wconf 84' lang='lat' dir='ltr'><strong><em>est</em></strong></span> 
     </span>
    </p>
   </div>
   <div class='ocr_carea' id='block_1_85' title="bbox 1972 4247 3542 4318">
    <p class='ocr_par' dir='ltr' id='par_1_85' title="bbox 1972 4247 3542 4318">
     <span class='ocr_line' id='line_1_85' title="bbox 1972 4247 3542 4318; baseline 0 -18"><span class='ocrx_word' id='word_1_609' title='bbox 1972 4248 2332 4318; x_wconf 81' lang='lat' dir='ltr'><strong><em>tranquillitas</em></strong></span> <span class='ocrx_word' id='word_1_610' title='bbox 2362 4265 2555 4318; x_wconf 89' lang='lat' dir='ltr'><strong><em>magna</em></strong></span> <span class='ocrx_word' id='word_1_611' title='bbox 2573 4250 2638 4304; x_wconf 78' lang='grc'><strong><em>⁷⁷.</em></strong></span> <span class='ocrx_word' id='word_1_612' title='bbox 2664 4248 2733 4302; x_wconf 83' lang='lat' dir='ltr'><strong><em>Et</em></strong></span> <span class='ocrx_word' id='word_1_613' title='bbox 2754 4249 2997 4303; x_wconf 78' lang='lat' dir='ltr'><strong><em>(celentur</em></strong></span> <span class='ocrx_word' id='word_1_614' title='bbox 3028 4250 3152 4318; x_wconf 85' lang='lat' dir='ltr'><strong><em>quia</em></strong></span> <span class='ocrx_word' id='word_1_615' title='bbox 3180 4247 3459 4304; x_wconf 81' lang='lat' dir='ltr'><strong><em>siluerunt.</em></strong></span> <span class='ocrx_word' id='word_1_616' title='bbox 3491 4257 3542 4301; x_wconf 89' lang='lat' dir='ltr'><strong><em>et</em></strong></span> 
     </span>
    </p>
   </div>
   <div class='ocr_carea' id='block_1_86' title="bbox 1969 4338 3541 4410">
    <p class='ocr_par' dir='ltr' id='par_1_86' title="bbox 1969 4338 3541 4410">
     <span class='ocr_line' id='line_1_86' title="bbox 1969 4338 3541 4410; baseline -0.001 -15"><span class='ocrx_word' id='word_1_617' title='bbox 1969 4340 2187 4397; x_wconf 73' lang='lat' dir='ltr'><strong><em>deduxit</em></strong></span> <span class='ocrx_word' id='word_1_618' title='bbox 2218 4356 2305 4393; x_wconf 87' lang='lat' dir='ltr'><strong><em>eos</em></strong></span> <span class='ocrx_word' id='word_1_619' title='bbox 2338 4339 2392 4393; x_wconf 87' lang='lat' dir='ltr'><strong><em>in</em></strong></span> <span class='ocrx_word' id='word_1_620' title='bbox 2415 4351 2624 4408; x_wconf 85' lang='lat' dir='ltr'><strong><em>portum</em></strong></span> <span class='ocrx_word' id='word_1_621' title='bbox 2669 4341 2953 4394; x_wconf 84' lang='lat' dir='ltr'><strong><em>voluntatis</em></strong></span> <span class='ocrx_word' id='word_1_622' title='bbox 2999 4356 3130 4394; x_wconf 66' lang='lat' dir='ltr'><strong><em>suat.</em></strong></span> <span class='ocrx_word' id='word_1_623' title='bbox 3173 4338 3541 4410; x_wconf 79' lang='lat' dir='ltr'><strong><em>Conﬁteantur</em></strong></span> 
     </span>
    </p>
   </div>
   <div class='ocr_carea' id='block_1_87' title="bbox 290 4432 1860 4505">
    <p class='ocr_par' dir='ltr' id='par_1_87' title="bbox 290 4432 1860 4505">
     <span class='ocr_line' id='line_1_87' title="bbox 290 4432 1860 4505; baseline 0.001 -19"><span class='ocrx_word' id='word_1_624' title='bbox 290 4433 386 4487; x_wconf 81' lang='grc' dir='ltr'><em>καὶ</em></span> <span class='ocrx_word' id='word_1_625' title='bbox 415 4432 651 4503; x_wconf 86' lang='grc' dir='ltr'><em>ἐγένετο</em></span> <span class='ocrx_word' id='word_1_626' title='bbox 670 4433 906 4503; x_wconf 76' lang='grc' dir='ltr'><em>γαλήνη</em></span> <span class='ocrx_word' id='word_1_627' title='bbox 926 4432 1179 4503; x_wconf 71' lang='grc' dir='ltr'><em>μεγάλη.</em></span> <span class='ocrx_word' id='word_1_628' title='bbox 1207 4433 1317 4488; x_wconf 81' lang='lat' dir='ltr'><strong><em>Kal</em></strong></span> <span class='ocrx_word' id='word_1_629' title='bbox 1331 4432 1860 4505; x_wconf 71' lang='grc' dir='ltr'><em>εὐφρανθήτωσαν,</em></span> 
     </span>
    </p>
   </div>
   <div class='ocr_carea' id='block_1_88' title="bbox 1962 4432 3540 4505">
    <p class='ocr_par' dir='ltr' id='par_1_88' title="bbox 1974 4433 3540 4505">
     <span class='ocr_line' id='line_1_88' title="bbox 1974 4433 3540 4505; baseline 0 -16"><span class='ocrx_word' id='word_1_630' title='bbox 1974 4436 2196 4489; x_wconf 84' lang='lat' dir='ltr'><strong><em>Domino</em></strong></span> <span class='ocrx_word' id='word_1_631' title='bbox 2244 4433 2623 4488; x_wconf 76' lang='lat' dir='ltr'><strong><em>misericordia:</em></strong></span> <span class='ocrx_word' id='word_1_632' title='bbox 2669 4434 2817 4504; x_wconf 90' lang='lat' dir='ltr'><strong><em>ejus,</em></strong></span> <span class='ocrx_word' id='word_1_633' title='bbox 2861 4444 2910 4491; x_wconf 82' lang='lat' dir='ltr'><strong><em>et</em></strong></span> <span class='ocrx_word' id='word_1_634' title='bbox 2950 4434 3220 4488; x_wconf 85' lang='lat' dir='ltr'><strong><em>mirabilia</em></strong></span> <span class='ocrx_word' id='word_1_635' title='bbox 3252 4434 3365 4504; x_wconf 86' lang='lat' dir='ltr'><strong><em>ejus</em></strong></span> <span class='ocrx_word' id='word_1_636' title='bbox 3406 4436 3540 4505; x_wconf 80' lang='lat' dir='ltr'><strong><em>[iliis</em></strong></span> 
     </span>
    </p>
   </div>
   <div class='ocr_carea' id='block_1_89' title="bbox 289 4522 1864 4599">
    <p class='ocr_par' dir='ltr' id='par_1_89' title="bbox 289 4522 1864 4599">
     <span class='ocr_line' id='line_1_89' title="bbox 289 4522 1864 4599; baseline 0.003 -21"><span class='ocrx_word' id='word_1_637' title='bbox 289 4525 379 4579; x_wconf 85' lang='grc' dir='ltr'><em>ὅτι</em></span> <span class='ocrx_word' id='word_1_638' title='bbox 414 4527 762 4595; x_wconf 77' lang='grc' dir='ltr'><em>ἡσύχασαν,</em></span> <span class='ocrx_word' id='word_1_639' title='bbox 804 4525 904 4580; x_wconf 81' lang='grc' dir='ltr'><em>καὶ</em></span> <span class='ocrx_word' id='word_1_640' title='bbox 938 4522 1253 4595; x_wconf 76' lang='grc' dir='ltr'><em>ὡδήγησεν</em></span> <span class='ocrx_word' id='word_1_641' title='bbox 1292 4528 1513 4593; x_wconf 82' lang='grc' dir='ltr'><em>αὐτοὺς</em></span> <span class='ocrx_word' id='word_1_642' title='bbox 1539 4530 1628 4595; x_wconf 79' lang='grc' dir='ltr'><strong><em>είς</em></strong></span> <span class='ocrx_word' id='word_1_643' title='bbox 1648 4528 1864 4599; x_wconf 78' lang='grc' dir='ltr'><em>λιμένα</em></span> 
     </span>
    </p>
   </div>
   <div class='ocr_carea' id='block_1_90' title="bbox 288 4613 1861 4696">
    <p class='ocr_par' dir='ltr' id='par_1_90' title="bbox 288 4613 1861 4696">
     <span class='ocr_line' id='line_1_90' title="bbox 288 4613 1861 4696; baseline 0.001 -23"><span class='ocrx_word' id='word_1_644' title='bbox 288 4613 619 4688; x_wconf 80' lang='grc' dir='ltr'><em>θελήματος</em></span> <span class='ocrx_word' id='word_1_645' title='bbox 643 4619 851 4674; x_wconf 86' lang='grc' dir='ltr'><em>αὐτοῦ.</em></span> <span class='ocrx_word' id='word_1_646' title='bbox 901 4617 1594 4696; x_wconf 78' lang='grc' dir='ltr'><em>Ἐξομολογησάσθωσαν</em></span> <span class='ocrx_word' id='word_1_647' title='bbox 1620 4621 1702 4689; x_wconf 85' lang='grc' dir='ltr'><em>τῷ</em></span> <span class='ocrx_word' id='word_1_648' title='bbox 1747 4623 1861 4676; x_wconf 89' lang='grc' dir='ltr'><em>Κυ-</em></span> 
     </span>
    </p>
   </div>
   <div class='ocr_carea' id='block_1_91' title="bbox 283 4700 1861 4780">
    <p class='ocr_par' dir='ltr' id='par_1_91' title="bbox 283 4700 1861 4780">
     <span class='ocr_line' id='line_1_91' title="bbox 283 4700 1861 4780; baseline 0.002 -18"><span class='ocrx_word' id='word_1_649' title='bbox 283 4710 393 4777; x_wconf 85' lang='grc' dir='ltr'><em>ρίῳ</em></span> <span class='ocrx_word' id='word_1_650' title='bbox 415 4709 487 4764; x_wconf 83' lang='grc' dir='ltr'><em>τὰ</em></span> <span class='ocrx_word' id='word_1_651' title='bbox 513 4706 658 4780; x_wconf 79' lang='grc' dir='ltr'><strong><em>ὲλέη</em></strong></span> <span class='ocrx_word' id='word_1_652' title='bbox 680 4711 892 4775; x_wconf 85' lang='grc' dir='ltr'><em>αὐτοῦ,</em></span> <span class='ocrx_word' id='word_1_653' title='bbox 927 4700 1025 4764; x_wconf 76' lang='grc' dir='ltr'><em>καὶ</em></span> <span class='ocrx_word' id='word_1_654' title='bbox 1061 4710 1136 4764; x_wconf 85' lang='grc' dir='ltr'><strong><em>τὰ</em></strong></span> <span class='ocrx_word' id='word_1_655' title='bbox 1175 4709 1474 4780; x_wconf 86' lang='grc' dir='ltr'><em>θαυμάσια</em></span> <span class='ocrx_word' id='word_1_656' title='bbox 1520 4714 1705 4768; x_wconf 84' lang='grc' dir='ltr'><em>αὐτοῦ</em></span> <span class='ocrx_word' id='word_1_657' title='bbox 1737 4713 1861 4779; x_wconf 82' lang='grc' dir='ltr'><em>τοῖς</em></span> 
     </span>
    </p>
   </div>
   <div class='ocr_carea' id='block_1_92' title="bbox 285 4800 1861 4872">
    <p class='ocr_par' dir='ltr' id='par_1_92' title="bbox 285 4800 1861 4872">
     <span class='ocr_line' id='line_1_92' title="bbox 285 4800 1861 4872; baseline 0.003 -17"><span class='ocrx_word' id='word_1_658' title='bbox 285 4803 437 4869; x_wconf 81' lang='grc' dir='ltr'><em>υἱοῖς</em></span> <span class='ocrx_word' id='word_1_659' title='bbox 484 4800 604 4857; x_wconf 83' lang='grc' dir='ltr'><strong><em>τῶν</em></strong></span> <span class='ocrx_word' id='word_1_660' title='bbox 647 4803 991 4872; x_wconf 83' lang='grc' dir='ltr'><em>ἀνθρώπων.</em></span> <span class='ocrx_word' id='word_1_661' title='bbox 1057 4802 1529 4872; x_wconf 67' lang='grc' dir='ltr'><em>’Υψωσάτωσαν-</em></span> <span class='ocrx_word' id='word_1_662' title='bbox 1558 4808 1743 4862; x_wconf 76' lang='grc' dir='ltr'><em>αὑτὸν</em></span> <span class='ocrx_word' id='word_1_663' title='bbox 1791 4809 1861 4861; x_wconf 86' lang='grc' dir='ltr'><em>ἐν</em></span> 
     </span>
    </p>
   </div>
   <div class='ocr_carea' id='block_1_93' title="bbox 286 4895 1860 4968">
    <p class='ocr_par' dir='ltr' id='par_1_93' title="bbox 286 4895 1860 4968">
     <span class='ocr_line' id='line_1_93' title="bbox 286 4895 1860 4968; baseline 0.003 -19"><span class='ocrx_word' id='word_1_664' title='bbox 286 4896 587 4964; x_wconf 74' lang='grc' dir='ltr'><em>ἐκκλησίᾳ</em></span> <span class='ocrx_word' id='word_1_665' title='bbox 621 4896 796 4961; x_wconf 77' lang='grc' dir='ltr'><em>λαοῦ,</em></span> <span class='ocrx_word' id='word_1_666' title='bbox 847 4897 946 4949; x_wconf 81' lang='grc' dir='ltr'><strong><em>καί</em></strong></span> <span class='ocrx_word' id='word_1_667' title='bbox 1018 4896 1088 4949; x_wconf 86' lang='grc' dir='ltr'><em>ἐν</em></span> <span class='ocrx_word' id='word_1_668' title='bbox 1133 4895 1389 4963; x_wconf 77' lang='grc' dir='ltr'><em>καθέδρᾳ</em></span> <span class='ocrx_word' id='word_1_669' title='bbox 1434 4896 1860 4968; x_wconf 74' lang='grc' dir='ltr'><em>ἰπρεσϐυτέρων</em></span> 
     </span>
    </p>
   </div>
   <div class='ocr_carea' id='block_1_94' title="bbox 287 4987 1863 5063">
    <p class='ocr_par' dir='ltr' id='par_1_94' title="bbox 287 4987 1863 5063">
     <span class='ocr_line' id='line_1_94' title="bbox 287 4987 1863 5063; baseline 0.003 -24"><span class='ocrx_word' id='word_1_670' title='bbox 287 4987 703 5042; x_wconf 83' lang='grc' dir='ltr'><em>αὶνεσάτωσαν</em></span> <span class='ocrx_word' id='word_1_671' title='bbox 721 4990 925 5043; x_wconf 83' lang='grc' dir='ltr'><em>αὐτόν.</em></span> <span class='ocrx_word' id='word_1_672' title='bbox 970 4987 1359 5061; x_wconf 83' lang='grc' dir='ltr'><em>Ὀδηγηθέντες</em></span> <span class='ocrx_word' id='word_1_673' title='bbox 1378 4989 1471 5041; x_wconf 76' lang='grc' dir='ltr'><strong><em>ἐπὶ</em></strong></span> <span class='ocrx_word' id='word_1_674' title='bbox 1490 4990 1684 5060; x_wconf 81' lang='grc' dir='ltr'><em>λιμένα</em></span> <span class='ocrx_word' id='word_1_675' title='bbox 1713 4991 1863 5063; x_wconf 82' lang='grc' dir='ltr'><em>θελή-</em></span> 
     </span>
    </p>
   </div>
   <div class='ocr_carea' id='block_1_95' title="bbox 292 5078 1861 5155">
    <p class='ocr_par' dir='ltr' id='par_1_95' title="bbox 292 5078 1861 5155">
     <span class='ocr_line' id='line_1_95' title="bbox 292 5078 1861 5155; baseline 0.004 -25"><span class='ocrx_word' id='word_1_676' title='bbox 292 5094 460 5149; x_wconf 82' lang='grc' dir='ltr'><em>ματος</em></span> <span class='ocrx_word' id='word_1_677' title='bbox 485 5079 649 5133; x_wconf 82' lang='grc' dir='ltr'><strong><em>αὑτοῦ</em></strong></span> <span class='ocrx_word' id='word_1_678' title='bbox 671 5099 684 5110; x_wconf 93' lang='grc'><strong>·</strong></span> <span class='ocrx_word' id='word_1_679' title='bbox 720 5083 804 5150; x_wconf 80' lang='grc' dir='ltr'><strong><em>ἐφ’</em></strong></span> <span class='ocrx_word' id='word_1_680' title='bbox 833 5078 914 5145; x_wconf 79' lang='grc' dir='ltr'><em>οἷς</em></span> <span class='ocrx_word' id='word_1_681' title='bbox 938 5083 967 5134; x_wconf 92' lang='lat'><strong><em>6</em></strong></span> <span class='ocrx_word' id='word_1_682' title='bbox 992 5082 1150 5151; x_wconf 84' lang='grc' dir='ltr'><em>λόγος</em></span> <span class='ocrx_word' id='word_1_683' title='bbox 1194 5082 1508 5151; x_wconf 83' lang='grc' dir='ltr'><em>ἀναγκαίως</em></span> <span class='ocrx_word' id='word_1_684' title='bbox 1538 5084 1861 5155; x_wconf 79' lang='grc' dir='ltr'><em>προστάττει</em></span> 
     </span>
    </p>
   </div>
   <div class='ocr_carea' id='block_1_96' title="bbox 286 5167 1861 5247">
    <p class='ocr_par' dir='ltr' id='par_1_96' title="bbox 286 5167 1861 5247">
     <span class='ocr_line' id='line_1_96' title="bbox 286 5167 1861 5247; baseline 0.004 -26"><span class='ocrx_word' id='word_1_685' title='bbox 286 5167 543 5241; x_wconf 83' lang='grc' dir='ltr'><em>τέταρτον</em></span> <span class='ocrx_word' id='word_1_686' title='bbox 571 5171 713 5225; x_wconf 75' lang='grc' dir='ltr'><em>οὕτω</em></span> <span class='ocrx_word' id='word_1_687' title='bbox 749 5172 810 5226; x_wconf 85' lang='grc' dir='ltr'><em>τὸ</em></span> <span class='ocrx_word' id='word_1_688' title='bbox 840 5172 1276 5244; x_wconf 78' lang='grc' dir='ltr'><em>ἐξομολογεῖσθαι</em></span> <span class='ocrx_word' id='word_1_689' title='bbox 1302 5174 1380 5246; x_wconf 82' lang='grc' dir='ltr'><em>τῷ</em></span> <span class='ocrx_word' id='word_1_690' title='bbox 1414 5175 1625 5247; x_wconf 84' lang='grc' dir='ltr'><em>Κυρίῳ,</em></span> <span class='ocrx_word' id='word_1_691' title='bbox 1658 5176 1750 5228; x_wconf 81' lang='grc' dir='ltr'><em>καὶ</em></span> <span class='ocrx_word' id='word_1_692' title='bbox 1794 5176 1861 5229; x_wconf 77' lang='grc' dir='ltr'><em>τὰ</em></span> 
     </span>
    </p>
   </div>
   <div class='ocr_carea' id='block_1_97' title="bbox 287 5257 1860 5337">
    <p class='ocr_par' dir='ltr' id='par_1_97' title="bbox 287 5257 1860 5337">
     <span class='ocr_line' id='line_1_97' title="bbox 287 5257 1860 5337; baseline 0.006 -27"><span class='ocrx_word' id='word_1_693' title='bbox 287 5257 412 5331; x_wconf 81' lang='grc' dir='ltr'><strong><em>ὲλέη</em></strong></span> <span class='ocrx_word' id='word_1_694' title='bbox 445 5258 608 5313; x_wconf 78' lang='grc' dir='ltr'><em>αὐτοῦ</em></span> <span class='ocrx_word' id='word_1_695' title='bbox 648 5260 737 5314; x_wconf 78' lang='grc' dir='ltr'><strong><em>διὰ</em></strong></span> <span class='ocrx_word' id='word_1_696' title='bbox 763 5260 1029 5333; x_wconf 83' lang='grc' dir='ltr'><em>στόματος</em></span> <span class='ocrx_word' id='word_1_697' title='bbox 1057 5263 1243 5335; x_wconf 85' lang='grc' dir='ltr'><em>φέρειν</em></span> <span class='ocrx_word' id='word_1_698' title='bbox 1267 5281 1280 5294; x_wconf 91' lang='grc'><strong>·</strong></span> <span class='ocrx_word' id='word_1_699' title='bbox 1316 5267 1601 5337; x_wconf 83' lang='grc' dir='ltr'><em>παρεγγυᾷ</em></span> <span class='ocrx_word' id='word_1_700' title='bbox 1642 5267 1772 5320; x_wconf 78' lang='grc' dir='ltr'><em>πᾶσί</em></span> <span class='ocrx_word' id='word_1_701' title='bbox 1801 5284 1860 5319; x_wconf 87' lang='grc' dir='ltr'><strong><em>τε</em></strong></span> 
     </span>
    </p>
   </div>
   <div class='ocr_carea' id='block_1_98' title="bbox 286 5353 1861 5431">
    <p class='ocr_par' dir='ltr' id='par_1_98' title="bbox 286 5353 1861 5431">
     <span class='ocr_line' id='line_1_98' title="bbox 286 5353 1861 5431; baseline 0.006 -25"><span class='ocrx_word' id='word_1_702' title='bbox 286 5354 397 5417; x_wconf 82' lang='grc' dir='ltr'><em>τοῖς</em></span> <span class='ocrx_word' id='word_1_703' title='bbox 423 5353 560 5416; x_wconf 85' lang='grc' dir='ltr'><em>υἱοῖς</em></span> <span class='ocrx_word' id='word_1_704' title='bbox 587 5353 696 5407; x_wconf 90' lang='grc' dir='ltr'><strong><em>τῶν</em></strong></span> <span class='ocrx_word' id='word_1_705' title='bbox 735 5354 1037 5426; x_wconf 87' lang='grc' dir='ltr'><em>ἀνθρώπων</em></span> <span class='ocrx_word' id='word_1_706' title='bbox 1081 5357 1444 5426; x_wconf 82' lang='grc' dir='ltr'><em>ἀπαγγέλλειν</em></span> <span class='ocrx_word' id='word_1_707' title='bbox 1473 5357 1543 5411; x_wconf 85' lang='grc' dir='ltr'><em>τὰ</em></span> <span class='ocrx_word' id='word_1_708' title='bbox 1583 5359 1861 5431; x_wconf 83' lang='grc' dir='ltr'><em>θαυμάσια</em></span> 
     </span>
    </p>
   </div>
   <div class='ocr_carea' id='block_1_99' title="bbox 285 5444 1860 5519">
    <p class='ocr_par' dir='ltr' id='par_1_99' title="bbox 285 5444 1860 5519">
     <span class='ocr_line' id='line_1_99' title="bbox 285 5444 1860 5519; baseline 0.006 -22"><span class='ocrx_word' id='word_1_709' title='bbox 285 5444 473 5498; x_wconf 80' lang='grc' dir='ltr'><em>αὑτοῦ.</em></span> <span class='ocrx_word' id='word_1_710' title='bbox 506 5447 707 5501; x_wconf 84' lang='grc' dir='ltr'><em>Ἕθετο</em></span> <span class='ocrx_word' id='word_1_711' title='bbox 745 5448 1050 5517; x_wconf 76' lang='grc' dir='ltr'><em>ποταμοὺς</em></span> <span class='ocrx_word' id='word_1_712' title='bbox 1085 5450 1172 5515; x_wconf 83' lang='grc' dir='ltr'><em>εὶς</em></span> <span class='ocrx_word' id='word_1_713' title='bbox 1220 5449 1544 5519; x_wconf 80' lang='grc' dir='ltr'><em>ἐρήμωσιν,</em></span> <span class='ocrx_word' id='word_1_714' title='bbox 1592 5452 1690 5505; x_wconf 78' lang='grc' dir='ltr'><em>καὶ</em></span> <span class='ocrx_word' id='word_1_715' title='bbox 1728 5452 1860 5517; x_wconf 81' lang='grc' dir='ltr'><strong><em>ἐξό-</em></strong></span> 
     </span>
    </p>
   </div>
   <div class='ocr_carea' id='block_1_100' title="bbox 285 5535 1857 5613">
    <p class='ocr_par' dir='ltr' id='par_1_100' title="bbox 285 5535 1857 5613">
     <span class='ocr_line' id='line_1_100' title="bbox 285 5535 1857 5613; baseline 0.007 -24"><span class='ocrx_word' id='word_1_716' title='bbox 285 5535 432 5604; x_wconf 79' lang='grc' dir='ltr'><em>δους</em></span> <span class='ocrx_word' id='word_1_717' title='bbox 486 5536 721 5592; x_wconf 85' lang='grc' dir='ltr'><em>ὑδάτων</em></span> <span class='ocrx_word' id='word_1_718' title='bbox 770 5542 857 5606; x_wconf 80' lang='grc' dir='ltr'><em>εὶς</em></span> <span class='ocrx_word' id='word_1_719' title='bbox 902 5540 1120 5609; x_wconf 72' lang='grc' dir='ltr'><em>δίψαν,</em></span> <span class='ocrx_word' id='word_1_720' title='bbox 1180 5540 1297 5611; x_wconf 80' lang='grc' dir='ltr'><em>γῆν</em></span> <span class='ocrx_word' id='word_1_721' title='bbox 1343 5546 1724 5613; x_wconf 73' lang='grc' dir='ltr'><em>καρποφόρον</em></span> <span class='ocrx_word' id='word_1_722' title='bbox 1771 5550 1857 5613; x_wconf 85' lang='grc' dir='ltr'><em>εἰς</em></span> 
     </span>
    </p>
   </div>
   <div class='ocr_carea' id='block_1_101' title="bbox 286 5628 1852 5706">
    <p class='ocr_par' dir='ltr' id='par_1_101' title="bbox 286 5628 1852 5706">
     <span class='ocr_line' id='line_1_101' title="bbox 286 5628 1852 5706; baseline 0.006 -23"><span class='ocrx_word' id='word_1_723' title='bbox 286 5628 484 5701; x_wconf 70' lang='grc' dir='ltr'><em>ἅλμην</em></span> <span class='ocrx_word' id='word_1_724' title='bbox 512 5630 632 5686; x_wconf 78' lang='grc' dir='ltr'><em>ἀπὸ</em></span> <span class='ocrx_word' id='word_1_725' title='bbox 676 5633 888 5699; x_wconf 79' lang='grc' dir='ltr'><em>κακίας</em></span> <span class='ocrx_word' id='word_1_726' title='bbox 934 5632 1052 5687; x_wconf 88' lang='grc' dir='ltr'><strong><em>τῶν</em></strong></span> <span class='ocrx_word' id='word_1_727' title='bbox 1094 5636 1535 5690; x_wconf 87' lang='grc' dir='ltr'><em>κατοικούντων</em></span> <span class='ocrx_word' id='word_1_728' title='bbox 1564 5637 1634 5691; x_wconf 84' lang='grc' dir='ltr'><em>ἐν</em></span> <span class='ocrx_word' id='word_1_729' title='bbox 1676 5637 1852 5706; x_wconf 77' lang='grc' dir='ltr'><em>αὐτῇ.</em></span> 
     </span>
    </p>
   </div>
   <div class='ocr_carea' id='block_1_102' title="bbox 354 5783 1481 5856">
    <p class='ocr_par' dir='ltr' id='par_1_102' title="bbox 354 5783 1481 5856">
     <span class='ocr_line' id='line_1_102' title="bbox 354 5783 1481 5856; baseline 0.002 -12"><span class='ocrx_word' id='word_1_730' title='bbox 354 5783 400 5821; x_wconf 75' lang='grc'><strong><em>’⁸</em></strong></span> <span class='ocrx_word' id='word_1_731' title='bbox 440 5788 630 5847; x_wconf 71' lang='lat' dir='ltr'><strong><em>Matth.</em></strong></span> <span class='ocrx_word' id='word_1_732' title='bbox 666 5804 795 5855; x_wconf 82' lang='lat' dir='ltr'><strong><em>vm,</em></strong></span> <span class='ocrx_word' id='word_1_733' title='bbox 830 5786 921 5847; x_wconf 70' lang='grc'><strong><em>24.</em></strong></span> <span class='ocrx_word' id='word_1_734' title='bbox 996 5792 1040 5823; x_wconf 80' lang='grc'><strong>⁷⁷</strong></span> <span class='ocrx_word' id='word_1_735' title='bbox 1082 5790 1211 5847; x_wconf 83' lang='lat' dir='ltr'><strong><em>ibid.</em></strong></span> <span class='ocrx_word' id='word_1_736' title='bbox 1250 5791 1353 5856; x_wconf 73' lang='lat'><strong><em>25,</em></strong></span> <span class='ocrx_word' id='word_1_737' title='bbox 1387 5790 1481 5846; x_wconf 69' lang='lat'><strong><em>26.</em></strong></span> 
     </span>
    </p>
   </div>
   <div class='ocr_carea' id='block_1_103' title="bbox 1968 4524 3537 4597">
    <p class='ocr_par' dir='ltr' id='par_1_103' title="bbox 1968 4524 3537 4597">
     <span class='ocr_line' id='line_1_103' title="bbox 1968 4524 3537 4597; baseline 0 -17"><span class='ocrx_word' id='word_1_738' title='bbox 1968 4527 2256 4583; x_wconf 82' lang='lat' dir='ltr'><strong><em>hominum.</em></strong></span> <span class='ocrx_word' id='word_1_739' title='bbox 2310 4524 2561 4594; x_wconf 79' lang='lat' dir='ltr'><strong><em>Exaltent</em></strong></span> <span class='ocrx_word' id='word_1_740' title='bbox 2614 4543 2733 4580; x_wconf 89' lang='lat' dir='ltr'><strong><em>eum</em></strong></span> <span class='ocrx_word' id='word_1_741' title='bbox 2778 4528 2832 4580; x_wconf 86' lang='lat' dir='ltr'><strong><em>in</em></strong></span> <span class='ocrx_word' id='word_1_742' title='bbox 2882 4527 3103 4581; x_wconf 86' lang='lat' dir='ltr'><strong><em>ecclesia</em></strong></span> <span class='ocrx_word' id='word_1_743' title='bbox 3146 4526 3347 4597; x_wconf 78' lang='lat' dir='ltr'><strong><em>plebis,</em></strong></span> <span class='ocrx_word' id='word_1_744' title='bbox 3383 4536 3433 4582; x_wconf 86' lang='lat' dir='ltr'><strong><em>et</em></strong></span> <span class='ocrx_word' id='word_1_745' title='bbox 3483 4528 3537 4581; x_wconf 88' lang='lat' dir='ltr'><strong><em>in</em></strong></span> 
     </span>
    </p>
   </div>
   <div class='ocr_carea' id='block_1_104' title="bbox 1966 4617 3537 4674">
    <p class='ocr_par' dir='ltr' id='par_1_104' title="bbox 1966 4617 3537 4674">
     <span class='ocr_line' id='line_1_104' title="bbox 1966 4617 3537 4674; baseline -0.001 0"><span class='ocrx_word' id='word_1_746' title='bbox 1966 4618 2218 4674; x_wconf 84' lang='lat' dir='ltr'><strong><em>cathedra</em></strong></span> <span class='ocrx_word' id='word_1_747' title='bbox 2268 4618 2533 4673; x_wconf 88' lang='lat' dir='ltr'><strong><em>seniorum</em></strong></span> <span class='ocrx_word' id='word_1_748' title='bbox 2574 4617 2787 4672; x_wconf 88' lang='lat' dir='ltr'><strong><em>laudent</em></strong></span> <span class='ocrx_word' id='word_1_749' title='bbox 2839 4635 2977 4672; x_wconf 88' lang='lat' dir='ltr'><strong><em>eum.</em></strong></span> <span class='ocrx_word' id='word_1_750' title='bbox 3029 4617 3259 4673; x_wconf 82' lang='lat' dir='ltr'><strong><em>Deducti</em></strong></span> <span class='ocrx_word' id='word_1_751' title='bbox 3301 4625 3435 4674; x_wconf 87' lang='lat' dir='ltr'><strong><em>sunt</em></strong></span> <span class='ocrx_word' id='word_1_752' title='bbox 3480 4619 3537 4673; x_wconf 84' lang='lat' dir='ltr'><strong><em>in</em></strong></span> 
     </span>
    </p>
   </div>
   <div class='ocr_carea' id='block_1_105' title="bbox 1964 4710 3538 4785">
    <p class='ocr_par' dir='ltr' id='par_1_105' title="bbox 1964 4710 3538 4785">
     <span class='ocr_line' id='line_1_105' title="bbox 1964 4710 3538 4785; baseline 0 -18"><span class='ocrx_word' id='word_1_753' title='bbox 1964 4720 2184 4785; x_wconf 90' lang='lat' dir='ltr'><strong><em>portum</em></strong></span> <span class='ocrx_word' id='word_1_754' title='bbox 2215 4712 2511 4765; x_wconf 87' lang='lat' dir='ltr'><strong><em>voluntatis</em></strong></span> <span class='ocrx_word' id='word_1_755' title='bbox 2539 4710 2659 4780; x_wconf 86' lang='lat' dir='ltr'><strong><em>ejus</em></strong></span> <span class='ocrx_word' id='word_1_756' title='bbox 2688 4730 2700 4765; x_wconf 94' lang='lat'><strong>:</strong></span> <span class='ocrx_word' id='word_1_757' title='bbox 2734 4725 2840 4781; x_wconf 88' lang='lat' dir='ltr'><strong><em>qua</em></strong></span> <span class='ocrx_word' id='word_1_758' title='bbox 2885 4711 2953 4766; x_wconf 88' lang='lat' dir='ltr'><strong><em>de</em></strong></span> <span class='ocrx_word' id='word_1_759' title='bbox 3000 4726 3169 4766; x_wconf 81' lang='lat' dir='ltr'><strong><em>causa</em></strong></span> <span class='ocrx_word' id='word_1_760' title='bbox 3224 4710 3311 4766; x_wconf 86' lang='lat' dir='ltr'><strong><em>hic</em></strong></span> <span class='ocrx_word' id='word_1_761' title='bbox 3340 4720 3538 4781; x_wconf 89' lang='lat' dir='ltr'><strong><em>quarto</em></strong></span> 
     </span>
    </p>
   </div>
   <div class='ocr_carea' id='block_1_106' title="bbox 1960 4803 3538 4877">
    <p class='ocr_par' dir='ltr' id='par_1_106' title="bbox 1960 4803 3538 4877">
     <span class='ocr_line' id='line_1_106' title="bbox 1960 4803 3538 4877; baseline 0.001 -17"><span class='ocrx_word' id='word_1_762' title='bbox 1960 4806 2221 4877; x_wconf 86' lang='lat' dir='ltr'><strong><em>jubentur</em></strong></span> <span class='ocrx_word' id='word_1_763' title='bbox 2250 4803 2480 4859; x_wconf 89' lang='lat' dir='ltr'><strong><em>Domino</em></strong></span> <span class='ocrx_word' id='word_1_764' title='bbox 2512 4804 2760 4860; x_wconf 75' lang='lat' dir='ltr'><strong><em>confiteri</em></strong></span> <span class='ocrx_word' id='word_1_765' title='bbox 2806 4810 2860 4860; x_wconf 89' lang='lat' dir='ltr'><strong><em>et</em></strong></span> <span class='ocrx_word' id='word_1_766' title='bbox 2895 4804 3306 4859; x_wconf 82' lang='lat' dir='ltr'><strong><em>misericordias</em></strong></span> <span class='ocrx_word' id='word_1_767' title='bbox 3335 4804 3457 4875; x_wconf 89' lang='lat' dir='ltr'><strong><em>ejus</em></strong></span> <span class='ocrx_word' id='word_1_768' title='bbox 3483 4807 3538 4861; x_wconf 91' lang='lat' dir='ltr'><strong><em>in</em></strong></span> 
     </span>
    </p>
   </div>
   <div class='ocr_carea' id='block_1_107' title="bbox 1962 4898 3573 4970">
    <p class='ocr_par' dir='ltr' id='par_1_107' title="bbox 1962 4898 3573 4970">
     <span class='ocr_line' id='line_1_107' title="bbox 1962 4898 3573 4970; baseline -0.002 -14"><span class='ocrx_word' id='word_1_769' title='bbox 1962 4916 2056 4956; x_wconf 87' lang='lat' dir='ltr'><strong><em>ore</em></strong></span> <span class='ocrx_word' id='word_1_770' title='bbox 2110 4900 2273 4955; x_wconf 81' lang='lat' dir='ltr'><strong><em>ferre.</em></strong></span> <span class='ocrx_word' id='word_1_771' title='bbox 2322 4899 2576 4970; x_wconf 65' lang='lat' dir='ltr'><strong><em>Praecipit</em></strong></span> <span class='ocrx_word' id='word_1_772' title='bbox 2617 4901 2747 4954; x_wconf 90' lang='lat' dir='ltr'><strong><em>item</em></strong></span> <span class='ocrx_word' id='word_1_773' title='bbox 2784 4898 3042 4953; x_wconf 73' lang='lat' dir='ltr'><strong><em>‘omnibus</em></strong></span> <span class='ocrx_word' id='word_1_774' title='bbox 3102 4898 3419 4953; x_wconf 87' lang='lat' dir='ltr'><strong><em>hominibus</em></strong></span> <span class='ocrx_word' id='word_1_775' title='bbox 3474 4906 3573 4954; x_wconf 42' lang='lat' dir='ltr'><strong><em>ut‘</em></strong></span> 
     </span>
    </p>
   </div>
   <div class='ocr_carea' id='block_1_108' title="bbox 1962 4987 3535 5058">
    <p class='ocr_par' dir='ltr' id='par_1_108' title="bbox 1962 4987 3535 5058">
     <span class='ocr_line' id='line_1_108' title="bbox 1962 4987 3535 5058; baseline 0.001 -15"><span class='ocrx_word' id='word_1_776' title='bbox 1962 4989 2289 5044; x_wconf 89' lang='lat' dir='ltr'><strong><em>annuntient</em></strong></span> <span class='ocrx_word' id='word_1_777' title='bbox 2324 4989 2596 5043; x_wconf 88' lang='lat' dir='ltr'><strong><em>mirabilia</em></strong></span> <span class='ocrx_word' id='word_1_778' title='bbox 2625 4989 2765 5058; x_wconf 86' lang='lat' dir='ltr'><strong><em>ejus.</em></strong></span> <span class='ocrx_word' id='word_1_779' title='bbox 2796 4988 2985 5041; x_wconf 88' lang='lat' dir='ltr'><strong><em>Posuit</em></strong></span> <span class='ocrx_word' id='word_1_780' title='bbox 3009 4988 3234 5057; x_wconf 86' lang='lat' dir='ltr'><strong><em>ﬂumina</em></strong></span> <span class='ocrx_word' id='word_1_781' title='bbox 3264 4989 3316 5042; x_wconf 89' lang='lat' dir='ltr'><strong><em>in</em></strong></span> <span class='ocrx_word' id='word_1_782' title='bbox 3355 4987 3535 5044; x_wconf 85' lang='lat' dir='ltr'><strong><em>deser-</em></strong></span> 
     </span>
    </p>
   </div>
   <div class='ocr_carea' id='block_1_109' title="bbox 1963 5081 3533 5152">
    <p class='ocr_par' dir='ltr' id='par_1_109' title="bbox 1963 5081 3533 5152">
     <span class='ocr_line' id='line_1_109' title="bbox 1963 5081 3533 5152; baseline -0.002 -16"><span class='ocrx_word' id='word_1_783' title='bbox 1963 5093 2090 5141; x_wconf 89' lang='lat' dir='ltr'><strong><em>tum.</em></strong></span> <span class='ocrx_word' id='word_1_784' title='bbox 2121 5092 2169 5136; x_wconf 91' lang='lat' dir='ltr'><strong><em>et</em></strong></span> <span class='ocrx_word' id='word_1_785' title='bbox 2192 5083 2362 5137; x_wconf 75' lang='lat' dir='ltr'><strong><em>exitus</em></strong></span> <span class='ocrx_word' id='word_1_786' title='bbox 2386 5093 2643 5152; x_wconf 80' lang='lat' dir='ltr'><strong><em>aquarum</em></strong></span> <span class='ocrx_word' id='word_1_787' title='bbox 2669 5083 2723 5135; x_wconf 88' lang='lat' dir='ltr'><strong><em>in</em></strong></span> <span class='ocrx_word' id='word_1_788' title='bbox 2767 5081 2933 5144; x_wconf 85' lang='lat' dir='ltr'><strong><em>sitim,</em></strong></span> <span class='ocrx_word' id='word_1_789' title='bbox 2968 5090 3165 5135; x_wconf 88' lang='lat' dir='ltr'><strong><em>terram</em></strong></span> <span class='ocrx_word' id='word_1_790' title='bbox 3203 5081 3533 5149; x_wconf 81' lang='lat' dir='ltr'><strong><em>fructiferam</em></strong></span> 
     </span>
    </p>
   </div>
   <div class='ocr_carea' id='block_1_110' title="bbox 1960 5172 3532 5246">
    <p class='ocr_par' dir='ltr' id='par_1_110' title="bbox 1960 5172 3532 5246">
     <span class='ocr_line' id='line_1_110' title="bbox 1960 5172 3532 5246; baseline -0.003 -17"><span class='ocrx_word' id='word_1_791' title='bbox 1960 5179 2014 5229; x_wconf 91' lang='lat' dir='ltr'><strong><em>in</em></strong></span> <span class='ocrx_word' id='word_1_792' title='bbox 2044 5176 2361 5246; x_wconf 85' lang='lat' dir='ltr'><strong><em>salsuginem</em></strong></span> <span class='ocrx_word' id='word_1_793' title='bbox 2393 5193 2425 5228; x_wconf 92' lang='lat' dir='ltr'><strong><em>a</em></strong></span> <span class='ocrx_word' id='word_1_794' title='bbox 2456 5175 2664 5228; x_wconf 74' lang='lat' dir='ltr'><strong><em>malitia</em></strong></span> <span class='ocrx_word' id='word_1_795' title='bbox 2695 5174 3110 5228; x_wconf 87' lang='lat' dir='ltr'><strong><em>inhabitantium</em></strong></span> <span class='ocrx_word' id='word_1_796' title='bbox 3137 5174 3189 5227; x_wconf 89' lang='lat' dir='ltr'><strong><em>in</em></strong></span> <span class='ocrx_word' id='word_1_797' title='bbox 3232 5190 3315 5229; x_wconf 90' lang='lat' dir='ltr'><strong><em>ea.</em></strong></span> <span class='ocrx_word' id='word_1_798' title='bbox 3344 5172 3532 5226; x_wconf 83' lang='lat' dir='ltr'><strong><em>Posuit</em></strong></span> 
     </span>
    </p>
   </div>
   <div class='ocr_carea' id='block_1_111' title="bbox 1959 5264 3530 5339">
    <p class='ocr_par' dir='ltr' id='par_1_111' title="bbox 1959 5264 3530 5339">
     <span class='ocr_line' id='line_1_111' title="bbox 1959 5264 3530 5339; baseline -0.003 -19"><span class='ocrx_word' id='word_1_799' title='bbox 1959 5267 2220 5324; x_wconf 86' lang='lat' dir='ltr'><strong><em>desertum</em></strong></span> <span class='ocrx_word' id='word_1_800' title='bbox 2245 5271 2298 5322; x_wconf 88' lang='lat' dir='ltr'><strong><em>in</em></strong></span> <span class='ocrx_word' id='word_1_801' title='bbox 2329 5280 2517 5339; x_wconf 87' lang='lat' dir='ltr'><strong><em>stagna</em></strong></span> <span class='ocrx_word' id='word_1_802' title='bbox 2543 5280 2821 5338; x_wconf 83' lang='lat' dir='ltr'><strong><em>aquarum,</em></strong></span> <span class='ocrx_word' id='word_1_803' title='bbox 2850 5275 2900 5320; x_wconf 87' lang='lat' dir='ltr'><strong><em>et</em></strong></span> <span class='ocrx_word' id='word_1_804' title='bbox 2939 5276 3137 5322; x_wconf 88' lang='lat' dir='ltr'><strong><em>terram</em></strong></span> <span class='ocrx_word' id='word_1_805' title='bbox 3162 5268 3273 5321; x_wconf 90' lang='lat' dir='ltr'><strong><em>sine</em></strong></span> <span class='ocrx_word' id='word_1_806' title='bbox 3303 5280 3440 5333; x_wconf 84' lang='lat' dir='ltr'><strong><em>aqua</em></strong></span> <span class='ocrx_word' id='word_1_807' title='bbox 3474 5264 3530 5316; x_wconf 90' lang='lat' dir='ltr'><strong><em>in</em></strong></span> 
     </span>
    </p>
   </div>
   <div class='ocr_carea' id='block_1_112' title="bbox 1966 5356 3529 5429">
    <p class='ocr_par' dir='ltr' id='par_1_112' title="bbox 1966 5356 3529 5429">
     <span class='ocr_line' id='line_1_112' title="bbox 1966 5356 3529 5429; baseline -0.004 -16"><span class='ocrx_word' id='word_1_808' title='bbox 1966 5362 2139 5415; x_wconf 71' lang='lat' dir='ltr'><strong><em>exitus</em></strong></span> <span class='ocrx_word' id='word_1_809' title='bbox 2185 5377 2465 5429; x_wconf 88' lang='lat' dir='ltr'><strong><em>aquarum.</em></strong></span> <span class='ocrx_word' id='word_1_810' title='bbox 2506 5357 2575 5414; x_wconf 84' lang='lat' dir='ltr'><strong><em>Et</em></strong></span> <span class='ocrx_word' id='word_1_811' title='bbox 2623 5359 2864 5415; x_wconf 86' lang='lat' dir='ltr'><strong><em>habitare</em></strong></span> <span class='ocrx_word' id='word_1_812' title='bbox 2907 5359 3028 5428; x_wconf 79' lang='lat' dir='ltr'><strong><em>fecit</em></strong></span> <span class='ocrx_word' id='word_1_813' title='bbox 3067 5359 3179 5412; x_wconf 88' lang='lat' dir='ltr'><strong><em>illic</em></strong></span> <span class='ocrx_word' id='word_1_814' title='bbox 3223 5356 3529 5416; x_wconf 85' lang='lat' dir='ltr'><strong><em>esurientes,</em></strong></span> 
     </span>
    </p>
   </div>
   <div class='ocr_carea' id='block_1_113' title="bbox 1964 5446 3533 5509">
    <p class='ocr_par' dir='ltr' id='par_1_113' title="bbox 1964 5446 3533 5509">
     <span class='ocr_line' id='line_1_113' title="bbox 1964 5446 3533 5509; baseline -0.004 -2"><span class='ocrx_word' id='word_1_815' title='bbox 1964 5464 2014 5507; x_wconf 89' lang='lat' dir='ltr'><strong><em>et</em></strong></span> <span class='ocrx_word' id='word_1_816' title='bbox 2054 5455 2433 5509; x_wconf 87' lang='lat' dir='ltr'><strong><em>constituerunt</em></strong></span> <span class='ocrx_word' id='word_1_817' title='bbox 2460 5453 2699 5507; x_wconf 87' lang='lat' dir='ltr'><strong><em>civitates</em></strong></span> <span class='ocrx_word' id='word_1_818' title='bbox 2743 5452 3108 5506; x_wconf 89' lang='lat' dir='ltr'><strong><em>habitationis.</em></strong></span> <span class='ocrx_word' id='word_1_819' title='bbox 3136 5447 3199 5501; x_wconf 83' lang='lat' dir='ltr'><strong><em>Et</em></strong></span> <span class='ocrx_word' id='word_1_820' title='bbox 3245 5446 3533 5501; x_wconf 84' lang='lat' dir='ltr'><strong><em>seminave-</em></strong></span> 
     </span>
    </p>
   </div>
   <div class='ocr_carea' id='block_1_114' title="bbox 1964 5537 3535 5617">
    <p class='ocr_par' dir='ltr' id='par_1_114' title="bbox 1964 5537 3535 5617">
     <span class='ocr_line' id='line_1_114' title="bbox 1964 5537 3535 5617; baseline -0.007 -17"><span class='ocrx_word' id='word_1_821' title='bbox 1964 5555 2087 5600; x_wconf 89' lang='lat' dir='ltr'><strong><em>runt</em></strong></span> <span class='ocrx_word' id='word_1_822' title='bbox 2122 5563 2274 5617; x_wconf 86' lang='lat' dir='ltr'><strong><em>agros</em></strong></span> <span class='ocrx_word' id='word_1_823' title='bbox 2305 5554 2354 5600; x_wconf 84' lang='lat' dir='ltr'><strong><em>et</em></strong></span> <span class='ocrx_word' id='word_1_824' title='bbox 2383 5546 2757 5615; x_wconf 87' lang='lat' dir='ltr'><strong><em>plantaverunt</em></strong></span> <span class='ocrx_word' id='word_1_825' title='bbox 2802 5547 2999 5606; x_wconf 71' lang='lat' dir='ltr'><strong><em>uineas,</em></strong></span> <span class='ocrx_word' id='word_1_826' title='bbox 3041 5551 3091 5596; x_wconf 89' lang='lat' dir='ltr'><strong><em>et</em></strong></span> <span class='ocrx_word' id='word_1_827' title='bbox 3133 5539 3365 5610; x_wconf 75' lang='lat' dir='ltr'><strong><em>fecerunt</em></strong></span> <span class='ocrx_word' id='word_1_828' title='bbox 3419 5537 3535 5601; x_wconf 78' lang='lat' dir='ltr'><strong><em>fru-</em></strong></span> 
     </span>
    </p>
   </div>
   <div class='ocr_carea' id='block_1_115' title="bbox 1962 5627 3536 5709">
    <p class='ocr_par' dir='ltr' id='par_1_115' title="bbox 1962 5627 3536 5709">
     <span class='ocr_line' id='line_1_115' title="bbox 1962 5627 3536 5709; baseline -0.008 -16"><span class='ocrx_word' id='word_1_829' title='bbox 1962 5649 2101 5694; x_wconf 90' lang='lat' dir='ltr'><strong><em>ctum</em></strong></span> <span class='ocrx_word' id='word_1_830' title='bbox 2148 5638 2532 5709; x_wconf 83' lang='lat' dir='ltr'><strong><em>productionis.</em></strong></span> <span class='ocrx_word' id='word_1_831' title='bbox 2567 5637 2634 5693; x_wconf 83' lang='lat' dir='ltr'><strong><em>Et</em></strong></span> <span class='ocrx_word' id='word_1_832' title='bbox 2681 5637 2942 5694; x_wconf 71' lang='lat' dir='ltr'><strong><em>benedixit</em></strong></span> <span class='ocrx_word' id='word_1_833' title='bbox 2980 5635 3056 5689; x_wconf 87' lang='lat' dir='ltr'><strong><em>eis</em></strong></span> <span class='ocrx_word' id='word_1_834' title='bbox 3101 5643 3149 5688; x_wconf 90' lang='lat' dir='ltr'><strong><em>et</em></strong></span> <span class='ocrx_word' id='word_1_835' title='bbox 3192 5627 3536 5702; x_wconf 86' lang='lat' dir='ltr'><strong><em>multiplicati</em></strong></span> 
     </span>
    </p>
   </div>
  </div>
