4044 6212
527 302 661 359 1527

1191 301 1458 359 EUSEBII
1495 299 1976 358 CAESARIENSIS
2013 298 2166 356 OPP.
2208 299 2387 356 PARS
2419 299 2510 356 111.
2549 329 2616 339 -
2654 293 3066 352 EXEGETICA.

3631 280 3775 338 I328

523 429 648 477 sunt
689 418 866 485 nimis,
915 425 965 472 et
1011 416 1258 484 jumenta
1305 432 1486 470 eorum
1539 433 1642 470 non
1683 413 1986 470 minoravit.
2033 413 2099 466 Et

2204 414 2408 467 Ἐθετο
2431 411 2652 481 ἔρημον
2689 412 2779 475 εὶς
2809 408 3027 478 λίμνας
3064 403 3319 466 ὑδάτων,
3357 396 3474 472 τῆν
3500 395 3775 464 ἄνυδρον

523 516 682 583 pauci
714 511 847 581 {acti
876 519 1022 574 sunt,
1054 519 1106 565 et
1132 510 1311 564 vexati
1341 517 1462 563 sunt
1504 525 1536 561 a
1567 508 1905 563 tribulatione
1932 509 2099 562 malo-

524 619 644 658 rum
667 612 718 656 et
745 601 948 657 dolore.
981 598 1173 669 Effusa
1199 608 1278 654 est
1310 601 1622 668 contemptio
1652 616 1810 670 super
1839 601 2098 670 principes

524 711 728 758 eorum,
761 704 811 750 et
859 710 1043 749 errare
1072 694 1195 764 [erit
1231 709 1319 747 eos
1350 692 1404 746 in
1441 693 1618 757 invio,
1659 701 1709 746 et
1758 709 1860 748 non
1890 693 1944 746 in
1993 694 2098 746 via.

459 778 474 795 ’
526 784 740 842 Etenim
779 783 1020 840 Judaicte
1042 784 1221 856 gentis
1253 783 1543 838 multitudo
1571 783 1626 838 in
1670 792 1880 839 tantam
1922 784 2097 838 bono-

526 892 650 931 rum
693 876 978 946 penuriam
1033 875 1250 930 redacta
1295 884 1400 940 est,
1461 884 1520 930 ut
1550 877 1709 946 pauci
1751 891 1920 946 penes
1951 874 2102 946 ipsos

526 967 873 1037 reperiantur
914 967 1009 1038 qui
1045 966 1346 1022 secundum
1383 965 1552 1022 Deum
1585 967 1830 1038 praeclari
1857 967 1988 1022 sint.
2023 965 2104 1021 Ac

528 1067 643 1116 tota
676 1060 896 1131 quidem
929 1075 1118 1116 eorum
1152 1076 1284 1132 gens
1309 1076 1430 1131 quae
1462 1061 1518 1115 in
1547 1061 1651 1116 hoc
1679 1061 1938 1117 vaticinio
1965 1075 2103 1131 prte-

530 1152 854 1207 nuntiantur
901 1153 1186 1208 sustinuit.
1221 1151 1505 1223 Principes
1555 1159 1736 1207 autem
1782 1166 2010 1215 eorum,
2048 1159 2104 1207 et

529 1243 859 1314 patriarcha:
877 1244 1124 1315 quidam,
1149 1243 1484 1309 sacerdotes,
1524 1244 1938 1316 legisdoctores,
1964 1242 2102 1298 Sad-

531 1334 760 1402 duccaei,
799 1334 1004 1390 Scribat.
1035 1342 1090 1391 et
1119 1334 1380 1391 Pharisaei
1411 1335 1617 1407 pudore
1641 1335 1833 1391 sutl‘usi
1865 1342 2013 1403 sunt,
2045 1334 2101 1389 in

529 1433 1016 1497 contemptumque
1063 1425 1285 1493 traditi;
1348 1433 1539 1496 utpote
1588 1427 1718 1497 qui,
1755 1425 1938 1481 vocati
1973 1437 2100 1478 cum

530 1522 716 1570 essent
741 1515 810 1570 ad
839 1516 978 1570 viam
1011 1523 1236 1578 rectam,
1257 1515 1408 1570 illam
1431 1517 1762 1585 respuerint.

2207 506 2294 570 εις
2332 502 2635 570 διεξόδους
2668 499 2924 556 ὑδάτων.
2971 497 3083 552 Kal
3128 492 3460 560 κατῴκισεν
3488 489 3610 544 ἐκεῖ
3646 504 3780 541 πει-

2196 596 2448 662 νῶντας,
2480 594 2578 648 καὶ
2617 591 3078 662 συνεστήσαντο
3111 589 3322 654 πόλεις
3361 581 3773 646 κατοικεσίας.

2199 688 2308 743 Kal
2334 685 2624 753 ἐσπειραν
2653 683 2869 754 ἀγροὺς
2891 681 2988 736 καὶ
3022 680 3365 750 ἐφύτευσαν
3385 671 3774 745 ἀμπελῶνας,

2200 779 2298 833 καὶ
2343 776 2642 843 ἐποίησαν
2676 772 2908 842 καρπὸν
2949 769 3337 842 γεννήματος.
3389 765 3498 822 Kal
3527 763 3778 832 εὐλόγη-

2201 884 2312 924 σεν
2347 865 2569 932 αὐτοὺς
2614 864 2712 918 καὶ
2761 863 3228 932 ἑπληθύνθησαν
3267 855 3525 927 σφόδρα,
3573 853 3674 907 καὶ
3707 850 3776 905 τὰ

2204 959 2394 1026 κτήνη
2427 955 2625 1012 αὐτῶν
2664 957 2774 1010 οὐκ
2798 955 3178 1024 ἐσμίκρυνεν.
3229 950 3340 1007 Kal
3383 946 3777 1018 ὠλιγώθησαν

2204 1051 2303 1105 καὶ
2319 1047 2710 1115 ἐκακώθησαν
2729 1045 2847 1100 ἀπὸ
2871 1046 3130 1115 θλίψεως
3166 1039 3373 1097 κακῶν
3398 1039 3496 1094 καὶ
3523 1038 3772 1106 ὀδύνης.

2215 1142 2496 1211 Ἐξεχύθη
2528 1137 2925 1204 ἐξουδένωσις
2961 1137 3054 1191 ἐπ’
3081 1136 3380 1206 ἄρχοντας
3418 1130 3638 1198 αὐτῶν,
3673 1129 3773 1183 καὶ

2203 1233 2552 1302 ἐπλάνησεν
2589 1231 2811 1296 αὐτοὺς
2848 1229 2919 1283 ἐν
2960 1229 3188 1296 ἀϐάτῳ,
3225 1227 3325 1281 καὶ
3356 1229 3470 1295 οὐχ
3503 1222 3641 1290 ὁδῷ.
3700 1216 3774 1274 Τδ

2209 1323 2306 1395 μὲν
2335 1322 2443 1395 γὰρ
2489 1321 2690 1394 πλῆθος
2722 1319 2816 1374 τοῦ
2856 1319 3123 1373 Ἰουδαίων
3165 1318 3352 1381 ἔθνους
3384 1319 3463 1380 είς
3500 1312 3773 1383 τοσαύτην

2206 1417 2409 1488 ἤλασεν
2455 1414 2675 1484 ἀγαθῶν
2718 1413 2932 1479 σπάνιν,
2989 1413 3063 1476 ὼς
3089 1412 3301 1481 ὀλίγους
3337 1407 3680 1483 εὑρίσκεσθαι
3712 1408 3772 1460 ἐν

2207 1509 2389 1571 αὐτοῖς
2429 1507 2553 1570 τοὺς
2599 1505 2739 1562 κατὰ
2769 1505 2903 1560 Θεὸν
2931 1503 3364 1575 εὐδοκιμοῦντας.
3414 1501 3523 1555 Καὶ
3560 1501 3616 1554 τὸ
3669 1499 3775 1570 μὲν

531 1610 641 1662 πᾶν
665 1606 814 1671 ἔθνος
853 1608 1056 1679 ταύτην
1097 1607 1354 1679 ὑπέμεινε
1383 1608 1481 1680 τὴν
1512 1609 1816 1680 πρόρρησιν
1835 1625 1849 1639 ·
1879 1607 1929 1660 οἱ
1958 1605 2001 1658 δ’
2035 1605 2094 1658 ἐν
2127 1601 2309 1664 αὐτοῖς
2340 1599 2620 1671 ἄρχοντες,
2651 1597 2984 1671 πατριάρχαι
3039 1596 3184 1660 τινὲς
3233 1595 3327 1648 καὶ
3369 1594 3640 1664 ἀρχιερεῖς
3677 1590 3773 1644 καὶ

481 1686 492 1698 ’
530 1701 993 1773 νομοδιδάσκαλοι,
1034 1701 1376 1759 Σαδδουκαῖοί
1411 1719 1471 1756 τε
1505 1702 1599 1755 καὶ
1627 1702 1981 1772 Γραμματεῖς
2035 1697 2128 1753 καὶ
2155 1696 2436 1766 Φαρισαῖοι
2499 1691 2761 1764 αἰσχύνην
2815 1690 3165 1762 κατεχέαντο,
3221 1687 3564 1757 ὲξουδενώσει
3602 1702 3774 1756 παρα·

531 1793 774 1857 δοθέντες
800 1809 815 1824 ·
864 1793 961 1848 ἆτε
1003 1791 1066 1862 δὴ
1108 1793 1399 1865 κληθέντες
1432 1794 1528 1847 ἐπὶ
1570 1794 1669 1865 τὴν
1717 1792 1932 1846 εὐθεῖαν
1977 1791 2094 1844 ὁδὸν
2131 1789 2224 1842 καὶ
2255 1785 2723 1858 παραιτησάμενοι
2753 1783 2942 1854 αὐτήν.

608 1904 778 1963 Vens.
802 1907 892 1962 41.
922 1906 990 1961 Et
1012 1907 1214 1978 adjuvit
1244 1924 1522 1978 pauperem
1542 1909 1606 1964 de
1626 1909 1823 1978 inopia.
1848 1907 1948 1962 llic
1973 1923 2101 1962 con-

2275 1902 2386 1959 Kal
2411 1900 2707 1970 ἐϐοήθησε
2737 1900 2962 1970 πένητα
2991 1899 3059 1954 ὲκ
3093 1900 3404 1968 πτωχείας.
3434 1895 3550 1950 Καὶ
3581 1895 3642 1947 ὲν
3663 1892 3776 1946 τού-

534 2007 691 2055 sueto
713 2011 866 2051 more
889 1995 1253 2068 Symmachus
1281 1998 1473 2062 edidit,
1504 1997 1572 2051 Et
1601 1998 1798 2052 muniet
1825 2011 2101 2066 paup-rem

536 2091 601 2142 ab
632 2087 930 2158 afﬂictione.
957 2085 1069 2141 lllis
1097 2087 1340 2157 quidem,
1382 2089 1478 2153 ait,
1521 2103 1643 2159 quae
1686 2087 1945 2159 praedicta
1976 2094 2104 2143 sunt

537 2179 788 2236 evenient
813 2196 828 2234 :
857 2193 1150 2249 pauperem
1194 2194 1327 2235 vero
1369 2181 1625 2251 populum
1656 2180 1884 2248 muniet,
1909 2179 2102 2236 videli-

540 2280 627 2324 cet
657 2269 811 2329 illum
841 2269 937 2338 qui
969 2283 1035 2322 ex
1071 2270 1325 2339 gentibus
1361 2271 1780 2327 constituendus
1801 2280 1905 2336 est,
1940 2287 2101 2342 quem

534 2361 753 2417 beatum
810 2360 1119 2432 praedicans
1168 2360 1419 2418 Salvator
1473 2378 1539 2418 ac
1595 2363 1861 2420 Dominus
1918 2371 2106 2421 uoster

534 2451 696 2508 Jesus
722 2451 980 2508 Christus
1000 2453 1216 2515 dicebat
1243 2472 1257 2509 :
1289 2455 1442 2510 Beati
1463 2471 1715 2526 pauperes
1744 2457 1954 2526 spiritu,
1983 2473 2108 2528 quo-

541 2545 679 2598 niam
707 2542 940 2613 ipsorum
960 2552 1034 2597 est
1067 2557 1282 2614 regnum
1311 2544 1560 2598 caelorum
1587 2545 1654 2600 '°.
1685 2543 1754 2598 Et
1796 2546 1971 2616 posuit
1999 2547 2106 2600 sic-

535 2643 592 2688 ut
639 2650 755 2689 oves
805 2633 1062 2704 familias.
1124 2633 1318 2704 Aquila
1359 2649 1487 2690 vero
1551 2636 1648 2702 ait,
1675 2635 1744 2692 Et
1787 2647 1940 2707 ponet
1969 2639 2107 2692 sicut

541 2727 672 2782 ovile
704 2727 1073 2798 cognationes;
1118 2723 1480 2797 Symmachus
1526 2737 1730 2794 autem,
1769 2727 1837 2783 Et
1885 2739 2100 2793 statuet,

538 2818 746 2889 inquit,
795 2817 929 2870 sicut
960 2831 1164 2886 gregem
1204 2818 1536 2886 cognationes
1565 2834 1585 2874 :
1609 2819 1663 2874 id
1717 2827 1802 2875 est
1831 2819 2106 2877 Eeclesias

541 2925 660 2978 quae
681 2922 776 2978 per
796 2906 1046 2962 civitates
1070 2913 1123 2961 et
1151 2908 1401 2980 regiones
1429 2923 1496 2964 ex
1520 2909 1753 2967 diversis
1771 2912 2107 2984 cognationi-

481 3056 489 3062 _
541 2998 643 3054 bus
660 2997 972 3053 constitutae
1002 3003 1152 3052 sunt.

610 3090 776 3146 Vens.
797 3088 989 3154 42,45.
1025 3087 1280 3144 Videbunt
1299 3093 1426 3147 recti
1441 3099 1490 3146 et
1513 3093 1852 3158 laetabuntur,
1875 3097 2107 3151 etomnis

535 3179 790 3250 iniquitas
837 3180 1089 3252 oppilaﬁit
1139 3197 1197 3236 os
1255 3199 1430 3240 suum.
1466 3183 1606 3251 Quid
1638 3201 1802 3256 porro
1825 3187 2103 3256 videbunt,

2207 2011 2319 2058 τοις
2363 1991 2607 2064 συνήθως
2657 1993 2686 2046 6
2737 1990 3036 2063 Σύμμαχος
3087 1987 3350 2054 ἐξέδωκεν
3400 1984 3610 2040 εἰπών’
3666 1983 3776 2040 Kal

2208 2085 2497 2157 ὀχυρώσει
2540 2083 2768 2151 πένητα
2813 2082 2928 2137 ἀπὸ
2975 2081 3309 2147 κακώσεως.
3372 2078 3636 2140 Ἐκτίνοις
3671 2076 3773 2147 μὲν

2207 2178 2317 2247 γὰρ
2350 2176 2504 2230 ἔσται
2541 2173 2612 2229 τὰ
2643 2173 3086 2247 προδηλωθὲντα,
3127 2173 3304 2242 φησί’
3335 2170 3426 2224 τὸν
3474 2168 3534 2222 δὲ
3570 2169 3776 2238 πένητα

2209 2269 2338 2324 λαὸν
2371 2265 2638 2339 ὀχυρώσει
2657 2283 2671 2299 ο
2705 2266 2797 2322 τὸν
2830 2265 2890 2333 ἐξ
2921 2264 3088 2319 ἐθνῶν
3114 2263 3319 2336 δηλαδὴ
3353 2262 3776 2335 συστησόμενον·

2209 2360 2268 2416 δν
2293 2360 2388 2414 καὶ
2412 2357 2729 2432 μακαρίζων
2757 2359 2785 2411 6
2813 2357 3004 2429 Σωτὴρ
3032 2357 3126 2411 καὶ
3153 2356 3355 2428 Κύριος
3377 2357 3410 2428 ἡ
3419 2353 3537 2426 μῶν
3568 2351 3773 2423 Ἰησοῦς

2209 2453 2442 2526 Χριστὸς
2469 2451 2621 2520 ἔλεγε
2643 2467 2656 2481 ·
2688 2448 2977 2518 Μακάριοι
3019 2446 3073 2504 ol
3103 2447 3325 2516 πτωχοὶ
3353 2444 3433 2512 τῷ
3459 2446 3776 2515 πνεύματι,

2211 2547 2301 2601 ὅτι
2332 2543 2531 2600 αὐτῶν
2561 2543 2732 2597 ἐστιν
2765 2543 2804 2612 ή
2845 2540 3132 2607 ,βασιλεία
3166 2537 3286 2594 τῶν
3319 2537 3611 2608 οὐρανῶν.
3668 2536 3778 2592 Kal

2209 2638 2376 2692 ἔθετο
2411 2635 2491 2701 ὡς
2543 2633 2803 2702 πρόϐατα
2841 2631 3092 2702 πατριάς
3119 2648 3134 2662 ·
3193 2633 3222 2686 6
3260 2630 3316 2685 δὲ
3355 2630 3618 2695 Ἀκύλας,
3671 2629 3774 2683 ι(αὲ

2211 2729 2402 2796 θήσει,
2435 2725 2618 2798 φησιν,
2647 2725 2727 2790 ὠς
2750 2724 3026 2794 ποίμνιον
3078 2723 3455 2794 συγγενείας·
3482 2724 3510 2776 6
3538 2722 3598 2776 δὲ
3634 2721 3775 2792 Σύμο

2215 2837 2403 2893 μαχος,
2435 2817 2545 2874 Καὶ
2569 2816 2752 2882 τάξει,
2781 2818 2964 2888 φησὶν,
3004 2817 3084 2884 ὡς
3116 2817 3378 2886 ποίμνην
3401 2814 3776 2884 συγγενείας,

2210 2911 2308 2976 τὰς
2324 2909 2465 2966 κατὰ
2478 2909 2630 2964 πόλιν
2658 2909 2914 2964 καὶκατὰ
2941 2907 3123 2981 χώραν
3158 2907 3481 2979 Ἐκκλησίας
3508 2908 3574 2960 ἐκ
3600 2905 3777 2976 διαφό-

2214 3021 2323 3077 ρων
2362 3002 2688 3072 συγγενειῶν
2718 2998 3079 3064 συνεστώσας.

2284 3095 2572 3162 Ὄψονται
2597 3092 2789 3158 εὐθεῖς
2810 3091 2904 3146 καὶ
2931 3089 3466 3160 εὐφρανθήσονται,
3491 3090 3592 3145 καί
3612 3088 3779 3146 πᾶσα

2210 3185 2426 3254 ἀνομιά
2452 3182 2734 3254 ἐμφράεει
2769 3181 2835 3236 τὸ
2867 3185 3060 3252 στόμα
3099 3180 3306 3250 αὐτῆς.
3361 3182 3427 3236 Τί
3460 3182 3518 3235 δὲ
3562 3183 3780 3252 ὄψονται

540 3271 643 3324 tusi
698 3285 880 3326 rerum
938 3286 1007 3327 ex
1039 3272 1401 3330 deterioribus
1432 3273 1501 3328 ad
1554 3275 1778 3330 meliora
1809 3288 2101 3332 commuta-

2209 3274 2321 3328 ἀλλ’
2348 3275 2382 3346 ἢ
2424 3275 2523 3348 τὴν
2555 3275 2663 3328 ἀπὸ
2691 3273 2800 3327 τῶν
2827 3274 3082 3348 χειρόνων
3119 3274 3212 3328 ἐπὶ
3240 3274 3308 3328 τὰ
3348 3274 3583 3345 κρείττω
3614 3291 3772 3344 μετα-

537 3359 783 3416 tionem?
806 3359 1168 3428 Quamobrem
1201 3361 1267 3416 iis
1293 3362 1383 3432 qui
1417 3361 1730 3433 prophetias
1756 3363 1821 3418 ad
1856 3363 2102 3420 eﬂ'ectum

534 3462 588 3509 et
611 3454 773 3510 linem
813 3453 1078 3510 deductas
1109 3463 1508 3525 conspexerunt
1538 3455 1752 3510 dicebat
1794 3454 2052 3514 Servator
2086 3478 2100 3514 :

547 3545 720 3601 Vestri
740 3554 916 3602 autem
945 3547 1082 3601 beati
1111 3547 1270 3613 oculi,
1290 3547 1415 3618 quia
1437 3546 1647 3611 vident;
1677 3555 1730 3602 et
1756 3565 1771 3602 :
1807 3549 1964 3604 Multi
1990 3565 2109 3619 pro-

533 3637 702 3706 pheta
728 3637 999 3692 voluerunt
1036 3637 1206 3694 videre
1251 3654 1368 3709 qua:
1395 3655 1492 3694 vos
1507 3638 1714 3704 videtis,
1742 3650 1793 3696 et
1823 3657 1928 3696 non
1964 3641 2105 3697 vide-

535 3736 663 3782 runt
683 3729 750 3781 ".
776 3726 847 3781 Et
866 3728 1034 3782 omnis
1065 3729 1315 3800 iniquitas
1346 3729 1598 3800 oppilabit
1627 3748 1684 3786 os
1713 3748 1890 3788 suum.
1922 3733 1980 3787 In
2011 3748 2103 3787 ra-

536 3820 682 3876 biem
713 3827 833 3876 acta
853 3825 908 3874 et
929 3819 1000 3874 ob
1027 3819 1282 3876 invidiam
1305 3820 1491 3877 dolore
1514 3822 1706 3890 fracta,
1728 3838 1902 3894 neque
1923 3829 2104 3879 tamen

538 3907 745 3976 aliquid
770 3922 930 3978 agere
959 3911 1167 3974 valens,
1195 3911 1321 3981 quia
1351 3911 1492 3968 Deus
1514 3912 1588 3966 ita
1617 3915 1810 3970 voluit.
1834 3913 1891 3968 ld
1922 3924 2102 3971 autem

534 3995 823 4051 manifeste
849 3996 1032 4054 videre
1058 3998 1202 4066 licet,
1224 4014 1350 4057 cum
1382 4000 1678 4056 inﬁdelium
1708 4013 1763 4056 et
1790 4003 2104 4058 idololatra-

535 4098 659 4137 rum
691 4083 973 4154 iniquitas,
1005 4094 1198 4139 contra
1227 4085 1524 4140 Ecclesiam
1563 4087 1768 4142 Christi
1815 4087 2000 4143 furens
2049 4097 2104 4144 et

535 4189 679 4244 saepe
711 4173 1013 4242 insaniens,
1043 4174 1188 4244 quod
1235 4173 1453 4230 demum
1503 4173 1640 4230 nihil
1679 4191 1840 4248 agere
1875 4178 2099 4244 valeret,

535 4280 600 4322 os
633 4279 793 4322 suum
836 4265 1134 4329 obturavit,
1181 4279 1212 4318 a
1247 4264 1432 4320 divino
1475 4265 1644 4321 verbo
1673 4266 1884 4323 frenata
1915 4287 1928 4322 :
1957 4270 2100 4340 quod

532 4356 695 4412 etiam
720 4355 826 4411 illis
845 4362 1087 4426 tempore
1110 4354 1546 4425 persecutionum
1573 4357 1689 4412 haec
1707 4358 1870 4415 edicit
1899 4379 1912 4414 :
1943 4361 2098 4424 Tace,

531 4447 827 4502 obmutesce
853 4447 919 4501 '°.
953 4447 1295 4518 lniquitatem
1323 4464 1452 4504 vero
1499 4449 1769 4522 intelligas
1799 4453 2096 4519 diabolum,

531 4547 586 4594 et
607 4555 823 4595 omnem
853 4539 1036 4610 iniqua
1063 4547 1333 4611 agentem,
1365 4542 1663 4597 secundum
1686 4544 1849 4600 illud:
1876 4544 2099 4600 Obstru-

2209 3364 2397 3436 6ολήν;
2427 3365 2518 3418 Διὸ
2543 3367 2657 3428 τοῖς
2688 3363 2758 3418 τὰ
2782 3363 2909 3436 τέλη
2935 3363 3042 3418 τῶν
3065 3363 3409 3436 προφητειιῖιν
3431 3362 3779 3433 τεθεαμένοις

2206 3456 2389 3525 ἔλεγεν
2421 3458 2449 3509 6
2471 3455 2687 3528 Σωτήρ·
2738 3454 2930 3524 ’Υμῶν
2958 3454 3026 3509 δὲ
3056 3453 3332 3525 μακάριοι
3373 3456 3428 3508 ol
3461 3455 3776 3523 ὀφθαλμοὶ,

2205 3547 2294 3601 ὄτι
2329 3546 2633 3612 βλέπουσι
2656 3563 2669 3577 ·
2715 3547 2830 3612 καὶ,
2851 3568 2855 3574 -
2874 3548 3099 3601 Πολλοὶ
3141 3544 3435 3616 προφῆται
3477 3546 3776 3614 ἐπεθύμη-

2204 3653 2325 3690 σαν
2354 3635 2500 3691 ίδεῖν
2545 3635 2585 3690 ἃ
2627 3637 2797 3707 ὑμεῖς
2827 3635 3108 3701 βλέπετε,
3157 3635 3256 3690 καὶ
3289 3637 3396 3688 οὐκ
3429 3632 3606 3686 εἶδον.
3650 3633 3768 3686 Kal

2204 3729 2373 3786 πᾶσα
2403 3728 2606 3784 ἀδικία
2648 3727 2931 3799 ἐμφράξει
2957 3727 3023 3781 τὸ
3048 3727 3244 3797 στόμα
3274 3722 3478 3794 αὐτῆς·
3512 3723 3773 3777 λυττῶσα

2205 3821 2310 3875 ὑπὸ
2337 3821 2530 3890 φθόνου
2579 3819 3040 3892 ὅιαρῤηγνυμένη,
3088 3819 3253 3890 μηδὲν
3299 3818 3352 3872 δὲ
3394 3815 3655 3889 πράττειν
3684 3817 3775 3871 διὰ

2201 3915 2292 3967 τὸν
2317 3913 2489 3966 ταῦτα
2513 3910 2835 3984 βουληθέντα
2865 3909 2996 3974 Θεὸν
3014 3909 3306 3982 δυναμένη.
3342 3908 3512 3962 Τοῦτο
3537 3909 3594 3962 δὲ
3630 3909 3776 3981 πάρο

2201 3997 2348 4058 εστιν
2421 4003 2664 4076 ἐναργῶς
2706 4003 2858 4074 ὁρᾷν,
2901 4001 2976 4065 ὡς
3008 4002 3148 4056 κατὰ
3179 4001 3275 4072 τῆς
3315 3999 3637 4071 Ἐκκλησίας
3680 4000 3775 4053 τοῦ

2199 4095 2435 4168 Χριστοῦ
2470 4097 2505 4168 ἡ
2535 4095 2644 4149 τῶν
2689 4094 2930 4148 ἀπίστων
2979 4093 3072 4147 καὶ
3118 4091 3513 4164 είὼλολατρῶν
3562 4091 3776 4163 ἀνδρῶν

2199 4189 2399 4260 ἀνομία
2428 4187 2672 4241 λυττῶσα
2702 4185 2798 4240 καὶ
2842 4185 3099 4250 πολλάκις
3129 4187 3465 4256 ἐπιμήνασα,
3491 4183 3646 4249 τέλος
3687 4184 3778 4238 διὰ

2199 4276 2261 4330 τὸ
2306 4277 2470 4349 μηδὲν
2517 4274 2794 4338 δύνασθαι,
2838 4274 2898 4329 τὸ
2944 4275 3116 4347 στόμα
3162 4275 3361 4345 ἑαυτῆς
3405 4274 3640 4347 ἔφραζεν
3671 4276 3776 4328 ὑπὸ

2199 4366 2292 4421 τοῦ
2323 4366 2464 4421 θείου
2502 4365 2658 4436 λόγου
2689 4365 3019 4438 φιμουμὲνη,
3049 4366 3142 4419 τοῦ
3173 4366 3266 4420 καὶ
3295 4366 3433 4436 αὐτῇ
3466 4367 3607 4419 κατά
3647 4368 3775 4431 τοὺς

2198 4460 2304 4515 τῶν
2341 4458 2594 4531 διωγμῶν
2628 4459 2854 4531 καιροὺς
2887 4460 3215 4530 φάσκοντος·
3251 4459 3471 4524 Σιώπα,
3510 4460 3775 4528 πεφίμω-

2197 4569 2291 4608 σο.
2329 4553 2580 4625 Ἀνομίαν
2608 4551 2666 4604 δὲ
2697 4553 2910 4624 νοήσεις
2939 4551 3028 4605 τὸν
3056 4551 3317 4615 διάϐολον,
3351 4553 3443 4605 καὶ
3473 4552 3656 4605 πάντα
3685 4551 3776 4604 τὸν

533 4639 676 4681 ctum
701 4639 778 4682 est
822 4645 880 4682 os
906 4629 1226 4699 loquentium
1270 4628 1450 4698 iniqua
1498 4629 1564 4683 ⁸³.
1615 4630 1747 4696 Quis
1785 4635 2014 4700 sapiens,
2045 4644 2093 4687 et

2204 4645 2317 4698 κατ’
2349 4643 2513 4714 αὐτὴν
2560 4644 2948 4716 πεποιημένον,
2995 4645 3136 4698 κατὰ
3183 4645 3271 4698 τό’
3331 4643 3658 4714 Ἐνεφρὰγη
3711 4645 3775 4699 τὸ

535 4717 793 4772 custodiet
837 4719 946 4773 hazc
997 4734 1017 4772 :

536 4808 667 4862 mini
692 4807 801 4861 "'1’

641 4922 696 4975 1.
723 4918 1076 4978 CANTICUM
1113 4923 1364 4982 PSALMI
1403 4925 1527 4982 IPSl
1567 4925 1794 4984 DAVID.
1830 4926 1985 4982 CVII.

611 5014 776 5071 Vens.
814 5017 943 5074 2-3.
978 5018 1239 5074 Paratum
1279 5038 1371 5076 cor
1414 5039 1605 5089 meum,
1639 5022 1801 5087 Deus,
1845 5032 2094 5092 paratum

535 5125 626 5163 cor
663 5124 853 5174 meum,
887 5110 1110 5167 cantabo
1142 5122 1193 5168 et
1222 5115 1451 5183 psallam
1492 5117 1545 5170 in
1587 5115 1760 5186 gloria
1806 5131 1941 5169 mea.
1981 5113 2093 5168 Em-

535 5215 708 5270 surge,
737 5196 910 5268 gloria
957 5215 1094 5268 mea,
1122 5219 1360 5276 exsurge,
1409 5208 1719 5276 psalterium
1765 5215 1814 5262 et
1861 5206 2090 5274 cithara,

533 5307 816 5362 exsurgam
843 5291 1095 5348 diluculo.
1126 5294 1422 5366 Conﬁtebor
1465 5300 1560 5354 tibi
1603 5301 1658 5354 in
1709 5301 1935 5370 populis,
1985 5299 2092 5353 Do-

1073 4727 1121 4772 et
1176 4718 1463 4788 intelligent
1531 4721 1922 4778 misericordias
1989 4722 2096 4778 Do-

2197 4735 2390 4804 στόμα
2412 4736 2761 4789 λαλούντων
2785 4734 2979 4789 ἄδικα.
3003 4737 3098 4800 Ἰγς
3131 4735 3342 4805 σοφὸς,
3374 4737 3472 4789 καὶ
3509 4737 3772 4805 φυλάξει

2197 4825 2399 4891 ταῦτα,
2429 4827 2528 4880 καὶ
2559 4827 2906 4896 συνήσουσι
2947 4827 3019 4882 τὰ
3050 4826 3189 4894 ἐλέη
3231 4827 3338 4882 τοῦ
3369 4828 3630 4898 Κυρίου;

2487 4941 2619 5012 ῼΔΗ
2647 4940 2946 4995 ΨΔΛΜΟΥ
2975 4941 3062 5012 Tt)
3083 4940 3302 4994 ΔΑΥΙΔ.
3331 4939 3450 4994 ΡΖ⁰.

2267 5029 2512 5101 Ἔτοίμη
2539 5032 2577 5102 ή
2605 5032 2814 5100 καρδία
2827 5049 2968 5102 μου,
2999 5036 3031 5087 ὁ
3062 5030 3227 5099 Θεὸς,
3249 5032 3454 5102 ἑτοίμη
3482 5032 3522 5101 ἠ
3553 5033 3774 5102 καρδία

2190 5138 2330 5191 μου,
2359 5120 2576 5191 ᾄσομαι
2609 5122 2707 5176 καὶ
2737 5122 2915 5191 ψαλῶ
2945 5123 3015 5176 ἐν
3044 5123 3118 5194 τῇ
3146 5123 3295 5193 δόξῃ
3319 5141 3459 5193 μου.
3497 5123 3768 5195 Ἐξεγέρο

2196 5218 2346 5281 θητι,
2403 5213 2442 5282 ἠ
2488 5213 2638 5280 δόξα
2699 5233 2840 5284 μου,
2870 5216 3227 5286 ἐξετέρθητι,
3275 5217 3618 5287 ⁸ψαλτήριον
3670 5219 3766 5272 καὶ

2196 5302 2424 5372 κιθάρα,
2449 5303 2908 5377 ἐξεγερθήσομαι
2945 5308 3177 5378 ὄρθρου.
3212 5309 3764 5380 Ἐξομολοτήσομαί

535 5381 693 5447 mine,
736 5381 964 5450 psallam
994 5383 1089 5437 tibi
1127 5386 1182 5439 in
1228 5389 1548 5444 nationibus.
1599 5390 1862 5458 Quoniam
1901 5407 2091 5461 magna

2204 5410 2295 5447 σοι
2323 5395 2392 5449 ἐν
2431 5395 2619 5463 λαοῖς,
2646 5399 2839 5468 Κύριε,
2883 5399 3059 5469 ψαλῶ
3088 5415 3188 5456 σοι
3224 5401 3297 5455 ἐν
3339 5402 3600 5457 ἔθνεσιν.
3635 5403 3763 5456 Ὅτι

534 5482 612 5529 est
644 5489 798 5545 super
823 5474 978 5534 caelos
1005 5476 1372 5535 misericordia
1399 5491 1510 5547 tua,
1552 5491 1602 5536 et
1637 5500 1799 5554 usque
1830 5483 1898 5538 ad
1931 5483 2090 5539 nubes

2204 5485 2343 5556 μέγα
2365 5486 2563 5543 ἐπάνω
2594 5487 2714 5544 τῶν
2743 5489 3013 5559 οὐρανῶν
3047 5493 3115 5548 τὸ
3147 5491 3322 5559 ἔλεός
3355 5509 3498 5560 σου,
3525 5493 3625 5547 καί
3653 5493 3760 5559 ἕως

535 5567 726 5621 ueritas
756 5575 866 5623 tua.
897 5566 999 5634 Qui
1028 5569 1254 5626 salutari
1300 5571 1392 5626 illa
1426 5573 1760 5630 beatitudine
1787 5575 1984 5649 dignus
2011 5576 2094 5631 ef-

2204 5577 2313 5632 τῶν
2361 5581 2630 5650 νεφελῶν
2675 5583 2714 5652 ἠ
2762 5583 3012 5651 ἀλήθειά
3057 5599 3197 5642 σου.
3243 5585 3302 5639 '0
3348 5585 3444 5640 τοῦ
3490 5586 3760 5659 σωτηρία

607 5721 654 5753 ⁷⁸
688 5721 873 5780 Matth.
907 5741 964 5794 ν.
995 5726 1052 5785 5.
1125 5728 1173 5763 τ’
1209 5726 1398 5786 Matth.
1436 5743 1565 5794 ιιιι,
1604 5729 1786 5795 l6,l7.
1871 5730 1919 5765 ⁸ο
1957 5729 2101 5786 Marc

2204 5747 2235 5800 ν,
2267 5731 2357 5794 59.
2431 5733 2478 5768 ⁸¹
2520 5733 2664 5793 Psal.
2699 5752 2846 5806 uti,
2886 5738 2970 5794 12.
3035 5739 3102 5772 ⁸¹⁶
3138 5739 3280 5797 Psal.
3319 5755 3430 5804 οτι,
3458 5740 3552 5796 43.
