4044 6212
339 323 474 380 L529
1420 326 1874 383 COMMENTARI

1989 329 2033 383 N
2074 329 2410 389 PSALMUS.
3445 336 3578 397 1550

337 450 690 523 μακαρισμοῦ
716 451 1005 523 γενόμενος
1044 449 1211 518 ἄξιος,
1243 451 1308 505 δι’
1335 446 1396 506 οὗ
1431 452 1676 525 εἴρηται·
1705 454 1880 509 Mauri

2007 455 2178 510 fectus
2211 465 2316 519 est,
2343 471 2450 525 qua
2478 455 2680 509 dicitur
2706 475 2718 510 :
2743 455 2896 510 Beati
2918 453 3111 511 mundo
3134 457 3307 523 corde,
3329 457 3578 527 quoniam

330 559 447 610 ριοι
476 545 530 595 οἱ
557 542 799 610 καθαροὶ
843 540 920 609 τῇ
974 541 1206 610 καρδίᾳ,
1259 542 1347 596 ὅτι
1388 542 1559 597 αὐτοὶ
1611 541 1717 597 τὸν
1760 545 1880 598 Θεὸτ

2013 549 2112 616 ipsi
2147 547 2315 602 Deum
2357 547 2596 602 videbunt
2624 548 2692 610 θ’,
2725 549 3062 604 conﬁdenter
3095 549 3240 605 dicat
3273 567 3284 601 :
3318 549 3576 602 Paratum

333 631 608 700 ὄψονται,
637 635 777 686 εἰποι
807 633 872 687 ἂν
911 632 1129 704 Θαρῤὦν
1147 649 1162 663 ·
1201 633 1437 702 Ἑτοίμη
1467 634 1506 702 ή
1531 635 1742 704 καρδία
1763 654 1880 706 μου

2011 657 2102 694 cor
2149 657 2341 704 meum,
2395 641 2551 694 Deus.
2610 639 2878 711 Propheta
2926 643 3089 713 igitur
3133 658 3254 697 cum
3302 659 3397 713 per
3435 644 3574 698 bona

333 724 367 776 ό
400 724 565 790 Θεός.
615 724 672 777 '0
710 725 1003 796 Προφήτης
1035 719 1149 786 οὖν,
1181 723 1249 776 τὰ
1284 723 1412 792 φίλα
1447 724 1540 777 καὶ
1565 727 1800 797 συγγενῆ
1828 728 1880 798 τᾷ

2009 747 2173 802 opera
2203 749 2316 787 rem
2351 731 2576 802 Spiritui
2619 742 2812 786 sancto
2834 740 3042 802 gratam
3071 744 3125 788 et
3156 743 3430 803 acceptam
3456 750 3576 802 per-

333 813 474 885 ἀγίῳ
516 813 794 886 Πνεύματι
823 814 889 868 δι’
928 814 1196 886 ὲναρέτων
1227 813 1404 886 ἔργων
1447 816 1783 883 ἐπιτελέσας,
1827 819 1880 889 et}

2010 822 2251 886 fecisset,
2275 823 2462 877 talium
2499 823 2738 894 largitori
2772 823 2878 878 Deo
2919 831 3239 893 praesentem
3271 826 3572 878 orationem

331 907 588 962 τοιούτων
645 907 830 981 δοτῆρι
865 905 984 978 Θεῷ
1029 907 1128 979 τὴν
1170 906 1536 980 προκειμένην
1574 909 1738 980 εὐχὴν
1776 911 1904 964 ἀνα-

332 1001 560 1070 πέμπει.
590 1001 843 1070 ’ᾼσομαι
877 999 974 1052 καὶ
1016 998 1192 1068 ψαλῶ
1215 999 1286 1052 ἐν
1311 998 1386 1067 τῇ
1410 998 1559 1069 δόξῃ
1581 1018 1702 1069 μου
1723 1018 1738 1032 °
1767 1003 1903 1056 ἀπο-

329 1092 508 1146 λαϐὼν
539 1092 638 1164 τὴν
674 1091 912 1162 ἐμαυτοῦ
944 1091 1122 1158 δόξαν,
1151 1091 1398 1145 τουτέστι
1430 1091 1528 1162 τὴν
1559 1093 1900 1166 προφητικὴν

329 1182 508 1256 χάριν.
548 1183 936 1253 Ἔξεγέρθητι,
963 1185 1002 1252 ἡ
1021 1183 1172 1248 δόξα
1196 1201 1336 1253 μου,
1359 1182 1716 1254 ἐξεγέρθητι,
1745 1188 1900 1254 ψαλ-

327 1275 533 1345 τήριον
548 1275 646 1328 καὶ
673 1275 904 1345 κιθάρα,
926 1274 1389 1344 ἐξεγερθήσομαι
1414 1275 1646 1345 ὄρθρου.
1673 1278 1899 1348 Μήποτε

326 1371 424 1435 τὰς
466 1371 728 1442 δυνάμεις
776 1372 874 1442 τῆς
917 1369 1108 1423 ἐαυτοῦ
1151 1369 1328 1440 ψυχῆς
1371 1370 1466 1424 καὶ
1504 1371 1598 1423 τοῦ
1647 1370 1898 1444 σώματος

323 1461 579 1535 διεγείρει
617 1461 705 1516 διὰ
742 1462 840 1534 τὴν
875 1460 1176 1533 μέλλουσαν
1217 1461 1298 1524 είς
1330 1461 1490 1514 αὐτὸν
1522 1461 1772 1530 γενέσθαι
1801 1463 1896 1516 τοῦ

323 1553 470 1607 θείου
511 1553 826 1624 Πνεύματος
875 1552 1196 1606 ἐπίπνοιαν·
1236 1553 1332 1605 καὶ
1365 1551 1506 1606 κατὰ
1536 1552 1772 1608 διάνοιαν
1799 1555 1895 1625 μὲν

323 1646 771 1716 ἐκλαμϐανόντων
804 1645 960 1716 ἡμῶν
1003 1644 1070 1698 τὰ
1113 1646 1252 1716 μέλη
1295 1645 1388 1699 τοῦ
1418 1643 1667 1716 σώματος
1705 1647 1802 1702 καὶ
1826 1648 1894 1701 τὰ

317 1736 668 1808 αἰσθητήρια,
702 1739 768 1791 δι’
797 1732 872 1792 ὧν
903 1741 930 1792 6
956 1739 1080 1804 νοῦς
1111 1741 1472 1812 ἀνακρούεται
1499 1743 1586 1796 ὅτε
1609 1743 1654 1796 δ’
1681 1742 1747 1796 ἂν
1773 1742 1894 1813 βού-

2006 917 2224 973 emittit.
2255 915 2492 972 Cantabo
2526 928 2576 972 et
2607 918 2836 987 psallam
2880 918 2933 971 in
2982 917 3155 988 gloria
3197 934 3312 971 mea
3345 932 3364 971 :
3397 917 3447 971 id
3469 924 3570 981 est,

2007 1012 2286 1076 assumpta
2328 1007 2500 1078 gloria
2551 1023 2692 1071 mea,
2727 1024 2824 1064 seu
2851 1008 3205 1078 praphetandi
3237 1008 3428 1080 gratia.
3463 1006 3576 1061 Ea:-

2006 1114 2178 1169 surge,
2195 1098 2366 1168 gloria
2398 1114 2794 1170 mea,ea:surge,
2825 1100 3133 1170 psalterium
3151 1110 3200 1155 et
3229 1100 3458 1165 cit/tura,
3481 1115 3570 1154 ex-

2005 1206 2219 1260 surgant
2248 1190 2504 1246 diluculo.
2538 1189 2676 1246 Num
2704 1191 2842 1248 forte
2880 1191 3076 1246 animae
3105 1192 3458 1263 corporisque
3485 1192 3571 1246 sui

2005 1281 2150 1338 vires
2193 1282 2394 1337 excitat
2437 1283 2507 1338 ob
2560 1283 2917 1338 adventuram
2957 1285 3061 1353 ipsi
3103 1283 3342 1354 Spiritus
3397 1285 3569 1340 sancti

2006 1373 2460 1444 inspirationem;
2495 1375 2568 1429 ita
2600 1385 2661 1429 ut
2698 1390 2798 1432 nos
2837 1375 3108 1447 spirituali
3154 1392 3302 1432 more
3330 1377 3571 1432 membra

2003 1465 2250 1535 corporis
2279 1472 2332 1520 ct
2365 1481 2560 1521 sensus
2592 1465 2952 1537 excipiamus,
2982 1467 3183 1538 quibus
3210 1483 3367 1524 mens
3393 1483 3570 1537 quan-

2002 1558 2289 1628 docunque
2321 1557 2554 1612 voluerit
2580 1558 2868 1626 pulsatur;
2903 1559 3216 1630 psalterium
3242 1574 3372 1615 vero
3396 1559 3570 1628 expli-

2002 1665 2190 1706 cemus
2222 1650 2574 1720 incorporeas
2601 1657 2654 1705 et
2686 1652 3043 1707 rationabiles
3083 1651 3278 1705 anima:
3318 1651 3567 1714 virtutes,

2001 1758 2138 1814 quas
2169 1743 2233 1798 ad
2260 1741 2498 1813 Spiritus
2525 1744 2926 1814 susceptionem
2966 1759 3278 1817 prteparans
3303 1743 3379 1798 ait
3405 1761 3421 1799 :
3455 1741 3569 1796 Ea:-

321 1828 506 1898 ληται·
540 1829 834 1902 ψαλτήριον
866 1830 922 1883 δὲ
949 1831 1048 1895 τὰς
1074 1832 1398 1903 ἀσωμάτους
1423 1833 1518 1887 καὶ
1549 1833 1772 1903 λογικὰς
1796 1833 1880 1904 τῆς

1995 1849 2167 1903 surge,
2197 1833 2506 1902 psalterium
2534 1843 2585 1888 et
2617 1833 2846 1887 cithara.

315 1919 497 1990 ψυχῆς
539 1919 816 1990 δυνάμεις,
854 1921 920 1985 ἃς
959 1921 1022 1994 δὴ
1065 1923 1495 1994 παρασκευάζων
1533 1925 1614 1989 εἰς
1659 1925 1759 1996 τὴν
1803 1924 1896 1978 τοῦ
1949 1924 2264 1997 Πνεύματος
2301 1926 2568 1998 ὑποδοχήν
2610 1943 2802 1997 φησιν’
2869 1925 3262 1996 Ἐξετέρθητι,
3331 1922 3567 1994 ψαλτή-

313 2029 449 2082 ριον
475 2012 576 2066 καὶ
602 2012 834 2082 κιθάρα.

397 2109 691 2177 ’Υψιώθητι
735 2107 834 2162 ἐπὶ
871 2109 1013 2175 τοὺς
1051 2111 1367 2179 οὐρανοὺς,
1396 2114 1430 2167 ό
1469 2113 1632 2180 Θεὸς,
1662 2113 1759 2168 καὶ
1788 2113 1888 2167 ἐπὶ

314 2199 522 2255 πᾶσαν
546 2200 660 2269 τὴν
683 2200 802 2270 γῆν
826 2202 864 2270 ἡ
888 2202 1038 2268 δόξα
1063 2218 1201 2270 σου,
1228 2203 1387 2270 ὅπως
1408 2204 1486 2259 ἂν
1501 2202 1814 2273 ρυσθῶσιν
1833 2208 1888 2260 ol

310 2291 607 2363 ἀγαπητοί
637 2308 774 2347 σου.
803 2293 1013 2348 Σῶσον
1039 2294 1113 2363 τῇ
1140 2293 1309 2362 δεξιᾷ
1339 2310 1478 2355 σου.
1505 2295 1603 2350 καὶ
1633 2295 1889 2350 ἐπάκου-

311 2385 430 2438 σόν
458 2401 597 2455 μου.
642 2385 696 2437 '0
744 2383 888 2451 Θεὸς
928 2383 1238 2452 ἐλάλησεν
1277 2385 1347 2438 ἐν
1375 2383 1456 2450 τῷ
1484 2385 1631 2454 ἁγίῳ
1659 2385 1845 2440 αὐτοῦ
1867 2403 1882 2418 ο

324 2475 750 2545 ’Υψωθήσομαι
789 2474 887 2528 καὶ
915 2474 1190 2545 διαμεριῶ
1219 2477 1453 2546 Σίκιμα,
1488 2477 1589 2530 καὶ
1615 2476 1730 2546 τὴν
1759 2495 1887 2532 κοι-

309 2566 469 2621 λάδα
498 2566 617 2620 τῶν
653 2567 901 2633 σκηνῶν·
941 2567 1330 2637 διαμετρήσω.
1369 2568 1616 2622 ’ἰκετεύω
1652 2570 1742 2623 καὶ
1770 2569 1887 2624 δέο-

315 2676 413 2730 μαι
454 2659 618 2731 τάχος
650 2660 930 2730 ἐπιστῆναι
959 2661 1059 2732 τὴν
1089 2662 1268 2732 χάριν,
1309 2663 1405 2715 καὶ
1442 2662 1502 2714 σὲ
1543 2662 1634 2716 τὸν
1662 2662 1884 2733 ὕψιστον

307 2752 442 2805 Θεὸν
461 2753 552 2807 τὸν
576 2754 636 2807 ἐν
670 2754 782 2816 τοῖς
806 2752 1053 2825 οὐρανοῖς
1077 2753 1412 2825 ὑμνούμενον
1437 2754 1766 2826 γνωσθῆναι,
1792 2757 1885 2810 καὶ

307 2845 407 2916 τὴν
449 2844 648 2898 σαυτοῦ
685 2843 841 2910 δόξαν
885 2844 1125 2917 φανερὰν
1171 2846 1392 2918 ποιῆσαι
1439 2848 1532 2901 ἐπὶ
1573 2849 1752 2901 πᾶσαν
1783 2847 1883 2920 τὴν

306 2937 429 3008 γῆν.
462 2936 663 2991 Τούτου
692 2937 800 3009 γὰρ
836 2938 1150 3010 γενομένου.
1193 2938 1552 3011 ῥυσοήσονται
1583 2941 1632 2994 οἱ
1666 2941 1883 3012 ἀγαπη-

304 3030 389 3083 τοί
418 3047 512 3084 σου
540 3031 646 3084 ἀπὸ
671 3030 769 3102 τῆς
795 3033 998 3103 πικρᾶς
1025 3031 1270 3096 δουλείας
1297 3032 1391 3086 καὶ
1417 3032 1790 3104 αἰχμαλωσίας
1815 3036 1881 3106 ἢν

306 3118 637 3172 πεπόνθασιν
682 3121 985 3194 ὑποχείριοι
1026 3123 1330 3194 γενόμενοι.
1371 3122 1581 3176 Σῶσον
1606 3120 1682 3192 τῇ
1712 3121 1882 3191 δεξιᾷ

302 3226 442 3274 σου,
474 3210 571 3264 καὶ
600 3212 1096 3284 ἐπάκουσόνμου.
1137 3215 1198 3268 '0
1216 3215 1360 3281 Θεὸς
1379 3214 1686 3283 ἐλάλησεν
1710 3215 1779 3269 ἐν
1801 3214 1880 3281 τῷ

303 3301 448 3369 ἁγιῳ
496 3303 702 3358 αὐτοῦ.
733 3302 828 3366 Τίς
853 3298 922 3374 ἦν
966 3305 996 3357 6
1033 3304 1188 3373 ἅγιος
1235 3304 1467 3376 αύτοῦἢ
1513 3306 1541 3358 6
1585 3303 1879 3378 μονογενὴς

2065 2109 2230 2167 Vens.
2267 2109 2300 2164 6
2324 2139 2343 2151 -
2364 2109 2419 2165 8.
2449 2108 2707 2164 Exaltare
2736 2125 2891 2179 super
2923 2108 3098 2170 caelos,
3132 2107 3293 2172 Deus,
3332 2119 3382 2163 et
3411 2125 3568 2179 super

1993 2220 2196 2258 omnem
2233 2212 2428 2258 terram
2456 2202 2631 2273 gloria
2675 2212 2789 2266 tua,
2820 2213 2878 2256 ut
2918 2201 3204 2256 liberentur
3235 2201 3417 2257 dilecti
3464 2207 3562 2260 tui.

1993 2297 2210 2352 Salvum
2237 2296 2323 2365 {ac
2349 2295 2565 2350 dextera
2593 2306 2704 2358 tua,
2735 2304 2786 2350 et
2821 2295 3015 2350 exaudi
3045 2311 3142 2350 me.
3187 2294 3326 2350 Deus
3357 2296 3564 2352 locutus

1990 2401 2068 2446 est
2096 2392 2149 2444 in
2179 2399 2360 2444 sancto
2391 2405 2486 2443 suo
2511 2403 2529 2441 :
2564 2387 2855 2442 Exaltabor
2888 2397 2936 2441 et
2965 2386 3198 2441 dividam
3231 2387 3485 2452 Sicltima,
3513 2398 3564 2444 et

1991 2483 2277 2539 convallem
2301 2480 2762 2535 tabernaculorum
2787 2479 3054 2534 dimetiar.
3079 2478 3320 2533 Obsecro
3351 2495 3565 2550 precor-

1990 2591 2115 2646 que,
2147 2576 2257 2628 cito
2285 2570 2478 2627 adesse
2507 2570 2758 2641 gratiam,
2791 2585 2898 2639 qua
2923 2577 2974 2622 te
3022 2567 3348 2624 altissimum
3392 2568 3560 2623 Deum

1991 2662 2046 2718 in
2092 2661 2248 2718 cmlis
2293 2659 2624 2715 celebratum
2660 2673 2972 2721 noscamus,
3007 2665 3062 2712 et
3107 2656 3278 2727 gloria
3327 2666 3417 2712 tua
3465 2673 3562 2728 per

1988 2767 2200 2808 onmem
2233 2761 2432 2806 terram
2475 2748 2761 2803 manifesta
2789 2747 3068 2803 reddatur.
3105 2747 3219 2802 lloc
3242 2747 3387 2804 enim
3423 2763 3562 2818 per—

1989 2854 2134 2912 acto,
2157 2844 2342 2900 dilecti
2374 2843 2454 2897 tui
2487 2857 2518 2896 a
2549 2840 2686 2896 dura
2723 2841 2985 2896 servitute
3016 2849 3278 2896 eruentur
3317 2849 3372 2895 et
3401 2856 3433 2896 a
3466 2855 3561 2896 ca-

1988 2937 2228 3008 ptivitate
2248 2951 2353 3006 qua
2371 2934 2581 2990 subacti
2599 2941 2653 2990 et
2671 2933 2851 2988 amicti
2875 2940 3022 2990 sunt.
3042 2932 3259 2987 Salvum
3279 2932 3366 3002 {ac
3383 2931 3560 2987 dexte-

1987 3046 2050 3083 ra
2090 3040 2202 3090 tua,
2226 3037 2276 3082 et
2301 3024 2496 3082 exaudi
2528 3042 2628 3080 me.
2659 3024 2795 3080 Deus
2825 3025 3028 3079 locutus
3057 3034 3134 3080 est
3156 3025 3209 3079 in
3230 3034 3412 3080 sancto
3438 3041 3555 3080 suo.

1985 3120 2120 3188 Quis
2167 3127 2286 3175 erat
2326 3127 2550 3175 sanctus
2597 3116 2689 3172 Dei
2733 3116 2838 3171 nisi
2882 3115 3054 3172 Filius
3094 3117 3430 3187 unigenitus,
3462 3117 3557 3187 qui

1984 3228 2110 3270 vere
2138 3218 2363 3267 sanctus
2393 3217 2446 3267 et
2479 3209 2712 3264 dilectus
2749 3215 2834 3264 est
2871 3227 2882 3262 :
2917 3224 3011 3277 per
3043 3223 3203 3278 quem
3234 3205 3377 3263 Deus
3422 3207 3556 3276 ipsis

1985 3303 2054 3358 ad
2083 3286 2452 3374 supradictam
2483 3299 2806 3365 orationem,
2834 3314 2954 3367 qua:
2979 3297 3058 3352 sic
3082 3297 3242 3353 habet
3265 3315 3278 3351 :
3299 3295 3556 3352 Exaltare

304 3392 459 3458 Παῖς,
494 3395 522 3447 6
563 3392 638 3447 ὢν
683 3394 896 3466 ἀληθῶς
936 3395 1091 3464 ἅγιος
1127 3396 1220 3449 καὶ
1250 3397 1550 3467 ἀγαπητὸς,
1582 3397 1650 3451 δι’
1688 3391 1749 3450 οὗ
1772 3398 1873 3468 τὴν

1985 3411 2128 3464 super
2157 3394 2333 3458 cmlos,
2369 3391 2533 3458 Deus,
2575 3390 2884 3462 respondet,
2927 3389 3262 3454 Ea'altabor;
3307 3389 3377 3444 ad
3420 3389 3556 3445 illud

300 3485 592 3558 ἀπόκρισιν
620 3487 913 3558 ἐποιήσατο
935 3487 1071 3561 πρὸς
1097 3488 1195 3560 τὴν
1215 3489 1568 3545 ἀποδοθεῖσαν
1595 3491 1759 3563 εὐχὴν
1780 3492 1878 3545 αύ-

299 3580 412 3642 τοῖς
442 3580 470 3632 6
497 3578 660 3643 Θεός·
693 3580 830 3651 πρὸς
861 3581 958 3652 μὲν
993 3578 1087 3634 οὖν
1128 3581 1227 3652 τὴν
1269 3582 1432 3654 εὐχὴν
1469 3583 1567 3654 τὴν
1593 3585 1872 3654 φήσασαν·

311 3669 606 3740 ’Υψώθητι
631 3671 731 3725 ἐπὶ
751 3673 893 3740 τοὺς
925 3672 1242 3740 οὐρανοὺς,
1274 3675 1307 3726 ό
1337 3673 1503 3740 θεὸς,
1525 3674 1878 3744 ἀποκρίνεται

298 3761 491 3830 λέγων,
531 3761 973 3832 ’Υψωθήσομαμ
1006 3762 1144 3834 πρὸς
1169 3762 1227 3815 δὲ
1269 3763 1329 3816 τό
1347 3779 1361 3793 ·
1396 3765 1504 3817 Καὶ
1539 3764 1636 3818 ἐπὶ
1672 3764 1878 3821 πᾶσαν

299 3852 415 3922 τὴν
452 3852 570 3923 γῆν
611 3856 650 3922 η
693 3853 842 3918 δόξα
877 3869 1014 3918 σου,
1048 3853 1208 3908 πάλιν
1246 3854 1596 3925 ἀποκρίνεται
1637 3855 1706 3909 τὰ
1747 3858 1877 3911 ἀκό-

297 3942 462 3995 λουθα
489 3942 596 3996 ἀπὸ
636 3941 750 4007 τοῦ,
792 3941 1206 4011 Ὑψωθήσομαι
1228 3942 1327 3994 καὶ
1351 3941 1624 4011 διαμεριῶ
1643 3944 1875 4013 Σίκιμα,

299 4035 397 4088 καὶ
421 4032 535 4101 τὴν
563 4033 811 4086 κοιλάδα
830 4032 948 4088 τῶν
970 4032 1218 4103 σκηνῶν
1241 4033 1634 4104 διαμετρήσω.
1661 4035 1875 4107 Ταύτην

297 4123 497 4187 τοίνυν,
532 4121 686 4194 φησὶ,
720 4123 818 4192 τὴν
860 4124 1100 4189 κοιλάδα,
1128 4124 1376 4178 τουτέστι
1403 4126 1585 4178 πᾶσαν
1627 4123 1726 4196 τὴν
1765 4125 1873 4180 τῶν

298 4213 598 4288 ἀνθρώπων
617 4215 764 4267 οἱκου
772 4215 957 4287 μένην,
975 4218 1054 4279 εἰς
1077 4216 1281 4304 σκηνας
1301 4216 1666 4288 διαμετρήσω,
1686 4217 1874 4290 ὥσπερ

1978 3505 2106 3545 vero
2140 3509 2153 3544 :
2189 3488 2254 3542 Et
2299 3503 2452 3556 super
2493 3502 2696 3540 omnem
2750 3495 2945 3540 terram
2991 3485 3164 3557 gloria
3201 3493 3314 3548 tua,
3361 3499 3556 3540 rursus

1979 3589 2344 3652 congruenter
2385 3579 2599 3650 reponit
2641 3579 2710 3634 ab
2758 3578 2844 3632 his
2876 3578 3058 3633 verbis
3111 3597 3125 3633 :
3172 3577 3468 3632 Exaltabsr
3503 3585 3554 3631 et

1979 3673 2210 3728 dividant
2241 3671 2496 3734 Sicltima,
2520 3680 2570 3725 et
2591 3670 2874 3724 convallem
2903 3668 3361 3724 tabernaculorum
3390 3668 3554 3723 dime-

1979 3768 2105 3821 tiar.
2146 3764 2318 3828 Hanc,
2351 3765 2548 3836 inquit,
2577 3763 2901 3830 convallem,
2927 3762 2980 3817 id
3005 3769 3091 3818 est
3119 3762 3431 3818 universum
3462 3777 3552 3816 or-

1981 3858 2126 3921 bem,
2161 3856 2214 3910 in
2249 3857 2605 3912 tabernacula
2661 3855 2934 3919 dimetiar,
2989 3855 3145 3925 quasi
3198 3854 3315 3908 loca
3361 3868 3552 3909 eorum

1983 3948 2212 4005 metiens
2235 3956 2289 4004 et
2317 3948 2668 4013 describens;
2699 3947 2935 4002 dividam
2987 3945 3042 4000 in
3069 3946 3420 4001 tabernacula
3458 3961 3552 4016 per

1981 4042 2226 4112 singulas
2252 4041 2522 4106 civitates,
2552 4049 2606 4096 et
2645 4039 2900 4110 regiones
2923 4046 2975 4094 et
2999 4039 3150 4094 vicos
3179 4052 3280 4094 :ac
3307 4053 3548 4102 rursum,

1979 4131 2330 4187 tabernacula
2377 4132 2509 4186 mihi
2555 4131 2870 4199 dimetiens,
2917 4146 2982 4186 ac
3039 4146 3136 4200 per
3188 4130 3306 4184 loca
3358 4129 3549 4186 distri-

1979 4221 2184 4290 buens;
2222 4223 2274 4278 id
2300 4232 2385 4279 est
2413 4224 2697 4279 universas
2728 4239 2824 4293 per
2862 4223 3050 4278 orbem
3081 4222 3373 4278 Ecclesias.

297 4305 665 4378 xwpotsespt‘ov
707 4306 802 4359 καὶ
844 4307 1211 4379 καταγράφων
1260 4307 1486 4372 αύτούς·
1527 4309 1874 4382 διαμετρήσω
1905 4314 1985 4378 εἰς
2015 4315 2218 4386 σκηνὰς
2245 4315 2389 4368 κατὰ
2419 4316 2596 4368 πᾶσαν
2618 4314 2791 4379 πόλιν,
2818 4316 2912 4368 καὶ
2959 4314 3142 4385 χώραν
3185 4315 3280 4368 καὶ
3321 4312 3545 4384 κώμην·

297 4402 390 4457 καὶ
424 4402 607 4467 πάλιν,
657 4400 860 4472 σκηνὰς
895 4402 1117 4473 ἐμαυτῷ
1153 4404 1458 4474 διαμετρῶν
1501 4406 1594 4459 καὶ
1624 4409 2007 4481 χωρομετρῶν,
2032 4411 2278 4464 τουτέστι
2304 4410 2405 4474 τὰς
2431 4408 2740 4479 ἅπανταχοῦ
2776 4409 3121 4479 Ἐκκλησίας.

379 4521 554 4590 Ἔμός
583 4522 714 4575 ἐστι
734 4519 1003 4585 Γαλαὰδ,
1035 4523 1132 4576 καὶ
1161 4522 1303 4592 ἐμός
1339 4525 1468 4578 ἐστι
1500 4527 1870 4596 Μανασσῆς.

2053 4530 2218 4586 Vens.
2263 4532 2318 4595 9,
2359 4531 2448 4586 10.
2483 4529 2632 4586 Meus
2661 4539 2738 4584 est
2774 4527 3001 4592 Galaad,
3037 4538 3085 4581 et
3131 4544 3276 4581 meus
3308 4537 3386 4582 est
3425 4524 3546 4580 Ma-

292 4612 392 4666 xal
436 4611 678 4682 Ἐφραὶμ
719 4612 1047 4681 ἀντίληψις
1085 4611 1195 4681 τῆς
1239 4617 1509 4687 κεφαλῆς
1548 4638 1690 4690 μου.
1732 4621 1868 4676 Ἰού-

289 4704 399 4771 δας
455 4705 761 4771 βασιλεύς,
812 4722 963 4774 μου.
1015 4707 1198 4761 Μωὰϐ
1243 4707 1424 4776 λέϐης
1471 4709 1579 4779 τῆς
1623 4714 1871 4782 ἐλπίδος

284 4813 423 4864 μου.
470 4797 684 4866 Ἐπειδὴ
727 4796 964 4869 Ἐφραῖμ
995 4800 1091 4851 καὶ
1119 4799 1415 4872 Μανασσῆς
1449 4803 1554 4856 υἱοὶ
1583 4806 1868 4875 γεγόνασιν

302 4887 518 4959 Ἰωσὴφ,
557 4889 820 4959 κατέσχον
861 4889 919 4943 δὲ
959 4890 1009 4942 οἱ
1058 4891 1123 4944 ἐκ
1163 4891 1367 4945 τούτων
1396 4893 1496 4964 τὴν
1528 4897 1865 4972 καλουμένην

287 4978 472 5052 χώραν
502 4980 734 5045 Γαλαὰδ,
786 4981 881 5034 καὶ
922 4982 1021 5055 τὴν
1057 4985 1239 5056 Συχὲμ
1271 4986 1363 5039 καὶ
1395 4988 1496 5059 τὴν
1528 4989 1865 5064 Σαμάρειαν,

288 5069 416 5124 ἔνθα
434 5071 495 5124 τὸ
520 5071 786 5142 βασίλειον
809 5077 1149 5149 συνειστήκει
1177 5076 1269 5131 τοῦ
1317 5077 1532 5152 Ἰσραήλ
1551 5097 1566 5111 ’
1597 5083 1686 5136 διὰ
1707 5083 1866 5140 τοῦτο

285 5162 479 5216 ἑαυτοῦ
510 5181 672 5236 φησιν
706 5161 843 5222 εἶναι
877 5168 969 5222 καὶ
994 5169 1235 5236 τούτους,
1272 5172 1363 5227 τὸν
1389 5172 1447 5226 δὲ
1477 5172 1715 5246 Ἐφραῒμ
1745 5181 1864 5231 κατ’

285 5255 563 5327 ἐξαίρετον
585 5258 673 5313 διὰ
699 5258 798 5332 τὴν
819 5261 878 5328 ἐξ
911 5261 1074 5316 αὐτοῦ
1104 5266 1379 5319 συστᾶσαν
1406 5265 1704 5336 βασιλείαν,
1736 5287 1865 5339 κρα-

283 5344 506 5399 ταίωσιν
537 5349 792 5421 ὀνομάζει
818 5353 918 5424 τῆς
957 5355 1197 5427 κεφαλῆς
1226 5357 1441 5413 ἑαυτοῦ.
1497 5358 1726 5428 Ἰούδας
1747 5363 1864 5426 βα-

279 5437 496 5504 σιλεύς
523 5457 664 5509 μου,
703 5445 874 5496 Μοάϐ
904 5443 1088 5513 λέϐης
1137 5445 1247 5516 τῆς
1288 5449 1535 5518 ἐλπίδος
1569 5470 1708 5521 μου.
1758 5454 1862 5508 Τὸν

290 5526 492 5582 Ἰούδαν
537 5530 760 5601 βασιλέα
789 5535 980 5590 ἑαυτοῦ
1021 5533 1178 5602 εἶναι,
1211 5539 1378 5609 λέγει.
1409 5543 1679 5615 Πρόδηλον
1703 5545 1760 5598 δὲ
1782 5545 1862 5599 ὅτι

281 5620 422 5675 κατὰ
447 5621 538 5678 τὸν
579 5625 902 5684 ’Λπόστολον
934 5632 992 5700 ἐξ
1038 5634 1207 5688 Ἰούδα
1232 5635 1594 5692 ἀνατέταλκεν
1616 5639 1644 5691 6
1670 5637 1858 5712 Σωτὴρ

353 5779 400 5812 ⁸⁸
441 5780 630 5838 Matth.
672 5803 721 5849 v,
758 5783 810 5842 8.

1977 4639 2156 4678 nasses
2182 4640 2200 4677 :
2226 4632 2275 4677 et
2301 4622 2556 4692 Ephraim
2582 4623 2840 4691 susceptio
2867 4621 3057 4690 capitis
3098 4620 3217 4675 mei.
3259 4619 3289 4672 J
3299 4619 3408 4672 uda
3454 4635 3546 4673 rex

1977 4731 2142 4779 meus,
2183 4713 2342 4769 Moab
2396 4714 2530 4769 lebes
2575 4713 2684 4783 spei
2725 4728 2871 4767 mete.
2900 4709 3168 4777 Quoniam
3209 4708 3462 4780 Epliraim
3491 4717 3545 4765 et

1977 4807 2256 4864 Manasses
2287 4808 2380 4862 lilii
2431 4806 2635 4876 Joseph
2687 4805 2959 4867 feruntur,
3007 4817 3307 4873 eorumque
3341 4804 3544 4873 posteri

1973 4901 2272 4972 regionem,
2319 4915 2440 4969 quas
2481 4898 2684 4954 Galaad
2733 4897 3051 4956 vocabatur,
3098 4905 3457 4965 occuparunt,
3493 4903 3546 4950 et

1974 4991 2205 5064 Sychem
2240 4999 2294 5049 et
2321 4991 2645 5056 Samariam,
2674 4989 2764 5045 ubi
2808 4990 2954 5062 regia
2987 4987 3202 5044 lsraelis
3244 4997 3392 5048 erat:
3422 4987 3545 5042 ideo

1971 5086 2094 5140 illos
2131 5101 2262 5140 suos
2303 5100 2425 5141 esse
2453 5083 2607 5148 dicit,
2637 5095 2702 5136 ac
2741 5080 2997 5152 Ephraim
3034 5079 3162 5150 quia
3194 5094 3258 5134 ex
3304 5078 3426 5149 ipso
3459 5093 3544 5131 re-

1969 5192 2134 5248 gnum
2158 5176 2469 5240 constabat,
2499 5173 2873 5229 fortitudinem
2898 5173 3094 5243 capitis
3117 5173 3202 5228 sui
3238 5187 3336 5244 per
3361 5167 3539 5225 excel-

1971 5269 2189 5323 lentiam
2219 5275 2397 5322 vocat.
2423 5265 2570 5321 Iuda
2594 5281 2685 5321 rea:
2710 5282 2874 5333 meus,
2905 5264 3064 5321 Moab
3090 5265 3225 5321 lebes
3253 5264 3360 5333 spei
3387 5277 3535 5315 meat.

1967 5358 2161 5414 Iudam
2203 5374 2382 5430 regem
2414 5373 2534 5415 esse
2563 5374 2721 5414 suum
2753 5358 2905 5415 dicit.
2970 5357 3312 5412 Manifestum
3353 5360 3534 5408 autem

1967 5462 2051 5509 est
2081 5453 2376 5509 secundum
2411 5451 2752 5522 Apostolum,
2800 5450 3135 5506 Salvatorem
3163 5455 3217 5502 et
3245 5444 3537 5500 Dominum

1968 5554 2214 5601 nostrum
2252 5544 2436 5600 Jesum
2468 5544 2745 5600 Christum
2783 5551 3032 5600 exortum
3062 5554 3186 5596 esse
3217 5554 3284 5594 ex
3309 5535 3470 5605 Juda,
3501 5556 3532 5596 τι

1967 5654 2075 5708 quo
2126 5637 2332 5708 regium
2382 5654 2555 5710 genus
2612 5638 2969 5694 constitutum
3002 5640 3106 5691 est.
3158 5636 3217 5688 In
3262 5632 3350 5691 his
3401 5633 3528 5692 item
