4044 6212
487 327 618 382 1551
1103 329 1373 386 EUSEBII
1412 325 1892 385 CAESARIENSIS
1927 323 2078 379 OPP.
2123 319 2301 375 PARS
2340 317 2426 375 111.
2455 350 2524 360 -
2566 313 2975 373 EXECETICA.

3602 308 3752 364 1532

487 460 667 499 sermo
696 444 948 517 Ephraim
977 458 1029 502 et
1052 444 1247 503 Judam
1279 458 1555 515 recenset;
1595 447 1852 519 quoniam
1884 454 2055 503 totum

2174 443 2253 496 ιαὶ
2283 440 2484 513 Κύριος
2520 438 2674 511 ἡμῶν
2718 436 2925 509 Ἰησοῦς
2950 436 3203 506 Χριστὸς,
3235 432 3294 500 ἐξ
3324 425 3657 501 οὖσυνέστη
3685 429 3752 485 τὸ

486 536 795 592 Ιιιάίεοιιιιη
829 554 999 608 genus
1045 539 1173 593 olim
1228 540 1285 594 in
1310 540 1418 595 duo
1473 556 1637 611 regna
1687 539 2060 603 dividebatur;

487 630 792 685 vaticinans
836 646 946 686 non
990 631 1134 686 ultra
1191 631 1430 687 futuram
1480 630 1793 701 hujusmodi
1842 629 2065 684 divisio-

487 736 612 779 nem
658 737 802 785 esse,
844 722 938 779 sed
990 724 1159 780 totius
1214 724 1391 795 gentis
1445 725 1906 792 conjunctionem.
1942 721 2066 778 Haec

488 829 654 883 porro
683 815 954 885 completa
985 826 1115 872 sunt
1148 817 1204 870 in
1237 815 1475 871 adventu
1517 815 1731 871 Domini
1774 825 1827 870 et
1872 814 2065 870 Serva-

488 908 627 965 toris
653 910 827 965 nostri
864 908 996 966 Jesu
1039 909 1266 966 Christi.
1314 911 1392 965 Eo
1427 911 1626 982 quippe
1671 918 1913 980 tempore
1945 909 2068 963 uni-

489 1018 647 1058 versa
694 1019 830 1074 gens
881 1000 1196 1060 Iudaeorum
1248 1006 1304 1060 in
1348 1020 1517 1058 unum
1579 1004 1833 1067 redacta,
1890 1015 2067 1072 neque

491 1096 634 1150 ultra
689 1096 744 1150 in
808 1112 972 1167 regna
1027 1096 1136 1152 duo
1175 1097 1351 1152 divisa
1398 1097 1518 1151 fuit.
1569 1098 1910 1166 Quapropter
1950 1092 2067 1163 pari

491 1184 703 1240 ratione
750 1184 1006 1240 Senator
1037 1186 1387 1258 Evangelium
1436 1188 1588 1257 regni
1644 1186 1969 1258 praedicabat
2013 1191 2068 1239 et

491 1279 545 1331 in
591 1293 781 1335 omnes
810 1279 993 1334 tribus
1044 1295 1231 1335 eorum
1284 1282 1581 1352 discipulos
1624 1281 1872 1335 mittebat
1914 1294 2065 1334 suos.

490 1368 636 1424 Iuda
665 1385 756 1424 rex
793 1388 958 1435 meus,
988 1370 1147 1425 Moab
1169 1372 1303 1427 lebes
1339 1375 1448 1441 spei
1477 1389 1623 1427 mete.
1659 1372 1793 1427 Cum
1819 1372 2068 1442 hivporro

492 1463 687 1533 inquit,
709 1463 774 1532 in
808 1464 1001 1534 primis
1027 1474 1080 1519 et
1107 1466 1159 1520 in
1186 1467 1456 1537 principio
1485 1466 1784 1520 vocationis
1827 1463 2065 1534 suscepti

495 1553 733 1620 l'uerint;
786 1569 894 1608 non
956 1562 1134 1609 tamen
1193 1556 1506 1626 alienigena
1554 1556 1630 1609 illi
1660 1555 1874 1625 pejores
1916 1568 1947 1607 a
1980 1570 2066 1609 me

495 1648 658 1703 alieni
687 1656 882 1716 erunt;
916 1650 1010 1703 sed
1045 1652 1209 1703 etiam
1235 1650 1410 1718 ipsum
1443 1648 1617 1713 Moab,
1648 1650 1739 1703 cui
1768 1649 1898 1702 olim
1927 1650 2066 1704 veti-

494 1746 611 1792 tmn
665 1738 733 1793 ad
783 1737 1081 1815 Ecclesiam
1130 1739 1342 1794 Domini
1384 1739 1666 1803 accedere,
1704 1739 1986 1793 admittam
2016 1747 2070 1794 et

2171 533 2439 606 βασίλειον
2472 531 2646 600 γένος.
2695 529 2924 597 Συνάγει
2955 528 3013 581 δὲ
3048 529 3106 580 ὲν
3138 527 3350 588 τούτοις
3390 526 3419 578 6
3448 523 3609 590 λόγος
3654 522 3751 575 τὸν

2178 624 2415 698 Ἐφραῒμ
2431 624 2630 678 καὶτὸν
2657 621 2875 684 Ἰούδαν,
2890 618 3078 690 ἐπειδὴ
3091 618 3154 671 τὸ
3169 616 3394 671 παλαιὸν
3421 615 3666 689 διῃρεῖτο
3688 616 3752 667 τὸ

2167 720 2276 772 πᾶν
2315 716 2582 771 Ἰουδαίων
2615 713 2767 778 ἔθνος
2808 715 2888 777 εἰς
2917 711 3011 764 δύο
3058 709 3353 781 βασιλείας,
3384 706 3750 779 προφητεύων

2171 809 2367 882 μηκέτι
2417 806 2633 861 ἔσεσθαι
2672 804 2768 877 τὴν
2811 803 3090 857 διάστασιν
3118 800 3344 870 ταύτην,
3388 797 3502 852 ἀλλ’
3551 797 3750 851 ἕνωσιν

2166 901 2260 955 τοῦ
2292 901 2492 962 παντὸς
2526 897 2730 960 ἔθνους.
2776 892 3110 966 Ἐπληροῦτο
3156 892 3213 945 δὲ
3249 890 3345 945 καὶ
3388 890 3561 944 ταῦτα
3604 888 3750 941 κατὰ

2167 993 2264 1065 τὴν
2292 991 2614 1059 ἐπιφάνειαν
2639 986 2733 1041 τοῦ
2758 987 2962 1057 Κυρίου
2989 986 3081 1039 καὶ¹
3100 984 3350 1054 Σωτῆρος
3379 981 3536 1053 ἡμῶν
3569 979 3750 1051 Ἰησοῦ

2167 1083 2423 1156 Χριστοῦ.
2464 1083 2676 1135 ’Ἡνωτο
2697 1079 2825 1150 γοῦν
2847 1080 2964 1132 κατ’
2989 1076 3226 1140 ἐκείνους
3261 1075 3387 1139 τοὺς
3422 1074 3648 1146 χρόνους
3688 1074 3752 1127 τὸ

2168 1179 2277 1232 πᾶν
2316 1176 2469 1240 ἔθνος
2517 1175 2623 1229 τῶν
2667 1172 2957 1235 Ἰουδαίων,
3001 1170 3181 1224 οὐκέτι
3228 1170 3294 1222 ὲκ
3335 1167 3429 1221 δύο
3461 1165 3751 1238 βασιλειῶν

2166 1268 2528 1343 διῃρημένων.
2565 1267 2657 1320 Διὸ
2703 1265 2798 1319 καὶ
2824 1264 3025 1335 ὁμοίως
3050 1263 3348 1334 ἐκήρυττεν
3386 1262 3415 1313 ὁ
3455 1259 3645 1332 Σωτὴρ
3685 1259 3754 1313 τὸ

2168 1360 2498 1429 Εὐαγγέλιον
2529 1359 2627 1430 τῆς
2658 1356 2953 1428 βασιλείας,
2993 1353 3087 1407 καὶ
3116 1355 3195 1416 εἰς
3230 1352 3408 1415 πάσας
3431 1351 3525 1415 τὰς
3562 1349 3752 1420 φυλὰς

2169 1453 2349 1508 αὐτῶν
2377 1453 2504 1516 τοὺς
2538 1448 2735 1505 ἑαυτοῦ
2773 1446 3019 1521 μαθητὰς
3056 1444 3457 1511 ἐξαπέστειλεν.
3510 1442 3751 1509 Ἰούδας

2132 1547 2463 1612 ,βασιλεύς
2506 1563 2654 1614 μου,
2701 1542 2882 1597 Μωὰϐ
2927 1539 3111 1606 λέϐης
3174 1537 3288 1607 τῆς
3325 1535 3569 1601 ἐλπίδος
3599 1552 3747 1604 μου.

2169 1639 2387 1693 Τούτων
2415 1640 2492 1704 δὲ,
2518 1639 2704 1710 φησὶν,
2732 1638 2790 1690 ὲν
2817 1633 3052 1706 πρώτοις
3088 1632 3183 1686 καὶ
3212 1632 3270 1685 ὲν
3313 1631 3455 1701 ἀρχῇ
3488 1629 3585 1700 τῆς
3609 1628 3752 1699 κλή-

2172 1750 2310 1797 σεως
2364 1729 2938 1804 παραλαμϐανομένων
2956 1769 2971 1793 ,
3019 1726 3139 1781 οὐδὲ
3179 1726 3228 1778 οἱ
3274 1723 3381 1776 τῶν
3433 1720 3754 1791 ἀλλοφύλων

489 1830 792 1901 excipiam:
851 1830 903 1885 id
963 1813 1108 1888 enim
1160 1847 1341 1901 spero.
1370 1829 1526 1883 Moab
1573 1830 1705 1885 lebes
1766 1832 1874 1899 spei
1922 1847 2072 1903 mete

2176 1827 2391 1899 χείρους
2414 1824 2681 1895 ἀλλότριοι
2708 1840 2808 1895 μου
2837 1821 3283 1891 καταστήσονται,
3307 1816 3442 1871 ἀλλὰ
3466 1815 3563 1870 καὶ
3590 1813 3755 1868 αὐτὸν

489 1920 710 1978 Clarius
763 1929 946 1977 autem
997 1930 1052 1977 et
1103 1921 1344 1992 apertius
1396 1920 1513 1976 haec
1562 1921 1899 1992 interpretati
1949 1931 2077 1977 sunt

488 2012 685 2083 Aquila
718 2021 772 2068 et
800 2014 991 2084 quinta
1016 2013 1205 2079 editio,
1235 2014 1319 2068 his
1344 2015 1538 2077 verbis,
1567 2013 1724 2068 Moab
1760 2015 1892 2069 lebes
1930 2015 2077 2069 lava—
2110 2052 2119 2065 τ

455 2111 567 2160 'cri
619 2107 760 2170 mei;
812 2108 864 2160 id
904 2116 1008 2169 est,
1052 2107 1439 2176 receptaculum
1480 2108 1679 2161 lavacri
1732 2109 1867 2171 mei;
1917 2106 2077 2179 Sym-

491 2197 719 2253 machus
779 2213 930 2265 vero,
965 2196 1109 2262 Erit,
1151 2197 1348 2267 inquit,
1387 2197 1541 2251 Moab
1593 2198 1727 2252 lebes
1773 2199 2074 2252 securitatis

490 2303 640 2342 mete.
678 2285 880 2343 Verum
933 2287 1154 2343 memini
1192 2288 1470 2343 audivisse
1496 2303 1581 2343 me
1609 2304 1639 2342 a
1680 2287 1915 2357 quodam
1963 2287 2072 2343 He-

489 2380 661 2442 brazo,
695 2381 798 2435 sub
827 2390 1040 2435 secreto
1072 2380 1128 2434 in
1152 2379 1265 2433 haec
1294 2380 1411 2433 loca
1438 2379 1763 2435 sententiam
1787 2379 2069 2435 tradente:

491 2473 583 2545 qui
607 2473 694 2528 bis
724 2473 953 2544 mystice
976 2472 1245 2527 declarari
1269 2472 1488 2528 dicebat
1521 2472 1724 2528 Christi
1760 2473 2070 2544 generatio-

490 2580 614 2620 nem
666 2565 967 2620 secundum
1013 2579 1260 2629 carnem,
1282 2580 1449 2635 quam
1490 2580 1520 2618 a
1551 2580 1749 2635 genere
1782 2562 1939 2618 Moab
1975 2579 2072 2633 per

491 2657 639 2713 Ruth
662 2657 1010 2712 Moabitidem
1031 2657 1350 2727 assumpsit,
1371 2673 1436 2712 ex
1453 2671 1559 2726 qua
1577 2656 1844 2710 oriundus
1866 2664 1949 2709 est
1976 2672 2070 2709 rex

492 2750 683 2814 David,
741 2751 901 2819 cujus
957 2765 1025 2805 ex
1074 2750 1281 2805 semine
1323 2749 1576 2804 Christus
1613 2747 1708 2803 Dei
1767 2746 2068 2803 secundum

491 2857 714 2897 carnem
741 2842 961 2912 genitus
992 2849 1096 2902 est,
1132 2840 1225 2910 qui
1257 2839 1419 2894 etiam
1450 2839 1517 2893 ad
1543 2837 1772 2893 Joannis
1799 2837 2067 2907 baptisma

491 2942 547 2991 et
596 2934 665 2989 ad
707 2934 988 2989 lavacrum
1019 2932 1276 2988 Jordanis
1309 2930 1563 2987 accessit.
1600 2930 1761 2985 Moab
1789 2929 1923 2984 lebes
1958 2931 2069 2999 spei

492 3039 640 3078 insae.
674 3021 771 3077 His
816 3037 1053 3093 quoque.
1102 3031 1159 3077 ut
1191 3021 1405 3077 videtur
1430 3021 1583 3086 mihi,
1620 3021 1795 3093 gratia
1828 3021 2069 3076 vocatio-

492 3116 582 3170 nis
623 3114 781 3170 Moab
818 3130 849 3169 a
882 3114 995 3169 Deo
1054 3104 1408 3185 promittitur,
1444 3129 1552 3168 non
1587 3114 1696 3168 alio
1721 3112 1884 3168 modo
1911 3128 2067 3182 pera-

2178 1921 2380 1972 ὲκεῖνον
2412 1918 2502 1972 τὸν
2539 1916 2733 1979 Μωὰϐ,
2761 1914 2853 1969 τὸν
2900 1911 3342 1984 ἀπηγορευμένον
3382 1907 3757 1980 παραϐάλλειν

2176 2014 2255 2075 εἰς
2293 2011 2615 2081 Ἐκκλησίαν
2639 2008 2842 2081 Κυρίου
2872 2006 3252 2080 προσλήψομαι
3282 2004 3375 2057 καὶ
3397 2000 3751 2070 ὑποδέξομαι.

2176 2102 2346 2157 Τοῦτο
2386 2102 2492 2174 γὰρ
2528 2099 2751 2164 ἐλπίζω.
2778 2098 2965 2153 Μωὰϐι
2984 2097 3167 2165 λέϐης
3194 2094 3304 2164 τῆς
3328 2091 3578 2158 ἐλπίδος
3607 2108 3750 2160 μου.

2176 2194 2506 2264 Λευκότερον
2530 2192 2587 2245 δὲ
2618 2190 2711 2244 καὶ
2739 2189 3065 2261 σαφέστερον
3089 2186 3186 2258 τὴν
3214 2185 3448 2239 διάνοιαν
3474 2184 3753 2254 ἡρμήνευ-

2177 2303 2267 2339 σεν
2293 2289 2322 2339 6
2358 2283 2587 2346 Ἀκύλας
2635 2283 2731 2336 καὶ
2768 2285 2802 2352 ἡ
2844 2282 3069 2351 πέμπτη
3109 2278 3344 2341 ἔκδοσις·
3390 2276 3520 2346 παρ’
3551 2268 3633 2336 οἷς
3670 2273 3753 2326 εἶ-

2175 2398 2359 2452 ρηται,
2386 2378 2568 2432 Μωὰϐ
2584 2374 2766 2443 λέϐης
2780 2373 2888 2429 τοῦ
2904 2370 3163 2440 λουτροῦ
3178 2388 3318 2440 μου,
3346 2366 3614 2427 τουτέστι,
3643 2364 3749 2418 δο-

2173 2472 2338 2541 χεῖον
2383 2471 2491 2526 τοῦ
2532 2466 2789 2535 λουτροῦ
2817 2482 2965 2534 μου·
2994 2466 3024 2517 6
3055 2464 3114 2517 δὲ
3159 2462 3475 2533 Σύμμαχος,
3510 2460 3748 2519 Ἔσται.

2172 2566 2357 2635 φησὶν,
2406 2566 2440 2619 ό
2489 2563 2668 2617 Μωὰϐ
2716 2559 2901 2627 λέϐης
2958 2556 3308 2627 ἀμεριμνίας
3341 2571 3479 2623 μου.
3526 2547 3660 2605 Οἶδα
3690 2549 3753 2603 δὲ

2172 2656 2282 2726 ἐγὼ
2322 2655 2560 2719 ἀκούσας
2587 2653 2744 2722 λόγον
2774 2653 2832 2704 ὲν
2855 2651 3154 2723 ἀπορρήτῳ
3182 2643 3618 2718 παραδεδομένον
3644 2640 3755 2697 ὑπό

2168 2766 2313 2812 τινος
2342 2746 2591 2819 Ἑϐραίου
2612 2748 2693 2810 είς
2712 2744 2838 2808 τοὺς
2856 2744 3054 2806 τόπους
3076 2760 3089 2773 ·
3116 2738 3390 2812 μυστικῶς
3410 2737 3519 2807 γὰρ
3546 2734 3755 2803 ἔφασκε

2168 2841 2456 2914 δηλοῦσθαι
2488 2840 2577 2895 διὰ
2613 2839 2723 2892 τῶν
2756 2837 3131 2910 προκειμένων
3155 2833 3255 2905 τὴν
3278 2830 3419 2886 κατὰ
3448 2829 3629 2901 σάρκα
3654 2826 3756 2880 τοῦ

2168 2935 2403 3006 Χριστοῦ
2445 2934 2696 3004 γέννησιν
2722 2931 2829 2986 ἀπὸ
2876 2928 2971 2984 τοῦ
3017 2927 3206 2996 γένους
3228 2923 3322 2979 τοῦ
3365 2920 3541 2977 Μωὰὸ
3573 2935 3757 2987 παρα-

2167 3025 2464 3098 ληφθεῖσαν
2502 3024 2591 3079 διὰ
2628 3024 2728 3095 τὴν
2773 3021 3054 3078 Μωαϐῖτιν
3095 3016 3272 3082 Ῥοὺθ,
3315 3017 3409 3085 ἀφ’
3433 3010 3506 3087 ἧς
3541 3013 3756 3083 γίνεται

2168 3121 2265 3173 καὶ
2288 3117 2449 3172 Δαυῖδ
2466 3120 2494 3172 ὁ
2519 3117 2793 3188 βασιλεὺς,
2819 3109 2880 3170 οὗ
2902 3117 2966 3169 ὲκ
2987 3113 3299 3185 σπέρματος
3320 3110 3384 3163 τὸ
3406 3106 3551 3162 κατὰ
3574 3106 3757 3178 σάρκα

491 3206 689 3279 genda,
712 3206 815 3262 nisi
840 3221 933 3277 per
949 3207 1220 3261 lavacrum
1240 3204 1688 3275 regenerationis.
1709 3204 1844 3258 Cum
1875 3203 2069 3260 Moabo

2174 3215 2198 3266 ὑ
2226 3211 2458 3282 Χριστὸς
2486 3209 2581 3263 τοῦ
2602 3208 2737 3263 θεοῦ
2773 3208 3113 3278 γεγέννηται,
3146 3207 3176 3259 6
3202 3202 3298 3257 καὶ
3325 3201 3419 3254 ἐπὶ
3438 3199 3535 3253 τοῦ
3572 3200 3758 3254 Ἰωάν-

493 3300 624 3354 talia
664 3299 935 3371 promissa
973 3298 1101 3362 sint,
1130 3298 1285 3369 paria
1312 3297 1381 3352 de
1420 3296 1647 3367 reliquis
1695 3295 1947 3364 gentibus
1972 3310 2066 3349 co-

492 3392 713 3465 gitanda
757 3392 917 3449 nobis
953 3391 1233 3461 relinquit.
1269 3387 1403 3444 Nam
1433 3404 1557 3444 cum
1590 3388 1875 3458 prophetia
1917 3386 2067 3441 Moa-

445 3494 459 3519 ‘
493 3486 637 3542 bitas
679 3484 951 3549 admittat,
1001 3484 1095 3555 qui
1141 3483 1274 3538 olim
1334 3481 1626 3552 proscripti
1674 3489 1863 3547 erant;
1895 3481 2070 3535 mani—

495 3579 693 3637 festum
723 3588 808 3637 est
842 3594 939 3650 per
973 3578 1095 3633 illos
1118 3576 1335 3632 caeteris
1365 3575 1492 3631 item
1524 3574 1779 3646 gentibus
1808 3589 1933 3629 eum
1969 3574 2068 3629 bo-

493 3686 620 3727 nam
649 3686 800 3741 spem
826 3670 1122 3726 ascribere.

2172 3316 2262 3358 νου
2305 3302 2587 3374 βάπτισμα
2626 3302 2721 3354 καὶ¹
2744 3301 2807 3354 τὸ
2843 3299 3064 3371 λουτρὸν
3094 3297 3157 3351 τὸ
3184 3297 3245 3348 ὲν
3273 3293 3351 3366 τῷ
3388 3291 3628 3364 Ἰορδάνῃ
3652 3306 3758 3343 πα-

2172 3394 2498 3466 ρεληλυθώς.
2546 3394 2728 3447 Μωὰϐ
2756 3392 2939 3460 λέϐης
2989 3388 3100 3457 τῆς
3131 3386 3380 3451 ἐλπίδος
3407 3400 3550 3454 μου.
3593 3382 3758 3434 Δοκεῖ

2175 3505 2263 3559 μοι
2287 3490 2315 3541 6
2343 3488 2475 3551 Θεὸς
2506 3487 2596 3540 διὰ
2631 3486 2834 3541 τούτων
2879 3483 2973 3538 καὶ
3007 3481 3087 3553 τῷ
3113 3477 3285 3535 Μωὰϐ
3322 3470 3755 3543 ἐπαγγέλλεσθαι

2171 3579 2269 3650 τὴν
2298 3580 2456 3652 χάριν
2474 3580 2575 3649 τῆς
2607 3577 2869 3649 κλήσεως,
2899 3574 2999 3627 ούκ
3021 3572 3195 3634 ἄλλως
3216 3569 3249 3640 ἢ
3274 3566 3361 3622 διὰ
3384 3565 3481 3635 τῆς
3500 3563 3596 3616 τοῦ
3629 3561 3755 3652 λου-

2172 3672 2303 3743 τροῦ
2338 3651 2776 3740 παλιγγενεσίας.
2817 3663 3066 3721 Ἐπειδὰν
3097 3663 3153 3715 δὲ
3194 3659 3275 3731 τῷ
3315 3656 3479 3713 Μωὰϐ
3520 3651 3748 3707 τοιαῦτα

494 3764 914 3835 ἐπαγγέλληται,
940 3766 1072 3834 ἡμῖν
1093 3762 1494 3833 καταλιμπάνει
1518 3763 1657 3814 νοεῖν
1685 3760 1780 3814 καὶ
1803 3759 1933 3830 περὶ
1962 3759 2071 3813 τῶν
2097 3760 2296 3818 λοιπῶν
2323 3763 2490 3818 ἐθνῶν
2518 3762 2587 3817 τὰ
2623 3763 2802 3834 ὅμοια.
2866 3759 2995 3812 Ὅτε
3050 3755 3158 3827 γὰρ
3198 3755 3232 3825 ἡ
3275 3744 3566 3822 προφητεία
3614 3743 3750 3806 τοὺς

495 3856 791 3920 Μωαϐίτας
829 3856 1132 3929 προσίεται,
1181 3855 1309 3918 τοὺς
1355 3855 1523 3908 πάλαι
1569 3853 2073 3926 ἁπηγορευμένους,
2101 3857 2279 3929 δῆλον,
2311 3860 2393 3913 ὅτι
2435 3860 2502 3913 δι’
2553 3859 2773 3913 ἐκείνων
2814 3856 2909 3909 καὶ
2954 3854 3067 3915 τοῖς
3106 3850 3310 3912 λοιποῖς
3356 3845 3557 3898 ἔθνεσιν
3607 3840 3758 3908 ἀγα-

497 3949 595 4014 θὰς
621 3951 840 4015 ἐλπίδας
866 3951 1191 4021 ὑπογράφει.

566 4039 733 4095 Vens.
760 4042 939 4096 H-M.
966 4041 1032 4095 In
1050 4040 1348 4097 Idumteam
1363 4042 1647 4096 extendam
1669 4043 2080 4097 calceamentum

496 4150 690 4199 meum,
722 4132 852 4188 mihi
886 4133 1190 4204 alienigenae
1210 4133 1409 4188 subditi
1426 4144 1570 4190 sunt.
1589 4134 1722 4200 Quis
1749 4135 1968 4190 deducet
1999 4151 2079 4190 me

496 4230 553 4283 in
598 4227 863 4283 civitatem
902 4226 1243 4290 munitionis;
1270 4235 1362 4279 aut
1396 4227 1512 4297 quis
1545 4225 1763 4281 deducet
1791 4245 1872 4284 me
1914 4245 2077 4300 usque

496 4322 553 4375 in
593 4319 932 4377 Idumteam?
976 4312 1177 4374 Nonne
1200 4331 1295 4383 tu,
1323 4320 1411 4390 qui
1450 4320 1691 4389 repulisti
1723 4338 1852 4387 nos,
1890 4332 1939 4375 et
1974 4339 2077 4376 non

496 4416 800 4486 egredieris,
864 4414 1027 4478 Deus,
1075 4414 1133 4467 in
1187 4411 1467 4467 virtutibus
1509 4414 1749 4469 nostris?
1798 4412 1883 4467 Da
1928 4414 2075 4468 nobis

2262 4039 2389 4092 Ἐπὶ
2421 4036 2535 4106 τὴν
2571 4034 2900 4103 Ἰδουμαίαν
2920 4026 3181 4084 ἐπιϐαλῶ
3204 4027 3271 4082 τὸ
3307 4024 3592 4096 ὑπόδημά
3612 4043 3758 4095 μου,

2180 4130 2308 4200 ἐμοὶ
2337 4128 2676 4196 ἀλλόφυλοι
2721 4121 3131 4192 ὑπετάγησαν.
3177 4119 3271 4183 Τίς
3312 4116 3531 4181 ἀπάξει
3562 4132 3637 4185 με
3670 4118 3766 4181 εὶς

2181 4222 2363 4275 πόλιν
2386 4215 2691 4288 περιοχῆς,
2714 4214 2753 4284 ἢ
2781 4214 2874 4279 τίς
2891 4211 3177 4282 ὁδηγήσει
3203 4227 3279 4280 με
3296 4209 3409 4273 ἕως
3435 4207 3549 4277 τῆς
3585 4207 3764 4262 Ἰδου-

2176 4312 2360 4382 μαίας
2380 4327 2399 4375 ;
2421 4310 2568 4379 Οὐχὶ
2597 4311 2630 4362 ὁ
2656 4304 3048 4375 ἀπωσάμενος
3072 4299 3248 4372 ἡμᾶς,
3265 4298 3362 4354 καὶ
3381 4301 3496 4353 οὐκ
3517 4297 3764 4362 ἐξελεύ-

2181 4421 2288 4475 σῃ,
2322 4408 2355 4459 ὁ
2382 4402 2547 4468 Θεὸς,
2576 4402 2647 4454 ἐν
2692 4397 2821 4465 ταῖς
2845 4395 3178 4465 δυνάμεσιν
3217 4390 3421 4462 metiar;
3464 4389 3576 4456 Δὸς
3613 4388 3765 4459 ἡμῖν

431 4581 436 4586 ἡ
499 4481 760 4564 auxilium
797 4508 863 4563 de
897 4507 1257 4574 tribulatione,
1286 4516 1337 4561 et
1366 4524 1502 4561 uana
1526 4507 1674 4561 salus
1708 4506 1955 4571 hominis.
2008 4506 2072 4561 In

2177 4497 2468 4566 βοήθειαν
2492 4496 2561 4550 ὲκ
2587 4493 2866 4565 θλίψεως,
2892 4488 2989 4543 καὶ
3008 4487 3229 4558 ματαία
3249 4484 3510 4553 σωτηρία

437 4600 449 4637 ‘-f
501 4601 610 4657 Deo
644 4601 899 4672 faciemus
939 4602 1207 4665 virtutem,
1242 4609 1293 4653 et
1331 4600 1441 4668 ipse
1477 4598 1548 4663 ad
1584 4598 1811 4654 nihilum
1858 4598 2072 4657 deducet

2181 4606 2320 4653 που.
2359 4590 2455 4643 Ἐν
2479 4586 2560 4652 τῷ
2591 4583 2713 4650 Θεῷ
2753 4582 3090 4652 ποιήσομεν
3127 4579 3402 4647 δύναμιν,
3443 4575 3544 4629 καὶ
3571 4573 3763 4641 αὐτὸς

462 4708 466 4713 '
502 4693 816 4748 tribulantes
842 4710 958 4749 nos.
990 4691 1050 4748 ιο
1077 4699 1185 4755 est,
1208 4691 1517 4747 Ascendam
1546 4702 1601 4747 et
1626 4691 1916 4747 ambulabo
1938 4691 2078 4747 inter

502 4795 713 4856 gentes.
742 4783 965 4840 ldumzei
997 4792 1235 4855 namque
1266 4784 1335 4839 ab
1370 4783 1516 4838 Esau
1547 4783 1640 4845 illo
1662 4799 1831 4838 exoso
1860 4782 2078 4839 oriundi

502 4884 681 4939 erant,
705 4877 775 4949 de
797 4891 910 4948 quo
938 4876 1145 4933 dictum
1172 4884 1261 4935 est
1301 4897 1317 4929 :
1364 4875 1556 4933 Nonne
1581 4876 1749 4945 frater
1778 4886 1893 4930 erat
1932 4875 2080 4930 Esau

503 4966 832 5033 lacob,dicit
844 4969 1104 5026 Dominus
1120 4972 1206 5026 ⁸³1
1253 4980 1309 5026 et
1331 4968 1498 5024 Jacob
1524 4969 1711 5035 dilexi,
1736 4967 1882 5027 Esau
1903 4978 2080 5024 autem

502 5061 623 5118 odio
640 5061 880 5121 habui".
903 5061 1202 5119 Extendam
1221 5064 1405 5136 igitur,
1423 5064 1619 5135 inquit.
1650 5062 2082 5125 calceamentum

504 5168 709 5219 meum,
732 5168 844 5210 non
867 5154 1102 5224 amplius
1150 5155 1208 5211 in
1237 5155 1424 5219 Israel,
1454 5170 1566 5211 non
1605 5156 1660 5210 in
1699 5153 1940 5212 Judseam
1971 5160 2084 5209 ter-

506 5262 644 5312 ram,
672 5261 783 5303 non
813 5244 866 5299 in
894 5242 1232 5319 lerosolyma
1262 5254 1496 5311 tantum,
1534 5248 1629 5304 sed
1656 5249 1711 5302 in
1734 5247 1882 5303 illam
1904 5247 2079 5318 ipsam

509 5339 751 5395 odiosam
783 5337 1081 5410 regionem.
1111 5339 1415 5395 Ascendam
1456 5341 1639 5411 itaque
1684 5339 1752 5394 ad
1802 5340 1927 5395 illos
1955 5340 2085 5393 olim

509 5430 779 5495 inimicos,
818 5438 980 5501 atque
1023 5445 1118 5487 eos
1153 5432 1456 5486 amicorum
1513 5433 1633 5487 loco
1667 5432 1896 5487 habebo.
1943 5430 2078 5483 Mihi

505 5520 810 5592 alienigenae
838 5521 1035 5577 subditi
1058 5530 1201 5583 sunt.
1237 5521 1344 5579 Pro
1372 5537 1482 5594 quo
1506 5523 1698 5593 Aquila
1731 5523 1949 5592 quidem
1980 5522 2075 5586 ait,

510 5609 643 5675 Cum
695 5612 1023 5681 Philistlueis
1079 5616 1371 5680 amicitiam
1424 5614 1598 5681 inibo;
1653 5616 1840 5691 quinta
1898 5621 2076 5680 autem

581 5769 627 5810 ⁸-³
660 5768 886 5831 Malam.
925 5792 973 5831 ι.
1010 5775 1061 5829 2.
1138 5777 1182 5808 ⁸³
1221 5775 1351 5831 ibid.
1391 5774 1423 5828 5

2179 4678 2572 4748 ἐξουδενώσει
2639 4677 2782 4741 τοὺς
2832 4674 3148 4737 θλίϐοντας
3213 4667 3387 4739 ἡμᾶς.
3447 4666 3763 4731 Τουτέστιν,

2196 4768 2677 4842 Ἐπιϐήσομαικαὶ
2717 4765 3151 4839 ὲμπεριπατήσω
3190 4764 3303 4825 τοῖς
3334 4761 3566 4815 ἔθνεσιν.
3603 4758 3765 4812 Ἰδου-

2188 4869 2335 4939 μαῖοι
2363 4864 2471 4937 γὰρ
2499 4860 2640 4936 ἦσαν
2664 4862 2712 4916 oi
2745 4858 2852 4914 ἀπὸ
2882 4857 2972 4913 τοῦ
3000 4855 3374 4929 μεμισημένου
3404 4850 3602 4914 Ἡσαῦ,
3632 4854 3769 4924 περὶ

2183 4955 2243 5014 οὗ
2278 4958 2525 5023 λέλεκται
2545 4974 2560 4987 ·
2599 4955 2721 5011 οὐκ
2770 4951 3032 5022 ἀδελφὸς
3054 4946 3133 5021 ἦν
3172 4946 3355 5005 Ἠσαῦ
3392 4945 3498 5000 τοῦ
3528 4944 3765 5006 Ἰακώϐς

2184 5050 2345 5120 λέγει
2374 5050 2619 5118 Κύριος·
2661 5046 2775 5111 καὶ,
2812 5043 2921 5099 Τὸν
2957 5040 3154 5096 Ἰακὼϐ
3178 5038 3489 5111 ἠγάπησα,
3524 5036 3636 5091 τὸν
3697 5035 3767 5089 δὲ

2196 5144 2377 5203 Ἡσαῦ
2432 5143 2719 5212 ἐμίσησα.
2772 5136 3044 5203 Ἐπιϐαλῶ
3083 5130 3197 5202 οὖν,
3236 5132 3391 5205 φησὶ,
3421 5131 3481 5185 τὺ
3507 5128 3766 5203 ὑπόδημὰ

2186 5256 2311 5310 μου,
2344 5235 2525 5290 οὐκέτι
2552 5234 2644 5289 ἐπὶ
2677 5248 2767 5287 τον
2812 5228 3044 5301 Ἰσραὴλ,
3083 5228 3203 5282 οὐδὲ
3239 5228 3334 5280 ἐπὶ
3370 5225 3468 5298 τὴν
3503 5224 3765 5288 Ἰουδαίας

2191 5333 2314 5403 γῆν,
2344 5329 2464 5384 οὐδὲ
2484 5329 2576 5381 ἐπὶ
2610 5326 2746 5398 μόνα
2789 5324 2859 5377 τὰ
2895 5320 3265 5394 Ἰεροσόλυμα,
3299 5318 3413 5372 ἀλλ’
3465 5317 3554 5369 ἐπ’
3592 5314 3765 5385 αὐτὴν

2185 5423 2399 5493 εκείνην
2449 5422 2547 5493 τὴν
2589 5418 2684 5472 τοῦ
2725 5413 3101 5487 μεμισημένου
3141 5410 3345 5485 χώραν.
3399 5407 3762 5479 Ἐπιὸήσομαι

2185 5511 2277 5570 οὖν
2307 5517 2417 5577 τοῖς
2444 5512 2611 5567 πάλαι
2641 5510 2874 5581 ἐχθροῖς,
2907 5509 2966 5560 ἐν
3006 5504 3156 5576 χώρᾳ
3215 5502 3383 5571 φίλων
3410 5500 3763 5554 κατατὰσσων

2187 5607 2399 5680 αὐτούς.
2456 5604 2609 5679 Ἐμοὶ
2652 5602 2989 5681 ἀλλόφυλοι
3023 5595 3433 5670 ὑπετάγησαν.
3480 5592 3621 5651 Ἀνθ“
3650 5586 3760 5659 οὖί
