4040 6210
344 300 488 359 1553

1439 300 1941 360 COMMENTARIA
1974 302 2040 358 IN
2078 303 2419 364 PSALMOS.

3446 300 3613 374 issi”

347 417 448 490 μὲν
485 416 715 482 Ἀκύλας
745 417 929 488 φησὶν,
976 417 1108 474 Ἐπὶ
1149 416 1551 484 Φυλιστιιίους
1579 411 1910 487 memmi-

2016 419 2214 487 editio,
2266 423 2407 492 apud
2457 424 2752 497 allophylos
2800 426 3132 491 honorabor;
3200 429 3589 505 quinquagesi-

343 505 649 577 σθήσομω
664 524 679 539 ο
718 509 752 579 ἡ
776 506 833 560 δὲ
858 507 1080 580 πέμπτη
1094 506 1326 571 ἐκδοσις,
1359 506 1483 559 Ἐπὶ
1498 506 1638 573 τοὺς
1651 508 1914 577 ἀλλοφύ-

340 598 494 662 λους
518 596 987 667 ἐντιμωθήσομαι
1004 613 1019 627 ο
1050 599 1080 651 ὁ
1106 596 1163 650 δὲ
1194 596 1267 650 νθ¹
1290 596 1520 669 ψαλμὺς,
1563 597 1716 666 Ἐμοὶ
1734 598 1916 651 ἀλλό-

342 691 527 765 φυλος
562 687 967 758 ὑπετάγησαν.
1024 686 1281 753 Γνώσεως
1324 687 1381 741 δὲ
1424 687 1558 742 Θεοῦ
1609 688 1703 741 καὶ
1734 688 1913 759 φιλίας

343 780 440 833 καὶ
479 781 751 852 ἑταιρείας
793 781 886 835 καὶ
938 780 1161 850 ἀγάπης
1207 783 1429 852 σημεῖον
1476 780 1535 832 τὸ
1578 780 1915 851 ὑποταγῆναι

344 871 493 943 αὐτῷ
519 855 644 936 τοὺς
683 870 853 927 πάλαι
891 870 1316 935 ἀνυποτάκτους,
1341 868 1437 924 καὶ
1475 868 1784 939 ἀλλοτρίους
1820 871 1915 942 μὲν

344 962 440 1018 τοῦ
481 962 638 1029 Θεοῦ,
672 962 1013 1040 ὑποχειρίους
1043 963 1100 1016 δὲ
1120 962 1336 1033 δαίμοσι
1363 965 1635 1035 πονηροῖς.

483 1075 593 1129 ΕΙΣ
612 1076 699 1131 ΤΟ
731 1074 1271 1143 ΤΕΛΟΣ,ΨΑΛΜΟΣ
1296 1075 1382 1144 Τῼ
1394 1075 1610 1131 ΔΑΥΙΔ.
1646 1073 1773 1131 PH’.

420 1165 477 1218 ’0
510 1166 674 1232 Θεὸς,
715 1165 830 1233 τὴν
875 1136 1112 1221 αἰνεσίν
1137 1183 1256 1234 μου
1296 1136 1382 1235 pi]
1413 1164 1910 1234 παρασιωπήσῃς’
1948 1136 1956 1147 ι

342 1256 433 1312 ὅτι
471 1261 666 1329 στόμα
709 1257 1059 1329 ἁμαρτωλοῦ
1088 1257 1187 1310 καὶ
1223 1258 1417 1327 στόμα
1456 1256 1665 1311 δολίου
1693 1257 1786 1310 ἐπ’
1810 1257 1915 1327 ἐμὲ

339 1347 615 1418 ἠνοίχθη.
670 1346 1013 1415 Ἐλάλησαν
1059 1345 1184 1400 κατ’
1244 1345 1390 1416 ἐμοῦ
1418 1344 1665 1416 γλώσσῃ
1718 1345 1911 1414 δολίῃ,

341 1438 440 1492 καὶ
461 1440 665 1508 λόγοις
671 1438 896 1508 μίσους
909 1437 1269 1491 ἐκύκλωσαν
1288 1452 1386 1506 με,
1406 1435 1503 1490 καὶ
1527 1435 1915 1507 ἐπολέμησάν

338 1548 412 1601 με
458 1528 704 1600 δωρεάν.
762 1527 1015 1600 Συνήθως
1036 1528 1131 1581 καὶ
1156 1529 1213 1580 ὲν
1233 1526 1406 1599 τούτῳ
1429 1528 1549 1582 ἀντὶ
1570 1527 1689 1591 τοῦ,
1731 1531 1817 1594 είς
1847 1537 1911 1581 τό

339 1620 534 1686 τέλος,
590 1621 619 1673 ὁ
671 1621 768 1691 μὲν
810 1618 1060 1687 Ἀκύλας,
1106 1618 1188 1685 τῷ
1224 1617 1528 1685 νικοποιῷ,
1580 1619 1873 1673 ἐκδέδωκεν
1896 1636 1912 1648 ·

337 1715 369 1766 ὁ
418 1713 477 1766 δὲ
520 1711 815 1783 Σύμμαχος
864 1712 1161 1765 ἐπινίκιον
1218 1710 1439 1783 εἴρηκεο
1500 1713 1783 1782 μονονουχὶ
1837 1712 1914 1764 δι-

338 1803 627 1867 δάσκοντος
660 1804 807 1875 ἡμᾶς
831 1802 925 1858 τοῦ
948 1804 1105 1871 ἁγίου
1128 1802 1266 1856 Πνεύ
1274 1819 1461 1873 ματος,
1490 1804 1575 1855 ὅτι
1599 1802 1663 1873 δὴ
1684 1804 1775 1856 ἐπὶ
1802 1805 1916 1867 τοίς
1946 1789 1988 1841 Β

334 1896 626 1958 ἐπινικίοις
649 1895 743 1948 τοῦ
778 1894 1027 1965 Σωτῆρος
1063 1893 1239 1966 ἡμῶν,
1273 1892 1367 1945 καὶ
1402 1894 1515 1956 τοῖς
1540 1896 1681 1946 κατὰ
1702 1892 1796 1946 τοῦ
1822 1892 1917 1945 θα-

336 1988 497 2044 νάτου
548 1986 855 2059 τροπαίοις,
897 1987 987 2039 καὶ
1020 1987 1120 2049 τὰς
1150 1984 1429 2054 παρούσας
1459 1985 1641 2053 φωνὰς
1678 1986 1914 2053 ἐγκατα-

335 2077 515 2147 λέγειν
544 2077 834 2148 προσήκει,
859 2076 917 2128 ὲν
950 2068 1079 2138 αἶςὸ
1095 2074 1434 2146 ἀνθρώπινος
1448 2073 1613 2127 αὐτοῦ
1643 2073 1913 2145 παρίστα-

333 2183 424 2220 ται
450 2165 583 2237 βίος,
617 2166 711 2219 καὶ
746 2167 778 2235 ή
821 2164 1066 2236 ὑπομονὴ
1101 2165 1208 2218 τῶν
1250 2164 1606 2237 παθημάτων.
1662 2165 1715 2217 Ὁ
1748 2164 1910 2231 Θεὸς,

333 2258 450 2339 τῂν
475 2259 718 2313 αἵνεσίν
745 2276 868 2328 μου
900 2258 987 2328 μὴ
1029 2256 1541 2327 παρασιωπήσῃς·
1588 2257 1678 2311 ὅτι
1721 2259 1915 2329 στόμα

332 2351 683 2422 ἁμαρτωλοῦ
735 2349 835 2404 καὶ
884 2351 1081 2419 στόμα
1111 2349 1320 2403 δολίου
1365 2348 1458 2402 ἐπ’
1490 2347 1595 2418 ἐμὲ
1637 2348 1909 2418 ἠνοίχθη.

347 2443 689 2512 Ἐλάλησαν
738 2446 866 2497 κατ’
893 2442 1040 2513 ἐμοῦ
1067 2441 1315 2513 γλώσσῃ
1342 2440 1537 2508 δολίᾳ,
1572 2440 1669 2494 καὶ
1709 2442 1914 2511 λόγοις

332 2532 549 2599 μίσους
585 2531 945 2587 ἐκύκλωσάν
975 2550 1067 2603 με,
1116 2532 1213 2586 καὶ
1256 2531 1645 2602 ἐπολέμησαν
1687 2549 1763 2603 με
1804 2533 1913 2586 δω-

332 2621 498 2692 ρεάν.
553 2623 610 2678 '0
672 2624 864 2695 παρὼν
920 2625 1132 2696 ψαλμὺς
1180 2623 1507 2697 ἀναφέρεται
1557 2627 1637 2689 είς
1698 2626 1911 2698 πρόσω-

333 2730 436 2768 πον
482 2713 576 2768 τοῦ
633 2714 893 2785 Χριστοῦ,
921 2715 989 2768 τά
1028 2713 1175 2786 πάθη
1229 2714 1498 2785 περιέχων
1548 2715 1913 2786 αὐτοῦ.Μαρ-

334 2808 490 2878 τυρεί
531 2806 589 2860 δὲ
624 2806 704 2877 τῷ
730 2805 873 2877 λόγῳ
902 2807 936 2877 ὴ
961 2805 1156 2878 Γραφὴ
1185 2805 1294 2859 τῶν
1327 2805 1586 2877 Πράξεων
1639 2806 1746 2860 τῶν
1779 2807 1913 2860 ἀπο-

337 2897 558 2959 στόλων,
613 2895 739 2950 ἔνθα
787 2898 816 2949 ὁ
856 2896 1081 2966 Πέτρος,
1122 2895 1220 2968 τῆς
1261 2893 1355 2949 τοῦ
1412 2895 1670 2968 προδότου
1743 2896 1913 2950 ’ἰούδα

334 2985 661 3049 ἐκπτώσεως
715 2985 1091 3057 μνημονεύσας
1127 3025 1141 3048 ,
1215 2985 1308 3038 καὶ
1350 2986 1682 3057 παραινέσας
1726 2986 1911 3058 ἓτερον

333 3077 446 3131 δεῖν
488 3076 901 3149 παραληφθῆναι
935 3078 1014 3141 είς
1071 3076 1164 3130 τὸν
1191 3075 1300 3131 τῶν
1339 3076 1405 3147 ιβ’
1447 3077 1757 3132 ἀποστόλων
1801 3079 1912 3152 ἁρι·

337 3168 493 3240 θμὸν,
546 3169 819 3241 μαρτυρία
871 3169 1134 3241 κέχρηται
1194 3153 1502 3241 προφητικῇ
1551 3170 1707 3242 ὲντῷ
1773 3189 1911 3245 προ-

334 3260 575 3332 κειμένῳ
614 3259 816 3332 ψαλμῷ
864 3260 1148 3333 φασκούσῃ
1172 3278 1187 3291 ·
1214 3259 1535 3329 Γενηθήτω
1570 3263 1610 3330 ἡ
1660 3262 1915 3331 ἔπαυλις

333 3353 520 3408 αὑτοῦ
553 3353 791 3425 ἕρημος,
834 3353 934 3408 καὶ
956 3352 1042 3424 μὴ
1070 3355 1226 3408 ἔστω
1256 3357 1289 3408 ό
1326 3354 1616 3410 κατοικῶν
1636 3356 1707 3409 ἐν
1735 3357 1910 3427 αὐτῇ,

334 3444 434 3500 καὶ
482 3443 597 3514 τὴν
637 3445 981 3515 ἐπισκοπὴν
1043 3445 1226 3500 αὐτοῦ
1277 3444 1447 3500 λάϐοι
1492 3446 1719 3516 ἔτερος·
1772 3447 1913 3503 ὥστε

334 3536 478 3592 κατά
505 3537 605 3608 τὴν
661 3537 870 3610 Πέτρου
922 3535 1270 3592 διδασκαλίαν
1313 3538 1442 3608 περὶ
1483 3538 1578 3592 τοῦ
1619 3539 1788 3611 Ἰούδα
1817 3541 1913 3595 al)-

332 3627 430 3702 τὴν
487 3627 692 3701 ταύτην
745 3628 995 3702 εἰρῆσθαι
1016 3628 1113 3700 τὴν
1142 3628 1346 3700 φωνὴν,
1379 3632 1474 3684 καὶ
1507 3631 1605 3695 τὰς
1633 3631 1825 3697 λοιπὰς
1852 3634 1912 3685 ὲν

332 3719 412 3792 τῷ
433 3719 633 3793 ψαλμῷ
658 3720 986 3793 φερομένας.
1030 3722 1089 3775 ὐ
1114 3721 1294 3775 τοίνυν
1320 3721 1509 3793 Σωτὴρ
1539 3721 1628 3777 διὰ
1648 3723 1755 3779 τῶν
1780 3741 1911 3798 προ-

334 3811 601 3883 κειμένων
628 3813 930 3886 ἀρχόμενος
958 3812 1336 3885 άνθρωπίνως,
1383 3813 1459 3877 ὡς
1496 3815 1783 3886 γενόμενος
1819 3816 1912 3870 άν-

336 3903 573 3978 θρωπος,
625 3904 813 3977 μείνας
840 3905 898 3959 δὲ
931 3903 1083 3970 Θεὸς,
1125 3904 1261 3976 ὅπερ
1290 3900 1377 3977 ῆν,
1410 3905 1641 3959 ἱκετεύει
1664 3907 1756 3960 τὸν
1793 3908 1913 3961 ἑαυ-

336 3995 432 4051 τοῦ
462 3996 683 4069 Πατέρα
709 3996 785 4068 μὴ
824 3996 1163 4070 κατορθῶσαι
1192 3996 1318 4062 τοὺς
1357 3998 1802 4065 ἐπιϐουλεύοντας
1841 4004 1909 4073 τῇ

336 4087 533 4144 ἑαυτοῦ
588 4089 814 4160 σπουδῇ.
868 4088 1077 4161 Σπουδὴ
1114 4089 1172 4142 δὲ
1217 4086 1383 4144 αὐτοῦ
1430 4092 1580 4144 πᾶσα
1620 4086 1689 4163 ῆν
1718 4091 1909 4145 σϐέσαι

339 4175 439 4247 μὲν
467 4175 528 4241 ἐξ
565 4173 868 4249 ἀνθρώπων
906 4178 1086 4231 πᾶσαν
1126 4177 1586 4249 είδωλολατρείαν,
1617 4180 1820 4235 αἷνεσιν
1853 4183 1909 4236 δὲ

335 4263 411 4338 τῷ
445 4266 623 4338 Πατρὶ
653 4267 1095 4339 καταστήσασθαι
1129 4269 1221 4323 ἐπὶ
1265 4269 1366 4340 τῆς
1394 4271 1496 4342 γῆς
1515 4286 1529 4301 ο
1559 4269 1588 4324 ὃ
1622 4270 1686 4344 δὴ
1712 4272 1770 4325 ἐν
1796 4273 1911 4326 ἐτέ-

339 4374 452 4431 ροις
496 4357 738 4412 διδάσκει
803 4355 1007 4426 λέγων·
1061 4359 1391 4432 Ἀπαγγελῶ
1439 4362 1506 4416 τὸ
1557 4362 1743 4435 ὄνομά
1791 4382 1909 4421 σου

2020 526 2142 567 mus
2191 529 2322 568 vero
2368 531 2550 571 nonus
2599 516 2843 589 psalmus
2877 518 3058 583 habet,
3120 517 3256 572 Mihi
3285 521 3590 594 alienigenae

2019 603 2217 659 subditi
2249 616 2393 662 sunt.
2427 607 2641 689 Notitiaa
2669 626 2801 666 vero
2823 609 2914 666 Dei
2962 619 3016 665 et
3046 611 3301 668 amicitia:
3331 620 3387 668 et
3417 616 3591 671 socie-

2020 699 2147 753 tatis
2174 705 2229 754 et
2258 698 2569 756 dilectionis
2604 702 2819 773 signum
2848 710 2951 768 est,
2978 703 3080 773 ipsi
3112 703 3310 773 subjici
3350 719 3467 769 eos,
3494 706 3587 776 qui

2020 789 2146 844 olim
2206 790 2628 862 inobsequentes
2662 804 2717 849 et
2762 793 2871 851 Deo
2902 795 3063 850 alieni
3090 803 3267 862 erant,
3298 797 3590 869 pravisque

2018 882 2358 938 daemonibus
2384 883 2609 939 subditi.

2112 1080 2160 1133 l.
2196 1079 2262 1136 IN
2290 1079 2517 1146 FINEM,
2537 1080 2854 1137 PSALMUS
2885 1080 3010 1136 IPSI
3044 1080 3268 1137 DAVID.
3302 1081 3483 1139 CVIII.

2090 1168 2257 1227 Vsus.
2287 1171 2343 1239 2,
2374 1173 2427 1227 5.
2464 1173 2624 1237 Deus,
2652 1173 2864 1229 laudem
2892 1191 3059 1229 nteant
3096 1192 3158 1228 ne
3189 1174 3439 1238 tacueris,
3463 1174 3587 1243 quia

2019 1277 2075 1313 os
2103 1264 2392 1328 peccatoris
2424 1272 2472 1317 et
2509 1281 2566 1318 os
2599 1262 2773 1318 dolosi
2804 1281 2958 1333 super
2987 1281 3066 1319 nte
3099 1276 3333 1333 apertum
3357 1274 3452 1318 est.
3484 1262 3590 1316 Le-

2019 1355 2126 1405 cuti
2153 1363 2271 1407 sunt
2306 1354 2581 1410 adversum
2616 1372 2697 1410 me
2731 1356 2910 1426 lingua
2947 1356 3153 1419 dolosa,
3182 1366 3231 1409 et
3263 1355 3586 1421 sermonibus

2020 1443 2129 1497 odii
2163 1444 2615 1500 circumdederunt
2644 1463 2745 1511 me,
2768 1457 2816 1502 et
2840 1456 3263 1518 oppugnaverunt
3291 1463 3370 1501 me
3397 1449 3583 1516 gratis.

2020 1534 2077 1589 In
2116 1536 2218 1591 hoc
2245 1537 2373 1592 item
2397 1538 2465 1592 de
2490 1553 2644 1594 more
2670 1554 2770 1609 pro
2800 1539 2913 1603 illo,
2945 1541 2998 1593 in
3034 1540 3212 1608 ﬁnem,
3247 1536 3444 1610 Aquila
3466 1580 3482 1601 ,
3510 1541 3587 1592 vi-

2020 1632 2200 1683 ctorite
2241 1631 2466 1693 auctori,
2504 1630 2866 1701 Symmachus
2892 1648 3041 1696 vero,
3079 1632 3412 1702 triumphale,
3466 1630 3586 1686 edi-

2020 1719 2119 1774 dit.
2150 1721 2352 1792 Spiritu
2412 1734 2600 1778 sancto
2655 1731 2866 1779 tantum
2926 1740 3035 1781 non
3093 1725 3327 1781 docente
3365 1739 3489 1790 nos,
3531 1724 3586 1778 in

2018 1810 2437 1881 triumphalibus
2464 1809 2763 1868 Salvatoris
2797 1814 2973 1868 nostri
2994 1820 3047 1869 et
3065 1815 3283 1884 tropaeis
3320 1813 3388 1869 de
3416 1820 3588 1868 morte

2018 1903 2208 1973 partis,
2258 1904 2357 1959 has
2407 1919 2568 1959 voces
2619 1904 2865 1974 proferre
2904 1906 3122 1971 debere,
3155 1907 3211 1961 in
3253 1907 3455 1979 quibus
3487 1905 3587 1960 bu-

2016 2011 2177 2050 mana
2207 1996 2327 2065 ejus
2349 1997 2458 2051 vita
2482 2005 2537 2052 et
2568 1999 2858 2052 tolerantia
2882 2001 3225 2056 cruciatuum
3252 1999 3586 2055 declaratur.

2015 2083 2178 2151 Deus,
2204 2083 2416 2138 laudem
2462 2100 2633 2139 meam
2662 2102 2723 2139 ne
2771 2088 2997 2140 tacueris
3022 2130 3035 2151 ,
3070 2087 3195 2157 quia
3218 2103 3274 2139 os
3299 2084 3587 2155 peccatoris

2014 2184 2064 2229 et
2093 2192 2151 2229 os
2183 2174 2356 2230 dolosi
2380 2192 2536 2243 super
2569 2193 2650 2231 me
2681 2187 2918 2246 apertum
2964 2187 3064 2233 est.
3117 2177 3303 2232 Loculi
3349 2187 3470 2231 sunt
3493 2175 3586 2230 ad-

2014 2282 2219 2321 uersum
2240 2282 2321 2320 me
2353 2266 2535 2337 lingua
2559 2267 2769 2334 dolosa,
2798 2280 2847 2323 et
2871 2270 3199 2325 sermonibus
3219 2270 3341 2325 odii.
3359 2270 3587 2323 circum—

2014 2358 2270 2414 dederunt
2313 2374 2412 2422 me,
2445 2370 2495 2413 et
2547 2370 2969 2429 oppugnaverunt
3003 2377 3083 2414 me
3111 2361 3299 2431 gratis.
3339 2358 3590 2414 Praesens

2013 2452 2214 2522 quippe
2243 2451 2490 2523 psalmus
2509 2450 2744 2505 refertur
2766 2451 2832 2505 ad
2854 2466 3143 2520 personam
3163 2449 3387 2514 Christi,
3403 2456 3587 2519 utpote

2013 2543 2106 2615 qui
2162 2542 2449 2615 passiones
2496 2542 2619 2611 ejus
2677 2542 3092 2612 complectatur,
3149 2548 3209 2595 ut
3265 2539 3586 2596 testiﬁcatur

2012 2634 2243 2691 Actuum
2265 2634 2638 2706 apostolorum
2655 2633 2960 2705 Scriptura,
2981 2634 3074 2689 ubi
3096 2635 3288 2688 Petrus
3313 2646 3436 2687 cum
3466 2646 3584 2701 pro-

2012 2726 2205 2782 ditoris
2218 2725 2370 2782 ludas
2387 2728 2597 2798 lapsum
2620 2732 2997 2791 memorasset,
3026 2740 3090 2780 ac
3106 2725 3404 2780 monuisset
3421 2722 3585 2776 alium

2014 2819 2081 2875 ad
2128 2818 2413 2874 duodecim
2470 2820 2840 2891 apostolorum
2888 2833 3181 2875 numerum
3206 2814 3586 2888 complendum

2013 2913 2291 2985 aggregari
2314 2921 2589 2984 oportere,
2624 2914 2937 2971 testimonio
2966 2929 3104 2969 usus
3134 2919 3217 2968 est
3246 2911 3584 2983 prophetico,

2014 3013 2074 3059 ut
2113 3006 2168 3060 in
2204 3007 2460 3077 praesenti
2499 3007 2713 3077 psalmo
2738 3007 3006 3062 habetur:
3041 3004 3165 3059 Fiat
3191 3004 3448 3059 habitatio
3470 3002 3583 3073 ejus

2013 3098 2244 3164 deserta,
2282 3108 2331 3154 et
2363 3116 2466 3154 non
2493 3100 2563 3154 sit
2600 3100 2693 3169 qui
2732 3098 2988 3154 inhabitet
3029 3099 3085 3152 in
3113 3115 3197 3161 ea.
3238 3097 3581 3179 et'episcopa-

2016 3202 2127 3245 tum
2170 3191 2284 3258 eius
2339 3193 2568 3262 accipiat
2610 3192 2746 3245 alter
2762 3190 2843 3257 ";
2873 3190 2949 3244 ita
2995 3199 3053 3245 ut
3095 3187 3395 3245 secundum
3440 3184 3583 3241 Petri

2013 3282 2317 3339 doctrinam
2348 3283 2465 3338 haec
2496 3299 2600 3338 vox
2630 3282 2699 3339 de
2725 3279 2863 3335 Iuda
2890 3279 3097 3350 prolata
3122 3279 3215 3342 sit.
3245 3288 3303 3333 ut
3332 3286 3386 3334 et
3424 3284 3589 3335 caete-~

2013 3391 2088 3432 rte
2109 3376 2163 3430 in
2192 3376 2296 3432 hoc
2324 3377 2533 3447 psalmo
2564 3391 2858 3446 expressae.
2884 3373 3135 3429 Salvator
3159 3372 3323 3443 igitur
3355 3369 3423 3424 ab
3452 3369 3582 3423 alla-

2012 3468 2087 3524 tis
2105 3467 2335 3524 vocibus
2351 3467 2594 3522 humano
2617 3481 2769 3522 more
2790 3480 2974 3529 orsus,
2994 3470 3182 3534 utpote
3199 3463 3364 3517 homo
3384 3460 3582 3525 lactus,

2012 3575 2241 3615 manens
2290 3567 2473 3615 tamen
2508 3557 2654 3614 Deus
2688 3565 2748 3613 ut
2789 3564 2929 3623 erat,
2968 3554 3181 3611 Patrem
3210 3554 3462 3610 obsecrat
3517 3567 3582 3610 ne

2012 3651 2366 3708 insidiatores
2398 3651 2631 3706 consilio
2659 3666 2762 3707 suo
2788 3649 3059 3715 alliciant;
3087 3646 3381 3704 consilium
3401 3654 3581 3699 autem

2012 3742 2133 3813 ejus
2187 3749 2360 3798 totum
2412 3752 2557 3807 erat,
2608 3749 2668 3798 ut
2724 3759 2793 3798 ex
2850 3740 3169 3799 hominibus
3216 3738 3582 3797 idololatriam

2012 3849 2227 3890 omnem
2277 3835 2670 3906 exstingueret,
2693 3834 2845 3891 Patri
2897 3849 3028 3892 vero
3083 3832 3297 3888 laudem
3338 3831 3395 3887 iu
3437 3838 3582 3889 terra

2011 3925 2368 3981 constitueret
2411 3946 2426 3981 :
2461 3927 2610 3997 quod
2665 3928 2793 3984 item
2846 3928 2971 3984 alibi
3025 3926 3185 3983 docet
3228 3922 3582 3983 bisverbis:

2014 4014 2266 4073 Narrabo
2299 4034 2493 4073 nomen
2533 4030 2685 4075 tuum
2714 4020 2973 4092 fratribus
3017 4019 3250 4085 meis,,in
3280 4016 3450 4073 medio
3481 4014 3581 4069 Ec-

2011 4110 2184 4165 clesia:
2227 4110 2458 4168 laudabo
2504 4114 2633 4169 te".
2669 4114 2773 4181 Qui
2803 4122 2983 4171 autem
3019 4113 3141 4169 vitae
3191 4111 3311 4183 ejus
3353 4107 3607 4165 insidias.

2010 4201 2299 4271 parabant,
2354 4218 2570 4258 summo
2618 4203 2802 4260 studio
2854 4205 3174 4275 satagebant
3221 4210 3281 4257 ut
3323 4201 3438 4255 haec
3465 4198 3582 4269 ipsa

2010 4293 2132 4347 laus
2159 4293 2381 4349 silentio
2417 4310 2647 4365 prorsus
2676 4298 3001 4355 mitteretur.
3038 4295 3237 4351 Verum
3269 4302 3350 4358 tu,
3382 4291 3583 4362 inquit.

2010 4384 2193 4450 Pater,
2220 4401 2288 4440 ne
2317 4385 2467 4442 siuas
2504 4387 2717 4444 laudem
2764 4388 2934 4445 taceri
2966 4403 3165 4451 meam,
3188 4400 3310 4457 qua:
3337 4386 3392 4439 in
3422 4383 3581 4439 bono-

336 4448 462 4514 τοῖς
491 4447 774 4548 ἀδελφοῖς
800 4466 937 4518 μου,
968 4448 1037 4502 ἐν
1061 4449 1228 4518 μέσῳ
1266 4453 1626 4523 Ἐκκλησίας
1656 4455 1907 4526 ὑμνήσω

2016 4490 2121 4531 rem
2158 4485 2213 4531 et
2245 4476 2472 4548 gloriam
2516 4487 2663 4533 tuam
2690 4480 3070 4535 concinnatur.
3098 4478 3238 4544 Quia
3268 4493 3325 4531 os
3346 4485 3583 4546 peccato-

335 4554 431 4596 σε.
458 4541 520 4596 Ol
542 4539 599 4594 δὲ
628 4540 707 4605 εις
727 4540 953 4595 θάνατον
978 4540 1127 4612 αὐτῷ
1151 4541 1589 4611 ὲπιδουλεύοντες
1615 4551 1910 4620 κατασιγά-

2010 4566 2086 4623 ris
2122 4575 2174 4620 et
2219 4582 2278 4621 os
2326 4567 2500 4622 dolosi
2552 4584 2709 4637 super
2730 4586 2811 4625 me
2837 4578 3076 4641 apertum
3124 4575 3221 4622 est.
3272 4564 3347 4623 Os
3403 4573 3585 4620 autem

337 4647 431 4688 σαι
455 4632 659 4705 ταύτην
679 4633 850 4706 αὐτὴν
866 4632 965 4705 τὴν
985 4633 1188 4688 αῐνεσιν
1203 4635 1298 4689 καὶ
1312 4639 1728 4711 κατασιωπῆσαι
1753 4658 1913 4697 σπου-

2016 4658 2313 4727 peccatoris
2356 4668 2411 4715 et
2463 4674 2527 4716 os
2556 4632 2733 4716 dolosi
2773 4632 3120 4732 potissimum
3155 4667 3274 4715 erat
3310 4673 3374 4715 os
3398 4655 3589 4714 Phari-

336 4725 436 4801 δὴν
460 4727 762 4784 ἐποιοῦντο.
804 4725 966 4780 Ἀλλά
1016 4727 1103 4792 σὺ,
1128 4727 1312 4798 φησιν,
1358 4723 1403 4782 ὦ
1439 4729 1641 4805 Πάτερ,
1671 4731 1748 4805 μὴ
1776 4751 1908 4805 συγ-

2016 4723 2239 4803 sucorum
2278 4757 2333 4805 et
2381 4748 2720 4817 Scribarum,
2757 4723 2849 4823 qui
2893 4766 3019 4808 cum
3075 4747 3353 4822 hypocrisi
3406 4748 3586 4820 ipsum

337 4817 1063 4893 χωρήσῃςάποσιωπηθῆναι
1078 4818 1177 4889 τὴν
1202 4815 1407 4872 αἵνεσίν
1432 4836 1556 4890 μου,
1579 4820 1677 4894 τὴν
1709 4825 1789 4888 εἰς
1807 4825 1906 4897 τὴν

2016 4829 2329 4903 Magistrum
2376 4844 2432 4891 et
2481 4834 2656 4892 Rabbi
2708 4815 3007 4905 uocabant;
3060 4815 3366 4907 praesertim
3402 4815 3584 4889 autem

336 4907 438 4981 σὴν
487 4908 652 4980 τιμὴν
702 4909 797 4963 καὶ
840 4907 995 4975 δόξαν
1039 4907 1495 4980 σπουδαζομένην.
1547 4914 1675 4966 Ὅτι
1713 4917 1907 4986 στόμα

2016 4921 2183 4992 Iudae,
2216 4926 2309 4996 qui
2366 4925 2707 4985 Salvatorem
2762 4936 2818 4986 et
2856 4927 3146 4988 Dominum
3199 4941 3360 4985 suum
3393 4923 3587 4983 osculo

337 4996 687 5067 dpaptauoii
746 4996 845 5052 καὶ
886 4998 1081 5067 στόμα
1116 4998 1324 5053 δολίου
1353 4998 1448 5052 ἐπ’
1479 4999 1584 5070 ἐμὲ
1628 5002 1900 5074 ἠνοίχθη.
2010 5013 2271 5082 prodidit.

338 5088 520 5187 Στόμα
562 5089 625 5187 δὲ
663 5091 988 5187 άμαρτωλοῦ
1017 5092 1111 5147 καὶ
1137 5105 1310 5167 στσμα
1342 5093 1517 5177 δολίου
1549 5095 1780 5167 μάλιστα
1806 5102 1906 5173 μὲν
1937 5107 2029 5161 καὶ
2051 5111 2158 5163 πᾶν
2184 5112 2245 5166 τὸ
2266 5113 2373 5167 τῶν
2393 5114 2697 5187 Φαρισαίων
2736 5117 2830 5173 καὶ
2865 5114 2905 5167 Γ
2912 5112 3247 5187 ραμματέων
3297 5108 3581 5179 ἐτύγχανεν

338 5182 447 5283 τῶν
653 5185 991 5258 ὑποκρίσεως
1063 5188 1224 5244 αὐτὸν
1267 5189 1591 5245 Διδάσκαλον
1633 5197 1729 5249 καὶ
1775 5197 1964 5255 Ῥα66ὶ
2017 5182 2485 5273 ἀποκαλούντων.-
2516 5210 2805 5283 ἐξαιρέτως
2860 5182 2939 5264 δὲ..
3120 5205 3290 5267 Ἰούδα
3310 5245 3326 5275 ν
3381 5202 3439 5272 ὃς
3492 5202 3586 5262 τὸν

339 5276 535 5333 ἑαυτοῦ
558 5277 786 5352 Σωτῆρα
812 5282 906 5336 καὶ
933 5282 1137 5355 Κύριον
1173 5284 1440 5359 φιλήματι
1468 5287 1767 5357 προεδίδου.

425 5399 769 5472 Ἐλάλησαν
800 5403 927 5459 κατ’
952 5403 1099 5474 ἐμοῦ
1124 5404 1376 5477 γλώσσῃ
1415 5407 1614 5477 δολία,
1668 5411 1769 5466 καὶ
1815 5416 1911 5469 λό-

2087 5416 2249 5475 Vsus.
2283 5421 2339 5479 4.
2374 5419 2565 5477 Loculi
2591 5431 2713 5477 sunt
2740 5421 3017 5477 adversum
3052 5434 3131 5473 me
3163 5417 3345 5486 lingua
3371 5415 3580 5484 dolosa,
3610 5454 3615 5463 -

338 5507 465 5587 τοις
488 5492 713 5587 μίσους
737 5494 1093 5587 mmor
1132 5515 1230 5568 με,
1277 5500 1375 5555 καὶ
1415 5500 1804 5587 indigena-dv-
1832 5525 1910 5576 με

2016 5518 2062 5563 et
2093 5512 2419 5567 sermonibus
2458 5512 2569 5568 odii
2616 5497 3064 5569 circumdederunt
3099 5523 3200 5571 me.
3230 5514 3281 5559 α
3311 5521 3584 5578 ορριςηα-

336 5583 583 5655 δωρεάν.
630 5585 777 5642 Ἀντί
804 5588 911 5644 τοῦ
956 5589 1198 5661 ἀγαπᾷν
1239 5611 1317 5663 με
1360 5583 1751 5650 ἐνδιέϐαλλόν
1800 5616 1874 5671 με
1894 5618 1907 5634 -

2016 5611 2197 5658 uerunt
2226 5620 2305 5661 me
2337 5607 2527 5677 gratis.
2559 5605 2670 5661 Pro
2700 5622 2759 5663 eo
2787 5614 2843 5659 ut
2875 5620 2955 5659 me
2997 5599 3297 5670 diligerent,
3338 5593 3580 5655 detrahe-

413 5741 459 5774 ”
498 5741 619 5799 Act.
656 5758 695 5812 ι,
729 5743 820 5799 20.
895 5744 941 5778 "
980 5744 1120 5805 Psal.
1162 5766 1292 5812 ut,
1323 5751 1411 5809 23.
