4044 6212
453 289 584 345 I355

1107 287 1374 344 EUSEB"
1414 287 1892 348 CAESARIENSIS
1929 291 2079 349 OPP.
2123 292 2302 348 PARS
2338 293 2440 348 ill.
2480 321 2549 332 --
2587 289 2994 359 EXEGETICA.

3564 289 3704 346 i336

447 404 565 458 bant
604 402 734 458 mihi
755 420 774 457 :
805 419 898 473 ego
923 411 1095 456 autem
1119 402 1359 456 orabam.
1397 403 1532 457 Cum
1559 403 1707 458 enim
1733 402 1909 467 illum,
1934 411 2016 466 ιιι-τ

2122 403 2236 474 ἐγὼ
2299 403 2369 457 δὲ
2416 402 2872 473 προσηυχόμην.
2904 401 3032 454 Δέον
3067 405 3176 472 γὰρ
3197 401 3414 471 ἀγαπᾷν
3441 399 3517 464 ὡς
3554 402 3704 472 εὐερ-

445 505 565 567 pote
593 493 917 558 beneﬁcum,
951 509 1015 549 ac
1045 509 1153 549 non
1180 509 1472 565 corporum
1511 495 1694 560 modo,
1729 496 1822 551 sed
1852 497 2014 552 etiam

444 587 748 644 animarum
778 585 1052 642 medicum
1087 586 1313 657 diligere
1342 585 1686 656 debuissent,
1712 587 1790 642 illi
1825 597 2016 643 contra

441 675 747 731 calumnias
774 677 1040 731 adversus
1070 691 1194 731 eum
1225 674 1558 731 conﬂabant.

507 765 675 822 Vens.
708 767 760 822 5.
795 766 903 823 Pro
925 784 982 822 eo
1009 776 1066 820 ut
1087 784 1167 821 me
1186 765 1825 838 diligerent,detrahe'aant
1849 767 1977 821 mihi
1998 783 2015 820 :

440 875 528 930 ego
559 869 733 914 autem
763 860 1002 914 orabam.
1041 858 1108 912 Et
1135 868 1421 928 posuerunt
1443 859 1719 913 adversum
1759 877 1839 914 me
1874 861 2018 914 mala

439 967 534 1021 pro
565 951 735 1014 bonis,
774 962 822 1006 et
860 953 1041 1006 odium
1073 969 1169 1022 pro
1212 950 1491 1006 dilectione
1521 968 1635 1004 mea
1669 968 1687 1006 :
1718 951 2019 1022 discipulos

441 1057 591 1098 meos
620 1050 832 1098 tantum
857 1060 965 1099 non
991 1059 1156 1114 opere
1175 1043 1378 1098 docens
1401 1044 1591 1113 quales
1617 1059 1740 1099 esse
1763 1043 2017 1107 debeant,

438 1136 486 1191 si
520 1137 741 1208 quando
784 1137 842 1192 in
889 1138 1042 1208 paria
1091 1135 1354 1192 incidant.
1388 1134 1526 1201 Quia
1573 1150 1705 1190 vero
1732 1136 1788 1189 in
1837 1135 2018 1190 medio

441 1227 660 1292 dicitur,
695 1227 806 1300 Ego
846 1238 1021 1283 autem
1069 1227 1308 1292 orabam,
1341 1227 1435 1283 sed
1480 1242 1730 1298 quaenam
1782 1243 1883 1298 pro
1911 1227 2019 1284 illis

441 1327 762 1389 precaretur
793 1322 1001 1389 scripto
1037 1333 1143 1372 non
1176 1317 1445 1376 traditur:
1481 1317 1752 1388 quispiam
1791 1333 1901 1373 non
1930 1317 2017 1372 in-

438 1409 723 1466 commode
763 1410 982 1476 dixerit,
1020 1411 1195 1481 ipsum
1243 1411 1356 1466 haec
1390 1427 1510 1482 qua:
1549 1411 1734 1480 iacent
1780 1425 1879 1481 pro
1912 1409 2020 1466 illis

437 1499 603 1555 etiam
659 1509 941 1571 precatum
975 1517 1118 1566 csse,
1167 1518 1287 1573 qua:
1327 1501 1590 1558 doctrinm
1625 1501 1795 1572 ipsius
1841 1500 2020 1556 aﬁinia

435 1596 596 1644 erant
625 1589 857 1646 dicentis
885 1589 1081 1647 :Orate
1116 1608 1210 1662 pro
1240 1590 1549 1647 (ardentibus
1583 1599 1632 1644 et
1668 1592 2019 1659 persequenti-

439 1677 537 1734 bus
569 1696 656 1735 vos
679 1679 747 1736 ⁸⁷.
801 1678 868 1734 Ει
910 1691 1204 1751 posuerunt
1237 1683 1513 1738 adversum
1539 1699 1619 1736 me
1637 1681 1779 1736 mala
1799 1697 1893 1751 pro
1924 1681 2016 1736 bo—

2117 498 2303 570 γέτην,
2353 497 2446 550 καὶ
2495 496 2568 568 μὴ
2603 495 2762 566 μόνον
2803 494 2913 547 τῶν
2957 494 3246 564 σωμάτων,
3294 492 3432 547 ἀλλὰ
3462 493 3557 548 καὶ
3591 494 3704 546 τῶν

2116 589 2304 660 ψυχῶν
2340 587 2520 658 ίατρόν
2540 603 2553 616 ·
2585 587 2634 639 oi
2671 586 2729 639 δὲ
2769 584 3020 652 διαϐολὰς
3051 583 3323 656 ἐρῤαπτον
3358 585 3479 640 κατ’
3509 585 3704 642 αὑτοῦ.

2201 740 2348 795 Ἇντὶ
2375 739 2482 794 τοῦ
2510 738 2749 808 ἀγαπᾷν
2789 755 2868 809 με
2906 736 3295 792 ὲνδιέϐαλλόν
3315 754 3390 807 με
3414 754 3428 768 ⁸
3473 737 3592 808 ἐγὼ
3634 737 3709 792 es

2117 834 2570 901 προσηυχόμην.
2621 830 2730 886 Καὶ
2769 831 2973 886 ἔθεντο
3016 829 3144 883 κατ’
3175 829 3321 898 ἐμοῦ
3368 828 3522 883 κακὰ
3568 829 3709 884 ἀντὶ

2117 923 2374 993 ἀγαθῶν,
2426 923 2523 978 καὶ
2542 921 2723 992 μῖσος
2755 921 2886 976 ἀντὶ
2916 920 3026 990 τῆς
3053 919 3408 990 ἀγαπήσεώς
3432 935 3578 990 μου’
3611 939 3713 991 μο-

2119 1016 2328 1087 νονουχὶ
2356 1016 2595 1079 καὶτοὺς
2629 1013 2752 1085 ἐμοὶ
2771 1013 3240 1085 μαθητευομὲνους
3267 1011 3413 1085 ἔργῳ
3435 1013 3713 1067 διδάσκων

2119 1109 2333 1172 ὁποίους
2349 1107 2442 1161 καὶ
2464 1107 2660 1170 αὐτοὺς
2681 1101 2819 1158 εἶναι
2837 1106 3118 1177 προσήκει,
3143 1105 3195 1158 εί
3217 1122 3347 1159 ποτε
3365 1107 3476 1169 τοῖς
3497 1104 3713 1177 ὁμοίοις

2121 1200 2518 1272 περιπίπτοιεν,
2570 1197 2721 1252 Ἐπεὶ
2752 1197 2808 1250 δὲ
2846 1198 3026 1270 μέσως
3075 1199 3287 1270 εἴρηται
3329 1197 3423 1250 τόο
3467 1197 3606 1267 Ἐγὼ
3638 1197 3714 1251 δὲ

2121 1291 2556 1360 προσηυχόμην
2577 1306 2591 1321 ·
2622 1290 2743 1343 τίνα
2769 1287 2827 1342 δὲ
2866 1284 2934 1361 ἦν
2983 1287 3020 1344 ἃ
3055 1287 3395 1361 προσηύχετο
3437 1290 3527 1343 καὶ
3559 1289 3714 1360 ὑπὲρ

2121 1383 2362 1448 ἐκείνων,
2390 1383 2490 1437 οὐκ
2527 1383 2857 1455 ἐμφέρεται·
2895 1379 3038 1437 είποι
3056 1381 3100 1435 δ’
3133 1382 3197 1436 ἄν
3232 1399 3317 1444 τις
3346 1381 3586 1446 εἰκότως,
3618 1381 3712 1437 ὅτι

2121 1475 2293 1530 ταῦτα
2315 1475 2655 1548 προσηύχετο
2686 1474 2781 1528 καὶ
2824 1474 2963 1546 ὑπὲρ
2994 1473 3237 1537 ἐκείνων,
3272 1472 3308 1528 ἃ
3347 1472 3410 1546 δὴ
3438 1473 3712 1542 σύμφωνα.

2119 1564 2188 1639 ἦν
2212 1570 2330 1632 ταῖς
2366 1567 2530 1622 αὐτοῦ
2557 1565 2948 1631 διδασκαλίαις,
2974 1566 3042 1619 δι’
3065 1558 3139 1620 ὧν
3172 1565 3377 1635 ἔφασκε
3403 1584 3416 1597 ·
3451 1565 3715 1633 Προσεύ-

2123 1665 2305 1730 χεσθε
2357 1659 2510 1728 ὑπὲρ
2554 1657 2676 1712 τῶν
2727 1656 3174 1727 ἐπηρεαζόντων
3223 1657 3324 1711 καὶ
3372 1657 3720 1710 διωκόντων

438 1770 544 1833 nis,
574 1779 624 1824 et
667 1771 848 1826 odium
884 1745 979 1841 pro
1007 1773 1285 1829 dilectione
1313 1791 1448 1830 mea.
1495 1772 1606 1829 Hac
1638 1772 1704 1829 de
1751 1745 1810 1828 re
1832 1773 2016 1828 dicen-

2122 1749 2296 1821 ὑμᾶς.
2319 1780 2390 1790 —
2410 1751 2518 1805 Καὶ
2544 1749 2750 1806 ἔθεντο
2775 1751 2902 1804 κατ’
2931 1749 3078 1818 ἐμοῦ
3109 1749 3261 1803 κακὰ
3286 1748 3417 1804 ἀντὶ
3445 1745 3716 1817 ἀγαθῶν,

439 1861 568 1916 dum
603 1863 775 1928 nihil,
818 1879 941 1920 cum
990 1865 1221 1921 historia
1267 1866 1577 1936 evangelica
1616 1865 2020 1920 multitudinem

439 1951 855 2020 beneﬁciorum,
880 1971 1000 2026 quae
1036 1957 1356 2012 incarnatus
1383 1957 1702 2015 hominibus
1734 1958 2019 2029 impertiit,

439 2045 852 2116 complectatur,
903 2063 1027 2102 cum
1061 2047 1274 2103 scilicet
1322 2057 1540 2104 curaret
1573 2063 1789 2104 omnem
1829 2063 2018 2103 eorum

439 2133 755 2204 languorem
779 2143 834 2190 et
862 2134 1254 2191 inﬁrmitatem.

507 2289 673 2348 Vens.
701 2291 858 2348 0-10.
910 2291 1184 2350 Constitue
1234 2311 1390 2364 super
1415 2310 1533 2348 eum
1581 2307 1924 2364 peccatorem,
1969 2304 2020 2352 et

438 2382 682 2438 diabolus
713 2393 813 2440 stet
844 2401 876 2437 a
907 2384 1108 2440 dextris
1148 2386 1284 2452 eius.
1311 2385 1415 2454 Qui
1455 2387 1620 2440 etiam
1655 2387 1832 2458 ipsum
1863 2403 2022 2444 ener-

437 2475 604 2539 vavit,
633 2488 696 2530 ac
729 2475 1002 2540 omnibus,
1034 2492 1154 2547 qua:
1184 2477 1337 2548 prius
1368 2477 1425 2532 in
1456 2477 1646 2533 dextra
1684 2479 1880 2534 animae
1907 2495 2020 2535 suae

435 2575 590 2636 parte
639 2565 920 2637 possidere
968 2569 1281 2638 videbatur,
1330 2572 1509 2642 ipsum
1558 2573 1831 2644 spoliavit.
1882 2573 2017 2630 Cum

431 2657 728 2724 iudicatur,
764 2669 914 2716 exeat
946 2660 1348 2731 condemnatus,
1381 2673 1432 2722 et
1473 2666 1644 2719 oratio
1679 2666 1790 2735 ejus
1826 2669 1924 2737 ﬁat
1963 2669 2018 2721 in

433 2760 724 2820 peccatum.
760 2751 925 2808 Fiant
950 2753 1060 2810 dies
1089 2754 1202 2825 ejus
1232 2757 1411 2825 pauci,
1440 2766 1490 2813 et
1525 2759 1880 2828 episcopatum
1904 2760 2018 2830 ejus

435 2844 660 2914 accipiat
694 2844 829 2900 alter
867 2862 886 2900 :
937 2847 1070 2916 ﬁant
1099 2848 1200 2916 ﬁlii
1249 2848 1361 2917 ejus
1385 2848 1628 2918 orphani,
1663 2861 1712 2905 et
1747 2868 1881 2905 uxor
1903 2852 2018 2920 ejus

435 2935 612 2990 vidua.
632 2935 896 2992 Nutantes
927 2938 1318 3006 transferantur
1347 2941 1448 3009 ﬁlii
1474 2942 1609 3011 ejus,
1629 2951 1677 2998 et
1703 2944 2018 3012 mendicent,

433 3027 719 3096 ejiciantur
747 3027 812 3084 de
835 3028 1250 3086 habitationibus
1278 3032 1411 3088 suis.
1447 3033 1757 3091 Verisimile
1783 3045 1869 3092 est
1906 3037 2020 3093 haec

435 3117 616 3188 reipsa
647 3132 709 3173 ac
735 3119 1035 3176 secundum
1059 3122 1262 3176 nudam
1293 3123 1530 3183 litteram
1561 3135 1749 3181 contra
1774 3129 2015 3198 prodito-
2045 3101 2087 3157 ο

436 3222 551 3263 rem
585 3216 708 3279 post
745 3211 1164 3282 suspensionem
1207 3214 1330 3285 ejus
1383 3216 1652 3286 completa
1705 3217 1902 3286 fuisse;
1939 3220 2014 3274 ita

437 3308 498 3356 ut
523 3298 620 3356 ﬁlii
645 3301 868 3372 quidem
893 3301 1014 3374 ejus
1045 3304 1278 3376 orphani
1307 3315 1514 3372 essent,
1539 3316 1594 3363 et
1623 3324 1762 3364 uxor
1791 3309 1910 3378 ejus
1933 3310 2016 3364 vi-

434 3392 566 3458 dua,
595 3403 898 3466 caeteraque
921 3397 1106 3454 omnia
1131 3412 1252 3469 qua:
1284 3407 1646 3456 recensentur
1675 3401 1742 3456 ad
1775 3402 2012 3460 litteram

437 3483 600 3544 ﬁnem
659 3487 1010 3553 sortirentur,
1052 3494 1106 3545 et
1157 3489 1438 3560 praedictio
1481 3490 1785 3548 Salvatoris
1815 3494 2012 3560 nostri,

434 3574 530 3646 qui
560 3575 676 3635 haec
708 3575 894 3638 futura
940 3578 996 3634 in
1043 3579 1254 3651 psalmo
1303 3581 1728 3651 praenuntiabat,
1771 3598 1899 3639 vera
1922 3583 2016 3639 de-

433 3666 884 3739 prehenderetur.
915 3669 1042 3728 ﬂaac
1080 3671 1211 3728 item
1237 3670 1510 3742 intelligas
1545 3675 1747 3747 populo
1783 3674 2015 3731 Iudaico

436 3765 562 3829 post
605 3758 836 3816 insidias
869 3761 925 3816 in
959 3761 1242 3818 Christum
1280 3770 1522 3819 structas
1559 3767 1844 3823 accidisse.
1877 3765 2014 3822 Nam

432 3850 625 3922 paucis
663 3852 867 3924 elapsis
905 3861 1027 3924 post
1059 3869 1280 3910 crucem
1326 3855 1507 3920 annis,
1559 3864 1672 3911 tota
1705 3873 1837 3929 gens
1867 3858 2015 3914 sedi~

431 3941 536 3998 hus
575 3943 730 4011 pulsa
769 3952 898 4000 est:
951 3953 1116 4016 atque
1150 3946 1229 4002 illi
1278 3946 1495 4016 quidem
1544 3947 1814 4003 interiecti
1860 3956 2008 4014 sunt,

431 4032 694 4093 mulieres
746 4049 877 4090 vero
942 4051 1068 4091 cum
1124 4037 1312 4093 liberis
1381 4037 1438 4092 in
1498 4039 1817 4095 servitutem
1875 4051 2010 4096 actae

431 4129 582 4179 sunt.

2123 1842 2220 1895 καί
2257 1841 2441 1910 μῖσος
2464 1841 2598 1896 ἀντὶ
2629 1840 2740 1910 τῆς
2779 1839 3139 1910 ἀγαπήσεώς
3171 1857 3312 1911 μου,
3341 1840 3477 1911 Περὶ
3502 1836 3720 1893 τούτων

2121 1934 2272 1988 οὐδὲν
2327 1933 2410 1991 δεῖ
2456 1932 2655 2002 λέγειν,
2697 1933 2796 2004 τῆς
2837 1934 2895 1986 ἐν
2931 1935 3045 1997 τοῖς
3090 1932 3440 2001 Εύαγγελίοις
3467 1930 3720 2002 ἱστορίας

2123 2023 2480 2096 περιεχούσης
2503 2023 2564 2076 τὸ
2592 2023 2792 2094 πλῆθος
2821 2023 2930 2077 τῶν
2962 2024 3290 2094 εὐεργεσιῶν
3333 2016 3409 2080 ὧν
3435 2021 3716 2094 ἐνανθρω-

2121 2118 2304 2187 πήσας
2333 2117 2517 2180 αὐτοῖς
2535 2117 2785 2186 παρεῖχε,
2805 2114 3123 2188 θεραπεύων
3150 2115 3328 2168 αὐτῶν
3351 2115 3531 2170 πᾶσαν
3554 2114 3718 2169 νόσον

2123 2210 2216 2263 καὶ
2248 2211 2429 2263 πᾶσαν
2459 2207 2749 2280 μαλακίαν.

2191 2299 2596 2369 Κατάστησον
2609 2299 2701 2353 ἐπ’
2736 2297 2924 2354 αὑτὸν
2965 2297 3338 2368 ἁμαρτωλὸν,
3368 2297 3464 2351 καὶ
3511 2296 3716 2352 διάϐο-

2119 2397 2229 2460 λος
2261 2392 2458 2462 στήτω
2479 2393 2548 2447 ἐκ
2597 2391 2814 2457 δεξιῶν
2839 2391 3053 2448 αὐτοῦ.
3106 2391 3165 2447 ὐ
3193 2391 3288 2445 καὶ
3333 2389 3586 2453 σκελίσας
3606 2388 3710 2443 αὑ·

2120 2486 2233 2550 τὸν,
2277 2486 2456 2540 πάντα
2496 2484 2533 2540 δι
2585 2484 2847 2557 πρότερον
2893 2483 3066 2538 ἐδόκει
3105 2481 3402 2554 κεκτῆσθαι
3433 2481 3586 2554 δεξιᾷ
3609 2481 3713 2553 τῆς

2121 2579 2285 2634 αύτοῦ
2323 2577 2503 2650 ψυχῆς
2521 2577 2886 2649 ἀποσυλήσας.
2919 2575 3015 2629 Ἐν
3034 2574 3115 2642 τῷ
3135 2575 3443 2644 κρίνεσθαι
3470 2574 3715 2637 ἐξέλθοι

2121 2667 2722 2738 καταδεδικασμένος,
2744 2667 2841 2720 καὶ
2857 2667 2896 2734 ἡ
2911 2664 3222 2735 προσευχὴ
3234 2664 3421 2720 αὐτοῦ
3438 2663 3716 2733 γενέσθω

2119 2765 2206 2830 είς
2263 2761 2574 2833 ἁμαρτίαν.
2630 2757 3076 2828 Γενηθήτωσαν
3118 2759 3178 2811 al
3229 2757 3441 2827 ἡμέραι
3519 2754 3715 2810 αὐτοῦ

2121 2854 2337 2924 ὀλίγαι,
2370 2852 2468 2905 καὶ
2508 2851 2624 2919 τὴν
2656 2848 3001 2918 ἐπισκοπὴν
3046 2847 3233 2902 αὐτοῦ
3283 2845 3455 2902 λάϐοι
3482 2846 3711 2916 ἕτερος.

2120 2943 2561 3012 Γενηθήτωσιιν
2587 2943 2638 2996 ol
2668 2941 2784 2996 υἱοὶ
2807 2939 2995 2995 αὐτοῦ
3039 2938 3306 3008 ὀρφανοὶ,
3352 2936 3452 2991 καί
3480 2937 3520 3004 ἢ
3549 2937 3711 3008 ηυγ-ὴ

2119 3035 2304 3090 αὐτοῦ
2344 3032 2532 3104 χήραο
2592 3031 2987 3102 σαλευόμενοι
3035 3028 3592 3100 μεταναστήτωσαν
3655 3032 3711 3084 cl

2120 3125 2237 3181 υἱοί
2274 3125 2480 3188 αὐτοῦ,
2527 3122 2625 3177 καί
2668 3121 3201 3189 ἐπαιτησὰτωσανο
3236 3117 3710 3188 ἐκϐληθήτωσον

2119 3216 2189 3271 ἐκ
2219 3213 2338 3269 τῶν
2379 3211 2708 3269 οἰκοπέδων
2755 3209 2972 3266 αὐτῶν.
3008 3210 3169 3273 Είκὸς
3219 3209 3315 3264 καὶ
3355 3208 3538 3280 ῥητῶς
3567 3207 3710 3265 κατὰ

2119 3306 2280 3378 ψιλὴν
2305 3305 2405 3378 τὴν
2427 3304 2570 3372 λέξιν
2593 3302 2769 3358 ταῦτα
2809 3302 2988 3358 πάντα
3021 3299 3414 3372 πεπληρῶσθαι
3439 3299 3582 3353 κατὰ
3607 3299 3706 3352 τοῦ

2119 3397 2379 3471 προδότου
2413 3395 2552 3468 μετὰ
2566 3393 2664 3467 τὴν
2686 3393 2983 3465 ἀνάρτησιν
3016 3389 3206 3456 αὐτοῦ,
3244 3389 3361 3461 ἅμα
3393 3388 3492 3460 μὲν
3533 3389 3701 3461 ὀρφαο

2116 3490 2224 3544 νῶν
2255 3489 2560 3560 γενομένων
2581 3485 2758 3560 ,αὐτοῦ
2801 3484 2910 3538 τῶν
2935 3484 3161 3548 παίδων,
3207 3481 3326 3552 ἃμα
3363 3480 3422 3534 δέ
3457 3480 3552 3534 καὶ
3604 3482 3704 3551 τῆς

2116 3580 2375 3654 γυναικὸς
2395 3581 2452 3634 ἐν
2484 3579 2685 3652 χηρείᾳ
2717 3577 3084 3649 καταστάσης,
3107 3574 3204 3630 καὶ
3249 3571 3359 3625 τῶν
3381 3569 3509 3641 ἐξῆς
3537 3588 3691 3625 arata-

2117 3672 2416 3745 λεχθέντων
2439 3672 2692 3726 ἁπάντων
2721 3669 2856 3743 πρὸς
2882 3667 3026 3733 λέξιν
3057 3666 3210 3729 τέλος
3259 3663 3570 3734 εἰληφότων,
3615 3662 3693 3726 ὡς

2116 3759 2412 3832 ἀληθεῦσαι
2442 3758 2541 3832 τὴν
2567 3757 2870 3829 πρόρρησιν
2904 3756 2995 3810 τοῦ
3026 3754 3284 3827 Σωτῆρος
3319 3751 3466 3825 ἡμῶν
3483 3751 3574 3806 διὰ
3592 3750 3696 3806 τοῦ

2115 3850 2331 3924 ψαλμοῦ
2357 3850 2531 3906 ταῦτα
2550 3849 2785 3903 ἔσεσθαι.
2815 3849 3048 3920 Νοήσεις
3077 3847 3134 3900 δέ
3165 3845 3343 3901 ταῦτα
3369 3845 3462 3899 καὶ
3480 3844 3575 3897 ἐπὶ
3599 3843 3698 3897 τοῦ

2115 3944 2246 3999 λαοῦ
2279 3927 2374 3996 τού
2411 3940 2673 3995 Ἰουδαίων
2701 3939 2887 4003 ἔθνους
2922 3937 3065 3993 κατά
3103 3937 3247 4004 λέξιν
3295 3935 3700 4008 πεπληρωμένα

2120 4034 2258 4109 μετὰ
2299 4033 2397 4105 τὴν
2438 4033 2518 4096 εἰς
2565 4031 2655 4085 τὸν
2688 4030 2928 4104 Χριστὸν
2970 4029 3295 4102 ἐπιϐουλήν·
3343 4026 3572 4096 Ὀλὶγων
3592 4025 3701 4096 γὰρ

2118 4128 2258 4200 μετά
2293 4127 2385 4181 τὸν
2414 4125 2646 4197 σταυρὸν
2674 4123 2988 4178 διελθόντων
3011 4121 3168 4188 ἐτῶν,
3201 4122 3432 4176 ἄστατον
3465 4119 3612 4174 ἅπαν
3640 4125 3703 4178 τὸ

430 4212 579 4277 ἔθνος
600 4214 844 4284 ἐγένετοσ
878 4216 970 4275 καὶ
997 4218 1044 4270 οἱ
1090 4216 1189 4288 μὲν
1220 4215 1585 4290 ἀνῃρέθησαν,
1622 4219 1678 4273 al
1710 4220 1768 4274 δὲ
1807 4219 2014 4275 τούτων
2041 4221 2297 4290 γυναῖκες
2335 4216 2474 4290 μετὰ
2500 4215 2608 4270 τῶν
2629 4214 2834 4269 παίδων
2861 4211 3452 4286 ἐξηνδραποδίσθησαν.

495 4307 663 4367 Vens.
695 4309 881 4366 11-15.
918 4309 1195 4368 Scrutatur
1245 4314 1511 4385 fenerator
1533 4332 1736 4370 omnem
1765 4317 2012 4370 substan-
2043 4324 2087 4379 [ι

434 4402 565 4456 tiam
585 4403 721 4473 ejus,
749 4411 800 4458 et
823 4403 1076 4474 diripiant
1105 4406 1266 4461 alieni
1305 4408 1518 4464 divitias
1557 4424 1758 4465 eorum.
1786 4407 1910 4462 Non
1937 4409 2007 4462 sit

429 4492 512 4548 illi
552 4505 842 4563 susceptor.
874 4512 967 4550 nec
1002 4497 1073 4550 sit
1099 4499 1379 4554 miserator
1409 4501 1624 4570 pupillis
1674 4500 1809 4570 ejus.
1841 4497 2008 4553 Fiant

428 4585 543 4639 nati
587 4585 701 4656 ejus
743 4587 801 4641 in
843 4587 1138 4654 interitum,
1173 4591 1227 4644 in
1269 4594 1602 4662 generatione
1634 4609 1740 4645 una
1770 4591 2010 4646 deleatur

427 4691 613 4731 nomen
634 4677 771 4748 ejus.
821 4675 1184 4750 Symmachus
1217 4697 1344 4738 vero
1378 4683 1458 4739 sic
1479 4727 1494 4746 .
1535 4683 1765 4754 Colligat
1790 4694 2010 4738 exactor

427 4771 605 4823 omnia
631 4785 749 4839 qua:
779 4778 902 4823 sunt
931 4771 1054 4840 ipsi.
1094 4771 1393 4832 Exactores
1421 4784 1602 4831 autem
1634 4777 2004 4832 Romanorum

427 4861 787 4930 imperatores
814 4871 965 4926 sunt,
991 4862 1304 4935 impositum
1331 4869 1564 4940 vectigal
1590 4869 1904 4940 exigentes.
1937 4867 2004 4924 lli

426 4965 593 5021 porro
616 4950 799 5006 omnia
827 4949 1139 5009 Iudaeorum
1171 4956 1315 5011 houa
1345 4958 1712 5028 diripuerunt,
1749 4967 2004 5014 accurate

426 5041 613 5097 omnia
641 5051 976 5111 scrutantes,
1006 5046 1082 5100 ita
1129 5057 1186 5103 ut
1229 5051 1445 5105 occulta
1471 5051 1645 5118 etiam
1693 5051 2002 5107 invenirent

425 5135 641 5206 sibique
668 5136 1027 5195 vindicarent.
1063 5139 1159 5198 His
1190 5157 1316 5198 vero
1349 5145 1536 5213 gestis,
1568 5153 1857 5216 postquam
1891 5145 1996 5200 ini.

426 5226 551 5282 mici
584 5226 729 5282 bona
756 5229 998 5300 ipsorum
1029 5231 1172 5288 inter
1193 5249 1252 5289 se
1282 5233 1591 5298 diviserint,
1624 5251 1784 5292 nemo
1807 5236 1874 5292 iis
1903 5235 2000 5290 ad-

427 5314 571 5383 iutor
594 5318 723 5382 erit,
747 5334 850 5374 nec
868 5335 1055 5376 eorum
1081 5323 1208 5377 ﬁliis
1235 5335 1507 5394 parcetur.
1531 5324 1737 5382 Deinde
1765 5326 1998 5398 quadra-

427 5405 573 5476 ginta
599 5410 840 5466 nondum
867 5412 1071 5483 elapsis
1099 5417 1281 5485 anuis,
1309 5415 1621 5478 Judaeorum
1656 5421 1891 5493 populus
1915 5419 2000 5475 in-

428 5501 739 5557 ternecione
769 5503 981 5561 deletus
1005 5510 1092 5564 est

497 5758 539 5793 ιν
580 5755 767 5815 Matth.
808 5776 867 5828 ν,
900 5761 989 5821 ﬂ.

2199 4311 2681 4384 Ἐξερευνησάτω
2718 4307 3046 4376 δανειστὴς
3073 4307 3270 4362 πάντα
3294 4306 3412 4359 ὅσα
3443 4304 3701 4376 ὑπάρχει

2113 4405 2272 4472 αὐτῷ
2291 4423 2304 4435 ·
2327 4404 2426 4459 καὶ
2447 4399 2951 4472 διαρπασὰτωσαν
2967 4399 3272 4466 ἀλλότριοι
3301 4397 3409 4451 τὸν
3428 4399 3702 4453 πλοῦτον

2113 4498 2332 4554 αὐτῶν.
2391 4494 2486 4564 Μὴ
2539 4491 2861 4562 ὐπαρξάτω
2921 4489 3082 4555 αὐτῷ
3118 4488 3519 4556 ἀντιλήπτωρ,
3539 4489 3701 4558 μηδὲ

2111 4589 2414 4663 γενηθήτω
2443 4586 2760 4656 οἰκτίρμων
2796 4583 2922 4650 τοῖς
2953 4580 3236 4652 ὀρφανοῖς
3260 4580 3466 4635 αὐτοῦ.
3501 4583 3696 4648 Γενη-

2111 4679 2268 4743 θήτω
2292 4683 2366 4731 τὰ
2399 4675 2579 4730 τέκνα
2600 4673 2788 4729 αὐτοῦ
2833 4676 2921 4738 εὶς
2939 4672 3388 4740 ἐξολόθρευσιν,
3424 4671 3495 4724 ἐν
3517 4670 3697 4741 γενεᾷ

2104 4768 2211 4841 μιᾷ
2228 4767 2606 4837 ἐξαλειφθείη
2654 4765 2722 4819 τὸ
2754 4765 2940 4834 ὄνομα
2973 4763 3179 4818 αὐτοῦ.
3235 4762 3294 4815 '0
3313 4761 3369 4816 δὲ
3395 4762 3696 4834 Σύμμαχος

2108 4858 2270 4923 οὕτω,
2298 4855 2676 4927 Συγκρούσαι
2698 4851 2974 4921 πράκτωρ
3003 4852 3201 4906 πάντα
3226 4851 3298 4905 τὰ
3315 4853 3694 4921 ,ὑπάρχοντα

2108 4951 2287 5017 αὐτῷ.
2344 4949 2661 5021 Πράκτορες
2688 4946 2746 5000 δὲ
2775 4947 2870 5000 καὶ
2892 4947 2941 4998 οἱ
2990 4945 3273 5017 Ῥωμαίων
3318 4945 3558 5014 βασιλεῖς
3597 4947 3692 4999 τὸν

2107 5040 2450 5112 ἐπικείμενον
2484 5036 2930 5110 εἰσπραττόμενοι
2963 5035 3148 5105 φόρον.
3177 5029 3335 5091 Οὗτοι
3365 5035 3421 5088 δὲ
3450 5035 3521 5089 τὰ
3560 5036 3693 5088 Ἰου-

2105 5134 2270 5203 δαίων
2295 5133 2625 5204 διήρπασαν,
2654 5130 2867 5184 ἅπαντα
2893 5129 3136 5201 ἀκριϐῶς
3167 5131 3578 5202 ἐρευνήσαντες,
3610 5129 3692 5194 ὡς

2105 5224 2202 5278 καὶ
2219 5222 2286 5276 τὰ
2302 5221 2658 5295 κεκρυμμένα
2671 5222 2851 5291 εὑρεῖν
2865 5238 2925 5274 τε
2941 5220 3032 5274 καὶ
3053 5219 3614 5293 σφετερίσαι.Τούτων
3628 5219 3688 5274 δὲ

2104 5315 2431 5386 γενομένων,
2471 5315 2565 5367 καὶ
2592 5313 2700 5367 τῶν
2740 5312 3011 5384 πολεμίων
3025 5313 3094 5366 τὰ
3107 5311 3318 5376 τούτοις
3335 5313 3683 5384 προσήκοντα

2103 5406 2527 5477 διανεμομένων,
2545 5405 2716 5470 οὐδεὶς
2728 5405 2909 5470 αὐτοῖς
2929 5405 3220 5477 ἐπίκουρος
3240 5404 3411 5469 ἔσται,
3423 5404 3542 5458 οὐδὲ
3557 5421 3677 5473 φει-

2103 5496 2225 5562 δοῦς
2251 5497 2490 5566 αὐτῶνεοί
2519 5498 2705 5562 παῖδες
2730 5497 3134 5568 ἀξιωθήσονταιι.
3147 5493 3285 5566 ,Εἶτα
3299 5503 3352 5569 μ’
3365 5499 3427 5551 οὗ
3443 5498 3673 5554 διελθόν-

2102 5607 2210 5650 των
2223 5590 2383 5658 ἐτῶν,
2397 5590 2626 5647 πανολεθ
2634 5591 2752 5664 ρίαν
2769 5590 3058 5662 ὑπέμεινεν
3071 5593 3101 5646 ό
3132 5589 3400 5646 Ἰουδαίων
3422 5589 3566 5655 λαός.
