4040 6210
318 287 446 345 I337

1401 289 1907 350 COMMENTARIA
1945 292 2011 348 IN
2052 293 2391 351 PSALMOS.

3425 297 3562 355 1558
3634 291 3664 360 ,Τ

390 405 818 479 Ἆναιινησθείη
863 408 904 480 ἡ
936 409 1157 482 ἀνομία
1210 410 1330 467 τῶν
1383 413 1655 484 πατέρων
1695 415 1919 477 αὐτοῦ,

2055 413 2221 472 Vens.
2253 415 2440 472 14-16.
2502 415 2570 471 In
2601 417 2909 472 memoriam
2958 417 3138 472 redeat
3181 417 3433 488 iniquitas
3466 433 3566 486 pa-

313 499 514 556 ἓναντι
543 502 788 571 Κυρίου,
817 503 916 558 καὶ
945 505 985 574 ἡ
1026 505 1282 576 ἁμαρτία
1313 506 1426 577 τῆς
1448 508 1673 579 μητρὸς
1703 511 1891 566 αὐτοῦ

310 593 392 662 μὴ
415 593 816 666 ἐξαλειφθείη.
849 595 1168 666 Γενηθήτω
1194 599 1473 656 ἐναντίον
1503 603 1725 672 Κυρίου
1776 603 1897 659 διαρ

310 689 559 754 παντὸς,
577 691 672 744 καί
689 691 1145 762 ἐξολοθρευθείη
1179 693 1251 749 ἐκ
1271 693 1387 764 τῆς
1407 695 1473 748 τὸ
1491 699 1897 767 μνημόσυνον

312 777 530 845 αὐτῶν,
559 780 688 836 ἀνθ’
724 775 812 836 ὧν
833 784 944 836 οὐκ
967 783 1241 853 ἐμνήσθη
1273 784 1526 854 ποιῆσαι
1555 787 1749 855 ἔλεος.
1778 790 1895 842 Πα-

312 868 487 941 τέρων
526 869 694 942 ἀρετὴ
737 871 995 936 πολλάκις
1043 873 1137 926 καλ⁸
1177 873 1675 947 πλημμελήσαντας
1718 877 1897 949 ὢνησε

316 962 533 1028 παῖδας,
564 963 640 1027 ὡς
696 965 823 1028 τοὺς
876 964 1162 1029 Ἰουδαίους
1199 965 1290 1019 τοῦ
1347 967 1598 1040 Ἀϐραὰμ
1627 971 1660 1040 ἠ
1693 969 1897 1036 πίστις,

316 1055 393 1120 ὡς
423 1057 515 1111 τὸν
542 1057 862 1129 Σολομῶντα
899 1058 994 1113 τοῦ
1031 1059 1196 1113 Δαυῒδ
1215 1059 1250 1131 ἡ
1282 1060 1534 1115 εὐσέϐεια
1553 1081 1566 1093 ο
1592 1063 1824 1137 πονηρία
1843 1066 1900 1119 δὲ

317 1146 568 1219 πατέρων
594 1151 708 1213 τοίς
752 1149 960 1220 ὁμοίοις
988 1150 1176 1203 παισὶν
1205 1149 1429 1216 ὲπαύξει
1468 1151 1566 1224 τὴν
1597 1155 1896 1228 τιμωρίανο

316 1237 544 1310 οὐδεμία
581 1241 690 1310 γὰρ
719 1239 1017 1311 οὐδαμόθεν
1051 1238 1363 1311 εὑρίσκεται
1405 1240 1620 1311 φειδοῦς
1657 1243 1901 1315 ἀφορμή.

331 1331 758 1401 Ἀναμνησθείη
777 1333 814 1401 ἡ
832 1332 1052 1400 ἀνομία
1066 1330 1186 1385 τῶν
1200 1333 1472 1403 πατέρων
1494 1334 1680 1388 αὐτοῦ
1697 1333 1903 1389 ἔναντι

319 1426 563 1494 Κυρίου.
616 1425 866 1498 Πατέρας
905 1425 960 1478 δὲ
1004 1424 1187 1480 αὐτῶν
1223 1427 1381 1480 καλεῖ
1395 1427 1519 1490 τοὺς
1545 1429 1603 1480 ὲν
1622 1430 1688 1499 τῇ
1714 1429 1904 1501 ἐρήμῳ

1993 516 2133 560 trum
2154 507 2270 577 ejus
2301 508 2357 561 in
2403 518 2681 576 conspectu
2716 508 2950 572 Domini,
2989 518 3040 564 et
3077 518 3344 578 peccatum
3374 511 3563 566 matris

1991 600 2106 670 ejus
2133 617 2235 654 non
2256 599 2514 655 deleatur.
2549 599 2672 655 Fiat
2717 611 2905 658 contra
2949 602 3236 658 Dominum
3261 618 3480 672 semper,
3515 616 3564 657 et

1993 693 2257 761 dispereat
2297 693 2361 748 de
2417 703 2558 750 terra
2601 697 2905 752 memoriale
2952 713 3154 760 eorum,
3201 711 3298 764 pro
3334 712 3394 750 eo
3427 694 3566 767 quod

1996 803 2100 840 non
2118 796 2198 840 est
2225 785 2531 842 recordatus
2557 789 2728 858 facere
2753 789 3190 846 misericordiam.
3217 789 3436 844 Patrum
3463 788 3570 841 vir-

1996 886 2086 934 tus
2115 895 2488 950 saepenumero
2515 882 2679 934 etiam
2707 879 2832 937 ﬁliis
2867 881 3220 952 peccantibus
3246 880 3472 951 profuit,
3509 889 3568 934 ut

1999 968 2132 1025 ﬁdes
2156 969 2383 1024 Abrahae
2408 968 2632 1034 Judteis,
2657 969 2879 1026 Davidis
2913 969 3085 1042 pietas
3117 968 3392 1024 Salomoni
3429 986 3442 1023 :
3473 965 3570 1022 sed

2001 1062 2240 1131 pravitas
2275 1069 2564 1131 parentum
2595 1062 2722 1117 ﬁliis
2748 1061 3018 1118 similibus
3051 1076 3269 1132 poenam
3302 1059 3568 1129 adauget;

2001 1171 2066 1211 ex
2097 1155 2249 1209 nullo
2277 1157 2478 1226 quippe
2520 1155 2641 1210 loco
2686 1156 2867 1224 aliqua
2912 1154 3205 1209 miserendi
3236 1151 3454 1207 occasio
3485 1165 3573 1203 re-

2002 1247 2232 1318 peritur.
2269 1245 2333 1299 In
2377 1247 2685 1299 memoriam
2719 1245 2897 1298 redeat
2935 1244 3188 1313 iniquitas
3218 1252 3430 1312 patrum
3459 1240 3572 1309 ejus

2003 1339 2059 1389 in
2113 1348 2391 1406 conspectu
2432 1336 2665 1390 Domini.
2716 1335 2908 1390 Patres
2957 1344 3134 1388 autem
3179 1348 3368 1388 eorum
3416 1342 3575 1386 vocat

2005 1427 2152 1488 illos.
2199 1428 2293 1498 qui
2327 1429 2381 1482 in
2414 1427 2634 1483 deserto
2679 1427 2842 1496 impie
2873 1440 2933 1481 se
2972 1432 3280 1496 gesserunt,
3317 1423 3410 1493 qui
3439 1429 3578 1476 tem-

319 1518 387 1589 τῇ
443 1515 729 1588 δυσσεϐείᾳ.
771 1517 1169 1589 χρησαμένους,
1219 1519 1346 1582 τοὺς
1386 1519 1479 1572 ἐπὶ
1528 1519 1638 1572 τῶν
1677 1519 1898 1592 κριτῶν,

2018 1532 2132 1584 )ore
2161 1517 2405 1586 judicum
2454 1524 2510 1571 et
2549 1532 2759 1588 regum,
2803 1515 3006 1585 quique
3045 1524 3166 1585 post
3222 1513 3454 1568 reditum
3509 1528 3577 1566 ex

320 1610 446 1672 τοὺς
467 1608 677 1662 ἐπὶτῶν
695 1601 1150 1680 βασιλειῶν,’τούς
1169 1610 1306 1682 μετὰ
1333 1609 1432 1682 τὴν
1456 1611 1564 1664 ἀπὸ
1585 1611 1904 1676 Βαϐυλῶνος

2018 1611 2303 1682 Babylonia
2332 1610 2516 1680 inique
2545 1611 2820 1665 vixerunt.
2852 1607 2921 1662 Et
2946 1619 3216 1678 peccatum
3249 1607 3437 1660 matris
3464 1605 3579 1675 ejus

320 1697 579 1751 ἐπάνοδον
593 1699 905 1770 παρανομία
929 1701 1289 1772 συζήσαντας.
1319 1701 1428 1755 Καὶ
1454 1702 1491 1768 ἡ
1518 1701 1774 1770 ἁμαρτία
1794 1700 1905 1769 τῆς

2018 1717 2114 1754 non
2150 1699 2408 1756 deleatur.
2444 1700 2669 1754 Matrem
2701 1717 2830 1756 vero
2881 1708 3041 1754 vocat
3077 1697 3492 1769 Jerosolymam,
3524 1698 3582 1751 in

315 1787 542 1858 μητρὸς
587 1790 772 1844 αὑτοῦ
818 1789 905 1860 μὴ
963 1790 1363 1860 ἐξαλειφθείη.
1425 1791 1658 1862 Μητέρα
1706 1790 1760 1844 δὲ
1810 1789 1908 1861 τὴν

331 1879 704 1953 Ἰερουσαλὴμ,
753 1883 811 1935 ἐν
842 1877 1000 1956 τῆς
1038 1881 1180 1936 κατὰ
1222 1881 1317 1935 τοῦ
1357 1881 1628 1935 Δεσπότου
1670 1880 1908 1953 Χριστοῦ

328 1973 639 2045 μιαιφονίας
665 1974 932 2046 ἐτολμήθη
961 1974 1021 2028 τὸ
1041 1974 1231 2045 μῦσος.
1267 1973 1591 2043 Γενηθήτω
1629 1974 1910 2028 ἐναντίον

323 2063 546 2132 Κυρίου
576 2063 922 2131 διαπαντὸς,
949 2064 1047 2119 καὶ
1087 2064 1538 2135 ἐξολοθρευθείη
1581 2065 1651 2119 ἐκ
1695 2064 1811 2136 γῆς
1840 2065 1910 2119 τὸ

319 2157 723 2225 μνημόσυνον
775 2155 994 2223 αὐτῶν.
1028 2159 1159 2214 ἀνθ’
1193 2149 1281 2212 ὧν
1301 2159 1413 2212 οὐκ
1440 2158 1713 2228 ἐμνήσθη
1745 2157 1914 2227 ποιῆ-

328 2265 434 2304 σαι
459 2249 652 2317 ἕλεος.
688 2251 892 2316 Πάντα,
941 2253 1099 2323 φησὶ,
1129 2251 1198 2304 τὰ
1237 2252 1329 2304 ὐπ’
1362 2251 1542 2305 αὐτῶν
1572 2250 1913 2323 τολμηθέντα

329 2340 621 2413 παράνομα
677 2341 766 2395 ἀεὶ
813 2340 1083 2413 θεώμενος
1134 2344 1163 2395 ό
1195 2341 1364 2406 Θεὸς,
1413 2343 1671 2413 οὐδεμιᾶς
1717 2343 1916 2408 αὐτοὺς

329 2433 551 2502 ἀξιώσει
593 2432 831 2502 φειδοῦς,
867 2433 1002 2487 ἀλλὰ
1047 2431 1376 2505 πανολεθρίᾳ
1426 2431 1756 2506 παραδώσει.
1803 2435 1915 2488 Καὶ

331 2527 578 2582 ἐντεῦθεν
607 2526 787 2597 μέντοι
818 2526 996 2596 δῆλον,
1020 2525 1098 2590 ώς
1120 2525 1181 2579 οὐ
1212 2525 1340 2598 περὶ
1389 2526 1552 2597 μόνου
1589 2524 1685 2579 τοῦ
1718 2525 1910 2592 Ἰούδα,

333 2620 471 2674 ἀλλὰ
503 2621 630 2692 περὶ
661 2621 878 2674 πάντων
902 2618 1010 2672 τῶν
1039 2619 1421 2691 ὴπιστηκότων
1436 2617 1703 2672 Ἰουδαίων
1730 2617 1911 2690 λέγει’

2009 1807 2114 1862 qua
2143 1800 2430 1846 cruentum
2484 1798 2676 1846 contra
2713 1790 3000 1846 Dominum
3045 1790 3327 1846 Christum
3372 1788 3584 1844 facinus

2014 1892 2326 1957 perpetrare
2354 1885 2475 1940 ausi
2496 1892 2642 1940 sunt.
2671 1883 2800 1938 Fiat
2829 1893 3012 1939 contra
3042 1884 3328 1939 Dominum
3359 1897 3584 1951 semper,

2014 1985 2063 2032 et
2085 1976 2350 2046 dispereat
2380 1979 2444 2032 de
2486 1989 2628 2032 terra
2665 1978 2970 2032 memoriale
2993 1993 3196 2040 eorum,
3235 1991 3330 2045 pro
3359 1993 3419 2030 eo
3447 1977 3586 2047 quod

2014 2087 2120 2126 non
2145 2079 2223 2125 est
2254 2069 2561 2125 recordatus
2605 2071 2779 2141 facere
2825 2070 3267 2126 misericordiam.
3301 2067 3440 2124 Cum
3471 2083 3590 2122 om-

2013 2163 2126 2226 nia,
2158 2163 2357 2233 inquit,
2384 2163 2454 2217 ab
2478 2163 2561 2219 eis
2585 2162 2825 2219 admissa
2850 2163 3059 2218 scelera
3080 2161 3224 2218 Deus
3265 2175 3480 2230 semper
3507 2159 3594 2214 in~

2013 2264 2255 2320 tueatur,
2278 2256 2438 2326 {nulla
2483 2256 2633 2326 ipsos
2662 2257 2823 2311 venia
2862 2256 3196 2327 dignabitur,
3228 2254 3322 2311 sed
3350 2254 3594 2309 interno-

2013 2345 2160 2401 cioni
2207 2345 2408 2400 tradet.
2456 2347 2635 2416 Atque
2669 2347 2800 2402 hinc
2844 2348 3021 2417 palam
3065 2357 3170 2410 est,
3225 2362 3338 2402 non
3375 2345 3443 2400 de
3476 2344 3596 2400 solo

2011 2435 2174 2503 Juda,
2213 2437 2310 2493 sed
2341 2438 2409 2493 de
2441 2438 2695 2493 omnibus
2725 2437 3026 2493 incredulis
3054 2437 3257 2494 Iudaeis
3285 2439 3400 2494 haec
3429 2437 3540 2492 dici
3575 2453 3593 2492 :

2012 2545 2139 2585 nam
2168 2530 2728 2602 asingularipersona
2755 2529 2821 2584 ad
2853 2531 3058 2586 multos
3078 2543 3387 2585 sermonem
3410 2537 3598 2584 trans-

2015 2623 2168 2692 tulit;
2197 2639 2304 2679 non
2333 2623 2478 2679 enim
2501 2623 2616 2693 jam
2647 2622 2800 2691 dicit,
2829 2622 2966 2692 ejus,
3024 2621 3143 2687 sed,
3169 2638 3370 2676 eorum.

333 2715 444 2770 ἀπὸ
490 2714 598 2787 γὰρ
643 2712 825 2768 ἑνικοῦ
872 2713 1165 2785 προσώπου
1204 2712 1297 2767 ἐπὶ
1345 2713 1409 2767 τὸ
1461 2711 1822 2784 πληθυντικὸν
1871 2715 1963 2771 τὸν
2011 2716 2171 2789 λόγον
2218 2719 2580 2791 μετήνεγκενο
2611 2717 2795 2772 οὐκέτι
2839 2716 2950 2791 γὰρ
2999 2713 3172 2784 εἶπεν.
3219 2713 3428 2782 αὐτοῦ,
3458 2709 3602 2794 ἀλλ’,

334 2806 558 2863 αὐτῶν.

408 2920 519 2976 Καὶ
556 2919 915 2985 κατεδίωξεν
938 2918 1253 2988 ἄνθρωπον
1274 2920 1504 2988 πένητα
1530 2919 1631 2974 καὶ
1656 2920 1915 2991 πτωχὸν,

2091 2919 2258 2986 Vens,
2301 2921 2485 2978 17-20.
2527 2921 2599 2976 Et
2626 2929 2929 2992 persecutus
2968 2929 3046 2978 est
3095 2920 3358 2976 hominem
3397 2923 3604 2993 inopem

339 3015 437 3070 καὶ
476 3011 998 3083 κατανενυτμένον
1037 3009 1112 3080 τῇ
1135 3011 1352 3081 καρδιά
1389 3012 1497 3068 τοῦ
1537 3012 1878 3068 θανατῶσαι
1902 3031 1918 3045 ·

339 3107 584 3162 τουτέστι
608 3104 992 3176 πεπληγμένον
1022 3104 1088 3158 δι’
1117 3103 1184 3168 ἃς
1210 3103 1358 3177 ἑώρα
1392 3105 1450 3158 ὲν
1477 3104 1661 3169 αὐτοῖς
1686 3123 1925 3178 παρανο-

344 3201 494 3273 μίας.
528 3198 688 3254 ὐθεν
711 3200 804 3252 καὶ
831 3198 970 3271 πρὸς
995 3197 1094 3270 τὴν
1151 3196 1508 3269 Ἰερουσαλὴμ
1539 3196 1690 3266 ἔλεγε
1721 3197 1926 3252 κλαίων

343 3297 542 3368 αὐτήνο
563 3296 634 3349 ει
666 3292 858 3364 ἔγνως
886 3290 1084 3345 καὶσὺ
1110 3290 1182 3344 τὰ
1201 3288 1627 3358 πρὸςθειρήνην
1654 3303 1784 3343 σοι’
1807 3289 1928 3345 νῦν

341 3387 660 3456 δὲοέκρύόη
707 3382 827 3440 ἀπὸ
860 3381 980 3438 τῶν
1029 3379 1350 3452 ὀφθαλμῶν
1395 3395 1534 3436 σου.
1591 3380 1927 3435 Ἐθανάτωσε

342 3481 402 3536 δὲ
451 3479 632 3543 αὐτὸν,
677 3477 851 3541 αἴτιος
875 3475 1167 3548 γενόμενος
1195 3472 1290 3527 τοῦ
1325 3474 1405 3537 είς
1437 3473 1664 3528 θάνατον
1693 3473 1930 3545 παραδο-

345 3575 527 3646 Θῆναι.
562 3569 972 3640 Καὶήγάπησε
1000 3564 1287 3636 κατάραν,
1321 3566 1422 3620 καὶ
1453 3565 1586 3634 ἣξει
1607 3565 1768 3633 αὐτῷ
1786 3581 1800 3598 ο
1829 3565 1928 3620 καὶ

344 3668 459 3720 οὐκ
483 3662 788 3734 ἠθέλησεν
805 3661 1110 3731 εὐλογίαν,
1166 3661 1266 3714 καὶ
1309 3659 1800 3729 μακρυνθήσεται
1828 3659 1930 3714 ἀπ’

344 3756 555 3812 αὑτοῦ.
584 3755 698 3810 Καὶ
737 3753 1066 3809 ἐνεδύσατο
1093 3751 1358 3820 κατάραν
1396 3751 1478 3818 ὡς
1526 3750 1785 3820 ἱμάτιον,
1829 3749 1932 3804 καὶ

345 3847 638 3917 εἰσῆλθεν
662 3847 744 3913 ὡς
758 3844 916 3914 ὕδωρ
940 3848 1029 3912 εὶς
1050 3844 1124 3899 τὰ
1167 3843 1392 3914 ἔγκατα
1415 3843 1625 3907 αὐτοῦ,
1654 3842 1756 3896 καὶ
1786 3843 1932 3897 ὡσεὶ

345 3939 559 3995 ἔλαιον
584 3939 654 3993 ἐν
684 3937 810 4004 τοῖς
840 3936 1078 4003 ὀστέοις
1100 3936 1309 3992 αὐτοῦ.
1341 3933 1660 4002 Γενηθήτω
1674 3932 1834 3999 αὐτῷ
1853 3932 1934 4000 ὡς

346 4030 584 4102 ἱμάτιον
613 4030 646 4085 ὃ
689 4029 1125 4099 περιϐάλλεται,
1179 4029 1280 4083 καὶ
1335 4027 1478 4082 ὡσεὶ
1504 4026 1653 4095 ζώνη
1697 4025 1778 4094 ἢν
1808 4025 1937 4081 δια-

2021 3023 2071 3068 et
2105 3013 2420 3078 mendicum,
2454 3025 2506 3070 et
2556 3025 2924 3083 compunctum
2957 3012 3113 3068 corde
3167 3015 3510 3086 morti/icore,
3547 3016 3602 3071 id

2024 3113 2128 3171 est,
2161 3122 2482 3177 percussum
2522 3107 2593 3161 ob
2621 3107 2940 3178 iniquitates
2962 3122 3100 3177 quas
3126 3107 3179 3160 in
3207 3105 3340 3177 ipsis
3361 3106 3602 3162 videbat.

2026 3198 2207 3266 Quare
2248 3198 2644 3271 Jerosolymam
2687 3199 2893 3256 deﬂens
2929 3197 3604 3270 dixitei:Sicognovisses

2025 3303 2074 3348 et
2103 3303 2160 3346 tu
2212 3308 2329 3364 qua?
2378 3291 2448 3346 ad
2489 3308 2672 3363 pacem
2724 3291 2856 3346 tibi:
2895 3308 3031 3346 nunc
3066 3303 3243 3347 autem
3295 3291 3606 3347 abscondita

2026 3393 2149 3438 sunt
2187 3383 2252 3437 ab
2296 3383 2465 3438 oculis
2519 3383 2624 3438 tuis
2651 3382 2719 3440 ⁸⁸.
2779 3381 3125 3438 Mortiﬁcavit
3179 3390 3361 3438 autem
3399 3381 3604 3453 ipsum,

2027 3475 2154 3547 quia
2189 3475 2245 3530 in
2301 3490 2469 3531 causa
2517 3473 2618 3530 fuit
2656 3489 2757 3530 cur
2789 3475 2856 3529 ad
2892 3483 3124 3530 mortem
3169 3473 3498 3529 traderetur.
3535 3471 3609 3526 Et

2028 3568 2216 3623 dilexit
2257 3566 2702 3632 maledictionem,
2736 3575 2786 3620 et
2832 3566 2998 3620 veniet
3043 3567 3127 3628 ei;
3159 3574 3209 3619 et
3249 3564 3421 3618 noluit
3456 3564 3609 3621 benc-

2029 3661 2332 3726 dictionem,
2381 3669 2430 3714 et
2462 3658 2800 3730 elongabitur
2833 3657 2897 3711 ab
2931 3674 3012 3713 eo.
3067 3657 3132 3710 Et
3179 3656 3350 3711 induit
3387 3656 3611 3712 maledi-

2031 3751 2254 3805 ctionem
2280 3749 2419 3804 sicut
2463 3748 2847 3810 vestimentum,
2883 3754 2932 3801 et
2964 3745 3178 3799 intravit
3202 3745 3337 3798 sicut
3388 3759 3526 3814 aqua
3553 3743 3611 3796 in

2031 3843 2287 3898 interiora
2313 3840 2450 3910 ejus,
2484 3849 2536 3894 et
2564 3841 2700 3894 sicut
2729 3837 2900 3893 oleum
2940 3839 2994 3891 in
3020 3835 3224 3891 ossibus
3245 3836 3378 3906 ejus.
3408 3833 3534 3890 Fiat
3561 3835 3614 3891 ei

2033 3935 2167 3988 sicut
2220 3920 2585 3987 vestimentum
2624 3947 2725 4001 quo
2759 3930 3011 4000 operitur,
3049 3938 3098 3982 et
3143 3929 3278 3982 sicut
3323 3945 3479 3992 zona,
3506 3945 3613 3996 qua

2034 4041 2235 4096 semper
2276 4023 2639 4095 praecingitur.
2667 4022 2782 4078 [Ioc
2821 4038 2950 4092 opus
2983 4038 3163 4076 eorum
3201 4021 3290 4091 qui
3331 4019 3613 4074 detrahunt

345 4122 578 4190 παντὸς
627 4119 1066 4190 περιζώννυται.
1115 4121 1297 4176 Τοῦτο
1343 4119 1411 4174 τὸ
1445 4118 1624 4188 ἔργον
1664 4117 1784 4172 τῶν
1813 4118 1919 4171 δια

2036 4119 2164 4173 mihi
2189 4135 2222 4173 a
2252 4117 2500 4180 Domino.
2531 4128 2581 4171 et
2610 4116 2697 4187 qui
2729 4117 3013 4187 loquuntur
3049 4113 3192 4166 mula
3227 4111 3475 4166 adversus
3496 4110 3616 4163 ani-

349 4216 703 4271 ϐαλλόντων
729 4229 806 4282 με
850 4211 1009 4282 παρὰ
1036 4213 1279 4280 Κυρίου,
1305 4210 1407 4265 καὶ
1443 4209 1563 4264 τῶν
1584 4210 1919 4264 λαλούντων

2037 4227 2178 4263 mam
2206 4225 2397 4263 meam.
2433 4207 2569 4262 Cum
2616 4206 2903 4279 prophetia
2941 4205 3009 4259 de
3047 4218 3280 4273 persona
3317 4201 3618 4255 Salvatoris

347 4305 594 4375 πονηρὰ
637 4304 787 4359 κατὰ
837 4303 951 4372 τῆς
999 4303 1208 4373 ψυχῆς
1251 4321 1392 4374 μου.
1433 4302 1548 4373 Τῆς
1601 4301 1919 4374 προφητείας

2036 4302 2183 4356 dicat
2208 4299 2345 4366 :Qui
2393 4298 2752 4353 benedixerint
2775 4307 2822 4352 te
2850 4295 3102 4350 benedicti
3129 4302 3290 4355 sunt;
3316 4301 3364 4346 et
3391 4293 3480 4362 qui
3507 4307 3621 4345 ma-

347 4396 622 4467 λεγούσης
659 4396 739 4458 είς
759 4393 1051 4465 πρόσωπον
1074 4392 1167 4445 τοῦ
1190 4393 1442 4464 Σωτῆρος
1468 4407 1482 4421 ’
1522 4394 1586 4445 Ol
1608 4389 1919 4461 εὐλογοῦν-

2037 4393 2316 4448 ledixerint
2359 4400 2406 4446 te
2437 4389 2705 4444 maledicti
2743 4397 2865 4444 sunt
2889 4387 2972 4454 3';
3026 4385 3300 4456 quomodo
3331 4383 3550 4454 quidem
3578 4382 3619 4439 ii

350 4490 458 4556 τές
479 4504 553 4542 σε
585 4487 967 4556 εὐλόγηνται,
1003 4483 1103 4537 καὶ
1135 4486 1189 4538 οἱ
1216 4483 1619 4554 καταρώμενοι
1651 4499 1726 4538 σε
1763 4498 1919 4536 uena

2041 4483 2133 4553 qui
2163 4482 2218 4536 in
2249 4487 2364 4537 toto
2397 4479 2529 4534 orbe
2575 4477 2742 4532 Deum
2784 4493 2880 4548 per
2908 4477 3085 4546 ipsum
3128 4480 3521 4544 cognoverunt,
3554 4486 3620 4525 ac

350 4578 665 4648 τήρανται,
699 4577 848 4638 ὅπως
873 4575 972 4646 μὲν
1001 4574 1052 4626 οἱ
1074 4571 1194 4627 καθ’
1224 4572 1352 4644 ὅλης
1365 4573 1467 4644 τῆς
1491 4571 1816 4643 οἰκουμένης
1849 4569 1941 4623 τὸν

306 4700 309 4702 ν
351 4673 492 4727 Θεὸν
519 4671 587 4724 δι’
609 4668 773 4723 αὐτοῦ
808 4664 1146 4736 ἐπιγνόντες,
1181 4663 1278 4718 καὶ
1314 4663 1702 4726 πιστεύσαντες
1735 4663 1816 4725 εἰς
1842 4659 1941 4715 αὐ-

355 4766 474 4828 τὸν,
503 4763 602 4834 τῆς
654 4762 719 4814 ὲκ
784 4759 920 4815 Θεοῦ
968 4753 1352 4821 καταξιοῦνται
1383 4753 1652 4822 εὐλογίας,
1692 4752 1768 4816 ὡς
1805 4751 1944 4822 πλη-

360 4853 541 4907 θύνειν
571 4852 664 4904 καὶ
686 4849 890 4916 αὔξειν,
905 4841 1002 4903 ’καὶ
1018 4847 1088 4902 τὰ
1113 4845 1407 4917 σύμπαντα
1433 4843 1671 4916 πληροῦν
1691 4843 1792 4914 τὴν
1810 4843 1946 4915 Χριη

364 4945 491 4999 στοῦ
524 4944 871 5015 Ἐκκλησίαν,
894 4945 1008 5006 τοῖς
1029 4943 1164 4996 πᾶσι
1191 4939 1451 5011 τυγχάνει
1473 4927 1743 5010 πρόδηλον
1763 4953 1778 4967 ο
1796 4937 1947 4998 ὅπως

362 5040 420 5093 δὲ
455 5039 720 5104 Ἰουδαῖοι,
744 5035 1016 5110 ἀρώμενοι
1058 5034 1221 5089 αὐτὸν
1243 5034 1340 5087 καὶ
1377 5027 1822 5102 βλασφημοῦντες
1853 5027 1941 5097 ἐφ’

365 5129 604 5202 ἑκάστης
629 5129 861 5202 ἡμέρας,
891 5128 993 5198 τὴν
1033 5129 1100 5181 ὲκ
1121 5123 1258 5180 Θεοῦ
1304 5122 1550 5194 κατάραν
1595 5122 1678 5184 είς
1715 5120 1944 5182 ἑαυτοὺς

367 5221 728 5286 ἐπισπῶνται,
759 5220 855 5275 καὶ
891 5220 1047 5274 τοῦτο
1075 5217 1233 5289 δῆλον
1261 5215 1372 5271 ἀπὸ
1393 5214 1487 5269 τοῦ
1511 5213 1587 5287 μὴ
1611 5208 1742 5284 ἆραι
1770 5228 1944 5281 κεφα-

367 5317 488 5390 λὴν,
525 5315 659 5388 μηδὲ
719 5314 1012 5370 ἀνανεῦσαι
1059 5314 1258 5378 αὐτοὺς
1300 5312 1410 5367 ἀπὸ
1457 5308 1568 5364 τῶν
1609 5309 1816 5381 χρόνων
1843 5309 1946 5380 τῆς

369 5407 513 5464 κατὰ
540 5407 634 5461 τοῦ
657 5407 908 5478 Σωτῆρος
935 5405 1092 5478 ἡμῶν
1122 5403 1436 5474 ὲπιὸουλῆς.

441 5499 550 5556 Καὶ
573 5497 677 5563 σὺ,
723 5497 923 5566 Κύριε,
951 5497 1213 5564 ποίησον
1237 5495 1366 5563 μετ’
1417 5491 1563 5563 ἐμοῦ
1599 5490 1810 5547 ἕνεκεν
1841 5489 1949 5545 τοῦ

2041 4575 2098 4629 in
2137 4574 2315 4641 ipsum
2344 4571 2720 4634 crediderunt,
2764 4567 2858 4623 Dei
2889 4564 3266 4622 benedictione
3294 4563 3619 4634 dignentur;

2040 4667 2115 4723 ita
2130 4673 2189 4722 ut
2211 4664 2642 4734 multiplicentur
2660 4667 2714 4716 et
2734 4665 3055 4730 augeantur,
3082 4664 3136 4712 et
3156 4655 3398 4711 Ecclesia
3415 4652 3618 4708 Christi

2040 4761 2220 4817 omnia
2256 4759 2500 4830 impleat,
2561 4754 2842 4826 prOpalam
2875 4749 3130 4806 omnibus
3177 4754 3304 4802 est:
3348 4743 3623 4815 quomodo

2041 4860 2223 4907 autem
2250 4849 2446 4912 Judaei,
2495 4849 2589 4919 qui
2643 4847 2697 4902 in
2748 4845 2926 4914 ipsum
2972 4841 3214 4912 quotidie
3244 4837 3531 4892 maledicta
3568 4843 3624 4889 et

2041 4944 2361 5017 blasphema
2390 4941 2557 4998 verba
2582 4937 2904 5010 proferunt,
2925 4934 3020 4992 Dei
3050 4931 3488 4989 maledictionem
3518 4926 3625 4983 sibi

2047 5039 2184 5111 ipsis
2234 5035 2536 5098 attrabant,
2569 5033 2733 5087 etiam
2781 5029 2888 5083 hoc
2937 5024 3285 5082 manifestum
3334 5027 3421 5078 est
3456 5034 3521 5073 ex
3557 5030 3626 5070 eo

2049 5129 2198 5202 quod
2226 5136 2389 5199 caput
2411 5142 2520 5182 non
2561 5123 2834 5186 attollant,
2867 5135 3045 5190 neque
3082 5121 3383 5186 emergant,
3412 5127 3478 5166 ex
3511 5120 3626 5178 quo

2052 5233 2297 5294 tempore
2326 5217 2594 5274 Salvatori
2629 5226 2820 5272 nostro
2845 5211 3076 5270 insidias
3107 5209 3443 5266 struxerunt.

2129 5482 2295 5539 Vens.
2323 5481 2387 5536 ΩΙ
2409 5480 2518 5535 -24,
2552 5477 2622 5532 Et
2656 5487 2732 5542 tu,
2769 5476 3006 5541 Domine,
3046 5472 3131 5540 fac
3175 5482 3374 5522 mecum
3409 5473 3623 5535 propter

377 5554 826 5664 ὀνόματός-σου,
857 5554 946 5644 ὅτι
968 5554 1330 5659 χρηστὸν-τὸ
1355 5554 1529 5653 ἔλεός
1553 5599 1692 5642 σου.
1741 5583 1919 5643 Ῥὗσα

2061 5595 2246 5638 nomen
2276 5586 2446 5645 tuum,
2474 5574 2600 5648 quia
2643 5571 2825 5628 suavis
2865 5577 2946 5626 est
2990 5559 3354 5620 misericordia
3383 5567 3496 5614 tua.
3529 5554 3623 5614 Li-

449 5749 496 5783 ⁸⁸
533 5749 665 5805 Luc.
702 5761 790 5804 xix
816 5785 832 5814 ,
868 5744 958 5802 Ω.
1033 5745 1078 5780 ⁸⁸
1117 5741 1252 5800 Gen.
1289 5757 1468 5812 xxv",
1507 5739 1603 5797 29.
