4040 6210
466 298 614 361 1359

1184 297 1456 355 EUSEBII
1489 295 1970 355 CAESARIENSIS
2007 295 2157 351 OPP.
2194 292 2378 350 PARS
2412 291 2498 348 111.
2529 324 2598 333 ——
2622 285 3041 345 EXEGETICA.

3612 280 3778 341 15H)

459 413 585 468 bera
615 430 717 479 me,
741 413 868 485 quia
889 427 1080 484 egenus
1106 419 1156 465 et
1175 425 1375 479 pauper
1397 426 1492 481 ego
1514 425 1653 474 sunt,
1682 418 1734 463 et
1754 424 1846 463 cor
1873 424 2040 463 meum

2159 422 2235 469 us,
2271 404 2361 460 ὅτι
2392 403 2626 475 πτωχὸς
2651 403 2749 458 καὶ
2774 394 2966 470 πένης⁸
2987 397 3105 470 εἰμί
3133 397 3268 467 ἐγὼ,
3292 396 3391 452 καί
3429 396 3468 465 ἡ
3512 396 3777 464 καρδία

460 504 836 558 conturbatum
858 513 936 559 est
970 504 1115 557 intra
1136 517 1239 557 me.
1273 500 1427 557 Sicut
1453 500 1643 555 umbra
1664 516 1783 554 cum
1806 499 2038 555 declinat

2159 517 2260 555 uov
2315 497 2658 569 τετάρακται
2684 497 2859 563 ἐντός
2876 512 3017 566 μου.
3062 491 3219 548 Ὠσεί
3250 494 3393 546 σκιὰ
3425 491 3497 546 ἐν
3535 489 3639 558 τῷ
3664 492 3773 545 ἐκ·

462 595 672 649 ablatus
700 611 840 659 sum,
862 610 1114 649 excussus
1134 611 1253 649 sum
1283 595 1420 648 sicut
1450 593 1689 648 locustw.
1716 590 1898 647 Genua
1926 608 2042 647 mea

462 689 736 758 inﬁrmata
776 698 899 744 sunt
931 707 962 742 a
977 688 1207 758 jejunio.
1253 700 1302 745 et
1339 704 1466 742 caro
1503 703 1619 741 mea
1650 688 1935 740 immutata
1962 695 2041 741 est

463 789 673 849 propter
714 779 908 836 oleum.
950 778 1086 835 Cum
1137 780 1208 835 de
1234 780 1541 835 animarum
1589 788 1698 833 tam
1744 778 2042 849 proditoris

462 886 626 941 quam
674 872 1060 929 insidiatorum
1095 872 1359 943 pernicie,
1405 886 1616 928 necnon
1647 870 1715 927 de
1750 872 1921 927 totius
1946 868 2044 924 Ju-

461 962 633 1018 daicm
674 964 852 1034 gentis
892 962 1272 1033 repudiatione
1316 963 1610 1018 admodum
1646 962 1915 1018 sollicitus
1947 963 2040 1030 sit,

462 1062 651 1125 utpote
696 1054 981 1109 hominum
1027 1069 1250 1118 amans;
1292 1070 1352 1110 se
1392 1046 1583 1111 eorum
1627 1070 1795 1111 causa
1833 1056 2043 1111 turbari

461 1144 790 1215 proﬁtetur:
839 1161 1012 1217 quare
1055 1147 1152 1214 ait,
1202 1143 1273 1200 Et
1319 1162 1414 1200 cor
1451 1162 1622 1201 meum
1669 1147 2044 1202 conturbatum

458 1247 540 1294 est
571 1240 714 1294 intra
742 1256 842 1296 me.

533 1417 701 1475 Vens.
730 1419 921 1475 25-29.
956 1417 1022 1473 Et
1055 1436 1148 1490 ego
1172 1419 1349 1490 factus
1374 1436 1495 1475 sum
1525 1418 1871 1490 opprobrium
1894 1419 2005 1474 illis
2024 1434 2045 1473 :

466 1508 709 1565 viderunt
749 1528 851 1575 me,
898 1520 948 1566 et
992 1523 1262 1567 moverunt
1309 1513 1486 1583 capita
1524 1530 1644 1568 sua.
1692 1512 1900 1583 Adjuva
1936 1529 2043 1576 me,

466 1602 691 1659 Domine
720 1603 861 1660 Deus
894 1622 1058 1671 meus,
1086 1614 1135 1661 et
1165 1607 1373 1662 salvum
1399 1622 1480 1661 me
1500 1606 1587 1676 fac
1613 1604 1901 1660 secundum
1944 1605 2046 1658 mi-

464 1697 812 1752 sericordiam
839 1708 1007 1754 tuam.
1047 1698 1113 1753 Et
1145 1701 1316 1754 sciant
1341 1700 1467 1771 quia
1492 1714 1680 1753 manus
1710 1708 1803 1752 tua
1842 1698 1973 1764 ha'c,
1996 1708 2046 1751 et

2145 597 2347 653 κλῖναι
2395 592 2589 663 αὐτὴν
2631 589 3078 659 ἀντανῃρέθην,
3139 585 3543 655 elisurde
3607 584 3769 640 ὠσεί

2146 689 2405 759 ἀκρίδες.
2438 686 2518 742 Τὰ
2544 682 2765 757 γόνατὰ
2778 701 2897 753 μου
2912 680 3268 750 ἠσθένησαν
3280 678 3398 735 ἀπὸ
3416 677 3766 747 νηστείας,

2147 783 2245 838 καὶ
2280 783 2318 851 ἡ
2356 780 2513 849 σάρξ
2554 796 2674 850 μου
2705 776 3005 846 ἠλλοιώθη
3052 774 3127 828 δι’
3160 775 3385 829 ἔλαιον.
3421 768 3771 843 Φροντίζων

2148 870 2276 940 περὶ
2336 869 2438 939 τῆς
2491 866 2764 930 ἀπωλείας
2809 865 2918 919 τῶν
2976 864 3165 936 ψυχῶν
3208 863 3410 923 αὐτῶν,
3459 859 3653 914 αὑτοῦ
3702 876 3769 912 τε

2148 962 2356 1016 ἐκείνου
2388 959 2484 1014 τοῦ
2521 958 2781 1032 προδότου
2821 957 2917 1012 καὶ
2949 957 3059 1010 τῶν
3104 956 3204 1027 τὴν
3250 954 3552 1026 ἐπιϐουλὴν
3596 952 3765 1024 αὖτῷ

2151 1051 2689 1122 συνεσκευασμένων,
2714 1048 2841 1121 περί
2861 1066 2919 1102 τε
2940 1048 3039 1120 τῆς
3058 1044 3330 1115 ἀποϐολῆς
3362 1046 3454 1100 καὶ
3474 1043 3765 1100 ἀποπτὼ-

2150 1162 2288 1209 σεως
2318 1144 2413 1199 τοῦ
2451 1143 2653 1207 παντὸς
2698 1139 2986 1196 Ἰουδαϊκοῦ
3016 1140 3223 1205 ἔθνους,
3260 1139 3637 1211 ταράττεσθαι
3672 1137 3761 1204 ὡς

2150 1237 2530 1309 φιλάνθρωπος
2555 1236 2694 1308 ὑπὲρ
2726 1233 2909 1288 αὐτῶν
2951 1233 3218 1305 ὁμολογεῖ·
3254 1233 3346 1286 Διό
3371 1249 3515 1303 φησιθ
3546 1234 3677 1288 Καὶ
3711 1233 3757 1303 ἡ

2151 1330 2363 1400 καρδία
2385 1348 2503 1399 μου
2529 1327 2879 1398 τετάρακται
2900 1327 3071 1392 ἐντός
3085 1346 3227 1397 μου.

2223 1420 2394 1490 Κάγὼ
2419 1418 2714 1491 ἐγενήθην
2738 1417 2968 1484 ὄνειδος
2991 1416 3217 1485 αὐτοῖς⁸
3238 1417 3596 1487 efﬁcacis-tce,
3631 1415 3745 1473 καὶ

2151 1512 2501 1568 ἐσάλευσαν
2536 1509 2808 1580 κεφαλὰς
2839 1506 3066 1585 αὐτῶνἶ
3095 1507 3411 1577 Βοήθησόν
3450 1526 3580 1577 μοι,
3625 1509 3748 1568 Κύ-

2144 1624 2239 1677 ριε
2267 1607 2460 1671 όΘεός
2485 1622 2625 1675 μου,
2656 1604 2754 1659 καὶ
2773 1601 2984 1658 σῶσόν
3004 1619 3083 1672 με
3101 1601 3253 1656 κατὰ
3283 1600 3349 1654 τὸ
3381 1601 3559 1667 ἔλεός
3601 1615 3753 1657 σου.

2154 1699 2265 1755 Καὶ
2285 1696 2627 1768 γνώτωσαν,
2660 1695 2752 1750 ὅτι
2777 1696 2816 1764 ἡ
2846 1694 2975 1766 χείρ
3001 1708 3117 1748 σου
3144 1693 3318 1761 αὕτη,
3346 1692 3443 1747 καί
3476 1692 3589 1757 σὺ,
3626 1691 3749 1747 K6-

466 1798 549 1852 tu,
586 1786 824 1852 Domine,
856 1788 1028 1857 fecisti
1053 1804 1192 1842 eam.
1219 1787 1277 1842 In
1309 1787 1712 1843 resurrectione
1740 1801 1771 1839 a
1793 1785 2046 1850 mortuis,

2159 1808 2258 1857 pte,
2297 1791 2590 1857 ἐποίησας
2610 1786 2824 1859 αὑτήν.
2874 1788 2962 1841 Ἑν
2998 1790 3065 1859 τῇ
3108 1786 3173 1839 ἐκ
3199 1785 3407 1857 νεκρῶν
3440 1785 3751 1841 ἀναστάσει

466 1892 667 1934 manus
698 1878 816 1945 Dei,
846 1879 900 1935 id
929 1887 1017 1935 est
1068 1880 1414 1950 unigenitum
1448 1879 1569 1948 ejus
1603 1877 1861 1941 Verbum,
1891 1877 2051 1930 inno-

467 1970 596 2040 tuit,
637 1980 692 2025 et
730 1972 778 2026 is
822 1972 915 2040 qui
967 1971 1237 2027 hactenus
1288 1971 1541 2042 plurimis
1584 1970 1843 2032 latuerat,
1884 1983 2051 2037 appa-

471 2062 613 2127 ruit;
655 2062 877 2132 quando
906 2077 1102 2132 nempe
1138 2063 1254 2132 ipse
1291 2061 1482 2117 volens
1511 2062 1768 2116 sustinuit
1812 2076 2046 2127 crucem,

468 2153 779 2221 confusione
811 2164 1111 2225 contempta
1148 2157 1217 2219 9°,
1250 2162 1414 2226 atque
1462 2154 1603 2209 idem
1644 2169 1846 2224 corpus
1887 2169 2047 2209 suum

471 2247 784 2312 suscitavit,
813 2262 940 2302 cum
967 2247 1041 2302 sit
1071 2247 1297 2303 dextera
1337 2255 1392 2303 et
1422 2248 1598 2301 virtus
1627 2245 1830 2302 Patris.
1864 2245 2052 2302 Sciant

468 2338 658 2409 igitur,
690 2340 787 2404 ait,
823 2341 948 2409 quia
992 2356 1184 2393 manus
1223 2348 1313 2391 tua
1358 2338 1491 2400 hazc,
1528 2354 1695 2408 quam
1737 2338 2051 2409 opprobriis

469 2438 526 2486 et
546 2432 832 2487 cachinnis
868 2430 1185 2495 traducunt,
1213 2440 1262 2485 et
1289 2440 1365 2496 tu,
1408 2430 1652 2493 Domine,
1684 2429 1859 2499 fecisti
1892 2446 2009 2484 eam
2030 2445 2050 2483 :

467 2521 617 2592 quod
664 2522 761 2575 tibi
807 2522 1075 2592 placuerit
1108 2528 1169 2576 ut
1213 2536 1280 2576 ea
1310 2536 1512 2591 corpus
1542 2530 1869 2577 assumeret.
1909 2519 2048 2574 Nam

470 2629 669 2669 manus
712 2612 808 2668 Dei
842 2620 927 2669 est
967 2613 1089 2683 ejus
1134 2613 1312 2668 virtus
1348 2613 1594 2668 omnium
1624 2611 1894 2675 eﬂ’ectrix,
1927 2626 2051 2682 qua:

471 2720 583 2760 non
611 2705 717 2759 alia
749 2713 835 2761 est
879 2720 911 2759 a
959 2704 1053 2761 Dei
1104 2702 1306 2770 Verbo,
1340 2720 1439 2776 per
1481 2704 1631 2776 quod
1673 2708 1857 2759 omnia
1904 2703 2050 2759 facta

470 2805 623 2853 sunt.
658 2795 981 2852 Maledicent
1020 2797 1124 2863 illi,
1153 2808 1203 2853 et
1231 2807 1284 2852 tu
1311 2797 1603 2853 benedices.
1633 2798 1739 2865 Qui
1769 2799 2050 2867 insurgunt

467 2891 528 2947 in
557 2906 640 2946 me
684 2891 1080 2961 confundantur
1106 2908 1125 2946 :
1170 2909 1347 2948 servus
1389 2902 1564 2946 autem
1604 2901 1726 2946 tuus
1759 2890 2048 2946 laetabitur.

472 2982 558 3037 Ad
606 2984 751 3038 hanc
781 2999 957 3054 usque
1002 2983 1147 3039 diem
1199 2991 1554 3055 perseverant
1584 2982 1759 3039 Judaei
1794 2980 2052 3039 Servato-

475 3090 591 3131 rem
626 3074 964 3144 blasphemis
992 3075 1157 3131 dictis
1185 3076 1483 3146 impetere:
1513 3083 1568 3130 at
1594 3076 1704 3131 illis
1732 3074 2052 3145 blasphema

2151 1884 2367 1954 γνωστὴ
2388 1883 2610 1952 γέγονεν
2630 1884 2663 1952 ἡ
2685 1882 2811 1952 χεὶρ
2835 1879 2927 1933 τοῦ
2960 1879 3118 1943 Θεοῦ,
3149 1878 3427 1932 τουτέστιν
3455 1881 3486 1932 ό
3510 1896 3742 1950 μονογε-

2150 1976 2247 2047 νὴς
2276 1975 2441 2029 αὑτοῦ
2466 1975 2659 2043 Λόγος,
2690 1974 2784 2026 καὶ
2806 1976 2835 2026 ὁ
2862 1971 3001 2035 τέως
3029 1972 3155 2036 τοὺς
3179 1970 3408 2034 πολλοὺς
3436 1972 3745 2037 λανθάνων,

2151 2066 2492 2138 ἐφανερώθη,
2531 2066 2608 2130 ὡς
2636 2065 2797 2129 αὐτὸς
2828 2063 2969 2119 ἐκὼν
3000 2063 3282 2133 ὑπέμεινε
3318 2064 3612 2133 σταυρὸν,
3646 2067 3734 2118 al-

2151 2159 2388 2228 σχύνης
2431 2154 2914 2226 καταφρονήσας,
2961 2156 3055 2210 καὶ
3082 2155 3241 2218 αὐτὸς
3269 2154 3333 2208 τὸ
3385 2155 3583 2209 ἑαυτοῦ
3614 2155 3731 2209 ἀνέ-

2154 2268 2319 2324 στησε
2376 2250 2557 2322 σῶμα,
2599 2247 2751 2314 δεξιὰ
2796 2248 2891 2302 καὶ
2942 2247 3174 2318 δύναμις
3223 2246 3301 2301 ὢν
3356 2247 3454 2301 τοῦ
3506 2248 3729 2321 Πατρός.

2152 2333 2491 2399 Γνὼτωσαν
2523 2343 2724 2406 τοίνυν,
2756 2340 2941 2413 φησιν,
2976 2340 3063 2394 ὅτι
3088 2342 3126 2410 ή
3156 2340 3286 2410 χείρ
3314 2357 3436 2395 σου
3463 2341 3628 2408 αὕτη,
3666 2341 3731 2411 ἢν

2151 2435 2587 2501 ὀνειδίζουσι-καὶ
2614 2434 2953 2505 χλευάζουσι,
2977 2433 3073 2486 καὶ
3101 2432 3205 2498 σὺ,
3232 2433 3430 2500 Κύριε,
3448 2433 3728 2500 ἐποίησας

2154 2525 2363 2594 αὐτὴν,
2403 2524 2481 2596 τῷ
2520 2525 2809 2596 εὐδοκῆσαι
2844 2524 3007 2595 σῶμα
3038 2524 3208 2596 αὐτὴν
3243 2523 3561 2577 ἀναλαϐεῖν.
3603 2522 3733 2595 Χεὶρ

2152 2616 2262 2689 γὰρ
2291 2615 2385 2669 τοῦ
2409 2614 2594 2687 Θεοῦή
2629 2615 2887 2687 ποιητικὴ
2922 2615 3175 2671 ἁπάντων
3194 2615 3425 2686 δύναμις
3444 2615 3733 2686 αὑτοῦ,οὺχ

2153 2708 2315 2778 ἑτέρα
2336 2701 2469 2761 οὖσα
2480 2704 2574 2759 τοῦ
2599 2704 2667 2759 δι’
2696 2699 2756 2759 οὗ
2777 2705 2968 2774 γέγονε
2994 2705 3062 2759 τὰ
3080 2706 3257 2759 πάντα
3272 2706 3366 2758 τοῦ
3384 2705 3524 2759 Θεοῦ
3544 2706 3726 2773 Λόγου.

2154 2799 2604 2868 Καταράσονται
2628 2799 2819 2863 αὐτοὶ,
2854 2798 2952 2852 καὶ
2982 2798 3063 2853 σὺ
3102 2798 3483 2869 εὐλογήσεις.
3525 2800 3587 2853 Ol
3626 2799 3729 2851 ἐπ-

2153 2889 2540 2961 ανιστάμενοι
2556 2908 2656 2961 μοι
2672 2888 3196 2960 αἰσχυνθήτωσαν·
3224 2893 3259 2944 ὀ
3282 2889 3353 2944 δὲ
3372 2890 3591 2957 δοῦλός
3616 2906 3726 2942 σου

2153 2983 2648 3054 εὐφρανθήσεται.
2707 2983 2886 3056 Μέχρι
2917 2984 3011 3038 καὶ
3069 2986 3310 3055 σήμερον
3362 2984 3637 3055 διέμειναν
3679 2982 3723 3033 οἱ

2171 3076 2410 3130 Ἰουδαῖοι
2453 3079 2574 3140 ταῖς
2613 3075 2755 3130 κατά
2786 3074 2883 3130 τοῦ
2911 3076 3162 3147 Σωτῆρος
3196 3073 3474 3147 χρώμενοι
3501 3075 3725 3145 βλασφηο

475 3165 903 3239 prol‘erentibus,
940 3167 1280 3239 splendidior
1313 3167 1558 3238 quotidie
1584 3166 1905 3239 praedicatio
1927 3181 2056 3222 eva-

2162 3168 2332 3241 μίαις·
2366 3168 2481 3222 ἀλλ’
2506 3168 2731 3223 ἐκείνων
2757 3167 3240 3241 βλασφημούντων,
3278 3168 3731 3239 περιφανέστερον

472 3259 577 3315 dit.
624 3257 930 3314 Induantur
960 3261 1052 3331 qui
1096 3260 1381 3315 detrahunt
1416 3260 1546 3314 mihi
1579 3260 1800 3331 pudore,
1847 3273 1897 3320 et
1938 3279 2057 3334 ope-

477 3351 689 3406 riantur
712 3352 847 3405 sicut
877 3351 1111 3422 diploide
1133 3353 1443 3424 confusione
1473 3370 1593 3409 sua.
1623 3352 1795 3411 Judaei
1822 3372 2062 3427 namque

476 3451 602 3514 post
642 3443 873 3500 insidias
918 3444 1183 3501 adversus
1224 3445 1528 3512 Christum,
1579 3444 1677 3503 Dei
1723 3447 2061 3518 providentia

475 3534 749 3602 destituti,
785 3535 994 3607 pudore
1023 3536 1350 3593 circumfusi
1379 3546 1507 3593 sunt
1537 3554 1551 3591 :
1595 3537 1847 3595 Salvator
1877 3548 2059 3601 autem

476 3636 534 3684 et
566 3626 828 3684 Dominus
855 3638 1043 3686 noster
1071 3629 1262 3685 laetitia
1290 3628 1360 3686 ad
1391 3630 1496 3686 hoc
1526 3646 1702 3703 usque
1722 3638 1938 3703 tempus
1967 3633 2064 3687 im-

481 3721 687 3793 pletur,
732 3720 977 3778 Ecclesia
1016 3737 1112 3793 per
1142 3728 1316 3777 totum
1363 3722 1555 3779 orbem
1586 3724 1643 3777 in
1680 3724 1901 3779 nomine
1939 3724 2061 3793 ejus

479 3815 801 3870 constituta.
829 3814 1020 3870 Servus
1051 3826 1228 3870 autem
1255 3826 1375 3871 tuus
1410 3816 1701 3872 laztabitur.
1737 3815 1925 3888 Neque
1954 3816 2062 3873 alio

482 3905 647 3961 modo
685 3913 741 3961 et
780 3907 1051 3962 sententia
1090 3909 1235 3964 servi
1284 3923 1486 3965 nomen
1531 3908 1621 3964 hic
1670 3907 1923 3979 accipere
1965 3924 2064 3964 nc-

478 4013 638 4053 cesse
658 4004 777 4054 est:
803 3998 1047 4053 divinum
1074 4001 1276 4070 quippe
1294 3999 1526 4055 Paulum
1549 4000 1804 4055 audimus
1833 3999 1948 4055 haec
1980 3999 2064 4054 di-

479 4098 695 4148 centeni
726 4089 1111 4159 :Semetipsum
1146 4093 1435 4146 exinanivit
1468 4092 1699 4161 formam
1745 4093 1880 4145 servi
1922 4093 2063 4146 acci-

480 4185 629 4252 piens
658 4185 742 4253 ";
794 4186 1020 4257 ipseque
1045 4201 1142 4256 per
1172 4185 1367 4241 Isaiam
1399 4185 1638 4240 clamat:
1669 4184 1760 4240 Sic
1792 4184 1919 4239 dicit
1954 4184 2064 4239 Do-

483 4277 659 4331 minus
694 4273 936 4345 formans
965 4292 1047 4331 me
1074 4291 1139 4331 ea:
1168 4284 1316 4329 utero
1346 4291 1553 4330 servum
1585 4273 1688 4331 sibi
1720 4275 1787 4330 ".
1827 4272 2064 4328 Induan-

485 4376 576 4422 tur
607 4370 698 4440 qui
732 4368 1015 4424 detrahunt
1047 4368 1175 4423 mihi
1221 4367 1439 4438 pudore,
1486 4377 1537 4424 et
1584 4368 1890 4438 operiantur
1926 4368 2061 4422 sicut

460 4459 716 4531 .diploide
744 4461 1053 4531 confusione
1071 4478 1190 4516 sua.
1221 4459 1337 4516 Hoc
1371 4468 1552 4517 autem
1583 4461 1819 4526 ediscas,
1848 4460 1896 4516 si
1925 4475 2061 4515 con-

2159 3260 2429 3332 ὁσημέραι
2490 3261 2552 3314 τὸ
2618 3261 2882 3333 κήρυγμα
2938 3261 3169 3330 γίνεται.
3229 3258 3720 3314 Ἐνδυσάσθωαν

2160 3354 2215 3405 οἰ
2237 3349 2736 3416 ἐνδιαϐάλλοντές
2756 3367 2836 3419 με
2848 3349 3171 3418 ἐντροπὴν,
3192 3348 3291 3403 καὶ
3313 3345 3721 3416 περιϐαλέσθαι-

2161 3460 2283 3500 σαν
2301 3443 2447 3497 ὠσεί
2479 3441 2759 3498 διπλοΐδα
2797 3441 2910 3509 τὴν
2945 3443 3253 3510 αἰσχύνην
3290 3437 3508 3494 αὐτῶν.
3535 3438 3596 3493 Οἰ
3617 3435 3715 3508 γὰρ

2175 3535 2416 3590 Ἰουδαῖοι
2453 3534 2592 3605 μετά
2623 3534 2725 3605 τὴν
2762 3532 2904 3588 κατὰ
2936 3532 3173 3606 Χριστοῦ
3206 3531 3513 3603 ἐπιϐουλὴν,
3535 3530 3710 3601 ἔρημοι

2161 3629 2263 3699 τῆς
2279 3627 2375 3682 τοῦ
2408 3626 2544 3682 Θεοῦ
2581 3627 2890 3695 ἐπισκοπῆς
2943 3627 3247 3697 γενόμενοι,
3290 3625 3533 3695 αἰσχύνην
3567 3636 3706 3690 περι-

2163 3720 2435 3775 εϐάλοντο·
2482 3722 2512 3774 ὁ
2555 3719 2614 3774 δὲ
2646 3720 2836 3791 Σωτὴρ
2866 3720 2959 3775 καὶ
2992 3720 3196 3791 Κύριος
3225 3718 3375 3790 ἡμῶν
3398 3712 3711 3786 εὐφροσύνης

2162 3813 2330 3867 εἰσέτι
2362 3814 2457 3869 καὶ
2485 3812 2579 3867 νῦν
2625 3811 2950 3884 πληροῦται,
3000 3811 3090 3867 διὰ
3138 3812 3234 3866 τοῦ
3268 3810 3520 3882 ὀνόματος
3564 3804 3727 3861 αὑτοῦ

2163 3906 2283 3961 καθ’
2312 3906 2440 3977 ὅλης
2485 3906 2586 3977 τῆς
2639 3906 2965 3979 οἰκουμένης
2996 3906 3349 3979 καθεστώσης
3397 3901 3719 3973 Ἐκκλησὶας.

2175 4001 2239 4053 '0
2253 4000 2322 4054 δὲ
2351 3998 2572 4066 δοῦλός
2587 4013 2703 4054 σου
2725 3998 3222 4069 εὐφρανθήσεται.
3247 3998 3382 4052 Οὐδὲ
3413 3996 3571 4051 τοῦτο
3592 3994 3723 4066 ἡμᾶς

2162 4090 2225 4145 τὸ
2278 4090 2429 4162 ῥῆμα
2486 4090 2669 4144 λαδεῖν
2729 4092 2810 4153 εἰς
2871 4091 3064 4161 ἐτέραν
3117 4090 3373 4144 ὑπόθεσιν
3425 4089 3721 4159 ἀναγκάσει·

2166 4180 2437 4253 ἀκούομεν
2482 4180 2591 4253 γὰρ
2622 4181 2715 4235 καὶ
2758 4180 2853 4235 τοῦ
2883 4181 3169 4235 θεσπεσίου
3212 4179 3425 4235 Παύλου
3474 4180 3725 4249 λέγοντος.

2163 4276 2246 4331 ὃτι
2283 4273 2535 4330 Ἑαυτὸν
2555 4273 2834 4339 ἐκένωσε,
2871 4272 3114 4345 μορφὴν
3152 4273 3378 4327 δούλου
3402 4272 3621 4327 λαϐών⁴
3646 4267 3731 4324 καὶ

2165 4367 2327 4431 αὐτὸς
2378 4367 2437 4421 δὲ
2480 4365 2570 4421 διὰ
2625 4366 2847 4420 Ἡσαΐου
2909 4365 3029 4438 βοᾷ·
3095 4365 3259 4419 Οὕτω
3315 4363 3483 4436 λέγει
3538 4365 3731 4433 Κύριος

2167 4463 2201 4515 ὁ
2230 4459 2475 4526 πλάσας
2494 4476 2570 4530 με
2599 4460 2669 4513 ἐκ
2694 4459 2931 4526 κοιλίας
2957 4458 3181 4512 δοῦλον
3204 4455 3416 4523 ἐαυτῷ.
3465 4452 3732 4511 Ἐνδυσά-

485 4552 696 4611 sideres
716 4570 824 4625 qua
849 4563 1031 4610 mente
1065 4554 1176 4609 sint
1203 4552 1398 4620 Judaei,
1442 4555 1692 4611 videntes
1720 4554 1939 4625 quidem
1968 4569 2057 4608 ve-

2169 4555 2416 4607 σθωσαν
2447 4555 2499 4606 ol
2530 4549 3032 4618 ἐνδιαϐάλλοντές
3060 4567 3138 4621 με
3164 4547 3486 4619 ἐντροπὴν,
3514 4549 3616 4605 καὶ
3643 4562 3734 4602 πε-

486 4646 735 4701 neranda
765 4656 819 4703 et
848 4657 1038 4704 sancta
1069 4663 1169 4704 sua
1200 4646 1448 4705 funditus
1477 4648 1687 4716 deleta;
1732 4648 1882 4705 illius
1911 4663 2061 4712 vero,

486 4740 582 4809 qui
609 4740 681 4795 ab
718 4740 854 4811 ipsis
896 4742 1201 4812 ignominia
1250 4741 1502 4811 atfectus,
1536 4757 1603 4797 ac
1644 4742 1702 4797 in
1745 4756 1966 4798 crucem
2012 4748 2067 4797 et

488 4839 721 4889 mortem
765 4834 999 4891 traditus
1032 4843 1139 4905 est,
1174 4837 1487 4907 sepulcrum
1516 4835 1704 4892 studio
1741 4842 1798 4892 et
1835 4835 2066 4890 honori-

488 4925 593 4983 bus
625 4925 923 4995 celebrari;
955 4927 1232 4987 Ecclesiae
1265 4946 1398 4986 vero
1426 4945 1550 5001 quas
1583 4929 1704 5000 ejus
1727 4930 1931 4990 virtute
1967 4945 2066 5002 per

490 5022 664 5071 totum
712 5015 1169 5085 orbemfundatte
1213 5028 1344 5077 sunt
1382 5021 1437 5076 in
1484 5020 1602 5077 dies
1643 5036 1958 5077 accrescere
2000 5037 2064 5078 ac

492 5105 869 5178 multiplicari,
905 5122 970 5162 ac
998 5124 1125 5164 cum
1152 5110 1326 5182 gloria
1357 5110 1686 5183 promoveri.
1714 5109 1840 5166 Haec
1865 5111 2068 5183 quippe

488 5200 625 5270 ipsis
653 5199 831 5256 oculis
855 5208 1143 5259 cernentes
1169 5201 1366 5268 Judaei,
1390 5205 1482 5275 qui
1520 5220 1631 5261 non
1660 5204 1986 5260 confusione
2012 5212 2067 5260 et

495 5291 701 5363 pudore
729 5289 926 5346 merito
959 5289 1293 5348 induantur?

2161 4644 2622 4714 ριὸαλέσθωσαν
2643 4643 2725 4709 ὡς
2748 4642 3028 4698 διπλοΐδα
3050 4642 3173 4712 τὴν
3199 4643 3506 4713 αἰσχύνην
3529 4638 3729 4697 αὐτῶν.

2170 4738 2281 4791 Καὶ
2306 4735 2465 4790 τοῦτο
2494 4736 2689 4808 μάθοις
2718 4735 2786 4791 ἂν
2813 4736 3111 4807 ἐπιστήσας
3143 4734 3301 4817 ποίας
3333 4734 3443 4808 ἄρα
3477 4732 3733 4790 Ἰουδαίων

2170 4830 2358 4895 παῖδες
2401 4831 2695 4901 κέκτηνται
2730 4829 2966 4892 διανοίας
3009 4824 3246 4900 ὁρῶντες
3290 4827 3363 4882 τά
3411 4828 3512 4900 μὲν
3548 4824 3732 4882 ἑαυτῶν

2171 4921 2346 4994 σεμνά
2374 4923 2467 4976 καὶ
2493 4922 2626 4993 ἅγια
2656 4923 2722 4976 ἐκ
2751 4920 2966 4994 βάθρων
2990 4921 3356 4993 ἡφανισμένα,
3388 4919 3483 4975 τοῦ
3516 4921 3580 4976 δὲ
3613 4918 3733 4991 πρὸς

2171 5017 2351 5071 αὐτῶν
2379 5017 2573 5089 ἀτιμία
2602 5014 3037 5088 περιδληθέντος,
3074 5016 3290 5089 σταυρῷ
3322 5033 3383 5071 τε
3411 5018 3506 5070 καὶ
3534 5014 3730 5084 θανάτῳ

2174 5107 2591 5181 παραδοθέντος,
2643 5108 2706 5162 τὸ
2758 5110 2855 5180 μὲν
2880 5107 2977 5161 τοῦ
3004 5107 3236 5161 θανάτου
3267 5107 3458 5179 μνῆμα
3490 5106 3740 5166 σπουδαῖς

2170 5219 2232 5255 τε
2264 5200 2359 5255 καὶ
2399 5199 2733 5272 φιλοτιμίαις
2760 5198 3142 5272 τετιμημένον,
3174 5198 3273 5263 τὰς
3311 5198 3371 5251 δὲ
3408 5197 3499 5252 διὰ
3524 5202 3622 5270 τῆς
3646 5195 3729 5248 αύ-

2168 5293 2263 5349 τοῦ
2294 5293 2575 5364 δυνάμεως
2620 5291 2740 5347 καθ’
2772 5291 2901 5365 ὅλης
2928 5292 3029 5363 τῆς
3067 5292 3395 5366 οἰκουμένης
3439 5291 3727 5365 ἱδρυθείσας

504 5383 827 5455 Ἐκκλησίας
854 5384 1123 5451 αύξούσας
1142 5386 1433 5458 ὁσημέραι,
1465 5388 1561 5443 καὶ
1593 5386 1987 5459 πληθυνούσας,
2016 5388 2110 5441 καὶ
2133 5386 2213 5441 ἔτι
2244 5385 2382 5459 μετά
2424 5386 2581 5458 δόξης
2608 5383 2924 5458 προϊούσαις.
2974 5383 3159 5439 Ταῦτα
3195 5383 3307 5456 γὰρ
3349 5383 3588 5455 δρῶντες
3639 5381 3724 5449 όφ-

498 5471 725 5547 θαλμοῐς,
757 5478 1026 5534 Ἰουδαίων
1054 5478 1260 5546 παῖδες,
1292 5479 1410 5543 πῶς
1439 5480 1541 5533 οὐκ
1574 5482 1841 5553 ἐντροπὴν
1865 5482 1956 5536 καὶ
1981 5480 2242 5566 αἰσχύνην
2275 5480 2499 5544 εἰκότως
2527 5478 2973 5552 περιϐάλλονταις

568 5566 737 5625 Vens.
771 5570 961 5628 50-51.
993 5572 1294 5645 Conﬁtebor
1309 5572 1533 5629 Domino
1555 5574 1712 5629 nimis
1738 5576 1792 5629 in
1808 5592 1896 5631 ore
1922 5592 2057 5638 meo,

498 5666 545 5709 et
593 5660 645 5712 in
691 5661 864 5717 medio
892 5664 1181 5720 multorum
1226 5664 1457 5720 laudabo
1493 5681 1633 5729 eum,
1660 5666 1784 5736 quia
1831 5667 2002 5720 astitit
2031 5684 2062 5720 a

2254 5573 2803 5646 Ἐξομολοτῆσομαι
2826 5570 2905 5638 τῷ
2928 5571 3121 5639 Κυρίῳ
3147 5570 3384 5641 σφόδρα
3411 5571 3485 5627 ἐν
3514 5570 3590 5638 τῷ
3600 5567 3705 5625 στό·

2166 5668 2308 5736 pati
2326 5686 2465 5738 μου,
2492 5666 2588 5722 καὶ
2614 5667 2684 5722 ὲν
2706 5664 2875 5743 μέσῳ
2897 5662 3141 5720 πολλῶν
3170 5663 3391 5721 αἰνέσω
3419 5666 3615 5720 αὐτόν·
3641 5658 3714 5717 δτι

567 5775 613 5809 ⁸⁸
654 5775 821 5835 Hebr.
857 5795 966 5841 xu.
998 5779 1055 5837 2.
1122 5782 1177 5816 θί
1221 5779 1452 5847 Philipp.
1489 5797 1564 5845 ιι.
1601 5781 1654 5837 7.
1720 5784 1775 5857 _"
1818 5780 1899 5841 lsa
1959 5798 2076 5840 χιιι
2104 5824 2118 5850 ,
2156 5785 2207 5841 5.
