4040 6210
385 299 508 349 1541

1458 287 1963 347 COMMENTARIA
2005 288 2070 343 IN
2104 287 2439 345 PSALMOS.

3481 285 3617 342 1⁸549

380 404 725 476 παρέστηέκ
759 404 973 473 δεξιῶν
1005 406 1280 474 πένητος,
1321 405 1427 459 τοῦ
1466 403 1661 460 σῶσαι
1706 406 1773 459 ἐκ
1830 407 1945 459 τῶν

2050 404 2247 460 demtris
2280 404 2546 476 pauperis,
2574 412 2634 457 ut
2665 402 2870 457 saluam
2899 401 3095 471 faceret
3121 401 3165 456 ὀ
3194 401 3615 473 persequentibus

379 497 854 553 καταδιωκόντων
889 498 1004 567 τὴν
1023 498 1233 568 ψυχήν
1245 514 1385 566 μου.
1423 496 1693 551 Πολλῶνο
1727 497 1888 550 τίνων
1914 496 1947 568 ἦ

379 589 592 644 πάντων
612 590 719 645 τῶν
744 592 823 655 εἰς
854 591 1015 646 αὐτὸν
1047 590 1487 644 πεπιστευκότων
1513 588 1700 654 ἐθνῶν,
1726 591 1818 643 καὶ
1844 589 1950 643 τῶν

378 680 497 737 καθ’
548 681 676 752 ὅλης
704 681 806 752 τῆς
841 682 1165 753 οἰκουμένης
1189 680 1564 751 Ἐκκλησιῶνς
1617 680 1789 745 Αὐτὸς
1842 682 1951 752 γάρ

378 775 524 827 ἐστιν
546 773 575 826 ὁ
598 773 785 828 εἰπών·
811 776 994 828 Ὅπου
1022 773 1130 828 δύο
1146 774 1183 842 ἢ
1201 773 1358 843 τρεῖς
1375 774 1741 843 συνηγμένοι
1771 774 1840 827 ἐν
1868 773 1949 839 τῷ

378 866 620 934 ὀνόματί
646 883 785 935 μου,
839 866 970 919 ἐκεῖ
1019 868 1136 935 εἰμι
1165 866 1234 919 ἐν
1268 863 1437 934 μέσῳ
1464 863 1681 918 αὐτῶν.
1708 865 1799 918 Διὸ
1824 866 1947 919 καθ’

377 955 503 1026 ὅλης
545 955 643 1026 τῆς
667 956 988 1029 οἰκουμένης
1020 957 1078 1009 ὲν
1118 955 1264 1026 μέσῳ
1292 954 1399 1008 τῶν
1430 954 1766 1026 Ἐκκλησιῶν
1798 955 1949 1027 παρά

377 1044 468 1098 τοῦ
500 1046 703 1118 Κυρίου
726 1047 802 1117 τῷ
831 1046 1006 1118 Παιτρί⁸
1037 1046 1265 1116 μεγίστη
1320 1046 1566 1117 πρόεισιν
1604 1047 1946 1118 εὐχαριστία.

763 1143 1054 1196 mmo}:
1082 1143 1169 1211 Tn
1201 1142 1417 1194 AArtA.
1441 1141 1565 1198 Pe'.

445 1227 633 1285 Εἶπεν
660 1234 694 1285 ό
717 1234 930 1301 Κύριος
950 1231 1028 1298 τῷ
1053 1232 1245 1300 Κυρίῳ
1266 1249 1405 1301 μουο
1424 1231 1623 1288 Κάθου
1650 1234 1717 1286 ἐκ
1734 1233 1949 1299 δεξιῶν

377 1338 510 1389 μου,
545 1320 656 1387 ἕως
680 1321 758 1376 ἂν
782 1321 863 1377 θῶ
884 1321 1025 1388 τοὺς
1050 1320 1301 1390 ἐχθρούς
1327 1335 1442 1375 σου
1472 1323 1804 1377 ὑποπόδιον
1830 1321 1947 1376 τῶν

376 1409 576 1465 ποδῶν
598 1426 733 1466 σου.
770 1412 980 1484 Σφόδρα
1003 1412 1205 1484 ἀκριϐῆ
1241 1412 1335 1466 καὶ
1366 1412 1540 1484 ἀληθῆ
1573 1412 1727 1483 λόγον
1747 1415 1949 1485 ἐπεση-

379 1502 584 1572 μήνατο
608 1504 637 1555 ὁ
682 1502 870 1574 Σωτὴρ
904 1502 1060 1574 ἡμῶν
1101 1503 1355 1576 εἰρηκώςο
1411 1507 1481 1558 Ei
1513 1500 1627 1558 οὖν
1672 1505 1853 1560 Δαυτδ
1878 1506 1949 1559 ἐν

376 1594 668 1663 πνεύματι
708 1594 880 1647 καλεῖ
923 1593 1108 1649 αὐτὸν
1138 1595 1378 1663 Κύριον,
1431 1594 1558 1662 πῶς
1600 1595 1730 1662 υἱὸς
1758 1596 1946 1651 αὑτοῦ

376 1684 579 1747 datm;
608 1685 669 1737 οὐ
701 1685 810 1753 γὰρ
844 1685 996 1748 ἐκτὸς
1023 1684 1341 1756 Πνεύματος
1386 1686 1542 1754 ἁγίου
1569 1681 1680 1751 οἶός
1708 1705 1770 1740 τε
1803 1683 1871 1758 ἦν
1916 1689 1946 1741 ὁ

376 1776 534 1830 Δαυῖδ
555 1779 728 1833 εἰπεῖν
748 1778 827 1831 ’τό⁹
846 1775 1031 1832 Εἶπεν
1052 1782 1085 1833 ό
1115 1781 1329 1848 Κύριος
1363 1779 1441 1844 τῷ
1461 1782 1654 1848 Κυρίῳ
1666 1799 1804 1849 μουο
1828 1780 1944 1835 Κά-

376 1873 482 1926 θου
509 1869 576 1923 ἐκ
592 1868 805 1934 δεξιῶν
817 1889 955 1940 μου.
981 1870 1152 1924 Πόθεν
1177 1870 1285 1943 γὰρ
1308 1873 1484 1944 παρῆν
1511 1872 1833 1943 ἀνθρωπίνῳ
1857 1872 1943 1926 λο-

377 1958 601 2030 γισμῷή
637 1960 839 2028 γνῶσις
857 1963 890 2031 ἡ
918 1960 1012 2013 τοῦ
1032 1961 1244 2033 Πατρὸς
1273 1962 1409 2035 πρὸς
1440 1962 1530 2014 τὸν
1559 1962 1943 2034 ὠνομασμένον

375 2049 536 2102 αὐτοῦ
562 2048 764 2121 Κύριον
809 2050 1172 2120 κοινολογίας;
1214 2051 1271 2103 '0
1331 2050 1428 2122 μὲν
1479 2046 1573 2105 οὖν
1605 2051 1790 2123 θρόνος
1841 2053 1944 2125 τὴν

374 2136 651 2208 βασιλικὴν
682 2138 847 2191 αὐτοῦ
874 2138 1028 2203 ἀξίαν
1056 2140 1476 2210 κατασημαίνει,
1511 2142 1544 2211 ἡ
1570 2140 1625 2193 δὲ
1642 2139 1855 2205 κάθισις
1882 2143 1944 2195 τὸ

374 2227 586 2299 βέϐαιον
602 2230 695 2283 καὶ
719 2229 927 2302 ἑδραῖον
952 2230 1046 2284 καὶ
1073 2228 1366 2283 ἀσάλευτον
1400 2231 1499 2300 τῆς
1528 2230 1663 2300 ἐντῇ
1698 2231 1945 2303 βασιλείᾳ

373 2320 645 2392 διαμονῆς·
674 2321 734 2374 τὸ
779 2321 858 2389 δὲ,
907 2322 977 2375 ἐκ
1025 2321 1257 2386 δεξιῶν,
1304 2318 1442 2375 εἶναι
1489 2322 1583 2376 καὶ
1633 2322 1819 2388 δεξιῶν
1849 2323 1941 2376 τοῦ

374 2414 583 2484 Πατρδς
623 2413 958 2485 δωρηματων
990 2413 1261 2467 κοινωνόν.
1297 2414 1481 2467 Πάντα
1525 2416 1633 2486 γὰρ
1671 2414 1740 2469 τὰ
1771 2415 1940 2483 δεξιὰ,

374 2506 574 2578 φαιδρά
599 2524 657 2559 τε
686 2509 779 2560 καὶ
808 2506 987 2575 ἀγαθᾶ
1016 2510 1108 2561 καὶ
1132 2510 1373 2580 σωτήρια
1400 2514 1626 2581 χορηγεῖ
1653 2512 1680 2564 ὁ
1707 2511 1835 2573 Υἱὸς
1867 2511 1943 2576 ὼς

373 2597 521 2667 παρά
544 2597 772 2667 Πατρός.
825 2598 1081 2669 Ἐχθροὺς
1103 2599 1159 2653 δὲ
1194 2600 1326 2670 φησί
1357 2601 1482 2664 τοὺς
1512 2600 1600 2654 διὰ
1619 2601 1714 2655 τοῦ
1744 2620 1940 2674 προτε-

373 2686 641 2757 ταγμένου
669 2686 882 2759 ψαλμοῦ
913 2688 1330 2761 δεδηλωμένους
1362 2692 1456 2745 καὶ
1498 2693 1556 2745 οὑ
1595 2692 1773 2763 μόνον,
1807 2693 1943 2747 ἀλλὰ

373 2779 465 2831 καὶ
509 2779 689 2843 πάσας
734 2778 832 2843 τὰς
864 2781 1239 2853 ἀντικειμένας
1281 2783 1552 2855 δυνάμεις.
1596 2785 1808 2849 Πάντας
1836 2786 1943 2858 γὰρ

374 2867 476 2920 ὑπὸ
505 2870 629 2932 τοὺς
678 2869 842 2933 πόδας
874 2869 1036 2924 αὑτοῦ
1076 2870 1260 2943 θήσειν
1287 2876 1315 2927 ὁ
1362 2875 1548 2946 Πατὴρ
1571 2875 1944 2945 διαγγέλλεται

374 2958 460 3013 διὰ
488 2960 583 3013 τοῦ
617 2963 974 3032 προκειμένου
998 2962 1234 3035 ψαλμοῦ.

457 3134 704 3189 Ῥὰδδον
731 3136 1036 3208 δυνάμεως
1054 3140 1449 3205 ἐξαποστελεῖ
1462 3145 1676 3214 Κύριος
1689 3146 1757 3201 ἐκ
1772 3146 1945 3214 Σιὼν,

376 3227 474 3281 καί
501 3231 893 3299 κατακτφίευε
953 3233 1023 3287 ἐν
1041 3233 1208 3303 μέσῳ
1236 3234 1354 3289 τῶν
1382 3235 1611 3306 ἐχθρῶν
1646 3255 1781 3294 σου.
1828 3241 1948 3295 Ῥά-

375 3316 498 3370 ϐδον
526 3317 807 3389 δυνάμεως
826 3320 883 3375 ὲν
902 3322 1108 3387 τούτοις
1133 3324 1369 3395 ἡγοῦμαι
1390 3326 1478 3379 τὸν
1492 3310 1841 3397 εὐαγγελικὸν
1862 3330 1950 3384 λό-

374 3424 470 3477 γον
507 3409 777 3480 εἰρῆσθαι.
816 3412 1134 3486 Ἐπίστησον
1156 3414 1211 3467 δὲ
1239 3417 1445 3486 μήποτε
1478 3418 1599 3471 καθ’
1629 3420 1811 3492 ἕτερον
1833 3421 1951 3494 τρόο

377 3515 478 3551 πον
512 3499 705 3570 ῥάϐδος
731 3501 1013 3573 δυνάμεως
1050 3504 1265 3576 εἴρηται
1304 3506 1538 3561 ἐνταῦθα
1575 3510 1608 3580 ἡ
1636 3512 1692 3563 ὲν
1720 3510 1798 3582 τῷ
1828 3511 1948 3565 δευ-

375 3589 516 3661 τέρῳ
553 3590 752 3662 ψαλμῷ
781 3593 1091 3666 κεκλημένη
1133 3595 1324 3667 ῥάϐδος
1369 3598 1581 3671 σιδηρᾶ.
1624 3602 1684 3654 '0
1712 3602 1809 3672 μὲν
1854 3599 1946 3658 οὖν

374 3682 724 3752 εὐαγγελικὸς
760 3685 936 3753 λόγος,
984 3687 1013 3739 ὁ
1040 3688 1137 3758 τῆς
1178 3686 1273 3741 τοῦ
1324 3690 1571 3762 Σωτῆρος
1602 3691 1757 3763 ἡμῶν
1793 3694 1949 3748 δυνά-

378 3790 542 3845 μεως,
570 3775 663 3829 καὶ
692 3778 790 3847 τῆς
810 3777 930 3830 κατ’
957 3777 1117 3831 αὐτὸν
1146 3781 1455 3851 οἰκονομίας
1473 3782 1888 3852 ἀπαγγελτικὸς,
1913 3787 1946 3857 ἡ

376 3864 694 3937 παιδευτικὴ
726 3867 820 3919 καὶ
863 3868 1128 3939 σωτήριος
1158 3871 1241 3941 εἴη
1283 3870 1349 3924 ἂν
1397 3872 1610 3943 ῥάϐδος·
1642 3875 1674 3944 ἡ
1708 3874 1764 3927 δὲ
1807 3875 1949 3928 κατὰ

377 3957 481 4010 τῶν
516 3957 723 4029 ὲχθρῶν
760 3959 1054 4014 αὐτοῦ’καί⁵
1086 3961 1357 4034 πολεμίων
1379 3964 1479 4032 τῆς
1516 3964 1679 4019 αὐτοῦ
1720 3966 1947 4039 Ἐκκλη-

376 4047 495 4111 σίας
531 4049 886 4121 καθαιρετικὴ
933 4050 1198 4123 λεγομένη
1241 4053 1454 4125 σιδηρᾶ,
1486 4054 1552 4107 δι’
1586 4050 1653 4126 ἦς
1678 4056 1752 4120 ὡς
1776 4058 1944 4128 σκεύη

377 4141 659 4213 κεραμέως
698 4142 1003 4212 συντρίψειν
1051 4144 1266 4214 λέγεται
1309 4149 1441 4211 τοὺς
1483 4149 1707 4220 ἐχθροὺς
1760 4151 1942 4205 αὑτοῦ.

386 4231 535 4286 Ἐπεὶ
546 4233 725 4286 τοίνυν
747 4234 776 4285 ὁ
800 4233 1030 4303 Χριστὸς
1044 4236 1143 4299 τὰς
1162 4237 1487 4309 Ἐκκλησίας
1502 4239 1663 4294 αὐτοῦ
1684 4242 1740 4294 ἐν
1756 4243 1947 4313 μέσαις

377 4325 492 4388 ταῖς
524 4325 711 4378 πόλεσι
737 4324 830 4378 καί⁵
863 4324 920 4376 ὲν
958 4325 1136 4389 αὐτοῖς
1171 4328 1356 4397 μέσοις
1381 4330 1556 4385 ἔθνεσι
1586 4332 1787 4403 μεταξὺ
1836 4335 1944 4388 τῶν

2052 500 2287 552 animam
2330 512 2519 550 meam.
2552 494 2848 549 Multorum
2882 510 2901 548 :
2941 508 3172 565 quorum
3217 493 3325 546 nisi
3372 493 3617 547 omnium

2049 589 2289 661 gentium
2325 602 2446 657 quae
2474 589 2530 640 in
2564 587 2741 656 ipsum
2771 583 3141 646 crediderunt,
3167 591 3220 638 et
3250 582 3616 640 Ecclesiarum
3672 634 3678 645 ,

2050 695 2171 750 quae
2200 678 2253 732 in
2293 685 2407 731 toto
2432 676 2565 731 orbe
2604 675 2769 731 sunt?
2793 673 2913 744 Ipse
2940 686 3178 742 namque
3212 678 3296 726 est
3325 670 3417 740 qui
3444 670 3613 725 dixit:
3655 734 3659 741 .

2055 770 2155 826 Ubi
2185 770 2290 825 duo
2328 769 2406 824 vel
2448 777 2551 823 tres
2592 767 2891 837 congregati
2923 765 3119 835 fuerint
3152 764 3206 818 in
3246 764 3453 817 nomine
3480 779 3615 827 meo,
3656 758 3665 793 ³

2049 864 2122 918 ibi
2149 880 2265 917 sum
2294 864 2348 916 in
2374 861 2542 915 medio
2576 876 2756 915 eorum
2786 859 2851 910 ⁸³.
2881 856 3001 912 ideo
3023 873 3119 927 per
3140 862 3311 910 totum
3339 854 3523 909 orbem
3558 853 3616 908 in

2048 955 2229 1010 medio
2276 953 2645 1008 Ecclesiarum
2698 966 2907 1020 magna:
2961 965 2992 1003 a
3040 948 3273 1004 Domino
3318 946 3618 1018 gratiarum

2049 1048 2294 1103 actiones
2328 1043 2476 1098 Patri
2507 1045 2849 1099 emittuntur.

2362 1132 2687 1188 PSALMUS
2726 1132 2853 1187 IPSI
2893 1130 3124 1184 DAVID.
3163 1128 3300 1185 CIX.

2118 1228 2287 1284 Vens.
2311 1228 2365 1293 1,
2382 1227 2437 1280 2.
2460 1226 2607 1280 Dixit
2630 1226 2884 1280 Dominus
2903 1225 3124 1278 Domino
3148 1239 3260 1277 meo
3282 1238 3299 1275 :
3325 1220 3456 1276 Sede
3484 1236 3516 1274 α
3537 1219 3620 1275 de-

2045 1319 2183 1371 xtris
2208 1317 2356 1382 meis,
2390 1315 2551 1391 donec
2589 1329 2780 1382 ponam
2811 1308 3049 1368 inimicos
3080 1322 3195 1366 tuos
3222 1310 3507 1366 scabellum
3529 1325 3620 1378 pe-

2047 1409 2171 1462 dum
2204 1417 2433 1461 tuorum.
2466 1404 2581 1460 Hoc
2627 1404 2834 1459 dictum
2866 1402 3022 1458 valde
3068 1408 3384 1456 accuratum
3430 1414 3495 1453 ac
3527 1416 3618 1453 ve-

2047 1514 2166 1552 rum
2190 1514 2314 1554 esse
2344 1497 2595 1552 Salvator
2631 1496 2959 1568 signiﬁcavit
2994 1495 3222 1551 dicens:
3261 1492 3321 1548 Si
3353 1509 3473 1563 ergo
3509 1491 3619 1544 Da-

2048 1590 2133 1644 vid
2169 1591 2221 1643 in
2255 1591 2445 1658 spiritu
2474 1598 2623 1644 uocat
2666 1605 2784 1643 eum
2825 1587 3128 1649 Dominum,
3169 1584 3429 1657 quomodo
3474 1583 3618 1651 ﬁlius

2046 1680 2161 1749 ejus
2199 1688 2275 1733 est
2300 1678 2383 1732 "‘1
2408 1693 2584 1748 neque
2619 1677 2765 1732 enim
2796 1678 2915 1732 sine
2948 1675 3153 1746 Spiritu
3190 1682 3378 1730 sancto
3408 1679 3619 1743 poterat

1976 1753 2019 1808 Β
2052 1770 2219 1825 David
2254 1770 2371 1824 haec
2420 1770 2683 1840 proferre,
2727 1768 2875 1821 Dixit
2912 1767 3171 1822 Dominus
3214 1765 3439 1819 Domino
3482 1779 3618 1828 meo,

2052 1862 2183 1919 Sede
2217 1881 2249 1917 a
2280 1863 2481 1917 dextris
2518 1862 2665 1917 meis.
2717 1857 3000 1926 Quomodo
3038 1857 3184 1912 enim
3233 1855 3483 1909 humanae
3526 1868 3619 1907 co-

2050 1955 2280 2026 giitioni
2331 1954 2620 2009 accidisset
2657 1952 2848 2006 notitia
2895 1947 3405 2005 communicationis
3454 1958 3621 2016 quam

2050 2047 2210 2103 Pater
2241 2047 2403 2101 habet
2436 2060 2558 2099 cum
2595 2059 2660 2098 eo
2705 2044 2795 2113 qui
2834 2042 3096 2097 Dominus
3126 2041 3297 2109 ipsius
3326 2036 3493 2090 David
3537 2034 3620 2090 di-

2050 2140 2231 2205 citur?
2260 2137 2516 2193 Thronus
2560 2136 2743 2206 itaque
2776 2135 2979 2205 regiam
3010 2132 3130 2201 ejus
3168 2129 3486 2200 dignitatem
3526 2124 3620 2180 dc-

2050 2233 2252 2298 clarat;
2307 2231 2481 2286 sessio
2548 2236 2726 2283 autem
2774 2226 3118 2289 ﬁrmitatem,
3164 2221 3514 2276 Stabilitatem
3567 2225 3620 2273 et

2051 2321 2485 2379 immobilitatem
2539 2317 2941 2389 permansionis
2984 2317 3105 2386 ejus
3147 2317 3199 2370 in
3251 2330 3443 2384 regno.
3484 2309 3619 2365 Illud

2051 2429 2252 2482 autem,
2281 2435 2313 2472 a
2335 2418 2558 2481 dextris,
2584 2416 2828 2470 declarat
2866 2415 3045 2484 ipsum
3090 2412 3408 2467 dextrorum
3441 2406 3620 2461 Patris

2051 2526 2337 2566 munerum
2376 2524 2498 2565 esse
2542 2506 2879 2578 participem.
2915 2503 3109 2559 Omnia
3137 2502 3337 2575 quippe
3374 2500 3618 2563 dextera,

2051 2606 2193 2669 laeta,
2228 2605 2370 2659 bona
2398 2613 2451 2675 et
2474 2594 2734 2656 salutaria
2765 2598 2922 2668 quasi
2961 2612 2988 2649 a
3021 2595 3181 2650 Patre
3206 2592 3376 2647 Filius
3407 2592 3617 2646 submi-

2049 2699 2272 2754 nistrat.
2293 2696 2547 2751 lnimicos
2573 2701 2753 2748 autem
2776 2698 2935 2746 vocat
2961 2704 3056 2744 eos
3080 2688 3173 2758 qui
3209 2687 3263 2741 in
3294 2684 3618 2755 prmcedenti

2050 2792 2262 2863 psalmo
2287 2789 2549 2844 declarati
2573 2797 2732 2853 sunt;
2762 2800 2935 2855 neque
2960 2790 3166 2835 tantum
3199 2794 3313 2841 eos,
3342 2778 3436 2833 sed
3457 2778 3617 2833 etiam

2051 2898 2244 2951 omnes
2266 2880 2612 2936 adversarias
2646 2879 2894 2932 virtutes.
2927 2873 3088 2928 Pater
3108 2871 3251 2927 enim
3281 2870 3336 2924 in
3365 2865 3617 2941 praesenti

2050 2972 2262 3043 psalmo
2284 2985 2345 3025 se
2368 2984 2559 3024 omnes
2585 2968 2688 3023 sub
2721 2964 2885 3037 pedes
2915 2963 3032 3033 ejus
3068 2968 3467 3031 prostraturum
3496 2972 3616 3014 esse

2051 3065 2361 3122 denuntiat.

2122 3160 2289 3217 Vsus.
2338 3160 2391 3215 5.
2467 3157 2679 3229 Virgam
2726 3156 2937 3211 virtutis
2997 3153 3195 3208 emittet
3251 3147 3504 3209 Dominus
3552 3162 3616 3201 ea

2049 3250 2197 3313 Sion,
2225 3258 2274 3303 et
2306 3248 2577 3302 dominare
2605 3247 2661 3300 in
2687 3247 2854 3300 medio
2878 3244 3212 3299 inimicorum
3241 3251 3470 3295 tuorum.
3495 3236 3615 3293 Vir-

2048 3358 2171 3414 gam
2203 3330 2447 3403 [virtutis
2489 3341 2727 3395 arbitror
2767 3339 2871 3393 hoc
2914 3337 3035 3391 loco
3072 3332 3446 3403 evangelicum
3496 3344 3614 3387 ser-

2049 3450 2265 3490 monem
2292 3435 2497 3490 dictum
2531 3449 2673 3490 esse.
2709 3432 2948 3488 Observa
2980 3444 3165 3500 porro,
3196 3442 3326 3482 num
3371 3425 3510 3481 forte
3537 3441 3615 3481 se-

2049 3526 2285 3582 cundum
2315 3526 2477 3580 aliam
2523 3525 2787 3579 rationem
2826 3523 2979 3592 virga
3011 3519 3227 3575 virtutis
3273 3517 3364 3573 hic
3404 3516 3614 3571 dicatur

2048 3629 2134 3679 ea,
2166 3627 2287 3682 qua:
2320 3613 2374 3667 in
2403 3612 2643 3669 secundo
2676 3611 2886 3683 psalmo
2926 3609 3077 3680 virga
3115 3607 3290 3662 ferrea
3332 3621 3614 3677 nuncupao

2049 3712 2159 3759 tur.
2190 3703 2546 3775 Evangelicus
2576 3704 2757 3773 itaque
2800 3716 3001 3763 sermo,
3041 3699 3133 3770 qui
3174 3696 3482 3753 Servatoris
3515 3711 3612 3750 no-

2049 3795 2149 3850 stri
2181 3796 2433 3849 virtutem
2473 3803 2527 3850 ct
2570 3794 2691 3862 ejus
2734 3791 3093 3848 oeconomiam
3124 3790 3431 3854 annuntiat,
3464 3788 3614 3863 virga

2048 3887 2367 3942 doctrinalis
2412 3897 2465 3942 ct
2499 3887 2756 3942 salutaris
2788 3886 2980 3954 fuerit;
3013 3885 3104 3939 illa
3134 3900 3264 3940 vero
3297 3899 3403 3954 qua
3436 3882 3613 3936 inimi-

2048 3997 2143 4036 cos
2172 3996 2303 4036 suos
2330 3987 2385 4033 et
2428 3980 2683 4035 Ecclesia:
2713 3980 2897 4035 hostes
2947 3978 3241 4048 prosternit
3269 3991 3332 4029 ac
3361 3974 3613 4040 destruit,

2048 4071 2224 4124 ferrea
2254 4079 2500 4136 vocetur,
2530 4086 2638 4140 qua
2668 4069 2869 4125 dicitur
2892 4069 3143 4124 inimicos
3186 4083 3315 4123 suos
3357 4075 3613 4136 tanquam

2046 4178 2175 4217 vasa
2226 4161 2373 4230 ﬁguli
2420 4162 2757 4217 contriturus
2797 4177 2936 4216 esse.
2986 4159 3122 4225 Quia
3160 4159 3324 4230 igitur
3363 4155 3612 4211 Christus

2048 4252 2322 4306 Ecclesias
2363 4268 2493 4306 suas
2522 4253 2575 4305 in
2611 4253 2802 4307 mediis
2845 4251 3071 4305 urbibus
3104 4257 3157 4304 et
3186 4248 3436 4317 gentibus
3477 4246 3611 4299 inter

2049 4343 2300 4397 inimicos
2344 4348 2398 4397 et
2446 4343 2630 4396 hostes
2678 4342 2982 4407 constituit,
3041 4337 3354 4394 necessario
3406 4335 3611 4389 dictum

378 4416 583 4488 ἐχθρῶν
613 4417 709 4470 καὶ
764 4415 1036 4504 πολεμίων
1094 4422 1474 4492 συνεστήσατο,
1510 4425 1816 4494 ἀναγκαίως
1856 4426 1945 4480 λέ-

2048 4443 2133 4490 est
2165 4454 2180 4488 :
2214 4434 2422 4504 Virgam
2456 4434 2662 4488 virtutis
2693 4442 2795 4487 tua:
2820 4433 3020 4487 emittet
3043 4430 3321 4493 Dominus,
3355 4437 3412 4481 ut
3438 4426 3609 4482 domi-

378 4508 558 4560 λεκται
602 4506 707 4571 ὅτι,
754 4503 1002 4559 Ῥάόδον
1048 4504 1353 4577 δυνάμεώς
1395 4526 1511 4567 σου
1550 4513 1949 4579 ἐξαποστελεῖ

378 4599 603 4668 Κύριος,
632 4598 734 4652 ἵνα
775 4598 1249 4667 κατακυριεύσῃς
1274 4599 1344 4653 ἐν
1375 4602 1541 4671 μέσῳ
1561 4603 1681 4658 τῶν
1718 4605 1947 4676 ἐχθρῶν

372 4707 512 4743 σου.

443 4781 749 4847 Μετὰγσοῦ
765 4783 803 4851 ἠ
840 4782 996 4852 ἀρχὴ
1029 4782 1100 4837 ἐν
1128 4784 1315 4853 ἡμέρᾳ
1358 4784 1467 4854 τῆς
1493 4785 1798 4858 δυνάμεώς
1829 4802 1945 4843 σου

378 4875 443 4928 ἐν
465 4875 595 4942 ταῖς
624 4877 1002 4945 λαμπρότησι
1029 4875 1150 4929 τῶν
1185 4876 1390 4946 ἁγίων,
1437 4877 1506 4930 ἐκ
1548 4880 1802 4949 γαστρὸς
1830 4879 1944 4948 πρὸ

378 4964 682 5033 ἐωσφόρου
740 4963 1038 5033 ἐγέννησά
1089 4981 1181 5019 σε.
1236 4965 1485 5029 Ἀκύλας,
1543 4967 1676 5021 Ἀπὸ
1714 4969 1945 5038 μήτρας

379 5054 844 5125 ἐξωρθρισμένης
872 5074 970 5111 σοι
1010 5057 1230 5124 δρόσος
1256 5057 1634 5126 παιδιότητός
1663 5076 1798 5115 σου·
1829 5063 1858 5115 ὁ
1887 5063 1946 5115 δὲ

380 5144 687 5217 Σύμμαχος
728 5148 823 5212 Ὠς
851 5148 979 5201 κατ’
1010 5148 1222 5216 ὄρθρον
1254 5164 1354 5201 σοι
1395 5146 1615 5216 δρόσος
1648 5151 1687 5217 ἡ
1733 5153 1946 5220 νεότης

378 5252 511 5291 σου·
542 5240 575 5308 ή
597 5238 653 5290 δὲ
686 5239 908 5310 πέμπτη
939 5238 1166 5304 ἔκδοσις,
1212 5241 1306 5294 Ἐκ
1331 5240 1562 5310 μήτρας
1591 5242 1707 5296 ἀπὸ
1732 5242 1944 5313 ὄρθρου

380 5342 474 5382 σοι
499 5327 718 5396 δρόσος
740 5330 1022 5397 νεότητός
1058 5346 1192 5385 σου.
1229 5332 1339 5384 Καὶ
1369 5330 1513 5385 έοικέ
1540 5348 1605 5400 γε
1633 5333 1722 5387 διὰ
1739 5335 1944 5390 τούτων

380 5419 476 5491 τῆς
505 5420 766 5491 ὲνσάρκου
820 5421 1122 5492 γεννήσεως
1165 5421 1329 5475 αὐτοῦ
1370 5421 1467 5493 τὴν
1503 5423 1811 5495 οἰκονομίαν
1844 5444 1941 5498 οη-

379 5512 609 5583 μαίνειν.
660 5511 792 5564 Ἀπὸ
814 5512 921 5583 γάρ
962 5514 1190 5584 μήτρας,
1224 5515 1378 5585 φησὶ,
1425 5515 1711 5584 γενήσεται
1756 5517 1944 5588 δρόσος

380 5601 782 5675 ὲξωρθρισμένη
811 5603 907 5673 τῆς
924 5603 1265 5674 παιδιότητός
1292 5622 1404 5658 σου·
1447 5607 1480 5676 ἢ
1514 5607 1578 5658 ἐκ
1611 5609 1820 5678 μήτρας
1853 5626 1943 5680 γε..

446 5712 493 5745 ’³
530 5710 714 5768 Matth.
753 5729 914 5779 xvut,
949 5713 1038 5772 20.
1115 5715 1159 5747 νδ
1199 5715 1384 5774 Matth.
1426 5733 1571 5783 xm.
1605 5717 1691 5775 45.

2048 4529 2188 4583 ueris
2217 4528 2273 4581 in
2302 4526 2473 4582 medio
2498 4526 2833 4580 inimicorum
2867 4533 3097 4578 tuorum.

2116 4771 2281 4825 Vsus.
2310 4770 2365 4824 4.
2412 4768 2603 4822 Tecum
2659 4764 2978 4835 principium
3029 4763 3085 4817 in
3135 4760 3222 4816 die
3262 4761 3474 4816 virtutis
3510 4769 3611 4815 tute

2046 4870 2099 4924 in
2122 4868 2485 4938 splendoribus
2514 4875 2844 4929 sanctorum,
2881 4879 2946 4918 ea:
2975 4872 3122 4917 utero
3155 4871 3277 4916 ante
3308 4861 3610 4931 Luciferum

2045 4971 2200 5041 genui
2228 4980 2295 5025 te.
2326 4968 2543 5039 Aquila,
2574 4966 2639 5022 ab
2672 4975 2819 5020 utero
2866 4964 3101 5018 diluculo
3133 4965 3361 5018 excitato
3396 4962 3491 5016 tibi
3525 4975 3609 5013 ros

2044 5072 2287 5143 pueritia:
2313 5080 2416 5126 tua:
2435 5088 2450 5137 ;
2469 5068 2828 5141 Symmachus
2855 5107 2871 5132 ,
2894 5066 3028 5120 velut
3051 5065 3282 5120 diluculo
3305 5065 3398 5118 tibi
3422 5061 3607 5130 rosju-

2045 5184 2227 5229 ventus
2256 5183 2383 5237 tua;
2410 5172 2602 5242 quinta
2652 5176 2833 5224 autem
2867 5148 3056 5234 editio,
3090 5183 3155 5222 ea:
3206 5175 3354 5221 utero
3386 5164 3607 5218 dilicuta

2047 5263 2140 5319 tibi
2177 5280 2264 5317 ros
2290 5261 2582 5333 juventutis
2608 5268 2729 5314 tute.
2766 5256 2969 5329 Hisque
2998 5257 3214 5313 videtur
3244 5253 3606 5326 generationis

2044 5356 2164 5425 ejus
2226 5351 2464 5408 carnalis
2520 5342 2880 5405 (Bconomiam
2941 5348 3268 5421 signiﬁcare.
3328 5342 3409 5397 Ab
3451 5350 3606 5398 utero

2044 5448 2211 5509 enim,
2246 5447 2341 5510 ait,
2373 5446 2475 5499 erit
2498 5459 2589 5501 ros
2617 5443 2918 5498 matutinus
2946 5439 3190 5512 pueritiae
3217 5444 3352 5502 tuae;
3389 5435 3503 5491 sive
3539 5453 3604 5512 ex_

2045 5547 2200 5602 utero
2231 5538 2320 5593 lict
2367 5537 2465 5592 tibi
2515 5552 2606 5592 ros
2635 5546 2761 5591 tuus
2802 5510 3043 5611 diluculo
3077 5531 3128 5605 in
3165 5526 3452 5600 iuventute
3489 5510 3603 5581 tua:

2048 5632 2249 5707 Hisque
2282 5630 2516 5691 arbitror
2545 5629 2833 5694 declarari,
2885 5640 2992 5680 non
3017 5639 3081 5677 cx
3111 5621 3317 5678 semine
3348 5620 3471 5687 viri,
3508 5618 3606 5676 sed
