4044 6212
405 310 538 367 1543

1103 302 1372 361 EUSEBII
1401 302 1877 359 CASSARIENSIS
1913 303 2064 360 OPP.
2097 302 2275 356 PARS
2313 301 2399 356 Ill.
2438 333 2508 343 -—
2546 297 2953 355 EXEGETICA.

3507 295 3654 351 15H

404 446 464 487 ex
500 429 706 500 Spiritu
752 434 965 492 sancto,
1017 427 1299 482 carnalem
1336 426 1743 498 generationem
1765 427 1972 482 consti-

2083 423 2291 495 νήσεταί
2325 441 2406 477 σοι
2437 423 2625 494 δρόσος
2642 439 2734 476 σου
2760 421 2956 492 ὄρθρου
2985 420 3042 474 ὲν
3061 421 3126 492 τῇ
3153 417 3366 490 νεότητί
3394 434 3510 471 σου.
3545 418 3656 488 Ση-

402 522 498 577 ιυί.
531 521 665 575 Nam
703 519 1160 591 quemadmodum
1203 535 1295 574 ros
1339 534 1575 587 superne
1605 518 1672 573 de
1702 519 1841 576 casio
1876 519 1971 574 de-

401 612 590 675 ﬂuens,
624 611 704 666 sic
741 610 797 665 in
841 618 998 666 utero
1022 610 1355 682 praegnantis
1389 610 1578 666 matris
1611 609 1753 680 ejus,
1787 610 1972 666 carnis

401 703 716 760 constitutio
734 703 873 759 facta
890 711 975 758 est
989 702 1044 757 in
1061 702 1289 757 infantia
1308 703 1501 774 ipsius.
1520 703 1628 757 Pro
1648 704 1740 758 illo
1767 711 1970 770 autem,

400 810 460 849 ea:
491 803 684 859 ventre,
717 795 838 850 sive
863 809 928 849 ea:
956 805 1126 859 utero,
1157 792 1480 849 Hebraicum
1510 794 1674 848 habet
1715 792 1971 847 Mariam.

400 883 593 953 Aliquo
632 891 814 938 autem
847 891 1104 938 narrante
1123 883 1271 946 novi,
1304 882 1627 938 Hebraicam
1656 898 1843 938 vocem
1883 883 1972 936 hic

399 974 621 1029 Mariam
655 973 972 1031 meminisse
1000 993 1014 1029 :
1045 989 1171 1029 nam
1205 975 1362 1038 illud,
1384 973 1640 1040 Mariam,
1673 973 1854 1029 Maria:
1870 989 1964 1028 no-

2075 514 2359 587 μαίνεσοαι
2389 515 2444 568 δὲ
2465 514 2552 567 διὰ
2573 513 2775 566 τούτων
2799 513 3035 584 ἡγοῦμαι
3053 511 3114 564 τὸ
3146 511 3221 581 μὴ
3251 511 3312 564 ὲκ
3335 510 3653 579 σπέρματος

2073 607 2284 678 ἀνδρὸς,
2310 605 2422 660 ἀλλ’
2454 605 2514 670 ἐξ
2541 605 2694 674 ἁγίου
2719 604 3034 674 Πνεύματος
3052 602 3310 672 συστῆναι
3325 600 3420 672 τὴν
3455 599 3657 670 ἐνσαρ-

2073 716 2166 752 κον
2194 698 2464 769 γέννησιν.
2517 691 2616 751 υἷα
2665 695 2773 768 γὰρ
2804 695 2992 767 δρόσος
3035 693 3240 749 ἄνωθεν
3297 693 3358 758 ἐξ
3414 689 3655 764 οὐρανοῦ

2075 790 2373 860 φερομένη,
2399 787 2539 841 οὕτω
2570 805 2686 852 πως
2731 791 2790 842 ὲν
2825 789 2892 858 τῇ
2927 787 3111 858 μήτρᾳ
3141 785 3239 857 τῆς
3276 785 3657 856 κυοφορούσης

2073 884 2234 936 αὑτὸν
2272 881 2475 954 μητρὸς
2505 884 2538 953 ἡ
2571 882 2670 952 τῆς
2703 879 2904 952 σαρκὸς
2940 881 3149 950 ὑπέστη
3181 880 3439 943 σύστασις
3483 881 3544 932 ἐν
3583 880 3654 948 τῇ

2075 973 2379 1044 παιδιότητι
2406 972 2591 1027 αὐτοῦ.
2638 972 2781 1025 ’Λντὶ
2807 972 2865 1024 δὲ
2885 971 3001 1037 τοῦ,
3033 973 3101 1026 ἐκ
3139 971 3418 1042 γαστρὸς,
3440 969 3496 1040 ἦ,
3529 967 3656 1022 ἀπὸ

398 1083 523 1123 men
558 1067 961 1138 signiticat;ita
983 1075 1044 1122 ut
1071 1068 1159 1122 his
1190 1068 1509 1124 nominatim
1555 1067 1787 1138 Deipara
1819 1080 1970 1122 com-

2083 1066 2319 1135 μήτρας,
2360 1066 2419 1120 τὸ
2450 1065 2734 1138 Ἐϐραῖκδν
2764 1065 2894 1136 ἔχει,
2923 1064 3174 1134 Μαριάμ.
3203 1059 3330 1118 υἷδα
3347 1065 3402 1116 δὲ
3415 1065 3494 1125 εἰς
3520 1062 3655 1115 τοῦ·

401 1165 752 1212 memoretur.

2075 1174 2136 1210 το
2151 1158 2294 1220 τινὸς
2328 1156 2586 1219 ἀκούσας,
2625 1156 2700 1220 ὡς
2729 1157 2829 1226 τῆς
2869 1156 3158 1228 Ἐὁραῖκῆς
3199 1156 3378 1225 φωνῆς
3412 1153 3652 1208 ἐνταῦθα

401 1249 495 1320 τῆς
523 1249 742 1322 Μαρίας
767 1250 1238 1328 μνημονευσάςηςο
1271 1250 1479 1323 τὸγὰρ,
1531 1250 1785 1321 Μαριὰμ,
1829 1250 1889 1304 τὸ
1917 1251 2136 1322 Μαρίας
2179 1252 2347 1322 ὄνομα
2398 1251 2670 1322 σημαίνει,
2717 1251 2793 1315 ὡς
2836 1251 3093 1322 ὀνομαστὶ
3142 1250 3229 1303 διὰ
3290 1249 3488 1304 τούτων
3546 1247 3653 1318 τῆς

398 1329 658 1396 Θεοτόκου
688 1361 790 1414 μνη
801 1343 1170 1414 μονευθείσης.

470 1433 635 1490 Vens.
697 1436 814 1491 5-8.
869 1435 1080 1491 Iuravit
1140 1437 1418 1500 Dominus,
1461 1447 1509 1490 et
1567 1453 1669 1490 non
1705 1435 1971 1505 pwnitebit

401 1541 538 1587 eum,
568 1525 646 1578 Tu
671 1543 725 1580 es
779 1527 1023 1582 sacerdos
1054 1529 1106 1582 in
1145 1536 1396 1583 aeternum
1423 1528 1706 1582 secundum
1737 1526 1971 1582 ordinem

403 1615 801 1673 Melchisedech.
851 1620 1110 1674 Dominus
1157 1638 1190 1674 a
1235 1619 1437 1675 dextris
1489 1622 1595 1676 tuis
1639 1623 1892 1693 confregit
1918 1623 1972 1676 in

401 1707 483 1761 die
515 1708 610 1762 ira:
635 1726 745 1762 sua:
775 1727 939 1781 reges.
975 1709 1252 1766 Judicabit
1293 1713 1348 1766 in
1379 1713 1703 1778 nationibus,
1740 1714 1974 1784 implebit

401 1801 607 1865 ruinas,
651 1803 1024 1872 conquassabit
1058 1805 1233 1872 capita
1277 1805 1333 1858 in
1364 1814 1528 1862 terra.
1558 1804 1632 1860 De
1667 1814 1894 1861 torrente
1918 1807 1972 1860 in

2175 1437 2372 1502 Ωμοσε
2416 1435 2648 1503 Κύριος,
2699 1432 2798 1486 καί
2854 1433 2926 1487 οὐ
2957 1431 3527 1502 μεταμεληθήσεται,
3563 1432 3652 1492 Σὺ

2077 1526 2268 1592 ἱερεὺς
2288 1527 2376 1591 είς
2405 1525 2510 1578 τὸν
2533 1523 2718 1578 αἰῶνα
2748 1524 2899 1578 κατὰ
2922 1523 3035 1593 τὴν
3057 1523 3230 1589 τάξιν
3253 1527 3650 1594 Μελχισεδέκ.

2075 1615 2290 1684 Κύριος
2320 1616 2387 1669 ἐκ
2406 1614 2619 1680 δεξιῶν
2638 1630 2754 1669 σου
2783 1614 3246 1670 σιυνέθλασενέν
3266 1616 3452 1685 ἡμέρᾳ
3466 1616 3655 1688 ὀργῆς

2077 1708 2263 1761 αὐτοῦ
2287 1707 2590 1773 βασιλεῖς.
2618 1706 2907 1775 Κρινεῖέν
2939 1707 3064 1774 τοῖς
3093 1706 3316 1771 ἔθνεσι,
3348 1710 3657 1777 πληρώσει

2076 1797 2374 1868 πτώματα,
2416 1796 2749 1853 συνθλάσει
2788 1798 3055 1867 κεφαλὰς
3096 1798 3193 1851 ἐπί
3224 1798 3356 1869 rﬁc.
3404 1801 3498 1854 Ἐκ
3527 1818 3649 1870 χει-

401 1892 483 1944 υἱα
511 1891 668 1960 bibet,
691 1903 963 1962 propterea
1017 1893 1278 1948 exaltabit
1313 1904 1492 1963 caput.
1527 1893 1653 1950 Haec
1683 1895 1973 1978 admodum

2083 1890 2301 1959 μάρρου
2331 1890 2401 1943 ἐν
2413 1888 2529 1954 ὀδῷ
2557 1889 2770 1955 πίεται,
2793 1888 2889 1942 διὰ
2905 1888 3325 1956 τοῦτο’ῠψώοοει
3352 1888 3648 1959 κεφαλήν.

402 1991 802 2053 consequenter
873 1983 1130 2039 videntur
1175 1983 1453 2054 praedictis
1506 1984 1690 2040 verbis
1733 1985 1976 2040 subnexa

402 2088 545 2129 esse.
574 2072 801 2130 Etiamsi
835 2075 980 2129 enim
1011 2083 1191 2129 ortum
1223 2090 1288 2129 ex
1319 2083 1475 2130 utero
1497 2089 1692 2146 passus
1727 2078 1838 2144 sis,
1877 2075 1976 2144 ait,

401 2170 566 2234 atque
587 2165 752 2218 veluti
782 2181 873 2220 ros
902 2181 967 2220 ex
998 2163 1205 2235 Spiritu
1231 2177 1444 2231 sancto,
1476 2174 1756 2237 assumpta
1787 2182 1973 2232 carne,

403 2254 583 2310 factus
613 2255 764 2312 sisin
795 2255 1023 2310 infantia
1058 2265 1188 2324 tua;
1225 2268 1280 2312 at
1316 2273 1425 2312 non
1461 2261 1580 2330 pari
1609 2267 1773 2330 atque
1799 2261 1978 2315 caeteri

402 2347 652 2403 homines
695 2345 909 2404 raﬂone
931 2351 1056 2405 vitae
1084 2352 1292 2406 exitum
1314 2352 1597 2421 sortieris;
1629 2353 1724 2410 sed
1748 2354 1803 2408 in
1827 2363 1980 2410 aeter-

401 2454 530 2492 num
561 2438 667 2495 Deo
701 2449 753 2495 et
797 2438 946 2496 Patri
984 2441 1242 2498 sacerdos
1289 2444 1535 2499 manebis
1564 2463 1578 2499 :
1613 2443 1882 2515 siquidem
1924 2443 1978 2499 id

401 2529 706 2594 deﬁnitum,
724 2537 779 2585 et
800 2546 830 2585 a
857 2529 1018 2588 Patre
1033 2543 1124 2588 tuo
1149 2548 1272 2589 cum
1294 2533 1592 2605 juramenti
1623 2534 1980 2592 alﬁrmationc

403 2619 814 2690 pronuntiatum
848 2629 955 2679 est.

915 2819 1278 2876 ALLELUIA.
1306 2821 1417 2878 CX.

469 2908 637 2968 Vsus.
673 2913 787 2968 {-5.
819 2912 1126 2983 Conﬁtebor
1160 2914 1277 2979 tibi,
1314 2914 1558 2981 Domine,
1595 2917 1650 2970 in
1683 2925 1791 2971 toto
1825 2917 1980 2972 corde

401 3014 536 3062 meo,
567 3000 620 3053 in
639 3001 862 3055 consilio
873 3003 1146 3071 justorum
1170 3014 1218 3058 et
1244 3008 1662 3076 congregatione.
1689 3006 1979 3080 Inscriptio

2077 1982 2288 2053 Σφόδρα
2319 1998 2407 2052 μοι
2437 1980 2584 2034 δοκεῖ
2606 1979 2912 2042 ἀκολούθως
2933 1982 2999 2050 τῇ
3028 1980 3490 2054 προγεγραμμένῃ
3510 1981 3654 2048 λέξει

2079 2073 2323 2147 quvi)qu
2355 2074 2424 2127 τὰ
2455 2073 2808 2146 προκείμενα.
2833 2072 2894 2124 Εί
2932 2070 3040 2141 γὰρ
3074 2071 3168 2125 καὶ
3192 2071 3259 2124 τὰ
3287 2071 3514 2140 μάλιστα
3549 2072 3649 2141 γέ-

2077 2186 2221 2222 νεσιν
2237 2166 2333 2238 τὴν
2361 2165 2469 2220 ἀπὸ
2489 2166 2700 2237 μήτρας
2729 2164 3046 2235 ὑπέμεινας,
3078 2161 3230 2233 φησὶ,
3250 2165 3341 2216 καὶ
3361 2164 3646 2235 γεγένησαι

2077 2253 2162 2313 οἷα
2198 2257 2385 2328 δρόσος
2409 2255 2469 2322 ἐξ
2506 2257 2659 2326 ἁγίου
2693 2255 3004 2327 Πνεῦματος
3040 2257 3097 2308 ἐν
3127 2256 3192 2325 τῇ
3227 2254 3525 2325 παιδιότητί
3555 2272 3650 2309 σου

2081 2351 2257 2425 σάρκα
2288 2348 2591 2413 ἀναλαϐὼν,
2611 2348 2724 2402 ἀλλ’
2739 2349 2835 2419 οὐχ
2858 2347 3057 2419 ὁμοίως
3085 2349 3196 2409 τοῖς
3218 2345 3422 2411 λοιποῖς
3443 2346 3653 2418 ἀνθρώ-

2078 2461 2200 2508 ποις
2228 2443 2322 2496 καὶ
2352 2442 2448 2512 τὴν
2481 2441 2862 2513 καταστροφὴν
2884 2439 2977 2493 τοῦ
3013 2439 3126 2510 βίου
3166 2441 3427 2510 ποιήσεις·
3457 2441 3651 2511 διαμε-

2078 2537 2187 2597 νεῖς
2215 2533 2274 2586 δὲ
2318 2533 2397 2595 εἰς
2428 2533 2519 2586 τὸν
2545 2532 2716 2585 αἰῶνα
2749 2530 3042 2602 ἱερώμενος
3070 2529 3148 2600 τῷ
3188 2529 3305 2601 Θεῷ
3327 2531 3422 2584 καὶ
3453 2533 3652 2602 Πατρί.

2079 2624 2249 2679 Τοῦτο
2263 2623 2371 2696 γὰρ
2404 2623 2652 2696 ὥρισται,
2683 2623 2776 2677 καὶ
2799 2623 2915 2693 μεθ’
2944 2623 3105 2693 ὅρκου
3127 2621 3464 2693 βεϐαιώσεως
3495 2623 3658 2679 τοῦτο

2079 2716 2460 2786 ἀποπέφανται
2491 2713 2732 2786 πρὸςτοῦ
2766 2713 2859 2768 σοῦ
2892 2713 3121 2784 Πατρός.

2597 2827 3019 2881 ΑΔΛΗΛΟΥΙΑ.
3043 2828 3147 2880 Pl'.

2163 2917 2708 2992 Ἑξομολογήσομαί
2767 2933 2887 2981 σοι,
2940 2919 3135 2986 Κύριε,
3168 2917 3238 2970 ἐν
3275 2917 3388 2987 ὅλῃ
3443 2917 3659 2986 καρδίᾳ

2075 3033 2214 3085 μου,
2261 3016 2330 3068 ἐν
2374 3011 2580 3080 ,βουλῇ
2611 3008 2833 3066 εὐθέων
2883 3009 2981 3064 καί
3032 3009 3372 3081 συναγωῄ.
3424 3010 3507 3064 Τὰ
3556 3011 3660 3081 τῆς

399 3090 688 3159 praesentis
715 3106 779 3146 ac
819 3095 1164 3164 sequentium
1201 3097 1537 3166 psalmorum
1568 3098 1830 3164 declarat,
1863 3098 1977 3154 haec

2083 3103 2406 3177 προγραφῆς
2446 3100 2539 3154 τοῦ
2597 3098 2956 3172 προκειμένου
2993 3099 3089 3154 καὶ
3129 3098 3238 3152 τῶν
3283 3099 3485 3170 ἑφεξῆς
3507 3101 3657 3172 αὐτῷ

403 3196 513 3237 non
540 3198 634 3253 per
658 3184 975 3254 psalterium
1008 3188 1358 3256 pronuntiata
1373 3189 1558 3254 fuisse,
1578 3206 1754 3260 neque
1781 3194 1980 3246 cantici

405 3272 584 3328 locum
617 3281 822 3339 tenere,
850 3292 1026 3348 neque
1043 3279 1328 3342 orationis,
1351 3296 1527 3350 neque
1544 3281 1775 3336 aliorum
1793 3287 1980 3352 qumin

399 3366 578 3423 titulis
592 3366 861 3437 feruntur;
881 3370 975 3425 sed
997 3385 1121 3426 esse
1153 3373 1384 3442 hymnos
1400 3374 1695 3445 gratiarum
1714 3375 1976 3431 actionis:

400 3475 572 3530 quare
603 3459 850 3531 inscripti
870 3469 1018 3526 sunt,
1049 3461 1304 3528 Alleluia,
1337 3465 1481 3534 quod
1512 3464 1698 3521 Graece
1737 3482 1980 3531 versum,

404 3553 615 3607 laudem
641 3553 734 3608 Dei
760 3554 1054 3624 significat.
1077 3552 1381 3626 Conﬁtebor
1397 3556 1514 3624 tibi,
1545 3557 1782 3622 Domine,
1805 3558 1859 3613 in
1875 3568 1981 3612 toto

400 3647 562 3703 corde
605 3663 739 3712 meo,
795 3648 851 3701 in
908 3649 1131 3702 consilio
1163 3648 1430 3713 iustorum
1461 3661 1512 3704 et
1558 3650 1978 3721 congregatione.

407 3735 605 3810 Magna
633 3755 791 3808 opera
817 3739 1049 3804 Domini,
1083 3741 1348 3811 exquisita
1383 3742 1436 3795 in
1466 3759 1642 3798 omnes
1687 3745 1980 3798 voluntates

400 3829 541 3898 ejus.
572 3827 851 3897 Confessio
881 3839 932 3884 et
965 3831 1361 3901 magniﬁcentia
1389 3849 1517 3902 opus
1539 3832 1675 3901 ejus,
1700 3833 1984 3903 etjustitia

402 3919 521 3988 ejus
562 3931 734 3974 manet
765 3922 818 3974 in
839 3921 1095 3975 swculum
1124 3922 1326 3976 saeculi.
1362 3922 1669 3977 Admodum
1693 3940 1822 3980 vero
1851 3940 1984 3980 con-

403 4017 665 4081 gruenter
694 4021 815 4081 post
837 4011 1095 4066 traditam
1118 4013 1184 4068 de
1212 4011 1498 4069 Salvatore
1531 4024 1723 4071 nostro
1755 4018 1986 4086 pr0phe-

405 4103 560 4163 tiam,
613 4102 850 4174 hymnus
883 4105 1181 4172 gratiarum
1237 4105 1469 4160 actionis
1519 4107 1604 4162 his
1641 4108 1823 4163 verbis
1852 4111 1985 4165 sub-

410 4191 686 4261 iungitur,
745 4206 812 4246 ex
843 4191 1017 4261 ipsius
1067 4189 1374 4248 Servatoris
1417 4188 1652 4263 persana
1695 4199 1980 4263 rccitatus,

404 4284 500 4352 qui
534 4279 682 4336 Patri
717 4297 819 4337 suo
878 4282 945 4337 de
972 4283 1148 4338 salute
1188 4282 1446 4339 omnibus
1507 4284 1820 4342 hominibus
1851 4302 1986 4342 con-

409 4389 563 4430 cessa
585 4375 791 4445 gratias
846 4375 1034 4431 refert.
1080 4375 1216 4429 Nam
1273 4377 1550 4432 confessio
1585 4394 1652 4432 ex
1689 4377 1984 4450 Scriptura:

408 4480 514 4520 usu
565 4465 726 4520 modo
780 4477 1126 4536 peccatorum
1181 4467 1608 4524 declarationem
1669 4470 1977 4542 significat,

410 4555 574 4611 modo
597 4557 894 4627 gratiarum
919 4557 1191 4612 actionem
1238 4559 1480 4614 exhibet.
1519 4557 1716 4614 Statim
1747 4563 1892 4617 enim
1925 4564 1983 4619 in

413 4645 717 4719 Evangeliis
745 4649 860 4719 ipse
893 4647 1151 4704 Servator
1180 4659 1367 4705 noster
1399 4652 1475 4706 ait
1517 4669 1532 4706 :
1565 4651 1836 4722 Conﬁteor
1865 4657 1982 4722 tibi,

414 4737 597 4804 Pater,
621 4738 840 4794 Domine
864 4741 980 4795 creti
1020 4751 1070 4795 et
1092 4751 1266 4807 term,
1291 4744 1416 4813 quia
1453 4745 1779 4800 abscondisti
1811 4747 1922 4802 [uec
1951 4766 1986 4804 a

411 4829 730 4898 sapientibus
759 4841 809 4885 et
845 4833 1212 4902 prudentibus,
1243 4845 1292 4888 et
1334 4835 1578 4890 revelasti
1622 4854 1685 4892 ea
1723 4839 1979 4907 parvulis.

416 4921 524 4986 Ita,
553 4922 737 4987 Pater,
765 4926 1010 4995 quoniam
1030 4928 1104 4981 sic
1134 4927 1236 4997 fuit
1265 4927 1516 4998 placitum
1539 4939 1660 4984 ante
1682 4939 1748 4985 te.
1785 4931 1983 4986 Omnia

415 5016 540 5069 mihi
571 5015 772 5069 tradita
816 5027 938 5071 sunt
966 5035 999 5072 a
1037 5018 1217 5084 Patre,
1269 5031 1319 5075 et
1364 5038 1515 5076 nemo
1567 5023 1709 5076 novit
1741 5025 1857 5093 quis
1904 5034 1985 5079 est

417 5104 590 5160 Filius
627 5106 730 5160 nisi
780 5105 960 5171 Pater,
997 5111 1188 5178 etquis
1226 5119 1302 5164 est
1335 5109 1498 5165 Pater
1529 5112 1632 5165 nisi
1653 5109 1868 5180 Filius,
1934 5121 1986 5168 et

417 5198 502 5251 cui
543 5196 764 5252 voluerit
805 5195 980 5252 Filius
1041 5201 1266 5253 revelare
1295 5201 1362 5253 ³⁸.
1411 5232 1479 5242 --
1513 5199 1581 5254 1η
1634 5202 1858 5255 consilio
1897 5201 1989 5271 ju-

419 5299 619 5344 storum
677 5300 728 5346 et
767 5291 1186 5362 congregatione.
1255 5291 1454 5362 Magna
1514 5302 1673 5363 opera
1742 5293 1986 5360 Domini,

433 5385 698 5454 exquisita
754 5387 809 5441 in
855 5399 1030 5440 omnes
1085 5385 1378 5441 voluntates
1425 5387 1560 5456 ejus.
1617 5387 1738 5442 Non
1793 5404 1989 5459 pravo-

425 5492 539 5532 rum
581 5485 636 5533 et
678 5493 1056 5548 perversorum
1103 5478 1382 5546 virorum;
1438 5478 1534 5535 sed
1580 5481 1873 5555 probarunt
1934 5490 1988 5536 et

425 5575 689 5626 rectarum
715 5569 1042 5638 animarum,
1074 5571 1372 5644 gratiarum
1408 5573 1685 5628 actionum
1725 5573 1983 5645 hymnum

498 5726 544 5760 "
575 5725 707 5784 Luc.
744 5743 814 5795 ι,
849 5727 946 5796 21,
979 5728 1068 5784 22.

2084 3196 2378 3268 παρίστησι
2429 3193 2503 3266 μὴ
2557 3191 2646 3246 διὰ
2688 3191 2983 3263 ψαλτηρίου
3037 3191 3286 3263 εἰρῆσθαι
3325 3192 3394 3246 τὰ
3430 3194 3658 3264 προκεί-

2087 3302 2242 3356 μενα,
2280 3284 2412 3356 μηδὲ
2450 3283 2591 3354 ᾠδῆς
2637 3282 2854 3353 ἐπέχειν
2881 3279 3064 3338 τόπον.
3097 3279 3229 3333 ἀλλὰ
3263 3281 3398 3351 μηδὲ
3422 3297 3653 3352 προσευ-

2082 3379 2203 3449 χῆς,
2255 3376 2388 3450 μηδέ
2429 3392 2572 3439 τινος
2621 3374 2728 3428 τῶν
2777 3372 2950 3427 ἄλλων
2990 3371 3359 3444 προγραφῶν,
3412 3369 3550 3426 εἶναι
3598 3372 3657 3425 δὲ

2086 3470 2286 3542 ὕμνους
2350 3465 2828 3539 εὐχαριστηρίους⁸
2886 3463 2964 3516 διὸ
3032 3463 3126 3516 καὶ
3191 3463 3657 3535 ἐπιγεγραμμένοι

2085 3561 2240 3622 εἰσιν,
2300 3557 2683 3626 Ἀλληλούῖα,
2736 3555 2873 3626 ὅπερ
2922 3551 3386 3624 μεταϐαλλόμενον
3434 3553 3512 3614 εἰς
3551 3553 3652 3621 τὴν

2098 3651 2320 3705 Ἐλλάδα
2378 3649 2560 3720 φωνὴν
2585 3648 2758 3702 αἶνον
2774 3645 2922 3700 Θεοῦ
2967 3645 3238 3717 σημαίνει.
3269 3643 3648 3713 Ἐξομολοβῇ-

2084 3745 2266 3814 σομαί
2301 3759 2420 3805 σοι,
2449 3743 2642 3810 Κύριε,
2679 3741 2749 3794 ἐν
2795 3738 2907 3806 ὅλῃ
2940 3737 3152 3805 καρδίᾳ
3169 3755 3308 3806 μου,
3329 3736 3395 3788 ἐν
3444 3733 3653 3804 ,ϐουλῇ

2085 3839 2304 3894 εῠθέων
2349 3837 2447 3891 καὶ
2497 3831 2841 3903 συναγωγῇ.
2865 3829 3110 3902 May-dia
3141 3831 3214 3884 τὰ
3245 3829 3385 3899 ἔργα
3413 3827 3660 3896 Κυρίου,

2084 3928 2477 3998 ἐξεζητημένα
2513 3929 2599 3992 εὶς
2629 3923 2826 3978 πάντα
2851 3927 2919 3977 τὰ
2957 3920 3262 3991 θελήματα
3287 3919 3498 3973 αὐτοῦ.
3535 3917 3666 3983 Ἐε-

2087 4021 2453 4091 ομολόγησις
2502 4017 2599 4071 καὶ
2622 4012 3101 4087 μεγαλοπρέπεια
3146 4012 3212 4064 τὸ
3248 4011 3429 4080 ἔργον
3453 4009 3663 4074 αὑτοῦ,

2087 4112 2183 4165 καὶ
2209 4113 2248 4179 ὴ
2273 4110 2624 4175 δικαιοσύνη
2656 4105 2840 4163 αὑτοῦ
2873 4104 3040 4174 μένει
3076 4105 3163 4170 είς
3185 4102 3292 4155 τόν
3315 4100 3502 4156 αἰῶνα
3556 4101 3665 4156 τοῦ

2085 4202 2320 4267 αἰῶνος.
2355 4201 2565 4272 Σφόδρα
2589 4199 2646 4252 δὲ
2681 4196 2990 4259 ἀκολούθως
3019 4196 3153 4268 μετὰ
3182 4195 3278 4266 τὴν
3309 4195 3667 4248 ἀποδοθεῖσαν

2085 4293 2216 4364 περὶ
2261 4290 2354 4344 τοῦ
2389 4291 2638 4360 Σωτῆρος
2665 4286 2823 4359 ἡμῶν
2863 4287 3196 4358 προφητείαν
3249 4287 3665 4357 εὐχαριστήριος

2089 4383 2254 4456 ὕμνος
2267 4383 2353 4436 διὰ
2382 4380 2488 4434 τῶν
2504 4379 2878 4452 προκειμένων
2910 4380 3254 4440 συνάπτεται,
3285 4380 3348 4430 ἐκ
3372 4377 3662 4448 προσώπου

2087 4474 2409 4546 λελεγμένος
2442 4471 2606 4526 αὑτοῦ
2651 4472 2746 4525 τοῦ
2787 4472 3054 4544 Σωτῆρος,
3089 4470 3534 4542 εὐχαριστοῦντος
3586 4469 3666 4541 τῷ

2090 4566 2282 4622 ἑαυτοῦ
2301 4566 2474 4637 Πατρὶ
2494 4563 2586 4617 ἐπὶ
2601 4567 2666 4635 τῇ
2697 4564 2914 4618 πάντων
2937 4562 3046 4616 τῶν
3075 4561 3375 4633 ἀνθρώπων
3401 4561 3664 4634 σωτηρίᾳ.

2104 4659 2169 4712 Ἦ
2193 4659 2303 4729 γὰρ
2326 4655 2707 4728 ἐξομολόγησίς
2725 4655 2838 4708 ἐστι
2862 4653 2957 4726 μὲν
2976 4655 3064 4707 ὅτε
3092 4653 3233 4707 κατὰ
3246 4655 3344 4724 τὴν
3380 4653 3666 4724 συνήθειαν

2088 4752 2188 4822 τῆς
2231 4751 2456 4823 Γραφῆς
2498 4748 2781 4822 ἁμαρτιῶν
2825 4746 3114 4818 ὁμολογίαν
3143 4746 3417 4818 σημαίνει,
3451 4745 3567 4798 ἐστι
3609 4745 3666 4798 δὲ

2087 4844 2175 4898 ὅτε
2195 4842 2546 4914 εὐχαριστίαν
2579 4841 2922 4914 παρίστησιν.
2938 4838 3147 4893 Αὐτίκα
3162 4839 3207 4892 δ’
3229 4833 3321 4892 οὖν
3346 4839 3404 4891 ὲν
3423 4838 3666 4907 Εὐαγγε-

2087 4934 2221 4998 λίοις
2239 4932 2401 4997 αὐτὸς
2419 4934 2449 4987 ὁ
2469 4933 2658 5006 Σωτὴρ
2671 4933 2825 5005 ἡμῶν
2845 4931 3010 5000 λέγει·
3029 4927 3525 5000 Ἐξομολογοῦμαί
3542 4943 3666 4991 σοι,

2089 5025 2300 5094 Πάτερ,
2336 5026 2512 5093 Κύριε
2543 5026 2649 5081 τοῦ
2699 5024 2957 5094 οὐρανοῦ
2983 5023 3080 5078 καὶ
3112 5021 3220 5090 τῆς
3251 5019 3388 5092 γῆς,
3415 5019 3503 5074 ὅτι
3555 5020 3665 5074 ἀετ-

2090 5116 2360 5186 ἐκρυψας
2390 5117 2578 5172 ταῦτα
2600 5115 2718 5172 ἀπὸ
2743 5116 2952 5187 σοφῶν
2978 5115 3074 5169 καὶ
3098 5112 3388 5175 συνετῶν,
3428 5109 3524 5166 καί
3551 5111 3665 5164 ἀπ-

2091 5208 2405 5278 εκάλυψας
2419 5211 2571 5264 αὐτὰ
2592 5210 2848 5277 νηπίοις.
2884 5207 3016 5272 Ναί,
3051 5210 3084 5262 ό
3111 5205 3333 5273 Πατὴρ,
3364 5203 3452 5257 ὅτι
3477 5202 3665 5268 οὕτως

2092 5301 2329 5372 ἐγένετο
2355 5300 2597 5356 εὐδοκία
2627 5300 2965 5371 ἔμπροσθέν
2979 5314 3114 5353 σου.
3142 5295 3343 5351 Πάντα
3367 5293 3664 5363 παρεδόθη

2086 5411 2191 5462 μοι
2241 5392 2360 5447 ὑπὸ
2402 5393 2508 5447 τοῦ
2561 5393 2811 5461 Πατρός,
2864 5391 2965 5447 καί
3013 5391 3211 5457 οὐδεὶς
3247 5387 3522 5459 γινώσκει
3573 5388 3661 5454 τις

2091 5485 2309 5538 ἐστινό
2339 5485 2469 5552 Υἱὸς
2489 5487 2538 5540 εὶ
2559 5483 2644 5555 μὴ
2661 5488 2694 5539 ὀ
2720 5484 2940 5554 Πατὴρ,
2973 5484 3070 5538 καὶ
3094 5483 3186 5549 τίς
3213 5483 3382 5536 ἐστιν
3401 5483 3436 5535 ὁ
3465 5478 3661 5548 Πατὴρ

2092 5578 2143 5630 εἰ
2173 5575 2256 5646 μὴ
2299 5580 2331 5632 ό
2355 5578 2502 5645 Υἱὸς,
2539 5578 2639 5632 καί
2679 5569 2729 5644 ᾧ
2763 5577 2872 5631 ἐὰν
2890 5576 3194 5646 ,βούληται
3222 5575 3256 5629 ό
3279 5571 3408 5638 Υιὸς
3437 5570 3658 5628 dxoxao
