4040 6210
381 296 518 353 1543

1534 292 2042 349 COMMENTARIA
2075 292 2145 349 IN
2182 293 2525 352 PSALMOS.

3481 301 3622 357 1546

365 410 579 478 λύψαι.
620 408 718 462 Ἐν
736 407 941 478 ,βουλῇ
969 407 1088 462 τῶν
1104 407 1289 478 ἁγίων
1313 407 1412 462 καὶ
1455 406 1798 480 συναγωγῇ.
1829 410 1948 463 Με-

2060 407 2147 464 tibi
2172 407 2322 463 Patri
2352 423 2475 464 meo
2508 408 2756 466 reddam.
2801 409 2902 468 llis
2940 424 3112 482 porro
3139 410 3409 482 signiﬁcat
3440 411 3633 471 Eccle-

366 500 524 570 γάλα
553 499 625 556 τὰ
657 499 801 571 ἔργα
831 501 1075 570 Κυρίου,
1106 498 1504 568 ἐξεζητημένα
1525 501 1610 566 εἰς
1633 498 1830 553 πάντα
1871 499 1945 554 τὰ

366 594 669 664 θελήματα
701 592 908 648 αὑτοῦ.
944 592 1138 647 Οὐκέτι
1172 590 1399 646 σκολιῶν
1431 590 1642 660 ἀνδρῶν
1679 590 1800 644 ούδέ
1830 591 1946 644 δια-

368 687 635 758 στρόφων,
663 685 778 741 axx
806 683 1029 755 ἀγαθῶν
1049 684 1141 738 καὶ
1167 681 1391 737 εὐθειῶν
1429 681 1617 753 ψυχῶν
1652 681 1744 736 τὸν
1785 683 1947 753 εὐχα-

367 778 645 852 ριστήριον
673 776 842 849 ῦμνον
867 776 1023 832 δώσω
1039 793 1121 830 σοι
1151 773 1230 846 τῷ
1255 773 1491 845 ἐμαυτοῦ
1526 773 1718 845 Πατρί.
1746 775 1947 846 Σημαί-

367 887 446 924 νει
477 869 534 924 δὲ
577 869 666 925 διὰ
704 870 912 924 τούτων
966 867 1066 940 τὴν
1100 866 1222 922 καθ’
1275 866 1405 938 ὅλης
1459 865 1560 936 τῆς
1620 866 1945 938 οἰκουμένης

2049 501 2186 556 siam
2211 501 2332 573 ejus
2363 503 2539 574 gratia
2565 519 2663 574 per
2710 509 2887 558 totum
2929 504 3120 560 urbem
3161 504 3475 575 fundatam;
3506 523 3635 564 con-

2048 596 2231 651 silium
2266 603 2450 652 autem
2493 607 2769 653 rectorum
2808 599 3026 654 vocavit
3055 600 3278 656 ordines
3307 615 3533 655 suorum
3573 601 3630 657 in

2049 687 2294 745 Ecclesia
2314 697 2668 757 sanctorum;
2693 691 3170 762 congregationem
3201 706 3350 757 vero,
3379 692 3629 747 ordinem

2049 781 2282 836 alterum
2307 791 2433 852 post
2466 782 2761 837 consilium
2797 790 3078 838 rectorum
3110 791 3411 852 nuncupat,
3456 784 3632 854 quiin

2057 867 2300 926 Ecclesia
2317 871 2438 941 ejus
2459 871 2690 927 alterum
2719 871 3386 935 constituitmultitudinis
3401 880 3624 928 emtum.

369 961 675 1029 ἱδρυθεῖσαν
710 962 800 1018 διὰ
859 964 958 1034 τῆς
1009 961 1176 1017 αὐτοῦ
1223 961 1445 1033 χάριτος
1495 960 1842 1033 Ἐκκλησίαν.
1897 962 2103 1032 Βουλὴν
2141 965 2198 1019 δὲ
2231 965 2436 1020 εὑθέων
2457 965 2708 1038 ὠνόμασε
2769 968 2837 1021 τὰ
2867 967 3123 1039 τάγματα
3156 969 3266 1023 τῶν
3302 971 3361 1022 ἐν
3395 972 3462 1040 τῇ
3510 969 3632 1022 Ἐκ-

367 1058 568 1131 κλησίᾳ.
600 1059 765 1114 αὑτοῦ
825 1059 1017 1129 ἁγίων⁶
1056 1055 1378 1128 συναγωγὴν
1424 1056 1480 1110 δὲ
1534 1056 1786 1129 δεύτερον
1819 1058 2006 1128 τάγμα
2059 1061 2198 1132 μετὰ
2249 1061 2350 1133 τὴν
2396 1061 2590 1133 βουλὴν
2628 1061 2736 1118 τῶν
2779 1063 2981 1118 εὺθέων
3027 1064 3304 1135 σημαίνει,
3357 1063 3418 1117 τὸ
3460 1065 3518 1116 ἐν
3562 1064 3629 1134 τῇ

380 1154 675 1227 Ἐκκλησία
703 1154 869 1210 αὑτοῦ
899 1153 1150 1226 δεύτερον
1176 1153 1270 1206 τοῦ
1288 1151 1524 1224 πλήθους
1548 1153 1840 1226 ἄθροισμα.

451 1268 914 1341 Ἐξομολόγησις
943 1267 1041 1321 καὶ
1063 1264 1541 1337 μεγαλοπρέπεια
1567 1266 1632 1320 τὸ
1651 1267 1830 1338 ἔργον
1843 1269 1949 1322 αὐ-

367 1363 494 1428 τοῦ,
523 1362 621 1416 καὶ
657 1362 697 1430 ή
735 1360 1086 1426 δικαιοσύνη
1118 1360 1305 1414 αὐτοῦ
1327 1359 1496 1428 μένει
1524 1361 1611 1426 εὶς
1636 1359 1743 1413 τὸν
1761 1358 1949 1413 αὶῶνα

367 1456 474 1511 τοῦ
521 1453 755 1520 αἰῶνος.
800 1453 1029 1508 Μνείαν
1064 1450 1391 1518 ἐποιήσατο
1447 1451 1568 1507 τῶν
1598 1453 1947 1524 θαυμασίων

367 1547 573 1603 αὐτοῦ*
610 1544 882 1615 ἐλεήμων
912 1544 1012 1601 καὶ
1045 1545 1362 1615 οἰκτίρμων
1387 1548 1674 1616 ὀΚύριος,
1717 1545 1949 1616 τροφὴν

368 1637 554 1692 ἔδωκε
576 1635 701 1702 τοῖς
728 1634 1122 1706 φοϐουμένοις
1149 1637 1353 1690 αὐτόν.
1403 1636 1832 1706 Μνησθήσεται
1861 1639 1951 1705 είς

369 1728 478 1783 τὸν
507 1726 692 1781 αἰῶνα
744 1727 1036 1795 διαθήκης
1079 1727 1286 1783 αὐτοῦ·
1330 1729 1515 1798 ίσχὺν
1548 1729 1738 1799 ἔργων
1763 1730 1950 1784 αὑτοῦ

370 1819 686 1890 ἀνήγγειλε
711 1817 793 1884 τῷ
822 1817 948 1885 λαῷ
972 1821 1181 1887 αὐτοῦ,
1210 1821 1316 1877 τοῦ
1331 1819 1540 1876 δοῦναι
1573 1820 1777 1888 αὐτοῖς
1799 1825 1950 1890 κλη-

369 1910 655 1981 ρονομίαν
681 1908 891 1965 ἐθνῶνο
924 1910 1068 1979 ἔργα
1107 1908 1322 1980 χειρῶν
1343 1911 1531 1965 αὐτοῦ
1569 1910 1819 1978 ἀλήθεια
1851 1911 1949 1965 καὶ

371 2001 590 2070 κρίσις.
641 2000 854 2055 Πισταὶ
908 1998 1099 2055 πᾶσαι
1153 2003 1214 2054 αἱ
1251 1999 1492 2056 ἐντολαὶ
1539 2001 1750 2071 αὐτοῦ,
1768 2002 1951 2073 ἐστη-

371 2090 744 2162 ριγμέναιείς
766 2089 872 2143 τὸν
895 2088 1081 2144 αἰῶνα
1128 2088 1236 2144 τοῦ
1286 2089 1522 2157 αἰῶνος,
1559 2092 1953 2161 πεποιημέναι

373 2183 446 2236 ἐν
469 2183 720 2251 ἀληθείᾳ
746 2181 843 2236 καὶ
863 2182 1159 2250 εὐθύτητι.
1181 2182 1494 2252 Λύτρωσιν
1519 2181 1840 2238 ἀπέστειλε
1871 2184 1954 2251 τῷ

371 2274 500 2342 λαῷ
545 2275 754 2341 αὑτοῦ,
799 2275 1136 2329 ἐνετείλατο
1184 2277 1273 2342 εις
1319 2274 1428 2329 τὸν
1447 2273 1632 2329 αιῶνα
1662 2274 1956 2344 διαθήκην

371 2368 577 2426 αὐτοῦ.
598 2370 805 2439 Ἀγιον
823 2367 922 2421 καὶ
951 2365 1207 2436 φοϐερὸν
1240 2365 1307 2420 τὸ
1337 2365 1525 2434 ὄνομα
1553 2365 1759 2420 αὐτοῦ·
1795 2367 1953 2437 ἁρχὴ

372 2463 594 2533 σοφίας
632 2461 814 2532 φόϐος
849 2460 1097 2528 Κυρίου.
1128 2458 1378 2529 Μήποτε,
1409 2457 1534 2511 ἐπεὶ
1566 2459 1596 2512 ὁ
1623 2458 1957 2530 φοϐούμενος

372 2555 494 2610 οὔτε
509 2553 810 2619 τελείωται,
842 2552 878 2622 ἡ
916 2550 1016 2622 μὲν
1041 2549 1322 2622 εἰσαγωγὴ
1344 2548 1434 2603 διὰ
1464 2549 1629 2619 φόϐου
1655 2550 1956 2622 κατορθοῦ-

373 2666 482 2712 ται,
515 2645 578 2700 τὸ
613 2645 672 2700 δέ
721 2644 873 2708 τέλος
902 2643 970 2696 δι’
993 2643 1248 2714 ἀγάπης;
1279 2641 1319 2710 ἠ
1363 2641 1474 2715 γὰρ
1517 2643 1720 2697 τελεία
1753 2642 1957 2714 ἀγάπη

373 2740 488 2806 ἔξω
508 2736 734 2804 ,βάλλει
759 2735 868 2790 τὸν
881 2736 1088 2806 φόϐον.
1122 2733 1376 2798 Τοιοῦτος
1405 2733 1452 2787 δ’
1476 2733 1544 2789 ἂν
1561 2734 1646 2806 είη
1681 2735 1710 2788 ό
1741 2733 1802 2800 ἐξ
1829 2735 1958 2808 ὅλης

374 2831 599 2904 καρδίας
625 2829 720 2883 καὶ
749 2827 929 2900 ψυχῆς
947 2826 1040 2880 καὶ
1069 2825 1352 2898 δυνάμεως
1373 2824 1606 2896 ἀγαπῶν
1633 2825 1839 2898 Κύριον
1865 2825 1958 2880 τὸν

374 2922 526 2976 Θεόν.
554 2921 809 2985 Σύνεσις
831 2917 900 2972 δὲ
919 2917 1110 2989 ἀγαθὴ
1127 2916 1277 2972 πᾶσι
1291 2916 1414 2984 τοῖς
1438 2917 1721 2972 ποιοῦσιν
1740 2915 1954 2984 αὐτήν.

385 3013 698 3079 Ἠατνεσις
711 3011 897 3066 αὑτοῦ
923 3010 1090 3081 μένει
1121 3011 1208 3076 εις
1238 3009 1347 3064 τὸν
1370 3008 1556 3064 αἰῶνα
1577 3009 1684 3064 τοῦ
1719 3008 1954 3076 αἰῶνος.

376 3107 532 3177 Καλή
567 3104 782 3169 σύνεσις
818 3104 940 3158 τότε
973 3102 1153 3176 ἀγαθὴ
1189 3102 1468 3174 τυγχάνει,
1501 3103 1589 3157 ὅτε
1613 3102 1797 3176 ἔργοις
1831 3104 1957 3156 ἐπι-

376 3195 627 3250 τελεῖται⁸
661 3194 742 3248 διὸ
793 3193 892 3267 τὴν
918 3193 1131 3247 σύνεσιν
1184 3194 1284 3265 οὐχ
1328 3193 1513 3258 ἁπλῶς
1542 3194 1753 3267 ἀγαθὴν
1781 3190 1953 3259 εἶπεν,

377 3286 513 3342 ἀλλὰ
551 3287 686 3341 πᾶσι
715 3289 828 3350 τοῖς
866 3283 1110 3340 ποιοῦσιν
1162 3286 1352 3357 αὐτήν.
1391 3287 1454 3344 Ἠ
1503 3288 1735 3354 αἵνεσις
1767 3290 1955 3345 αὐτοῦ

377 3378 541 3448 μένει
563 3381 650 3445 εὶς
693 3379 798 3433 τὸν
827 3378 1014 3433 αἰῶνα
1052 3377 1160 3433 τοῦ
1206 3377 1441 3446 αἰῶνος.
1482 3379 1648 3444 Τέλος
1694 3379 1804 3454 γὰρ
1845 3380 1955 3435 τῶν

2126 1264 2295 1322 Vens.
2330 1265 2489 1321 4-10.
2523 1266 2797 1334 Confessio
2829 1275 2878 1322 et
2905 1269 3298 1339 magniﬁcentia
3335 1284 3462 1338 opus
3492 1269 3629 1340 ejus,

2053 1368 2103 1414 et
2138 1359 2365 1430 iustitia.
2385 1360 2499 1430 ejus
2528 1372 2702 1415 manet
2729 1362 2782 1415 in
2807 1361 3062 1416 swculum
3090 1363 3293 1416 swculi.
3318 1361 3632 1418 Memoriam

2053 1453 2178 1522 fecit
2205 1452 2533 1507 mirabilium
2563 1471 2780 1508 suorum
2813 1455 3108 1510 misericors
3148 1463 3196 1508 et
3221 1455 3501 1509 miserator
3529 1454 3634 1510 Do-

2055 1544 2251 1604 minus,
2279 1560 2449 1598 escam
2471 1545 2615 1598 dedit
2648 1546 2953 1600 timentibus
2988 1562 3061 1600 se.
3088 1544 3296 1600 Memor
3323 1546 3422 1599 erit
3449 1547 3502 1600 in
3528 1562 3633 1601 sat-

2055 1637 2232 1690 culum
2261 1637 2560 1691 testamenti
2591 1638 2677 1692 sui
2703 1653 2722 1691 :
2750 1639 2992 1692 virtutem
3030 1653 3246 1707 operum
3285 1654 3505 1692 suorum
3533 1654 3634 1693 an-

2057 1729 2320 1783 nuntiavit
2363 1728 2558 1799 populo
2605 1747 2737 1795 suo;
2767 1739 2825 1783 ut
2857 1729 2943 1784 det
2983 1729 3094 1783 illis
3119 1729 3480 1784 hwreditatem
3507 1746 3634 1801 gen-

2053 1820 2226 1874 tium:
2243 1835 2402 1888 opera
2424 1836 2675 1874 manuum
2694 1822 2808 1891 ejus
2831 1822 3023 1876 veritas
3039 1830 3087 1874 et
3101 1821 3388 1890 judicium.
3422 1820 3635 1876 Fidelia

2053 1910 2233 1964 omnia
2258 1910 2516 1964 mandata
2541 1912 2680 1982 ejus,
2716 1913 3036 1981 conﬁrmata
3057 1913 3111 1965 in
3138 1912 3393 1967 swculum
3425 1913 3631 1977 seaculi,

2051 2001 2197 2071 facta
2213 2001 2266 2054 in
2284 2003 2501 2056 veritate
2511 2010 2561 2056 et
2580 2002 2843 2071 wquitate.
2860 2000 3278 2070 Redemptionem
3294 2003 3434 2055 misit
3445 2002 3634 2072 populo

2052 2109 2170 2160 suo,
2187 2093 2454 2148 mandavit
2471 2095 2527 2148 in
2545 2103 2799 2147 wternum
2819 2102 3187 2148 testamentum
3198 2093 3636 2148 suum.Sanctunt

2051 2195 2102 2241 et
2139 2185 2372 2241 terribile
2404 2203 2592 2241 nomen
2621 2185 2739 2255 ejus
2767 2199 2787 2238 .°
2813 2187 3021 2240 initium
3055 2185 3328 2257 sapientia:
3351 2186 3510 2239 timor
3534 2185 3637 2240 Do-

2054 2277 2207 2332 mini.
2240 2276 2384 2331 Num
2407 2277 2570 2343 forte,
2603 2279 2866 2349 quoniam
2896 2279 2991 2350 qui
3025 2279 3180 2335 timet
3220 2294 3329 2334 non
3359 2277 3638 2350 perfectus

2055 2376 2162 2434 est,
2224 2369 2466 2424 initiatio
2519 2385 2619 2442 per
2672 2371 2946 2435 timorem,
2993 2371 3397 2426 consummatio
3432 2387 3529 2442 per
3551 2372 3638 2426 di-

2055 2459 2346 2514 lectionem
2368 2457 2780 2515 eﬂlciturYNam
2801 2459 3032 2530 perfecta
3049 2460 3282 2514 charitas
3305 2460 3451 2530 {oras
3478 2461 3639 2516 mittit

2056 2549 2302 2604 timorem
2330 2550 2400 2603 ".
2456 2549 2610 2606 Talis
2671 2559 2854 2606 autem
2911 2549 3078 2606 fuerit
3117 2551 3370 2622 quisquis
3409 2567 3478 2607 ex
3523 2559 3641 2608 toto

2058 2639 2245 2707 corde,
2283 2647 2398 2694 tota
2428 2641 2610 2695 anima
2653 2649 2708 2698 et
2759 2640 2960 2696 virtute
2990 2640 3281 2695 Dominum
3319 2640 3488 2697 Deum
3522 2641 3642 2698 dili-

2055 2734 2154 2804 git.
2190 2731 2497 2798 Intellectus
2524 2733 2688 2789 bonus
2721 2734 2960 2788 omnibus
2994 2733 3306 2803 facientibus
3327 2751 3467 2790 eum.
3494 2731 3641 2790 Latt-

2057 2825 2204 2880 datio
2243 2825 2358 2896 ejus
2397 2835 2572 2882 manet
2604 2827 2661 2880 in
2689 2827 2942 2882 sarculum
2967 2827 3170 2882 seaculi.
3201 2825 3356 2883 Tunc
3378 2827 3522 2883 bona
3553 2827 3641 2884 in-

2057 2919 2358 2992 telligentia
2387 2927 2504 2987 est,
2539 2919 2763 2991 quando
2794 2919 3054 2991 operibus
3093 2921 3398 2992 completur
3429 2935 3641 2992 :quare

2061 3025 2183 3067 non
2210 3010 2348 3066 dixit
2381 3019 2592 3066 tantum
2631 3012 3040 3084 intelligentiam
3073 3013 3306 3078 bonam,
3345 3013 3441 3069 sed
3473 3013 3640 3068 etiam

2059 3105 2316 3161 omnibus
2348 3102 2679 3161 facientibus
2709 3120 2853 3162 eam.
2908 3103 3175 3160 Laudatio
3216 3105 3331 3177 ejus
3370 3113 3547 3160 manet
3583 3105 3641 3158 in

2061 3198 2317 3255 saxulum
2345 3198 2548 3255 sceculi.
2583 3197 2736 3255 Finis
2773 3198 2917 3255 enim
2949 3199 3229 3254 beatorum
3269 3205 3374 3262 est,
3401 3209 3464 3252 ut
3496 3197 3640 3268 apud

2063 3290 2233 3347 Deum
2258 3291 2390 3356 sint,
2425 3299 2480 3346 et
2505 3291 2610 3362 ipsi
2640 3290 2924 3360 assistant,
2962 3290 3176 3362 solique
3213 3290 3334 3362 ejus
3354 3290 3644 3363 theologiae

2062 3391 2118 3440 et
2149 3383 2294 3439 laudi
2324 3390 2540 3440 vacent.

381 3467 664 3541 μακαρίων
693 3467 755 3523 τὸ
783 3467 922 3542 πρὸς
967 3467 1059 3524 τὸν
1103 3469 1238 3524 Θεὸν
1277 3465 1436 3536 εἶναι,
1487 3470 1582 3525 καὶ
1618 3471 1956 3544 παρεστάναι
2015 3473 2184 3547 αὐτῷ,
2227 3475 2325 3532 καὶ
2355 3476 2494 3550 μόνῃ
2529 3476 2595 3548 τῇ
2643 3473 2807 3528 αὐτοῦ
2837 3471 3084 3546 θεολογίᾳ
3127 3473 3224 3530 καὶ
3269 3472 3474 3529 αἰνέσει
3515 3488 3642 3545 axo-

378 3558 584 3625 λάζειν.

891 3673 1313 3728 ΑΛΛΗΛΟΥῘΑ.
1354 3675 1502 3730 PIA'.

449 3764 751 3835 Μακάριος
797 3764 954 3834 ἀνὴρ
1001 3767 1035 3820 ὁ
1079 3767 1450 3836 φοϐούμενος
1467 3767 1576 3822 τόν
1623 3771 1864 3840 Κύριον,
1891 3772 1962 3827 ἐν

382 3859 510 3927 ταῖς
535 3857 808 3925 ἐντολαῖς
830 3857 1017 3912 αὑτοῦ
1046 3857 1291 3928 θελήσει
1317 3859 1572 3929 σφόδρα.
1597 3861 1866 3918 Δυνατόν
1891 3864 1962 3919 ἐν

383 3949 458 4021 τῇ
487 3948 567 4020 τῇ
597 3949 766 4004 ἔσται
797 3946 865 4002 τὸ
895 3946 1134 4018 σπέρμα
1160 3946 1368 4013 αὐτοῦ,
1401 3946 1576 4018 γενεὰ
1607 3949 1830 4006 εὐθέων
1870 3952 1964 4006 εὐ-

384 4040 804 4113 λογηθήσεται.
841 4039 996 4105 Δόξα
1032 4041 1132 4094 καὶ
1164 4041 1429 4110 πλοῦτος
1463 4043 1535 4097 ἐν
1568 4042 1649 4109 τῷ
1675 4045 1818 4113 οτκῳ
1853 4047 1964 4101 αὺ-

386 4134 513 4202 τοῦ,
543 4133 642 4188 καὶ
684 4133 724 4201 ή
749 4130 1099 4201 δικαιοσύνη
1124 4132 1312 4188 αὐτοῦ
1335 4133 1505 4204 μένει
1529 4135 1617 4202 εις
1648 4134 1756 4189 τὸν
1781 4136 1967 4192 αιῶνα

387 4226 494 4281 τοῦ
531 4224 763 4291 αἰῶνος.
795 4222 982 4287 Οὕτως
1009 4224 1163 4278 εἴωθε
1186 4225 1375 4280 καλεῖν
1407 4226 1585 4280 πάντα
1603 4224 1696 4280 τὸν
1716 4225 1778 4292 ἐξ
1797 4226 1964 4281 ἐθνῶν

389 4317 680 4390 προσιόντα
708 4313 786 4387 τῷ
817 4313 954 4386 Θεῷ.
976 4316 1311 4388 Παρίσταται
1335 4317 1392 4371 δὲ
1418 4317 1578 4372 τοῦτο
1607 4319 1715 4372 ἀπὸ
1761 4318 1857 4373 τοῦ
1884 4319 1962 4374 δι-

389 4408 734 4480 ισταλμένως
765 4407 903 4479 μετὰ
930 4407 1022 4461 τὸν
1037 4409 1251 4482 Ἰσραὴλ
1280 4412 1376 4466 καὶ
1402 4410 1540 4484 μετὰ
1569 4410 1659 4466 τὸν
1678 4406 1963 4468 οἷκονἋα-

391 4502 521 4575 ρὼν,
553 4501 645 4555 καὶ
679 4499 817 4572 μετὰ
844 4499 936 4554 τὸν
965 4495 1110 4554 οἷκον
1139 4501 1289 4566 Δευῒ,
1318 4503 1446 4566 τοὺς
1473 4503 1836 4576 φοϐουμένους
1871 4504 1964 4558 τὸν

391 4593 592 4665 Κύριον
624 4592 716 4646 ἐπὶ
743 4591 833 4645 τὸν
865 4589 1031 4662 ὕμνον
1059 4591 1154 4646 τοῦ
1187 4591 1323 4646 Θεοῦ
1349 4595 1649 4660 καλεῖσθαι,
1673 4595 1749 4660 ὡς
1773 4597 1830 4650 ἐν
1852 4595 1967 4650 ἐτέ-

394 4702 506 4759 ροις
533 4683 768 4756 εἴρηται.
807 4685 964 4748 Τίνες
993 4683 1102 4756 γὰρ
1134 4685 1198 4739 ἂν
1227 4681 1337 4740 εἷεν
1377 4688 1515 4759 μετὰ
1535 4687 1756 4754 τούτους
1792 4690 1842 4743 oi
1874 4706 1969 4760 φο-

391 4775 642 4849 ϐούμενοι
664 4776 757 4829 τὸν
783 4776 988 4849 Κύριον
1012 4777 1127 4832 ἀλλ’
1157 4777 1262 4849 ἦοί
1287 4777 1347 4843 ἐξ
1368 4778 1536 4834 ἐθνῶν
1567 4781 1855 4852 ἀλλόφυλοι
1877 4783 1970 4836 καὶ

393 4869 732 4938 ἀλλογενεῖς;
767 4868 975 4922 Οὐκοῦν
1024 4870 1084 4924 ἐν
1117 4868 1197 4942 τῷ
1229 4871 1366 4943 μετὰ
1416 4875 1605 4944 χεῖρας
1642 4873 1840 4947 ψαλμῷ
1872 4875 1972 4928 οὐκ

395 4961 553 5024 ἄλλος
583 4977 665 5024 τις
687 4959 753 5014 ἂν
775 4963 860 5032 εῐη
886 4964 914 5016 ό
943 4962 1378 5036 μακαριζόμενος
1405 4963 1500 5017 τοῦ
1528 4964 1586 5031 ἐξ
1605 4965 1774 5021 ἐθνῶν
1798 4985 1969 5039 προσ-

395 5050 712 5123 εληλυθότος
743 5050 819 5124 τῷ
850 5052 968 5124 Θεῷ
997 5053 1127 5109 λαοῦ
1146 5072 1160 5086 ο
1187 5056 1368 5109 ὅντινα
1413 5055 1668 5126 ὀνομάζει
1710 5058 1970 5131 φοϐούμε-

395 5158 486 5196 νον
510 5141 602 5233 τὸν
623 5141 846 5233 Κύριον.
871 5145 944 5198 Οὐ
974 5145 1079 5217 μὴν
1106 5146 1207 5219 ήδη
1236 5164 1338 5200 που
1367 5147 1634 5219 μακάριος
1657 5150 1685 5203 ό
1708 5149 1978 5233 τοιοῦτος,

399 5234 447 5285 εί
479 5231 554 5304 μὴ
584 5231 760 5285 καὶτὸ
784 5232 910 5306 ἑξῆς
936 5235 1115 5290 αὐτῶν
1141 5240 1403 5293 ἐποιεῖτο·
1431 5239 1675 5294 τουτέστι
1696 5241 1756 5296 τὸ
1779 5244 1837 5295 ἐν
1861 5231 1981 5308 ταῖς

399 5325 641 5388 ἐντολαῖς
680 5325 845 5379 αὑτοῦ
883 5326 1056 5382 θέλειν
1086 5330 1309 5403 σφόδρα,
1343 5331 1601 5402 ἀσφαλῶς
1626 5333 1682 5387 δὲ
1715 5334 1777 5388 τὸ
1808 5334 1980 5389 θέλειν

399 5415 681 5488 κέκτηται,
717 5415 793 5479 ὼς
831 5416 898 5470 ἂν
927 5419 1004 5489 μὴ
1033 5420 1337 5490 ἐπάναγκες
1363 5423 1496 5495 μηδὲ
1534 5424 1686 5495 παρὰ
1719 5425 1977 5497 προαίρε-

403 5526 490 5565 σιν
529 5507 845 5578 φυλάττοιτό
876 5527 958 5575 τις
989 5511 1089 5576 τὰς
1128 5514 1365 5584 ἐντολὰς,
1401 5516 1518 5572 ἀλλ’
1550 5516 1849 5590 ἐθελοντὴς,
1879 5519 1976 5572 καὶ

2581 3673 2946 3731 ALLELUlA.
2985 3672 3122 3730 CXI.

2142 3766 2300 3825 Vsus.
2340 3768 2454 3824 1-5.
2510 3767 2707 3823 Beatus
2761 3767 2841 3822 vir
2897 3768 2987 3838 qui
3037 3767 3186 3822 timet
3232 3765 3538 3836 Dominum,
3587 3771 3650 3827 in

2066 3857 2336 3914 mandatis
2358 3856 2472 3926 ejus
2500 3856 2634 3912 volet
2673 3856 2851 3911 nimis.
2880 3854 3074 3912 Potens
3096 3857 3152 3910 in
3185 3865 3326 3912 terra
3351 3863 3451 3913 erit
3471 3877 3651 3916 semen

2064 3954 2202 4024 ejus,
2244 3951 2510 4022 generatio
2541 3959 2803 4005 rectorum
2832 3948 3184 4005 benedicetur.
3241 3948 3428 4006 Gloria
3465 3963 3515 4008 et
3559 3952 3644 4009 di-

2063 4044 2207 4100 vitia:
2239 4045 2294 4098 in
2315 4043 2473 4096 domo
2505 4041 2642 4112 ejus,
2665 4049 2715 4096 et
2738 4040 2955 4125 justitia
2976 4041 3092 4105 eius
3114 4052 3288 4096 manet
3309 4043 3363 4097 in
3390 4044 3649 4099 sa'culunt

2065 4139 2271 4196 sa'culi.
2325 4138 2406 4194 lta
2443 4139 2584 4196 solet
2632 4137 2906 4209 appellare
2938 4152 3132 4193 omnes
3159 4138 3252 4210 qui
3288 4153 3357 4193 ex
3389 4139 3647 4210 gentibus

2078 4232 2146 4287 ad
2200 4231 2368 4287 Deum
2398 4230 2686 4286 accedunt.
2710 4230 2766 4283 Id
2789 4235 2920 4285 vero
2946 4229 3256 4283 declaratur
3281 4244 3348 4283 ex
3375 4245 3462 4294 eo,
3497 4230 3645 4300 quod

2066 4322 2325 4380 distincte
2362 4328 2485 4393 post
2516 4320 2793 4383 lsraelem,
2826 4328 2949 4390 post
2997 4318 3222 4373 domum
3273 4318 3530 4389 Aaronis,
3589 4331 3646 4378 et

2067 4422 2195 4487 post
2221 4413 2443 4470 domum
2491 4409 2642 4476 Levi,
2680 4411 2936 4466 timentes
2962 4407 3249 4463 Dominum
3279 4409 3348 4463 ad
3381 4409 3645 4482 hymnum

2066 4506 2163 4562 Dei
2193 4511 2580 4576 provocentur,
2617 4507 2678 4556 ut
2722 4499 2850 4554 alibi
2895 4498 3117 4554 dicitur.
3177 4496 3306 4552 Post
3338 4498 3463 4554 illos
3499 4500 3644 4555 enim

2062 4597 2286 4669 quinam
2320 4593 2398 4648 illi
2432 4591 2720 4645 Dominum
2749 4589 3002 4643 timentes
3034 4601 3157 4642 esse
3182 4595 3425 4657 possent,
3449 4589 3558 4645 nisi
3579 4606 3645 4646 ex

2064 4689 2321 4762 gentibus
2371 4683 2645 4758 peregrini
2673 4690 2728 4737 et
2756 4679 3114 4751 alienigenae?
3142 4678 3329 4750 Itaque
3359 4680 3412 4734 in
3438 4683 3649 4751 psalmo

2066 4798 2229 4855 quem
2260 4786 2584 4841 tractamus,
2613 4791 2723 4830 non
2757 4774 2900 4829 alius
2930 4772 3093 4827 fuerit
3127 4773 3362 4844 populus
3393 4773 3487 4844 qui
3515 4773 3646 4830 bea-

2066 4884 2158 4931 tus
2183 4872 2535 4946 praedicatur,
2563 4869 2632 4923 ab
2659 4881 2727 4924 eo
2756 4866 2848 4938 qui
2879 4881 2946 4922 ex
2972 4865 3230 4936 gentibus
3253 4864 3320 4920 ad
3351 4863 3522 4920 Deum
3549 4881 3646 4920 ac-

2071 4965 2240 5023 cessit
2273 4983 2289 5020 :
2320 4977 2484 5036 quem
2519 4958 2758 5032 appellat
2786 4957 3070 5011 timentem
3104 4953 3418 5010 Dominum.
3460 4954 3648 5027 Neque

2073 5066 2258 5114 tamen
2301 5055 2392 5111 ille
2424 5052 2610 5110 statim
2656 5050 2872 5114 beatus,
2925 5047 3033 5103 nisi
3070 5062 3192 5119 qua}
3235 5056 3542 5119 sequuntur
3572 5049 3647 5102 fe-

2081 5149 2258 5216 cerit;
2308 5145 2364 5202 id
2395 5153 2480 5200 est
2509 5150 2568 5198 ut
2597 5139 2852 5196 mandata
2883 5138 3006 5210 eius
3033 5138 3191 5195 valde
3216 5139 3421 5210 cupiat,
3457 5151 3520 5191 ac
3554 5153 3647 5191 vo.

2083 5241 2348 5296 luntatem
2380 5235 2607 5291 ﬁrmiter
2655 5240 2869 5300 teneat;
2900 5245 3002 5287 nec
3033 5237 3284 5295 coactus,
3335 5237 3428 5282 aut
3454 5233 3645 5296 prastat

2082 5328 2250 5385 animi
2291 5325 2542 5382 allectum
2596 5317 2854 5377 mandata
2902 5321 3197 5385 custodiat,
3240 5317 3336 5374 sed
3389 5316 3565 5372 libens
3593 5326 3645 5372 et

2081 5437 2206 5478 cum
2247 5418 2531 5474 alacritate
2583 5414 3003 5486 complectatur,
3063 5427 3130 5466 ac
3182 5410 3400 5467 sincere
3459 5409 3644 5483 diligat

2080 5512 2463 5570 mandatorum
2491 5508 2588 5564 Dei
2623 5507 3084 5564 observationem.

405 5602 544 5678 μετὰ
571 5603 665 5658 τοῦ
701 5603 948 5676 στέργειν
981 5607 1078 5663 σὺν
1118 5610 1266 5685 πάσῃ
1307 5611 1582 5687 προθυμίᾳ
1612 5611 1706 5667 καὶ
1731 5612 1969 5684 γνησίως
1997 5610 2216 5682 ἀγαπᾷν
2246 5606 2344 5680 τὴν
2367 5605 2474 5661 τῶν
2497 5602 2725 5660 ἐντολῶν
2745 5601 2838 5656 τοῦ
2868 5598 3002 5654 Θεοῦ
3031 5595 3294 5668 φυλακήν.

475 5762 521 5796 ’⁸
559 5759 575 5814 l
609 5757 765 5816 Joan.
800 5776 873 5822 tv.
911 5760 999 5817 i8.
