4044 6212
408 269 539 328 1547

1042 271 1314 330 EUSEBII
1349 271 1830 331 CESARIENSIS
1862 274 2012 332 OPP.
2056 275 2236 333 PARS
2271 275 2360 333 lll.
2399 308 2471 320 —
2506 275 2917 335 EXEGETICA.

3501 281 3645 340 1568

468 384 638 443 Vens.
668 385 790 442 4-6.
825 386 1081 443 Exortum
1111 398 1191 444 est
1227 391 1283 444 in
1309 388 1534 445 tenebris
1569 390 1740 447 lumen
1781 393 1953 458 rectis,

2146 392 2552 459 Ἐξανέτειλεν
2571 394 2644 449 ἐν
2668 395 2872 450 σκότει
2899 394 3024 464 φῶς
3057 393 3181 461 τοῖς
3198 394 3460 460 cudetur,
3476 396 3651 466 euq.

406 479 696 534 misericors
717 489 767 534 et
792 481 1072 536 miserator
1089 492 1138 536 et
1151 482 1353 552 justus.
1408 483 1460 540 ιε
1481 484 1575 554 qui
1598 485 1790 541 beatus
1824 499 1963 556 prae-

403 570 634 636 dicatur,
668 573 948 643 proprium
989 574 1174 630 lumen
1229 591 1339 632 non
1385 575 1608 642 deserit,
1661 577 1965 633 doctrinam

403 676 555 719 suam
583 678 695 721 non
729 665 1009 730 omnibus,
1037 666 1135 722 sed
1177 669 1344 723 rectis
1376 668 1578 723 exoriri
1622 666 1852 733 faciens,
1900 682 1966 724 ac

402 767 581 813 lumen
613 757 941 830 cognitionis
981 758 1132 815 intus
1191 759 1247 814 in
1311 768 1585 816 rectorum
1618 762 1965 832 generatione

400 849 665 920 praebens,
685 864 751 906 ac
778 859 958 907 rectos
987 852 1323 909 illuminans.
1342 854 1619 909 Iucundus
1645 855 1724 909 vir
1741 856 1833 926 qui
1864 856 1964 909 mi-

400 950 598 995 seretur
638 951 688 996 et
714 941 1031 998 commodat.
1055 942 1175 999 Non
1207 945 1448 1000 occludit
1480 945 1689 1001 viscera
1716 958 1837 1009 sua,
1866 943 1963 1000 sed

398 1032 538 1087 bona
568 1048 666 1088 sua
702 1035 988 1105 egentibus
1020 1035 1260 1106 impertit
1295 1055 1309 1091 :
1341 1035 1470 1107 quia
1496 1037 1601 1092 hoc
1632 1045 1960 1107 praeceptum

398 1124 587 1196 implet
613 1143 625 1180 :
652 1125 786 1193 Quis
808 1137 887 1182 est
907 1128 1082 1198 ﬁdelis
1109 1138 1159 1183 et
1173 1129 1400 1200 prudens
1435 1145 1752 1194 oeconomus,
1789 1130 1879 1201 qui
1907 1130 1962 1184 in

397 1224 625 1284 tempore
656 1218 916 1272 conservis
954 1217 1103 1273 dabit
1161 1220 1326 1274 tritici
1365 1222 1718 1276 mensuram?
1767 1220 1960 1274 Beatus

396 1306 485 1363 ille
514 1325 690 1364 servus
723 1326 873 1380 quem
898 1327 1018 1365 cum
1047 1312 1237 1366 venerit
1278 1310 1522 1367 dominus
1556 1313 1691 1378 eius,
1738 1313 1960 1367 inveniet

395 1384 473 1453 sic
500 1398 799 1469 facientem.
835 1399 962 1456 Vere
991 1401 1108 1458 dico
1135 1404 1298 1468 vobis,
1329 1403 1577 1474 quoniam
1603 1420 1758 1472 super
1784 1406 1961 1459 omnia

394 1489 529 1544 bona
564 1508 663 1545 sua
695 1493 976 1547 constituet
1004 1511 1123 1548 eum
1153 1495 1220 1549 '7.
1263 1493 1516 1565 Disponet
1550 1512 1813 1551 sermones
1838 1514 1962 1552 suos

393 1583 449 1636 in
466 1581 693 1652 judicio,
709 1585 833 1655 quia
859 1585 913 1639 in
946 1593 1200 1641 teternum
1223 1603 1325 1641 non
1348 1586 1772 1645 commovebitur.
1791 1586 1961 1656 Talis,

390 1675 592 1746 inquit,
620 1676 801 1742 homo,
827 1686 879 1734 et
905 1679 999 1750 qui
1034 1680 1165 1734 talia
1198 1680 1330 1752 agit,
1374 1697 1550 1752 neque
1580 1682 1759 1748 cadet,
1785 1699 1963 1754 neque

392 1769 823 1824 commovebitur
861 1785 892 1825 a
923 1785 1023 1826 sua
1054 1786 1219 1842 supra
1275 1780 1487 1842 petram
1534 1774 1790 1829 statione.
1840 1773 1962 1830 Non

389 1858 535 1911 enim
574 1858 883 1930 principum
934 1861 1111 1917 minas
1172 1860 1568 1927 reformidabit,
1628 1879 1738 1919 non
1795 1864 1961 1936 perti-

389 1957 595 2005 mescet
623 1965 738 2015 eos,
770 1953 864 2022 qui
895 1952 951 2006 in
986 1960 1232 2023 tempore
1259 1954 1587 2011 calamitatis
1634 1970 1695 2012 se
1730 1964 1961 2012 contur—

389 2038 521 2095 bare
549 2055 614 2095 ac
636 2040 972 2097 confundere
998 2052 1286 2097 conantur.

456 2230 623 2289 Vens.
651 2232 708 2299 7,
736 2233 791 2289 8.
826 2230 892 2287 In
916 2233 1170 2288 memoria
1193 2242 1391 2289 (eterna
1410 2235 1511 2289 erit
1535 2235 1740 2305 justus,
1761 2251 1826 2289 ao
1854 2253 1955 2290 au-

385 2322 585 2376 ditione
612 2322 757 2376 mala
786 2340 887 2377 non
918 2323 1137 2379 timebit.
1172 2323 1291 2378 Non
1333 2340 1398 2381 ex
1433 2326 1617 2381 verbis
1663 2326 1954 2394 mendacii,

385 2431 506 2488 quae
531 2416 813 2471 veritatem
849 2417 1069 2487 quidem
1114 2416 1440 2488 praeferunt,
1490 2419 1587 2474 sed
1618 2430 1817 2474 contra
1860 2419 1957 2476 Dei

385 2507 750 2579 cognitionem
805 2523 929 2564 sese
967 2514 1248 2573 sxserunt,
1298 2508 1509 2563 sinistri
1549 2509 1828 2581 quidpiam
1861 2525 1958 2582 pa-

383 2602 573 2667 tietur,
609 2605 800 2672 utpote
831 2599 1093 2655 fundatus
1136 2614 1303 2673 supra
1334 2607 1570 2670 petram,
1627 2617 1786 2672 quem
1817 2603 1956 2658 nihil

383 2708 641 2766 separare
669 2694 843 2764 possit
872 2707 905 2748 a
936 2692 1205 2748 charitate
1234 2691 1352 2756 Dei.
1383 2708 1505 2764 quae
1536 2701 1621 2749 est
1648 2696 1705 2748 in
1736 2693 1955 2750 Christo

380 2785 533 2843 Jesu.
586 2784 851 2840 Paratum
891 2801 981 2839 cor
1014 2784 1129 2854 ejus
1157 2800 1369 2854 sperare
1395 2786 1452 2838 in
1484 2785 1731 2851 Domino,
1761 2789 1955 2857 conﬁr-

382 2886 589 2931 matum
639 2883 717 2930 est
777 2890 869 2929 cor
921 2873 1034 2943 ejus
1076 2889 1113 2939 :_
1150 2890 1254 2928 non
1325 2875 1730 2929 commovebitur
1791 2876 1953 2932 donec

334 2960 341 2967 ’
381 2965 638 3035 despiciat
678 2964 920 3019 inimicos
949 2980 1094 3019 suos.
1154 2962 1301 3031 Ideo,
1329 2965 1527 3034 inquit,
1558 2981 1667 3020 non
1709 2980 1953 3022 commo-

2058 499 2190 552 μων
2238 481 2339 536 καὶ
2379 483 2691 554 οἰκτίρμων
2714 483 2812 538 καί
2844 482 3093 550 δίκαιος.
3111 485 3168 537 Ὀ
3203 484 3647 556 μακαριζόμενος

2060 574 2123 627 τὸ
2166 575 2362 629 οἰκεῖον
2410 576 2524 645 φῶς
2558 576 2618 630 οὐ
2659 575 2944 640 διαλείπει,
2969 576 3337 643 ἐξανατέλλων
3370 578 3433 631 οὐ
3483 581 3646 646 πᾶσι,

2061 666 2159 740 τὴν
2186 667 2531 723 διδασκαλίαν
2563 668 2621 723 δὲ
2650 671 2762 733 τοῖς
2804 668 3021 722 εὐθέσιν
3072 667 3262 735 αὐτοῦ,
3298 670 3395 724 καὶ
3435 670 3498 723 τὸ
3542 671 3650 742 τῆς

2061 759 2313 830 γνώσεως
2333 760 2450 831 φῶς
2476 760 2624 815 ἐνδον
2650 762 2709 816 ἐν
2726 764 2794 833 τῇ
2814 761 2923 816 τῶν
2947 760 3154 816 εὑθέων
3177 763 3338 834 γενεᾷ
3360 763 3645 835 παρέχων,

2060 853 2155 907 καὶ
2183 855 2312 918 τοὺς
2344 852 2520 917 εὑθεῖς
2552 852 2820 922 φωτίζων.
2850 852 3128 922 Χρηστὸς
3163 852 3318 922 ἀνὴρ
3358 856 3392 909 d
3428 855 3650 909 οἰκτεί-

2052 962 2178 1014 ρων
2196 946 2296 1000 καὶ
2321 946 2691 1018 nimiis-106x
2716 946 2993 1003 ἀποκλείει
3019 945 3088 1000 τὰ
3118 944 3310 1002 ἐαυτοῦ
3334 946 3646 1018 σπλάγχνα,

2058 1036 2195 1090 ἀλλὰ
2224 1036 2542 1108 μεταδίδωσι
2564 1037 2673 1091 τῶν
2701 1036 3054 1110 ὑπαρχόντων
3084 1038 3198 1101 τοῖς
3227 1027 3523 1107 δεομένοις,
3551 1037 3649 1092 δια

2058 1128 2119 1182 τὸ
2149 1127 2436 1198 φυλάττειν
2457 1128 2674 1201 ἐντολὴν
2699 1129 2799 1202 τὴν
2827 1127 3089 1198 λέγουσαν
3104 1143 3121 1160 ⁸
3155 1128 3251 1195 Τίς
3276 1122 3393 1197 ἆρα
3422 1130 3648 1197 πιστὸς

2059 1218 2157 1273 καὶ
2183 1220 2468 1290 φρόνιμος
2493 1221 2825 1289 οἰκονόμος,
2851 1219 2921 1287 ὃς
2946 1220 3017 1274 ἐν
3036 1217 3219 1289 καιρῷ
3246 1218 3423 1274 δώσει
3456 1220 3521 1275 τὸ
3552 1237 3647 1275 σι-

2059 1308 2364 1380 τομέτριον
2400 1310 2524 1378 τοῖς
2564 1309 2962 1378 aur-doujat“
3000 1309 3303 1379 Μακάριος
3343 1314 3377 1365 d
3415 1309 3644 1379 δοῦλος

2060 1399 2308 1465 ἐκεῖνος,
2348 1398 2421 1453 ὃν
2456 1400 2647 1454 ἐλθὼν
2686 1400 2719 1453 d
2768 1399 2970 1467 κύριος
2990 1398 3192 1469 ιαὺτοῦ
3220 1399 3470 1468 ζεύρήσει
3508 1418 3641 1456 ποι-

2061 1490 2246 1545 οῦντα
2288 1490 2494 1557 οὕτως.
2513 1489 2765 1560 Ἀληθῶς
2809 1489 2966 1561 λέγω
2998 1490 3159 1560 ὑμῖν,
3204 1490 3295 1544 ὅτι
3339 1492 3436 1545 ἐπὶ
3482 1492 3639 1549 πᾶσι

2028 1648 2033 1655 _
2062 1580 2188 1649 τοῖς
2213 1581 2596 1653 ὑπάρχουσιν
2626 1581 2811 1638 αὐτοῦ
2846 1581 3215 1652 καταστήσει
3246 1582 3449 1637 αὐτόν.
3476 1585 3646 1637 Οἰκο-

2062 1673 2313 1744 νομήσει
2336 1674 2477 1741 τοὺς
2499 1675 2719 1744 λόγους
2750 1673 2935 1730 αὐτοῦ
2961 1674 3031 1728 ἐν
3052 1675 3266 1743 κρίσει,
3296 1673 3384 1727 ὅτι
3413 1676 3503 1741 εις
3533 1676 3648 1729 τὸν

2060 1763 2245 1819 αἰῶνα
2265 1767 2338 1820 οὐ
2377 1764 2836 1833 σαλευθήσεται.
2854 1766 2911 1819 '0
2939 1764 3199 1832 τοιοῦτος,
3230 1766 3383 1836 φησὶ,
3408 1766 3504 1820 καὶ
3523 1783 3646 1820 τοι-

2060 1855 2199 1910 αῦτα
2234 1856 2508 1929 πράττων,
2532 1856 2654 1911 οὔτε
2679 1860 2943 1922 πεσεῖται,
2969 1856 3092 1910 οὕτε
3123 1856 3518 1929 σαλευθήσεται
3538 1857 3646 1930 τῆς

2059 1948 2152 2001 ἐπὶ
2174 1949 2273 2020 τὴν
2306 1949 2514 2021 πέτραν
2547 1949 2810 2015 στάσεως.
2847 1949 2985 2005 Οὔτε
3020 1949 3128 2022 γὰρ
3165 1949 3418 2014 ἀπειλαῖς
3443 1951 3646 2024 ἀρχόν-

2056 2057 2163 2094 των
2191 2040 2405 2111 πτήξει,
2436 2038 2559 2094 οὔτε
2583 2040 2693 2095 τῶν
2726 2040 2975 2114 θορυϐεῖν
3001 2042 3094 2094 καὶ
3141 2042 3429 2113 ταράττειν
3471 2042 3644 2097 αὐτὸν

2058 2133 2410 2204 πειρωμένων
2443 2136 2500 2189 ἐν
2533 2139 2747 2207 καιροῖς
2777 2137 3203 2207 περιστατικοῖς.

2124 2249 2231 2314 Εἰς
2272 2248 2668 2317 μνημόσυνον
2719 2246 2961 2304 αἰώνιον
3005 2248 3175 2305 ἔσται
3233 2249 3484 2318 δίκαιος,
3513 2250 3639 2307 ἀπὸ

2055 2338 2244 2408 ἀκοῆς
2263 2338 2532 2408 πονηρᾶς
2558 2341 2630 2394 οὐ
2650 2340 3071 2410 φοϐηθήσεται.
3092 2341 3213 2395 Οὐδ’
3227 2342 3294 2395 ἐκ
3318 2342 3489 2411 λόγων
3507 2344 3639 2411 φευ-

2053 2430 2178 2496 δῶν,
2221 2430 2704 2503 ἐπαγγελλομένων
2745 2432 2843 2503 μὲν
2892 2432 3167 2505 ἀλήθειαν,
3200 2434 3523 2506 ἐπηρμένων
3567 2435 3630 2489 δὲ

2054 2522 2197 2576 κατά
2235 2521 2336 2592 τῆς
2366 2521 2617 2591 γνώσεως
2641 2522 2734 2576 τοῦ
2768 2522 2925 2588 Θεοῦ,
2956 2523 3201 2579 πείσεταί
3225 2542 3279 2578 τι
3309 2526 3501 2592 δεινὸν,
3534 2527 3634 2582 ﬁt;

2051 2614 2117 2687 δὴ
2148 2613 2610 2686 τεθεμελιωμένος
2642 2614 2736 2670 ἐπὶ
2764 2615 2863 2687 τὴν
2889 2615 3115 2688 πέτραν,
3145 2617 3239 2672 καὶ
3273 2617 3503 2689 μηδενὸς
3532 2619 3635 2674 αὐ-

2050 2706 2143 2760 τὸν
2169 2706 2490 2779 χωρίζοντος
2521 2708 2630 2761 ἀπὸ
2654 2708 2751 2778 τῆς
2770 2708 2990 2779 ἀγάπης
3011 2708 3102 2762 τοῦ
3124 2709 3259 2764 Θεοῦ
3282 2709 3384 2782 τῆς
3406 2712 3465 2764 ἐν
3490 2710 3636 2784 Χρι-

2053 2796 2162 2868 στῷ
2210 2796 2402 2869 Ἰησοῦ.
2423 2798 2652 2869 Ἑτοίμη
2684 2800 2723 2868 ἡ
2757 2799 2971 2869 καρδία
3004 2801 3189 2856 αὐτοῦ
3227 2801 3488 2864 ἐλπὶὣιν
3528 2803 3637 2859 ἐπὶ

2050 2889 2292 2959 Κύριον,
2331 2888 2674 2958 ἐστήρικται
2717 2891 2755 2957 ἠ
2808 2890 3021 2959 καρδία
3041 2892 3226 2947 αὐτοῦ
3245 2907 3259 2922 ’
3299 2893 3372 2947 οὐ
3401 2892 3488 2962 μὴ
3514 2910 3630 2963 φο-

2051 2979 2227 3050 ϐηθῇ,
2259 2981 2368 3047 ἕως
2395 2978 2467 3038 οὗ
2493 2982 2668 3050 ἐπίδῃ
2707 2981 2804 3035 ἐπὶ
2846 2981 2990 3048 τοὺς
3015 2982 3264 3052 ἐχθροὺς
3293 2984 3502 3039 αὑτοῦ.
3531 2984 3635 3038 Διὰ

381 3057 632 3124 rebitur;
665 3053 761 3111 sed
784 3070 961 3126 neque
991 3054 1055 3108 ab
1096 3054 1363 3109 auditione
1392 3055 1537 3109 mata
1565 3056 1796 3122 timebit,
1820 3059 1948 3128 quia

2052 3072 2241 3138 ταῦτα,
2264 3074 2519 3144 φησὶν,οὑ
2548 3073 2959 3145 σαλευθήσεται,
2993 3074 3106 3128 ἀλλ’
3144 3075 3265 3129 οὐδὲ
3289 3076 3412 3130 ἀπὸ
3438 3076 3637 3145 ἀκοῆς

380 3158 629 3205 paratum
652 3163 744 3202 cor
765 3146 880 3216 ejus
900 3154 983 3201 est
1012 3160 1220 3214 sperare
1256 3145 1312 3199 in
1338 3143 1585 3200 Domino.
1612 3146 1767 3213 Quod
1794 3147 1951 3220 Sym-

380 3240 612 3296 machus
642 3241 822 3303 vertit,
879 3239 1095 3309 ﬁrmum
1125 3255 1214 3293 cor
1233 3238 1345 3309 ejus
1377 3239 1487 3293 sine
1513 3239 1868 3296 sollicitudine
1896 3242 1951 3296 in

380 3331 629 3388 Domino.
662 3330 785 3386 Ideo
819 3330 1132 3401 huiusmodi
1187 3332 1451 3385 tumultus
1477 3330 1744 3401 despicit:
1777 3346 1952 3401 neque

379 3425 544 3481 modo
604 3424 856 3479 inimicos
918 3438 1028 3477 non
1092 3422 1470 3493 pertimescit;
1548 3436 1734 3477 verum
1785 3423 1951 3497 etiam

379 3529 569 3572 eorum
598 3515 827 3579 cladem,
857 3514 928 3568 ob
960 3527 1110 3584 spem
1141 3513 1198 3568 in
1227 3513 1337 3569 Deo
1367 3514 1626 3579 locatam,
1645 3520 1947 3585 exspectat.

450 3714 615 3772 Vens.
649 3715 704 3779 9,
733 3715 818 3771 10.
846 3712 1131 3783 Dispersit,
1179 3712 1321 3767 dedit
1368 3712 1708 3784 pauperibus,
1730 3714 1951 3783 justitia

379 3806 493 3874 eius
525 3816 701 3860 manet
730 3806 782 3860 in
812 3806 1063 3860 swculum
1081 3805 1462 3869 swculi,co’rnu
1486 3806 1599 3874 eius
1628 3806 1952 3861 exaltabitur

2051 3163 2316 3233 πονηρᾶς
2337 3164 2718 3237 φοϐηθήσεται,
2749 3165 2934 3236 ἐπειδὴ
2961 3160 3165 3237 ἑτοίμη
3191 3167 3230 3234 ἠ
3266 3167 3485 3236 καρδία
3519 3170 3632 3223 αὐ-

2051 3255 2158 3309 τοῦ
2184 3254 2443 3317 ἐλπίζειν
2458 3256 2557 3309 ἐπὶ
2578 3260 2815 3324 Κύριον.
2836 3257 2975 3312 Ἀνθ’
2995 3252 3055 3312 οὗ
3076 3259 3105 3312 ὁ
3128 3258 3424 3331 Σύμμαχος
3442 3260 3630 3326 ἐποίη-

2054 3364 2142 3400 σεν
2157 3364 2171 3377 ο
2205 3347 2445 3415 Ἐδραία
2466 3349 2503 3416 ἡ
2525 3348 2737 3417 καρδία
2762 3349 2948 3404 αὑτοῦ
2975 3348 3291 3419 ἀμέριμνος
3317 3352 3388 3405 ἐν
3410 3353 3623 3422 Κιερὶῳ.

2051 3439 2151 3493 Διὰ
2174 3439 2343 3493 τοῦτο’
2362 3440 2469 3493 τῶν
2492 3440 2747 3494 τοιούτων
2785 3438 3028 3513 θορύϐων
3057 3445 3384 3513 καταφρονεί
3399 3460 3413 3474 ’
3443 3445 3535 3497 καὶ
3561 3445 3626 3499 οὐ

2055 3531 2214 3603 μόνον
2238 3531 2298 3585 οὐ
2334 3530 2477 3584 δέδιε
2506 3533 2634 3595 τοὺς
2654 3531 2955 3602 δυσμενεῖς,
2992 3530 3129 3586 ἀλλά
3160 3533 3253 3587 καὶ
3280 3534 3378 3606 τὴν
3398 3534 3629 3591 ἐκείνων

2057 3618 2225 3696 ἧτταν
2256 3622 2347 3676 διά
2375 3622 2473 3694 τὴν
2502 3623 2583 3688 είς
2600 3622 2729 3676 Θεὸν
2755 3622 2945 3677 ἐλπίδα
2979 3625 3303 3696 παραμένει.

2134 3737 2543 3805 Ἐσκόρπισεν,
2569 3735 2753 3791 ἔδωκε
2783 3735 2908 3803 τοῖς
2928 3734 3188 3823 πένησιν
3207 3752 3221 3768 ·
3252 3738 3290 3806 ἡ
3324 3737 3614 3792 δικαιοσύ-

2049 3842 2126 3894 νη
2158 3824 2344 3879 αὑτοῦ
2379 3825 2547 3895 μένει
2582 3828 2668 3892 εις
2700 3825 2807 3879 τὸν
2836 3825 3022 3881 αἰῶνα
3044 3827 3151 3882 τοῦ
3171 3826 3398 3894 αἰῶνος,
3425 3828 3494 3882 τὸ
3526 3829 3623 3883 κέ-

378 3900 435 3952 in
464 3897 655 3968 gloria.
688 3896 944 3952 Peccator
965 3896 1155 3951 videbit
1185 3905 1234 3951 et
1263 3898 1542 3963 irascetur,
1567 3897 1810 3952 dentibus
1838 3899 1949 3954 suis

2052 3932 2156 3983 ρας
2184 3915 2368 3969 αὑτοῦ
2402 3915 2784 3983 ὑψωθήσεται
2826 3917 2896 3972 ἐν
2923 3917 3090 3987 δόξῃ.
3108 3919 3467 3988 Ἁμαρτωλὸς
3491 3921 3625 3992 ὅψε-

382 3990 567 4061 [remet
612 3999 662 4044 et
704 3988 929 4042 tabescet
969 4005 989 4043 :
1033 3988 1353 4043 desiderium
1404 3991 1691 4058 peccatoris
1738 3990 1946 4059 peribit.

378 4076 647 4144 Quoniam
667 4083 811 4131 totus
838 4076 929 4130 hic
957 4092 1137 4132 sermo
1158 4076 1224 4131 dc
1251 4077 1317 4133 iis
1335 4080 1427 4148 qui
1458 4078 1560 4133 ﬁde
1584 4079 1780 4133 initiati
1798 4088 1947 4146 sunt,

377 4175 433 4224 et
461 4166 530 4223 de
555 4167 756 4237 populo
808 4167 1182 4238 exigentibus,
1215 4169 1308 4239 qui
1344 4184 1440 4238 per
1470 4168 1711 4225 divinam
1744 4170 1951 4228 doctri-

376 4274 504 4315 nam
530 4259 625 4316 Dei
663 4260 869 4316 cultum
899 4261 1163 4332 suscepit,
1204 4264 1593 4332 pronuntiatus
1620 4269 1725 4329 est,
1755 4280 1949 4321 conse-

2047 4024 2143 4069 ται
2174 4007 2272 4060 καὶ
2305 4004 2743 4076 ὀργισθήσεται,
2778 4009 2919 4076 τοὺς
2966 4010 3214 4079 ὀδόντας
3259 4013 3445 4068 αὐτοῦ
3468 4015 3626 4083 ,8ρύ-

2049 4101 2140 4166 ξει
2180 4099 2279 4157 καὶ
2308 4099 2649 4167 τακήρέται,
2685 4100 2965 4171 ἐπιθυμία
2996 4103 3341 4172 ἀμαρτωλοῦ
3382 4106 3626 4160 ἀπολεῖ-

2047 4208 2160 4245 ται.
2192 4190 2407 4263 Ἐπειδὴ
2456 4191 2585 4263 περὶ
2624 4189 2732 4243 τῶν
2768 4190 2857 4244 διά
2907 4192 3141 4258 πίστεως
3180 4194 3571 4266 τελειουμένων
3595 4197 3630 4250 ὁ

2049 4284 2156 4343 πᾶς
2187 4280 2362 4349 λόγος,
2389 4281 2480 4333 καὶ
2513 4279 2640 4351 περὶ
2663 4278 2757 4332 τοῦ
2783 4279 2839 4347 ἐξ
2862 4279 3030 4334 ἐθνῶν
3063 4279 3193 4334 λαοῦ
3222 4280 3318 4334 τοῦ
3351 4281 3493 4335 κατά
3523 4283 3627 4353 τὴν

375 4361 606 4423 quenter
637 4353 801 4408 etiam
833 4362 1097 4410 memorat
1130 4368 1226 4411 eos
1253 4369 1320 4410 ex
1352 4355 1788 4421 circumcisione,
1852 4356 1947 4428 qui

2052 4371 2199 4425 θείαν
2236 4371 2582 4425 διδασκαλίαν
2629 4370 3026 4437 θεοσεϐοὖντος,
3056 4374 3290 4445 εἴρηται,
3314 4377 3621 4443 ἀκολούθως

376 4444 680 4515 profectum
723 4446 964 4516 gentium
1014 4445 1233 4517 indigne
1290 4444 1487 4523 ferunt.
1507 4446 1687 4514 Quare
1737 4448 1943 4504 dictum

2052 4461 2376 4535 μνημονεύει
2406 4462 2499 4515 καὶ⁵
2526 4460 2634 4514 τῶν
2674 4462 2739 4514 ἐκ
2781 4463 3080 4534 περιτομῆς
3105 4437 3501 4537 διαπριομὲνων
3530 4437 3625 4521 ἐπί

374 4543 481 4603 est,
505 4534 762 4590 Peccator
782 4536 974 4592 videbit
1002 4549 1052 4591 et
1083 4538 1299 4592 irascett
1316 4555 1363 4603 r,
1410 4539 1651 4594 dentibus
1685 4541 1796 4595 suis
1833 4541 1943 4612 fre-

373 4634 480 4680 met
515 4637 563 4681 et
612 4626 874 4692 tabescet;
911 4629 1039 4699 quia
1077 4629 1301 4701 iniquus
1329 4632 1548 4701 quidem
1583 4632 1756 4704 legem
1787 4648 1944 4688 acce-

375 4719 475 4789 pit,
525 4719 622 4773 sed
650 4735 770 4775 eam
809 4731 1189 4794 transgressus
1235 4731 1337 4779 est.
1400 4721 1725 4794 Huiusmodi
1762 4733 1942 4782 autem

374 4818 458 4865 est
479 4809 732 4880 quisquis
761 4828 828 4868 ex
859 4814 1280 4870 circumcisione
1325 4814 1396 4869 ob
1434 4816 1663 4872 salutem
1699 4824 1942 4874 nostram

375 4899 630 4956 dentibus
669 4903 784 4959 suis
813 4903 1011 4960 fremit.
1048 4904 1161 4961 lmo
1190 4906 1354 4962 etiam
1384 4906 1619 4978 idipsum
1662 4925 1766 4965 usu
1794 4912 1941 4965 venit

374 4991 669 5063 gentilibus
698 4995 792 5065 qui
837 4995 1083 5054 inﬁdeles
1126 5007 1276 5063 sunt,
1331 5014 1396 5055 ac
1430 4999 1497 5056 de
1531 4998 1775 5072 profectu
1810 5017 1940 5058 suo-

375 5099 519 5150 rum,
556 5084 651 5153 qui
675 5086 741 5141 ad
771 5086 1010 5142 divinam
1045 5091 1170 5145 vita:
1206 5091 1473 5148 rationem
1502 5093 1751 5149 translati
1791 5102 1939 5159 sunt,

374 5175 693 5233 infremunt.
722 5176 989 5234 Caeterum
1022 5182 1240 5253 utrique
1275 5184 1517 5249 ordines,
1559 5185 1627 5241 de
1661 5185 1730 5242 iis
1758 5186 1851 5257 qui
1885 5185 1941 5241 in

376 5268 594 5325 Christo
635 5268 865 5341 perfecti
903 5281 1031 5326 sunt
1070 5270 1335 5342 furentes,
1366 5276 1667 5344 tabescent,
1700 5292 1764 5333 ac
1797 5278 1943 5335 desi-

376 5360 586 5417 derium
619 5376 809 5418 eorum
842 5364 1058 5434 peribit.

441 5678 484 5712 ⁸⁷
524 5676 657 5737 Luc.
694 5696 804 5751 xu,
836 5684 1025 5742 42-44.

2044 4557 2110 4626 τῇ
2146 4557 2393 4626 προκοπῇ
2441 4553 2549 4609 τῶν
2577 4554 2636 4620 ἐξ
2665 4553 2853 4610 ἐθνῶν.
2885 4554 2975 4608 Διὸ
3016 4554 3295 4610 λέλεκται·
3339 4558 3621 4628 Ἀμαρτω-

2044 4648 2154 4713 λός
2185 4647 2393 4716 ὄψεται
2436 4646 2539 4700 καὶ
2582 4646 3020 4717 ὀργισθήσεται,
3062 4647 3203 4715 τοὺς
3241 4648 3493 4718 ὀδόντας
3522 4656 3621 4709 αὺ-

2044 4740 2150 4794 τοῦ
2181 4739 2395 4807 βρύξει
2426 4738 2524 4793 καὶ
2552 4737 2892 4805 τακήσεται,
2927 4738 3003 4802 ὡς
3028 4738 3125 4793 τοῦ
3152 4740 3468 4814 παρανόμου
3519 4745 3620 4816 μὲν

2044 4830 2322 4903 εἰληφότος
2353 4830 2536 4901 νόμον,
2568 4829 3011 4901 παραϐεϐηκότας
3053 4830 3111 4883 δὲ
3152 4831 3336 4886 αὐτόν.
3365 4834 3617 4901 Τοιοῦτος

2043 4920 2102 4973 δὲ
2134 4921 2241 4983 πᾶς
2270 4921 2299 4972 ὁ
2339 4920 2405 4973 ὲκ
2447 4918 2766 4992 περιτομῆς,
2793 4919 2853 4983 ὃς
2878 4919 2971 4973 ἐπὶ
2994 4923 3059 4991 τῇ
3093 4920 3338 4994 ἡμετέρᾳ
3371 4927 3616 4998 σωτηρίᾳ

2044 5011 2168 5076 τοὺς
2214 5011 2427 5075 ὀδόντας
2468 5012 2631 5065 αὐτοῦ
2677 5011 3057 5083 βρύχει.Ἀλλά
3090 5013 3186 5067 καὶ
3211 5016 3262 5069 oi
3291 5014 3400 5068 τῶν
3444 5015 3617 5072 ἐθνῶν

2049 5103 2261 5158 ἄπιστοι
2282 5103 2477 5157 ταύτὸν
2498 5103 2796 5175 πάσχουσιν
2823 5104 2916 5157 ἐπὶ
2936 5107 3000 5176 τῇ
3025 5108 3275 5178 προκοπῇ
3306 5107 3413 5162 τῶν
3436 5108 3494 5175 ἐξ
3518 5110 3612 5163 αὐ-

2047 5192 2156 5247 τῶν
2205 5193 2650 5265 μεταϐεϐηκότων
2694 5195 2786 5248 ἐπὶ
2838 5195 2937 5266 τὴν
2982 5195 3123 5249 κατὰ
3151 5196 3282 5251 Θεὸν
3319 5198 3614 5257 πολιτείαν.

2046 5285 2192 5356 Πλὴν
2223 5286 2507 5357 ἀμφότερα
2549 5285 2619 5340 τὰ
2662 5287 2914 5359 τάγματα
2944 5289 3302 5362 διαπριόμενα
3330 5291 3472 5347 κατὰ
3502 5294 3612 5348 τῶν

2046 5370 2104 5423 ἐν
2130 5371 2349 5443 Χριστῷ
2368 5372 2750 5445 τελειουμένων
2786 5377 3169 5451 ἐκτακήσεται,
3191 5380 3613 5454 τῆς,ἐπιθυμίας
3729 5433 3737 5439 .

2046 5460 2223 5515 αὐτῶν
2251 5460 2644 5545 ἀπολλυμένηςτ
