4044 6212
244 262 253 267 ’
338 299 501 355 .1349

429 524 678 589 Δινεῖτε,
708 523 936 590 παῖδες,
966 521 1076 578 τὸν
1103 524 1343 592 Κύριον,
1383 522 1600 578 αὶνεῒτε
1640 521 1708 576 τὸ
1755 520 1941 591 ὄνομα

364 616 604 685 Κυρίου.
642 614 751 683 Εἵη
776 615 841 669 τὸ
872 614 1059 695 ὄνομα
1105 614 1323 682 Κυρίου
1361 611 1774 684 εὐλογημένον
1821 611 1941 668 ἀπὸ

366 709 470 764 τοῦ
520 707 640 763 νῦν
701 708 800 763 καὶ
855 707 967 775 ἕως
1022 708 1129 763 τοῦ
1183 707 1417 774 αἰῶνος.
1467 706 1654 760 Πάντα
1706 704 1799 761 τὸν
1851 703 1939 759 διὰ

366 802 425 857 τὸ
473 800 753 872 φοϐεῖσθαι
796 799 1001 871 Κύριον
1052 800 1321 872 μακάριον
1367 798 1732 870 γεγενημένον
1774 797 1943 872 ἄνδρα

366 893 861 965 δποτυπωσάμενος
904 894 933 947 6
984 892 1143 963 λόγος
1179 895 1237 947 ὲν
1263 890 1341 963 τῷ
1373 892 1482 962 πρὸ
1503 891 1695 945 τούτου
1719 890 1938 965 ψαλμῷ,

367 986 454 1040 τόν
494 1003 556 1040 τε
601 985 714 1057 βίον
748 983 859 1040 τῶν
885 984 1139 1040 τοιούτων
1170 984 1267 1039 καὶ
1305 982 1406 1056 τὴν
1438 982 1579 1038 κατὰ
1620 982 1752 1037 Θεὸν
1792 984 1944 1038 πολι-

367 1077 536 1145 τείαν,
563 1077 657 1132 καὶ
680 1076 741 1132 τὸ
770 1077 863 1131 ἐπὶ
884 1076 1093 1141 τούτοις
1121 1075 1274 1148 παρὰ
1303 1074 1423 1147 Θεῷ
1438 1074 1591 1138 τέλος
1619 1075 1942 1151 ὑπογράψας

367 1170 425 1223 ὲν
452 1169 531 1242 τῷ
565 1170 929 1242 προκειμένῳ,
952 1169 1098 1233 τίνες
1125 1167 1261 1222 ποτέ
1299 1168 1437 1221 εἶσιν
1459 1159 1625 1233 οὗτοι,
1659 1168 1755 1222 καλ⁵
1781 1168 1942 1222 τίνων

367 1262 689 1335 τυγχάνουσι
715 1262 1082 1335 παραπλήσιοι
1109 1261 1369 1327 διδάσκει,
1396 1260 1589 1326 παῖδας
1620 1261 1817 1327 αὐτοὺς
1843 1280 1943 1315 κα-

368 1355 472 1409 λῶν
499 1355 588 1409 διὰ
609 1356 671 1409 τὸ
696 1354 887 1427 νεαρὸν
917 1354 1010 1407 καὶ
1031 1352 1311 1425 ἀρτιγενὲς
1336 1352 1434 1422 τῆς
1462 1351 1603 1406 κατά
1625 1352 1802 1425 ψυχὴν
1827 1353 1944 1422 ήλι-

368 1444 511 1509 χίας,
539 1446 634 1500 καὶ
665 1444 885 1508 τούτους
909 1444 1005 1497 ἐπὶ
1028 1443 1117 1497 τὸν
1148 1439 1294 1498 αἶνον
1325 1444 1482 1497 καλεῖ
1502 1443 1595 1498 τοῦ
1622 1444 1779 1498 Θεοῦ.
1798 1445 1945 1501 Ἀντὶ

369 1537 483 1602 τοῦ,
529 1537 759 1605 παῖδες,
804 1538 834 1591 6
877 1535 1104 1601 Ἀκύλας
1148 1537 1243 1590 καὶ
1283 1537 1313 1589 6
1342 1536 1635 1609 Σύμμαχος
1685 1537 1945 1606 δούλους

370 1630 658 1701 ὠνόμασαν
712 1631 1012 1701 φήσαντες·
1082 1628 1356 1700 Ὑμνεῒτε,
1418 1629 1646 1695 δοῦλοι,
1703 1632 1941 1699 Κύριον,

1516 288 2020 354 COMMENTARIA
2059 288 2130 345 IN
2166 283 2507 351 PSALMOS.

393 412 792 468 ΔΛΛΗΛΟΥΙΑ
828 410 1121 465 ΔῙΤΔῙΟΥ
1157 411 1279 465 ΚΑΙ
1316 411 1681 465 ΖΔΧΑΡΙΟΥ.
1724 409 1870 464 PIB'.
1970 413 2015 469 Δ

3470 299 3611 356 1550

2147 406 2487 462 ALLELUIA
2517 403 2754 461 AGGIEI
2783 404 2874 460 ET
2899 405 3298 464 ZACHARUE.
3332 407 3494 466 CX".

2113 519 2280 576 Vens.
2320 519 2373 584 l,
2409 518 2464 572 2.
2514 516 2774 582 Laudate,
2820 519 2995 586 pueri,
3044 516 3354 585 Dominum,
3402 520 3618 578 laudate

2038 629 2226 666 nomen
2268 611 2507 666 Domini.
2542 610 2625 666 Sit
2669 627 2856 664 nomen
2901 609 3117 664 Domini
3164 611 3514 678 benedictum,
3552 629 3619 669 ea:

2040 706 2137 761 hoc
2170 721 2308 759 nunc
2332 713 2383 759 et
2431 719 2591 774 usque
2617 703 2672 757 in
2706 704 2982 758 swculum.
3016 703 3154 759 Cum
3189 704 3244 759 in
3289 706 3617 776 praecedenti

2041 797 2254 869 psalmo
2303 796 2452 850 viros
2489 809 2702 860 omnes,
2734 795 2827 866 qui
2867 795 3012 865 quod
3057 796 3287 852 timeant
3326 795 3615 852 Dominum

2040 889 2184 944 beati
2215 887 2391 944 eﬂ'ecti
2422 896 2573 951 sunt,
2601 889 3098 956 reprzesentaverit,
3129 903 3193 944 ac
3232 905 3423 945 eorum
3451 889 3619 945 vitam

2042 986 2097 1034 et
2128 978 2439 1034 institutum
2485 980 2787 1032 secundum
2831 975 3025 1042 Deum,
3059 977 3220 1032 finem
3249 993 3467 1049 quoque
3510 993 3622 1050 quo

2042 1070 2283 1127 donandi
2312 1070 2455 1141 apud
2481 1069 2649 1126 Deum
2685 1078 2833 1136 sunt,
2863 1069 3255 1142 descripserit;
3284 1072 3337 1126 in
3362 1071 3620 1142 praesenti

2043 1167 2266 1238 quinam
2292 1165 2368 1219 illi
2395 1174 2449 1220 et
2478 1165 2805 1236 quibusnam
2832 1164 3039 1221 similes
3066 1164 3178 1221 sint
3200 1164 3464 1229 declarat,
3496 1179 3622 1234 pue-

2043 1274 2136 1314 ros
2179 1257 2479 1328 appellans,
2512 1257 2641 1328 quia
2681 1256 2860 1327 quoad
2907 1256 3102 1312 animae
3139 1263 3354 1312 mtatem
3389 1256 3621 1325 juvenes

2043 1362 2098 1411 et
2130 1368 2322 1408 recens
2368 1350 2483 1404 nati
2524 1357 2694 1406 sunt:
2740 1348 2841 1404 hos
2873 1363 3092 1418 quoque
3148 1348 3216 1403 ad
3260 1347 3477 1404 laudem
3524 1347 3621 1404 Dei

2044 1452 2327 1518 provocat.
2373 1441 2484 1497 Pro
2525 1441 2640 1507 illo,
2691 1441 2869 1510 pueri,
2916 1440 3109 1510 Aquila
3141 1447 3196 1495 et
3235 1438 3618 1512 Symmachus,

2045 1539 2202 1603 servi,
2224 1536 2566 1605 interpretati
2597 1544 2726 1589 sunt
2755 1534 3002 1589 dicentes
3037 1548 3051 1584 :
3088 1531 3314 1603 Hymnis
3341 1532 3619 1593 celebrate.

2045 1631 2204 1690 servi.
2241 1627 2546 1691 Dominum,
2598 1626 2808 1697 hymnis
2857 1622 3114 1678 celebrate
3160 1638 3349 1677 nomen
3381 1621 3619 1677 Domini.

371 1720 606 1790 ὑμνεῖτε
632 1720 908 1791 τοῦνομα
948 1721 1187 1789 Κύριον.
1212 1721 1423 1776 Δούλων
1447 1721 1556 1795 γὰρ
1583 1722 1736 1776 οὐδὲν
1769 1723 1946 1795 διενη-

2051 1722 2207 1777 Pueri
2233 1734 2472 1790 namque
2497 1717 2634 1773 nihil
2667 1733 2696 1771 a
2716 1715 2905 1775 servis
2932 1713 3212 1778 dill’erunt,
3242 1722 3430 1784 utpote
3458 1714 3621 1769 timo-

371 1827 586 1882 νοχασιν
617 1813 669 1866 οἱ
703 1813 910 1877 παῖδες,
945 1812 1095 1885 φόϐῳ
1137 1813 1380 1879 δουλείας
1414 1815 1761 1885 παιδαγωγού
1771 1833 1942 1888 μενοι.

375 1899 484 1969 Eli;
514 1903 583 1956 τὸ
617 1902 804 1972 ὄνομα
827 1903 1049 1971 Κυρίου
1075 1903 1498 1973 eelole
1520 1905 1640 1959 ἀπὸ
1666 1905 1774 1960 τοῦ
1812 1906 1946 1961 ’νῦν

371 1987 471 2042 καὶ
499 1987 611 2056 ἕως
642 1988 747 2044 τοῦ
772 1989 1008 2056 αἰῶνος.
1039 1991 1125 2054 Ὧς
1154 1991 1408 2060 ἀγνοοῦσι
1429 1995 1765 2057 τοῖς-παισὶν
1796 1997 1945 2060 ὅπως

371 2078 475 2151 χρὴ
515 2078 607 2133 τὸν
634 2078 837 2152 Κύριον
865 2080 1055 2150 ὑμνεῖν
1080 2080 1141 2134 τὸ
1171 2083 1506 2154 προφητικὸν
1535 2084 1760 2156 Πνεῦμα
1790 2086 1946 2158 δίκην

370 2169 719 2238 παιδαγωγοῦ
750 2170 844 2225 καὶ
872 2170 1191 2227 διδασκάλου
1221 2173 1319 2238 τὰς
1351 2173 1535 2244 φωνὰς
1573 2176 1743 2242 αὐτὰς
1769 2195 1948 2251 παρα-

369 2258 602 2314 δίδωσιν.
636 2259 782 2333 Εύχὴ
822 2260 880 2314 δὲ
911 2260 1051 2332 αῦτη
1087 2261 1236 2315 ἐστὶν
1263 2261 1402 2334 ὑπὲρ
1436 2262 1593 2334 ήμῶν
1619 2264 1798 2319 αὐτῶν
1839 2265 1947 2321 τῶν

371 2352 576 2408 παίδων
615 2353 1068 2425 ἀναπεμπομένη,
1093 2353 1170 2418 ὡς
1214 2352 1282 2407 ἂν
1315 2354 1567 2426 διαμείνῃ
1606 2355 1739 2430 ἡμῖν
1765 2354 1828 2410 τὸ
1854 2356 1947 2410 τοῦ

372 2445 576 2517 Κυρίου
605 2444 778 2516 ὄνομα
805 2447 884 2509 εἰς
909 2444 971 2498 τὸ
1000 2445 1266 2517 διηνεκὲς,
1300 2444 1375 2517 μὴ
1401 2444 1603 2516 φεῦγον
1636 2447 1805 2518 ἡμᾶς,
1833 2446 1947 2501 ἀλλ’

372 2536 786 2607 ἀναπαυόμενον
816 2535 894 2607 τῷ
926 2537 1178 2610 ἡμετέρῳ
1211 2534 1332 2608 βίῳ.

457 2627 590 2682 Ἀπὸ
619 2628 931 2683 ἀνατολῶν
954 2630 1132 2698 ἡλίου
1159 2629 1333 2700 μέχρι
1358 2629 1606 2700 δυσμῶν
1628 2632 1864 2687 αἰνετὸν
1881 2634 1949 2688 τὸ

374 2718 561 2790 ὄνομα
584 2721 828 2789 Κυρίου.
846 2721 1103 2790 ’Υψηλὸς
1137 2720 1235 2776 ἐπὶ
1263 2720 1460 2776 πάντα
1490 2722 1565 2777 τὰ
1593 2725 1737 2792 ἔθνη
1767 2729 1800 2779 ό
1829 2726 1947 2781 Κύ-

370 2827 520 2879 ριος,
558 2812 657 2866 ἐπὶ
690 2811 834 2879 τοὺς
864 2812 1158 2881 οὐρανοὺς
1188 2814 1228 2883 ἡ
1267 2813 1417 2880 δόξα
1444 2815 1651 2872 αὐτοῦ.
1684 2816 1796 2870 Καὶ
1821 2817 1949 2873 πότε

375 2902 562 2967 τέλους
594 2901 783 2973 ἔτυχεν
830 2903 860 2956 6
908 2903 1065 2974 λόγος
1109 2904 1225 2958 ἀλλ’
1256 2905 1290 2976 ἢ
1339 2906 1476 2977 μετὰ
1505 2907 1602 2979 τὴν
1631 2908 1952 2978 ἐπιφάνειαν

374 2993 469 3053 τοῦ
517 2999 768 3071 Σωτῆρος
816 3000 971 3072 ἡμῶν
1010 3002 1183 3074 Ἰησοῦ
1210 3001 1481 3074 Χριστοῦς
1515 3002 1629 3072 Πρὸ
1661 3002 1792 3073 γοῦν
1822 3003 1953 3057 ταύ-

2044 1830 2105 1871 re
2135 1812 2416 1870 servitutis
2436 1809 2692 1866 instituti.
2729 1807 2811 1863 Sit
2839 1823 3029 1861 nomen
3055 1804 3273 1860 Domini
3294 1803 3622 1859 benedictum

2043 1920 2109 1960 ea:
2136 1905 2233 1959 hoc
2262 1919 2399 1957 nunc
2417 1909 2469 1957 et
2492 1915 2653 1970 usque
2678 1899 2733 1952 in
2763 1896 3039 1951 sarculum.
3070 1892 3238 1960 Quasi
3260 1893 3447 1963 pueris
3469 1894 3624 1964 igno-

2045 1997 2317 2063 rantibus,
2373 1990 2654 2065 quomodo
2706 1989 2998 2045 Dominum
3056 1986 3281 2042 laudare
3333 1992 3622 2057 oporteat,

2047 2085 2399 2157 propheticus
2445 2081 2687 2153 Spiritus
2724 2079 2900 2134 instar
2930 2075 3208 2148 μεθέλεοεὶ
3236 2090 3301 2131 ac
3327 2082 3626 2145 praecepto-

2012 2177 2126 2237 .ris
2176 2191 2343 2232 voces
2385 2173 2573 2229 tradit.
2600 2170 2729 2227 Haec
2778 2186 2943 2242 porro
2981 2170 3161 2225 oratio
3199 2176 3284 2224 est
3324 2181 3424 2238 pro
3464 2164 3626 2221 nobis

2048 2266 2233 2338 pueris
2259 2264 2484 2329 emissa,
2517 2271 2576 2317 ut
2599 2277 2796 2317 nomen
2819 2260 3036 2315 Domini
3057 2266 3324 2330 perpetuo
3338 2257 3624 2315 nobiscum

2048 2364 2288 2421 maneat,
2332 2370 2436 2411 nos
2478 2353 2707 2410 minime
2752 2351 2995 2423 fugiens,
3029 2351 3127 2408 sed
3171 2352 3230 2406 in
3279 2352 3392 2408 vita
3436 2357 3627 2407 nostra

2048 2450 2469 2520 conquiescens.

2126 2620 2290 2678 Vens.
2321 2620 2377 2686 3,
2404 2619 2458 2675 4.
2492 2618 2536 2673 Α
2572 2619 2702 2673 solis
2732 2626 2854 2671 ortu
2877 2632 3041 2687 usque
3067 2615 3136 2670 ad
3157 2632 3402 2683 occasum
3435 2614 3627 2670 lauda—

2051 2715 2154 2770 bile
2174 2730 2363 2769 nomen
2387 2711 2623 2766 Domini.
2647 2709 2904 2766 Excelsus
2935 2724 3092 2777 super
3111 2713 3292 2764 omnes
3319 2715 3496 2779 gentes
3527 2707 3628 2763 Do-

2053 2809 2251 2873 minus,
2284 2822 2443 2876 super
2476 2804 2633 2860 cazlos
2677 2803 2850 2874 gloria
2891 2802 3029 2872 ejus.
3062 2801 3129 2856 Et
3159 2802 3510 2873 quandonam
3539 2801 3629 2858 hic

2053 2915 2236 2958 sermo
2282 2898 2445 2953 ﬁnem
2486 2897 2718 2966 accepit,
2753 2895 2861 2950 nisi
2889 2900 3015 2965 post
3040 2893 3335 2949 adventum
3367 2891 3629 2949 Servato~

2054 2992 2133 3047 ris
2160 2989 2333 3046 nostri
2361 2987 2492 3044 Jesu
2522 2986 2762 3042 Christi?
2785 2984 2918 3040 Nam
2967 2991 3099 3039 ante
3129 2984 3283 3039 illum
3316 2984 3373 3039 in
3401 2983 3516 3039 sola
3533 2981 3628 3038 Ju—

375 3107 476 3163 της
498 3092 557 3145 ὲν
580 3094 646 3163 τῇ
690 3092 921 3165 Ἰουδαίᾳ
946 3072 1082 3167 μόνη
1111 3072 1329 3163 ἐλέγετο
1366 3093 1606 3163 γνωστὸς
1631 3072 1769 3149 εἶναι
1797 3092 1947 3159 Θεὸς,

2055 3082 2170 3137 ἀπο
2204 3080 2353 3135 Deus
2393 3086 2558 3134 notus
2590 3092 2713 3132 esse
2755 3075 3064 3140 dicebatur,
3095 3085 3147 3131 et
3182 3075 3237 3129 in
3273 3076 3391 3131 solo
3430 3072 3631 3130 Israele

375 3186 469 3239 καὶ
495 3185 555 3238 ὲν
585 3186 731 3257 μόνῳ
774 3185 854 3257 τῷ
899 3187 1115 3260 Ἰσραὴλ
1165 3186 1308 3258 μέγα
1337 3186 1399 3239 τὸ
1425 3186 1594 3258 ὄνομα
1623 3186 1809 3251 αὑτοῦ,
1842 3185 1950 3241 τῶν

375 3276 482 3342 ἔξω
507 3278 608 3348 τῆς
643 3278 907 3344 Ἰουδαίας
942 3280 1110 3335 ὲθνῶν
1150 3280 1370 3352 δαίμοσι.
1402 3280 1952 3351 καταδεδουλωμένων

375 3367 474 3422 καὶ
514 3368 816 3440 πνεύμασιν
852 3369 1203 3442 ἀκαθάρτοις,
1233 3369 1329 3424 καὶ
1361 3371 1474 3433 τοῖς
1517 3369 1620 3440 τῆς
1665 3368 1950 3423 εἰδωλολα-

375 3459 561 3529 τρείας
605 3461 979 3533 ἀντεχομένοις
1029 3461 1123 3516 τοῦ
1167 3464 1428 3534 ὀνόματος
1450 3460 1547 3514 τοῦ
1579 3461 1785 3532 Κυρίου
1818 3461 1954 3532 μηδὲ

376 3553 457 3615 εἰς
480 3551 687 3606 ἔννοιαν
707 3554 1089 3624 ἧκοντος.”υτε
1108 3573 1171 3625 γε
1196 3555 1300 3627 μὴν
1315 3555 1599 3624 ἐπιφανεὶς
1618 3553 1780 3617 αὐτὸς
1798 3556 1828 3608 6
1847 3553 1954 3607 Κύ-

381 3660 495 3715 ριος
522 3645 680 3716 ήμῶν
711 3645 915 3717 Ἰησοῦς
939 3649 969 3700 6
993 3647 1224 3718 Χριστὸς
1250 3648 1375 3711 τοὺς
1401 3645 1566 3702 αὑτοῦ
1595 3644 1838 3718 μαθητὰς
1861 3644 1953 3698 ἐπὶ

380 3736 556 3790 πάντα
583 3735 919 3808 διεπέμψατο
962 3738 1031 3791 τὰ
1071 3737 1221 3811 ἔθνη,
1254 3737 1555 3810 τηνικαῦτα
1582 3736 1886 3809 πληροῦται
1925 3738 1954 3790 6

377 3824 468 3881 διὰ
511 3826 619 3881 τῶν
669 3829 1045 3902 προκειμένων
1092 3830 1284 3900 φωνῶν
1325 3832 1439 3895 τοῖς
1466 3830 1603 3883 πᾶσι
1631 3828 1956 3900 παραδοθεὶς

381 3913 569 3988 ὕμνος.
1489 3917 1495 3923 ’

458 4011 554 4076 Τίς
577 4010 657 4074 ὡς
683 4012 895 4080 Κύριος
917 4015 950 4068 ὀ
975 4012 1120 4078 Θεὸς
1145 4013 1314 4083 ἡμῶν
1335 4017 1367 4069 ό
1389 4014 1459 4070 ἐν
1478 4014 1740 4085 ὑψηλοῖς
1758 4029 1953 4069 κατοι-

383 4103 526 4170 κῶν,
552 4102 744 4157 καὶτὰ
769 4104 1015 4158 ταπεινὰ
1043 4106 1276 4176 ἐφορῶν
1301 4108 1372 4160 ἐν
1397 4107 1477 4174 τῷ
1498 4107 1731 4176 οὐρανῷ
1754 4107 1856 4161 καί
1885 4109 1956 4162 ἐν

382 4194 459 4262 τῇ
481 4192 594 4265 τῇ;
622 4193 941 4248 Διδάσκεται
972 4195 1030 4249 δὲ
1061 4196 1149 4250 διὰ
1179 4197 1385 4253 τούτων
1408 4201 1436 4252 6
1461 4198 1578 4262 νέος
1606 4198 1750 4263 λαὸς,
1787 4199 1864 4261 ὡς
1905 4199 1955 4251 εί

383 4287 477 4339 καὶ
509 4283 784 4355 ἀνελήφθη
813 4286 841 4337 6
862 4283 1065 4357 Κύριος
1098 4288 1278 4359 ήμῶν,
1306 4290 1403 4343 καὶ
1430 4288 1574 4344 ἔστιν
1603 4292 1661 4343 ὲν
1689 4290 1841 4362 δεξιᾷ
1861 4289 1953 4343 τοῦ

385 4375 617 4449 Πατρὸς,
644 4375 755 4430 ἀλλ’
785 4371 877 4430 οὗν
919 4379 1015 4432 καὶ
1055 4378 1196 4432 οῦτω
1250 4382 1463 4455 πλήρης
1503 4382 1618 4437 ἐστὶ
1644 4384 1792 4437 πᾶσα
1816 4385 1850 4455 ή
1880 4383 1952 4455 γῆ

383 4471 479 4526 καὶ
506 4468 768 4524 ἀπολαύει
792 4470 893 4541 τῆς
922 4471 1225 4544 ἐπισκοπῆς
1241 4472 1576 4550 αὐτοῦῙΑρα
1598 4478 1661 4531 ού
1684 4478 1832 4533 δοκεί
1861 4478 1956 4549 μέ-
1986 4467 2030 4521 D

382 4579 457 4635 γα
486 4561 626 4617 εἶναι
658 4562 718 4616 τὸ
744 4562 1070 4637 εἰρημένονς
1110 4565 1246 4618 Ἀλλ’
1279 4568 1404 4621 ὅταν
1432 4570 1691 4643 ἐννοήσῃς
1723 4570 1851 4642 περ)⁸
1875 4570 1954 4623 τί-

382 4670 473 4717 νος
497 4652 733 4725 εῐρηται,
752 4652 956 4724 σφόδρα
982 4653 1099 4706 ἐστὶ
1122 4654 1398 4720 καταδεές.
1433 4658 1558 4722 Πῶς
1581 4660 1685 4731 γὰρ
1711 4661 1768 4712 ὲν
1798 4658 1960 4730 οὐρα-

384 4746 494 4808 νοῖς
531 4746 774 4799 κατοικεῖ
803 4746 832 4797 ό
858 4744 950 4799 τὸν
985 4744 1213 4816 οὐρανὸν
1239 4749 1333 4801 καὶ
1370 4747 1468 4819 τὴν
1508 4751 1611 4821 γῆν
1658 4752 1902 4824 πληρῶν,
1930 4755 1961 4806 6

385 4834 659 4907 πανταχοῦ
691 4834 905 4907 παρὼν,
939 4838 968 4890 6
1012 4837 1216 4907 λέγων·
1256 4838 1399 4907 Θεὸς
1422 4841 1666 4911 ῥγγίζὶον
1694 4844 1829 4915 ἐγὼ,
1861 4846 1959 4901 καί

385 4930 457 4983 οὐ
482 4927 625 4993 Θεὸς
652 4927 975 4997 πόρῤωθεν,
1002 4931 1037 4983 ό
1069 4930 1378 5000 μετρήσας
1403 4932 1511 4986 τὸν
1534 4936 1792 5002 οὐρανὸν
1822 4954 1960 4992 σπι-

387 5018 543 5089 θαμῇ
569 5020 668 5074 καὶ
693 5021 807 5089 τὴν
819 5018 938 5090 τῆν
966 5021 1159 5090 «Sparsi,
1179 5026 1213 5078 ό
1233 5024 1501 5093 κατέχων
1514 5025 1621 5080 τὸν
1634 5029 1816 5096 γύρον
1844 5028 1954 5098 τῆς

388 5110 534 5180 τίη-α
575 5110 713 5164 Ἀλλ’
742 5111 930 5184 ἐπειδὴ
962 5112 1098 5186 πρὸς
1134 5114 1421 5179 Ἰουδαίους
1450 5110 1520 5187 ἦν
1546 5116 1694 5188 αὐτῷ
1726 5119 1755 5170 ὁ
1779 5118 1958 5187 λόγος’

388 5200 474 5254 διὰ
499 5199 657 5256 τοῦτο
680 5202 817 5265 τέως
839 5202 981 5258 οὕτω
1008 5204 1269 5278 κέχρηται
1295 5206 1374 5278 τῷ
1403 5206 1564 5281 λόγῳ,
1595 5210 1962 5278 συγκαταϐαί-

389 5308 493 5346 νων
524 5293 588 5363 τῇ
637 5293 910 5366 παχύτητι
939 5295 1119 5349 αὐτῶν
1141 5313 1155 5328 ο
1202 5292 1321 5352 εἶτα
1354 5300 1495 5354 κατὰ
1529 5302 1720 5374 μικρὸν
1741 5303 1957 5372 ἀνάγων

389 5382 566 5436 αὐτῶν
593 5384 692 5454 τὴν
709 5385 948 5441 διάνοιαν
970 5389 1065 5441 καὶ
1090 5387 1306 5460 πτερῶν
1331 5390 1430 5462 τὴν
1449 5391 1672 5463 γνώμην
1697 5394 1791 5446 καὶ
1821 5394 1957 5447 ἁνα-

389 5473 646 5540 6ι6άζων,
674 5475 859 5548 ήρέμα
882 5478 1078 5547 ἐπάγει
1107 5479 1166 5532 ὲν
1198 5478 1277 5550 τῷ
1303 5480 1516 5552 οὐρανῷ
1564 5483 1658 5536 καὶ
1681 5482 1741 5538 ἐν
1770 5486 1836 5555 τῇ
1862 5486 1956 5557 γῇ,

374 5564 629 5641 ,τουτέστι
680 5567 776 5621 καὶ
820 5567 934 5623 ἄνω
981 5570 1077 5624 καὶ
1119 5571 1287 5625 κάτω.
1316 5570 1484 5627 Τοῦτο
1511 5572 1567 5626 δὲ
1597 5570 1718 5629 εἷπε
1747 5576 1837 5632 διὰ
1862 5577 1959 5650 τὴν

462 5719 508 5753 ’⁸
540 5718 654 5778 Jer.
692 5737 760 5788 ι,
798 5723 892 5792 ll;
928 5724 1034 5782 lsa.
1069 5741 1171 5784 XL.
1196 5724 1301 5783 ~12.

2055 3189 2312 3245 magnum
2344 3186 2542 3227 nomen
2567 3170 2687 3241 ejus
2714 3178 2851 3233 erat,
2904 3168 3034 3223 dum
3076 3176 3266 3238 gentes
3312 3183 3433 3237 qua:
3474 3175 3630 3222 extra

2051 3262 2296 3320 Iudaeam
2319 3259 2849 3326 erant,daemonibus
2875 3266 2930 3312 et
2945 3258 3181 3328 impuris
3195 3258 3478 3328 spiritibus
3497 3257 3631 3313 sub-

2054 3355 2201 3419 ditae,
2246 3368 2311 3409 ac
2354 3352 2680 3407 idololatriae
2714 3349 2946 3405 addicta:
2987 3356 3173 3405 essent
3202 3368 3215 3403 :
3249 3365 3378 3403 cum
3428 3363 3630 3404 nomen

2054 3446 2272 3502 Domini
2300 3460 2371 3500 ne
2400 3443 2621 3514 quidem
2649 3445 2705 3496 in
2730 3451 2969 3497 mentem
2994 3441 3205 3508 veniret
3238 3441 3369 3500 illis.
3400 3439 3632 3507 Quando

2056 3548 2238 3595 autem
2270 3540 2389 3608 ipse
2436 3536 2700 3591 Dominus
2743 3543 2934 3591 noster
2975 3533 3139 3591 Jesus
3179 3534 3430 3589 Christus
3469 3531 3631 3588 adve-

2055 3633 2235 3699 niens,
2266 3630 2570 3701 discipulos
2608 3644 2739 3685 suos
2767 3629 2823 3683 in
2844 3642 3038 3684 omnes
3058 3636 3247 3698 gentes
3280 3626 3482 3691 emisit,
3503 3633 3633 3689 tunc

2055 3724 2314 3795 impletus
2342 3730 2429 3779 est
2467 3721 2701 3794 hymnus
2731 3734 2829 3791 per
2864 3720 2967 3776 has
3003 3734 3172 3775 voces
3208 3718 3486 3779 universis
3520 3726 3631 3772 tra-

2055 3816 2223 3872 ditus.

2127 4015 2295 4072 Vens.
2329 4016 2384 4078 5,
2410 4016 2463 4071 6.
2496 4014 2629 4081 Quis
2669 4014 2808 4069 sicut
2835 4011 3101 4067 Dominus
3155 4010 3299 4068 Deus
3340 4021 3520 4068 noster
3544 4012 3635 4083 qui

2056 4113 2110 4165 in
2124 4109 2249 4163 altis
2277 4106 2503 4173 habitat,
2521 4116 2569 4160 et
2588 4105 2816 4159 humilia
2840 4090 3052 4172 respicit
3068 4104 3124 4157 in
3156 4102 3285 4158 calo
3306 4114 3357 4157 et
3380 4104 3438 4157 in
3454 4103 3635 4159 terra?

2056 4204 2155 4258 His
2186 4203 2415 4258 docetur
2455 4214 2630 4255 novus
2677 4198 2942 4269 populus,
2982 4197 3201 4253 etiamsi
3241 4196 3506 4253 Dominus
3535 4209 3632 4249 no-

2059 4303 2172 4351 ster
2199 4299 2519 4363 assumptus
2561 4297 2670 4356 est,
2706 4297 2763 4345 et
2802 4289 2871 4344 ad
2902 4290 3183 4344 dexteram
3232 4287 3414 4345 Patris
3456 4289 3634 4359 sedet,

2058 4399 2301 4446 attamen
2324 4395 2493 4442 totam
2533 4392 2741 4440 terram
2774 4384 2989 4455 plenam
3013 4398 3139 4438 esse
3169 4390 3223 4438 et
3248 4382 3488 4453 gaudere
3515 4385 3635 4457 ejus

2060 4478 2421 4551 inspectione.
2468 4477 2668 4530 Annon
2705 4473 2838 4528 illud
2878 4487 3135 4543 magnum
3186 4488 3312 4528 esse
3353 4473 3635 4531 videatur!

2063 4569 2133 4622 At
2163 4568 2209 4623 si
2234 4566 2553 4622 consideres
2581 4565 2650 4620 de
2675 4578 2784 4635 quo
2811 4562 3019 4617 dictum
3050 4562 3144 4625 sit,
3179 4562 3284 4617 hoc
3311 4563 3474 4635 longe
3505 4565 3635 4623 infe~

2061 4662 2178 4716 rius
2210 4660 2304 4713 illo
2332 4660 2457 4714 erit.
2492 4657 2779 4724 Quomodo
2817 4654 2961 4712 enim
2998 4655 3056 4709 in
3094 4654 3252 4711 cmlis
3280 4655 3516 4722 habitat,
3540 4659 3636 4729 qui

2060 4754 2257 4808 cmlum
2274 4761 2329 4806 et
2352 4760 2549 4807 terram
2570 4750 2781 4821 implet,
2817 4749 2912 4819 qui
2942 4747 3148 4818 ubique
3167 4762 3409 4819 praesens
3441 4750 3579 4806 dicit
3618 4770 3634 4807 :

2061 4844 2202 4899 Deus
2244 4845 2667 4914 appropinquans
2706 4858 2799 4912 ego
2822 4857 2961 4906 sum,
3007 4849 3058 4894 et
3085 4857 3193 4895 non
3234 4839 3373 4895 Deus
3415 4842 3636 4911 procul:

2062 4937 2152 5009 qui
2196 4952 2404 4992 mensus
2453 4952 2570 4990 sum
2600 4934 2787 4989 caelum
2812 4937 3011 5003 palmo,
3038 4941 3088 4989 et
3114 4942 3309 4989 terram
3348 4935 3551 5005 pugillo
3567 4934 3635 5000 ’⁸,

2058 5032 2146 5100 qui
2198 5029 2434 5082 contineo
2472 5043 2657 5098 gyrum
2688 5025 2892 5081 terra?
2924 5023 3031 5081 Sed
3067 5024 3330 5095 quoniam
3385 5031 3518 5079 tunc
3555 5024 3634 5079 illi

2065 5136 2249 5178 sermo
2280 5136 2404 5176 cum
2426 5119 2632 5175 ludatis
2655 5128 2810 5187 erat;
2839 5117 2965 5173 ideo
2987 5116 3222 5174 fortasse
3249 5117 3353 5173 hoc
3381 5113 3634 5184 loquendi

2066 5212 2230 5267 modo
2256 5218 2342 5266 est
2380 5225 2537 5272 usus,
2572 5224 2761 5265 eorum
2806 5223 2929 5265 sese
2969 5208 3325 5265 crassitudini
3373 5212 3633 5274 attempe-

2063 5317 2232 5357 rans:
2276 5317 2340 5355 ac
2368 5300 2565 5357 deinde
2606 5302 2870 5372 paulatim
2916 5316 3109 5357 eorum
3155 5306 3388 5354 mentem
3420 5296 3632 5368 erigens

2063 5403 2118 5452 et
2144 5395 2423 5461 attollens,
2451 5395 2508 5449 in
2541 5394 2742 5450 calum
2774 5402 2828 5449 et
2855 5395 2911 5449 in
2947 5402 3146 5449 terram
3177 5387 3421 5453 adducit,
3452 5388 3508 5443 id
3549 5398 3631 5445 est

2063 5502 2285 5543 sursum
2314 5496 2369 5543 et
2396 5487 2676 5543 deorsum.
2718 5483 2775 5541 ld
2808 5499 2939 5541 vero
2973 5485 3050 5539 ait
3074 5482 3147 5537 ob
3189 5479 3502 5536 Iudaeorum
3523 5479 3629 5551 lim.

2063 5578 2434 5647 becillitatem,
2462 5579 2556 5650 qui
2601 5578 2764 5635 idolis
2793 5575 2964 5633 dediti
2995 5578 3175 5641 erant,
3195 5580 3252 5629 et
3276 5572 3409 5630 deos
3443 5570 3630 5628 adora.
