4044 6212
505 285 636 344 issi
657 341 684 378 ε.

1162 278 1431 338 EUSEBII
1467 277 1951 338 CESARIENSIS
1985 277 2138 336 OPP.
2171 277 2354 336 PARS
2391 278 2478 336 lli.
2517 309 2590 346 -έ
2616 275 3026 335 EXEGETICA.

3625 277 3784 333 1552

505 408 637 464 bant
681 406 736 461 in
769 405 906 461 locis
931 417 996 459 ac
1039 401 1263 473 templis
1302 400 1572 456 inclusos.
1602 399 1742 456 Cum
1772 400 1852 454 ait
1889 399 2078 471 igitur,

2182 397 2464 454 ἀσθένειαν
2493 396 2594 470 τὴν
2635 394 2951 468 Ἰουδαῖκὴν,
2973 395 3073 467 τήν
3095 393 3236 466 πρὸς
3256 393 3326 449 τὰ
3347 394 3542 450 ε’ῐδωλα
3564 397 3781 468 ἐπτοη-

504 497 558 551 in
587 498 717 552 caelo
747 507 796 550 et
837 495 891 548 in
934 505 1103 561 terra,
1154 507 1348 548 ansam
1387 493 1593 563 prabet
1635 489 1912 562 cogitandi
1953 504 2078 544 eum

504 589 706 659 ubique
740 595 904 658 atque
932 587 1018 642 hic
1050 591 1107 642 et
1139 585 1251 639 illic
1282 600 1426 648 esse,
1466 593 1522 640 et
1547 583 1734 637 omnia
1760 579 2077 652 pervadere.

503 678 620 734 Non
660 678 806 734 enim
845 685 903 732 ut
941 675 1215 747 quispiam
1258 675 1313 730 in
1353 677 1496 730 caalo
1527 673 1852 738 conclusus,
1887 671 2083 743 procul

503 779 718 836 terrena
757 769 1063 840 conspicit;
1097 768 1193 824 sed
1231 767 1433 838 ubique
1480 780 1743 836 praesens,
1781 765 2084 834 incompre-

503 863 733 928 hensus,
758 860 1295 930 incircumscriptus,
1332 859 1696 929 omnibusque
1736 864 1946 911 astans.
1988 853 2082 908 γε..

502 955 624 1010 den’
652 970 762 1026 quo
809 962 967 1026 pacto
1002 953 1260 1023 paulatim
1287 951 1600 1006 auditorum
1633 959 1871 1004 mentem
1894 947 2081 1005 suble-

502 1048 621 1103 vet?
657 1047 775 1103 Non
812 1047 957 1102 enim
990 1046 1113 1101 ideo
1171 1046 1490 1114 interrogat,
1538 1049 1596 1096 ut
1639 1042 1763 1112 quis
1801 1039 1869 1095 de
1910 1040 2082 1109 gloria

500 1141 596 1198 Dei
623 1141 788 1212 digna
834 1142 1112 1212 loquatur,
1153 1139 1249 1194 sed
1300 1153 1399 1208 pro
1448 1144 1612 1208 captu
1664 1134 1968 1189 hominum.
2017 1132 2083 1187 Et

498 1235 628 1290 alibi
659 1251 877 1306 quoque
905 1234 1104 1289 caelum
1136 1231 1339 1286 dicitur
1369 1245 1494 1286 esse
1536 1230 1769 1284 thronus
1799 1227 1916 1291 Dei,
1952 1227 2080 1296 quia

499 1329 751 1385 cmlestes
778 1329 1010 1384 virtutes
1036 1327 1160 1383 istic
1182 1325 1276 1381 Det
1295 1323 1524 1396 gloriam
1554 1322 1783 1375 ﬁrmiter
1809 1319 2078 1378 obtinent;

421 1458 424 1462 ι
500 1429 645 1478 terra
679 1436 811 1476 vero
839 1421 1160 1485 scabellum,
1193 1419 1321 1490 quia
1351 1417 1599 1471 homines
1629 1414 1683 1468 in
1714 1422 1860 1470 terra
1886 1420 2074 1467 extre-

495 1528 586 1568 ma
627 1514 936 1569 divinorum
980 1513 1066 1567 vix
1101 1528 1300 1582 capere
1332 1511 1537 1566 valent.
1583 1507 1686 1563 Hic
1735 1521 1865 1563 vero
1909 1504 2080 1559 David

498 1613 786 1676 postquam
829 1604 1135 1658 auditorem
1167 1605 1233 1657 de
1279 1610 1425 1657 terra
1472 1601 1664 1663 erexit,
1703 1598 1770 1652 ad
1813 1596 1962 1652 aliud
1983 1595 2079 1652 Dei

498 1699 713 1754 virtutis
741 1705 1121 1768 argumentum
1153 1695 1494 1766 progreditur
1524 1693 1714 1748 dicens
1744 1706 1758 1742 :

2187 491 2378 563 μένην,
2408 491 2503 544 καὶ
2545 489 2700 554 θεοὺς
2731 487 3144 562 προσκυνοῦσαν
3179 487 3307 552 τοὺς
3346 489 3405 542 ὲν
3450 489 3642 554 τόποις
3670 491 3781 544 καὶ

2182 585 2329 646 ναοῖς
2356 580 2899 652 συγκεκλεισμένους.
2936 577 3124 633 Εἰπὼν
3150 577 3305 649 γοῦν,
3335 580 3404 635 ἐν
3428 579 3509 647 τῷ
3531 581 3778 652 οὐρανῷ

2182 673 2284 728 καὶ
2321 674 2390 728 ἐν
2412 671 2488 742 τῇ
2516 669 2614 744 τῇ,
2642 671 2825 725 δίδωσι
2867 672 3027 735 νοεῖν,
3056 670 3143 724 ὅτι
3184 672 3460 743 πανταχοῦ
3499 675 3643 738 ἔστι,
3670 675 3779 729 κὰ-

2181 768 2270 820 κεῖ
2294 765 2389 819 καὶ
2420 762 2676 826 ἐνταῦθα,
2705 763 2798 816 καὶ
2820 761 2910 816 διὰ
2938 761 3160 816 πάντων
3188 763 3333 834 ἥκει.
3367 765 3442 818 Οὐ
3467 765 3578 838 γὰρ
3599 763 3678 830 ὡς
3701 767 3778 823 ἄν

2181 876 2266 923 τις
2293 859 2350 912 ὲν
2393 854 2608 928 οὐρανῷ
2648 854 3136 926 συγκεκλεισμένος
3167 855 3448 928 πόρρωθεν
3481 856 3672 928 βλέπει
3697 876 3776 912 τα

2180 953 2238 1006 ὲν
2255 953 2322 1022 τῇ
2353 953 2447 1022 γῇ,
2470 947 2604 1002 ἀλλὰ
2635 946 2909 1018 πανταχοῦ
2932 947 3123 1017 παρὼν
3145 948 3240 1002 καὶ
3265 947 3548 1020 ἀχώρητος
3575 949 3653 1004 ὣν
3672 953 3779 1005 καὶ

2180 1045 2590 1118 ἀπερίγραπτος
2637 1041 2736 1097 καὶ
2781 1043 2917 1096 πᾶσι
2962 1042 3404 1114 περιιστάμενος.
3451 1039 3601 1108 Εἶδες
3647 1045 3775 1111 πῶς

2180 1137 2322 1192 κατὰ
2349 1137 2543 1210 μικρὸν
2573 1139 2766 1208 πτεροῖ
2791 1137 2890 1208 τὴν
2917 1136 3156 1190 διάνοιαν
3189 1137 3298 1190 τῶν
3320 1137 3658 1204 ἀκουόντων;
3688 1140 3772 1192 Οὐ

2178 1230 2287 1302 γὰρ
2313 1229 2468 1301 ζητεί
2489 1231 2637 1292 ὅπως
2661 1229 2727 1284 ἄν
2748 1247 2834 1294 τις
2856 1233 2956 1302 τῆς
2981 1230 3140 1302 δόξης
3165 1230 3310 1283 εἴποι
3337 1229 3433 1284 τοῦ
3462 1231 3595 1285 Θεοῦ
3624 1231 3777 1298 τέως

2177 1320 2421 1388 ἐπάξιον,
2457 1321 2569 1375 ἀλλ’
2591 1322 2738 1384 ὅπως
2761 1321 2988 1384 ἐκείνοις
3014 1320 3277 1392 χωρητόν.
3311 1322 3422 1375 Καὶ
3451 1321 3681 1392 ἀλλαχοῦ
3702 1321 3772 1377 δὲ

2179 1412 2365 1485 θρόνος
2407 1411 2542 1466 Θεοῦ
2590 1412 2808 1482 λέγεται
2840 1413 2870 1465 6
2901 1411 3128 1482 οὐρανὸς
3160 1411 3354 1483 ὲκετοῦ
3378 1411 3474 1476 τὰς
3502 1412 3774 1484 οὐρανίας

2177 1505 2434 1576 δυνάμεις
2463 1503 2672 1573 παγίως
2718 1506 2776 1558 ὲν
2822 1505 3012 1568 αὐταῖς
3039 1503 3138 1576 τὴν
3182 1503 3278 1556 τοῦ
3309 1503 3444 1557 Θεοῦ
3487 1504 3643 1572 δόξαν
3675 1507 3772 1561 ὲν·-

2183 1596 2470 1669 ιδρυμένην
2503 1597 2646 1667 ἔχειν
2664 1611 2676 1624 ο
2714 1596 2810 1649 καὶ
2835 1597 2870 1667 ἡ
2901 1595 2974 1667 γῆ
3009 1595 3319 1659 ὑποπόδιον,
3345 1594 3435 1650 διὰ
3459 1595 3520 1649 τὸ
3541 1596 3638 1649 ἐπὶ
3657 1594 3773 1668 γῆς

2177 1687 2306 1750 τοὺς
2335 1685 2656 1758 ἀνθρώπους
2704 1683 2773 1738 τὰ
2823 1684 3107 1739 τελευταῖα
3139 1685 3247 1740 τῶν
3279 1687 3407 1758 περὶ
3430 1685 3566 1741 Θεοῦ
3610 1685 3774 1759 μόλις

496 1792 741 1864 χωρῆσαι
785 1790 1062 1846 δύνασθαι.
1119 1787 1382 1843 Ἐνταῦθα
1425 1787 1482 1841 δὲ
1515 1787 1827 1858 ἀναστήσας
1871 1783 1978 1837 ἀπὸ
2019 1782 2119 1854 τῆς
2152 1780 2257 1853 γῆς
2305 1780 2398 1836 τὸν
2450 1779 2724 1854 ἀκροατὴν
2767 1783 2798 1835 6
2841 1780 3023 1850 Aau'l5,
3084 1782 3169 1852 ἐφ’
3195 1783 3380 1856 ἕτερον
3410 1783 3635 1857 ἔρχεται
3667 1783 3775 1856 τῆς

495 1885 775 1956 δυνάμεως
803 1885 896 1939 τοῦ
928 1884 1063 1938 Θεοῦ
1092 1883 1290 1954 δεῖγμα
1321 1881 1494 1951 λέγων
1514 1899 1528 1912 ·

565 1996 732 2053 Vens.
779 1997 893 2052 7-9.
927 1996 1208 2052 Suscitans
1257 1998 1320 2050 de
1353 2006 1496 2050 terra
1535 1996 1743 2064 inopem
1771 2003 1820 2048 et
1851 1991 1916 2047 de
1938 2001 2077 2047 ster-
2109 2011 2151 2067 Β

495 2103 614 2142 rore
640 2088 844 2158 erigens
883 2102 1195 2155 pauperem,
1222 2096 1278 2140 ut
1313 2086 1530 2140 collucet
1569 2101 1688 2140 eum
1725 2100 1845 2138 cum
1874 2083 2076 2152 princi-

2262 1988 2316 2043 Ὀ
2362 1988 2608 2059 ἐγείρων
2645 1985 2764 2042 ἀπὸ
2801 1984 2915 2057 γῆς
2945 1985 3205 2056 πτωχὸν,
3235 1988 3335 2042 καὶ
3360 1990 3479 2046 ἀπὸ
3512 1996 3773 2064 weeping

2177 2080 2429 2151 cier
2443 2078 2802 2148 πένητα,τοῦ
2816 2079 3056 2133 καθίσαι
3070 2079 3260 2134 αὐτὸν
3261 2081 3414 2150 μετὰ
3432 2084 3762 2154 ἀρχόντων,

495 2179 668 2248 pibus,
695 2195 811 2232 cum
842 2179 1169 2248 principibus
1192 2179 1374 2248 populi
1408 2179 1532 2242 sui;
1561 2178 1652 2249 qui
1678 2175 1921 2231 habitare
1945 2176 2080 2246 facit

2174 2169 2324 2242 μετά
2359 2169 2668 2240 ἀρχόντων
2703 2166 2858 2222 λαοῦ
2899 2167 3086 2223 αὐτοῦ
3111 2184 3125 2198 ·
3165 2172 3199 2224 ό
3241 2171 3588 2233 κατοικίζων
3602 2178 3764 2229 στεί-

495 2271 726 2326 sterilem
754 2273 810 2326 in
835 2271 1013 2332 domo.
1039 2282 1262 2326 matrem
1300 2271 1366 2327 de
1410 2273 1540 2342 ﬁliis
1569 2273 1860 2327 (astantem.
1889 2271 2078 2327 Virtu-

495 2371 604 2419 tem
636 2363 733 2420 Dei
769 2379 868 2435 pro
908 2364 1190 2420 voluntate
1218 2379 1316 2420 sua
1344 2365 1602 2436 quaelibet
1645 2371 2073 2420 commutantem

495 2455 756 2512 celebrat.
789 2455 910 2510 Non
950 2456 1129 2511 solum
1160 2455 1329 2520 enim,
1365 2457 1563 2528 inquit,
1607 2470 1904 2527 pauperem
1934 2456 2077 2512 divi-

493 2544 586 2601 tiis
604 2553 658 2601 et
686 2545 858 2617 gloria
893 2544 1091 2610 allicit,
1122 2545 1216 2602 sed
1246 2545 1410 2600 etiam
1443 2561 1570 2600 cum
1606 2545 1947 2617 principibus
1977 2561 2077 2617 po-

493 2637 606 2710 puli
637 2637 891 2701 collocat,
923 2646 977 2694 et
1005 2636 1073 2691 ad
1097 2636 1388 2708 imperium
1419 2637 1622 2693 evehit.
1647 2638 1849 2710 Magnae
1870 2639 2075 2710 quippe

493 2736 548 2786 et
585 2730 969 2786 inenarrabilis
1026 2729 1248 2786 virtutis
1293 2737 1377 2785 est
1414 2745 1578 2801 parva
1620 2730 1850 2802 erigere.
1888 2730 2076 2786 Potest

491 2821 621 2877 item
649 2820 740 2877 hic
765 2837 959 2878 versus
987 2821 1056 2877 de
1085 2823 1287 2892 populo
1317 2839 1382 2877 ex
1412 2823 1665 2893 gentibus
1687 2823 1794 2877 dici
1825 2843 1838 2877 :
1870 2823 1938 2878 de
1963 2837 2073 2894 quo

493 2906 568 2961 ait
607 2908 870 2979 propheta
917 2928 932 2964 :
972 2908 1043 2962 Et
1091 2921 1365 2980 propterea
1407 2911 1672 2966 benedicet
1714 2911 1809 2965 tibi
1845 2914 2071 2983 populus

493 3013 708 3068 pauper,
739 3009 789 3054 et
816 3000 1055 3055 civitates
1083 3001 1354 3056 hominum
1395 3003 1601 3073 injuria
1639 3004 1954 3074 a/fectorum
1984 3006 2072 3061 be—

493 3089 730 3146 nedicent
763 3093 880 3149 tibi.
916 3093 1094 3148 Fuisti
1127 3095 1267 3148 enim
1300 3097 1444 3150 omni
1490 3097 1696 3151 civitati
1751 3097 1943 3151 humili
1971 3097 2065 3152 atl-

493 3179 656 3248 ὅσιον,
703 3190 753 3238 et
784 3184 850 3238 iis
877 3186 969 3255 qui
1013 3186 1194 3240 animo
1236 3186 1552 3257 deﬁciebant
1587 3198 1801 3259 propter
1833 3189 2071 3259 indigen-

493 3275 644 3340 tiam,
695 3283 1046 3347 tegumentum
1088 3293 1108 3332 :
1161 3278 1226 3332 ab
1263 3279 1564 3335 hominibus
1621 3279 1868 3352 malignis
1919 3296 2068 3336 erues

2170 2282 2290 2334 ραν
2311 2266 2382 2320 ἐν
2413 2265 2575 2330 οῑκφ,
2596 2260 2824 2333 μητέρα
2863 2261 2961 2315 ἐπὶ
2999 2261 3230 2330 τέκνοις
3265 2264 3762 2340 εὐφραινομέμην.

2189 2357 2382 2430 ’Υμνεῖ
2408 2355 2508 2428 τὴν
2548 2354 2778 2428 δύναμιν
2829 2352 2924 2410 τοῦ
2971 2353 3128 2419 Θεοῦ,
3160 2354 3359 2427 ῥᾳδίως
3402 2359 3765 2430 μεταϐάλλου-

2177 2467 2277 2504 σαν
2301 2448 2339 2504 ἃ
2371 2447 2639 2520 βούλεται.
2674 2448 2751 2501 Οὐ
2801 2447 2961 2518 μόνον
3011 2446 3142 2520 γὰρ,
3177 2449 3330 2518 φησὶ,
3360 2449 3632 2516 πλουτίζει
3668 2453 3768 2510 τὸν

2177 2542 2384 2612 πένητα
2405 2539 2500 2593 καὶ
2526 2538 2757 2606 δοξάζει,
2796 2537 2933 2591 ἀλλὰ
2964 2539 3058 2592 καὶ
3091 2539 3203 2603 τοῖς
3235 2539 3464 2611 ἄρχουσι
3497 2544 3596 2598 τοῦ
3628 2545 3767 2602 λαοῦ

2177 2629 2591 2701 συγκαθίστησι,
2624 2629 2719 2682 καὶ
2761 2629 2842 2692 είς
2887 2627 3061 2700 ἀρχὴν
3102 2629 3314 2698 ἀνάγει.
3362 2633 3627 2705 Μεγάλης
3657 2637 3770 2709 γὰρ

2173 2725 2454 2797 δυνάμεως
2483 2723 2579 2779 καὶ
2608 2723 2820 2794 ἀφάτου
2849 2723 2910 2778 ηδ
2932 2723 3001 2777 τὰ
3033 2724 3206 2798 μικρὰ
3233 2726 3500 2798 ἐπαίρειν.
3529 2730 3768 2786 Δύναται

2172 2817 2230 2872 δὲ
2271 2818 2300 2871 6
2334 2817 2517 2889 στίχος
2549 2816 2644 2871 καὶ⁵
2674 2816 2803 2889 περὶ
2833 2815 2927 2869 τοῦ
2958 2816 3067 2869 ἀπὸ
3109 2815 3218 2870 τῶν
3247 2817 3418 2872 ἐθνῶν
3443 2818 3573 2874 λαοῦ
3604 2821 3766 2893 λέγειν

2173 2910 2320 2976 σθαι,
2336 2911 2465 2982 περὶ
2483 2903 2543 2965 οῦ
2564 2926 2729 2980 φησιν
2749 2910 2776 2962 6
2796 2910 3084 2980 προφήτης
3102 2925 3116 2940 ·
3140 2909 3253 2964 Kal
3272 2909 3369 2964 διὰ
3386 2912 3566 2967 τοῦτο
3589 2917 3751 2978 sui)

2173 3003 2348 3076 γήσει
2379 3020 2454 3058 σε
2477 3006 2511 3058 ό
2541 3007 2692 3070 λαὸς
2727 3005 2760 3056 ό
2784 3003 3040 3072 πτωχὸς,
3067 3003 3167 3056 καὶ
3203 3005 3415 3072 πόλεις
3438 3007 3766 3077 ἀνθράκων

2171 3096 2580 3166 ἀδικουμένων
2620 3091 3034 3164 δνὺλογήσουσί
3057 3110 3151 3150 σε.
3183 3095 3422 3164 Ἐγένου
3447 3098 3562 3167 γὰρ
3592 3099 3766 3169 πάσῃ

2172 3192 2346 3245 πόλει
2367 3186 2621 3256 ταπεινῇ
2640 3185 2891 3255 βοηθὸς,
2917 3185 3162 3253 καὶτοῖς
3194 3187 3546 3258 ἀθυμήσασι
3565 3192 3644 3246 δι’
3669 3193 3769 3248 ἐν-

2172 3281 2340 3336 δειαν
2354 3281 2575 3350 σκέπη·
2588 3279 2706 3334 ἀπὸ
2721 3279 3047 3348 ἀνθρώπων
3057 3280 3336 3348 πονηρῶν
3336 3284 3503 3354 ρὐῃ
3517 3287 3760 3355 αὐτούς’

492 3381 576 3420 eos
607 3380 626 3419 :
671 3374 1023 3437 tegumentum
1063 3368 1375 3436 sitientium,
1425 3381 1476 3426 et
1523 3372 1740 3440 spiritus
1793 3371 2065 3426 hominum

2174 3371 2368 3439 σκέπη
2397 3371 2728 3441 διψώντων,
2741 3370 2840 3425 καὶ
2855 3370 3090 3442 πνεῦμα
3106 3372 3434 3441 ἀνθρώπων
3454 3377 3761 3449 ἀδικοτψέ.

492 3458 692 3526 injuria
740 3459 1050 3530 effectarum
1065 3461 1131 3515 ".
1180 3461 1337 3519 Hunc
1383 3464 1530 3520 enim
1563 3480 1855 3537 pauperem
1886 3475 1937 3521 et
1972 3482 2074 3538 po-

491 3551 677 3622 pulum
706 3569 936 3625 egenum
967 3570 998 3610 a
1043 3555 1245 3611 vilibus
1292 3557 1479 3626 rebus,
1513 3573 1543 3612 a
1572 3558 1843 3616 dedecore
1874 3561 2072 3615 turbu-

491 3644 761 3700 lentorum
804 3646 976 3700 animi
1019 3655 1290 3710 motuum,
1334 3657 1390 3704 et
1423 3664 1455 3704 a
1497 3659 1744 3707 stercore
1782 3651 2075 3723 gentilitia-

491 3753 609 3794 rum
632 3737 1098 3794 abominationum
1120 3741 1360 3813 erigens,
1381 3741 1572 3798 sedere
1590 3743 1751 3802 faciet
1777 3761 1902 3800 cum
1922 3744 2074 3812 priu-

490 3830 704 3901 c-pibus
733 3831 974 3896 lsraelis,
1007 3833 1102 3902 qui
1154 3834 1391 3904 populus
1419 3835 1540 3905 ejus
1581 3843 1686 3891 est.
1722 3835 1858 3891 Sunt
1889 3842 2072 3890 autem

490 3921 725 3990 apostoli
781 3923 1064 3995 principes
1111 3924 1195 3978 vel
1240 3926 1565 3996 patriarchae
1616 3925 1900 3982 Hebraicae
1941 3941 2074 3997 gen-

491 4013 562 4068 tis
599 4027 615 4064 :
648 4014 977 4083 quibuscum
1025 4015 1355 4072 habitabunt
1397 4025 1666 4088 quotquot
1709 4034 1776 4072 ex
1817 4018 2071 4089 gentibus

490 4103 875 4160 crediderunt.
932 4104 1286 4178 idipsumque
1345 4108 1481 4164 dicit
1530 4099 1795 4166 Dominus
1851 4128 1865 4163 :
1911 4108 2072 4163 Multi

491 4199 690 4255 venient
725 4199 792 4254 ab
847 4201 1047 4254 oriente
1085 4210 1137 4256 et
1170 4200 1462 4268 occidente,
1507 4211 1558 4257 et
1611 4201 1912 4257 recumbent
1951 4219 2071 4256 cum

367 4349 372 4353 _
489 4293 779 4358 Abraham,
819 4292 981 4348 Isaac
1025 4305 1076 4348 et
1113 4293 1281 4349 Jacob
1325 4296 1381 4350 in
1422 4312 1582 4367 regno
1621 4296 1872 4350 cozlorum
1897 4296 1936 4348 ³.
1975 4295 2072 4353 Est

488 4387 670 4458 itaque
721 4403 904 4443 sermo
947 4388 1037 4444 ille
1067 4388 1415 4446 universalis.
1463 4387 1620 4456 Quod
1667 4389 1713 4446 si
1746 4388 1870 4458 quis
1913 4389 2069 4444 illum

487 4480 787 4552 anagogico
835 4496 987 4538 more
1024 4484 1277 4553 excipere
1301 4482 1452 4549 velit,
1484 4482 1532 4538 is
1565 4480 1936 4552 deprehendet
1965 4481 2069 4536 hoc

488 4572 666 4644 ipsum
697 4573 753 4628 in
793 4573 1030 4629 adventu
1059 4573 1266 4630 Christi
1318 4573 1524 4629 iactum
1555 4589 1699 4631 esse.
1749 4572 1893 4640 Quid
1919 4573 2068 4629 enim

2172 3481 2314 3519 νων.
2329 3463 2529 3516 Τοῦτον
2542 3462 2650 3535 γὰρ
2670 3462 2762 3517 τὸν
2783 3463 2998 3534 πτωχὸν
3021 3463 3116 3518 καὶ
3138 3466 3343 3536 πένητα
3356 3466 3503 3532 λαὸν,
3523 3469 3631 3524 ἀπὸ
3649 3472 3763 3526 τῶν

2173 3552 2527 3628 χαμαιζήλων
2547 3555 2889 3627 πραγμάτων
2913 3555 3154 3626 ἐγείρας,
3173 3557 3269 3610 καὶ
3287 3558 3390 3629 τῆς
3403 3561 3625 3631 ἀτιμίας
3646 3561 3758 3616 τῶν

2175 3647 2363 3703 παθῶν
2383 3649 2594 3720 καὶτῆς
2620 3649 2854 3722 κοπρίας
2875 3649 2984 3704 τῶν
3008 3649 3336 3721 Ἑλληνικῶν
3361 3653 3746 3723 μυσαγμάτων,

2173 3740 2386 3794 καθίσει
2419 3739 2557 3812 μετὰ
2599 3739 2708 3795 τῶν
2754 3741 3032 3811 ἀρχόντων
3056 3741 3151 3794 τοῦ
3181 3743 3410 3814 Ἰσραὴλ,
3437 3744 3586 3806 ὄντος
3613 3742 3750 3799 λαοῦ

2171 3830 2356 3884 αὐτοῦ.
2385 3831 2506 3883 Εἰσὶ
2555 3830 2613 3884 δὲ
2657 3832 2705 3884 οἱ
2738 3831 3025 3885 ἀπόστολοι
3069 3833 3329 3905 ἄρχοντες
3359 3835 3445 3888 τοῦ
3479 3835 3756 3908 Ἑϐραίων

2171 3921 2322 3987 λαοῦ,
2356 3924 2390 3993 ἢ
2425 3923 2520 3976 καὶ
2549 3924 2598 3976 οἱ
2646 3922 3002 3995 πατριάρχαι,
3042 3924 3161 3995 μεθ’
3193 3919 3270 3978 ὧν
3309 3926 3759 3999 κατασκηνώσου-

2173 4031 2258 4067 σιν
2283 4016 2333 4068 οἱ
2358 4013 2418 4079 ἐξ
2442 4013 2611 4070 ἐθνῶν
2645 4017 3054 4079 πιστεύσαντες.
3090 4017 3199 4071 Καὶ
3219 4017 3378 4071 τοῦτό
3407 4037 3572 4092 φησιν
3593 4022 3624 4074 6
3642 4023 3758 4076 Κῦ-

2173 4123 2290 4179 ριος
2309 4122 2326 4138 ο
2349 4107 2576 4162 Πολλοί
2606 4107 2866 4176 ἥξουσιν
2885 4107 3005 4162 ἀπὸ
3026 4109 3341 4164 ἀνατολῶν
3359 4113 3460 4165 καί
3486 4114 3760 4184 δυσμῶν,

2171 4197 2272 4252 καί
2329 4197 2838 4265 ἀνακλιθήσονται
2885 4199 3037 4270 μετὰ
3074 4201 3340 4270 Ἀϐραὰμ,
3388 4201 3492 4256 καὶ
3528 4204 3754 4268 Ἰσαὰκ,

2171 4289 2270 4343 καί
2354 4288 2555 4344 Ἰακὼϐ
2623 4290 2694 4344 ἐν
2765 4288 2842 4359 τῇ
2911 4291 3201 4360 βασιλείᾳ
3273 4291 3396 4348 τῶν
3461 4295 3753 4364 οὐρανῶν.

2173 4382 2331 4436 Ἔστι
2363 4383 2460 4454 μὲν
2491 4377 2584 4436 οῦν
2611 4384 2641 4436 6
2664 4381 2820 4451 λόγος
2845 4383 3151 4448 καθολικός.
3190 4385 3254 4438 Εἰ
3281 4385 3339 4438 δέ
3369 4402 3454 4472 τις
3489 4387 3584 4440 καὶ⁸
3613 4390 3756 4444 κατὰ

2169 4475 2460 4546 ἀναγωγὴν
2502 4475 2662 4530 αὐτὸν
2711 4475 3020 4548 βουληθείη,
3047 4476 3238 4547 ὄψεται
3268 4477 3431 4532 τοῦτο
3470 4479 3634 4533 πάλιν
3662 4481 3755 4535 ἐπὶ

2165 4568 2267 4639 τῆς
2303 4567 2606 4639 παρουσίας
2656 4565 2750 4621 τοῦ
2793 4568 3030 4639 Χριστοῦ
3076 4567 3383 4640 γενόμενον·
3418 4570 3490 4650 Τί,
3518 4572 3628 4644 γὰρ
3653 4572 3754 4642 τῆς

487 4675 684 4723 natura
734 4675 924 4724 nostra
971 4669 1258 4739 egentius?
1291 4667 1551 4722 Attamen
1605 4667 1753 4722 illam
1807 4666 2068 4722 excitavit

2174 4659 2444 4732 ἡμετέρας
2493 4659 2707 4730 φύσεως
2759 4659 3133 4733 πτωχότερον;
3189 4663 3330 4716 Ἀλλ’
3375 4665 3529 4734 ὅμως
3585 4657 3764 4739 αὐτὴνξ

485 4759 865 4830 primitiasque
909 4715 1130 4816 nosiras
1177 4760 1394 4824 extulit,
1436 4767 1601 4830 atque
1631 4759 1689 4815 in
1734 4757 2065 4815 altissimum

2174 4715 2360 4823 ἤγειρε
2387 4715 2482 4804 καὶ
2505 4715 2758 4823 ’ἀνήγαγε
2785 4715 3170 4824 τὴνῦἁπαρχήν
3197 4715 3525 4826 ήμῶνίκαιν

486 4849 684 4905 coelum
716 4851 907 4907 sedere
961 4851 1114 4907 fecit.
1147 4850 1370 4907 Stercus
1416 4858 1599 4906 autem
1650 4849 1753 4905 hoc
1785 4849 1906 4904 loco
1934 4849 2068 4904 dicit

487 4943 748 4999 vilitatem
780 4944 930 4998 illam
953 4987 968 5011 ,
998 4952 1054 5000 et
1085 4945 1450 5015 repentinam,
1479 4957 1601 5014 quae
1623 4943 1751 4999 inde
1784 4941 1927 4996 facta
1957 4950 2063 5007 est,

486 5035 864 5103 mutationem,
899 5039 1081 5091 omnia
1123 5039 1226 5108 ipsi
1271 5037 1452 5092 facilia
1508 5043 1564 5092 et
1595 5035 1782 5106 pervia
1813 5049 1937 5090 esse
1965 5035 2064 5089 de-

486 5128 723 5184 clarans.
759 5127 884 5183 Haec
914 5135 968 5182 et
1000 5128 1156 5183 beata
1183 5130 1360 5196 Anna,
1384 5129 1645 5200 hymnum
1676 5128 1732 5182 in
1763 5127 2062 5199 gratiarum

487 5221 758 5277 actionem
788 5219 900 5276 Deo
931 5219 1187 5284 oﬂerens,
1216 5222 1350 5276 dicit
1399 5241 1413 5276 :
1475 5220 1730 5276 Dominus
1784 5234 2065 5291 pauperem

490 5313 636 5379 facit,
665 5322 716 5370 et
743 5314 916 5377 ditat;
944 5313 1212 5374 humiliat,
1241 5323 1290 5366 et
1332 5313 1525 5382 erigit;
1559 5314 1779 5368 suscitat
1813 5311 1876 5366 de
1924 5323 2065 5366 terra

489 5407 712 5478 inopem,
745 5416 797 5464 et
821 5406 887 5464 de
916 5418 1144 5462 stercore
1167 5406 1322 5476 erigit
1345 5420 1646 5475 pauperem,
1670 5416 1727 5459 ut
1765 5405 1944 5460 sedere
1979 5405 2065 5474 [a-

491 5499 594 5552 ciat
622 5515 742 5554 cum
772 5499 1118 5569 optimatibus
1163 5497 1363 5568 populi,
1412 5507 1461 5552 et
1510 5497 1754 5551 thronum
1796 5499 1980 5569 gloria:
2008 5498 2063 5551 in

491 5588 844 5645 hereditatem
885 5591 1014 5660 ipsis
1069 5588 1301 5645 tribuens
1336 5589 1378 5642 ⁸.
1410 5586 1537 5644 Haec
1595 5603 1758 5658 porro
1813 5588 2063 5645 videmus

2175 4842 2334 4914 ρανὺν
2382 4843 2604 4897 ἐκάθισε
2644 4842 2735 4915 τὸν
2777 4842 3127 4916 ὑψηλότερον.
3160 4845 3410 4918 Κοπρίαν
3433 4846 3492 4899 δὲ
3519 4846 3752 4901 ἐνταῦθα

2170 4933 2232 4988 τὸ
2272 4935 2488 4999 εὐτελὲς
2530 4934 2697 5005 λέγει,
2725 4935 2820 4990 καὶ
2862 4935 2960 5008 τὴν
2989 4935 3198 4991 ἐκεῖθεν
3236 4939 3435 5012 ἁθρόον
3461 4941 3753 5014 γινομένην

2175 5026 2497 5098 μεταϐολὴν,
2527 5028 2740 5092 δεικνὺς
2789 5029 2870 5082 ὅτι
2913 5027 3091 5086 πάντα
3115 5030 3266 5102 αὐτῷ
3297 5031 3452 5104 ῥᾴδια
3477 5034 3570 5086 καὶ
3595 5032 3750 5087 εὔκο-

2169 5119 2258 5175 λα.
2277 5119 2464 5174 Ταῦτα
2495 5120 2553 5174 δὲ
2581 5121 2676 5174 καὶ⁸
2707 5124 2741 5192 ἡ
2773 5123 3015 5194 μακαρία
3046 5125 3214 5180 ’Δννα
3240 5127 3450 5198 εἴρηκε,
3474 5126 3566 5179 τὸν
3591 5144 3750 5199 χαρι-

2173 5213 2392 5284 στήριον
2440 5212 2606 5284 ὕμνον
2636 5215 3019 5287 προσφέρουσα
3044 5217 3124 5289 τῷ
3160 5218 3313 5290 Θεῷ·
3345 5220 3563 5288 Κύριος
3598 5235 3750 5272 πτω-

2171 5307 2311 5377 χίζει
2351 5307 2451 5362 καὶ
2489 5307 2807 5374 πλουτίζέι,
2843 5311 3116 5365 ταπεινοῖ
3137 5313 3234 5366 καὶ
3265 5314 3510 5382 ἀνυψῶ,
3533 5311 3748 5382 ἀνιστᾷ

2170 5401 2291 5455 ἀπὸ
2322 5401 2434 5472 γῆς
2475 5401 2722 5470 πένητα,
2749 5403 2848 5457 καὶ
2895 5403 3014 5458 ἀπὸ
3053 5406 3305 5474 κοπρίας
3333 5407 3543 5477 ἐγείρει
3593 5422 3746 5461 πτω-

2170 5491 2304 5561 χὸν,
2351 5494 2592 5549 καθίσαι
2646 5495 2798 5564 μετὰ
2854 5496 3176 5552 δυναστῶν
3228 5499 3412 5567 λαοῦ,
3464 5500 3564 5554 καὶ
3614 5501 3744 5568 θρό-

2170 5605 2284 5642 νον
2352 5587 2539 5657 δόξης
2618 5591 3161 5663 κατακληρονομῶν
3223 5591 3446 5660 αὐτοῖς.
3497 5591 3744 5665 Ὀρῶμεν

703 5822 746 5863 ε.
778 5823 942 5873 xxxv,
975 5809 1046 5876 5,
1079 5811 1131 5865 4.
1212 5811 1228 5843 ⁸
1273 5809 1460 5866 Matth.
1498 5823 1628 5877 vm,
1652 5808 1740 5863 tl.
1807 5811 1827 5841 '
1866 5810 1885 5864 l
1918 5807 2050 5880 Reg.
2088 5822 2168 5874 11,
2207 5809 2259 5877 7,
2295 5810 2349 5866 8.
