4044 6212
336 320 403 338 ’1⁸

336 320 403 338 σιν

302 320 368 373 Ic
387 319 443 374 )5

1444 327 1948 385 COMMENTARIA
1987 332 2051 387 IN
2089 331 2431 391 PSALMOS.

3384 351 3522 410 I354

292 438 350 491 δὲ
368 437 506 492 αὐτὰ
533 438 793 511 διηνεκῶς
822 440 927 494 ὑπὸ
973 440 1065 495 τοῦ
1104 442 1213 496 τῶν
1237 445 1374 499 ὅλων
1408 446 1544 501 Θεοῦ
1575 450 1812 522 γινόμενι

1916 480 1928 514 ι
1957 454 2160 523 passim
2189 454 2260 509 ab
2285 455 2667 512 universorum
2707 455 2820 515 Deo
2849 458 3009 517 eﬂici.
3048 458 3136 519 Sic
3164 463 3383 524 beatum
3422 471 3524 527 Ira-

293 525 448 581 οὕτω
474 526 566 583 τὸν
601 529 867 601 μακάριον
894 527 1072 597 Δαυῖδ,
1096 533 1324 605 ποιμένα
1346 536 1497 604 ὄντα,
1520 538 1743 609 βασιλέα
1763 560 1812 596 πε

1959 544 2157 609 videm,
2185 546 2277 616 qui
2309 554 2498 617 pastor
2520 558 2659 618 erat,
2687 564 2871 622 regem
2905 557 3224 627 constituit,
3255 560 3336 615 sic
3365 560 3524 620 Iose-

292 619 489 692 ποίηκε
507 637 523 652 ο
556 621 699 675 οὕτω
733 622 822 675 τὸν
858 623 1074 696 Ἰωσὴφ,
1101 627 1181 689 εἰς
1199 625 1440 682 δουλείαν
1463 633 1854 701 μεταπεσόντα,

291 710 385 763 ὲπὶ
413 711 503 764 τὸν
536 711 811 782 βασιλικὸν
841 713 1061 768 ἐκάθισε
1099 716 1317 788 θρόνον·
1351 719 1494 774 οὕτω
1519 722 1608 776 τὸν
1630 724 1854 791 Μωσέα,

288 801 561 874 προόατέα
585 806 891 877 γενόμενον,
914 806 1240 879 δημαγωγὸν
1285 813 1527 885 ἀπέφηνε
1572 815 1668 870 τοῦ
1703 817 1852 885 λαοῦ,

287 896 383 947 καὶ
410 892 529 948 θεὸν
565 895 931 970 ἐχειροτόνησε
965 899 1058 953 τοῦ
1086 902 1284 975 Φαραώ
1302 922 1316 935 ο
1345 905 1487 959 οῦτω
1509 906 1576 961 τὰ
1601 908 1751 981 ἔθνη,
1785 914 1852 983 τῇ

284 983 497 1056 δουλείᾳ
529 986 627 1057 τῆς
661 989 912 1054 ἀσεϐείας
939 991 1251 1047 δουλεύοντα
1285 995 1376 1048 καὶ
1416 999 1482 1068 τῇ
1524 998 1713 1071 κόπρῳ
1753 1001 1853 1072 τῆς

283 1077 553 1148 ἁμαρτίας
578 1081 670 1133 καὶ
704 1079 1028 1153 βδελυγμίας
1058 1084 1452 1158 ὲπικαθήμενα,
1486 1089 1594 1142 τῶν
1623 1091 1717 1145 τοῦ
1748 1094 1849 1146 Ἰσ-

285 1166 418 1237 ραὴλ
458 1168 661 1241 δεδωρη
671 1172 844 1239 μένων
880 1172 1111 1242 ἠξίωσεν
1140 1177 1358 1245 ἀγαθῶν
1380 1195 1393 1209 ·
1437 1179 1578 1234 οὕτω
1615 1182 1716 1253 τὴν
1753 1185 1849 1239 ἀν-

280 1255 552 1324 θρωπείαν
580 1257 740 1327 φύσιν
766 1261 848 1325 εἰς
869 1262 1030 1316 αὐτὸν
1057 1266 1467 1322 καταπεσοῦσαν
1488 1268 1578 1322 τὸν
1605 1271 1698 1327 τοῦ
1720 1273 1848 1344 ᾅδου

278 1345 546 1417 πυθμένα,
579 1350 808 1404 ἀνέλαϐε
852 1353 947 1406 καὶ
977 1355 1238 1426 ἀνήγαγε,
1269 1360 1361 1412 καὶ
1385 1360 1636 1416 ἐκάθισεν
1663 1365 1848 1419 ἐπάνω

276 1438 458 1510 πάσης
498 1441 669 1512 ἀρχῆς
695 1444 787 1496 καὶ
814 1444 1062 1509 ἐξουσίας
1091 1448 1186 1501 καὶ
1218 1451 1553 1523 κυριότητος,
1580 1455 1674 1508 καὶ
1706 1472 1845 1511 παν-

1955 634 2124 705 phum
2157 636 2213 692 in
2243 639 2560 694 servitutem
2589 640 2892 713 delapsum,
2929 644 2985 699 in
3015 649 3168 718 regio
3211 649 3409 706 throno
3434 669 3522 710 se-

1956 728 2087 785 dere
2131 728 2294 799 fecit;
2323 730 2405 788 sic
2435 730 2699 805 Moysem,
2737 735 2829 807 qui
2871 747 3063 809 pastor
3110 741 3308 810 fuerat,
3336 756 3520 801 orato.

1954 836 2068 877 rem
2089 824 2274 893 populi
2304 824 2647 881 denuntiavit
2667 867 2683 893 ,
2710 839 2765 885 et
2788 829 2949 885 deum
2978 830 3281 892 Pharaonis
3310 840 3519 895 consti-

1954 913 2090 980 tuit;
2124 915 2204 968 sic
2234 925 2426 986 gentes
2480 933 2602 989 quae
2641 919 2934 991 impietatis
2985 925 3236 982 servituti
3275 930 3519 987 subacta

1952 1014 2125 1070 erant,
2160 1016 2213 1061 et
2243 1008 2471 1062 stercori
2508 1012 2715 1081 peccati
2746 1019 2799 1068 et
2837 1014 3259 1076 abominationis
3312 1020 3518 1078 inside-

1950 1096 2100 1162 bant,
2124 1098 2282 1156 bonis
2307 1098 2491 1158 lsraeli
2520 1104 2735 1160 collatis
2763 1105 3018 1177 dignatus
3049 1119 3167 1178 est;
3200 1112 3281 1167 sic
3322 1112 3516 1169 buma-

1950 1203 2075 1243 nam
2113 1197 2364 1244 naturam
2388 1206 2510 1263 qua:
2537 1193 2591 1248 in
2623 1194 2800 1264 ipsum
2833 1196 3031 1255 inferni
3061 1201 3389 1272 profundum
3418 1204 3514 1260 de-

1947 1277 2173 1345 ciderat,
2216 1284 2438 1352 recepit,
2472 1283 2707 1353 reduxit,
2735 1295 2791 1342 et
2812 1304 2976 1360 supra
3004 1306 3218 1349 omnem
3242 1296 3515 1368 principa-

1946 1377 2084 1435 tum,
2125 1381 2450 1443 potestatem
2492 1384 2545 1431 et
2577 1377 3002 1438 dominationem
3055 1386 3243 1442 sedere
3275 1387 3422 1451 fecit,
3447 1405 3513 1446 ac

1945 1476 2109 1532 supra
2138 1480 2299 1523 omne
2335 1481 2557 1535 nomen,
2586 1486 2696 1527 non
2723 1473 2901 1528 solum
2933 1476 2988 1529 in
3021 1476 3125 1534 hoc
3150 1480 3371 1547 saeculo,
3412 1482 3510 1539 sed

272 1529 364 1593 τὸς
408 1530 667 1601 ὀνόματος
708 1533 1130 1607 ὀνομαζομένου,
1160 1541 1222 1593 οὐ
1278 1541 1434 1612 μόνον
1468 1546 1542 1598 κὲν
1583 1546 1662 1618 τῷ
1689 1549 1812 1603 αἰῶν

1942 1529 2105 1609 ctiam
2141 1555 2195 1611 in
2232 1556 2414 1614 t‘uturo
2442 1562 2737 1634 prolatum.

271 1621 466 1692 τούτῳ,
496 1623 630 1677 ἀλλὰ
654 1626 748 1678 καὶ
774 1628 830 1679 ὲν
860 1627 939 1699 τῷ
964 1628 1227 1699 μέλλοντι.

762 1741 1180 1800 ΑΛΛΗΛΟΥῙΑ.
1225 1746 1367 1801 PII".

2435 1760 2796 1821 ALLEI.UIA.
2828 1766 3014 1824 CXIII.

350 1821 446 1876 Ἐν
468 1823 656 1893 ἐξόδῳ
695 1829 933 1899 Ἰσραὴλ
961 1832 1030 1897 ἐξ
1063 1835 1385 1903 Αἰγύπτου,
1417 1839 1589 1894 οἴκου
1634 1842 1812 1898 Ἰακὼί

2011 1840 2171 1898 Vens.
2225 1846 2273 1910 I,
2305 1847 2360 1903 2.
2409 1849 2475 1904 In
2524 1856 2668 1908 exitu
2714 1821 2885 1910 Israel
2922 1821 3268 1932 deﬁgi/pta,
3318 1865 3505 1921 domus

262 1912 333 1966 ἐκ
356 1914 511 1968 λαοῦ
523 1918 848 1989 βαρϐάρου,
886 1922 1136 1991 ἐγενήθη
1176 1926 1422 1981 Ἰουδαία
1445 1931 1708 2001 ἀγιάσμα
1731 1938 1834 1990 αὺ-

262 2004 391 2071 τοῦ,
421 2006 661 2076 Ἰσραὴλ
691 2011 942 2076 ἐξουσία
966 2016 1171 2069 αὑτοῦ.
1198 2018 1403 2090 ’Ύμνος
1423 2023 1516 2076 καὶ
1541 2018 1693 2091 οὗτός
1718 2029 1832 2082 ἐστι

260 2096 360 2158 τὰς
403 2097 675 2164 Ἰουδαίοις
708 2103 811 2157 ὑπὸ
844 2105 941 2158 τοῦ
975 2105 1109 2161 Θεοῦ
1142 2115 1579 2183 παρασχεθείσας
1606 2121 1829 2193 εὐεργεσ-

262 2184 383 2249 σίας
404 2185 632 2253 διεξιὼν,
666 2191 759 2243 καὶ
784 2192 878 2246 τοῦ
912 2194 1046 2248 Θεοῦ
1076 2197 1173 2269 τὴν
1199 2200 1425 2272 δύναμιν
1452 2205 1824 2281 διηγούμενος,

258 2273 351 2324 καὶ
375 2273 482 2327 τῶν
510 2276 742 2332 εἰδώλων
768 2284 1045 2354 κωμῳδῶν
1073 2286 1172 2358 τὴν
1200 2291 1500 2350 ἀσθένειαν.
1545 2298 1826 2369 Ἀρμόττει

254 2364 313 2417 δὲ
361 2366 452 2419 καὶ
498 2362 651 2434 οὗτος
688 2373 717 2423 ό
766 2371 934 2443 ὕμνος
977 2380 1087 2440 τοῖς
1122 2378 1181 2444 ἐξ
1213 2380 1381 2436 ἐθνῶν
1413 2396 1821 2463 πεπιστευκόσι,

253 2454 470 2526 καὶτῆς
502 2456 611 2512 τῶν
641 2458 872 2514 εἰδώλων
922 2464 1128 2537 πλάνης
1160 2471 1598 2544 ἀπηλλαγμένοις
1617 2496 1630 2509 ·
1685 2454 1821 2553 μανλ

252 2548 471 2605 θάνουσι
499 2551 607 2625 γὰρ
639 2555 761 2608 ὅσον
789 2556 850 2610 τὸ
886 2558 1051 2629 μέσον
1077 2563 1186 2616 τῶν
1227 2566 1327 2619 οὐκ
1362 2568 1530 2624 ὄντων
1567 2548 1702 2646 πρὸς
1731 2577 1823 2632 τὸν

246 2640 398 2704 ὄντα,
433 2644 525 2697 καὶ
542 2644 617 2707 ὡς
649 2639 729 2709 εἷς
759 2647 873 2701 ἐστι
908 2650 1039 2714 θεὸς
1071 2653 1312 2721 Παλαιᾶς
1342 2659 1436 2712 καὶ
1472 2639 1680 2736 Καινξῆς
1699 2669 1822 2722 Δια-

248 2732 444 2805 θήκης.
498 2734 643 2790 ’Λντὶ
672 2737 728 2791 δὲ
773 2739 888 2803 τοῦ,
934 2743 1034 2796 Ἐκ
1089 2748 1242 2801 λαοῦ
1287 2732 1687 2823 βαρϐάρουξὸ
1722 2762 1820 2831 μὲν

261 2822 513 2891 Ἀκύλας,
541 2828 683 2882 Ἀπὸ
705 2832 859 2886 λαοῦ
886 2834 1353 2906 ἐτερογλὼσσου·
1378 2822 1485 2898 ὁδὲν
1503 2848 1574 2900 Σύ
1584 2822 1815 2922 μμαέος,

256 2913 354 2968 Ἐκ
378 2918 531 2970 λαοῦ
575 2920 953 2992 ἀλλοφώνυυ,
981 2928 1293 2987 ἐκδέδωκεν.
1340 2913 1639 3010 Ἐγεννήθη

241 3004 387 3059 δαία
434 3008 698 3079 άγιίασμα
750 3017 957 3082 αὑτοῦ,
1021 3020 1255 3090 Ἰσραὴλ
1310 3004 1563 3091 ἐξουσία
1606 3004 1811 3091 αὐτοῦ.

238 3096 418 3151 Πάλαι
466 3100 565 3167 μὲν
596 3102 725 3173 γὰρ,
765 3106 853 3159 ὅτε
882 3107 969 3162 διὰ
1013 3112 1294 3179 Μωῦσέως
1324 3116 1421 3187 τὴν
1461 3118 1517 3186 ἐξ
1536 3124 1811 3192 Αἰγύπτου

235 3191 467 3261 πορείαν
482 3193 803 3266 ἐποιήσαντο
826 3200 875 3252 οί
892 3200 999 3255 ἀπὸ
1015 3203 1107 3256 τοῦ
1126 3208 1389 3280 προτέρου
1408 3212 1553 3272 λαοῦ.
1578 3215 1747 3288 βραχύ
1765 3237 1817 3274 τι

235 3281 431 3354 μόριον
446 3284 544 3356 τῆς
556 3286 659 3357 γῆς
679 3289 770 3362 καὶ
802 3292 1003 3363 σφόδρα
1031 3295 1252 3370 εὐτελὴς
1269 3302 1437 3367 γωνία
1466 3305 1564 3377 τῆς
1578 3281 1815 3382 ’ἀπάσης

229 3374 585 3447 οἰκουμένης,
605 3380 852 3447 Ἰουδαία,
891 3383 1159 3448 ὲξείλεκτο
1182 3390 1257 3460 τῷ
1281 3391 1417 3464 Θεῷ,
1447 3374 1539 3450 καί
1575 3398 1723 3463 ἔθνος

227 3467 295 3519 τὸ
341 3467 644 3523 Ἰουδαίων
668 3473 789 3527 ἐπεὶ
821 3475 898 3542 δὲ,
934 3478 1032 3550 τῆς
1065 3484 1332 3554 σωτηρίου
1373 3489 1692 3559 ἐπιφανείας
1711 3494 1810 3566 τῆς

228 3561 455 3643 χάριτος
482 3562 825 3638 ἀπλωθείσης
853 3571 973 3623 καθ’
1001 3572 1129 3645 ὅλης
1174 3577 1272 3646 τῆς
1314 3582 1654 3657 οἰκουμένης,
1702 3561 1809 3642 ἀπὸ

226 3640 506 3707 ἀνατολῶν
552 3654 702 3727 ἡλίου
761 3659 922 3732 μέχρι
976 3640 1197 3736 δυσμῶν
1227 3640 1481 3726 ἀἰνετὸκί
1507 3676 1568 3729 τὸ
1591 3640 1807 3751 ⁸’δνομοι

224 3743 471 3815 Κυρίου,
505 3747 601 3801 καὶ
631 3747 835 3817 ὑψηλὸς
877 3753 977 3807 οὐκ
1006 3756 1095 3809 ἐπ’
1126 3757 1279 3825 ἔθνος
1302 3762 1395 3816 τὸν
1431 3764 1660 3840 Ἰσραὴλ,
1689 3743 1803 3826 ἀλλ’

224 3833 434 3904 ὑψηλὸς
458 3837 550 3890 ἐπὶ
575 3838 752 3894 πάντα
788 3841 857 3895 τὰ
886 3843 1011 3917 ἔθνη
1045 3849 1265 3918 γέγονεν
1292 3854 1320 3906 ό
1344 3833 1567 3928 Κύριος.

310 3924 375 3978 Ἠ
401 3926 683 3983 θάλασσα
736 3928 858 3987 εἶδε
876 3976 893 4000 ,
936 3939 1033 3992 καί
1096 3942 1319 4013 ἔφυγεν
1336 3988 1352 4013 ,
1400 3924 1445 4003 ό*
1495 3952 1800 4026 Ἰορδάνης

219 4015 496 4086 ἐστράφη
532 4023 620 4086 εἰς
647 4023 717 4078 τὰ
753 4026 976 4083 ὀπίσω·
1016 4032 1088 4087 τὰ
1119 4035 1225 4105 ὅρη
1246 4015 1620 4112 ἐσκίρτησάν
1654 4015 1795 4105 εἴ)σεί

220 4106 401 4175 κριοί,
438 4108 535 4162 καὶ
560 4112 615 4164 οἰ
640 4113 855 4177 βουνοί
890 4106 1566 4199 ὡσείἀρνίαπροέάτων.
1604 4140 1664 4193 Τί
1693 4143 1796 4196 σοί

219 4198 376 4261 ἐστι,
424 4199 724 4271 θάλασσα,
774 4208 862 4263 ὅτι
910 4212 1147 4286 ἔφυγες,
1192 4198 1291 4277 καί
1338 4212 1459 4291 σάι,
1501 4229 1788 4303 Ἰορδάνῃ,

220 4289 313 4343 ὅτι
343 4290 647 4363 ἐστράφης
676 4300 763 4364 εἰς
798 4302 871 4356 τὰ
904 4306 1132 4374 dxtera);
1185 4314 1258 4368 τὰ
1309 4289 1790 4395 δρψ-ὅτινέσκιρἐ

219 4381 448 4447 τήσατε
478 4386 622 4442 ὠσεί
681 4392 855 4459 κριοὶ,
902 4396 1002 4449 καὶ
1047 4404 1099 4453 οἰ
1127 4381 1365 4473 βουνοί,
1403 4381 1560 4467 -ῶσεί
1608 4381 1788 4484 ἀρνία

1938 1930 2103 1989 Ιαεοὺ
2136 1937 2199 1991 de
2218 1942 2407 2008 populo
2436 1941 2684 2011 barbaro,
2720 1946 2863 2016 facta
2883 1960 2959 2004 est
2977 1930 3169 2007 Judtea
3198 1959 3503 2026 sanctiﬁca-

1940 2027 2013 2080 tio
2059 2027 2193 2098 ejus,
2232 2029 2407 2087 Israel
2444 2045 2675 2104 potestas
2714 2039 2848 2108 ejus.
2901 2041 3000 2096 Hic
3031 2060 3246 2115 quoquc
3271 2047 3503 2119 hymnus

1936 2124 2042 2179 est,
2066 2118 2158 2187 qui
2190 2118 2449 2176 beneﬁcia
2490 2138 2881 2183 commemorat
2911 2130 3113 2188 Iudaeis
3144 2150 3173 2187 a
3204 2118 3319 2191 Deo
3335 2139 3504 2192 colla-

1935 2214 2009 2270 ta,
2038 2215 2198 2279 atque
2220 2203 2312 2267 Dei
2346 2215 2598 2271 virtutem
2628 2230 2871 2286 enarrat,
2920 2223 3298 2297 idolorumque
3330 2229 3502 2286 imbe-

1934 2299 2210 2356 cillitatem
2238 2303 2465 2359 deridet.
2492 2307 2759 2364 Convenit
2781 2311 2906 2367 item
2944 2317 3031 2371 hic
3058 2318 3291 2388 hymnus
3319 2326 3501 2393 genti-

1932 2387 2075 2442 libus
2101 2391 2190 2458 qui
2214 2392 2583 2463 crediderunt,
2613 2409 2667 2454 et
2688 2402 2757 2479 ab
2786 2402 3053 2460 idolorum
3078 2387 3266 2466 errore
3288 2387 3500 2471 liberati

1932 2488 2096 2535 sunt:
2123 2481 2344 2538 discunt
2378 2488 2522 2542 enim
2554 2500 2818 2560 quantum
2860 2496 3074 2554 intersit
3109 2502 3253 2557 inter
3280 2521 3376 2562 eos
3405 2510 3499 2579 qui

1929 2588 2039 2627 non
2065 2586 2193 2629 sunt
2220 2587 2273 2631 et
2298 2594 2420 2633 eum
2443 2581 2536 2651 qui
2572 2593 2676 2650 est,
2709 2595 2762 2641 et
2790 2590 2934 2659 quod
2964 2608 3105 2648 unus
3146 2594 3398 2669 idemque
3426 2601 3500 2656 sit

1929 2662 2140 2724 Veteris
2160 2677 2214 2723 et
2250 2670 2385 2726 Novi
2425 2671 2760 2733 Testamenti
2806 2679 2971 2738 Deus.
3009 2684 3115 2741 Pro
3156 2688 3249 2744 illo
3288 2662 3493 2762 autem,

1925 2756 2002 2811 De
2023 2761 2214 2828 populo
2245 2762 2509 2831 barbaro;
2535 2768 2752 2839 Aquila,
2793 2772 2872 2829 De
2905 2778 3095 2847 populo
3128 2779 3349 2839 alterius
3390 2756 3495 2840 lin;

1923 2866 2071 2919 gnte;
2110 2850 2487 2923 Symmachus,
2517 2859 2595 2915 De
2630 2864 2821 2933 populo
2851 2869 3072 2926 alterius
3110 2876 3269 2942 vocis,
3303 2877 3491 2933 edidit.

1926 2939 2096 2997 Facta
2135 2955 2211 2999 est
2257 2945 2449 3003 Judwa
2494 2956 2849 3025 sanctiﬁcatio
2893 2960 3027 3030 ejus,
3059 2962 3236 3020 Israel
3261 2978 3492 3037 potestas
3564 2981 3578 2995 ’

1920 3034 2053 3103 ejus.
2090 3035 2228 3091 Olim
2261 3058 2494 3115 namque
2527 3062 2649 3101 cum
2692 3049 2842 3119 prior
2875 3053 2965 3108 ille
2999 3034 3270 3127 populus,
3306 3061 3491 3136 Moyse

1920 3123 2079 3193 duce,
2103 3130 2392 3185 transitum
2425 3135 2704 3193 faceretex
2725 3140 2979 3214 Egypto,
3001 3123 3225 3206 modica
3242 3123 3487 3224 quaedam

1921 3224 2078 3272 terra;
2096 3223 2292 3289 portio,
2311 3232 2363 3278 et
2386 3227 2615 3298 exiguus
2642 3233 2812 3288 totius
2839 3237 2990 3293 orbis
3015 3243 3269 3313 angulus,
3295 3246 3486 3307 Iudaea

1917 3309 2146 3374 scilicet,
2179 3327 2210 3366 a
2244 3313 2352 3371 Deo
2381 3318 2554 3374 clecta
2602 3322 2796 3393 fuerat,
2831 3339 2993 3400 atque
3032 3309 3138 3388 una
3169 3309 3483 3401 Iudaeorum

1912 3401 2083 3455 natio.
2116 3402 2252 3459 Cum
2300 3418 2479 3465 autem
2523 3428 2621 3483 per
2651 3419 2945 3476 salutarem
2992 3426 3281 3486 adventum
3308 3438 3484 3504 gratia

1912 3492 1967 3547 in
2004 3500 2119 3550 toto
2153 3499 2283 3554 orbe
2312 3500 2482 3558 cﬂ‘usa
2513 3515 2680 3572 esset,
2712 3526 2743 3564 a
2783 3515 2915 3569 solis
2942 3530 3062 3572 ortu
3093 3536 3265 3592 usque
3289 3528 3357 3581 ad
3387 3543 3484 3585 oc-

1909 3598 2097 3642 casum
2159 3591 2431 3650 laudabile
2463 3596 2564 3653 fuit
2609 3617 2808 3659 nomen
2837 3604 3051 3664 Domini
3087 3632 3100 3667 :
3136 3591 3201 3669 ac
3230 3620 3481 3679 excelsus

1907 3689 2018 3731 non
2060 3693 2226 3750 super
2253 3699 2415 3739 unam
2448 3689 2666 3748 lsraelis
2708 3704 2948 3766 gentem,
2984 3704 3082 3759 sed
3109 3709 3360 3767 excelsus
3386 3728 3481 3767 su—

1905 3783 2007 3838 per
2037 3786 2229 3830 omnes
2256 3788 2445 3846 gentes
2471 3781 2574 3838 fuit
2602 3785 2889 3848 Dominus.

1974 3956 2139 4012 Vens.
2171 3962 2279 4018 3-8.
2311 3964 2368 4017 Μ
2372 3983 2463 4020 are
2484 3969 2632 4035 vidit,
2657 3981 2707 4025 et
2734 3972 2891 4045 fugit,
2916 3975 3173 4037 Iordanis
3194 4001 3475 4047 cartoersus

1896 4060 1974 4103 est
2002 4062 2311 4108 retrorsum.
2348 4057 2552 4115 Montes
2579 4063 2972 4123 exsultaverunt
3018 4074 3151 4128 sicut
3183 4080 3393 4145 arietes,
3426 4093 3477 4138 et

1895 4142 2053 4196 colles
2095 4145 2231 4197 sicut
2263 4150 2386 4217 agni
2417 4152 2609 4209 ovium.
2664 4154 2805 4221 Quid
2838 4170 2917 4215 est
2964 4163 3076 4230 tibi,
3119 4184 3283 4234 mare,
3335 4142 3475 4243 quod

1892 4230 2094 4301 fugisti,
2119 4244 2169 4287 et
2199 4244 2275 4297 tu,
2296 4236 2575 4310 Jordanis,
2599 4248 2723 4314 quia
2742 4264 3020 4308 conversus
3051 4273 3104 4311 es
3137 4270 3469 4324 retrorsum!

1891 4321 2119 4388 Montes,
2152 4329 2461 4384 exsultastis
2488 4333 2626 4386 sicut
2661 4338 2873 4405 arietes,
2896 4353 2946 4396 et
2971 4347 3153 4413 colles,
3186 4352 3322 4407 sicut
3344 4344 3469 4428 agni

1888 4415 2059 4467 ovium
2080 4417 2106 4471 ?
2138 4416 2181 4469 Α
2213 4416 2349 4486 [acie
2382 4420 2591 4476 Domini
2646 4436 2790 4482 mota
2820 4440 2898 4484 est
2927 4442 3090 4501 terra,
3138 4455 3173 4492 a
3200 4441 3337 4509 facie
3369 4415 3466 4503 Dei

218 4473 575 4541 προβὰτων;
613 4479 753 4534 Ἀπὸ
804 4485 1130 4552 προσώπου
1151 4496 1372 4562 Κυρίου
1398 4498 1700 4575 ἐσαλεύθη
1744 4509 1783 4580 ἡ

218 4562 298 4600 an:
336 4566 452 4600 ιζπΑ
487 4569 922 4600 σηηηιῖιριη.--ε
945 4578 1088 4600 o__r'
1116 4581 1159 4600 η
1252 4584 1265 4600 ι
1296 4589 1326 4600 ρ
1440 4592 1466 4600 ..
1619 4593 1630 4600 .
1662 4598 1669 4600 .

2213 4473 2224 4486 ,
2647 4473 2789 4482 πη-..
2821 4473 2898 4484 ν..-
2927 4473 3090 4501 -νσ-ιο,
3138 4473 3173 4492 ιι
3200 4473 3336 4509 [uua
3369 4473 3463 4503 νει

1916 4504 2054 4560 ’acob
2077 4549 2090 4573 ,
2123 4511 2213 4579 qui
2249 4517 2502 4569 convertit
2540 4526 2743 4587 petram
2789 4521 2844 4575 in
2875 4533 3067 4596 stagna
3095 4545 3377 4600 aquarum,
3410 4548 3463 4593 et

216 4562 318 4633 γῆ,
335 4566 452 4620 ἀπὸ
480 4569 802 4636 προσώπου
817 4575 923 4629 τοῦ
943 4578 1089 4633 Θεοῦ
1116 4581 1341 4654 Ἰακὼϐ,
1364 4592 1469 4646 τοῦ
1486 4562 1788 4665 στρέψανῖ-

216 4672 322 4722 τος
346 4657 461 4726 τὴν
480 4659 703 4729 πέτραν
727 4666 814 4731 εἰς
839 4668 1060 4738 λίμνας
1086 4671 1337 4743 ὑδάτων,
1354 4683 1451 4736 καὶ
1477 4657 1788 4758 third-113d-

214 4760 402 4814 τομον
432 4751 518 4815 εἰς
539 4751 734 4822 πηγὰς
765 4754 1017 4812 ὑδάτων.
1045 4765 1202 4818 Δοκεῖ
1225 4783 1312 4836 μοι
1344 4769 1507 4826 πάλιν
1538 4751 1786 4833 ἐντεῦθεν

213 4835 243 4886 ό
289 4835 444 4904 λόγος
484 4839 581 4911 τὴν
631 4847 966 4917 προφητείαν
999 4835 1271 4908 ποιεῖσθαι
1318 4858 1418 4929 τῆς
1464 4863 1570 4917 τῶν
1615 4867 1785 4922 ἐθνῶν

210 4925 468 4985 ἁπάντων
516 4933 777 5006 κλήσεως.
814 4939 990 4995 Πάλαι
1020 4944 1116 5015 μὲν
1142 4945 1272 5020 γὰρ,
1302 4925 1455 5020 φησὶ,
1503 4957 1642 5012 κατὰ
1684 4960 1783 5032 τὴν

210 5016 574 5119 ὲξΟΑἰγύπτου
593 5030 839 5100 πορείαν,
870 5034 1098 5091 Ἰουδαία
1125 5016 1257 5115 μόνη
1290 5016 1510 5113 γέγονεν
1535 5016 1781 5123 ἁγίασμία

207 5106 305 5159 τοῦ
333 5110 487 5176 Θεοῦ,
504 5116 595 5168 καὶ
628 5118 784 5188 μόνος
808 5124 1022 5197 Ἰσραὴλ
1054 5106 1159 5183 me
1186 5106 1283 5204 την
1301 5106 1555 5202 ⁷ἐξουσίαν
1582 5106 1777 5202 aurati.

207 5196 321 5252 Καὶ
357 5202 522 5257 πάλαι
552 5208 651 5276 μὲν
682 5217 881 5286 μερική
932 5196 1017 5281 τις
1052 5196 1272 5291 γέγονεν
1296 5196 1547 5303 αἴσθησις
1575 5196 1777 5295 θαλάσξ

207 5304 330 5388 σης,
370 5294 463 5348 καὶ
496 5301 738 5371 ποταμοῦ
778 5305 871 5360 καὶ
907 5307 1050 5378 ὀρῶν
1081 5314 1174 5368 καὶ
1215 5294 1457 5388 βουνῶνί
1491 5294 1587 5380 νῦν
1615 5328 1673 5383 δὲ
1713 5294 1774 5386 τὸ

206 5381 316 5435 πᾶν
359 5391 617 5457 στοιχεῖον
660 5393 759 5466 τῆς
821 5399 924 5470 γῆς
966 5381 1227 5462 κινείσθω.
1271 5413 1363 5467 καὶ
1421 5381 1770 5477 σαλευέσθωνζ

206 5473 409 5588 μᾶλλον
434 5478 490 5533 δὲ
518 5483 660 5538 κατὰ
683 5485 775 5541 τὸν
804 5488 1052 5561 Ἀκύλαν,
1074 5496 1434 5573 ὠδινησάτω,
1469 5510 1615 5577 ὅπως
1640 5473 1774 5588 πλη-

206 5562 350 5637 ρωθῇ
401 5568 462 5622 τὸ
516 5574 805 5647 εἰρημένον
863 5584 968 5640 ὑπὸ
1028 5562 1248 5651 Ἡσαΐου
1302 5562 1612 5674 προ<ξ>ή⁴ιτονῦἶ

271 5705 294 5750 ί
327 5718 431 5781 Isa.
468 5742 622 5795 tm,
646 5731 700 5788 8.

435 5821 711 5887 PATROL.
758 5826 876 5891 (in.
924 5830 1162 5899 XXIII.

1889 4611 2213 4670 praeruptum
2244 4606 2299 4659 in
2320 4605 2487 4674 fontes
2516 4625 2794 4681 aquarum.
2821 4611 3051 4671 Videtur
3074 4620 3208 4677 mihi
3240 4640 3462 4685 rursum

1893 4690 1980 4745 hic
2004 4708 2183 4751 sermo
2233 4699 2572 4770 prophetiam
2620 4705 2782 4761 edere
2813 4706 2882 4763 de
2927 4710 3169 4780 gentium
3215 4721 3461 4779 omnium

1891 4784 2196 4842 vocatione.
2255 4787 2398 4845 Olim
2453 4808 2717 4865 namque,
2777 4798 2882 4864 ait,
2928 4815 3051 4856 cum
3106 4808 3343 4878 p0pulus
3389 4828 3461 4869 ex

1892 4871 2129 4946 {Egypto
2150 4880 2526 4949 egrederetur,
2559 4885 2675 4940 sola
2713 4885 2900 4944 Iudaea
2934 4888 3077 4948 facta
3105 4871 3197 4952 est
3217 4902 3459 4956 sanctiﬁ-

1889 4969 2033 5023 catio
2066 4968 2182 5035 Dei,
2213 4980 2267 5028 et
2282 4974 2432 5030 solus
2452 4976 2622 5032 Israel
2652 4979 2757 5035 sub
2790 4991 3060 5052 potestate
3080 4988 3201 5059 ejus
3228 5001 3364 5048 erat.
3390 4994 3456 5051 Et

1888 5059 2018 5115 olim
2046 5062 2263 5132 quidem
2286 5068 2633 5135 particularis
2662 5086 2859 5130 sensus
2892 5077 3060 5133 maris
3085 5090 3224 5148 erat,
3258 5092 3313 5141 et
3346 5085 3450 5140 llu-

1886 5153 2051 5208 minis
2077 5163 2131 5209 et
2160 5160 2424 5214 montium
2453 5169 2506 5217 et
2524 5164 2742 5221 collium
2768 5184 2948 5224 :nunc
2976 5186 3106 5228 vero
3136 5176 3449 5234 universqu

1883 5252 2041 5300 terra:
2068 5247 2393 5305 elementum
2417 5262 2698 5311 moveatur
2723 5268 2778 5313 et
2802 5262 3180 5328 concutiatur;
3205 5268 3313 5322 imo
3344 5286 3447 5338 po-

1880 5336 1992 5396 tius
2037 5341 2342 5398 secundum
2389 5343 2661 5417 Aquilam,
2701 5354 2988 5421 parturiat,
3043 5367 3102 5412 ut
3159 5336 3441 5429 impleatur

1880 5431 2024 5500 quod
2047 5431 2249 5489 dictum
2278 5445 2362 5492 est
2389 5452 2485 5508 per
2511 5439 2703 5496 Isaiam
2730 5445 3050 5516 prophetam
3093 5467 3107 5503 :
3136 5448 3267 5515 Quis
3295 5453 3443 5510 audi-

1880 5522 1951 5576 vit
1994 5524 2146 5586 talia,
2175 5535 2225 5580 et
2264 5528 2383 5599 quis
2420 5530 2549 5587 vidit
2578 5533 2691 5589 sic?
2717 5533 2777 5592 Si
2806 5539 3084 5607 parturioit
3111 5551 3255 5597 terra
3278 5545 3329 5599 in
3359 5545 3445 5607 die

1878 5628 2006 5682 una,
2023 5625 2074 5671 et
2101 5625 2227 5673 nata
2252 5629 2330 5675 est
2345 5637 2482 5703 lgens
2506 5632 2619 5680 tota
2641 5626 2802 5683 simul
2822 5628 2880 5682 '?
2902 5626 3037 5684 Nam
3069 5646 3194 5689 cum
3230 5640 3445 5695 vacatio

3031 5876 3107 5937 53
