4040 6210
474 302 610 357 1555
1168 299 1429 355 EUSEBII
1467 299 1940 356 CESARIENSIS
1977 297 2128 355 OPP.
2170 297 2348 355 PARS
2385 299 2470 354 ΙΙΙ.
2498 329 2568 343 —
2607 295 3016 353 EXEGETICA.
3569 300 3720 358 {356

472 414 710 482 gentium
739 421 792 468 et
849 411 941 467 Dei
993 411 1164 482 gratia
1199 412 1254 468 in
1282 413 1598 469 universum
1633 413 1915 470 hominum
1940 429 2033 469 or-
2065 449 2075 473 λ

2182 429 2369 468 κουσε
2385 411 2643 472 τοιαῦτα,
2671 411 2768 464 καὶ
2789 410 2849 463 τι
2852 431 2884 476 ς
2907 410 3166 478 ἑώρακεν
3185 411 3405 477 οὕτως-ς
3454 410 3526 465 El
3544 413 3727 466 ὧδινε

471 507 593 560 hem
615 504 936 559 eﬂundenda
961 511 1125 569 esset,
1157 520 1379 560 necesse
1416 522 1643 576 prorsus
1671 519 1789 562 erat
1812 507 2036 560 simula-

2176 503 2213 572 νῆ
2239 505 2309 557 ἐν
2332 502 2441 570 μιᾷ
2466 501 2678 570 ἡμέρᾳ,
2714 500 2813 554 καὶ
2839 500 3048 568 ἐτέχθη
3075 500 3244 567 ἔθνος
3271 502 3538 566 εἰσάπαξ
3559 519 3581 566 ;
3609 502 3728 573 Τῆς

472 611 563 652 cra
617 595 859 665 gentium
907 610 937 648 a
986 596 1187 649 saeculo
1217 597 1480 661 stabilita,
1521 597 1942 652 commotionem
1984 603 2039 650 et

2178 595 2245 665 ἀρ
2278 594 2527 664 κλήσεως
2567 591 2677 645 τῶν
2707 590 2880 645 ὲθνῶν
2924 592 3017 644 καὶ
3063 591 3165 660 τῆς
3190 591 3290 675 τοῦ
3319 591 3460 645 Θεοῦ
3497 592 3729 663 χάριτος

474 687 885 740 concessionem
927 688 1061 755 pati,
1093 694 1147 743 et
1173 687 1446 743 daemones
1479 689 1534 742 in
1573 690 1705 758 ipsis
1739 689 2045 744 habitantes

2176 684 2439 754 ,ελλούσης
2469 682 2682 753 χεῖσθαι
2716 681 2836 736 καθ’
2869 682 2997 752 ὅλης
3024 683 3121 752 τῆς
3145 681 3250 734 ὑπὸ
3282 683 3389 736 τῶν
3414 682 3732 754 ἀνθρώπων

474 776 682 845 fugere,
716 784 774 830 ut
809 778 1045 848 p0pulus
1087 795 1150 833 ex
1193 780 1447 850 gentibus
1496 797 1594 852 per
1635 787 1808 836 totum
1855 779 2043 834 urbem

2176 772 2488 844 ἰκουμένης,
2520 772 2733 844 ἀνάγκη
2761 773 2910 826 πᾶσα
2938 769 3006 844 ἦν
3036 774 3104 826 τὰ
3132 775 3190 840 ἐξ
3223 774 3418 837 αἰῶνος
3460 773 3732 845 ἱδρυμένα

475 865 588 921 Deo
621 876 978 923 nasceretur.‘

2176 864 2466 935 εϐάσματα
2495 862 2603 917 τῶν
2633 863 2801 917 ἐθνῶν
2831 864 2990 918 σάλον
3019 865 3114 917 καὶ⁷
3155 865 3338 918 κλόνον
3374 865 3595 928 παθεῖν,
3642 865 3734 917 καὶ

473 960 597 1024 τοὺς
625 961 681 1012 ὲν
710 960 890 1024 αὐτοῖς
919 960 1174 1031 δαίμονας
1204 964 1413 1030 φυγεῖν,
1456 962 1543 1016 ἵνα
1566 962 1644 1034 τῷ
1669 961 1787 1032 Θεῷ
1803 958 2032 1030 γεννηθῇ
2067 957 2188 1010 καθ’
2227 957 2354 1027 ὅλης
2384 956 2484 1026 τῆς
2517 955 2841 1026 οἰκουμένης
2869 959 2897 1010 ό
2931 956 2989 1021 ἐξ
3013 956 3182 1010 ἐθνῶν
3213 956 3362 1019 λαός.

549 1049 718 1106 Vens.
759 1051 853 1104 1-4
879 1053 974 1124 (1).
1016 1051 1137 1106 Non
1155 1053 1327 1118 nobis,
1362 1053 1604 1118 Domine,
1635 1070 1737 1108 non
1760 1052 1929 1116 nobis,
1953 1050 2042 1105 sed

2220 1048 2317 1115 Μὴ
2359 1047 2524 1116 ἡμῖν,
2567 1047 2766 1114 Κύριε,
2796 1047 2881 1116 μὴ
2924 1047 3088 1116 ἡμῖν,
3119 1049 3255 1101 ἀλλ’
3287 1048 3322 1114 ἦ
3351 1047 3433 1112 τῷ
3481 1048 3735 1116 ὀνόματι

477 1144 679 1197 nomini
730 1155 819 1199 tuo
862 1143 934 1196 da
971 1144 1198 1214 gloriam
1229 1162 1248 1198 :
1278 1161 1431 1210 super
1470 1145 1836 1200 misericordia
1879 1154 1970 1197 tua
1995 1153 2044 1197 et

2176 1154 2267 1192 που
2289 1139 2394 1204 δὸς
2411 1138 2617 1202 δόξαν·
2650 1139 2748 1192 ἐπὶ
2788 1139 2868 1204 τῷ
2890 1139 3046 1193 ἐλέει
3070 1156 3185 1194 σου
3217 1140 3315 1193 καὶ
3355 1137 3430 1206 τῇ
3473 1140 3734 1206 ἀληθείᾳ

478 1236 696 1289 ueritate
748 1245 861 1298 tua,
912 1235 1182 1305 nequando
1217 1235 1398 1289 dicant
1428 1247 1605 1307 gentes
1632 1254 1650 1292 :
1677 1235 1775 1291 Ubi
1798 1245 1877 1290 est
1908 1234 2048 1288 Deus

2176 1244 2294 1293 νου,
2332 1227 2418 1298 μή
2451 1244 2594 1282 ποτε
2625 1229 2838 1282 εἴπωσι
2885 1227 2955 1281 τὰ
2971 1229 3136 1296 ἔθνη,
3163 1229 3287 1283 Ποῦ
3319 1229 3492 1282 ἐστιν
3513 1232 3546 1280 ὁ
3581 1229 3734 1294 Θεὸς

479 1343 659 1381 eorum
683 1331 708 1382 ?
728 1326 866 1381 Deus
891 1338 1064 1380 autem
1089 1337 1265 1381 noster
1292 1329 1344 1381 in
1377 1327 1503 1382 caelo
1523 1338 1573 1382 et
1600 1327 1655 1382 in
1678 1338 1838 1391 terra,
1872 1324 2052 1379 omnia

2176 1321 2376 1384 ιὺτῶν;
2413 1320 2476 1373 '0
2508 1318 2576 1372 δὲ
2599 1319 2743 1386 Θεὸς
2768 1320 2936 1388 ἡμῶν
2954 1319 3022 1373 ἐν
3044 1319 3122 1385 τῷ
3151 1319 3384 1388 οὐρανῷ
3413 1319 3508 1372 καὶ
3548 1320 3624 1372 ἐν
3651 1318 3732 1387 τῇ

481 1433 798 1486 quacunque
830 1417 991 1472 voluit
1022 1417 1163 1488 fecit.
1191 1416 1493 1475 Simulacra
1527 1419 1755 1490 gentium
1781 1426 2051 1488 argentum

2176 1412 2252 1482 νῇ,
2303 1414 2500 1467 πάντα
2545 1413 2661 1468 ὅσα
2701 1411 3004 1480 ἠθέλησεν
3058 1414 3324 1480 ἐποίησε.
3382 1413 3458 1467 Τὰ
3503 1413 3730 1466 albula

481 1518 532 1564 et
566 1525 777 1573 aurum,
813 1526 969 1579 opera
1000 1527 1248 1564 manuum
1284 1510 1571 1565 hominum.
1608 1509 1707 1564 Hic
1739 1508 1872 1563 mihi
1901 1507 2053 1563 vide-

2176 1506 2267 1559 ’ῶν
2284 1505 2472 1562 ἐθνῶν
2489 1506 2772 1574 ἀργύριον
2787 1507 2883 1559 καὶ
2910 1507 3185 1573 χρυσίον,
3205 1506 3347 1575 ἔργα
3367 1505 3495 1558 τῶν
3514 1504 3731 1575 χειρῶν

483 1607 575 1652 tur
611 1598 847 1669 Spiritus
893 1608 1117 1656 sanctus
1167 1601 1349 1671 populi
1385 1617 1452 1656 ex
1501 1599 1920 1655 circumcisione
1962 1597 2054 1652 ab-

2176 1596 2494 1664 ῐνθρώπων.
2543 1595 2807 1650 Ἐνταῦθά
2839 1614 2926 1668 μοι
2957 1595 3105 1649 δοκεῖ
3135 1596 3196 1649 τὸ
3217 1595 3446 1666 Πνεῦμα
3478 1596 3540 1648 τὸ
3573 1596 3732 1664 ἅγιον

481 1691 775 1760 jectionem
804 1692 1174 1759 subindicare,
1208 1701 1371 1764 atque
1404 1692 1678 1748 orationes
1711 1691 1848 1762 ipsis
1881 1689 2054 1745 trade—

2176 1689 2478 1742 ιὶνίττεσθαι
2521 1689 2615 1742 τοῦ
2669 1691 2734 1742 ὲκ
2780 1689 3082 1760 περιτομῆς
3131 1688 3257 1741 λαοῦ
3294 1687 3392 1759 τὴν
3435 1689 3733 1760 ἀποϐολὴν,

477 1797 547 1836 τε
578 1782 644 1836 ad
680 1783 1070 1847 conﬁtendum,
1109 1785 1332 1855 haecque
1361 1786 1525 1840 verba
1555 1800 1619 1839 ex
1656 1785 1894 1855 ipsorum
1931 1797 2055 1853 per-

2176 1781 2317 1852 ,bxﬁv
2355 1797 2414 1834 τε
2461 1781 2644 1844 αὐτοῖς
2689 1781 3036 1851 παραδιδόναι
3079 1782 3157 1844 εἰς
3205 1780 3617 1851 ἐξομολόγησιν,
3670 1785 3735 1836 ὲκ

489 1889 625 1927 sona
649 1874 938 1944 proferre;
966 1877 1120 1946 queis
1164 1876 1404 1930 declarat
1453 1877 1601 1947 ipsos
1642 1877 1897 1930 virtutem
1950 1873 2056 1930 sibi

2176 1870 2443 1944 τροσώπου
2471 1890 2530 1924 τε
2561 1872 2738 1926 αὐτῶν
2763 1871 2834 1925 τὰ
2848 1872 3092 1943 παρόντα
3127 1873 3456 1940 φάσκειν,δι’
3481 1866 3558 1924 ὧν
3589 1891 3733 1944 παρα

488 1966 914 2035 prospicientem
962 1983 1071 2021 non
1105 1967 1335 2022 ulterius
1383 1967 1583 2022 habere
1615 1967 1849 2036 :hisque
1898 1966 2055 2020 insti-

491 2066 720 2110 tuuntur
772 2056 840 2111 ad
888 2057 1287 2112 obsecrantium
1322 2065 1375 2112 et
1405 2056 1694 2112 dicendum
1737 2076 1751 2112 :
1786 2055 1896 2112 Nos
1929 2057 2054 2128 qui-

487 2147 617 2201 dem
667 2147 876 2218 indigni
930 2164 1123 2204 sumus
1161 2148 1356 2218 gratia,
1385 2164 1490 2218 qua
1541 2148 1820 2203 donantur
1869 2163 2058 2203 omnes

375 2271 384 2278 -
494 2248 682 2311 gentes
720 2259 733 2292 :
772 2248 826 2293 at
855 2255 923 2295 ne
952 2239 1112 2294 nobis
1147 2240 1262 2294 haec
1289 2239 1481 2304 facias,
1511 2238 1774 2307 Domine;
1806 2240 1900 2296 sed
1929 2257 2058 2312 pro-

495 2342 618 2402 pter
647 2346 844 2385 nomen
867 2337 1031 2386 tuum
1066 2331 1211 2402 quod
1233 2331 1302 2386 ab
1331 2331 1488 2386 initio
1517 2331 1828 2388 invocatum
1862 2342 1946 2389 est
1969 2349 2062 2390 su-

497 2437 594 2492 per
621 2437 757 2487 nos,
788 2437 964 2492 neque
985 2437 1049 2477 ex
1077 2421 1307 2492 justitiis
1337 2421 1565 2489 nostris,
1599 2421 1694 2478 sed
1743 2439 1809 2478 ex
1851 2425 2064 2480 miseri-

499 2511 687 2568 cordia
708 2520 761 2566 et
789 2511 1015 2567 veritate
1039 2519 1129 2564 tua
1162 2511 1214 2564 id
1248 2511 1539 2566 concedas.
1583 2511 1716 2565 Nam
1756 2511 1801 2567 si
1832 2528 1940 2566 non
1969 2512 2067 2567 mi-

500 2604 757 2668 serearis,
788 2610 977 2675 gentes
1007 2602 1190 2657 dicent
1229 2621 1243 2656 :
1289 2601 1390 2655 Ubi
1423 2614 1498 2656 est
1555 2601 1698 2656 Deus
1727 2606 1955 2658 eorum?
1988 2602 2065 2658 Ne

498 2709 631 2751 vero
653 2712 890 2768 unquam
915 2695 1018 2751 hoc
1043 2695 1258 2751 dictum
1277 2694 1577 2766 proferant,
1603 2694 1844 2750 concede
1875 2711 1937 2749 ac
1959 2695 2065 2748 tri-

508 2791 613 2843 bue
643 2788 801 2844 nobis
831 2787 1264 2842 misericordiam
1301 2796 1472 2842 tuam.
1511 2786 1734 2841 Etiamsi
1774 2790 1918 2842 enim
1966 2801 2068 2840 nos

507 2879 774 2949 inspectio
805 2887 894 2932 tua
916 2893 1026 2932 non
1059 2877 1291 2946 amplius
1322 2877 1608 2948 gubernet,
1633 2877 1726 2933 sed
1747 2893 2069 2948 persuasum

506 2965 770 3020 habemus
793 2969 850 3018 te
880 2979 1001 3019 esse
1032 2964 1085 3017 in
1121 2964 1283 3032 caelo,
1308 2972 1362 3020 et
1389 2980 1453 3021 ea
1481 2963 1658 3021 facere
1691 2982 1812 3036 quae
1847 2967 1996 3022 velis.

578 3137 742 3194 Vens.
767 3138 924 3194 548.
956 3137 1078 3193 Non
1113 3137 1284 3205 nobis,
1333 3137 1580 3202 Domine,
1627 3156 1729 3193 non
1776 3139 1945 3205 nobis,
1979 3142 2068 3196 sed

509 3232 707 3286 nomini
740 3240 826 3284 tuo
859 3231 929 3284 da
963 3231 1188 3301 gloriam
1217 3247 1236 3284 :
1272 3247 1427 3300 super
1470 3230 1833 3285 misericordia
1883 3242 1972 3286 tua
2020 3244 2068 3286 et

509 3324 725 3377 veritate
764 3333 874 3386 tua,
916 3321 1190 3392 nequando
1245 3321 1425 3377 dicant
1453 3332 1624 3394 gentes
1653 3336 1672 3374 :
1705 3319 1804 3374 Ubi
1829 3331 1904 3375 est
1933 3321 2070 3377 Deus

508 3417 738 3470 eorunt?
763 3414 904 3470 Deus
941 3424 1115 3467 autem
1149 3422 1324 3468 noster
1353 3415 1408 3468 in
1441 3414 1566 3468 caelo
1601 3422 1650 3468 et
1681 3413 1735 3467 in
1768 3423 1927 3478 terra,
1959 3431 2072 3468 om-

511 3511 601 3562 nia
621 3524 935 3578 quacunque
966 3509 1127 3561 coluit
1173 3506 1320 3577 fecit.
1370 3504 1670 3560 Simulacra
1709 3507 1940 3575 gentium
1979 3522 2071 3558 ar-

509 3609 718 3667 gentum
745 3608 793 3652 et
822 3615 1030 3658 aurum,
1072 3615 1230 3668 opera
1266 3614 1516 3652 manuum
1561 3597 1865 3660 hominum;
1890 3613 1946 3650 os
1980 3597 2075 3648 lia-

513 3693 651 3755 bent,
683 3701 734 3745 et
778 3707 880 3744 non
925 3691 1231 3759 loquentur;
1265 3691 1442 3746 oculos
1473 3691 1684 3755 habent,
1726 3698 1774 3743 et
1806 3705 1909 3742 non
1938 3689 2077 3741 vide-

511 3781 672 3843 bunt;
703 3797 856 3835 aures
885 3781 1098 3846 habent,
1131 3793 1306 3837 etnon
1334 3783 1577 3846 audient;
1607 3800 1760 3838 nares
1789 3780 2000 3846 habent,
2025 3791 2074 3835 et

513 3885 615 3921 non
657 3868 988 3931 odorabunt';
1037 3887 1223 3925 manus
1253 3871 1465 3933 habent,
1523 3881 1572 3926 et
1617 3890 1719 3926 non
1752 3872 2075 3943 palpabunt;

509 3957 662 4022 pedes
689 3957 899 4016 habent.
925 3968 1098 4010 et-non
1127 3958 1504 4023 ambulabunt;
1530 3977 1631 4012 non
1653 3960 2079 4028 vociferabantur

510 4049 565 4101 in
593 4056 804 4117 gutture
827 4064 942 4101 suo.
975 4047 1188 4102 Similes
1224 4049 1332 4102 illis
1363 4050 1495 4118 ﬁant
1541 4051 1629 4118 qui
1664 4051 1868 4118 faciunt
1907 4067 1989 4114 ea,
2026 4059 2076 4104 et

511 4154 689 4192 omnes
720 4138 809 4208 qui
836 4137 1105 4206 conﬁdunt
1137 4143 1190 4191 in
1217 4140 1312 4194 eis.
1336 4138 1536 4194 Domus
1569 4139 1742 4195 Israel
1774 4144 1997 4212 speravit
2023 4144 2078 4196 in

512 4230 760 4294 Damino,
795 4227 1010 4298 adjutor
1037 4245 1216 4284 eorum
1257 4239 1306 4284 et
1338 4239 1599 4299 protector
1627 4249 1806 4287 eorum
1837 4244 1934 4289 est.
1967 4233 2077 4288 Do-

2159 1963 2396 2019 ίστανται
2417 1964 2610 2035 μηκέτι
2625 1963 2838 2034 ἔχοντες
2857 1963 2952 2034 τὴν
2973 1964 3373 2018 ἐπισκοποῦσαν
3389 1966 3572 2026 αὐτοῖς
3587 1964 3736 2018 θείαν

2154 2056 2415 2126 δύναμιν⁹
2450 2055 2518 2108 δι’
2543 2049 2618 2108 ὧν
2655 2054 2998 2109 διδάσκονται
3032 2053 3246 2108 δέεσθαι
3278 2056 3374 2108 καὶ
3400 2057 3734 2126 παρακαλεῖν

2156 2145 2245 2199 διὰ
2265 2145 2358 2198 τοῦ
2388 2143 2566 2212 λέγειν
2587 2163 2600 2174 ·
2642 2145 2834 2214 Ἡμεῖς
2867 2146 2966 2215 μὲν
2996 2143 3200 2208 ἀνάξιοι
3247 2147 3347 2215 τῆς
3397 2147 3627 2217 χάριτος,
3659 2141 3729 2215 ἧς

2158 2237 2520 2307 κατηξίωνται
2550 2237 2728 2291 πάντα
2762 2236 2831 2288 τὰ
2857 2236 2982 2308 ἔθνη
3004 2254 3018 2269 ο
3053 2236 3187 2290 ἀλλὰ
3215 2236 3291 2306 μὴ
3315 2240 3446 2307 ἡμῖν
3475 2240 3709 2309 ποιήσῃς

2160 2329 2433 2384 Δέσποτα·
2471 2329 2606 2383 ἀλλὰ
2635 2329 2797 2383 διὰτὸ
2826 2329 2996 2400 ὄνομά
3029 2347 3118 2381 σου
3143 2330 3202 2382 τὸ
3223 2329 3279 2394 ἐξ
3306 2330 3478 2400 ἀρχῆς
3507 2329 3740 2398 ἐπικληο

2163 2421 2251 2475 θὲν
2282 2421 2364 2490 ἐφ’
2397 2421 2565 2491 ἡμᾶς,
2594 2421 2687 2473 καὶ
2714 2420 2789 2492 μὴ
2817 2424 2937 2484 ταῖς
2979 2420 3132 2492 ἡμῶν
3160 2421 3552 2486 δικαιοσύναις,
3599 2421 3741 2475 ἀλλὰ

2163 2512 2239 2582 τῷ
2279 2511 2356 2583 σῷ
2390 2512 2527 2565 ἐλέει
2559 2512 2780 2582 χάρισαι
2815 2513 2908 2565 καὶ
2934 2516 2996 2584 τῇ
3022 2517 3084 2583 σῇ
3119 2512 3369 2584 ἀληθείᾳ.
3411 2514 3474 2565 Et
3513 2512 3620 2584 γὰρ
3656 2514 3736 2584 μὴ

2165 2602 2463 2672 ἐλεήσειας,
2498 2601 2679 2673 ἐροῦσι
2711 2600 2780 2654 τὰ
2818 2601 2945 2673 ἔθνη
2971 2619 2984 2633 ο
3033 2602 3156 2656 Ποῦ
3191 2604 3363 2656 ἐστιν
3395 2606 3430 2656 ὀ
3464 2603 3610 2668 Θεὸς
3637 2605 3744 2656 αὐ-

2169 2694 2318 2758 τῶν;
2359 2695 2497 2748 Ἀλλ’
2531 2695 2620 2750 ἵνα
2646 2696 2719 2766 μή
2757 2712 2886 2748 ποτε
2930 2695 3118 2748 τοῦτον
3172 2697 3368 2749 εἴπωσι
3419 2695 3511 2748 τὸν
3568 2696 3743 2764 λόγον,

2168 2785 2387 2854 χάρισαι
2432 2787 2563 2856 ἡμῖν
2603 2785 2698 2837 καὶ
2740 2783 2982 2855 δώρησαι
3027 2783 3174 2848 ἔλεός
3215 2801 3332 2838 σου.
3363 2784 3482 2838 Κᾶν
3519 2786 3632 2856 γὰρ
3672 2785 3747 2854 μὴ

2170 2876 2317 2945 ἡμᾶς
2350 2876 2544 2945 μηκέτι
2578 2877 2611 2946 ἡ
2663 2876 2728 2946 σὴ
2773 2876 3044 2947 ὲπισκοπὴ
3080 2876 3443 2948 διακυὸερνᾷ,
3481 2875 3617 2929 ἀλλὰ
3647 2893 3751 2928 πει

2096 2975 2137 3032 c
2172 2962 2444 3036 πεῖσμεθὰ
2474 2983 2531 3018 σε
2566 2962 2703 3020 εἶναι
2740 2966 2798 3018 ὲν
2840 2966 2918 3037 τῷ
2949 2967 3182 3038 οὐρανῷ,
3205 2968 3301 3020 καὶ
3352 2967 3520 3021 ταῦτα
3571 2970 3748 3021 ποιεῖν

2177 3058 2317 3128 ἅπερ
2349 3056 2671 3129 ἠϐουλήθης.

2247 3149 2343 3216 Μὴ
2379 3148 2540 3218 ἡμῖν,
2589 3151 2782 3217 Κύριε,
2808 3148 2893 3219 μὴ
2952 3148 3116 3218 ἡμῖν,
3149 3149 3287 3204 ἀλλ’
3321 3149 3359 3218 ἦ
3387 3149 3470 3216 τῷ
3500 3150 3746 3218 ὀνόματι

2177 3255 2292 3292 σου
2314 3237 2420 3304 δὸς
2448 3238 2635 3302 δόξαν
2653 3256 2666 3267 ⁸
2695 3238 2794 3290 ἐπὶ
2817 3237 2898 3303 τῷ
2917 3237 3073 3292 ἐλέει
3116 3255 3234 3292 σου
3268 3239 3369 3291 καὶ
3400 3237 3477 3305 τῇ
3500 3239 3746 3305 ἀληθείᾳ

2178 3346 2314 3391 σου,
2340 3327 2422 3397 μή
2453 3346 2595 3382 ποτε
2621 3328 2833 3381 εἴπωσι
2875 3329 2946 3382 τὰ
2976 3328 3140 3395 ἕθνιιγ
3181 3329 3305 3382 Ποῦ
3343 3329 3510 3382 ἐστιν
3534 3332 3570 3382 ὁ
3604 3330 3748 3391 Θεὸς

2179 3419 2375 3474 αὐτῶν
2397 3437 2415 3485 ;
2458 3423 2519 3474 '0
2543 3420 2610 3472 δὲ
2637 3419 2780 3486 Θεὸς
2803 3419 2971 3489 ἡμῶν
2995 3419 3065 3472 ἐν
3084 3419 3164 3485 τῷ
3193 3419 3427 3488 οἰιρανῷ
3447 3419 3539 3471 καὶ
3568 3418 3638 3470 ἐν
3669 3415 3746 3485 τῇ

2179 3511 2278 3583 τῇ,
2324 3513 2517 3567 πάντα
2568 3513 2683 3567 ὅσα
2726 3511 3032 3580 ἠθέλησεν
3066 3511 3372 3579 ἐποίησεν.
3424 3511 3498 3564 Τὰ
3529 3509 3747 3564 εἴδωλα

2180 3604 2298 3658 τῶν
2330 3605 2521 3660 ἐθνῶν
2563 3605 2842 3675 ἀργύριον
2887 3605 2986 3660 καὶ
3026 3605 3298 3673 χρυσίον,
3340 3605 3478 3670 ἔργα
3521 3601 3740 3670 χειρῶν

2181 3694 2522 3764 ἀνθρώπων·
2563 3700 2757 3764 στόμα
2814 3695 3024 3764 ἔχουσι
3069 3695 3167 3748 καὶ
3215 3696 3282 3746 οὐ
3327 3689 3740 3756 λαλήσουσιν,

2183 3785 2524 3854 ὀφθαλμοὺς
2547 3785 2758 3853 ἔχουσι
2787 3785 2885 3839 καὶ
2913 3786 3024 3838 οὐκ
3053 3785 3320 3852 ὄψονται·
3355 3780 3473 3834 ὦτα
3500 3781 3748 3850 ἔχουσι,

2183 3874 2281 3929 καὶ
2341 3877 2452 3928 οὐκ
2518 3874 2913 3942 ἀκούσονται,
2969 3873 3147 3943 ῥῖνας
3204 3873 3411 3942 ἔχουσι
3470 3871 3573 3923 καὶ
3639 3872 3751 3924 οὐκ

2184 3964 2740 4036 ὀσφρανθήσονται·
2775 3966 2975 4035 χεῷας
2999 3965 3207 4032 ἔχουσι
3243 3961 3338 4015 καὶ
3375 3962 3446 4015 οὐ
3479 3961 3756 4030 ψηλαφή-

2185 4071 2390 4123 σουσι,
2415 4055 2604 4122 πόδας
2635 4055 2847 4124 ἔχουσι
2884 4056 2984 4108 καὶ
3015 4057 3086 4108 οὐ
3121 4051 3660 4121 περιπατήσουσιν,
3686 4053 3756 4104 οὐ

2181 4147 2576 4221 φωνήσουσιν
2618 4146 2687 4199 ἐν
2717 4145 2796 4211 τῷ
2826 4145 3081 4215 λάρυγτι
3138 4143 3356 4198 αὐτῶν.
3396 4145 3611 4210 Ὅμοιοι
3657 4143 3760 4196 αὺ-

2183 4218 2314 4308 τοῖς
2337 4237 2600 4308 γένοιντο
2641 4239 2694 4289 οἱ
2738 4236 3055 4302 ποιοῦντες
3079 4235 3250 4298 αὐτὰ,
3286 4235 3386 4287 καὶ
3433 4233 3659 4298 πάντες
3707 4235 3762 4286 οι

514 4340 631 4377 mus
667 4324 848 4378 Aaron
888 4325 1114 4393 speravit
1167 4326 1222 4378 in
1271 4324 1516 4389 Domino,
1558 4325 1772 4394 adjutor
1812 4343 1990 4381 eorum
2029 4338 2075 4382 et

2181 4330 2529 4392 πεποιθότες
2577 4326 2667 4379 ἐπ’
2722 4325 2951 4392 αὐτοῖς.
3004 4322 3178 4392 Οἵκος
3210 4324 3450 4392 Ἰσραὴλ
3501 4323 3765 4392 ἤλπισεν

512 4425 775 4484 protector
801 4432 981 4470 eorum
1021 4425 1120 4470 est.
1163 4416 1268 4482 Qui
1310 4418 1492 4470 timent
1524 4415 1805 4471 Dominum
1843 4434 2078 4487 sperave-

515 4516 640 4560 runt
677 4509 731 4561 in
769 4507 1015 4576 Domino,
1051 4507 1267 4577 adjutor
1296 4524 1474 4561 eorum
1521 4518 1570 4562 et
1612 4519 1873 4578 protector
1900 4527 2080 4565 eorum
2108 4525 2126 4549 ⁶

513 4608 615 4651 est.
665 4597 920 4655 Dominus
967 4615 1165 4654 memor
1200 4601 1370 4653 nostri
1411 4599 1676 4654 benedixit
1713 4602 1882 4658 nobis.
1922 4602 2083 4660 Bene-

516 4688 654 4740 dixit
684 4689 864 4743 domui
908 4689 1102 4757 Israel,
1132 4690 1395 4745 benedixit
1445 4690 1627 4746 domui
1670 4693 1852 4749 Aaron
1883 4711 1901 4749 :
1930 4696 2080 4752 bene-

518 4779 654 4832 dixit
693 4781 758 4834 iis
810 4783 899 4851 qui
953 4783 1138 4836 timent
1185 4781 1496 4846 Dominum,
1547 4785 1755 4852 pusillis
1810 4803 1927 4840 cum
1970 4805 2084 4842 ma-

519 4869 740 4931 ioribus.
801 4872 1035 4942 Adjiciat
1076 4873 1332 4929 Dominus
1368 4890 1522 4943 super
1562 4892 1670 4940 vos,
1711 4891 1865 4945 super
1905 4895 1993 4934 vos
2033 4892 2084 4934 et

521 4977 676 5029 super
729 4962 870 5031 ﬁlios
931 4973 1148 5020 uestros.
1189 4965 1458 5020 Benedicti
1511 4982 1597 5020 vos
1632 4984 1665 5019 a
1703 4966 1948 5033 Domino,
1996 4971 2085 5041 qui

521 5053 644 5121 fecit
683 5053 865 5106 cwlum
894 5065 943 5108 et
979 5065 1194 5112 terram.
1234 5056 1433 5112 Cazlum
1465 5058 1581 5113 caeli
1609 5056 1856 5124 Domino,
1891 5069 2084 5115 terram

521 5157 696 5201 autem
734 5145 875 5200 dedit
910 5149 1036 5217 ﬁliis
1071 5149 1359 5206 hominum.
1407 5150 1528 5207 Non
1567 5153 1763 5207 mortui
1796 5153 2086 5210 laudabunt

406 5285 415 5294 .
527 5250 596 5305 te,
620 5241 863 5303 Domine,
889 5257 1050 5311 neque
1072 5258 1247 5297 omnes
1270 5244 1361 5313 qui
1381 5243 1698 5298 descendunt
1720 5245 1773 5300 in
1799 5245 2084 5314 infernum.

526 5335 631 5392 Sed
670 5353 764 5390 nos
795 5336 884 5406 qui
918 5335 1138 5389 vivimus
1187 5335 1540 5390 benedicemus
1590 5335 1840 5402 Domino,
1882 5353 1946 5391 ea:
1995 5338 2088 5394 hoc

526 5445 665 5482 nunc
697 5439 745 5483 et
777 5444 936 5499 usque
965 5427 1022 5483 in
1050 5427 1322 5481 streulum.
1372 5424 1438 5481 Hi
1480 5429 1732 5483 versiculi
1773 5430 1826 5484 in
1858 5430 2088 5500 quibus-

2185 4423 2283 4475 ἐπὶ
2330 4420 2572 4488 Κύριον,
2619 4415 2854 4484 ,βοηθὸς
2914 4416 3010 4470 καὶ
3063 4413 3524 4484 ὑπερασπιστὴς
3565 4413 3768 4468 αὐτῶν

2191 4513 2385 4567 ἐστιν.
2419 4506 2596 4574 Οἶκος
2616 4509 2833 4576 Ἀαρὼν
2857 4509 3118 4578 ἤλπισεν
3146 4509 3245 4561 ἐπὶ
3271 4509 3511 4576 Κύριον,
3533 4506 3768 4575 ,ϐοηθὸς

2187 4605 2286 4658 καὶ
2316 4601 2780 4673 ὑπερασπιστὴς
2828 4599 3027 4656 αὐτῶν
3069 4601 3259 4656 ἐστιν.
3312 4603 3377 4654 οι
3409 4601 3770 4670 φοϐούμενοι

2189 4702 2292 4756 τὸν
2311 4701 2528 4769 Κύριον
2540 4696 2814 4765 ἤλπισαν
2827 4695 2926 4749 ἐπὶ
2956 4696 3191 4763 Κύριον,
3215 4694 3438 4761 ,ϐοηθὸς
3467 4691 3566 4746 καὶ
3589 4694 3773 4760 ὑπερ-

2187 4791 2492 4859 ασπιστὴς
2532 4787 2735 4846 αὐτῶν
2779 4787 2969 4842 ἐστιν.
3010 4787 3224 4855 Κύριος
3273 4784 3567 4856 μνησθεὶς
3599 4783 3775 4852 ἡμῶν

2188 4883 2525 4952 εὐλόγησεν
2565 4876 2748 4953 ἡμᾶς.
2796 4877 3112 4947 Held-mas
3153 4876 3261 4930 τὸν
3308 4874 3479 4929 οἷκον
3505 4873 3772 4942 Ἰσραὴλ,

2189 4977 2485 5047 εὐλόγησε
2510 4978 2617 5032 τὸν
2649 4953 2824 5032 οἷκον
2851 4970 3094 5040 Ἀαρών·
3137 4974 3436 5041 εὐλόγησε
3474 4968 3618 5035 τοὺς
3663 4987 3776 5038 φο.

2194 5069 2517 5139 ὄουμένους
2548 5071 2656 5125 τὸν
2705 5067 2949 5142 Κύριον,
2999 5065 3143 5132 τοὺς
3175 5063 3427 5134 μικροὺς
3467 5063 3621 5134 μετὰ
3654 5060 3781 5115 τῶν

2186 5158 2481 5229 μεγάλων.
2525 5154 2822 5230 Προσθεεὶη
2878 5156 3089 5224 Κύριος
3129 5155 3222 5226 ἐφ’
3259 5153 3434 5226 ὑμᾶς,
3485 5154 3582 5223 ἐφ’
3617 5153 3780 5222 ὑμᾶς

2194 5249 2291 5302 καὶ
2336 5250 2434 5303 ἐπὶ
2470 5250 2608 5316 τοὺς
2637 5250 2811 5319 υἱοὺς
2828 5247 3016 5318 ὑμῶν.
3047 5247 3452 5318 Εὐλογημένοι
3484 5245 3657 5316 ὑμεῖς
3698 5243 3779 5308 τῷ

2195 5341 2405 5409 Κιιρίῳ,
2437 5342 2518 5409 τῷ
2547 5341 2874 5410 ποιήσαντι
2907 5341 3015 5396 τὸν
3046 5340 3308 5410 οὐρανὸν
3342 5337 3440 5393 καὶ
3476 5338 3595 5408 τὴν
3631 5336 3771 5408 τῆν.

2205 5433 2268 5486 Ὀ
2297 5433 2552 5501 οὐρανὸς
2583 5437 2691 5489 τοῦ
2733 5433 2997 5516 οὐρανοῦ
3040 5430 3122 5499 τῷ
3152 5433 3367 5502 Κυρίῳ,
3402 5429 3519 5500 τὴν
3544 5430 3615 5484 δὲ
3651 5428 3778 5498 γῆν

527 5522 653 5573 dam
693 5519 1091 5593 exemplaribus
1121 5533 1150 5572 a
1171 5518 1382 5589 psalmo
1410 5533 1544 5573 cxm
1576 5519 1816 5575 distincti
1843 5536 1906 5576 ac
1934 5537 2075 5591 sepa-

2195 5523 2378 5579 ἔδωκε
2422 5524 2546 5592 τοῖς
2581 5525 2735 5593 υἱοῖς
2766 5525 2890 5580 τῶν
2921 5522 3266 5593 ἀνθρώπων.
3301 5525 3423 5593 Οὐχ
3472 5527 3526 5577 οι
3570 5519 3777 5590 νεκροὶ

527 5613 633 5664 sati
661 5624 820 5680 sinit;
848 5615 920 5668 ita
951 5620 1007 5668 ιιι
1025 5615 1139 5668 haec
1163 5627 1288 5668 cur
1318 5613 1583 5676 psalmum
1607 5614 1961 5668 constituant.
1998 5615 2086 5680 At,

2195 5616 2513 5672 alréaovcl
2567 5634 2661 5684 σε,
2711 5619 2912 5688 Κϋιοιε,
2950 5615 3091 5672 οὐδέ
3129 5616 3352 5682 πάντες
3403 5618 3456 5669 ol
3495 5613 3778 5668 καταϐαί-

601 5705 678 5774 μ)
713 5703 857 5760 Psal.
900 5721 1044 5788 cm,
1089 5705 1244 5778 juxta
1288 5701 1562 5762 Hebraea.
1599 5703 1712 5762 Vid.
1755 5702 1898 5757 infra
1946 5708 2089 5777 apud
2131 5705 2330 5764 Euseb.
2361 5706 2518 5765 Enn.
