4044 6212
13 3888 33 3925 ι

13 3982 35 4031 τί

14 4068 36 4104 5

13 4152 49 4193 ς

14 4228 51 4283 Κ.

14 4330 51 4379 ⁵η

14 4412 47 4469 τὲ

14 4624 45 4652 μ.

18 4788 53 4849 ξι

14 4876 51 4924 ’ξ

14 4956 51 5015 εἴ

20 5066 49 5106 5

13 5252 38 5303 ἔ

327 251 461 309 1357
1410 237 1910 297 COMMENTARIA
1944 237 2010 291 IN
2050 234 2382 292 PSALMOS.
3421 229 3559 285 i338

325 390 531 440 νοντες
557 375 646 440 εὶς
692 371 861 440 ᾆδον.
896 370 1047 426 Ἀλλ’
1079 369 1251 439 ἡμεῖς
1294 368 1349 421 oi
1383 362 1594 431 ζῶντες
1640 362 1896 433 εὐλογή-

1999 375 2118 416 cum
2148 360 2395 430 inspecto
2420 358 2771 440 Hebmorum
2808 356 2969 424 ιιιπο,
3002 371 3193 413 eorum
3220 354 3484 410 dictiones
3506 362 3560 411 et

324 479 515 532 σομεν
539 461 646 515 τὸν
669 462 893 530 Κύριον
919 458 1037 514 ἀπὸ
1074 458 1181 512 τοῦ
1216 456 1333 512 νῦν
1352 455 1451 511 καί
1480 455 1593 520 ἕως
1616 454 1723 508 τοῦ
1760 451 1896 508 aitE-

325 569 450 617 νος.
487 550 803 604 Διέσταλται
834 551 930 604 καὶ
978 548 1121 613 ίδίως
1159 545 1463 617 ἀφώρισται
1490 543 1585 598 τοῦ
1630 549 1730 616 ριγ¹
1762 541 1896 613 ψαλ-

330 642 433 715 μοῦ
465 641 522 696 ἕν
553 659 663 696 τισι
701 641 809 697 τῶν
861 642 1209 715 ἀντιγράφων
1251 639 1321 693 τά
1368 638 1722 711 προκείμενα,
1756 635 1896 689 ὥστε

328 731 465 790 εἶναι
496 734 591 806 ριδ⁹
613 734 823 806 ψαλμὸν
842 734 934 787 τὸν
964 733 1101 805 μετά
1130 736 1336 806 χεῖρας.
1383 729 1597 801 Ἐπειδὴ
1625 728 1702 793 δὲ,
1731 726 1897 795 ὲγκύ-

327 826 435 897 ψας
465 829 600 900 αὐτῇ
633 831 700 900 τῇ
742 827 1006 898 Ἐϐραίων
1046 826 1230 897 βίϐλῳ,
1259 825 1384 888 τοὺς
1415 821 1592 876 αὐτῶν
1623 821 1899 893 χαρακτῆ-

331 939 429 993 ρας
469 921 843 991 συνημμένους
885 912 1044 991 εὗρον
1088 919 1182 971 καλ⁵
1225 916 1323 979 τὰς
1379 913 1572 979 λέξεις,
1624 913 1899 991 ἐπέστησα

328 1010 507 1075 καλῶς
535 1010 894 1082 ἀκολουθῆσαι
941 1012 1006 1081 τῇ
1047 1007 1308 1081 Ἐϐραίων
1343 1004 1528 1077 βίὸλῳ,
1559 1001 1790 1072 συνάψαι
1836 1018 1898 1055 τε

327 1107 439 1167 τοῖς
468 1103 748 1174 προτέροις
774 1102 842 1155 τά
866 1101 1222 1173 προκείμενα,
1258 1097 1399 1151 ὥστε
1428 1092 1567 1150 εῖναι
1614 1095 1777 1168 μέρος
1801 1093 1900 1147 αὐ-

328 1196 395 1250 τὰ
425 1195 519 1249 τοῦ
561 1202 662 1267 ριγ¹
691 1193 884 1266 ὕμνου.
916 1195 1074 1247 Δοκεῖ
1114 1187 1207 1246 οὖν
1251 1190 1322 1244 τά
1370 1188 1707 1262 προκείμενα
1736 1187 1901 1257 ἀνηρ-

327 1288 521 1361 τῆσθαι
539 1289 645 1342 τῶν
675 1288 955 1360 προτέρων
974 1304 987 1316 ο
1017 1284 1357 1341 παιδεύονται
1390 1283 1498 1354 γὰρ
1529 1283 1580 1335 οἱ
1605 1280 1792 1344 παῖδες
1819 1273 1901 1342 οἷς

328 1381 545 1450 ἐλέγετο
563 1398 576 1412 ·
611 1380 860 1445 Αἰνεῖτε,
894 1377 1125 1444 παῖδες,
1158 1378 1400 1445 Κύριον,
1426 1374 1702 1429 τουτέστιν
1730 1376 1759 1429 ὁ
1783 1373 1903 1437 νέος

327 1473 472 1537 λαός,
515 1475 666 1526 ποῖον
694 1471 898 1543 Κύριον
926 1470 1188 1541 προσήκει
1216 1455 1424 1521 αἰνεῖν·
1471 1466 1627 1538 δῆλον
1658 1465 1714 1520 δὲ
1744 1464 1903 1518 αὐτὸν

327 1567 533 1620 ἐκεῖνον
555 1565 645 1618 τὸν
679 1566 734 1617 ὲν
762 1567 827 1635 τῇ
855 1563 1019 1634 ἐξόδῳ
1053 1560 1269 1633 Ἰσραὴλ
1317 1562 1383 1632 τῇ
1426 1557 1485 1624 ἐξ
1516 1558 1792 1628 Αἰγύπτου
1834 1555 1902 1612 τά

327 1652 564 1707 τοσαῦτα
625 1654 903 1725 θαυμάσια
959 1650 1416 1722 διαπραξάμενον.
1495 1650 1752 1713 Ἑκείνοις
1809 1645 1904 1702 οὖν

1993 455 2337 510 characteres
2361 436 2685 523 coniunctos
2711 466 2833 509 esse
2857 449 3177 522 repererim,
3209 446 3561 504 Hebraeorum

1992 547 2192 603 librum
2235 545 2569 616 sequendum
2613 558 2756 610 esse,
2796 553 2958 613 atque
2986 541 3262 612 prioribus
3284 539 3401 595 haec
3427 555 3562 595 con-

1988 638 2267 709 iungenda
2296 652 2417 694 esse
2443 636 2728 701 aestimavi,
2757 635 2831 689 ita
2863 644 2924 688 ut
2949 634 3063 689 haec
3086 647 3214 703 pars
3242 632 3353 687 sint
3378 643 3562 689 cente—

1994 732 2115 787 simi
2142 730 2337 786 decimi
2363 729 2507 786 tertii
2525 728 2728 800 hymni.
2751 726 3014 783 Videntur
3029 726 3214 797 itaque
3228 725 3343 781 hac
3360 742 3562 797 praece—

1993 822 2250 878 dentibus
2282 820 2575 875 coluerere.
2615 816 2751 872 Nam
2793 816 2947 887 pueri
2983 815 3083 881 illi,
3122 814 3323 886 quibus
3353 814 3560 869 dictum

1993 923 2099 980 est,
2131 913 2390 981 Laudate,
2423 914 2592 982 pueri,
2627 911 2934 975 Dominum,
2968 909 3024 964 id
3053 916 3159 975 est,
3191 921 3368 964 novus
3388 920 3562 979 popu-

1994 1008 2102 1073 ius,
2124 1007 2424 1064 edocentur
2440 1020 2603 1077 quem
2634 1003 2924 1059 Dominum
2954 1002 3178 1057 laudare
3203 1016 3303 1072 par
3331 1001 3424 1056 sit.
3451 999 3562 1055 Pa-

1997 1102 2103 1156 lam
2133 1110 2313 1156 autem
2337 1107 2577 1171 esteum
2608 1098 2788 1168 ipsum
2817 1111 2959 1160 esse,
2999 1095 3094 1165 qui
3124 1093 3180 1149 in
3213 1093 3362 1150 exitu
3394 1091 3563 1150 Israel

1998 1194 2067 1250 de
2113 1192 2350 1265 Egypto
2394 1199 2547 1247 tanta
2600 1190 2868 1245 miracula
2912 1188 3103 1246 edidit.
3151 1187 3564 1257 Consequenter

1998 1284 2165 1357 igitur
2195 1285 2262 1339 ad
2305 1284 2397 1339 illa
2443 1283 2743 1339 edocentur
2786 1281 2914 1352 ipsi,
2954 1297 3023 1338 ne
3056 1280 3309 1352 ignorent
3338 1279 3560 1350 quinam

1999 1374 2205 1430 iuerint
2234 1373 2311 1429 illi
2352 1374 2420 1428 ab
2450 1389 2509 1429 se
2539 1373 2669 1429 olim
2702 1373 2779 1428 dii
2805 1371 3124 1438 existimati,
3164 1371 3311 1442 quod
3353 1370 3566 1426 scilicet

2000 1468 2181 1523 anima
2210 1468 2469 1537 omnique
2487 1481 2653 1521 sensu
2675 1464 2972 1530 caruerint,
2996 1463 3305 1535 fuerintque
3324 1469 3562 1527 mortua,

2001 1569 2151 1616 muta
2174 1569 2227 1615 et
2254 1574 2397 1615 caeca
2430 1560 2594 1624 idola,
2625 1558 2761 1613 nihil
2789 1557 2967 1614 simile
2990 1556 3269 1622 habentia,
3300 1572 3411 1611 non
3441 1555 3567 1612 dico

2001 1667 2201 1722 magno
2229 1657 2284 1706 et
2317 1650 2647 1705 mirabilium
2680 1649 2878 1704 editori
2898 1688 2914 1714 ,
2947 1649 3192 1704 omnium
3230 1647 3431 1719 Opilici,
3471 1646 3567 1703 sed

326 1745 634 1809 ἀκολούθως
660 1747 709 1800 oi
748 1745 902 1799 αὐτοὶ
929 1744 1269 1799 διδάσκονται
1311 1744 1435 1807 τοὺς
1482 1742 1647 1796 πάλαι
1689 1759 1899 1813 νενομι-

2001 1759 2072 1800 ne
2097 1745 2183 1799 vel
2223 1741 2514 1814 postremis
2544 1757 2731 1797 eorum
2777 1756 2898 1825 quae
2937 1741 3116 1796 anima
3149 1747 3202 1795 et
3234 1755 3400 1795 sensu
3428 1752 3569 1809 pra:-

330 1835 561 1908 σμένους
593 1836 772 1889 αὐτῶν
806 1835 963 1899 θεοὺς
999 1834 1173 1889 ὁποῖοί
1214 1851 1359 1897 τινες
1386 1829 1526 1905 ἦσαν
1557 1832 1631 1905 μὴ
1664 1834 1895 1903 ἀγνοεῖν,

327 1925 409 1979 ὅτι
444 1925 638 1998 ἀψυχοι
687 1927 781 1979 καὶ
816 1926 995 1997 πάσης
1048 1924 1352 1996 αἰσθήσεως
1397 1924 1774 1995 ἐστερημένοι,
1823 1925 1904 1979 ὅτι

327 2018 517 2091 νεκρὰ,
565 2020 659 2073 καὶ
698 2018 858 2089 κωφά
902 2020 997 2073 καὶ
1036 2017 1213 2089 τυφλὰ
1261 2015 1477 2081 εἴδωλα,
1516 2014 1667 2070 οὐδὲν
1720 2015 1903 2087 ὅμοιον

325 2110 537 2181 ἔχοντα,
554 2111 615 2164 οὐ
647 2113 786 2182 φημὶ
800 2110 877 2182 τῷ
908 2110 1128 2183 μεγάλῳ
1156 2110 1248 2165 καὶ
1264 2106 1673 2181 παραδοξοποιῷ
1699 2109 1895 2179 ποιητῇ

1998 1835 2111 1891 dita
2148 1843 2275 1890 sunt
2308 1854 2321 1889 :
2352 1834 2447 1890 sed
2485 1832 2787 1888 inanimata
2816 1848 3045 1904 prorsus
3076 1834 3303 1887 materia
3342 1832 3562 1887 fuerint.

1997 1926 2065 1981 Et
2086 1927 2177 1980 illa
2205 1926 2448 1997 quidem,
2482 1924 2740 1979 animalia
2770 1923 2993 1995 inquam
3019 1924 3279 1991 animata,
3309 1921 3404 1979 Dei
3436 1921 3571 1979 Ver-

1999 2018 2069 2073 bo
2095 2019 2465 2074 constiterunt
2493 2037 2506 2072 :
2543 2025 2600 2072 at
2625 2017 2705 2071 illi
2735 2016 2978 2088 gentium
3012 2016 3110 2080 dii,
3134 2023 3192 2070 ut
3215 2016 3567 2087 putabantur,

1999 2108 2364 2164 humanorum
2399 2124 2626 2180 operum
2660 2108 2917 2181 ﬁgmenta
2947 2113 3095 2164 sunt.

324 2199 430 2252 τῶν
458 2198 614 2262 ὅλων,
639 2198 752 2252 ἀλλ’
782 2198 902 2253 οὐδὲ
925 2202 1035 2264 τοῖς
1067 2199 1314 2270 ἐσχάτοις
1373 2198 1481 2252 τῶν
1529 2195 1810 2268 ἐμψύχων,
1849 2191 1931 2261 οἷς
1964 2198 2215 2270 μέτεστιν
2247 2198 2579 2270 αἰσθήσεωςο
2615 2199 2792 2271 πάντη
2816 2198 2873 2252 δὲ
2903 2197 3108 2270 ἄψυχος
3139 2198 3239 2270 ὕλη
3297 2198 3566 2271 καθέστη-

325 2309 439 2346 κεν.
474 2294 716 2346 Κάκεῖνα
773 2291 890 2363 μὲν,
938 2291 1081 2361 λέγω
1112 2291 1177 2363 δὴ
1205 2291 1273 2345 τά
1322 2290 1541 2364 ἔμψυχα
1596 2291 1731 2356 ζῶα,
1778 2288 1913 2342 Θεοῦ
1961 2291 2119 2362 Λόγῳ
2174 2291 2501 2363 συνέστηκεν
2544 2308 2562 2360 Ἀ
2613 2292 2663 2345 oi
2722 2289 2779 2343 δὲ
2823 2289 2933 2344 τῶν
2981 2290 3149 2345 ἐθνῶν
3195 2294 3570 2364 νενομισμένοι

327 2385 439 2438 θεοὶ
470 2382 825 2454 ἀνθρωπίνων
857 2382 1032 2455 ἔργων
1063 2383 1462 2454 άναπλάσματα
1490 2383 1861 2455 τυγχάνουσιν.

814 2498 1234 2553 ΑΛΛΗΛΟΥΙΔ.
1273 2496 1415 2553 Ρ1Δ’.

409 2591 733 2662 Ἠγὰπησα,
752 2590 841 2644 ὅτι
861 2591 1283 2645 εὶσακούσεται
1321 2592 1538 2660 Κύριος
1563 2589 1674 2659 τῆς
1694 2588 1900 2659 φωνῆς

327 2685 439 2755 τῆς
472 2682 735 2749 δεήσεώς
760 2700 901 2752 μου,
934 2681 1021 2735 ὅτι
1052 2682 1252 2738 ἔκλινε
1298 2682 1366 2737 τὸ
1391 2678 1501 2749 οὖς
1532 2682 1716 2736 αὐτοῦ
1742 2681 1893 2751 ἐμοὶ,

329 2778 429 2831 καί
463 2777 532 2831 ἐν
558 2775 687 2842 ταῖς
712 2773 959 2844 ἡμέραις
988 2792 1107 2844 μου
1148 2773 1594 2846 ἐπικαλέσομαι.
1639 2774 1696 2827 Ὀ
1728 2773 1896 2827 πάλαι

330 2867 659 2940 φοϐούμενος
692 2867 785 2921 τὸν
810 2866 1035 2940 Κύριον,
1074 2866 1174 2938 ἤδη
1211 2866 1491 2940 προκόψας
1540 2864 1647 2921 ἀπὸ
1668 2865 1764 2921 τοῦ
1795 2866 1894 2936 φό-

331 2961 447 3026 ϐου,
489 2960 582 3015 καὶ
627 2958 863 3030 μεταϐὰς
889 2959 981 3011 ἐπὶ
1022 2959 1120 3031 τὴν
1150 2959 1368 3030 ἀγάπην
1420 2957 1514 3012 τοῦ
1562 2958 1718 3023 Θεοῦ,
1752 2958 1894 3013 είποι

333 3052 418 3116 ἂν,
453 3051 759 3122 Ἠγάπησα
778 3066 796 3084 ο
844 3051 967 3105 τίνα
990 3052 1068 3116 δὲ,
1102 3050 1134 3122 ἢ
1158 3051 1375 3123 δηλαδὴ.
1405 3051 1607 3123 Κύριον
1635 3051 1727 3106 τδν
1758 3051 1915 3107 Θεόν’

2494 2491 2858 2550 A’LLELUIA.
2900 2494 3083 2551 CXIV.

2075 2583 2241 2641 Vens.
2276 2585 2328 2650 Ι,
2355 2584 2410 2640 2.
2445 2584 2626 2639 θείεΞὶ
2654 2587 2905 2656 quoniam
2927 2587 3173 2643 exaudiet
3203 2588 3461 2645 Dominus
3491 2608 3572 2647 oo-

2001 2693 2112 2732 cem
2140 2677 2397 2731 orationis
2421 2694 2569 2747 mete,
2593 2680 2718 2751 quia
2740 2680 3015 2752 inclinavit
3041 2698 3224 2737 aurem
3244 2699 3396 2739 suam
3419 2686 3571 2752 mihi,

1998 2780 2049 2824 et
2075 2770 2129 2823 in
2153 2768 2335 2824 diebus
2367 2770 2496 2824 meis
2518 2748 2802 2825 invocabo?
2819 2772 2922 2838 Qui
2948 2773 3078 2828 olim
3110 2772 3395 2830 Dominum
3421 2748 3573 2833 time;

2000 2862 2113 2925 bat,
2140 2862 2251 2932 jam
2282 2875 2314 2914 a
2347 2861 2542 2918 timore
2570 2861 2871 2934 proiectus,
2900 2871 2954 2919 et
2981 2866 3050 2919 ad
3087 2863 3432 2923 dilectionem
3469 2866 3568 2925 Dei

1998 2963 2399 3026 transgressus,
2420 2955 2544 3026 jure
2565 2955 2785 3019 dixerit,
2818 2955 2997 3011 Dilexi
3021 2974 3040 3011 :
3065 2973 3222 3027 quem
3248 2974 3431 3029 porro,
3459 2961 3569 3018 nisi

1999 3044 2287 3100 Dominum
2306 3043 2494 3109 Deum,
2513 3061 2580 3102 ex
2597 3052 2711 3101 toto
2734 3046 2921 3113 corde,
2940 3048 3144 3103 virtute
3165 3057 3329 3119 atque
3352 3051 3566 3119 anima;

331 3139 393 3205 ἐξ
427 3140 554 3211 ὅλης
583 3140 827 3211 καρδίας,
856 3139 949 3194 καὶ
973 3141 1250 3211 δυνάμεως
1270 3141 1365 3194 καὶ
1383 3140 1579 3213 ψυχῆς,
1606 3140 1747 3196 ὥστε
1774 3142 1892 3196 ἓνε-

1999 3139 2073 3193 ita
2101 3146 2162 3193 ut
2191 3147 2416 3209 pr0pter
2446 3139 2651 3207 ipsum,
2680 3139 2767 3193 vel
2791 3136 2858 3192 ad
2882 3148 3112 3195 mortem
3147 3157 3321 3212 usque
3349 3158 3572 3200 concer-

332 3248 426 3285 κεν
446 3229 610 3285 αὐτοῦ
633 3233 726 3285 καὶ
751 3231 909 3303 μέχρι
934 3231 1163 3286 θανάτου
1200 3232 1560 3301 ἀγωνίζεσθαι
1587 3233 1726 3307 ὑπὲρ
1761 3233 1893 3306 ἀλη-

333 3320 504 3386 θείας,
553 3319 733 3374 πάντα
764 3336 823 3372 τε
863 3320 1151 3390 ὑπομεῖναι
1201 3319 1524 3391 πειρασμὸν,
1576 3320 1670 3373 καὶ
1720 3320 1897 3374 πάντα

333 3412 573 3466 κίνδυνον
625 3412 921 3483 ὑποστῆναι
979 3410 1272 3483 προθύμως
1317 3410 1405 3465 διὰ
1447 3408 1544 3483 τὴν
1595 3413 1731 3485 πρὸς
1766 3411 1899 3466 Θεὸν

332 3504 589 3575 ἀγάπην;
624 3505 745 3558 Ὅτι
802 3505 1004 3558 ἔκλινε
1041 3504 1108 3557 τὸ
1151 3499 1262 3570 οὖς
1288 3503 1475 3558 αὐτοῦ
1520 3503 1669 3574 ἐμοὶ,
1702 3503 1801 3558 καί
1830 3504 1901 3558 ἐν

333 3594 461 3660 ταῖς
509 3594 754 3664 ἡμέραις
799 3611 915 3663 μου
961 3592 1410 3662 ἐπικαλέσομαι.
1464 3592 1796 3663 Περιέσχωθ
1821 3609 1900 3663 με

332 3686 539 3753 ὠδῖνες
577 3684 856 3750 θανάτου,
891 3684 1159 3740 κίνδυνοι
1184 3684 1331 3752 ᾅδου
1357 3684 1620 3753 εὕροσάν
1633 3700 1711 3753 με
1727 3700 1742 3713 ⁸
1769 3685 1900 3740 θλί-

333 3782 444 3847 ¹ςβίν
471 3777 569 3832 καί
597 3776 824 3845 ὀδύνην
854 3769 1055 3844 εὗρον,
1081 3775 1181 3829 καὶ
1211 3775 1275 3829 τὸ
1306 3775 1494 3845 ὄνομα
1518 3774 1738 3844 Κυρίου
1768 3775 1902 3829 ἐπε-

336 3869 704 3938 καλεσάμην,
735 3866 803 3922 Ὦ
873 3868 1066 3937 Κύριε,
1115 3866 1303 3936 ῥῦσαι
1351 3867 1465 3937 τὴν
1498 3866 1709 3937 ψυχήν
1758 3883 1897 3938 μουο

336 3958 608 4027 ἐλεήμων
636 3957 733 4012 καὶ
766 3957 995 4026 δίκαιος
1026 3961 1060 4013 ό
1090 3959 1327 4027 Κύριος,
1355 3956 1454 4012 καί
1491 3960 1524 4012 ό
1550 3956 1695 4024 Θεὸς
1731 3956 1902 4027 ἡμῶν

337 4049 512 4105 ἐλεεῖ.
546 4049 882 4104 Φυλάσσων
922 4051 996 4105 τὰ
1028 4048 1214 4117 νήπια
1253 4052 1285 4103 ό
1333 4049 1564 4118 Κύριος,
1586 4048 1899 4103 ἐταπεινώ-

340 4140 474 4205 θην,
504 4137 603 4191 καὶ
635 4137 831 4192 ἐσωσέ
862 4156 960 4208 με.
1017 4139 1430 4208 Ἐπίστρεψιον,
1454 4135 1623 4207 ψυχή
1644 4155 1787 4207 μου,
1813 4139 1901 4204 εις

340 4227 454 4297 τὴν
476 4227 823 4283 ἀνάπαυσίν
850 4243 988 4292 σου,
1014 4228 1103 4282 ὅτι
1132 4229 1346 4298 Κύριος
1380 4226 1741 4298 εὐηργέτησέ
1790 4242 1865 4283 σε
1882 4244 1897 4260 ·

340 4319 431 4374 ὅτι
472 4320 734 4385 ἐξείλετο
781 4318 896 4389 τὴν
925 4319 1135 4389 ψυχήν
1168 4338 1286 4389 μου
1333 4320 1402 4374 ἐκ
1439 4318 1718 4385 θανάτου,
1760 4318 1902 4386 τοὺς

341 4413 683 4482 ὀφθαλμούς
734 4429 853 4482 μου
884 4409 1004 4465 ἀπὸ
1050 4409 1338 4479 δακρύων,
1365 4412 1465 4467 καί
1516 4412 1658 4479 τοὺς
1709 4411 1901 4479 πόδας

1995 3236 2074 3286 tet
2110 3244 2211 3301 pro
2243 3231 2491 3296 veritate,
2526 3245 2591 3286 ac
2614 3231 2867 3300 quamvis
2895 3236 3249 3289 tentationem
3275 3237 3568 3303 sustineat,

1998 3323 2231 3397 quodvis
2261 3323 2566 3394 periculum
2590 3322 2851 3378 alacriter
2872 3338 2983 3393 pra:
3010 3323 3102 3379 Dei
3126 3342 3312 3382 amore
3339 3328 3572 3384 subeat?

1994 3413 2254 3471 -—Vens.
2285 3414 2400 3470 5—8.
2436 3415 2576 3482 Quia
2614 3415 2891 3471 inclinavit
2937 3433 3119 3472 aurem
3161 3435 3314 3474 suam
3342 3421 3491 3487 mihi,
3518 3430 3570 3477 et

1996 3507 2054 3561 in
2080 3505 2263 3561 diebus
2295 3507 2422 3560 meis
2454 3505 2725 3561 invocabo.
2754 3507 3225 3563 Circumdederunt
3253 3527 3334 3566 me
3359 3512 3566 3570 dolores

1999 3596 2206 3662 martis,
2249 3595 2485 3665 pericula
2524 3596 2719 3665 inferni
2760 3598 3066 3652 invenerunt
3104 3615 3201 3654 me.
3241 3600 3283 3655 Τ
3288 3602 3571 3659 ribulatio-

1998 3703 2117 3742 nem
2161 3696 2213 3741 et
2249 3685 2482 3742 dolorem
2523 3687 2715 3751 inveni,
2745 3697 2795 3742 et
2830 3704 3017 3743 nomen
3058 3688 3275 3746 Domini
3311 3693 3565 3749 invocavi.

2002 3777 2048 3834 Ο
2072 3778 2318 3843 Domine,
2341 3779 2508 3834 libera
2532 3780 2768 3834 animam
2789 3798 2981 3851 meam,
3008 3784 3303 3839 misericors
3326 3795 3376 3840 et
3385 3787 3567 3856 justus

2006 3869 2282 3935 Dominus,
2309 3882 2359 3925 et
2396 3870 2537 3926 Deus
2567 3885 2744 3926 noster
2766 3874 3059 3928 miseretur.
3097 3874 3408 3933 Custodiens
3438 3895 3568 3948 par-

1998 3961 2146 4018 vulos
2194 3961 2475 4030 Dominus,
2522 3963 2832 4020 humiliatus
2888 3983 3042 4031 sum,
3100 3979 3151 4023 et
3201 3969 3428 4025 salvabit
3466 3989 3565 4026 me.

2002 4049 2329 4118 Convertere,
2373 4057 2554 4110 anima
2589 4074 2725 4117 mea,
2768 4058 2825 4111 in
2853 4060 3081 4130 requiem
3115 4072 3281 4127 tuam,
3312 4064 3438 4134 quia
3464 4064 3573 4120 Do-

2002 4145 2174 4200 minus
2209 4145 2458 4214 benefecit
2489 4148 2603 4202 tibi.
2648 4148 2790 4216 Quia
2827 4151 3019 4220 eripuit
3049 4154 3283 4207 animam
3314 4172 3479 4209 meam
3507 4156 3571 4208 de

2002 4244 2190 4301 morte,
2219 4235 2397 4290 oculos
2432 4255 2572 4292 meos
2601 4255 2634 4292 α
2668 4240 2941 4311 lacrymis,
2970 4242 3123 4311 pedes
3156 4260 3294 4299 meos
3329 4263 3363 4299 a
3396 4246 3568 4315 lapsu.

2002 4324 2149 4393 Haec,
2183 4327 2379 4398 inquit,
2409 4330 2592 4383 omnia
2626 4340 2851 4401 propter
2880 4330 3050 4388 Deum
3084 4350 3380 4406 perpessus
3406 4336 3572 4393 dilexi

2002 4417 2173 4472 illum.
2209 4417 2327 4475 Non
2363 4421 2506 4476 enim
2557 4432 2750 4491 praeter
2796 4424 3156 4492 voluntatem,
3203 4442 3382 4497 neque
3422 4427 3572 4484 rel‘u-

338 4522 454 4575 μου
482 4502 599 4559 ἀπὸ
637 4503 1055 4574 ὀλισθήματος.
1089 4503 1267 4557 Πάντα
1289 4503 1395 4575 γάρ
1429 4504 1621 4573 ταῦτα,
1651 4504 1802 4577 φησι,
1816 4504 1899 4559 διὰ

2005 4509 2235 4582 giendo,
2282 4511 2377 4567 sed
2425 4513 2681 4568 alacriter
2715 4530 2801 4570 me
2841 4516 2925 4573 his
2971 4518 3228 4574 omnibus
3261 4520 3484 4586 tradidi,
3516 4530 3573 4579 et

338 4596 431 4651 τὸν
455 4596 587 4651 Θεὸν
624 4596 923 4668 ὑπομείνας
959 4593 1241 4666 ἠγάπησα.
1275 4596 1346 4648 Ob
1374 4594 1482 4668 γὰρ
1515 4596 1665 4668 παρὰ
1706 4596 1899 4670 προαί-

344 4704 512 4761 ρεσιν,
559 4686 683 4741 οὔτε
737 4686 972 4758 φεύγων,
1006 4685 1299 4761 προθύμως
1345 4685 1402 4740 δὲ
1430 4688 1664 4757 ἐμαυτὸν
1691 4687 1899 4751 τούτοις

344 4779 544 4833 ἅπασιν
582 4777 871 4842 ἐπιδιδοὺς,
906 4776 1133 4851 ἔστερξα
1168 4777 1256 4832 διά
1303 4776 1398 4849 τὴν
1445 4778 1580 4851 πρὸς
1632 4781 1723 4835 τὸν
1767 4780 1900 4834 Θεὸν

340 4871 586 4944 ἀγάπην·
630 4870 707 4934 ὡς
745 4868 1000 4924 δύνασθαι
1035 4869 1214 4939 λέγειν
1234 4886 1248 4901 ·
1284 4868 1527 4923 Ἕνεκέν
1558 4885 1671 4925 σου
1718 4877 1900 4929 θανα-

2008 4603 2120 4657 haec
2143 4602 2425 4673 amplexus
2452 4620 2571 4659 sum
2600 4614 2823 4676 propter
2855 4623 3097 4664 amorem
3128 4609 3260 4679 Dei;
3299 4611 3374 4666 ita
3403 4618 3464 4666 ut
3484 4611 3570 4669 di-

2004 4707 2126 4747 cere
2170 4693 2482 4750 valeamus:
2512 4694 2730 4765 Propter
2772 4707 2820 4752 te
2857 4700 3240 4768 mortificamur
3272 4709 3384 4755 tota
3420 4701 3506 4757 die
3528 4702 3571 4759 ⁸.

2005 4783 2130 4839 Haec
2173 4784 2371 4856 quippe
2419 4788 2603 4843 omnia
2648 4788 2813 4844 dilexi
2863 4798 3085 4861 propter
3134 4788 3468 4860 Dominum;
3507 4809 3570 4849 ac

2004 4891 2127 4931 cum
2156 4876 2456 4948 diligerem,
2485 4894 2684 4935 nomen
2711 4879 2927 4937 Domini
2954 4883 3226 4940 invocavi.

341 4963 595 5030 τούμεθα
614 4959 767 5029 ὅλην
795 4962 910 5029 τὴν
934 4961 1181 5032 ἡμέραν.
1219 4960 1403 5015 Πάντα
1439 4961 1548 5033 γὰρ
1589 4961 1758 5027 ταῦτα
1795 4964 2055 5039 ἠγάπησα
2111 4968 2200 5023 διά
2255 4970 2346 5025 τὸν
2374 4970 2593 5043 Κύριον,
2621 4972 2711 5025 καὶ
2727 4972 3017 5044 ἀγαπήσας
3050 4973 3112 5028 τὺ
3156 4974 3327 5047 ὄνομα
3369 4973 3572 5046 Κυρίου

343 5051 778 5125 ἑπεκαλεσάμην.

415 5144 817 5215 Εὐαρεστήσω
840 5146 1093 5202 ἐνώπιον
1115 5147 1336 5217 Κυρίου
1377 5147 1449 5201 ἐν
1475 5145 1633 5218 χώρᾳ
1657 5146 1904 5210 ζώντων.

353 5234 416 5292 '0
440 5236 641 5308 κόσμος
681 5233 834 5304 οὗτος
879 5239 1039 5304 αὐτὸς
1069 5239 1129 5294 τέ
1167 5241 1282 5294 ἐστι
1327 5239 1538 5312 θνητὸς,
1583 5241 1676 5295 καὶ
1712 5243 1908 5313 χωρίον

343 5328 791 5402 ἀποθνησκόντων
818 5330 983 5385 ἐστίν.
1012 5332 1229 5404 Ἐπειδὴ
1250 5330 1359 5405 γὰρ
1390 5330 1638 5397 σύνθετός
1658 5334 1772 5386 ἐστι
1801 5333 1911 5389 τῶν

343 5417 634 5494 ὁρωμένων
655 5423 689 5493 ἠ
720 5421 1007 5488 σύστασιςο
1034 5422 1095 5477 τὸ
1136 5425 1194 5479 δὲ
1240 5424 1491 5480 σύνθετον
1527 5425 1670 5482 ἆπαν
1702 5426 1911 5482 διαλύε-

347 5511 470 5567 σθαι
503 5512 744 5583 πέφυκεν
764 5530 777 5544 ο
810 5514 869 5567 ὲν
903 5512 981 5586 τῷ
1009 5515 1198 5589 κόσμῳ
1224 5516 1393 5583 ὄντες,
1436 5515 1599 5594 μέρος
1632 5516 1783 5583 ὄντες
1816 5518 1911 5574 τοῦ

420 5670 442 5701 ⁵
477 5666 626 5725 Psal.
658 5684 787 5725 mn
812 5710 827 5737 ,
858 5668 951 5729 22.

2075 5147 2241 5206 Vsus.
2274 5149 2328 5205 9.
2366 5149 2593 5205 Placebo
2627 5168 2806 5206 coram
2838 5151 3067 5210 Domino
3090 5155 3147 5210 in
3172 5156 3380 5227 region
3411 5156 3574 5211 oinen‘

2008 5243 2159 5299 tium.
2211 5241 2312 5298 Hic
2354 5243 2590 5301 mundus
2627 5260 2755 5300 vere
2790 5254 2845 5302 et
2880 5246 2998 5319 ipse
3038 5249 3312 5312 mortalis.
3357 5255 3411 5303 et
3452 5263 3572 5303 mo-

2007 5334 2262 5392 rientium
2306 5337 2461 5393 locus
2505 5345 2608 5394 est.
2650 5335 2789 5405 Quia
2836 5341 2985 5397 enim
3036 5356 3221 5397 rerum
3269 5340 3569 5403 visibilium

2009 5427 2328 5483 constitutio
2370 5429 2673 5501 composita
2703 5438 2807 5497 est,
2838 5446 3000 5488 omne
3031 5445 3162 5488 vero
3202 5413 3568 5501 compositum

2011 5521 2275 5590 solvitur;
2309 5536 2433 5579 cum
2462 5521 2520 5580 in
2552 5522 2756 5581 mundo
2783 5529 2837 5583 et
2866 5539 2994 5596 pars
3031 5521 3221 5579 mundi
3247 5522 3443 5591 simus,
3469 5537 3570 5581 ne-
