4040 6210
513 199 648 256 1559

1186 197 1453 254 EUSEBll
1490 198 1963 256 CESARIENSIS
1996 198 2147 255 OPP.
2190 198 2369 255 PARS
2407 200 2494 257 111.
2532 208 2600 244 —'
2630 200 3039 259 EXEGETICA.

3628 212 3781 270 i560

506 322 750 377 cessario
779 328 986 376 natura:
1025 320 1267 375 universi
1303 327 1590 377 consortes
1624 337 1851 388 sumus;
1883 329 1940 376 at
1968 321 2058 375 illi:

2181 322 2409 394 κόσμου,
2441 322 2752 392 ἀναγκαίως
2780 322 2882 394 τῆς
2908 321 3001 377 τοῦ
3035 324 3232 389 παντὸς
3266 325 3481 396 φύσεως
3507 328 3790 384 ἀπολαύο-

507 431 617 470 non
656 421 741 469 est
772 413 1077 467 immutatio
1107 412 1189 466 vel
1229 413 1477 484 corporis
1521 413 1607 468 vel
1647 414 1861 468 animae.
1893 412 2079 484 Neque

505 506 650 562 enim
702 514 787 560 est
837 505 1185 576 cogitationis
1233 504 1531 569 aberratio,
1580 520 1758 576 neque
1797 507 2080 562 sententiae

504 594 757 661 variatio,
782 607 908 649 cum
938 595 1086 648 nulla
1106 593 1392 649 calamitas
1420 600 1671 663 pacatum
1700 594 2080 663 tranquillum-

505 703 609 757 que
648 685 1040 758 cogitationum
1091 685 1342 741 ordinem
1390 683 1624 741 auferat.
1670 681 1764 738 Illa
1813 684 1941 739 item
1993 695 2079 740 est

503 779 653 850 regio
694 778 1024 844 viventium,
1071 778 1163 833 ubi
1217 792 1279 833 se
1326 777 1562 833 maxime
1602 775 1712 834 Deo
1752 777 2076 847 placiturum

501 871 763 943 propheta
802 872 1161 942 praenuntiat;
1212 881 1273 925 ut
1319 871 1412 942 qui
1450 884 1481 924 a
1525 870 1679 927 nullo
1714 878 1975 927 extraneo
2007 885 2078 925 ex

501 979 732 1019 numero
757 962 1056 1019 viventium
1090 961 1500 1019 abscindendus
1534 962 1626 1019 sit.
1659 960 1755 1018 illa
1785 962 1938 1034 regio
1968 969 2074 1028 est,

498 1056 553 1111 in
585 1070 692 1126 qua
719 1070 897 1126 neque
930 1071 1062 1120 nox,
1112 1069 1291 1126 neque
1337 1069 1589 1118 somnus,
1631 1054 1827 1109 mortis
1871 1054 2071 1126 imago,

405 1153 409 1159 “
498 1166 675 1221 neque
708 1150 887 1216 cibus,
911 1166 1087 1220 neque
1109 1159 1292 1221 potus,
1320 1148 1656 1205 infirmitatis
1685 1157 1886 1204 nostra:
1915 1149 2076 1203 fulci-

497 1250 701 1309 menta,
731 1256 833 1298 nec
864 1242 1144 1313 quidpiam
1186 1256 1377 1296 eorum
1424 1256 1544 1312 quae
1584 1242 1929 1297 extrinsecus
1958 1255 2075 1295 mo-

497 1335 709 1391 lestiam
740 1342 965 1401 creant;
1003 1332 1099 1390 sed
1138 1333 1290 1404 regio
1320 1333 1644 1399 viventium,
1690 1348 1792 1389 nec
1822 1349 1919 1404 per
1946 1348 2074 1404 pec-

494 1430 677 1477 catum
706 1422 1085 1487 morientium;
1122 1428 1178 1475 at
1204 1435 1331 1477 vera
1362 1421 1473 1477 vita
1511 1422 1805 1479 viventium
1834 1423 1890 1479 in
1913 1423 2073 1479 Chri-

495 1518 584 1565 sto
612 1509 769 1567 Jesu.

1002 1625 1365 1681 ALLELUIA.
1408 1626 1570 1683 CXV.

565 1741 727 1798 Vens.
746 1739 1171 1803 10-12.Credidi.
1196 1756 1407 1810 propter
1424 1741 1561 1811 quod
1579 1742 1783 1796 locutus
1807 1759 1923 1795 sum
1944 1757 2067 1812 :ego

491 1846 665 1891 autem
694 1836 1003 1891 humiliatus
1035 1852 1152 1889 sum
1179 1836 1358 1890 nimis.
1384 1833 1494 1906 Ego
1533 1846 1706 1889 autem
1727 1835 1842 1888 dixi
1876 1837 1929 1888 in
1975 1851 2069 1889 ea:-

493 1943 643 1982 ceuu
697 1925 1057 1981 meo:0mnis
1098 1924 1252 1980 homo
1300 1924 1544 1978 mendax.
1584 1924 1724 1990 Quid
1781 1924 2068 1978 retribuam

492 2017 719 2072 Domino
747 2032 843 2087 pro
869 2015 1109 2069 omnibus
1130 2030 1246 2085 qua
1268 2013 1511 2067 retribuit
1535 2013 1699 2070 mihi?
1720 2012 1777 2067 In
1800 2012 2069 2069 Hebraico

490 2108 788 2179 exemplari
818 2107 933 2162 haec
957 2121 1081 2160 cum
1116 2104 1547 2176 praecedentibus
1584 2106 1878 2175 conjuncta
1912 2116 2064 2174 sunt,

490 2203 564 2258 ita
592 2210 650 2256 ut
684 2202 875 2256 horum
909 2199 1179 2256 sententia
1212 2214 1338 2254 cum
1364 2198 1666 2269 praemissis
1694 2198 1985 2268 cohaereat,
2013 2208 2070 2256 et

490 2310 618 2367 pars
641 2309 830 2349 eorum
887 2293 978 2349 sit.
1032 2291 1168 2347 Nam
1189 2306 1316 2347 cum
1341 2291 1569 2348 dixisset
1593 2291 1667 2346 ibi
1699 2308 1714 2345 :
1737 2291 2065 2358 Convertere,

491 2386 671 2440 anima
701 2401 838 2447 mea,
877 2385 930 2438 in
961 2384 1191 2455 requiem
1220 2392 1401 2447 tuam;
1432 2398 1495 2438 ac
1540 2398 1760 2439 rursum
1793 2402 1806 2438 :
1837 2383 2067 2439 Placebo

488 2482 545 2536 in
574 2488 847 2544 conspectu
883 2478 1100 2532 Domini
1129 2478 1185 2530 in
1216 2476 1423 2548 regione
1470 2477 1781 2541 viventium;
1815 2477 1901 2532 hic
1930 2478 2062 2533 sub-

484 2572 664 2642 iungit
680 2571 795 2625 haec
815 2570 1015 2625 verba:
1036 2564 1271 2632 Credidi,
1298 2577 1508 2637 propter
1529 2568 1667 2638 quod
1690 2569 1891 2623 locutus
1925 2585 2062 2624 sum.

489 2661 665 2716 Aliam
696 2662 896 2730 quippe
927 2673 1049 2714 esse
1081 2656 1360 2728 regionem
1390 2657 1691 2712 viventium
1728 2668 1922 2727 praeter
1964 2659 2066 2712 hu~

489 2768 705 2809 manam
734 2755 898 2806 vitam
934 2748 1163 2815 credidi,
1196 2764 1427 2820 esseque
1451 2749 1577 2804 item
1602 2751 1798 2805 animae
1818 2752 2064 2821 requiem

488 2846 648 2900 aliam
682 2853 875 2916 [muter
909 2851 1180 2897 terrenam
1206 2840 1616 2899 habitationem.
1653 2842 1887 2907 Credidi,
1938 2859 2064 2912 pro-

485 2948 600 3008 pter
630 2936 767 3009 quod
815 2938 1017 2991 locutus
1066 2952 1184 2989 sum
1214 2950 1233 2989 :
1260 2950 1350 3006 ego
1388 2944 1562 2989 autem
1601 2935 1910 2990 Immiliatus
1942 2954 2060 2990 sum

2185 430 2286 485 μεν
2303 430 2318 444 °
2350 416 2466 468 ἐκεῖ
2489 414 2546 468 δὲ
2565 415 2664 469 οὐκ
2692 414 2840 469 ἐστιν
2872 415 3178 481 ἀλλοίωσις,
3209 417 3329 471 οὔτε
3349 418 3635 491 σώματος,
3654 421 3788 476 οὔτε

2180 502 2378 575 ψυχῆς.
2405 503 2539 557 Οὐδὲ
2560 503 2672 578 γάρ
2697 507 2813 559 ἐστι
2841 504 3107 578 λογισμοῦ
3129 509 3481 581 παρατροπὴ,
3514 511 3655 565 οὐδὲ
3682 528 3787 583 με-

2179 594 2398 659 τάθεσις
2423 593 2664 667 γνώμης,
2691 596 2949 668 οὐδεμιᾶς
3000 599 3371 669 περιστάσεως
3411 599 3475 653 τδ
3501 600 3785 667 εὐσταθὲς

2182 687 2274 740 καὶ
2315 686 2587 759 ἀτάραχον
2636 685 2745 741 τῶν
2799 688 3077 761 λογισμῶν
3115 689 3551 763 ἀφαιρουμένης.
3605 692 3785 766 Χώρα

2179 778 2329 831 ἐστὶν
2372 779 2555 851 ἐκείνη
2586 778 2694 833 τῶν
2741 779 2821 833 ἔτι
2850 779 3088 846 ζώντων,
3118 782 3175 834 ὲν
3288 780 3524 854 μάλιστα
3570 781 3785 856 εὐαρε-

2182 870 2403 941 στήσειν
2424 868 2502 941 τῷ
2545 869 2664 942 Θεῷ
2712 872 2741 924 ὁ
2787 873 3071 944 προφήτης
3115 873 3656 943 κατεπαγγέλλεται,
3705 876 3784 940 ὡς

2180 958 2271 1012 ὑπ’
2304 959 2516 1023 οὐδενὸς
2542 959 2749 1031 μέλλων
2777 960 2885 1014 τῶν
2901 961 3096 1029 ἔξωθεν
3110 962 3499 1020 διακόπτεσθαι
3518 963 3781 1031 ζώντων.

2191 1050 2405 1125 Ἑκείνη
2428 1049 2581 1122 χώρα
2612 1052 2670 1104 ὲν
2762 1051 2860 1105 οὐκ
2895 1053 2971 1107 ἔνι
2994 1054 3111 1121 νὺξ,
3135 1055 3235 1109 οὐκ
3273 1054 3351 1109 ἐνι
3383 1054 3555 1122 ὕπνος
3578 1058 3650 1111 τὸ
3680 1056 3778 1113 τοῦ

2178 1138 2410 1194 θανάτου
2440 1139 2684 1213 μίμημα,
2712 1142 2812 1196 οὐκ
2828 1141 2906 1196 ἔνι
2929 1141 3152 1216 βρῶσις,
3175 1145 3275 1199 οὐκ
3290 1145 3367 1199 ἔνι
3388 1145 3552 1210 πόσις
3576 1146 3655 1200 τὰ
3673 1146 3777 1217 τῆς

2176 1230 2460 1294 ἀσθενείας
2489 1232 2649 1303 ἡμῶν
2681 1233 3079 1305 ὑπερείσματα,
3111 1237 3174 1290 οὐ
3191 1235 3299 1291 τῶν
3331 1236 3530 1302 ἔξωθέν
3574 1255 3637 1291 τι
3678 1252 3776 1292 πετ-

2179 1323 2501 1394 ριστατικῶν
2519 1340 2534 1354 '
2563 1323 2701 1378 ἀλλὰ
2718 1324 2872 1397 χώρα
2899 1326 3136 1393 ζώντων,
3168 1330 3269 1384 οὐκ
3300 1330 3773 1401 dnoqume

2173 1414 2261 1470 διὰ
2288 1415 2390 1487 τῆς
2419 1417 2714 1489 ἁμαρτίας,
2750 1417 2883 1472 ἀλλὰ
2918 1418 3134 1485 ζώντων
3170 1420 3270 1492 τὴν
3302 1421 3571 1494 ἀληθινὴν
3622 1421 3771 1496 ζωὴν

2173 1506 2271 1580 τὴν
2305 1509 2363 1561 ἐν
2390 1508 2612 1581 Χριστῷ
2645 1509 2840 1582 Ἰησοῦ.

2665 1623 3087 1679 ΑΛΛΗᾹΟΥῘΑ.
3115 1623 3261 1683 Ρ1Ε’.

2251 1737 2630 1801 Ἐπίστευσα,
2653 1736 2745 1791 διὸ
2782 1737 3076 1808 ἐλάλησα.
3111 1739 3226 1809 ἐγὼ
3252 1738 3321 1793 δὲ
3351 1740 3767 1810 eructum-nr

2168 1830 2422 1899 σφόδρα.
2480 1830 2622 1902 Ἐγὼ
2652 1830 2721 1885 δὲ
2753 1827 2891 1886 εἶπα
2917 1832 2988 1885 ἐν
3017 1831 3092 1902 τῇ
3120 1832 3405 1887 ἐκστάσει
3441 1851 3589 1904 μου·
3636 1834 3760 1903 Πᾶς

2167 1918 2479 1991 ἄνθρωπος
2537 1925 2831 1993 ψεύστης.
2885 1925 2946 1978 Τί
2992 1924 3395 1979 ἀνταποδώσω
3439 1924 3523 1991 τῷ
3560 1929 3761 1996 Κιῳίῳ

2168 2012 2301 2081 περὶ
2332 2012 2575 2067 πάντων
2603 2007 2692 2069 ὧν
2718 2014 3101 2069 ἀπαπέδωκέ
3143 2032 3246 2084 μοι
3269 2031 3289 2078 ;
3329 2015 3613 2087 Συνῆπται
3666 2016 3756 2071 καὶ

2164 2106 2339 2160 ταῦτα
2364 2109 2479 2171 τοῖς
2526 2108 2633 2179 πρὸ
2674 2109 2851 2163 αὐτῶν
2892 2111 2949 2163 ὲν
2980 2108 3059 2181 τῷ
3088 2109 3359 2181 Ἐϐραῖκῷ
3407 2112 3744 2183 ἀντιγράφῳν

2165 2196 2307 2252 ὥστε
2337 2198 2687 2271 ἀπηρτῆσθαι
2709 2202 2808 2273 τὴν
2841 2202 2901 2255 ὲν
2926 2202 3110 2265 αὐτοῖς
3145 2201 3385 2256 διάνοιαν
3418 2202 3528 2257 τῶν
3548 2205 3747 2276 προλε-

2165 2288 2465 2363 λεγμένων,
2516 2292 2612 2346 καὶ⁸
2658 2293 2825 2364 μέρος
2858 2290 2996 2347 εἶναι
3039 2293 3237 2348 αὐτῶν.
3300 2295 3453 2348 Ἐπεὶ
3494 2296 3595 2366 μὲν
3642 2296 3747 2369 γὰρ

2165 2383 2377 2455 εἰρήκει
2410 2400 2425 2415 ·
2476 2384 2898 2453 Ἐπίστρεψον,
2949 2384 3119 2455 ψυχή
3146 2404 3288 2457 μου,
3322 2388 3412 2453 είς
3457 2386 3576 2454 τὴν
3603 2387 3745 2443 ἀνά-

2164 2474 2398 2528 παυσίν
2438 2491 2555 2531 σου
2580 2491 2595 2505 ·
2638 2476 2733 2530 καὶ
2778 2475 2980 2530 πάλιν*
3015 2477 3421 2545 Εὐαρεστιξσω
3490 2477 3743 2534 ἐνώπιον

2164 2563 2384 2632 Κυρίου
2438 2564 2510 2617 ἐν
2565 2562 2727 2634 χώρᾳ
2774 2563 3001 2626 ζώντων
3045 2578 3060 2597 ⁸
3110 2565 3347 2621 ἐνταῦθα
3416 2567 3477 2621 δὲ
3518 2569 3742 2623 ἐπισυν-

2163 2656 2322 2710 άπτει
2368 2656 2540 2725 λέγων
2571 2674 2586 2689 ·
2637 2658 3002 2713 Ἐπίστευσα
3020 2698 3036 2722 ,
3079 2659 3171 2713 διὸ
3220 2660 3524 2729 ἐλαλησα.
3592 2658 3740 2716 Εἶναι

2165 2744 2271 2815 γὰρ
2293 2745 2474 2817 χώραν
2497 2746 2712 2813 ζώντων
2734 2749 2924 2821 ἑτέραν
2956 2750 3106 2823 παρὰ
3129 2750 3220 2804 τὸν
3262 2750 3605 2821 ἀνθρώπινον
3630 2754 3741 2822 βίον

2162 2838 2473 2904 ἐπίστευσα,
2506 2840 2600 2893 καὶ
2640 2835 2779 2895 εἶναι
2821 2840 2920 2912 τῆς
2972 2840 3149 2913 ψυχῆς
3193 2842 3503 2899 ἀνάπαυσιν
3548 2844 3739 2915 ἑτέραν

2160 2931 2312 3000 παρὰ
2364 2930 2462 3000 τὴν
2513 2931 2605 2984 ἐπὶ
2669 2931 2773 3002 γῆς
2832 2931 3140 3004 διατριϐήν·
3198 2932 3599 2999 Ἐπίστευσα,
3646 2934 3737 2988 διὸ

487 3031 667 3085 nimis.
698 3028 806 3101 Ego
838 3038 1010 3082 autem
1034 3027 1149 3081 dixi
1188 3028 1243 3083 in
1274 3043 1487 3082 excessu
1517 3043 1664 3082 meo:
1697 3027 1882 3083 Omnis
1904 3029 2057 3083 homo

2161 3019 2453 3089 ἐλάλησα,
2491 3020 2606 3092 ἐγὼ
2631 3020 2701 3076 δὲ
2755 3022 3156 3091 ἐταπεινώθην
3192 3025 3448 3095 σφόδρα.
3486 3025 3631 3095 Ἐτὼ
3668 3025 3736 3080 δὲ

486 3119 733 3175 mendax.
760 3117 1133 3187 Memetipsum
1155 3116 1458 3183 humiliavi,
1477 3125 1530 3172 ct
1552 3117 1843 3173 admodum
1860 3118 2053 3175 amixi:

484 3211 559 3266 ita
613 3212 760 3265 enim
811 3210 1202 3280 interpretatus
1266 3207 1627 3281 Symmachus
1669 3219 1775 3274 est,
1827 3211 2052 3267 dicens:

488 3303 726 3375 Afﬂictus
755 3318 872 3355 sum
904 3300 1073 3356 valde.
1116 3298 1174 3355 ld
1199 3314 1329 3357 vero
1357 3300 1609 3371 praestiti,
1644 3301 1790 3372 quod
1832 3303 2053 3367 scirem,

484 3408 699 3448 omnem
746 3392 1018 3447 hominem
1051 3406 1175 3448 esse
1205 3391 1523 3448 mendacem
1558 3411 1572 3449 :
1604 3408 1775 3463 quare
1827 3402 2054 3449 conten-

482 3487 620 3543 dens
675 3500 740 3542 ac.
781 3486 1203 3542 sollicitudinem
1247 3502 1461 3558 gerens,
1508 3503 1595 3551 ne,
1631 3498 1817 3559 utpote
1867 3489 2049 3553 homo,

483 3580 623 3635 falso
648 3578 715 3635 de
738 3594 825 3635 me
854 3579 995 3633 hanc
1020 3579 1341 3633 sententiam
1364 3579 1682 3649 protulerim
1709 3595 1722 3631 :
1750 3580 1974 3635 Plaeebo
1997 3581 2052 3635 in

482 3681 757 3741 conspectu
789 3669 1003 3725 Domini
1031 3670 1086 3724 in
1116 3671 1321 3742 regione
1340 3671 1637 3725 viventium.
1661 3668 1786 3727 Ideo
1814 3686 1937 3727 cum
1965 3672 2051 3728 fu-

483 3772 617 3816 turae
646 3761 768 3817 vita:
797 3768 852 3817 et
882 3762 1080 3816 animae
1114 3761 1343 3833 requiei,
1374 3777 1589 3818 necnon
1618 3764 1825 3835 regioni
1858 3765 2047 3819 viven-

481 3853 615 3907 tium
648 3851 804 3908 fidem
836 3853 1061 3908 habeam
1081 3894 1097 3918 ,
1127 3864 1181 3907 et
1227 3855 1341 3908 haec
1374 3854 1590 3911 locutus
1624 3856 1725 3911 sim
1758 3857 1884 3927 quia
1923 3872 2045 3912 cre-

478 3943 672 3999 debam
692 3985 709 4011 ,
735 3960 802 3998 ne
831 3959 862 3997 a
895 3944 1258 4015 promissione
1293 3945 1464 4010 labar,
1498 3960 1599 4002 nec
1620 3962 1717 4018 spe
1750 3947 2046 4005 frustratus

477 4033 725 4097 evadam,
751 4034 1129 4121 memetipsum
1163 4034 1317 4091 valde
1342 4035 1643 4093 bumiliavi.

548 4294 659 4366 Ego
686 4305 860 4348 autem
879 4293 995 4349 dixi
1029 4295 1085 4349 in
1107 4311 1315 4352 excessu
1337 4314 1480 4354 meo:
1502 4298 1685 4355 Omnis
1723 4302 1875 4358 homo
1897 4321 2041 4360 men-

2157 3108 2296 3165 εἷπα
2315 3114 2386 3166 ἐν
2406 3112 2482 3182 τῇ
2498 3113 2783 3169 ἐκστάσει
2798 3133 2916 3185 μου
2936 3132 2949 3145 ·
2968 3114 3096 3183 Πᾶς
3116 3116 3424 3185 ἄνθρωπος
3440 3120 3729 3186 3515ch.

2170 3204 2538 3259 Ἐταπείνωσα
2583 3207 2840 3278 ἐμαυτὸν,
2890 3206 2985 3261 καὶ
3011 3206 3217 3279 σφόδρα
3258 3209 3519 3263 ὲκάκωσα
3548 3225 3564 3243 ·
3594 3209 3729 3263 οὕτω

2156 3297 2265 3369 γὰρ
2317 3299 2658 3370 ήρμήνευσεν
2716 3301 2746 3353 δ
2803 3299 3100 3371 Σύμμαχος
3144 3300 3355 3354 εἰπών’
3396 3303 3723 3369 Ἔκιαὼθην

2153 3388 2408 3459 σφόδρα.
2444 3389 2613 3443 Τοῦτο
2656 3390 2715 3443 δὲ
2762 3391 3011 3462 ἐποίησα,
3066 3391 3366 3465 ἐπειδήπερ
3393 3395 3713 3466 ἠπιστάμην,

2151 3482 2235 3533 ὅτι
2283 3482 2391 3543 πᾶς
2442 3480 2728 3553 ἄνθρωπος
2775 3483 3015 3553 ψεύστης
3041 3500 3055 3514 ο
3087 3483 3279 3555 διόπερ
3334 3486 3581 3555 ἀγωνιῶν
3627 3485 3718 3541 καὶ

2152 3568 2467 3642 φροντίζων,
2524 3572 2599 3643 μὴ
2649 3572 2757 3644 ἄρα
2792 3574 2885 3627 καὶ
2931 3574 3121 3637 αὐτὸς,
3148 3573 3225 3638 ὡς
3275 3574 3550 3647 ἄνθρωπος
3577 3578 3706 3630 ἀπο-

2150 3662 2457 3734 φηνάμενος
2506 3665 2635 3734 περὶ
2668 3665 2905 3735 ἐμαυτοῦ
2938 3666 3031 3719 καὶ
3072 3665 3242 3722 εἰπὼν
3272 3685 3287 3699 ·
3309 3666 3703 3735 Εὐαρεστήσω

2147 3751 2404 3808 ἐνώπιον
2426 3756 2650 3823 Κυρίου
2680 3756 2751 3809 ἐν
2784 3755 2948 3826 χώρᾳ
2990 3756 3236 3823 ζώντων,
3271 3757 3565 3829 ψεύσωμαιο
3590 3759 3710 3813 τού-

2147 3862 2239 3899 του
2267 3846 2424 3917 χάριν
2456 3844 2752 3911 πιστεύσας
2798 3850 2865 3919 τῇ
2922 3848 3193 3923 μελλούσῃ
3240 3850 3349 3921 ζωῇ
3375 3849 3471 3903 καὶ
3512 3853 3587 3922 τῇ
3617 3853 3715 3923 τῆς

2144 3937 2319 4009 ψυχῆς
2346 3938 2668 4005 ἀναπαύσει,
2698 3943 2792 3995 καὶ
2823 3945 2890 4014 τῇ
2918 3940 3072 4014 χώρᾳ
3109 3942 3220 3995 τῶν
3248 3942 3484 4008 ζώντων,
3518 3945 3613 3998 καὶ
3634 3945 3718 3998 διὰ

2142 4028 2237 4082 τοῦ
2290 4030 2578 4085 πιστεῦσαι
2627 4030 2859 4105 λαλήσας
2915 4034 3089 4087 ταῦτα
3141 4034 3311 4101 αὐτὰ,
3372 4036 3460 4089 ἵνα
3515 4039 3717 4108 μήποτε

2143 4119 2363 4175 ὲκπέσω
2402 4122 2503 4194 τῆς
2550 4124 2897 4193 ἐπαγγελίας,
2937 4127 3031 4180 καὶ
3081 4126 3302 4198 ψευσθῶ
3342 4129 3444 4199 τῆς
3484 4129 3721 4195 ἐλπίδος,

2139 4212 2476 4268 ἐταπείνωσα
2531 4215 2764 4286 ἐμαυτὸν
2797 4216 3020 4288 σφόδρα.

2168 4296 2174 4303 ’
2223 4305 2364 4375 Ἐγὼ
2409 4305 2477 4361 δὲ
2522 4303 2660 4361 sieta
2705 4308 2775 4362 ἐν
2810 4308 2886 4378 τῇ
2935 4309 3218 4365 ἐκστάσει
3252 4328 3375 4381 μου
3403 4330 3418 4343 ·
3453 4310 3585 4379 Πᾶς
3615 4314 3722 4367 ἇν-

477 4388 601 4441 dax.
622 4385 755 4441 Nam
774 4386 1059 4442 ratiocinia
1083 4386 1362 4444 hominum
1381 4392 1733 4460 miserabilia,
1747 4404 1800 4450 et
1823 4395 2041 4456 fallaces

2161 4390 2373 4465 ξρὶιιπος
2404 4400 2693 4468 ψεύστης.
2746 4401 3009 4474 Λογισμοὶ
3045 4402 3154 4476 γὰρ
3184 4403 3488 4476 ἀνθρώπων
3529 4406 3718 4470 δειλοὶ,

477 4480 833 4551 cogitationes
887 4470 1089 4535 nostra:
1141 4488 1304 4548 sunt;
1370 4482 1638 4553 siquidem
1690 4489 2042 4558 corruptibile

477 4587 677 4643 corpus
722 4579 979 4644 aggravat
1030 4573 1289 4639 animam,
1324 4581 1379 4629 et
1407 4584 1681 4633 terrenum
1715 4579 2041 4637 tabernacu-

476 4665 588 4719 lum
637 4672 872 4721 mentem
913 4665 1062 4721 curis
1095 4680 1310 4737 gravem
1338 4678 1567 4724 onerat:
1600 4669 1797 4741 vixque
1823 4680 2039 4729 terrena

475 4755 782 4826 conjectare
831 4772 1140 4828 possumus,
1183 4772 1248 4814 ac
1302 4774 1422 4830 quae
1468 4777 1580 4832 prae
1626 4764 1879 4821 manibus
1912 4775 2039 4821 sunt

474 4864 597 4905 cum
648 4851 833 4907 labore
860 4850 1336 4923 deprehendimus.
1367 4852 1621 4912 leestia
1642 4872 1772 4913 vero
1799 4859 1922 4929 quis
1953 4861 2039 4917 in-

472 4940 795 5012 vestigavit?
818 4944 1071 5001 Attamen
1095 4960 1197 5017 ego
1217 4959 1326 5000 non
1349 4951 1411 5000 ut
1440 4946 1600 5002 homo
1631 4948 1849 5005 locutus
1877 4965 2033 5020 sum;

471 5033 608 5088 alias
638 5031 783 5088 enim
820 5034 1077 5114 mentitus
1107 5051 1284 5094 essem
1316 5055 1331 5092 :
1366 5036 1461 5095 sed
1489 5037 1583 5095 Dei
1609 5039 1794 5098 verbis
1819 5055 1884 5098 ac
1917 5045 2036 5114 pol-

471 5125 862 5181 licitationibus
881 5113 1106 5183 credidi.

551 5215 706 5271 Vens.
727 5215 813 5272 Π.
836 5214 974 5283 Quid
996 5216 1278 5273 retribuam
1308 5217 1532 5273 Domino
1553 5235 1645 5289 pro
1661 5221 1897 5276 omnibus
1920 5240 2034 5294 qua:

469 5309 711 5361 retribuit
756 5304 922 5364 mihi?
955 5300 1183 5363 Calicem
1230 5309 1485 5364 salutaris
1529 5313 1804 5381 accipiam,
1838 5323 1888 5367 et
1935 5331 2031 5367 no-

2144 4488 2240 4542 καὶ
2259 4490 2578 4560 ἐπισφαλεῖς
2606 4492 2664 4545 αἱ
2690 4493 2920 4548 ἐπίνοιαι
2946 4495 3125 4565 ἡμῶν.
3150 4496 3393 4567 ⁴Ρθαρτὸν
3423 4498 3537 4569 γὰρ
3556 4497 3723 4569 σῶμα

2145 4581 2366 4654 βαρύνει
2407 4582 2604 4655 ψυχὴν,
2644 4587 2736 4639 καὶ
2777 4585 2949 4657 βρίθει
2996 4586 3058 4640 τὸ
3095 4587 3300 4656 γεῶδες
3344 4589 3543 4661 σκῆνος
3590 4591 3723 4643 νοῦν

2143 4674 2533 4747 πολυφρόντιδα
2568 4694 2583 4708 ·
2613 4677 2710 4732 καὶ
2743 4678 2893 4749 μόλις
2918 4677 3206 4750 εἰκάζομεν
3235 4679 3307 4734 τὰ
3332 4680 3424 4733 ἐπὶ
3452 4680 3554 4751 τῆς
3585 4685 3719 4754 γῆς,

2141 4768 2235 4820 καὶ
2272 4767 2340 4822 τὰ
2371 4769 2428 4821 ὲν
2464 4770 2651 4840 χερσὶν
2686 4770 3010 4843 εὑρίσκομεν
3062 4772 3199 4842 μετὰ
3242 4772 3427 4828 πόνου.
3457 4773 3540 4826 Τὰ
3571 4774 3622 4828 δ’
3659 4778 3720 4828 ὲν

2137 4856 2386 4927 οὐρανοῖς
2402 4858 2483 4923 τίς
2508 4858 2836 4930 ὲξιχνίασενς
2868 4861 3051 4933 Ὅμως
3070 4860 3181 4932 ἐγὼ
3192 4862 3286 4933 οὐχ
3315 4861 3393 4927 ώς
3421 4862 3718 4935 ἄνθρωπος

2137 4946 2373 5018 ἐλάλησα
2402 4964 2416 4977 ·
2448 4946 2481 5019 ἢ
2515 4948 2623 5021 γὰρ
2656 4948 2722 5003 ἂν
2750 4951 2843 5004 καὶ
2871 4950 3186 5024 δψευσάμην
3215 4968 3230 4983 ’
3264 4952 3380 5006 ἀλλ’
3408 4953 3716 5008 ἐπίστευσα

2135 5041 2246 5103 τοῖς
2293 5038 2385 5093 τοῦ
2435 5040 2571 5095 Θεοῦ
2621 5041 2827 5112 λόγοις,
2875 5043 2970 5097 καὶ
3025 5047 3147 5108 ταῖς
3200 5044 3294 5099 τοῦ
3342 5044 3476 5100 Θεοῦ
3527 5048 3726 5117 ἔπαγε

2135 5130 2363 5200 γελίαις.

2208 5222 2272 5275 Τί
2293 5222 2691 5279 ἀνταποδώσω
2719 5225 2801 5292 τῷ
2821 5228 3015 5297 Κυρίῳ
3027 5228 3159 5298 περὶ
3189 5228 3433 5283 πάντων
3450 5221 3541 5284 ὧν
3560 5230 3707 5285 ἀντ-

2131 5311 2397 5371 απέδωκέ
2404 5333 2536 5387 per;
2555 5319 2842 5387 Ποτήριον
2859 5320 2965 5375 τοῦ
2975 5323 3273 5391 σωτηρίου
3290 5321 3581 5392 λήψομαι,
3597 5324 3698 5378 καὶ

471 5414 587 5452 men
650 5398 861 5453 Domini
912 5400 1179 5456 invocabo.
1230 5398 1362 5455 Vota
1401 5418 1517 5457 mea
1560 5401 1786 5459 Domino
1816 5406 2032 5461 reddam

2161 5407 2195 5462 ’ὸ
2227 5408 2411 5479 ὄνομα
2444 5411 2665 5479 Κυρίου
2703 5411 3150 5483 ἑπικαλέσομαι.
3209 5414 3320 5481 Τὰς
3365 5414 3554 5485 εὐχάς
3575 5432 3699 5485 μου
3798 5492 3805 5499 θ

468 5506 649 5545 coram
679 5495 818 5546 omni
854 5493 1041 5564 populo
1080 5494 1192 5563 ejus
1221 5510 1238 5548 :
1268 5499 1499 5561 pretiosa
1522 5499 1574 5552 in
1610 5508 1891 5568 conspectu
1925 5497 2027 5552 Do-

2129 5497 2207 5564 τῷ
2234 5501 2428 5570 Κυρίῳ
2476 5501 2767 5557 ἀποδώσω
2811 5505 3087 5560 ἐναντίον
3135 5507 3358 5573 παντὸς
3390 5506 3500 5561 τοῦ
3539 5507 3697 5562 ,1αοῦ

468 5583 601 5637 mini
659 5600 796 5637 mors
851 5597 1150 5642 sanctorum
1202 5588 1336 5658 ejus.
1371 5587 1416 5645 Ο
1447 5588 1689 5655 Domine,
1730 5607 1824 5662 ego
1851 5607 2027 5646 servus

2161 5591 2312 5647 ιὺτοῦ
2338 5609 2353 5624 ·
2378 5593 2567 5664 τίμιος
2600 5595 2879 5650 ἐναντίον
2926 5599 3147 5667 Κυρίου
3195 5602 3230 5654 ό
3273 5597 3525 5664 θάνατος
3572 5598 3694 5653 τῶν

468 5682 609 5739 tuus,
637 5690 726 5746 ego
765 5692 939 5732 servus
964 5689 1081 5733 tuus
1112 5688 1160 5735 et
1198 5680 1342 5750 ﬁlius
1372 5682 1582 5739 ancilla:
1613 5692 1735 5741 tuae.
1764 5680 2025 5751 Dirupisti

2125 5684 2306 5742 ὁσίων
2338 5687 2545 5747 αὐτοῦ.
2577 5684 2646 5745 Ὦ
2684 5690 2881 5760 Κύριε,
2925 5690 3039 5761 ἐγὼ
3062 5695 3097 5749 ὁ
3121 5690 3341 5761 δοῦλος
3388 5695 3521 5758 σύςι
3567 5688 3692 5764 δ’ἔὼ
