4040 6210
335 381 467 439 1361

1492 381 1687 439 C061!
1698 380 2000 438 ENTARIA
2039 380 2106 437 IN
2138 382 2478 441 PSALMOS.

3444 387 3575 443 I363

328 492 551 563 δοῦλος
581 495 689 563 σὸς
750 495 849 550 και
889 496 1019 564 υἱὸς
1053 496 1164 567 τῆς
1208 496 1537 567 παιδίσκης
1568 512 1707 554 σου.
1748 497 1897 567 Διέρο

2013 497 2220 552 vincula
2250 515 2385 553 mea.
2419 497 2489 553 Sc
2520 498 2685 554 filiuni
2731 501 2939 556 ancilla
2973 499 3126 563 dicit,
3155 498 3360 555 scilicet
3392 494 3580 553 Eccle-

319 587 517 656 ρηξας
560 588 701 656 τοὺς
737 588 1001 660 δεσμούς
1024 609 1166 661 μου.
1217 591 1356 646 »Υίδν
1406 592 1694 664 παιδίσκης
1739 592 1903 664 φησὶν

327 679 542 745 ἑαυτὸν,
580 681 680 751 τῆς
723 681 1059 753 Ἐκκλησίας.
1086 684 1328 755 Δεσμοὺς
1367 684 1423 738 δὲ
1453 678 1533 749 οἷς
1563 688 1770 759 σειραῖς
1796 685 1904 739 τῶν

327 770 523 824 ἑαυτοῦ
563 773 976 845 ἁμαρτημάτων
1031 775 1443 845 κατεσφίγγετο.
1493 776 1904 850 Ἐλευθερωθεὶς

325 860 385 914 δὲ
424 861 525 932 τῆς
556 863 848 935 ἁμαρτίας,
888 867 981 919 καὶ
1012 866 1126 930 υἱὸς
1152 866 1252 938 τῆς
1290 868 1389 937 σῆς
1433 868 1725 940 παιδίσκης
1761 869 1905 937 γινό-

330 964 489 1023 μενος
515 957 616 1027 τῆς
651 955 997 1029 Ἐκκλησίας,
1029 957 1135 1012 τῶν
1178 957 1457 1028 προτέρων
1501 958 1697 1032 ἁνέθην
1724 962 1904 1033 ἁμαρ⁴

325 1047 582 1117 τημάτων
621 1047 714 1102 διὰ
763 1050 863 1120 τῆς
915 1049 1017 1121 σῆς
1048 1048 1289 1123 χάριτος.
1348 1052 1449 1105 Σοὶ
1488 1052 1651 1106 θύσω
1686 1054 1906 1109 θυσίαν

324 1138 632 1208 αἰνέσεως,
665 1143 765 1198 καί
792 1144 865 1198 ἐν
908 1144 1155 1213 ὀνόματι
1188 1144 1411 1213 Κυρίου
1452 1145 1901 1217 ἐπικαλέσομαι.

333 1231 442 1298 Τὰς
465 1232 653 1303 εὐχάς
675 1253 795 1305 μου
822 1236 900 1302 τῷ
925 1238 1121 1307 Κυρίῳ
1139 1237 1432 1292 ἀποδώσω
1460 1238 1741 1295 ἐναντιον
1757 1255 1906 1297 παν-

325 1323 428 1391 τὸς
478 1325 584 1380 τοῦ
619 1327 773 1383 λαοῦ
813 1328 1021 1394 αὑτοῦ,
1070 1329 1141 1384 ἐν
1188 1331 1405 1399 αὐλαῖς
1438 1334 1610 1388 οἴκου
1659 1335 1903 1403 Κυρίου,

322 1414 395 1469 ἐν
418 1415 589 1486 μέσῳ
615 1433 753 1482 σου,
770 1417 1186 1491 Ἰερουσαλήμ.
1220 1422 1509 1494 Προκοπὴν
1543 1424 1797 1496 σημαίνει
1827 1425 1907 1497 τῷ

323 1507 496 1562 ταῦτα
554 1508 787 1578 λέγοντι,
821 1512 965 1583 φημὶ
992 1511 1052 1564 δὲ
1096 1511 1174 1584 τῷ
1211 1512 1270 1578 ἐξ
1302 1513 1471 1568 ἐθνῶν
1501 1515 1633 1587 λαῷ.
1658 1516 1749 1588 Τῷ
1774 1517 1904 1588 γὰρ,

324 1598 427 1653 Σοί
461 1600 625 1654 θύσω
653 1601 876 1655 ουσίαν
906 1601 1213 1671 αἰνέσεως,
1253 1605 1348 1659 τοῦ
1382 1604 1630 1679 σώματος
1665 1609 1760 1662 καὶ
1810 1608 1904 1662 τοῦ

323 1690 573 1761 αἵματος,
603 1692 755 1762 φησὶ,
780 1692 1179 1765 μεταλήψομαι,
1204 1695 1299 1748 καὶ
1334 1695 1392 1748 ὲν
1414 1699 1479 1768 τῇ
1504 1696 1708 1751 τούτων
1742 1716 1908 1770 μετα-

323 1777 483 1851 λήψει
526 1779 586 1833 τὸ
639 1780 812 1852 δνομά
857 1798 948 1839 σου
989 1783 1407 1856 ἐπικαλέσωμαι,
1463 1788 1557 1840 καὶ
1599 1788 1696 1851 τὰς
1739 1789 1902 1858 εὐχα-

2006 588 2119 644 εἱιε.
2144 587 2373 645 Vincula
2407 603 2535 647 vero
2563 597 2739 655 erant,
2776 590 2976 662 quibus
3006 605 3105 645 ceu
3148 587 3363 643 catenis
3385 582 3579 658 pecca-

2004 690 2183 737 torum
2238 698 2463 739 suorum
2493 682 2990 754 constringebatur.
3013 681 3302 736 Liberatus
3336 688 3513 734 autem
3544 692 3576 733 a

2004 782 2247 845 peccato,
2270 789 2331 830 ac
2355 775 2498 831 filius
2528 773 2738 828 ancillae
2762 783 2885 842 tute,
2912 773 3167 831 Ecclesiae
3189 772 3420 836 scilicet,
3447 768 3577 827 effo-

2003 875 2148 932 ctus,
2182 868 2355 938 gratia
2385 876 2479 922 tua
2517 883 2548 922 a
2582 866 2827 939 pristinis
2863 867 3104 939 peccatis
3144 865 3283 922 liber
3311 864 3481 920 evasi.
3506 892 3576 903 —

2006 957 2169 1014 Vens.
2216 959 2427 1025 18,19.
2474 959 2592 1014 Tibi
2642 961 2954 1028 sacrificabo
3010 959 3237 1015 hostiam
3301 956 3496 1022 laudis,
3526 960 3576 1010 et

2003 1069 2189 1106 nomen
2225 1051 2434 1107 Domini
2459 1053 2728 1108 invocabo.
2766 1053 2899 1107 Vota
2945 1070 3059 1108 mea
3112 1042 3329 1106 Domino
3358 1048 3576 1105 reddam

2005 1144 2057 1199 in
2086 1154 2364 1215 conspectu
2405 1145 2574 1199 omnis
2616 1146 2795 1215 populi
2824 1144 2959 1213 ejus,
2988 1146 3043 1197 in
3070 1144 3221 1198 atriis
3244 1142 3429 1197 domus
3464 1142 3574 1198 Do—

2003 1236 2158 1301 mini,
2199 1236 2254 1289 in
2290 1236 2460 1290 medio
2500 1237 2596 1301 tui,
2630 1235 2949 1292 Jerusalem.
2989 1235 3301 1291 Proiectum
3330 1235 3449 1304 ejus
3480 1236 3573 1306 qui

2004 1326 2133 1380 talia
2164 1326 2298 1381 dicit
2334 1327 2627 1398 significat,
2656 1329 2706 1382 id
2738 1339 2847 1394 ρει,
2878 1327 3061 1398 populi
3085 1344 3150 1383 ex
3174 1328 3445 1397 gentibus.
3471 1325 3575 1383 Per

2007 1415 2138 1475 illud
2164 1415 2309 1470 enim
2347 1437 2359 1471 :
2390 1416 2507 1471 Tibi
2539 1419 2853 1485 sacriﬁcabo
2887 1418 3114 1470 hostiam
3142 1416 3339 1480 laudis,
3359 1418 3571 1486 corpori

2004 1514 2060 1562 et
2110 1506 2362 1578 sanguini
2419 1510 2858 1575 communicabo,
2894 1511 2990 1574 ait,
3023 1516 3075 1564 et
3122 1509 3177 1563 in
3207 1504 3399 1564 horum
3431 1524 3576 1579 com-

2005 1599 2265 1654 munione
2293 1614 2487 1655 nomen
2523 1609 2675 1655 tuum
2708 1602 2991 1666 invocabo,
3029 1617 3093 1655 ac
3126 1610 3250 1656 vota
3278 1602 3575 1670 gratiarum

2007 1691 2238 1748 actionis
2281 1693 2376 1747 tibi
2404 1693 2630 1749 Domino
2662 1695 2811 1750 intus
2835 1695 2889 1749 in
2914 1695 3090 1749 medio
3114 1709 3255 1748 vera:
3275 1691 3574 1748 Ierusalem

2005 1791 2059 1843 et
2091 1783 2145 1837 in
2172 1792 2466 1856 conspectu
2499 1787 2680 1840 omnis
2710 1786 2893 1856 populi
2928 1786 3172 1849 reddam,
3209 1800 3420 1841 necnon
3452 1796 3576 1854 pro-

328 1871 640 1942 ριστηρίους
680 1870 845 1943 εὐχάς
896 1890 977 1926 σοι
1019 1872 1098 1953 τῷ
1133 1875 1323 1946 Κυρίῳ
1355 1875 1616 1929 ἀποδώσω
1656 1856 1897 1933 ἕνδονῃὲν

2010 1874 2319 1940 missiones,
2346 1892 2485 1947 quas
2518 1877 2810 1947 aliquando
2840 1877 3093 1933 feceram.

325 1961 476 2034 μέσῳ
501 1963 603 2034 τῆς
628 1963 859 2035 ἀληθοῦς
896 1966 1269 2037 Ἰερουσαλὴμ,
1305 1969 1399 2021 καὶ
1429 1969 1669 2022 ἐναντίον
1703 1972 1902 2037 παντὸς

321 2051 416 2105 τοῦ
439 2051 590 2119 λαοῦ,
635 2054 731 2107 καὶ
761 2052 860 2119 τὰς
897 2055 1229 2125 ἐπαγγελίας
1262 2057 1328 2121 ἃς
1364 2075 1493 2111 ποτε
1538 2061 1896 2132 ἐποιησάμην.

794 2167 1216 2224 amoris.
1265 2170 1428 2237 Piq'.

390 2255 618 2311 Αἰνεῖτε
662 2256 771 2311 τὸν
802 2259 1041 2327 Κύριον,
1091 2260 1291 2314 πάντα
1342 2262 1415 2316 τὰ
1452 2261 1620 2331 ἔθνη,
1665 2264 1901 2320 ἐπαινέ-

320 2361 470 2400 σατε
494 2346 702 2413 αὐτὸν,
759 2348 984 2416 πάντες
1013 2354 1066 2405 οἰ
1092 2351 1232 2405 ,ἰαοί
1256 2369 1270 2383 ο
1296 2351 1386 2405 ὅτι
1431 2353 1792 2424 exputath
1835 2358 1901 2409 τὸ

320 2436 493 2504 ἕλεος
529 2439 716 2494 αὑτοῦ
770 2440 863 2508 ἐφ’
894 2438 1074 2511 ἡμᾶς,
1115 2442 1215 2496 καί
1273 2445 1312 2511 ἠ
1347 2442 1597 2511 ἀλήθεια
1639 2445 1745 2501 τοῦ
1780 2451 1900 2502 Κυ-

312 2529 452 2599 ρίου
471 2529 639 2599 μένει
670 2532 887 2597 εἰς-,τὸν
922 2531 1128 2588 αἰῶνα.
1163 2534 1535 2591 Ἀνακαλεῖται
1564 2537 1741 2590 τοίνυν
1760 2540 1789 2592 6
1816 2538 1902 2592 λόο

321 2637 415 2689 γος
447 2622 539 2675 ἐπὶ
583 2623 673 2676 τὸν
701 2623 868 2695 ὕμνον
899 2624 994 2679 τοῦ
1034 2625 1170 2680 Θεοῦ
1204 2627 1383 2682 πάντα
1411 2629 1478 2682 τὰ
1510 2629 1765 2704 ἀλλογενῆ
1809 2635 1902 2688 καὶ

321 2710 589 2783 ἁλλόςρυλα
622 2714 750 2787 ἔθνη
788 2732 801 2745 ο
838 2711 958 2770 εἶτα
985 2718 1402 2785 ἁποδιαστείλας
1434 2722 1541 2775 τῶν
1572 2721 1744 2777 ἐθνῶν
1772 2724 1900 2790 τοὺς

320 2804 485 2872 λαοὺς
538 2807 779 2878 ἐπιλέγει
811 2826 827 2842 ο
868 2811 1396 2868 Ἐπαινεσὰτωσαν
1438 2815 1626 2871 αὐτὸν
1677 2818 1900 2887 πάντες

322 2901 378 2953 οἰ
405 2900 564 2955 λαοί.
587 2900 819 2972 Νοήσεις
850 2901 906 2956 δὲ
930 2901 1029 2975 τὴν
1051 2903 1313 2975 διαφορὰν
1340 2908 1641 2980 ἐπιστήσας
1666 2912 1732 2981 τῇ
1769 2927 1901 2983 προ-

2499 2165 2861 2220 ALLELUIA.
2901 2163 3088 2220 CXVI.

2076 2254 2241 2312 Vens.
2273 2259 2323 2320 i,
2350 2256 2402 2309 2.
2427 2256 2667 2312 Laudato
2697 2258 3003 2325 Dominum,
3032 2273 3209 2312 omnes
3232 2266 3427 2327 gentes,
3458 2259 3575 2309 lau—

2002 2348 2124 2402 date
2143 2365 2282 2413 eum,
2305 2366 2480 2402 omnes
2498 2350 2676 2417 populi
2690 2351 2968 2420 :quoniam
2988 2350 3305 2419 conﬁrmata
3329 2359 3404 2403 est
3422 2364 3578 2417 super

2002 2456 2096 2499 nos
2152 2439 2516 2495 misericordia
2541 2441 2675 2508 eius,
2720 2451 2769 2496 et
2816 2442 3007 2496 ueritas
3061 2440 3273 2495 Domini
3305 2449 3477 2493 ntanet
3519 2440 3574 2493 in

2002 2539 2274 2587 wternum.
2304 2531 2403 2588 Hic
2434 2533 2617 2604 itaque
2649 2550 2830 2589 sermo
2860 2540 3050 2605 gentes
3084 2547 3274 2587 omnes
3318 2532 3574 2601 alienige-

2002 2641 2103 2681 nas
2130 2635 2185 2681 et
2213 2626 2528 2697 peregrinas
2557 2627 2623 2682 ad
2657 2627 2868 2681 laudem
2898 2625 2995 2681 Dei
3035 2633 3328 2698 provocat;
3359 2623 3579 2678 deinde-

1999 2734 2108 2790 que
2158 2734 2189 2773 a
2232 2719 2485 2790 gentibus
2528 2720 2757 2790 pepulos
2786 2718 3131 2789 distinguens
3175 2716 3251 2771 ait
3289 2734 3302 2770 :
3335 2714 3577 2768 Laudent

2000 2829 2118 2867 eum
2164 2827 2341 2867 omnes
2380 2811 2581 2882 populi.
2626 2810 2930 2867 Discrimen
2977 2818 3156 2864 autem
3209 2807 3495 2876 intelliges.
3527 2807 3573 2860 si

2003 2904 2300 2961 attenderis
2323 2903 2618 2975 pmphetia:
2634 2902 2776 2972 apud
2795 2900 3114 2956 Zachariam
3132 2898 3338 2953 dicenti
3358 2916 3371 2952 :
3392 2895 3573 2950 Gaude

323 2990 520 3062 φητείᾳ
559 2993 624 3063 τῇ
682 2992 912 3066 λεγούσῃ
962 2992 1113 3066 παρὰ
1162 2994 1239 3066 τῷ
1285 2999 1559 3071 Ζαχαρία⁹
1592 3001 1767 3069 Xaips
1798 3002 1897 3056 καί

1999 3011 2046 3054 et
2092 2998 2322 3063 exsulta,
2354 2997 2469 3067 [ilia
2502 2996 2804 3051 Sion:ecce
2844 3011 2936 3066 ego
2977 2994 3124 3049 venio
3162 3002 3209 3046 et
3244 2988 3489 3045 habitabo
3519 2990 3574 3042 in

321 3084 667 3151 εὐφραίνου,
689 3087 939 3155 θύγατερ
967 3087 1120 3141 Σιών
1144 3105 1158 3119 ·
1190 3088 1319 3143 ἰδοὺ
1360 3090 1475 3160 ἐγὼ
1501 3090 1751 3162 ἔρχομαι
1798 3094 1896 3148 καί

2000 3088 2171 3144 medio
2201 3089 2300 3154 tui,
2342 3088 2472 3142 dicit
2500 3087 2780 3141 Dominus.
2812 3084 2881 3138 Et
2913 3083 3209 3153 confugient
3235 3090 3407 3153 gentes
3434 3078 3574 3132 mul-

323 3175 770 3242 κατασκηνώσω
798 3177 869 3230 ἐν
904 3177 1068 3248 μέσῳ
1111 3195 1249 3246 σου,
1306 3181 1467 3250 λέγει
1504 3185 1737 3252 Κύριος.
1787 3186 1897 3240 Καὶ

2002 3191 2069 3237 ηε
2092 3182 2163 3235 ad
2196 3181 2496 3245 Dominum,
2519 3190 2566 3234 et
2590 3190 2741 3234 erant
2763 3180 2809 3234 ei
2826 3179 2879 3232 in
2894 3176 3164 3247 populum,
3192 3182 3242 3230 et
3268 3190 3361 3245 ego
3385 3190 3473 3227 ero
3495 3173 3569 3227 eis

323 3265 793 3334 καταφεύεονται
835 3268 979 3338 ἔθνη
1012 3272 1214 3327 πολλὰ
1243 3273 1341 3327 ἐπὶ
1369 3274 1477 3328 τὸν
1513 3277 1752 3344 Κύριον,
1796 3278 1895 3333 καί

2001 3276 2056 3329 in
2105 3275 2324 3329 Deum“.
2360 3273 2611 3341 Quandm
2673 3273 2817 3328 cnim
2868 3277 3059 3342 gentes
3112 3276 3287 3329 erant,
3324 3264 3571 3321 nondum

323 3354 569 3411 ἔσονται
598 3358 759 3425 αὐτῷ
789 3363 876 3427 εἰς
901 3362 1074 3429 λαὸν,
1102 3364 1264 3435 κάγὼ
1300 3365 1513 3436 ἔσομαι
1569 3368 1773 3435 αὐτοῖς
1807 3372 1896 3436 εἰς

2000 3372 2154 3421 erant
2202 3364 2433 3436 papulus
2462 3365 2615 3435 ejus;
2646 3380 2677 3418 a
2707 3362 2876 3434 priori
2909 3369 3088 3415 autem
3127 3360 3238 3412 vita
3269 3371 3568 3421 conversae,

326 3449 493 3503 θεόν.
554 3450 704 3515 Τέως
737 3453 835 3522 μὲν
874 3452 983 3526 γὰρ
1019 3455 1146 3527 ἔθνη
1176 3457 1531 3529 τυγχάνοντα,
1591 3459 1743 3515 οὔπω
1769 3462 1895 3526 λαὸς

1999 3471 2064 3511 ac
2118 3471 2216 3526 per
2262 3457 2538 3511 lavacrum
2582 3454 3015 3526 regenerationis
3056 3448 3440 3522 mysteriorum
3476 3447 3570 3501 Dei

321 3535 390 3612 ἦν
433 3539 619 3603 αὐτοῦ,
658 3542 1029 3613 μεταϐαλόντα
1060 3545 1117 3599 δὲ
1168 3546 1262 3601 τοῦ
1298 3547 1563 3620 προτέρου
1618 3550 1759 3622 βίου,
1803 3554 1897 3607 καὶ

2000 3546 2295 3619 participes
2348 3544 2575 3613 eﬂ'ectae,
2614 3545 2737 3615 ejus
2787 3542 2973 3615 papuli
3006 3540 3265 3598 evadunt.
3296 3537 3453 3605 Quod
3498 3537 3568 3592 ad

325 3631 662 3703 μετασχόντα
712 3633 822 3686 τῶν
871 3634 965 3689 τοῦ
1030 3635 1165 3690 Θεοῦ
1209 3638 1521 3710 μυστηρίων
1563 3640 1631 3693 δι’
1670 3641 1898 3710 ἀναγενκ

321 3724 529 3794 νήσεως
566 3726 659 3778 καὶ
686 3725 911 3797 λουτροῦ
947 3727 1404 3798 παλιγγενεσίας,
1446 3732 1685 3802 γίνονται
1728 3736 1893 3790 αὑτοῦ

321 3811 456 3867 λαοί.
497 3816 561 3869 '0
595 3815 660 3888 δὴ
692 3816 858 3871 εἰσέτι
892 3818 985 3871 καὶ
1017 3818 1112 3873 νῦν
1146 3819 1442 3892 πληροῦται
1482 3823 1603 3877 καθ’
1638 3824 1765 3894 ὅλης
1799 3827 1897 3897 τῆς

322 3904 429 3957 τῶν
455 3905 755 3977 ἀνθρώπων
784 3910 1125 3981 οἰκουμένης,
1162 3912 1501 3984 μυριάνδρων
1533 3915 1674 3969 λαῶν
1706 3916 1896 3988 ὥσπερ

323 3992 462 4047 κατὰ
489 3996 680 4066 χοροὺς
712 3999 1008 4069 ἱσταμένων
1036 4002 1129 4055 καὶ
1161 4003 1251 4055 τὸν
1291 4004 1419 4075 παρ’
1463 4005 1732 4075 Ἑϐραίοις
1756 4024 1889 4079 προ⁹

324 4086 511 4156 φυτῶν
542 4087 676 4142 Θεὸν
708 4090 1037 4160 ὑμνούντων,
1067 4095 1162 4148 καὶ
1197 4094 1265 4149 τὰ
1296 4096 1434 4150 αὑτὰ
1465 4099 1893 4170 ἀναγνώσματα,

326 4179 625 4251 μαθήματά
672 4197 731 4233 τε
786 4182 882 4235 καὶ
932 4182 1174 4254 δόγματα
1223 4186 1642 4257 διδασκομένων.
1708 4190 1891 4245 Ταῦτα

1993 3638 2138 3692 hanc
2190 3652 2363 3708 usque
2405 3637 2549 3693 diem
2581 3653 2676 3708 per
2714 3636 3033 3691 universum
3065 3633 3253 3687 orbem
3286 3629 3564 3702 impletur,

1992 3744 2117 3784 cum
2147 3729 2342 3784 infiniti
2376 3729 2581 3801 populi,
2612 3728 2769 3800 quasi
2789 3728 2846 3783 in
2878 3728 3048 3783 choro
3075 3724 3372 3789 distributi,
3396 3721 3568 3778 Deum

1992 3826 2404 3896 prophetarum,
2453 3825 2548 3896 qui
2607 3839 2774 3896 penes
2824 3822 3080 3878 Hebraeos
3128 3827 3306 3884 erant,
3352 3817 3569 3890 hymnis

1991 3918 2288 3982 celebrent,
2346 3927 2508 3987 atque
2559 3915 2779 3971 easdem
2822 3914 3107 3979 lectiones,
3154 3909 3473 3982 disciplinas
3512 3920 3567 3962 ct

1995 4012 2248 4083 dogmata
2296 4011 2651 4066 edoceantur.
2684 4007 2809 4063 Haec
2841 4008 3026 4078 igitur,
3061 4021 3181 4076 qua?
3226 4004 3363 4074 ipsis
3392 4000 3567 4055 oculis

1995 4103 2389 4174 conspicimus,
2418 4118 2528 4157 non
2551 4102 2731 4167 aliter,
2759 4115 2922 4172 quam
2950 4114 3048 4170 per
3073 4098 3245 4154 solam
3268 4094 3568 4150 Salvatoris

1998 4195 2255 4250 virtutem
2284 4194 2340 4249 in
2379 4201 2493 4249 toto
2520 4193 2763 4265 gentium
2792 4194 2925 4247 orbe
2949 4192 3246 4245 constituta
3274 4194 3422 4242 sunt.

324 4270 453 4339 γοῦν
497 4272 794 4344 ὀφθαλμοῖς
836 4274 1106 4346 ὁρώμενα,
1146 4280 1245 4332 οὐκ
1287 4280 1462 4345 ἄλλως
1499 4280 1533 4352 ἢ
1587 4282 1673 4336 διὰ
1730 4283 1897 4356 μόνης
1943 4286 2043 4357 τῆς
2088 4287 2352 4359 σωτηρίου
2404 4285 2686 4356 δυνάμεως
2742 4281 2861 4336 καθ’
2897 4281 3025 4352 ὅλης
3055 4281 3281 4349 συνέστη
3313 4279 3410 4348 τῆς
3461 4274 3567 4328 τῶν

323 4358 492 4416 ἐθνῶν
521 4362 863 4434 οἰκουμένης.

812 4476 1233 4533 ΑΛΛΗΛΟΥΙΔ.
1274 4484 1415 4537 PIZ'.

406 4568 889 4639 Ἐξομολογεῒσθε
926 4568 1007 4635 τῷ
1051 4572 1266 4639 Κιιρίῳ,
1310 4573 1397 4627 ὅτι
1421 4576 1661 4645 ἀγαθὸς,
1691 4576 1777 4631 ὅτι
1802 4579 1892 4646 εἰς

320 4661 427 4715 τὸν
457 4660 643 4716 αἰῶνα
679 4665 744 4717 τὸ
783 4663 957 4730 ἕλεος
1003 4664 1212 4717 αὑτοῦ.
1250 4665 1484 4720 Εἰπάτω
1524 4669 1600 4737 δὴ
1648 4674 1680 4724 ό
1725 4667 1905 4737 οἶκος

333 4752 590 4822 Ἰσραὴλ,
626 4753 713 4806 ὅτι
737 4754 977 4825 ἀγαθὸς,
1018 4755 1108 4807 ὅτι
1139 4757 1226 4822 εἰς
1271 4756 1377 4810 τὸν
1401 4757 1583 4812 αἰῶνα
1611 4761 1676 4815 τὸ
1718 4762 1894 4830 ἕλεος

319 4846 539 4901 αὐτοῦ’
565 4845 783 4900 εἰπάτω
818 4846 895 4914 δὴ
922 4843 1087 4913 οἶκος
1129 4847 1362 4916 Ἀαρὼν,
1396 4848 1483 4903 ὅτι
1516 4853 1756 4922 ἀγαθές,
1800 4855 1897 4908 ὄτιυ

319 4937 407 5001 εἰς
450 4934 558 4989 τὸν
586 4933 772 4989 αἰῶνα
816 4935 882 4989 τὸ
927 4936 1099 5002 ἔλεος
1157 4938 1363 4991 αὐτοῦ.
1410 4941 1763 4997 Εἰπιίτωσαν
1811 4943 1890 5015 δὴ

321 5024 541 5091 ,πάντες
560 5028 614 5078 οἱ
644 5028 998 5096 φοϐούμενοι
1027 5028 1134 5082 τὸν
1156 5030 1398 5098 Κύριον,
1424 5030 1510 5084 ὅτι
1535 5032 1775 5100 ἀγαθὸς,
1799 5035 1895 5089 ὅτι

318 5119 405 5180 εἰς
432 5114 540 5167 τὸν
572 5114 759 5169 αἰῶνα
794 5117 859 5170 τὸ
896 5118 1069 5185 ἕλεος
1104 5121 1312 5176 αὐτοῦ.
1346 5121 1455 5175 Καὶ
1496 5123 1553 5176 ὲν
1598 5126 1709 5188 τοῖς
1753 5141 1887 5196 προ-

320 5205 613 5276 κειμένοις,
654 5207 754 5278 τῆς
792 5208 1157 5282 εὐαΠελικῆς
1190 5213 1412 5284 χάριτος
1466 5212 1557 5267 ἐπὶ
1600 5215 1774 5271 πάντα
1818 5218 1890 5273 τὰ

318 5297 444 5370 ἔθνη
473 5299 748 5373 χυθείσης,
784 5295 859 5356 ὧν
881 5304 1049 5357 ἐθνῶν
1075 5307 1237 5378 μέρος
1278 5325 1332 5361 τι
1358 5303 1426 5380 ἦν
1455 5310 1546 5363 καὶ
1573 5311 1601 5363 6
1629 5312 1695 5365 ἐκ
1731 5329 1884 5385 περι-

316 5391 490 5464 τομῆς
516 5392 665 5458 λαὸς,
697 5397 790 5449 καὶ
826 5396 991 5468 μέρος
1029 5398 1090 5450 τδ
1130 5398 1451 5471 πρώτιστον,
1482 5402 1706 5468 εἰκότως
1734 5405 1884 5477 πρώ-

313 5502 440 5550 τους
469 5485 666 5550 αὑτοῦς
704 5489 734 5540 6
779 5487 936 5558 λόγος
986 5491 1077 5543 ἐπὶ
1124 5492 1223 5562 τὴν
1262 5492 1649 5566 ἐξομολόγησιν
1690 5497 1877 5551 καλεῖ·

313 5578 506 5647 ἒπειτα
532 5580 656 5643 τοὺς
685 5580 745 5645 ἐξ
760 5581 927 5635 ἐθνῶν
946 5583 1413 5654 προσεληλυθότας
1442 5586 1520 5657 τῷ
1542 5588 1877 5661 Εὐαγγελίῳ,

318 5669 460 5726 κατὰ
491 5670 580 5724 τό·
631 5671 886 5739 Ἰουδαίῳ
916 5692 978 5729 τε
1024 5674 1256 5744 πρῶτον
1292 5678 1390 5732 καί
1416 5679 1683 5749 Ἕλληνι.
1726 5681 1789 5735 Εἰ
1824 5682 1881 5736 δέ

395 5828 415 5855 ⁵
446 5827 609 5887 Zach.
649 5847 716 5897 ιι..
758 5829 860 5897 I0,
893 5832 976 5888 Η.
1055 5833 1074 5862 ⁸
1115 5833 1270 5888 Rom.
1313 5832 1487 5899 1,.16.

1922 4500 1969 4557 D

2471 4477 2834 4535 ALLELUIA.
2873 4475 3080 4533 CXVII.

2058 4573 2225 4629 Vens.
2273 4572 2386 4626 I-I.
2432 4569 2771 4641 Conﬁtemini
2813 4568 3034 4623 Domino
3071 4584 3322 4638 quoniam
3375 4566 3573 4632 bonus,

1987 4667 2235 4740 quoniam
2268 4666 2321 4718 in
2348 4662 2601 4719 saxulum
2642 4659 3007 4716 misericordia
3048 4660 3183 4728 ejus.
3226 4658 3382 4712 Dicat
3428 4676 3563 4715 nunc

1988 4758 2175 4813 domus
2214 4754 2386 4810 Israel
2430 4753 2678 4824 quoniam
2715 4751 2901 4813 bonus,
2933 4750 3180 4820 quoniam
3213 4750 3266 4801 in
3307 4748 3561 4802 siccatam
3610 4824 3611 4831 γ

1990 4849 2353 4906 misericordia
2376 4848 2513 4919 ejus.
2537 4846 2690 4901 Dicat
2723 4860 2859 4898 nunc
2884 4842 3071 4897 domus
3097 4841 3278 4894 Aaron
3313 4841 3560 4911 quoniam

1991 4944 2179 5007 bonus,
2208 4942 2457 5014 quoniam
2501 4941 2554 4993 in
2585 4938 2836 4993 siccatum
2865 4933 3230 4990 misericordia
3282 4933 3417 5001 ejus.
3467 4930 3561 4985 Di-

1988 5046 2113 5091 cant
2133 5049 2457 5089 nuncomnes
2478 5032 2568 5102 qui
2591 5031 2770 5085 timent
2791 5028 3070 5082 Dominum
3090 5026 3337 5097 quoniam
3371 5025 3554 5087 bonus,

1985 5129 2235 5200 quoniam
2252 5128 2308 5181 in
2329 5126 2577 5181 saeculum
2601 5119 2963 5178 misericordia
2978 5119 3112 5190 ejus.
3127 5120 3190 5173 In
3212 5119 3297 5173 his
3320 5128 3553 5188 quoque,

1985 5217 2159 5277 effusa
2198 5219 2252 5272 in
2294 5233 2494 5273 omnes
2514 5223 2705 5287 gentes
2747 5213 3063 5285 evangelica
3093 5210 3291 5282 gratia,
3324 5220 3555 5277 quarum

1987 5311 2231 5383 gentium
2270 5324 2399 5380 pars
2420 5308 2627 5378 aliqua,
2653 5306 2763 5361 imo
2789 5321 2915 5376 pars
2944 5303 3141 5375 prima,
3167 5308 3285 5355 erat
3324 5296 3556 5366 populus

1984 5419 2050 5460 ex
2079 5402 2527 5470 circumcisione,
2558 5400 2753 5455 merito
2794 5397 3011 5453 Iudaeos
3056 5395 3122 5448 ad
3153 5388 3555 5445 confessionem

1986 5499 2192 5570 primos
2223 5512 2404 5553 sermo
2453 5506 2643 5551 evocat
2672 5513 2684 5548 :
2716 5492 3017 5570 deindeque
3042 5503 3138 5544 eos
3169 5500 3236 5539 ex
3278 5481 3550 5555 gentibus,

1983 5591 2077 5662 qui
2120 5589 2189 5644 ad
2244 5589 2596 5661 Evangelium
2650 5592 3013 5646 accesserant,
3053 5577 3350 5637 secundum
3382 5573 3549 5629 illud:
3624 5592 3637 5617 ι

1984 5681 2175 5759 Iudico
2204 5668 2433 5754 primum
2461 5692 2513 5737 et
2543 5680 2724 5737 Greco
2742 5678 2783 5733 ⁸.
2839 5677 2897 5733 Si
2929 5672 3053 5746 finis
3090 5679 3270 5728 autem
3297 5674 3567 5725 accurate.
