4044 6212
442 387 579 443 1363

1104 382 1374 439 EUSEBII
1412 380 1890 440 CAESABIENSIS
1915 381 2066 439 OPP.
2104 379 2283 436 PARS
2320 379 2408 439 ιιι.
2448 410 2515 420 —
2550 376 2958 435 EXEGETICA.

3538 373 3684 434 1564

439 514 558 556 rem
594 498 1007 563 examinaverit,
1046 497 1211 553 etiam
1247 514 1348 569 pro
1388 497 1624 553 adventu
1676 496 1880 552 Christi
1916 495 1994 550 Ju-

2110 511 2193 558 τις
2221 492 2465 566 ἀκριϐῶς
2498 491 2791 557 ἐξετάσειε,
2825 489 2920 545 καὶ
2951 488 3093 561 ὑπὲρ
3121 489 3220 561 τῆς
3252 490 3555 561 παρουσίας
3582 493 3687 546 αὐ-

440 594 590 647 dteos
626 589 680 643 in
735 587 924 659 primis
963 587 1169 658 gratias
1200 601 1360 658 agere
1387 585 1564 642 decet.
1632 583 1765 639 Nam
1796 583 2008 640 etiamsi

439 683 669 737 adversa
695 679 805 736 sint
833 678 1097 750 perpessi,
1132 686 1188 733 at
1214 695 1322 733 non
1350 679 1418 734 ab
1437 694 1505 735 eo
1525 679 1628 749 'qui
1659 678 1715 733 in
1748 676 2009 731 mundum

438 770 625 839 venit;
676 770 773 826 sed
802 770 1001 841 ingrati
1047 769 1215 825 animi
1250 783 1440 839 pmnas
1473 769 1712 825 luerunt.
1757 766 1891 821 Nam
1920 766 2012 821 ille

388 900 403 916 ι
438 862 660 938 quidem
698 861 765 916 ad
810 861 959 933 ipsos
992 861 1388 932 peregrinatus,
1422 861 1734 931 frequenter
1758 859 2005 914 dicebat:

440 952 568 1008 Non
586 955 701 1008 veni
729 953 831 1008 nisi
856 952 925 1007 ad
947 970 1061 1007 oves
1091 970 1208 1022 qua:
1234 953 1500 1022 perierunt
1525 952 1710 1005 domus
1738 949 1911 1006 Israel
1936 951 1955 981 "
1991 969 2004 1006 ε

436 1047 586 1119 quod
623 1048 671 1104 si
714 1046 819 1101 hoc
850 1046 1116 1102 beneﬁcio
1176 1046 1384 1118 indigni
1414 1056 1543 1102 sunt
1580 1044 1771 1109 habiti,
1806 1043 1858 1099 id
1893 1044 2008 1100 suis

435 1139 824 1212 iniquitatibus
867 1146 923 1194 et
978 1138 1192 1210 ingrato
1244 1138 1474 1193 nimium
1520 1138 1701 1193 animo
1755 1151 1855 1193 suo
1906 1135 2009 1190 im-

480 1238 654 1287 utent.

480 1247 654 1287 utent.

439 1247 476 1304 Ρ
508 1322 676 1380 Vana.
707 1321 858 1379 5—15.
916 1321 987 1376 De
1014 1320 1352 1375 tribulatione
1371 1322 1606 1375 invocavi
1639 1319 1938 1384 Dominum,
1960 1330 2008 1374 et

435 1416 707 1471 exaudivit
734 1432 815 1470 me
846 1416 901 1469 in
928 1415 1231 1472 latitudine.
1259 1414 1514 1468 Dominus
1539 1413 1668 1467 mihi
1698 1411 1930 1480 adiutor,
1958 1421 2009 1467 et

435 1525 542 1564 non
575 1509 765 1564 timebo
811 1508 937 1579 quid
981 1508 1147 1579 faciat
1196 1508 1325 1562 mihi
1361 1507 1537 1563 homo.
1590 1506 1846 1561 Dominus
1880 1506 2010 1561 mihi

435 1599 674 1672 adjutor,
698 1610 748 1655 et
777 1617 868 1671 ego
891 1599 1178 1671 despiciam
1206 1599 1446 1654 inimicos
1472 1615 1635 1654 meos.
1688 1598 1896 1654 Bonum
1929 1608 2008 1652 est

435 1693 699 1763 conﬁdere
752 1695 807 1748 in
854 1694 1101 1756 Domino,
1160 1710 1319 1763 quam
1364 1691 1624 1762 conﬁdere
1679 1693 1733 1745 in
1779 1691 2002 1746 homine.

434 1784 643 1840 Bonum
664 1796 744 1840 est
767 1801 979 1855 sperare
1006 1786 1061 1838 in
1086 1783 1339 1846 Domino,
1361 1799 1519 1853 quam
1547 1798 1754 1852 sperare
1774 1783 1828 1835 in
1854 1782 2000 1851 prin:

2111 589 2209 660 τῆς
2242 588 2335 641 τοῦ
2355 585 2588 659 Χριστοῦ
2614 586 2845 658 μάλιστα
2871 585 2997 647 τοὺς
3033 583 3313 648 Ἰουδαίους
3339 585 3684 655 εὐχαριστεῖν

2108 678 2207 734 δεῖ.
2240 680 2304 733 El
2327 678 2435 751 γὰρ
2463 676 2557 731 καὶ
2585 677 2654 731 τὰ
2693 676 2911 732 ἐναντία
2950 674 3267 747 ὑπέμειναν,
3300 674 3413 729 ἀλλ’
3443 677 3503 729 οὐ
3529 678 3685 748 παρὰ

2106 769 2199 825 τὸν
2244 770 2707 843 παραγενόμενον,
2751 767 2886 823 ἀλλὰ
2917 767 3068 839 παρὰ
3106 767 3205 839 τὴν
3248 767 3453 822 οἰκείαν
3499 769 3684 837 ἅγνωα

2111 861 2366 935 μοσύνην.
2421 863 2593 926 Αὐτὸς
2651 862 2747 934 μὲν
2796 861 2904 930 γὰρ
2949 859 3084 932 πρὸς
3130 859 3326 923 αὐτοὺς
3365 861 3679 930 ἀφικνεῖτο,

2108 956 2202 1008 καὶ
2228 954 2467 1023 συνεχῶς
2512 953 2695 1022 ἔλεγεν
2714 970 2728 983 ·
2756 956 2878 1008 Ούκ
2913 949 3104 1025 ἦλθον
3141 952 3278 1007 ἀλλ’
3305 954 3391 1019 είς
3425 952 3497 1007 τὰ
3530 956 3682 1021 πρό-

2108 1050 2255 1102 ϐατα
2285 1048 2357 1102 τὰ
2394 1048 2752 1101 ἀπολωλότα
2782 1047 2950 1101 οἴκου
2993 1046 3263 1115 Ἰσραήλ*
3298 1047 3347 1099 εί
3385 1046 3442 1099 δὲ
3468 1046 3680 1112 ἀνάξιοι

2105 1139 2206 1210 τῆς
2232 1137 2551 1209 εὐεργεσίας
2576 1138 2874 1209 ἐφάνησαν,
2897 1140 3017 1202 ταῖς
3041 1136 3248 1192 ἑαυτῶν
3278 1131 3680 1206 λογιζέσθωσαν

2108 1230 2475 1301 παρανομίαις
2500 1230 2595 1283 καὶ
2627 1232 2693 1301 τῇ
2724 1230 2823 1301 τῆς
2853 1229 3245 1302 ἀγνωμοσύνης
3275 1228 3562 1302 ὑπερϐολῇ.

2189 1322 2283 1374 Ἐκ
2326 1322 2586 1390 θλίψεως
2628 1320 3091 1391 ἐπεκαλεσάμην
3124 1320 3234 1374 τὸν
3276 1323 3490 1390 Κύριον
3510 1363 3527 1388 ,
3568 1319 3678 1376 καί

2104 1411 2413 1479 ἐπήκουσέ
2448 1430 2566 1482 μου
2600 1415 2689 1480 εὶς
2712 1415 3090 1484 πλατυσμόν.
3116 1415 3332 1482 Κύριος
3361 1416 3486 1485 ἐμοὶ
3512 1416 3676 1486 ,ϐοη-

2107 1504 2229 1570 θὸς,
2262 1504 2360 1557 καί
2385 1506 2458 1558 ού
2482 1503 2893 1575 φοϐηθήσομαι
2937 1506 2995 1559 τί
3031 1505 3269 1571 ποιήσει
3311 1524 3405 1574 μοι
3447 1506 3676 1576 ἀνθρω-

2106 1611 2237 1663 πος.
2269 1598 2486 1665 Κύριος
2534 1595 2664 1666 ἐμοὶ
2688 1596 2943 1665 βοηθὸς,
2989 1596 3149 1666 κάγὼ
3199 1599 3493 1669 ἐπόψομαι
3530 1599 3681 1668 τοὺς

2104 1688 2356 1756 ἐχθρούς
2393 1705 2534 1758 μου.
2598 1688 2848 1759 Ἀγαθὸν
2891 1689 3234 1744 πεποιθέναι
3274 1691 3374 1745 ἐπὶ
3418 1693 3678 1760 Κύριον,

2105 1778 2144 1847 ἣ
2194 1779 2535 1834 πεποιθέναι
2582 1779 2673 1833 ἐπ’
2724 1779 3039 1850 ἄνθρωπον
3057 1798 3071 1812 ⁸
3124 1781 3350 1851 ἀγαθὸν
3411 1782 3681 1845 ἐλπίζειν

434 1877 657 1945 cipibus.
695 1875 886 1933 Omnes
909 1886 1082 1948 gentes
1116 1876 1433 1929 circuierunt
1458 1892 1559 1940 me,
1586 1885 1635 1930 et
1658 1875 1864 1928 nomine
1889 1873 1994 1927 Do-

2101 1860 2474 1939 ἐπίίΚύριον,
2514 1871 2553 1939 ἢ
2586 1848 2847 1933 ἐλπίζειν
2886 1873 2979 1926 ἐπ’
3015 1848 3290 1943 ἄρχουσι.
3350 1874 3553 1928 Πάντα
3602 1877 3681 1932 τὰ

433 1971 566 2024 mini
609 1971 752 2024 ultus
796 1985 911 2025 sum
943 1984 1052 2023 eos.
1106 1965 1506 2022 Circumdantes
1552 1965 2002 2019 circumdederunt

432 2078 535 2126 me,
559 2070 610 2116 et
648 2061 855 2116 nomine
902 2059 1110 2115 Domini
1137 2058 1282 2113 ultus
1325 2075 1445 2113 sum
1472 2074 1580 2112 eos.
1634 2055 2004 2112 Circumdede-

430 2163 556 2210 runt
584 2171 665 2209 me
694 2155 832 2208 sicut
861 2169 983 2223 apes
1023 2152 1223 2222 favum,
1267 2161 1317 2205 et
1362 2159 1671 2206 exarserunt
1700 2152 1831 2204 sicut
1864 2150 2000 2221 ignis

429 2249 486 2303 in
515 2247 701 2314 spinis,
735 2255 785 2300 et
814 2246 1021 2300 nomine
1055 2243 1270 2299 Domini
1296 2248 1439 2297 ultus
1460 2260 1576 2298 sum
1597 2260 1703 2299 eos.
1735 2241 2000 2312 Impulsus

429 2354 635 2394 eversus
665 2354 782 2392 sum
808 2345 867 2391 ιιι
892 2334 1154 2402 caderem,
1204 2345 1254 2391 et
1310 2335 1566 2390 Dominus
1617 2335 1843 2403 suscepit
1898 2350 1996 2389 me.

430 2429 721 2485 Fortitudo
770 2446 887 2484 mea
932 2438 982 2483 et
1013 2428 1130 2483 laus
1158 2445 1273 2483 mea
1308 2428 1585 2492 Dominus,
1630 2436 1678 2482 et
1713 2427 1884 2492 {actus
1922 2435 2002 2482 est

427 2524 559 2598 mihi
574 2525 628 2578 in
656 2522 902 2579 salutem.
926 2522 1040 2577 Vox
1060 2522 1433 2578 exsultationis
1455 2530 1502 2575 et
1528 2520 1718 2574 salutis
1743 2521 1797 2575 in
1822 2520 1999 2575 taber-

426 2616 634 2671 naculis
664 2615 949 2684 iustorum.
975 2613 1106 2669 Mihi
1139 2629 1271 2670 sane
1293 2613 1498 2685 profuit
1529 2612 1675 2684 quod
1707 2613 1998 2682 impiorum

426 2708 591 2764 linem
626 2707 760 2778 ipsis
785 2707 961 2764 oculis
997 2707 1353 2778 pet-ciperem.
1385 2704 1520 2760 Novi
1549 2705 1694 2760 enim
1722 2721 1816 2761 eos
1838 2720 1998 2761 exar-

427 2800 571 2856 sisse
594 2801 728 2855 sicut
756 2801 890 2871 ignis
924 2801 981 2854 in
1023 2799 1208 2869 spinis,
1249 2806 1343 2853 aut.
1371 2799 1670 2854 exstinctos
1709 2813 1832 2854 esse
1862 2798 1999 2853 sicut

428 2891 565 2962 ignis
591 2892 648 2946 in
676 2893 877 2963 spinis;
914 2891 986 2947 ita
1018 2903 1078 2946 ut
1105 2906 1214 2946 non
1235 2890 1468 2947 ulterius
1500 2890 1804 2961 perturber,
1838 2892 1883 2946 si
1913 2891 1997 2946 vi-

428 2986 588 3039 deam
626 2984 825 3055 impios
883 2999 1004 3040 sese
1049 2983 1322 3055 erigentes
1377 2990 1433 3039 et
1480 2983 1536 3037 in
1592 2985 1849 3054 populum
1903 2983 1996 3039 Dei

428 3077 797 3151 insurgentes.
826 3075 1037 3133 Etlidici
1080 3076 1282 3150 quippe
1307 3076 1530 3148 quinam
1565 3077 1711 3147 ipsos
1744 3075 1866 3133 ﬁnis
1901 3091 1996 3131 ex-

427 3172 657 3237 spectet.

500 3426 663 3484 Vt-zns.
681 3428 856 3484 16—18.
874 3429 1102 3485 Dextera
1123 3429 1331 3485 Domini
1356 3431 1478 3502 fecit
1498 3433 1760 3497 virtutem,
1778 3432 1995 3489 dextera

408 3519 640 3577 ,Domini
676 3525 929 3577 eaaltavit
962 3541 1061 3589 me,
1094 3524 1312 3581 dextera
1334 3526 1549 3581 Domini
1576 3527 1697 3597 fecit
1726 3529 1989 3583 virtutem.

425 3609 552 3667 Non
598 3615 816 3682 moriar,
848 3616 939 3670 sed
979 3617 1169 3684 vivam,
1217 3627 1266 3673 et
1303 3619 1532 3673 narrabo
1566 3636 1723 3690 opera
1757 3619 1987 3676 Domini.

424 3699 707 3776 Castigans
732 3708 1008 3777 castigavit
1037 3725 1119 3764 me
1148 3707 1427 3775 Dominus,
1476 3720 1526 3765 et
1548 3712 1710 3766 morti
1737 3728 1839 3767 non
1882 3723 1993 3766 tra-

422 3794 560 3850 didit
601 3814 700 3852 me.
728 3797 882 3865 Quod
906 3802 1314 3870 persecutiones
1348 3818 1459 3859 non
1492 3804 1712 3860 inutiles
1736 3806 1867 3868 sint,
1897 3805 1992 3861 sed

424 3887 492 3940 ad
548 3887 841 3945 utilitatem
892 3899 947 3946 et
986 3892 1361 3962 probationem
1408 3903 1726 3951 vexatorum
1775 3898 1988 3961 cedant,

421 3977 582 4033 docet
619 3979 705 4036 his
736 3982 919 4037 verbis
948 4002 961 4038 :
985 3981 1266 4056 Castigans
1297 3988 1575 4056 castigavit
1604 4004 1683 4041 me
1709 3987 1988 4045 Dominus.

420 4067 560 4125 Novi
595 4071 740 4126 enim
778 4072 1150 4130 inﬁrmitatem
1181 4090 1380 4140 meam,
1405 4086 1459 4132 et
1486 4091 1517 4131 a
1546 4076 1656 4133 Deo
1688 4079 1821 4134 mihi
1853 4096 1992 4152 prae-

419 4161 607 4219 stitam
643 4162 898 4219 virtutem
933 4181 1042 4222 non
1073 4167 1336 4238 ignoravi.
1398 4166 1609 4224 Edidici
1641 4185 1772 4226 vero
1801 4173 1988 4244 cujus-

418 4253 570 4311 modi
616 4254 689 4312 sit
739 4254 960 4312 dextera
1012 4259 1105 4314 illa
1160 4257 1398 4327 Domini,
1443 4278 1563 4333 qua:
1610 4262 1860 4322 inimicos
1895 4266 1992 4324 de-

417 4348 640 4419 pressit.

490 4462 659 4521 Vsus.
708 4464 892 4519 i9-2l.
939 4466 1149 4535 Aperite
1209 4465 1338 4520 mihi
1399 4478 1579 4537 portas
1616 4469 1865 4540 justitia,
1907 4477 1990 4529 in-

2101 1963 2246 2031 ἕθνη
2295 1961 2651 2017 ὲκύκλωσάν
2700 1982 2776 2035 με
2798 2009 2813 2033 ,
2866 1966 2964 2019 καί
3017 1965 3098 2031 τῷ
3153 1967 3393 2036 ὀνόματι
3450 1969 3677 2035 Kvplov

2100 2054 2421 2124 ἠμυνάμην
2451 2056 2693 2122 αὐτούς.
2724 2056 3161 2124 Κυκλώσαντες
3198 2058 3555 2113 ἐκύκλωσάν
3566 2077 3669 2129 με,

2100 2145 2201 2199 καί
2223 2146 2304 2213 τῷ
2334 2148 2577 2217 ὀνόματι
2604 2150 2826 2217 Κυρίου
2865 2148 3187 2220 ἠμυνάμην
3220 2152 3458 2217 αὐτούς.
3505 2153 3673 2205 Ἐκύ-

2100 2237 2345 2291 κλωσάν
2365 2256 2443 2309 με
2470 2240 2612 2294 ὡσεὶ
2640 2241 2934 2310 μέλισσαι
2960 2243 3189 2310 κηρίον,
3223 2243 3321 2297 καί
3351 2243 3675 2312 ἐξεκαύθη-

2099 2342 2222 2383 σαν
2239 2330 2380 2384 ὠσεὶ
2402 2331 2520 2400 πῦρ
2541 2331 2610 2384 ἐν
2632 2330 2942 2399 ἀκάνθαις,
2963 2333 3061 2386 καὶ
3081 2333 3159 2400 τῷ
3186 2335 3428 2404 ὀνόματι
3448 2336 3674 2402 Κυρίου

2098 2422 2419 2494 ἠμυνάμην
2437 2429 2675 2495 αὐτούς.
2705 2429 2934 2496 Ὠσθείς
2953 2430 3293 2499 ἀνετράπην
3313 2430 3418 2485 τοῦ
3436 2430 3672 2498 πεσεῖν,

2099 2513 2198 2567 καί
2233 2517 2269 2569 ό
2316 2517 2530 2586 Κύριος
2576 2517 2938 2573 ἀντελάϐετό
2987 2538 3128 2591 μου.
3177 2522 3371 2592 Ἰσχύς
3412 2539 3532 2591 μου
3569 2523 3671 2576 καί

2096 2604 2360 2674 ὕμνησίς
2380 2625 2500 2677 μου
2531 2612 2564 2663 ό
2590 2610 2823 2677 Κύριος,
2850 2612 2947 2665 καὶ
2975 2612 3215 2682 ἐγένετό
3236 2630 3337 2682 μοι
3363 2616 3451 2680 είς
3474 2630 3677 2683 σωτη-

2090 2698 2252 2765 ρίαν.
2286 2701 2458 2768 Φωνὴ
2488 2701 2907 2771 ἀγαλλιάσεως
2949 2704 3047 2758 καὶ
3090 2707 3388 2774 σωτηρίας
3417 2706 3487 2760 ἐν
3519 2724 3677 2772 σκη-

2095 2786 2231 2853 ναῖς
2260 2787 2528 2844 δικαίων.
2583 2792 2884 2866 Ὠφελήθην
2916 2793 2972 2848 δὲ
3024 2794 3119 2849 καὶ
3151 2795 3446 2868 ὀφθαλμοῖς
3485 2815 3672 2869 παρα-

2096 2878 2275 2936 λαϐὼν
2304 2882 2371 2938 τὰ
2397 2882 2525 2958 τέλη
2558 2884 2664 2940 τῶν
2697 2886 2927 2943 ἀσεϐῶν.
2957 2888 3165 2959 Ἔγνων
3188 2888 3313 2963 γὰρ,
3334 2890 3415 2944 ὅτι
3441 2891 3667 2955 ἐξεκαύ-

2095 2974 2269 3047 θησαν
2302 2976 2383 3043 ὡς
2416 2977 2535 3047 πῦρ
2585 2979 2655 3033 ἐν
2684 2978 2972 3048 ἀκάνθαις
2995 3024 3010 3049 ,
3063 2982 3097 3053 ἢ
3132 2982 3540 3054 ἐπεσϐέσθησαν
3589 2984 3675 3051 ὡς

2095 3066 2215 3136 πῦρ
2247 3067 2317 3121 ἐν
2345 3068 2631 3124 ἀκανθῶν
2657 3069 2775 3142 (sic)
2806 3070 2882 3135 ὡς
2921 3071 3117 3144 μηκέτι
3151 3090 3220 3144 με
3260 3073 3629 3145 ταράττεσθαι
3653 3115 3668 3136 ,

2020 3189 2063 3248 C
2096 3156 2150 3248 εί
2174 3175 2304 3212 ποτε
2337 3160 2476 3233 ὀρῶν
2502 3160 2721 3225 ἀσεϐεῖς
2750 3163 3160 3235 ἐπαιρομένους,
3179 3165 3272 3219 καὶ
3299 3165 3378 3236 τῷ
3395 3166 3509 3237 λαῷ
3532 3166 3676 3220 Θεοῦ

2095 3247 2575 3319 ἐπανισταμένους.
2588 3249 2860 3304 Πεπαίδευ
2868 3268 2964 3322 μαι
2981 3250 3089 3323 γὰρ
3104 3254 3284 3307 ὁποῖον
3302 3253 3497 3318 αὐτοὺς
3518 3254 3672 3319 τέλος

2094 3339 2396 3412 περιμένει.

2162 3450 2337 3518 Δεξιὰ
2374 3455 2596 3523 Κυρίου
2622 3455 2871 3524 ἐποίησε
2903 3455 3159 3527 δύναμιν
3180 3497 3197 3522 ,
3249 3456 3415 3523 δεξιὰ
3441 3460 3669 3530 Κιφίου

2093 3543 2304 3614 ὕψωσέ
2338 3564 2416 3615 με
2435 3586 2450 3611 ,
2490 3547 2659 3613 δεξιὰ
2692 3549 2913 3617 Κυρίου
2940 3549 3190 3618 ἐποίησε
3230 3549 3497 3622 δύναμιν.
3537 3556 3663 3609 Ούκ

2091 3638 2531 3708 ἀποθανοῦμαι,
2576 3640 2737 3695 ἀλλὰ
2767 3639 3037 3712 ζήσομαι,
3067 3642 3163 3696 καί
3208 3642 3551 3712 διηγήσομαι
3581 3646 3661 3699 τὰ

2090 3728 2234 3799 ἔργα
2258 3732 2497 3800 Κυρίου.
2543 3732 2847 3787 Παιδεύων
2882 3735 3207 3790 ἐπαίδευσέ
3246 3753 3314 3803 με
3353 3738 3386 3789 ό
3416 3737 3666 3804 Κύριος,

2090 3821 2171 3889 τῷ
2203 3820 2271 3875 δὲ
2301 3820 2532 3888 θανάτῳ
2563 3825 2636 3877 οὐ
2665 3824 2972 3892 παρέδωκέ
2995 3844 3093 3896 με.
3126 3828 3246 3882 Ὅτι
3274 3827 3351 3899 μὴ
3382 3828 3458 3890 εἰς
3483 3828 3666 3900 ἄχρη-

2093 3928 2216 3965 στον
2249 3913 2298 3967 οἱ
2331 3913 2581 3986 διωγμοὶ,
2632 3914 2748 3969 ἀλλ’
2784 3918 2872 3971 ἐπ’
2927 3917 3163 3991 ὠφελείᾳ
3192 3920 3284 3973 καῖ
3331 3919 3526 3991 δοκιμῇ
3556 3920 3671 3976 τῶν

2090 4005 2542 4077 πεπειρασμένων
2564 4007 2840 4076 γεγόνασι,
2863 4008 3102 4063 διδάσκει
3129 4010 3303 4080 λέγων
3323 4028 3337 4040 ι
3361 4011 3673 4067 Παιδεύων

2087 4095 2409 4151 ἐπαίδευσε
2433 4114 2510 4166 με
2553 4102 2586 4153 ὀ
2623 4101 2860 4168 Κύριος.
2905 4100 3120 4169 Ἔγνων
3151 4101 3259 4175 γὰρ
3291 4103 3391 4174 τὴν
3422 4104 3668 4175 ἐμαυτοῦ

2090 4186 2391 4254 ἀσθένειαν,
2408 4189 2502 4242 καὶ
2516 4189 2611 4261 τὴν
2627 4191 2690 4242 ἐκ
2706 4190 2840 4244 Θεοῦ
2862 4208 2950 4263 μοι
2971 4210 3047 4246 πα
3055 4193 3407 4264 ρασχεθεῖσαν
3429 4195 3667 4267 δύναμιν

2089 4277 2189 4332 οὐκ
2230 4279 2493 4353 ἠγνόησα.
2532 4281 2886 4356 Ἐπαιδεύθην
2917 4283 2974 4337 δὲ
3013 4285 3172 4338 ὁποία
3203 4304 3288 4351 τις
3328 4283 3397 4359 ἦν
3451 4289 3486 4360 ἡ
3516 4288 3674 4355 δεξιὰ

2087 4369 2182 4425 τοῦ
2212 4372 2438 4445 Κυρίου,
2471 4375 2504 4446 ή
2535 4374 2660 4439 τοὺς
2686 4376 2976 4448 πολεμίους
3005 4378 3407 4435 ταπεινώσασα.

2173 4485 2466 4550 Ἀνοίξατέ
2510 4504 2613 4557 μοι
2664 4488 2864 4555 πύλας
2906 4489 3296 4561 δικαιοσύνης
3319 4533 3335 4559 ,
3370 4495 3670 4550 εἰσελθὼν

416 4571 625 4624 gressus
655 4557 812 4612 ineas
830 4556 1117 4627 conﬁtebor
1137 4555 1363 4612 Domino
1380 4575 1400 4612 :
1439 4560 1550 4614 haec
1576 4572 1730 4628 porta
1749 4561 1984 4634 Domini,

2094 4579 2159 4632 ὲν
2208 4546 2417 4646 αὐταῖς
2464 4546 2981 4652 ἐξομολογήσομαι
3032 4582 3114 4649 τῷ
3148 4546 3376 4653 Κυρὶιρο

401 4644 547 4713 justi
585 4645 857 4701 intrabunt
907 4648 962 4701 in
1007 4664 1144 4702 eam.
1222 4646 1521 4719 Conﬁtebor
1578 4652 1692 4719 tibi,
1738 4656 1985 4725 quoniam

414 4736 681 4792 exaudiui
710 4755 811 4804 me,
839 4749 888 4793 et
918 4740 1090 4809 factus
1128 4757 1181 4795 es
1211 4742 1341 4795 milii
1377 4743 1434 4796 in
1453 4744 1698 4799 salutem.
1723 4744 1988 4804 Generale

415 4828 582 4902 igitur
596 4831 840 4886 omnium
876 4833 1139 4889 virtutum
1176 4850 1376 4891 nomen
1412 4836 1640 4908 iustitiae
1657 4840 1974 4905 ascribitur,

414 4936 555 4994 quas
611 4922 666 4977 in
710 4924 892 4994 specie
930 4926 1182 4983 dividens
1232 4929 1503 4999 quispiam
1552 4931 1677 5001 jure
1738 4933 1978 4989 dixerit:

413 5015 629 5086 Aperite
654 5016 783 5070 mihi
814 5027 996 5086 portas
1017 5019 1265 5089 justitia,
1292 5030 1477 5092 portas
1501 5023 1629 5079 item
1658 5024 1978 5097 prudentius,

413 5117 470 5164 et
518 5106 854 5178 reliquarum
902 5110 1203 5167 secundum
1253 5111 1421 5168 Deum
1477 5116 1774 5171 actionum.
1829 5115 1982 5173 Post-

415 5215 577 5269 quam
615 5209 794 5256 autem
841 5208 1029 5271 portas
1082 5218 1273 5259 omnes
1314 5201 1745 5279 praetergressus
1788 5210 1979 5280 fuerit;

415 5292 633 5346 demum
663 5291 720 5347 in
759 5292 951 5348 intima
1004 5302 1345 5364 sanctorum,
1371 5305 1430 5352 ιιι
1450 5301 1720 5372 quispiam
1759 5302 1979 5373 dixerit,

413 5384 756 5453 perveniens,
792 5401 905 5441 non
945 5386 1167 5449 multas,
1220 5387 1316 5443 sed
1344 5405 1506 5444 unam
1531 5392 1734 5448 videbit
1770 5404 1983 5464 portam

414 5471 589 5540 ipsius
611 5472 846 5540 Domini,
880 5491 978 5548 per
1009 5492 1174 5547 quam
1210 5493 1401 5536 omnes
1423 5480 1557 5550 justi
1588 5483 1980 5555 ingredientur.

413 5561 622 5618 Dixerit
650 5582 814 5637 porro
835 5570 1131 5640 quispiam,
1164 5569 1307 5628 banc
1331 5571 1578 5629 ultimam
1609 5591 1734 5632 esse
1759 5584 1814 5633 et
1859 5593 1984 5649 pos-

413 5665 644 5714 tremam
686 5669 922 5734 portam,
960 5667 1104 5723 ultra
1139 5683 1301 5740 quam
1348 5670 1602 5742 progredi
1655 5689 1766 5731 non
1799 5673 1978 5733 liceat.

481 5812 503 5836 '
542 5812 732 5871 Matth.
766 5832 858 5886 xv,
892 5819 980 5876 24.

2090 4672 2252 4738 πύλη
2278 4670 2385 4725 τοῦ
2407 4673 2647 4742 Κυρίου,
2668 4672 2883 4726 δίκαιοι
2908 4675 3358 4731 εἰσελεύσονται
3385 4678 3455 4731 ἐν
3479 4677 3665 4747 αὐτῇ.

2103 4761 2649 4834 Ἐξομολογήσομαί
2696 4780 2817 4828 σοι,
2857 4763 2947 4818 ὅτι
2984 4765 3335 4835 ἐπήκουσάς
3372 4786 3524 4838 μου,
3560 4770 3668 4824 καὶ

2088 4851 2298 4923 ἐγένου
2311 4870 2414 4927 μοι
2445 4857 2533 4921 είς
2557 4856 2877 4924 σωτηρίαν.
2903 4856 2976 4909 Τὸ
3003 4858 3100 4927 μὲν
3129 4855 3223 4912 οὖν
3246 4860 3459 4927 γενικὸν
3486 4860 3669 4931 ὄνομα

2089 4945 2278 5003 πασῶν
2338 4945 2446 5002 τῶν
2497 4946 2707 5019 ἀρετῶν
2759 4951 2825 5023 τῇ
2878 4947 3189 5022 δικαιοσύνῃ
3251 4953 3657 5025 προγράφεται·

2088 5039 2209 5090 κατ’
2242 5032 2381 5107 εἶδος
2416 5039 2473 5093 δὲ
2496 5038 2680 5097 λοιπὸν
2707 5040 2930 5116 διαιρῶν
2959 5061 3064 5109 τις,
3097 5045 3241 5099 εἴποι
3275 5044 3551 5113 ἀναλόγως
3577 5046 3662 5109 τὲ,

2101 5131 2394 5197 Ἀνοίξατέ
2417 5150 2518 5202 μοι
2542 5134 2739 5200 πύλας
2763 5134 3175 5206 δικαιοσύνης,
3205 5141 3298 5193 καὶ
3324 5139 3497 5203 πύλας
3526 5156 3667 5213 φρο-

2086 5220 2294 5291 νήσεως
2312 5261 2329 5286 ,
2361 5222 2455 5277 καὶ
2485 5222 2593 5278 τῶν
2640 5224 2843 5279 λοιπῶν
2878 5227 2986 5281 τῶν
3015 5228 3158 5284 κατὰ
3203 5229 3334 5283 Θεὸν
3380 5230 3659 5303 πράξεων.

2100 5311 2346 5368 Ἐπειδὰν
2388 5313 2476 5369 διὰ
2532 5316 2719 5369 πασῶν
2774 5318 3016 5396 παρέλθῃ
3068 5320 3177 5376 τῶν
3224 5321 3437 5386 πυλῶν,
3469 5321 3665 5376 λοιπὸν

2084 5403 2176 5456 ἐπὶ
2205 5403 2266 5458 τὸ
2293 5406 2442 5471 τέλος
2486 5407 2615 5471 τῶν,
2647 5409 2723 5474 ὠς
2765 5409 2831 5465 ἂν
2862 5411 3005 5474 εἴποι
3050 5432 3153 5480 τις,
3188 5415 3452 5469 ἐνδοτάτω
3484 5415 3660 5483 ἁγίων

2084 5494 2275 5563 ἐλθὼν,
2308 5496 2490 5557 οὐκέτι
2524 5500 2745 5568 πολλὰς,
2781 5502 2928 5563 amr
2952 5506 3082 5575 μίαν
3113 5507 3298 5578 ὄψεται
3346 5507 3519 5580 πύλην
3555 5506 3661 5579 τὴν

2084 5585 2249 5641 αὑτοῦ
2285 5587 2380 5643 τοῦ
2419 5591 2623 5663 Κυρίου
2648 5631 2665 5655 ,
2698 5591 2766 5647 δι’
2807 5589 2877 5667 ἧς
2934 5595 3132 5662 πάντες
3183 5598 3573 5652 εἰσελεύσονται
3602 5600 3661 5654 οἱ

2085 5678 2300 5737 δίκαιοι.
2344 5682 2503 5739 Εἴποι
2552 5682 2596 5739 δ’
2629 5683 2696 5742 ἄν
2755 5702 2838 5752 τις
2880 5686 3085 5760 ταύτην
3133 5689 3230 5764 τὴν
3276 5692 3507 5763 ὑστάτην
3559 5693 3662 5747 καὶ
