4040 6210
413 249 553 305 1563

1510 250 2011 308 COMMENTARIA
2044 252 2112 310 IN
2150 253 2485 312 PSALMOS.

3513 255 3650 313 i366

412 369 746 434 τελευταίαν,
778 363 848 442 ἦς
893 368 1150 426 ἐπέκεινα
1179 368 1361 424 οὐκέτι
1386 365 1498 426 οἷόν
1539 389 1599 426 τε
1639 369 1776 428 εἶναι
1814 391 1982 446 προσ-

2087 373 2372 431 Postrema
2403 384 2582 432 autem
2622 375 2840 432 Domini
2876 383 3033 447 porta
3068 375 3230 433 fuerit
3265 376 3654 447 contemplatio

411 457 607 514 ελθεῖν.
642 459 876 531 ’Υστάτη
908 460 969 514 δὲ
1020 458 1161 532 πύλη
1203 459 1297 513 τοῦ
1347 460 1552 532 Κυρίου
1585 463 1625 534 ἡ
1669 461 1871 535 θεωρία
1913 464 1979 519 ἂν

410 551 496 622 εἴη
519 549 706 616 αὐτοῦ,
728 553 869 606 κατὰ
895 552 978 615 τὸ,
995 552 1286 621 Μακάριοι
1309 554 1360 606 ol
1383 553 1624 608 καθαοοὶ
1649 552 1725 622 τῇ
1747 555 1982 628 καρδίᾳ,

409 641 501 698 ὅτι
534 643 705 698 αὐτοὶ
739 643 846 699 τὸν
882 644 1030 698 Θεὸν
1057 644 1336 713 ὄψονται.

482 734 667 789 Λίθον
716 734 790 789 ὃν
847 734 1302 806 ἀπεδοκίμασαν
1361 737 1416 790 oi
1490 736 1945 808 οἰκοδομοῦντες
1963 756 1982 770 -Α

409 820 590 894 οὗτος
609 827 864 897 ἐγενήθη
893 830 981 894 εἰς
1004 827 1283 897 κεφαλὴν
1305 828 1540 899 γωνίας.
1569 830 1737 899 Παρὰ
1761 832 1982 900 Κυρίου

409 919 647 990 ἐγένετο
679 920 852 990 αὕτη,
887 920 986 976 καὶ
1013 920 1146 976 ἐστι
1195 920 1508 990 θαυμαστὴ
1548 921 1618 976 ἐν
1654 923 1984 994 ὀφθαλμοῖς

411 1009 601 1082 ἡμῶν.
655 1012 812 1080 Αὕτη
863 1013 902 1081 ἠ
952 1010 1152 1082 ἡμέρα.
1187 1009 1268 1078 ἢν
1307 1011 1598 1079 ἐποίησεν
1646 1016 1680 1068 ὁ
1729 1015 1980 1083 Κύριος,

410 1103 908 1174 ἀγαλλιασώμεθα
957 1103 1058 1159 καὶ
1102 1101 1526 1173 εὐφρανθῶμεν
1561 1104 1630 1158 ἐν
1676 1103 1851 1174 αὐτῇ.
1907 1102 1982 1161 Ὦ

410 1197 614 1265 Κύριε,
635 1195 842 1250 σῶσον
872 1195 970 1264 δὴ,
1010 1189 1057 1249 ὦ
1083 1196 1286 1263 Κύριε,
1317 1194 1622 1249 εὑόδωσον
1651 1194 1750 1265 δή.
1789 1197 1982 1251 Εὐλο-

409 1288 668 1358 γημένος
699 1292 732 1343 ό
761 1288 1085 1358 ἐρχόμενος
1119 1288 1188 1341 ἐν
1213 1288 1458 1357 ὀνόματι
1484 1289 1727 1356 Κυρίου.
1766 1288 1983 1362 Ἐπειδὴ

409 1377 516 1435 εἶδε
568 1381 667 1452 τῆς
719 1379 1042 1452 οἰκουμένης
1074 1379 1179 1452 τὴν.
1221 1379 1537 1451 εὐεργεσίαν
1586 1381 1680 1434 καὶ
1729 1381 1829 1452 τὴν
1878 1381 1984 1436 τῶν

411 1471 753 1543 πραγμάτων
783 1471 1083 1543 μεταϐολὴν
1103 1511 1116 1536 ,
1163 1471 1257 1525 καὶ
1299 1472 1433 1543 πρὸς
1472 1473 1532 1526 τὸ
1581 1472 1786 1544 βέλτιον
1816 1474 1984 1545 μετά-

411 1579 620 1628 στασιν,
643 1564 955 1634 συγχαίρων
983 1567 1100 1628 τοῖς
1123 1564 1452 1619 ἀπολαύουσι
1478 1584 1642 1638 φησιν
1661 1584 1674 1597 ο
1695 1563 1762 1621 Ὦ
1787 1569 1982 1636 Κύριε,

409 1653 619 1711 σῶσον
642 1653 751 1722 δήο
779 1651 827 1709 ὦ
862 1657 1055 1724 Κύριε,
1086 1657 1394 1712 εὐόδωσον
1415 1657 1512 1725 δή.
1558 1659 1835 1726 Τουτέστι,
1871 1660 1986 1714 διά-

411 1763 584 1801 σωσον
622 1748 748 1810 τοὺς
792 1747 1198 1814 ἀπολαύοντας,
1241 1749 1381 1803 ὥστε
1426 1751 1838 1822 ἐμπλησθῆναι,
1892 1754 1984 1807 καὶ

409 1840 655 1910 καρποὺς
702 1839 884 1906 ἀξίους
928 1840 1290 1908 διαδείξασθαι
1343 1842 1442 1912 τῆς
1484 1842 1738 1915 χάριτος’
1794 1845 1983 1916 ῥᾳδίαν

407 1934 590 1997 αὐτοῖς
618 1933 842 2004 ποίησον
871 1933 968 2003 τὴν
1004 1933 1145 1998 ὁδὸν,
1172 1933 1334 1998 ὥστε,
1383 1935 1518 2006 μετὰ
1564 1936 1624 1988 τὸ
1669 1939 1870 2008 τυχεῖν,
1909 1938 1985 2010 μὴ

406 2027 663 2080 ικπεσεῖν
691 2023 799 2077 τῶν
825 2023 1078 2080 τοιούτων
1111 2025 1312 2079 καλῶν.

479 2114 914 2187 Εὐλογήκαμεν
961 2115 1116 2187 ὑμᾶς
1161 2117 1231 2182 ἐξ
1293 2118 1464 2172 οἴκου
1519 2120 1741 2189 Κυρίου
1770 2160 1786 2186 ,
1841 2120 1985 2189 Θεὸς

406 2208 619 2278 Κύριος
674 2208 771 2261 καί
816 2207 1118 2278 ἐπέφανεν
1164 2209 1328 2280 ἡμῖν.
1394 2209 1813 2282 Ὀμολογοῦντες
1837 2253 1852 2280 ,
1903 2215 1984 2268 ὅτι

406 2300 586 2354 ταῦται
617 2299 801 2363 αὐτοῖς
832 2299 1006 2365 οὐδεὶς
1027 2301 1187 2364 ἄλλος
1218 2301 1251 2372 ἢ
1275 2302 1435 2366 αὐτὸς
1454 2304 1483 2355 6
1517 2303 1721 2382 Κύριος
1747 2305 1985 2375 ὲπέφανέ

405 2409 467 2446 τε
504 2393 598 2446 καὶ
625 2391 822 2458 ἔδειξε⁸
865 2391 946 2444 διό
979 2409 1163 2459 φασιν,
1206 2394 1638 2464 Εὑλογήκαμεν
1688 2393 1874 2466 ὑμᾶς⁶
1904 2399 1984 2451 ὅτι

407 2484 644 2554 ὲπέφανε
699 2485 798 2557 τὴν
845 2484 1116 2555 ὑμετέραν
1160 2484 1342 2550 δείξας
1386 2487 1677 2559 σωτηρίαν.
1728 2489 1986 2559 Ἐπευξά-

411 2591 562 2646 μενοι
615 2574 711 2628 καὶ
765 2574 833 2628 τὰ
889 2575 1154 2646 μέλλοντα
1195 2556 1679 2650 προθεωρήσαντες
1723 2556 1816 2652 τῷ.
1845 2581 1986 2652 ἁγίῳ

407 2666 686 2739 Πνεύματι
716 2667 785 2721 τὰ
817 2668 1154 2739 προκείμενα
1192 2669 1240 2720 οί
1287 2669 1587 2740 προφῆται,
1626 2671 1987 2744 μακαρίζουσι

407 2759 536 2824 τοὺς
569 2757 861 2830 μέλλοντας
903 2759 1015 2814 τῶν
1045 2759 1502 2831 ἀποτελεσμάτων
1546 2763 1675 2817 ποτὲ
1703 2765 1988 2832 καταξιοῦ-

410 2850 556 2906 σθαι.
602 2849 1006 2918 Συστήσασθε
1044 2850 1263 2921 ἑορτὴν
1313 2851 1384 2906 ἐν
1445 2853 1570 2921 τοῖς
1615 2856 1988 2918 ⁴τιίυκιίζουσιν

407 2944 518 3011 ἔως
553 2942 671 2998 τῶν
715 2944 976 3012 κεράτων
1007 2944 1112 3000 τοῦ
1145 2947 1608 3016 θυσιαστηρίου,
1651 2951 1809 3020 ὑμεῖς
1846 2951 1894 3004 οἱ
1929 2952 1987 3020 ἐξ

2083 468 2226 536 ejus,
2257 468 2559 523 secundum
2591 467 2724 523 illud
2757 486 2772 522 :
2802 467 2958 522 Beati
2986 468 3180 523 mundo
3203 467 3376 534 corde,
3400 471 3651 539 quoniam

2082 560 2184 628 ipsi
2206 559 2376 615 Deum
2395 560 2637 615 videbunt
2655 559 2697 616 ⁸.

2153 741 2322 799 Vens.
2347 742 2530 798 22-26.
2569 742 2843 812 Lapidem,
2874 758 3026 812 quem
3064 739 3467 808 reprobaverunt
3519 737 3652 792 mdi-

2083 836 2338 904 ﬁcantes,
2371 835 2454 889 hic
2489 836 2664 905 factus
2702 846 2778 890 est
2808 836 2864 889 in
2915 844 3072 904 caput
3109 832 3312 902 anguli.
3358 832 3399 884 Α
3429 829 3654 884 Domina

2085 927 2283 996 factum
2308 936 2386 982 est
2427 928 2594 994 istud,
2624 936 2673 981 et
2702 937 2779 980 est
2833 925 3076 979 mirabile
3132 924 3186 977 in
3225 923 3390 976 oculis
3438 922 3656 976 nostris.

2087 1019 2217 1075 Htec
2246 1021 2356 1074 dies
2383 1037 2541 1090 quam
2566 1020 2686 1089 fecit
2706 1018 2987 1082 Dominus,
3005 1015 3326 1072 exsultemus
3350 1024 3398 1068 et
3421 1015 3658 1068 la’temur

2085 1113 2140 1167 in
2165 1129 2248 1167 ea.
2301 1112 2344 1167 Ο
2380 1111 2620 1176 Domine,
2679 1110 2848 1175 salva,
2906 1124 3083 1178 quwso
3113 1124 3130 1162 :
3159 1125 3189 1162 ο
3236 1106 3475 1168 Domine,
3535 1105 3658 1158 bene

2083 1219 2392 1273 prosperare
2413 1203 2520 1272 fac,
2547 1218 2757 1272 quaeso;
2783 1201 3077 1256 benedictus
3102 1200 3190 1270 qui
3213 1199 3348 1254 uenit
3374 1200 3428 1251 in
3451 1202 3658 1250 nomine

2083 1294 2322 1348 Domini.
2377 1291 2652 1359 Quoniam.
2703 1290 2923 1346 videbat
2989 1289 3313 1345 beneﬁcium
3361 1287 3415 1340 in
3468 1286 3658 1341 orbein

2086 1395 2244 1442 terra;
2275 1383 2708 1449 conferendum,
2752 1398 3046 1452 rerumque
3079 1379 3444 1436 mutationem
3493 1392 3557 1432 ac
3602 1376 3660 1431 in

2085 1479 2283 1534 melius
2327 1477 2763 1540 conversionem,
2804 1475 2909 1529 hoc
2945 1475 3089 1530 bono
3121 1472 3427 1528 {ruentibus
3471 1477 3663 1541 gratur

2087 1569 2207 1624 l-ans
2247 1569 2322 1623 ait
2349 1588 2360 1623 :
2390 1567 2432 1622 Ο
2466 1567 2705 1630 Domine,
2736 1566 2905 1628 salva,
2937 1580 3148 1636 quaeso;
3193 1581 3223 1618 ο
3252 1562 3500 1624 Domine,
3537 1561 3662 1614 bene

2086 1676 2393 1730 prosperare
2422 1661 2530 1728 fac,
2565 1676 2762 1730 quwso.
2785 1657 2839 1713 Id
2869 1665 2972 1723 est,
3011 1671 3277 1713 conserva
3309 1655 3430 1710 illos
3450 1653 3542 1724 qui
3573 1653 3676 1707 his.

2090 1752 2367 1817 fruuntur,
2402 1753 2476 1807 ita
2519 1759 2579 1806 ut
2627 1752 2959 1822 repleantur,
3021 1758 3078 1806 et
3134 1749 3346 1803 fructus
3379 1746 3550 1818 gratia
3577 1743 3679 1800 dio.

2089 1862 2225 1917 gnos
2246 1846 2584 1903 exhibeant:
2621 1844 2833 1899 facilem
2867 1844 3008 1913 ipsis
3034 1844 3175 1899 viam
3221 1856 3373 1911 para.
3421 1848 3482 1893 ut
3512 1844 3664 1908 post-
3739 1874 3742 1876 η

2087 1956 2250 2010 quam
2289 1940 2404 1995 haec
2457 1924 2739 1994 consecuti
2789 1935 3012 2000 fuerint,
3067 1950 3097 1988 a
3152 1933 3353 1988 talibus
3391 1931 3551 1986 bonis
3594 1945 3673 1984 no

2088 2031 2364 2088 excidant.

2159 2125 2326 2181 Vens.
2354 2125 2447 2180 27.
2506 2122 2878 2178 Benedix-imus
2909 2120 3054 2175 vobis
3110 2119 3174 2171 de
3202 2117 3356 2170 domo
3400 2112 3611 2168 Domini
3643 2126 3663 2166 :

2089 2217 2230 2272 Deus
2272 2216 2531 2270 Dominus
2577 2224 2627 2270 et
2676 2216 2856 2269 illuxit
2897 2213 3066 2267 nobis.
3115 2209 3453 2266 Confitentes
3491 2204 3665 2260 nenii-

2088 2323 2212 2363 nem
2238 2306 2420 2361 alium.
2441 2321 2606 2376 quam
2638 2306 2820 2376 ipsum
2847 2304 3141 2358 Dominum
3168 2301 3283 2356 haec
3312 2298 3447 2369 ipsis
3475 2305 3665 2352 osteu-

2087 2402 2238 2458 disse
2267 2415 2332 2455 ac
2359 2399 2698 2464 exhibuisse,
2730 2412 2901 2468 quare
2933 2397 3160 2451 dicunt:
3179 2392 3550 2447 Benediximus
3577 2407 3690 2443 eoo.

2089 2493 2190 2558 bis,
2216 2492 2343 2564 quia
2382 2492 2564 2546 illuxit
2607 2497 2843 2546 vestram
2890 2489 3124 2544 salutem
3154 2485 3473 2541 ostendens.
3507 2481 3666 2536 Post-

2088 2600 2252 2656 quam
2304 2590 2487 2640 autem
2521 2588 2828 2638 oraverunk
2855 2587 2912 2636 et
2954 2580 3010 2634 in
3050 2577 3258 2649 Spiritu
3311 2581 3502 2629 sancto
3550 2572 3668 2628 haec

2088 2679 2272 2732 futura
2315 2681 2726 2747 prospexerunt.
2774 2671 3074 2743 prophetae,
3127 2669 3318 2724 beatos
3365 2665 3667 2737 praedicant

2087 2786 2184 2825 eos
2217 2769 2311 2840 qui
2349 2769 2544 2824 horum
2579 2766 2739 2822 ﬁnem
2769 2773 2824 2821 et
2869 2762 3122 2820 eﬂ‘ectum
3156 2758 3447 2831 aliquando
3476 2771 3669 2812 conse-

2087 2861 2268 2918 cuturi
2297 2871 2445 2916 sunt.
2481 2859 2804 2914 Constituite
2831 2857 2968 2912 diem
2995 2855 3278 2912 solemnem
3306 2853 3361 2905 in
3390 2848 3664 2904 condensis

2088 2971 2252 3025 usque
2283 2953 2353 3007 ad
2400 2969 2600 3007 cornua
2632 2952 2848 3015 altaris,
2900 2964 3000 3006 vos
3037 2964 3104 3004 ex
3155 2945 3409 3018 gentibus
3455 2943 3548 3014 qui
3607 2942 3664 2996 in

408 3035 578 3089 ἐθνῶν
610 3037 669 3089 ἐν
698 3039 810 3100 τοῖς
857 3036 1178 3101 πυκάζουσι.
1215 3036 1384 3090 Τοῦτο
1417 3038 1474 3091 δὲ
1521 3041 1548 3093 6
1603 3041 1702 3111 μὲν
1753 3041 1984 3107 Ἀκύλας

2089 3047 2383 3102 condensis
2411 3046 2568 3102 estis.
2588 3043 2705 3099 Hoc
2733 3051 2914 3098 autem
2941 3043 3022 3098 sic
3049 3039 3244 3111 Aquila
3274 3039 3666 3106 interpretatus

407 3127 751 3200 ήρμήνευσεν
783 3127 983 3181 εἰπών’
1013 3127 1247 3195 Alio-ars
1281 3129 1500 3200 ἑορτὴν
1526 3131 1597 3185 ἐν
1627 3134 1948 3203 πιμελέσιν
1967 3153 1982 3166 ·

405 3216 438 3269 6
466 3217 523 3270 δὲ
552 3216 846 3288 Σύμμαχος
865 3235 879 3248 ·
927 3219 1281 3289 Συνδήσατε
1320 3221 1390 3274 ἐν
1427 3223 1755 3292 πανηγύρει
1799 3225 1988 3280 πυκά-

406 3325 605 3380 σματα
632 3309 738 3377 ἕως
760 3309 879 3364 τῶν
906 3311 1168 3382 κεράτων
1189 3313 1294 3367 τοῦ
1327 3315 1780 3384 θυσιαστηρίου.
1812 3317 1987 3389 Προσ-

407 3402 662 3456 τάττειδὲ
689 3403 777 3458 διὰ
805 3403 1010 3458 τούτων
1042 3405 1256 3469 πολλοῖς
1289 3405 1593 3478 κειμηλίοις
1625 3407 1868 3480 πληροῦν
1895 3411 1985 3464 τὸν

407 3489 554 3549 οἷκον
591 3495 682 3549 τοῦ
731 3495 867 3550 Θεοῦ
912 3497 1006 3551 καὶ
1050 3498 1364 3569 ἀναθήμασι
1409 3501 1634 3564 πυκνοῖς
1688 3503 1986 3572 στεφανοῦν

407 3585 570 3639 αὐτὸν
595 3587 738 3644 κατὰ
766 3590 893 3652 τοὺς
917 3587 1025 3641 τῶν
1053 3589 1539 3662 ἑορτῶν-καιρούς..

479 3681 621 3747 Θεός
651 3698 770 3750 μου
798 3681 853 3735 ετ
885 3681 988 3745 σὺ,
1014 3682 1110 3735 καί
1139 3681 1658 3754 ἐξομολογήσομαί
1684 3702 1813 3740 σοι’
1843 3688 1986 3754 θεός

400 3794 521 3849 μου
553 3773 611 3832 εἷ
643 3776 746 3840 σὺ,
773 3777 872 3831 καὶ
896 3775 1122 3847 ὐψὼσω
1151 3795 1244 3832 σε.
1274 3780 1676 3852 Προστάττεται
1707 3782 1763 3836 δὲ
1794 3785 1822 3836 6
1853 3800 1984 3853 συγ-

408 3869 694 3941 κροτηθεις
719 3869 778 3922 ὲν
819 3868 1040 3942 Χριστῷ
1071 3869 1196 3934 λαδς
1237 3872 1302 3925 ὲκ
1327 3889 1385 3925 τε
1417 3873 1511 3926 τοῦ
1549 3875 1764 3948 Ἰσραὴλ
1800 3878 1893 3930 καὶ
1924 3880 1988 3932 ἐκ

407 3960 502 4015 τοῦ
534 3961 682 4014 οἴκου
729 3960 955 4033 Ἀαρὼν,
991 3963 1086 4017 καὶ
1131 3964 1197 4017 ὲκ
1225 3963 1332 4022 τῶν
1364 3948 1714 4037 φοϐουμένων
1743 3968 1834 4024 τὸν
1873 3969 1983 4022 K5;

412 4071 526 4126 ριον
576 4053 1009 4124 ἐξομολογεῖσθαι
1043 4057 1136 4110 καὶ
1177 4055 1356 4126 λέγειν
1398 4059 1456 4112 ὲν
1487 4060 1564 4129 τῇ
1603 4058 1985 4132 ἐξομολογήσει

408 4143 490 4207 τὸ,
520 4145 665 4210 Θεός
703 4163 822 4215 μου
865 4141 924 4199 εἷ
970 4147 1086 4212 σὺ,
1135 4149 1231 4203 καί
1283 4148 1809 4221 ἐξομολογήσομαί
1849 4168 1981 4205 σοι·

412 4237 555 4304 Θεός
580 4255 699 4306 μου
721 4233 781 4290 εἷ
802 4237 906 4302 σὺ,
934 4239 1033 4292 καὶ
1055 4241 1280 4318 ὑψώσῳ
1308 4259 1401 4297 σεε
1436 4242 1986 4314 Ἐξομολογήσομαι

2085 3146 2171 3195 est
2203 3159 2217 3194 :
2251 3137 2439 3206 Ligate
2466 3136 2854 3191 solemnitatem
2886 3134 2943 3188 in
2964 3129 3274 3202 pinguibus;
3304 3124 3666 3199 Symmachus

2086 3247 2217 3286 vero
2250 3251 2264 3286 :
2295 3230 2560 3301 Colligate
2603 3229 2658 3284 in
2685 3226 2989 3282 celebritate
3038 3223 3346 3287 densitates,
3397 3233 3562 3287 usque
3594 3214 3664 3268 ad

2086 3337 2285 3378 cornua
2309 3321 2524 3376 altaris.
2554 3317 2652 3375 His
2677 3325 2860 3373 autem
2910 3313 3179 3387 praecipit,
3217 3309 3404 3364 multis
3433 3307 3668 3362 cimeliis

2086 3414 2310 3470 domum
2352 3413 2448 3471 Dei
2494 3413 2733 3484 replere,
2779 3419 2944 3481 atque
2992 3407 3238 3464 donariis
3287 3400 3668 3471 frequentibus

2086 3507 2260 3578 ipsam
2297 3506 2638 3579 temporibus
2675 3502 3084 3560 solemnitalum
3120 3510 3404 3554 coronare.

2163 3688 2324 3748 Vsus.
2356 3687 2447 3751 28,
2479 3687 2571 3742 29.
2604 3686 2740 3740 Deus
2773 3699 2917 3738 meus
2946 3700 3000 3738 es
3029 3689 3106 3747 tu,
3137 3689 3186 3738 et
3213 3678 3501 3750 confitebor
3535 3675 3668 3730 tibi:

2088 3783 2230 3838 Deus
2262 3799 2405 3838 meus
2433 3799 2486 3836 es
2516 3791 2593 3845 tu,
2630 3788 2680 3834 et
2711 3775 2958 3833 exaltabo
2989 3785 3057 3830 te.
3101 3773 3348 3846 Populus
3377 3789 3444 3828 cx
3475 3769 3667 3836 Israel,

2087 3889 2150 3928 ex
2181 3873 2344 3928 domo
2366 3872 2551 3925 Aaron
2570 3878 2625 3925 et
2651 3885 2716 3924 ex
2747 3867 3067 3924 timentibus
3091 3865 3401 3927 Dominum,
3433 3865 3486 3918 in
3509 3861 3670 3918 Chri-

2086 3978 2174 4023 sto
2215 3971 2604 4036 congregatus,
2631 3961 2856 4033 jubetur
2892 3959 3143 4015 conﬁteri
3178 3973 3243 4013 ac
3271 3957 3493 4013 dicere:
3526 3955 3668 4009 Deus

2085 4075 2230 4114 meus
2259 4075 2312 4113 es
2343 4067 2418 4122 tu,
2463 4067 2512 4111 et
2556 4053 2842 4124 conﬁtebor
2881 4053 3014 4107 tibi:
3043 4052 3180 4107 Deus
3226 4067 3372 4105 meus
3417 4066 3471 4104 es
3509 4059 3584 4110 tu,
3617 4056 3690 4101 et-

2083 4151 2332 4206 exaltabo
2363 4160 2430 4205 te.
2471 4149 2775 4220 Conﬁtebor
2806 4149 2920 4212 tibi,
2965 4146 3215 4218 quoniam
3254 4141 3523 4197 exaudisti
3561 4156 3664 4203 me,

2085 4245 2339 4314 et-factus
2377 4259 2430 4297 es
2469 4241 2600 4295 mihi
2642 4243 2699 4294 in
2725 4241 2973 4295 salutem.
3006 4238 3106 4293 Cui
3154 4250 3317 4305 porro
3343 4235 3460 4288 haec
3507 4231 3662 4292 dicit,
3749 4309 3752 4312 ἢ

408 4345 528 4392 σοι,
562 4328 649 4382 ὅτι
675 4328 1024 4396 ἑπήκουσάς
1047 4350 1165 4400 μου
1184 4372 1198 4396 ,
1233 4335 1332 4387 καὶ
1377 4335 1589 4405 ἐγένου
1614 4353 1716 4406 μοι
1746 4339 1832 4411 είς
1870 4354 1984 4392 σω-

2087 4339 2194 4394 nisi
2245 4336 2472 4391 Domino
2513 4334 2767 4404 superius
2826 4333 3127 4393 declarato,
3183 4328 3276 4398 qui
3323 4326 3391 4380 de
3436 4323 3664 4378 tribula-

408 4422 639 4489 τηρίαν.
671 4422 790 4476 Τίνι
819 4421 876 4476 δὲ
905 4422 1079 4477 ταῦτα
1119 4423 1264 4492 λέγει
1290 4426 1322 4497 ἢ
1359 4426 1435 4498 τῷ
1467 4429 1725 4502 ἀνωτέρω
1753 4408 1984 4501 δεδηλω-

2093 4431 2239 4484 tione
2282 4428 2459 4499 ipsum
2489 4424 2759 4488 liberavit,
2787 4423 2879 4493 qui
2927 4422 3090 4476 etiam
3132 4420 3383 4474 inimicos
3422 4416 3542 4485 ejus
3571 4415 3668 4469 de-

413 4513 560 4584 μένῳ
608 4514 798 4586 Κυρίῳ
835 4513 914 4584 τῷ
961 4514 1057 4568 καὶ
1102 4515 1167 4568 ὲκ
1209 4515 1438 4586 θλίψεως
1473 4519 1761 4592 ῥυσαμένῳ
1797 4520 1980 4584 αὐτὸν,

407 4606 487 4677 τῷ
527 4607 621 4660 καὶ
669 4607 797 4671 τοὺς
830 4605 1058 4678 ἐχθροὺς
1088 4607 1254 4662 αὐτοῦ
1312 4611 1725 4676 ταπεινώσαντι,
1764 4611 1844 4682 τῷ
1886 4613 1983 4666 καί

409 4697 499 4751 τὸν
550 4697 696 4751 λίθον
746 4698 839 4750 τὸν
899 4697 1282 4770 ἀποϐληθέντα
1335 4701 1472 4770 πρὸς
1530 4703 1638 4755 τῶν
1682 4704 1982 4776 οἰκοδόμων

410 4788 706 4859 ὑψώσαντι,
742 4789 819 4861 τῷ
847 4789 942 4844 καὶ
982 4789 1308 4844 εύοδιὸσαντι
1351 4793 1446 4846 καὶ
1478 4793 1710 4849 σώσαντι
1748 4798 1874 4860 τοὺς
1909 4801 1989 4862 εἰς

408 4881 569 4935 αὐτὸν
614 4880 986 4946 πιστεύοντας.
1025 4882 1511 4954 Ἑξομολογεῖσθε
1553 4885 1634 4950 τῷ
1666 4890 1862 4956 Κυρίῳ
1900 4888 1990 4943 ὅτι

407 4971 649 5040 ἀγαθὸς,
683 4971 773 5025 ὅτι
803 4975 888 5038 εὶς
918 4973 1025 5026 τὸν
1044 4971 1234 5027 αἰῶνα
1259 4973 1325 5027 τὸ
1358 4973 1533 5042 ἔλεος
1561 4977 1771 5034 αὐτοῦ.

899 5090 1232 5144 ΑΛΛΗΛΟΥ
1234 5091 1321 5144 1A.
1340 5091 1460 5144 PII-1

476 5177 764 5246 Μακάριοι
803 5183 859 5234 οὶ
879 5181 1104 5253 ἄμωμοι
1134 5184 1206 5236 ἐν
1235 5181 1312 5252 τῇ
1345 5181 1483 5249 ὀδῷ,
1511 5186 1566 5238 cl
1599 5186 1988 5256 πορευόμενοι

405 5268 476 5323 ἐν
518 5271 693 5340 νόμῳ.
734 5275 978 5344 Κυρίου.
1016 5274 1301 5344 Μακάριοι
1333 5278 1387 5330 οἱ
1429 5276 1859 5346 ἐξερευνῶντες
1915 5279 1988 5332 τὰ

399 5363 693 5431 μαρτύρια
728 5364 935 5430 αὐτοῦ,
963 5367 1033 5420 ἐν
1061 5366 1172 5436 ὅλῃ
1202 5368 1275 5436 τῇ
1314 5367 1525 5438 καρδίᾳ
1551 5366 1986 5437 ἑκζητήσουσιν

405 5453 612 5508 αὐτόν.
639 5457 721 5509 Οὐ
745 5457 856 5526 γὰρ
874 5461 928 5513 ol
949 5457 1323 5530 ἐργαζόμενοι
1347 5460 1461 5529 τὴν
1484 5461 1740 5530 ἀνομίαν
1762 5461 1832 5516 ἐν
1854 5462 1984 5529 ταῖς

372 5545 569 5613 ,ὁδοῖς
597 5549 786 5603 αὐτοῦ
827 5550 1267 5634 ἐπορεύθησαν.
1311 5553 1394 5608 Σὺ
1428 5553 1704 5610 erstele
1750 5555 1865 5627 τὰς⁵
1886 5555 1980 5610 diu

477 5701 501 5730 ⁸
536 5699 723 5760 Matth.
760 5722 820 5770 ν,
850 5705 900 5762 8.

2091 4523 2314 4595 pressit,
2354 4519 2446 4592 qui
2491 4517 2839 4588 reprobatnm
2889 4513 2958 4568 ab
2989 4510 3386 4567 aediﬁcantibus
3432 4505 3686 4576 lapidem.

2092 4613 2370 4681 exaltavit,
2402 4611 2493 4683 qui
2527 4609 2710 4664 ﬁdeles
2750 4623 2880 4663 suos
2912 4605 3052 4659 bene
3096 4615 3418 4672 prosperare
3460 4596 3590 4652 fecit
3614 4604 3678 4650 et-

2093 4709 2269 4764 salute
2297 4703 2541 4760 donavit.
2569 4699 2906 4770 Con/itemini
2939 4697 3164 4751 Domino
3199 4693 3446 4765 quoniam
3479 4691 3666 4752 bonus,

2089 4800 2335 4871 quoniam
2367 4799 2421 4851 in
2449 4795 2700 4851 saeculum
2727 4789 3093 4847 misericordia
3115 4788 3250 4859 ejus.

2571 5075 2936 5135 ALLELUIA.
2972 5071 3205 5131 CXVII}.

2161 5178 2330 5236 Vens.
2375 5174 2516 5232 1-8.
2558 5172 2712 5227 Beati
2759 5169 3099 5226 immaculati-
3121 5169 3178 5222 in
3219 5183 3322 5227 ina,
3357 5179 3443 5233 qui
3476 5160 3666 5214 ambu-

2093 5275 2205 5329 lant
2239 5275 2292 5327 in
2327 5273 2431 5342 lege
2462 5267 2694 5325 Domini.
2729 5265 2883 5321 Beati
2922 5265 3011 5336 qui
3038 5270 3343 5318 scrutantur
3367 5254 3668 5309 testimonia

2087 5368 2222 5437 ejus,
2257 5367 2310 5420 in
2337 5374 2445 5420 toto
2472 5363 2626 5418 corde
2652 5361 2926 5433 exquirent
2945 5376 3083 5414 eum.
3115 5353 3236 5407 Non
3261 5351 3399 5406 enim
3427 5349 3528 5437 qui
3547 5362 3669 5416 ope-

2089 5435 2278 5514 rantur
2324 5457 2689 5529 iniquitatem,
2733 5455 2788 5508 in
2827 5451 2922 5506 viis
2966 5449 3077 5519 ejus
3121 5435 3538 5498 ainbularerunt'.
3589 5437 3668 5491 Tu

2091 5552 2357 5608 mandasti
2392 5551 2646 5606 mandata
2678 5558 2768 5602 tua
2790 5540 3049 5601 custodiri
3078 5537 3253 5593 nimis.
3291 5531 3505 5589 Utinam
3534 5529 3684 5584 diri-..
