4044 6212
389 259 526 318 1867

1087 266 1357 325 EUSEBII
1394 268 1873 329 CESARIENSIS
1905 270 2055 330 OPP.
2097 271 2278 330 PARS
2316 271 2407 332 Ill.
2444 301 2514 318 —
2554 273 2961 334 EXEGETICA.

3487 272 3633 335 1568

382 390 578 454 gantur
602 382 699 438 vim
721 383 792 437 ad
814 383 1186 442 custodiendas
1201 388 1613 459 justiﬁcationes
1644 403 1783 446 tuas.
1811 391 1940 447 Tum

2057 391 2233 457 τολάς
2262 407 2378 447 σου
2409 391 2795 462 φυλάξασθαι
2846 392 3105 462 σφόδρα.
3131 393 3390 463 Ὄφελον
3414 409 3631 448 κατευ-

383 487 490 527 non
525 473 843 544 confundor,
881 492 1000 531 cum
1028 493 1304 549 respexero
1334 483 1513 537 omnia
1544 484 1798 538 mandata
1837 494 1953 540 tua.

383 561 689 634 Conﬁtebor
721 566 817 620 tibi
848 569 901 622 in
934 570 1244 626 rectitudine
1281 573 1476 638 cordis,
1504 575 1642 646 quod
1681 575 1956 631 didicerim

384 654 588 710 iudicia
626 657 855 727 iustitiae
883 670 1004 717 tum.
1033 661 1453 734 Justiﬁcationes
1487 677 1608 722 tuas
1641 668 1951 735 custodiam,

378 749 488 799 non
525 763 607 801 me
649 746 981 821 derelinquas
1024 769 1410 827 usquequaque.
1448 756 1781 814 lnmxaculati
1822 775 1955 816 sane

381 833 587 890 fuerint
609 838 700 908 qui
728 840 951 909 perfecti
983 853 1115 899 sunt
1142 845 1197 900 in
1218 847 1325 910 via,
1361 865 1500 919 quos
1539 850 1724 905 beatos
1756 853 1952 921 praedi-

380 941 509 982 care
564 927 795 985 docetur
848 933 897 990 is
943 936 1037 1007 qui
1086 936 1140 992 in
1191 938 1499 996 divinarum
1539 943 1950 1014 disciplinarum

379 1017 669 1089 principiis
701 1030 757 1076 et
801 1022 1126 1083 rudimentis
1153 1038 1444 1099 versatur;
1474 1048 1544 1088 ne
1572 1033 1689 1103 ipse
1733 1034 1952 1092 inﬂatus

378 1121 712 1166 nocumento
743 1115 1028 1184 alliciatur,
1064 1131 1124 1175 ut
1157 1122 1269 1193 jam
1303 1139 1363 1180 se
1394 1124 1611 1179 beatum
1641 1127 1950 1194 aestimans;

378 1200 475 1254 sed
505 1216 765 1273 agnoscat
795 1222 855 1263 se
883 1214 1068 1280 procul
1107 1214 1298 1271 abesse
1323 1216 1392 1270 ab
1429 1216 1499 1272 iis
1521 1218 1611 1287 qui
1644 1218 1785 1272 beati
1812 1235 1951 1288 prae.

377 1290 653 1351 dicantur.
705 1298 857 1354 Beati
899 1304 990 1373 qui
1027 1316 1334 1361 scrutantur
1376 1310 1673 1364 testimonia
1716 1311 1852 1381 ejus,
1896 1313 1950 1366 in

377 1391 487 1437 toto
515 1387 672 1443 corde
693 1394 965 1463 exquirent
1005 1412 1144 1451 eum.
1178 1396 1255 1455 De
1288 1400 1620 1456 testimoniis
1640 1402 1750 1472 jam
1778 1403 1952 1459 (Πεδο-

374 1475 631 1534 ruimus:
664 1483 751 1537 via
795 1484 959 1556 igitur
989 1488 1303 1560 huiusmodi
1347 1494 1786 1550 testimoniorum
1832 1494 1951 1552 fue-

372 1565 470 1628 rit.
520 1574 821 1629 secundum
867 1593 1057 1633 eorum
1108 1590 1344 1638 mentem
1390 1585 1680 1655 progredi,
1725 1602 1835 1661 non
1881 1602 1947 1643 ex

374 1657 619 1724 tristitia.
643 1674 738 1719 aut
767 1683 834 1722 ex
874 1672 1232 1740 necessitate;
1270 1675 1366 1731 sed
1395 1691 1518 1730 cum
1560 1677 1707 1731 omni
1741 1658 1945 1742 laetitia,

2058 485 2425 552 θυνθείησαν
2451 487 2510 540 al
2541 485 2670 540 ὁδοί
2707 502 2828 555 μου
2861 485 2968 540 τοῦ
3012 485 3397 564 φυλάξασθαι
3429 489 3501 539 τά
3546 485 3636 539 δι-

2055 576 2355 647 καιώματά
2382 592 2519 634 σου.
2554 579 2693 633 Τότε
2716 580 2829 634 οὐκ
2854 580 3163 649 αὶσχυνθῶ
3186 580 3257 634 ἐν
3290 579 3371 645 τῷ
3397 597 3475 650 με
3502 582 3633 635 ἐπι-

2056 667 2299 723 ϐλέπειν
2327 669 2426 723 ἐπὶ
2468 668 2669 737 πάσας
2699 671 2808 739 τὰς
2845 670 3095 738 ἐντολάς
3136 686 3273 726 σου.
3315 673 3633 742 Ἐξομολο-

2052 757 2316 828 γήσομαί
2343 775 2444 813 σοι
2498 759 2566 813 ἐν
2592 762 2871 829 εὐθύτητι
2918 760 3187 831 καρδίας,
3224 763 3295 816 ὲν
3323 761 3403 828 τῷ
3437 779 3633 834 μεμα-

2054 849 2300 918 θηκέναι
2325 867 2403 920 με
2431 852 2502 905 τὰ
2523 852 2774 921 κρίματα
2807 852 2916 921 τῆς
2941 853 3331 924 δικαιοσύνης
3372 870 3508 912 σου.
3554 857 3632 912 Τὰ

2052 941 2412 1012 δικαιώματά
2441 958 2559 1000 σου
2587 943 2855 1012 φυλάξω,
2880 945 2966 1016 μή
2984 963 3062 1017 με
3082 947 3489 1017 ἐγκαταλίπῃς
3513 946 3631 1012 ἕως

2052 1034 2305 1103 σφόδρα.
2340 1036 2593 1106 ’Λμωμοι
2621 1035 2666 1089 δ’
2700 1035 2767 1091 ἂν
2798 1032 2923 1090 ,εἶεν
2962 1037 3055 1092 καὶ
3090 1039 3141 1091 οἱ
3180 1036 3374 1093 τέλειοι
3409 1040 3468 1092 ὲν
3497 1038 3630 1109 ὁδῷ.

2051 1126 2144 1191 οὓς
2177 1128 2269 1181 καὶ
2298 1127 2598 1199 μακαρίους
2620 1128 2941 1199 ἀποφαίνειν
2969 1129 3324 1184 διδάσκεταιὸ
3351 1132 3408 1184 ὲν
3428 1131 3632 1200 ἀρχαῖς

2051 1220 2334 1290 τυγχάνων
2359 1219 2468 1272 τῶν
2496 1218 2656 1274 θείων
2700 1220 3066 1292 μαθημάτωνο
3099 1221 3175 1285 ὼς
3212 1221 3278 1275 ἂν
3315 1220 3386 1292 μὴ
3414 1219 3632 1291 ἐπιτρι-

2052 1312 2197 1364 ϐοιτο
2224 1311 2386 1374 αὐτὸς
2413 1310 2799 1382 χαυνούμενος,
2826 1313 2901 1374 ὡς
2926 1312 3027 1383 ἤδη
3061 1312 3324 1384 μακάριος
3344 1330 3357 1343 υ
3379 1310 3630 1385 γινώσκει

2049 1402 2125 1467 δὲ,
2158 1403 2240 1455 ὅτι
2288 1403 2474 1474 μακρὰ
2508 1403 2807 1476 ἀφυστερεί
2833 1402 2939 1457 τῶν
2984 1404 3457 1475 μακαριζομένων.
3503 1406 3631 1457 Ma-

2049 1491 2239 1560 κάριοι
2299 1495 2354 1546 ol
2397 1491 2827 1560 ἐξερευνῶντες
2865 1492 2936 1547 τὰ
2978 1494 3271 1562 μαρτύρια
3301 1491 3525 1554 αὐτοῦ,
3555 1492 3630 1546 ἐν

2050 1582 2161 1653 ὅλῃ
2206 1582 2282 1651 τῇ
2330 1582 2543 1652 καρδίᾳ
2591 1582 3027 1651 ἐκζητήσουσιν
3080 1585 3283 1639 αὐτόν.
3333 1583 3471 1655 Περὶ
3515 1583 3630 1637 τῶν

2053 1676 2365 1747 μαρτυρίων
2396 1676 2498 1746 ἤδη
2547 1675 2952 1747 διηγησάμεθα·
2998 1676 3115 1739 ὁδὸς
3162 1672 3259 1730 οὖν
3308 1674 3631 1747 μαρτυρίων

372 1749 829 1816 quemadmodum
876 1758 951 1812 ait
994 1758 1303 1830 Propheta:
1365 1764 1517 1819 Viam
1575 1766 1940 1821 mandatorum

2051 1766 2253 1820 τούτων
2294 1766 2378 1837 εἴη
2421 1767 2487 1821 ἂν
2514 1767 2576 1820 τὸ
2619 1767 2833 1821 ὁδεῦσαι
2870 1767 3011 1822 κατὰ
3049 1767 3111 1821 τὸ
3139 1766 3384 1838 βούλημα
3414 1765 3627 1829 αὐτῶν,

372 1844 586 1894 tuorum
610 1847 840 1908 cucurri,
871 1865 989 1902 cum
1017 1850 1263 1907 dilatasti
1289 1869 1381 1907 cor
1401 1871 1591 1909 meum.

2050 1859 2150 1911 οὐκ
2183 1861 2246 1912 ὲκ
2289 1858 2464 1929 λύπης
2498 1859 2532 1931 ἢ
2578 1858 2638 1923 ἐξ
2664 1860 2939 1930 ἀνάγκης,
2971 1858 3106 1913 ἀλλὰ
3134 1859 3270 1930 μετὰ
3317 1859 3499 1930 πάσης
3533 1856 3630 1910 εὑ-

370 1928 665 2003 φροσύνης,
694 1932 827 1986 καθὸ
878 1937 908 1989 ὁ
942 1937 1234 2011 Προφήτης
1273 1933 1437 2013 φησιν
1472 1960 1487 1976 ’
1542 1944 1716 1998 Ὀδὸν
1740 1944 2006 1999 ἐντολῶν
2055 1962 2171 2001 σου
2234 1928 2533 2019 ἔδραμονς
2599 1949 2746 2003 ὅταν
2804 1928 3149 2018 ἐπὶλάτυνας
3202 1950 3317 2020 τὴν
3366 1928 3628 2019 καρδίαν

365 2036 505 2087 μου.

445 2109 608 2167 Vens.
648 2112 801 2170 9-16.
843 2117 912 2172 In
957 2137 1059 2191 quo
1105 2126 1326 2196 corriget
1361 2129 1548 2197 junior
1580 2132 1717 2185 v’am
1748 2133 1943 2187 suam?

367 2200 425 2256 in
452 2206 792 2265 custodiendo
825 2229 1087 2270 sermones
1119 2226 1257 2282 tuas.
1296 2219 1361 2274 In
1389 2230 1496 2275 toto
1526 2222 1681 2276 corde
1717 2240 1828 2278 meo
1857 2238 1943 2278 ex-

367 2296 560 2365 quisivi
585 2310 654 2364 te,
690 2319 753 2357 ne
783 2308 1007 2374 repellas
1041 2327 1122 2365 me
1148 2329 1180 2366 a
1211 2313 1477 2369 mandatis
1518 2318 1644 2372 tuis.
1688 2316 1751 2370 In
1788 2319 1943 2373 corde

367 2402 485 2441 meo
515 2388 770 2449 abscondi
796 2398 1007 2470 eloquia
1035 2412 1148 2467 tua,
1179 2415 1236 2458 ut
1266 2423 1371 2460 non
1401 2424 1603 2477 peccem
1632 2410 1745 2466 tibi.
1778 2411 1945 2467 Bene—

365 2480 541 2538 dictus
564 2501 639 2554 es,
678 2488 923 2558 Domine,
952 2496 1080 2551 doce
1119 2500 1214 2553 me‘
1231 2501 1643 2570 justiﬁcaliones
1685 2516 1827 2560 tuas.
1875 2504 1942 2561 In

366 2575 526 2631 labiis
563 2581 694 2635 meis
730 2586 1000 2641 enuntiari
1034 2595 1212 2645 omnia
1243 2594 1453 2662 judicia
1481 2597 1590 2651 oris
1632 2600 1727 2650 tui.
1762 2597 1827 2651 In
1856 2598 1942 2652 uia

365 2668 788 2729 testimoniorum
821 2687 1031 2733 tuorum
1059 2681 1348 2739 delectatus
1376 2702 1490 2739 sum
1521 2689 1657 2741 sicut
1687 2691 1742 2743 in
1771 2691 1941 2744 omni-

366 2771 464 2815 ous
492 2761 721 2820 divitiis.
767 2766 833 2823 In
866 2772 1133 2828 mandatis
1169 2777 1273 2830 tuis
1301 2778 1596 2843 exercebar,
1628 2789 1678 2833 et
1703 2781 1942 2837 conside-

362 2848 497 2906 rabo
525 2851 637 2909 uias
676 2866 816 2912 tuas.
862 2857 929 2913 In
951 2861 1430 2933 justi/icationibus
1471 2871 1574 2924 tuis
1604 2870 1896 2925 meditabor
1916 2887 1936 2926 :

363 2954 470 2995 non
491 2943 772 3001 obliviscar
787 2966 1050 3008 sermones
1073 2963 1209 3012 tuos.
1235 2955 1378 3013 Justi
1402 2958 1591 3028 jutlicii
1624 2964 1701 3015 tui
1729 2977 1933 3017 sermo-

2129 2127 2231 2180 Ἐν
2258 2126 2373 2180 τίνι
2403 2127 2763 2196 κατορθώσει
2788 2128 3070 2198 νεώτερος
3094 2128 3210 2199 τὴν
3229 2129 3376 2185 ὁδὸν
3390 2135 3574 2189 αὑτοῦ
3588 2154 3611 2200 ,-

2044 2218 2115 2271 ἐν
2128 2216 2206 2282 τῷ
2220 2217 2601 2286 φυλάξασθαι
2617 2218 2757 2286 τοὺς
2769 2221 2991 2289 λόγους
3003 2238 3139 2276 σου.
3158 2222 3262 2276 Ἐν
3277 2222 3388 2291 ὅλῃ
3404 2224 3620 2294 καρδίᾳ

2040 2326 2160 2378 μου
2181 2307 2511 2378 ἐξεζήτησά
2538 2325 2632 2375 σε,
2654 2309 2742 2381 μὴ
2762 2309 2976 2381 ἀπώσῃ
2994 2329 3071 2381 με
3088 2312 3205 2368 ἀπὸ
3224 2311 3341 2368 τῶν
3355 2313 3624 2372 ἐντολῶν

2045 2416 2182 2456 σου.
2221 2401 2318 2455 Ἐν
2358 2401 2435 2471 τῇ
2481 2404 2692 2472 καρδίᾳ
2718 2421 2837 2473 μου
2872 2404 3109 2474 ἔκρυψα
3156 2410 3229 2461 τὰ
3256 2408 3431 2477 λότιά
3476 2426 3619 2476 σου,

2044 2493 2203 2560 ὅπως
2242 2494 2319 2548 ἂν
2357 2494 2443 2565 μὴ
2486 2494 2723 2565 ἁμάρτω
2773 2509 2892 2553 σοι.
2929 2498 3275 2568 Εὐλογητὸς
3309 2495 3383 2564 εἷ,
3414 2502 3620 2568 Κύριε,

2041 2587 2292 2653 δίδαξον
2317 2605 2395 2657 με
2422 2588 2495 2642 τὰ
2520 2587 2882 2658 δικαιώματά
2913 2606 3051 2645 σου.
3100 2591 3195 2649 Ἐν
3221 2591 3344 2658 τοῖς
3381 2595 3625 2662 χείλεσί

2035 2695 2155 2747 μου
2184 2677 2500 2748 ἐξήγγειλα
2542 2678 2737 2733 πάντα
2770 2679 2841 2734 τὰ
2887 2682 3140 2751 κρίματα
3176 2683 3285 2737 τοῦ.
3320 2686 3626 2752 στόματός

2041 2783 2178 2827 σου.
2216 2772 2319 2825 Ἐν
2353 2770 2426 2841 τῇ
2470 2770 2587 2837 ὁδῷ
2611 2770 2731 2826 τῶν
2766 2775 3105 2843 μαρτυρίων
3153 2791 3268 2828 σου
3300 2775 3620 2846 ἐτέρφθην,

2041 2864 2125 2930 ὡς
2166 2862 2265 2917 ἐπὶ
2315 2862 2493 2917 παντὶ
2527 2865 2789 2932 πλούτῳ.
2856 2865 2952 2920 Ἐν
2993 2865 3122 2933 ταῖς
3180 2866 3455 2933 ἐντολαῖς
3496 2885 3620 2923 σου

2041 2953 2461 3025 ἀδολεσχήσω,
2488 2956 2586 3010 καὶ
2616 2955 2969 3024 κατανοήσω
2989 2956 3096 3025 τὰς
3125 2957 3304 3024 ὁδούς
3339 2973 3479 3013 σου.
3520 2960 3621 3012 Ἑν

364 3048 487 3099 nes,
528 3036 726 3106 inquit,
759 3045 1021 3103 memoria
1042 3054 1324 3117 repetens,
1348 3067 1597 3122 magnam
1630 3054 1755 3109 hinc
1787 3057 1935 3111 utili-

2039 3046 2163 3113 τοῖς
2193 3046 2545 3117 δικαιώμασί
2575 3063 2694 3103 σου
2728 3049 3043 3119 μελετήσω
3064 3067 3076 3080 ·
3110 3051 3221 3103 οὐκ
3248 3048 3620 3120 ἐπιλήσομαι

363 3132 530 3182 tatem
558 3139 752 3189 nactus
794 3150 937 3192 sum.
989 3135 1179 3207 Timeo
1218 3150 1398 3198 autem
1430 3161 1501 3199 ne
1538 3147 1831 3217 aliquando
1880 3151 1935 3205 in

365 3216 560 3275 horum
581 3223 909 3285 oblivionem
934 3232 1149 3288 veniam
1175 3254 1188 3290 :
1214 3251 1386 3305 quare
1406 3238 1709 3295 orationem
1738 3240 1936 3312 eﬂudi;

368 3326 427 3365 ut
453 3328 552 3384 per
581 3328 748 3371 totam
772 3319 937 3377 vitam
971 3339 1169 3393 meam,
1194 3334 1249 3380 et
1274 3330 1418 3386 omni
1451 3336 1714 3401 tempore,
1743 3333 1935 3401 iudicii

359 3405 442 3459 tui
474 3421 685 3463 memor
716 3414 843 3478 sim;
877 3415 995 3472 sive
1028 3418 1135 3487 alio
1162 3420 1358 3475 modo:
1394 3424 1721 3480 universalis
1748 3426 1937 3482 Provi-

360 3493 558 3554 dentiae
602 3510 727 3566 tuae,
762 3503 1009 3574 Domine,
1036 3508 1246 3580 judicia
1275 3520 1367 3566 tua
1413 3529 1578 3570 nosse
1623 3520 1938 3588 concupivit

360 3589 545 3645 anima
578 3608 718 3649 mea.

431 3852 595 3910 Vens.
633 3858 821 3913 17-24.
857 3861 1102 3919 Retribue
1135 3883 1282 3920 seruo
1318 3877 1444 3923 tuo:
1475 3871 1642 3924 uiuam
1675 3881 1726 3925 et
1764 3884 1937 3927 custo-

356 3945 510 4001 diam
532 3954 795 4005 sermones
825 3962 963 4006 tuos.
1003 3953 1189 4009 Revela
1226 3957 1406 4011 oculos
1432 3975 1594 4026 meus,
1622 3971 1668 4015 et
1703 3964 1938 4017 conside-

357 4033 491 4087 rabo
531 4036 801 4092 mirabilia
840 4051 931 4094 tua
963 4042 1028 4096 de
1069 4044 1178 4113 lege
1202 4048 1313 4100 tua.
1358 4045 1547 4101 Incola
1591 4065 1684 4118 ego
1713 4067 1829 4103 sum
1880 4053 1935 4106 in

360 4133 526 4192 terra,
561 4143 665 4183 non
700 4128 995 4188 abscondas
1029 4150 1063 4187 a
1092 4152 1171 4189 me
1201 4139 1457 4193 mandata
1485 4151 1597 4195 tua.
1627 4141 1935 4213 Concupivit

359 4218 543 4274 anima
581 4237 698 4278 mea
738 4223 1043 4283 desiderare
1078 4228 1493 4301 justiﬁcationes
1531 4242 1651 4289 tuas
1691 4237 1747 4291 in
1790 4239 1935 4294 omni

2034 3138 2152 3193 τῶν
2194 3142 2392 3212 λόγων
2449 3158 2587 3197 σου.
2631 3142 2770 3205 Τοὺς
2815 3142 3210 3214 δικαιοκρισίας
3271 3160 3402 3207 σου,
3450 3145 3618 3214 φησι,

2037 3230 2228 3300 λόγους
2249 3232 2646 3304 ἀναλαμϐάνων
2692 3236 2758 3305 τῇ
2793 3235 2983 3309 μνήμῃ
3009 3235 3077 3289 τὰ
3107 3235 3337 3306 μέγιστα
3374 3236 3585 3305 ὡφελοῦ

2042 3342 2162 3397 μαι.
2214 3324 2488 3397 Φοϐοῦμαι
2533 3326 2590 3380 δὲ
2628 3327 2840 3399 μήποτέ
2871 3346 2956 3393 τις
2990 3327 3167 3384 αὐτῶν
3207 3328 3344 3401 λήθη
3390 3332 3448 3384 ὲν
3488 3332 3615 3401 ἐμοὶ

2034 3416 2294 3486 γένηται·
2324 3417 2513 3487 διόπερ
2541 3418 2704 3490 εὐχὴν
2757 3420 3120 3493 ἐποιησάμην·
3171 3420 3233 3474 τὸ
3282 3420 3348 3474 δι’
3392 3422 3614 3495 ἁπάσης

2033 3513 2133 3583 τῆς
2175 3512 2413 3585 ἐμαυτοῦ
2452 3510 2630 3584 ζωῆς,
2688 3515 2781 3568 καὶ
2830 3516 2888 3568 ὲν
2921 3517 3082 3570 παντὶ
3132 3516 3309 3589 καιρῷ
3353 3517 3452 3587 τῆς
3507 3515 3613 3585 σῆς

2038 3605 2397 3676 μνημονεύειν
2435 3606 2697 3677 κρίσεως·
2740 3609 2773 3680 ἦ
2819 3609 2913 3663 καὶ
2960 3609 3159 3673 ἄλλως,
3197 3609 3296 3679 τῆς
3336 3609 3434 3678 σῆς
3476 3607 3604 3659 καθ’

2033 3697 2157 3751 ὅλου
2189 3698 2464 3770 προνοίας,
2496 3692 2542 3752 ὧ
2573 3698 2767 3771 Κύριε,
2796 3699 2866 3755 τὰ
2907 3701 3149 3773 κρίματα
3181 3700 3369 3754 εἰδέναι
3402 3696 3601 3750 ἐπεθύ-

2037 3805 2207 3859 μησεν
2241 3791 2273 3860 ἡ
2302 3790 2446 3863 ψυχή
2487 3808 2615 3862 μουο

2117 3879 2468 3947 Ἀνταπόδος
2494 3880 2574 3947 τῷ
2604 3880 2800 3953 δούλῳ
2833 3898 2979 3937 σουο
3009 3882 3260 3953 ζήσομαι
3293 3881 3386 3935 καὶ
3416 3878 3611 3949 φυλά-

2034 3968 2117 4034 ξω
2145 3968 2284 4035 τοὺς
2320 3967 2542 4040 λόγους
2571 3986 2708 4025 σου.
2751 3971 3168 4043 Ἀποκὰλυψογ
3210 3973 3352 4039 τοὺς
3388 3973 3615 4041 ὀφθαλ-

2027 4062 2180 4131 μούς
2206 4078 2359 4131 μου,
2399 4062 2499 4116 καὶ
2542 4063 2895 4131 κατανοήσω
2932 4063 3005 4118 τὰ
3055 4062 3355 4134 θαυμάσια
3396 4079 3513 4117 σου
3542 4064 3613 4117 ἐκ

2031 4153 2137 4208 τοῦ
2170 4154 2359 4223 νόμου
2401 4171 2536 4210 σου.
2565 4154 2857 4225 Πάροικος
2880 4154 2994 4227 ἐγώ
3031 4158 3145 4225 ειμι
3189 4156 3258 4209 ὲν
3288 4154 3363 4225 τῇ
3391 4154 3490 4226 τῇ.
3522 4157 3611 4224 μὴ

2030 4245 2391 4316 ἀποκρύψεις
2435 4247 2535 4301 ἀπ’
2572 4246 2717 4317 ἐμοῦ
2745 4247 2850 4314 τὰς
2878 4246 3132 4315 ἐντολάς
3168 4262 3305 4301 σου.
3360 4250 3613 4303 Ἐπεπό-

357 4319 604 4381 tempore.
633 4314 927 4386 lncrepasti
950 4322 1222 4389 superbos,
1256 4324 1525 4380 maledicti
1546 4328 1637 4398 qui
1666 4327 1931 4385 declinant

2039 4314 2285 4407 θησενῆ
2317 4314 2488 4409 ψυχή
2532 4314 2652 4409 μου
2689 4339 2795 4394 τοῦ
2835 4339 3201 4410 ἐπιθυμῆσαι
3229 4341 3302 4394 τὰ
3350 4342 3613 4410 κρίματά

358 4419 394 4456 a
436 4405 703 4461 mandatis
739 4409 865 4464 tuis.
909 4410 1077 4481 Aufer
1108 4429 1141 4467 a
1184 4431 1265 4468 me
1317 4417 1656 4487 opprobrium
1710 4430 1759 4475 et
1804 4437 1931 4476 con-

2039 4402 2148 4485 σου
2174 4431 2244 4485 ἐν
2272 4402 2696 4498 ’παντὶ-καιρῷ.
2734 4433 3132 4503 Ἔπετίμησας
3173 4434 3606 4503 ὑπερηφάνοις,

361 4504 631 4565 templum,
668 4500 794 4569 quia
837 4504 1135 4559 testimonia
1179 4516 1272 4562 tua
1304 4511 1578 4579 exquisivi.
1619 4510 1826 4566 Etenim
1858 4530 1935 4567 se-

357 4585 546 4643 derunt
581 4592 840 4660 principes
867 4606 917 4648 et
947 4595 1224 4652 adversum
1250 4615 1331 4653 me
1359 4601 1726 4670 loquebantur,
1753 4619 1932 4658 servus

360 4689 533 4733 autem
563 4691 684 4737 tuus
708 4687 1049 4743 exercebatur
1070 4691 1123 4744 in
1136 4692 1610 4762 justiﬁcationibus
1637 4697 1761 4752 tuis.
1787 4695 1931 4750 Nam

357 4780 409 4823 et
439 4774 738 4830 testimonia
769 4786 861 4831 tua
895 4780 1169 4838 meditatio
1198 4799 1315 4838 mea
1352 4794 1451 4850 est,
1480 4794 1530 4839 et
1558 4788 1780 4841 consilia
1816 4806 1931 4844 mea

352 4865 764 4936 justiﬁcationes
792 4880 917 4929 tute.
946 4874 1275 4945 Aliquando,
1310 4877 1504 4947 inquit,
1528 4879 1931 4950 exprobrabant

360 4955 518 5022 mihi,
568 4959 696 5013 olim
747 4976 871 5016 cum
913 4976 1138 5034 peccata
1182 4969 1237 5023 in
1286 4986 1374 5025 me
1417 4971 1782 5039 exsisterent;
1828 4973 1930 5028 ali-

360 5049 583 5120 quando
647 5052 1025 5125 despiciebant
1071 5058 1468 5131 vilipendentes
1513 5065 1671 5135 quasi
1723 5066 1929 5122 nullius

360 5144 516 5214 pretii
549 5144 846 5203 hominem.
892 5146 1003 5220 Ego
1026 5166 1154 5207 vero
1183 5155 1421 5231 seorsim‘
1443 5161 1661 5221 sedens,
1688 5171 1753 5212 ac
1783 5156 1951 5227 divis

357 5236 448 5292 nis
469 5238 817 5295 sermonibus
843 5240 1085 5297 animum
1117 5245 1400 5311 adhibens,
1427 5250 1806 5320 neminemque
1829 5249 1928 5305 ha-

359 5329 518 5395 bens,
542 5346 782 5403 quocum
804 5334 1170 5401 consulerem,
1203 5338 1516 5410 nullamque
1544 5342 1704 5396 aliam
1732 5352 1926 5400 nactus

357 5422 811 5491 consolationem,
842 5424 1328 5495 justillcationibus
1375 5430 1484 5485 tuis
1522 5447 1621 5501 pro
1666 5434 1924 5488 consilia-

357 5509 459 5568 riis
479 5511 693 5571 utebar.

430 5688 595 5751 Vens.
622 5692 808 5750 εδοξε).
846 5698 1079 5755 ΑάΙιωδὶι
1098 5701 1390 5769 pauimento
1419 5703 1598 5758 animo
1636 5721 1768 5766 mea,
1800 5705 1925 5759 uiri-

2032 4520 2448 4590 ἐπικατάρατοι
2485 4523 2538 4575 οἱ
2586 4522 2969 4589 ἐκκλίνοντες
3014 4525 3130 4579 ἀπὸ
3180 4524 3299 4579 τῶν
3340 4525 3609 4580 ἐντολῶν

2030 4626 2168 4666 σου.
2199 4611 2443 4679 Περίελε
2475 4610 2575 4665 ἀπ’
2615 4610 2762 4680 ἐμοῦ
2791 4600 3019 4679 ὄνειδος
3049 4613 3144 4667 καὶ
3177 4612 3607 4680 ἐξουδένωσιν,

2029 4702 2121 4757 ὅτι
2139 4701 2212 4756 τὰ
2230 4700 2523 4773 μαρτύριά
2544 4718 2659 4757 σου
2680 4702 3023 4771 ἐξεζήτησα.
3045 4704 3155 4758 Καὶ
3176 4705 3284 4775 γὰρ
3310 4704 3609 4760 ἐκάθισαν

2026 4793 2317 4862 ἄρχοντες
2343 4792 2443 4846 καὶ
2467 4796 2594 4848 κατ’
2626 4794 2772 4863 ἐμοῦ
2800 4795 3196 4861 κατελάλουν,
3231 4798 3264 4849 d
3287 4794 3356 4849 δὲ
3381 4794 3607 4862 δοῦλός

2028 4899 2148 4939 σου
2183 4884 2505 4955 ήδολέσχει
2540 4885 2612 4940 ἐν
2639 4886 2764 4953 τοῖς
2787 4886 3142 4956 δικαιώμασί
3184 4902 3321 4941 σου.
3359 4886 3471 4941 Kal
3493 4887 3608 4957 γὰρ

2028 4973 2102 5029 τὰ
2134 4975 2427 5046 μαρτύριά
2454 4991 2572 5031 σου
2596 4975 2818 5046 μελέτη
2856 4995 2977 5048 μου
3002 4978 3158 5041 ἐστὶ,
3192 4977 3293 5032 καὶ
3346 4981 3405 5033 al
3448 4994 3608 5048 συμς-

2029 5066 2265 5121 δουλίαι
2291 5084 2412 5136 μου
2448 5065 2522 5120 τὰ
2556 5067 2915 5138 δικαιώματά
2953 5082 3088 5123 σου.
3134 5070 3272 5123 Ποτὲ
3314 5069 3412 5141 μὲν
3442 5068 3606 5123 ὠνεί-

2027 5155 2171 5221 διζόν
2204 5174 2293 5228 με,
2327 5157 2483 5229 φησὶ,
2515 5148 2723 5212 παλαιὰ
2751 5161 2798 5212 εἰ
2851 5160 3001 5231 τύχοι
3036 5161 3438 5234 ἁμαρτήματω
3468 5160 3603 5213 ποτὲ

2026 5247 2082 5301 δὲ
2106 5248 2414 5316 ὲξουδένουν
2437 5249 2872 5316 ὲξευτελῐξοντες,
2907 5253 2981 5317 ὡς
3005 5252 3216 5317 οὐδενὸς
3240 5252 3386 5318 ἄξιον
3412 5251 3600 5322 λόγου.

2040 5338 2181 5408 Ἐγὼ
2203 5339 2259 5393 δὲ
2277 5340 2590 5412 καταμόνας
2613 5340 2921 5414 καθήμενος
2937 5382 2951 5406 ,
2978 5343 3072 5397 καὶ
3095 5347 3209 5409 τοῖς
3233 5344 3395 5409 θείοις
3416 5345 3604 5414 λόγοις

2026 5431 2410 5502 προσανὲχων,
2466 5434 2561 5487 καὶ
2602 5433 2827 5506 μηδένα
2870 5436 3206 5507 κεκτημένος
3257 5437 3558 5509 σύμϐουλον
3585 5477 3600 5504 δ

2030 5522 2152 5593 μηδ’
2181 5522 2346 5595 ἄλλην
2372 5524 2508 5596 ἔχων
2541 5525 2914 5598 παραμυθίαν,
2944 5530 3054 5592 τοῖς
3089 5532 3199 5593 σοῖς
3238 5529 3601 5602 δικαιώμασιν

2027 5614 2146 5668 ἀντὶ
2174 5630 2238 5665 συ
2247 5613 2492 5684 μσούλων
2519 5614 2795 5686 ἐχρώμην.
3618 5624 3625 5633 ⁵

2109 5707 2441 5775 Ἐκολλήθη
2473 5706 2553 5772 τῷ
2589 5706 2794 5779 ἐδάφει
2832 5712 2865 5778 ἡ
2906 5712 3070 5783 ψυχή
3107 5732 3259 5783 μου·
3309 5713 3490 5783 ζῆσὸν
3519 5731 3599 5785 με
