4044 6212
304 299 438 359 1369

1407 308 1904 368 COMMENTARIA
1948 314 2014 369 IN
2052 316 2390 375 PSALMOS.

3396 322 3418 380 ί
3432 326 3539 381 570

250 441 252 443 >
299 416 454 511 κατα
481 418 586 511 τόν
624 422 810 493 λόγον
848 440 984 481 σου.
1016 427 1125 496 Τὰς
1166 428 1345 498 ὁδούς
1370 442 1484 498 μου
1525 430 1866 503 ἐξήγγειλα,

1977 438 2074 505 ﬁca
2098 455 2178 494 me
2202 440 2484 494 secundum
2507 439 2712 494 verbum
2741 452 2910 496 tuum.
2944 442 3066 497 Vias
3092 460 3232 497 meas
3253 445 3540 511 enuntiavi,

299 507 398 561 καί
430 509 803 580 ἀντήκουσας-
811 534 932 586 μου
953 533 965 548 ·
1007 518 1256 585 δίδαξον
1293 538 1372 590 με
1404 523 1478 575 τὰ
1516 521 1875 592 δικαιώματά

1971 539 2019 582 et
2047 532 2316 585 exaudiui
2342 549 2442 597 me,
2484 532 2611 587 doce
2646 550 2727 586 me
2756 533 3168 602 justi/icationes
3202 544 3344 589 tuas.
3391 535 3542 589 Viam

476 602 643 656 Ὀδὸν
679 605 1084 677 δικαιωμάτων
1117 627 1233 666 σου
1272 612 1604 669 συνέτισόν
1628 631 1706 683 με
1726 654 1741 678 ,
1772 615 1873 669 καὶ

1977 622 2412 691 iustiﬁcationum
2446 633 2659 677 tuarum
2693 625 2982 694 intelligere
3009 642 3089 680 me
3121 625 3229 696 fac,
3262 636 3309 680 et
3335 641 3543 682 exerce-

298 688 695 763 ἀδολεσχήσω
722 697 793 750 ἐν
820 698 943 765 τοῖς
966 702 1318 772 θαυμασίοις
1337 720 1472 758 σου.
1508 704 1876 769 Ἐνύσταξεν

300 781 339 848 ἡ
372 782 541 851 ψυχή
569 803 686 855 μου
713 787 831 842 ἀπὸ
855 790 1127 858 ἁκηδίας,
1147 794 1490 858 ,ϐεϐαίωσόν
1524 813 1602 865 με
1643 796 1712 849 ἐν
1750 796 1875 864 τοῖς

299 872 503 941 λόγοις
535 892 670 931 σου.
708 878 874 933 Όδὸν
913 881 1145 948 ἀδικίας
1177 885 1533 952 (ἐπίστησον
1577 886 1678 941 ἀπ’
1702 887 1870 957 ἐμοῦ,

299 960 396 1014 καί
424 962 505 1028 τῷ
533 965 693 1034 νόμῳ
720 983 835 1022 σου
872 969 1134 1038 ἐλέησόν
1150 990 1246 1042 με.
1277 974 1488 1046 Ὥσπερ
1512 976 1654 1047 ἀρχὴ
1682 981 1875 1050 κοιμή-

300 1052 436 1117 σεώς
464 1057 580 1111 ἐστι
614 1061 940 1134 νυσταγμὸς,
968 1063 1140 1127 οὕτως
1185 1066 1313 1119 ποτὲ
1346 1067 1440 1120 καὶ
1464 1068 1611 1141 ψυχὴ
1644 1072 1699 1123 ὲν
1728 1071 1870 1144 ἀρχῇ

297 1146 560 1221 γενομένη
614 1150 1022 1225 ἁμαρτημάτων
1066 1155 1281 1224 λέγεται
1325 1159 1639 1225 νυστάζειν,
1676 1161 1873 1214 καθελο

296 1238 499 1312 κομένη
537 1241 636 1312 μὲν
680 1242 867 1317 ὥσπερ
895 1248 974 1309 είς
1007 1246 1172 1302 ῦπνον
1197 1289 1211 1313 ,
1243 1249 1303 1303 τὸ
1347 1251 1682 1324 ἁμάρτημα,
1740 1255 1872 1308 ἀνα-

296 1328 523 1386 νεύουσα
553 1332 610 1386 δὲ
642 1335 736 1388 καὶ
781 1336 1107 1410 ὲγειρομένη
1138 1339 1225 1393 διὰ
1250 1341 1350 1411 τῆς
1396 1342 1506 1397 τῶν
1549 1344 1871 1414 κρειττόνων

301 1419 538 1492 μνήμης.
579 1423 922 1493 Ἀναγκαίως
953 1426 1010 1479 δὲ
1042 1429 1418 1500 συνετισθῆναι
1450 1429 1602 1496 ἀξιῶ,
1632 1433 1727 1485 καλ¹
1759 1449 1874 1501 φω-

295 1514 541 1585 τισθῆναι
572 1518 698 1581 τοὺς
741 1518 1051 1591 ὀφθαλμούς
1105 1539 1207 1593 μου
1260 1524 1339 1586 εἰς
1391 1525 1720 1596 κατανόησιν
1762 1525 1874 1580 τῶν

296 1605 494 1678 νόμων,
527 1608 612 1661 ἵνα
639 1611 790 1664 πᾶσα
811 1611 927 1675 ὁδὸς
952 1612 1166 1677 ἀδικίας
1193 1614 1401 1687 ἀποστῇ
1424 1618 1519 1671 ἀπ’
1547 1619 1702 1689 ἐμοῦ.
1731 1619 1874 1673 Ἀντὶ

297 1696 354 1753 δὲ
387 1697 505 1764 τοῦ,
544 1700 710 1755 Ὁδὸν
744 1702 977 1770 ἀδικίας
1001 1705 1357 1774 dardaniam“
1377 1709 1478 1763 ἀπ’
1512 1710 1681 1776 ἐμοῦ,
1706 1714 1735 1765 ὁ
1773 1711 1873 1782 μὲν

1974 714 2069 767 bor
2091 715 2145 767 in
2174 715 2506 770 mirabilibus
2539 717 2667 771 tuis.
2712 717 3032 772 Dormitavit
3068 720 3250 772 anima
3278 735 3394 772 mea
3432 734 3543 786 pra:

1976 806 2152 869 ttedio,
2182 808 2441 876 conﬁrma
2470 824 2552 862 me
2586 810 2643 862 in
2680 809 2847 863 verbis
2892 811 3017 864 tuis.
3060 808 3209 863 Viam
3245 810 3542 877 iniquitatis

1974 913 2154 951 amove
2192 915 2225 951 a
2265 915 2366 961 me,
2391 908 2440 955 et
2476 899 2583 971 lege
2605 912 2695 954 tua
2728 903 2972 956 miserere
2998 903 3117 955 mei.
3145 900 3298 955 Sicut
3327 900 3543 955 initium

1973 987 2276 1043 dormiendi
2309 997 2393 1045 est
2435 990 2780 1059 dormitatio;
2822 994 2902 1049 sic
2933 1008 3056 1047 cum
3103 994 3282 1045 anima
3326 993 3543 1046 initium

1975 1082 2232 1150 peccandi
2260 1082 2408 1145 facit,
2439 1083 2737 1139 dormitare
2768 1086 2990 1149 dicitur,
3018 1085 3147 1138 dum
3171 1084 3237 1138 ad
3260 1092 3545 1155 peccatum

1974 1175 2130 1243 quasi
2161 1174 2225 1228 ad
2259 1190 2510 1229 somnum
2541 1176 2807 1244 trahitur;
2836 1178 2929 1232 sed
2960 1194 3027 1232 ex
3064 1178 3325 1232 memoria
3355 1177 3546 1232 melio-

1974 1281 2094 1319 rmn
2144 1266 2268 1320 inde
2305 1267 2533 1336 emergit
2570 1283 2634 1323 ac
2665 1272 2951 1323 excitatur.
3000 1268 3323 1324 Necessario
3363 1276 3542 1323 autem

1975 1358 2262 1429 prudentia
2306 1360 2529 1423 muniri,
2558 1368 2613 1415 et
2651 1362 2841 1416 oculos
2873 1376 3025 1417 meos
3057 1362 3262 1417 lumine
3291 1360 3545 1431 perfundi

1974 1456 2091 1513 tuo,
2124 1449 2340 1519 postulo
2370 1449 2438 1503 ad
2479 1450 2886 1521 intelligendum
2921 1452 3115 1523 legem,
3152 1460 3212 1505 ut
3248 1452 3427 1506 omnis
3458 1452 3543 1504 via

1974 1539 2277 1610 iniquitatis
2311 1548 2628 1595 amoveatur
2677 1556 2708 1594 a
2741 1559 2846 1598 me.
2880 1541 2984 1598 Pro
3026 1544 3118 1597 illo
3140 1551 3356 1597 autem:
3393 1542 3544 1596 Viam

1974 1630 2266 1700 iniquitatis
2316 1648 2495 1686 amove
2542 1650 2575 1686 a
2638 1650 2759 1698 me;
2808 1616 3043 1705 Aquila:
3089 1634 3240 1687 Viam
3288 1634 3549 1688 mendacii

1975 1737 2157 1775 amove
2188 1738 2220 1776 a
2248 1739 2347 1785 me,
2379 1723 2584 1791 edidit;
2618 1724 2981 1794 Symmachus
3010 1740 3138 1778 vero
3165 1741 3177 1776 :
3210 1722 3363 1778 Viam
3398 1740 3546 1776 mer-

308 1791 557 1858 Ἀκύλας,
573 1793 747 1847 Ὀδόν
764 1795 1026 1864 ψεύδους
1040 1798 1395 1866 ἀπόστησον
1409 1802 1660 1872 ἀπ’ἐμοῦ
1673 1843 1689 1869 ,
1721 1803 1875 1876 εἴρη-

1977 1812 2153 1868 dacem
2178 1814 2331 1883 aufer
2359 1832 2391 1868 a
2422 1832 2536 1878 me;
2573 1825 2631 1869 ut
2667 1817 2818 1888 prior
2837 1818 3107 1886 expositio
3138 1832 3262 1872 vera
3291 1816 3381 1873 sit.
3411 1814 3546 1869 Nam

296 1898 424 1937 κεν*
474 1885 504 1937 ό
554 1885 611 1939 δὲ
665 1885 982 1958 Σύμμαχος,
1025 1887 1192 1941 Ὀδὸν
1229 1891 1428 1960 ψευδῆ
1483 1894 1722 1961 περίελε
1767 1896 1872 1950 ἀπ’

268 1970 469 2038 ’ἐμοῦ⁸
515 1974 592 2041 ὡς
640 1977 925 2049 ἀληθεύειν
972 1978 1070 2051 τὴν
1130 1984 1534 2055 προειρημένην
1590 1985 1871 2059 ἐξήγησιν.

294 2064 529 2137 Εὖχεται
575 2067 684 2140 γὰρ
715 2068 945 2132 ἕκαστος
982 2070 1141 2135 ἐκτὸς
1179 2072 1429 2141 γενέσθαι
1475 2075 1655 2147 πάσης
1683 2077 1874 2147 ψευδο-

293 2155 472 2222 δοξίας
495 2158 587 2211 καὶ
612 2159 711 2231 τῆς
752 2160 878 2232 περὶ
910 2160 1007 2225 τὰς
1042 2161 1191 2226 θείας
1222 2163 1260 2215 Γ
1265 2164 1442 2234 ραφὲις
1468 2166 1697 2236 ψευδοῦς
1743 2170 1875 2222 ὑπο-

292 2248 527 2322 λήψεως.

362 2380 530 2437 Ὀδὸν
545 2383 833 2453 ἀληθείας
847 2386 1241 2457 ᾐρετισάμην,
1258 2387 1331 2443 τὰ
1352 2388 1607 2458 κρίματὰ
1626 2407 1742 2445 σου
1763 2393 1874 2447 οὐκ

291 2470 690 2542 ἐπελαθόμην.
707 2475 810 2529 Τὸν
828 2477 1007 2547 στίχον
1033 2477 1219 2531 τοῦτον
1246 2479 1361 2550 ἐρεῖ
1383 2478 1544 2550 μόνος
1560 2480 1588 2531 ό
1603 2497 1876 2552 καταφρο-

293 2563 401 2617 νῶν
428 2563 528 2634 μὲν
547 2563 658 2617 τῶν
683 2564 1028 2638 βλεπομένων
1062 2568 1137 2632 ὡς
1160 2568 1535 2641 προσκαίρων,
1582 2570 1798 2622 σκοπῶν
1817 2569 1873 2623 δὲ

293 2655 360 2709 τὰ
391 2653 467 2729 μὴ
490 2654 794 2728 βλεπόμενα
812 2658 887 2723 ὡς
915 2658 1129 2725 αἰώνια,
1157 2661 1249 2715 καὶ
1280 2661 1418 2732 μόνα
1448 2661 1652 2733 κυρίως
1678 2661 1872 2733 ἀληθῆ,

298 2749 390 2802 καὶ
425 2749 513 2803 ἐπ’
548 2751 732 2805 ὲκείνα
772 2751 1033 2805 σπεύδων.
1059 2754 1174 2807 Ούκ
1214 2753 1472 2825 ἀληθείας
1503 2754 1610 2824 γὰρ
1638 2753 1774 2816 ὁδὸς,
1809 2755 1875 2824 ῆν

293 2840 527 2912 αἱρεῖται
566 2843 597 2896 ό
633 2845 1155 2915 πραγματευόμενος
1194 2846 1286 2900 τὸν
1326 2847 1475 2900 κάτω
1523 2845 1749 2899 πλοῦτον
1781 2848 1875 2900 καὶ

292 2930 394 2995 τὰς
425 2932 517 2987 ἐπὶ
545 2933 651 3004 γῆς
677 2934 854 3000 δόξας.
894 2936 952 2988 '0
977 2932 1069 2989 οὖν
1098 2937 1349 3008 ἐλόμενος
1377 2937 1602 3001 ὁδεύειν,
1636 2940 1711 3003 ὡς
1739 2940 1877 2992 ἀπο-

293 3022 624 3096 δεδώκαμεν,
650 3025 748 3097 τὴν
770 3026 871 3097 τῆς
898 3028 1157 3111 ἀληθείας
1184 3028 1323 3095 ὁδὸν,
1348 3024 1504 3095 οὗτος
1527 3031 1626 3085 οὐκ
1652 3031 1874 3085 ὲπιλαν-

1972 1916 2229 1979 precatur
2271 1911 2672 1980 unusquisque,
2726 1919 2784 1964 ut
2823 1920 2977 1965 extra
3017 1910 3207 1964 falsam
3245 1909 3548 1979 quamlibet

1973 2000 2292 2056 sententiam
2331 2008 2386 2055 et
2423 2000 2740 2057 mendacem
2769 2002 2837 2057 de
2863 2001 3064 2058 divinis
3103 2001 3401 2072 Scripturis
3429 1999 3552 2069 opi-

1971 2093 2193 2148 nionem
2223 2099 2488 2147 versetur.

2046 2376 2215 2434 Vsus.
2260 2378 2350 2433 50.
2397 2378 2549 2433 Viam
2589 2379 2825 2434 veritatis
2866 2379 3019 2450 elegi,
3051 2378 3263 2449 judicia
3306 2388 3399 2431 tua
3445 2393 3550 2431 non

1974 2489 2091 2526 sum
2117 2471 2331 2527 oblitus.
2359 2470 2516 2526 llunc
2541 2472 2763 2542 quidem
2787 2487 3007 2528 versum
3033 2471 3122 2527 ille
3141 2478 3351 2525 tantum
3382 2470 3548 2535 dicet,

1974 2566 2067 2636 qui
2100 2582 2162 2621 ea
2190 2581 2311 2636 quae
2341 2565 2445 2621 sub
2474 2575 2756 2635 aspectum
2787 2566 3013 2631 cadunt,
3050 2572 3310 2634 tanquam
3345 2570 3551 2633 tempo-

1974 2674 2137 2714 ranea
2164 2659 2430 2729 despicit;
2456 2658 2751 2714 invisibilia
2794 2665 2998 2720 autem,
3039 2665 3099 2711 ut
3129 2655 3460 2726 sempiterna
3487 2669 3552 2709 ac

1977 2753 2089 2808 sola
2114 2767 2266 2819 vera,
2313 2753 2737 2823 contemplatur,
2776 2760 2831 2809 et
2860 2752 2926 2807 ad
2963 2751 3054 2806 illa
3094 2751 3335 2807 festinat.
3368 2747 3553 2819 Siqui-

1976 2847 2100 2903 dem
2145 2849 2237 2901 illa
2278 2848 2523 2902 veritatis
2552 2848 2638 2902 via
2691 2863 2799 2902 non
2836 2854 2941 2910 est,
2988 2861 3153 2917 quam
3192 2845 3343 2913 eligit
3369 2844 3417 2899 is
3458 2843 3549 2908 qui

1976 2945 2224 2994 terrenas
2259 2935 2481 2993 divitias
2518 2952 2583 2991 ac
2621 2937 2808 2991 mundi
2859 2936 3087 3008 gloriam
3133 2942 3399 2991 sectatur.
3442 2933 3546 3000 Qui

1977 3030 2162 3101 igitur,
2194 3037 2256 3086 ut
2281 3030 2542 3094 diximus,
2571 3030 2625 3083 in
2654 3028 2900 3085 veritatis
2932 3029 3018 3085 via
3058 3028 3309 3083 incedere
3329 3035 3553 3098 coopta-

295 3112 587 3187 θανόμενος
614 3118 722 3172 τῶν
756 3120 1041 3190 κριμάτων
1071 3119 1164 3179 τοῦ
1199 3119 1333 3174 Θεοῦ
1365 3122 1459 3176 καὶ
1490 3122 1598 3176 τῶν
1636 3125 1874 3178 ἀνταπο-

1977 3122 2074 3188 vit,
2101 3121 2189 3177 hic
2212 3136 2321 3176 non
2345 3120 2630 3177 immemor
2654 3120 2985 3191 iudiciorum
3018 3118 3136 3183 Dei,
3160 3127 3214 3174 et
3241 3118 3553 3174 retributio-

291 3205 493 3262 δόσεων
521 3209 686 3263 αὑτοῦ
714 3210 774 3264 τὸ
799 3212 1037 3265 τοιοῦτον
1062 3214 1311 3284 πράττει.
1357 3215 1417 3268 '0
1443 3215 1745 3288 φιλαλήθης
1782 3218 1874 3271 καὶ

298 3300 506 3371 μήποτε
531 3303 820 3375 προφέρων
843 3303 1013 3374 ψευδῆ
1033 3303 1188 3374 λόγον
1210 3306 1296 3360 διὰ
1325 3307 1593 3378 στόματος
1615 3307 1757 3361 εἴποι
1784 3309 1872 3363 ἄν·

307 3391 475 3446 Ὀδὸν
508 3393 795 3462 ἀληθείας
830 3396 1216 3467 ᾐρετισάμην.
1283 3398 1441 3452 Ἀλλὰ
1472 3401 1564 3453 καὶ
1588 3400 1617 3452 ό
1647 3400 1876 3454 διαπαν-

293 3484 385 3553 τὸς
428 3488 534 3560 πρὸ
577 3489 870 3561 ὀφθαλμῶν
913 3491 1194 3563 τιθέμενος
1229 3492 1296 3546 τὰ
1327 3491 1422 3546 τοῦ
1457 3493 1590 3548 Θεοῦ
1633 3495 1877 3567 κρίματα

293 3576 389 3631 καὶ
422 3577 516 3631 ἐπὶ
551 3578 701 3652 πάσῃ
750 3580 945 3652 πράξει
987 3582 1332 3654 μεμνημένος
1380 3584 1559 3641 αὐτῶν
1608 3586 1753 3658 ἐρείο
1795 3584 1879 3641 Τὰ

294 3668 550 3739 κρίματά
575 3685 692 3725 σου
729 3674 840 3726 οὐκ
874 3673 1277 3744 ἐπελαθόμην.

376 3760 748 3831 Ἔκολλήθην
773 3764 896 3831 τοῖς
920 3768 1268 3835 μαρτυρίοις
1298 3784 1435 3835 σου,
1469 3769 1663 3838 Κύριε,
1692 3769 1776 3840 μή
1799 3786 1881 3840 με

295 3852 721 3921 καταισχύνῃς.
761 3854 1096 3927 Κεκόλληται
1124 3857 1236 3921 τοῖς
1265 3859 1585 3930 μαρτυρίοις
1614 3862 1642 3914 ό
1673 3860 1765 3913 ἐπὶ
1788 3858 1876 3914 λό-

293 3956 415 4010 τοις
437 3943 549 4004 τοῖς
576 3942 704 4014 περὶ
733 3944 961 4015 ούρανοῦ
989 3948 1082 3999 καὶ
1111 3946 1234 4018 γῆς,
1266 3948 1300 4019 ἦ
1332 3965 1476 4014 τινος
1498 3948 1606 4003 τῶν
1634 3966 1879 4022 γεγραμ-

298 4031 475 4103 μένων
520 4033 970 4105 παραδεδομένοις
1023 4036 1159 4091 ἑνῶν
1209 4038 1420 4103 ἐαυτδν,
1474 4040 1568 4093 καὶ
1615 4041 1880 4113 μηδαμῶς

299 4121 472 4177 αὐτῶν
492 4123 835 4194 ἀφεστηκώς.
864 4119 1030 4190 Οὗτος
1062 4129 1158 4181 καὶ
1189 4128 1461 4203 θαρρείτω
1487 4130 1590 4185 κᾶν
1615 4132 1879 4204 πρότερον

299 4213 434 4286 ιζργα
461 4213 723 4286 αἰσχύνης
751 4216 1062 4286 πεποιηκώς
1092 4235 1106 4249 ·
1154 4220 1188 4290 ἦ
1234 4221 1327 4275 καὶ
1359 4221 1576 4275 αίτείτω
1608 4222 1715 4277 ἀπὸ
1745 4222 1879 4277 Θεοῦ

303 4307 511 4374 Ιὶιρεσιν,
561 4308 656 4361 καὶ
697 4308 921 4377 λεγέτω·
948 4311 1145 4378 Κύριε,
1197 4312 1281 4381 μή
1322 4330 1399 4382 με
1449 4314 1876 4383 καταισχύνῃς.

307 4401 484 4456 ὀδὸν
503 4400 770 4455 ἐντολῶν
789 4418 903 4456 σου
929 4402 1206 4472 ἔδραμον,
1231 4404 1375 4459 ὅταν
1398 4404 1743 4471 ἑπλάτυνας
1767 4403 1881 4473 τὴν

1976 3229 2106 3268 num
2139 3214 2281 3284 ejus,
2313 3229 2379 3269 eo
2411 3227 2533 3267 sese
2562 3213 2724 3267 modo
2762 3212 2921 3284 gerit.
2951 3211 3054 3278 Qui
3091 3211 3333 3265 veritatis
3361 3222 3553 3264 amans

1975 3315 2081 3369 est,
2101 3313 2155 3360 et
2185 3306 2471 3361 mendacia
2499 3321 2594 3361 ore
2624 3320 2724 3360 suo
2752 3318 3030 3374 nunquam
3063 3301 3287 3374 profert,
3314 3300 3549 3355 dixerit:

1990 3396 2138 3452 Viam
2168 3399 2405 3452 veritatis
2433 3398 2584 3467 elegi.
2625 3394 2731 3451 Sed
2760 3396 2924 3451 etiam
2950 3394 3041 3466 qui
3078 3394 3172 3450 Dei
3199 3392 3406 3464 judicia
3442 3406 3554 3462 prae

1976 3490 2153 3547 oculis
2191 3505 2405 3560 semper
2447 3489 2607 3544 habet
2649 3490 2784 3544 etin
2831 3489 2979 3543 omni
3009 3503 3172 3559 opere
3218 3502 3319 3542 suo
3361 3501 3552 3542 eorum

1975 3582 2243 3650 meminit,
2268 3582 2446 3637 dicet:
2477 3580 2693 3635 Iudicia
2726 3592 2818 3634 tua
2850 3597 2951 3634 non
2979 3597 3095 3635 sum
3125 3579 3339 3634 oblitus.

2046 3761 2329 3831 Vnum“,
2379 3763 2468 3819 52.
2520 3762 2737 3817 Adhwsi
2768 3762 3080 3817 testimoniis
3130 3761 3257 3824 tuis,
3309 3758 3552 3821 Domine,

1979 3856 2090 3912 noli
2118 3872 2198 3910 me
2254 3855 2589 3925 confundere.
2641 3854 2737 3910 Ille
2797 3853 3126 3909 testimoniis
3170 3853 3429 3915 adhaeret,
3459 3850 3553 3921 qui

1980 3948 2328 4006 sermonibus
2370 3947 2437 4002 de
2472 3946 2615 4002 coelo
2642 3954 2695 4002 et
2727 3954 2896 4009 terra,
2928 3945 3013 3999 vel
3041 3945 3236 4015 quavis
3264 3944 3368 3997 alia
3397 3942 3464 3999 de
3497 3958 3558 3998 re

1980 4043 2183 4113 scripto
2209 4041 2427 4096 traditis
2454 4054 2576 4095 sese
2605 4038 2828 4101 addicit,
2862 4043 2916 4093 et
2944 4038 3257 4092 nullatenus
3287 4037 3355 4091 ab
3382 4036 3450 4091 iis
3478 4050 3558 4091 re-

1980 4133 2144 4189 cedit.
2189 4131 2290 4189 Hic
2321 4147 2451 4187 vero
2488 4131 2747 4194 conﬁdat,
2798 4131 2927 4186 licet
2976 4128 3129 4200 prius
3173 4142 3338 4198 opera
3377 4127 3554 4196 turpia

1980 4223 2339 4297 pcrpetrarit;
2366 4225 2479 4279 sive
2500 4223 2662 4279 etiam
2695 4224 2930 4292 postulet
2958 4236 2989 4274 a
3020 4220 3129 4275 Deo
3153 4218 3554 4282 remissionem,

1981 4324 2035 4371 et
2064 4316 2212 4370 dicat
2240 4334 2253 4370 :
2284 4312 2529 4377 Domine,
2565 4313 2674 4366 noli
2716 4328 2797 4392 me
2826 4309 3165 4381 confundere.
3214 4306 3367 4360 Viam
3405 4322 3557 4361 man-

1981 4404 2232 4461 datorum
2274 4415 2484 4459 tuorum
2526 4402 2759 4465 cucurri,
2794 4418 2910 4455 cum
2948 4398 3193 4453 dilatasti
3240 4413 3329 4451 cor
3362 4413 3552 4450 nteant.

296 4491 549 4562 καρδίαν
569 4510 709 4562 μου.
740 4491 1055 4564 Διέδραμον,
1086 4496 1270 4564 φησὶν,
1300 4497 1356 4550 ὲν
1386 4495 1579 4567 βραχεῖ
1610 4498 1786 4569 χρόνῳ
1815 4497 1876 4549 ού

1980 4498 2159 4563 Brevi,
2192 4496 2402 4567 inquit,
2454 4503 2696 4564 tempore
2737 4491 3028 4548 decucurri
3073 4504 3182 4544 non
3230 4488 3414 4551 unius,
3460 4486 3555 4543 sed

302 4585 430 4656 μιᾶς
461 4583 701 4655 ἐντολῆς,
732 4583 869 4639 ἀλλὰ
897 4583 1083 4638 πασῶν
1130 4585 1356 4639 ἐντολῶν
1390 4604 1481 4640 σου
1518 4588 1615 4660 τὴν
1644 4589 1761 4642 ὁδὸν
1791 4589 1880 4662 ἕρ-

297 4692 415 4744 γοις
439 4674 725 4743 ἐπιτελῶν,
758 4676 852 4729 καὶ
879 4676 1071 4741 αὐταῖς
1108 4677 1337 4749 πράξεσι
1359 4679 1428 4732 τὰ
1461 4680 1567 4733 ὑπὸ
1594 4681 1701 4734 τῶν
1732 4683 1880 4734 ἐντο-

296 4765 405 4821 λῶν
436 4784 528 4821 σου
559 4767 976 4840 διηγορευμένα.
1004 4768 1165 4822 Ὅθεν
1198 4768 1292 4823 καὶ¹
1331 4768 1562 4836 Παῦλος,
1587 4770 1883 4835 τετελεκὼς

296 4860 473 4926 τοῦτο,
506 4860 660 4932 φησί·
698 4861 811 4915 Τὸν
833 4861 1057 4931 δρόμον
1089 4863 1391 4925 τετέλεκα,
1426 4861 1541 4931 τὴν
1565 4864 1771 4919 πίστιν
1790 4882 1883 4919 τε-

298 4950 546 5020 τήρηκα.

367 5038 898 5113 Νομοθέτησόνμε,
951 5044 1148 5113 Κύριε,
1179 5043 1297 5112 τὴν
1329 5043 1471 5098 ὁδὸν
1501 5044 1619 5098 τῶν
1652 5044 1882 5100 δικαιωο

294 5128 501 5201 μάτων
523 5146 661 5185 σου*
703 5134 802 5188 καὶ
846 5133 1154 5206 ἐκζητήσω
1197 5135 1393 5206 αὐτὴν
1419 5136 1761 5206 διαπαντός.
1801 5140 1884 5193 Τὰ

303 5219 404 5291 μὲν
431 5220 540 5294 γὰρ
573 5224 724 5296 παρὰ
749 5225 843 5279 τοῦ
877 5226 1012 5281 Θεοῦ
1044 5229 1205 5292 αίτεῖ,
1232 5228 1295 5281 τὸ
1321 5229 1378 5283 δὲ
1409 5228 1798 5298 ἐπαγγέλλεται
1823 5229 1881 5298 ἐξ

301 5310 494 5368 ἑαυτοῦ
519 5316 911 5388 συνεισφέρειν.
941 5319 1013 5373 Σὺ
1036 5320 1133 5391 μὲν
1149 5320 1279 5391 γὰρ,
1313 5321 1498 5393 φησὶν,
1515 5313 1561 5375 ὦ
1577 5320 1769 5394 Κύριε,
1797 5339 1882 5375 νο-

302 5402 603 5475 μοθέτησόν
641 5422 707 5475 με
739 5406 839 5477 τὴν
868 5407 985 5461 ὁδὸν
1010 5408 1119 5463 τῶν
1143 5410 1524 5483 δικαιωμάτων
1554 5428 1667 5465 σου·
1694 5409 1805 5481 ἐγὼ
1824 5410 1880 5464 δὲ

298 5496 391 5551 τὸν
419 5497 521 5568 τῆς
545 5499 690 5571 ζωῆς
720 5517 821 5572 μου
873 5503 1090 5559 ἅπαντα
1132 5504 1320 5577 χρόνον
1348 5505 1596 5561 ἐπιδώσω
1644 5507 1703 5561 ὲν
1731 5502 1881 5575 αὐτῷ

300 5591 383 5655 Il;
410 5589 742 5666 ἀναζήτησιν
773 5594 960 5667 αὐτῆς.

371 5742 399 5779 ⁸
429 5743 472 5800 ΙΙ
505 5744 645 5805 Tim.
686 5767 758 5815 Iv,
796 5750 847 5803 7.

1978 4591 2221 4646 omnium
2253 4588 2634 4643 mandatorum
2666 4594 2882 4640 tuorum
2910 4585 3074 4642 viam.
3099 4580 3360 4653 operibus
3382 4587 3439 4636 et
3465 4595 3557 4635 ac-

1980 4683 2226 4739 tionibus
2247 4683 2384 4736 meis
2404 4696 2469 4735 ea
2488 4680 2794 4750 complens,
2817 4694 2940 4748 qua:
2959 4676 3233 4731 mandatis
3257 4674 3366 4731 tuis
3385 4690 3559 4729 enun-

1980 4775 2201 4830 tiantnr.
2225 4772 2589 4840 Quamobrem
2613 4770 2815 4826 Paulus
2841 4784 2964 4824 cum
2999 4784 3063 4824 ea
3097 4774 3557 4830 consummasset,

1978 4867 2056 4922 ait
2089 4881 2103 4915 :
2142 4862 2372 4953 gursum
2403 4861 2784 4928 consummavi,
2821 4858 2978 4930 ﬁdem
3006 4858 3210 4914 servavi
3230 4860 3274 4912 ⁹.

2055 5039 2222 5097 Vsus.
2250 5039 2339 5096 33.
2375 5037 2557 5109 Legem
2598 5052 2732 5106 pone
2760 5035 2909 5096 mihi.
2941 5033 3185 5099 Domine,
3233 5033 3373 5089 viam
3396 5032 3560 5102 justi—

1986 5132 2290 5205 ﬁcationum
2324 5139 2558 5194 tuarum,
2591 5139 2641 5183 et
2675 5129 2951 5201 exquiram
2984 5143 3100 5181 eam
3137 5140 3356 5193 semper.
3396 5120 3557 5177 Aliud

1987 5243 2017 5281 a
2052 5225 2164 5282 Deo
2197 5224 2353 5296 petit,
2387 5222 2536 5279 aliud
2571 5238 2639 5278 ex
2661 5228 2817 5293 parte
2845 5235 2943 5277 sua
2973 5234 3033 5276 se
3076 5219 3398 5273 collaturum
3428 5228 3559 5282 pro~

1986 5319 2172 5375 mittit.
2201 5315 2283 5371 Tu
2321 5317 2487 5380 enim,
2523 5314 2723 5387 inquit,
2759 5312 3007 5376 Domine,
3057 5311 3231 5380 legem
3257 5320 3396 5377 pone
3424 5304 3557 5359 mihi

1985 5415 2127 5470 viam
2157 5410 2614 5483 justiﬁeationum
2644 5417 2863 5463 tuarum
2900 5422 2916 5460 :
2944 5419 3046 5476 ego
3076 5410 3255 5456 autem
3296 5405 3409 5453 toto
3434 5397 3560 5452 vita

1985 5522 2120 5565 mea:
2150 5513 2396 5576 tempore
2426 5503 2482 5560 in
2509 5500 2630 5574 ejus
2657 5497 3013 5571 inquisitione
3038 5491 3348 5567 persistam.
