4044 6212
495 333 654 394 "1'57!

1200 333 1470 392 EUSEBII
1505 329 1981 391 CESARIENSIS
2017 331 2168 390 OPP.
2188 330 2368 388 PARS
2405 330 2494 388 Ill.
2531 360 2601 374 —
2638 329 3044 389 EXEGETICA.

3617 329 3770 387 137!

586 443 755 503 Vsus.
788 445 876 502 54.
906 444 990 499 Da
1020 445 1147 499 mihi
1177 445 1516 508 intellectum,
1548 456 1598 501 et
1625 444 1903 501 scrutabor
1927 444 2088 514 legem
2117 470 2129 504 Α

2255 440 2586 497 Συνέτισόν
2604 459 2701 513 με,
2737 441 2835 497 καὶ
2858 440 3234 511 ἐξερευνήσω
3271 441 3379 499 τὸν
3403 444 3589 514 νόμον
3619 459 3767 508 σου.

522 541 688 598 tuam,
733 545 780 588 et
815 534 1106 588 custodiam
1162 534 1313 589 illam
1359 536 1415 590 in
1456 544 1564 591 toto
1596 535 1752 591 corde
1791 552 1924 590 meo.
1956 533 2087 590 Vult

518 624 782 698 propheta
815 626 987 698 legem
1023 626 1119 684 Dei
1156 627 1416 694 scrutari,
1447 644 1651 701 gnarus
1680 644 1801 685 eam
1832 644 1940 684 non
1978 628 2093 684 cla-

520 730 639 770 ram
672 723 727 772 et
762 727 922 788 captu
957 715 1194 773 facilem.
1246 715 1432 790 Itaque
1473 718 1543 774 da
1572 718 1707 774 mihi
1736 718 2090 783 intellectum,

521 811 619 876 ait,
650 821 711 865 ut
751 811 1073 882 congruenti
1101 825 1228 865 cum
1261 810 1511 867 examine
1554 818 1610 866 et
1646 812 1945 866 attentione
1972 824 2096 881 pcr-

522 900 736 972 quiram
783 900 962 967 illam;
990 907 1049 955 ut
1076 916 1144 956 ex
1191 900 1285 955 illa
1313 916 1493 957 rerum
1518 916 1657 973 quas
1682 901 1769 956 vel
1813 916 1974 972 agere
2012 899 2096 957 vel

522 991 881 1062 contemplari
907 1006 1046 1061 opus
1072 998 1175 1056 est,
1203 1006 1365 1045 usum
1413 998 1745 1061 captumque
1782 1003 2044 1060 assequar
2077 1006 2090 1044 :

522 1084 606 1140 sic
637 1098 872 1153 namque
903 1093 1094 1155 potero
1122 1097 1242 1138 eam
1277 1081 1333 1136 in
1360 1088 1474 1135 toto
1502 1079 1668 1136 corde
1696 1082 1998 1145 custodire,
2032 1094 2097 1135 ac

525 1176 646 1232 sine
667 1174 1011 1230 dubitatione
1032 1173 1183 1230 adire
1207 1174 1376 1229 illam.
1403 1171 1558 1239 Quod
1583 1173 1629 1229 si
1660 1173 1935 1228 intellectu
1962 1187 2098 1243 opus

525 1266 597 1322 sit
626 1274 684 1321 ut
713 1266 883 1337 legem
915 1266 1180 1321 duntaxat
1209 1265 1492 1328 scruteris,
1522 1272 1779 1334 quantam
1812 1278 1843 1317 a
1886 1263 1993 1318 Deo
2016 1263 2101 1318 in-

526 1357 883 1428 telligentiam
913 1358 1162 1430 accipere
1191 1373 1329 1429 opus
1356 1358 1547 1415 habes.
1576 1366 1634 1412 ut
1668 1356 1831 1412 finem
1867 1356 1986 1427 ejus
2017 1372 2102 1413 re-

527 1448 750 1518 perias?

599 1538 767 1595 Vsus.
797 1540 888 1596 35.
934 1538 1108 1595 Deduc
1141 1556 1221 1595 me
1251 1540 1304 1593 in
1331 1541 1572 1594 semitam
1595 1539 1968 1593 mandatorum
1995 1547 2108 1592 tuo-

529 1647 670 1695 rum,
700 1632 827 1702 quia
860 1633 1029 1702 ipsam
1061 1632 1222 1687 volui.
1252 1630 1353 1685 llic
1375 1633 1620 1686 semitam
1654 1647 1753 1702 pro
1782 1632 1897 1701 lege
1928 1629 2060 1684 dicit.
2087 1647 2102 1684 :

528 1737 658 1777 nam
701 1723 1083 1779 mandatorum
1118 1724 1314 1779 semita
1341 1724 1591 1794 quaedam
1622 1730 1724 1779 est.
1772 1720 1978 1777 Semita
2006 1736 2106 1774 au—

529 1822 641 1870 tem
673 1815 876 1870 dicitur
904 1816 987 1870 via
1021 1817 1175 1880 trita,
1225 1816 1280 1871 in
1312 1782 1416 1886 qua
1450 1816 1606 1869 multi
1654 1824 1780 1870 ante
1823 1828 1924 1870 nos
1969 1812 2105 1883 justi
2142 1782 2183 1837 Β

531 1907 902 1963 ambularunt.
953 1908 1008 1964 Si
1037 1911 1162 1979 quis
1200 1919 1383 1965 autem
1408 1909 1559 1978 justo
1588 1909 1727 1964 duce
1754 1922 1863 1962 non
1901 1912 2104 1970 utatur,

531 2012 641 2052 non
667 2005 846 2068 potest
880 1999 1180 2053 secundum
1216 2004 1481 2067 praecepta
1512 1996 1606 2051 Dei
1649 1994 1946 2050 ambulare.
1973 1991 2106 2048 Nam

533 2087 740 2143 Christi
798 2104 901 2144 nos
957 2089 1260 2143 imitatores
1318 2104 1463 2155 esse,
1509 2102 1573 2142 ac
1616 2087 1811 2142 tollere
1867 2100 2106 2151 crucem,

536 2180 827 2252 ipsumque
869 2180 1024 2249 sequi
1065 2186 1302 2249 oportet.

607 2270 778 2327 Vsus.
809 2272 879 2326 56
898 2301 927 2312 -
942 2270 1030 2326 40.
1056 2269 1267 2325 Inclina
1289 2286 1381 2325 cor
1404 2285 1575 2323 meum
1596 2269 1651 2323 in
1673 2268 1971 2323 testimonia
1996 2277 2110 2333 tua,

536 2371 587 2418 et
632 2364 819 2417 nonin
849 2363 1151 2417 avaritiam.
1188 2361 1374 2416 Averte
1421 2360 1599 2417 oculos
1635 2378 1774 2416 meos
1810 2377 1873 2415 ne
1899 2360 2114 2417 videant

537 2455 859 2516 vanitatem;
891 2456 946 2509 in
980 2455 1063 2509 uia
1103 2464 1194 2508 tua
1226 2455 1430 2523 uiui/ica
1479 2470 1577 2509 me.
1625 2452 1812 2510 Statue
1839 2470 1985 2508 servo
2025 2464 2115 2508 tuo

537 2546 799 2617 eloquium
842 2558 988 2601 tuum
1029 2550 1083 2601 in
1118 2547 1304 2601 timore
1349 2556 1461 2601 tuo.
1509 2548 1740 2617 Amputa
1782 2547 2119 2618 opprobrium

541 2655 713 2693 meum
735 2637 872 2709 quod
894 2639 1193 2707 suspicatus
1216 2654 1355 2702 sum,
1381 2639 1504 2708 quia
1522 2638 1728 2709 judicia
1752 2649 1843 2696 tua
1854 2638 2115 2709 jucunda.

545 2730 681 2787 Ecce
706 2732 974 2802 concupiui
1005 2731 1259 2785 mandata
1308 2741 1418 2795 tua,
1459 2731 1514 2784 in
1551 2731 1767 2801 justitia
1799 2741 1889 2784 tua
1916 2731 2122 2804 viviﬁca

544 2839 646 2878 me.
682 2821 878 2879 Omnia
908 2823 976 2878 ad
1010 2822 1177 2879 Deum
1211 2822 1315 2877 viri
1346 2824 1521 2878 sancti
1555 2821 1821 2887 referunt,
1858 2821 2121 2877 docentes

544 2914 686 2969 nihil
713 2930 815 2969 nos
849 2916 970 2971 sine
999 2914 1110 2969 Deo
1135 2929 1319 2985 posse.
1352 2912 1472 2968 Nisi
1502 2914 1642 2968 enim
1682 2915 1735 2967 in
1763 2930 1842 2967 me
1869 2912 2125 2967 manseri-

547 3006 642 3069 tis,
669 3005 866 3075 inquit,
899 3004 1032 3058 nihil
1056 3007 1272 3074 potestis
1295 3005 1468 3075 facere
1496 3006 1560 3059 ιθ.
1595 3002 1702 3060 Sed
1732 3004 1965 3062 fortasse
1986 3019 2125 3059 non-

550 3111 713 3152 nemo
740 3096 943 3151 dixerit
993 3116 1007 3151 :
1042 3095 1100 3152 Si
1137 3096 1321 3151 omnia
1350 3096 1417 3152 ad
1450 3095 1619 3151 Deum
1668 3094 2001 3161 referuntur,
2033 3094 2127 3152 ubi

551 3196 636 3246 est
675 3189 728 3245 id
758 3189 905 3261 quod
936 3206 1070 3246 mea:
1102 3190 1380 3245 facultatis
1410 3190 1534 3245 est?
1562 3189 1659 3244 Sin
1693 3189 1898 3254 minus,
1922 3188 2130 3262 ubique

553 3296 687 3343 sane
720 3282 914 3338 miscet
934 3296 999 3337 ea
1021 3297 1141 3353 quae
1171 3298 1202 3336 a
1229 3281 1341 3337 Deo
1374 3289 1503 3338 sunt
1532 3297 1657 3337 cum
1688 3281 1757 3337 iis
1800 3296 1922 3353 qua:
1948 3280 2003 3335 in
2027 3295 2132 3335 no-

555 3384 673 3432 stra
713 3384 842 3432 sunt
877 3384 1171 3449 potestate.
1209 3376 1255 3430 A
1295 3375 1409 3431 Deo
1440 3385 1590 3431 certe
1623 3374 1756 3429 illud
1782 3380 1866 3430 est
1901 3392 1915 3429 :
1948 3371 2134 3443 Legem

554 3485 690 3541 pone
717 3468 868 3534 mihi,
904 3468 1149 3538 Domine,
1196 3469 1337 3522 viam
1376 3467 1832 3538 justi/icationum
1880 3475 2135 3532 tuarum;

555 3568 870 3617 nostrarum
897 3568 1077 3616 autem
1111 3560 1346 3630 partium
1395 3568 1480 3616 est
1511 3557 1646 3613 illud
1697 3577 1711 3615 :
1764 3556 1835 3612 Et
1863 3557 2137 3628 exquiram

558 3670 677 3709 eam
705 3669 924 3724 semper.
959 3653 1003 3706 A
1040 3652 1148 3708 Deo
1178 3668 1398 3709 rursum
1430 3653 1646 3723 postulo
1677 3668 1690 3704 :
1726 3650 1807 3713 D,a
1834 3650 1966 3723 mihi
1991 3647 2140 3705 intel-

562 3747 776 3811 lectum,
814 3754 864 3799 et
889 3744 1166 3799 scrutabor
1201 3745 1364 3815 legem
1412 3754 1582 3808 tuam,
1612 3744 1679 3800 ad
1719 3758 1808 3801 tne
1847 3758 1977 3800 vero
2012 3758 2141 3815 per-

564 3836 699 3891 tinet
727 3834 864 3891 illud
896 3855 910 3892 :
938 3833 1007 3889 Et
1038 3834 1334 3889 custodiam
1364 3834 1516 3888 illam
1548 3836 1607 3889 in
1650 3843 1758 3891 toto
1803 3832 1958 3890 corde
2003 3850 2136 3890 meo.

564 3924 752 3981 Tertio
776 3926 956 3981 itema
977 3925 1090 3982 Deo
1121 3926 1176 3980 id
1217 3934 1413 3996 expeto
1441 3945 1454 3981 :
1486 3925 1666 3982 Deduc
1701 3943 1780 3997 me
1822 3927 1877 3979 in
1899 3926 2140 3981 semitam

566 4017 939 4071 mandatorum
972 4025 1181 4071 tuorum
1220 4031 1238 4069 :
1272 4016 1404 4087 quid
1444 4024 1624 4072 autem
1659 4016 1725 4070 ad
1774 4032 1859 4071 me
1891 4017 2143 4085 spectat?

568 4104 712 4173 Quia
758 4106 929 4174 ipsam
962 4105 1122 4168 volui,
1151 4106 1406 4160 videlicet
1459 4106 1634 4176 legem
1667 4119 1833 4176 supra
1874 4120 2142 4161 memora-

569 4206 709 4265 tam;
743 4198 816 4251 ita
846 4204 906 4251 ut
938 4204 1188 4267 petamus
1231 4203 1289 4249 ut
1316 4211 1438 4267 quae
1465 4211 1496 4251 a
1524 4194 1634 4252 Deo
1664 4206 1794 4253 sunt
1823 4197 2003 4252 adsint
2044 4213 2147 4251 no-

571 4286 679 4353 bis,
705 4303 769 4343 ea
796 4288 1176 4359 promittentes
1203 4302 1324 4359 quae
1344 4293 1551 4344 nostra;
1574 4286 1853 4343 facultatis
1880 4296 2031 4351 sunt,
2059 4303 2151 4343 ne-

572 4393 680 4450 que
724 4378 881 4433 irrita
914 4379 1004 4434 illa
1053 4377 1340 4446 facientes,
1372 4394 1441 4434 ne
1467 4385 1626 4449 pacta
1655 4393 1780 4432 cum
1817 4377 1926 4434 Deo
1960 4386 2147 4433 nostra

572 4472 856 4528 violemus.

649 4562 812 4621 Vsus.
839 4563 1056 4631 41-48.
1084 4562 1151 4617 Et
1174 4563 1345 4617 ueniat
1366 4577 1523 4632 super
1537 4577 1618 4616 me
1644 4562 2006 4615 misericordia
2032 4569 2149 4624 tua,

577 4659 821 4723 Domine,
857 4658 1094 4713 salutare
1125 4667 1273 4710 tuum
1304 4653 1588 4710 secundum
1629 4652 1839 4708 verbum
1875 4661 2042 4707 tuum.
2087 4651 2155 4705 Et

579 4749 898 4821 respondebo
925 4747 1365 4820 exprobrantibus
1388 4746 1517 4800 mihi
1545 4744 1777 4808 verbum,
1807 4745 1931 4814 quia
1953 4743 2159 4812 speravi

581 4844 635 4897 in
665 4842 992 4896 sermonibus
1022 4842 1146 4895 tuis.
1178 4838 1247 4893 Et
1281 4856 1344 4894 ne
1366 4838 1580 4907 auferas
1603 4836 1667 4891 de
1689 4852 1776 4890 ore
1805 4851 1919 4890 meo
1949 4833 2157 4890 uerbum

580 4935 821 4991 veritatis
854 4950 1015 5004 usque
1044 4932 1215 4999 valde,
1250 4933 1373 5003 quia
1412 4931 1463 4983 in
1498 4929 1724 4999 judiciis
1750 4928 1854 4982 tuis
1886 4941 2157 4998 superspe—

587 5026 720 5080 raoi.
762 5024 832 5078 Et
871 5024 1165 5078 custodiam
1195 5023 1355 5093 legem
1395 5029 1536 5074 tuam
1564 5035 1786 5089 semper,
1817 5018 1872 5073 in
1906 5017 2160 5072 swculum

585 5129 637 5173 et
671 5118 726 5171 in
762 5116 1014 5171 staculum
1046 5114 1248 5170 sicculi.
1279 5113 1348 5169 Et
1380 5112 1720 5168 ambulabam
1758 5112 1813 5166 in
1856 5110 2157 5178 latitudine,

587 5211 714 5284 quia
737 5208 995 5263 mandata
1030 5218 1122 5262 tua
1146 5207 1420 5277 exquisivi.
1463 5205 1531 5260 Et
1563 5205 1810 5277 loquebar
1842 5204 1895 5259 in
1927 5204 2163 5259 testimoc

590 5305 692 5361 uiis
722 5305 826 5359 tuis
884 5304 942 5357 in
987 5311 1263 5372 conspectu
1306 5317 1506 5371 regum,
1541 5308 1591 5354 et
1644 5315 1746 5353 non
1780 5295 2160 5367 confundebar.

591 5396 707 5453 [loc
732 5395 958 5468 pulchre
977 5393 1326 5467 quadraverit
1348 5394 1405 5448 in
1426 5408 1551 5448 eum
1574 5391 1666 5463 qui
1689 5390 1756 5444 ad
1786 5404 1984 5444 nomen
2006 5386 2167 5445 Chri-

594 5490 664 5545 sti
694 5487 1061 5545 conliteudum
1089 5497 1213 5542 ante
1250 5502 1407 5559 reges
1435 5494 1489 5541 et
1526 5484 1787 5557 praesides
1816 5482 2054 5538 ducitur.
2096 5478 2167 5534 Et

593 5581 888 5637 meditabar
920 5582 975 5636 in
1006 5578 1269 5636 mandatis
1309 5579 1435 5645 tuis,
1466 5593 1582 5648 quae
1608 5575 1775 5631 dilexi
1794 5573 1962 5631 valde.
2006 5571 2070 5628 Et
2096 5572 2169 5629 fe-

668 5763 713 5797 ”
743 5760 902 5818 losn.
942 5780 1026 5828 xv,
1061 5762 1113 5818 ι.

2191 535 2293 590 xal
2336 533 2583 606 φυλάξω
2608 535 2795 593 αὑτὸν
2829 536 2900 591 ἐν
2925 535 3039 605 ὅλῃ
3068 537 3280 607 καρδίᾳ
3319 556 3460 609 μου.
3505 537 3768 592 Βούλεται

2191 626 2539 699 ὲξερευνῆσαι
2566 626 2657 680 τὸν
2696 627 2858 700 νόμον
2884 628 2978 683 τοῦ
3011 627 3147 682 Θεοῦ
3172 630 3200 683 ὁ
3232 631 3515 703 προφήτης
3542 629 3769 684 smara—

2195 735 2372 790 μενος,
2399 718 2488 772 ὅτι
2511 717 2611 772 οὐκ
2640 717 2754 772 ἔστι
2779 720 2956 792 σαφὴς
2981 720 3075 773 καὶ
3101 721 3590 795 εὐκαταφρόνητος.
3636 724 3771 775 Συν-

2194 809 2369 864 έτισόν
2386 826 2454 882 με
2469 810 2666 874 τοίνυν,
2679 809 2767 865 ἴνα
2780 811 2996 882 ζητήσω
3010 811 3170 865 αὐτὸν
3187 812 3326 885 μετά
3339 814 3435 884 τῆς
3450 813 3772 887 πρεπούσης

2194 901 2422 974 ἐρεύνης
2446 903 2542 956 καὶ
2564 901 2906 970 ἐπιστασίας,
2926 902 3002 968 ὡς
3031 903 3091 969 ἐξ
3115 904 3277 958 αὑτοῦ
3300 905 3480 959 λαϐεῖν
3503 906 3611 960 τῶν
3631 923 3780 977 πρα-

2195 994 2367 1050 κτέων
2394 994 2487 1049 καὶ
2509 993 2798 1068 θεωρητῶν
2820 993 2918 1067 τὴν
2940 995 3134 1067 χρῆσιν
3160 997 3252 1051 καῖ
3279 998 3599 1070 κατάληψινο
3631 997 3783 1051 οὕτω

2196 1086 2306 1159 γὰρ
2336 1086 2636 1159 δυνήσομαι
2668 1085 2898 1157 φυλάξαι
2947 1088 3109 1143 αὐτὸν
3141 1090 3199 1141 ἐν
3243 1089 3338 1161 ὅλῃ
3384 1090 3577 1163 καρδίᾳ
3617 1091 3779 1143 ἀνενο

2197 1178 2462 1244 δοιάστως
2478 1178 2627 1250 αὐτῷ
2653 1180 3107 1252 προσερχόμενος.
3143 1181 3205 1234 Et
3234 1180 3290 1234 δὲ
3312 1181 3578 1246 συνέσεως
3603 1180 3783 1235 δεῖται

2199 1270 2287 1323 ἶνα
2314 1270 2469 1341 μόνον
2496 1272 2763 1344 ὲρευνήσῃ
2792 1272 2883 1326 τὸν
2907 1272 3091 1343 νόμον,
3122 1271 3264 1337 τινος
3292 1272 3483 1339 δεῖται,
3508 1273 3787 1337 συνέσεως

2200 1360 2307 1414 ἀπὸ
2331 1360 2471 1415 Θεοῦ
2489 1361 2789 1435 διδομένης,
2816 1363 2902 1417 ἵνα
2932 1363 3064 1436 εὕρῃ
3091 1364 3152 1417 τὸ
3174 1363 3359 1430 τέλος;

2287 1535 2615 1607 Ὀδήγησόν
2648 1553 2725 1606 με
2768 1536 2839 1591 ἐν
2877 1534 2954 1606 τῇ
2994 1536 3167 1604 τρίϐῳ
3208 1534 3326 1590 τῶν
3348 1535 3611 1590 ἐντολῶν
3638 1553 3789 1599 σου,

2206 1629 2295 1683 ὅτι
2324 1628 2519 1698 αὐτὴν
2537 1626 2829 1697 ἠθέλησα.
2881 1629 2998 1682 Ἵνα
3026 1627 3158 1701 εἴπῃ
3188 1628 3279 1682 τὸν
3310 1629 3490 1699 νδμον,
3533 1628 3654 1699 ἤτοι
3684 1628 3795 1699 τὴν

2206 1722 2409 1794 τρίϐον·
2463 1720 2579 1774 ἐστι
2617 1720 2726 1793 γὰρ
2752 1720 2979 1775 ἐντολῶν
3010 1719 3215 1793 τρεϐος.
3245 1720 3443 1793 Τρίδος
3469 1720 3527 1774 δὲ
3570 1719 3794 1788 λέγεται

2210 1816 2244 1887 ή
2274 1813 2606 1887 τετριμμένη
2639 1813 2775 1878 ὁδὸς,
2799 1814 2865 1884 ἣν
2897 1813 3080 1868 πολλοὶ
3104 1813 3210 1885 πρὸ
3231 1813 3383 1884 ἡμῶν
3413 1812 3797 1885 ἐπορεύθησαν

2211 1905 2318 1959 τῶν
2350 1905 2592 1959 δικαίων.
2637 1905 2762 1960 Ἐἀν
2795 1905 2851 1959 δέ
2877 1923 2960 1969 τις
2991 1906 3064 1978 μὴ
3089 1905 3269 1978 ὁδηγῷ
3295 1908 3563 1977 χρήσηται
3603 1905 3687 1975 τῷ
3715 1906 3800 1958 δι-

2213 1998 2370 2070 καίῳ,
2400 1998 2460 2051 οὐ
2487 1997 2706 2053 δύναται
2733 1998 2945 2053 ὁδεῦσαι
2974 1982 3115 2052 κατά
3145 2000 3243 2062 τάς
3272 1999 3490 2061 smn;
3512 1997 3607 2050 τοῦ
3631 1996 3774 2051 Θεοῦ

2213 2089 2450 2162 Χριστοῦ
2477 2090 2584 2163 γὰρ
2609 2092 2753 2162 ἡμᾶς
2785 2090 2866 2144 δεῖ
2909 2090 3147 2160 γίνεσθαι
3187 2091 3450 2164 μιμητὰς,
3493 2090 3585 2144 καὶ
3613 2088 3801 2161 αἴρειν

2213 2182 2304 2236 τὸν
2329 2182 2578 2254 σταυρὸν,
2614 2183 2706 2236 καὶ⁵
2735 2182 3045 2237 ἀκολουθεῖν
3072 2183 3247 2239 ὀπίσω
3286 2182 3450 2237 αὐτοῦ

2287 2273 2511 2329 Κλῒνον
2538 2272 2654 2343 τὴν
2693 2273 2946 2343 καρδίαν
2967 2292 3086 2345 μου
3123 2277 3212 2340 εὶς
3248 2274 3319 2328 τὰ
3335 2271 3627 2344 μαρτύριά
3653 2289 3802 2335 σου,

2219 2363 2318 2419 καὶ
2359 2364 2446 2435 μὴ
2493 2366 2582 2430 εὶς
2621 2365 3004 2431 πλεονεξίαν.
3052 2367 3467 2435 Ἀπόστρεψον
3507 2364 3650 2431 τοὺς
3694 2365 3809 2433 οεο-

2220 2459 2486 2528 θαλμούς
2504 2476 2625 2528 μου
2653 2458 2759 2513 τοῦ
2779 2457 2865 2529 μὴ
2899 2457 3045 2513 ἰδεῖν
3066 2461 3450 2529 ματαιότηταο
3487 2458 3557 2511 ἐν
3576 2455 3657 2525 τῇ
3684 2454 3811 2520 όδῷ

2222 2565 2338 2604 σου
2377 2548 2562 2619 ζῆσόν
2595 2567 2692 2620 με.
2743 2550 2984 2620 Στῆσον
3020 2548 3099 2616 τῷ
3127 2549 3326 2621 δούλῳ
3352 2564 3469 2605 σου
3497 2547 3567 2602 τὸ
3594 2548 3812 2615 Ida-uir

2223 2656 2339 2695 σου
2375 2642 2464 2708 εις
2500 2640 2608 2708 τὸν
2644 2642 2833 2718 φᾴὸον
2862 2655 3000 2697 σου.
3043 2643 3288 2712 Περιελε
3322 2640 3431 2695 τὸν
3461 2640 3815 2709 ὀνειδισμόν

2219 2749 2338 2803 μου
2366 2729 2438 2787 ὃν
2464 2729 2849 2797 ὑπώπτευσα,
2880 2733 2971 2787 ὅτι
3000 2732 3073 2787 τὰ
3108 2732 3360 2803 κρίματά
3398 2747 3517 2787 σου
3546 2728 3793 2801 χρηστά

2238 2821 2383 2877 Ἰδοὺ
2412 2821 2761 2894 ἐπεθύμησα
2783 2825 2890 2891 τὰς
2919 2824 3170 2891 ἐντολάς
3194 2839 3332 2889 σου,
3366 2824 3438 2879 ἐν
3472 2823 3550 2892 τῇ
3584 2822 3815 2877 6m-

2228 2912 2392 2982 σύνῃ
2446 2916 2568 2969 σου
2624 2913 2807 2985 ζῆσόν
2837 2933 2933 2986 με.
2990 2916 3175 2970 Πάντα
3233 2917 3324 2970 ἐπὶ
3360 2917 3460 2970 τὸν
3508 2914 3642 2969 Θεον
3678 2915 3818 2966 ἀνα-

2231 3004 2482 3077 φέρουσιν
2511 3006 2559 3059 oi
2590 3006 2756 3076 ἀγιοι,
2798 3006 3133 3071 διδάσκοντες
3172 3009 3339 3079 ἡμᾶς,
3372 3007 3456 3060 ὅτι
3481 3008 3650 3079 χωρὶς
3676 3001 3819 3059 Θεοῦ

2155 3140 2198 3201 C
2230 3099 2380 3201 οὐδὲν
2395 3098 2690 3201 δυᾳνάμεθα.
2727 3098 2993 3201 Ἐὰν-’γὰρ
3124 3099 3194 3153 ἐν
3217 3098 3369 3169 ἐμοὶ,
3395 3098 3820 3201 φησὶ,“ιιένητε,

2231 3188 2412 3246 οὐδὲν
2435 3189 2700 3244 δύνασθε
2722 3187 2935 3243 ποιεῖν.
2972 3187 3111 3243 Ἀλλ’
3130 3190 3259 3253 ἴσως
3282 3206 3365 3252 τις
3387 3189 3523 3260 ἐρεῖ*
3547 3188 3612 3241 Ei
3640 3186 3824 3241 πάντα

2233 3278 2562 3351 ἀναφέρεται
2590 3279 2683 3332 ἐπὶ
2708 3278 2799 3332 τὸν
2829 3278 2983 3346 Θεὸν,
3014 3277 3120 3333 ποῦ
3144 3279 3206 3332 τὸ
3229 3280 3315 3332 ἐπ’
3344 3279 3500 3350 ὲμοὶ;
3540 3279 3602 3332 Et
3628 3279 3687 3332 es
3715 3278 3821 3350 μὴ,

2234 3369 2508 3441 πανταχοῦ
2547 3369 2810 3438 ὲπέπλεξε
2861 3374 2974 3436 τοῖς
3015 3371 3124 3425 ἀπὸ
3156 3370 3250 3425 τοῦ
3279 3370 3416 3425 Θεοῦ
3451 3370 3526 3424 τά
3547 3371 3633 3441 ἐφ’
3659 3373 3821 3443 ἡμῖν.

2247 3460 2380 3514 Ἀπὸ
2417 3461 2511 3515 τοῦ
2557 3461 2692 3516 Θεοῦ
2735 3462 2816 3516 τόο
2866 3462 3289 3533 Νομοθέτησόν
3314 3481 3411 3533 με,
3456 3464 3657 3532 Κύριε,
3701 3462 3827 3531 τὴν

2237 3552 2381 3607 όδὸν
2405 3551 2523 3608 τῶν
2549 3553 2959 3624 δικαιωμάτων
2986 3570 3122 3610 σου·
3154 3555 3216 3609 τὸ
3242 3556 3286 3609 δ’
3313 3557 3395 3624 ἐφ’
3422 3554 3693 3626 ἡμῖνΚιιὶ
3713 3554 3824 3607 ἐκ·

2237 3643 2468 3714 ζητήσω
2503 3645 2699 3716 αὐτὴν
2740 3648 3083 3715 διαπαντός.
3129 3648 3263 3701 Ἀπὸ
3293 3646 3420 3701 Θεοῦ
3453 3643 3587 3703 αξτῶ
3620 3644 3815 3699 πάλιν·

2240 3735 2573 3793 Συνέτισόν
2608 3754 2706 3808 με,
2744 3738 2844 3792 καὶ
2877 3738 3255 3807 ἐξερευνήσω
3290 3737 3393 3792 τὸν
3440 3737 3628 3806 νόμον
3667 3751 3827 3793 σου.

2240 3829 2314 3882 Τὸ
2343 3828 2388 3882 δ’
2422 3828 2510 3883 ἐπ’
2538 3829 2680 3900 ἐμοί’
2712 3829 2822 3884 Καὶ
2857 3829 3106 3899 φυλάξω
3133 3830 3319 3885 αὐτὸν
3344 3829 3413 3883 ἐν
3436 3828 3550 3899 ὅλῃ
3578 3827 3826 3899 καρδίᾳ.

2241 3920 2355 3973 Καὶ
2385 3920 2567 3991 τρίτον
2597 3920 2705 3974 ἀπὸ
2731 3920 2866 3975 Θεοῦ
2900 3922 3036 3976 αἰτῶ
3061 3921 3254 3991 λέγων’
3300 3920 3631 3990 Ὁδήτησόν
3648 3935 3724 3988 με
3755 3920 3834 3972 ἐν

2241 4011 2417 4080 τρίϐῳ
2454 4011 2572 4065 τῶν
2602 4012 2865 4067 ἐντολῶν
2901 4028 3038 4068 σοιν
3066 4014 3120 4067 τί
3152 4012 3212 4067 τὸ
3239 4012 3326 4066 ἐπ’
3369 4011 3691 4083 ὲμοί;,’οτι
3716 4011 3831 4063 αὐ-

2244 4101 2349 4155 τὸν
2374 4100 2663 4171 ἠθέλησα·
2711 4102 2869 4173 δῆλον
2897 4102 2953 4156 δὲ
3009 4104 3093 4158 ὅτι
3121 4104 3211 4157 τὸν
3239 4102 3500 4175 ἀνωτέρω
3540 4099 3834 4172 εἰρημένον

2244 4192 2427 4263 νόμον,
2450 4192 2592 4247 ὥστε
2614 4192 2854 4265 αἰτῶμεν
2871 4193 2941 4248 τά
2962 4195 3070 4248 ἀπὸ
3096 4193 3230 4248 Θεοῦ
3252 4191 3652 4265 προσγενέσθαι
3671 4192 3832 4262 ἡμῖν,

2246 4280 2702 4355 ἐπαγγελλόμενοι
2735 4284 2828 4336 καὶ
2872 4283 2943 4336 τά
2978 4283 3064 4353 ἐφ’
3103 4284 3233 4355 ἡμῖν
3259 4284 3355 4338 καὶ
3385 4282 3833 4353 μὴφευδόμενοι.

2247 4372 2335 4426 ἴνα
2366 4372 2441 4446 μὴ
2472 4373 2572 4437 τὰς
2599 4372 2734 4445 πρὸς
2767 4373 2898 4427 Θεὸν
2929 4373 3209 4444 ἀΘετῶμεν
3236 4373 3527 4447 συνθήκας.

2327 4566 2437 4620 Kal
2468 4564 2634 4620 ἔλθοι
2662 4566 2754 4620 ἐπ’
2799 4567 2906 4637 ἐμὲ
2936 4568 2999 4622 τὸ
3032 4567 3207 4634 ἔλεός
3228 4568 3596 4635 σου,,Κύριε,
3621 4564 3687 4617 τὸ
3720 4572 3837 4623 aut

2258 4658 2458 4727 τήριόν
2480 4673 2596 4713 σου
2617 4658 2767 4714 κατὰ
2793 4659 2899 4714 τὸν
2920 4662 3109 4730 λόγον
3130 4677 3268 4714 σου.
3296 4659 3405 4715 Kal
3435 4655 3837 4725 ἀποκριθήσο-

2252 4768 2359 4821 μαι
2398 4750 2522 4819 τοῖς
2560 4750 2914 4812 ὀνειδίζουσί
2942 4770 3041 4821 μοι
3086 4752 3290 4822 λόγον,
3330 4750 3420 4804 ὅτι
3462 4748 3699 4818 ἤλπισα
3736 4744 3839 4799 ἐπι

2257 4843 2380 4911 τοῖς
2410 4845 2612 4914 λόγοις
2650 4858 2786 4901 σου.
2827 4845 2940 4899 Kal
2960 4844 3046 4915 μὴ
3076 4842 3358 4914 περιέλῃς
3377 4843 3447 4897 ἐκ
3480 4841 3586 4896 τοῦ
3609 4840 3835 4909 στόματ

2258 4939 2361 5006 τός
2387 4956 2506 5008 μου
2533 4939 2719 5008 λόγον
2746 4938 3031 5006 ἀληθείας
3056 4937 3166 5004 ἕως
3193 4937 3448 5008 σφόδρα,
3471 4935 3562 4989 ὅτι
3586 4934 3686 4988 ἐπὶ
3712 4931 3839 4998 τοῖς

2260 5030 2504 5103 κρίμασι
2523 5045 2640 5085 σου
2650 5028 2985 5098 ἐπήλπισα.
3004 5030 3116 5085 Kal
3133 5028 3385 5098 φυλάξω
3399 5028 3505 5081 τὸν
3514 5026 3705 5096 νόμον
3718 5040 3840 5079 σου

2261 5118 2585 5186 διαπαντὸς
2596 5122 2684 5186 εὶς
2703 5116 2810 5173 τὸν
2824 5116 3009 5172 αἰῶνα
3024 5118 3121 5172 καὶ
3141 5119 3229 5183 εὶς
3248 5114 3355 5170 τὸν
3368 5113 3555 5172 αἰῶνα
3573 5111 3685 5166 τοῦ
3697 5108 3839 5165 αἰῶ-

2262 5230 2387 5279 νος.
2404 5211 2513 5268 Kal
2527 5209 2975 5280 exopevdjmrér
2990 5206 3448 5279 πλατυσμῷ,,ὅτι
3462 5209 3568 5273 τὰς
3583 5199 3843 5266 ἐντολάς

2264 5320 2380 5360 σου
2415 5300 2764 5369 ἐξεζήτησα.
2805 5300 2917 5356 Kal
2949 5299 3212 5356 ἐλάλουν
3239 5301 3310 5354 ἐν
3343 5296 3470 5365 τοῖς
3492 5295 3841 5367 μαρτυρίοις

2265 5410 2381 5451 σου
2428 5393 2704 5449 ἐναντίον
2759 5392 3088 5458 βασιλέων,
3148 5390 3247 5447 καὶ
3299 5391 3411 5446 οὐκ
3456 5387 3841 5458 ᾐσχυνόμην.

2267 5485 2577 5558 Χαριέντως
2606 5484 2865 5557 ἁρμόσειε
2896 5483 3052 5539 τοῦτο
3085 5483 3162 5554 τῷ
3196 5483 3287 5536 ἐπὶ
3316 5481 3587 5554 ἡγεμόνας
3620 5476 3715 5533 καὶ
3749 5476 3848 5545 βσ-

2273 5576 2434 5641 σιλεῖς
2462 5576 2709 5647 ἀγομένῳ
2744 5574 2927 5630 ἕνεκεν
2965 5574 3058 5630 τοῦ
3082 5574 3342 5645 ὀνόματος
3364 5570 3598 5643 Χριστοῦ
3631 5585 3851 5644 μαρτυ-
