4044 6212
372 358 543 445 137s
884 326 920 365 '
1034 324 1039 333 ’

1492 365 1998 423 COMMENTABIA
2026 368 2096 424 ΙΝ
2134 369 2474 426 PSALMOS.

3476 368 3616 427 ιιι-ιι

375 482 508 552 ρεζν.
535 480 642 535 Kal
663 480 957 550 ἐμελέτων
981 482 1051 537 ἐν
1069 482 1197 550 ταῖς
1221 482 1496 551 ἐντολαῖς
1518 501 1656 551 σου,
1685 482 1782 555 αῖς
1806 485 1947 558 ἠτά-

2053 490 2169 543 υαινὶ
2194 506 2379 543 manus
2403 488 2473 544 ad
2510 488 2767 543 mandata
2796 497 2885 542 tua
2909 505 3024 559 qute
3052 488 3236 553 dilexi,
3269 498 3319 544 et
3340 491 3618 547 exercebar

372 588 541 642 πησα
557 573 807 643 σφόδρα.
852 575 962 628 Kal
992 570 1108 646 ᾗρα
1135 576 1243 642 τὰς
1264 575 1465 646 χεῖρας
1484 577 1631 646 πρὸς
1653 578 1761 645 τὰς
1777 578 1945 634 ἐντο-

372 663 490 732 λάς
520 678 656 730 σου,
689 665 763 730 ἀς
792 665 1095 737 ἠγάπησα,
1144 667 1243 722 καὶ
1285 667 1672 739 ἠδολέσχουν
1716 671 1786 724 ἑν
1821 670 1945 738 τοῖς

373 753 722 833 δικαιώμασί
747 772 881 811 σου.
916 752 1082 829 1rAput
1102 760 1290 831 χεῖρας
1321 758 1458 829 πρὸς
1490 759 1708 825 ἐντολάς
1739 764 1856 816 ὲστι
1884 762 1944 816 τὸ

375 838 558 903 πᾶσαν
585 849 782 921 πρᾶξιν
806 850 941 921 πρὸς
966 849 1181 914 ἐντολὰς
1206 850 1351 914 Θείας
1377 851 1754 925 ἁρμοζομένην
1783 853 1947 926 ἐργά-

379 939 580 1007 ζεσθαι.
604 940 809 994 Οὐκοῦν
830 942 1086 1013 ἑκάτερον
1111 942 1250 1013 μὲνὸ
1270 942 1572 1014 Ψαλμῳδὸς
1598 945 1774 1016 ἑαυτῷ
1804 962 1944 1017 μαρ-

376 1032 548 1102 ωρείι
604 1031 738 1102 ὁμοῦ
792 1031 846 1084 δὲ
892 1034 1023 1104 ἡμῖν
1074 1030 1354 1103 νομοθετεί
1401 1036 1520 1097 ταῖς
1567 1034 1806 1099 ἐντολαῖς
1849 1035 1943 1089 τοῦ

370 1117 508 1172 Θεοῦ
548 1122 803 1193 παρέχειν
827 1123 926 1194 τὴν
964 1121 1314 1192 κατόρθωσιν,
1351 1124 1609 1196 παρέχειν
1641 1126 1696 1178 δὲ
1726 1126 1817 1179 καὶ
1846 1126 1945 1198 τὴν

376 1209 467 1264 ini
502 1212 635 1266 πολὺ
683 1214 912 1285 μελέτην
954 1217 1047 1270 καὶ
1082 1216 1331 1289 θεωρίαν·
1370 1216 1512 1269 οὕτω
1555 1216 1663 1290 γὰρ
1703 1218 1855 1272 αὐτοί
1885 1236 1945 1272 τε

371 1302 666 1372 κατορθοῦν
695 1306 1099 1379 ἀκριϐέστερον,
1126 1307 1218 1361 καὶ
1249 1309 1373 1372 τοὺς
1407 1308 1597 1372 ἄλλους
1627 1308 1840 1379 ἐνάγειν
1867 1312 1946 1375 είς

371 1394 706 1465 κατόρθωσιν
733 1396 945 1466 ἕξομεν.
1682 1406 1699 1425 ⁸

443 1486 755 1555 Μνήσθητι
806 1487 923 1543 τῶν
963 1491 1161 1559 λόγων
1207 1507 1324 1545 σου
1364 1489 1445 1557 τῷ
1488 1492 1687 1560 δούλῳ
1725 1506 1863 1557 σου,
1899 1483 1950 1559 ᾧ

370 1577 715 1646 ἐπήλπισάς
744 1597 839 1649 με.
876 1581 1034 1650 Αὕτη
1077 1598 1154 1651 με
1178 1582 1593 1661 παρεκάλεσεν
1614 1584 1684 1637 ἐν
1720 1583 1796 1653 τῇ
1841 1600 1945 1638 τα-

370 1667 647 1723 πεινώσει
678 1688 819 1739 μου,
844 1671 931 1727 ὅτι
953 1672 1021 1727 τὸ
1046 1674 1253 1744 λόγιόν
1278 1690 1396 1730 σου
1414 1674 1587 1743 ἐζησέ
1603 1692 1700 1745 με.
1745 1676 1948 1745 ’Υπερ-

371 1758 591 1829 ήφανοι
618 1766 1010 1834 παρηνόμουν
1035 1765 1145 1830 ἓως
1177 1766 1430 1835 σφόδρα,
1470 1765 1588 1822 ἀπὸ
1615 1766 1683 1819 δὲ
1706 1766 1815 1820 τοῦ
1847 1768 1947 1832 rd-

2046 580 2103 632 in
2125 579 2597 649 justi/icationibus
2628 578 2753 634 tuis.
2780 577 2984 635 Levare
3014 594 3211 635 manus
3243 578 3311 634 ad
3336 580 3614 646 mandata,

2046 679 2132 727 est
2165 686 2380 727 onmem
2404 671 2673 726 actionem
2698 670 2765 727 ad
2785 670 2968 726 divina
2990 670 3246 726 mandata
3279 679 3615 743 spectantem

2047 763 2225 819 edere.
2251 762 2554 836 Utrumque
2576 764 2741 836 igitur
2762 765 2833 820 de
2855 780 2914 820 se
2935 764 3224 821 Psalmista
3250 766 3573 822 testificatur
3597 788 3612 822 :

2048 864 2211 925 atque
2240 870 2348 911 una
2380 857 2539 913 nobis
2574 857 2823 927 praecipit
2859 864 2920 911 ut
2957 857 3212 912 mandata
3242 856 3335 914 Dei
3368 857 3618 928 perﬁcia-

2048 962 2171 1003 mus
2193 963 2214 1014 ;-
2260 948 2392 1019 quin
2426 949 2589 1004 etiam
2634 956 2695 1005 ut
2733 950 3025 1021 plurimum
3086 949 3178 1004 illa
3204 950 3527 1006 meditemur
3562 960 3618 1007 et

2048 1039 2514 1109 contemplemur;
2545 1040 2620 1095 ita
2664 1042 2808 1097 enim
2851 1038 2905 1095 id
2933 1040 3320 1103 obtmebimus,
3352 1051 3411 1096 ut
3435 1050 3488 1096 et
3515 1043 3616 1111 ipsi

2049 1131 2360 1187 accuratius
2389 1146 2774 1203 exsequamur,
2798 1140 2855 1188 et
2872 1132 2993 1188 aliis
3010 1132 3345 1204 exsequendi
3362 1140 3617 1189 auctores

2049 1235 2241 1277 almus.

2117 1478 2283 1536 Vens.
2317 1481 2519 1540 49-51.
2556 1481 2760 1538 Memor
2788 1493 2898 1538 esto
2928 1483 3201 1538 verborum
3228 1494 3443 1539 tuorum
3471 1502 3615 1540 servo

2048 1580 2156 1637 tuo,
2185 1573 2240 1626 in
2267 1591 2369 1642 quo
2400 1574 2527 1628 mihi
2551 1591 2692 1643 spem
2716 1575 2927 1651 dedisti.
2964 1577 3092 1632 Htec
3128 1594 3206 1632 me
3234 1578 3509 1631 consolata
3536 1588 3615 1633 est

2046 1665 2103 1718 in
2138 1664 2435 1721 humilitate
2463 1683 2600 1731 mea,
2648 1667 2771 1737 quia
2826 1668 3090 1739 eloquium
3144 1678 3290 1722 tuum
3335 1670 3616 1739 viviﬁcavit

2046 1774 2147 1812 me.
2191 1757 2413 1827 Superbi
2460 1760 2638 1829 inique
2673 1760 2896 1830 agebant
2936 1777 3096 1831 usque
3125 1761 3294 1827 valde,
3326 1780 3359 1816 a
3388 1764 3494 1833 lege
3524 1780 3617 1816 au-

364 1866 485 1919 μου
511 1865 628 1906 σου
668 1830 778 1908 ob;
821 1830 1117 1918 ἐξέκλινα.
1161 1830 1279 1911 Τῶν
1307 1830 1629 1929 ἑτεροδόξων
1657 1830 1944 1924 ἀλαζονευ-

2049 1854 2149 1902 tem
2173 1856 2263 1901 tua
2287 1865 2390 1903 non
2412 1848 2685 1903 declinavi.
2721 1848 2856 1903 Cum
2885 1830 3198 1905 heterodosi
3223 1830 3456 1922 superbe
3483 1867 3615 1905 con-

370 1940 581 2012 ομένων
621 1944 760 1997 κατὰ
799 1944 892 2000 τοῦ
941 1946 1103 2016 νόμου
1128 1946 1204 2018 τῷ
1250 1947 1553 2003 διαϐάλλειν
1587 1949 1746 2003 αὑτὸν
1769 1990 1784 2016 ,
1833 1948 1945 2019 ἐγὼ

372 2032 575 2106 σφόδρα
598 2035 695 2105 τῆς
741 2034 983 2109 φυλακῆς
1015 2038 1176 2091 αὑτοῦ
1224 2041 1603 2113 πριειχόμην,
1642 2041 1778 2113 μηδὲ
1824 2043 1944 2096 κατ’

366 2123 543 2194 ὀλίγον
571 2126 826 2198 κλονῆσαι
851 2129 949 2201 τὴν
977 2130 1112 2201 πρὸς
1134 2131 1296 2185 αὐτὸν
1332 2133 1727 2201 συγκατάθεσιν
1757 2135 1946 2205 ἀνεχό-

370 2231 553 2288 μενος.
597 2218 936 2288 Ἐμνήσθην
968 2219 1086 2274 τῶν
1122 2222 1418 2292 κριμάτων
1442 2240 1558 2277 οόυ
1582 2225 1683 2278 ἀπ’
1708 2224 1941 2291 αἰῶνος,

366 2309 565 2376 Κύριε,
588 2310 685 2365 καὶ
707 2311 1112 2381 παρεκλήθην.
1165 2314 1407 2383 Ἀθυμία
1442 2314 1701 2384 κατέσχε
1722 2332 1798 2384 με
1826 2316 1944 2370 ἀπὸ

368 2398 727 2467 ἁμαρτωλῶν
770 2400 888 2454 τῶν
931 2402 1574 2472 ἑγκαταλιμπίανόντων
1616 2406 1724 2460 τὸν
1758 2406 1945 2476 νόμον

368 2506 513 2553 σου,
545 2493 751 2546 arma
772 2489 936 2563 ἦσάν
950 2512 1051 2563 μοι
1078 2495 1150 2549 τὰ
1177 2494 1533 2565 δικαιώματά
1552 2509 1671 2552 σου
1697 2498 1767 2552 ἐν
1785 2502 1948 2568 τόπῳ

369 2581 679 2649 παροικίας
711 2600 852 2655 μου,
896 2584 1243 2654 Ἐμνήσθην
1279 2587 1349 2641 ἐν
1392 2588 1565 2642 νυκτὶ
1596 2589 1703 2644 τοῦ
1735 2590 1948 2660 ὀνόμα-

368 2669 472 2735 τός
492 2685 629 2735 σου,
660 2671 854 2740 Κύριε,
888 2674 986 2728 καὶ
1020 2675 1294 2744 ἐφύλαξα
1324 2675 1431 2730 τὸν
1452 2680 1642 2748 νόμον
1670 2695 1806 2736 σου.
1833 2681 1949 2736 Αὔ-

367 2772 441 2827 τη
462 2758 715 2829 ἐγενήθη
731 2779 851 2830 μοι,
876 2763 963 2817 ὅτι
991 2765 1062 2818 τὰ
1086 2763 1437 2836 δικαιώματὰ
1461 2781 1577 2823 σου
1599 2768 1945 2840 ἑξεζήτησα.

438 2852 622 2919 Μερίς
638 2869 757 2920 μου
784 2849 857 2916 εἷ,
888 2855 1061 2922 Κύριε
1078 2872 1092 2886 ο
1133 2852 1272 2911 εἶπα
1300 2858 1685 2927 φυλάξασθαι
1714 2860 1821 2914 τὸν
1848 2863 1947 2917 νό-

362 2956 485 3008 μον
507 2955 642 2994 σου.
679 2941 737 2994 ’0
766 2943 1173 3015 ἀποταξάμενος
1197 2949 1311 3012 τοῖς
1338 2947 1611 3018 βιωτικοῖς
1633 2950 1944 3023 πράγμασι,

371 3034 466 3088 καὶ
497 3030 765 3106 μηδεμίαν
793 3034 932 3107 ἔχων
959 3038 1151 3109 μερίδα
1175 3040 1267 3094 ἐπὶ
1289 3039 1414 3111 γῆς,
1448 3040 1571 3112 μηδ’
1587 3042 1645 3095 ἐν
1669 3041 1748 3113 τῷ
1772 3042 1946 3099 θέλειν

368 3123 698 3231 τὰτοιαῦτα,
722 3127 836 3181 ἀλλ’
868 3129 1205 3201 ἀρκούμενος
1232 3131 1354 3185 ἀντὶ
1387 3132 1603 3187 πάντων
1630 3132 1708 3204 τῷ
1734 3134 1945 3208 Κυρίῳ,
1974 3171 2017 3231 C

371 3217 488 3288 ὲρεῐ
509 3233 523 3248 ο
548 3219 731 3286 Μερίς
743 3238 862 3289 μου
880 3223 1117 3291 Κύριος.
1144 3221 1330 3295 Τούτῳ
1356 3224 1414 3278 δὲ
1439 3224 1720 3280 ἀκολουθεῖ
1739 3226 1946 3296 λέγειν·

377 3303 532 3364 Εἷπα
577 3310 962 3379 φυλάξασθαι
1009 3314 1118 3367 τὸν
1159 3315 1349 3385 νόμον
1392 3331 1529 3381 σου,
1582 3318 1827 3373 τουτέστι
1858 3318 1949 3373 τδν

372 3402 760 3471 πνευματικὸν,
821 3405 947 3476 περὶ
993 3400 1054 3460 οὗ
1109 3407 1140 3460 ὁ
1192 3406 1403 3472 Παῦλος
1443 3408 1633 3477 λέγει·
1695 3408 1951 3479 Οἴδαμεν

372 3488 462 3543 ὅτι
482 3495 878 3562 πνευματικός
900 3496 1032 3550 ἐστι
1063 3498 1265 3567 νόμος,
1296 3498 1389 3552 καὶ
1414 3498 1484 3551 τὰ
1508 3499 1655 3569 ἑξῆς.
1688 3499 1812 3563 Πῶς
1840 3499 1950 3573 γὰρ

369 3581 431 3634 οὐ
465 3582 758 3651 φυλάξουσι
796 3586 887 3640 τὸν
918 3587 1082 3660 νόμον
1114 3587 1146 3660 ἦ
1176 3588 1277 3654 τὰς
1301 3589 1521 3653 ἐντολὰς
1543 3589 1637 3643 τοῦ
1661 3592 1866 3664 Κυρίου
1897 3591 1950 3645 οἱ

373 3674 566 3747 μερίδα
602 3677 763 3730 αὐτὸν
792 3677 1003 3749 ἔχοντες
1037 3680 1181 3735 κατὰ
1211 3680 1339 3746 τοὺς
1363 3682 1619 3747 Λευῖτας,
1662 3677 1743 3747 οἷς
1768 3683 1950 3755 διηγό-

373 3782 559 3836 ρευται
616 3769 780 3841 μηδὲν
832 3771 1126 3843 κεκτῆσθαι
1176 3771 1318 3826 κατὰ
1367 3772 1459 3827 τὸν
1489 3772 1637 3844 βίον;
1684 3772 1949 3829 Λέλεκται

373 3859 483 3929 γάρ
503 3875 515 3887 ·
541 3859 669 3927 Τοῖς
690 3863 961 3930 Λευΐταις
984 3863 1084 3916 καὶ
1102 3863 1223 3931 τοῖς
1243 3864 1509 3933 ἱερεῦσιν
1530 3864 1683 3932 υἱοῖς
1711 3864 1958 3935 Ἀαρὼν,’

372 3948 486 4002 οὐκ
526 3948 655 4003 ἔστι
703 3951 890 4019 μερὶς,
919 3953 1062 4007 οὐδὲ
1101 3956 1467 4025 κληρονομία
1506 3956 1577 4010 ἐν
1634 3958 1758 4024 τοῖς
1795 3957 1951 4025 υἱοῖς

385 4039 652 4110 Ἰσραὴλ,
683 4039 830 4094 διότι
856 4044 1065 4111 Κύριος
1087 4043 1257 4113 μερὶς
1291 4045 1509 4100 αὐτῶν.

455 4128 738 4198 Ἐδεήθην
777 4132 884 4186 τοῦ
938 4135 1261 4201 προσώπου
1314 4152 1432 4192 σου
1471 4137 1542 4191 ἐν
1578 4138 1690 4207 ὅλῃ
1736 4139 1948 4208 καρδίᾳ

365 4241 486 4295 μου
505 4241 518 4255 ·
552 4223 815 4293 ἐλέησόν
846 4242 922 4294 με
944 4227 1095 4281 κατὰ
1117 4227 1183 4282 τὸ
1212 4230 1424 4300 λόγιόν
1447 4246 1585 4285 σου.
1608 4232 1946 4302 Διελογισά-

365 4334 492 4388 μην
522 4315 630 4384 τὰς
678 4316 857 4384 ὁδούς
884 4332 1019 4382 σου,
1074 4319 1172 4381 καί
1197 4320 1538 4391 ἐπέστρεψα
1586 4322 1728 4389 τοὺς
1757 4322 1946 4389 πόδας

364 4426 489 4478 μου
512 4411 600 4474 εἰς
640 4407 714 4462 τὰ
742 4409 1034 4479 μαρτύριά
1072 4425 1209 4465 σου.
1251 4414 1667 4484 Ἠτοιμάσθην,
1708 4415 1808 4469 καὶ
1834 4418 1946 4470 οὐκ

2045 1947 2130 1994 tra
2163 1940 2335 2010 legem
2369 1950 2611 2011 agerent,
2646 1947 2706 1994 ut
2757 1953 2878 1996 eam
2923 1939 3292 2005 traducerent,
3347 1957 3448 2010 ego
3496 1940 3616 2009 ejus

2044 2032 2411 2088 observationi
2461 2031 3182 2107 admodummttendebam,
3239 2048 3419 2088 meum
3486 2049 3614 2103 erga

2046 2125 2192 2179 illam
2220 2123 2469 2179 allectum
2502 2139 2573 2180 ne
2614 2124 2898 2178 minimum
2945 2124 3165 2194 quidem
3214 2124 3454 2179 titubare
3487 2140 3613 2195 per-

2043 2218 2405 2272 mittens.'-—
2453 2214 2617 2271 Vens.
2651 2216 2864 2272 52-56.
2913 2216 3117 2272 Memor
3167 2217 3251 2287 fui
3291 2217 3615 2288 iudiciorum

2047 2319 2257 2363 tuorum
2291 2327 2323 2361 a
2352 2309 2567 2371 swculo,
2597 2310 2839 2373 Domine,
2877 2321 2926 2363 et
2956 2310 3261 2364 consolatus
3288 2326 3424 2364 sum.
3462 2309 3615 2379 Defe-

2044 2400 2146 2454 ctio
2180 2400 2344 2454 tenuit
2391 2415 2469 2452 me
2506 2415 2601 2468 pro
2628 2399 2985 2467 peccatoribus
3017 2400 3493 2470 derelinquentibus
3542 2404 3615 2454 le-

2044 2508 2157 2563 gem
2193 2501 2357 2545 tuam.
2393 2490 2693 2545 Cantabiles
2726 2491 2851 2544 mihi
2883 2499 3036 2545 erant
3067 2491 3478 2561 justiﬁcaliones
3511 2501 3614 2546 tlte

2044 2584 2099 2637 in
2126 2583 2239 2637 loco
2261 2582 2695 2652 peregrinationis
2725 2597 2871 2637 mete.
2892 2582 3096 2636 Memor
3126 2583 3206 2651 fui
3222 2591 3371 2636 nocte
3385 2584 3612 2636 nominis

2048 2676 2143 2738 tui,
2177 2674 2421 2739 Domine,
2453 2684 2500 2729 et
2539 2674 2796 2728 custodioi
2830 2674 2992 2745 legem
3018 2684 3182 2729 tuam.
3226 2673 3353 2729 Haec
3371 2675 3514 2743 facta
3536 2687 3644 2728 est.

2045 2767 2196 2831 mihi,
2234 2770 2359 2837 quia
2382 2766 2794 2837 justificationes
2826 2777 2944 2821 tuas
2972 2766 3250 2837 exquisivi.

2116 2857 2282 2913 Vens.
2328 2858 2418 2913 5'1.
2458 2859 2647 2914 Portio
2702 2875 2819 2914 mea
2856 2876 2933 2926 es,
2975 2858 3194 2914 Domine
3231 2859 3396 2913 :dixi
3433 2868 3607 2913 custo-

2046 2948 2162 3004 dire
2186 2949 2349 3021 legem
2369 2959 2538 3010 tuam.
2578 2951 2681 3018 Qui
2706 2951 3063 3006 saecularibus
3092 2950 3256 3020 hujus
3296 2951 3420 3006 vita
3452 2952 3615 3006 rebus

2047 3041 2348 3106 renuntiat,
2390 3041 2707 3111 nullamque
2771 3042 2825 3095 in
2884 3049 3031 3095 terra
3081 3043 3384 3111 portionem
3430 3041 3612 3104 habet,

2047 3149 2226 3206 neque
2255 3149 2348 3191 res
2377 3133 2689 3191 istiusmodi
2718 3133 3081 3203 concupiscit,
3119 3134 3211 3189 sed
3238 3132 3468 3186 Domino
3497 3133 3617 3188 vice

2048 3228 2289 3283 omnium
2321 3233 2612 3283 contentus
2637 3236 2741 3289 est,
2772 3225 2916 3281 dicet
2942 3243 2955 3280 :
2989 3224 3174 3278 Portio
3200 3242 3315 3278 mea
3340 3223 3612 3280 Dominus.

2047 3316 2188 3374 Huic
2219 3325 2400 3373 autem
2431 3317 2694 3388 competit
2724 3316 2906 3371 dicere
2943 3332 2956 3367 :
2989 3314 3118 3369 Dixi
3146 3314 3422 3368 custodire
3452 3315 3616 3385 legem

2048 3419 2215 3476 tuam,
2248 3409 2457 3464 scilicet
2481 3408 2842 3478 spiritualem,
2883 3407 2951 3461 de
2972 3421 3080 3476 qua
3119 3405 3323 3462 Paulus
3345 3405 3466 3459 ait:
3500 3403 3620 3460 Sci—

2045 3517 2163 3555 mus
2215 3500 2355 3554 enim
2408 3499 2548 3570 quod
2604 3499 2688 3553 lea:
2749 3496 3049 3568 spiritualis
3104 3506 3183 3551 est
3214 3498 3281 3561 ¹¹,
3309 3503 3365 3550 et
3398 3502 3615 3551 caetera.

2046 3589 2331 3659 Quomodo
2358 3591 2504 3647 enim
2538 3591 2710 3660 legem
2735 3598 2788 3645 et
2814 3597 3080 3659 praecepta
3126 3586 3341 3643 Domini
3375 3601 3485 3642 non
3516 3601 3617 3639 cu-

2047 3683 2305 3751 stodient,
2341 3683 2434 3753 qui
2468 3682 2622 3736 illum
2654 3681 2707 3735 in
2750 3680 3055 3750 portionem
3088 3680 3315 3745 habent,
3350 3678 3617 3751 quemad-

2045 3774 2267 3830 modum
2313 3781 2369 3830 et
2402 3771 2626 3838 Levites,
2658 3770 2861 3842 quibus
2893 3772 3124 3828 vetitum
3172 3779 3255 3826 est
3306 3768 3508 3842 aliquid
3561 3769 3617 3823 in

2045 3868 2157 3924 vita
2180 3866 2502 3939 possidere?
2527 3864 2662 3920 Nam
2694 3864 2901 3919 dictum
2954 3870 3039 3918 est
3067 3881 3082 3917 :
3137 3862 3327 3917 Levitis
3357 3872 3407 3916 et
3441 3876 3616 3915 sacer-

2047 3960 2258 4016 dotibus
2289 3960 2420 4031 ﬁliis
2449 3960 2632 4014 Aaron
2662 3974 2765 4013 non
2785 3966 2863 4012 est
2902 3973 3027 4027 pars
3058 3973 3218 4027 neque
3251 3953 3532 4010 hwreditas
3561 3955 3615 4010 in

2047 4051 2177 4120 ﬁliis
2214 4049 2408 4111 Israel.
2431 4050 2558 4120 quia
2590 4049 2849 4105 Dominus
2879 4063 3004 4118 pars
3032 4064 3212 4102 eorum
3233 4048 3298 4102 ".

2114 4142 2286 4198 Vsus.
2318 4142 2501 4197 58-65.
2557 4141 2879 4211 Deprecatus
2938 4157 3056 4195 sum
3103 4140 3295 4209 faciem
3351 4149 3498 4193 tuam
3558 4139 3616 4192 iu

2048 4247 2155 4291 toto
2210 4238 2364 4290 corde
2413 4252 2524 4290 meo
2563 4251 2582 4290 :
2607 4236 2855 4289 miserere
2888 4235 2989 4288 mei
3021 4233 3303 4287 secundum
3353 4231 3613 4302 eloquium

2047 4339 2213 4381 tuum.
2252 4326 2491 4396 Cogitavi
2520 4325 2630 4379 vias
2679 4335 2821 4385 tuas,
2848 4334 2899 4378 et
2949 4324 3179 4378 converti
3209 4321 3362 4391 pedes
3393 4338 3533 4375 meos
3562 4322 3615 4375 in

2049 4419 2346 4475 testimonia
2378 4427 2491 4473 tua.
2522 4416 2758 4471 Paratus
2793 4432 2931 4477 sum,
2962 4424 3014 4469 et
3052 4431 3157 4468 non
3190 4429 3307 4468 sum
3353 4411 3615 4479 turbatus,

370 4500 707 4569 ἐταράχθην
753 4501 860 4556 τοῦ
904 4501 1287 4571 φυλάξασθαι
1336 4506 1441 4572 τὰς
1489 4505 1742 4574 ἐντολάς
1801 4523 1938 4563 σου.

2048 4521 2102 4564 ut
2128 4510 2425 4564 custodiam
2458 4506 2711 4562 mandata
2745 4516 2858 4561 tua.
2918 4503 3094 4558 Funes
3133 4512 3465 4572 peccatorum
3509 4502 3618 4555 cir-

372 4592 618 4659 Σχοινία
640 4592 1003 4661 ἁμαρτωλῶν
1033 4595 1525 4664 περιεπλάκησάν
1548 4615 1671 4668 μοι,
1702 4597 1803 4651 καὶ
1833 4597 1939 4651 τοῦ
1984 4597 1987 4601 ’

370 4684 558 4752 νόμου
580 4699 696 4737 σου
711 4687 821 4738 οὐκ
838 4684 1237 4755 ἐπελαθόμην.
1262 4688 1671 4744 Μεσονύκτιον
1693 4691 1802 4743 οὐκ
1820 4685 1938 4759 (sic)

369 4775 750 4845 ἐξετειρόμην
775 4776 883 4831 τοῦ
909 4775 1399 4847 ἐξομολογεῖσθαι
1440 4793 1539 4831 σοι
1578 4780 1677 4833 ἐπὶ
1710 4779 1784 4834 τὰ
1815 4778 1940 4849 κρί-

365 4883 524 4935 ματα
571 4865 683 4935 τῆς
736 4866 1128 4936 δικαιοσύνης
1167 4883 1301 4923 σου.
1368 4869 1633 4939 Μέτοχος
1675 4870 1790 4941 ἐγώ
1824 4873 1941 4941 εἰμι

371 4957 611 5012 πάντων
647 4958 769 5013 ’τῶν
822 4961 1209 5031 φοϐουμένων
1243 4976 1337 5026 σε,
1390 4962 1488 5017 καί
1539 4962 1658 5016 τῶν
1704 4968 1941 5033 φυλασ-

370 5050 603 5104 σόντων
652 5052 758 5119 τὰς
809 5052 1062 5120 ἐντολάς
1103 5069 1241 5110 σου.
1314 5052 1424 5108 Τοῦ
1472 5054 1682 5120 ἐλέους
1725 5057 1942 5124 Κιιρίου

310 5150 317 5157 ·
370 5139 608 5209 πλήρης
635 5143 672 5211 ἡ
712 5141 809 5213 γῆ,
869 5143 940 5198 τὰ
992 5141 1352 5214 δικαιώματὰ
1400 5159 1521 5198 σου
1566 5143 1813 5209 δίδαεόν
1841 5162 1938 5214 με.

269 5272 277 5281 .
382 5230 507 5284 Ἐὰν
537 5234 875 5306 κατανοήσῃς
903 5235 964 5288 τὸ
999 5235 1201 5308 πλῆθος
1221 5234 1330 5288 τῶν
1359 5235 1802 5306 ἁμαρτανόντων,
1833 5236 1941 5313 τῶν

369 5322 727 5388 ἀσεϐούντων,
759 5325 866 5379 τῶν
914 5327 1126 5381 ἀδικίαν
1156 5329 1235 5390 είς
1281 5325 1454 5396 ’Υψος
1504 5325 1823 5393 λαλούντων,
1851 5328 1946 5381 καὶ

370 5412 487 5485 ἴδῃς
532 5414 627 5467 τοῦ
661 5415 812 5469 ’Θεοῦ
868 5418 964 5489 τὴν
1022 5416 1401 5489 μακροθυμίαν
1455 5417 1547 5471 ἐπὶ
1596 5416 1666 5471 τὰ
1706 5418 1942 5472 τοσαῦτα

370 5506 760 5579 ἁμαρτήματα,
790 5509 908 5573 πῶς
936 5511 1029 5563 καὶ
1061 5510 1199 5581 μετὰ
1228 5509 1467 5566 τοσαῦτα
1511 5509 1688 5565 πάντα
1717 5508 1941 5563 ἀνατέλ-

368 5597 453 5654 λει
489 5599 581 5655 τὸν
610 5600 761 5672 ἥλιον
792 5602 956 5657 αὑτοῦ
983 5604 1075 5658 ἐπὶ
1108 5606 1374 5678 πονηροὺς
1432 5604 1524 5659 καὶ
1562 5602 1818 5672 ἀγαθοὺς,
1849 5604 1944 5657 καὶ

446 5754 489 5793 ⁸⁸
530 5752 695 5812 Rom.
723 5770 826 5824 vn,
860 5756 947 5811 Μ.
1027 5758 1068 5789 ¹¹
1107 5756 1263 5814 Num.
1305 5773 1467 5824 xvut.
1499 5755 1588 5813 2d.

2047 4590 2311 4668 cumplexi
2331 4610 2453 4653 sunt
2482 4615 2581 4660 me,
2638 4609 2687 4652 et
2737 4597 2898 4668 legem
2938 4605 3082 4650 tuam
3120 4612 3224 4650 non
3252 4610 3368 4648 sum
3397 4593 3612 4648 oblitus.

2049 4688 2229 4744 Media
2260 4700 2405 4744 nocte
2435 4689 2707 4760 surgebam
2741 4687 2810 4740 ad
2836 4685 3189 4756 conﬁtendum
3225 4684 3321 4738 tibi
3342 4699 3499 4754 super
3519 4683 3615 4753 ju-
3726 4720 3735 4729 .

2047 4780 2188 4834 dicia
2217 4780 2452 4850 justitia:
2494 4791 2617 4834 tum.
2656 4779 2925 4848 Particeps
2972 4793 3062 4847 ego
3114 4793 3231 4830 sum
3276 4775 3509 4829 omnium
3546 4776 3616 4828 ti-

2048 4874 2301 4928 mentium
2334 4883 2382 4928 te
2412 4881 2462 4927 et
2490 4872 2895 4927 custodientium
2947 4869 3200 4924 mandata
3239 4878 3350 4922 tua.
3413 4865 3617 4922 Miseri.

2049 4962 2232 5019 cordia
2261 4962 2474 5018 Domini
2527 4963 2682 5031 plena
2703 4970 2781 5016 est
2827 4970 3010 5023 terra;
3033 4958 3453 5030 justiﬁcationes
3496 4966 3614 5010 tuas

2048 5052 2176 5107 doce
2204 5070 2302 5107 me.
2341 5051 2399 5107 Si
2444 5050 2878 5107 consideraveris
2928 5048 3332 5104 multitudinem
3383 5060 3615 5116 peccan-

2050 5146 2210 5211 tium,
2258 5144 2423 5215 impie
2472 5144 2771 5215 agentium,
2814 5151 2870 5199 et
2911 5142 3249 5213 iniquitatem
3289 5146 3479 5195 contra
3510 5137 3616 5191 Ex—

2050 5239 2255 5293 celsum
2285 5238 2644 5308 loquentium,
2674 5235 2877 5307 Deique
2906 5235 2959 5289 in
2998 5242 3076 5289 tot
3112 5235 3352 5304 peccatis
3377 5231 3616 5285 toleran-

2051 5331 2183 5384 tiam
2211 5330 2587 5401 perpenderis,
2621 5330 2894 5400 quomodo
2921 5329 3084 5383 etiam
3114 5334 3238 5397 post
3281 5323 3395 5377 haec
3428 5320 3613 5376 omnia

2050 5419 2182 5474 oriri
2221 5418 2387 5473 faciat
2432 5419 2602 5475 solem
2639 5435 2797 5475 suum
2838 5433 3003 5488 super
3032 5416 3203 5470 malos
3233 5419 3287 5468 et
3331 5412 3526 5470 bonos.
3558 5420 3614 5465 ct

2048 5510 2197 5581 pluat
2227 5524 2391 5580 super
2416 5509 2594 5581 iustos
2613 5517 2668 5565 et
2699 5509 2932 5578 iujustos
2951 5507 3015 5570 “,
3034 5505 3216 5558 dices:
3238 5499 3611 5555 Misericordia

2048 5602 2263 5658 Domini
2296 5604 2448 5672 plena
2479 5613 2554 5660 est
2586 5613 2747 5659 terra.
2778 5598 3189 5670 justiﬁcatienes
3218 5604 3337 5649 tuas
3359 5597 3486 5649 doce
3508 5607 3605 5647 me.

1671 5757 1711 5787 η
1754 5754 1941 5825 Matth.
1977 5772 2027 5817 ν.
2063 5754 2154 5811 ts.
