4044 6212
477 371 618 431 1375

1178 372 1446 431 EUSEBII
1481 373 1956 434 CESARIENSIS
1977 373 2125 432 OPP.
2161 372 2339 429 PARS
2375 372 2464 430 Ill.
2490 403 2562 415 —
2598 369 3004 427 EXEGETICA.
3044 344 3054 361 ⁸
3166 353 3203 390 ⁸

3582 365 3725 424 1576

482 494 666 566 βρέχει
708 495 803 549 ἐπὶ
826 495 1064 561 δικαίους
1090 496 1186 552 καὶ
1210 497 1449 564 ἀδίκους,
1491 500 1634 568 ὲρεῖς
1653 516 1665 529 ·
1709 497 1818 553 Τοῦ
1847 496 2057 563 ἐλέους
2102 496 2322 567 Κιιοίου
2357 497 2592 565 πλήρης
2631 495 2670 563 ἡ
2725 491 2826 564 γῆ,
2862 492 2935 547 τὰ
2997 489 3353 561 δικαιώματὰ
3398 505 3514 544 σου
3554 487 3727 542 δίδα-

481 586 593 653 ξόν
608 604 704 657 με.

554 677 720 737 Vens.
747 678 839 745 65,
872 680 962 738 66.
1021 681 1321 739 Bonitatem
1376 684 1549 755 fecisti
1597 702 1716 741 cum
1751 700 1897 740 servo
1937 695 2038 744 tuo.

2223 673 2607 744 Χρηστότητα
2650 672 2944 740 ἐποίησας
2989 670 3140 741 μετὰ
3177 670 3284 725 τοῦ
3333 670 3556 727 δούλου
3581 689 3729 745 σου,

480 771 727 837 Domine,
750 774 1037 828 scentulum
1058 773 1268 830 verbum
1294 786 1463 836 tuum.
1494 777 1793 834 Bonitatem
1818 791 1867 834 et
1886 777 2049 834 ἀξιοί-

479 861 681 929 plinam
705 871 757 916 et
773 863 1049 919 scientiam
1077 863 1205 921 doce
1226 883 1326 933 me,
1351 869 1477 938 quia
1509 869 1777 926 mandatis
1802 872 1905 926 tuis
1936 888 2050 926 cre-

479 949 618 1005 aidi.
648 949 756 1007 Pro
798 952 890 1008 illo
922 972 936 1008 :
972 952 1274 1012 Bonitatem
1303 958 1497 1028 fecisti,
1539 958 1898 1033 Symmachus
1934 962 2051 1018 edi-

480 1040 601 1096 dit:
639 1041 952 1113 Benefecisti
1006 1062 1153 1102 servo
1181 1055 1291 1103 tuo.
1344 1047 1582 1105 Docetur
1628 1059 1806 1107 autem
1839 1051 1922 1118 is,
1953 1053 2047 1124 qui

482 1132 686 1189 divinis
714 1135 1001 1195 institutus
1029 1146 1136 1206 est,
1172 1156 1244 1197 ne
1280 1143 1529 1213 ingratus
1563 1144 1635 1201 sit
1665 1160 1765 1214 pro
1785 1146 2049 1204 beneﬁcio

480 1239 579 1295 per
610 1223 780 1282 Deum
817 1229 920 1285 sibi
948 1231 1186 1301 collato;
1247 1235 1342 1291 sed
1391 1238 1548 1299 sciat,
1582 1237 1827 1295 bonitate
1860 1239 1954 1297 Dei
1977 1241 2048 1296 ad

481 1330 542 1372 se
574 1318 945 1386 perveniente,
970 1337 1030 1377 se
1061 1322 1284 1394 dignum
1333 1326 1579 1382 habitum
1615 1327 1786 1386 fuisse
1815 1330 1908 1401 qui
1934 1346 2045 1386 ser-

478 1422 582 1463 vus
604 1407 697 1464 Dei
730 1422 1037 1482 vocaretur,
1072 1418 1374 1473 secundum
1396 1419 1618 1474 verbum
1649 1420 1770 1491 ejus
1803 1421 1924 1478 talis
1967 1420 2050 1478 ef-

478 1496 678 1556 fectus.

433 1583 454 1631 ἔ
553 1588 721 1647 Vens.
753 1591 842 1649 67.
895 1593 1218 1667 Priusquam
1290 1601 1626 1669 humiliarer,
1683 1620 1776 1674 ego
1827 1604 2044 1676 deliqui,

478 1691 755 1751 propterea
780 1685 1042 1756 eloquium
1066 1699 1213 1745 tuum
1254 1694 1534 1749 custodiri.
1560 1693 1790 1767 Propter
1835 1699 2043 1769 priora,

481 1774 682 1847 inquit,
722 1792 945 1848 peccata
976 1798 1099 1853 qua:
1127 1784 1481 1851 admiseram,
1506 1788 1761 1855 traditus,
1794 1791 2048 1847 humilia-

480 1875 569 1921 tus
598 1881 743 1932 sum,
771 1868 979 1942 Deique
998 1872 1209 1943 judicio
1234 1875 1287 1930 id
1320 1892 1441 1932 sum
1480 1894 1794 1949 perpessus.
1840 1882 2031 1948 Quam-

479 1959 668 2017 obrem
714 1960 1018 2034 disciplina:
1072 1968 1326 2035 traditus,
1357 1970 1664 2028 doctrinam
1710 1976 1949 2045 postulo,
1982 1982 2043 2031 ut

2149 768 2348 835 Κύριε,
2370 763 2523 819 κατὰ
2546 762 2653 818 τὸν
2675 764 2860 834 λόγον
2882 778 3021 818 σου.
3051 762 3432 831 Χρηστότητα
3459 764 3557 819 καὶ
3584 779 3728 818 παι-

2148 857 2318 912 δείαν
2356 853 2455 910 καί
2499 853 2727 926 γνῶσιν
2753 853 3002 919 δίδαξόν
3040 870 3137 924 με,
3171 853 3261 908 ὅτι
3298 854 3427 917 ταῖς
3449 856 3732 924 ἐντολαῖς

2148 964 2263 1004 σου
2282 947 2633 1002 ἐπίστευσα.
2669 947 2812 1000 Ἀντὶ
2854 945 2977 999 τοῖν
3007 947 3389 1015 Χρηστότητα
3406 948 3729 1015 ἐποίησας,

2148 1037 2558 1108 εὐηργέτησας
2590 1036 2698 1091 τὸν
2728 1034 2954 1091 δοῦλόν
2982 1052 3120 1099 σου,
3144 1036 3401 1103 ἐξέδωκεν
3426 1040 3453 1090 ὁ
3488 1037 3731 1109 Σύμμα-

2149 1150 2260 1205 χος.
2312 1129 2634 1185 Διδάσκεται
2689 1128 2746 1182 δὲ
2797 1131 2827 1183 ὁ
2870 1128 2940 1182 τὰ
2977 1128 3095 1181 θεῖα
3154 1128 3580 1200 πεπαιδευμένος
3650 1129 3731 1200 μὴ

2149 1223 2489 1295 ἀναισθήτως
2549 1221 2691 1293 ἔχειν
2727 1220 2829 1292 τῆς
2876 1221 2958 1284 είς
3010 1219 3170 1274 αὐτὸν
3219 1220 3581 1291 γεγενημένος
3624 1224 3732 1278 τοῦ

2147 1315 2283 1370 Θεοῦ
2313 1311 2658 1386 εὐεργεσίας·
2708 1311 2905 1386 εἰδέναι
2930 1309 3005 1375 δὲ,
3042 1311 3144 1373 ὅτι,
3193 1314 3554 1384 χρηστότητος
3580 1315 3731 1369 Θεοῦ

2150 1378 2562 1479 φθανούσηςνείς
2591 1403 2772 1469 αὐτὸν,
2809 1378 3142 1474 κατηξίωται
3176 1378 3360 1468 deuio;
3388 1378 3730 1476 χρηματίσαι

2104 1541 2108 1545 .
2148 1494 2305 1559 Θεοῦ,
2328 1494 2470 1550 κατὰ
2500 1494 2589 1549 τὸν
2616 1493 2773 1562 λόγον
2802 1493 2963 1547 αὐτοῦ
2988 1493 3297 1565 γενόμενος.

2218 1585 2339 1654 Πρὸ
2369 1583 2478 1640 τοῦ
2513 1583 2945 1654 ταπεινωθῆναι
2992 1584 3106 1653 ἐγὼ
3134 1584 3592 1655 ἐπλημμέλησα,
3627 1587 3735 1643 διὰ

2149 1677 2324 1733 τοῦτο
2356 1676 2423 1732 τὸ
2459 1678 2665 1749 λόγιόν
2695 1693 2811 1732 σου
2841 1677 3133 1747 ἐφύλαξα.
3169 1678 3267 1731 Διὰ
3304 1679 3401 1742 τὰς
3433 1681 3733 1752 προτέρας,

2148 1769 2302 1840 φησι,
2335 1768 2671 1840 πραχθείσας
2696 1769 2966 1842 ἁμαρτίας
2992 1770 3311 1841 παραδοθεὶς
3333 1771 3731 1844 ὲταπεινώθην,

2150 1851 2329 1932 κρίσει
2361 1857 2497 1913 Θεοῦ
2530 1857 2704 1913 ταῦτα
2736 1858 2941 1913 παθών.
2974 1852 3048 1913 OB
3076 1858 3141 1931 δὴ
3168 1859 3261 1913 καὶ
3308 1859 3467 1931 χάριν
3505 1862 3733 1932 παιδείᾳ

2150 1950 2495 2023 παραδοθεὶς,
2527 1950 2716 2013 δέομαι
2745 1952 3110 2016 διδασκαλίας,
3140 1952 3216 2016 ὡς
3249 1953 3314 2007 ἄν
3338 1952 3449 2021 γνῶ
3467 1953 3549 2007 ὅτι
3568 1956 3603 2024 ἠ
3631 1971 3732 2008 τα·

478 2066 808 2122 cognoscam
833 2055 975 2111 bane
1008 2057 1462 2128 humiliationem,
1499 2080 1620 2133 quae
1652 2044 1785 2119 mihi
1826 2068 2038 2133 accidit,

2149 2044 2405 2109 πείνωσις
2440 2045 2473 2115 ἡ
2504 2044 2766 2117 γενομένη
2806 2062 2894 2117 μοι
2923 2044 3062 2099 κατὰ
3096 2044 3437 2117 χρηστότητα
3472 2046 3568 2098 καὶ
3599 2063 3730 2099 παι-

479 2156 549 2195 et
572 2140 816 2199 bonitate
849 2155 904 2199 et
931 2145 1223 2219 disciplina
1257 2152 1507 2208 evenisse
1541 2154 1695 2211 mihi.

551 2230 717 2289 Vitas.
749 2233 839 2292 68.
873 2235 1136 2309 Benignus
1164 2258 1217 2296 es
1242 2252 1319 2307 tu,
1347 2242 1585 2312 Domine,
1612 2257 1663 2302 et
1705 2249 1759 2303 in
1817 2248 2049 2306 bonitate

480 2329 573 2376 tua
601 2322 728 2381 doce
769 2341 851 2381 me
863 2327 1276 2399 justi/icationes
1310 2342 1450 2388 tuas.
1505 2333 1655 2406 Opus
1698 2337 1836 2407 justi
1867 2348 1971 2406 est,
1992 2341 2046 2394 in

478 2414 737 2471 omnibus
760 2434 882 2488 quae
939 2422 1219 2487 accidunt,
1256 2425 1514 2482 alacriter
1545 2444 1604 2483 se
1644 2429 1867 2495 habere,
1899 2433 2047 2501 quod

476 2502 594 2559 haec
621 2520 653 2559 a
678 2504 1024 2567 Providentia
1047 2513 1452 2585 dispensentur,
1478 2526 1642 2590 atque
1664 2522 1745 2580 vel
1763 2523 2048 2579 acerbiora

475 2592 726 2652 hilariter
752 2600 1075 2672 accipiendo
1099 2603 1210 2661 Deo
1228 2606 1410 2664 dicere
1434 2627 1448 2663 :
1482 2609 1746 2682 Benignus
1770 2629 1825 2668 es
1848 2621 1902 2666 tu
1920 2630 1938 2677 ;
1956 2623 2043 2670 et:

474 2687 793 2745 Benedicam
814 2692 1040 2751 Domino
1063 2698 1119 2751 in
1157 2699 1300 2753 omni
1332 2707 1577 2771 tempore,
1608 2705 1663 2759 in
1696 2704 1800 2761 hoc
1833 2720 2047 2775 semper

474 2786 760 2857 pr0posito
791 2788 1115 2847 insistendo.
1138 2790 1242 2848 Pro
1269 2794 1362 2848 illo
1387 2813 1399 2848 :
1422 2795 1687 2867 Benignus
1713 2815 1768 2852 es
1808 2808 1885 2865 tu,
1916 2800 2045 2855 reli-

475 2889 597 2947 quae
627 2875 897 2934 editiones
930 2898 943 2933 :
964 2879 1145 2934 Bonus
1174 2897 1229 2936 es
1252 2891 1330 2947 tu,
1356 2883 1726 2955 interpretata:
1748 2896 1896 2943 sunt.
1916 2886 2044 2945 Scio

475 2961 689 3031 utique,
720 2962 818 3027 ait,
854 2980 1033 3036 neque
1063 2968 1254 3025 dubito
1288 2969 1356 3027 de
1399 2981 1597 3029 natura
1623 2985 1733 3042 tua,
1771 2980 1916 3049 quod
1958 2980 2037 3035 ni-

474 3052 676 3107 mirum
732 3052 851 3124 ipsa
906 3055 1121 3115 bonitas
1168 3060 1275 3127 sit;
1313 3061 1410 3118 sed
1463 3067 1683 3135 postulo
1738 3068 2043 3126 doctrinam

467 3142 926 3214 justillcationum
985 3157 1227 3218 tuarum,
1273 3168 1382 3224 qua
1422 3166 1516 3211 'me
1578 3158 1794 3215 institui
1857 3176 2038 3232 rogo:

472 3250 600 3291 nam
631 3237 882 3295 doctrina
920 3257 1075 3314 egeo,
1108 3252 1166 3299 ut
1213 3262 1497 3305 sermones
1531 3250 1599 3306 de
1642 3254 1894 3323 superbis
1949 3270 2044 3309 co-

469 3342 755 3399 gnoscam.

543 3487 712 3546 Vens.
746 3491 836 3547 69.
874 3491 1236 3564 Multiptieata
1258 3505 1337 3551 est
1366 3514 1522 3567 super
1554 3515 1636 3553 me
1664 3500 1917 3571 iniquitas
1949 3518 2033 3556 su-

469 3579 787 3650 perborum;
815 3598 907 3653 ego
935 3594 1107 3637 autem
1144 3586 1199 3639 in
1251 3594 1360 3641 toto
1415 3587 1571 3642 corde
1622 3605 1733 3643 meo
1764 3591 2040 3644 scrutabor

471 3672 729 3728 mandata
764 3683 877 3730 tua.
906 3674 1121 3741 Quanto
1155 3677 1357 3747 iustior
1382 3679 1655 3750 quispiam
1680 3689 1786 3748 est,
1825 3680 2041 3753 Deoque

469 3765 646 3838 magis
694 3765 953 3833 adlmret,
987 3784 1052 3824 ac
1098 3770 1154 3825 in
1203 3786 1269 3827 eo
1308 3787 1415 3843 pax
1467 3772 1563 3828 Dei
1606 3774 2039 3846 multiplicatur;

470 3863 624 3913 tanto
657 3861 828 3932 magis
859 3861 913 3916 in
935 3877 1022 3929 eo,
1053 3871 1240 3934 utpote
1268 3867 1632 3936 prmstantiori
1669 3868 1894 3936 athleta,
1927 3870 2011 3924 vir

470 3954 563 4004 tus
604 3953 894 4019 accrescit,
960 3954 1249 4025 plusquam
1301 3956 1663 4026 superborum
1720 3957 1899 4028 ipsum
1945 3959 2037 4013 la:-

470 4040 603 4097 dere
632 4042 965 4113 volentium;
995 4046 1111 4100 sive
1138 4046 1577 4103 adversariarum
1608 4049 1894 4112 virtutum,
1925 4052 2039 4107 sive

472 4132 778 4188 hominum.
814 4132 928 4189 Hoc
984 4146 1165 4191 autem
1212 4146 1457 4208 peracto,
1507 4154 1578 4195 ne
1615 4140 1694 4195 vel
1752 4141 2036 4197 minimum

470 4226 689 4296 quidem
721 4228 1004 4285 remissior
1037 4230 1237 4298 evadit,
1271 4231 1565 4301 quominus
1630 4233 1685 4289 in
1734 4241 1849 4289 toto
1873 4235 2039 4292 corde

470 4326 750 4375 scrutetur
782 4321 1035 4376 mandata
1064 4319 1180 4386 Dei,
1212 4332 1271 4388 ut
1297 4324 1464 4380 faciat
1492 4342 1577 4383 ea.

538 4405 706 4462 Vsus.
739 4408 924 4464 70-72.
949 4409 1302 4483 Coagulatum
1322 4423 1401 4469 est
1432 4417 1570 4470 sicut
1588 4416 1671 4472 lac
1702 4435 1793 4473 cor
1823 4435 2036 4475 eorum:

467 4515 560 4570 ego
595 4516 712 4554 vero
743 4502 903 4572 legem
948 4514 1098 4558 tuam
1137 4506 1420 4563 meditatus
1472 4525 1612 4565 sum.
1653 4512 1860 4567 Bonum
1909 4515 2039 4569 mihi

465 4593 594 4662 quia
624 4592 921 4650 humiliasti
954 4613 1053 4661 me,
1088 4608 1146 4651 ut
1182 4597 1384 4654 discant
1430 4602 1842 4673 justiﬁcationes
1891 4615 2031 4662 tuas.

340 4743 352 4756 ο
467 4684 675 4741 Bonum
703 4687 836 4742 mihi
862 4689 946 4743 lex
968 4692 1074 4745 oris
1104 4694 1181 4747 tui
1204 4710 1358 4764 super
1375 4697 1545 4752 millia
1577 4699 1698 4754 auri
1727 4711 1778 4755 et
1808 4702 2030 4773 argenti.

2145 2135 2290 2189 δείαν
2314 2135 2546 2205 ἐγένετο.

2214 2226 2488 2296 Χρηστὸς
2528 2223 2589 2282 εἷ
2617 2226 2720 2291 σὺ,
2755 2226 2950 2297 Κύριε,
2985 2227 3082 2282 καί
3117 2227 3192 2298 τῇ
3222 2229 3576 2298 χρηστότητι
3599 2244 3723 2284 σου

2146 2317 2394 2385 δίδαξόν
2436 2336 2515 2391 με
2553 2319 2626 2375 τὰ
2673 2319 3030 2392 δικαιώματὰ
3081 2337 3219 2377 σου.
3284 2324 3505 2377 Δικαίου
3562 2324 3728 2397 ἔργον

2144 2411 2315 2477 ἐστὶν,
2332 2412 2425 2465 ἐπὶ
2440 2414 2574 2466 πᾶσι
2598 2414 2710 2478 τοῖς
2740 2413 3123 2486 συμϐαίνουσιν
3146 2415 3605 2488 εὐαρεστούμενσν
3630 2419 3728 2472 καὶ

2148 2502 2660 2577 κατακληρούμενον
2689 2506 2797 2560 ἀπὸ
2825 2507 2922 2579 τῆς
2957 2508 3240 2580 Προνοίας.
3269 2510 3467 2583 ἱλαρῶς
3499 2511 3728 2583 δεχημέο

2145 2609 2236 2646 νου
2258 2593 2453 2664 λέγειν,
2472 2596 2565 2648 καὶ
2584 2596 2675 2649 ἐπὶ
2695 2599 2803 2660 τοῖς
2816 2599 3154 2671 πικροτέροις
3170 2596 3306 2656 εἶναι
3326 2603 3725 2675 νομιζομένοις,

2145 2684 2226 2756 τῷ
2249 2684 2368 2758 Θεῷ
2394 2686 2455 2738 τό
2471 2703 2483 2716 ·
2524 2686 2797 2756 Χριστὸς
2817 2684 2876 2743 εἷ
2899 2689 3001 2754 σὺ,
3033 2692 3125 2744 καὶ
3148 2692 3208 2745 τό
3224 2710 3238 2722 ·
3262 2694 3597 2764 Εὐλοτήσω
3617 2695 3727 2749 τὸν

2146 2776 2367 2845 Κύριον
2421 2775 2492 2830 ἐν
2547 2776 2723 2831 παντί
2789 2778 2991 2847 καιρῷ,
3055 2780 3155 2851 τῆς
3220 2782 3388 2854 αὐτῆς
3466 2784 3726 2855 ἐχόμενον

2149 2867 2535 2939 προαιρέσεως.
2582 2868 2726 2922 Ἀντὶ
2755 2869 2871 2938 τοῦ,
2904 2873 3175 2940 Χρηστὸς
3198 2870 3255 2928 εἷ
3295 2875 3398 2938 σὺ,
3432 2878 3487 2929 αί
3534 2877 3723 2931 λοιπαὶ

2144 2957 2384 3022 ἐκδόσεις
2402 2975 2415 2988 ’
2447 2954 2678 3030 Ἀγαθός
2704 2956 2764 3015 εἷ
2780 2961 2884 3021 σὺ,
2910 2963 3279 3035 ήρμήνευσαν.
3299 2966 3432 3019 Οἶδα
3462 2968 3562 3038 μὲν
3598 2964 3718 3031 οὖν,

2144 3050 2301 3122 φησὶ,
2319 3050 2412 3104 καὶ
2433 3051 2533 3105 οὐκ
2568 3052 2894 3123 ἀμφιϐάλλω
2917 3056 3163 3127 περὶτῆς
3187 3058 3285 3128 σῆς
3310 3058 3524 3125 οὐσίας,
3552 3061 3720 3131 ὁτιδὴ

2144 3142 2480 3211 αὑτοάγαθον
2517 3144 2761 3215 πέφυκεν
2782 3160 2796 3174 ⁸
2822 3146 2957 3201 ἀλλὰ
2996 3148 3185 3220 δέομαι
3221 3150 3571 3217 διδασκαλίας
3612 3155 3721 3208 τῶν

2142 3231 2523 3305 δικαιωμάτων
2553 3252 2668 3300 σου,
2699 3236 2765 3308 ἢν
2798 3237 2933 3302 ἀξιῶ
2970 3237 3177 3305 διδάξαι
3235 3258 3333 3312 με·
3372 3241 3719 3309 διδασκαλίας

2143 3323 2252 3397 γάρ
2300 3341 2389 3396 μοι
2435 3325 2536 3389 δεῖν
2593 3328 2672 3391 εἰς
2715 3327 2778 3382 τὸ
2821 3328 3020 3397 γνῶναι
3061 3332 3186 3397 τοὺς
3233 3334 3361 3406 περὶ
3404 3333 3513 3388 τῶν
3554 3337 3715 3409 ὑπερ-

2070 3404 2112 3460 C
2143 3416 2367 3487 ηφάνων
2398 3416 2607 3486 λόγους.

2225 3508 2596 3579 Ἐπληθύνθη
2618 3511 2713 3565 ἐπ’
2755 3511 2861 3583 ἐμὲ
2902 3513 3103 3570 ἀδικία
3144 3516 3571 3587 ὑπερηφάνω·
3598 3518 3712 3590 ἐγὼ

2138 3597 2208 3653 δὲ
2232 3599 2302 3658 ἐν
2323 3600 2435 3671 ὅλῃ
2482 3603 2695 3673 καρδίᾳ
2721 3623 2840 3674 μου
2887 3605 3266 3677 ἑξερευνήσω
3311 3610 3415 3677 τὰς
3459 3611 3705 3676 ἐντολάς

2139 3705 2274 3748 σου.
2293 3693 2441 3765 ’Ὀσῳ
2459 3694 2665 3761 δίκαιός
2690 3697 2772 3762 τίς
2795 3699 2935 3764 ἐστι,
2953 3700 3374 3772 προστιθέμενος
3409 3702 3494 3756 ἐπὶ
3526 3701 3701 3755 πλεῖον

2140 3783 2217 3856 τῷ
2252 3783 2391 3856 Θεῷ,
2427 3787 2523 3841 καὶ
2545 3788 2872 3860 πληθύνεται
2900 3793 2958 3844 ἐν
2982 3792 3131 3864 αὐτῷ
3158 3795 3191 3865 ἡ
3218 3796 3404 3866 εἰρήνη
3429 3793 3522 3847 τοῦ
3546 3794 3706 3860 Θεοῦ,

2138 3876 2395 3948 τοσούτῳ,
2431 3877 2507 3941 ὡς
2541 3879 2633 3933 ἐπὶ
2690 3879 2928 3953 ἀθλητὴν
2967 3882 3190 3953 μείζονα
3250 3886 3335 3940 ἐπ’
3385 3886 3531 3959 αὐτῷ
3578 3888 3716 3961 πλη-

2139 3966 2376 4033 θύνεται,
2410 3969 2443 4041 ἢ
2473 3969 2581 4024 τῶν
2608 3971 2810 4026 ἀδικεῖν
2833 3974 2994 4029 αὑτὸν
3031 3975 3291 4030 θελόντων
3328 3978 3714 4051 ὑπερηφάνων,

2138 4059 2249 4112 εἴτε
2304 4060 2587 4132 δυνάμεων
2629 4063 3042 4136 ἀντικειμένων,
3077 4069 3185 4121 εἴτε
3218 4067 3542 4141 ἀνθρώπων.
3580 4070 3722 4125 Τού-

2137 4167 2231 4204 του
2259 4149 2315 4205 δὲ
2347 4152 2654 4224 γινομένου,
2687 4155 2807 4208 οὐδὲ
2839 4156 2981 4210 κατά
3018 4158 3081 4212 τὸ
3131 4160 3280 4214 ποιὸν
3321 4160 3594 4215 ἐνδίδωσιν
3619 4161 3719 4216 τοῦ

2141 4242 2215 4314 μὴ
2252 4244 2310 4299 ὲν
2348 4243 2444 4316 ὅλῃ
2475 4245 2673 4317 καρδίᾳ
2720 4246 3007 4321 ἐξερευνᾷν
3039 4249 3139 4315 τὰς
3167 4251 3386 4317 ἐντολὰς
3436 4253 3531 4307 τοῦ
3576 4254 3719 4309 Θεοῦ

2138 4335 2274 4405 πρὸς
2305 4337 2366 4389 τὸ
2402 4338 2494 4391 καὶ
2520 4338 2740 4408 ποιῆσαι
2764 4340 2951 4405 αὑτάς.

2220 4428 2513 4496 Ἐτυρώθη
2549 4431 2630 4496 ὡς
2667 4430 2823 4501 γάλα
2864 4435 2902 4503 ή
2951 4434 3161 4503 καρδία
3219 4435 3447 4491 αὐτῶν·
3485 4437 3605 4507 ἐγὼ
3651 4438 3725 4492 δὲ

2134 4518 2242 4572 τὸν
2266 4521 2452 4589 νόμον
2486 4536 2602 4576 σου
2638 4522 2990 4593 ἐμελέτησα.
3031 4526 3269 4598 Ἆγαθόν
3286 4546 3410 4597 μοι,
3458 4528 3548 4582 ὅτι
3574 4529 3723 4585 ἐτα-

2135 4608 2434 4677 πείνωσάς
2462 4627 2560 4679 με,
2601 4611 2760 4680 ὅπως
2797 4613 2874 4669 ἂν
2892 4615 3059 4684 μάθω
3090 4617 3160 4671 τὰ
3181 4617 3539 4688 δικαιώματά
3569 4637 3721 4676 σου.

2146 4695 2380 4766 Ἀγαθός
2404 4716 2507 4767 μοι
2534 4702 2568 4755 ό
2604 4702 2788 4771 νόμος
2819 4704 2925 4759 τοῦ
2958 4707 3254 4777 στόματός
3288 4723 3407 4763 σου
3433 4709 3585 4779 ὑπὲρ
3626 4732 3721 4783 χι-

463 4773 600 4855 ῌιιιη
647 4789 773 4834 ante
815 4782 1126 4851 superbiam
1166 4785 1407 4855 quidem,
1443 4788 1744 4847 incolumes
1777 4798 1831 4847 et
1866 4792 2032 4849 corde

2144 4789 2345 4856 λιιὶδας
2388 4793 2644 4860 χρυσίου
2686 4796 2783 4850 καί
2834 4773 3135 4868 ἀργυρίου.
3188 4773 3303 4873 Ιίρὸ
3335 4802 3436 4874 μὲν
3474 4773 3586 4878 γὰρ
3620 4773 3725 4878 ἐἰς

468 4867 714 4938 vigentes
766 4882 941 4939 erant,
973 4882 1155 4946 atque,
1194 4886 1253 4932 ut
1298 4878 1373 4933 ita
1415 4879 1615 4948 dicam,
1647 4882 1936 4953 potabiles,
1971 4893 2032 4940 ut

463 4961 631 5016 etiam
661 4963 789 5019 lacti
831 4966 900 5020 ad
958 4983 1142 5025 escam
1198 4971 1493 5029 utilissimo
1543 4986 2027 5048 compararentur;

464 5062 752 5125 postquam
782 5065 963 5114 autem
1012 5062 1321 5132 superbiam
1380 5064 1696 5134 induerunt,
1722 5084 1912 5127 omnes
1941 5071 2028 5127 in-

463 5143 646 5199 durati
698 5146 857 5216 quasi
893 5163 925 5204 e
960 5148 1100 5207 lacte
1149 5151 1205 5206 in
1233 5167 1455 5209 caseum
1507 5158 1826 5212 commutati
1875 5166 2028 5215 sunt.

462 5233 572 5292 Pro
619 5236 714 5293 illo
746 5246 952 5303 autem,
982 5243 1319 5314 coagulatum
1338 5255 1437 5311 est,
1475 5247 1669 5318 Aquila
1698 5247 1833 5304 dicit
1864 5265 1880 5302 :
1914 5247 2031 5304 Im-

463 5326 775 5398 pinguatum
799 5340 879 5385 est
910 5333 1066 5401 quasi
1105 5332 1265 5404 adeps
1312 5353 1403 5392 eor
1418 5354 1632 5401 eorum;
1665 5338 2033 5411 Symmachus

464 5426 648 5475 autem
686 5436 702 5474 :
730 5420 1087 5479 Hedullatum
1106 5435 1185 5481 est
1205 5427 1531 5500 sicut.adeps
1552 5447 1644 5486 cor
1672 5448 1873 5488 eorum.
1908 5433 2028 5489 ϐω-
2130 5449 2152 5485 ι

462 5519 644 5568 terum
672 5513 800 5571 licet
838 5516 915 5571 illi
948 5517 1004 5572 in
1036 5517 1125 5575 his
1150 5531 1523 5589 versarentur,
1557 5539 1658 5596 ego
1685 5540 1717 5580 a
1747 5527 2037 5598 proposito

462 5602 688 5661 minime
707 5608 946 5677 recessi;
982 5612 1077 5668 sed
1111 5620 1226 5669 toto
1249 5615 1415 5672 corde
1447 5618 1735 5673 scrutabat-
1768 5619 2020 5676 mandata

463 5698 557 5748 tua
592 5712 605 5749 :
639 5694 708 5750 ab
754 5700 1069 5758 earumdem
1136 5706 1476 5764 scrutatione
1516 5709 1877 5778 providentiae
1916 5721 2023 5768 tua:

463 5798 527 5839 ac
554 5788 933 5849 universorum
965 5795 1454 5858 administrationis
1481 5800 1727 5865 notitiam
1775 5813 2019 5874 captans.

2137 4881 2512 4953 ὑπερηφανίας
2538 4883 2749 4940 εὔεκτοί
2773 4904 2916 4952 τινες
2942 4891 3034 4944 καὶ
3056 4891 3254 4948 ἁπαλοὶ
3279 4890 3421 4965 ἦσαν
3441 4897 3542 4968 τὴν
3570 4915 3725 4972 καρ-

2135 4972 2271 5038 δίαν,
2320 4975 2416 5027 καὶ
2473 4976 2691 5048 πότιμοι
2743 4978 2819 5044 ὡς
2871 4981 2950 5052 τῷ
3003 4984 3234 5053 γάλακτι
3291 4986 3461 5059 αὐτὴν
3522 5006 3722 5061 πειρα-

2133 5064 2420 5119 σάλλεσθαι
2452 5072 2872 5143 τροφιμωτάτῳ·
2915 5077 3075 5147 ἡνίκα
3115 5077 3171 5131 δὲ
3203 5077 3301 5150 τὴν
3329 5080 3722 5153 ὑπερηφανίαν

2136 5157 2448 5215 ἐνεδύσαντο
2497 5163 2717 5228 πάντες,
2761 5165 2855 5220 καὶ
2903 5168 3346 5240 πληρυνθέντες,
3384 5173 3546 5226 οἱονεὶ
3602 5177 3721 5231 ἀπὸ

2134 5247 2399 5315 γάλακτος
2430 5252 2511 5316 εἰς
2554 5253 2716 5326 τυρὸν
2750 5256 3236 5330 μεταϐεϐλήκασιν.
3284 5262 3427 5316 Ἀντὶ
3475 5263 3533 5318 δὲ
3583 5265 3721 5330 τοῦ,

2133 5621 2192 5674 ἐν
2228 5621 2433 5687 τούτοις
2482 5620 2643 5698 ἦσαν,
2697 5627 2808 5697 ἐγὼ
2861 5632 2968 5685 τῶν
3005 5633 3128 5703 ἐμοὶ
3176 5634 3550 5706 προκειμένων
3601 5637 3712 5691 οὐκ

2129 5715 2451 5790 ἀνεχώρουν,
2478 5720 2535 5773 ὲν
2555 5719 2652 5793 ὅλῃ
2677 5723 2869 5795 καρδίᾳ
2892 5723 3186 5796 ἐξερευνῶν
3204 5727 3304 5792 τάς
3329 5726 3546 5794 ἐντολάς
3577 5745 3711 5791 σου,

2131 5805 2237 5859 ἀπὸ
2281 5807 2377 5878 τῆς
2413 5807 2614 5864 τούτων
2658 5810 2885 5883 ἐρεύνης
2912 5813 3007 5885 τὴν
3046 5814 3247 5884 γνῶσιν
3287 5816 3393 5887 τῆς
3419 5818 3521 5887 σῆς
3559 5832 3711 5887 rspo-
