4040 6210
289 255 424 311 ΙΞΠ

1461 245 1968 307 (ΞΟΜΜΕΝΤΑΒΙΑ
2005 245 2071 302 ΙΝ
2114 245 2456 303 PSALMOS.

3394 249 3420 308 1
3431 249 3538 308 378

280 374 428 437 νοίας
462 372 556 427 καὶ
597 373 694 444 τῆς
741 369 970 425 καθόλου
1018 368 1334 439 διοικήσεως
1388 364 1725 438 θηρώμενος,
1771 364 1844 417 κα

1970 362 2150 433 Atque
2182 362 2401 418 illorum
2433 359 2656 433 quidem
2698 373 2796 416 cor
2834 360 3089 432 praesenti
3138 361 3264 417 cibo
3309 377 3412 420 suo
3439 365 3541 423 im-

276 464 388 521 τῶν
419 465 516 536 μὲν
546 466 581 536 ἡ
614 464 810 535 καρδία
850 461 1158 516 ἔλιπαίνετο
1202 462 1261 514 ὲν
1290 461 1359 531 τῇ
1387 457 1641 531 παρούσῃ
1677 456 1862 520 αὐτοῖς

276 557 450 629 τροφῇ
468 571 484 586 ο
517 553 627 624 ἐγὼ
646 553 703 609 δὲ
725 555 816 609 τὸν
845 554 1005 626 νόμον
1028 571 1122 608 σου
1158 550 1483 624 ὲμελέτησα.

338 651 408 702 Αἱ
444 646 641 716 χεῖρές
688 659 805 702 σου
852 646 1152 715 ἐποίησάν
1177 661 1257 716 με
1302 642 1404 697 καὶ
1433 640 1714 698 ἐπλασάν
1743 659 1819 712 με
1841 658 1854 672 θ

276 741 604 795 συνέτρσόν
638 756 718 811 με
760 739 860 795 καί
890 738 1236 810 μαθήσομαι
1283 736 1392 803 τὰς
1432 733 1688 801 ἐντολάς
1718 750 1855 790 σου.

276 832 514 906 Οὐρανὸν
548 831 647 903 μὲν
682 830 791 903 γὰρ
840 831 935 886 καὶ
986 831 1090 903 γῆν
1133 830 1229 885 καὶ
1265 830 1444 884 πάντα
1486 826 1557 882 τὰ
1586 830 1645 884 ὲν
1677 828 1859 892 αὐτοῖς

274 926 417 997 λόγῳ
441 926 849 997 δημιουργήσας
902 924 997 979 καὶ
1031 922 1435 995 προστάγματι,
1463 922 1552 975 ὅτε
1574 917 1737 995 ἦλθεν
1764 921 1858 976 ἐπὶ

272 1020 364 1072 τὸν
395 1018 680 1089 ἄνθρωπον
705 1012 858 1070 εἶπεν
873 1033 888 1047 ·
915 1015 1269 1087 Ποιήσωμεν
1293 1014 1608 1083 ἄνθρωπον
1632 1015 1758 1068 κατ’
1779 1016 1858 1069 εί-

272 1109 424 1163 κόνα
455 1108 613 1163 ἰδίαν
631 1107 732 1162 καὶ
769 1107 896 1163 καθ’
934 1107 1239 1177 ὁμοίωσιν.
1270 1105 1389 1159 Τίνι
1424 1104 1480 1159 δὲ
1512 1104 1658 1175 ἄλλῳ
1685 1104 1853 1175 λέγει,

270 1199 623 1269 Ποιήσωμεν
667 1201 1001 1269 ἄνθρωπον,
1034 1200 1069 1271 ἢ
1122 1198 1202 1269 τῷ
1229 1199 1526 1267 Μονογενεί
1571 1197 1732 1252 αὑτοῦ
1762 1198 1858 1251 καὶ

270 1292 349 1364 τῷ
379 1293 656 1365 Πνεύματι
705 1294 864 1365 ἁγίῳ,
912 1291 1007 1356 οὒς
1052 1291 1146 1345 καὶ
1193 1294 1382 1362 χεῖρας
1424 1290 1520 1344 νῦν
1552 1288 1852 1354 summa;

274 1385 385 1438 Kal.
411 1386 469 1439 ἐν
500 1385 578 1457 τῷ
614 1382 731 1436 Ἰὼ(πῖ
758 1383 815 1437 δὲ
835 1382 1175 1453 γέγραπται·
1202 1384 1273 1437 Al
1304 1380 1500 1451 χεῖρές
1520 1395 1635 1435 σου
1654 1379 1856 1449 ἐποίη-

269 1472 393 1529 σάν
412 1490 510 1544 με,
543 1472 639 1527 καὶ
676 1468 957 1527 ἔπλασαν
976 1488 1055 1541 με
1076 1483 1091 1498 ⁸
1125 1470 1276 1541 μετὰ
1302 1469 1487 1524 ταῦτα
1504 1466 1855 1540 μεταϐαλών

263 1584 343 1637 με
388 1564 597 1632 δεινῶς
651 1564 903 1631 ὀλέκεις,
948 1562 1421 1625 ὲπανακαινίζων
1454 1562 1547 1618 ἐπ’
1584 1561 1691 1633 ἐμὲ
1740 1560 1855 1630 τὴν

270 1657 487 1712 ἕτασίν
506 1673 647 1727 μου.
685 1654 896 1709 Οὐκοῦν
925 1656 982 1709 at
1039 1658 1217 1726 χεῖρες
1240 1653 1335 1709 τοῦ
1362 1652 1497 1708 Θεοῦ
1531 1655 1626 1708 καὶ
1663 1653 1851 1724 εποίη-

1968 454 2359 526 pinguabatur,
2388 453 2517 508 dum
2549 467 2651 526 ego
2679 453 2854 526 legem
2885 459 3036 509 tuam
3068 453 3379 510 meditarer.

2038 629 2204 687 Vsus.
2238 630 2325 686 75.
2350 629 2543 685 Manus
2573 637 2677 685 tua:
2699 629 2937 700 fecerunt
2968 645 3049 684 me
3081 638 3130 684 et
3147 630 3540 700 plasmauerunt
3647 669 3651 673 —

1966 740 2048 779 me
2079 741 2097 779 :
2127 723 2199 777 da
2229 723 2358 778 mihi
2396 722 2745 788 intellectum,
2776 731 2828 778 et
2874 723 3081 777 discam
3124 723 3381 778 mandata
3423 732 3535 780 tua.

1963 816 2100 873 Cum
2139 815 2283 873 Deus
2310 817 2508 873 cmlum
2543 825 2599 873 et
2650 825 2852 873 terram
2893 823 2947 873 et
3006 817 3190 872 omnia
3223 832 3345 889 quae
3371 816 3426 872 in
3456 817 3537 874 eis

1964 917 2094 966 sunt
2140 909 2307 966 verbo
2356 919 2410 966 et
2463 918 2735 982 praecepto
2779 924 2880 967 suo
2929 910 3285 974 condidisset.
3317 911 3536 982 quando

1963 1004 2114 1059 venit
2140 1004 2208 1059 ad
2248 1003 2550 1067 hominem,
2602 1001 2740 1057 dixit
2772 1020 2787 1057 :
2823 1000 3117 1057 Faciamus
3154 1002 3413 1057 hominem
3466 1002 3535 1055 ad

1961 1097 2243 1168 imaginem
2270 1104 2319 1149 et
2346 1094 2747 1150 similitudinem
2777 1106 3016 1149 nostram
3040 1096 3105 1152 “'.
3134 1094 3364 1150 Cuinam
3405 1108 3538 1150 vero

1962 1188 2055 1242 alii
2077 1187 2212 1242 dicit
2247 1206 2260 1242 :
2298 1185 2586 1242 Faciamus
2627 1186 2910 1253 hominem,
2941 1188 3048 1243 nisi
3108 1185 3399 1258 Unigenito
3432 1201 3535 1242 suo

1960 1287 2014 1334 et
2033 1276 2260 1350 Spiritui
2288 1289 2500 1343 sancto,
2519 1295 2659 1351 quos
2680 1280 2790 1355 jam
2819 1295 3015 1335 manus
3045 1279 3319 1350 appellat?
3342 1279 3400 1333 In
3430 1277 3533 1334 Job

1960 1370 2089 1426 item
2120 1370 2383 1425 scribitur
2415 1388 2427 1425 :
2462 1370 2654 1425 Manus
2694 1380 2798 1425 tua:
2821 1371 3053 1441 fecerunt
3078 1387 3179 1436 me,
3207 1380 3255 1425 et
3295 1369 3534 1440 plasma-

1959 1472 2140 1517 verunt
2163 1479 2242 1517 me
2264 1479 2282 1518 :
2302 1472 2481 1532 postea
2520 1474 2755 1519 mutatus
2785 1480 2866 1519 me
2894 1465 3008 1520 dire
3040 1463 3239 1533 perdis,
3274 1480 3529 1518 renovans

1958 1554 2011 1607 in
2039 1571 2119 1609 me
2137 1570 2355 1609 examen
2383 1571 2554 1623 meum
2576 1556 2640 1610 ¹³.
2671 1553 2858 1627 Itaque
2896 1572 3091 1614 manus
3140 1555 3233 1613 Dei
3283 1555 3531 1613 iecerunt

1958 1655 2012 1703 et
2058 1648 2491 1717 plasmaverunt.
2541 1646 2619 1703 Ac
2661 1646 2929 1721 Origenes
2948 1649 3169 1721 quidem
3193 1658 3248 1706 et
3277 1649 3529 1706 nonnulli

272 1766 372 1802 σαν
399 1749 495 1801 καὶ
520 1747 779 1800 ἔπλασαν.
804 1747 915 1799 Καὶ
946 1746 1224 1817 Ὠριγὲνης
1260 1746 1359 1818 μὲν
1381 1746 1476 1801 καὶ
1506 1746 1681 1817 ἕτεροί
1710 1761 1844 1809 τινες

1954 1740 2046 1795 alii
2076 1739 2228 1803 illud,
2258 1740 2515 1809 fecerunt,
2540 1739 2609 1796 de
2628 1741 2811 1796 anima
2838 1742 3046 1797 dictum
3076 1744 3153 1797 ait
3179 1760 3194 1809 ;
3218 1744 3351 1798 illud
3373 1758 3525 1811 vero,

268 1841 349 1902 τὸ,
393 1839 709 1907 ἐποίησαν,
765 1838 857 1891 ἐπὶ
900 1837 1002 1908 τῆς
1059 1837 1237 1909 ψυχῆς
1270 1837 1523 1909 εἰρῆσθαί
1554 1854 1739 1907 φασιν,
1788 1837 1851 1890 τὸ

268 1930 349 1994 δὲ,
378 1931 676 1994 ἔπλασαν,
733 1928 827 1982 ἐπὶ
876 1926 970 1982 τοῦ
1028 1926 1300 1999 σώματος.
1339 1927 1521 1981 Ἀλλοι
1548 1927 1604 1980 δὲ
1632 1926 1694 1979 τὸ
1726 1925 1845 1997 μὲν,

270 2024 586 2090 ἐποίησαν,
635 2021 729 2075 ἐπὶ
760 2022 860 2094 τῆς
899 2019 1122 2093 πρώτης
1173 2019 1534 2092 δημιουργίας
1580 2019 1742 2088 φασὶν
1773 2020 1850 2072 εί-

270 2114 488 2186 ρῆσθαι,
517 2114 578 2167 τὸ
593 2113 985 2179 δὲ,ἐπλασαν,
1020 2113 1112 2166 ἐπὶ
1142 2112 1241 2184 τῆς
1275 2111 1369 2166 τοῦ
1396 2110 1622 2183 λουτροῦ
1651 2110 1847 2180 παλιγ-

268 2206 515 2275 γενεσίας
548 2205 641 2259 καὶ
673 2205 1048 2269 ἀναπλάσεως.

341 2299 405 2350 Ol
438 2297 799 2366 φοϐούμενοί
822 2312 898 2351 σε
938 2295 1195 2365 όψονταί
1226 2312 1323 2364 με,
1384 2293 1481 2348 καὶ
1509 2292 1847 2363 εὐφρανθή-

267 2403 497 2450 σονται,
512 2385 601 2440 ὅτι
615 2388 702 2452 είς
715 2386 858 2453 τοὺς
873 2386 1098 2455 λόγους
1110 2398 1228 2438 σου
1247 2383 1582 2454 ἑπήλπισα.
1593 2384 1843 2454 Ἕτνων,

268 2481 464 2547 Κυριε,
507 2478 597 2531 ὅτι
621 2477 983 2546 δικαιοσύνη
1009 2476 1082 2532 τὰ
1113 2475 1368 2547 κρίματά
1398 2491 1536 2543 σου,
1572 2476 1669 2530 καί
1697 2476 1849 2543 ἀλη-

268 2570 398 2637 θείᾳ
427 2568 823 2635 ἐταπείνωσάς
846 2585 943 2638 με.
983 2566 1303 2637 Γενηθήτω
1328 2566 1407 2637 δὴ
1432 2566 1500 2621 τὸ
1521 2566 1696 2633 ἔλεός
1727 2582 1846 2622 σου

268 2663 376 2719 τοῦ
416 2661 829 2733 παρακαλέσαι
884 2677 992 2732 με,
1038 2661 1191 2716 κατὰ
1248 2658 1316 2714 τὸ
1360 2660 1574 2730 λόγιόν
1614 2675 1731 2715 σου
1763 2659 1847 2727 τῷ

265 2756 468 2821 δούλῳ
518 2770 654 2810 σου.
701 2753 1069 2810 Ἐλθέτωσάν
1110 2771 1212 2824 μοι
1264 2755 1320 2808 οί
1372 2754 1661 2822 οἰκτιρμοί
1703 2767 1841 2819 σου,

268 2851 366 2905 καί
396 2850 665 2920 ζήσομαι,
692 2848 781 2902 ὅτι
822 2850 856 2901 ό
880 2847 1064 2917 νόμος
1091 2862 1207 2900 σου
1230 2845 1451 2915 μελέτη
1489 2863 1608 2915 μου
1645 2846 1838 2901 ἐστίν.

267 2943 331 2997 Et
364 2941 506 2995 ἔλθοι
535 2942 622 2995 ἐπ’
655 2939 756 3011 ἐμὲ
789 2938 849 2992 τὸ
887 2937 1034 3002 ἔλεός
1069 2954 1185 3003 σου,
1225 2937 1320 2990 καὶ
1341 2936 1607 3008 φθήσαιεν
1632 2938 1757 3009 ἐμοὶ
1791 2941 1840 2993 οί

266 3033 541 3106 οἰκτιρμοί
569 3049 681 3097 σου,
729 3031 789 3085 οὐ
823 3030 1276 3101 καταποθήσομαι
1314 3029 1419 3083 ὑπὸ
1450 3031 1549 3102 τῆς
1576 3030 1843 3085 ταπεινῶν

269 3141 427 3191 σεως,
461 3122 575 3178 ἀλλ’
602 3123 1017 3195 ἐγκαρτερήσας
1044 3120 1131 3175 διὰ
1151 3121 1251 3192 τῆς
1287 3121 1587 3194 ὑπομονῆς,
1628 3116 1689 3176 εὖ
1721 3117 1839 3175 οἶδα

267 3216 350 3269 ὃτι
401 3215 660 3288 ζήσομαι.
720 3214 913 3285 Τυχεῑν
969 3214 1026 3267 δὲ
1068 3212 1163 3267 τοῦ
1212 3212 1395 3277 ὲλέους
1444 3230 1538 3267 σου
1594 3215 1690 3267 καὶ
1734 3214 1845 3268 τῶν

266 3307 570 3379 οἰκτιρμῶν
598 3323 690 3360 σου
722 3306 885 3372 ἀξιῶ·
922 3307 1046 3359 ἐπεὶ
1085 3307 1178 3359 καὶ
1210 3306 1371 3369 αὐτὸς
1406 3305 1476 3360 τὰ
1511 3308 1638 3379 παρ’
1669 3308 1841 3378 ὲμαυ-

266 3399 360 3454 τοῦ
384 3400 563 3454 πάντα
600 3399 820 3472 πληρῶν
861 3399 923 3452 οὐ
955 3398 1333 3470 διαλιμπάνω,
1374 3400 1469 3453 καὶ
1507 3401 1566 3453 ὲν
1609 3399 1745 3470 αὐτῇ
1772 3401 1839 3470 τῇ

265 3490 592 3546 ταπεινώσει
616 3491 707 3545 τδν
731 3489 894 3562 νόμον
924 3507 1016 3543 σου
1056 3490 1354 3562 μελετήσω.
1588 3512 1591 3517 ·

335 3583 849 3653 Αίσχυνθήτωσαν
891 3581 1284 3652 ὑπερήφανοι,
1323 3580 1413 3637 ὅτι
1449 3582 1670 3649 ἀδίκως
1699 3583 1841 3651 ἡνό-

260 3691 471 3746 μησαν
501 3678 590 3743 είς
630 3675 756 3746 ἐμὲ,
782 3674 899 3746 ἐγὼ
938 3674 1007 3729 δὲ
1045 3673 1448 3745 ἀδολεσχήσω
1478 3674 1548 3729 ἐν
1575 3675 1703 3741 ταῖς
1738 3675 1840 3728 ἐν-

266 3766 475 3835 τολαῖς
507 3784 647 3822 σου.
695 3765 1266 3836 Ἑπιστρεψάτωσάν
1295 3784 1375 3836 με
1405 3769 1458 3821 οί
1484 3768 1841 3838 φοϐούμενοί

265 3874 361 3923 σε,
394 3858 491 3912 καί
518 3862 572 3913 οἱ
608 3857 1012 3928 γινώσκοντες
1058 3856 1132 3912 τὰ
1165 3856 1460 3927 μαρτύριά
1486 3873 1623 3912 σου.
1652 3859 1842 3925 Γενη-

264 3951 423 4021 θήτω
464 3952 503 4021 ἡ
544 3950 757 4020 καρδία
778 3968 899 4021 μου
948 3952 1187 4021 ἄμωμος
1228 3951 1300 4004 ἐν
1330 3950 1453 4015 τοῖς
1489 3948 1840 4020 δικαιώμασί

262 4059 404 4109 σου,
433 4044 593 4112 ὅπως
623 4045 699 4099 ἂν
720 4044 806 4114 μὴ
839 4042 1167 4114 αίσχυνθῶ.
1201 4043 1386 4098 Πάντα
1414 4042 1522 4115 γὰρ
1547 4042 1626 4121 ,τὰ
1656 4045 1837 4116 ἁμαρ-

265 4139 488 4210 τήματα
530 4138 793 4210 αἰσχύνης
835 4137 983 4191 ἐστὶν
1017 4137 1163 4205 ἄξια.
1215 4138 1361 4201 Ἕως
1404 4136 1503 4208 μὲν
1548 4137 1657 4209 γὰρ
1698 4154 1837 4209 καρ-

263 4230 352 4285 δία
388 4231 584 4302 ἀτελὴς
610 4230 891 4301 τυγχάνει,
922 4231 1090 4302 πολλὴ
1128 4232 1349 4303 φροντὶς
1381 4232 1476 4285 καὶ
1512 4231 1722 4301 ἀγωνία
1762 4233 1836 4305 μή

265 4339 343 4396 πη
372 4323 482 4395 ἄρα
528 4323 623 4377 καὶ
655 4320 926 4395 ἀσθενήσῃ
976 4324 1070 4377 καὶ
1121 4324 1315 4396 χείρων
1345 4326 1545 4396 ἑαυτῆς
1571 4324 1791 4395 γένηται
1820 4343 1833 4355 ·

1950 1832 2365 1902 plasmaverunt,
2394 1832 2462 1888 de
2488 1848 2740 1904 corpore.
2770 1834 2877 1889 Alii
2909 1851 3039 1891 vero
3086 1835 3241 1899 illud,
3269 1837 3525 1905 fecerunt.

1950 1926 2018 1981 de
2032 1925 2209 1995 prima
2247 1926 2528 1981 creatione
2578 1926 2786 1980 dictum
2821 1926 3127 1993 aﬂirmant;
3159 1928 3291 1984 illud
3322 1936 3525 1997 autem,

1945 2017 2362 2084 plasmauerunt,
2396 2018 2464 2074 de
2499 2018 2720 2074 lavacro
2774 2019 3208 2090 regenerationis
3238 2035 3303 2075 ac
3349 2019 3526 2079 refor-

1947 2110 2208 2166 matione.

2014 2289 2182 2348 Vens.
2215 2290 2402 2346 74-77.
2445 2289 2551 2360 Qui
2584 2290 2768 2346 timent
2801 2298 2867 2354 te,
2902 2290 3149 2346 uidebunt
3182 2309 3284 2358 me,
3332 2303 3382 2349 et
3430 2292 3525 2348 lae-

1948 2383 2223 2448 tabuntur,
2253 2384 2381 2454 quia
2421 2384 2477 2437 in
2518 2381 2675 2438 verba
2720 2392 2813 2438 tua
2847 2384 3226 2454 supersperavi.
3269 2384 3521 2457 Cognovi,

1947 2477 2192 2541 Domine,
2223 2476 2349 2546 quia
2379 2476 2603 2546 aequitas
2630 2474 2842 2545 judicia
2876 2485 2989 2541 tua,
3015 2486 3066 2532 et
3098 2477 3151 2531 in
3184 2477 3401 2532 veritate
3421 2476 3523 2530 Itu-

1945 2568 2168 2623 miliasti
2200 2584 2300 2623 me.
2341 2565 2465 2621 Fiat
2498 2566 2861 2622 misericordia
2892 2576 2984 2622 tua
3015 2577 3073 2621 ut
3106 2567 3404 2623 consoletur
3419 2584 3521 2633 me,

1944 2662 2229 2716 secundum
2265 2661 2530 2731 eloquium
2579 2670 2727 2714 tuum
2771 2677 2915 2715 servo
2968 2670 3080 2717 tuo.
3134 2660 3352 2716 Veniant
3395 2661 3525 2717 mihi

1945 2753 2312 2807 miserationes
2343 2761 2446 2806 tua:
2482 2761 2531 2806 et
2581 2752 2770 2818 eiram,
2796 2753 2922 2823 quia
2970 2753 3055 2807 lea:
3098 2762 3190 2807 tua
3246 2752 3521 2807 meditatio

1944 2864 2061 2911 mea
2095 2855 2195 2903 est.
2239 2844 2298 2901 Si
2330 2846 2585 2902 adveniat
2616 2846 2750 2901 mihi
2784 2846 3160 2902 misericordia
3194 2854 3308 2913 tua,
3331 2854 3386 2902 et
3413 2845 3518 2901 mi-

1944 2940 2250 2996 serationes
2282 2949 2388 2995 tua:
2426 2938 2492 2994 ad
2538 2954 2629 3008 me
2659 2939 3016 3002 accesserint.
3048 2953 3390 3011 nequaquam
3420 2939 3520 2996 ab-

1946 3031 2215 3088 sorbebor
2290 3031 2705 3100 humiliatione;
2746 3031 2844 3087 sed
2886 3047 2982 3103 per
3027 3032 3344 3103 patientiam
3389 3046 3519 3103 per-

1947 3115 2225 3189 severans,
2258 3123 2398 3181 bene
2441 3124 2568 3178 novi
2619 3139 2706 3180 me
2755 3124 2811 3179 in
2850 3126 2961 3179 vita
3012 3140 3330 3181 mansurum
3375 3139 3518 3182 esse.

1945 3216 2380 3273 Misericordiam
2431 3229 2563 3272 vero
2607 3223 2663 3272 et
2707 3216 3090 3272 miserationes
3142 3223 3267 3273 tuas
3323 3232 3519 3273 conse-

1942 3310 2036 3381 qui
2085 3324 2260 3380 rogo;
2291 3310 2419 3379 quia
2450 3317 2504 3365 et
2537 3310 2652 3379 ipse
2681 3308 2867 3363 omnia
2900 3324 3023 3377 quae
3074 3308 3351 3366 facultatis
3385 3326 3519 3366 mea:

1943 3411 2072 3458 sunt
2101 3403 2325 3474 implere
2347 3418 2455 3458 non
2483 3401 2764 3466 desino,et
2779 3403 2833 3457 in
2865 3403 2980 3473 ipsa
2996 3402 3374 3458 humiliatione
3397 3419 3518 3459 mea

1943 3494 2116 3566 legem
2145 3504 2293 3549 tuam
2328 3494 2654 3549 meditabor.

2013 3583 2182 3640 Vens.
2238 3584 2422 3640 78-80.
2451 3584 2864 3654 Confundantur
2894 3585 3125 3653 superbi,
3169 3585 3294 3656 quia
3323 3584 3518 3654 injuste

1940 3679 2273 3749 iniquitatem
2299 3677 2532 3747 fecerunt
2561 3678 2616 3731 in
2664 3694 2766 3739 me,
2796 3692 2889 3746 ego
2937 3686 3113 3730 autem
3154 3676 3433 3732 exercebar
3460 3676 3516 3730 in

1941 3769 2211 3824 mandatis
2255 3770 2379 3824 tuis.
2414 3766 2799 3823 Convertuntur
2826 3767 2954 3820 mihi
2984 3768 3218 3822 timentes
3248 3776 3314 3833 te,
3353 3776 3404 3820 et
3425 3769 3517 3837 qui

1940 3871 2192 3918 noverunt
2223 3861 2526 3917 testimonia
2575 3870 2686 3915 tua.
2722 3858 2849 3913 Fiat
2879 3876 2971 3913 cor
3000 3876 3169 3914 meum
3199 3859 3516 3913 immacula-

1941 3961 2052 4005 tum
2082 3953 2135 4005 in
2145 3950 2621 4022 justiﬁcationibus
2657 3953 2784 4013 tuis,
2818 3962 2874 4004 ut
2902 3967 3003 4005 non
3031 3949 3356 4021 confundar.
3386 3949 3518 4006 Om-

1939 4046 2033 4099 nia
2064 4059 2302 4115 namque
2332 4052 2555 4116 peccata
2595 4044 2920 4100 confusione
2949 4044 3109 4115 digna
3135 4052 3285 4101 sunt.
3327 4045 3514 4113 Quan-

1938 4136 2032 4191 diu
2077 4138 2221 4191 enim
2263 4152 2361 4191 cor
2401 4137 2781 4207 imperfectum
2823 4136 3063 4200 exsistit,
3105 4137 3276 4191 multa
3307 4136 3515 4193 sollici-

1938 4226 2072 4279 tudo
2110 4235 2165 4281 et
2216 4226 2499 4281 contentio
2546 4235 2653 4290 est,
2699 4242 2769 4281 ne
2799 4228 3103 4281 intirntctur
3154 4234 3209 4283 et
3264 4227 3510 4283 deterius

1936 4317 2132 4372 evadat
2165 4318 2425 4389 :quando
2459 4326 2642 4373 autem
2692 4318 3000 4388 pervenerit
3038 4316 3107 4370 ad
3141 4318 3351 4388 apicem
3383 4334 3510 4389 per-

264 4415 355 4468 ὅτε
387 4415 444 4469 δὲ
477 4416 558 4479 εἰς
609 4415 779 4487 ἄκρον
830 4413 1014 4488 φθάσῃ
1064 4415 1162 4485 τῆς
1207 4415 1563 4487 τελειότητος,
1615 4417 1674 4469 ὲν
1722 4416 1833 4483 ἕξει

1948 4408 2215 4475 fectionis,
2249 4410 2304 4463 in
2352 4408 2571 4463 virtutis
2616 4408 2804 4463 habitu
2842 4413 2896 4462 et
2927 4405 3327 4464 consuetudine
3378 4423 3509 4465 con-

266 4507 469 4580 ἀρετῆς
513 4507 852 4569 καταστᾶσα,
911 4504 1015 4569 ἔξω
1065 4507 1354 4578 γενήσεται
1403 4507 1605 4572 παντὸς
1648 4507 1836 4578 φόόου,

264 4601 446 4654 οὐκέτι
473 4597 888 4671 ἀμφιϐάλλουσα
924 4596 999 4669 μή
1038 4613 1169 4650 ποτε
1199 4599 1308 4671 ἄρα
1337 4599 1727 4672 καταισχυνθῇ.

350 4693 647 4748 Ἐκλείπει
679 4693 767 4757 είς
809 4690 875 4744 τὸ
931 4688 1229 4758 σωτήριόν
1269 4707 1386 4745 σου
1419 4694 1457 4760 ἡ
1495 4693 1667 4763 ψυχή
1692 4711 1834 4764 μου,

263 4789 351 4854 εις
388 4786 530 4853 τοὺς
577 4786 798 4856 λόγους
830 4798 948 4837 σου
988 4780 1321 4849 ἐπήλπισα.
1360 4785 1571 4857 Σφόδρα
1610 4786 1835 4840 ἀκολού-

266 4878 371 4944 θως
400 4877 716 4951 ἑρμηνεύων
759 4877 813 4929 τί
846 4875 977 4929 ποτέ
1023 4876 1139 4928 ἐστι
1183 4869 1246 4927 τὸ
1277 4877 1540 4948 σωτήριον
1589 4879 1829 4948 ἐπιλέγει

264 4970 392 5042 ἑξῆς
412 4989 426 5003 ο
469 4974 574 5038 Είς
593 4970 700 5025 τὸν
720 4970 905 5040 λόγον
924 4982 1042 5024 σου
1064 4967 1397 5039 ὲπήλπισα,
1419 4970 1718 5040 σημαίνων,
1749 4973 1832 5026 ὃτι

264 5062 326 5115 τὸ
341 5063 606 5135 σωτήριον
618 5062 645 5114 ό
659 5061 782 5125 Υἱὸς
797 5059 892 5114 τοῦ
911 5060 1047 5115 Θεοῦ
1064 5062 1201 5114 ἔστι.
1218 5060 1535 5125 Ἐξέλιπον
1549 5064 1604 5116 οί
1619 5063 1835 5132 ὀφθαλ-

260 5156 365 5221 μοί
394 5172 513 5223 μου
541 5155 629 5221 είς
641 5153 707 5207 τὸ
730 5153 938 5225 λόγιόν
957 5167 1096 5217 σου,
1125 5151 1431 5223 λέγοντοςο
1470 5155 1620 5210 Πότε
1646 5172 1833 5226 παρα-

264 5243 544 5312 καλέσεις
562 5262 674 5316 με;
709 5244 798 5298 ὅτι
834 5245 1127 5315 ἐγενήθην
1160 5245 1242 5313 ὡς
1276 5243 1469 5312 ἀσκὸς
1501 5246 1572 5300 ἐν
1603 5247 1826 5319 πάχνη,

264 5336 337 5391 τὰ
381 5336 740 5410 δικαιώματὰ
780 5353 897 5394 σου
933 5341 1045 5394 οὐκ
1082 5340 1480 5410 ἐπελαθόμην.
1521 5342 1711 5397 Πόσαι
1754 5345 1832 5398 εί-

263 5430 371 5486 σιν
401 5433 461 5486 al
490 5431 701 5503 ἡμέραι
751 5431 858 5486 τοῦ
896 5430 1119 5487 δούλου
1169 5446 1287 5489 σου
1301 5449 1323 5499 ;
1380 5435 1524 5489 πότε
1559 5435 1833 5504 ποιήσεις

1936 4499 2210 4565 stitutum,
2245 4500 2392 4554 omni
2436 4506 2584 4554 metu
2615 4512 2847 4553 vacuum
2884 4498 3012 4562 erit,
3036 4511 3215 4568 neque
3249 4497 3511 4555 haesitans

1935 4591 2216 4647 verebitur
2245 4606 2313 4646 ne
2338 4589 2731 4645 contundatur.

2005 4682 2173 4742 Vens.
2208 4684 2298 4739 Si.
2338 4682 2530 4754 Deﬁcit
2574 4683 2629 4737 in
2657 4686 2896 4738 salutare
2935 4692 3083 4736 tuum
3117 4681 3302 4737 anima
3333 4697 3449 4737 mea
3488 4698 3508 4737 :

1933 4777 1988 4831 in
2017 4775 2174 4831 verba
2210 4786 2302 4830 tua
2341 4776 2729 4847 supersperavi.
2765 4773 3074 4830 Admodum
3104 4783 3511 4844 consequenter

1936 4868 2220 4939 explicans
2246 4869 2378 4940 quid
2404 4870 2476 4925 sit
2508 4868 2752 4925 salutare
2790 4867 2946 4931 illud,
2971 4866 3159 4937 adjicit
3179 4873 3370 4938 postea
3396 4886 3414 4922 :
3440 4866 3508 4923 In

1937 4962 2149 5017 verbum
2173 4972 2322 5017 tuum
2347 4962 2729 5034 supersperavi,
2769 4960 3085 5033 signiﬁcans
3109 4959 3348 5016 salutare
3370 4956 3507 5013 illud

1936 5072 2060 5113 esse
2090 5055 2290 5113 Filium
2324 5055 2441 5114 Dei.
2473 5086 2545 5097 —
2575 5054 2740 5112 Vnus.
2773 5053 2962 5111 82.88.
3004 5053 3317 5125 Defecerunt
3364 5049 3507 5105 oculi

1937 5153 2038 5206 mei
2066 5152 2122 5205 in
2147 5150 2411 5222 eloquium
2450 5159 2617 5216 tuum,
2641 5148 2867 5204 dicentes
2896 5164 2914 5202 :
2945 5146 3170 5215 Quando
3201 5141 3506 5202 consolabe—

1934 5244 2009 5298 ris
2046 5245 2173 5300 me?
2203 5243 2342 5311 Quia
2377 5244 2551 5313 factus
2579 5258 2695 5297 sum
2726 5242 2862 5297 sicut
2890 5251 3006 5295 uter
3038 5242 3091 5296 in
3108 5239 3319 5309 pruina,
3338 5233 3505 5305 justi-

1938 5338 2211 5408 ﬁcationes
2244 5348 2365 5393 tuas
2386 5354 2489 5393 non
2516 5353 2636 5393 sum
2673 5335 2889 5391 oblitus.
2913 5333 3054 5403 Quot
3077 5342 3200 5388 sunt
3225 5329 3338 5384 dies
3369 5325 3505 5382 serui

1943 5432 2018 5486 tui
2040 5433 2066 5487 2
2089 5432 2299 5503 quando
2328 5432 2490 5497 facies
2524 5431 2654 5487 mihi
2680 5431 2744 5487 de
2780 5426 3203 5501 persequentibus
3239 5440 3321 5478 me
3349 5419 3503 5492 judi-

259 5540 361 5596 μοι
411 5523 481 5577 ἐκ
534 5521 658 5576 ’τῶν
707 5522 1196 5579 καταδιωκόνινων
1234 5543 1312 5597 με
1363 5528 1597 5597 κρίσιν;
1626 5528 1835 5599 Amm.

1948 5528 2082 5582 cium
2104 5530 2130 5585 2
2155 5526 2522 5585 Narraverunt
2543 5526 2672 5583 mihi
2697 5525 2861 5596 iniqui
2888 5520 3260 5595 (tabulationes,
3287 5516 3377 5572 sed
3400 5528 3504 5583 non

335 5701 382 5736 “
416 5699 550 5759 Gen.
586 5720 638 5770 ι,
670 5700 760 5758 26.
831 5703 880 5736 ⁴⁸
919 5701 1023 5760 Job
1053 5718 1117 5770 ι,
1150 5700 1203 5757 8.
