4044 6212
515 227 646 283 1579

1215 225 1480 283 EUSEBII
1511 224 1990 281 CESARIENSIS
2027 223 2070 280 Ο

2176 271 2177 274 η
2221 223 2398 280 PARS
2434 225 2522 282 Ill.
2563 257 2632 268 —-
2667 227 3072 285 EXEGETICA.

3607 232 3738 286 i380

513 357 570 400 ut
610 347 693 400 (ex
749 355 859 412 tua,
902 346 1142 402 Domine.
1179 346 1372 402 Omnia
1407 347 1663 402 mandata
1724 357 1814 400 tua
1840 349 2029 402 ueritas
2061 363 2074 402 .'

2184 362 2371 402 σαντο
2397 368 2497 418 μοι
2529 349 2856 421 παράνομοι
2898 351 3260 420 ἀδολεσχίας
3280 389 3295 415 ,
3345 350 3481 405 ἀλλ’
3518 353 3628 419 οὐχ
3664 353 3739 416 ὠς

513 438 684 507 inique
711 440 970 507 persecuti
1024 448 1145 492 sunt
1198 455 1298 501 me,
1327 439 1524 509 adjuua
1561 456 1660 492 me.
1699 439 1873 492 Paulo
1907 440 2078 493 minus

512 541 1002 584 consummaverunt
1037 548 1117 585 me
1141 532 1193 584 in
1227 542 1388 585 terra.
1440 531 1549 602 Ego
1587 541 1762 585 autem
1803 549 1905 585 non
1933 532 2081 585 dere-

513 619 642 687 liqui
676 619 930 673 mandata
961 629 1073 673 tua.
1122 619 1418 674 Secundum
1470 622 1884 675 misericordiam
1933 633 2081 676 tuam

513 712 718 780 viviﬁca
758 729 858 777 me,
881 721 931 764 et
967 713 1263 766 custodiam
1290 714 1590 767 testimonia
1618 715 1726 768 oris
1750 715 1846 768 tui.
1882 713 2081 768 Secun-

511 805 639 858 dum
698 805 972 873 eloquium
1016 805 1106 859 Dei
1141 806 1340 868 vivere,
1375 814 1458 860 est
1496 823 1619 860 cum
1667 808 1865 878 pietate
1911 810 2077 862 vitam

512 911 690 966 agere,
721 912 897 966 neque
943 897 1199 952 sensilem
1240 899 1616 953 tantummodo
1653 901 1818 954 vitam
1856 900 2075 957 ducere.

511 986 644 1041 Nam
680 988 932 1058 quisquis
964 989 1018 1042 id
1047 989 1439 1059 consequitur,
1474 990 1669 1044 bonam
1704 991 1968 1062 transiget
1999 992 2080 1045 vi-

511 1089 654 1144 tam;
689 1081 761 1133 ita
811 1090 869 1133 ut
918 1081 1190 1135 custodiat
1244 1082 1552 1137 testimonia
1585 1081 1699 1135 oris
1729 1081 1824 1135 Dei
1860 1097 2018 1152 :quaa
2047 1097 2076 1136 a

511 1169 692 1226 Verbo
721 1172 835 1236 Dei,
865 1173 1009 1243 quod
1039 1189 1100 1229 os
1129 1173 1250 1242 ejus
1278 1190 1400 1230 esse
1436 1174 1572 1238 dixi,
1604 1174 1916 1229 testimonio
1946 1190 2078 1229 con-

514 1266 723 1318 lirmata
751 1273 806 1319 et
838 1265 1115 1320 declarata
1140 1275 1290 1321 sunt.

583 1444 752 1499 Vens.
784 1445 974 1500 89-91.
997 1445 1063 1498 In
1091 1455 1368 1510 wternnm,
1405 1446 1644 1512 Domine,
1677 1450 1885 1501 uerbum
1931 1460 2077 1502 tuum

509 1547 774 1605 permanet
807 1538 861 1590 in
890 1537 1037 1593 cozlo.
1081 1537 1146 1591 In
1172 1540 1558 1608 generationem
1601 1551 1648 1592 et
1692 1541 2075 1609 generationem

513 1631 703 1683 ueritas
735 1640 844 1694 tua,
871 1630 1108 1697 fundasti
1129 1642 1344 1694 terram,
1373 1641 1421 1684 et
1449 1642 1736 1700 permanet.
1767 1631 2076 1686 Ordinatio-

2187 443 2219 494 ὁ
2251 441 2434 507 νόμος
2459 457 2596 506 σου,
2638 445 2836 510 Κύριε.
2870 443 3066 498 Πᾶσαι
3103 446 3162 497 al
3199 442 3438 496 erton
3468 457 3583 496 σου
3608 443 3740 510 ἁλήο

2185 533 2329 593 θεια,
2357 531 2574 599 ἀδίκως
2599 533 2964 600 κατεδίωξαν
2983 551 3080 603 με,
3102 533 3419 602 ,ϐοήθησόν
3439 552 3553 601 μοι.
3581 538 3736 601 Παρὰ

2177 625 2378 693 ,βραχὺ
2405 625 2691 679 ἐτέλεσαν
2711 643 2788 695 με
2810 627 2880 679 ἐν
2904 625 2980 695 τῇ
3015 625 3093 695 τῇ
3109 644 3123 659 ο
3157 625 3270 696 ἐγὼ
3308 626 3376 678 δὲ
3404 628 3514 680 οὐκ
3545 626 3730 696 ἐγκατ-

2183 715 2397 770 έλιπον
2464 717 2570 783 τὰς
2622 717 2873 784 ἐντολάς
2920 732 3058 772 σου.
3115 717 3275 773 Κατὰ
3311 718 3375 771 τὸ
3419 718 3591 783 ἔλεός
3628 735 3732 772 σου

2185 804 2371 872 ζῆσόν
2418 824 2516 875 με,
2553 807 2651 860 καὶ
2696 808 2945 876 φυλάξω
3007 810 3079 863 τὰ
3119 810 3406 877 μαρτύρια
3451 807 3560 862 τοῦ
3608 810 3738 861 στό-

2177 899 2367 966 ματός
2421 915 2556 952 σου.
2609 899 2682 951 Τὸ
2727 899 2867 953 κατὰ
2912 901 2972 953 τὸ
3013 901 3192 969 λόγιον
3230 901 3323 953 τοῦ
3378 900 3512 954 Θεοῦ
3544 899 3644 972 ζῇν
3684 901 3740 954 τδ

2185 992 2280 1044 σὺν
2307 991 2560 1062 εὐσεϐείᾳ
2591 992 2689 1062 ζῇν
2745 993 2912 1057 ἐστιν,
2962 994 3059 1063 οὐχ
3109 992 3294 1055 ἁπλῶς
3343 993 3438 1064 τὴν
3482 992 3739 1062 αἰσθητὴν

2182 1081 2384 1153 ταύτην
2417 1082 2582 1154 ζωήν.
2635 1083 2836 1136 Τούτου
2870 1083 2979 1156 γὰρ
3013 1083 3213 1154 τυχὼν,
3253 1086 3310 1138 ἐν
3337 1083 3540 1155 εὐζωῖᾳ
3575 1084 3736 1147 ἔσται,

2179 1173 2256 1236 ὡς
2285 1175 2576 1242 φυλάσσειν
2609 1176 2678 1228 τὰ
2714 1176 2989 1247 μαρτύρια
3020 1176 3111 1228 τοῦ
3160 1176 3424 1247 στόματος
3458 1174 3558 1227 τοῦ
3591 1174 3735 1239 Θεοῦ,

2185 1267 2594 1338 μαρτυρηθέντα
2617 1270 2710 1322 καὶ
2733 1268 3118 1339 ἀποδειχθέντα
3143 1269 3247 1321 ὑπὸ
3272 1269 3442 1336 Λόγου
3467 1266 3564 1320 τοῦ
3589 1265 3733 1330 Θεοῦ,

2180 1349 2241 1409 οὗ
2274 1352 2427 1412 εἷπον
2460 1359 2620 1412 αὑτοῦ
2655 1359 2828 1430 στόμα
2853 1355 3011 1414 εἶναι.

2250 1449 2355 1511 Εἰς
2402 1447 2508 1501 τὸν
2531 1447 2738 1511 αἰῶνα,
2795 1451 2992 1517 Κύριε,
3039 1452 3072 1502 ό
3104 1450 3285 1518 λόγος
3333 1467 3450 1504 σου
3483 1447 3732 1517 διαμένει

2179 1536 2249 1590 ἐν
2259 1537 2336 1603 τῷ
2351 1538 2713 1606 cupas-(inme
2725 1539 2936 1609 γενεὰν
2949 1540 3045 1593 καὶ
3066 1539 3275 1610 γενεὰν
3290 1540 3327 1607 ή
3340 1538 3593 1608 ἀλήθειά
3607 1555 3731 1602 σου,

2179 1629 2576 1698 ἐθεμελίωσας
2606 1631 2720 1699 τὴν
2751 1631 2887 1701 γῆν,
2912 1631 3011 1685 καὶ
3050 1630 3326 1700 διαμένει.
3369 1630 3446 1698 Τῇ
3480 1629 3734 1695 διατάξει

513 1736 574 1774 ne
606 1731 696 1773 tua
725 1731 1020 1788 perseverat
1053 1721 1187 1785 dies,
1221 1724 1472 1791 quoniam
1497 1724 1674 1777 omnia
1699 1725 1928 1777 serviunt
1959 1724 2071 1777 tibi.

2177 1733 2293 1774 σου
2328 1720 2586 1789 διαμένει
2612 1722 2821 1790 ἡμέρα,
2859 1720 2948 1774 ὅτι
2979 1722 3053 1775 τὰ
3075 1723 3392 1790 σύμπαντα
3412 1720 3606 1774 δοῦλα
3637 1719 3730 1773 σά.

512 1811 808 1869 Veritatem
841 1825 1021 1869 autem
1063 1825 1222 1869 vocat
1266 1817 1408 1870 hanc
1441 1817 1882 1886 promissionem,
1913 1833 2074 1887 quam

513 1906 721 1961 sciebat
749 1909 973 1962 omnino
999 1907 1236 1963 futuram
1270 1910 1323 1962 in
1356 1910 1753 1977 generationem
1784 1919 1836 1964 et
1859 1925 2079 1980 genera-

512 1998 737 2054 tionem.
790 1997 850 2053 ln
894 2000 1126 2070 singulis
1160 2000 1362 2070 quippe
1410 2000 1856 2070 generationibus
1898 2009 2078 2070 partes

511 2090 776 2160 quasdam
835 2093 1081 2146 veritatis
1139 2092 1448 2146 hominibus
1503 2093 1716 2156 mittis,
1782 2106 2077 2161 omnesque

513 2183 701 2237 mundi
737 2190 941 2255 partes,
974 2190 1028 2239 et
1074 2200 1137 2239 ea
1186 2199 1308 2255 quae
1361 2185 1466 2240 sub
1521 2194 1801 2255 aspectum
1849 2187 2072 2248 cadunt,

512 2276 858 2331 ordinatione
891 2284 984 2330 tua
1027 2284 1302 2340 constant,
1337 2292 1449 2330 non
1484 2291 1513 2330 a
1535 2278 1785 2332 terminis
1819 2277 1932 2332 suis
1961 2293 2077 2331 mo-

514 2377 588 2432 ta,
652 2383 832 2438 neque
880 2367 986 2422 sibi
1041 2375 1302 2422 statutam
1355 2368 1528 2438 legem
1593 2368 2071 2438 transgredientia.

511 2459 688 2514 Causa
719 2475 848 2514 vero
874 2459 1068 2514 horum
1101 2458 1344 2513 omnium
1371 2458 1770 2529 permansionis
1806 2466 1908 2525 est,
1931 2459 2074 2527 quod

512 2560 570 2606 tu
599 2552 750 2607 solus
790 2550 1052 2606 Dominus
1088 2551 1163 2605 sis
1208 2551 1618 2616 universorum;
1653 2550 1862 2622 reliqua
1895 2559 2071 2604 autem

509 2645 692 2698 omnia
727 2644 825 2700 tibi
856 2644 1115 2710 serviant,
1139 2659 1202 2698 ac
1235 2651 1493 2715 tanquam
1526 2644 1794 2714 mancipia
1829 2643 2075 2712 subjecta

510 2736 641 2791 sint.

582 2827 748 2883 Vens.
787 2827 876 2882 92.
902 2826 1024 2880 Nisi
1055 2826 1192 2897 quod
1236 2827 1320 2882 lea:
1367 2837 1460 2880 tua
1508 2826 1782 2883 meditatio
1826 2847 1938 2884 rrea
1970 2841 2069 2898 est,

510 2933 633 2976 tunc
673 2922 810 2989 forte
859 2920 1130 2990 periissem
1176 2920 1230 2972 in
1275 2919 1639 2974 Irumitiatione
1688 2937 1826 2978 mea.
1858 2921 2071 2978 Dictum

508 3023 616 3077 est,
649 3021 864 3083 tempus
895 3011 1256 3066 tentationum
1288 3026 1352 3065 ac
1396 3011 1769 3066 calamitatum
1818 3013 2072 3066 humilia-

511 3106 714 3158 tionem
741 3103 1064 3174 nuncupari.
1094 3100 1207 3155 Viri
1239 3102 1404 3169 igitur
1428 3101 1570 3156 beati
1592 3109 1676 3156 est
1696 3100 1865 3157 fuisse
1894 3103 1948 3155 in
1973 3102 2076 3155 hu-

510 3194 835 3258 miliatione,
869 3203 922 3248 et
952 3208 1060 3248 non
1112 3193 1342 3263 periisse
1384 3211 1397 3246 :
1432 3204 1492 3244 ul.
1520 3193 1587 3256 si,
1621 3201 1684 3247 ν.
1729 3208 1804 3262 3.,
1836 3193 2076 3247 venerim

508 3287 564 3340 in
599 3286 956 3341 tentationem
1002 3284 1272 3356 martyrii,
1315 3284 1363 3338 si
1414 3284 1632 3353 quidem
1693 3294 1982 3354 antequam
2018 3286 2076 3339 in

507 3392 627 3432 eam
665 3376 962 3432 inciderem
995 3377 1077 3431 lex
1102 3383 1195 3430 tua
1233 3375 1511 3431 meditatio
1549 3375 1680 3429 mihi
1707 3387 1923 3444 semper
1956 3375 2076 3429 fue-

510 3469 601 3532 rit,
625 3475 680 3524 et
716 3485 837 3524 eam
866 3476 1164 3524 exsecutus
1204 3469 1339 3533 sim;
1371 3483 1493 3522 cum
1533 3469 1589 3521 in
1641 3467 2074 3522 humiliationem

507 3577 603 3631 per
634 3562 991 3616 tentationem
1030 3561 1279 3632 martyrii
1319 3574 1539 3624 venero,
1577 3574 1685 3612 non
1716 3561 1926 3628 peribo.
1981 3558 2076 3613 Sic

506 3652 564 3706 in
610 3652 760 3705 omni
808 3652 1113 3706 tentatione
1167 3651 1315 3721 loqui
1345 3665 1444 3720 par
1479 3649 1680 3706 fuerit:
1710 3658 1784 3715 at,
1822 3651 2077 3721 malignis

507 3742 930 3812 cogitationibus
971 3751 1020 3796 et
1068 3742 1401 3798 adversariis
1433 3743 1728 3799 virtutibus
1766 3758 1854 3799 me
1898 3744 2076 3814 impu-

509 3831 822 3899 gnantibus,
852 3831 1193 3900 pereundum
1235 3833 1366 3886 mibi
1398 3841 1536 3898 erat,
1569 3834 1678 3888 nisi
1709 3835 1792 3888 lex
1825 3842 1918 3888 tua
1967 3835 2074 3888 ful-

507 3937 603 3976 cro
626 3923 755 3976 mihi
779 3923 992 3978 fuisset.

579 4009 744 4065 Vens.
779 4012 868 4066 95.
900 4012 965 4066 In
1008 4024 1260 4067 aeternum
1294 4030 1397 4067 non
1431 4014 1711 4072 obliviscar
1737 4015 2078 4085 justi/icatio-

509 4120 598 4158 nes
625 4116 766 4165 tuas,
796 4105 922 4172 quia
950 4105 1003 4156 in
1028 4105 1154 4172 ipsis
1193 4105 1469 4173 viuiﬁcasti
1505 4120 1605 4157 me.
1638 4103 1836 4159 Verum
1869 4121 2075 4160 memor

507 4211 604 4252 ero
653 4195 1066 4265 disciplinarum
1118 4205 1371 4260 tuarum,
1400 4211 1538 4266 quas
1574 4196 1630 4251 in
1668 4197 1775 4251 vita
1820 4197 2017 4253 edidici
2056 4218 2068 4253 :

509 4303 606 4357 per
630 4286 752 4342 illas
767 4288 909 4341 enim
935 4302 965 4340 a
989 4296 1136 4341 terra
1162 4285 1216 4341 in
1237 4287 1436 4342 caelum
1465 4288 1762 4352 transiens,
1796 4303 1920 4343 cum
1973 4305 2072 4343 an-

2192 1810 2467 1880 ’Δλήθειαν
2495 1811 2550 1864 δὲ
2578 1811 2724 1880 λέγει
2758 1811 2854 1882 τὴν
2882 1811 3210 1880 ἐπαγγελίαν
3251 1811 3474 1883 ταύτην,
3528 1811 3596 1881 ἣν
3632 1807 3728 1864 οίδε

2179 1902 2396 1966 πάντως
2427 1903 2796 1974 γενησομένην
2846 1905 2926 1964 είς
2975 1904 3168 1972 γενεὰν
3212 1904 3306 1957 καὶ
3347 1903 3564 1971 γενεάν.
3604 1903 3730 1957 Καθ’

2180 1994 2413 2064 ἑκάστην
2430 1995 2540 2064 γάρ
2561 1995 2753 2062 γενεὰν
2787 1996 2928 2067 μέρη
2954 1995 3075 2050 τινὰ
3105 1994 3204 2064 τῆς
3235 1994 3490 2066 ἀληθείας
3535 1993 3729 2064 ἀνθρὼ-

2180 2103 2300 2149 ποις
2329 2085 2694 2150 ἁποστέλλεις,
2717 2087 2812 2140 καὶ
2835 2089 2904 2139 τὰ
2932 2086 3222 2157 σύμπαντα
3245 2086 3339 2138 τοῦ
3363 2086 3567 2156 κόσμου
3595 2086 3720 2156 μέρη

2179 2177 2248 2230 τά
2276 2195 2334 2230 τε
2362 2178 2534 2248 ὁρατὰ
2572 2180 2636 2248 τῇ
2671 2181 2736 2249 σῇ
2782 2178 3023 2244 διατάξει
3057 2178 3404 2249 συνέστηκεν,
3454 2178 3524 2247 μὴ
3558 2176 3718 2229 κινού-

2185 2287 2318 2341 μενα
2347 2270 2453 2322 τῶν
2482 2269 2640 2340 ὀρῶν,
2698 2269 2830 2341 μηδὲ
2863 2271 2952 2323 τὸν
2990 2270 3150 2340 νόμον
3193 2270 3283 2323 τὸν
3332 2269 3606 2341 ὁρισθέντα
3630 2268 3716 2321 αῦ-

2178 2364 2291 2425 τοῖς
2329 2362 2743 2434 παραϐαίνοντα.
2792 2363 2971 2416 Αἴτιον
3023 2362 3079 2416 δὲ
3115 2363 3213 2434 τῆς
3242 2361 3444 2416 τούτων
3485 2363 3718 2416 ἁπάντων

2177 2451 2437 2525 διαμονῆς
2468 2455 2527 2508 τὸ
2581 2455 2639 2507 σὲ
2676 2455 2830 2526 μόνον
2870 2455 3072 2527 Κύριον
3104 2451 3242 2508 εἶναι
3282 2455 3390 2508 τῶν
3439 2455 3572 2508 ὅλων
3605 2471 3618 2484 ·
3657 2452 3719 2506 τὰ

2177 2541 2234 2596 δὲ
2266 2544 2424 2598 λοιπὰ
2470 2544 2646 2598 πάντα
2688 2550 2758 2598 σα
2783 2545 2974 2610 δοῦλα,
3029 2547 3125 2598 καὶ
3166 2545 3241 2608 ὡς
3276 2543 3441 2599 δοῦλα
3476 2544 3716 2598 ὑποτέτα-

2179 2650 2325 2688 κται.

2249 2733 2316 2783 Εὶ
2350 2730 2435 2799 μὴ
2467 2731 2556 2784 ὅτι
2595 2734 2627 2785 ό
2656 2732 2836 2800 νόμος
2868 2746 2983 2785 σου
3017 2731 3238 2801 μελέτη
3271 2749 3390 2802 μου
3419 2733 3573 2796 ἐστι,
3605 2731 3720 2784 τότε

2179 2825 2259 2878 ἄν
2283 2827 2607 2895 ἀπωλόμην
2645 2829 2714 2880 ἐν
2738 2827 2812 2896 τῇ
2846 2827 3193 2882 ταπεινώσει
3229 2845 3368 2896 μου.
3397 2828 3619 2898 Εἴρηται
3652 2828 3718 2890 ὡς

2176 2919 2206 2970 6
2237 2917 2426 2989 καιρὸς
2457 2918 2564 2970 τῶν
2610 2917 2926 2990 πειρασμῶν
2969 2919 3063 2972 καὶ
3104 2919 3210 2972 τῶν
3240 2918 3600 2990 περιστάσεων
3642 2934 3721 2971 τι·

2178 3009 2434 3072 πείνωσις
2463 3010 2799 3081 ὀνομάζεται.
2837 3011 3121 3080 Μακαρίου
3151 3009 3330 3063 τοίνυν
3367 3011 3514 3064 ἐστὶν
3549 3010 3719 3081 ἀνδρὸς

2176 3102 2238 3155 τὸ
2265 3101 2512 3170 γενέσθαι
2543 3105 2600 3155 ὲν
2644 3105 2710 3174 τῇ
2763 3101 3109 3167 ταπεινώσει,
3153 3104 3246 3156 καὶ
3283 3103 3357 3174 μὴ
3408 3102 3714 3157 ἀπολέσθαι·

2174 3194 2336 3246 οἱονεὶ
2366 3193 2597 3264 ἐλήλυθα
2627 3197 2706 3258 εἰς
2741 3195 3041 3269 πειρασμὸν
3092 3194 3390 3266 μαρτυρίου
3412 3211 3427 3225 ο
3474 3197 3522 3247 εἰ
3567 3195 3656 3264 μὲν
3692 3195 3718 3246 6

2175 3283 2336 3354 νόμος
2363 3285 2456 3338 τοῦ
2490 3285 2624 3339 Θεοῦ
2661 3285 2857 3356 μελέτη
2910 3302 3009 3357 μου
3051 3280 3118 3356 ἦν
3159 3285 3246 3337 ἀεὶ
3289 3283 3397 3355 πρὸ
3440 3283 3529 3337 τοῦ
3562 3285 3712 3353 ἐμπε-

2176 3377 2310 3440 σεῖν,
2361 3376 2452 3429 καὶ
2486 3377 2688 3446 ἡσκουν
2719 3376 2899 3439 αὐτὸν,
2944 3373 3114 3428 ἐλθὼν
3159 3375 3251 3427 ἐπὶ
3280 3373 3380 3444 τὴν
3410 3375 3711 3427 ταπείνωσιν

2173 3465 2270 3536 τὴν
2303 3466 2443 3520 κατὰ
2469 3467 2561 3519 τὸν
2601 3466 2902 3538 πειρασμὸν
2947 3463 3041 3519 τοῦ
3085 3464 3403 3536 μαρτυρίου,
3440 3466 3534 3518 οὐκ
3560 3461 3711 3516 ἀπόλ-

2173 3557 2360 3628 λυμαι,
2397 3558 2581 3622 Οὕτως
2620 3559 2846 3631 ἁρμόζει
2889 3559 2984 3612 καὶ
3031 3557 3124 3610 ἐπὶ
3182 3556 3380 3620 παντὸς
3421 3552 3706 3627 πειρασμοῦ

2174 3652 2377 3703 εἰπεῖν’
2411 3650 2544 3704 ἀλλὰ
2591 3651 2686 3706 καὶ
2722 3650 2827 3704 τῶν
2875 3649 3124 3721 πονηρῶν
3155 3649 3419 3719 λογισμῶν
3470 3649 3554 3700 καὶ
3601 3646 3701 3699 τῶν

2173 3741 2563 3810 ἀντικειμένων
2610 3741 2886 3812 δυνάμεων
2923 3741 3272 3811 πολεμουσῶν
3303 3741 3436 3811 ἐμοί.
3467 3735 3614 3810 Εἶχον
3639 3735 3703 3791 ἂν

2174 3831 2514 3896 ἀπολεῖσθαι,
2563 3834 2611 3884 εί
2655 3832 2729 3903 μὴ
2773 3835 2801 3885 6
2834 3833 2924 3896 σὸς
2970 3832 3133 3903 νόμος
3175 3831 3560 3903 ἀντιστηριγμά
3612 3845 3707 3900 μου

2173 3924 2413 3995 γένηται.

2233 4015 2336 4078 Εἰς
2372 4013 2478 4067 τὸν
2512 4012 2694 4066 αἰῶνα
2722 4016 2794 4068 οὐ
2821 4015 2906 4083 μὴ
2947 4013 3310 4083 ἐπιλάθωμαι
3347 4012 3462 4066 τῶν
3498 4012 3713 4065 δικαιω-

2167 4105 2368 4174 μάτων
2383 4120 2521 4169 σου,
2550 4107 2639 4159 ὅτι
2657 4108 2727 4159 ἐν
2743 4106 2944 4171 αὐτοῖς
2969 4104 3184 4174 ἔζησάς
3197 4123 3292 4174 με.
3327 4105 3486 4158 Ἀλλὰ
3520 4102 3716 4176 μεμνή-

2175 4214 2337 4268 σομαι
2357 4197 2465 4251 τῶν
2488 4197 2822 4268 μαθημάτων
2846 4214 2958 4262 σου,
2996 4191 3072 4250 ὧν
3099 4197 3298 4268 ἔμαθον
3327 4199 3385 4249 ἐν
3414 4196 3492 4266 τῷ
3515 4195 3628 4265 βίῳ·
3657 4193 3718 4245 δι’

2175 4292 2355 4344 ἐκεῖνα
2379 4289 2488 4361 γὰρ
2517 4289 2624 4342 ἀπὸ
2648 4289 2750 4359 γῆς
2775 4290 2856 4352 εἰς
2889 4289 3115 4359 οὐρανὸν
3157 4286 3423 4359 μετελθὼν
3456 4286 3588 4340 οἰκῶ
3613 4283 3721 4355 μετ’

508 4380 642 4451 gelis
687 4379 893 4434 habito.
956 4377 1424 4444 Quemadmodum
1474 4382 1617 4434 enim
1665 4380 1758 4448 qui
1807 4395 1872 4434 ex
1917 4381 2069 4450 gravi

2176 4382 2436 4451 ἀγγέλων.
2470 4383 2680 4451 Ὥσπερ
2729 4379 2836 4451 γὰρ
2888 4383 2916 4435 6
2967 4382 3030 4434 ἐκ
3076 4379 3316 4452 μεγάλης
3347 4379 3503 4433 νόσου
3535 4377 3622 4431 διά
3649 4393 3724 4428 τι-

508 4472 701 4526 morbo
732 4471 1068 4527 medicorum
1099 4471 1358 4527 subsidiis
1389 4473 1598 4526 ﬁrmam
1625 4481 1679 4528 et
1712 4474 1956 4529 stabilem
1983 4490 2066 4530 sa-

508 4563 736 4618 nitatem
767 4563 986 4633 accipit,
1013 4562 1158 4632 quod
1190 4563 1480 4618 incolumis
1514 4571 1566 4617 et
1595 4563 1735 4618 bona
1765 4564 2071 4618 valetudine

509 4657 601 4719 sit,
640 4669 745 4709 non
787 4653 908 4709 ideo
935 4653 1278 4708 obliviscitur
1305 4651 1652 4715 medicinam,
1686 4669 1792 4723 qua
1838 4654 1955 4724 ipse
1983 4671 2073 4710 sas

511 4746 732 4800 nitatem
755 4754 1083 4800 conseculus
1110 4751 1224 4810 est;
1251 4745 1324 4798 ita
1353 4744 1454 4799 iste
1481 4753 1704 4799 sanctus
1728 4760 1757 4798 a
1781 4745 1892 4802 Deo
1916 4736 2074 4814 justi-

511 4834 854 4890 ﬁcationibus
875 4850 1012 4906 quas
1044 4835 1256 4905 accepit
1289 4835 1616 4900 viviﬁcatus,
1649 4852 1744 4906 per
1777 4853 1938 4892 omne
1970 4854 2072 4892 sa:-

510 4927 692 4981 culum
726 4928 801 4980 ait
832 4943 891 4982 se
913 4943 1100 4983 earum
1135 4911 1358 4982 minime
1386 4927 1613 4982 oblitum
1644 4928 1752 4994 iri;
1783 4929 1924 4984 hanc
1949 4931 2073 4985 red-

509 5018 645 5074 dens
673 5018 968 5084 rationem,
995 5035 1054 5074 se
1092 5020 1147 5072 in
1178 5019 1246 5075 iis
1274 5033 1304 5072 a
1348 5018 1455 5074 Deo
1486 5020 1816 5075 viviﬁcatum
1853 5035 1995 5077 esse.

581 5195 744 5254 Vsus.
768 5197 954 5255 94-96.
977 5199 1119 5253 Tuus
1147 5216 1262 5253 sum
1299 5217 1411 5268 ego,
1435 5201 1637 5254 saluum
1679 5218 1758 5256 me
1802 5201 1908 5271 fac,
1939 5220 2068 5274 quo-

509 5292 653 5345 niam
690 5291 1101 5362 iustiﬁcationes
1142 5300 1260 5345 tuas
1302 5293 1576 5362 exquisivi.
1613 5292 1700 5347 Me
1741 5308 2070 5364 exspectaue-

510 5392 633 5436 runt
658 5393 976 5451 peccatores,
1010 5392 1067 5436 ut
1103 5383 1374 5453 perderent
1401 5401 1500 5447 me,
1527 5387 1828 5441 testimonia
1862 5396 1951 5442 tua
1985 5389 2067 5441 in-

509 5477 706 5531 tellexi.
753 5476 936 5533 Omnis
995 5476 1463 5531 consummationis
1504 5478 1608 5531 uidi
1649 5480 1806 5548 ﬁnem
1896 5481 2062 5534 latum

509 5569 813 5623 mandatum
840 5581 984 5624 tuum
1004 5571 1179 5625 nimis.

585 5660 746 5717 Vens.
779 5662 993 5720 97400.
1038 5659 1311 5732 Quomodo
1351 5661 1512 5716 dilexi
1553 5661 1918 5732 legemtuam,
1957 5666 2054 5722 Do-

2174 4491 2278 4527 νων
2315 4471 2570 4544 ἰατρικῶν
2603 4470 2962 4543 βοηθημάτων
2985 4471 3184 4539 παγίαν
3221 4469 3314 4523 καὶ
3345 4468 3569 4539 βεϐαίαν
3601 4468 3722 4520 ἀνα-

2173 4563 2350 4618 λαϐὼν
2387 4563 2598 4631 ὑγίειαν
2625 4563 2692 4617 δι’
2724 4562 2889 4617 αὑτοῦ
2929 4562 3020 4616 τοῦ
3054 4561 3316 4630 ὑγιαίνειν
3361 4562 3454 4614 καὶ
3494 4558 3725 4612 εὐεκτείν

2171 4656 2273 4732 οὐκ
2319 4654 2731 4708 ἐπιλανθάνεται
2766 4654 2874 4706 τῶν
2931 4654 3185 4726 ἰατρικῶν
3217 4653 3438 4705 ἐκείνων
3482 4647 3568 4714 οἷς
3604 4651 3726 4719 ἡκο-

2170 4746 2398 4816 λούθησε
2433 4747 2493 4799 τὸ
2526 4745 2696 4809 οὕτως
2727 4746 2888 4800 αὑτὸν
2921 4748 3036 4816 μετ’
3069 4743 3278 4809 εὐεξίας
3312 4743 3607 4812 ὑγιαίνεινο
3641 4740 3727 4795 οῦ·-

2169 4857 2277 4902 τως
2321 4842 2348 4893 6
2394 4840 2547 4907 ἅγιος
2595 4832 2769 4903 οὗτος,
2811 4837 2917 4890 ὑπὸ
2965 4835 3099 4891 Θεοῦ
3147 4834 3511 4906 ζωοποιηθεὶς
3554 4835 3612 4888 ἐν
3651 4825 3727 4894 οἷς

2170 4930 2294 5001 ἔσχε
2353 4932 2481 5002 παρ’
2530 4928 2694 4983 αὐτοῦ
2749 4928 3078 4999 δικαιῶμασι
3124 4927 3269 4996 λέγει
3313 4925 3442 4998 παρ’
3477 4927 3603 4980 ὅλον
3643 4924 3728 4978 τὸν

2169 5023 2338 5076 αἰῶνα
2370 5022 2444 5094 μὴ
2477 5021 2927 5076 ἐπιλανθάνεσθαι
2978 5019 3176 5082 αὐτῶν,
3206 5019 3493 5082 ἀποδιδοὺς
3522 5018 3620 5089 τὴν
3649 5019 3729 5070 αἱ·

2168 5115 2310 5176 τίαν,
2341 5115 2400 5168 τὺ
2434 5117 2491 5168 ἐν
2519 5114 2700 5177 αὐτοῖς
2725 5113 2813 5166 τὸν
2840 5113 2973 5166 Θεὸν
3001 5111 3162 5166 αὐτὸν
3190 5110 3443 5181 ἐζηκέναι
3474 5110 3628 5181 (sic).

2239 5204 2353 5268 Σός
2401 5205 2516 5272 ειμι
2565 5201 2699 5271 ἐγὼ,
2752 5201 2958 5256 σῶσόν
2982 5219 3079 5271 με,
3117 5200 3207 5254 ὅτι
3254 5199 3326 5253 τὰ
3366 5196 3728 5275 δικαιώματά

2167 5311 2283 5351 σου
2320 5293 2664 5361 ἑξεζήτησα.
2736 5292 2865 5364 Ἐμὲ
2906 5293 3233 5363 ὑπέμειναν
3286 5297 3341 5348 oi
3393 5288 3728 5363 ἁμαρτωλοὶ

2167 5388 2272 5442 τοῦ
2297 5387 2596 5442 ἀπολέσαι
2622 5405 2718 5456 με,
2742 5388 2814 5440 τὰ
2840 5385 3132 5456 μαρτύριά
3165 5404 3280 5441 σου
3317 5385 3584 5455 συνῆκα.
3624 5383 3727 5440 Πάν-

2167 5497 2284 5547 σης
2312 5479 2664 5546 συντελείας
2695 5475 2858 5534 εἶδον
2890 5477 3094 5548 πέρας,
3147 5479 3400 5534 πλατεῖα
3429 5482 3468 5549 ἠ
3509 5475 3721 5545 ἐντολή

2165 5593 2281 5630 σου
2311 5575 2564 5644 σφόδρα.
3731 5560 3733 5562 ’

2250 5669 2342 5734 Ὡς
2366 5664 2649 5738 ἠγάπησα
2688 5666 2790 5723 τὸν
2817 5669 3002 5737 νόμον
3033 5686 3170 5735 σου,
3198 5669 3393 5739 Κύριε,
3427 5669 3585 5738 ὅλην
3615 5663 3725 5735 τὴν
