4040 6210
291 270 422 330 ίεόι

1442 251 1941 314 COMMENTARIA
1979 251 2044 305 IN
2083 247 2420 304 PSALMOS.

3385 243 3528 300 {382

288 386 513 458 ἡμέραν
553 383 776 454 μελέτη
811 399 927 450 μου
963 380 1156 433 ἐστίν·
1202 375 1381 444 ’Υπὲρ
1429 374 1569 440 τοὺς
1603 372 1890 443 ilo-"0"“

1992 369 2119 431 sine,
2141 375 2250 420 tota
2277 365 2362 419 die
2390 364 2660 418 meditatio
2682 381 2795 418 mea
2815 373 2913 418 est.
2940 363 3108 430 Super
3127 360 3368 415 inimicos
3392 376 3531 414 meos

286 495 405 551 μου
443 473 740 543 ἐσόφισάς
779 489 855 542 με
897 472 1011 539 τὴν
1049 467 1306 534 ἐντολήν
1351 481 1488 530 σου,
1524 465 1612 518 ὅτι
1639 466 1725 529 εὶς
1752 462 1859 516 τὸν

290 566 476 622 αἰῶνα
514 562 625 634 ἐμή
660 564 849 618 ἐστιν.
892 559 1060 630 Ὑπὲρ
1101 559 1330 623 πάντας
1374 555 1516 621 τοὺς
1551 551 1860 607 διδάσκον-

290 659 400 726 τὰς
422 675 498 728 με
530 655 793 724 συνῆκα,
826 654 916 708 ὅτι
940 653 1014 707 τὰ
1034 649 1325 722 μαρτύριά
1347 665 1464 704 σου
1486 647 1706 718 μελέτη
1741 663 1860 715 μου

293 751 486 806 ἐστίν.
541 746 710 816 Ὑπὲρ
736 743 1176 815 πρεσϐυτέρους
1195 741 1456 810 συνῆκα,
1497 739 1586 793 ὅτι
1621 739 1728 804 τὰς
1767 737 1862 790 ἐν-

294 840 474 907 τολάς
525 855 641 893 σου
686 834 1033 905 ἐξεζήτησα.
1073 835 1136 888 El
1165 833 1219 886 δὲ
1252 832 1398 900 λέγοι
1437 847 1540 883 που
1574 831 1603 882 ὁ
1650 828 1858 899 Σωτήρδ

300 934 419 985 Οὐκ
446 930 578 983 ἐστι
603 928 877 999 μαθητὴς
912 925 1064 994 ὑπὲρ
1101 924 1206 978 τὸν
1235 920 1630 983 διδάσκαλον,
1665 919 1756 972 καὶ
1797 916 1864 970 τὰ

298 1022 446 1092 ἑξῆς,
497 1020 736 1085 λεκτέον,
791 1020 871 1072 ὅτι
927 1016 1071 1070 τοῦτ’
1103 1016 1312 1086 εἴρηται
1341 1013 1419 1083 τῷ
1445 1012 1657 1083 Σωτῆρι
1695 1027 1864 1082 προσ-

297 1112 744 1182 διαστειλαμένῳ,
786 1111 879 1163 καὶ
912 1109 1102 1178 φάντι’
1133 1105 1229 1174 Μὴ
1263 1103 1555 1172 καλέσητε
1586 1100 1868 1155 διδάσκα-

298 1210 413 1259 λον
441 1204 540 1258 ἐπὶ
572 1203 684 1272 τῆς
719 1202 834 1274 γῆς
856 1219 869 1233 ·
907 1196 994 1266 εἷς
1017 1201 1127 1269 γάρ
1147 1200 1318 1253 ἐστιν
1336 1197 1502 1267 ὑμῶν
1525 1199 1558 1251 ό
1579 1194 1867 1249 διδάσκαο

299 1301 409 1360 λος
438 1299 470 1350 ό
513 1296 584 1349 ἐν
609 1295 735 1362 τοῖς
775 1292 1071 1361 οὐρανοῖς.
1122 1290 1209 1353 Ὠς
1242 1289 1378 1361 πρὸς
1407 1289 1612 1341 ἐκεῖνον
1648 1281 1739 1338 οὖν
1777 1285 1868 1337 τὸν

300 1386 625 1440 διδάσκαλον
675 1387 774 1440 οὐκ
810 1385 926 1437 ἔστι
961 1382 1206 1454 μαθητὴς
1253 1379 1538 1452 κρείττων.
1598 1379 1660 1432 Οἱ
1687 1378 1744 1431 δὲ
1792 1378 1871 1430 ὲν-

302 1476 476 1529 ταῦθα
504 1475 820 1546 δηλούμενοι
871 1472 1057 1526 ιιτολλολ⁸
1107 1471 1419 1525 διδάσκαλοι
1459 1470 1636 1540 ἕτεροι
1681 1468 1874 1538 τυγχά-

303 1583 503 1630 νουσιν,
532 1559 609 1626 (Iw
638 1565 895 1628 πολλάκις
923 1565 951 1616 ὁ
986 1561 1232 1634 μαθητὴς
1264 1562 1545 1633 κρειττιιιν.
1582 1559 1794 1612 Γίνεται
1815 1557 1873 1610 δὲ

306 1660 550 1722 πλείονος
579 1658 673 1712 καὶ⁵
709 1655 963 1728 συνεχοῦς
995 1655 1094 1726 τῆς
1132 1655 1260 1725 περὶ
1304 1655 1430 1718 τοὺς
1467 1651 1644 1716 θείους
1685 1650 1874 1718 λόγους

306 1748 614 1818 ἀσκήσεως.

391 1839 484 1891 Ἐκ
513 1838 713 1906 πάσης
738 1837 880 1892 ὀδοῦ
912 1834 1177 1906 πονηρᾶς
1201 1834 1479 1889 ἐκώλυσα
1509 1832 1650 1899 τοὺς
1688 1831 1877 1898 πόδας

302 1949 443 2002 μου,
468 1931 627 1997 ὅπως
656 1929 732 1984 ἂν
754 1930 1000 2000 φυλάξω
1027 1928 1171 1994 τοὺς
1197 1927 1421 1996 λόγους
1451 1939 1586 1978 σου.
1607 1923 1737 1978 Ἀπὸ
1764 1921 1880 1976 τῶν

310 2023 608 2092 χριμάτων
638 2037 752 2074 σου
784 2021 895 2073 οὐκ
925 2016 1225 2083 ἐξέκλινα,
1272 2015 1362 2068 ὅτι
1407 2012 1488 2068 σὺ
1534 2011 1880 2082 ἐνομοθέτη-

309 2117 428 2184 σὰς
441 2134 560 2186 μοι.
581 2113 673 2180 ’.Ως
697 2109 920 2182 γλυκέα
950 2108 1029 2175 τῷ
1051 2107 1306 2176 λάρυγγι
1319 2123 1438 2176 μου
1458 2104 1530 2159 τὰ
1550 2102 1721 2173 λόγιά
1740 2116 1875 2155 σουο

308 2207 460 2276 ὑπὲρ
492 2203 631 2276 μέλι
654 2201 734 2268 τῷ
754 2199 1003 2269 στόματί
1014 2216 1156 2268 μου.
1174 2197 1304 2253 Ἀπὸ
1327 2197 1444 2250 τῶν
1468 2195 1732 2249 ἐντολῶν
1765 2207 1880 2247 σου

311 2297 582 2366 συνῆκα,
629 2294 727 2348 διὰ
775 2291 948 2346 τοῦτο
1000 2289 1265 2358 ἐμίσησα
1309 2285 1515 2343 πᾶσαν
1565 2284 1708 2338 ὁδὸν
1754 2283 1881 2338 ἀδι-

314 2391 469 2456 κίας.

386 2479 623 2547 Λύχνος
671 2474 797 2541 τοῖς
839 2458 987 2529 ποσί
1024 2489 1144 2542 μου
1191 2472 1224 2524 ό
1250 2470 1433 2537 νόμος
1461 2480 1598 2532 σου,
1632 2463 1731 2518 καὶ
1761 2462 1886 2532 φῶς

316 2568 449 2635 ταῖς
494 2567 712 2636 τρίϐοις
751 2565 1129 2634 μου.”Ωμοσα
1171 2561 1269 2616 καὶ
1299 2559 1532 2626 ἐστησα
1560 2556 1665 2610 τοῦ
1694 2553 1887 2624 φυλά-

320 2662 535 2725 ξασθαι
581 2659 653 2711 τὰ
702 2657 954 2725 κρίματα
992 2653 1101 2722 τῆς
1139 2651 1529 2717 δικαιοσύνης
1561 2663 1695 2702 σου.
1713 2646 1886 2713 Ἐπεὶ,

325 2750 550 2822 μηδενὸς
595 2747 1014 2818 ὲκϐιασαμένου,
1046 2743 1222 2816 οἰκείᾳ
1251 2741 1590 2814 χρησάμενος
1619 2741 1762 2810 ὁρμῇ
1795 2738 1890 2792 καὶ

321 2841 638 2916 προαιρέσει
665 2839 864 2910 ἀγαθῇ,
893 2839 1039 2909 ὅρκῳ
1061 2835 1252 2888 ἑαυτὸν
1285 2832 1614 2904 κατεδήσατο
1637 2830 1729 2884 καὶ
1747 2827 1891 2899 ὦμο-

325 2949 386 2985 σε
413 2931 504 2984 τοῦ
535 2929 872 3001 φυλάξασθαι
913 2927 978 2980 τὰ
1015 2927 1257 2997 κρίματα
1295 2925 1392 2995 τῆς
1422 2921 1765 2992 δικαιοσύνης
1796 2920 1890 2973 τοῦ

1964 462 2247 531 sapientem
2286 475 2366 512 me
2399 457 2568 528 fecisti
2604 458 2854 512 mandato
2897 467 3004 523 tuo,
3043 457 3168 527 quia
3199 456 3252 508 in
3283 465 3534 509 ostentum

1965 569 2136 607 meum
2174 559 2271 606 est.
2299 550 2467 619 Super
2500 565 2674 603 omnes
2709 547 2950 603 docentes
2993 563 3074 601 me
3120 545 3352 600 intellexi
3374 585 3388 607 ,
3411 545 3535 613 quia

1969 642 2269 698 testimonia
2301 651 2392 694 tua
2427 641 2700 695 meditatio
2728 657 2842 694 mea
2881 648 2979 694 est.
3020 637 3188 705 Super
3209 653 3351 689 senes
3375 635 3534 688 intel-

1969 735 2093 797 laxi,
2119 733 2244 802 quia
2293 731 2548 785 mandata
2578 741 2669 785 tua
2718 731 2953 801 quaesivi.
2988 729 3145 796 Quod
3191 728 3236 784 si
3288 727 3536 781 Salvator

1969 826 2170 882 alicubi
2188 826 2333 880 dicat
2359 844 2371 879 :
2395 823 2518 878 Non
2547 823 2931 892 estdiscipulus
2948 837 3116 890 super
3143 821 3451 890 magistrum
3471 819 3537 876 ¹⁶ι

1973 927 2026 974 et
2053 926 2267 980 caetera,
2303 916 2591 971 dicendum
2632 921 2716 969 est
2757 915 2860 968 hoc
2904 913 3315 984 pronuntiatum
3346 925 3376 964 a
3420 909 3542 964 Sal-

1970 1019 2158 1064 vatore
2189 1009 2378 1070 fuisse,
2419 1021 2542 1060 cum
2587 1006 2738 1076 prius
2782 1004 3124 1059 distinxisset
3161 1016 3225 1055 ac
3263 1000 3492 1056 dixisset
3523 1017 3538 1054 :

1975 1099 2056 1154 Ne
2082 1101 2270 1156 vocetis
2302 1099 2613 1168 magistrum
2653 1110 2812 1164 super
2844 1104 3040 1148 terram
3073 1110 3091 1147 :
3121 1109 3254 1145 unus
3289 1091 3427 1144 enim
3464 1095 3544 1144 est

1975 1191 2231 1263 Magister
2258 1200 2425 1245 vester
2456 1187 2546 1260 qui
2566 1195 2642 1240 est
2673 1187 2726 1238 in
2757 1186 2900 1240 cmlis
2933 1186 2994 1238 ⁸⁷.
3030 1184 3177 1237 Illius
3217 1183 3398 1252 itaque
3425 1195 3543 1235 ma-

1977 1284 2133 1354 gistri
2160 1283 2566 1352 comparatione
2593 1297 2700 1335 non
2730 1287 2814 1334 est
2841 1277 3145 1347 discipulus
3175 1273 3539 1346 prarstantior.

1979 1375 2222 1446 Magistri
2243 1383 2448 1438 autem,
2485 1375 2578 1444 qui
2610 1373 2700 1427 hic
2728 1371 2882 1425 multi
2911 1385 3032 1425 esse
3062 1368 3428 1431 declarantur,
3450 1360 3543 1418 alii

1980 1476 2128 1532 sunt,
2189 1467 2389 1536 quibus
2439 1467 2758 1536 plerumque
2819 1461 3122 1532 discipulus
3176 1459 3390 1514 doctior
3436 1463 3541 1511 est.

1981 1561 2135 1628 Quod
2185 1559 2367 1614 evenit
2415 1574 2482 1614 ex
2533 1560 2738 1625 majore
2761 1565 2812 1611 et
2850 1553 3218 1625 frequentiore
3258 1551 3314 1604 in
3344 1547 3545 1602 divinis

1983 1649 2329 1708 sermonibus
2363 1648 2774 1703 exercitatione.

2049 1821 2215 1878 Vsus.
2255 1821 2350 1874 101
2382 1820 2537 1874 -104,
2567 1818 2646 1872 Ab
2668 1817 2810 1871 omni
2836 1816 2919 1868 via
2947 1814 3090 1867 mala
3123 1811 3362 1881 prohibui
3394 1809 3546 1879 pedes

1980 1931 2140 1977 meos,
2182 1921 2239 1965 ut
2288 1910 2584 1965 custodiam
2627 1907 2780 1962 verba
2815 1915 2926 1958 tua.
2962 1905 3005 1956 Α
3042 1903 3265 1973 judiciis
3311 1903 3412 1954 tuis
3443 1917 3547 1954 non

1980 2001 2261 2064 declinavi,
2307 2000 2432 2070 quia
2467 2009 2521 2050 tu
2554 1998 2711 2067 legem
2744 1995 2967 2065 posuisti
3011 1993 3156 2046 mihi.
3210 1992 3382 2056 Quam
3426 1990 3548 2043 dui-

1981 2096 2065 2148 cia
2094 2092 2337 2164 faucibus
2383 2092 2510 2145 meis
2541 2090 2748 2158 eloquia
2795 2098 2883 2140 tua
2899 2087 2918 2140 .'
2958 2102 3111 2155 super
3150 2084 3251 2138 mel
3288 2084 3367 2137 ori
3411 2099 3544 2136 meo.

1981 2187 2025 2241 A
2083 2185 2349 2240 mandatis
2400 2185 2504 2237 tuis
2539 2181 2795 2245 intellexi,
2854 2190 3125 2248 propterea
3172 2176 3311 2230 adiri
3346 2191 3548 2230 omnem

1983 2282 2119 2334 viam
2153 2277 2467 2342 iniquitatis.

2059 2451 2227 2507 Vens.
2275 2449 2398 2512 105,
2443 2446 2566 2502 106.
2617 2443 2857 2497 Lucerna
2905 2441 3121 2509 pedibus
3163 2443 3288 2495 meis
3341 2442 3548 2496 verbum

1989 2557 2158 2611 tuum,
2185 2553 2235 2598 et
2271 2546 2445 2596 lumen
2475 2538 2675 2593 semitis
2714 2537 2861 2589 meis.
2886 2532 3076 2588 Juravi
3103 2543 3149 2587 et
3179 2533 3343 2586 statui
3368 2543 3549 2586 custo-

1988 2639 2102 2692 dire
2125 2637 2334 2707 judicia
2351 2633 2721 2703 justitiaztuw.
2753 2627 2893 2695 Quia
2941 2628 3090 2681 nullo
3118 2627 3224 2680 vim
3265 2625 3551 2689 inlerente,

1990 2729 2085 2786 sed
2115 2727 2335 2799 proprio
2356 2733 2492 2780 nutu
2515 2733 2569 2778 et
2601 2723 2742 2778 bono
2768 2721 3068 2793 proposito,
3104 2733 3222 2773 sese
3244 2718 3556 2788 jurejuran-

1991 2827 2061 2882 do
2091 2823 2367 2885 astrinxit,
2399 2829 2454 2875 et
2477 2817 2682 2890 juravit
2711 2833 2771 2873 se
2817 2825 3158 2873 servaturum
3204 2830 3325 2870 esse
3347 2815 3554 2883 judicia

1992 2913 2216 2986 iustitia:
2246 2911 2363 2974 Dei,
2390 2918 2544 2981 rogat
2573 2919 2632 2962 ut
2656 2909 3026 2976 juramentum
3055 2920 3216 2961 suum
3245 2906 3556 2974 acceptione

325 3022 483 3087 θεοῦ,
518 2997 732 3092 εῦχεται
761 3019 851 3073 τὸν
879 3019 1038 3089 ὅρκον
1076 3017 1239 3071 αὐτοῦ
1273 3015 1542 3084 ἀποδοχῆς
1567 3012 1713 3077 ἄξιον
1742 3011 1890 3083 παρὰ

1995 3008 2215 3078 dignum
2248 3001 2589 3074 apud'Deum
2617 2999 2810 3056 evadat
2842 3019 2855 3054 :
2890 3014 3014 3053 nam
3053 2998 3291 3069 cognitio
3323 2997 3559 3068 judicio-

325 3075 404 3185 eq}
579 3075 856 3182 ;€Vé60at'
895 3075 1060 3163 δεῖται
1083 3109 1192 3180 γὰρ
1213 3106 1411 3176 πολλῆς
1437 3075 1781 3166 διδασκαλίας
1802 3075 1890 3156 καὶ

1996 3075 2116 3155 rum
2147 3099 2240 3154 Dei
2269 3097 2440 3152 multa
2470 3095 2718 3150 doctrina
2741 3102 2880 3164 eget.

326 3207 361 3276 ἡ
390 3204 587 3274 γνῶσις
624 3203 730 3256 τῶν
757 3203 1039 3275 χριμάτων
1073 3200 1167 3253 τοῦ
1201 3199 1355 3252 Θεοῦ.

411 3315 835 3383 Ἐταπεινώθην
878 3313 987 3379 ἕως
1035 3311 1285 3380 σφόδρα,
1335 3311 1509 3377 Κύριε
1531 3326 1544 3338 ·
1594 3307 1778 3377 ζῆσόν
1821 3325 1897 3375 με

328 3405 480 3462 κατὰ
525 3405 631 3459 τὸν
672 3405 857 3474 λόγον
893 3416 1028 3455 σου.
1069 3400 1146 3454 Τὰ
1175 3399 1421 3451 ἑκούσια
1466 3396 1571 3449 τοῦ
1603 3395 1899 3463 στόματός

323 3514 443 3565 μου
486 3493 825 3562 εὐδόκησον
879 3489 978 3558 δὴ,
1014 3489 1207 3556 Κύριε,
1240 3485 1339 3539 καὶ
1384 3487 1455 3539 τὰ
1505 3481 1899 3554 κρίματά.σου

328 3584 578 3648 δίδαξόν
601 3600 695 3653 με.
713 3582 774 3635 Ἡ
803 3577 972 3648 ψυχή
1002 3593 1118 3643 μου
1147 3575 1217 3628 ἐν
1242 3574 1371 3639 ταῖς
1413 3573 1585 3642 χερσί
1620 3587 1740 3640 μου
1773 3569 1900 3622 δια-

331 3674 576 3739 παντὸς,
617 3671 712 3726 καὶ
768 3668 875 3722 τοῦ
930 3669 1117 3736 νόμου
1179 3678 1294 3718 σου
1344 3666 1454 3717 οὐκ
1499 3661 1896 3729 ἐπελαθόμην.

337 3772 574 3822 ’Ἐθεντο
607 3759 934 3834 ἁμαρτωλοὶ
967 3757 1188 3828 παγίδα
1214 3773 1336 3825 μοι,
1368 3753 1464 3808 καὶ
1490 3755 1558 3807 ἐκ
1590 3751 1706 3806 τῶν
1737 3753 1901 3805 ἐντο-

335 3857 459 3914 λῶν
489 3872 602 3910 σου
635 3854 743 3905 οὐκ
775 3845 1144 3913 ἐπλανήθην.
1161 3843 1223 3896 Ἠ
1251 3843 1396 3912 ψυχή
1427 3858 1569 3903 τινος
1615 3841 1673 3892 ὲν
1719 3839 1902 3910 χερσὶν

338 3943 500 4000 αὑτοῦ
531 3943 696 4002 ἐστιν,
713 3938 908 3991 εἴποτε
935 3937 992 3988 ἐν
1025 3931 1285 3994 κινδύνοις
1313 3930 1620 4001 γεγένηται,
1639 3928 1904 3982 καὶτοῦτο

338 4043 372 4111 ἡ
406 4033 663 4106 συνήθεια
699 4029 844 4097 λέγει
871 4031 984 4081 ὅτιο
1020 4026 1132 4098 Τὴν
1152 4024 1328 4095 ψυχήν
1365 4038 1466 4094 μου
1499 4017 1641 4091 εἶχον
1680 4022 1759 4082 εἰς
1806 4019 1904 4082 τὰς

340 4108 528 4203 χεῖράς
577 4119 858 4196 μου.Ἐγὼ
904 4114 1016 4182 οῦν,
1051 4117 1212 4187 φησιν
1257 4116 1285 4167 ὁ
1325 4113 1547 4175 δίκαιος,
1587 4108 1906 4182 καθημὲραν

343 4202 692 4288 ἀποθνήσκω,
719 4211 805 4266 ἀεὶ
831 4207 1117 4262 κινδυνεύω
1147 4208 1233 4262 διὰ
1257 4206 1348 4259 τὸν
1379 4205 1532 4273 λόγον
1561 4220 1675 4266 σου,
1699 4202 1786 4256 διὰ
1809 4202 1906 4273 τὴν

342 4311 620 4383 ἀλήθειαν,
650 4306 738 4360 διὰ
769 4302 860 4356 τὸν
897 4300 1134 4369 ἔλεγχον,
1162 4300 1250 4352 διὰ
1277 4299 1372 4370 τὴν
1404 4297 1677 4369 βασιλείαν
1713 4296 1779 4366 ἢν
1815 4293 1909 4364 βα-

2066 3297 2232 3353 Vens.
2277 3276 2574 3352 107-112.
2632 3292 2958 3346 Ilumiliatus
3010 3305 3126 3343 sum
3174 3305 3558 3360 usquequaque,

2001 3392 2220 3446 Domine
2255 3404 2272 3442 :
2313 3389 2517 3458 vivi/ica
2559 3403 2638 3440 me
2675 3383 2957 3439 secundum
2992 3381 3200 3436 verbum
3253 3391 3416 3435 tuum.
3461 3383 3562 3437 Vo-

1999 3484 2234 3537 luntaria
2275 3481 2383 3533 oris
2413 3480 2511 3532 mei
2543 3477 2865 3545 beneplacita
2900 3473 3006 3542 fac,
3045 3471 3291 3535 Domine,
3329 3481 3379 3524 et
3410 3472 3564 3542 judi-

1999 3575 2082 3628 cia
2114 3583 2207 3626 tua
2244 3570 2368 3625 doce
2399 3585 2498 3623 me.
2527 3568 2722 3621 Anima
2752 3581 2866 3618 mea
2893 3564 2946 3616 in
2977 3562 3220 3615 manibus
3266 3563 3394 3615 meis
3424 3579 3562 3616 sem-

1998 3683 2109 3737 per,
2141 3675 2189 3720 et
2220 3665 2379 3735 legem
2411 3673 2555 3714 tuam
2586 3675 2690 3713 non
2717 3673 2833 3712 sum
2871 3655 3084 3708 oblitus.
3119 3652 3418 3707 Posuerunt
3452 3669 3565 3721 pee-

2001 3769 2203 3812 catores
2229 3755 2469 3825 laqueum
2492 3750 2644 3814 mihi,
2667 3757 2716 3802 et
2739 3747 2802 3801 de
2819 3745 3084 3800 mandatis
3114 3743 3218 3796 tuis
3247 3760 3348 3796 non
3369 3744 3560 3797 erravi.

2001 3849 2196 3904 Anima
2237 3845 2480 3914 cujusvis
2511 3843 2567 3897 in
2597 3839 2850 3894 manibus
2878 3838 2996 3907 ejus
3041 3845 3147 3898 est,
3181 3834 3227 3890 si
3261 3835 3479 3904 quando
3509 3835 3567 3890 in

2002 3940 2260 4012 periculis
2287 3944 2554 3998 versetur,
2585 3939 2747 4004 atque.
2775 3946 2840 3986 ex
2872 3927 3266 3985 consuetudine
3301 3928 3402 3981 hoc
3425 3927 3565 3982 dici-

2003 4038 2092 4086 tur
2124 4027 2413 4083 :Animam
2445 4039 2618 4080 meam
2651 4025 2706 4077 in
2750 4021 3006 4077 manibus
3039 4019 3174 4073 meis
3217 4019 3398 4072 habui.
3456 4016 3566 4087 Ego

2006 4121 2209 4190 itaque,
2234 4119 2309 4172 ait
2332 4117 2540 4188 justus,
2577 4112 2821 4185 quotidie
2849 4112 3075 4174 morior,
3113 4124 3324 4178 semper
3351 4109 3420 4163 ob
3445 4125 3562 4164 ser-

2007 4228 2221 4268 monem
2254 4219 2406 4265 tuum
2433 4210 2487 4263 in
2518 4207 2760 4278 periculo
2785 4221 2994 4270 versor,
3025 4215 3242 4273 propter
3265 4201 3565 4266 veritatem,

2010 4314 2231 4379 propter
2257 4301 2756 4372 reprehensionem,
2779 4305 3001 4368 propter
3034 4310 3255 4365 regnum
3279 4293 3364 4348 cui
3394 4294 3567 4370 impe-

347 4405 569 4462 σιλεύω’
601 4401 696 4455 καὶ
726 4397 814 4452 διὰ
845 4395 1017 4450 ταῦτα
1050 4395 1089 4461 ή
1119 4393 1285 4461 ψυχή
1321 4409 1440 4462 μου
1477 4390 1546 4444 ἐν
1573 4388 1700 4455 ταῖς
1738 4402 1890 4456 χερσί

2012 4412 2074 4452 ro
2104 4415 2119 4464 ;
2147 4403 2200 4453 et
2221 4395 2340 4450 ideo
2364 4392 2545 4446 anima
2565 4405 2680 4443 mea
2705 4389 2759 4442 in
2781 4387 3023 4440 manibus
3050 4386 3176 4439 meis
3206 4400 3419 4452 semper.
3451 4383 3570 4439 Non

341 4517 459 4570 μου
480 4490 820 4555 διαπαντός.
837 4488 912 4540 Οὐ
932 4486 1040 4556 γὰρ
1058 4486 1086 4538 ὁ
1102 4482 1341 4546 κίνδυνος
1363 4481 1455 4536 τοῦ
1481 4480 1708 4534 Θανάτου
1739 4477 1910 4530 ἐποίει

353 4608 437 4662 με,
453 4583 801 4642 ἐπιλαθέσθαι
829 4578 922 4634 τοῦ
971 4578 1137 4648 νόμου
1165 4593 1276 4630 σου.
1311 4575 1538 4629 Δύναται
1585 4573 1642 4627 δέ
1691 4589 1775 4635 τις
1819 4569 1914 4623 καὶ

350 4657 675 4752 ῦψηλότερον
708 4673 894 4744 νοῆσαι
925 4669 986 4723 τὸ
1014 4665 1195 4740 ῥητὸν,
1226 4667 1320 4719 καὶ
1351 4669 1542 4730 εἰπεῖν,
1562 4667 1643 4719 ὅτι
1677 4663 1715 4731 ἠ
1742 4657 1910 4730 ψυχή

345 4795 464 4849 μου
495 4775 564 4829 ἐν
592 4771 720 4837 ταῖς
754 4767 926 4839 χερσί
950 4780 1070 4834 μου
1105 4755 1184 4831 ἦν
1209 4756 1550 4824 διαπαντὸς,
1579 4757 1698 4810 ἀντὶ
1721 4753 1836 4818 τοῦ,
1857 4752 1914 4804 ἑν

353 4842 613 4938 σιραξεσιν
637 4859 892 4929 ἁγαθαῐς’
923 4856 957 4925 ἡ
987 4852 1106 4924 χεὶρ
1129 4848 1237 4938 γὰρ
1264 4847 1355 4900 ἐπὶ
1379 4845 1486 4899 τῶν
1504 4845 1768 4938 Δπράξεων
1791 4842 1917 4896 πολ-

353 4933 510 5018 λάκις
543 4947 916 5022 παραδέδοται.
959 4943 1020 4995 Ei
1045 4941 1102 4993 δὲ
1130 4933 1334 5000 ἐν’ταῖς
1361 4935 1514 5006 χερσί
1545 4951 1637 4988 σου
1666 4935 1772 5005 εἴη,
1794 4933 1918 5003 νοή-

359 5064 538 5118 σωμεν
557 5017 643 5115 xei
647 5059 744 5114 ρας
767 5033 901 5091 εἶναι
922 5033 1016 5088 τοῦ
1044 5031 1176 5086 Θεοῦ
1193 5031 1290 5101 τὴν
1303 5027 1658 5099 δημιουργίαν
1678 5025 1861 5088 αὑτοῦ,

358 5116 639 5212 προσιτέον
679 5122 1488 5192 διαπαντός.Ἐκληρονόμησα
1529 5118 1600 5212 τα
1627 5116 1921 5190 μαρτύριὰ

356 5208 474 5284 σου
503 5228 588 5292 εις
620 5223 728 5278 τὸν
756 5219 974 5274 αἰῶνα·
1024 5217 1113 5270 ὅτι
1143 5212 1484 5284 ἀταλλίαμα
1525 5208 1636 5277 τῆς
1675 5208 1921 5279 καρδίας

351 5338 472 5393 μου
496 5317 929 5373 εἱσιν.Ἕκλινα
951 5309 1066 5378 τὴν
1095 5304 1344 5375 καρδίαν
1379 5318 1497 5371 μου
1535 5301 1641 5355 τοῦ
1671 5299 1918 5368 ποιῆσαι

355 5392 433 5469 τὰ
458 5405 814 5480 δικαιώματά
839 5421 955 5460 σου
985 5403 1074 5467 εις
1096 5399 1203 5453 τὸν
1228 5394 1412 5450 αιῶνα
1430 5395 1504 5448 δι’
1534 5392 1912 5464 (induatur-tr.

323 5697 343 5720 ο
432 5680 482 5716 ﬂ
520 5677 707 5735 Matth.
744 5693 812 5748 ι,
845 5681 933 5734 9.4.
1012 5685 1056 5717 ιτ
1100 5676 1287 5738 latth.
1326 5688 1498 5741 nm,
1533 5673 1601 5740 9,
1639 5672 1728 5728 40.

2013 4488 2158 4544 enim
2190 4485 2491 4558 periculum
2523 4480 2716 4536 mortis
2744 4479 2879 4550 legis
2905 4489 3008 4532 tua:
3033 4477 3280 4532 oblivisci
3304 4492 3390 4532 me
3419 4475 3567 4533 fecit.

2008 4581 2277 4635 Caeterum
2309 4583 2490 4649 potest
2540 4573 2812 4646 quispiam
2870 4570 3158 4626 sublimius
3213 4569 3317 4624 hoc
3364 4569 3571 4624 dictum

2012 4671 2312 4740 intelligere
2342 4683 2408 4724 ac
2439 4667 2620 4723 dicere
2652 4685 2666 4720 :
2700 4665 2892 4718 Anima
2937 4679 3053 4716 mea
3081 4663 3136 4715 in
3178 4661 3416 4716 manibus
3445 4660 3572 4715 meis

2011 4770 2131 4819 erat
2162 4777 2399 4832 semper;
2436 4759 2490 4814 id
2519 4769 2624 4823 est,
2656 4760 2709 4813 in
2738 4758 2898 4812 bonis
2931 4755 3144 4811 actibus
3173 4772 3187 4809 :
3222 4768 3347 4809 nam
3375 4769 3573 4809 manus

2012 4865 2112 4922 pro
2143 4849 2354 4904 actibus
2384 4849 2694 4918 frequenter
2728 4846 2982 4900 traditur.
3016 4843 3072 4900 Si
3107 4853 3287 4900 autem
3316 4843 3372 4899 in
3398 4844 3574 4900 mani-

2017 4945 2120 5000 bus
2142 4941 2251 4997 tuis
2274 4941 2457 5004 fuerit,
2478 4940 2839 5009 intelligamus
2865 4953 3060 4992 manus
3088 4937 3180 4992 Dei
3206 4952 3328 4993 esse
3345 4935 3574 4991 creatio-

2017 5053 2140 5094 nem
2165 5035 2308 5105 ejus.
2333 5033 2422 5088 cui
2449 5045 2662 5102 semper
2694 5030 2909 5084 animus
2941 5037 3022 5084 est
3052 5028 3414 5084 adhibendus.
3441 5023 3573 5078 Ila--

2017 5129 2242 5182 reditate
2287 5124 2540 5194 acquisiui
2578 5120 2877 5176 testimonia
2910 5130 3003 5172 tua
3037 5122 3089 5173 in
3135 5128 3410 5180 talentum,
3448 5113 3572 5181 quia

2016 5221 2300 5277 exsultatio
2330 5217 2502 5273 cordis
2531 5217 2633 5271 mei
2671 5223 2811 5271 sunt.
2864 5212 3122 5268 Inclinavi
3157 5228 3248 5266 cor
3292 5221 3460 5262 meum
3505 5203 3572 5256 ad

2021 5311 2291 5382 faciendas
2313 5308 2723 5380 justi/icationes
2773 5317 2890 5360 tuas
2948 5307 3001 5360 in
3048 5315 3317 5365 internum,
3367 5307 3579 5368 propter

2021 5403 2428 5461 retributionem.
