4044 6212
506 266 649 325 1583

1245 262 1511 320 EUSEBII
1541 261 2017 320 CESARIENSIS
2053 262 2203 321 OPP.
2246 262 2426 321 PARS
2457 261 2546 321 111.
2584 296 2652 306 -
2684 260 3090 320 EXEGETICA.

3625 265 3787 322 1584

579 387 744 443 Vens.
772 386 868 442 H5
882 387 1042 444 -116,
1079 384 1294 455 Iniquos
1324 386 1444 440 odio
1467 385 1648 451 habui,
1669 396 1718 440 et
1741 385 1904 456 legem
1930 394 2062 439 tuan:

2247 387 2635 457 Hapardpovc
2677 387 2964 458 ἐμίσησα,
2989 386 3096 440 τὸν
3131 385 3199 440 δὲ
3232 388 3419 457 νόμον
3454 401 3571 442 σου
3620 386 3789 457 11rd-

505 480 693 535 dilexi.
725 478 956 547 Adjutor
984 486 1033 531 et
1063 485 1335 545 susceptor
1362 493 1506 532 meus
1530 494 1584 532 es
1612 490 1689 545 tu,
1713 478 1768 531 in
1799 477 1957 532 verba
1988 487 2082 533 tua

504 570 884 640 supersperavi.
930 567 1197 622 Declinate
1234 585 1267 622 a
1294 584 1395 633 me,
1441 568 1680 639 maligni,
1708 578 1760 623 et
1803 568 2083 624 scrutabor

507 660 764 714 mandata
797 658 891 713 Dei
917 659 1038 714 mei.
1089 656 1306 728 Suscipe
1340 675 1421 714 me
1450 658 1734 714 secundum
1780 659 2082 714 misericor-

503 751 650 806 diam
686 762 852 815 tuam,
894 760 943 805 et
969 751 1173 821 vivi/ica
1216 767 1317 815 me,
1355 761 1405 805 et
1438 767 1541 805 non
1566 750 1866 820 confundas
1894 768 1976 807 me
2014 751 2079 806 ab

502 843 886 912 exspectatione
920 860 1054 897 mea.
1086 843 1379 914 Postquam
1412 842 1553 899 dixit
1588 858 1601 894 :
1634 842 1900 899 Declinate
1923 861 1956 900 a
1976 860 2076 909 me,

504 931 745 1001 maligni,
779 939 1178 1001 consequenter
1221 931 1389 987 Deum
1416 932 1483 987 ad
1521 946 1640 987 eam
1669 948 1783 987 rem
1836 932 2077 998 invocat,

503 1027 563 1075 ut
591 1020 711 1090 ejus
738 1021 935 1075 virtute
964 1021 1183 1092 maligni
1209 1022 1276 1077 ab
1302 1023 1482 1077 anima
1510 1037 1609 1078 sua
1643 1023 1917 1093 pellantur
1948 1041 1961 1077 :
1996 1032 2081 1077 at-

501 1127 610 1181 que
639 1112 810 1166 otium
860 1121 1076 1177 nactus,
1115 1115 1281 1168 vitam
1312 1123 1367 1170 et
1416 1115 1674 1181 salutem,
1708 1130 1832 1186 quae
1880 1130 2079 1172 secun-

501 1203 631 1259 dum
663 1203 832 1259 Deum
863 1213 966 1269 est,
1003 1214 1391 1277 consequatur,
1424 1222 1603 1279 neque
1634 1208 1853 1263 excidat
1885 1208 1954 1262 ab
1983 1223 2079 1263 ex-

500 1294 837 1363 spectatione
867 1310 965 1350 sua
1000 1314 1013 1350 :
1045 1310 1110 1349 ac
1140 1310 1356 1350 rursum
1383 1310 1539 1367 opem
1567 1289 1808 1368 postulat
1832 1296 1901 1352 ad
1930 1298 2079 1353 salu-

501 1393 630 1441 tem.
663 1416 734 1426 —-
776 1386 938 1444 Vens.
973 1387 1077 1441 117
1098 1418 1121 1428 -
1144 1388 1269 1443 120.
1297 1387 1507 1459 Adjuoa
1541 1375 1640 1455 me,
1669 1399 1720 1444 et
1755 1389 1933 1444 salvus
1962 1406 2073 1455 ero,

498 1484 548 1530 et
579 1476 872 1532 meditabor
895 1479 948 1531 in
974 1478 1452 1548 justi/icationibus
1481 1482 1586 1534 tuis
1618 1497 1837 1551 semper.
1872 1480 2076 1550 Sprevi-

496 1570 570 1624 sti
625 1586 803 1625 omnes
854 1571 1174 1627 discedentes
1200 1590 1233 1626 a
1273 1573 1495 1642 judiciis
1536 1574 1663 1636 tuis,
1694 1575 1820 1644 quia
1875 1574 2075 1643 injusta

497 1662 747 1732 cogitatio
790 1679 993 1718 eorum.
1027 1662 1444 1720 Prwvaricantes
1474 1666 1711 1734 reputavi
1748 1681 1925 1719 omnes
1954 1681 2074 1735 pec-

2180 493 2369 547 πησα.
2402 480 2626 548 Βοηθός
2650 497 2771 550 μου
2798 480 2895 534 real
2921 478 3298 547 άντιλήπτωρ
3315 494 3437 547 μου
3464 474 3525 532 εἷ
3549 477 3659 544 σὺ,
3683 479 3786 545 εἰς

2180 571 2323 639 τοὺς
2343 573 2565 640 λόγους
2595 586 2711 628 σου
2731 571 3063 639 ἐπήλπισα.
3090 570 3437 624 Ἐκκλίνατε
3464 568 3568 624 ἀπ’
3592 565 3777 638 ἐμοῦ,

2180 664 2664 733 πονηρευόμενοι,
2689 665 2785 718 real
2817 660 3193 733 ἐξερευνήσω
3222 658 3327 726 τὰς
3360 659 3618 726 ἐντολὰς
3661 659 3771 714 τοῦ

2184 756 2332 811 Θεοῦ
2356 774 2495 826 μου.
2515 754 2850 811 Ἅντιλαὸοὗ
2870 772 2992 826 μου
3020 752 3168 810 κατὰ
3203 752 3269 807 τὸ
3296 753 3470 818 ἔλεός
3504 765 3625 804 σου
3665 749 3773 804 real

2179 846 2365 916 ζῆσόν
2390 864 2486 917 με,
2517 846 2616 901 real
2636 845 2721 916 μὴ
2750 846 3162 916 καταισχύνῃς
3185 860 3261 912 με
3284 840 3405 897 ἀπὸ
3437 839 3549 910 τῆς
3573 855 3775 908 προσ-

2176 935 2386 1003 δοκίας
2422 954 2564 1007 μου.
2619 934 2825 1000 Εἰπὼν,
2856 935 3198 989 Ἐκκλίνατε
3231 934 3331 988 ἀπ’
3362 931 3545 1001 ἐμοῦ,
3580 947 3776 996 πονη-

2169 1031 2502 1099 ρευόμενοι,
2536 1027 2844 1092 ἀκολούθως
2869 1027 2961 1081 τὸν
2989 1026 3121 1081 Θεὸν
3148 1026 3243 1079 καὶ
3274 1026 3352 1089 είς
3383 1022 3541 1077 τοῦτο
3566 1024 3774 1077 ἐπικαι-

2176 1123 2369 1185 λεῖται,
2403 1121 2479 1187 ὡς
2514 1121 2580 1177 ἂν
2608 1123 2674 1192 τῇ
2699 1120 2864 1175 αὑτοῦ
2889 1120 3113 1190 δυνάμει
3145 1114 3467 1171 ἁπελαθεῑεν
3501 1113 3601 1185 τῆς
3624 1115 3770 1168 ἑαυ-

2176 1215 2270 1269 τοῦ
2297 1215 2472 1287 ψυχῆς
2498 1215 2549 1268 οἱ
2572 1213 3007 1286 πονηρευόμενοι,
3033 1209 3226 1282 σχολῆς
3250 1225 3308 1262 τε
3337 1204 3512 1277 τυχὼν
3540 1205 3641 1276 τῆς
3659 1220 3772 1259 κα-

2175 1306 2405 1360 τὰΘεδν
2436 1306 2580 1377 ζωῆς
2608 1321 2668 1359 τε
2694 1305 2787 1359 καὶ⁵
2819 1304 3092 1375 σωτηρίας
3113 1300 3290 1371 τύχοι,
3324 1297 3418 1354 καὶ
3443 1298 3516 1369 μὴ
3544 1294 3769 1350 ἀποπέ-

2177 1413 2260 1450 σοι
2285 1397 2384 1468 τῆς
2411 1396 2603 1451 ἑαυτοῦ
2634 1395 2986 1469 προσδοκίας·
3020 1394 3115 1447 καὶ
3147 1391 3307 1444 πάλιν
3334 1390 3475 1456 άξιοῖ
3504 1386 3767 1458 βοηθείας

2174 1489 2354 1561 τυχεῖν
2377 1490 2456 1551 είς
2487 1487 2548 1540 τὸ
2574 1486 2922 1557 διασωθῆναι.
2942 1482 3263 1553 Βοήθησόν
3285 1498 3405 1550 μοι,
3436 1477 3536 1532 καὶ
3568 1475 3762 1542 σωθήσ

2126 1568 2131 1573 ’
2174 1594 2375 1648 σομαι,
2404 1579 2502 1633 real
2525 1576 2837 1648 μελετήσω
2872 1578 2942 1631 ἐν
2974 1576 3097 1641 τοῖς
3120 1569 3472 1642 δικαιώμασι
3494 1584 3610 1623 σου
3634 1566 3763 1621 δια-

2173 1669 2418 1734 παντός.
2438 1666 2878 1734 Ὲξουδένωσας
2910 1665 3141 1732 πάντας
3174 1663 3315 1728 τοὺς
3342 1657 3761 1715 ἁποστατοῦνρ

496 1763 699 1807 catores
740 1764 915 1817 terrm,
951 1755 1067 1811 ideo
1115 1755 1281 1810 dilexi
1345 1733 1644 1811 testimonia
1707 1765 1817 1810 tua.
1855 1733 2062 1828 Con/iga

2171 1773 2279 1824 τας
2311 1758 2427 1812 ἀπὸ
2453 1756 2572 1811 τῶν
2598 1756 3002 1828 δικαιωμάτων
3025 1770 3163 1820 σου,
3195 1754 3284 1808 ὅτι
3319 1752 3530 1807 ἄδικον
3554 1751 3619 1804 τὸ
3646 1751 3757 1804 ὲν-

497 1845 682 1898 timore
730 1855 819 1899 tuo
871 1862 1053 1901 carnes
1113 1863 1278 1916 meas,
1330 1864 1364 1901 a
1399 1846 1620 1917 judieiis
1663 1849 1803 1902 enim
1846 1849 1950 1902 tuis
2003 1848 2067 1903 ti-

495 1951 627 1989 mut.

2172 1850 2409 1920 θύμημα
2433 1849 2649 1904 αὐτῶν.
2685 1850 3168 1918 Παραϐαίνοντας
3195 1844 3563 1916 ἐλογισάμην
3592 1841 3754 1897 πάν-

2170 1955 2276 2006 τας
2323 1938 2463 2005 τοὺς
2511 1939 2898 2009 ἁμαρτωλοὺς
2945 1937 3058 2006 τῆς
3088 1937 3221 2007 rﬁc,
3260 1936 3359 1989 διὰ
3394 1934 3568 1989 τοῦτο
3603 1928 3758 2003 ἠττί-

493 2041 661 2093 πησα
685 2027 756 2080 τὰ
771 2027 1061 2096 μαρτύριά
1092 2044 1228 2082 σου.
1254 2028 1623 2097 Καθήλωσον
1646 2030 1715 2084 ἐκ
1744 2030 1852 2085 τοῦ
1874 2032 2066 2099 φόϐου
2100 2047 2218 2088 σου
2251 2032 2352 2098 τὰς
2386 2031 2618 2101 σάρκας
2642 2048 2791 2102 μου’
2816 2030 2935 2086 ἀπὸ
2960 2031 3070 2102 γὰρ
3118 2030 3237 2084 τῶν
3291 2028 3585 2098 χριμάτων
3624 2041 3752 2082 σου

490 2121 810 2189 ἐφοϐήθην.

566 2213 733 2269 Vens.
765 2212 889 2267 121.
919 2209 1044 2266 Feci
1074 2210 1337 2281 judicium
1362 2221 1410 2265 et
1423 2212 1720 2280 justitiam,
1746 2229 1851 2268 non
1880 2215 2062 2271 tradas

491 2323 573 2361 me
600 2306 852 2375 injuriam
879 2302 1223 2372 inferentibus
1254 2303 1403 2359 mihi.
1431 2303 1537 2370 Qui
1584 2305 1638 2359 in
1668 2305 1939 2378 principio
1987 2309 2065 2363 in-

490 2400 713 2455 stitutus
744 2396 941 2461 fuerat,
986 2404 1046 2450 ut
1074 2395 1188 2465 jam
1237 2396 1469 2451 multum
1502 2396 1802 2468 profectus,
1840 2414 1904 2455 ac
1944 2416 2062 2456 ma-

487 2504 591 2560 gna
624 2496 903 2558 aperatus,
950 2494 1107 2558 rogat
1163 2502 1233 2542 ne
1280 2502 1311 2542 a
1365 2487 1612 2558 profectu
1671 2505 1771 2545 suo
1819 2491 2054 2549 excidat.

488 2579 694 2635 Deinde
723 2578 1081 2634 considerans
1120 2577 1385 2648 plurimos
1424 2593 1547 2635 esse
1571 2582 1661 2650 qui
1704 2582 1888 2650 probis
1917 2582 2057 2638 invi-

487 2671 672 2734 deant,
709 2681 834 2725 cum
877 2669 1017 2724 nihil
1063 2669 1189 2722 mali
1228 2669 1297 2724 de
1326 2670 1459 2739 ipsis
1491 2670 1778 2726 dicendum
1807 2672 2063 2737 habeant,
2111 2716 2114 2718 η

485 2763 898 2834 calumniasque
928 2771 1110 2818 tamen
1158 2771 1406 2831 struant;
1435 2763 1685 2819 obsecrat
1719 2773 1772 2820 et
1817 2776 1970 2837 rogat
1996 2769 2065 2823 ab

487 2856 557 2911 iis
587 2855 832 2912 liberari.
873 2853 982 2910 Pro
1022 2853 1117 2908 illo
1158 2860 1340 2908 autem
1377 2870 1391 2906 :
1424 2853 1680 2921 injuriam
1720 2855 2063 2924 inferentibus

486 2947 636 3011 mihi,
684 2946 884 3018 Aquila
914 2965 927 3001 :
962 2943 1046 3000 Ne
1077 2943 1319 2999 dimittas
1359 2960 1439 2998 me
1474 2945 1923 3002 calumniantibus
1953 2964 2054 3015 me,

485 3036 678 3091 edidit.

2241 2212 2529 2278 Ἐποίησα
2564 2209 2741 2280 κρίμα
2768 2210 2865 2263 real
2900 2209 3319 2277 δικαιοσυνην,
3347 2207 3430 2277 μὴ
3459 2209 3747 2279 παραδῷ(-

2154 2320 2231 2374 με
2262 2302 2385 2368 τοῖς
2417 2300 2701 2355 ἀδικοῦσὶ
2724 2317 2820 2370 με.
2840 2301 2896 2353 '0
2925 2300 3066 2353 κατὰ
3095 2299 3191 2371 τὴν
3232 2301 3404 2371 ἀρχὴν
3444 2303 3746 2373 στοιχειού-

2163 2412 2344 2467 μενος,
2368 2394 2444 2457 ὼς
2474 2393 2538 2449 ἂν
2560 2393 2661 2464 ἥδη
2693 2393 2970 2465 προκόψας
2998 2393 3090 2446 ἐπὶ
3120 2392 3275 2457 πολὺ,
3308 2392 3402 2447 καὶ
3423 2393 3491 2446 τὰ
3525 2395 3746 2464 μεγάλα.

2164 2485 2533 2559 κατορθώσας,
2554 2484 2770 2555 εὔχεται
2802 2484 2875 2555 μὴ
2904 2486 3153 2539 ἐκπεσεῖν
3174 2484 3273 2555 τῆς
3296 2485 3590 2557 προκοπῆς.
3605 2482 3744 2540 Εἶτα

2164 2578 2424 2651 συνορῶν,
2451 2577 2534 2630 ὅτι
2568 2579 2678 2639 τοῖς
2701 2576 2884 2639 καλοῖς
2913 2575 3099 2629 πολλοὶ
3125 2574 3499 2646 βασκαίνουσι,
3526 2577 3621 2631 καὶ
3651 2577 3745 2632 λέ-

2160 2686 2279 2739 γειν
2314 2668 2412 2740 μέν
2438 2684 2489 2720 τι
2528 2666 2730 2736 φαῦλον
2760 2665 2886 2737 περὶ
2923 2666 3100 2721 αὐτῶν
3133 2667 3286 2722 οὐδὲν
3314 2666 3551 2739 ἔχουσιν,
3582 2686 3742 2742 περι-

2160 2759 2417 2813 πλέκουσι
2441 2758 2498 2811 δὲ
2526 2758 2907 2827 συκοφαντίας,
2940 2756 3168 2811 ἱκετεύει
3201 2758 3293 2811 καὶ
3322 2759 3501 2813 δέεται
3534 2759 3741 2815 τούτων

2163 2850 2447 2924 ρυσθῆναι.
2466 2851 2610 2907 Ἀντὶ
2632 2851 2710 2914 δὲ,
2736 2849 2862 2916 τοῖς
2888 2849 3168 2905 ἀδικοῦσι
3187 2866 3285 2920 με,
3304 2851 3537 2917 Ἀκύλας
3553 2851 3744 2918 ἐξέδω-

2163 2961 2253 2999 κε·
2287 2944 2384 3012 Μὴ
2416 2941 2576 3012 ἀφῇς
2598 2959 2675 3013 με
2708 2943 2833 3009 τοῖς
2860 2941 3313 3012 συκοφαντοῦσι
3333 2960 3430 3014 με.

559 3127 723 3181 Vens.
765 3126 889 3182 122.
932 3126 1057 3182 Feci
1086 3127 1358 3197 judicium
1395 3136 1444 3180 et
1464 3127 1756 3196 justitiam,
1797 3145 1899 3182 non
1944 3141 2058 3184 tra-

2241 3126 2524 3193 Ἐποίησα
2554 3125 2731 3194 κρίμα
2763 3125 2861 3179 καί
2892 3124 3304 3192 δικαιοσύνην,
3343 3126 3431 3196 μὴ
3457 3124 3737 3196 παραδῷς

483 3222 582 3276 das
618 3237 697 3276 me
728 3220 984 3291 injuriam
1006 3219 1349 3285 inferentibus
1386 3219 1534 3272 mihi.
1590 3216 1804 3287 Suscipe
1846 3237 2056 3276 servum

484 3323 631 3366 tuum
657 3312 712 3365 in
747 3310 962 3374 bonum,
998 3326 1104 3364 non
1141 3309 1537 3363 calumnientur
1564 3301 1643 3362 me
1690 3310 1918 3378 superbi.
1952 3310 2056 3378 Qui

483 3401 863 3474 paenitentiam
898 3401 1028 3472 egit,
1064 3415 1095 3454 a
1131 3400 1457 3456 vexantibus
1496 3415 1555 3456 se
1582 3407 1796 3463 erutus,
1833 3409 1996 3472 atque
2025 3418 2057 3459 a

482 3493 794 3564 captivitate
827 3490 1142 3562 redemptus
1169 3490 1246 3545 ait
1286 3506 1299 3541 :
1335 3489 1554 3560 Suscipe
1591 3506 1796 3545 servum
1826 3499 1971 3547 tuum
2001 3495 2057 3548 in

483 3585 712 3646 bonum;
740 3582 792 3636 hi
828 3596 1065 3652 namque
1100 3595 1187 3636 me
1218 3580 1272 3634 in
1300 3579 1503 3633 malum
1537 3589 1910 3650 susceperant.
1938 3581 2056 3637 Nisi

481 3678 626 3731 enim
667 3689 753 3729 me
777 3688 995 3729 servum
1031 3680 1183 3727 tuum
1211 3671 1451 3726 inimicis
1479 3671 1765 3727 subactum
1799 3687 2057 3743 suscepe-

480 3768 597 3834 ris;
648 3765 703 3820 bi
751 3763 997 3835 superbi,
1035 3763 1291 3819 videlicet
1352 3764 1682 3821 adversariae
1730 3771 2052 3836 potestates,

479 3877 567 3916 me
591 3858 1003 3915 calumniatura:
1026 3864 1175 3913 sunt.
1198 3856 1484 3923 Quomodo
1503 3866 1685 3913 autem
1716 3856 2056 3913 calumnian-

481 3952 608 4007 tur?
638 3952 774 4022 lpsaa
796 3966 882 4005 me
912 3950 1216 4005 incitarunt
1244 3948 1489 4018 mihique
1522 3956 1815 4005 suaserunt
1838 3955 1899 4003 ut
1928 3964 2053 4019 pec-

477 4052 633 4099 cator
663 4042 948 4099 evaderem
980 4060 994 4096 :
1025 4057 1089 4096 ac
1121 4043 1253 4112 ipsa!
1280 4041 1393 4110 jam
1436 4055 1522 4095 me
1567 4046 1849 4104 accusant,
1882 4046 2051 4095 totam

479 4135 686 4206 peccati
719 4148 945 4189 causam
979 4133 1034 4185 in
1075 4147 1165 4187 me
1196 4130 1560 4186 conferentes.
1594 4129 1918 4189 Necessario
1962 4146 2052 4187 ro-

476 4239 569 4300 gat
617 4226 788 4283 Deum
843 4234 903 4280 ut
951 4233 1235 4296 susceptor
1270 4224 1445 4294 ipsius
1476 4223 1567 4290 sit,
1594 4223 2049 4294 quemadmodum

477 4330 530 4377 et
552 4335 822 4391 sponsor;
870 4326 929 4373 ut
967 4318 1087 4389 ipse
1128 4325 1319 4373 custos
1355 4316 1526 4386 ipsius
1558 4313 1843 4379 efﬁciatur,
1886 4330 2051 4387 spon-

2154 3233 2232 3287 με
2257 3216 2379 3282 τοῖς
2406 3217 2685 3271 ἀδικοῦσί
2706 3216 3095 3286 με.Ἕκδεξαι
3124 3216 3230 3270 τὸν
3254 3217 3479 3272 δοῦλόν
3498 3234 3615 3273 σου
3642 3221 3737 3286 είς

2158 3308 2402 3379 ἀγαθὸν,
2429 3308 2515 3378 μὴ
2552 3307 3188 3378 συκοφαντησάτωσάν
3218 3325 3295 3378 με
3335 3307 3723 3379 ὑπερήφανοι.

2169 3397 2228 3451 '0
2266 3400 2599 3469 μετανοήσας
2624 3399 2717 3452 καὶ
2755 3394 2863 3452 ἀπὸ
2889 3398 2997 3452 τῶν
3024 3399 3430 3471 ἐνεργησάντων
3462 3402 3541 3463 είς
3565 3399 3728 3454 αὐτὸν

2156 3489 2386 3556 ἐξελθὼν
2417 3492 2511 3546 καὶ
2537 3491 2635 3563 τῆς
2665 3491 3037 3563 αἰχμαλωσίας
3060 3492 3351 3564 λυτρωθείς
3377 3510 3536 3564 φησιν
3554 3509 3566 3519 ·
3598 3494 3729 3547 Ἔκ-

2155 3580 2324 3647 δεξαι
2343 3583 2450 3636 τὸν
2474 3582 2699 3638 δοῦλόν
2724 3599 2840 3638 σου
2862 3586 2947 3650 εἰς
2972 3584 3197 3653 ἀγαθόν
3214 3600 3228 3613 ·
3264 3577 3407 3637 οὗτοι
3428 3584 3535 3654 γάρ
3559 3600 3623 3655 με
3646 3586 3732 3648 είς

2155 3672 2387 3746 πονηρὸν
2416 3672 2882 3739 ὲξεδέξαντο.Ἐάν
2914 3674 3020 3747 γὰρ
3053 3675 3127 3747 μὴ
3156 3674 3343 3746 ὲκδέξῃ
3377 3692 3447 3746 με
3484 3677 3570 3730 τὸν
3605 3675 3728 3729 δού-

2154 3765 2245 3821 λόν
2272 3782 2365 3820 σου
2397 3766 2704 3838 ὑποχείριον
2730 3767 3020 3838 γενόμενον
3042 3770 3151 3831 τοῖς
3188 3768 3482 3838 πολεμίοις,
3512 3763 3646 3822 οὗτοι
3668 3770 3720 3821 oi

2155 3857 2512 3931 ὑπερήφανοι,
2542 3861 2596 3913 αί
2638 3860 3005 3930 ἀντικείμεναι
3046 3860 3319 3931 δυνάμεις,
3356 3860 3603 3931 μέλλουσί
3655 3879 3725 3933 με

2156 3954 2527 4020 συκοφαντεῖν.
2560 3951 2685 4014 Πῶς
2720 3952 2777 4004 δὲ
2811 3951 3266 4022 συκοφαντοῦσινς
3295 3948 3466 4008 Αὗται
3496 3956 3729 4027 ἐνήργη-

2155 4059 2254 4097 σαν
2292 4043 2387 4096 καὶ
2430 4042 2653 4097 ἔπεισαν
2687 4044 2753 4098 ἶν’
2785 4044 3106 4117 ἁμαρτωλὸς
3130 4045 3377 4117 γένωμαι
3395 4063 3409 4078 ⁸
3437 4048 3534 4101 καὶ
3564 4039 3726 4101 αὗταί

2155 4149 2248 4204 μοι
2278 4136 2574 4208 κατήγοροι
2591 4136 2984 4206 γίνονται,ὅλην
3010 4137 3108 4209 τὴν
3138 4138 3317 4191 αἰτίαν
3344 4137 3452 4192 τῶν
3475 4140 3729 4209 ἁμαρτη-

2155 4224 2341 4296 μάτων
2382 4227 2462 4289 είς
2507 4226 2606 4297 ἐμὲ
2649 4228 3387 4297 ἀναφέρουσαι.Ἀναγκαίως
3419 4230 3727 4301 παρακαλεῖ

2150 4316 2241 4371 τὸν
2269 4316 2401 4371 Θεὸν
2424 4318 2681 4387 ἀνάδοχον
2710 4319 2875 4371 αὑτοῦ
2895 4319 3168 4387 γενέσθαι,
3194 4321 3379 4393 ὥσπερ
3402 4323 3495 4375 καὶ
3521 4324 3724 4391 ἐγγυη-

478 4413 686 4468 sionem
720 4425 948 4467 servans
977 4424 1042 4465 ac
1081 4407 1422 4472 custodiens,
1455 4412 1513 4459 ut
1544 4420 1612 4460 ne
1641 4404 1923 4459 minimam
1958 4420 2050 4460 an-

2157 4409 2278 4479 τήνο
2314 4408 2380 4462 ἵν’
2409 4408 2568 4472 αὐτὸς
2612 4407 2783 4477 φύλαξ
2825 4408 2989 4462 αὐτοῦ
3037 4410 3280 4483 γένηται,
3316 4411 3497 4482 τηρῶν
3546 4410 3723 4481 ἑαυτῷ

477 4521 594 4562 sam
617 4504 854 4577 praebeat
881 4500 1271 4558 insidiantibus
1305 4498 1409 4555 sibi
1431 4496 1939 4553 calumniatoribus.

2153 4498 2249 4552 καὶ
2295 4498 2571 4567 φυλάττων
2598 4496 2695 4568 τὴν
2722 4497 2945 4571 ἐγγύην,
2982 4499 3119 4572 πρὸς
3158 4499 3220 4553 τὸ
3260 4501 3528 4572 μηδεμίαν
3552 4499 3723 4574 λαϐὴν

2149 4592 2449 4662 παρασχεῖν
2478 4592 2589 4653 τοῖς
2622 4589 3001 4661 ἐφεδρεύουσιν
3034 4590 3184 4662 αὐτῷ
3210 4593 3592 4661 συκοφάνταις.

549 4683 713 4739 \‘sns.
747 4680 1028 4737 123-126.
1073 4678 1228 4735 Oculi
1266 4677 1368 4730 mei
1407 4674 1704 4746 defecerunt
1731 4678 1787 4731 in
1811 4677 2048 4732 salutare

478 4788 645 4844 tuum,
683 4786 731 4831 et
769 4778 825 4829 in
868 4774 1132 4843 eloquium
1152 4770 1385 4841 justitiae
1420 4777 1543 4825 tute.
1586 4766 1701 4823 Fac
1741 4786 1859 4823 cum
1901 4786 2047 4824 servo

478 4881 567 4924 tuo
600 4868 885 4923 secundum
912 4864 1333 4920 misericordiam
1369 4872 1536 4928 tuam,
1564 4871 1615 4916 et
1636 4860 2045 4930 iustiﬁcationes

479 4973 599 5017 tuas
641 4960 769 5015 doce
803 4976 904 5014 me.
936 4957 1127 5014 Servus
1159 4967 1280 5012 tuus
1312 4971 1429 5010 sum
1459 4971 1554 5024 ego
1585 4968 1603 5007 :
1637 4952 1706 5007 da
1732 4954 1859 5007 mihi
1891 4954 2047 5006 intel-

481 5056 708 5117 lectum,
763 5061 812 5105 et
847 5051 1013 5104 sciam
1056 5048 1357 5111 testimonia
1407 5056 1519 5100 tua.
1564 5044 1785 5114 Tempus
1816 5044 2045 5112 faciendi

476 5147 729 5210 Domino,
744 5143 1125 5212 dissipaverunt
1147 5141 1306 5212 legem
1332 5150 1499 5194 tuam.
1524 5136 1753 5192 Sursum
1773 5136 2045 5208 aspiciens

478 5238 547 5293 ad
597 5237 833 5294 salutare
861 5243 1015 5289 tuum
1047 5239 1100 5287 et
1129 5234 1355 5288 verbum
1386 5238 1564 5297 tuum,
1609 5236 1800 5294 totam,
1845 5229 2040 5297 inquit,

479 5346 630 5401 spem
659 5343 834 5385 meam
884 5326 1013 5381 hinc
1044 5323 1282 5395 pendere
1324 5321 1449 5387 feci,
1480 5321 1597 5378 erui
1638 5335 1724 5376 me
1761 5321 2043 5391 postulans

479 5423 545 5477 ab
572 5421 937 5487 invidentibus
966 5416 1127 5474 saluti
1165 5428 1318 5470 mea.

546 5612 713 5667 Vsus.
750 5613 874 5666 1‘27.
917 5609 1043 5665 Ideo
1071 5606 1233 5661 dilexi
1261 5603 1514 5661 mandata
1544 5611 1634 5655 tua
1661 5617 1814 5670 super
1848 5618 2039 5655 aurum

476 5712 528 5761 et
557 5706 818 5775 topazicn.
854 5702 964 5774 Ego
995 5699 1213 5773 quidem
1241 5695 1345 5754 feci
1372 5693 1638 5767 judicium
1669 5701 1722 5750 et
1738 5693 2032 5764 justitiam,

2221 4685 2285 4737 Ol
2318 4682 2611 4752 ὀφθαλμοί
2624 4699 2745 4751 μου
2767 4682 3048 4747 ἐξέλιπον
3062 4686 3149 4750 εις
3174 4685 3241 4738 τὸ
3263 4682 3560 4752 σωτήριόν
3576 4698 3717 4746 σου,

2145 4773 2244 4827 real
2280 4776 2367 4839 είς
2402 4772 2469 4828 τὸ
2494 4776 2704 4845 λόγιον
2737 4773 2849 4843 τῆς
2872 4774 3258 4842 δικαιοσύνης
3278 4790 3414 4829 σου.
3452 4774 3721 4841 Ποίησον

2140 4866 2291 4934 μετὰ
2315 4865 2424 4920 τοῦ
2457 4865 2681 4921 δούλου
2707 4877 2824 4920 σου
2852 4866 3003 4921 κατὰ
3033 4864 3101 4919 τὸ
3134 4864 3305 4931 ἔλεός
3336 4881 3477 4930 σου,
3514 4867 3611 4920 καὶ
3644 4865 3717 4920 τὰ

2144 4954 2501 5025 δικαιώματά
2525 4974 2641 5011 σου
2666 4956 2915 5023 δίδαξόν
2927 4973 3022 5026 με.
3042 4956 3268 5023 Δοῦλός
3291 4973 3408 5011 σου
3432 4957 3550 5027 εἰμὶ
3576 4956 3714 5028 ἐγὼ,

2144 5048 2471 5105 συνετισόν
2512 5065 2609 5118 με,
2640 5048 2736 5102 real
2775 5047 3074 5118 γνώσομαι
3123 5047 3195 5102 τὰ
3239 5048 3531 5118 μαρτύριά
3571 5066 3711 5104 σου.

2142 5140 2359 5211 Καιρὸς
2387 5140 2494 5195 τοῦ
2525 5139 2771 5209 ποιῆσαι
2816 5139 2897 5206 τῷ
2932 5141 3145 5209 Κυρίῳ,
3176 5141 3575 5196 διεσκέδασαν
3605 5141 3714 5195 τὸν

2142 5234 2328 5301 νόμον
2350 5234 2644 5288 σου.”Ανω
2665 5231 2875 5304 βλέπων
2901 5234 2993 5288 ἐπὶ
3024 5232 3083 5286 τὸ
3112 5233 3374 5305 σωτήριόν
3397 5251 3490 5288 σου
3506 5234 3710 5290 καὶτὸν

2142 5313 2297 5392 λόγον
2331 5341 2445 5390 σου,
2484 5328 2684 5391 πάσας,
2718 5327 2906 5397 φησὶν,
2940 5325 3220 5398 άνήρτησα
3265 5326 3359 5380 ἐπὶ
3400 5327 3574 5382 ταῦτα
3609 5325 3710 5390 τὰς

2142 5417 2378 5487 ἐμαυτοῦ
2412 5417 2649 5481 ἐλπίδας,
2678 5417 2935 5487 ῥυσθῆναι
2958 5413 3337 5489 δεδμενοςάπδ
3354 5419 3462 5472 τῶν
3489 5419 3707 5490 διαφθο-

2142 5507 2375 5564 νούντων
2410 5527 2511 5580 μου
2538 5512 2604 5580 τῇ
2640 5509 2899 5581 σωτηρίᾳ.

2210 5598 2313 5653 Διὰ
2337 5597 2510 5653 τοῦτο
2537 5596 2826 5666 ἠγάπησα
2859 5597 2963 5664 τὰς
2986 5596 3236 5663 ἐντολάς
3256 5613 3372 5651 σου
3393 5596 3547 5667 ὑπὲρ
3572 5612 3706 5667 71v—

2142 5693 2279 5748 σίον
2308 5692 2406 5748 και
2445 5689 2734 5753 τοπάζιον.
2756 5690 2894 5761 Ἐγὼ
2924 5691 3023 5763 μὲν
3045 5690 3275 5763 ἐποίησα
3307 5692 3482 5764 κρίμα
3511 5691 3605 5747 καὶ
3624 5686 3701 5745 δι·
