4040 6210
343 322 476 377 1585

1433 306 1932 368 COMMENTARIA
1970 309 2035 367 IN
2071 307 2404 365 PSALMOS.

3450 309 3592 386 εδει,

341 437 648 507 καιοσύνην,
679 436 772 489 καὶ
809 435 890 488 σοι
931 433 986 488 δὲ
1014 432 1092 503 τῷ
1120 431 1239 501 Θεῷ
1279 430 1431 483 ἔσται
1469 432 1597 484 ποτὲ
1628 431 1722 484 τοῦ
1764 429 1896 499 ποιῆ

2021 436 2185 498 atque
2225 427 2339 492 tibi,
2375 413 2538 488 Deus,
2577 432 2788 496 tempus
2838 425 3130 497 aliquando
3163 427 3334 483 aderit
3385 442 3446 483 ea
3505 428 3586 483 fac

341 545 428 580 σαι
462 527 670 597 καιρὸς,
697 525 937 596 δηλονότι
987 527 1157 594 κρῖμα
1203 523 1296 574 καὶ
1326 521 1667 593 δικαιοσύνην
1688 522 1776 576 διὰ
1804 521 1912 574 τῶν

341 618 856 672 κατασκεδασάντων
887 616 978 668 τὸν
1009 602 1172 685 νόμον
1202 611 1492 666 σου.Τοῦτο
1509 609 1603 668 οῦν
1628 612 1783 676 εἰδὼς
1802 612 1912 680 ἐγὼ

339 711 432 764 καὶ
457 709 856 779 φυλαττόμενος
887 706 1203 778 περιπεσεῖν
1235 701 1314 772 τῷ
1336 703 1510 775 καιρῷ
1543 704 1911 775 ὲκείνῳ,ἡγά·-

339 815 489 870 πησα
529 798 644 862 τὰς’
672 798 890 860 ἐντολάς
923 812 1014 848 σου
1049 793 1189 862 ὑπὲρ
1226 791 1403 844 πάντα
1449 792 1579 862 παρ’
1609 792 1911 864 ἀνθρώποις

337 889 493 958 τίμια
519 889 902 958 νενομισμένα.

407 1000 513 1053 Διὰ
540 1000 713 1054 τοῦτο
748 1001 897 1068 πρὸς
945 999 1148 1066 πάσας
1189 1001 1296 1068 τὰς
1328 999 1579 1064 ἐντολάς
1625 1012 1742 1052 σου
1770 1013 1908 1050 κατ-

340 1090 667 1156 ωρθούμην,
713 1088 920 1144 πᾶσαν
969 1089 1114 1143 ὁδὸν
1150 1087 1360 1144 ἄδικον
1394 1091 1680 1158 ἐμίσησα.
1725 1088 1788 1140 Ἡ
1823 1089 1912 1140 ἀν-

340 1177 584 1249 θρωπίνη
621 1179 766 1250 ψυχὴ
797 1180 1245 1250 συμπληρώσασα
1272 1181 1362 1233 τὸν
1398 1181 1574 1248 λόγον,
1608 1179 1823 1240 παντως
1852 1178 1910 1230 ὲν

339 1267 508 1339 κακίᾳ
555 1269 783 1337 γίνεται.
830 1269 1112 1324 Ἀδύνατον
1159 1270 1266 1340 γὰρ
1311 1270 1425 1342 ἅμα
1458 1269 1536 1339 τῷ
1583 1268 1912 1338 συμπληρω-

340 1357 496 1428 θῆναι
529 1359 620 1412 τὸν
665 1360 828 1430 νόμον
859 1361 948 1413 τὸν
977 1360 1203 1429 φυσικὸν
1240 1361 1298 1413 ὲν
1337 1358 1638 1429 ἀνθρώποις
1674 1358 1748 1429 μὴ
1787 1359 1911 1411 ὑπο-

341 1449 532 1519 στῆναι
578 1449 673 1521 τὴν
724 1451 1012 1520 ἁμαρτίαν.
1069 1450 1236 1503 Ἐπὰν
1276 1447 1367 1504 οὖν
1396 1451 1621 1521 γένηται
1669 1451 1702 1520 ἠ
1747 1449 1911 1501 κακία

339 1541 435 1593 καὶ
466 1542 774 1613 στρεϐλωθῇ
817 1545 851 1613 η
888 1542 1054 1613 ψυχὴ,
1102 1542 1270 1595 δεῖται
1319 1541 1728 1613 κατορθώσεως.
1777 1539 1910 1593 Τίνα

338 1625 431 1683 οὖν
463 1633 578 1684 ἐστι
618 1631 688 1684 τὰ
718 1632 1118 1702 κατορθοῦντα;
1153 1632 1266 1686 Μία
1298 1632 1484 1703 ἐντολὴ
1530 1631 1751 1686 δύναταί
1792 1646 1909 1696 πως

336 1720 438 1800 τῂν
471 1721 734 1791 στρέϐλαν
784 1723 882 1815 τῆς
923 1722 1124 1792 ψυχῆς,
1175 1723 1272 1793 τὴν
1319 1723 1613 1793 γενομένην
1665 1722 1773 1775 ἀπὸ
1820 1739 1912 1775 κα·
1943 1768 1984 1822 Β

2015 518 2216 582 ciendi,
2250 516 2499 572 videlicet
2527 516 2799 585 judicium
2825 527 2880 572 et
2906 517 3202 587 justitiam,
3239 527 3465 590 propter
3486 535 3583 576 eos

2011 608 2104 677 qui
2129 608 2296 678 legem
2329 614 2477 661 tuam
2510 607 2885 676 pessumdant.
2918 607 3094 678 Hujus
3128 608 3311 678 itaque
3351 612 3426 666 rei
3451 628 3584 682 gna-

2011 709 2105 749 rus
2137 710 2256 765 ego,
2292 709 2356 748 ac
2384 710 2584 750 cavens
2609 710 2679 749 ne
2711 696 2948 751 incidam
2991 698 3048 752 in
3076 707 3288 768 tempus
3314 701 3466 764 illud,
3498 701 3582 756 (ἰί⁴

2012 785 2118 840 lexi
2160 785 2417 839 mandata
2448 793 2544 840 tua
2589 801 2752 856 super
2787 788 2969 841 omnia
3000 803 3120 859 quae
3160 789 3302 859 apud
3336 789 3581 848 homines

2011 877 2243 946 pretiosa
2275 878 2672 932 existimantur.

2080 989 2245 1064 Visus.
2306 989 2426 1046 128.
2454 985 2742 1059 Propterea
2771 991 2840 1044 ad
2861 990 3042 1046 omnia
3083 991 3340 1047 mandata
3370 1003 3460 1048 tua
3495 991 3580 1047 di-

2010 1080 2238 1150 rigebar,
2262 1097 2469 1135 omnem
2497 1082 2633 1135 viam
2664 1082 2901 1152 iniquam
2951 1082 3084 1154 odio.
3119 1083 3298 1139 habui.
3332 1083 3580 1140 Humana

2011 1173 2191 1226 anima
2231 1181 2518 1242 postquam
2550 1188 2858 1228 sermonem
2893 1175 3266 1245 compleverit,
3296 1176 3350 1230 in
3373 1177 3579 1230 malitia

2011 1278 2236 1333 prorsus
2259 1271 2530 1318 versatur.
2565 1263 2710 1318 Fieri
2743 1263 2888 1318 enim
2934 1266 3146 1336 nequit,
3183 1275 3242 1321 ut
3288 1276 3574 1338 postquam

2012 1353 2096 1407 lex
2135 1353 2403 1408 naturalis
2439 1355 2493 1408 in
2525 1355 2840 1412 hominibus
2890 1357 3108 1426 impleta
3159 1365 3264 1423 est,
3293 1367 3575 1429 peccatum

2010 1456 2120 1496 non
2154 1442 2405 1496 exsistat.
2439 1441 2576 1496 Cum
2609 1443 2793 1512 itaque
2817 1444 3021 1498 malitia
3053 1446 3289 1500 accessit
3316 1454 3370 1500 et
3394 1447 3575 1501 anima

2009 1537 2258 1586 tortuosa
2281 1539 2386 1596 est,
2423 1531 2725 1588 directione
2752 1549 2890 1603 opus
2920 1535 3100 1590 habet.
3139 1535 3397 1612 Quaanam
3443 1551 3573 1592 vero

2011 1629 2138 1675 sunt
2161 1635 2282 1690 quas
2325 1620 2568 1690 dirigunt
2625 1629 2679 1675 et
2738 1624 3055 1693 corrigunt?
3092 1620 3270 1678 Unum
3308 1624 3574 1681 duntaxat

2011 1711 2322 1765 mandatum
2357 1713 2551 1767 anima:
2581 1716 3000 1778 tortuositatem,
3039 1731 3157 1784 qua:
3193 1730 3287 1786 per
3307 1717 3571 1770 malitiam

338 1797 484 1873 κίας,
529 1797 872 1864 κατευθῦναι.
923 1812 996 1864 Τὸ
1047 1812 1229 1881 μέντοι
1280 1812 1464 1882 ἄκρως
1502 1811 1896 1883 κατορθωθῆναι

2010 1801 2234 1855 advecta
2256 1808 2362 1866 est,
2405 1810 2584 1872 potest
2640 1805 2936 1873 corrigere.
2969 1803 3035 1857 Et
3086 1806 3305 1874 quidem
3335 1807 3570 1860 animam

335 1897 434 1967 τὴν
471 1897 646 1969 ψυχὴν
680 1899 912 1953 ἐνταῦθα
939 1901 1217 1971 ἀμήχανόν
1241 1902 1356 1953 ἐστι
1379 1901 1546 1970 χωρὶς
1589 1901 1777 1954 πασῶν
1802 1901 1910 1955 τῶν

335 1985 584 2040 ἐντολῶν.
631 1989 692 2041 Εἰ
730 1988 911 2058 μέντοι
954 2005 1016 2057 γε
1068 1989 1256 2042 σκολιὰ
1298 1987 1627 2060 παραληφθῇ
1670 1990 1703 2059 ἡ
1739 1988 1906 2060 ψυχὴ,

333 2081 516 2133 οὐκέτι
547 2081 784 2144 ἐντολαῖς
809 2080 1302 2153 κατορθωθήσεται,
1321 2080 1456 2134 ἀλλὰ
1487 2082 1621 2152 πυρὶ
1650 2083 1683 2152 ἢ
1709 2083 1903 2153 σκότῳ,

332 2171 367 2242 ἢ
401 2171 701 2244 διχοτομία,
729 2173 763 2244 ἦ
789 2190 894 2228 τινι
924 2171 1031 2225 τῶν
1069 2173 1532 2244 σκυθρωποτέρων
1564 2172 1906 2243 προσαγομέ-

333 2279 440 2316 νων
468 2264 572 2316 ὑπὸ
600 2263 756 2316 Θεοῦ.
805 2265 926 2317 Ἐὰν
957 2266 1134 2318 τοίνυν
1171 2264 1244 2334 μὴ
1268 2265 1581 2334 ποιήσωμεν
1608 2263 1786 2326 πάσας
1809 2264 1908 2327 τὰς

332 2351 570 2415 ἐντολὰς,
591 2352 651 2406 οὐ
677 2352 1106 2423 κατορθούμεθα.
1140 2352 1300 2405 Ὂθεν
1327 2352 1642 2421 θαυμασίως
1664 2353 1900 2422 εἴρηται·

331 2441 438 2495 Διὰ
475 2443 651 2495 τοῦτο
679 2441 826 2508 πρὸς
870 2441 1070 2506 πάσας
1115 2441 1221 2506 τὰς
1247 2441 1501 2506 ἐντολάς
1540 2456 1657 2494 σου
1687 2459 1906 2510 κατωρ-

331 2531 604 2598 θούμεθα,
641 2530 848 2586 πᾶσαν
870 2531 1014 2585 ὁδὸν
1037 2530 1245 2583 ἄδικον
1266 2531 1661 2600 ἐμισήσαμεν.
1691 2532 1762 2585 Ob
1797 2531 1903 2602 γὰρ

329 2620 412 2672 ἔτι
443 2620 857 2693 περισπώμενος
888 2621 991 2673 ὑπὸ
1034 2621 1132 2691 τῆς
1161 2622 1241 2683 είς
1272 2621 1332 2673 τὸ
1357 2621 1558 2674 ἀδικεῖν
1586 2621 1898 2692 ἐπιθυμίας,

330 2711 597 2781 ἀπέχεται
641 2712 739 2783 τῆς
780 2712 1009 2776 ἀδικίας,
1061 2711 1175 2764 ἀλλ’
1213 2711 1474 2780 ἀπέχεται
1533 2713 1767 2782 μισήσας
1806 2712 1902 2782 τὴν

329 2803 545 2858 ἀδικίαν
594 2805 624 2857 δ
671 2802 1032 2874 κατορθωθεὶς
1078 2802 1212 2874 πρὸς
1263 2802 1444 2865 πάσας
1484 2802 1594 2865 τὰς
1618 2801 1712 2855 τοῦ
1763 2802 1898 2856 Θεοῦ

329 2893 574 2956 ἐντολάς.

398 3005 721 3072 Θαυμαστὰ
754 3003 826 3058 τὰ
845 3005 1137 3075 μαρτύριά
1158 3022 1296 3072 σου,
1329 3007 1426 3060 διὰ
1456 3007 1629 3062 τοῦτο
1665 3007 1898 3076 ἐξερεύ-

2008 1893 2098 1947 hic
2155 1893 2223 1948 ad
2283 1909 2591 1964 supremam
2645 1895 3022 1950 rectitudinem
3071 1895 3401 1965 pertingere,
3435 1894 3571 1950 citra

2006 1986 2249 2038 omnium
2280 1984 2660 2038 mandatorum
2707 1985 3143 2040 observationem
3200 1986 3315 2041 ﬁeri
3359 1987 3566 2056 nequit.

2008 2074 2064 2128 Si
2098 2077 2281 2144 itaque
2309 2077 2489 2130 anima
2537 2083 2782 2132 tortuosa
2826 2067 3286 2146 deprehendatur,
3311 2090 3429 2138 non
3453 2093 3570 2131 am-

2005 2165 2147 2234 plius
2172 2181 2203 2218 a
2234 2166 2507 2221 mandatis
2559 2168 2899 2236 corrigetur;
2949 2166 3044 2222 sed
3103 2167 3266 2238 igne,
3301 2169 3567 2233 tenebris,

2005 2255 2246 2308 sectione
2307 2255 2539 2323 aliisque
2572 2256 2905 2310 tristioribus
2961 2271 2992 2309 a
3048 2256 3157 2312 Deo
3213 2257 3474 2313 advectis.
3511 2257 3569 2311 Si

2004 2357 2133 2413 ergo
2165 2357 2273 2397 non
2295 2344 2474 2397 omnia
2493 2344 2747 2398 mandata
2783 2359 3085 2407 servemus,
3111 2360 3220 2398 non
3244 2347 3565 2417 dirigemur.

2003 2430 2128 2486 Ideo
2177 2432 2570 2486 admirabiliter
2625 2433 2826 2487 dicitur
2877 2451 2890 2486 :
2942 2432 3226 2502 Propterea
3270 2436 3340 2488 ad
3393 2439 3570 2490 omnia

2002 2521 2256 2576 mandata
2310 2531 2403 2576 tua
2465 2521 2839 2593 dirigebamur,
2876 2539 3081 2583 omnem
3139 2525 3277 2577 viam
3330 2525 3565 2596 iniquam

2002 2614 2121 2668 odio
2153 2614 2448 2667 habuimus.
2484 2613 2602 2668 Non
2634 2614 2779 2668 enim
2805 2615 2946 2668 ultra
2970 2615 3266 2670 distractus
3298 2632 3328 2670 a
3355 2631 3564 2672 concu-

2001 2704 2265 2776 piscentia
2298 2704 2481 2775 inique
2509 2705 2722 2774 agendi,
2754 2705 2820 2758 ab
2844 2705 3130 2774 iniquitate
3162 2705 3434 2771 abstinet,
3469 2707 3564 2762 sed

1999 2795 2239 2850 abstinet
2304 2795 2512 2865 utique,
2565 2795 2693 2865 quia
2761 2795 3104 2863 iniquitatem
3165 2795 3442 2866 odit,qqui
3496 2798 3563 2852 ad

2002 2888 2184 2942 omnia
2211 2886 2302 2943 Dei
2327 2887 2578 2942 mandata
2612 2888 2882 2957 dirigitur.

2072 2995 2236 3052 Vens.
2281 2996 2531 3052 129-131.
2596 2993 2873 3051 Mirabitia
2924 2996 3224 3052 testimonia
3283 3007 3395 3064 tua,
3448 2997 3563 3054 ideo

320 3109 515 3161 νησεν
549 3096 702 3149 αὐτὰ
741 3098 778 3165 ή
811 3096 979 3165 ψυχή
1016 3115 1153 3166 μου.
1187 3098 1251 3153 Ἠ
1271 3096 1534 3164 δήλωσις
1565 3097 1681 3151 τῶν
1703 3099 1896 3168 λόγων

1998 3097 2241 3142 scrutata
2289 3094 2367 3141 est
2399 3103 2460 3140 ea
2499 3087 2680 3139 anima
2733 3103 2868 3140 mea.
2912 3087 3216 3142 Declaratio
3265 3104 3563 3142 sermonum

321 3197 441 3237 σου
487 3184 704 3253 φωτιεῒ,
737 3185 836 3238 καί
861 3186 1130 3240 συνετιεῖ
1149 3189 1420 3254 νηπίους.
1457 3189 1525 3242 Τὸ
1552 3191 1746 3258 στόμα
1775 3206 1896 3257 μου

277 3343 282 3352 ι
319 3272 536 3341 ἦνοιξα
579 3276 675 3328 καί
721 3278 979 3331 εἴλκυσα
1028 3277 1263 3346 πνεῦμα
1286 3319 1300 3341 ,
1347 3279 1436 3332 ὅτι
1485 3278 1591 3344 τὰς
1642 3277 1896 3344 ἐντολάς

319 3380 439 3420 σου
480 3365 834 3421 ἐπεπόθουν.
878 3367 942 3419 Ἡ
976 3365 1166 3436 πρώτη
1201 3366 1401 3434 γνῶσις
1440 3368 1534 3420 καὶ
1573 3369 1608 3437 ἢ
1651 3368 1711 3419 ὲν
1747 3367 1890 3437 ἀρχῇ

319 3453 724 3524 παραδιδομένη
759 3454 1074 3507 διδασκαλία
1116 3455 1224 3507 τῶν
1256 3454 1428 3523 λόγων
1459 3472 1551 3508 σου
1583 3456 1776 3523 φωτιεῖ
1801 3455 1894 3508 καὶ

319 3546 557 3596 συνετιεῖ
599 3544 846 3614 νηπίους.
895 3543 974 3596 Τὰ
1021 3544 1078 3598 δὲ
1121 3544 1396 3616 μαρτύριά
1445 3562 1540 3597 σου
1575 3543 1884 3614 θαυμαστὰ,

315 3634 412 3686 καὶ
473 3633 786 3705 ἐκπλήξεως
849 3634 1051 3705 πλήρη.
1117 3637 1356 3700 Εἰκότως
1409 3637 1470 3689 τὸ
1538 3636 1740 3706 δοχεῖον
1792 3636 1890 3706 τῆς

313 3722 559 3789 ἐμαυτοῦ
608 3723 785 3794 ψυχῆς
828 3725 1194 3790 ἀναπετάσας,
1247 3727 1342 3779 καὶ
1394 3726 1582 3799 ῶσπερ
1605 3729 1666 3782 τὸ
1718 3730 1890 3800 στόμα

312 3815 568 3878 ἀνοίξας,
617 3813 677 3868 τὸ
729 3815 878 3886 παρὰ
939 3815 1032 3869 σοῦ
1087 3815 1227 3869 θεῖον
1275 3819 1498 3888 Πνεῦμα
1549 3820 1889 3892 ὑπεδεχόμην

311 3904 612 3967 πιστεύσας
645 3906 945 3978 ἐπαγγελίᾳ
984 3905 1214 3977 λεγούσῃ
1233 3924 1246 3934 ·
1298 3908 1576 3972 Ἀνοιξον
1605 3912 1667 3964 τὸ
1697 3913 1889 3982 στόμα

309 4009 430 4047 σου
457 3993 554 4045 καί
596 3994 890 4061 πληρώσω
917 3997 1084 4051 αὐτό.
1116 3998 1224 4051 Καὶ
1256 3999 1398 4052 τοῦτ’
1429 3999 1693 4070 ἔπραττον
1727 4001 1885 4069 ὲφελο

283 4084 544 4155 ’κόμενος
575 4085 655 4146 είς
679 4085 864 4140 ἑαυτὸν
893 4087 951 4138 τὸ
974 4088 1125 4157 παρὰ
1162 4090 1256 4143 σοῦ
1295 4088 1532 4160 πνεῦμα,
1559 4090 1646 4143 ἵνα
1685 4093 1775 4144 καὶ
1817 4092 1887 4144 τὰ

310 4174 595 4247 μαρτύριά
640 4191 732 4227 σου
760 4176 828 4228 τὰ
850 4175 1134 4246 θαυμαστὰ
1164 4181 1297 4249 γνῶ,
1331 4181 1424 4235 καὶ
1452 4180 1559 4234 τῶν
1588 4181 1758 4248 λόγων
1791 4198 1883 4234 σου

305 4266 398 4319 τὸν
431 4266 714 4334 φωτισμὸν
730 4267 1034 4334 κτήσωμαι,
1059 4269 1146 4321 διὰ
1182 4270 1274 4324 τοῦ
1310 4270 1403 4325 σοῦ
1435 4271 1742 4342 πνεύματος
1785 4271 1884 4343 τὴν

303 4355 517 4408 τούτων
549 4351 784 4423 εἰληφὼς
817 4354 1135 4424 κατάληψιν.
1172 4360 1239 4411 Τὸ
1277 4362 1470 4427 στόμα
1509 4378 1629 4429 μου
1663 4360 1880 4428 ἥνοιξα

302 4443 401 4496 καὶ
429 4442 694 4494 εἵλκυσα
717 4440 971 4509 πνεῦμα,
998 4441 1086 4494 ὅτι
1110 4444 1214 4509 τὰς
1235 4447 1487 4513 ἐντολάς
1519 4461 1634 4502 σου
1659 4447 1877 4502 ἐπεπό-

303 4537 490 4586 θουνο
537 4531 704 4598 αὐτῆς
732 4529 832 4597 τῆς
868 4527 1174 4592 ὑποθέσεως
1214 4531 1322 4583 τῶν
1362 4533 1588 4586 ἐντολῶν
1627 4536 1875 4586 ἐπισπω-

308 4623 483 4694 μένης
530 4621 624 4672 καὶ
671 4618 1035 4689 ὲφελκομένης
1077 4619 1138 4672 τὸ
1167 4619 1404 4690 πνεῦμα.
1447 4621 1583 4694 Περὶ
1621 4623 1715 4676 τοῦ
1751 4624 1876 4677 στό-

307 4728 478 4783 ματος
493 4709 585 4763 τοῦ
613 4709 854 4781 κρυπτοῦ
885 4706 1171 4778 ἀνθρώπου
1201 4711 1353 4780 φησί’
1374 4712 1468 4764 καὶ
1491 4713 1708 4766 δύναται
1739 4707 1878 4765 εἶναι

301 4799 483 4872 ψυχῆς
511 4799 684 4869 στόμα
703 4801 736 4868 ἡ
761 4797 1074 4869 διαδοητικὴ
1099 4799 1268 4868 αὐτῆς
1285 4798 1531 4869 δύναμις.
1573 4803 1606 4872 η
1637 4803 1876 4854 διανοου-

308 4889 446 4959 μένη
479 4887 738 4958 προφέρει
766 4889 856 4941 τὸν
888 4889 946 4940 ἐν
972 4887 1180 4959 διανοίᾳ
1210 4887 1382 4954 λόγον.
1423 4889 1588 4941 Οὐδὲν
1626 4890 1872 4960 διαφέρει

1997 3188 2207 3233 tuorum
2235 3178 2576 3241 illuminabit,
2604 3187 2654 3230 et
2680 3178 2998 3231 intellectum
3029 3176 3176 3230 dabit
3207 3177 3460 3246 parvulis.
3488 3177 3562 3232 Os

1996 3287 2166 3326 meum
2195 3271 2398 3338 aperui,
2422 3279 2472 3322 et
2509 3269 2713 3321 attraxi
2747 3268 3012 3334 spiritum,
3038 3251 3162 3335 quia
3192 3266 3446 3318 mandata
3469 3276 3560 3319 tua

1994 3358 2376 3414 desiderabam.
2412 3355 2592 3410 Prima
2642 3355 2902 3425 cognitio,
2935 3363 2991 3408 et
3032 3369 3153 3424 quae
3192 3353 3347 3406 initio
3392 3354 3560 3408 tradi-

1993 3457 2084 3504 tur
2111 3449 2361 3503 doctrina
2391 3460 2706 3500 sermonum
2756 3452 2998 3508 tuorum,
3036 3442 3367 3497 illuminabit
3393 3451 3448 3498 et
3477 3444 3561 3497 in-

1994 3538 2267 3595 tellectum
2323 3535 2476 3592 dabit
2521 3534 2764 3606 parvulis
2797 3549 2810 3584 :
2839 3533 3150 3588 testimonia
3179 3546 3308 3586 vero
3339 3540 3432 3585 tua
3458 3531 3561 3586 mi-

1992 3627 2184 3683 rabilia
2218 3633 2348 3682 sunt
2375 3634 2430 3682 et
2459 3624 2747 3695 stupenda.
2783 3621 2978 3679 Merito
3005 3621 3173 3693 igitur
3203 3622 3399 3676 animm
3426 3637 3576 3677 mea:-

1990 3716 2394 3786 receptaculum
2433 3713 2768 3785 expandens,
2805 3724 2860 3768 et
2885 3713 3042 3783 quasi
3073 3727 3136 3766 os
3168 3711 3442 3780 aperiens,
3471 3711 3558 3766 di-

1993 3808 2176 3863 vinum
2210 3822 2240 3861 a
2269 3814 2324 3862 te
2385 3805 2649 3876 Spiritum
2710 3803 2916 3874 accepi.
2943 3801 3172 3858 credens
3208 3802 3559 3872 promissioni

1988 3899 2194 3954 dicenti
2228 3914 2240 3949 :
2275 3898 2431 3965 Aperi
2458 3913 2516 3950 os
2540 3905 2709 3960 tuum,
2760 3903 2810 3948 et
2856 3893 3081 3962 implebo
3113 3888 3324 3946 illud".
3357 3892 3430 3952 Et
3450 3895 3557 3950 hoc

1989 3987 2092 4044 feci
2148 3987 2341 4058 spiritu
2369 3985 2538 4058 tuoin
2563 3999 2650 4039 me
2676 3991 2972 4054 pertracto,
3005 3992 3064 4036 ut
3107 3980 3416 4037 testimonia
3461 3983 3554 4037 illa

1986 4088 2081 4135 tua
2118 4056 2388 4132 mirabilia
2411 4056 2823 4146 cognoscerem,
2861 4083 2916 4130 et
2965 4090 3282 4131 sermonum
3336 4087 3551 4131 tuorum

1987 4167 2409 4225 illustrationem
2459 4165 2786 4228 obtinerem,
2840 4177 2937 4232 per
2982 4161 3236 4232 spiritum
3277 4173 3429 4218 tuum
3459 4179 3554 4218 eo-

1986 4256 2233 4312 ruindem
2286 4254 2619 4309 intellectum
2678 4257 2732 4304 et
2791 4251 3039 4304 notitiam
3131 4250 3426 4320 accipiens.
3477 4247 3551 4305 0s

1987 4363 2155 4401 meum
2182 4342 2361 4414 aperui
2390 4353 2440 4395 et
2480 4341 2682 4393 attraxi
2711 4340 2977 4406 spiritum,
3011 4339 3136 4407 quia
3181 4344 3434 4392 mandata
3458 4349 3551 4392 tua

1909 4416 1953 4470 Ῑ)
1982 4434 2346 4492 desiderabam
2381 4447 2400 4484 :
2432 4431 2548 4501 ipsa
2569 4429 2951 4484 mandatorum
2982 4429 3252 4484 sententia
3292 4429 3544 4499 spiritum

1985 4527 2289 4583 attrahente
2320 4532 2372 4580 et
2411 4522 2737 4594 pelliciente.
2784 4519 2860 4574 De
2911 4534 3006 4575 ore
3039 4526 3218 4574 autem
3268 4519 3547 4576 interioris

1982 4618 2220 4673 hominis
2277 4615 2565 4684 loquitur:
2601 4621 2883 4682 potestque
2931 4625 2994 4666 os
3050 4612 3242 4665 animae
3286 4608 3416 4678 dici,
3463 4613 3547 4666 vis

1980 4710 2099 4779 ejus
2130 4706 2446 4763 enuntiandi
2477 4721 2598 4775 qum
2639 4703 2930 4774 cogitando
2974 4695 3028 4755 in
3087 4709 3266 4757 mente
3319 4702 3544 4758 verbum

1977 4798 2204 4870 profert.
2240 4795 2384 4851 Nihil
2413 4797 2614 4861 dilTert,
2651 4797 2696 4851 si
2720 4796 2873 4850 dicas
2909 4807 3186 4850 assumere
3215 4809 3540 4857 sermonem,

1977 4896 2030 4944 et
2061 4887 2332 4942 attrahere
2358 4886 2613 4955 spiritum
2659 4903 2672 4938 :
2708 4885 2944 4950 idipsum
2984 4884 3128 4937 enim
3175 4890 3258 4938 est
3293 4883 3538 4953 spiritus,

302 4979 490 5032 λαϐεῖν
518 4976 674 5044 λόγον
725 4979 818 5031 καὶ
865 4975 1085 5029 ἑλκῦσαι
1143 4976 1357 5045 πνεῦμα
1412 4978 1616 5029 εἰπεῖν’
1668 4979 1866 5031 ταυτὸν

1995 4979 2117 5050 μιοᾱ
2146 4978 2363 5032 divinus
2390 4991 2588 5030 sermo.
2625 4974 2987 5040 Quamobrem
3017 4972 3277 5028 Servator
3315 4974 3382 5030 de
3423 4990 3541 5029 ser-

299 5069 408 5138 γὰρ
444 5067 506 5118 τὸ
564 5066 778 5136 πνεῦμα
821 5067 899 5134 τῷ
933 5067 1060 5137 θείῳ
1105 5067 1266 5137 λόγῳ.
1316 5065 1408 5118 Διὸ
1443 5066 1536 5118 καὶ
1573 5068 1601 5118 ό
1658 5068 1865 5138 Σωτὴρ,

301 5158 432 5228 περὶ
471 5148 532 5208 οῦ
566 5155 716 5224 ἔλεγε
757 5155 913 5224 λόγου
952 5157 1044 5209 καὶ
1090 5157 1349 5228 ῥημάτων
1381 5158 1568 5228 είρηκε
1593 5174 1606 5187 ·
1650 5159 1725 5212 Τὰ
1759 5158 1871 5227 ῥή-

1979 5083 2139 5123 mone
2167 5075 2220 5123 et
2249 5065 2428 5120 verbis
2455 5065 2529 5118 ait
2562 5082 2575 5116 :
2618 5063 2786 5116 Verba
2810 5078 2926 5132 qua:
2972 5062 3176 5114 locutus
3214 5076 3329 5142 sum
3371 5060 3533 5121 vobis,

1976 5155 2192 5224 spiritus
2216 5163 2264 5207 et
2293 5153 2400 5206 vita
2423 5161 2547 5204 sunt
2569 5149 2633 5201 ¹⁹.

293 5263 455 5316 ματα
501 5245 540 5299 d
569 5245 877 5312 λελάληκα
899 5245 1072 5314 ὑμῖν,
1119 5246 1356 5316 πνεῦμὰ
1405 5248 1537 5300 ἐστι
1596 5248 1694 5302 καὶ
1757 5248 1868 5316 {imi
1899 5249 2052 5302 ἐστι.

381 5351 737 5420 Eata/tepor
781 5352 874 5404 ἐπ’
898 5352 1003 5421 ἐμὲ
1052 5353 1148 5406 καὶ
1182 5353 1442 5420 ἐλέησόν
1464 5371 1560 5422 με,
1607 5357 1756 5409 κατὰ
1801 5356 1867 5408 τὸ

297 5440 476 5512 κρῖμα
518 5439 636 5494 τῶν
671 5442 1034 5510 ἀγαπώντων
1063 5443 1132 5496 τὸ
1181 5443 1368 5514 ὄνομά
1418 5460 1554 5499 σου.
1603 5445 1721 5500 Τῶν
1765 5446 1869 5499 ὑπὸ

375 5655 420 5687 ³⁸
457 5653 598 5709 Psal.
637 5667 811 5720 Lux,
845 5652 932 5708 Η.
1010 5655 1054 5686 ¹⁹
1090 5653 1248 5708 Joan.
1283 5669 1338 5708 vr
1361 5694 1378 5719 ,
1411 5655 1499 5709 64.

615 5744 888 5806 Parnm.
945 5743 1063 5805 Gn.
1141 5745 1380 5806 XXIII.

2050 5352 2216 5410 Vsus.
2259 5348 2382 5408 132.
2417 5349 2627 5418 Respice
2677 5351 2732 5404 in
2783 5364 2864 5404 me
2908 5357 2958 5403 et
3006 5348 3247 5402 miserere
3296 5344 3420 5407 mei,
3453 5359 3535 5398 se-

1977 5445 2206 5501 cundum
2235 5442 2496 5515 judicium
2549 5441 2880 5513 diligentiam
2920 5453 3103 5496 nomen
3138 5443 3306 5489 tuum.
3357 5431 3433 5488 Ex
3466 5434 3534 5488 iis

3141 5729 3216 5795 (sit
