4044 6212
452 271 586 328 i387
666 293 674 297 -

1083 256 1350 333 EUSEBII
1387 262 1864 322 CESARIENSIS
1903 262 2054 322 OPP.
2095 262 2278 324 PARS
2320 263 2408 322 Ill.
2448 299 2518 310 —
2548 263 2954 331 EXEGETICA.

3551 272 3691 331 I388

447 387 597 456 quia
637 364 1239 454 Deoﬂnisericordiam
1279 389 1709 452 consequuntur,
1749 381 1837 434 alii
1889 395 2002 435 eam

2110 381 2245 436 Θεοῦ
2267 382 2622 454 ὲλεουμένων,
2651 387 2700 438 oi
2745 387 2846 457 μὲν
2885 387 3209 458 τυγχάνουσι
3239 387 3429 441 τούτου
3460 387 3552 441 διὰ
3589 407 3687 458 με·

448 495 544 548 per
572 476 944 548 pmnitentiam
972 474 1237 540 obtinent,
1265 473 1376 543 jam
1410 488 1439 526 a
1474 473 1716 541 peccatis
1750 471 2008 527 receden-

446 578 528 624 tes
561 582 732 637 eaque
758 564 1116 630 conﬁtentes;
1163 564 1255 618 alii
1296 563 1684 619 misericordiae
1717 562 1810 618 Dei
1844 579 2006 634 expc-

446 658 735 711 rimentum
774 663 1027 732 sumunt,
1055 653 1200 724 quod
1234 653 1482 724 profectu
1515 653 1662 708 aucti
1714 653 1781 707 ad
1833 654 2011 723 ipsum

445 748 665 803 virtutis
685 747 844 802 ﬁnem
879 753 1171 802 maturent.
1219 745 1319 799 Hic
1344 746 1529 815 itaque
1559 751 1817 815 precatur
1844 745 2010 799 mise-

447 843 740 897 ricordiam
764 841 1050 910 consequi,
1076 855 1181 893 non
1214 838 1511 894 secundum
1530 836 1795 906 judicium
1825 848 2013 890 eorum

448 934 540 1002 qui
576 931 951 1001 paenitentiam
998 932 1197 998 agunt;
1243 929 1338 982 scd
1395 942 1582 981 eorum
1638 926 1732 996 qui
1781 925 2012 994 diligunt

450 1036 648 1076 nomen
704 1019 916 1074 Domini
949 1037 961 1072 :
994 1033 1118 1072 nam
1168 1029 1400 1086 persona
1450 1030 1571 1086 quae
1627 1015 1870 1094 loquitur
1928 1018 2012 1067 εει

448 1124 660 1174 eorum,
693 1109 785 1179 qui
811 1109 1039 1163 multum
1083 1107 1139 1160 in
1192 1107 1392 1161 virtute
1429 1115 1482 1160 et
1518 1105 1764 1160 veritatis
1814 1102 2010 1158 notitia

449 1199 814 1271 profecerunt.
867 1197 1234 1263 Quamobrem
1285 1195 1628 1249 conﬁdenter
1659 1193 1898 1264 postulat
1954 1191 2007 1244 in

446 1297 798 1360 conspectum
841 1287 934 1343 Dei
965 1303 1024 1342 se
1071 1287 1276 1342 venire.
1308 1285 1558 1356 Respice,
1588 1285 1784 1356 inquit,
1818 1285 2003 1343 in-mc,

2115 472 2350 536 τανοίας,
2379 473 2502 544 ἄρτι
2544 474 2824 545 ἁμαρτιῶν
2864 477 3268 549 ἀναχωροῦντες
3303 479 3396 531 καὶ
3439 477 3687 549 ἐξομολο-

2117 562 2368 632 γούμενοι
2387 580 2401 593 ο
2435 565 2483 616 οἱ
2515 564 2571 617 δὲ
2613 565 2806 638 πεῖραν
2834 568 2984 622 ἐλέου
3013 569 3149 623 Θεοῦ
3174 569 3560 640 λαμϐάνουσιν,
3595 573 3695 624 ἐπὶ

2118 651 2194 723 τῷ
2245 649 2652 724 προκόπτοντας
2699 656 2930 712 σπεῦσαι
2964 661 3058 714 ἐπὶ
3108 660 3170 714 τὸ
3208 661 3358 726 τέλος
3395 663 3539 716 ἀὐτὸ
3588 665 3695 735 τῆς

2118 740 2336 811 ἀρετῆς.
2363 739 2619 812 ν-Εύχεται
2659 739 2753 798 οὖν
2800 742 2952 810 οὗτος
2999 748 3284 820 ἐλεηθῆναι
3332 750 3392 803 ού
3439 751 3583 806 κατά
3625 753 3693 807 τὸ

2114 831 2289 901 κρῖμα
2312 831 2419 886 τῶν
2451 837 2873 904 μετανοούντων,
2901 838 3036 892 ἀλλά
3056 839 3167 892 τῶν
3195 840 3532 908 ἀγαπώντων
3569 843 3690 898 ὅνο-

2116 939 2190 991 μα
2238 923 2443 993 Κυρίου
2472 944 2482 953 ·
2517 928 2625 981 τῶν
2668 911 2801 999 γὰρ⁸
2826 931 2944 984 κατ’
2977 931 3174 1002 ἀρετὴν
3223 932 3317 985 καὶ
3348 933 3547 1001 γνῶσιν
3584 936 3689 1005 τῆς

2115 1011 2371 1082 ἀληθείας
2417 1016 2550 1069 πολὺ
2597 1018 2985 1088 προκοψάντων
3032 1020 3093 1072 τὸ
3144 1021 3302 1089 λέγον
3361 1023 3681 1094 πρόσωπον·

2113 1098 2193 1152 διὸ
2221 1101 2315 1154 καὶ
2339 1105 2772 1176 παρρησιάζεται
2803 1107 3034 1178 ὀφθῆναι
3057 1109 3136 1180 τῷ
3167 1110 3304 1181 Θεῷ.
3339 1112 3683 1183 Ἐπίὸλεψον,

2116 1189 2223 1259 γάρ
2251 1208 2416 1263 φησιν
2441 1235 2454 1260 ,
2482 1196 2566 1248 ἐπ’
2596 1197 2694 1266 ἐμὲ
2707 1198 2800 1250 καὶ
2825 1199 2883 1263 ἐξ
2910 1199 3152 1271 ἀνάγκης
3171 1201 3355 1269 ἕψεται
3378 1202 3438 1255 τδ
3461 1204 3686 1274 ἐλεηθῆ-

2119 1279 2206 1332 ναί
2248 1299 2334 1351 με.

445 1389 498 1437 et
552 1383 680 1436 hinc
740 1381 1052 1435 necessario
1118 1387 1376 1449 seQuetur
1444 1395 1529 1434 me
1573 1376 2004 1433 misericordiam
2041 1375 2327 1442 consequi.

519 1490 684 1547 Vsus.
715 1491 839 1546 15⁸5.
870 1489 1092 1544 Gressus
1133 1508 1273 1544 meos
1323 1490 1491 1560 dirige
1549 1489 1834 1543 secundum
1895 1488 2004 1542 elo-

441 1583 622 1653 quium
647 1591 813 1646 tuum,
848 1593 898 1636 et
926 1585 1028 1634 nan
1056 1581 1352 1634 dominetur
1377 1580 1502 1633 mihi
1531 1581 1698 1634 omnis
1720 1579 2004 1649 injustitia.

2189 1481 2271 1541 Τὰ
2309 1489 2637 1558 διαδήματα
2685 1509 2804 1560 μου
2845 1496 3216 1550 κατεύθυνον
3261 1498 3413 1552 κατὰ
3453 1499 3522 1555 τὸ
3579 1505 3687 1559 λόο

2115 1578 2246 1646 γιόν
2305 1592 2423 1633 σου
2441 1619 2455 1642 ,
2509 1579 2603 1632 καὶ
2649 1580 2735 1648 μὴ
2793 1585 3307 1652 κατακυριευσάτω
3345 1607 3471 1659 μου
3515 1593 3684 1651 πᾶσα

446 1672 754 1728 Secundum
777 1671 1053 1740 eloquium
1089 1670 1178 1724 Dei
1214 1669 1386 1739 dirige
1429 1684 1652 1740 gressus
1708 1681 1884 1732 meos,
1917 1667 2002 1738 qui

2113 1668 2350 1737 ἀνομία.
2383 1670 2539 1724 Κατὰ
2579 1671 2642 1724 τὸ
2681 1671 2858 1740 λόγιον
2890 1674 2982 1728 τοῦ
3028 1675 3162 1730 Θεοῦ
3215 1681 3538 1736 κατευθύνει
3569 1687 3585 1705 ⁶
3607 1685 3681 1740 τὰ

441 1777 509 1816 ex
542 1761 746 1814 malitia
774 1769 828 1814 ct
848 1759 1152 1828 ignorantia
1187 1758 1254 1812 ad
1287 1759 1541 1812 virtutem
1571 1768 1624 1812 et
1642 1757 2006 1828 cognitionem

441 1852 686 1907 veritatis
710 1850 1048 1921 proﬁciscor.
1082 1848 1216 1903 Nam
1252 1857 1437 1903 rectus
1479 1863 1660 1902 sermo
1687 1847 1923 1902 dircctor
1954 1857 2008 1901 et

441 1941 548 1995 dux
579 1943 762 1995 talium
795 1956 1077 2011 gressuum
1101 1948 1202 1995 cst.

513 2135 678 2190 Vsus.
748 2125 879 2190 134..
908 2134 1116 2190 Redime
1149 2149 1229 2186 me
1260 2150 1291 2185 a
1321 2133 1589 2186 calumnia
1637 2131 1927 2193 hominum,
1951 2139 2006 2184 ‘et

441 2228 739 2282 custodiam
765 2226 1016 2280 mandata
1043 2236 1155 2280 tua.
1186 2225 1245 2278 In
1281 2223 1587 2278 mercedem
1619 2222 2008 2276 misericordia:

439 2333 546 2386 qua
586 2317 848 2371 liberatus
893 2322 976 2371 cst
1020 2330 1049 2368 a
1089 2315 1378 2370 calumniis
1418 2312 1720 2375 hominum,
1762 2327 1822 2367 se
1854 2325 2008 2365 man-

440 2409 566 2460 data
617 2405 832 2460 Domini
885 2405 1302 2460 observaturum
1368 2403 1655 2474 pollicetur
1698 2421 1712 2458 :
1760 2404 1843 2458 vel
1894 2418 2006 2458 non

441 2501 553 2550 tam
582 2483 922 2562 mercedem,
955 2510 1118 2565 quam
1179 2493 1480 2565 gratiarum
1535 2493 1802 2548 actionem
1868 2508 2006 2562 prae-

444 2583 564 2647 beo,
598 2592 657 2638 ut
688 2583 926 2638 redimar
954 2597 984 2636 a
1017 2582 1285 2636 calumnia
1345 2580 1648 2636 hominum.
1692 2577 1846 2637 Hauc
1875 2595 2005 2636 vero

442 2671 671 2740 gratiam
709 2671 1071 2742 impetrarunt
1098 2670 1299 2740 Joseph
1334 2676 1387 2722 et
1432 2667 1703 2725 Susanna.
1737 2669 2003 2724 Caeterum

437 2752 648 2827 tropice
681 2757 930 2813 homines
974 2758 1080 2812 dici
1117 2757 1330 2826 possint
1367 2757 1616 2812 diabolus
1645 2763 1699 2812 et
1749 2760 2003 2814 adversa-

441 2855 536 2908 riae
568 2853 687 2922 ejus
739 2852 901 2906 socia:
951 2859 1268 2921 potestates,
1300 2865 1328 2903 a
1361 2864 1592 2920 quarum
1647 2852 2001 2922 sycophantia

442 2941 705 2997 redimere
725 2941 895 2996 solius
920 2939 1012 2996 Dei
1042 2951 1144 2996 cst.

2111 1757 2420 1829 διαδήματα
2451 1778 2575 1830 μου,
2624 1762 2689 1814 ὲκ
2733 1763 2929 1827 κακίας
2970 1766 3062 1819 καὶ
3093 1767 3316 1835 ἀγνοίας
3355 1773 3436 1836 είς
3483 1775 3682 1846 ἀρετὴν

2111 1849 2204 1900 καὶ
2253 1849 2454 1916 γνῶσιν
2502 1851 2602 1921 τῆς
2651 1853 2904 1923 ἀληθείας
2951 1855 3334 1924 διαϐαίνοντος.
3397 1863 3684 1936 Εὐθυντὴρ

2110 1935 2216 2004 γὰρ
2248 1938 2342 1988 καὶ
2393 1938 2614 2009 ἡγεμὼν
2647 1941 2755 1992 τῶν
2794 1942 3047 1997 τοιούτων
3086 1945 3436 2019 διαδημάτων
3458 1953 3487 2004 ὁ
3521 1935 3683 2024 ὀρθὸς

2109 2025 2283 2094 λόγος.

2179 2118 2491 2184 Λύτρωσαί
2520 2136 2597 2188 με
2632 2121 2748 2175 ἀπὸ
2773 2128 3184 2194 συκοφαντίας
3209 2131 3546 2200 ἀνθρώπων,
3573 2136 3682 2191 και

2107 2210 2356 2277 φυλάξω
2385 2211 2492 2277 τὰς
2519 2213 2771 2281 ἐντολάς
2802 2231 2938 2270 σου.
2973 2219 3177 2272 Μισθὸν
3210 2221 3303 2274 τοῦ
3340 2224 3490 2278 ἐλέου
3524 2224 3684 2281 λελυ-

2107 2299 2347 2369 τρῶσθαι
2409 2303 2520 2356 ἀπὸ
2570 2305 2932 2373 συκοφαντίας
2962 2296 3284 2380 ’ἀνθρώπων
3337 2315 3682 2385 ὑπισχνεῖται

2106 2385 2298 2442 δώσειν
2337 2388 2433 2460 τὴν
2466 2390 2574 2442 τῶν
2619 2392 2850 2474 ἐντολῶν
2899 2396 3103 2467 Κυρίου
3141 2399 3391 2472 φυλακήν
3415 2421 3428 2433 ·
3465 2404 3500 2474 ἢ
3555 2406 3683 2460 οὐδὲ

2110 2476 2321 2545 μισθὸν,
2340 2479 2454 2532 ἀλλ’
2478 2481 2828 2551 εὐχαριστίαν
2869 2485 2951 2548 είς
2981 2487 3041 2538 τὸ
3071 2487 3408 2562 λυτρωθῆναί
3454 2511 3521 2564 με
3565 2497 3680 2550 ἀπὸ

2108 2569 2470 2635 συκοφαντίας
2510 2569 2831 2641 ἀνθρώπων.
2883 2574 2992 2627 Καὶ
3016 2579 3377 2648 τετυχήκασιν
3399 2583 3682 2654 αἰσθητῶς

2104 2657 2204 2727 τῆς
2231 2658 2496 2729 αἰτήσεως
2541 2661 2732 2732 Ἰωσὴφ
2773 2664 2867 2716 καὶ
2893 2664 3188 2722 Σουσάννα.
3232 2671 3474 2742 Ῥηθεῖεν
3499 2674 3554 2729 δὲ
3579 2676 3682 2730 ἇν-

2106 2744 2311 2816 θρωποι
2337 2749 2610 2818 τροπικῶς
2654 2753 2682 2804 ὁ
2709 2751 2954 2817 διάϐολος
3003 2756 3096 2810 καὶ
3141 2760 3199 2812 αἱ
3241 2763 3362 2815 κατ’
3392 2765 3550 2818 αὑτὸν
3579 2785 3678 2820 πο-

2103 2836 2265 2904 νηραὶ
2307 2836 2581 2908 δυνάμεις,
2617 2841 2708 2909 ἀφ’
2737 2834 2812 2895 ὧν
2833 2843 2933 2914 τῆς
2973 2851 3336 2916 συκοφαντίας
3375 2855 3529 2923 μόνου
3569 2859 3675 2912 τοῦ

2103 2923 2239 2977 Θεοῦ
2266 2925 2607 2996 λυτροῦσθαι.

512 3031 676 3085 Vsus.
703 3030 830 3092 155,
861 3031 980 3086 156.
1017 3029 1233 3086 Faciem
1256 3043 1400 3085 tuam
1432 3031 1674 3086 illumina
1706 3045 1862 3104 super
1893 3051 2002 3089 ser-

2179 3017 2249 3071 Τὸ
2298 3020 2622 3085 πρόσωπόν
2667 3037 2783 3079 σου
2834 3026 3130 3098 ἐπίφανον
3159 3034 3258 3087 ἐπὶ
3302 3037 3408 3090 τὸν
3449 3037 3678 3093 δοῦλόν

439 3137 556 3174 vum
601 3129 848 3185 tuum,'ct
887 3121 1015 3176 doce
1044 3139 1123 3176 me
1156 3123 1566 3192 justiﬁcationes
1612 3133 1752 3178 tuas.
1790 3125 2000 3181 Secun-

438 3195 566 3268 dum
620 3213 922 3270 Salvatoris
974 3217 1242 3270 illustrem
1297 3215 1589 3272 adventum
1639 3217 1825 3272 videre
1881 3233 2002 3286 per-

436 3313 654 3374 optans,
711 3323 812 3377 pro
871 3321 936 3361 eo
978 3305 1126 3360 Patri
1178 3306 1448 3377 supplicat
1485 3308 1672 3365 dicens
1717 3328 1729 3364 :
1784 3309 2000 3365 Faciem

439 3406 604 3460 tuam,
639 3395 885 3461 Domine,
915 3396 1159 3450 illumina
1198 3412 1216 3449 :
1249 3412 1412 3468 quam
1466 3400 1559 3468 qui
1595 3400 1747 3465 vidit,
1775 3401 1910 3455 vidit
1947 3411 2002 3456 et

437 3487 674 3541 Patrem.
723 3486 856 3540 Nan
909 3488 1028 3556 ipse
1073 3487 1142 3542 de
1191 3488 1374 3557 seipso
1431 3489 1506 3542 ait
1541 3505 1554 3541 :
1585 3490 1689 3556 Qui
1731 3492 1861 3544 vidit
1897 3509 1998 3556 me,

438 3577 568 3631 vidit
625 3587 676 3631 et
736 3577 950 3632 Patrem
968 3580 1038 3633 ὀ.
1092 3576 1281 3632 Exitus
1350 3596 1609 3649 aquarum
1671 3582 2000 3637 deduxerunt

432 3666 574 3721 oculi
614 3667 734 3730 mei,
759 3669 881 3737 quia
911 3673 1012 3721 non
1036 3667 1395 3723 custodierunt
1429 3671 1587 3741 legem
1629 3681 1796 3727 tuam.

500 3756 666 3812 Vens.
698 3757 956 3812 137-145.
1003 3757 1193 3813 Justus
1235 3775 1309 3822 es,
1365 3759 1608 3826 Domine,
1639 3771 1687 3816 et
1738 3773 1881 3817 recta
1911 3764 1999 3833 ju-

432 3847 575 3901 dicid
602 3856 713 3901 tua.
753 3847 1026 3902 Mandasti
1051 3849 1324 3917 justitiam
1357 3853 1652 3906 testimonia
1694 3856 1807 3917 tua,
1839 3863 1886 3907 et
1917 3871 1998 3907 uc-

432 3934 642 3986 ritatem
669 3943 813 3987 tuam
867 3937 1035 3991 valde.
1093 3938 1376 3992 Tab‘escere
1411 3955 1490 3990 me
1525 3939 1642 4006 fecit
1672 3941 1813 3994 zelus
1851 3951 1994 4005 tuus,

429 4019 557 4086 quia
583 4019 732 4071 obliti
765 4031 886 4073 sunt
924 4025 1076 4074 verba
1112 4034 1204 4075 tua
1230 4026 1428 4076 inimici
1454 4028 1572 4076 mei.
1613 4025 1844 4091 Ignitum
1883 4028 1994 4082 elo-

429 4109 608 4174 quium
637 4117 783 4160 tuum
819 4109 1158 4173 vehementer,
1191 4120 1239 4164 et
1260 4126 1438 4164 servus
1473 4121 1596 4165 tuus
1623 4111 1809 4169 dilexit
1838 4116 1992 4175 illud.

427 4197 864 4253 Adolesceutulus
888 4217 1005 4254 sum
1035 4218 1126 4272 ego
1153 4211 1568 4274 et_contemptus,
1582 4203 1992 4274 iustiﬁcationes

431 4295 549 4341 tuas
569 4305 672 4342 non
703 4306 819 4343 sum
859 4289 1073 4344 oblitus.
1105 4291 1332 4345 Iustitia
1372 4301 1465 4345 tua
1495 4293 1714 4360 justitia
1749 4297 1808 4349 in
1839 4307 1995 4359 cetero
2026 4329 2068 4383 ο

429 4394 577 4443 num,
606 4387 655 4433 et
694 4378 779 4434 lea:
810 4389 902 4434 tua
933 4382 1144 4436 veritas.
1176 4381 1568 4436 Tribulationes
1613 4395 1663 4437 et
1706 4389 1992 4441 necessita-

431 4479 504 4524 tes
556 4472 858 4526 invenerunt
912 4473 1320 4528 me:mandata
1368 4483 1461 4527 tua
1520 4475 1794 4532 meditatio
1856 4491 1991 4535 mea.

431 4559 790 4632 Symmachus
814 4565 974 4618 aliam
996 4564 1150 4620 eﬁ‘ert
1181 4566 1504 4621 sententiam
1531 4567 1719 4624 dicens
1754 4587 1769 4625 :
1805 4570 1998 4625 Tribu-

430 4657 648 4712 lationes
687 4668 736 4714 et
783 4662 1083 4731 aﬂlictiones
1131 4664 1630 4731 comprehenderunt
1673 4683 1753 4722 me
1785 4674 1802 4723 ὲ
1839 4677 1996 4725 ‘m’an-

429 4745 558 4799 data
581 4764 696 4801 vero
721 4750 1047 4804 delectabant
1081 4767 1159 4806 me
1193 4767 1301 4808 :ac
1356 4753 1401 4809 si
1441 4757 1620 4812 omnis
1664 4757 1758 4814 Dei
1817 4763 1996 4816 cultor

428 4834 664 4904 graviter
695 4845 748 4890 et
770 4853 910 4906 egre
951 4839 1088 4893 ferat
1118 4840 1280 4910 hujus
1313 4843 1432 4896 vita:
1463 4847 1699 4915 negotia,
1732 4856 1894 4919 atque
1927 4864 1990 4906 ex

429 4924 709 5002 hominum
735 4927 943 4980 malitia
977 4939 1220 4994 vexetur,
1256 4934 1542 5005 solamque
1569 4939 1763 4993 habeat
1788 4954 1993 4996 conso-

430 5018 706 5077 lationem,
737 5021 1128 5075 recreationem
1171 5033 1225 5077 et
1269 5025 1682 5085 delectationem
1718 5031 1774 5084 in
1821 5047 1975 5088 man-

427 5105 678 5161 datorum
706 5106 798 5161 Dei
828 5109 1194 5165 meditatione.

498 5237 662 5293 Vens.
695 5240 814 5294 1M.
874 5239 1095 5296 Iustitia
1128 5245 1424 5299 testimonia
1465 5256 1555 5300 tua
1607 5249 1661 5302 in
1707 5259 1987 5314 wteruum,

428 5328 745 5380 intellectum
771 5327 840 5382 da
860 5329 1009 5394 mihi,
1058 5339 1106 5383 et
1141 5332 1326 5387 vivam.
1367 5332 1489 5388 Haec
1529 5334 1766 5405 justitia,
1819 5355 1982 5409 quam

497 5460 542 5492 ²⁰
577 5461 734 5517 Joan.
773 5479 886 5529 xlv,
921 5464 978 5520 9.

457 5567 474 5624 ξ
505 5557 524 5583 ⁴
553 5557 816 5632 lnterpres
853 5564 978 5634 legit
1007 5565 1314 5621 κατεύθυνε.
1359 5567 1514 5624 Eon.
1556 5570 1794 5628 ΡΑτιιοι.

2103 3121 2241 3199 σου,
2266 3109 2363 3162 καὶ
2384 3110 2632 3177 δίδαξόν
2657 3131 2733 3184 με
2761 3117 2834 3170 τὰ
2861 3118 3218 3191 δικαιιὶιματά
3245 3141 3382 3180 σου.
3423 3129 3530 3199 Τὴν
3560 3131 3675 3184 δευ-

2102 3198 2264 3268 τέραν
2296 3199 2388 3294 τοῦ
2418 3203 2664 3275 Σωτῆρος
2696 3207 2992 3280 ὲπίλαμψιν
3020 3213 3145 3268 ἰδεῖν
3179 3215 3360 3270 ποθῶν
3378 3198 3517 3284 ἀξιοῖ
3547 3224 3678 3294 περὶ

2103 3289 2292 3382 αὐτῆς,
2318 3289 2396 3361 τῷ
2413 3293 2588 3363 lla-cpi.
2616 3297 2859 3363 φάσκων.
2879 3301 2950 3354 Τὸ
2971 3305 3294 3370 πρόσωπόν
3317 3324 3456 3372 σου,
3476 3289 3672 3382 Κύριε,

2101 3377 2396 3446 ἐπίφανον
2421 3397 2434 3410 ·
2465 3381 2603 3452 ὅπερ
2644 3383 2764 3438 ἰδών
2802 3404 2885 3450 τις
2915 3389 3121 3460 ἑώρακε
3169 3395 3262 3446 καὶ
3289 3397 3381 3449 τὸν
3427 3377 3668 3471 Πατέρα.

2100 3467 2271 3530 Αὐτὸς
2315 3468 2422 3540 γὰρ
2458 3471 2586 3542 περ)Ι
2610 3473 2799 3527 ἑαυτοῦ
2827 3475 3002 3545 λέγει·
3034 3479 3087 3531 '0
3117 3480 3385 3550 ἑωρακὼς
3411 3485 3535 3555 ἐμὲ,

2091 3572 2240 3623 ρακε
2268 3557 2375 3610 τὸν
2397 3562 2645 3629 Πατέρα.
2673 3564 2984 3632 Διεξόδους
3003 3567 3236 3624 ὑδάτων
3250 3575 3588 3631 κατέδυσαν
3611 3583 3671 3633 οι

2100 3647 2395 3717 ὀφθαλμοί
2408 3668 2548 3719 μου,
2573 3654 2706 3708 ἐπεὶ
2721 3657 2832 3709 οὐκ
2848 3657 3162 3726 ἐφύλαξαν
3177 3663 3283 3715 τὸν
3299 3667 3484 3733 νόμον
3523 3683 3664 3723 σου.

2169 3736 2401 3804 Δίκαιος
2437 3735 2510 3804 εἴ,
2544 3743 2741 3819 Κύριε,
2777 3745 2874 3797 καὶ
2919 3747 3113 3813 εὐθεῑς
3155 3753 3215 3802 al
3251 3754 3476 3818 κρίσεις
3520 3750 3665 3810 σουέ

2112 3823 2418 3882 Ἐνετείλω
2463 3829 2859 3900 δικαιοσύνην
2904 3835 2975 3890 τὰ
3016 3840 3311 3908 μαρτύριὰ
3361 3859 3510 3910 σου,
3561 3845 3664 3899 και

2096 3915 2384 3982 ἀλήθειαν
2425 3919 2678 3987 σφόδρα.
2724 3917 2998 3990 Ἐξέτηξέ
3018 3943 3094 3994 με
3119 3930 3153 3981 ό
3181 3926 3357 3996 ζῆλός
3395 3948 3532 3997 σου,
3572 3936 3662 3989 ὅτι

2095 4003 2458 4062 ἐπελάθοντο
2492 4009 2609 4062 τῶν
2635 4013 2832 4081 λόγων
2854 4030 2969 4067 σου
2996 4019 3050 4069 ol
3077 4018 3280 4087 ἐχθροί
3295 4041 3442 4091 πμου.
3477 4028 3663 4080 ﬂexu-

2087 4095 2359 4164 ρωμένον
2401 4100 2466 4152 τὸ
2510 4103 2719 4170 λόγιόν
2760 4119 2878 4159 σου
2919 4105 3174 4177 σφόδρα,
3218 4113 3316 4166 καὶ
3362 4118 3397 4168 ὁ
3444 4116 3662 4183 δοῦλός

2095 4199 2212 4239 σου
2248 4187 2563 4257 ἠγάπησεν
2583 4194 2749 4248 αὐτό.
2775 4195 3067 4265 Νεώτερος
3093 4199 3206 4268 ἐγώ
3228 4205 3344 4272 ειμι
3375 4206 3472 4259 καὶ
3501 4206 3662 4271 Mov-

2096 4274 2443 4346 δενωμένος,
2460 4283 2530 4337 τὰ
2549 4282 2905 4355 δικαιώματά
2919 4303 3034 4344 σου
3048 4285 3158 4345 οὐκ
3173 4293 3564 4365 ἐπελαθόμην.
3594 4299 3663 4352 Ἠ

2097 4365 2449 4440 δικαιοσύνη
2485 4388 2600 4428 σου
2636 4375 2989 4447 δικαιοσύνη
3024 4384 3109 4448 είς
3128 4383 3248 4437 τὸν
3274 4384 3476 4450 αἰῶνα,
3500 4387 3596 4440 καί
3627 4390 3660 4441 ό

2095 4459 2276 4527 νόμος
2295 4475 2410 4515 σου
2425 4462 2691 4530 ἀλήθεια.
2713 4469 2958 4536 exlium;-
2987 4472 3085 4526 καὶ
3125 4473 3380 4544 ἀνάγκαι
3395 4476 3662 4544 ἐϋροσᾶν

2090 4565 2167 4614 με
2184 4565 2196 4579 ο
2217 4550 2530 4605 αῒέντολαί
2547 4568 2662 4608 σου
2676 4556 2895 4626 μελέτη
2905 4577 3023 4628 μου
3046 4599 3060 4614 .
3077 4562 3133 4616 ’0
3155 4563 3444 4634 Σύμμαχος
3468 4567 3662 4635 ἑτέραν

2095 4637 2402 4708 παρέστησε
2447 4640 2683 4698 διάνοιαν
2736 4645 2932 4712 εἰπὼν,
2973 4650 3217 4719 Θλιψεις
3256 4653 3355 4706 καὶ
3402 4654 3656 4722 ἐγκακιὶ-

2094 4740 2225 4791 σεις
2252 4728 2583 4786 κατέλαϐόν
2602 4751 2680 4802 με
2699 4752 2712 4766 ·
2737 4739 2798 4790 αι
2817 4735 2885 4790 δὲ
2910 4738 3147 4793 ἐντολαὶ
3177 4741 3432 4808 ἐτερπόν
3457 4760 3527 4810 με
3545 4759 3558 4772 ·
3581 4742 3658 4806 ὡς

2095 4813 2294 4877 παντὸς
2328 4815 2609 4884 θεοσεϐοῦς
2657 4821 2993 4894 βαρουμένου
3035 4827 3134 4896 μὲν
3162 4830 3255 4882 καὶ
3285 4829 3658 4902 δυσχεραίνον-

2091 4919 2183 4965 τος
2212 4904 2304 4957 ὲπὶ
2333 4911 2445 4970 τοῖς
2474 4909 2563 4962 τοῦ
2611 4910 2724 4980 βίου
2774 4915 3111 4986 πράγμασιν,
3153 4920 3556 4985 ἀποκακοῦντός
3594 4940 3655 4975 τε

2092 4993 2156 5046 ὲκ
2179 4993 2280 5066 τῆς
2307 4997 2413 5050 τῶν
2439 4999 2736 5066 ἀνθρώπων
2762 5005 2977 5068 κακίας,
3022 5008 3187 5078 μόνην
3219 5009 3274 5062 δὲ
3308 5013 3519 5081 ἔχοντος
3550 5030 3656 5066 πα-

2093 5086 2364 5154 ραμυθίαν
2387 5091 2480 5142 καὶ
2503 5091 2799 5164 ἀνάκτησιν
2829 5097 2918 5148 καὶ
2945 5097 3136 5167 τέρψιν
3159 5099 3272 5170 τὴν.
3285 5101 3514 5172 μελέτην
3545 5103 3655 5154 τῶν

2091 5174 2317 5230 ἐντολῶν
2345 5178 2440 5231 τοῦ
2481 5180 2636 5234 Θεοῦ.

2160 5267 2511 5337 Δικαιοσύνη
2565 5271 2636 5324 τὰ
2680 5275 2971 5342 μαρτύριά
3022 5292 3136 5331 σου
3184 5281 3270 5344 εἱς
3319 5281 3424 5333 τὸν
3448 5279 3651 5341 αἰῶνα.

2089 5355 2413 5412 συνέτισόν
2431 5376 2528 5430 με,
2559 5362 2658 5415 καὶ
2684 5362 2951 5434 ζήσομαι.
2983 5365 3131 5438 Δῦτη
3163 5355 3553 5443 η’δικαιοσύνη,
3586 5373 3652 5442 ἣν
