  <div class='ocr_page' id='page_1' title='image "/cluster/home/n/w/nwhite01/storage/ocr_20150623/23/hvd.32044073501116/700.png"; bbox 0 0 4044 6212; ppageno 0'>
   <div class='ocr_carea' id='block_1_1' title="bbox 397 256 539 319">
    <p class='ocr_par' dir='ltr' id='par_1_1' title="bbox 397 256 539 319">
     <span class='ocr_line' id='line_1_1' title="bbox 397 256 539 319; baseline 0.028 -4"><span class='ocrx_word' id='word_1_1' title='bbox 397 256 539 319; x_wconf 71' lang='grc'><strong>1589</strong></span> 
     </span>
    </p>
   </div>
   <div class='ocr_carea' id='block_1_2' title="bbox 1534 234 2514 298">
    <p class='ocr_par' dir='ltr' id='par_1_2' title="bbox 1534 234 2514 298">
     <span class='ocr_line' id='line_1_2' title="bbox 1534 234 2514 298; baseline -0.011 0"><span class='ocrx_word' id='word_1_2' title='bbox 1534 241 2037 298; x_wconf 73' lang='grc' dir='ltr'><strong>ΟΟΜΜΕΝΤΑΒῘΑ</strong></span> <span class='ocrx_word' id='word_1_3' title='bbox 2077 236 2145 292; x_wconf 76' lang='grc' dir='ltr'>ιΝ</span> <span class='ocrx_word' id='word_1_4' title='bbox 2183 234 2514 291; x_wconf 79' lang='lat' dir='ltr'><strong>PSALMOS.</strong></span> 
     </span>
    </p>
   </div>
   <div class='ocr_carea' id='block_1_3' title="bbox 3519 230 3660 287">
    <p class='ocr_par' dir='ltr' id='par_1_3' title="bbox 3519 230 3660 287">
     <span class='ocr_line' id='line_1_3' title="bbox 3519 230 3660 287; baseline -0.014 -1"><span class='ocrx_word' id='word_1_5' title='bbox 3519 230 3660 287; x_wconf 67' lang='lat'><strong>1590</strong></span> 
     </span>
    </p>
   </div>
   <div class='ocr_carea' id='block_1_4' title="bbox 395 344 1986 441">
    <p class='ocr_par' dir='ltr' id='par_1_4' title="bbox 395 358 1985 441">
     <span class='ocr_line' id='line_1_4' title="bbox 395 358 1985 441; baseline -0.009 -16"><span class='ocrx_word' id='word_1_6' title='bbox 395 368 675 441; x_wconf 79' lang='grc' dir='ltr'><strong>ἀσκοῦμεν</strong></span> <span class='ocrx_word' id='word_1_7' title='bbox 715 364 808 420; x_wconf 71' lang='grc' dir='ltr'><strong>ἐπὶ</strong></span> <span class='ocrx_word' id='word_1_8' title='bbox 852 362 948 418; x_wconf 87' lang='grc' dir='ltr'><strong>τοῦ</strong></span> <span class='ocrx_word' id='word_1_9' title='bbox 980 362 1266 434; x_wconf 83' lang='grc' dir='ltr'><strong>παρόντος,</strong></span> <span class='ocrx_word' id='word_1_10' title='bbox 1300 361 1400 414; x_wconf 83' lang='grc' dir='ltr'>οὐκ</span> <span class='ocrx_word' id='word_1_11' title='bbox 1437 359 1745 414; x_wconf 81' lang='grc' dir='ltr'><strong>ἀποδίδοται</strong></span> <span class='ocrx_word' id='word_1_12' title='bbox 1771 360 1902 430; x_wconf 76' lang='grc' dir='ltr'>ἡμῖν</span> <span class='ocrx_word' id='word_1_13' title='bbox 1928 358 1985 411; x_wconf 79' lang='grc' dir='ltr'>ὲν</span> 
     </span>
    </p>
   </div>
   <div class='ocr_carea' id='block_1_5' title="bbox 2088 344 3661 441">
    <p class='ocr_par' dir='ltr' id='par_1_5' title="bbox 2089 344 3661 427">
     <span class='ocr_line' id='line_1_5' title="bbox 2089 344 3661 427; baseline -0.01 -16"><span class='ocrx_word' id='word_1_14' title='bbox 2089 357 2143 411; x_wconf 93' lang='lat' dir='ltr'><strong>in</strong></span> <span class='ocrx_word' id='word_1_15' title='bbox 2185 352 2439 427; x_wconf 64' lang='lat' dir='ltr'><strong>praesenti</strong></span> <span class='ocrx_word' id='word_1_16' title='bbox 2477 364 2819 414; x_wconf 81' lang='lat' dir='ltr'><strong>exercemus,</strong></span> <span class='ocrx_word' id='word_1_17' title='bbox 2856 362 2965 402; x_wconf 91' lang='lat' dir='ltr'><strong>non</strong></span> <span class='ocrx_word' id='word_1_18' title='bbox 3019 347 3179 403; x_wconf 84' lang='lat' dir='ltr'><strong>datur</strong></span> <span class='ocrx_word' id='word_1_19' title='bbox 3210 345 3369 402; x_wconf 87' lang='lat' dir='ltr'><strong>nobis</strong></span> <span class='ocrx_word' id='word_1_20' title='bbox 3411 344 3478 398; x_wconf 84' lang='lat' dir='ltr'><strong>ad</strong></span> <span class='ocrx_word' id='word_1_21' title='bbox 3525 359 3661 415; x_wconf 85' lang='lat' dir='ltr'><strong>pau-</strong></span> 
     </span>
    </p>
   </div>
   <div class='ocr_carea' id='block_1_6' title="bbox 395 445 1977 528">
    <p class='ocr_par' dir='ltr' id='par_1_6' title="bbox 395 445 1977 528">
     <span class='ocr_line' id='line_1_6' title="bbox 395 445 1977 528; baseline -0.01 -15"><span class='ocrx_word' id='word_1_22' title='bbox 395 460 615 527; x_wconf 76' lang='grc' dir='ltr'>ὀλίγαις</span> <span class='ocrx_word' id='word_1_23' title='bbox 643 455 899 528; x_wconf 80' lang='grc' dir='ltr'><strong>ἡμέραις,</strong></span> <span class='ocrx_word' id='word_1_24' title='bbox 931 452 1044 506; x_wconf 75' lang='grc' dir='ltr'>ἀλλ’</span> <span class='ocrx_word' id='word_1_25' title='bbox 1068 453 1147 514; x_wconf 85' lang='grc' dir='ltr'><strong>εἰς</strong></span> <span class='ocrx_word' id='word_1_26' title='bbox 1173 450 1263 504; x_wconf 82' lang='grc' dir='ltr'>τὸν</span> <span class='ocrx_word' id='word_1_27' title='bbox 1289 447 1480 502; x_wconf 71' lang='grc' dir='ltr'>αἰῶνα.</span> <span class='ocrx_word' id='word_1_28' title='bbox 1499 447 1588 500; x_wconf 83' lang='grc' dir='ltr'>Ἐν</span> <span class='ocrx_word' id='word_1_29' title='bbox 1626 445 1835 509; x_wconf 80' lang='grc' dir='ltr'><strong>τούτοις</strong></span> <span class='ocrx_word' id='word_1_30' title='bbox 1870 445 1977 499; x_wconf 72' lang='grc' dir='ltr'><strong>πᾶ-</strong></span> 
     </span>
    </p>
   </div>
   <div class='ocr_carea' id='block_1_7' title="bbox 400 537 1980 617">
    <p class='ocr_par' dir='ltr' id='par_1_7' title="bbox 400 537 1980 617">
     <span class='ocr_line' id='line_1_7' title="bbox 400 537 1980 617; baseline -0.007 -14"><span class='ocrx_word' id='word_1_31' title='bbox 400 567 485 604; x_wconf 85' lang='grc' dir='ltr'><strong>σιν</strong></span> <span class='ocrx_word' id='word_1_32' title='bbox 517 549 703 602; x_wconf 85' lang='grc' dir='ltr'>αίτείό</span> <span class='ocrx_word' id='word_1_33' title='bbox 724 546 1016 617; x_wconf 77' lang='grc' dir='ltr'><strong>Προφήτης</strong></span> <span class='ocrx_word' id='word_1_34' title='bbox 1046 541 1154 596; x_wconf 83' lang='grc' dir='ltr'><strong>ἀπὸ</strong></span> <span class='ocrx_word' id='word_1_35' title='bbox 1176 538 1270 595; x_wconf 90' lang='grc' dir='ltr'><strong>τοῦ</strong></span> <span class='ocrx_word' id='word_1_36' title='bbox 1300 537 1435 592; x_wconf 88' lang='grc' dir='ltr'>Θεοῦ</span> <span class='ocrx_word' id='word_1_37' title='bbox 1465 538 1702 598; x_wconf 79' lang='grc' dir='ltr'>σύνεσιν,</span> <span class='ocrx_word' id='word_1_38' title='bbox 1730 538 1791 590; x_wconf 83' lang='grc' dir='ltr'>τὸ</span> <span class='ocrx_word' id='word_1_39' title='bbox 1813 537 1980 605; x_wconf 84' lang='grc' dir='ltr'>ἀναγ-</span> 
     </span>
    </p>
   </div>
   <div class='ocr_carea' id='block_1_8' title="bbox 399 626 1977 702">
    <p class='ocr_par' dir='ltr' id='par_1_8' title="bbox 399 626 1977 702">
     <span class='ocr_line' id='line_1_8' title="bbox 399 626 1977 702; baseline -0.01 -7"><span class='ocrx_word' id='word_1_40' title='bbox 399 640 685 695; x_wconf 86' lang='grc' dir='ltr'>καιότατον</span> <span class='ocrx_word' id='word_1_41' title='bbox 705 636 814 690; x_wconf 85' lang='grc' dir='ltr'><strong>τῶν</strong></span> <span class='ocrx_word' id='word_1_42' title='bbox 842 635 937 689; x_wconf 83' lang='grc' dir='ltr'><strong>τοῦ</strong></span> <span class='ocrx_word' id='word_1_43' title='bbox 959 630 1092 686; x_wconf 91' lang='grc' dir='ltr'>Θεοῦ</span> <span class='ocrx_word' id='word_1_44' title='bbox 1120 629 1476 702; x_wconf 86' lang='grc' dir='ltr'>δωρημάτων,</span> <span class='ocrx_word' id='word_1_45' title='bbox 1503 627 1598 685; x_wconf 73' lang='grc' dir='ltr'>καὶ</span> <span class='ocrx_word' id='word_1_46' title='bbox 1615 626 1763 697; x_wconf 78' lang='grc' dir='ltr'>λέγει</span> <span class='ocrx_word' id='word_1_47' title='bbox 1781 643 1794 656; x_wconf 87' lang='grc'><strong>·</strong></span> <span class='ocrx_word' id='word_1_48' title='bbox 1825 629 1977 681; x_wconf 78' lang='grc' dir='ltr'><strong>Συν-</strong></span> 
     </span>
    </p>
   </div>
   <div class='ocr_carea' id='block_1_9' title="bbox 399 715 1978 798">
    <p class='ocr_par' dir='ltr' id='par_1_9' title="bbox 399 715 1978 798">
     <span class='ocr_line' id='line_1_9' title="bbox 399 715 1978 798; baseline -0.009 -13"><span class='ocrx_word' id='word_1_49' title='bbox 399 730 605 785; x_wconf 80' lang='grc' dir='ltr'>έτισόν</span> <span class='ocrx_word' id='word_1_50' title='bbox 620 744 719 798; x_wconf 77' lang='grc' dir='ltr'><strong>με,</strong></span> <span class='ocrx_word' id='word_1_51' title='bbox 744 727 843 781; x_wconf 78' lang='grc' dir='ltr'><strong>ἵνα</strong></span> <span class='ocrx_word' id='word_1_52' title='bbox 868 724 1023 791; x_wconf 80' lang='grc' dir='ltr'><strong>ζήσω</strong></span> <span class='ocrx_word' id='word_1_53' title='bbox 1040 741 1054 754; x_wconf 89' lang='grc'><strong>·</strong></span> <span class='ocrx_word' id='word_1_54' title='bbox 1087 724 1172 776; x_wconf 77' lang='grc' dir='ltr'><strong>ἐπ’</strong></span> <span class='ocrx_word' id='word_1_55' title='bbox 1201 719 1415 789; x_wconf 72' lang='grc' dir='ltr'>ἐκείνην</span> <span class='ocrx_word' id='word_1_56' title='bbox 1436 717 1544 788; x_wconf 81' lang='grc' dir='ltr'>γὰρ</span> <span class='ocrx_word' id='word_1_57' title='bbox 1570 716 1669 788; x_wconf 86' lang='grc' dir='ltr'>τὴν</span> <span class='ocrx_word' id='word_1_58' title='bbox 1703 715 1978 787; x_wconf 78' lang='grc' dir='ltr'><strong>μακαρίαν</strong></span> 
     </span>
    </p>
   </div>
   <div class='ocr_carea' id='block_1_10' title="bbox 401 806 1978 891">
    <p class='ocr_par' dir='ltr' id='par_1_10' title="bbox 401 806 1978 891">
     <span class='ocr_line' id='line_1_10' title="bbox 401 806 1978 891; baseline -0.019 -14"><span class='ocrx_word' id='word_1_59' title='bbox 401 820 545 891; x_wconf 77' lang='grc' dir='ltr'>ζωὴν</span> <span class='ocrx_word' id='word_1_60' title='bbox 576 818 800 890; x_wconf 82' lang='grc' dir='ltr'>ἀνόητος</span> <span class='ocrx_word' id='word_1_61' title='bbox 827 817 926 870; x_wconf 84' lang='grc' dir='ltr'>οὐκ</span> <span class='ocrx_word' id='word_1_62' title='bbox 957 815 1173 887; x_wconf 74' lang='grc' dir='ltr'>ἔρχεται</span> <span class='ocrx_word' id='word_1_63' title='bbox 1201 811 1235 883; x_wconf 75' lang='grc' dir='ltr'>ἢ</span> <span class='ocrx_word' id='word_1_64' title='bbox 1269 809 1544 872; x_wconf 82' lang='grc' dir='ltr'>ἀσύνετος.</span> <span class='ocrx_word' id='word_1_65' title='bbox 1572 807 1707 861; x_wconf 79' lang='grc' dir='ltr'>ἀλλὰ</span> <span class='ocrx_word' id='word_1_66' title='bbox 1727 806 1807 862; x_wconf 87' lang='grc' dir='ltr'><strong>δεῖ</strong></span> <span class='ocrx_word' id='word_1_67' title='bbox 1827 808 1978 878; x_wconf 77' lang='grc' dir='ltr'><strong>αἰτῆ-</strong></span> 
     </span>
    </p>
   </div>
   <div class='ocr_carea' id='block_1_11' title="bbox 402 898 1977 982">
    <p class='ocr_par' dir='ltr' id='par_1_11' title="bbox 402 898 1977 982">
     <span class='ocr_line' id='line_1_11' title="bbox 402 898 1977 982; baseline -0.01 -16"><span class='ocrx_word' id='word_1_68' title='bbox 402 929 495 965; x_wconf 86' lang='grc' dir='ltr'><strong>σαι</strong></span> <span class='ocrx_word' id='word_1_69' title='bbox 526 910 680 982; x_wconf 84' lang='grc' dir='ltr'><strong>παρά</strong></span> <span class='ocrx_word' id='word_1_70' title='bbox 705 908 800 964; x_wconf 86' lang='grc' dir='ltr'><strong>τοῦ</strong></span> <span class='ocrx_word' id='word_1_71' title='bbox 823 907 957 961; x_wconf 88' lang='grc' dir='ltr'>Θεοῦ</span> <span class='ocrx_word' id='word_1_72' title='bbox 983 904 1218 967; x_wconf 86' lang='grc' dir='ltr'>σύνεσιν,</span> <span class='ocrx_word' id='word_1_73' title='bbox 1240 901 1335 955; x_wconf 90' lang='grc' dir='ltr'><strong>τοῦ</strong></span> <span class='ocrx_word' id='word_1_74' title='bbox 1364 900 1594 963; x_wconf 83' lang='grc' dir='ltr'>διδόντος</span> <span class='ocrx_word' id='word_1_75' title='bbox 1623 900 1758 952; x_wconf 79' lang='grc' dir='ltr'>πᾶσι</span> <span class='ocrx_word' id='word_1_76' title='bbox 1780 901 1892 962; x_wconf 79' lang='grc' dir='ltr'>τοῖς</span> <span class='ocrx_word' id='word_1_77' title='bbox 1918 898 1977 965; x_wconf 70' lang='grc' dir='ltr'>ἐξ</span> 
     </span>
    </p>
   </div>
   <div class='ocr_carea' id='block_1_12' title="bbox 400 988 1979 1075">
    <p class='ocr_par' dir='ltr' id='par_1_12' title="bbox 400 988 1979 1075">
     <span class='ocr_line' id='line_1_12' title="bbox 400 988 1979 1075; baseline -0.011 -18"><span class='ocrx_word' id='word_1_78' title='bbox 400 1004 528 1075; x_wconf 81' lang='grc' dir='ltr'>ὅλης</span> <span class='ocrx_word' id='word_1_79' title='bbox 552 1002 728 1072; x_wconf 79' lang='grc' dir='ltr'>ψυχῆς</span> <span class='ocrx_word' id='word_1_80' title='bbox 750 997 987 1054; x_wconf 77' lang='grc' dir='ltr'>αἰτοῦσιν</span> <span class='ocrx_word' id='word_1_81' title='bbox 1013 993 1198 1057; x_wconf 77' lang='grc' dir='ltr'>αὐτὸν,</span> <span class='ocrx_word' id='word_1_82' title='bbox 1224 991 1312 1045; x_wconf 83' lang='grc' dir='ltr'><strong>ἴνα</strong></span> <span class='ocrx_word' id='word_1_83' title='bbox 1341 990 1598 1053; x_wconf 80' lang='grc' dir='ltr'>λαϐόντες</span> <span class='ocrx_word' id='word_1_84' title='bbox 1630 988 1867 1055; x_wconf 85' lang='grc' dir='ltr'>σύνεσιν,</span> <span class='ocrx_word' id='word_1_85' title='bbox 1886 989 1979 1043; x_wconf 85' lang='grc' dir='ltr'>δυ-</span> 
     </span>
    </p>
   </div>
   <div class='ocr_carea' id='block_1_13' title="bbox 402 1079 1834 1165">
    <p class='ocr_par' dir='ltr' id='par_1_13' title="bbox 402 1079 1834 1165">
     <span class='ocr_line' id='line_1_13' title="bbox 402 1079 1834 1165; baseline -0.012 -16"><span class='ocrx_word' id='word_1_86' title='bbox 402 1094 655 1165; x_wconf 83' lang='grc' dir='ltr'>νηθῶμεν</span> <span class='ocrx_word' id='word_1_87' title='bbox 691 1092 891 1144; x_wconf 78' lang='grc' dir='ltr'>εἰπεῖν·</span> <span class='ocrx_word' id='word_1_88' title='bbox 932 1084 1263 1141; x_wconf 68' lang='grc' dir='ltr'>Συνέτισόν</span> <span class='ocrx_word' id='word_1_89' title='bbox 1296 1098 1395 1154; x_wconf 77' lang='grc' dir='ltr'><strong>με,</strong></span> <span class='ocrx_word' id='word_1_90' title='bbox 1429 1080 1531 1136; x_wconf 75' lang='grc' dir='ltr'>καὶ</span> <span class='ocrx_word' id='word_1_91' title='bbox 1564 1079 1834 1150; x_wconf 80' lang='grc' dir='ltr'>ζήσομαι.</span> 
     </span>
    </p>
   </div>
   <div class='ocr_carea' id='block_1_14' title="bbox 483 1167 1977 1247">
    <p class='ocr_par' dir='ltr' id='par_1_14' title="bbox 483 1167 1977 1247">
     <span class='ocr_line' id='line_1_14' title="bbox 483 1167 1977 1247; baseline -0.009 -13"><span class='ocrx_word' id='word_1_92' title='bbox 483 1176 805 1247; x_wconf 76' lang='grc' dir='ltr'>Ἐκέκραξα</span> <span class='ocrx_word' id='word_1_93' title='bbox 833 1177 903 1231; x_wconf 81' lang='grc' dir='ltr'><strong>ἐν</strong></span> <span class='ocrx_word' id='word_1_94' title='bbox 923 1174 1036 1242; x_wconf 75' lang='grc' dir='ltr'>ὅλη</span> <span class='ocrx_word' id='word_1_95' title='bbox 1060 1171 1274 1242; x_wconf 78' lang='grc' dir='ltr'>καρδίᾳ</span> <span class='ocrx_word' id='word_1_96' title='bbox 1293 1187 1433 1242; x_wconf 84' lang='grc' dir='ltr'>μου,</span> <span class='ocrx_word' id='word_1_97' title='bbox 1460 1167 1812 1222; x_wconf 75' lang='grc' dir='ltr'>ἐπάκουσόν</span> <span class='ocrx_word' id='word_1_98' title='bbox 1833 1182 1977 1236; x_wconf 84' lang='grc' dir='ltr'>μου,</span> 
     </span>
    </p>
   </div>
   <div class='ocr_carea' id='block_1_15' title="bbox 401 1254 1982 1340">
    <p class='ocr_par' dir='ltr' id='par_1_15' title="bbox 401 1254 1982 1340">
     <span class='ocr_line' id='line_1_15' title="bbox 401 1254 1982 1340; baseline -0.011 -13"><span class='ocrx_word' id='word_1_99' title='bbox 401 1273 596 1340; x_wconf 81' lang='grc' dir='ltr'>Κύριε,</span> <span class='ocrx_word' id='word_1_100' title='bbox 633 1269 709 1323; x_wconf 82' lang='grc' dir='ltr'>τὰ</span> <span class='ocrx_word' id='word_1_101' title='bbox 746 1262 1109 1334; x_wconf 78' lang='grc' dir='ltr'>δικαιώματά</span> <span class='ocrx_word' id='word_1_102' title='bbox 1155 1276 1272 1317; x_wconf 88' lang='grc' dir='ltr'><strong>σου</strong></span> <span class='ocrx_word' id='word_1_103' title='bbox 1319 1258 1644 1330; x_wconf 75' lang='grc' dir='ltr'>ἐκζητήσω.</span> <span class='ocrx_word' id='word_1_104' title='bbox 1661 1254 1982 1325; x_wconf 76' lang='grc' dir='ltr'>Ἐκέκραξά</span> 
     </span>
    </p>
   </div>
   <div class='ocr_carea' id='block_1_16' title="bbox 399 1346 1977 1426">
    <p class='ocr_par' dir='ltr' id='par_1_16' title="bbox 399 1346 1977 1426">
     <span class='ocr_line' id='line_1_16' title="bbox 399 1346 1977 1426; baseline -0.009 -11"><span class='ocrx_word' id='word_1_105' title='bbox 399 1377 521 1426; x_wconf 88' lang='grc' dir='ltr'>σοι,</span> <span class='ocrx_word' id='word_1_106' title='bbox 565 1358 774 1421; x_wconf 76' lang='grc' dir='ltr'>σῶσόν</span> <span class='ocrx_word' id='word_1_107' title='bbox 810 1373 902 1425; x_wconf 81' lang='grc' dir='ltr'><strong>με,</strong></span> <span class='ocrx_word' id='word_1_108' title='bbox 945 1353 1047 1410; x_wconf 77' lang='grc' dir='ltr'>καὶ</span> <span class='ocrx_word' id='word_1_109' title='bbox 1096 1350 1348 1424; x_wconf 74' lang='grc' dir='ltr'><strong>φυλάξω</strong></span> <span class='ocrx_word' id='word_1_110' title='bbox 1398 1350 1472 1405; x_wconf 83' lang='grc' dir='ltr'>τὰ</span> <span class='ocrx_word' id='word_1_111' title='bbox 1507 1346 1802 1420; x_wconf 82' lang='grc' dir='ltr'>μαρτύριά</span> <span class='ocrx_word' id='word_1_112' title='bbox 1839 1363 1977 1402; x_wconf 89' lang='grc' dir='ltr'>σου.</span> 
     </span>
    </p>
   </div>
   <div class='ocr_carea' id='block_1_17' title="bbox 399 1437 1982 1525">
    <p class='ocr_par' dir='ltr' id='par_1_17' title="bbox 399 1437 1982 1525">
     <span class='ocr_line' id='line_1_17' title="bbox 399 1437 1982 1525; baseline -0.011 -18"><span class='ocrx_word' id='word_1_113' title='bbox 399 1452 759 1525; x_wconf 70' lang='grc' dir='ltr'>Προέερθασα</span> <span class='ocrx_word' id='word_1_114' title='bbox 780 1447 966 1516; x_wconf 72' lang='lat' dir='ltr'><strong>ampla</strong></span> <span class='ocrx_word' id='word_1_115' title='bbox 998 1445 1097 1499; x_wconf 71' lang='grc' dir='ltr'>καὶ</span> <span class='ocrx_word' id='word_1_116' title='bbox 1123 1441 1440 1512; x_wconf 77' lang='grc' dir='ltr'><strong>ἐκέκραξα,</strong></span> <span class='ocrx_word' id='word_1_117' title='bbox 1465 1442 1554 1506; x_wconf 81' lang='grc' dir='ltr'>εὶς</span> <span class='ocrx_word' id='word_1_118' title='bbox 1574 1438 1729 1505; x_wconf 82' lang='grc' dir='ltr'>τοὺς</span> <span class='ocrx_word' id='word_1_119' title='bbox 1758 1437 1982 1524; x_wconf 62' lang='grc' dir='ltr'>λόγους</span> 
     </span>
    </p>
   </div>
   <div class='ocr_carea' id='block_1_18' title="bbox 400 1527 1985 1613">
    <p class='ocr_par' dir='ltr' id='par_1_18' title="bbox 400 1527 1985 1613">
     <span class='ocr_line' id='line_1_18' title="bbox 400 1527 1985 1613; baseline -0.009 -16"><span class='ocrx_word' id='word_1_120' title='bbox 400 1527 519 1597; x_wconf 78' lang='grc' dir='ltr'><strong>σου</strong></span> <span class='ocrx_word' id='word_1_121' title='bbox 541 1541 870 1613; x_wconf 75' lang='grc' dir='ltr'>ἐπήλπισα.</span> <span class='ocrx_word' id='word_1_122' title='bbox 890 1538 1283 1607; x_wconf 68' lang='grc' dir='ltr'><strong>ιζροέφθασαν</strong></span> <span class='ocrx_word' id='word_1_123' title='bbox 1303 1538 1357 1593; x_wconf 92' lang='lat' dir='ltr'><strong>ol</strong></span> <span class='ocrx_word' id='word_1_124' title='bbox 1379 1532 1673 1604; x_wconf 70' lang='grc' dir='ltr'>ὀφθαλμοί</span> <span class='ocrx_word' id='word_1_125' title='bbox 1696 1548 1814 1601; x_wconf 83' lang='grc' dir='ltr'>μου</span> <span class='ocrx_word' id='word_1_126' title='bbox 1835 1530 1985 1599; x_wconf 80' lang='grc' dir='ltr'>πρὸς</span> 
     </span>
    </p>
   </div>
   <div class='ocr_carea' id='block_1_19' title="bbox 2086 436 3659 510">
    <p class='ocr_par' dir='ltr' id='par_1_19' title="bbox 2086 436 3659 510">
     <span class='ocr_line' id='line_1_19' title="bbox 2086 436 3659 510; baseline -0.009 -7"><span class='ocrx_word' id='word_1_127' title='bbox 2086 463 2182 504; x_wconf 89' lang='lat' dir='ltr'><strong>eos</strong></span> <span class='ocrx_word' id='word_1_128' title='bbox 2214 448 2354 510; x_wconf 88' lang='lat' dir='ltr'><strong>dies,</strong></span> <span class='ocrx_word' id='word_1_129' title='bbox 2380 444 2474 506; x_wconf 85' lang='lat' dir='ltr'><strong>sed</strong></span> <span class='ocrx_word' id='word_1_130' title='bbox 2499 445 2553 499; x_wconf 86' lang='lat' dir='ltr'><strong>in</strong></span> <span class='ocrx_word' id='word_1_131' title='bbox 2579 450 2867 497; x_wconf 57' lang='lat' dir='ltr'><strong>aeternum.</strong></span> <span class='ocrx_word' id='word_1_132' title='bbox 2894 438 2952 493; x_wconf 87' lang='lat' dir='ltr'><strong>lu</strong></span> <span class='ocrx_word' id='word_1_133' title='bbox 2977 438 3063 492; x_wconf 80' lang='lat' dir='ltr'><strong>his</strong></span> <span class='ocrx_word' id='word_1_134' title='bbox 3097 438 3353 492; x_wconf 89' lang='lat' dir='ltr'><strong>omnibus</strong></span> <span class='ocrx_word' id='word_1_135' title='bbox 3387 436 3659 506; x_wconf 83' lang='lat' dir='ltr'><strong>Propheta</strong></span> 
     </span>
    </p>
   </div>
   <div class='ocr_carea' id='block_1_20' title="bbox 2087 527 3658 610">
    <p class='ocr_par' dir='ltr' id='par_1_20' title="bbox 2087 527 3658 610">
     <span class='ocr_line' id='line_1_20' title="bbox 2087 527 3658 610; baseline -0.008 -16"><span class='ocrx_word' id='word_1_136' title='bbox 2087 537 2430 610; x_wconf 82' lang='lat' dir='ltr'><strong>prudentiam</strong></span> <span class='ocrx_word' id='word_1_137' title='bbox 2465 549 2496 603; x_wconf 73' lang='grc' dir='ltr'><strong>ιι</strong></span> <span class='ocrx_word' id='word_1_138' title='bbox 2545 532 2653 588; x_wconf 91' lang='lat' dir='ltr'><strong>Deo</strong></span> <span class='ocrx_word' id='word_1_139' title='bbox 2686 532 2912 602; x_wconf 78' lang='lat' dir='ltr'><strong>expetit,</strong></span> <span class='ocrx_word' id='word_1_140' title='bbox 2964 530 3107 601; x_wconf 88' lang='lat' dir='ltr'><strong>quod</strong></span> <span class='ocrx_word' id='word_1_141' title='bbox 3148 537 3235 585; x_wconf 90' lang='lat' dir='ltr'><strong>est</strong></span> <span class='ocrx_word' id='word_1_142' title='bbox 3266 529 3509 584; x_wconf 91' lang='lat' dir='ltr'><strong>omnium</strong></span> <span class='ocrx_word' id='word_1_143' title='bbox 3562 527 3658 583; x_wconf 80' lang='lat' dir='ltr'><strong>Dei</strong></span> 
     </span>
    </p>
   </div>
   <div class='ocr_carea' id='block_1_21' title="bbox 2085 617 3659 688">
    <p class='ocr_par' dir='ltr' id='par_1_21' title="bbox 2085 617 3659 688">
     <span class='ocr_line' id='line_1_21' title="bbox 2085 617 3659 688; baseline -0.008 -5"><span class='ocrx_word' id='word_1_144' title='bbox 2085 618 2354 683; x_wconf 84' lang='lat' dir='ltr'><strong>donorum</strong></span> <span class='ocrx_word' id='word_1_145' title='bbox 2378 624 2615 679; x_wconf 82' lang='lat' dir='ltr'><strong>maxime</strong></span> <span class='ocrx_word' id='word_1_146' title='bbox 2665 621 3078 688; x_wconf 84' lang='lat' dir='ltr'><strong>necessarium;</strong></span> <span class='ocrx_word' id='word_1_147' title='bbox 3142 635 3205 675; x_wconf 86' lang='lat' dir='ltr'><strong>ac</strong></span> <span class='ocrx_word' id='word_1_148' title='bbox 3245 617 3659 675; x_wconf 79' lang='lat' dir='ltr'><strong>dicit:lntelle-</strong></span> 
     </span>
    </p>
   </div>
   <div class='ocr_carea' id='block_1_22' title="bbox 2082 708 3658 781">
    <p class='ocr_par' dir='ltr' id='par_1_22' title="bbox 2082 708 3658 781">
     <span class='ocr_line' id='line_1_22' title="bbox 2082 708 3658 781; baseline -0.006 -10"><span class='ocrx_word' id='word_1_149' title='bbox 2082 725 2226 772; x_wconf 88' lang='lat' dir='ltr'><strong>ctum</strong></span> <span class='ocrx_word' id='word_1_150' title='bbox 2259 715 2335 769; x_wconf 88' lang='lat' dir='ltr'><strong>da</strong></span> <span class='ocrx_word' id='word_1_151' title='bbox 2365 714 2515 777; x_wconf 82' lang='lat' dir='ltr'><strong>mihi,</strong></span> <span class='ocrx_word' id='word_1_152' title='bbox 2541 720 2599 766; x_wconf 88' lang='lat' dir='ltr'><strong>ut</strong></span> <span class='ocrx_word' id='word_1_153' title='bbox 2626 713 2814 767; x_wconf 78' lang='lat' dir='ltr'><strong>vivam.</strong></span> <span class='ocrx_word' id='word_1_154' title='bbox 2842 711 2900 765; x_wconf 89' lang='lat' dir='ltr'><strong>ln</strong></span> <span class='ocrx_word' id='word_1_155' title='bbox 2928 710 3075 764; x_wconf 83' lang='lat' dir='ltr'><strong>illam</strong></span> <span class='ocrx_word' id='word_1_156' title='bbox 3106 710 3306 781; x_wconf 83' lang='lat' dir='ltr'><strong>quippe</strong></span> <span class='ocrx_word' id='word_1_157' title='bbox 3321 710 3533 765; x_wconf 81' lang='lat' dir='ltr'><strong>beatam</strong></span> <span class='ocrx_word' id='word_1_158' title='bbox 3571 708 3658 764; x_wconf 75' lang='lat' dir='ltr'><strong>vi-</strong></span> 
     </span>
    </p>
   </div>
   <div class='ocr_carea' id='block_1_23' title="bbox 2081 798 3658 873">
    <p class='ocr_par' dir='ltr' id='par_1_23' title="bbox 2081 798 3658 873">
     <span class='ocr_line' id='line_1_23' title="bbox 2081 798 3658 873; baseline -0.007 -10"><span class='ocrx_word' id='word_1_159' title='bbox 2081 817 2194 863; x_wconf 89' lang='lat' dir='ltr'><strong>tam</strong></span> <span class='ocrx_word' id='word_1_160' title='bbox 2231 822 2423 861; x_wconf 88' lang='lat' dir='ltr'><strong>amens</strong></span> <span class='ocrx_word' id='word_1_161' title='bbox 2448 813 2504 861; x_wconf 90' lang='lat' dir='ltr'><strong>et</strong></span> <span class='ocrx_word' id='word_1_162' title='bbox 2538 803 2810 873; x_wconf 87' lang='lat' dir='ltr'><strong>insipiens</strong></span> <span class='ocrx_word' id='word_1_163' title='bbox 2838 816 2947 856; x_wconf 90' lang='lat' dir='ltr'><strong>non</strong></span> <span class='ocrx_word' id='word_1_164' title='bbox 2983 800 3325 872; x_wconf 73' lang='lat' dir='ltr'><strong>ingreditur;</strong></span> <span class='ocrx_word' id='word_1_165' title='bbox 3371 798 3467 855; x_wconf 84' lang='lat' dir='ltr'><strong>sed</strong></span> <span class='ocrx_word' id='word_1_166' title='bbox 3495 798 3658 853; x_wconf 84' lang='lat' dir='ltr'><strong>intel-</strong></span> 
     </span>
    </p>
   </div>
   <div class='ocr_carea' id='block_1_24' title="bbox 2083 888 3658 967">
    <p class='ocr_par' dir='ltr' id='par_1_24' title="bbox 2083 888 3658 967">
     <span class='ocr_line' id='line_1_24' title="bbox 2083 888 3658 967; baseline -0.007 -14"><span class='ocrx_word' id='word_1_167' title='bbox 2083 901 2283 955; x_wconf 89' lang='lat' dir='ltr'><strong>lectum</strong></span> <span class='ocrx_word' id='word_1_168' title='bbox 2316 911 2346 951; x_wconf 91' lang='lat' dir='ltr'><strong>a</strong></span> <span class='ocrx_word' id='word_1_169' title='bbox 2396 895 2508 951; x_wconf 92' lang='lat' dir='ltr'><strong>Deo</strong></span> <span class='ocrx_word' id='word_1_170' title='bbox 2542 902 2792 967; x_wconf 88' lang='lat' dir='ltr'><strong>petamus</strong></span> <span class='ocrx_word' id='word_1_171' title='bbox 2842 900 3078 963; x_wconf 87' lang='lat' dir='ltr'><strong>oportet,</strong></span> <span class='ocrx_word' id='word_1_172' title='bbox 3129 890 3223 961; x_wconf 85' lang='lat' dir='ltr'><strong>qui</strong></span> <span class='ocrx_word' id='word_1_173' title='bbox 3275 889 3368 945; x_wconf 85' lang='lat' dir='ltr'><strong>dat</strong></span> <span class='ocrx_word' id='word_1_174' title='bbox 3403 888 3658 945; x_wconf 85' lang='lat' dir='ltr'><strong>omnibus</strong></span> 
     </span>
    </p>
   </div>
   <div class='ocr_carea' id='block_1_25' title="bbox 2084 979 3659 1054">
    <p class='ocr_par' dir='ltr' id='par_1_25' title="bbox 2084 979 3659 1054">
     <span class='ocr_line' id='line_1_25' title="bbox 2084 979 3659 1054; baseline -0.007 -10"><span class='ocrx_word' id='word_1_175' title='bbox 2084 995 2203 1053; x_wconf 86' lang='lat' dir='ltr'><strong>toto</strong></span> <span class='ocrx_word' id='word_1_176' title='bbox 2233 987 2399 1042; x_wconf 78' lang='lat' dir='ltr'><strong>corde</strong></span> <span class='ocrx_word' id='word_1_177' title='bbox 2427 986 2496 1041; x_wconf 88' lang='lat' dir='ltr'><strong>ab</strong></span> <span class='ocrx_word' id='word_1_178' title='bbox 2537 1000 2597 1041; x_wconf 89' lang='lat' dir='ltr'><strong>se</strong></span> <span class='ocrx_word' id='word_1_179' title='bbox 2634 982 2945 1054; x_wconf 77' lang='lat' dir='ltr'><strong>petentibus</strong></span> <span class='ocrx_word' id='word_1_180' title='bbox 2975 997 2988 1033; x_wconf 88' lang='lat'>:</span> <span class='ocrx_word' id='word_1_181' title='bbox 3021 988 3081 1034; x_wconf 91' lang='lat' dir='ltr'><strong>ut</strong></span> <span class='ocrx_word' id='word_1_182' title='bbox 3111 988 3337 1053; x_wconf 86' lang='lat' dir='ltr'><strong>accepto</strong></span> <span class='ocrx_word' id='word_1_183' title='bbox 3381 979 3659 1034; x_wconf 88' lang='lat' dir='ltr'><strong>intellectu</strong></span> 
     </span>
    </p>
   </div>
   <div class='ocr_carea' id='block_1_26' title="bbox 2081 1060 3550 1139">
    <p class='ocr_par' dir='ltr' id='par_1_26' title="bbox 2081 1060 3550 1139">
     <span class='ocr_line' id='line_1_26' title="bbox 2081 1060 3550 1139; baseline -0.007 -4"><span class='ocrx_word' id='word_1_184' title='bbox 2081 1080 2265 1135; x_wconf 83' lang='lat' dir='ltr'><strong>dicere</strong></span> <span class='ocrx_word' id='word_1_185' title='bbox 2288 1077 2568 1139; x_wconf 81' lang='lat' dir='ltr'><strong>valeamus</strong></span> <span class='ocrx_word' id='word_1_186' title='bbox 2596 1093 2609 1129; x_wconf 90' lang='lat'>:</span> <span class='ocrx_word' id='word_1_187' title='bbox 2641 1073 2975 1129; x_wconf 79' lang='lat' dir='ltr'><strong>Intellectum</strong></span> <span class='ocrx_word' id='word_1_188' title='bbox 2998 1072 3070 1129; x_wconf 91' lang='lat' dir='ltr'><strong>da</strong></span> <span class='ocrx_word' id='word_1_189' title='bbox 3102 1060 3255 1137; x_wconf 82' lang='lat' dir='ltr'><strong>mihi,</strong></span> <span class='ocrx_word' id='word_1_190' title='bbox 3284 1080 3333 1125; x_wconf 89' lang='lat' dir='ltr'><strong>et</strong></span> <span class='ocrx_word' id='word_1_191' title='bbox 3360 1071 3550 1125; x_wconf 75' lang='lat' dir='ltr'><strong>vivam.</strong></span> 
     </span>
    </p>
   </div>
   <div class='ocr_carea' id='block_1_27' title="bbox 2153 1157 3659 1224">
    <p class='ocr_par' dir='ltr' id='par_1_27' title="bbox 2153 1157 3659 1224">
     <span class='ocr_line' id='line_1_27' title="bbox 2153 1157 3659 1224; baseline -0.009 -3"><span class='ocrx_word' id='word_1_192' title='bbox 2153 1166 2325 1222; x_wconf 71' lang='lat' dir='ltr'><strong>Vens.</strong></span> <span class='ocrx_word' id='word_1_193' title='bbox 2349 1164 2609 1220; x_wconf 72' lang='grc'><strong>115-148.</strong></span> <span class='ocrx_word' id='word_1_194' title='bbox 2646 1162 2890 1219; x_wconf 83' lang='lat' dir='ltr'><strong>Clamavi</strong></span> <span class='ocrx_word' id='word_1_195' title='bbox 2916 1162 2969 1215; x_wconf 89' lang='lat' dir='ltr'><strong>in</strong></span> <span class='ocrx_word' id='word_1_196' title='bbox 2991 1169 3102 1216; x_wconf 88' lang='lat' dir='ltr'><strong>toto</strong></span> <span class='ocrx_word' id='word_1_197' title='bbox 3119 1159 3277 1215; x_wconf 87' lang='lat' dir='ltr'><strong>corde</strong></span> <span class='ocrx_word' id='word_1_198' title='bbox 3300 1176 3434 1224; x_wconf 88' lang='lat' dir='ltr'><strong>meo,</strong></span> <span class='ocrx_word' id='word_1_199' title='bbox 3465 1157 3659 1213; x_wconf 72' lang='lat' dir='ltr'><strong>exaudi</strong></span> 
     </span>
    </p>
   </div>
   <div class='ocr_carea' id='block_1_28' title="bbox 2082 1248 3660 1326">
    <p class='ocr_par' dir='ltr' id='par_1_28' title="bbox 2082 1248 3660 1326">
     <span class='ocr_line' id='line_1_28' title="bbox 2082 1248 3660 1326; baseline -0.008 -12"><span class='ocrx_word' id='word_1_200' title='bbox 2082 1276 2185 1323; x_wconf 86' lang='lat' dir='ltr'><strong>me,</strong></span> <span class='ocrx_word' id='word_1_201' title='bbox 2222 1257 2461 1320; x_wconf 85' lang='lat' dir='ltr'><strong>Domine,</strong></span> <span class='ocrx_word' id='word_1_202' title='bbox 2484 1254 2904 1326; x_wconf 80' lang='lat' dir='ltr'><strong>justiﬁcationes</strong></span> <span class='ocrx_word' id='word_1_203' title='bbox 2946 1261 3065 1306; x_wconf 89' lang='lat' dir='ltr'><strong>tuas</strong></span> <span class='ocrx_word' id='word_1_204' title='bbox 3096 1252 3378 1323; x_wconf 78' lang='lat' dir='ltr'><strong>requiram.</strong></span> <span class='ocrx_word' id='word_1_205' title='bbox 3420 1248 3660 1306; x_wconf 80' lang='lat' dir='ltr'><strong>Clamavi</strong></span> 
     </span>
    </p>
   </div>
   <div class='ocr_carea' id='block_1_29' title="bbox 2084 1339 3657 1413">
    <p class='ocr_par' dir='ltr' id='par_1_29' title="bbox 2084 1339 3657 1413">
     <span class='ocr_line' id='line_1_29' title="bbox 2084 1339 3657 1413; baseline -0.008 -10"><span class='ocrx_word' id='word_1_206' title='bbox 2084 1347 2152 1403; x_wconf 89' lang='lat' dir='ltr'><strong>ad</strong></span> <span class='ocrx_word' id='word_1_207' title='bbox 2185 1356 2253 1412; x_wconf 85' lang='lat' dir='ltr'><strong>te,</strong></span> <span class='ocrx_word' id='word_1_208' title='bbox 2296 1346 2501 1403; x_wconf 86' lang='lat' dir='ltr'><strong>salvum</strong></span> <span class='ocrx_word' id='word_1_209' title='bbox 2537 1361 2619 1399; x_wconf 89' lang='lat' dir='ltr'><strong>me</strong></span> <span class='ocrx_word' id='word_1_210' title='bbox 2654 1343 2762 1413; x_wconf 80' lang='lat' dir='ltr'><strong>fac,</strong></span> <span class='ocrx_word' id='word_1_211' title='bbox 2792 1351 2841 1397; x_wconf 87' lang='lat' dir='ltr'><strong>et</strong></span> <span class='ocrx_word' id='word_1_212' title='bbox 2873 1341 3173 1397; x_wconf 79' lang='lat' dir='ltr'><strong>custodiam</strong></span> <span class='ocrx_word' id='word_1_213' title='bbox 3216 1339 3516 1396; x_wconf 77' lang='lat' dir='ltr'><strong>testimonia</strong></span> <span class='ocrx_word' id='word_1_214' title='bbox 3546 1348 3657 1392; x_wconf 84' lang='lat' dir='ltr'><strong>tua.</strong></span> 
     </span>
    </p>
   </div>
   <div class='ocr_carea' id='block_1_30' title="bbox 2084 1428 3658 1503">
    <p class='ocr_par' dir='ltr' id='par_1_30' title="bbox 2084 1428 3658 1503">
     <span class='ocr_line' id='line_1_30' title="bbox 2084 1428 3658 1503; baseline -0.007 -12"><span class='ocrx_word' id='word_1_215' title='bbox 2084 1435 2330 1492; x_wconf 61' lang='lat' dir='ltr'><strong>Praeconi</strong></span> <span class='ocrx_word' id='word_1_216' title='bbox 2360 1435 2413 1487; x_wconf 86' lang='lat' dir='ltr'><strong>in</strong></span> <span class='ocrx_word' id='word_1_217' title='bbox 2444 1432 2750 1503; x_wconf 84' lang='lat' dir='ltr'><strong>crepusculo</strong></span> <span class='ocrx_word' id='word_1_218' title='bbox 2780 1442 2829 1486; x_wconf 87' lang='lat' dir='ltr'><strong>et</strong></span> <span class='ocrx_word' id='word_1_219' title='bbox 2873 1431 3120 1495; x_wconf 77' lang='lat' dir='ltr'><strong>clamavi,</strong></span> <span class='ocrx_word' id='word_1_220' title='bbox 3171 1431 3227 1484; x_wconf 88' lang='lat' dir='ltr'><strong>in</strong></span> <span class='ocrx_word' id='word_1_221' title='bbox 3258 1428 3411 1484; x_wconf 81' lang='lat' dir='ltr'><strong>verba</strong></span> <span class='ocrx_word' id='word_1_222' title='bbox 3446 1438 3539 1489; x_wconf 83' lang='lat' dir='ltr'><strong>tua</strong></span> <span class='ocrx_word' id='word_1_223' title='bbox 3566 1442 3658 1482; x_wconf 86' lang='lat' dir='ltr'><strong>su-</strong></span> 
     </span>
    </p>
   </div>
   <div class='ocr_carea' id='block_1_31' title="bbox 2087 1519 3663 1596">
    <p class='ocr_par' dir='ltr' id='par_1_31' title="bbox 2087 1519 3663 1596">
     <span class='ocr_line' id='line_1_31' title="bbox 2087 1519 3663 1596; baseline -0.005 -15"><span class='ocrx_word' id='word_1_224' title='bbox 2087 1526 2407 1596; x_wconf 78' lang='lat' dir='ltr'><strong>persperavi.</strong></span> <span class='ocrx_word' id='word_1_225' title='bbox 2435 1524 2809 1580; x_wconf 70' lang='lat' dir='ltr'><strong>Praevenerunt</strong></span> <span class='ocrx_word' id='word_1_226' title='bbox 2840 1522 2983 1579; x_wconf 87' lang='lat' dir='ltr'><strong>oculi</strong></span> <span class='ocrx_word' id='word_1_227' title='bbox 3005 1523 3108 1576; x_wconf 89' lang='lat' dir='ltr'><strong>mei</strong></span> <span class='ocrx_word' id='word_1_228' title='bbox 3131 1520 3365 1575; x_wconf 80' lang='lat' dir='ltr'><strong>diluculo</strong></span> <span class='ocrx_word' id='word_1_229' title='bbox 3405 1520 3474 1574; x_wconf 88' lang='lat' dir='ltr'><strong>ad</strong></span> <span class='ocrx_word' id='word_1_230' title='bbox 3495 1519 3663 1574; x_wconf 87' lang='lat' dir='ltr'><strong>medi-</strong></span> 
     </span>
    </p>
   </div>
   <div class='ocr_carea' id='block_1_32' title="bbox 403 1609 1986 1702">
    <p class='ocr_par' dir='ltr' id='par_1_32' title="bbox 403 1609 1985 1702">
     <span class='ocr_line' id='line_1_32' title="bbox 403 1609 1985 1702; baseline -0.01 -15"><span class='ocrx_word' id='word_1_231' title='bbox 403 1634 637 1702; x_wconf 81' lang='grc' dir='ltr'>όρθρον,</span> <span class='ocrx_word' id='word_1_232' title='bbox 662 1609 768 1686; x_wconf 76' lang='grc' dir='ltr'><strong>τοῦ</strong></span> <span class='ocrx_word' id='word_1_233' title='bbox 786 1627 1048 1701; x_wconf 76' lang='grc' dir='ltr'>μελετᾶν</span> <span class='ocrx_word' id='word_1_234' title='bbox 1070 1627 1143 1681; x_wconf 82' lang='grc' dir='ltr'>τὰ</span> <span class='ocrx_word' id='word_1_235' title='bbox 1167 1626 1344 1697; x_wconf 74' lang='grc' dir='ltr'>λόγια</span> <span class='ocrx_word' id='word_1_236' title='bbox 1356 1642 1494 1681; x_wconf 89' lang='grc' dir='ltr'>σου.</span> <span class='ocrx_word' id='word_1_237' title='bbox 1509 1625 1568 1677; x_wconf 88' lang='lat'><strong>&#39;0</strong></span> <span class='ocrx_word' id='word_1_238' title='bbox 1586 1626 1642 1676; x_wconf 83' lang='grc' dir='ltr'>ὲν</span> <span class='ocrx_word' id='word_1_239' title='bbox 1658 1620 1833 1695; x_wconf 78' lang='grc' dir='ltr'>ἀωρίᾳ</span> <span class='ocrx_word' id='word_1_240' title='bbox 1850 1636 1985 1693; x_wconf 85' lang='grc' dir='ltr'>προ-</span> 
     </span>
    </p>
   </div>
   <div class='ocr_carea' id='block_1_33' title="bbox 2088 1609 3663 1702">
    <p class='ocr_par' dir='ltr' id='par_1_33' title="bbox 2096 1609 3663 1686">
     <span class='ocr_line' id='line_1_33' title="bbox 2096 1609 3663 1686; baseline -0.006 -15"><span class='ocrx_word' id='word_1_241' title='bbox 2096 1619 2315 1671; x_wconf 85' lang='lat' dir='ltr'><strong>tandum</strong></span> <span class='ocrx_word' id='word_1_242' title='bbox 2344 1615 2554 1686; x_wconf 86' lang='lat' dir='ltr'><strong>eloquia</strong></span> <span class='ocrx_word' id='word_1_243' title='bbox 2579 1624 2692 1670; x_wconf 88' lang='lat' dir='ltr'><strong>tua.</strong></span> <span class='ocrx_word' id='word_1_244' title='bbox 2738 1613 2845 1680; x_wconf 85' lang='lat' dir='ltr'><strong>Qui</strong></span> <span class='ocrx_word' id='word_1_245' title='bbox 2876 1614 2935 1667; x_wconf 85' lang='lat' dir='ltr'><strong>in</strong></span> <span class='ocrx_word' id='word_1_246' title='bbox 2963 1610 3289 1682; x_wconf 90' lang='lat' dir='ltr'><strong>crepusculo</strong></span> <span class='ocrx_word' id='word_1_247' title='bbox 3314 1609 3575 1680; x_wconf 68' lang='lat' dir='ltr'><strong>praevenit</strong></span> <span class='ocrx_word' id='word_1_248' title='bbox 3607 1616 3663 1665; x_wconf 89' lang='lat' dir='ltr'><strong>et</strong></span> 
     </span>
    </p>
   </div>
   <div class='ocr_carea' id='block_1_34' title="bbox 401 1686 1986 1789">
    <p class='ocr_par' dir='ltr' id='par_1_34' title="bbox 401 1686 1983 1789">
     <span class='ocr_line' id='line_1_34' title="bbox 401 1686 1983 1789; baseline -0.009 -10"><span class='ocrx_word' id='word_1_249' title='bbox 401 1686 584 1778; x_wconf 52' lang='grc' dir='ltr'>λάϐὶὶιν</span> <span class='ocrx_word' id='word_1_250' title='bbox 615 1686 711 1778; x_wconf 72' lang='grc' dir='ltr'>καὶ</span> <span class='ocrx_word' id='word_1_251' title='bbox 744 1686 835 1776; x_wconf 63' lang='grc' dir='ltr'><strong>τόν</strong></span> <span class='ocrx_word' id='word_1_252' title='bbox 863 1686 995 1774; x_wconf 77' lang='grc' dir='ltr'>Θεὸν</span> <span class='ocrx_word' id='word_1_253' title='bbox 1020 1686 1450 1789; x_wconf 72' lang='grc' dir='ltr'>ἐπικαλούμενος</span> <span class='ocrx_word' id='word_1_254' title='bbox 1476 1686 1850 1786; x_wconf 72' lang='grc' dir='ltr'>ἐλευθεροῦται</span> <span class='ocrx_word' id='word_1_255' title='bbox 1874 1686 1983 1765; x_wconf 73' lang='grc' dir='ltr'><strong>τῶν</strong></span> 
     </span>
    </p>
   </div>
   <div class='ocr_carea' id='block_1_35' title="bbox 2088 1686 3664 1789">
    <p class='ocr_par' dir='ltr' id='par_1_35' title="bbox 2091 1700 3664 1769">
     <span class='ocr_line' id='line_1_35' title="bbox 2091 1700 3664 1769; baseline -0.007 -6"><span class='ocrx_word' id='word_1_256' title='bbox 2091 1706 2263 1763; x_wconf 85' lang='lat' dir='ltr'><strong>Deum</strong></span> <span class='ocrx_word' id='word_1_257' title='bbox 2311 1706 2549 1769; x_wconf 82' lang='lat' dir='ltr'><strong>invocat,</strong></span> <span class='ocrx_word' id='word_1_258' title='bbox 2605 1718 2637 1759; x_wconf 87' lang='lat' dir='ltr'><strong>a</strong></span> <span class='ocrx_word' id='word_1_259' title='bbox 2682 1702 2968 1758; x_wconf 83' lang='lat' dir='ltr'><strong>nocturnis</strong></span> <span class='ocrx_word' id='word_1_260' title='bbox 3020 1700 3238 1756; x_wconf 86' lang='lat' dir='ltr'><strong>insidiis</strong></span> <span class='ocrx_word' id='word_1_261' title='bbox 3272 1700 3558 1763; x_wconf 82' lang='lat' dir='ltr'><strong>liberatur,</strong></span> <span class='ocrx_word' id='word_1_262' title='bbox 3607 1704 3664 1753; x_wconf 92' lang='lat' dir='ltr'><strong>et</strong></span> 
     </span>
    </p>
   </div>
   <div class='ocr_carea' id='block_1_36' title="bbox 402 1802 1984 1886">
    <p class='ocr_par' dir='ltr' id='par_1_36' title="bbox 402 1802 1984 1886">
     <span class='ocr_line' id='line_1_36' title="bbox 402 1802 1984 1886; baseline -0.009 -17"><span class='ocrx_word' id='word_1_263' title='bbox 402 1813 730 1886; x_wconf 82' lang='grc' dir='ltr'>νυκτερινῶν</span> <span class='ocrx_word' id='word_1_264' title='bbox 758 1811 1084 1876; x_wconf 71' lang='grc' dir='ltr'>ἐπιϐουλῶν,</span> <span class='ocrx_word' id='word_1_265' title='bbox 1114 1812 1207 1865; x_wconf 82' lang='grc' dir='ltr'>καὶ</span> <span class='ocrx_word' id='word_1_266' title='bbox 1234 1812 1292 1864; x_wconf 74' lang='grc' dir='ltr'>ὲν</span> <span class='ocrx_word' id='word_1_267' title='bbox 1312 1808 1391 1879; x_wconf 84' lang='grc' dir='ltr'>τῷ</span> <span class='ocrx_word' id='word_1_268' title='bbox 1419 1807 1603 1879; x_wconf 75' lang='grc' dir='ltr'>ὄρθρῳ</span> <span class='ocrx_word' id='word_1_269' title='bbox 1621 1802 1810 1869; x_wconf 82' lang='grc' dir='ltr'>αὑτοῦ,</span> <span class='ocrx_word' id='word_1_270' title='bbox 1832 1820 1984 1856; x_wconf 82' lang='grc' dir='ltr'>τουτ-</span> 
     </span>
    </p>
   </div>
   <div class='ocr_carea' id='block_1_37' title="bbox 404 1889 1985 1972">
    <p class='ocr_par' dir='ltr' id='par_1_37' title="bbox 404 1889 1985 1972">
     <span class='ocr_line' id='line_1_37' title="bbox 404 1889 1985 1972; baseline -0.009 -15"><span class='ocrx_word' id='word_1_271' title='bbox 404 1903 552 1958; x_wconf 81' lang='grc' dir='ltr'>έστιν</span> <span class='ocrx_word' id='word_1_272' title='bbox 576 1904 635 1956; x_wconf 76' lang='grc' dir='ltr'>ἐν</span> <span class='ocrx_word' id='word_1_273' title='bbox 666 1905 732 1972; x_wconf 76' lang='grc' dir='ltr'>τῇ</span> <span class='ocrx_word' id='word_1_274' title='bbox 769 1900 999 1971; x_wconf 77' lang='grc' dir='ltr'>ἀνατολῇ</span> <span class='ocrx_word' id='word_1_275' title='bbox 1041 1897 1134 1952; x_wconf 89' lang='grc' dir='ltr'><strong>τοῦ</strong></span> <span class='ocrx_word' id='word_1_276' title='bbox 1174 1896 1348 1965; x_wconf 72' lang='grc' dir='ltr'>φωτὸς</span> <span class='ocrx_word' id='word_1_277' title='bbox 1388 1893 1784 1965; x_wconf 55' lang='grc' dir='ltr'>πῳφθάνοντος</span> <span class='ocrx_word' id='word_1_278' title='bbox 1823 1889 1985 1959; x_wconf 79' lang='grc' dir='ltr'>δηλα-</span> 
     </span>
    </p>
   </div>
   <div class='ocr_carea' id='block_1_38' title="bbox 402 1976 1985 2065">
    <p class='ocr_par' dir='ltr' id='par_1_38' title="bbox 402 1976 1985 2065">
     <span class='ocr_line' id='line_1_38' title="bbox 402 1976 1985 2065; baseline -0.012 -17"><span class='ocrx_word' id='word_1_279' title='bbox 402 1993 489 2065; x_wconf 81' lang='grc' dir='ltr'>δὴ,</span> <span class='ocrx_word' id='word_1_280' title='bbox 516 1994 642 2056; x_wconf 80' lang='grc' dir='ltr'>τοὺς</span> <span class='ocrx_word' id='word_1_281' title='bbox 691 1989 1003 2061; x_wconf 81' lang='grc' dir='ltr'>ὀφθαλμοὺς</span> <span class='ocrx_word' id='word_1_282' title='bbox 1050 1981 1512 2058; x_wconf 80' lang='grc' dir='ltr'>προαπαντῶντας</span> <span class='ocrx_word' id='word_1_283' title='bbox 1552 1980 1839 2049; x_wconf 75' lang='grc' dir='ltr'>κέκτηται,</span> <span class='ocrx_word' id='word_1_284' title='bbox 1889 1976 1985 2030; x_wconf 80' lang='grc' dir='ltr'>καὶ</span> 
     </span>
    </p>
   </div>
   <div class='ocr_carea' id='block_1_39' title="bbox 405 2066 1985 2155">
    <p class='ocr_par' dir='ltr' id='par_1_39' title="bbox 405 2066 1985 2155">
     <span class='ocr_line' id='line_1_39' title="bbox 405 2066 1985 2155; baseline -0.013 -17"><span class='ocrx_word' id='word_1_285' title='bbox 405 2070 604 2155; x_wconf 76' lang='grc' dir='ltr'>μελετᾷ</span> <span class='ocrx_word' id='word_1_286' title='bbox 632 2081 726 2135; x_wconf 88' lang='grc' dir='ltr'><strong>τοῦ</strong></span> <span class='ocrx_word' id='word_1_287' title='bbox 757 2080 892 2135; x_wconf 86' lang='grc' dir='ltr'>Θεοῦ</span> <span class='ocrx_word' id='word_1_288' title='bbox 922 2079 1020 2132; x_wconf 80' lang='grc' dir='ltr'>σὺν</span> <span class='ocrx_word' id='word_1_289' title='bbox 1049 2076 1331 2148; x_wconf 72' lang='grc' dir='ltr'>παρρησίᾳ</span> <span class='ocrx_word' id='word_1_290' title='bbox 1354 2071 1424 2125; x_wconf 88' lang='grc' dir='ltr'><strong>τὰ</strong></span> <span class='ocrx_word' id='word_1_291' title='bbox 1442 2073 1615 2140; x_wconf 82' lang='grc' dir='ltr'>λόγια.</span> <span class='ocrx_word' id='word_1_292' title='bbox 1634 2069 1848 2138; x_wconf 85' lang='grc' dir='ltr'>Ἔκείνη</span> <span class='ocrx_word' id='word_1_293' title='bbox 1877 2066 1985 2139; x_wconf 83' lang='grc' dir='ltr'>γὰρ</span> 
     </span>
    </p>
   </div>
   <div class='ocr_carea' id='block_1_40' title="bbox 2087 1787 3662 1865">
    <p class='ocr_par' dir='ltr' id='par_1_40' title="bbox 2087 1787 3662 1865">
     <span class='ocr_line' id='line_1_40' title="bbox 2087 1787 3662 1865; baseline -0.007 -14"><span class='ocrx_word' id='word_1_294' title='bbox 2087 1795 2350 1860; x_wconf 89' lang='lat' dir='ltr'><strong>diluculo,</strong></span> <span class='ocrx_word' id='word_1_295' title='bbox 2394 1795 2557 1850; x_wconf 75' lang='lat' dir='ltr'><strong>idest</strong></span> <span class='ocrx_word' id='word_1_296' title='bbox 2588 1801 2712 1848; x_wconf 91' lang='lat' dir='ltr'><strong>ortu</strong></span> <span class='ocrx_word' id='word_1_297' title='bbox 2740 1792 2903 1857; x_wconf 86' lang='lat' dir='ltr'><strong>lucis,</strong></span> <span class='ocrx_word' id='word_1_298' title='bbox 2963 1791 3078 1862; x_wconf 87' lang='lat' dir='ltr'><strong>jam</strong></span> <span class='ocrx_word' id='word_1_299' title='bbox 3114 1788 3429 1859; x_wconf 84' lang='lat' dir='ltr'><strong>accedente,</strong></span> <span class='ocrx_word' id='word_1_300' title='bbox 3462 1787 3662 1865; x_wconf 73' lang='lat' dir='ltr'><strong>oculos</strong></span> 
     </span>
    </p>
   </div>
   <div class='ocr_carea' id='block_1_41' title="bbox 2089 1872 3663 1948">
    <p class='ocr_par' dir='ltr' id='par_1_41' title="bbox 2089 1872 3663 1948">
     <span class='ocr_line' id='line_1_41' title="bbox 2089 1872 3663 1948; baseline -0.008 -7"><span class='ocrx_word' id='word_1_301' title='bbox 2089 1885 2139 1942; x_wconf 90' lang='lat' dir='ltr'><strong>ei</strong></span> <span class='ocrx_word' id='word_1_302' title='bbox 2169 1882 2751 1948; x_wconf 79' lang='lat' dir='ltr'><strong>occurrentesbabet,</strong></span> <span class='ocrx_word' id='word_1_303' title='bbox 2798 1896 2864 1935; x_wconf 92' lang='lat' dir='ltr'><strong>ac</strong></span> <span class='ocrx_word' id='word_1_304' title='bbox 2898 1895 3024 1935; x_wconf 90' lang='lat' dir='ltr'><strong>cum</strong></span> <span class='ocrx_word' id='word_1_305' title='bbox 3074 1878 3271 1933; x_wconf 84' lang='lat' dir='ltr'><strong>liducia</strong></span> <span class='ocrx_word' id='word_1_306' title='bbox 3316 1876 3412 1932; x_wconf 88' lang='lat' dir='ltr'><strong>Dei</strong></span> <span class='ocrx_word' id='word_1_307' title='bbox 3449 1872 3663 1946; x_wconf 85' lang='lat' dir='ltr'><strong>eloquia</strong></span> 
     </span>
    </p>
   </div>
   <div class='ocr_carea' id='block_1_42' title="bbox 2091 1963 3665 2042">
    <p class='ocr_par' dir='ltr' id='par_1_42' title="bbox 2091 1963 3665 2042">
     <span class='ocr_line' id='line_1_42' title="bbox 2091 1963 3665 2042; baseline -0.008 -14"><span class='ocrx_word' id='word_1_308' title='bbox 2091 1973 2407 2028; x_wconf 87' lang='lat' dir='ltr'><strong>meditatur.</strong></span> <span class='ocrx_word' id='word_1_309' title='bbox 2443 1969 2541 2025; x_wconf 87' lang='lat' dir='ltr'><strong>Illa</strong></span> <span class='ocrx_word' id='word_1_310' title='bbox 2573 1986 2811 2040; x_wconf 79' lang='lat' dir='ltr'><strong>namque</strong></span> <span class='ocrx_word' id='word_1_311' title='bbox 2848 1969 3032 2023; x_wconf 91' lang='lat' dir='ltr'><strong>anima</strong></span> <span class='ocrx_word' id='word_1_312' title='bbox 3062 1966 3408 2042; x_wconf 86' lang='lat' dir='ltr'><strong>potissimum</strong></span> <span class='ocrx_word' id='word_1_313' title='bbox 3450 1966 3506 2020; x_wconf 87' lang='lat' dir='ltr'><strong>in</strong></span> <span class='ocrx_word' id='word_1_314' title='bbox 3546 1963 3665 2034; x_wconf 74' lang='lat' dir='ltr'><strong>lege</strong></span> 
     </span>
    </p>
   </div>
   <div class='ocr_carea' id='block_1_43' title="bbox 2094 2040 3621 2135">
    <p class='ocr_par' dir='ltr' id='par_1_43' title="bbox 2094 2040 3621 2135">
     <span class='ocr_line' id='line_1_43' title="bbox 2094 2040 3621 2135; baseline -0.007 -18"><span class='ocrx_word' id='word_1_315' title='bbox 2094 2062 2314 2135; x_wconf 77' lang='lat' dir='ltr'><strong>gaudet,</strong></span> <span class='ocrx_word' id='word_1_316' title='bbox 2348 2077 2471 2134; x_wconf 67' lang='lat' dir='ltr'><strong>qua:</strong></span> <span class='ocrx_word' id='word_1_317' title='bbox 2503 2062 2608 2117; x_wconf 87' lang='lat' dir='ltr'><strong>sibi</strong></span> <span class='ocrx_word' id='word_1_318' title='bbox 2643 2059 3013 2116; x_wconf 84' lang='lat' dir='ltr'><strong>exsecutionis</strong></span> <span class='ocrx_word' id='word_1_319' title='bbox 3044 2059 3165 2131; x_wconf 84' lang='lat' dir='ltr'><strong>ejus</strong></span> <span class='ocrx_word' id='word_1_320' title='bbox 3196 2040 3419 2114; x_wconf 85' lang='lat' dir='ltr'><strong>conscia</strong></span> <span class='ocrx_word' id='word_1_321' title='bbox 3448 2062 3554 2113; x_wconf 89' lang='lat' dir='ltr'><strong>est.</strong></span> <span class='ocrx_word' id='word_1_322' title='bbox 3616 2040 3621 2047; x_wconf 41' lang='grc'><em>⁴</em></span> 
     </span>
    </p>
   </div>
   <div class='ocr_carea' id='block_1_44' title="bbox 403 2151 2707 2244">
    <p class='ocr_par' dir='ltr' id='par_1_44' title="bbox 403 2151 2707 2244">
     <span class='ocr_line' id='line_1_44' title="bbox 403 2151 2707 2244; baseline -0.011 -15"><span class='ocrx_word' id='word_1_323' title='bbox 403 2151 637 2244; x_wconf 75' lang='grc' dir='ltr'>μάλιστα</span> <span class='ocrx_word' id='word_1_324' title='bbox 678 2171 757 2243; x_wconf 84' lang='grc' dir='ltr'><strong>τῷ</strong></span> <span class='ocrx_word' id='word_1_325' title='bbox 788 2172 938 2241; x_wconf 84' lang='grc' dir='ltr'>νόμῳ</span> <span class='ocrx_word' id='word_1_326' title='bbox 977 2168 1157 2238; x_wconf 77' lang='grc' dir='ltr'>χαίρει</span> <span class='ocrx_word' id='word_1_327' title='bbox 1192 2163 1361 2234; x_wconf 76' lang='grc' dir='ltr'>ψυχὴ,</span> <span class='ocrx_word' id='word_1_328' title='bbox 1389 2163 1512 2234; x_wconf 78' lang='grc' dir='ltr'>ἥτις</span> <span class='ocrx_word' id='word_1_329' title='bbox 1560 2160 1699 2231; x_wconf 76' lang='grc' dir='ltr'>αὐτὴ</span> <span class='ocrx_word' id='word_1_330' title='bbox 1746 2156 1984 2213; x_wconf 79' lang='grc' dir='ltr'>σύνοιδεν</span> <span class='ocrx_word' id='word_1_331' title='bbox 2012 2154 2182 2223; x_wconf 80' lang='grc' dir='ltr'>ἑαυτῇ</span> <span class='ocrx_word' id='word_1_332' title='bbox 2212 2151 2309 2223; x_wconf 79' lang='grc' dir='ltr'>τὴν</span> <span class='ocrx_word' id='word_1_333' title='bbox 2347 2151 2707 2222; x_wconf 80' lang='grc' dir='ltr'>κατόρθωσιν.</span> 
     </span>
    </p>
   </div>
   <div class='ocr_carea' id='block_1_45' title="bbox 476 2268 1985 2348">
    <p class='ocr_par' dir='ltr' id='par_1_45' title="bbox 476 2268 1985 2348">
     <span class='ocr_line' id='line_1_45' title="bbox 476 2268 1985 2348; baseline -0.01 -13"><span class='ocrx_word' id='word_1_334' title='bbox 476 2281 591 2348; x_wconf 83' lang='grc' dir='ltr'><strong>Τῆς</strong></span> <span class='ocrx_word' id='word_1_335' title='bbox 627 2278 831 2348; x_wconf 78' lang='grc' dir='ltr'><em>φωνῆς</em></span> <span class='ocrx_word' id='word_1_336' title='bbox 846 2294 965 2346; x_wconf 81' lang='grc' dir='ltr'>μου</span> <span class='ocrx_word' id='word_1_337' title='bbox 987 2275 1278 2334; x_wconf 79' lang='grc' dir='ltr'>ἄκουσον,</span> <span class='ocrx_word' id='word_1_338' title='bbox 1301 2273 1497 2338; x_wconf 84' lang='grc' dir='ltr'>Κύριε,</span> <span class='ocrx_word' id='word_1_339' title='bbox 1532 2270 1682 2324; x_wconf 60' lang='grc' dir='ltr'>κατὰ</span> <span class='ocrx_word' id='word_1_340' title='bbox 1708 2269 1779 2322; x_wconf 84' lang='grc' dir='ltr'>τὸ</span> <span class='ocrx_word' id='word_1_341' title='bbox 1810 2268 1985 2332; x_wconf 71' lang='grc' dir='ltr'>ἔλεός</span> 
     </span>
    </p>
   </div>
   <div class='ocr_carea' id='block_1_46' title="bbox 400 2358 2003 2436">
    <p class='ocr_par' dir='ltr' id='par_1_46' title="bbox 400 2358 2003 2436">
     <span class='ocr_line' id='line_1_46' title="bbox 400 2358 2003 2436; baseline -0.008 -11"><span class='ocrx_word' id='word_1_342' title='bbox 400 2388 540 2436; x_wconf 90' lang='grc' dir='ltr'>σου,</span> <span class='ocrx_word' id='word_1_343' title='bbox 563 2370 715 2423; x_wconf 83' lang='grc' dir='ltr'>κατὰ</span> <span class='ocrx_word' id='word_1_344' title='bbox 743 2368 811 2420; x_wconf 84' lang='grc' dir='ltr'>τὸ</span> <span class='ocrx_word' id='word_1_345' title='bbox 830 2365 1008 2433; x_wconf 78' lang='grc' dir='ltr'>κρῖμα</span> <span class='ocrx_word' id='word_1_346' title='bbox 1025 2380 1143 2417; x_wconf 89' lang='grc' dir='ltr'>σου</span> <span class='ocrx_word' id='word_1_347' title='bbox 1164 2361 1348 2428; x_wconf 73' lang='grc' dir='ltr'>ζῆσόν</span> <span class='ocrx_word' id='word_1_348' title='bbox 1361 2378 1457 2429; x_wconf 79' lang='grc' dir='ltr'>με.</span> <span class='ocrx_word' id='word_1_349' title='bbox 1483 2358 1908 2429; x_wconf 75' lang='grc' dir='ltr'>Προσήτγισαγ</span> <span class='ocrx_word' id='word_1_350' title='bbox 1929 2361 2003 2412; x_wconf 63' lang='grc' dir='ltr'>οὶε</span> 
     </span>
    </p>
   </div>
   <div class='ocr_carea' id='block_1_47' title="bbox 404 2450 1986 2525">
    <p class='ocr_par' dir='ltr' id='par_1_47' title="bbox 404 2450 1986 2525">
     <span class='ocr_line' id='line_1_47' title="bbox 404 2450 1986 2525; baseline -0.008 -12"><span class='ocrx_word' id='word_1_351' title='bbox 404 2455 869 2522; x_wconf 77' lang='grc' dir='ltr'>καταδιώκοντές</span> <span class='ocrx_word' id='word_1_352' title='bbox 890 2471 968 2525; x_wconf 78' lang='grc' dir='ltr'><strong>με</strong></span> <span class='ocrx_word' id='word_1_353' title='bbox 1005 2454 1249 2522; x_wconf 72' lang='grc' dir='ltr'>ἀνομίᾳ*</span> <span class='ocrx_word' id='word_1_354' title='bbox 1284 2451 1404 2507; x_wconf 78' lang='grc' dir='ltr'><strong>ἀπὸ</strong></span> <span class='ocrx_word' id='word_1_355' title='bbox 1428 2450 1497 2505; x_wconf 70' lang='grc' dir='ltr'>δὲ</span> <span class='ocrx_word' id='word_1_356' title='bbox 1527 2450 1635 2504; x_wconf 86' lang='grc' dir='ltr'><strong>τοῦ</strong></span> <span class='ocrx_word' id='word_1_357' title='bbox 1655 2450 1843 2518; x_wconf 79' lang='grc' dir='ltr'>νόμου</span> <span class='ocrx_word' id='word_1_358' title='bbox 1869 2462 1986 2503; x_wconf 87' lang='grc' dir='ltr'>σου</span> 
     </span>
    </p>
   </div>
   <div class='ocr_carea' id='block_1_48' title="bbox 403 2536 1984 2618">
    <p class='ocr_par' dir='ltr' id='par_1_48' title="bbox 403 2536 1984 2618">
     <span class='ocr_line' id='line_1_48' title="bbox 403 2536 1984 2618; baseline -0.008 -15"><span class='ocrx_word' id='word_1_359' title='bbox 403 2548 886 2618; x_wconf 79' lang='grc' dir='ltr'>ἐμακρύνθησαν.</span> <span class='ocrx_word' id='word_1_360' title='bbox 904 2544 1114 2614; x_wconf 77' lang='grc' dir='ltr'><strong>Ὲγγὺς</strong></span> <span class='ocrx_word' id='word_1_361' title='bbox 1132 2540 1192 2598; x_wconf 79' lang='grc' dir='ltr'>εἷ</span> <span class='ocrx_word' id='word_1_362' title='bbox 1213 2542 1317 2607; x_wconf 84' lang='grc' dir='ltr'>σὺ,</span> <span class='ocrx_word' id='word_1_363' title='bbox 1355 2542 1552 2609; x_wconf 79' lang='grc' dir='ltr'>Κύριε,</span> <span class='ocrx_word' id='word_1_364' title='bbox 1580 2539 1677 2593; x_wconf 74' lang='grc' dir='ltr'>καὶ</span> <span class='ocrx_word' id='word_1_365' title='bbox 1706 2536 1896 2593; x_wconf 80' lang='grc' dir='ltr'>πᾶσαι</span> <span class='ocrx_word' id='word_1_366' title='bbox 1924 2540 1984 2591; x_wconf 86' lang='lat' dir='ltr'><strong>al</strong></span> 
     </span>
    </p>
   </div>
   <div class='ocr_carea' id='block_1_49' title="bbox 404 2630 1982 2704">
    <p class='ocr_par' dir='ltr' id='par_1_49' title="bbox 404 2630 1982 2704">
     <span class='ocr_line' id='line_1_49' title="bbox 404 2630 1982 2704; baseline -0.008 -9"><span class='ocrx_word' id='word_1_367' title='bbox 404 2639 536 2697; x_wconf 78' lang='grc' dir='ltr'>ὁδοί</span> <span class='ocrx_word' id='word_1_368' title='bbox 564 2654 681 2694; x_wconf 90' lang='grc' dir='ltr'><strong>σου</strong></span> <span class='ocrx_word' id='word_1_369' title='bbox 711 2637 981 2703; x_wconf 78' lang='grc' dir='ltr'>ἀλήθεια.</span> <span class='ocrx_word' id='word_1_370' title='bbox 1020 2634 1334 2704; x_wconf 62' lang='grc' dir='ltr'>Μταρχάς</span> <span class='ocrx_word' id='word_1_371' title='bbox 1360 2633 1552 2702; x_wconf 70' lang='grc' dir='ltr'><strong>ἔγνων</strong></span> <span class='ocrx_word' id='word_1_372' title='bbox 1580 2631 1650 2684; x_wconf 84' lang='grc' dir='ltr'>ἐκ</span> <span class='ocrx_word' id='word_1_373' title='bbox 1679 2630 1800 2683; x_wconf 72' lang='grc' dir='ltr'><strong>τῶν</strong></span> <span class='ocrx_word' id='word_1_374' title='bbox 1831 2645 1982 2697; x_wconf 76' lang='grc' dir='ltr'><strong>μαρ-Δ</strong></span> 
     </span>
    </p>
   </div>
   <div class='ocr_carea' id='block_1_50' title="bbox 405 2712 1978 2800">
    <p class='ocr_par' dir='ltr' id='par_1_50' title="bbox 405 2712 1978 2800">
     <span class='ocr_line' id='line_1_50' title="bbox 405 2712 1978 2800; baseline -0.01 -13"><span class='ocrx_word' id='word_1_375' title='bbox 405 2731 622 2800; x_wconf 74' lang='grc' dir='ltr'>τυρίων</span> <span class='ocrx_word' id='word_1_376' title='bbox 650 2744 787 2794; x_wconf 88' lang='grc' dir='ltr'>σου,</span> <span class='ocrx_word' id='word_1_377' title='bbox 803 2728 894 2782; x_wconf 85' lang='grc' dir='ltr'>ὅτι</span> <span class='ocrx_word' id='word_1_378' title='bbox 918 2728 1005 2793; x_wconf 81' lang='grc' dir='ltr'><strong>είς</strong></span> <span class='ocrx_word' id='word_1_379' title='bbox 1036 2727 1143 2781; x_wconf 80' lang='grc' dir='ltr'><strong>τὸν</strong></span> <span class='ocrx_word' id='word_1_380' title='bbox 1167 2712 1355 2780; x_wconf 57' lang='grc' dir='ltr'>αἰῶνα</span> <span class='ocrx_word' id='word_1_381' title='bbox 1386 2721 1784 2792; x_wconf 69' lang='grc' dir='ltr'><strong>ἐθεμελίωσας</strong></span> <span class='ocrx_word' id='word_1_382' title='bbox 1807 2718 1978 2776; x_wconf 79' lang='grc' dir='ltr'>αὑτά.</span> 
     </span>
    </p>
   </div>
   <div class='ocr_carea' id='block_1_51' title="bbox 477 2908 2057 3013">
    <p class='ocr_par' dir='ltr' id='par_1_51' title="bbox 477 2908 2057 3013">
     <span class='ocr_line' id='line_1_51' title="bbox 477 2908 2057 3013; baseline -0.013 -34"><span class='ocrx_word' id='word_1_383' title='bbox 477 2924 591 2979; x_wconf 81' lang='grc' dir='ltr'>Ἴδε</span> <span class='ocrx_word' id='word_1_384' title='bbox 630 2921 747 2990; x_wconf 75' lang='grc' dir='ltr'><strong>τὴν</strong></span> <span class='ocrx_word' id='word_1_385' title='bbox 779 2917 1146 2974; x_wconf 77' lang='grc' dir='ltr'>ταπείνωσιν</span> <span class='ocrx_word' id='word_1_386' title='bbox 1178 2934 1317 2986; x_wconf 87' lang='grc' dir='ltr'>μου,</span> <span class='ocrx_word' id='word_1_387' title='bbox 1362 2913 1461 2968; x_wconf 73' lang='grc' dir='ltr'>καὶ</span> <span class='ocrx_word' id='word_1_388' title='bbox 1485 2911 1701 3013; x_wconf 49' lang='lat' dir='ltr'><strong>eseam;</strong></span> <span class='ocrx_word' id='word_1_389' title='bbox 1742 2925 1841 3013; x_wconf 68' lang='grc' dir='ltr'><strong>με,</strong></span> <span class='ocrx_word' id='word_1_390' title='bbox 1896 2908 1984 3013; x_wconf 57' lang='grc' dir='ltr'>ὅτι</span> <span class='ocrx_word' id='word_1_391' title='bbox 2014 2956 2057 3013; x_wconf 74' lang='lat' dir='ltr'><strong><em>C</em></strong></span> 
     </span>
    </p>
   </div>
   <div class='ocr_carea' id='block_1_52' title="bbox 406 2998 1986 3083">
    <p class='ocr_par' dir='ltr' id='par_1_52' title="bbox 406 2998 1986 3083">
     <span class='ocr_line' id='line_1_52' title="bbox 406 2998 1986 3083; baseline -0.012 -14"><span class='ocrx_word' id='word_1_392' title='bbox 406 3014 512 3069; x_wconf 83' lang='grc' dir='ltr'><strong>τοῦ</strong></span> <span class='ocrx_word' id='word_1_393' title='bbox 538 3016 727 3083; x_wconf 78' lang='grc' dir='ltr'>νόμον</span> <span class='ocrx_word' id='word_1_394' title='bbox 767 3026 884 3066; x_wconf 90' lang='grc' dir='ltr'>σου</span> <span class='ocrx_word' id='word_1_395' title='bbox 909 3011 1021 3065; x_wconf 84' lang='grc' dir='ltr'>οὐκ</span> <span class='ocrx_word' id='word_1_396' title='bbox 1052 3006 1454 3075; x_wconf 72' lang='grc' dir='ltr'><strong>ἐπελαθόμην.</strong></span> <span class='ocrx_word' id='word_1_397' title='bbox 1480 3001 1701 3071; x_wconf 78' lang='grc' dir='ltr'><strong>Κρῖνον</strong></span> <span class='ocrx_word' id='word_1_398' title='bbox 1727 2999 1841 3069; x_wconf 83' lang='grc' dir='ltr'><strong>τὴν</strong></span> <span class='ocrx_word' id='word_1_399' title='bbox 1868 2998 1986 3066; x_wconf 80' lang='grc' dir='ltr'>κρι-</span> 
     </span>
    </p>
   </div>
   <div class='ocr_carea' id='block_1_53' title="bbox 405 3087 1987 3175">
    <p class='ocr_par' dir='ltr' id='par_1_53' title="bbox 405 3087 1987 3175">
     <span class='ocr_line' id='line_1_53' title="bbox 405 3087 1987 3175; baseline -0.002 -14"><span class='ocrx_word' id='word_1_400' title='bbox 405 3123 510 3163; x_wconf 76' lang='grc' dir='ltr'>σιν</span> <span class='ocrx_word' id='word_1_401' title='bbox 530 3123 651 3175; x_wconf 87' lang='grc' dir='ltr'>μου</span> <span class='ocrx_word' id='word_1_402' title='bbox 689 3104 787 3158; x_wconf 69' lang='grc' dir='ltr'><strong>καί</strong></span> <span class='ocrx_word' id='word_1_403' title='bbox 821 3101 1127 3173; x_wconf 85' lang='grc' dir='ltr'>λύτρωσαί</span> <span class='ocrx_word' id='word_1_404' title='bbox 1163 3116 1253 3164; x_wconf 82' lang='grc' dir='ltr'><strong>με,</strong></span> <span class='ocrx_word' id='word_1_405' title='bbox 1285 3097 1385 3152; x_wconf 79' lang='grc' dir='ltr'>διὰ</span> <span class='ocrx_word' id='word_1_406' title='bbox 1406 3095 1513 3151; x_wconf 78' lang='grc' dir='ltr'><strong>τὸν</strong></span> <span class='ocrx_word' id='word_1_407' title='bbox 1539 3095 1723 3164; x_wconf 72' lang='grc' dir='ltr'>λόγον</span> <span class='ocrx_word' id='word_1_408' title='bbox 1751 3108 1869 3145; x_wconf 90' lang='grc' dir='ltr'><strong>σου</strong></span> <span class='ocrx_word' id='word_1_409' title='bbox 1899 3087 1987 3158; x_wconf 64' lang='grc' dir='ltr'><strong>(ἦ-</strong></span> 
     </span>
    </p>
   </div>
   <div class='ocr_carea' id='block_1_54' title="bbox 346 3180 1988 3267">
    <p class='ocr_par' dir='ltr' id='par_1_54' title="bbox 346 3180 1988 3267">
     <span class='ocr_line' id='line_1_54' title="bbox 346 3180 1988 3267; baseline -0.012 -15"><span class='ocrx_word' id='word_1_410' title='bbox 346 3181 350 3184; x_wconf 22' lang='grc'><em>⁴</em></span> <span class='ocrx_word' id='word_1_411' title='bbox 405 3198 524 3251; x_wconf 82' lang='grc' dir='ltr'>σόν</span> <span class='ocrx_word' id='word_1_412' title='bbox 540 3213 637 3266; x_wconf 79' lang='grc' dir='ltr'>με.</span> <span class='ocrx_word' id='word_1_413' title='bbox 672 3193 942 3267; x_wconf 80' lang='grc' dir='ltr'>Κριθῆναι</span> <span class='ocrx_word' id='word_1_414' title='bbox 968 3192 1103 3264; x_wconf 79' lang='grc' dir='ltr'>πρὸς</span> <span class='ocrx_word' id='word_1_415' title='bbox 1132 3191 1259 3253; x_wconf 79' lang='grc' dir='ltr'>τοὺς</span> <span class='ocrx_word' id='word_1_416' title='bbox 1286 3187 1514 3259; x_wconf 73' lang='grc' dir='ltr'>ἐχθροὺς</span> <span class='ocrx_word' id='word_1_417' title='bbox 1535 3186 1679 3238; x_wconf 81' lang='grc' dir='ltr'>αίτεῖ</span> <span class='ocrx_word' id='word_1_418' title='bbox 1708 3183 1833 3246; x_wconf 73' lang='grc' dir='ltr'>τοὺς</span> <span class='ocrx_word' id='word_1_419' title='bbox 1852 3180 1988 3251; x_wconf 83' lang='grc' dir='ltr'>ἀφα-</span> 
     </span>
    </p>
   </div>
   <div class='ocr_carea' id='block_1_55' title="bbox 408 3272 1987 3358">
    <p class='ocr_par' dir='ltr' id='par_1_55' title="bbox 408 3272 1987 3358">
     <span class='ocr_line' id='line_1_55' title="bbox 408 3272 1987 3358; baseline -0.011 -16"><span class='ocrx_word' id='word_1_420' title='bbox 408 3289 513 3352; x_wconf 84' lang='grc' dir='ltr'><strong>νῶς</strong></span> <span class='ocrx_word' id='word_1_421' title='bbox 542 3287 577 3358; x_wconf 80' lang='grc' dir='ltr'><strong>ἢ</strong></span> <span class='ocrx_word' id='word_1_422' title='bbox 605 3285 861 3358; x_wconf 74' lang='grc' dir='ltr'>ἐμφανῶς</span> <span class='ocrx_word' id='word_1_423' title='bbox 888 3282 1276 3354; x_wconf 85' lang='grc' dir='ltr'>πολεμοῦντας,</span> <span class='ocrx_word' id='word_1_424' title='bbox 1299 3280 1394 3335; x_wconf 73' lang='grc' dir='ltr'>καὶ</span> <span class='ocrx_word' id='word_1_425' title='bbox 1416 3275 1755 3349; x_wconf 80' lang='grc' dir='ltr'>λυτρωθῆναι</span> <span class='ocrx_word' id='word_1_426' title='bbox 1773 3290 1788 3305; x_wconf 91' lang='grc'><strong>·</strong></span> <span class='ocrx_word' id='word_1_427' title='bbox 1827 3272 1987 3344; x_wconf 87' lang='grc' dir='ltr'>μόνος</span> 
     </span>
    </p>
   </div>
   <div class='ocr_carea' id='block_1_56' title="bbox 407 3361 1986 3451">
    <p class='ocr_par' dir='ltr' id='par_1_56' title="bbox 407 3361 1986 3451">
     <span class='ocr_line' id='line_1_56' title="bbox 407 3361 1986 3451; baseline -0.013 -17"><span class='ocrx_word' id='word_1_428' title='bbox 407 3382 515 3451; x_wconf 81' lang='grc' dir='ltr'><strong>γάρ</strong></span> <span class='ocrx_word' id='word_1_429' title='bbox 545 3380 692 3431; x_wconf 75' lang='grc' dir='ltr'>ἔστιν</span> <span class='ocrx_word' id='word_1_430' title='bbox 717 3379 747 3430; x_wconf 86' lang='grc' dir='ltr'><strong>ό</strong></span> <span class='ocrx_word' id='word_1_431' title='bbox 778 3375 908 3438; x_wconf 82' lang='grc' dir='ltr'>Θεὸς</span> <span class='ocrx_word' id='word_1_432' title='bbox 932 3375 961 3427; x_wconf 85' lang='grc' dir='ltr'><strong>ὁ</strong></span> <span class='ocrx_word' id='word_1_433' title='bbox 991 3373 1052 3439; x_wconf 72' lang='grc' dir='ltr'>ἐξ</span> <span class='ocrx_word' id='word_1_434' title='bbox 1079 3369 1353 3442; x_wconf 78' lang='grc' dir='ltr'>ἑκατέρων</span> <span class='ocrx_word' id='word_1_435' title='bbox 1376 3365 1759 3439; x_wconf 81' lang='grc' dir='ltr'>λυτρούμενος,</span> <span class='ocrx_word' id='word_1_436' title='bbox 1787 3362 1886 3417; x_wconf 69' lang='grc' dir='ltr'>καὶ</span> <span class='ocrx_word' id='word_1_437' title='bbox 1922 3361 1986 3415; x_wconf 85' lang='grc' dir='ltr'><strong>ού</strong></span> 
     </span>
    </p>
   </div>
   <div class='ocr_carea' id='block_1_57' title="bbox 407 3452 1987 3538">
    <p class='ocr_par' dir='ltr' id='par_1_57' title="bbox 407 3452 1987 3538">
     <span class='ocr_line' id='line_1_57' title="bbox 407 3452 1987 3538; baseline -0.013 -13"><span class='ocrx_word' id='word_1_438' title='bbox 407 3471 639 3525; x_wconf 83' lang='grc' dir='ltr'>Θανάτου</span> <span class='ocrx_word' id='word_1_439' title='bbox 690 3468 848 3538; x_wconf 87' lang='grc' dir='ltr'>μόνον</span> <span class='ocrx_word' id='word_1_440' title='bbox 890 3463 1036 3536; x_wconf 74' lang='grc' dir='ltr'>ἡμᾶς</span> <span class='ocrx_word' id='word_1_441' title='bbox 1080 3460 1458 3525; x_wconf 80' lang='grc' dir='ltr'>ἀπαλλάττων,</span> <span class='ocrx_word' id='word_1_442' title='bbox 1481 3456 1541 3511; x_wconf 79' lang='grc' dir='ltr'><strong>δν</strong></span> <span class='ocrx_word' id='word_1_443' title='bbox 1567 3452 1850 3510; x_wconf 78' lang='grc' dir='ltr'>ἀπειλοῦσι</span> <span class='ocrx_word' id='word_1_444' title='bbox 1891 3453 1987 3507; x_wconf 78' lang='grc' dir='ltr'>καὶ</span> 
     </span>
    </p>
   </div>
   <div class='ocr_carea' id='block_1_58' title="bbox 405 3539 1989 3630">
    <p class='ocr_par' dir='ltr' id='par_1_58' title="bbox 405 3539 1989 3630">
     <span class='ocr_line' id='line_1_58' title="bbox 405 3539 1989 3630; baseline -0.011 -18"><span class='ocrx_word' id='word_1_445' title='bbox 405 3557 719 3630; x_wconf 69' lang='grc' dir='ltr'>ἐνεργοῦσιν</span> <span class='ocrx_word' id='word_1_446' title='bbox 749 3557 798 3608; x_wconf 79' lang='lat' dir='ltr'><strong>oi</strong></span> <span class='ocrx_word' id='word_1_447' title='bbox 825 3553 1095 3624; x_wconf 85' lang='grc' dir='ltr'>δαίμονες,</span> <span class='ocrx_word' id='word_1_448' title='bbox 1128 3550 1263 3605; x_wconf 85' lang='grc' dir='ltr'><strong>ἀλλά</strong></span> <span class='ocrx_word' id='word_1_449' title='bbox 1306 3548 1400 3602; x_wconf 80' lang='grc' dir='ltr'>καὶ</span> <span class='ocrx_word' id='word_1_450' title='bbox 1442 3545 1587 3617; x_wconf 78' lang='grc' dir='ltr'>ζωὴν</span> <span class='ocrx_word' id='word_1_451' title='bbox 1615 3543 1870 3617; x_wconf 81' lang='grc' dir='ltr'>παρέχων</span> <span class='ocrx_word' id='word_1_452' title='bbox 1899 3539 1989 3595; x_wconf 81' lang='grc' dir='ltr'><strong>διὰ</strong></span> 
     </span>
    </p>
   </div>
   <div class='ocr_carea' id='block_1_59' title="bbox 406 3633 1988 3712">
    <p class='ocr_par' dir='ltr' id='par_1_59' title="bbox 406 3633 1988 3712">
     <span class='ocr_line' id='line_1_59' title="bbox 406 3633 1988 3712; baseline -0.013 -9"><span class='ocrx_word' id='word_1_453' title='bbox 406 3649 499 3703; x_wconf 82' lang='grc' dir='ltr'><strong>τδν</strong></span> <span class='ocrx_word' id='word_1_454' title='bbox 531 3646 690 3702; x_wconf 81' lang='grc' dir='ltr'>αὐτὸν</span> <span class='ocrx_word' id='word_1_455' title='bbox 728 3645 905 3712; x_wconf 84' lang='grc' dir='ltr'>λόγον.</span> <span class='ocrx_word' id='word_1_456' title='bbox 938 3642 1188 3710; x_wconf 78' lang='grc' dir='ltr'>Μακρὰν</span> <span class='ocrx_word' id='word_1_457' title='bbox 1237 3638 1356 3696; x_wconf 72' lang='grc' dir='ltr'><strong>ἀπὸ</strong></span> <span class='ocrx_word' id='word_1_458' title='bbox 1402 3633 1766 3706; x_wconf 71' lang='grc' dir='ltr'>ἁμαρτωλῶν</span> <span class='ocrx_word' id='word_1_459' title='bbox 1796 3646 1988 3700; x_wconf 79' lang='grc' dir='ltr'>σωτη-</span> 
     </span>
    </p>
   </div>
   <div class='ocr_carea' id='block_1_60' title="bbox 406 3724 1986 3809">
    <p class='ocr_par' dir='ltr' id='par_1_60' title="bbox 406 3724 1986 3809">
     <span class='ocr_line' id='line_1_60' title="bbox 406 3724 1986 3809; baseline -0.013 -14"><span class='ocrx_word' id='word_1_460' title='bbox 406 3743 524 3809; x_wconf 83' lang='lat' dir='ltr'><strong>pla,</strong></span> <span class='ocrx_word' id='word_1_461' title='bbox 561 3741 651 3793; x_wconf 84' lang='grc' dir='ltr'>ὅτι</span> <span class='ocrx_word' id='word_1_462' title='bbox 682 3738 756 3792; x_wconf 82' lang='grc' dir='ltr'>τὰ</span> <span class='ocrx_word' id='word_1_463' title='bbox 798 3731 1161 3804; x_wconf 80' lang='grc' dir='ltr'>δικαιώματά</span> <span class='ocrx_word' id='word_1_464' title='bbox 1200 3747 1317 3786; x_wconf 90' lang='grc' dir='ltr'>σου</span> <span class='ocrx_word' id='word_1_465' title='bbox 1349 3731 1461 3784; x_wconf 84' lang='grc' dir='ltr'>οὐκ</span> <span class='ocrx_word' id='word_1_466' title='bbox 1498 3724 1887 3792; x_wconf 79' lang='grc' dir='ltr'>ἐξεζήτησαν.</span> <span class='ocrx_word' id='word_1_467' title='bbox 1922 3724 1986 3776; x_wconf 88' lang='lat' dir='ltr'><strong>Ol</strong></span> 
     </span>
    </p>
   </div>
   <div class='ocr_carea' id='block_1_61' title="bbox 409 3812 1987 3894">
    <p class='ocr_par' dir='ltr' id='par_1_61' title="bbox 409 3812 1987 3894">
     <span class='ocr_line' id='line_1_61' title="bbox 409 3812 1987 3894; baseline -0.01 -12"><span class='ocrx_word' id='word_1_468' title='bbox 409 3828 693 3894; x_wconf 81' lang='grc' dir='ltr'>οικτιρμοι</span> <span class='ocrx_word' id='word_1_469' title='bbox 719 3842 834 3878; x_wconf 89' lang='grc' dir='ltr'>σου</span> <span class='ocrx_word' id='word_1_470' title='bbox 861 3823 1101 3884; x_wconf 74' lang='grc' dir='ltr'>πολλοὶ,</span> <span class='ocrx_word' id='word_1_471' title='bbox 1132 3821 1326 3888; x_wconf 74' lang='grc' dir='ltr'>Κύριε,</span> <span class='ocrx_word' id='word_1_472' title='bbox 1358 3817 1509 3872; x_wconf 84' lang='grc' dir='ltr'>κατὰ</span> <span class='ocrx_word' id='word_1_473' title='bbox 1551 3816 1617 3870; x_wconf 83' lang='grc' dir='ltr'>τὸ</span> <span class='ocrx_word' id='word_1_474' title='bbox 1662 3812 1839 3884; x_wconf 71' lang='grc' dir='ltr'>κρῖμα</span> <span class='ocrx_word' id='word_1_475' title='bbox 1871 3828 1987 3867; x_wconf 89' lang='grc' dir='ltr'><strong>σου</strong></span> 
     </span>
    </p>
   </div>
   <div class='ocr_carea' id='block_1_62' title="bbox 410 3900 1982 3984">
    <p class='ocr_par' dir='ltr' id='par_1_62' title="bbox 410 3900 1982 3984">
     <span class='ocr_line' id='line_1_62' title="bbox 410 3900 1982 3984; baseline -0.009 -16"><span class='ocrx_word' id='word_1_476' title='bbox 410 3914 598 3984; x_wconf 73' lang='grc' dir='ltr'><em>ζῆσόν</em></span> <span class='ocrx_word' id='word_1_477' title='bbox 622 3913 912 3982; x_wconf 82' lang='grc' dir='ltr'>με.”Ελεος</span> <span class='ocrx_word' id='word_1_478' title='bbox 952 3908 1244 3981; x_wconf 83' lang='grc' dir='ltr'>ἀνθρώπου</span> <span class='ocrx_word' id='word_1_479' title='bbox 1286 3909 1379 3960; x_wconf 72' lang='grc' dir='ltr'><strong>ἐπὶ</strong></span> <span class='ocrx_word' id='word_1_480' title='bbox 1405 3908 1496 3960; x_wconf 80' lang='grc' dir='ltr'>τὸν</span> <span class='ocrx_word' id='word_1_481' title='bbox 1524 3905 1749 3976; x_wconf 77' lang='grc' dir='ltr'>πλησίον</span> <span class='ocrx_word' id='word_1_482' title='bbox 1777 3900 1942 3957; x_wconf 80' lang='grc' dir='ltr'>αὐτοῦ</span> <span class='ocrx_word' id='word_1_483' title='bbox 1967 3917 1982 3932; x_wconf 86' lang='grc'><strong>·</strong></span> 
     </span>
    </p>
   </div>
   <div class='ocr_carea' id='block_1_63' title="bbox 412 3984 1985 4073">
    <p class='ocr_par' dir='ltr' id='par_1_63' title="bbox 412 3984 1985 4073">
     <span class='ocr_line' id='line_1_63' title="bbox 412 3984 1985 4073; baseline -0.008 -16"><span class='ocrx_word' id='word_1_484' title='bbox 412 4004 561 4066; x_wconf 73' lang='grc' dir='ltr'>ἔλεος</span> <span class='ocrx_word' id='word_1_485' title='bbox 597 4002 655 4054; x_wconf 82' lang='grc' dir='ltr'>δὲ</span> <span class='ocrx_word' id='word_1_486' title='bbox 698 4003 902 4073; x_wconf 80' lang='grc' dir='ltr'>Κυρίου</span> <span class='ocrx_word' id='word_1_487' title='bbox 937 4001 1029 4054; x_wconf 76' lang='grc' dir='ltr'><strong>ἐπὶ</strong></span> <span class='ocrx_word' id='word_1_488' title='bbox 1077 4001 1257 4053; x_wconf 77' lang='grc' dir='ltr'>πᾶσαν</span> <span class='ocrx_word' id='word_1_489' title='bbox 1284 3998 1482 4070; x_wconf 81' lang='grc' dir='ltr'>σάρκα,</span> <span class='ocrx_word' id='word_1_490' title='bbox 1509 3995 1569 4059; x_wconf 77' lang='grc' dir='ltr'>ὃς</span> <span class='ocrx_word' id='word_1_491' title='bbox 1616 3994 1711 4048; x_wconf 63' lang='grc' dir='ltr'><strong>καὶ⁵</strong></span> <span class='ocrx_word' id='word_1_492' title='bbox 1739 3984 1878 4047; x_wconf 82' lang='grc' dir='ltr'>πάνυ</span> <span class='ocrx_word' id='word_1_493' title='bbox 1903 3991 1985 4045; x_wconf 58' lang='grc' dir='ltr'>δι’</span> 
     </span>
    </p>
   </div>
   <div class='ocr_carea' id='block_1_64' title="bbox 412 4080 1988 4162">
    <p class='ocr_par' dir='ltr' id='par_1_64' title="bbox 412 4080 1988 4162">
     <span class='ocr_line' id='line_1_64' title="bbox 412 4080 1988 4162; baseline -0.009 -13"><span class='ocrx_word' id='word_1_494' title='bbox 412 4095 696 4156; x_wconf 86' lang='grc' dir='ltr'>καιότατος</span> <span class='ocrx_word' id='word_1_495' title='bbox 737 4089 875 4146; x_wconf 77' lang='grc' dir='ltr'>εἶναι</span> <span class='ocrx_word' id='word_1_496' title='bbox 914 4093 1080 4145; x_wconf 75' lang='grc' dir='ltr'>δοκεῖ.</span> <span class='ocrx_word' id='word_1_497' title='bbox 1123 4090 1417 4162; x_wconf 85' lang='grc' dir='ltr'>Συγκρίσει</span> <span class='ocrx_word' id='word_1_498' title='bbox 1445 4086 1555 4157; x_wconf 77' lang='grc' dir='ltr'>γὰρ</span> <span class='ocrx_word' id='word_1_499' title='bbox 1579 4082 1880 4156; x_wconf 49' lang='grc' dir='ltr'>ἀνθρὼπων</span> <span class='ocrx_word' id='word_1_500' title='bbox 1911 4080 1988 4144; x_wconf 84' lang='grc' dir='ltr'><strong>ὡς</strong></span> 
     </span>
    </p>
   </div>
   <div class='ocr_carea' id='block_1_65' title="bbox 413 4170 1987 4259">
    <p class='ocr_par' dir='ltr' id='par_1_65' title="bbox 413 4170 1987 4259">
     <span class='ocr_line' id='line_1_65' title="bbox 413 4170 1987 4259; baseline -0.011 -20"><span class='ocrx_word' id='word_1_501' title='bbox 413 4186 551 4259; x_wconf 81' lang='grc' dir='ltr'>πρὸς</span> <span class='ocrx_word' id='word_1_502' title='bbox 577 4184 676 4253; x_wconf 80' lang='grc' dir='ltr'>τὴν</span> <span class='ocrx_word' id='word_1_503' title='bbox 707 4182 910 4253; x_wconf 79' lang='grc' dir='ltr'>ἀκριεῆ</span> <span class='ocrx_word' id='word_1_504' title='bbox 934 4182 1114 4251; x_wconf 82' lang='grc' dir='ltr'>κρίσιν</span> <span class='ocrx_word' id='word_1_505' title='bbox 1144 4180 1237 4235; x_wconf 89' lang='grc' dir='ltr'><strong>τοῦ</strong></span> <span class='ocrx_word' id='word_1_506' title='bbox 1269 4178 1425 4243; x_wconf 83' lang='grc' dir='ltr'>Θεοῦ,</span> <span class='ocrx_word' id='word_1_507' title='bbox 1456 4176 1606 4231; x_wconf 75' lang='grc' dir='ltr'>ὲλέου</span> <span class='ocrx_word' id='word_1_508' title='bbox 1631 4175 1801 4229; x_wconf 76' lang='grc' dir='ltr'>δεῖται</span> <span class='ocrx_word' id='word_1_509' title='bbox 1825 4173 1886 4225; x_wconf 85' lang='grc' dir='ltr'>τὸ</span> <span class='ocrx_word' id='word_1_510' title='bbox 1913 4170 1987 4224; x_wconf 89' lang='grc' dir='ltr'>δί-</span> 
     </span>
    </p>
   </div>
   <div class='ocr_carea' id='block_1_66' title="bbox 2164 2254 3666 2323">
    <p class='ocr_par' dir='ltr' id='par_1_66' title="bbox 2164 2254 3666 2323">
     <span class='ocr_line' id='line_1_66' title="bbox 2164 2254 3666 2323; baseline -0.005 -8"><span class='ocrx_word' id='word_1_511' title='bbox 2164 2259 2333 2315; x_wconf 73' lang='lat' dir='ltr'><strong>Vens.</strong></span> <span class='ocrx_word' id='word_1_512' title='bbox 2366 2258 2622 2323; x_wconf 65' lang='lat'><strong>149-152.</strong></span> <span class='ocrx_word' id='word_1_513' title='bbox 2663 2257 2853 2312; x_wconf 83' lang='lat' dir='ltr'><strong>Vocem</strong></span> <span class='ocrx_word' id='word_1_514' title='bbox 2903 2272 3075 2321; x_wconf 80' lang='lat' dir='ltr'><strong>meam</strong></span> <span class='ocrx_word' id='word_1_515' title='bbox 3106 2254 3257 2321; x_wconf 84' lang='lat' dir='ltr'><strong>audi,</strong></span> <span class='ocrx_word' id='word_1_516' title='bbox 3300 2254 3545 2319; x_wconf 80' lang='lat' dir='ltr'><strong>Domine,</strong></span> <span class='ocrx_word' id='word_1_517' title='bbox 3586 2269 3666 2308; x_wconf 89' lang='lat' dir='ltr'><strong>se-</strong></span> 
     </span>
    </p>
   </div>
   <div class='ocr_carea' id='block_1_67' title="bbox 2090 2342 3666 2411">
    <p class='ocr_par' dir='ltr' id='par_1_67' title="bbox 2090 2342 3666 2411">
     <span class='ocr_line' id='line_1_67' title="bbox 2090 2342 3666 2411; baseline -0.003 -11"><span class='ocrx_word' id='word_1_518' title='bbox 2090 2347 2321 2407; x_wconf 83' lang='lat' dir='ltr'><strong>cundum</strong></span> <span class='ocrx_word' id='word_1_519' title='bbox 2371 2344 2792 2400; x_wconf 84' lang='lat' dir='ltr'><strong>misericordiam</strong></span> <span class='ocrx_word' id='word_1_520' title='bbox 2843 2353 2988 2399; x_wconf 88' lang='lat' dir='ltr'><strong>tuam</strong></span> <span class='ocrx_word' id='word_1_521' title='bbox 3015 2383 3031 2407; x_wconf 91' lang='lat'><strong>,</strong></span> <span class='ocrx_word' id='word_1_522' title='bbox 3085 2342 3370 2396; x_wconf 80' lang='lat' dir='ltr'><strong>secundum</strong></span> <span class='ocrx_word' id='word_1_523' title='bbox 3400 2342 3666 2411; x_wconf 77' lang='lat' dir='ltr'><strong>judicium</strong></span> 
     </span>
    </p>
   </div>
   <div class='ocr_carea' id='block_1_68' title="bbox 2088 2431 3667 2501">
    <p class='ocr_par' dir='ltr' id='par_1_68' title="bbox 2088 2431 3667 2501">
     <span class='ocr_line' id='line_1_68' title="bbox 2088 2431 3667 2501; baseline -0.002 -13"><span class='ocrx_word' id='word_1_524' title='bbox 2088 2444 2237 2489; x_wconf 86' lang='lat' dir='ltr'><strong>tuum</strong></span> <span class='ocrx_word' id='word_1_525' title='bbox 2263 2432 2468 2501; x_wconf 71' lang='lat' dir='ltr'><strong>viviﬁca</strong></span> <span class='ocrx_word' id='word_1_526' title='bbox 2491 2447 2592 2485; x_wconf 89' lang='lat' dir='ltr'><strong>me.</strong></span> <span class='ocrx_word' id='word_1_527' title='bbox 2622 2431 3183 2501; x_wconf 83' lang='lat' dir='ltr'><strong>Appropinquaverunt</strong></span> <span class='ocrx_word' id='word_1_528' title='bbox 3203 2438 3563 2500; x_wconf 85' lang='lat' dir='ltr'><strong>persequentes</strong></span> <span class='ocrx_word' id='word_1_529' title='bbox 3586 2445 3667 2485; x_wconf 84' lang='lat' dir='ltr'><strong>me</strong></span> 
     </span>
    </p>
   </div>
   <div class='ocr_carea' id='block_1_69' title="bbox 2084 2517 3667 2594">
    <p class='ocr_par' dir='ltr' id='par_1_69' title="bbox 2084 2517 3667 2594">
     <span class='ocr_line' id='line_1_69' title="bbox 2084 2517 3667 2594; baseline -0.003 -16"><span class='ocrx_word' id='word_1_530' title='bbox 2084 2522 2404 2594; x_wconf 68' lang='lat' dir='ltr'><strong>iniquitati:</strong></span> <span class='ocrx_word' id='word_1_531' title='bbox 2441 2538 2474 2590; x_wconf 71' lang='grc' dir='ltr'><strong>α</strong></span> <span class='ocrx_word' id='word_1_532' title='bbox 2512 2521 2621 2592; x_wconf 83' lang='lat' dir='ltr'><strong>lege</strong></span> <span class='ocrx_word' id='word_1_533' title='bbox 2646 2529 2820 2583; x_wconf 80' lang='lat' dir='ltr'><strong>autem</strong></span> <span class='ocrx_word' id='word_1_534' title='bbox 2851 2532 2941 2574; x_wconf 85' lang='lat' dir='ltr'><strong>tua</strong></span> <span class='ocrx_word' id='word_1_535' title='bbox 2972 2519 3124 2589; x_wconf 83' lang='lat' dir='ltr'><strong>longe</strong></span> <span class='ocrx_word' id='word_1_536' title='bbox 3139 2517 3271 2581; x_wconf 79' lang='lat' dir='ltr'><strong>facti</strong></span> <span class='ocrx_word' id='word_1_537' title='bbox 3304 2527 3448 2572; x_wconf 87' lang='lat' dir='ltr'><strong>sunt.</strong></span> <span class='ocrx_word' id='word_1_538' title='bbox 3496 2517 3667 2587; x_wconf 88' lang='lat' dir='ltr'><strong>Prope</strong></span> 
     </span>
    </p>
   </div>
   <div class='ocr_carea' id='block_1_70' title="bbox 2086 2607 3664 2677">
    <p class='ocr_par' dir='ltr' id='par_1_70' title="bbox 2086 2607 3664 2677">
     <span class='ocr_line' id='line_1_70' title="bbox 2086 2607 3664 2677; baseline -0.003 -9"><span class='ocrx_word' id='word_1_539' title='bbox 2086 2631 2140 2669; x_wconf 86' lang='lat' dir='ltr'><strong>es</strong></span> <span class='ocrx_word' id='word_1_540' title='bbox 2172 2622 2251 2676; x_wconf 87' lang='lat' dir='ltr'><strong>tu,</strong></span> <span class='ocrx_word' id='word_1_541' title='bbox 2308 2612 2563 2675; x_wconf 82' lang='lat' dir='ltr'><strong>Domine,</strong></span> <span class='ocrx_word' id='word_1_542' title='bbox 2619 2620 2669 2668; x_wconf 83' lang='lat' dir='ltr'><strong>et</strong></span> <span class='ocrx_word' id='word_1_543' title='bbox 2708 2626 2887 2668; x_wconf 83' lang='lat' dir='ltr'><strong>omnes</strong></span> <span class='ocrx_word' id='word_1_544' title='bbox 2926 2611 3025 2666; x_wconf 77' lang='lat' dir='ltr'><strong>oio:</strong></span> <span class='ocrx_word' id='word_1_545' title='bbox 3076 2618 3180 2664; x_wconf 69' lang='lat' dir='ltr'><strong>tum</strong></span> <span class='ocrx_word' id='word_1_546' title='bbox 3225 2609 3439 2677; x_wconf 73' lang='lat' dir='ltr'><strong>ueritas.</strong></span> <span class='ocrx_word' id='word_1_547' title='bbox 3498 2607 3664 2665; x_wconf 78' lang='lat' dir='ltr'><strong>Initia</strong></span> 
     </span>
    </p>
   </div>
   <div class='ocr_carea' id='block_1_71' title="bbox 2087 2699 3667 2773">
    <p class='ocr_par' dir='ltr' id='par_1_71' title="bbox 2087 2699 3667 2773">
     <span class='ocr_line' id='line_1_71' title="bbox 2087 2699 3667 2773; baseline -0.004 -14"><span class='ocrx_word' id='word_1_548' title='bbox 2087 2703 2308 2773; x_wconf 77' lang='lat' dir='ltr'><strong>cognoui</strong></span> <span class='ocrx_word' id='word_1_549' title='bbox 2353 2702 2417 2757; x_wconf 85' lang='lat' dir='ltr'><strong>de</strong></span> <span class='ocrx_word' id='word_1_550' title='bbox 2463 2702 2779 2758; x_wconf 87' lang='lat' dir='ltr'><strong>testimoniis</strong></span> <span class='ocrx_word' id='word_1_551' title='bbox 2811 2702 2939 2768; x_wconf 87' lang='lat' dir='ltr'><strong>tuis,</strong></span> <span class='ocrx_word' id='word_1_552' title='bbox 2981 2702 3108 2772; x_wconf 87' lang='lat' dir='ltr'><strong>quia</strong></span> <span class='ocrx_word' id='word_1_553' title='bbox 3144 2701 3201 2755; x_wconf 87' lang='lat' dir='ltr'><strong>in</strong></span> <span class='ocrx_word' id='word_1_554' title='bbox 3231 2707 3487 2755; x_wconf 66' lang='lat' dir='ltr'><strong>internum</strong></span> <span class='ocrx_word' id='word_1_555' title='bbox 3528 2699 3667 2769; x_wconf 79' lang='lat' dir='ltr'><strong>{un-</strong></span> 
     </span>
    </p>
   </div>
   <div class='ocr_carea' id='block_1_72' title="bbox 2088 2791 2362 2848">
    <p class='ocr_par' dir='ltr' id='par_1_72' title="bbox 2088 2791 2362 2848">
     <span class='ocr_line' id='line_1_72' title="bbox 2088 2791 2362 2848; baseline 0.007 -3"><span class='ocrx_word' id='word_1_556' title='bbox 2088 2791 2235 2848; x_wconf 85' lang='lat' dir='ltr'><strong>dasti</strong></span> <span class='ocrx_word' id='word_1_557' title='bbox 2278 2808 2362 2848; x_wconf 83' lang='lat' dir='ltr'><strong>ea.</strong></span> 
     </span>
    </p>
   </div>
   <div class='ocr_carea' id='block_1_73' title="bbox 2168 2893 3667 2967">
    <p class='ocr_par' dir='ltr' id='par_1_73' title="bbox 2168 2893 3667 2967">
     <span class='ocr_line' id='line_1_73' title="bbox 2168 2893 3667 2967; baseline -0.003 -11"><span class='ocrx_word' id='word_1_558' title='bbox 2168 2901 2337 2959; x_wconf 74' lang='lat' dir='ltr'><strong>Vens.</strong></span> <span class='ocrx_word' id='word_1_559' title='bbox 2364 2901 2625 2957; x_wconf 75' lang='grc'><strong>155-156.</strong></span> <span class='ocrx_word' id='word_1_560' title='bbox 2692 2900 2821 2957; x_wconf 83' lang='lat' dir='ltr'><strong>Vide</strong></span> <span class='ocrx_word' id='word_1_561' title='bbox 2857 2900 3210 2956; x_wconf 75' lang='lat' dir='ltr'><strong>humilitatem</strong></span> <span class='ocrx_word' id='word_1_562' title='bbox 3243 2916 3414 2957; x_wconf 83' lang='lat' dir='ltr'><strong>meam</strong></span> <span class='ocrx_word' id='word_1_563' title='bbox 3450 2908 3500 2959; x_wconf 85' lang='lat' dir='ltr'><strong>et</strong></span> <span class='ocrx_word' id='word_1_564' title='bbox 3528 2893 3667 2967; x_wconf 74' lang='lat' dir='ltr'><strong>eripe</strong></span> 
     </span>
    </p>
   </div>
   <div class='ocr_carea' id='block_1_74' title="bbox 2094 2989 3667 3063">
    <p class='ocr_par' dir='ltr' id='par_1_74' title="bbox 2094 2989 3667 3063">
     <span class='ocr_line' id='line_1_74' title="bbox 2094 2989 3667 3063; baseline -0.003 -16"><span class='ocrx_word' id='word_1_565' title='bbox 2094 3010 2197 3057; x_wconf 87' lang='lat' dir='ltr'><strong>me,</strong></span> <span class='ocrx_word' id='word_1_566' title='bbox 2224 2994 2350 3063; x_wconf 83' lang='lat' dir='ltr'><strong>quia</strong></span> <span class='ocrx_word' id='word_1_567' title='bbox 2380 2992 2540 3063; x_wconf 83' lang='lat' dir='ltr'><strong>legem</strong></span> <span class='ocrx_word' id='word_1_568' title='bbox 2571 3003 2717 3047; x_wconf 88' lang='lat' dir='ltr'><strong>tuam</strong></span> <span class='ocrx_word' id='word_1_569' title='bbox 2750 3008 2855 3047; x_wconf 84' lang='lat' dir='ltr'><strong>non</strong></span> <span class='ocrx_word' id='word_1_570' title='bbox 2892 3008 3013 3047; x_wconf 88' lang='lat' dir='ltr'><strong>sum</strong></span> <span class='ocrx_word' id='word_1_571' title='bbox 3040 2991 3260 3046; x_wconf 89' lang='lat' dir='ltr'><strong>oblitus.</strong></span> <span class='ocrx_word' id='word_1_572' title='bbox 3292 2990 3489 3045; x_wconf 82' lang='lat' dir='ltr'><strong>Judica</strong></span> <span class='ocrx_word' id='word_1_573' title='bbox 3513 2989 3667 3058; x_wconf 78' lang='lat' dir='ltr'><strong>judi-</strong></span> 
     </span>
    </p>
   </div>
   <div class='ocr_carea' id='block_1_75' title="bbox 2089 3081 3666 3159">
    <p class='ocr_par' dir='ltr' id='par_1_75' title="bbox 2089 3081 3666 3159">
     <span class='ocr_line' id='line_1_75' title="bbox 2089 3081 3666 3159; baseline -0.001 -21"><span class='ocrx_word' id='word_1_574' title='bbox 2089 3085 2230 3138; x_wconf 84' lang='lat' dir='ltr'><strong>cium</strong></span> <span class='ocrx_word' id='word_1_575' title='bbox 2262 3099 2434 3138; x_wconf 88' lang='lat' dir='ltr'><strong>meum</strong></span> <span class='ocrx_word' id='word_1_576' title='bbox 2459 3092 2510 3138; x_wconf 85' lang='lat' dir='ltr'><strong>et</strong></span> <span class='ocrx_word' id='word_1_577' title='bbox 2538 3083 2736 3137; x_wconf 83' lang='lat' dir='ltr'><strong>redime</strong></span> <span class='ocrx_word' id='word_1_578' title='bbox 2762 3098 2864 3148; x_wconf 89' lang='lat' dir='ltr'><strong>me,</strong></span> <span class='ocrx_word' id='word_1_579' title='bbox 2915 3093 3127 3151; x_wconf 77' lang='lat' dir='ltr'><strong>propter</strong></span> <span class='ocrx_word' id='word_1_580' title='bbox 3161 3081 3374 3136; x_wconf 81' lang='lat' dir='ltr'><strong>verbum</strong></span> <span class='ocrx_word' id='word_1_581' title='bbox 3406 3092 3555 3159; x_wconf 67' lang='lat' dir='ltr'><strong>t’lum</strong></span> <span class='ocrx_word' id='word_1_582' title='bbox 3590 3084 3666 3136; x_wconf 76' lang='lat' dir='ltr'><strong>vi-</strong></span> 
     </span>
    </p>
   </div>
   <div class='ocr_carea' id='block_1_76' title="bbox 2089 3171 3667 3244">
    <p class='ocr_par' dir='ltr' id='par_1_76' title="bbox 2089 3171 3667 3244">
     <span class='ocr_line' id='line_1_76' title="bbox 2089 3171 3667 3244; baseline 0 -16"><span class='ocrx_word' id='word_1_583' title='bbox 2089 3175 2245 3243; x_wconf 76' lang='lat' dir='ltr'><strong>viﬁca</strong></span> <span class='ocrx_word' id='word_1_584' title='bbox 2291 3189 2391 3228; x_wconf 80' lang='lat' dir='ltr'><strong>me.</strong></span> <span class='ocrx_word' id='word_1_585' title='bbox 2419 3171 2634 3228; x_wconf 77' lang='lat' dir='ltr'><strong>Contra</strong></span> <span class='ocrx_word' id='word_1_586' title='bbox 2665 3171 2919 3228; x_wconf 88' lang='lat' dir='ltr'><strong>inimicos</strong></span> <span class='ocrx_word' id='word_1_587' title='bbox 2962 3171 3049 3227; x_wconf 82' lang='lat' dir='ltr'><strong>vel</strong></span> <span class='ocrx_word' id='word_1_588' title='bbox 3083 3171 3225 3226; x_wconf 86' lang='lat' dir='ltr'><strong>clam</strong></span> <span class='ocrx_word' id='word_1_589' title='bbox 3273 3172 3355 3227; x_wconf 84' lang='lat' dir='ltr'><strong>vel</strong></span> <span class='ocrx_word' id='word_1_590' title='bbox 3391 3172 3572 3244; x_wconf 87' lang='lat' dir='ltr'><strong>palam</strong></span> <span class='ocrx_word' id='word_1_591' title='bbox 3605 3185 3667 3228; x_wconf 87' lang='lat' dir='ltr'><strong>se</strong></span> 
     </span>
    </p>
   </div>
   <div class='ocr_carea' id='block_1_77' title="bbox 2088 3260 3662 3335">
    <p class='ocr_par' dir='ltr' id='par_1_77' title="bbox 2088 3260 3662 3335">
     <span class='ocr_line' id='line_1_77' title="bbox 2088 3260 3662 3335; baseline -0.002 -15"><span class='ocrx_word' id='word_1_592' title='bbox 2088 3270 2470 3335; x_wconf 77' lang='lat' dir='ltr'><strong>oppugnantes</strong></span> <span class='ocrx_word' id='word_1_593' title='bbox 2491 3260 2763 3331; x_wconf 77' lang='lat' dir='ltr'><strong>judicium</strong></span> <span class='ocrx_word' id='word_1_594' title='bbox 2797 3260 2950 3324; x_wconf 79' lang='lat' dir='ltr'><strong>ferri,</strong></span> <span class='ocrx_word' id='word_1_595' title='bbox 2981 3267 3036 3316; x_wconf 88' lang='lat' dir='ltr'><strong>et</strong></span> <span class='ocrx_word' id='word_1_596' title='bbox 3064 3260 3287 3315; x_wconf 87' lang='lat' dir='ltr'><strong>liberari</strong></span> <span class='ocrx_word' id='word_1_597' title='bbox 3316 3276 3376 3316; x_wconf 74' lang='lat' dir='ltr'><strong>se</strong></span> <span class='ocrx_word' id='word_1_598' title='bbox 3400 3261 3662 3331; x_wconf 83' lang='lat' dir='ltr'><strong>postulat.</strong></span> 
     </span>
    </p>
   </div>
   <div class='ocr_carea' id='block_1_78' title="bbox 2094 3340 3664 3425">
    <p class='ocr_par' dir='ltr' id='par_1_78' title="bbox 2094 3340 3664 3425">
     <span class='ocr_line' id='line_1_78' title="bbox 2094 3340 3664 3425; baseline -0.003 -14"><span class='ocrx_word' id='word_1_599' title='bbox 2094 3355 2259 3411; x_wconf 88' lang='lat' dir='ltr'><strong>Solus</strong></span> <span class='ocrx_word' id='word_1_600' title='bbox 2289 3370 2528 3425; x_wconf 85' lang='lat' dir='ltr'><strong>namque</strong></span> <span class='ocrx_word' id='word_1_601' title='bbox 2558 3353 2704 3411; x_wconf 86' lang='lat' dir='ltr'><strong>Deus</strong></span> <span class='ocrx_word' id='word_1_602' title='bbox 2726 3361 2832 3419; x_wconf 85' lang='lat' dir='ltr'><strong>est,</strong></span> <span class='ocrx_word' id='word_1_603' title='bbox 2863 3353 2960 3423; x_wconf 87' lang='lat' dir='ltr'><strong>qui</strong></span> <span class='ocrx_word' id='word_1_604' title='bbox 3006 3351 3076 3407; x_wconf 87' lang='lat' dir='ltr'><strong>ab</strong></span> <span class='ocrx_word' id='word_1_605' title='bbox 3112 3340 3359 3422; x_wconf 79' lang='lat' dir='ltr'><strong>utrisque</strong></span> <span class='ocrx_word' id='word_1_606' title='bbox 3406 3352 3664 3420; x_wconf 84' lang='lat' dir='ltr'><strong>redimit;</strong></span> 
     </span>
    </p>
   </div>
   <div class='ocr_carea' id='block_1_79' title="bbox 2089 3443 3667 3514">
    <p class='ocr_par' dir='ltr' id='par_1_79' title="bbox 2089 3443 3667 3514">
     <span class='ocr_line' id='line_1_79' title="bbox 2089 3443 3667 3514; baseline -0.003 -10"><span class='ocrx_word' id='word_1_607' title='bbox 2089 3455 2144 3505; x_wconf 88' lang='lat' dir='ltr'><strong>et</strong></span> <span class='ocrx_word' id='word_1_608' title='bbox 2174 3462 2284 3503; x_wconf 88' lang='lat' dir='ltr'><strong>non</strong></span> <span class='ocrx_word' id='word_1_609' title='bbox 2312 3461 2345 3501; x_wconf 89' lang='lat' dir='ltr'><strong>a</strong></span> <span class='ocrx_word' id='word_1_610' title='bbox 2377 3453 2555 3502; x_wconf 81' lang='lat' dir='ltr'><strong>morte</strong></span> <span class='ocrx_word' id='word_1_611' title='bbox 2578 3444 2765 3501; x_wconf 78' lang='lat' dir='ltr'><strong>solum</strong></span> <span class='ocrx_word' id='word_1_612' title='bbox 2810 3459 2913 3500; x_wconf 88' lang='lat' dir='ltr'><strong>nos</strong></span> <span class='ocrx_word' id='word_1_613' title='bbox 2942 3443 3159 3507; x_wconf 83' lang='lat' dir='ltr'><strong>liberat,</strong></span> <span class='ocrx_word' id='word_1_614' title='bbox 3197 3458 3361 3514; x_wconf 86' lang='lat' dir='ltr'><strong>quam</strong></span> <span class='ocrx_word' id='word_1_615' title='bbox 3388 3444 3667 3499; x_wconf 68' lang='lat' dir='ltr'><strong>daemones</strong></span> 
     </span>
    </p>
   </div>
   <div class='ocr_carea' id='block_1_80' title="bbox 2089 3531 3664 3601">
    <p class='ocr_par' dir='ltr' id='par_1_80' title="bbox 2089 3531 3664 3601">
     <span class='ocr_line' id='line_1_80' title="bbox 2089 3531 3664 3601; baseline -0.003 -11"><span class='ocrx_word' id='word_1_616' title='bbox 2089 3536 2370 3591; x_wconf 87' lang='lat' dir='ltr'><strong>minantur</strong></span> <span class='ocrx_word' id='word_1_617' title='bbox 2404 3542 2462 3590; x_wconf 92' lang='lat' dir='ltr'><strong>et</strong></span> <span class='ocrx_word' id='word_1_618' title='bbox 2514 3533 2777 3601; x_wconf 78' lang='lat' dir='ltr'><strong>inierunt,</strong></span> <span class='ocrx_word' id='word_1_619' title='bbox 2825 3546 3017 3588; x_wconf 79' lang='lat' dir='ltr'><strong>verum</strong></span> <span class='ocrx_word' id='word_1_620' title='bbox 3069 3531 3234 3586; x_wconf 90' lang='lat' dir='ltr'><strong>etiam</strong></span> <span class='ocrx_word' id='word_1_621' title='bbox 3279 3531 3353 3587; x_wconf 86' lang='lat' dir='ltr'><strong>ob</strong></span> <span class='ocrx_word' id='word_1_622' title='bbox 3416 3531 3664 3587; x_wconf 82' lang='lat' dir='ltr'><strong>eamdem</strong></span> 
     </span>
    </p>
   </div>
   <div class='ocr_carea' id='block_1_81' title="bbox 2088 3610 3660 3692">
    <p class='ocr_par' dir='ltr' id='par_1_81' title="bbox 2088 3610 3660 3692">
     <span class='ocr_line' id='line_1_81' title="bbox 2088 3610 3660 3692; baseline -0.004 -13"><span class='ocrx_word' id='word_1_623' title='bbox 2088 3626 2359 3681; x_wconf 86' lang='lat' dir='ltr'><strong>rationem</strong></span> <span class='ocrx_word' id='word_1_624' title='bbox 2389 3623 2557 3677; x_wconf 84' lang='lat' dir='ltr'><strong>vitam</strong></span> <span class='ocrx_word' id='word_1_625' title='bbox 2588 3610 2822 3692; x_wconf 67' lang='lat' dir='ltr'><strong>praebet.</strong></span> <span class='ocrx_word' id='word_1_626' title='bbox 2840 3619 3016 3690; x_wconf 85' lang='lat' dir='ltr'><strong>Longe</strong></span> <span class='ocrx_word' id='word_1_627' title='bbox 3041 3634 3074 3673; x_wconf 89' lang='lat' dir='ltr'><strong>a</strong></span> <span class='ocrx_word' id='word_1_628' title='bbox 3103 3619 3467 3688; x_wconf 85' lang='lat' dir='ltr'><strong>peccatoribus</strong></span> <span class='ocrx_word' id='word_1_629' title='bbox 3489 3620 3660 3683; x_wconf 87' lang='lat' dir='ltr'><strong>salus,</strong></span> 
     </span>
    </p>
   </div>
   <div class='ocr_carea' id='block_1_82' title="bbox 2086 3701 3668 3788">
    <p class='ocr_par' dir='ltr' id='par_1_82' title="bbox 2086 3701 3668 3788">
     <span class='ocr_line' id='line_1_82' title="bbox 2086 3701 3668 3788; baseline -0.004 -19"><span class='ocrx_word' id='word_1_630' title='bbox 2086 3717 2215 3788; x_wconf 77' lang='lat' dir='ltr'><strong>quia</strong></span> <span class='ocrx_word' id='word_1_631' title='bbox 2251 3715 2664 3786; x_wconf 72' lang='lat' dir='ltr'><strong>iustiﬁcationes</strong></span> <span class='ocrx_word' id='word_1_632' title='bbox 2711 3722 2832 3766; x_wconf 86' lang='lat' dir='ltr'><strong>tuas</strong></span> <span class='ocrx_word' id='word_1_633' title='bbox 2881 3727 2985 3766; x_wconf 80' lang='lat' dir='ltr'><strong>non</strong></span> <span class='ocrx_word' id='word_1_634' title='bbox 3024 3701 3403 3781; x_wconf 69' lang='lat' dir='ltr'><strong>exquisierunt.</strong></span> <span class='ocrx_word' id='word_1_635' title='bbox 3457 3709 3668 3765; x_wconf 61' lang='lat' dir='ltr'><strong>Miseri:</strong></span> 
     </span>
    </p>
   </div>
   <div class='ocr_carea' id='block_1_83' title="bbox 2088 3800 3665 3870">
    <p class='ocr_par' dir='ltr' id='par_1_83' title="bbox 2088 3800 3665 3870">
     <span class='ocr_line' id='line_1_83' title="bbox 2088 3800 3665 3870; baseline -0.005 -8"><span class='ocrx_word' id='word_1_636' title='bbox 2088 3806 2283 3862; x_wconf 59' lang='lat' dir='ltr'><strong>cordia!</strong></span> <span class='ocrx_word' id='word_1_637' title='bbox 2336 3814 2446 3860; x_wconf 78' lang='lat' dir='ltr'><strong>tute</strong></span> <span class='ocrx_word' id='word_1_638' title='bbox 2494 3804 2698 3868; x_wconf 66' lang='lat' dir='ltr'><strong>multae,</strong></span> <span class='ocrx_word' id='word_1_639' title='bbox 2758 3801 3011 3868; x_wconf 79' lang='lat' dir='ltr'><strong>Domine,</strong></span> <span class='ocrx_word' id='word_1_640' title='bbox 3070 3801 3358 3856; x_wconf 84' lang='lat' dir='ltr'><strong>secundum</strong></span> <span class='ocrx_word' id='word_1_641' title='bbox 3398 3800 3665 3870; x_wconf 83' lang='lat' dir='ltr'><strong>judicium</strong></span> 
     </span>
    </p>
   </div>
   <div class='ocr_carea' id='block_1_84' title="bbox 2090 3886 3665 3963">
    <p class='ocr_par' dir='ltr' id='par_1_84' title="bbox 2090 3886 3665 3963">
     <span class='ocr_line' id='line_1_84' title="bbox 2090 3886 3665 3963; baseline -0.005 -13"><span class='ocrx_word' id='word_1_642' title='bbox 2090 3906 2238 3951; x_wconf 88' lang='lat' dir='ltr'><strong>tuum</strong></span> <span class='ocrx_word' id='word_1_643' title='bbox 2285 3894 2495 3963; x_wconf 79' lang='lat' dir='ltr'><strong>cim&#39;ﬁca</strong></span> <span class='ocrx_word' id='word_1_644' title='bbox 2530 3909 2633 3947; x_wconf 81' lang='lat' dir='ltr'><strong>me.</strong></span> <span class='ocrx_word' id='word_1_645' title='bbox 2677 3888 3052 3947; x_wconf 75' lang='lat' dir='ltr'><strong>Misericordia</strong></span> <span class='ocrx_word' id='word_1_646' title='bbox 3092 3889 3332 3945; x_wconf 78' lang='lat' dir='ltr'><strong>hominis</strong></span> <span class='ocrx_word' id='word_1_647' title='bbox 3367 3888 3426 3944; x_wconf 87' lang='lat' dir='ltr'><strong>in</strong></span> <span class='ocrx_word' id='word_1_648' title='bbox 3472 3886 3665 3958; x_wconf 70' lang='lat' dir='ltr'><strong>prcsi~</strong></span> 
     </span>
    </p>
   </div>
   <div class='ocr_carea' id='block_1_85' title="bbox 2090 3977 3665 4050">
    <p class='ocr_par' dir='ltr' id='par_1_85' title="bbox 2090 3977 3665 4050">
     <span class='ocr_line' id='line_1_85' title="bbox 2090 3977 3665 4050; baseline -0.006 -10"><span class='ocrx_word' id='word_1_649' title='bbox 2090 4001 2239 4040; x_wconf 88' lang='lat' dir='ltr'><strong>mum</strong></span> <span class='ocrx_word' id='word_1_650' title='bbox 2272 3999 2435 4042; x_wconf 87' lang='lat' dir='ltr'><strong>suum</strong></span> <span class='ocrx_word' id='word_1_651' title='bbox 2468 3990 2592 4050; x_wconf 91' lang='lat' dir='ltr'><strong>est;</strong></span> <span class='ocrx_word' id='word_1_652' title='bbox 2632 3979 3017 4038; x_wconf 86' lang='lat' dir='ltr'><strong>misericordia</strong></span> <span class='ocrx_word' id='word_1_653' title='bbox 3055 3992 3190 4035; x_wconf 82' lang='lat' dir='ltr'><strong>vero</strong></span> <span class='ocrx_word' id='word_1_654' title='bbox 3217 3977 3315 4036; x_wconf 88' lang='lat' dir='ltr'><strong>Dei</strong></span> <span class='ocrx_word' id='word_1_655' title='bbox 3361 3978 3419 4033; x_wconf 91' lang='lat' dir='ltr'><strong>in</strong></span> <span class='ocrx_word' id='word_1_656' title='bbox 3445 3991 3665 4033; x_wconf 87' lang='lat' dir='ltr'><strong>omnem</strong></span> 
     </span>
    </p>
   </div>
   <div class='ocr_carea' id='block_1_86' title="bbox 2089 4065 3667 4142">
    <p class='ocr_par' dir='ltr' id='par_1_86' title="bbox 2089 4065 3667 4142">
     <span class='ocr_line' id='line_1_86' title="bbox 2089 4065 3667 4142; baseline -0.006 -12"><span class='ocrx_word' id='word_1_657' title='bbox 2089 4088 2336 4139; x_wconf 81' lang='lat' dir='ltr'><strong>carnem,</strong></span> <span class='ocrx_word' id='word_1_658' title='bbox 2364 4073 2459 4142; x_wconf 87' lang='lat' dir='ltr'><strong>qui</strong></span> <span class='ocrx_word' id='word_1_659' title='bbox 2481 4073 2647 4127; x_wconf 87' lang='lat' dir='ltr'><strong>etiam</strong></span> <span class='ocrx_word' id='word_1_660' title='bbox 2670 4073 2830 4140; x_wconf 76' lang='lat' dir='ltr'><strong>longe</strong></span> <span class='ocrx_word' id='word_1_661' title='bbox 2855 4068 3200 4140; x_wconf 69' lang='lat' dir='ltr'><strong>iustissimus</strong></span> <span class='ocrx_word' id='word_1_662' title='bbox 3219 4074 3326 4124; x_wconf 85' lang='lat' dir='ltr'><strong>est.</strong></span> <span class='ocrx_word' id='word_1_663' title='bbox 3354 4065 3490 4120; x_wconf 81' lang='lat' dir='ltr'><strong>Nam</strong></span> <span class='ocrx_word' id='word_1_664' title='bbox 3515 4080 3667 4121; x_wconf 84' lang='lat' dir='ltr'><strong>com-</strong></span> 
     </span>
    </p>
   </div>
   <div class='ocr_carea' id='block_1_87' title="bbox 2093 4154 3666 4237">
    <p class='ocr_par' dir='ltr' id='par_1_87' title="bbox 2093 4154 3666 4237">
     <span class='ocr_line' id='line_1_87' title="bbox 2093 4154 3666 4237; baseline -0.007 -18"><span class='ocrx_word' id='word_1_665' title='bbox 2093 4164 2381 4237; x_wconf 84' lang='lat' dir='ltr'><strong>paratione</strong></span> <span class='ocrx_word' id='word_1_666' title='bbox 2410 4162 2695 4217; x_wconf 85' lang='lat' dir='ltr'><strong>hominum</strong></span> <span class='ocrx_word' id='word_1_667' title='bbox 2740 4159 2884 4214; x_wconf 80' lang='lat' dir='ltr'><strong>facta</strong></span> <span class='ocrx_word' id='word_1_668' title='bbox 2919 4159 2989 4213; x_wconf 90' lang='lat' dir='ltr'><strong>ad</strong></span> <span class='ocrx_word' id='word_1_669' title='bbox 3023 4163 3343 4213; x_wconf 87' lang='lat' dir='ltr'><strong>accuratum</strong></span> <span class='ocrx_word' id='word_1_670' title='bbox 3384 4154 3480 4210; x_wconf 83' lang='lat' dir='ltr'><strong>Dei</strong></span> <span class='ocrx_word' id='word_1_671' title='bbox 3515 4154 3666 4224; x_wconf 88' lang='lat' dir='ltr'><strong>judi-</strong></span> 
     </span>
    </p>
   </div>
   <div class='ocr_carea' id='block_1_88' title="bbox 412 4243 1986 4347">
    <p class='ocr_par' dir='ltr' id='par_1_88' title="bbox 412 4243 1986 4343">
     <span class='ocr_line' id='line_1_88' title="bbox 412 4243 1986 4343; baseline -0.01 -14"><span class='ocrx_word' id='word_1_672' title='bbox 412 4243 585 4329; x_wconf 66' lang='grc' dir='ltr'>καιον.</span> <span class='ocrx_word' id='word_1_673' title='bbox 618 4243 735 4327; x_wconf 61' lang='lat' dir='ltr'><strong>inv</strong></span> <span class='ocrx_word' id='word_1_674' title='bbox 782 4243 910 4343; x_wconf 40' lang='lat' dir='ltr'><strong>kap&#39;</strong></span> <span class='ocrx_word' id='word_1_675' title='bbox 934 4243 989 4322; x_wconf 43' lang='grc' dir='ltr'>δ’</span> <span class='ocrx_word' id='word_1_676' title='bbox 1016 4270 1162 4322; x_wconf 83' lang='grc' dir='ltr'>δοκεῖ</span> <span class='ocrx_word' id='word_1_677' title='bbox 1192 4269 1469 4339; x_wconf 83' lang='grc' dir='ltr'>γεγονέναι</span> <span class='ocrx_word' id='word_1_678' title='bbox 1497 4265 1617 4320; x_wconf 86' lang='grc' dir='ltr'>κατ’</span> <span class='ocrx_word' id='word_1_679' title='bbox 1646 4264 1811 4328; x_wconf 69' lang='grc' dir='ltr'>ἔλεον,</span> <span class='ocrx_word' id='word_1_680' title='bbox 1849 4260 1986 4331; x_wconf 71' lang='grc' dir='ltr'><strong>ἐλέῳ</strong></span> 
     </span>
    </p>
   </div>
   <div class='ocr_carea' id='block_1_89' title="bbox 2088 4243 3667 4347">
    <p class='ocr_par' dir='ltr' id='par_1_89' title="bbox 2093 4243 3667 4317">
     <span class='ocr_line' id='line_1_89' title="bbox 2093 4243 3667 4317; baseline -0.004 -11"><span class='ocrx_word' id='word_1_681' title='bbox 2093 4252 2282 4313; x_wconf 85' lang='lat' dir='ltr'><strong>cium,</strong></span> <span class='ocrx_word' id='word_1_682' title='bbox 2324 4248 2541 4317; x_wconf 77' lang='lat' dir='ltr'><strong>iustitia</strong></span> <span class='ocrx_word' id='word_1_683' title='bbox 2595 4246 2977 4302; x_wconf 87' lang='lat' dir='ltr'><strong>misericordia</strong></span> <span class='ocrx_word' id='word_1_684' title='bbox 3022 4245 3249 4316; x_wconf 70' lang='lat' dir='ltr'><strong>indiget.</strong></span> <span class='ocrx_word' id='word_1_685' title='bbox 3294 4243 3667 4313; x_wconf 80' lang='lat' dir='ltr'><strong>Quodcunque</strong></span> 
     </span>
    </p>
   </div>
   <div class='ocr_carea' id='block_1_90' title="bbox 412 4352 1985 4431">
    <p class='ocr_par' dir='ltr' id='par_1_90' title="bbox 412 4352 1985 4431">
     <span class='ocr_line' id='line_1_90' title="bbox 412 4352 1985 4431; baseline -0.01 -14"><span class='ocrx_word' id='word_1_686' title='bbox 412 4363 548 4417; x_wconf 88' lang='grc' dir='ltr'>Θεοῦ</span> <span class='ocrx_word' id='word_1_687' title='bbox 577 4362 804 4431; x_wconf 85' lang='grc' dir='ltr'>γίνεται.</span> <span class='ocrx_word' id='word_1_688' title='bbox 830 4360 896 4413; x_wconf 84' lang='grc' dir='ltr'>Τί</span> <span class='ocrx_word' id='word_1_689' title='bbox 915 4359 1025 4429; x_wconf 81' lang='grc' dir='ltr'><strong>γάρ</strong></span> <span class='ocrx_word' id='word_1_690' title='bbox 1051 4374 1135 4421; x_wconf 91' lang='grc' dir='ltr'><strong>τις</strong></span> <span class='ocrx_word' id='word_1_691' title='bbox 1166 4357 1311 4424; x_wconf 76' lang='grc' dir='ltr'>ἀξιον</span> <span class='ocrx_word' id='word_1_692' title='bbox 1338 4355 1603 4427; x_wconf 82' lang='grc' dir='ltr'>πεποίηκε</span> <span class='ocrx_word' id='word_1_693' title='bbox 1632 4352 1849 4407; x_wconf 86' lang='grc' dir='ltr'>αίωνίου</span> <span class='ocrx_word' id='word_1_694' title='bbox 1880 4364 1985 4421; x_wconf 85' lang='grc' dir='ltr'>μα-</span> 
     </span>
    </p>
   </div>
   <div class='ocr_carea' id='block_1_91' title="bbox 414 4439 1989 4523">
    <p class='ocr_par' dir='ltr' id='par_1_91' title="bbox 414 4439 1989 4523">
     <span class='ocr_line' id='line_1_91' title="bbox 414 4439 1989 4523; baseline -0.01 -16"><span class='ocrx_word' id='word_1_695' title='bbox 414 4453 734 4523; x_wconf 81' lang='grc' dir='ltr'>καριότητος</span> <span class='ocrx_word' id='word_1_696' title='bbox 770 4451 865 4504; x_wconf 72' lang='grc' dir='ltr'>καὶ</span> <span class='ocrx_word' id='word_1_697' title='bbox 895 4446 1168 4519; x_wconf 83' lang='grc' dir='ltr'>βασιλείας</span> <span class='ocrx_word' id='word_1_698' title='bbox 1188 4446 1446 4516; x_wconf 80' lang='grc' dir='ltr'>οὐρανῶν,</span> <span class='ocrx_word' id='word_1_699' title='bbox 1478 4447 1553 4517; x_wconf 82' lang='grc' dir='ltr'>μὴ</span> <span class='ocrx_word' id='word_1_700' title='bbox 1583 4444 1688 4498; x_wconf 73' lang='grc' dir='ltr'><strong>ὑπὸ</strong></span> <span class='ocrx_word' id='word_1_701' title='bbox 1710 4440 1844 4496; x_wconf 91' lang='grc' dir='ltr'>Θεοῦ</span> <span class='ocrx_word' id='word_1_702' title='bbox 1870 4439 1989 4510; x_wconf 78' lang='grc' dir='ltr'>βοη-</span> 
     </span>
    </p>
   </div>
   <div class='ocr_carea' id='block_1_92' title="bbox 414 4528 1987 4613">
    <p class='ocr_par' dir='ltr' id='par_1_92' title="bbox 414 4528 1987 4613">
     <span class='ocr_line' id='line_1_92' title="bbox 414 4528 1987 4613; baseline -0.009 -16"><span class='ocrx_word' id='word_1_703' title='bbox 414 4542 506 4598; x_wconf 82' lang='grc' dir='ltr'>θού</span> <span class='ocrx_word' id='word_1_704' title='bbox 513 4559 670 4613; x_wconf 88' lang='grc' dir='ltr'>μενος</span> <span class='ocrx_word' id='word_1_705' title='bbox 684 4538 994 4607; x_wconf 75' lang='grc' dir='ltr'>ς-Πολλοὶ</span> <span class='ocrx_word' id='word_1_706' title='bbox 1012 4540 1065 4591; x_wconf 83' lang='lat' dir='ltr'><strong>ol</strong></span> <span class='ocrx_word' id='word_1_707' title='bbox 1085 4535 1464 4601; x_wconf 75' lang='grc' dir='ltr'>ἐκδιώκοντές</span> <span class='ocrx_word' id='word_1_708' title='bbox 1473 4553 1549 4604; x_wconf 81' lang='grc' dir='ltr'><strong>με</strong></span> <span class='ocrx_word' id='word_1_709' title='bbox 1570 4534 1665 4589; x_wconf 73' lang='grc' dir='ltr'>καὶ</span> <span class='ocrx_word' id='word_1_710' title='bbox 1683 4528 1987 4595; x_wconf 74' lang='grc' dir='ltr'>θλίϐοντές</span> 
     </span>
    </p>
   </div>
   <div class='ocr_carea' id='block_1_93' title="bbox 408 4617 1987 4702">
    <p class='ocr_par' dir='ltr' id='par_1_93' title="bbox 408 4617 1987 4702">
     <span class='ocr_line' id='line_1_93' title="bbox 408 4617 1987 4702; baseline -0.008 -16"><span class='ocrx_word' id='word_1_711' title='bbox 408 4650 507 4702; x_wconf 78' lang='grc' dir='ltr'><strong>με,</strong></span> <span class='ocrx_word' id='word_1_712' title='bbox 541 4632 611 4685; x_wconf 83' lang='grc' dir='ltr'>ἐκ</span> <span class='ocrx_word' id='word_1_713' title='bbox 640 4630 759 4691; x_wconf 76' lang='grc' dir='ltr'><strong>τῶν</strong></span> <span class='ocrx_word' id='word_1_714' title='bbox 786 4628 1128 4699; x_wconf 79' lang='grc' dir='ltr'>μαρτυρίων</span> <span class='ocrx_word' id='word_1_715' title='bbox 1179 4641 1296 4680; x_wconf 89' lang='grc' dir='ltr'><strong>σου</strong></span> <span class='ocrx_word' id='word_1_716' title='bbox 1331 4627 1441 4679; x_wconf 85' lang='grc' dir='ltr'>οὐκ</span> <span class='ocrx_word' id='word_1_717' title='bbox 1479 4625 1778 4689; x_wconf 78' lang='grc' dir='ltr'>ἐξέκλινα.</span> <span class='ocrx_word' id='word_1_718' title='bbox 1806 4617 1987 4675; x_wconf 74' lang='grc' dir='ltr'>Εἶδον</span> 
     </span>
    </p>
   </div>
   <div class='ocr_carea' id='block_1_94' title="bbox 413 4708 1989 4784">
    <p class='ocr_par' dir='ltr' id='par_1_94' title="bbox 413 4708 1989 4784">
     <span class='ocr_line' id='line_1_94' title="bbox 413 4708 1989 4784; baseline -0.007 -10"><span class='ocrx_word' id='word_1_719' title='bbox 413 4717 860 4784; x_wconf 74' lang='grc' dir='ltr'>ἀσυνετοῦντας</span> <span class='ocrx_word' id='word_1_720' title='bbox 914 4716 1014 4769; x_wconf 72' lang='grc' dir='ltr'>καὶ</span> <span class='ocrx_word' id='word_1_721' title='bbox 1082 4713 1470 4781; x_wconf 74' lang='grc' dir='ltr'>ἐξετηκόμην,</span> <span class='ocrx_word' id='word_1_722' title='bbox 1514 4713 1603 4766; x_wconf 87' lang='grc' dir='ltr'>ὅτι</span> <span class='ocrx_word' id='word_1_723' title='bbox 1678 4713 1752 4767; x_wconf 79' lang='grc' dir='ltr'>τὰ</span> <span class='ocrx_word' id='word_1_724' title='bbox 1814 4708 1989 4778; x_wconf 73' lang='grc' dir='ltr'>λόγια</span> 
     </span>
    </p>
   </div>
   <div class='ocr_carea' id='block_1_95' title="bbox 413 4786 1988 4876">
    <p class='ocr_par' dir='ltr' id='par_1_95' title="bbox 413 4786 1988 4876">
     <span class='ocr_line' id='line_1_95' title="bbox 413 4786 1988 4876; baseline -0.005 -15"><span class='ocrx_word' id='word_1_725' title='bbox 413 4824 531 4862; x_wconf 86' lang='grc' dir='ltr'>σου</span> <span class='ocrx_word' id='word_1_726' title='bbox 561 4810 674 4861; x_wconf 84' lang='grc' dir='ltr'>οὐκ</span> <span class='ocrx_word' id='word_1_727' title='bbox 708 4803 1255 4876; x_wconf 74' lang='grc' dir='ltr'>ἐφυλάξαντο.”ιδε,</span> <span class='ocrx_word' id='word_1_728' title='bbox 1299 4802 1390 4856; x_wconf 85' lang='grc' dir='ltr'>ὅτι</span> <span class='ocrx_word' id='word_1_729' title='bbox 1436 4804 1543 4867; x_wconf 86' lang='grc' dir='ltr'>τὰς</span> <span class='ocrx_word' id='word_1_730' title='bbox 1580 4800 1831 4867; x_wconf 74' lang='grc' dir='ltr'>ἐντολάς</span> <span class='ocrx_word' id='word_1_731' title='bbox 1870 4786 1988 4854; x_wconf 87' lang='grc' dir='ltr'>σου</span> 
     </span>
    </p>
   </div>
   <div class='ocr_carea' id='block_1_96' title="bbox 411 4882 1986 4959">
    <p class='ocr_par' dir='ltr' id='par_1_96' title="bbox 411 4882 1986 4959">
     <span class='ocr_line' id='line_1_96' title="bbox 411 4882 1986 4959; baseline -0.002 -16"><span class='ocrx_word' id='word_1_732' title='bbox 411 4888 719 4959; x_wconf 71' lang='grc' dir='ltr'>ἠγάπησα,</span> <span class='ocrx_word' id='word_1_733' title='bbox 740 4890 937 4957; x_wconf 81' lang='grc' dir='ltr'>Κύριε,</span> <span class='ocrx_word' id='word_1_734' title='bbox 962 4889 1033 4941; x_wconf 74' lang='grc' dir='ltr'><strong>ἐν</strong></span> <span class='ocrx_word' id='word_1_735' title='bbox 1054 4888 1136 4954; x_wconf 86' lang='grc' dir='ltr'>τῷ</span> <span class='ocrx_word' id='word_1_736' title='bbox 1162 4887 1320 4941; x_wconf 81' lang='grc' dir='ltr'>ἐλέει</span> <span class='ocrx_word' id='word_1_737' title='bbox 1351 4899 1467 4940; x_wconf 90' lang='grc' dir='ltr'><strong>σου</strong></span> <span class='ocrx_word' id='word_1_738' title='bbox 1500 4884 1683 4955; x_wconf 63' lang='lat'><strong>(71069-</strong></span> <span class='ocrx_word' id='word_1_739' title='bbox 1703 4901 1797 4954; x_wconf 82' lang='grc' dir='ltr'>με.</span> <span class='ocrx_word' id='word_1_740' title='bbox 1815 4882 1986 4952; x_wconf 80' lang='grc' dir='ltr'><strong>Ἆρχὴ</strong></span> 
     </span>
    </p>
   </div>
   <div class='ocr_carea' id='block_1_97' title="bbox 413 4974 1990 5047">
    <p class='ocr_par' dir='ltr' id='par_1_97' title="bbox 413 4974 1990 5047">
     <span class='ocr_line' id='line_1_97' title="bbox 413 4974 1990 5047; baseline -0.002 -16"><span class='ocrx_word' id='word_1_741' title='bbox 413 4978 533 5032; x_wconf 70' lang='grc' dir='ltr'><strong>τῶν</strong></span> <span class='ocrx_word' id='word_1_742' title='bbox 559 4980 757 5047; x_wconf 76' lang='grc' dir='ltr'>λόγων</span> <span class='ocrx_word' id='word_1_743' title='bbox 783 4993 902 5033; x_wconf 89' lang='grc' dir='ltr'>σου</span> <span class='ocrx_word' id='word_1_744' title='bbox 929 4977 1181 5044; x_wconf 77' lang='grc' dir='ltr'>ἀλήθεια</span> <span class='ocrx_word' id='word_1_745' title='bbox 1197 4994 1211 5009; x_wconf 90' lang='grc'><strong>·</strong></span> <span class='ocrx_word' id='word_1_746' title='bbox 1247 4976 1346 5031; x_wconf 76' lang='grc' dir='ltr'>καὶ</span> <span class='ocrx_word' id='word_1_747' title='bbox 1374 4979 1461 5043; x_wconf 83' lang='grc' dir='ltr'>εἱς</span> <span class='ocrx_word' id='word_1_748' title='bbox 1485 4977 1593 5031; x_wconf 78' lang='grc' dir='ltr'><strong>τὸν</strong></span> <span class='ocrx_word' id='word_1_749' title='bbox 1619 4975 1805 5034; x_wconf 68' lang='grc' dir='ltr'>αἰῶνα</span> <span class='ocrx_word' id='word_1_750' title='bbox 1841 4974 1990 5029; x_wconf 75' lang='grc' dir='ltr'><strong>πόν-</strong></span> 
     </span>
    </p>
   </div>
   <div class='ocr_carea' id='block_1_98' title="bbox 375 5068 1577 5139">
    <p class='ocr_par' dir='ltr' id='par_1_98' title="bbox 375 5068 1577 5139">
     <span class='ocr_line' id='line_1_98' title="bbox 375 5068 1577 5139; baseline -0.001 -18"><span class='ocrx_word' id='word_1_751' title='bbox 375 5074 381 5079; x_wconf 74' lang='grc'><strong>”</strong></span> <span class='ocrx_word' id='word_1_752' title='bbox 414 5085 488 5122; x_wconf 85' lang='grc' dir='ltr'><strong>τα</strong></span> <span class='ocrx_word' id='word_1_753' title='bbox 507 5068 581 5122; x_wconf 82' lang='grc' dir='ltr'>τὰ</span> <span class='ocrx_word' id='word_1_754' title='bbox 610 5069 861 5139; x_wconf 83' lang='grc' dir='ltr'>κρίματα</span> <span class='ocrx_word' id='word_1_755' title='bbox 888 5068 999 5137; x_wconf 81' lang='grc' dir='ltr'>τῆς</span> <span class='ocrx_word' id='word_1_756' title='bbox 1025 5069 1415 5136; x_wconf 75' lang='grc' dir='ltr'>δικαιοσύνης</span> <span class='ocrx_word' id='word_1_757' title='bbox 1441 5082 1577 5123; x_wconf 88' lang='grc' dir='ltr'>σου.</span> 
     </span>
    </p>
   </div>
   <div class='ocr_carea' id='block_1_99' title="bbox 487 5262 1989 5333">
    <p class='ocr_par' dir='ltr' id='par_1_99' title="bbox 487 5262 1989 5333">
     <span class='ocr_line' id='line_1_99' title="bbox 487 5262 1989 5333; baseline 0.001 -15"><span class='ocrx_word' id='word_1_758' title='bbox 487 5264 808 5332; x_wconf 73' lang='grc' dir='ltr'>Ἄρχοντες</span> <span class='ocrx_word' id='word_1_759' title='bbox 837 5262 1204 5329; x_wconf 75' lang='grc' dir='ltr'>κατεδίωξαν</span> <span class='ocrx_word' id='word_1_760' title='bbox 1217 5279 1295 5333; x_wconf 79' lang='grc' dir='ltr'><strong>με</strong></span> <span class='ocrx_word' id='word_1_761' title='bbox 1322 5263 1568 5332; x_wconf 78' lang='grc' dir='ltr'>δωρεὰν,</span> <span class='ocrx_word' id='word_1_762' title='bbox 1597 5264 1694 5318; x_wconf 78' lang='grc' dir='ltr'>καὶ</span> <span class='ocrx_word' id='word_1_763' title='bbox 1723 5263 1840 5319; x_wconf 75' lang='grc' dir='ltr'><strong>ἀπὸ</strong></span> <span class='ocrx_word' id='word_1_764' title='bbox 1872 5264 1989 5320; x_wconf 75' lang='grc' dir='ltr'><strong>τῶν</strong></span> 
     </span>
    </p>
   </div>
   <div class='ocr_carea' id='block_1_100' title="bbox 413 5353 1987 5430">
    <p class='ocr_par' dir='ltr' id='par_1_100' title="bbox 413 5353 1987 5430">
     <span class='ocr_line' id='line_1_100' title="bbox 413 5353 1987 5430; baseline 0.002 -22"><span class='ocrx_word' id='word_1_765' title='bbox 413 5356 610 5425; x_wconf 68' lang='grc' dir='ltr'>λόγων</span> <span class='ocrx_word' id='word_1_766' title='bbox 630 5370 745 5409; x_wconf 90' lang='grc' dir='ltr'><strong>σου</strong></span> <span class='ocrx_word' id='word_1_767' title='bbox 771 5353 1112 5409; x_wconf 77' lang='grc' dir='ltr'>ἐδειλίασεν</span> <span class='ocrx_word' id='word_1_768' title='bbox 1148 5356 1187 5423; x_wconf 82' lang='grc' dir='ltr'><strong><em>ἠ</em></strong></span> <span class='ocrx_word' id='word_1_769' title='bbox 1215 5354 1429 5423; x_wconf 81' lang='grc' dir='ltr'>καρδία</span> <span class='ocrx_word' id='word_1_770' title='bbox 1448 5373 1586 5425; x_wconf 86' lang='grc' dir='ltr'>μου.</span> <span class='ocrx_word' id='word_1_771' title='bbox 1606 5355 1987 5430; x_wconf 68' lang='grc' dir='ltr'>Ἀταλλιάσοα</span> 
     </span>
    </p>
   </div>
   <div class='ocr_carea' id='block_1_101' title="bbox 407 5443 1989 5515">
    <p class='ocr_par' dir='ltr' id='par_1_101' title="bbox 407 5443 1989 5515">
     <span class='ocr_line' id='line_1_101' title="bbox 407 5443 1989 5515; baseline 0.004 -18"><span class='ocrx_word' id='word_1_772' title='bbox 407 5461 515 5515; x_wconf 87' lang='grc' dir='ltr'><strong>μαι</strong></span> <span class='ocrx_word' id='word_1_773' title='bbox 545 5444 660 5515; x_wconf 62' lang='grc' dir='ltr'><strong>ἐγὼ</strong></span> <span class='ocrx_word' id='word_1_774' title='bbox 682 5445 780 5499; x_wconf 76' lang='grc' dir='ltr'><strong>ἐπὶ</strong></span> <span class='ocrx_word' id='word_1_775' title='bbox 813 5444 887 5498; x_wconf 84' lang='grc' dir='ltr'>τὰ</span> <span class='ocrx_word' id='word_1_776' title='bbox 920 5443 1096 5514; x_wconf 81' lang='grc' dir='ltr'>λόγιά</span> <span class='ocrx_word' id='word_1_777' title='bbox 1115 5460 1253 5509; x_wconf 88' lang='grc' dir='ltr'>σου,</span> <span class='ocrx_word' id='word_1_778' title='bbox 1281 5446 1362 5512; x_wconf 83' lang='grc' dir='ltr'>ὡς</span> <span class='ocrx_word' id='word_1_779' title='bbox 1393 5447 1428 5500; x_wconf 82' lang='grc' dir='ltr'><em>ὁ</em></span> <span class='ocrx_word' id='word_1_780' title='bbox 1461 5446 1760 5514; x_wconf 74' lang='grc' dir='ltr'>εὑρίσκων</span> <span class='ocrx_word' id='word_1_781' title='bbox 1789 5448 1989 5503; x_wconf 82' lang='grc' dir='ltr'>σκῦλα</span> 
     </span>
    </p>
   </div>
   <div class='ocr_carea' id='block_1_102' title="bbox 410 5533 1990 5621">
    <p class='ocr_par' dir='ltr' id='par_1_102' title="bbox 410 5533 1990 5621">
     <span class='ocr_line' id='line_1_102' title="bbox 410 5533 1990 5621; baseline 0.004 -32"><span class='ocrx_word' id='word_1_782' title='bbox 410 5533 631 5597; x_wconf 72' lang='grc' dir='ltr'>πολλά.</span> <span class='ocrx_word' id='word_1_783' title='bbox 650 5534 900 5602; x_wconf 80' lang='grc' dir='ltr'>Ἀδικίας</span> <span class='ocrx_word' id='word_1_784' title='bbox 922 5535 1187 5613; x_wconf 76' lang='grc' dir='ltr'>ἐμίσησα</span> <span class='ocrx_word' id='word_1_785' title='bbox 1210 5536 1307 5597; x_wconf 72' lang='grc' dir='ltr'><strong>καί</strong></span> <span class='ocrx_word' id='word_1_786' title='bbox 1333 5536 1764 5611; x_wconf 70' lang='grc' dir='ltr'>ἐϐδελυξᾴμην,</span> <span class='ocrx_word' id='word_1_787' title='bbox 1780 5538 1900 5621; x_wconf 24' lang='grc' dir='ltr'><em>κτὸν</em></span> <span class='ocrx_word' id='word_1_788' title='bbox 1922 5539 1990 5595; x_wconf 81' lang='grc' dir='ltr'>δὲ</span> 
     </span>
    </p>
   </div>
   <div class='ocr_carea' id='block_1_103' title="bbox 2093 4334 3667 4407">
    <p class='ocr_par' dir='ltr' id='par_1_103' title="bbox 2093 4334 3667 4407">
     <span class='ocr_line' id='line_1_103' title="bbox 2093 4334 3667 4407; baseline -0.006 -9"><span class='ocrx_word' id='word_1_789' title='bbox 2093 4342 2241 4398; x_wconf 89' lang='lat' dir='ltr'><strong>enim</strong></span> <span class='ocrx_word' id='word_1_790' title='bbox 2274 4339 2578 4403; x_wconf 82' lang='lat' dir='ltr'><strong>secundum</strong></span> <span class='ocrx_word' id='word_1_791' title='bbox 2612 4336 3049 4397; x_wconf 87' lang='lat' dir='ltr'><strong>misericordiam</strong></span> <span class='ocrx_word' id='word_1_792' title='bbox 3090 4335 3277 4407; x_wconf 77' lang='lat' dir='ltr'><strong>peragi</strong></span> <span class='ocrx_word' id='word_1_793' title='bbox 3302 4335 3538 4402; x_wconf 85' lang='lat' dir='ltr'><strong>videtur,</strong></span> <span class='ocrx_word' id='word_1_794' title='bbox 3564 4334 3667 4388; x_wconf 82' lang='lat' dir='ltr'><strong>mi-</strong></span> 
     </span>
    </p>
   </div>
   <div class='ocr_carea' id='block_1_104' title="bbox 2092 4425 3664 4496">
    <p class='ocr_par' dir='ltr' id='par_1_104' title="bbox 2092 4425 3664 4496">
     <span class='ocr_line' id='line_1_104' title="bbox 2092 4425 3664 4496; baseline -0.006 -8"><span class='ocrx_word' id='word_1_795' title='bbox 2092 4431 2394 4489; x_wconf 87' lang='lat' dir='ltr'><strong>sericordia</strong></span> <span class='ocrx_word' id='word_1_796' title='bbox 2426 4429 2531 4485; x_wconf 75' lang='lat' dir='ltr'><strong>‘Dei</strong></span> <span class='ocrx_word' id='word_1_797' title='bbox 2568 4427 2822 4484; x_wconf 76' lang='lat' dir='ltr'><strong>elﬁcitur.</strong></span> <span class='ocrx_word' id='word_1_798' title='bbox 2878 4426 3021 4494; x_wconf 86' lang='lat' dir='ltr'><strong>Quid</strong></span> <span class='ocrx_word' id='word_1_799' title='bbox 3054 4426 3200 4482; x_wconf 90' lang='lat' dir='ltr'><strong>enim</strong></span> <span class='ocrx_word' id='word_1_800' title='bbox 3247 4425 3373 4496; x_wconf 90' lang='lat' dir='ltr'><strong>quis</strong></span> <span class='ocrx_word' id='word_1_801' title='bbox 3423 4437 3664 4495; x_wconf 85' lang='lat' dir='ltr'><strong>unquam</strong></span> 
     </span>
    </p>
   </div>
   <div class='ocr_carea' id='block_1_105' title="bbox 2090 4515 3667 4588">
    <p class='ocr_par' dir='ltr' id='par_1_105' title="bbox 2090 4515 3667 4588">
     <span class='ocr_line' id='line_1_105' title="bbox 2090 4515 3667 4588; baseline -0.004 -12"><span class='ocrx_word' id='word_1_802' title='bbox 2090 4528 2299 4576; x_wconf 72' lang='lat' dir='ltr'><strong>aeterna</strong></span> <span class='ocrx_word' id='word_1_803' title='bbox 2322 4518 2666 4576; x_wconf 86' lang='lat' dir='ltr'><strong>beatitudine</strong></span> <span class='ocrx_word' id='word_1_804' title='bbox 2694 4523 2757 4573; x_wconf 85' lang='lat' dir='ltr'><strong>et</strong></span> <span class='ocrx_word' id='word_1_805' title='bbox 2788 4531 2957 4588; x_wconf 74' lang='lat' dir='ltr'><strong>regno</strong></span> <span class='ocrx_word' id='word_1_806' title='bbox 2999 4517 3263 4573; x_wconf 65' lang='lat' dir='ltr'><strong>mulorum</strong></span> <span class='ocrx_word' id='word_1_807' title='bbox 3291 4515 3518 4586; x_wconf 71' lang='lat' dir='ltr'><strong>dignum</strong></span> <span class='ocrx_word' id='word_1_808' title='bbox 3546 4529 3667 4585; x_wconf 71' lang='lat' dir='ltr'><strong>ges-</strong></span> 
     </span>
    </p>
   </div>
   <div class='ocr_carea' id='block_1_106' title="bbox 2094 4602 3667 4678">
    <p class='ocr_par' dir='ltr' id='par_1_106' title="bbox 2094 4602 3667 4678">
     <span class='ocr_line' id='line_1_106' title="bbox 2094 4602 3667 4678; baseline -0.006 -11"><span class='ocrx_word' id='word_1_809' title='bbox 2094 4611 2248 4675; x_wconf 89' lang='lat' dir='ltr'><strong>serit,</strong></span> <span class='ocrx_word' id='word_1_810' title='bbox 2285 4608 2392 4665; x_wconf 84' lang='lat' dir='ltr'><strong>nisi</strong></span> <span class='ocrx_word' id='word_1_811' title='bbox 2422 4608 2533 4664; x_wconf 89' lang='lat' dir='ltr'><strong>Deo</strong></span> <span class='ocrx_word' id='word_1_812' title='bbox 2555 4608 2896 4678; x_wconf 84' lang='lat' dir='ltr'><strong>opitulante?</strong></span> <span class='ocrx_word' id='word_1_813' title='bbox 2922 4636 2995 4649; x_wconf 93' lang='lat'><strong>-—</strong></span> <span class='ocrx_word' id='word_1_814' title='bbox 3024 4604 3193 4664; x_wconf 71' lang='lat' dir='ltr'><strong>Vsus.</strong></span> <span class='ocrx_word' id='word_1_815' title='bbox 3219 4603 3475 4661; x_wconf 82' lang='grc'><strong>157-160.</strong></span> <span class='ocrx_word' id='word_1_816' title='bbox 3502 4602 3562 4658; x_wconf 80' lang='lat' dir='ltr'><strong>ll</strong></span> <span class='ocrx_word' id='word_1_817' title='bbox 3567 4604 3667 4658; x_wconf 87' lang='lat' dir='ltr'><strong>ulti</strong></span> 
     </span>
    </p>
   </div>
   <div class='ocr_carea' id='block_1_107' title="bbox 2090 4693 3664 4769">
    <p class='ocr_par' dir='ltr' id='par_1_107' title="bbox 2090 4693 3664 4769">
     <span class='ocr_line' id='line_1_107' title="bbox 2090 4693 3664 4769; baseline -0.004 -15"><span class='ocrx_word' id='word_1_818' title='bbox 2090 4699 2180 4769; x_wconf 71' lang='lat' dir='ltr'><strong>qui</strong></span> <span class='ocrx_word' id='word_1_819' title='bbox 2220 4708 2599 4768; x_wconf 85' lang='lat' dir='ltr'><strong>persequuntur</strong></span> <span class='ocrx_word' id='word_1_820' title='bbox 2631 4713 2713 4753; x_wconf 84' lang='lat' dir='ltr'><strong>me</strong></span> <span class='ocrx_word' id='word_1_821' title='bbox 2737 4705 2788 4752; x_wconf 87' lang='lat' dir='ltr'><strong>et</strong></span> <span class='ocrx_word' id='word_1_822' title='bbox 2836 4695 3094 4751; x_wconf 75' lang='lat' dir='ltr'><strong>tribulam</strong></span> <span class='ocrx_word' id='word_1_823' title='bbox 3125 4694 3230 4761; x_wconf 79' lang='lat' dir='ltr'><strong>me,</strong></span> <span class='ocrx_word' id='word_1_824' title='bbox 3274 4710 3309 4748; x_wconf 82' lang='grc' dir='ltr'><strong>α</strong></span> <span class='ocrx_word' id='word_1_825' title='bbox 3353 4693 3664 4750; x_wconf 87' lang='lat' dir='ltr'><strong>testimoniis</strong></span> 
     </span>
    </p>
   </div>
   <div class='ocr_carea' id='block_1_108' title="bbox 2092 4785 3661 4856">
    <p class='ocr_par' dir='ltr' id='par_1_108' title="bbox 2092 4785 3661 4856">
     <span class='ocr_line' id='line_1_108' title="bbox 2092 4785 3661 4856; baseline -0.001 -13"><span class='ocrx_word' id='word_1_826' title='bbox 2092 4790 2197 4843; x_wconf 86' lang='lat' dir='ltr'><strong>tuis</strong></span> <span class='ocrx_word' id='word_1_827' title='bbox 2228 4805 2334 4843; x_wconf 84' lang='lat' dir='ltr'><strong>non</strong></span> <span class='ocrx_word' id='word_1_828' title='bbox 2364 4787 2643 4844; x_wconf 65' lang='lat' dir='ltr'><strong>declinari.</strong></span> <span class='ocrx_word' id='word_1_829' title='bbox 2708 4785 2826 4844; x_wconf 81' lang='lat' dir='ltr'><strong>Vidi</strong></span> <span class='ocrx_word' id='word_1_830' title='bbox 2863 4786 3189 4856; x_wconf 82' lang='lat' dir='ltr'><strong>insipientes,</strong></span> <span class='ocrx_word' id='word_1_831' title='bbox 3230 4795 3281 4841; x_wconf 85' lang='lat' dir='ltr'><strong>et</strong></span> <span class='ocrx_word' id='word_1_832' title='bbox 3313 4785 3661 4851; x_wconf 82' lang='lat' dir='ltr'><strong>tabescebam,</strong></span> 
     </span>
    </p>
   </div>
   <div class='ocr_carea' id='block_1_109' title="bbox 2091 4873 3666 4946">
    <p class='ocr_par' dir='ltr' id='par_1_109' title="bbox 2091 4873 3666 4946">
     <span class='ocr_line' id='line_1_109' title="bbox 2091 4873 3666 4946; baseline 0 -18"><span class='ocrx_word' id='word_1_833' title='bbox 2091 4875 2220 4945; x_wconf 80' lang='lat' dir='ltr'><strong>quia</strong></span> <span class='ocrx_word' id='word_1_834' title='bbox 2250 4873 2461 4944; x_wconf 84' lang='lat' dir='ltr'><strong>eloquia</strong></span> <span class='ocrx_word' id='word_1_835' title='bbox 2516 4883 2609 4932; x_wconf 85' lang='lat' dir='ltr'><strong>tua</strong></span> <span class='ocrx_word' id='word_1_836' title='bbox 2653 4889 2758 4929; x_wconf 87' lang='lat' dir='ltr'><strong>non</strong></span> <span class='ocrx_word' id='word_1_837' title='bbox 2805 4874 3185 4935; x_wconf 82' lang='lat' dir='ltr'><strong>custodierunt.</strong></span> <span class='ocrx_word' id='word_1_838' title='bbox 3245 4873 3376 4930; x_wconf 84' lang='lat' dir='ltr'><strong>Vide</strong></span> <span class='ocrx_word' id='word_1_839' title='bbox 3418 4877 3666 4946; x_wconf 86' lang='lat' dir='ltr'><strong>quoniam</strong></span> 
     </span>
    </p>
   </div>
   <div class='ocr_carea' id='block_1_110' title="bbox 2093 4963 3666 5029">
    <p class='ocr_par' dir='ltr' id='par_1_110' title="bbox 2093 4963 3666 5029">
     <span class='ocr_line' id='line_1_110' title="bbox 2093 4963 3666 5029; baseline 0.001 -12"><span class='ocrx_word' id='word_1_840' title='bbox 2093 4963 2353 5019; x_wconf 82' lang='lat' dir='ltr'><strong>mandata</strong></span> <span class='ocrx_word' id='word_1_841' title='bbox 2384 4972 2477 5019; x_wconf 86' lang='lat' dir='ltr'><strong>tua</strong></span> <span class='ocrx_word' id='word_1_842' title='bbox 2527 4964 2714 5028; x_wconf 71' lang='lat' dir='ltr'><strong>dilexi,</strong></span> <span class='ocrx_word' id='word_1_843' title='bbox 2765 4963 3010 5029; x_wconf 81' lang='lat' dir='ltr'><strong>Domine,</strong></span> <span class='ocrx_word' id='word_1_844' title='bbox 3059 4964 3115 5022; x_wconf 86' lang='lat' dir='ltr'><strong>in</strong></span> <span class='ocrx_word' id='word_1_845' title='bbox 3160 4965 3527 5028; x_wconf 77' lang='lat' dir='ltr'><strong>misericordia</strong></span> <span class='ocrx_word' id='word_1_846' title='bbox 3573 4974 3666 5018; x_wconf 86' lang='lat' dir='ltr'><strong>tua</strong></span> 
     </span>
    </p>
   </div>
   <div class='ocr_carea' id='block_1_111' title="bbox 2091 5055 3665 5125">
    <p class='ocr_par' dir='ltr' id='par_1_111' title="bbox 2091 5055 3665 5125">
     <span class='ocr_line' id='line_1_111' title="bbox 2091 5055 3665 5125; baseline -0.002 -14"><span class='ocrx_word' id='word_1_847' title='bbox 2091 5057 2300 5125; x_wconf 71' lang='lat' dir='ltr'><strong>viui/ica</strong></span> <span class='ocrx_word' id='word_1_848' title='bbox 2332 5072 2435 5112; x_wconf 86' lang='lat' dir='ltr'><strong>me.</strong></span> <span class='ocrx_word' id='word_1_849' title='bbox 2468 5055 2801 5124; x_wconf 82' lang='lat' dir='ltr'><strong>Principium</strong></span> <span class='ocrx_word' id='word_1_850' title='bbox 2835 5055 3108 5112; x_wconf 82' lang='lat' dir='ltr'><strong>verborum</strong></span> <span class='ocrx_word' id='word_1_851' title='bbox 3136 5067 3348 5117; x_wconf 86' lang='lat' dir='ltr'><strong>tuorum</strong></span> <span class='ocrx_word' id='word_1_852' title='bbox 3374 5057 3583 5121; x_wconf 76' lang='lat' dir='ltr'><strong>veritas,</strong></span> <span class='ocrx_word' id='word_1_853' title='bbox 3613 5064 3665 5109; x_wconf 87' lang='lat' dir='ltr'><strong>et</strong></span> 
     </span>
    </p>
   </div>
   <div class='ocr_carea' id='block_1_112' title="bbox 2094 5144 3273 5218">
    <p class='ocr_par' dir='ltr' id='par_1_112' title="bbox 2094 5144 3273 5218">
     <span class='ocr_line' id='line_1_112' title="bbox 2094 5144 3273 5218; baseline 0.003 -16"><span class='ocrx_word' id='word_1_854' title='bbox 2094 5149 2149 5202; x_wconf 86' lang='lat' dir='ltr'><strong>in</strong></span> <span class='ocrx_word' id='word_1_855' title='bbox 2184 5156 2441 5210; x_wconf 64' lang='lat' dir='ltr'><strong>internum</strong></span> <span class='ocrx_word' id='word_1_856' title='bbox 2464 5147 2643 5203; x_wconf 87' lang='lat' dir='ltr'><strong>omnia</strong></span> <span class='ocrx_word' id='word_1_857' title='bbox 2661 5144 2874 5216; x_wconf 80' lang='lat' dir='ltr'><strong>judicia</strong></span> <span class='ocrx_word' id='word_1_858' title='bbox 2896 5146 3125 5218; x_wconf 71' lang='lat' dir='ltr'><strong>iustitia:</strong></span> <span class='ocrx_word' id='word_1_859' title='bbox 3147 5158 3273 5205; x_wconf 77' lang='lat' dir='ltr'><strong>tute.</strong></span> 
     </span>
    </p>
   </div>
   <div class='ocr_carea' id='block_1_113' title="bbox 2164 5256 3666 5335">
    <p class='ocr_par' dir='ltr' id='par_1_113' title="bbox 2164 5256 3666 5335">
     <span class='ocr_line' id='line_1_113' title="bbox 2164 5256 3666 5335; baseline -0.002 -20"><span class='ocrx_word' id='word_1_860' title='bbox 2164 5262 2331 5320; x_wconf 77' lang='lat' dir='ltr'><strong>Vsus.</strong></span> <span class='ocrx_word' id='word_1_861' title='bbox 2351 5261 2603 5318; x_wconf 76' lang='grc'><strong>161-164.</strong></span> <span class='ocrx_word' id='word_1_862' title='bbox 2623 5261 2895 5335; x_wconf 77' lang='lat' dir='ltr'><strong>Principes</strong></span> <span class='ocrx_word' id='word_1_863' title='bbox 2908 5262 3168 5334; x_wconf 81' lang='lat' dir='ltr'><strong>persecuti</strong></span> <span class='ocrx_word' id='word_1_864' title='bbox 3182 5266 3301 5316; x_wconf 84' lang='lat' dir='ltr'><strong>sunt</strong></span> <span class='ocrx_word' id='word_1_865' title='bbox 3315 5256 3598 5327; x_wconf 83' lang='lat' dir='ltr'><strong>megratis,</strong></span> <span class='ocrx_word' id='word_1_866' title='bbox 3614 5266 3666 5312; x_wconf 81' lang='lat' dir='ltr'><strong>et</strong></span> 
     </span>
    </p>
   </div>
   <div class='ocr_carea' id='block_1_114' title="bbox 2095 5344 3665 5423">
    <p class='ocr_par' dir='ltr' id='par_1_114' title="bbox 2095 5344 3665 5423">
     <span class='ocr_line' id='line_1_114' title="bbox 2095 5344 3665 5423; baseline -0.003 -16"><span class='ocrx_word' id='word_1_867' title='bbox 2095 5370 2128 5407; x_wconf 89' lang='lat' dir='ltr'><strong>a</strong></span> <span class='ocrx_word' id='word_1_868' title='bbox 2160 5353 2329 5409; x_wconf 81' lang='lat' dir='ltr'><strong>verbis</strong></span> <span class='ocrx_word' id='word_1_869' title='bbox 2360 5355 2465 5408; x_wconf 82' lang='lat' dir='ltr'><strong>tuis</strong></span> <span class='ocrx_word' id='word_1_870' title='bbox 2495 5353 2801 5423; x_wconf 79' lang='lat' dir='ltr'><strong>formidavit</strong></span> <span class='ocrx_word' id='word_1_871' title='bbox 2831 5371 2923 5410; x_wconf 90' lang='lat' dir='ltr'><strong>cor</strong></span> <span class='ocrx_word' id='word_1_872' title='bbox 2954 5370 3144 5409; x_wconf 83' lang='lat' dir='ltr'><strong>meum.</strong></span> <span class='ocrx_word' id='word_1_873' title='bbox 3178 5344 3424 5405; x_wconf 65' lang='lat' dir='ltr'><strong>Letabor</strong></span> <span class='ocrx_word' id='word_1_874' title='bbox 3447 5363 3542 5419; x_wconf 87' lang='lat' dir='ltr'><strong>ego</strong></span> <span class='ocrx_word' id='word_1_875' title='bbox 3569 5364 3665 5405; x_wconf 81' lang='lat' dir='ltr'><strong>su-</strong></span> 
     </span>
    </p>
   </div>
   <div class='ocr_carea' id='block_1_115' title="bbox 2093 5439 3663 5520">
    <p class='ocr_par' dir='ltr' id='par_1_115' title="bbox 2093 5439 3663 5520">
     <span class='ocr_line' id='line_1_115' title="bbox 2093 5439 3663 5520; baseline -0.004 -19"><span class='ocrx_word' id='word_1_876' title='bbox 2093 5463 2184 5517; x_wconf 87' lang='lat' dir='ltr'><strong>per</strong></span> <span class='ocrx_word' id='word_1_877' title='bbox 2209 5446 2421 5517; x_wconf 89' lang='lat' dir='ltr'><strong>eloquia</strong></span> <span class='ocrx_word' id='word_1_878' title='bbox 2443 5457 2556 5513; x_wconf 89' lang='lat' dir='ltr'><strong>tua,</strong></span> <span class='ocrx_word' id='word_1_879' title='bbox 2588 5448 2726 5503; x_wconf 87' lang='lat' dir='ltr'><strong>sicut</strong></span> <span class='ocrx_word' id='word_1_880' title='bbox 2756 5449 2846 5520; x_wconf 75' lang='lat' dir='ltr'><strong>qui</strong></span> <span class='ocrx_word' id='word_1_881' title='bbox 2873 5446 3062 5503; x_wconf 76' lang='lat' dir='ltr'><strong>invenit</strong></span> <span class='ocrx_word' id='word_1_882' title='bbox 3088 5440 3257 5511; x_wconf 80' lang='lat' dir='ltr'><strong>spolia</strong></span> <span class='ocrx_word' id='word_1_883' title='bbox 3295 5440 3485 5496; x_wconf 85' lang='lat' dir='ltr'><strong>multa.</strong></span> <span class='ocrx_word' id='word_1_884' title='bbox 3547 5439 3663 5495; x_wconf 79' lang='lat' dir='ltr'><strong>lui-</strong></span> 
     </span>
    </p>
   </div>
   <div class='ocr_carea' id='block_1_116' title="bbox 2091 5532 3663 5613">
    <p class='ocr_par' dir='ltr' id='par_1_116' title="bbox 2091 5532 3663 5613">
     <span class='ocr_line' id='line_1_116' title="bbox 2091 5532 3663 5613; baseline -0.005 -18"><span class='ocrx_word' id='word_1_885' title='bbox 2091 5538 2323 5613; x_wconf 85' lang='lat' dir='ltr'><strong>quitates</strong></span> <span class='ocrx_word' id='word_1_886' title='bbox 2377 5537 2497 5596; x_wconf 85' lang='lat' dir='ltr'><strong>odio</strong></span> <span class='ocrx_word' id='word_1_887' title='bbox 2540 5540 2714 5597; x_wconf 82' lang='lat' dir='ltr'><strong>habui-</strong></span> <span class='ocrx_word' id='word_1_888' title='bbox 2733 5550 2787 5596; x_wconf 83' lang='lat' dir='ltr'><strong>et</strong></span> <span class='ocrx_word' id='word_1_889' title='bbox 2814 5537 3148 5594; x_wconf 85' lang='lat' dir='ltr'><strong>abominatus</strong></span> <span class='ocrx_word' id='word_1_890' title='bbox 3180 5549 3321 5601; x_wconf 90' lang='lat' dir='ltr'><strong>sum,</strong></span> <span class='ocrx_word' id='word_1_891' title='bbox 3365 5532 3525 5605; x_wconf 84' lang='lat' dir='ltr'><strong>legem</strong></span> <span class='ocrx_word' id='word_1_892' title='bbox 3565 5549 3663 5588; x_wconf 88' lang='lat' dir='ltr'><strong>au-</strong></span> 
     </span>
    </p>
   </div>
  </div>
