4040 6210
439 298 574 354 {391
1182 292 1446 348 EUSEBll
1485 291 1960 348 C/ESARIENSIS
1997 291 2145 348 OPP.
2176 291 2352 346 PARS
2389 290 2478 345 lll.
2522 321 2590 330 —
2631 289 3037 345 EXEGETICA.
3544 293 3682 348 1593

443 425 546 470 tem
589 423 735 466 tuam
771 412 953 466 dilexi.
997 409 1195 477 Septies
1243 411 1299 462 in
1345 408 1430 462 die
1481 409 1691 463 laudem
1748 407 1862 460 dixi
1916 407 2003 460 tibi

2111 409 2300 476 νόμον
2320 406 2435 459 σου
2463 404 2772 474 ἠγάπησα,
2791 404 3063 470 Ἑπτάκις
3091 403 3199 471 τῆς
3236 405 3459 474 ἡμέρας
3497 409 3690 474 {freed

439 521 593 574 super
615 506 822 576 judicia
849 505 1077 573 justitiaz
1103 512 1226 556 tute.
1273 502 1386 558 Hoc
1425 505 1552 558 item
1594 503 1868 572 intelligas
1906 503 2003 557 hac

2117 513 2190 551 σε
2212 498 2308 550 ἐπὶ
2337 496 2408 550 τὰ
2433 497 2684 564 κρίματα
2721 494 2829 561 τῆς
2870 495 3263 562 δικαιοσύνης
3288 512 3424 549 σου.
3459 498 3691 568 Νοήσεις

440 600 669 663 ratione,
709 597 854 667 quod
885 595 1143 650 nimirum
1175 605 1299 647 ante
1328 595 1497 649 solem
1524 595 1717 649 electo
1755 606 2003 663 surgens,

2112 588 2206 640 καὶ
2237 588 2406 650 οὕτως
2432 587 2730 656 ἐπιστήσας
2746 585 2823 648 ὡς
2844 585 2949 656 πρὸ
2975 585 3126 655 ήλίου
3159 585 3569 656 διανιστάμενος
3597 589 3695 657 τῆς

440 688 738 744 secundum
772 689 904 742 illud
941 707 953 741 :
996 688 1072 741 De
1118 695 1264 740 nocte
1293 703 1443 739 mane
1477 687 1743 754 consurgit
1792 687 2003 754 spiritus

2113 678 2295 747 κοίτης
2320 677 2458 730 κατά
2493 677 2586 730 τὸν
2624 676 2847 745 λέγοντα
2875 694 2888 706 ο
2933 677 3025 728 Ἐκ
3069 675 3288 741 νυκτὸς
3333 676 3586 744 ὀρθρίζει
3631 681 3693 731 τὸ

437 795 584 832 meus
619 777 689 831 ad
724 788 792 840 te,
840 777 980 830 Deus
1008 779 1083 842 ¹¹;
1116 785 1168 830 et
1200 795 1212 829 :
1255 775 1428 841 Deus,
1473 775 1612 828 Deus
1651 791 1815 838 meus,
1861 775 1930 827 ad
1962 785 2003 827 te

2111 769 2347 838 πνεῦμά
2365 786 2484 838 μου
2509 768 2659 836 πρὸς
2687 767 2781 830 σὲ,
2813 771 2844 820 ό
2879 769 3021 833 Θεός
3041 785 3052 797 ο
3089 769 3202 829 καὶ,
3235 771 3266 821 ὀ
3295 769 3462 834 Θεὸς,
3492 773 3527 822 ὀ
3551 772 3689 835 Θεός

437 879 500 928 de
528 873 639 925 luce
661 871 816 940 vigilo
835 873 902 934 ¹²,
937 871 1170 940 primum
1197 870 1468 923 emitteret
1494 869 1785 938 hymnum;
1814 867 2010 924 deinde

435 967 676 1017 instante
708 961 816 1024 die,
875 961 1049 1029 prima
1097 960 1229 1012 hora
1275 959 1404 1022 diei,
1465 959 1618 1028 quasi
1676 959 2005 1012 sacriﬁcium

438 1051 790 1112 matutinum,
848 1049 1148 1104 secundum
1183 1049 1444 1119 hymnum
1493 1048 1604 1103 Deo
1633 1049 2005 1118 persolveret;

436 1141 571 1195 liora
627 1141 878 1195 similiter
923 1139 1108 1202 tertia,
1161 1139 1288 1194 item
1349 1140 1602 1206 tertium;
1649 1148 1803 1194 sexta
1853 1138 2004 1202 item,

435 1220 726 1301 quartum;
774 1245 940 1294 nona,
977 1230 1265 1300 quintum;
1313 1229 1637 1284 duodecima
1673 1229 1829 1294 hora,
1882 1244 2006 1283 sex-

438 1330 554 1374 tum
582 1338 596 1385 ;
631 1320 830 1375 deinde
861 1335 1088 1389 vespera
1117 1327 1241 1389 post
1266 1320 1563 1375 adhibitam
1599 1321 1814 1388 corpori
1847 1333 2008 1373 cura-

437 1407 664 1472 tionem,
709 1407 777 1461 ad
801 1407 1001 1462 lectum
1032 1421 1382 1471 accessurus,
1425 1407 1714 1478 septimum
1744 1407 2004 1477 hymnum

436 1496 740 1551 eﬂ‘underet
765 1515 780 1563 ;
813 1504 978 1568 atque
1013 1497 1090 1550 ita
1117 1497 1374 1568 implebat
1403 1496 1532 1552 illud
1562 1515 1576 1552 :
1613 1495 1811 1565 Septies
1841 1497 1895 1551 in
1922 1497 2007 1550 die

436 1587 644 1644 laudem
675 1588 790 1646 dixi
815 1587 927 1644 tibi.

2105 880 2245 930 μου,
2264 861 2412 929 πρὸς
2431 861 2506 914 σὲ
2525 859 2778 928 ὀρθρίζω,
2809 860 2897 912 τὸν
2921 859 3136 929 πρῶτον
3162 861 3478 930 ἀνέπεμπεν
3503 862 3684 931 ῦμνονο

2110 948 2207 1003 εἴτ’
2223 950 2519 1019 ἐπιστάσης
2537 949 2766 1020 ἡμέρας,
2788 948 2929 1001 κατά
2947 949 3044 1018 τὴν
3067 948 3289 1020 πρώτην
3299 949 3482 1020 ΐυραν,
3505 951 3689 1024 ὥσπερ

2109 1041 2275 1094 ἔωθεν
2313 1039 2411 1109 τὴν
2457 1040 2647 1092 θυσίαν
2697 1039 3001 1109 προσέφερε
3041 1039 3117 1107 τῷ
3148 1039 3267 1109 Θεῷ
3299 1041 3390 1092 τὸν
3418 1041 3688 1113 δεύτερον,

2109 1131 2199 1182 καὶ
2228 1129 2368 1182 κατά
2389 1129 2486 1198 τὴν
2518 1129 2707 1198 τρίτην
2744 1128 3006 1191 ὡσαύτως
3042 1129 3142 1198 τὴν
3165 1129 3366 1197 τρίτον,
3403 1133 3499 1183 καὶ
3537 1133 3688 1186 πάλιν

2108 1217 2250 1270 κατά
2293 1217 2392 1286 τὴν
2438 1216 2603 1287 ἕκτην
2644 1217 2735 1269 τὸν
2783 1216 3062 1287 τέταρτον,
3097 1217 3233 1270 κατὰ
3283 1217 3339 1269 δὲ
3372 1219 3462 1288 τὴν
3489 1223 3684 1292 ἐνάτην

2107 1305 2255 1375 ὤραν
2287 1304 2377 1357 τὸν
2402 1305 2666 1375 πέμπτον,
2699 1305 2839 1359 κατά
2872 1305 2928 1360 δὲ
2953 1305 3046 1375 τὴν
3069 1305 3374 1376 δωδεκάτην
3393 1309 3480 1361 τὸν
3500 1311 3677 1377 ἕκτον,

2108 1391 2207 1447 εἷθ’
2241 1396 2479 1466 ἑσπέρας
2527 1395 2664 1464 μετά
2708 1395 2806 1465 τὴν
2834 1395 2928 1448 τοῦ
2959 1395 3210 1465 σώματος
3240 1397 3554 1468 θεραπείαν,
3583 1403 3673 1454 ἐπὶ

2107 1487 2292 1555 κοίτην
2323 1485 2527 1556 μέλλων
2553 1485 2848 1556 τρέπεσθαι
2893 1485 2982 1538 τὸν
3028 1485 3251 1556 ’ἐὸδομον
3299 1487 3470 1556 ὕμνον
3496 1491 3674 1544 ἀπεδῂ

2106 1577 2219 1641 δου,
2258 1576 2352 1630 καὶ
2402 1574 2574 1639 οῦτως
2603 1575 2837 1645 ἐπλήρου
2872 1574 2966 1628 τόο
3010 1575 3281 1642 Ἐπτάκις
3313 1577 3426 1645 τῆς
3458 1580 3679 1648 ’ἡμέρας

2108 1665 2301 1734 ᾗνεσά
2337 1680 2430 1718 σε.

507 1759 674 1814 Vens.
709 1760 834 1814 165.
886 1759 1006 1813 Pax
1044 1762 1212 1814 multa
1245 1761 1578 1830 diligentibus
1626 1761 1786 1830 legem
1835 1769 2002 1825 tuam,

2175 1755 2400 1823 Εἰρήνη
2430 1755 2628 1823 πολλὴ
2652 1755 2778 1822 τοῖς
2807 1756 3078 1825 ἀγαπῶσι
3094 1756 3198 1809 τόν
3221 1759 3411 1826 νόμον
3433 1774 3571 1824 σου,
3586 1762 3676 1814 καί

434 1859 484 1904 et
516 1865 618 1904 non
638 1860 715 1904 est
747 1852 857 1905 illis
884 1851 1218 1908 scandalum.
1286 1851 1381 1906 Dei
1419 1866 1617 1905 nomen
1657 1849 1878 1921 [legem]
1921 1849 2006 1902 di-

439 1940 730 2010 ligentibus
756 1956 859 2010 pax
888 1943 1028 1994 inest
1053 1941 1218 1994 multa
1243 1959 1258 2007 ;
1295 1956 1403 1994 non
1430 1941 1610 2011 qualis
1628 1947 1851 1995 externa
1878 1956 1890 1990 :
1913 1939 2004 1992 illa

436 2034 638 2099 quippe
662 2047 770 2084 non
801 2046 970 2100 penes
1027 2048 1130 2086 nos
1176 2041 1295 2097 est;
1333 2032 1427 2085 sed
1459 2046 1520 2084 ea
1553 2046 1674 2100 quae
1705 2031 1758 2083 in
1795 2030 2002 2100 cogita-

436 2121 680 2174 tionibus
710 2121 813 2173 sila
847 2129 951 2183 est,
990 2135 1054 2173 ex
1085 2134 1193 2189 qua
1237 2120 1568 2173 turbationis
1613 2127 1668 2173 et
1715 2120 2001 2183 tumultus,

433 2226 556 2281 qua:
596 2225 662 2262 ex
705 2209 995 2264 affectuum
1064 2209 1338 2263 vacuitate
1391 2210 1631 2279 gignitur
1686 2209 2004 2264 immunitas

435 2296 673 2350 exsistit.
708 2295 861 2350 Hanc
888 2311 997 2348 una
1029 2310 1152 2348 cum
1201 2297 1524 2366 congruenti
1572 2298 1743 2366 gratia
1775 2312 2003 2365 accepe-

435 2394 586 2449 runt,
613 2387 705 2455 qui
739 2400 858 2439 eam
883 2401 913 2438 a
937 2384 1047 2439 Deo
1081 2385 1240 2440 Patre
1268 2395 1322 2440 et
1360 2386 1586 2440 Domino
1622 2387 1751 2441 Jcsu
1784 2388 2005 2442 Christo

436 2475 585 2528 nacti
621 2483 770 2529 sunt.
803 2473 938 2528 Cum
972 2475 1118 2528 illam
1146 2476 1332 2544 itaque
1371 2477 1424 2529 in
1464 2477 1682 2530 nomine
1705 2475 1799 2530 Dei
1827 2478 2007 2545 possi-

435 2563 624 2627 deant,
653 2570 842 2632 utpote
883 2563 1080 2617 eximie
1115 2561 1363 2632 perfecti.
1418 2563 1734 2620 scandalum
1769 2580 1879 2618 non
1907 2565 2005 2618 ha-

435 2655 566 2708 bent
598 2654 652 2706 in
702 2652 1015 2721 semetipsis
1067 2670 1080 2706 :
1135 2668 1260 2706 nam
1321 2654 1642 2722 pusillorum
1687 2653 1841 2716 illud,
1894 2670 2004 2708 non

433 2758 566 2797 vero
599 2743 1039 2812 praestantiorum
1076 2751 1182 2806 est,
1238 2742 1695 2812 quemadmodum
1753 2744 1828 2796 ait
1878 2744 2004 2798 Scr-

435 2841 594 2886 vator
646 2849 661 2886 :
723 2832 905 2887 Videte
955 2850 1016 2885 ne
1049 2833 1424 2886 scandalizetis
1475 2849 1634 2885 unum
1683 2833 1746 2886 de
1793 2835 2003 2902 pusillis

434 2926 554 2977 istis
584 2925 650 2979 ".
692 2923 849 2988 Quod
898 2923 944 2978 si
993 2923 1164 2976 multa
1198 2938 1300 2991 pax
1347 2923 1418 2977 sit
1449 2924 1804 2993 diligentibus
1834 2925 2002 2994 legem

2105 1848 2214 1900 οὐκ
2243 1846 2414 1899 ἐστιν
2438 1846 2642 1912 αὐτοῖς
2667 1847 3036 1903 σκάνδαλον.
3075 1849 3201 1911 Τοῖς
3231 1849 3324 1901 τοῦ
3349 1850 3484 1903 Θεοῦ
3513 1852 3673 1923 δνομα

2105 1935 2358 1990 ποθοῦσιν
2391 1939 2580 2008 είρήνη
2615 1939 2866 2007 τυγχάνει
2899 1938 3090 2008 πολλὴ,
3125 1941 3186 1991 οὐ
3215 1941 3524 2012 τοσοῦτονή
3553 1943 3676 2007 ἔξω·

2107 2027 2196 2080 θεν
2216 2045 2229 2057 ·
2261 2029 2321 2080 ού
2351 2027 2460 2098 γὰρ
2487 2029 2570 2095 ἐφ’
2596 2030 2730 2097 ἡμῖν
2757 2028 2895 2098 αῦτη
2914 2046 2927 2059 ο
2957 2028 3071 2081 ἀλλ’
3105 2031 3138 2099 ή
3166 2030 3224 2084 ὲν
3246 2033 3356 2094 τοῖς
3376 2031 3671 2101 λογισμοῖς,

2105 2117 2225 2168 καθ’
2255 2119 2318 2185 ἣν
2351 2117 2635 2186 συμϐαίνει
2658 2117 2955 2186 ἀταραξίαν
2980 2118 3073 2170 καὶ
3095 2119 3472 2189 ἀνενοχλησίαν
3497 2121 3598 2189 τῆς
3615 2120 3672 2185 ἐξ

2105 2205 2373 2269 ἀπαθείας
2392 2206 2554 2274 ἔχειν.
2579 2205 2790 2275 Ταύτην
2818 2206 2936 2274 ἃμα
2965 2208 3030 2276 τῇ
3056 2207 3366 2277 καταλλήλῳ
3390 2208 3568 2277 χάριτι
3590 2211 3662 2259 εί-

2104 2294 2336 2365 λήφασιν
2361 2297 2409 2348 οἱ
2441 2295 2653 2364 ἔχοντες
2676 2295 2782 2347 ἀπὸ
2815 2295 2950 2347 Θεοῦ
2984 2297 3075 2348 καὶ
3103 2297 3314 2365 Πατρὸς
3347 2298 3442 2350 καὶ
3472 2298 3672 2367 Κυρίου

2117 2383 2289 2453 Ἰησοῦ
2323 2383 2577 2455 Χριστοῦ.
2602 2383 2941 2454 Κεκτημένοι
2974 2384 3103 2452 γοῦν
3129 2385 3296 2455 αὐτὴν
3316 2386 3400 2437 διὰ
3427 2387 3490 2438 τὸ
3507 2386 3669 2454 ὄνομα

2103 2476 2198 2530 τοῦ
2233 2475 2388 2539 Θεοῦ,
2418 2475 2861 2546 ὑπερῦαλλόντως
2890 2476 3223 2546 ὑπάρχοντες
3267 2477 3482 2539 τέλειοι,
3519 2478 3676 2531 σκάν-

2103 2565 2260 2619 δαλον
2301 2565 2400 2616 οὐκ
2431 2564 2642 2634 ἔχουσιν
2681 2567 2738 2617 ὲν
2772 2566 2982 2627 ἑαυτοῖς
3003 2582 3016 2594 ·
3066 2565 3277 2634 μικρῶν
3323 2565 3433 2636 γάρ
3481 2567 3594 2619 ἀλλ’
3618 2568 3673 2618 οὐ

2109 2656 2358 2724 μεγάλων
2384 2654 2446 2706 τὸ
2479 2654 2623 2724 ἔχειν
2664 2656 2840 2719 τοῦτο,
2869 2654 2943 2716 ῶς
2977 2671 3140 2724 φησιν
3169 2658 3197 2708 ὁ
3227 2656 3442 2725 Σωτήρο
3489 2655 3675 2723 Ὁρᾶτε

2097 2744 2183 2812 μὴ
2219 2745 2670 2811 σκανδαλίσητε
2696 2745 2805 2798 ἕνα
2833 2744 2950 2798 τῶν
2968 2744 3196 2815 μικρῶν
3230 2748 3475 2799 τούτων.
3520 2748 3582 2800 Et
3619 2747 3672 2798 δὲ

2104 2836 2189 2905 εἴη
2218 2837 2403 2906 εἰρήνη
2438 2835 2606 2904 πολλὴ
2637 2838 2747 2897 τοῖς
2775 2834 3027 2902 ἀγαπῶσι
3061 2835 3150 2887 τὸν
3195 2836 3362 2905 νόμον
3400 2837 3491 2888 τοῦ
3515 2836 3664 2899 Θεοῦ,

2104 2929 2322 2997 εἰρήνην
2343 2925 2454 2994 ἔχει
2482 2927 2701 2996 πολλὴν,
2729 2928 2962 2996 πόλεμος
2988 2928 3083 2997 οὐχ
3118 2929 3352 2982 ἅπτεται
3378 2931 3473 3000 τῆς
3501 2931 3670 3000 ψυχῆς

436 3013 553 3074 Dei,
591 3028 780 3082 pacein
814 3012 904 3065 ille
936 3012 1161 3065 multam
1194 3012 1380 3074 habet,
1423 3012 1735 3081 bellumque
1766 3013 2000 3064 animam

2107 3015 2271 3068 αὐτοῦ
2292 3033 2304 3045 ·
2335 3016 2486 3068 οὐδὲν
2511 3017 2616 3086 γὰρ
2648 3016 2755 3069 τῶν
2787 3018 3194 3087 ἁμαρτημάτων
3223 3019 3439 3072 ἐκκαίει
3463 3021 3558 3092 τὴν
3589 3021 3674 3089 duo

431 3103 553 3171 ejus
574 3117 681 3155 non
699 3101 912 3172 attingit
933 3121 943 3154 :
964 3101 1173 3154 nullum
1193 3101 1334 3155 enim
1347 3108 1629 3169 peccatum
1646 3101 1755 3154 urit
1770 3101 2004 3154 animam

434 3192 586 3259 ejus:
621 3198 675 3245 et
700 3189 826 3259 quia
863 3204 1050 3259 pacem
1080 3189 1264 3254 habet,
1283 3190 1406 3244 talis
1426 3190 1622 3254 evasit,
1655 3197 1764 3243 uta
1787 3189 2006 3245 nemine

439 3281 578 3334 ultra
623 3279 1047 3344 scandalizetur,
1082 3279 1314 3334 dicens:
1349 3279 1480 3345 Quis
1532 3296 1625 3334 nos
1667 3280 1932 3347 separabit
1972 3297 2005 3334 a

432 3371 692 3427 snaritate
740 3361 984 3424 Christi?
1020 3368 1336 3432 Tribulatio,
1375 3387 1444 3422 an
1470 3371 1715 3440 angustia
1734 3372 1801 3434 “,
1832 3378 1938 3425 etc.

509 3459 674 3514 Vens.
704 3459 830 3512 166.
867 3457 1254 3526 Exspectabam
1287 3460 1535 3514 Salutare
1563 3471 1732 3528 tuum,
1759 3459 2002 3521 Domine.

435 3559 484 3604 et
515 3549 772 3604 mandata
816 3558 908 3601 tua
963 3548 1149 3603 dilexi.
1213 3548 1351 3604 Cum
1399 3557 1514 3605 ate
1551 3565 1735 3604 veram
1771 3552 2003 3605 salutem

433 3648 831 3714 exspectarem,
881 3654 988 3693 non
1035 3639 1197 3692 modo
1227 3640 1471 3704 servavi,
1508 3639 1603 3694 sed
1646 3640 1810 3695 etiam
1842 3639 2004 3696 dilexi

444 3731 706 3786 mandata
753 3739 868 3785 tua.
910 3728 1046 3781 Nam
1081 3744 1205 3782 cum
1247 3738 1402 3784 actus
1447 3745 1553 3783 una
1601 3745 1724 3784 cum
1767 3727 2004 3800 perlecta

435 3820 815 3875 mandatorum
843 3819 1134 3873 dilectione
1163 3818 1444 3889 jungatur,
1487 3826 1859 3889 exspectatum
1901 3820 2003 3875 Sa-

435 3914 612 3968 lutare
668 3913 958 3969 confestim
1009 3921 1288 3982 sequetur,
1339 3913 1482 3983 quod
1538 3929 1647 3967 non
1698 3915 1844 3968 aliud
1897 3923 2000 3979 est,

2107 3104 2206 3175 χὴν
2231 3103 2418 3168 αὑτοῦ,
2451 3105 2544 3157 καὶ
2573 3105 2666 3160 ἅτε
2705 3107 2892 3176 είρήνη
2909 3125 2928 3157 ι
2953 3106 3090 3174 ἔχων
3127 3107 3368 3170 τοιοῦτος
3394 3109 3671 3177 γεγένηται

2105 3194 2180 3256 ὡς
2217 3193 2320 3245 ὑπὸ
2367 3193 2592 3264 μηδενὸς
2635 3192 2713 3245 ἔτι
2752 3193 3110 3263 σκανδαλισθῇ
3152 3194 3356 3262 λέγων·
3393 3197 3489 3261 Τίς
3527 3195 3677 3264 ἡμᾶς

2105 3285 2342 3352 χωρίσει
2373 3284 2492 3338 ἀπὸ
2519 3285 2627 3352 τῆς
2652 3285 2888 3352 ἀγάπης
2913 3285 3018 3339 τοῦ
3052 3287 3309 3353 Χριστοῦ
3327 3303 3348 3351 ;
3391 3289 3604 3355 Θυὶίψις
3640 3288 3675 3355 ἦ

2105 3375 2490 3443 στενοχωρία,
2527 3376 2621 3428 καὶ
2652 3375 2719 3428 τὰ
2750 3377 2894 3446 ἑξῆς.

2175 3464 2566 3532 Προσεδόκων
2607 3465 2672 3518 τὸ
2715 3466 3012 3534 Σωτήριόν
3054 3481 3191 3530 σου,
3222 3469 3418 3535 Κύριε,
3449 3470 3544 3522 καὶ
3573 3469 3679 3537 τὰς

2104 3555 2356 3622 ἐντολάς
2379 3571 2493 3608 σου
2515 3555 2819 3624 ἠγάπησα.
2849 3557 3166 3627 Προσδοκῶν
3194 3558 3291 3627 τὴν
3321 3557 3427 3610 ἀπὸ
3458 3559 3548 3610 σοῦ
3577 3577 3680 3612 σω-

2104 3646 2300 3715 τηρίαν
2355 3645 2452 3715 τὴν
2506 3646 2785 3717 ἀληθινὴν,
2814 3648 2873 3699 οὐ
2919 3647 3079 3715 μόνον
3126 3649 3376 3717 ἐτήρησα,
3406 3646 3539 3698 ἀλλά
3576 3647 3675 3699 καὶ

2105 3734 2369 3803 ἠγάπησά
2397 3749 2488 3785 σου
2527 3733 2624 3792 τὰς
2657 3734 2895 3796 ἐντολάς.
2921 3733 3032 3802 Τῆς
3069 3734 3176 3802 γὰρ
3212 3734 3320 3802 μετ’
3352 3735 3674 3802 ἀγαπήσεως

2104 3825 2212 3880 τῶν
2254 3824 2482 3877 ἐντολῶν
2529 3822 2968 3892 κατωρθωμένης
3017 3823 3287 3891 ἐνεργείας
3329 3821 3674 3892 ὑπαρξάσης,

2106 3916 2265 3977 εὐθὺς
2289 3914 2638 3982 ἀκολουθήσει
2670 3912 2732 3962 τὸ
2759 3911 3204 3981 προσδοκώμενον
3249 3912 3545 3981 Σωτήριον,
3581 3913 3680 3982 οὐχ

436 4021 602 4074 quam
635 4005 785 4060 salus
817 4019 1009 4060 eorum
1054 4005 1146 4074 qui
1192 4007 1365 4075 ipsam
1409 4015 1796 4075 assequuntur.
1847 4008 2002 4072 Quod

2105 4004 2287 4071 ἕτερον
2314 4000 2373 4052 ὃν
2405 4001 2504 4070 τῆς
2534 3999 2642 4052 τῶν
2675 3998 2993 4068 σωζομένων
3035 4000 3327 4071 σωτηρίας.
3369 4002 3430 4052 Εἰ
3478 4000 3535 4052 δὲ
3583 4003 3681 4053 καὶ

435 4092 485 4148 si
516 4090 681 4147 etiam
713 4092 1049 4145 Salvatorem
1081 4103 1381 4160 exspectet,
1414 4097 1482 4147 de
1511 4108 1619 4162 quo
1635 4095 1841 4148 dictum
1870 4104 1951 4150 est
1985 4115 1999 4151 :

2105 4092 2193 4143 τὸν
2223 4091 2447 4161 Σωτῆρα
2476 4089 2766 4159 προσδοκᾷ,
2797 4088 2921 4157 περὶ
2948 4083 3009 4141 οὗ
3037 4088 3253 4160 εἴρηται
3271 4109 3284 4119 ι
3316 4089 3493 4144 Πᾶσα
3523 4091 3682 4156 σὰρξ

443 4179 651 4235 Videbit
693 4178 863 4234 omnis
911 4193 1038 4231 caro
1068 4175 1319 4231 Salutare
1358 4177 1454 4232 Dei
1475 4179 1542 4244 ³⁸,
1604 4188 2003 4249 consequenter

2106 4183 2312 4250 ὄψεται
2344 4183 2408 4234 τὸ
2442 4181 2741 4248 Σωτήρων
2784 4179 2889 4232 τοῦ
2929 4181 3100 4244 Θεοῦ,
3153 4180 3458 4244 ἀκολούθως
3490 4181 3685 4251 ἀγαπᾷ

431 4270 686 4326 mandata
706 4269 799 4325 Dei
827 4267 1022 4339 diligit,
1043 4268 1203 4339 cujus
1227 4269 1390 4324 etiam
1425 4268 1675 4326 Salutare
1715 4282 2001 4340 exspecta-

2106 4273 2205 4336 τὰς
2229 4271 2446 4336 ἐντολὰς
2477 4271 2568 4326 τοῦ
2592 4271 2748 4334 Θεοῦ,
2774 4266 2833 4324 οῦ
2853 4271 2948 4325 καὶ
2970 4271 3030 4323 τὸ
3054 4272 3325 4342 Σωτήρων
3351 4273 3691 4342 προσεδόκη-

431 4369 530 4430 vit,
563 4373 620 4420 ut
650 4373 704 4420 et
733 4365 946 4419 actione
985 4380 1156 4434 purus
1202 4373 1256 4419 et
1304 4363 1713 4434 exspectatione
1758 4369 2002 4416 contem-

2109 4381 2218 4428 σεν,
2251 4364 2336 4417 ἴνα
2379 4363 2473 4416 καὶ
2504 4363 2600 4433 τὴν
2637 4361 2833 4432 πρᾶξιν
2943 4363 3214 4434 καθαρῶς,
3260 4365 3351 4416 καὶ
3382 4363 3479 4434 τὴν
3514 4380 3693 4433 προσ-

433 4455 742 4524 plahundus
789 4455 882 4520 sit,
913 4463 1242 4525 exspectans
1279 4467 1496 4523 semper
1525 4461 1581 4507 et
1627 4453 2001 4522 contemplans

2107 4456 2290 4509 δοκίαν
2324 4452 2689 4524 θεωρητικῶς,
2721 4453 3036 4524 προσδοκῶν
3063 4454 3148 4505 ἀεὶ
3185 4455 3278 4506 καὶ
3309 4453 3535 4524 θεωρῶν
3563 4456 3694 4524 ἐλη-

431 4544 602 4601 Deum
639 4544 875 4601 Verbum
909 4545 1216 4601 venientem
1246 4558 1493 4614 querere
1541 4552 1597 4598 et
1655 4544 1868 4598 salvum
1920 4543 2003 4598 l'a-

2105 4545 2304 4599 λυθότα
2329 4545 2419 4597 τὸν
2439 4544 2570 4596 Θεὸν
2598 4544 2773 4611 Λόγον
2803 4544 3036 4615 ζητῆσαι
3061 4543 3154 4596 καὶ
3184 4543 3356 4597 σῶσαι
3381 4545 3443 4596 τδ
3468 4544 3691 4598 ἀπολω-

431 4652 556 4692 cere
582 4635 725 4706 quod
766 4635 1023 4704 perierat.
2103 4637 2210 4700 λὸς.
3585 4647 3588 4649 ‘

503 4726 669 4780 Vens.
713 4725 836 4791 167,
870 4725 994 4781 168.
1015 4725 1312 4781 Custodivit
1341 4727 1521 4780 anima
1553 4741 1669 4779 mea
1700 4727 2002 4780 testimonia

2189 4725 2516 4796 Ἑφύλαξεν
2547 4726 2585 4792 ἠ
2619 4724 2788 4793 ψυχή
2811 4741 2930 4792 μου
2973 4722 3044 4776 τὰ
3079 4721 3371 4790 μαρτύριά
3410 4739 3556 4786 σου,
3592 4725 3697 4776 καὶ

432 4826 558 4878 tua,
592 4823 641 4866 et
671 4813 857 4867 dilexit
895 4831 958 4867 ea
991 4814 1336 4868 vehementer.
1370 4812 1489 4867 Non
1525 4815 1702 4869 solum
1741 4815 1998 4870 mandata

2105 4818 2421 4887 ἠγάπησεν
2447 4815 2600 4870 αὐτὰ
2632 4815 2884 4883 σφόδρα.
2920 4815 2995 4866 Οὐ
3025 4815 3181 4884 μόνον
3204 4813 3304 4875 τὰς
3333 4813 3560 4876 ἐντολάς
3593 4832 3696 4867 σου

433 4915 526 4958 tua
553 4903 752 4967 dilexi,
783 4918 970 4957 verum
999 4903 1164 4958 etiam
1200 4902 1512 4958 testimonia
1545 4909 1639 4956 tua
1673 4903 1831 4958 valde
1862 4903 2001 4958 dile-

2105 4908 2384 4978 ἠγάπησα,
2412 4906 2547 4958 ἀλλὰ
2575 4907 2670 4959 καὶ
2696 4905 2764 4957 τὰ
2793 4903 3068 4974 μαρτύριά
3099 4920 3193 4954 σου
3229 4903 3432 4972 σφόδρα
3453 4904 3700 4974 ἠγάπη-

432 4994 512 5047 xit
563 4992 745 5046 anima
791 5007 942 5056 mea,
990 4999 1044 5047 et
1083 4993 1381 5047 custodivit
1419 5007 1502 5047 ea.
1547 4992 1731 5047 Primo
1779 4992 2000 5062 quidem

2105 5017 2194 5052 σεν
2225 5001 2258 5068 ή
2288 4997 2432 5067 ψυχή
2464 5015 2587 5067 μου,
2627 4996 2721 5049 καὶ
2769 4995 3030 5062 ἐφύλαξεν
3077 4994 3233 5046 αὐτά.
3267 4993 3544 5064 Πρότερον
3595 4997 3704 5065 μὲν

2104 5089 2244 5141 κατὰ
2268 5087 2346 5151 ἓν,
2377 5087 2644 5156 ἠγάπων,
2674 5088 2786 5148 καὶ,
2815 5085 3100 5154 ἠγάπησα
3128 5085 3232 5150 τὰς
3252 5084 3512 5149 ἐντολάς
3542 5102 3698 5141 σοιν

2101 5181 2349 5250 δεύτερον
2373 5196 2386 5208 ⁸
2449 5177 2780 5246 Ἐφύλαεεν
2817 5178 2856 5243 ἡ
2891 5176 3060 5244 ψυχή
3108 5193 3228 5244 μου
3279 5177 3350 5227 τά
3384 5175 3706 5244 μαρτύριά

2103 5286 2218 5324 σου
2238 5287 2250 5298 ·
2273 5268 2413 5321 κατὰ
2447 5267 2505 5321 δὲ
2531 5268 2591 5320 τὸ
2622 5267 2800 5336 τρίτον
2834 5263 3151 5334 συναγαγὼν
3179 5265 3464 5335 ἀμφότερα
3490 5267 3580 5328 είς
3611 5267 3703 5331 ἓν,

2106 5358 2268 5429 φησίν
2287 5374 2299 5387 ·
2345 5356 2645 5432 Ἐ’ξρύνίαξα
2673 5356 2790 5420 τὰς,
2801 5352 3050 5418 ἐντολάς
3079 5369 3194 5405 σου
3237 5352 3332 5404 καί
3361 5351 3431 5404 τὰ
3455 5353 3706 5419 μαρτύ-

2101 5451 2206 5520 ριά
2231 5467 2367 5515 σου,
2399 5450 2487 5504 ὅτι
2513 5449 2699 5504 πᾶσαι
2722 5453 2779 5503 αὶ
2809 5448 2939 5503 ὁδοί
2961 5464 3080 5515 μου
3109 5445 3385 5498 ἐναντίον
3408 5458 3551 5511 σου,
3572 5446 3705 5500 Κύ-

435 5082 749 5152 singulatim
789 5081 1038 5146 dicebat,
1069 5083 1373 5153 diligebam,
1399 5092 1488 5147 et,
1535 5082 1699 5136 dilexi
1745 5082 2003 5136 mandata

439 5185 571 5236 tua;
605 5172 846 5229 secundo
881 5182 1092 5235 autem,
1138 5173 1433 5229 Custodivit
1479 5175 1658 5228 anima
1697 5190 1813 5227 mea
1856 5175 2002 5227 testi-

432 5268 610 5322 monia
662 5276 792 5331 tua;
846 5267 1008 5322 tertio
1058 5268 1184 5323 item
1237 5277 1468 5340 utraque
1515 5271 1853 5341 conjungens
1889 5271 1996 5324 ait:

434 5354 648 5410 Servavi
683 5356 936 5412 mandata
967 5367 1058 5410 tua
1085 5367 1134 5412 et
1167 5361 1469 5414 testimonia
1505 5372 1638 5425 tua;
1667 5363 1794 5432 quia
1823 5377 1998 5416 omnes

434 5447 528 5500 uia:
559 5465 685 5505 mea:
711 5450 765 5506 in
789 5460 1064 5518 conspectu
1088 5459 1196 5516 tuo,
1229 5450 1468 5508 Domine.
1494 5451 1754 5509 Peccator
1781 5469 1889 5510 non
1921 5453 2004 5510 di-

517 5603 557 5635 “
601 5604 718 5661 lsa.
763 5621 887 5661 xxv!
917 5649 931 5676 ,
969 5607 1021 5663 9.
1100 5610 1141 5640 "
1183 5605 1327 5663 Psal.
1364 5623 1511 5676 mu,
1548 5606 1601 5662 2.
1679 5609 1724 5638 "
1763 5606 1951 5662 Matth.
1990 5621 2003 5658 ι

2105 5604 2276 5670 1,10.
2329 5602 2595 5675 ,“_Rom.
2634 5617 2763 5667 \m,
2801 5602 2888 5656 55.
2971 5602 3014 5632 ”
3054 5603 3161 5656 Isa.
3200 5614 3300 5666 ιι,
3339 5599 3391 5653 5.
