4044 6212
357 339 495 397 1393

1465 297 1470 300 ’
1509 319 2009 381 COMMENTARIA
2049 300 2492 376 IN‘PSALMOS.

3486 329 3509 382 l
3520 328 3623 385 591

348 457 536 527 ριε.”0
554 451 874 523 ἁμαρτωλὸς
907 451 1006 503 οὐκ
1029 448 1144 518 ὲρεῖ
1161 465 1174 476 ’
1194 445 1387 500 Πᾶσαι
1412 447 1470 497 al
1502 443 1630 497 ὁδοί
1644 460 1762 511 μου
1782 442 1925 495 ἐναν

2049 449 2166 505 cet,
2205 439 2398 495 Omnes
2439 441 2539 494 uiae
2589 455 2717 493 metu
2759 439 2812 492 in
2853 447 3131 509 Conspectu
3174 450 3308 496 tuo:
3350 459 3493 498 nam.
3525 436 3624 500 via:

354 547 487 598 τίον
517 557 632 594 σου
652 559 665 572 ο
694 542 748 593 αἱ
781 541 889 608 γὰρ
921 538 1030 590 ὁδοὶ
1072 534 1166 588 τοῦ
1213 530 1538 602 ἁμαρτωλοῦ
1571 529 1670 581 οὐκ
1716 528 1853 579 είσὶν
1883 528 1939 620 ἐν

357 634 656 703 ὀξθαλμοίς
693 631 784 683 τοῦ
821 629 982 691 Θεοῦ,
1016 626 1149 679 ἀλλὰ
1181 624 1337 695 μόνον
1379 624 1434 673 αἱ
1472 619 1564 672 τοῦ
1599 618 1834 671 δικαίου·
1871 616 1922 670 ἵν

357 721 451 776 οὖν
487 725 578 775 καὶ
609 725 663 774 αἱ
694 722 957 791 ἡμέτεραι
984 719 1246 786 γένωνται
1275 715 1446 767 πᾶσαι
1472 713 1527 763 αἱ
1560 710 1669 762 ὁδοὶ
1702 706 1936 762 ἐναντίον

360 813 452 864 τοῦ
481 811 636 875 Θεοῦ,
661 814 708 863 οἱ
738 811 910 880 νόμοι,
943 810 992 862 οἱ
1020 806 1316 878 προφῆται,
1354 805 1387 873 ἡ
1417 803 1510 855 ἐπὶ
1556 801 1691 854 πᾶσι
1732 800 1932 863 τελεία,

359 902 584 972 ἀληθινὴ
615 903 708 954 καὶ
737 901 912 971 ἀγαθὴ
934 900 1068 964 ὁδὸς,
1094 901 1121 950 ό
1147 895 1313 949 εἰπών
1335 913 1348 926 ο
1393 891 1532 962 Ἐγώ
1556 895 1669 960 ειμι
1698 891 1736 958 ἡ
1772 890 1930 955 ὁδὸς,

359 992 593 1062 Χριστὸς
628 991 852 1062 Ἰησοῦς,
887 986 1170 1057 εὑξώμεθα
1209 988 1266 1038 ὲν
1309 987 1374 1054 τῇ
1421 983 1524 1053 ὁδῷ
1556 982 1715 1052 μέχρι
1747 980 1932 1042 τέλους

358 1061 640 1145 ὁδεύοντας
663 1061 860 1150 φθάσαι
884 1081 1020 1150 πρὸς
1043 1078 1133 1130 τὸν
1155 1061 1285 1129 Θεὸν
1310 1076 1404 1128 καὶ
1426 1074 1645 1144 Πατέρα
1667 1071 1774 1124 τῶν
1794 1071 1930 1124 ὅλων

358 1172 446 1225 διὰ
473 1171 706 1240 Χριστοῦ
749 1170 944 1240 Ἰησοῦ.

442 1260 756 1331 Ἐγγισάτω
804 1261 842 1327 ὴ
889 1257 1098 1324 δέησίς
1126 1273 1243 1325 μου
1280 1253 1533 1308 ἐνώπιόν
1563 1267 1698 1316 σου,
1729 1251 1925 1318 Κύριε,

356 1349 506 1401 κατὰ
555 1349 618 1401 τὸ
670 1348 879 1416 λόγιόν
915 1361 1031 1399 σου
1078 1343 1403 1397 συνέτισόν
1427 1357 1522 1410 με.
1553 1340 1830 1394 Εὶσέλθοι
1861 1339 1928 1392 τὸ

354 1434 583 1504 ἀξίωμά
613 1452 732 1503 μου
756 1433 1013 1488 ἐνώπιόν
1037 1451 1175 1498 σου,
1203 1433 1397 1500 Κύριε,
1438 1429 1587 1484 κατὰ
1623 1429 1688 1483 τὸ
1723 1430 1929 1497 λόγιόν

355 1541 472 1578 σου
495 1508 685 1592 ῥῦσαί
701 1542 798 1593 με.
816 1524 1244 1592 Ἐξηρεύξαντο
1269 1523 1340 1576 τὰ
1359 1523 1527 1591 χείλη
1560 1539 1680 1590 μου
1712 1521 1925 1589 ὕμνον,

355 1615 501 1668 ὅταν
523 1615 770 1683 διδάξῃς
792 1632 868 1683 με
896 1616 966 1668 τὰ
992 1613 1350 1683 δικαιώματά
1372 1629 1484 1666 σου
1502 1630 1514 1642 ·
1551 1611 1865 1681 φθέγξαιτο
1888 1611 1926 1678 ἡ

354 1705 605 1774 γλῶσσά
626 1723 745 1775 μου
773 1707 845 1759 τὰ
868 1705 1043 1775 λόγιά
1070 1722 1208 1767 σου,
1237 1705 1323 1757 ὅτι
1360 1704 1547 1758 πᾶσαι
1587 1705 1648 1755 al
1685 1700 1928 1755 ἐντολαι

2044 531 2351 600 peccatoris
2386 546 2495 584 non
2543 538 2670 586 sunt
2702 529 2756 583 in
2798 540 3095 600 conspectu
3136 533 3265 597 Dei,
3309 536 3404 590 sed
3445 538 3620 592 solum

2041 622 2139 674 vim
2160 621 2315 690 justi.
2349 619 2418 674 Ut
2449 621 2615 690 igitur
2637 635 2828 675 omnes
2877 622 2978 676 via:
3008 631 3207 677 nostra!
3238 625 3292 676 in
3326 637 3620 696 conspectu

2041 713 2129 768 Dei
2167 714 2316 775 sint;
2360 712 2615 767 videlicet
2642 713 2824 781 leges,
2864 714 3170 782 prophetae,
3208 713 3448 782 perfecta
3489 717 3618 788 item

2036 818 2163 858 vera
2204 810 2259 858 et
2303 803 2444 857 bona
2483 802 2584 860 illa
2605 805 2724 867 via,
2769 818 2967 872 nempe
3021 803 3113 872 qui
3147 801 3322 868 dixit,
3360 802 3472 873 Ego
3502 822 3618 858 sum

2034 894 2119 947 ria
2148 895 2214 958 ³⁸,
2247 893 2506 949 Christus
2537 891 2730 961 Jesus,
2780 909 3072 965 precemur
3107 894 3162 948 in
3210 894 3298 948 via
3344 910 3519 963 usque
3561 896 3618 950 in

2033 979 2238 1046 ﬁnem;
2294 989 2354 1034 ut
2398 980 2503 1035 iter
2543 992 2766 1051 agentes
2811 982 3198 1051 perveniamus
3245 984 3312 1036 ad
3356 982 3526 1038 Deum
3564 991 3618 1039 et

2031 1068 2249 1125 Patrem
2281 1071 2668 1126 universorum
2699 1087 2795 1142 per
2814 1070 3096 1127 Christum
3123 1070 3333 1127 Jesum.

2027 1249 2056 1306 δ
2104 1246 2274 1303 Vnus.
2317 1247 2578 1302 169—172.
2623 1248 3034 1317 Appropinquet.
3064 1245 3363 1316 deprecatio
3407 1261 3523 1298 mea
3561 1246 3617 1298 in

2029 1350 2308 1407 conspectu
2330 1349 2418 1393 tuo
2438 1379 2453 1403 ,
2479 1338 2700 1392 Domine
2717 1380 2733 1404 ,
2751 1339 2915 1406 juxta
2937 1338 3200 1407 eloquium
3223 1347 3370 1390 tuum
3394 1337 3464 1389 da
3487 1327 3620 1389 mihi3

2033 1429 2377 1483 intellectum.
2417 1427 2587 1481 Intret
2617 1428 2909 1496 postulatio
2943 1445 3058 1481 mea
3089 1429 3142 1479 in
3167 1437 3443 1493 conspectu
3487 1436 3574 1480 tuo
3595 1466 3612 1490 ,

2033 1519 2290 1584 Domine,
2323 1519 2611 1574 secundum
2637 1519 2902 1588 eloquium
2927 1528 3074 1570 tuum
3097 1519 3236 1584 eripe
3265 1533 3363 1572 me.
3393 1515 3614 1570 Eructa-

2037 1620 2218 1664 uerunt
2252 1610 2396 1663 labia
2423 1626 2537 1663 mea
2561 1610 2846 1678 hymnum,
2875 1625 2992 1662 cum
3030 1608 3272 1662 docueris
3309 1625 3389 1662 me
3417 1608 3614 1676 iustiﬁ-

2041 1701 2275 1754 cationes
2308 1709 2448 1757 tuas.
2495 1699 2810 1753 Pronuntiet
2853 1699 3033 1768 lingua
3077 1715 3193 1752 mea
3234 1699 3441 1768 eloquia
3475 1709 3610 1765 .tua,

354 1812 470 1850 σου
495 1798 867 1864 δικαιοσύνη.
901 1797 1114 1868 Σφόδρα
1142 1797 1448 1858 ἀκολούθως
1485 1795 1622 1865 μετὰ
1654 1793 1746 1847 τοῦ
1777 1792 1925 1858 εὔξα-

2037 1791 2162 1859 quia
2190 1791 2368 1843 omnia
2400 1791 2652 1843 mandata
2673 1799 2788 1852 tua,
2809 1789 3047 1858 justitia.
3083 1789 3388 1842 Admodum
3423 1805 3614 1845 conse-

355 1886 479 1939 σθαι
509 1888 636 1940 περὶ
681 1889 781 1958 τῆς
823 1887 1062 1951 διανοίας
1081 1906 1095 1918 ’
1124 1890 1185 1941 τὸ
1216 1889 1324 1960 γὰρ
1357 1888 1737 1956 συίνετισθῆναι
1771 1886 1837 1938 τὰ
1861 1885 1925 1937 λό

2041 1889 2272 1951 quenter
2319 1889 2606 1950 postquam
2655 1897 2753 1950 pro
2801 1890 2979 1937 mente
3009 1897 3106 1937 sua
3138 1890 3391 1950 precatus
3423 1887 3607 1945 esset;

353 1990 447 2042 για
474 1975 568 2027 τοῦ
597 1976 731 2029 Θεοῦ
759 1977 859 2029 οὐκ
892 1972 960 2046 ἦν
987 1977 1208 2046 χειλέων
1234 1978 1354 2029 οὐδὲ
1386 1977 1656 2045 γλώσσης,
1683 1974 1817 2027 ἀλλὰ
1843 1973 1938 2026 τοῦ

352 2067 492 2120 κατὰ
511 2067 687 2138 ψυχὴν
710 2069 1052 2139 διανοητικοῦ
1069 2086 1082 2098 ο
1107 2068 1176 2120 τὰ
1201 2068 1476 2137 ἡγούμενα
1501 2066 1680 2118 τοίνυν
1710 2066 1938 2136 αἰτήσας

350 2153 442 2204 ἐπὶ
473 2155 541 2205 τὰ
568 2155 794 2222 δεύτερα
830 2156 1059 2224 μέτεισι,
1086 2156 1180 2205 καὶ
1205 2153 1345 2218 ἀξιοί
1372 2152 1440 2204 τὰ
1476 2151 1571 2204 τοῦ
1597 2153 1655 2205 έν
1680 2150 1829 2219 αὑτῷ
1857 2150 1938 2201 λό-

348 2257 444 2308 γου
471 2243 676 2312 ὄργανα
721 2243 790 2295 τὰ
815 2244 966 2312 χείλη
998 2244 1092 2296 καὶ
1135 2243 1236 2312 τὴν
1265 2241 1510 2310 γλῶτταν
1540 2240 1932 2311 ἀφιερωθῆναι,

349 2331 422 2393 ὡς
456 2332 520 2384 ἂν
549 2333 840 2395 διαπαντὸς
865 2331 935 2385 τὰ
968 2333 1066 2401 μὲν
1095 2332 1244 2402 χείλη
1280 2332 1446 2400 ὕμνον
1472 2329 1936 2401 διερεύγοιντο,δι·

349 2422 678 2490 δασκομένου
727 2423 822 2474 τοῦ
875 2424 966 2475 νοῦ
1016 2425 1106 2475 ὑπ’
1147 2423 1312 2474 αὐτοῦ
1343 2423 1438 2475 τοῦ
1467 2422 1600 2475 Θεοῦ
1627 2422 1696 2475 τὰ
1715 2421 1936 2475 δικαιὼ-

351 2528 495 2580 ματα
527 2513 691 2564 αὑτοῦ
711 2529 724 2542 ο
758 2517 790 2582 ἡ
823 2513 879 2566 δὲ
903 2513 1117 2581 γλῶττα
1154 2512 1443 2582 φθέγγοιτο
1482 2514 1645 2582 μηδὲν
1671 2513 1855 2582 ἕτερον
1897 2511 1929 2579 ἦ

355 2601 414 2654 τὰ
441 2602 595 2669 λόγια
618 2601 711 2655 τοῦ
737 2603 892 2669 Θεοῦ,
930 2604 1024 2656 καὶ
1051 2602 1208 2655 τοῦτο
1236 2602 1494 2674 πράσσοι,
1526 2601 1616 2655 ὅτι
1654 2600 1842 2658 πᾶσαι
1873 2604 1932 2654 al

349 2691 474 2746 όὸοὶ
498 2694 684 2748 αὐτοῦ
713 2694 1110 2748 δικαιοσύναι.

416 2865 693 2920 Γενέσθω
718 2868 756 2934 ἠ
783 2868 912 2934 χείρ
941 2882 1056 2921 σου
1079 2866 1183 2920 τοῦ
1209 2865 1406 2920 σῶσαί
1425 2885 1522 2938 με,
1566 2867 1656 2921 ὅτι
1701 2869 1806 2934 τὰς
1833 2869 1927 2922 ἐν-

348 2956 530 3021 τολάς
564 2971 682 3010 σου
737 2957 1122 3025 ᾑρετισάμην.
1170 2957 1401 3010 Συνιδὼν
1447 2957 1508 3010 τὸ
1555 2959 1780 3029 μέγεθος
1829 2958 1924 3011 τοῦ

347 3046 583 3114 ἑτοίμου,
621 3045 869 3117 βοηθείας
899 3048 1066 3101 δεῖται
1114 3050 1212 3118 τῆς
1252 3048 1405 3119 παρὰ
1448 3049 1540 3102 τοῦ
1574 3049 1710 3101 Θεοῦ
1751 3052 1832 3112 είς
1863 3051 1923 3103 τὸ

345 3136 685 3205 κατορθῶσαι
711 3137 780 3190 τὰ
807 3137 1212 3208 προλελεγμένα
1231 3156 1243 3168 ·
1276 3139 1486 3208 μεγάλα
1511 3138 1566 3190 δὲ
1590 3141 1753 3192 αἰτῶν
1775 3140 1924 3211 παρὰ

345 3225 438 3279 τοῦ
461 3226 614 3290 Θεοῦ,
638 3228 731 3279 καὶ
751 3227 812 3279 τὸ
832 3230 961 3298 παρ’
979 3228 1170 3280 ἑαυτοῦ
1203 3229 1546 3299 συνεισφέρει
1565 3228 1739 3297 λέγων
1759 3246 1773 3260 ·
1809 3231 1925 3284 Ὅτι

343 3315 450 3382 τὰς
472 3316 725 3382 ἐντολάς
747 3331 866 3370 σου
901 3316 1475 3386 ᾐρετισάμην.⁶ὐπερ
1504 3317 1611 3387 γὰρ
1645 3313 1713 3386 ἦν
1739 3319 1830 3370 ἐπὶ
1858 3321 1922 3388 τῇ

341 3407 451 3476 ὲμῄ
486 3407 724 3477 ἐξουσίᾳ,
744 3407 888 3460 τοῦτ’
915 3408 974 3471 ἐξ
1012 3407 1146 3478 ἐμοῦ
1173 3408 1544 3480 πεπλήρωται.
1572 3411 1683 3472 Τὰς
1710 3409 1926 3474 ἐντολάς

344 3514 437 3554 σου
464 3498 822 3568 ᾑρετισὰμην,
858 3499 1153 3568 ἀγαπήσας
1199 3499 1370 3562 αὑτὰς
1404 3500 1545 3554 κατὰ
1577 3499 1648 3553 τὰ
1692 3499 1926 3571 πρόσθεν

341 3587 628 3657 εἰρημένα.
702 3616 706 3620 -

425 3676 802 3742 Ἐπεπόθησα
823 3675 889 3728 τὸ
920 3677 1220 3742 Σωτήριόν
1251 3692 1388 3742 σου,
1415 3678 1512 3730 καὶ
1545 3677 1784 3746 δ’νόμος
1808 3690 1924 3731 σου

338 3765 553 3832 μελέτη
581 3784 699 3834 μου
727 3766 881 3819 ἐστι.
926 3768 988 3817 Οἱ
1031 3765 1215 3818 πολλοὶ
1246 3767 1353 3819 τῶν
1394 3767 1693 3837 ἀνθρώπων
1735 3769 1925 3820 ἐπιπο-

343 3853 494 3906 θοῦσι
527 3855 820 3922 σωτηρίαν,
844 3854 958 3906 ἀλλ’
982 3855 1043 3906 οὐ
1071 3854 1132 3906 τὸ
1160 3855 1254 3906 τοῦ
1285 3855 1442 3918 Θεοῦ,
1466 3856 1601 3908 ἀλλά
1632 3857 1692 3909 τὸ
1724 3859 1925 3929 σαρκὸς

345 3943 607 4012 σωτήριον
634 3941 694 3993 τὸ
725 3944 780 3994 ὲν
813 3942 1232 4011 κόσμῳ.Ἔργον
1257 3942 1313 3993 δέ
1333 3944 1480 3995 ὲστιν
1512 3945 1843 4014 ὲπιποθῆσαι
1862 3947 1922 3999 τὸ

341 4030 436 4084 τοῦ
469 4029 602 4082 Θεοῦ
637 4031 928 4101 Σωτήριον,
961 4029 1102 4083 ὥστε
1144 4031 1201 4084 ὲν
1238 4029 1357 4098 Θεῷ
1403 4029 1660 4100 σωθῆναι,
1689 4035 1744 4083 έν
1773 4034 1922 4103 αὑτῷ

343 4119 738 4182 ἀναπαύεσθαι,
764 4119 1166 4191 κληρονομῆσαι
1207 4122 1276 4175 τὰ
1305 4122 1468 4189 ἅγια·
1511 4121 1572 4172 τὸ
1600 4121 1708 4191 γὰρ
1742 4123 1922 4192 Σωτή-

347 4229 459 4283 ριον
482 4211 574 4263 τοῦ
608 4209 742 4262 Θεοῦ
772 4210 928 4262 τοῦτό
957 4212 1102 4264 ἐστιν
1141 4215 1174 4282 ἡ
1210 4211 1427 4275 αἰώνιος
1453 4211 1587 4282 ζωή.
1608 4212 1732 4264 Ἐὰν
1761 4211 1920 4284 θέλῃς

250 4309 255 4314 "
344 4299 678 4369 ἐπαναϐῆναι
708 4297 786 4368 τῷ
821 4298 984 4366 λόγῳ,
1015 4299 1074 4350 τὸ
1103 4301 1373 4371 Σωτήριον
1403 4299 1498 4354 τοῦ
1540 4300 1674 4353 Θεοῦ
1719 4303 1747 4353 ό
1788 4302 1920 4371 Χρι-

2039 1987 2148 2026 ηοιι
2179 1973 2322 2026 enim
2355 1972 2624 2026 labiorum
2667 1979 2721 2026 et
2753 1973 2952 2042 lingua:
3002 1981 3088 2028 est
3130 1973 3467 2040 eloquiorum
3515 1969 3609 2026 Dei

2039 2061 2456 2130 intelligentiam
2491 2061 2768 2128 accipere,
2810 2062 2908 2116 'sed
2940 2063 3113 2115 solius
3161 2077 3284 2130 quae
3331 2061 3385 2114 in
3429 2061 3611 2114 anima

2035 2156 2120 2202 est
2148 2147 2484 2218 intelligendi
2517 2147 2795 2203 facultatis
2822 2166 2836 2214 ;
2871 2165 2996 2203 cum
3021 2151 3204 2219 priora
3240 2152 3606 2220 postulasset,

2034 2239 2102 2292 ad
2134 2240 2374 2294 secunda
2406 2247 2596 2309 postea
2626 2241 2860 2304 transit,
2892 2257 2956 2296 ac
3001 2250 3156 2312 rogat
3198 2251 3255 2295 ut
3305 2244 3457 2297 verbi
3487 2260 3610 2314 qua:

2035 2329 2092 2382 in
2124 2345 2182 2384 se
2208 2330 2445 2384 habebat
2473 2331 2836 2386 instrumenta
2856 2370 2872 2394 ,
2907 2347 3099 2400 nempe
3135 2331 3278 2385 labia
3305 2342 3359 2388 et
3386 2334 3569 2404 lingua
3589 2375 3604 2401 ,

2033 2425 2490 2472 consecrarentur
2517 2437 2531 2484 ;
2564 2427 2623 2472 ut
2651 2420 2791 2474 labia
2839 2421 3056 2489 quidem
3088 2419 3350 2490 hymnum
3392 2437 3606 2491 semper

2031 2515 2382 2572 eructarent,
2416 2516 2703 2578 postquam
2753 2509 2862 2565 Deo
2916 2511 3142 2564 doctore
3180 2510 3604 2578 justiﬁcationes

2029 2598 2150 2667 ejus
2178 2614 2332 2652 mens
2363 2599 2722 2665 edidicisset;
2760 2600 2946 2668 lingua
2982 2612 3113 2654 vero
3151 2598 3289 2652 nihil
3322 2598 3469 2653 aliud
3520 2601 3604 2654 lo-

2028 2697 2289 2758 queretur
2333 2705 2495 2759 quam
2519 2689 2736 2758 eloquia
2769 2688 2863 2744 Dei
2891 2709 2903 2744 :
2928 2697 3092 2760 atque
3123 2689 3177 2744 id
3212 2696 3436 2758 ageret,
3481 2690 3606 2759 quia

2029 2793 2204 2832 omnes
2231 2779 2326 2831 uia:
2354 2779 2468 2847 ejus
2489 2779 2740 2847 justitiw.

2098 2867 2265 2923 Vens.
2310 2868 2432 2922 175.
2474 2867 2604 2922 Fiat
2638 2885 2826 2923 manus
2869 2879 2994 2937 tua,
3039 2880 3097 2924 ut
3130 2874 3295 2928 solvet
3327 2891 3407 2929 me
3428 2917 3443 2943 ,
3473 2893 3605 2947 quo-

2026 2961 2172 3014 niam
2202 2960 2463 3013 mandata
2498 2969 2591 3015 tua
2625 2962 2776 3032 elegi.
2805 2960 3012 3018 Videns
3065 2965 3494 3034 magnitudinem
3539 2970 3604 3023 il-

2026 3050 2134 3104 lius
2166 3048 2310 3118 quod
2345 3049 2399 3102 in
2433 3059 2686 3119 promptu
2715 3058 2862 3112 erat,
2895 3066 3052 3121 opcm
3103 3068 3133 3106 a
3184 3054 3294 3110 Deo
3325 3057 3599 3125 postulat,

2030 3148 2089 3193 ut
2118 3139 2376 3208 praedicta
2407 3139 2674 3208 perﬁciat.
2706 3140 2843 3194 Cum
2875 3149 3041 3209 porro
3073 3158 3268 3213 magna
3299 3149 3538 3214 postulet
3567 3164 3597 3201 a

2026 3228 2158 3293 Deo,
2190 3231 2350 3284 etiam
2379 3230 2523 3299 quod
2557 3245 2586 3282 a
2617 3245 2676 3286 se
2707 3237 2792 3284 est
2822 3230 3028 3300 profert
3059 3232 3249 3292 dicens
3285 3249 3300 3287 :
3334 3236 3600 3300 Quoniam

2027 3318 2281 3371 mandata
2308 3327 2400 3370 tua
2429 3319 2579 3388 elegi.
2606 3317 2739 3371 Nam
2765 3318 2910 3387 quod
2934 3319 2987 3373 in
3011 3334 3130 3374 mea
3155 3329 3421 3389 potestate
3445 3329 3597 3388 erat,

2025 3408 2078 3462 id
2111 3425 2142 3462 a
2173 3424 2258 3463 me
2288 3408 2569 3476 impletum
2600 3417 2703 3463 est.
2737 3408 2987 3462 Mandata
3019 3421 3111 3463 tua
3144 3409 3317 3482 elegi,
3350 3412 3479 3482 quia
3510 3413 3597 3468 di-

2023 3499 2252 3571 ligebam
2281 3514 2345 3554 ea
2364 3541 2380 3566 ,
2411 3508 2472 3552 ut
2501 3499 2757 3569 superius
2791 3500 2998 3554 dictum
3029 3507 3135 3557 est.

2093 3672 2259 3728 Vens.
2304 3675 2426 3728 l'M.
2467 3673 2752 3742 Concupivi
2797 3673 3050 3729 Salutare
3090 3685 3270 3742 tuum,
3301 3687 3350 3730 et
3374 3677 3458 3731 lea:
3503 3687 3596 3733 tua

2024 3765 2296 3818 meditatio
2324 3781 2440 3818 mea
2472 3775 2572 3819 est.
2601 3764 2756 3818 Multi
2791 3766 3072 3820 hominum
3114 3768 3345 3822 salutem
3385 3783 3595 3823 concu-

2022 3853 2278 3923 piscunt;
2309 3855 2404 3908 sed
2430 3869 2539 3907 non
2562 3856 2806 3909 salutare
2834 3854 2962 3919 Dei,
2991 3857 3088 3910 sed
3120 3857 3302 3912 carnis
3331 3858 3593 3924 salutare,

2021 3943 2167 4012 quod
2202 3944 2254 3996 in
2290 3944 2494 3998 mundo
2525 3953 2629 3999 est.
2682 3943 2833 4015 Opus
2874 3953 3060 4000 autem
3088 3955 3171 4002 est
3201 3949 3596 4017 concupiscere

2023 4033 2273 4088 Salutare
2302 4032 2435 4098 Dei;
2469 4040 2530 4086 ut
2569 4035 2622 4087 in
2653 4033 2764 4089 Deo
2790 4036 3035 4090 salutem
3084 4037 3492 4101 nanciscamur,
3539 4038 3593 4091 in

2021 4123 2140 4191 ipso
2184 4123 2568 4193 quiescamus,
2616 4134 2805 4179 sancta
2846 4127 2900 4179 in
2941 4127 3311 4182 hereditatem
3356 4129 3592 4197 accipia-

2022 4227 2184 4266 mus:
2235 4226 2361 4264 nam
2390 4212 2644 4266 Salutare
2693 4213 2786 4267 Dei
2828 4222 2913 4269 est
2935 4224 3138 4268 astet-na
3159 4215 3288 4268 vita.
3334 4215 3489 4281 Quod
3545 4219 3590 4272 si

2027 4299 2164 4355 velis
2198 4300 2363 4354 verbo
2394 4300 2684 4354 sublimius
2711 4303 2989 4370 progredi,
3027 4301 3278 4355 Salutare
3309 4302 3404 4357 Dei
3433 4304 3594 4358 Chri-

346 4391 468 4453 στός
491 4392 636 4442 ἐστιν
659 4407 672 4419 ·
722 4387 925 4458 Ἰησοῦς
948 4389 1058 4457 γὰρ
1086 4389 1464 4458 ἑρμηνεύεται,
1493 4391 1628 4444 Θεοῦ
1653 4392 1914 4462 σωτηρία.

2028 4397 2143 4443 stus
2171 4395 2254 4443 est
2287 4406 2300 4442 :
2349 4387 2510 4442 Jesus
2539 4403 2778 4458 namque
2804 4388 3130 4458 explicatur,
3160 4388 3256 4445 Dei
3287 4392 3458 4446 salus.
3493 4391 3594 4449 Hic

344 4474 511 4542 Οὗτος
542 4480 672 4549 ἡμῖν
700 4475 975 4547 ἐπέμφθη.
993 4476 1141 4537 Ὀδδς
1173 4477 1265 4530 τοῦ
1294 4479 1681 4542 ἐπιποθοῦντος
1719 4478 1781 4531 τὺ
1810 4480 1922 4532 Σω-

341 4570 527 4640 τήριον
552 4568 643 4621 τοῦ
674 4567 828 4629 Θεοῦ,
857 4567 918 4619 τὸ
954 4566 1047 4619 τὸν
1075 4567 1235 4635 νόμον
1276 4563 1413 4621 εἶναι
1439 4570 1665 4640 μελέτην
1697 4568 1773 4640 τῷ
1799 4571 1920 4623 ἐπι-

345 4656 618 4719 ποθοῦντι,
647 4655 1137 4727 προαναφωνοῦντα
1179 4657 1276 4727 τὴν
1321 4657 1476 4728 δεῦρο
1509 4661 1672 4715 αὐτοῦ
1715 4657 1916 4729 ἄφιξιν.

345 4747 527 4816 Νόμιον
550 4747 605 4798 δὲ
631 4747 866 4802 ἐνταῦθα
884 4748 1038 4800 καλεῖ
1066 4749 1246 4801 πᾶσαν
1272 4748 1371 4818 τὴν
1395 4750 1624 4805 παλαιὰν
1641 4755 1738 4807 καὶ
1771 4753 1918 4808 θείαν

255 4877 262 4882 ς
343 4839 586 4909 Γραφήν.

413 4927 668 4992 Ζήσεται
692 4929 731 4994 ἠ
751 4926 920 4996 ψυχή
939 4945 1080 4997 μου,
1098 4928 1194 4982 καὶ
1220 4928 1445 4982 αἰνέσει
1471 4946 1562 4995 σε,
1586 4932 1684 4986 καὶ
1707 4933 1779 4987 τὰ
1796 4935 1918 5002 κρί-

337 5014 496 5093 ματά
540 5029 656 5068 σου
695 5016 990 5084 βοηθήσει
1029 5034 1151 5086 μοι.
1191 5019 1286 5080 Είς
1313 5017 1404 5070 τὸν
1439 5018 1696 5088 μέλλοντα
1727 5023 1918 5092 χρόνον

342 5105 610 5157 ἐνέκλειεν
635 5106 734 5176 τὴν
758 5103 904 5176 ζωὴν
929 5107 1031 5176 τῆς
1051 5107 1249 5177 ψυχῆς.
1268 5108 1328 5164 Ἡ
1353 5109 1461 5179 γὰρ
1501 5107 1610 5178 ζωὴ
1633 5112 1799 5180 ἡμῶν
1828 5113 1917 5167 κέ-

343 5213 594 5262 κρυπται
622 5197 743 5250 σὺν
770 5197 1002 5265 Χριστῷ
1025 5200 1095 5251 ἐν
1123 5199 1203 5263 τῷ
1234 5198 1374 5264 Θεῷ.
1394 5201 1526 5253 Τότε
1559 5203 1788 5274 ὑμνήσει
1813 5223 1913 5258 κυ-

343 5286 473 5356 ρίως
499 5285 589 5339 τὸν
619 5287 771 5341 Θεόν.
805 5289 915 5342 Καὶ
946 5289 1018 5342 τὰ
1055 5291 1308 5359 κρίματα
1333 5306 1450 5345 σου
1471 5292 1766 5361 βοηθήσει
1789 5314 1909 5363 μοι.

353 5374 476 5426 Ἐπὶ
509 5374 729 5446 βοηθείᾳ
755 5377 863 5430 τῶν
898 5381 1230 5450 κρινομένων
1261 5381 1330 5434 τὰ
1363 5381 1600 5452 κρίματα
1642 5383 1734 5437 τοῦ
1778 5386 1911 5440 Θεοῦ

338 5463 567 5544 γίνεται.
613 5466 772 5520 Ἀλλὰ
815 5467 948 5540 ἄλλη
997 5471 1277 5541 παρρησία
1328 5470 1578 5542 βοηθείας
1630 5475 1911 5546 κριμθτων

416 5634 464 5667 ’⁸
500 5633 658 5692 Joan.
697 5654 808 5705 xiv,
846 5639 899 5694 6.
973 5643 1016 5675 ³⁷
1058 5640 1268 5699 Coloss.
1303 5659 1392 5711 ns,
1424 5645 1477 5701 3.

2023 4486 2107 4533 est
2133 4478 2228 4546 qui
2259 4476 2420 4531 nobis
2472 4477 2676 4531 missus
2718 4484 2822 4532 est.
2865 4476 2962 4531 Via
3007 4479 3452 4547 concupiscentis
3486 4479 3590 4534 Sa-

2022 4571 2200 4624 lutare
2235 4567 2331 4623 Dei
2359 4576 2479 4633 est,
2516 4576 2576 4622 ut
2605 4568 2709 4623 sibi
2753 4569 3164 4638 concupiscenti
3204 4570 3483 4625 meditatio
3516 4571 3590 4627 sit

2022 4662 2104 4717 lex
2126 4700 2142 4726 ,
2175 4675 2296 4730 qua:
2325 4659 2444 4728 ejus
2470 4658 2538 4712 ad
2567 4674 2670 4713 nos
2701 4659 2994 4714 adventum
3015 4660 3360 4729 praenuntiat.
3393 4660 3587 4731 Legem

2019 4759 2201 4805 autem
2228 4751 2317 4804 hic
2347 4756 2507 4804 vocat
2548 4756 2716 4804 totam
2765 4758 3002 4804 veterem
3045 4764 3109 4804 ac
3156 4749 3397 4804 divinam
3437 4739 3588 4806 Scri~

2019 4849 2255 4909 pturam.

2092 4935 2262 4990 Vens.
2303 4935 2435 4998 l75,
2479 4933 2602 4988 l76.
2654 4933 2800 4988 Vivet
2837 4933 3019 4987 anima
3057 4950 3208 5001 mea,
3256 4944 3307 4988 et
3343 4936 3589 4990 laudabit

2020 5036 2098 5087 te,
2131 5035 2181 5079 et
2208 5025 2414 5094 judicia
2439 5035 2530 5076 tua
2560 5024 2884 5092 adjuuabunt
2917 5040 3016 5078 me.
3047 5023 3104 5078 ln
3135 5024 3319 5079 futuro
3342 5035 3589 5096 tempore

2016 5116 2180 5170 vitam
2208 5114 2401 5168 animae
2431 5114 2683 5168 includit.
2733 5114 2852 5167 Vita
2881 5115 3026 5168 enim
3061 5125 3244 5169 nostra
3273 5117 3585 5170 abscondita

2015 5216 2093 5260 est
2122 5222 2241 5259 cum
2270 5204 2480 5261 Christo
2511 5207 2564 5258 in
2599 5205 2703 5258 Deo
2742 5206 2809 5260 ³⁷.
2842 5203 2996 5260 Tunc
3026 5205 3192 5262 Deum
3226 5207 3442 5276 proprie
3469 5209 3586 5260 lau-

2020 5296 2191 5351 dabit.
2229 5295 2297 5348 Et
2345 5295 2554 5364 judicia
2587 5305 2679 5348 tua
2724 5296 3046 5365 adjuvabunt
3080 5315 3178 5351 me.
3213 5298 3294 5350 Ad
3323 5299 3583 5351 auxilium

2014 5402 2203 5442 eorum
2223 5427 2238 5452 ,
2267 5387 2336 5442 de
2361 5387 2560 5457 quibus
2587 5388 2890 5457 judicatur,
2913 5390 3120 5459 judicia
3162 5389 3251 5442 Dei
3282 5387 3433 5442 ﬁunt.
3471 5387 3580 5442 Ve-

2013 5494 2134 5534 rum
2186 5479 2292 5534 alia
2340 5479 2525 5535 auxilii
2582 5480 2637 5536 in
2672 5481 2895 5552 iudiciis
2921 5480 3126 5538 ferendi
3169 5478 3366 5535 ﬁducia
3410 5493 3578 5549 penes
