3948 6286
1291 310 2601 864 “sese

415 965 1635 1106 ΥΠΟΜΝΗΜΑΤΑ
1723 973 1984 1100 ΕΙΣ
2079 969 2534 1104 ΤΟΥΣ
2607 972 3501 1112 ΨΑΑΜΟΥΣ.

686 1409 1734 1625 EUSEBII
1925 1405 3248 1622 PAMPHILI

1078 1755 1903 1925 ﬂﬂMMENTARIA
2011 1769 2142 1922 IN
2255 1769 2826 1928 PSALMOS.

333 2039 434 2101 Ea:
477 2057 628 2099 mss.
661 2039 985 2100 codicibus
1032 2046 1232 2120 eruta,
1276 2036 1500 2120 Latine
1529 2055 1731 2120 versa,
1771 2055 1841 2097 ac
1869 2036 2434 2120 _no_tis_illustrat_a,
2467 2039 2678 2120 studio
2719 2049 2776 2100 et
2807 2059 2999 2120 opera
3029 2043 3106 2102 D.
3147 2043 3462 2106 Bernardi
3493 2047 3590 2107 Β.

447 2120 928 2191 Mou'rnucou,
961 2118 1317 2196 presbyteri
1354 2125 1412 2176 et
1442 2118 1731 2178 monachi
1771 2115 2016 2177 ordinis
2050 2117 2115 2178 S.
2163 2117 2512 2194 Benedicti,
2545 2137 2574 2178 e
2605 2115 3084 2198 congregatione
3111 2121 3176 2184 S.
3219 2124 3458 2186 Mauri.

376 344 3009 357 WWWWW
3270 354 3555 361 m‘___

883 2277 1128 2346 (Collectio
1149 2293 1270 2331 nova
1291 2282 1499 2330 Patrum
1527 2286 1574 2330 et
1593 2277 1884 2342 scriptorum
1905 2279 2200 2339 Griecorum,
2227 2279 2448 2342 Parisiis,
2477 2280 2616 2344 1707,
2641 2280 2824 2343 in-fol.,
2849 2290 2966 2332 tom.
3003 2283 3066 2348 Ι.)

1939 2481 2010 2493 ._-

1036 2561 1591 2624 CLEMENTI
1659 2563 1770 2624 XI
1817 2565 2382 2630 PONTIFICI
2435 2567 2872 2635 MAXIMO.

408 2687 566 2747 Cum
597 2701 718 2763 per
746 2683 1090 2744 Romanum
1120 2683 1314 2742 otium
1343 2681 1653 2760 colloquio
1683 2701 1810 2744 non
1837 2685 2024 2745 semel
2049 2681 2344 2764 dignatus
2367 2695 2502 2760 tuo,
2526 2689 2930 2751 Sanetissime
2959 2694 3188 2772 Pater,
3219 2699 3581 2762 Graecarum

327 2805 482 2866 quas
513 2786 798 2864 apprime
841 2783 1047 2856 calles,
1081 2781 1564 2860 disciplinarum
1587 2787 1922 2844 maximam
1949 2787 2020 2846 in
2049 2795 2106 2845 te
2135 2805 2353 2846 curam
2382 2789 2950 2864 animadverterim,
2998 2815 3068 2856 ea
3100 2801 3254 2862 mihi
3297 2821 3435 2862 cum
3463 2803 3580 2864 sti-

331 2889 534 2948 mulos
578 2887 846 2958 addidit,
879 2895 950 2946 ut
974 2889 1110 2967 jam
1151 2885 1364 2946 multis
1409 2887 1594 2947 annis
1643 2888 1872 2948 initum
1905 2887 2268 2946 Graecarum
2309 2891 2641 2950 Musarum
2683 2896 3076 2956 curriculum
3114 2917 3576 2980 prosequerer:

337 2999 468 3048 tum
497 2991 731 3050 animos
765 2989 938 3068 fecit,
967 2993 1038 3046 ut
1065 2986 1245 3046 hasce
1278 2985 1747 3046 lucubrationes
1775 3003 1939 3043 meas
1967 2985 2308 3046 Sanetitati
2349 2989 2494 3046 Tum
2526 3007 2976 3068 nuncuparem.
3004 2994 3122 3056 Est
3151 3000 3382 3078 quippe
3414 3002 3579 3062 illud

339 3091 424 3150 iis
459 3090 568 3167 qui
609 3099 879 3149 veterum
907 3090 1319 3148 monumentis
1355 3085 1641 3147 eruendis
1672 3097 1910 3146 aetatem
1941 3095 2296 3158 conterunt,
2331 3105 2440 3148 nec
2475 3087 2784 3152 modicum
2813 3091 2895 3152 ad
2938 3111 3189 3172 operam
3225 3100 3577 3162 navandum

335 3190 824 3261 incitamentum,
857 3207 994 3248 cum
1025 3190 1076 3248 ii
1105 3189 1213 3266 qui
1245 3187 1550 3264 dignitate
1583 3195 1640 3246 et
1669 3186 2082 3266 amplitudine
2117 3189 2358 3248 caeteris
2379 3198 2712 3266 prastant,
2761 3210 2977 3270 parem
3027 3195 3097 3255 in
3139 3215 3209 3256 re
3255 3198 3574 3263 litterario

335 3289 600 3371 gradum
641 3299 832 3368 gustu
863 3297 920 3350 et
943 3289 1184 3366 peritia
1217 3306 1429 3346 rerum
1458 3289 1740 3372 assecuti.
1771 3295 1938 3348 sunt.
1976 3287 2130 3349 Cum
2169 3299 2399 3362 autem,
2433 3290 2839 3352 Sanctissime
2869 3295 3098 3370 Pater,
3136 3298 3233 3358 rei
3282 3301 3573 3364 ecclesia-

335 3391 508 3452 stica'
523 3392 722 3470 juxta
749 3409 821 3449 ac
851 3388 1180 3450 litterariae
1195 3385 1404 3468 judex
1431 3387 1786 3465 arbiterque
1833 3386 2068 3462 sedeas,
2103 3407 2368 3466 quorum
2407 3387 2586 3450 aliud
2616 3391 2734 3452 tibi
2782 3411 3019 3452 summa
3060 3397 3266 3456 virtus
3299 3403 3573 3462 omnium

336 3492 672 3571 conjuncta
700 3490 862 3552 votis
894 3488 1140 3562 detulit,
1169 3487 1346 3548 aliud
1385 3489 1618 3548 eximia
1645 3487 2132 3566 disciplinarum
2163 3490 2437 3549 omnium
2463 3489 2698 3551 notitia
2731 3510 2858 3551 una
2885 3495 3285 3566 conciliavit;
3317 3501 3420 3561 cui
3437 3518 3562 3578 po-

337 3595 466 3654 tius
495 3590 705 3650 labore
737 3599 794 3650 et
823 3587 1048 3648 sudore
1079 3595 1298 3646 nostro
1323 3593 1518 3666 parta
1548 3587 1904 3666 offeramus,
1938 3603 2120 3664 quam
2155 3590 2210 3648 ei
2240 3590 2348 3667 qui
2369 3607 2496 3648 non
2525 3589 2876 3651 eruditione
2905 3595 3110 3655 minus
3143 3614 3325 3676 quam
3353 3597 3570 3678 digni-

338 3701 462 3752 tate
492 3691 730 3752 caateris
768 3689 1149 3750 antecellat?

415 3792 672 3853 Eusebii
711 3793 917 3869 itaque
951 3794 1157 3878 nostri
1191 3792 1648 3854 Commentario
1676 3794 1746 3854 in
1796 3792 2066 3872 psalmos
2099 3793 2442 3856 Sanctitati
2479 3797 2625 3856 Tute
2652 3795 2957 3858 sistimus.
2994 3796 3166 3875 Opus
3207 3817 3354 3860 sane
3399 3819 3573 3880 egre-

338 3897 527 3972 gium,
575 3895 633 3954 si
671 3893 1024 3970 Scriptura:
1052 3910 1246 3952 sacra:
1276 3893 1592 3964 notitiam,
1623 3901 1903 3952 veterum
1937 3894 2358 3974 interpretum
2383 3896 2702 3974 copiosam
2737 3896 3210 3974 supellectilem,
3249 3898 3463 3962 doctas
3491 3901 3571 3962 de

336 3995 634 4073 cujusque
659 3995 895 4073 psalmi
923 4001 1180 4052 auctore
1213 4001 1272 4051 et
1301 4001 1574 4071 tempore
1606 3994 2070 4054 observationes
2101 3995 2505 4072 spectaveris.
2539 3997 2681 4058 Huc
2709 3996 3012 4058 accedunt
3039 3999 3394 4078 frequentes
3423 4020 3572 4062 con-

335 4104 438 4154 tra
467 4097 680 4156 atheos
709 4114 780 4155 ac
811 4095 1036 4172 impios
1067 4095 1484 4161 velitationes,
1525 4113 1597 4155 ac
1647 4093 1719 4154 de
1763 4092 2161 4154 Psalmorum
2205 4098 2534 4168 sententia,
2573 4105 2703 4156 tum
2749 4095 3040 4169 litterali,
3097 4107 3227 4158 tum
3256 4108 3569 4178 mystago-

329 4197 478 4273 gica
503 4194 992 4254 accuratissimaa
1022 4189 1478 4265 meditationes,
1509 4201 1566 4252 et
1599 4193 1732 4253 alia
1761 4191 1958 4252 multa
2005 4193 2177 4270 queis
2209 4193 2501 4254 rudiores
2532 4195 2726 4256 animi
2756 4193 2837 4254 ad
2871 4196 3173 4272 pietatem
3193 4241 3208 4271 ,
3239 4201 3572 4279 perfectio-

329 4313 436 4354 res
467 4306 690 4366 autem,
719 4293 798 4353 ad
830 4294 1150 4354 sublimem
1179 4291 1526 4370 Scriptura:
1555 4310 1748 4352 sacra:
1775 4294 2070 4354 notitiam
2097 4293 2435 4373 informari
2461 4295 2686 4356 solent.
2713 4295 2856 4354 Haec
2882 4312 2961 4354 ea:
2989 4293 3300 4356 diuturna
3333 4307 3564 4357 tracta-

331 4400 504 4458 tione
557 4395 906 4468 Eusebius,
969 4393 1288 4471 Pamphili
1329 4393 1630 4469 martyris
1677 4393 2158 4470 Scripturarum
2227 4394 2634 4454 scientissimi
2684 4394 3094 4456 contubernio
3145 4395 3558 4466 nobilitatus,

331 4495 620 4573 apprime
645 4493 884 4564 calluit,
916 4495 1044 4555 haec
1073 4494 1248 4550 docte
1278 4488 1578 4550 disseruit
1611 4497 1670 4548 et
1697 4493 2102 4569 explanavit;
2137 4490 2302 4550 unde
2331 4495 2554 4556 merito
2587 4512 2732 4552 sane
2759 4490 3183 4574 Hieronymus
3211 4493 3568 4555 eruditissi-

333 4616 464 4657 mos
509 4599 690 4660 hosce
731 4597 1220 4659 Commentarios
1269 4611 1397 4652 esse
1439 4595 1842 4670 pronuntiat.
1878 4593 2158 4668 Quorum
2193 4605 2367 4656 tanta
2411 4596 2538 4675 fuit
2565 4594 2736 4674 apud
2775 4605 3011 4658 veteres
3052 4597 3562 4666 existimatio,,ut

333 4699 754 4762 Occidentalis
805 4701 1106 4762 Ecclesiae
1150 4701 1356 4760 lumen
1401 4695 1564 4758 illud
1593 4696 1902 4788 Eusebius
1943 4697 2348 4759 Vercellensis
2395 4699 2464 4759 in
2491 4697 2866 4758 Latinorum
2909 4717 3088 4759 usum
3133 4707 3328 4758 totum
3378 4715 3560 4777 opus,

333 4800 631 4863 submotis
667 4810 870 4862 tamen
913 4803 995 4862 iis
1025 4818 1158 4878 quae
1195 4799 1622 4859 Ariunismum
1666 4787 1926 4868 olerent,
1977 4797 2198 4857 Latine
2231 4799 2474 4876 fecerit.
2525 4798 2732 4877 Hujus
2767 4816 2879 4858 nos
2940 4797 3328 4874 diligentiam
3379 4787 3560 4857 temu-

333 4901 551 4975 lantes,
583 4921 684 4976 ne,
717 4903 970 4982 jamdiu
1020 4903 1182 4962 tanti
1211 4902 1337 4960 viri
1382 4899 1903 4976 interpretatione
1935 4895 2183 4970 ami'ssa,
2215 4907 2438 4958 nostra
2468 4908 2613 4959 tetas
2643 4901 2756 4962 hoc
2799 4899 3038 4977 insigni
3081 4913 3265 4975 opere
3310 4897 3553 4972 orbata,

325 5003 616 5079 segnitiei
643 5001 824 5062 nobis
853 5010 1063 5062 notam
1091 5003 1399 5072 inure-ret,
1442 5017 1520 5059 ea:
1549 4997 1958 5059 bibliothecis}
1978 5008 2225 5058 erutum
2256 5007 2315 5058 et
2339 4997 2560 5060 Latine
2589 5017 2837 5059 versum
2869 4995 3290 5076 publicamus,
3322 4996 3556 5075 tibique

327 5103 675 5182 offerimus,
710 5112 783 5163 ut
814 5105 965 5177 tuis,
991 5101 1394 5162 Sanctissime
1424 5101 1640 5170 Pater,
1677 5099 1984 5175 auspiciis
2014 5099 2264 5177 felicius
2295 5100 2364 5160 in
2395 5099 2590 5159 lucem
2625 5097 2910 5178 prodeat,
2943 5104 3117 5173 teque
3157 5093 3310 5156 duce
3336 5095 3556 5178 faciles

328 5201 448 5263 sibi
475 5211 658 5281 paret
687 5201 768 5262 ad
795 5201 1241 5280 rempublicam
1272 5200 1648 5262 litterariam
1673 5196 1906 5260 aditus.

409 5306 631 5366 Verum
675 5323 806 5365 non
852 5302 1119 5383 perinde
1153 5303 1503 5364 laudandus
1532 5303 1796 5363 Eusebii
1826 5311 2085 5362 conatus
2111 5301 2456 5362 Sanctitati
2491 5303 2636 5362 Tum
2663 5299 2976 5374 videatur,
3009 5299 3068 5362 si
3093 5297 3175 5360 ad
3203 5297 3558 5360 doctrinam

317 5402 391 5467 de
427 5407 768 5478 Trinitate,
805 5406 863 5467 si
905 5403 986 5464 ad
1027 5405 1312 5466 vitiatam
1355 5404 1429 5465 de
1489 5403 1676 5464 Verbo
1715 5405 1833 5464 Dei
1880 5404 2248 5464 sententiam
2281 5403 2556 5463 animum
2583 5401 2945 5464 attenderis.
2979 5403 3098 5462 Est
3126 5403 3288 5462 enim
3319 5417 3554 5471 eorum,

319 5525 428 5587 qm
455 5511 648 5572 nimis
671 5510 925 5586 ingenio
957 5508 1376 5588 doctrinaeque
1397 5529 1526 5570 sua:
1544 5508 1770 5587 ﬁdunt,
1791 5516 2140 5586 perpetuus
2171 5507 2277 5568 ille
2311 5503 2629 5583 scopulus,
2657 5513 2730 5565 ut
2757 5521 2896 5568 cum
2925 5523 3037 5566 suo
3067 5511 3261 5564 marte
3293 5501 3556 5579 religio-

255 5643 258 5646 -
319 5612 418 5677 nis
465 5611 686 5692 capita
730 5606 988 5685 deﬁnire
1019 5609 1310 5676 audeant.
1365 5630 1404 5669 a
1452 5629 1612 5672 vero:
1665 5607 1810 5686 ﬁdei
1850 5609 2097 5668 tramite
2137 5607 2378 5684 passim
2411 5605 2724 5676 aberrent.
2771 5607 3022 5668 Possem
3064 5602 3548 5692 innumerabiles

641 5710 921 5770 Ριτιιοι.
955 5708 1070 5767 Gn.
1127 5705 1364 5774 XXIII.

3121 5709 3153 5766 1
