3948 6286
407 334 470 389 ll
1072 335 1337 392 EUSEBII
1374 330 1853 391 CASSARIENSIS
1892 329 1966 387 ΟΡ

2083 329 2264 386 PARS
2305 328 2390 387 Ill.
2433 361 2507 374 —
2540 332 2950 393 EXEGETICA.
3561 337 3631 393 η

404 456 719 533 proferre,
759 456 867 533 qui
903 473 1063 515 nova
1092 464 1329 517 tentata
1358 456 1492 535 ejus
1525 451 1935 531 explananda
1962 450 2086 522 via,
2116 452 2521 529 naufragium
2546 453 2868 531 fecerunt;
2899 471 3113 514 verum
3137 471 3302 514 unus
3335 460 3463 513 esto
3490 453 3627 514 Eu-

403 557 610 618 sebius
641 558 797 618 satis
829 580 847 619 :
880 559 936 619 is
969 560 1037 621 in
1071 559 1418 638 exemplum
1472 557 1716 620 cunctis
1756 554 2082 635 offeratur.
2126 553 2282 615 Nam
2320 556 2377 614 si
2423 556 2525 615 vir
2556 553 2664 615 ille
2699 564 2934 626 tantus,
2978 565 3070 617 tot
3114 554 3474 635 disciplinis
3506 569 3622 621 eat-

402 658 635 728 cultus,
672 659 782 720 ubi
824 678 955 719 sese
1000 659 1265 737 ﬁdenter
1301 675 1625 718 sacrorum
1657 657 2060 734 interpretem
2100 646 2431 732 praestitit,
2471 662 2712 714 tantum
2741 674 2780 715 a
2824 674 2983 716 vera:
3027 656 3291 734 pietatis
3321 658 3630 720 sententia

402 756 754 837 deﬂexerit,
786 758 937 839 quid
960 761 1105 822 aliis
1128 756 1528 839 sperandum,
1558 758 1668 837 qui
1704 775 1833 816 non
1857 755 2124 835 paribus
2157 755 2396 831 ingenii
2425 754 2840 834 doctrinaeque
2873 754 3123 817 dotibus
3152 758 3475 831 instructi,
3503 778 3624 838 pa-

401 877 533 918 rem
558 870 758 922 tamen
785 861 981 921 aleam
1010 862 1222 923 subire
1252 881 1379 921 non
1400 868 1739 920 vereantur
1762 860 1791 918 ?
1824 859 1977 930 Una,
2004 876 2131 917 una
2162 866 2251 916 est
2278 874 2435 916 verae
2462 855 2608 934 ﬁdei
2630 858 2926 929 anchora,
2962 865 3201 917 statuta
3226 858 3467 919 scilicet
3496 859 3626 919 Ec—

403 958 603 1021 clesia:
634 981 655 1018 :
684 962 871 1042 hujus
926 969 1017 1034 tu,
1050 962 1289 1022 Summe
1325 960 1647 1040 Pontifex,
1681 964 1891 1036 caput,
1924 955 2305 1033 antistesque
2354 972 2702 1027 sacrorum,
2738 956 2843 1015 cui
2873 955 3209 1033 religionis
3226 956 3392 1035 jura
3420 954 3628 1016 dicere

400 1063 470 1122 in
499 1060 703 1138 ofﬁcio
733 1069 844 1124 est.
880 1061 968 1123 Ab
997 1064 1109 1124 hac
1148 1081 1293 1122 vero
1337 1078 1556 1121 norma
1606 1059 1886 1138 quisquis
1916 1056 2326 1129 aberraverit,
2360 1057 2506 1118 huic
2549 1065 2830 1117 extrema
2865 1063 2922 1117 et
2958 1064 3129 1117 certa
3178 1057 3495 1136 pernicies
3535 1066 3625 1119 est

398 1160 970 1338 96:42:35??in
1002 1259 1082 1321 ad
1107 1260 1293 1340 pedes
1320 1259 1687 1323 Sanctitatis
1723 1259 1873 1319 Tua:
1910 1256 2223 1317 Eusebius
2252 1256 2359 1317 ille
2390 1256 2727 1336 Pamphili,
2760 1266 2831 1319 ut
2862 1258 2994 1338 ejus
3023 1263 3097 1325 de
3148 1259 3337 1321 Verbo
3366 1257 3484 1321 Dei
3511 1256 3619 1317 do-

395 1364 625 1435 ctrina,
663 1378 842 1441 quam
873 1379 1011 1421 cum
1048 1381 1127 1424 ex
1163 1364 1612 1443 pestiferorum
1654 1361 1970 1424 hominum
2000 1356 2253 1437 afﬂatu,
2286 1368 2415 1416 tum
2453 1375 2531 1417 ex
2577 1358 2821 1436 ingenii
2860 1360 2962 1421 sui
3009 1361 3277 1423 arbitrio
3319 1359 3614 1445 protulit,

387 1460 696 1542 Judicium
736 1461 956 1524 subeat
1010 1470 1203 1524 tuum.
1246 1464 1462 1527 Verum
1505 1458 1736 1521 talibus
1782 1465 2044 1519 onustus
2085 1456 2391 1518 mercibus
2422 1459 2534 1519 vix
2579 1469 2977 1539 conspectum
3016 1460 3197 1523 illum
3244 1462 3465 1540 ferret,
3496 1461 3612 1521 vix

394 1562 566 1623 illam
615 1562 937 1624 oculorum
984 1564 1231 1642 orisque
1278 1562 1644 1641 dignitatem
1685 1560 2075 1633 sustineret,
2132 1560 2262 1620 nisi
2300 1560 2605 1638 permista
2650 1562 2832 1621 malis
2875 1561 3038 1622 bona
3084 1562 3453 1632 innumera,
3485 1559 3628 1622 nisi-

393 1660 589 1720 multa
619 1660 895 1740 offerret,
928 1678 1060 1740 quae
1076 1661 1314 1740 passim
1342 1661 1411 1721 in
1441 1677 1628 1739 opere
1656 1657 1909 1737 decerpi
1931 1659 2187 1736 possint
2217 1658 2621 1719 emolumenta
2644 1680 2664 1719 :
2693 1668 2761 1721 ut
2793 1661 2905 1722 hac
2936 1662 3006 1721 in
3032 1678 3099 1721 re
3125 1659 3305 1721 nobis
3360 1658 3619 1720 Eusebii

393 1758 784 1837 diligentiam
826 1760 1089 1820 laudare
1125 1760 1328 1833 liceat,
1360 1760 1417 1819 si
1443 1760 1648 1820 minus
1685 1759 1871 1819 liceat
1910 1760 1978 1818 in
2010 1758 2165 1818 aliis
2184 1756 2485 1819 doctrina:
2517 1760 2958 1821 sinceritatem.
2990 1760 3119 1821 Nos
3155 1776 3323 1831 vero,
3352 1758 3465 1818 etsi
3486 1775 3612 1837 pro

392 1877 563 1920 more
591 1868 809 1920 nostro
838 1859 961 1921 hxc
991 1857 1072 1917 ad
1102 1857 1382 1918 codicum
1411 1855 1612 1936 ﬁdem,
1643 1857 1744 1916 uti
1774 1873 1836 1914 se
1879 1853 2130 1927 dabant,
2158 1854 2418 1932 publica
2445 1857 2797 1936 fecerimus,
2836 1857 3098 1919 Eusebii
3132 1865 3333 1917 tamen
3367 1856 3604 1917 Vercel-

393 1954 582 2017 lensis
613 1957 961 2017 cautionem
995 1955 1124 2017 alia
1163 1955 1450 2016 cautione
1486 1970 1821 2033 pensamus
1846 1974 1866 2013 :
1889 1954 1958 2014 in
1979 1953 2518 2032 prxliminaribus
2550 1958 2804 2035 quippe,
2845 1956 3108 2017 Eusebii
3140 1954 3212 2015 de
3256 1955 3447 2015 Verbo
3490 1952 3605 2015 Dei

391 2057 766 2134 opinionem,
798 2073 925 2116 non
963 2074 1043 2117 ex
1077 2056 1174 2118 his
1216 2054 1392 2115 modo
1441 2055 1955 2125 Commentariis,
2004 2056 2111 2115 sed
2142 2073 2223 2116 ex
2266 2055 2411 2116 aliis
2455 2056 2601 2115 item
2644 2057 2902 2135 scriptis
2946 2054 3217 2135 ejusdem
3261 2056 3604 2133 aperimus.

390 2154 785 2233 confutamus
815 2174 833 2213 :
863 2172 936 2214 ac
963 2171 1039 2213 ne
1081 2152 1311 2213 malum
1345 2152 1608 2213 occultis
1639 2150 1901 2213 subinde
1931 2152 2138 2215 verbis
2178 2153 2535 2213 obvolutum
2566 2153 2756 2213 latius
2798 2162 3033 2232 serpat,
3066 2172 3105 2211 a
3130 2153 3355 2232 quibus
3391 2171 3612 2214 caven-

387 2252 533 2313 dum
556 2254 639 2314 sit
669 2252 1038 2326 indicamus,
1073 2262 1130 2314 et
1154 2262 1520 2332 argumenta
1548 2261 1771 2313 contra
1799 2252 1980 2330 ﬁdem
2010 2254 2218 2315 oblata
2249 2272 2370 2332 pro
2401 2254 2577 2314 virili
2609 2252 3006 2333 depellimus.

466 2357 635 2419 Huic
681 2366 916 2419 nostra
975 2374 1200 2436 operte,
1243 2356 1645 2417 Sanctissime
1674 2356 1886 2430 Pater,
1921 2357 1977 2416 si
2023 2357 2329 2418 calculum
2373 2355 2713 2429 addideris,
2754 2357 2812 2417 si
2852 2357 2976 2418 haec
3018 2355 3225 2418 studio
3249 2356 3605 2435 vigiliisque

386 2458 623 2519 nostris
652 2467 847 2536 parta
877 2456 1113 2519 lubenti
1140 2458 1346 2517 animo
1378 2458 1719 2535 acceperis,
1751 2477 1914 2519 unus
1939 2458 2119 2519 nobis
2148 2461 2356 2519 instar
2385 2460 2654 2518 omnium
2683 2469 2907 2519 auctor
2936 2460 3083 2531 eris,
3103 2469 3171 2520 ut
3206 2459 3444 2521 ceteris
3473 2474 3606 2537 qua

387 2573 504 2635 per
534 2558 729 2618 otium
754 2566 1091 2638 parantur,
1123 2557 1401 2619 alacrius
1447 2576 1694 2618 manum
1734 2558 2185 2618 admoveamus.
2225 2560 2308 2618 Te
2343 2559 2574 2638 quippe
2613 2560 2728 2621 hoc
2760 2561 2829 2621 in
2867 2561 3126 2624 honoris
3158 2563 3448 2633 culmine,
3490 2562 3606 2622 hac

388 2660 458 2721 in
503 2658 757 2738 specula
790 2659 1057 2733 sedente,
1091 2658 1170 2720 ad
1196 2662 1455 2722 virtutis
1497 2660 1795 2734 studium,
1832 2671 1891 2722 et
1920 2659 2003 2720 ad
2038 2661 2396 2721 litterarum
2435 2662 2674 2723 cultum
2717 2675 3034 2727 acuuntur
3061 2667 3300 2733 animi;
3343 2673 3413 2726 ut
3465 2683 3607 2744 spes

386 2760 473 2821 sit
506 2760 905 2841 afﬂictam-et
930 2759 1234 2820 labantem
1258 2762 1325 2822 in
1347 2760 1478 2822 dies
1507 2779 1638 2821 rem
1667 2760 2045 2823 litterariam
2072 2780 2185 2841 ope
2215 2771 2273 2821 et
2301 2764 2660 2841 patrocinio
2686 2773 2792 2824 tuo
2824 2775 3247 2827 restauratum
3280 2766 3388 2828 iri.
3422 2765 3605 2841 Quod

387 2862 555 2922 omni
580 2861 1040 2940 exspectatione
1072 2862 1382 2923 maturius
1418 2860 1680 2934 accidet,
1703 2861 1759 2921 si
1785 2861 1965 2923 nobis
1994 2863 2205 2944 fausta
2248 2864 2653 2941 precantibus
2680 2866 2906 2946 faverit
2938 2867 3209 2927 omnium
3251 2864 3607 2929 moderator

386 2958 515 3029 ille,
545 2957 652 3036 qui
676 2956 860 3019 rebus
879 2958 1530 3037 prospicithumanis,
1562 2976 1673 3019 nec
1704 2966 1762 3018 te
1804 2957 1981 3019 modo
2015 2960 2389 3022 incolumem
2417 2961 2657 3025 diutius
2688 2967 3050 3038 servaverit,
3083 2964 3189 3025 sed
3220 2967 3403 3025 etiam
3434 2976 3606 3028 tran-

389 3055 586 3135 quilla
614 3064 963 3136 pacataque
997 3065 1277 3138 tempora
1308 3058 1478 3139 plebi
1504 3077 1631 3121 sua:
1648 3058 2030 3136 providerit,
2064 3059 2231 3139 quod
2259 3080 2396 3123 cum
2417 3064 2648 3141 primis
2679 3066 3010 3144 efﬂagitat,

1677 3159 2048 3221 Sanctitatis
2084 3162 2249 3235 Tute,

2471 3325 3116 3406 Obsequentissimus
3154 3337 3216 3391 et
3253 3330 3441 3394 addi-

2555 3405 2876 3467 ctisSimus
2895 3407 3063 3468 ﬁlius
3099 3415 3160 3469 et
3190 3426 3440 3479 servus.

2471 3503 2541 3564 F.
2603 3504 2788 3565 Bern.
2822 3506 2929 3566 -Ds
2972 3508 3437 3572 Mon'rruucou.

391 3665 3581 3706 Μ

1388 3835 2582 3968 ΡΒλἘΕΙΜΙΝΑΒΙΑ

751 4101 875 4191 ΙΝ
952 4096 1431 4190 EUSEBII
1505 4088 2382 4185 COMMENTARIA
2457 4091 2582 4181 IN
2660 4092 3224 4249 PSAEMOS.

949 4404 1367 4464 PROLEMIUM.
1956 4419 1999 4470 Α
2029 4405 2210 4475 prodit
2235 4403 2500 4462 Eusebius

2047 4405 2210 4461 irodit
2235 4403 2500 4462 Eusebius
2534 4409 2665 4480 :qui
2696 4410 2744 4466 si
2786 4421 3045 4481 quantam
3095 4414 3439 4484 eruditionis,
3467 4426 3606 4474 tan-

444 4499 680 4575 Tantum
707 4495 808 4555 sibi
843 4510 1039 4551 nomen
1072 4497 1128 4551 in
1150 4512 1209 4552 re
1237 4497 1501 4553 litteraria
1523 4499 1729 4569 peperit
1758 4497 1930 4553 Euse-
2035 4507 2144 4550 tam
2174 4497 2401 4553 sincem
2422 4498 2544 4555 tidei
2570 4500 2785 4556 laudem
2810 4503 3044 4566 tulisset,
3065 4504 3154 4558 vix
3180 4520 3362 4575 parem
3384 4507 3608 4564 admit-

374 4590 499 4646 bius
522 4571 894 4650 Casariensis,
920 4594 1116 4640 utcum
1147 4587 1201 4641 in
1219 4588 1340 4658 ejus
1371 4590 1592 4661 scriptis
1619 4599 1933 4646 restauran-
2038 4595 2197 4644 teret.
2230 4587 2342 4644 Hos
2367 4590 2552 4660 itaque
2577 4595 3016 4661 commentarios,
3040 4596 3135 4652 diu
3177 4571 3470 4669 expetitos,
3504 4603 3624 4660 sed

376 4683 483 4746 dis,
515 4684 561 4737 si
600 4687 872 4753 prostent,
906 4679 1182 4742 emendis,
1210 4680 1257 4735 si
1293 4681 1515 4748 lateant,
1548 4698 1713 4754 opera
1767 4699 1933 4737 nava-
2033 4695 2313 4750 nunquam
2355 4687 2615 4748 tentatas,
2668 4685 2788 4749 tibi,
2825 4687 2996 4743 lector
3052 4690 3282 4757 erudite,
3341 4693 3620 4764 legendos

374 4779 486 4834 tur,
512 4771 565 4826 id
604 4774 657 4825 in
694 4770 967 4841 praecipua
995 4770 1153 4825 cilicii
1184 4781 1338 4841 parte
1374 4783 1577 4843 ponant
1617 4773 1837 4830 eruditi.
1884 4775 1933 4832 Is
2034 4771 2303 4825 sistimus.
2330 4770 2648 4828 Versionem
2692 4791 2857 4845 porro
2888 4777 3134 4836 Latinam
3183 4798 3284 4852 pro
3316 4799 3469 4840 more
3498 4803 3619 4842 no-

374 4861 520 4914 enim
549 4867 632 4913 tot
662 4860 715 4912 in
743 4859 989 4925 historia,
1018 4859 1073 4913 in
1094 4860 1467 4931 cbronologia,
1499 4863 1555 4917 in
1592 4866 1933 4935 antiquitatis
2032 4874 2148 4920 stro
2197 4864 2273 4918 ita
2322 4866 2739 4937 adornavimus,
2781 4878 2861 4937 ut,
2895 4874 2998 4928 etsi
3058 4877 3486 4946 compendiaria,
3545 4892 3619 4936 ut

377 4952 595 5016 notitia,
622 4951 824 5021 ingenii
865 4952 950 5007 sui
982 4952 1279 5022 specimina
1305 4953 1476 5020 dedit,
1511 4963 1570 5009 ut
1589 4971 1713 5010 cum
1742 4958 1933 5026 primis
2031 4954 2351 5025 plurimum,
2380 4957 2465 5011 via
2499 4957 2645 5012 dicta
2672 4959 2889 5016 Eusebii
2941 4963 3377 5044 interpretemur,
3408 4964 3622 5027 Greca

376 5045 637 5105 Ecclesiae
666 5040 1027 5115 scriptoribus
1064 5048 1275 5103 censeri
1318 5057 1611 5106 mereatur.
1640 5048 1819 5105 Unum
1852 5067 1936 5107 re-
2031 5059 2212 5105 tamen
2236 5067 2345 5107 non
2369 5054 2585 5121 penitus
2614 5058 2890 5127 evestigio
2911 5040 3181 5115 sectemur
3206 5080 3220 5117 :
3248 5077 3422 5132 neque
3445 5066 3619 5122 enim

375 5136 556 5192 stabat
575 5136 630 5189 in
648 5151 756 5206 quo
775 5137 1039 5191 nullidum
1060 5138 1930 5209 Eusebiiperitiaminternoscen-
2032 5144 2341 5215 importuno
2371 5151 2628 5219 scrupulo
2655 5152 2729 5205 ita
2752 5154 2941 5209 littera;
2975 5154 3261 5220 haeremus,
3293 5165 3351 5209 ut
3371 5160 3625 5216 concin—

373 5226 432 5280 di
467 5233 707 5316 potestas
729 5226 925 5293 fuerat,
955 5229 1327 5298 interpretatio
1352 5229 1602 5284 videlicet
1629 5230 1934 5302 Scriptura-
2033 5250 2157 5288 nam
2210 5240 2492 5294 sententiae
2534 5244 2898 5309 exprimendae
2949 5246 3213 5300 rationem
3250 5246 3621 5316 deseramus,

376 5334 520 5375 rum.
551 5315 670 5383 Qua
698 5321 753 5372 in
784 5333 842 5373 re
861 5334 985 5373 cum
1015 5335 1123 5373 non
1148 5319 1374 5374 minoris
1404 5319 1546 5389 apud
1570 5331 1777 5378 veteres
1808 5339 1933 5393 pre-
2033 5339 2141 5378 non
2172 5327 2365 5391 nescii,
2401 5327 2467 5383 iis
2498 5330 2593 5398 qui
2635 5332 2796 5385 talem
2827 5336 3070 5389 vertendi
3102 5336 3323 5391 modum
3349 5315 3623 5408 aggressi

372 5408 439 5462 tii
471 5407 654 5473 fuerit,
687 5414 991 5479 temporum
1020 5417 1198 5464 tamen
1231 5410 1429 5481 injuria
1466 5412 1681 5481 ignotus
1702 5428 1839 5483 pene
1864 5415 1931 5469 ad
2033 5424 2182 5480 sunt,
2235 5432 2345 5472 non
2385 5418 2616 5475 feliciter
2644 5425 2881 5480 cessisse
2924 5437 3198 5483 conatum.
3239 5407 3432 5493 Quam
3466 5446 3631 5487 vero

376 5506 627 5582 nostrum
674 5515 849 5554 aevum
877 5500 1099 5556 mansit.
1139 5499 1258 5555 Jam
1307 5517 1435 5556 vero
1465 5502 1556 5557 ubi
1594 5504 1929 5559 celeberrimi
2030 5505 2241 5561 Latinae
2270 5508 2467 5578 lingua:
2506 5509 2945 5582 peregrinitatem
3001 5518 3302 5575 intulerunt
3334 5519 3632 5579 Ecclesia

374 5578 452 5641 illi
474 5587 528 5641 in
570 5585 813 5644 Psalmos
838 5589 1235 5654 commentarii,
1267 5590 1375 5645 situ
1415 5598 1470 5646 et
1494 5600 1762 5650 vetustate
1795 5610 1932 5665 pene
2020 5601 2234 5666 Patres,
2252 5616 2371 5657 eam
2398 5578 2757 5663 nonvomnino
2778 5626 2980 5667 exuere
3005 5613 3212 5668 licitum
3247 5614 3385 5669 fuit:
3414 5630 3632 5686 neque

370 5679 577 5748 obruti,
601 5680 657 5735 in
686 5678 862 5738 lucem
887 5680 1123 5749 veniunt,
1144 5682 1196 5735 in
1228 5683 1480 5740 omnibus
1502 5685 1585 5740 sui
1613 5701 1671 5771 se
1696 5687 1925 5774 similem
1987 5760 1995 5766 _
2030 5691 2173 5770 ειιίῃι
2228 5694 2515 5775 θυειῑρεεξ-
2541 5707 2721 5767 pore“
2752 5716 2782 5756 ε
2815 5705 3040 5760 vocibus
3064 5704 3322 5761 ἀίυιυι-ηο
3352 5673 3633 5777 δαίμ»,
