3948 6286
355 368 419 423 lfi
1135 370 1641 432 COMMENTARIA
1680 369 1746 424 IN
1790 368 2125 426 PSALHOS.
2166 401 2233 411 -—
2272 368 2817 430 PRAELIMINARIA.
3535 374 3601 437 Ν

346 503 472 545 tum
494 486 761 545 Ecclesiae
800 508 902 546 usu
930 492 1094 554 tritis,
1122 501 1179 546 ut
1212 502 1360 559 sunt,
1402 496 1745 563 morti/icore,
1772 493 1936 561 viriﬁ—
1968 498 2009 553 Α
2042 490 2253 552 haberi,
2284 507 2345 546 ac
2368 496 2705 551 maturandae
2738 496 2991 552 editionis
3025 506 3217 552 auctor
3246 496 3365 552 fuit.
3402 496 3602 554 Accer-

353 597 493 645 care,
522 584 841 651 persecutio,
875 584 1239 649 tribulatio,et
1262 588 1487 649 similes,
1514 602 1632 658 quze
1657 587 1916 656 quodam-

358 676 516 731 modo
545 687 904 742 consecratae,
942 688 995 733 et
1025 681 1077 733 in
1128 682 1282 735 libris
1319 681 1585 750 frequenti
1628 682 1920 750 Scripturre

359 768 588 823 lectione
630 770 954 826 iutermistis
1000 787 1224 841 prorsus
1278 778 1600 828 necessariae
1637 783 1782 827 sunt.
1822 773 1918 827 Ubi

356 870 655 915 occurrunt
695 861 992 932 Scriptura:
1016 880 1186 919 sacrae
1216 867 1380 930 dicta,
1414 866 1719 937 Vulgatam,
1756 870 1798 924 si
1836 887 1921 923 res

356 955 426 1007 ita
455 953 619 1019 ferat,
653 956 936 1024 sequimur
972 976 984 1009 :
1021 957 1115 1011 sed
1163 958 1385 1027 quando
1414 975 1476 1013 ex
1522 959 1701 1013 Veteri
1734 960 1923 1015 Testa-

353 1055 540 1099 mento
567 1046 852 1100 sententiae
883 1046 1203 1107 aﬂeruntur,
1229 1050 1355 1116 quia
1382 1050 1699 1119 plerumque
1724 1050 1922 1121 Vulga-

350 1143 443 1199 ta,
475 1152 541 1189 ex
586 1136 811 1191 Hebraeo
833 1153 1117 1207 expressa,
1156 1154 1277 1192 cum
1310 1139 1495 1196 Grmca
1536 1145 1783 1198 versione
1814 1161 1920 1198 non

355 1226 612 1294 quadrat,
644 1234 757 1280 tum
790 1244 1015 1282 necesse
1059 1245 1285 1297 prorsus
1315 1240 1398 1285 est
1456 1234 1645 1289 litterae
1673 1237 1919 1305 Obsequi.

351 1316 629 1385 aliamque
669 1318 1172 1386 interpretationem
1205 1336 1397 1390 parare
1432 1344 1443 1376 :
1487 1326 1631 1395 quod
1666 1327 1791 1381 item
1828 1344 1923 1383 ne-

349 1410 597 1464 cessario
628 1410 994 1478 praestandum
1041 1412 1219 1467 sicubi
1251 1414 1332 1468 vel
1376 1416 1540 1471 lectio
1570 1418 1804 1482 diversa,
1839 1421 1923 1473 vel

350 1500 576 1556 Eusebii
607 1503 877 1556 sententia
917 1504 1076 1556 aliam
1113 1507 1420 1563 versionem
1446 1512 1703 1577 postulat.
1746 1511 1801 1566 ln
1829 1513 1919 1567 de-

350 1607 520 1646 cursu
564 1602 745 1647 autem
786 1595 967 1662 operis
1022 1596 1212 1651 breves
1268 1614 1530 1667 rarasque.
1567 1610 1726 1655 notas
1776 1603 1925 1656 dedi-

350 1698 517 1737 mus:
552 1683 680 1752 quia
736 1700 813 1738 eae
861 1686 906 1738 si
967 1685 1075 1741 huc
1132 1689 1261 1742 illuc
1314 1692 1700 1759 conjiciantur,
1762 1696 1923 1763 vulgo

347 1781 578 1842 pereunt
616 1774 995 1839 inobservata,
1040 1778 1276 1833 intactae.
1309 1780 1486 1845 Quane
1509 1782 1555 1836 si
1582 1782 1711 1851 quid
1753 1784 1805 1837 in
1839 1784 1922 1839 his

346 1867 759 1921 commentariis
792 1876 984 1921 notatu
1014 1869 1239 1938 dignum
1275 1874 1536 1939 occurrit,
1567 1875 1617 1928 id
1656 1877 1708 1929 in
1743 1879 1917 1945 praeli-

346 1958 579 2010 minaria
609 1959 965 2025 contulimus,
1008 1962 1101 2016 ubi
1126 1963 1192 2018 de
1223 1965 1384 2032 stylo,
1426 1966 1492 2019 de
1521 1981 1719 2036 genere
1748 1969 1918 2024 inter-

352 2049 619 2118 pretanji,
654 2049 721 2105 de
772 2052 1042 2117 doctrina,
1082 2053 1148 2108 de
1200 2055 1511 2125 disciplina.
1547 2058 1721 2129 deque
1774 2062 1916 2124 aliis,

356 2155 471 2210 qua
496 2142 679 2195 omnia
705 2159 872 2196 unum
899 2144 1001 2198 sub
1024 2155 1302 2214 aspectum
1336 2149 1610 2217 conjicere
1641 2168 1670 2204 e
1715 2168 1771 2205 re
1805 2153 1918 2207 fore

353 2230 520 2285 risum
552 2240 637 2287 est
672 2252 685 2285 :
721 2250 897 2303 neque
952 2243 1206 2304 putamus
1248 2239 1477 2294 eruditis
1533 2249 1584 2294 et
1632 2245 1917 2311 sagacibus

345 2323 635 2378 consilium
677 2324 1104 2395 displiciturum.

856 2436 1086 2493 CAPUT
1118 2440 1410 2497 PRIMUM.

339 2562 709 2604 COIIENTARII
739 2566 945 2607 EUSEBII
980 2570 1045 2609 EX
1078 2570 1265 2618 QUIBUS
1292 2572 1569 2615 CODICIBUS
1602 2574 1905 2617 PRODEANT.

349 2641 398 2694 Ι.
425 2641 500 2694 De
528 2643 707 2696 codice
736 2644 1051 2700 Taurinensi
1083 2649 1375 2705 cardinalis
1419 2650 1679 2708 Perrom‘i.
1716 2654 1798 2708 II.
1838 2655 1913 2709 De

413 2711 591 2787 codice
619 2714 1222 2787 cardinalisﬂoislinii.
1258 2720 1372 2773 ΙΙΙ.
1414 2721 1488 2775 De
1506 2724 1815 2787 Colbertino
1862 2737 1911 2779 et

414 2786 616 2864 catenis
650 2784 890 2864 liegiis._1
910 2785 967 2838 γ.
990 2786 1411 2864 Grn’ciEusebio
1432 2803 1483 2845 et
1512 2786 1634 2847 aliis
1659 2805 1912 2864 suspecta:

417 2853 544 2920 ﬁdei
595 2853 938 2922 scriptoribus
988 2859 1197 2925 infensi.
1243 2860 1303 2914 V.
1338 2860 1551 2917 Catena:
1590 2853 1910 2919 commenta-

414 2926 546 3001 rios.
580 2926 1067 2992 pessumdederunt.
1112 2927 1207 2984 VI.
1247 2929 1320 2983 De
1362 2934 1763 3001 pra’fationibus
1799 2935 1909 2989 Eu-

413 2993 566 3045 sebii.

533 3106 572 3155 Ι.
606 3107 678 3156 De
700 3109 866 3157 codice
889 3109 1178 3161 Taurinensi
1200 3114 1458 3163 cardinalis
1482 3115 1720 3166 Petronii.

412 3211 851 3269 Commentarios
889 3216 1103 3273 Eusebii
1138 3220 1191 3274 in
1246 3220 1491 3276 Psalmos
1527 3224 1580 3277 in
1616 3225 1905 3280 bibliothe-

337 3300 423 3353 cis
449 3301 615 3356 latere
629 3305 921 3360 multorum
943 3321 1159 3364 narratu
1188 3311 1298 3379 jam
1326 3313 1532 3380 pridem
1557 3331 1900 3384 acceperam:

341 3401 532 3443 verum
565 3392 709 3448 haud
736 3398 901 3453 certis
930 3402 1074 3457 notis
1104 3402 1462 3474 iudiciisque;
1488 3406 1576 3459 alii
1601 3408 1743 3461 enim
1762 3409 1903 3477 quod

338 3488 565 3536 rumore
613 3486 826 3549 nuntio,
865 3492 1251 3561 nonnullisque
1300 3494 1661 3551 referentibus
1719 3498 1905 3551 audie-

339 3582 488 3638 rant,
523 3577 671 3629 nnlla
704 3579 829 3632 data
860 3584 1177 3649 experiundi
1224 3584 1501 3649 facultate,
1545 3587 1901 3656 dictitabant;

346 3664 443 3718 alii
498 3666 770 3723 indicibus
805 3672 1053 3725 codicum
1110 3674 1341 3745 decepti,
1380 3680 1623 3746 quaedam
1657 3681 1711 3733 in
1753 3678 1904 3735 Psal-

332 3762 464 3809 mos
494 3756 940 3828 ἀποσπασμάτια,
972 3760 1189 3817 Eusebii
1241 3767 1460 3821 nomine
1494 3768 1773 3837 insignita,
1806 3780 1902 3841 pro

334 3848 489 3901 veris
520 3847 736 3904 Eusebii
768 3856 1177 3909 commentariis
1222 3857 1545 3912 habuerant.
1577 3860 1749 3916 Annis
1776 3878 1903 3917 vero

335 3938 413 3990 ab
439 3939 566 3993 hinc
593 3942 810 3996 circiter
841 3944 1025 3999 decem
1054 3949 1437 4002 renuntiarunt
1464 3952 1677 4007 sodales
1726 3953 1898 4007 nostri

339 4027 530 4082 Sancti
564 4029 787 4087 Taurini
825 4033 1170 4091 Ebroicensis
1194 4040 1466 4103 monachi,
1497 4050 1711 4096 exstare
1736 4043 1788 4095 in
1822 4045 1899 4097 bi-

328 4117 611 4176 bliotheca
639 4139 759 4186 sua,
795 4142 915 4195 qua:
944 4128 1072 4180 olim
1104 4131 1398 4185 cardinalis
1431 4132 1671 4188 Petronii
1702 4134 1898 4198 fuerat.

329 4214 781 4282 antiquissimum
814 4220 1056 4275 codicem
1109 4226 1626 4280 commentariorum
1682 4227 1897 4284 Eusebii

328 4304 691 4362 Caesariensis
723 4310 777 4362 in
806 4311 1119 4381 Evangelia,
1145 4330 1208 4368 ac
1248 4318 1605 4372 recentiorem
1651 4320 1814 4375 alium
1844 4322 1896 4375 in

325 4412 449 4464 quo
480 4403 851 4455 commentarii
887 4405 1130 4472 ejusdem
1164 4407 1219 4459 in
1250 4407 1514 4464 Psalmos.
1549 4410 1687 4465 Tum
1717 4414 1898 4466 animo

329 4488 629 4559 utriusque
660 4494 843 4561 operis
871 4496 1207 4563 publicandi,
1240 4502 1426 4568 rogavi
1481 4512 1539 4555 ut
1587 4504 1716 4557 mihi
1753 4508 1895 4559 anti-

2031 584 2198 637 sitmn
2234 583 2414 651 itaque
2466 587 2709 641 codicem
2758 582 3088 658 deprehendi
3121 582 3455 659 ipsissimum
3480 602 3604 646 esse

2022 674 2473 727 commentarium
2513 676 2754 740 Eusebii,
2786 694 2945 747 quem
2968 677 3264 733 cardinalis
3301 677 3607 734 Perronius

2021 766 2075 818 in
2105 763 2254 817 Italia
2286 766 2487 835 degens
2512 784 2575 821 ex
2614 769 3016 838 antiquioribus
3050 769 3331 824 codicibus
3362 763 3603 826 ekScribi

2022 867 2328 911 curaverat.
2356 859 2405 914 Is
2439 860 2541 913 etsi
2574 860 2640 912 ad
2672 860 3027 915 centesimum
3055 876 3227 928 usque
3255 867 3308 914 et
3341 861 3605 916 dualem—

2022 962 2171 1000 mum
2204 951 2472 1018 psalmum
2505 953 2854 1020 pertingeret,
2892 952 2944 1003 in
2972 952 3157 1005 multis
3182 951 3501 1014 deﬁciebat;
3526 955 3602 1007 ita

2025 1045 2085 1090 ut
2119 1041 2281 1093 etiam
2318 1044 2510 1110 psalmi
2546 1058 2574 1095 a
2607 1044 3026 1112 quadragesimo
3051 1053 3243 1098 octavo
3280 1045 3345 1099 ad
3376 1056 3600 1118 octoge-

2025 1129 2221 1184 simum
2267 1134 2541 1198 abessent,
2571 1136 2624 1189 in
2666 1136 2984 1203 c:eterisquc
3016 1152 3124 1190 non
3160 1153 3334 1205 pauca
3383 1138 3600 1193 desideo

2024 1232 2298 1279 rarentur.

2356 1337 2419 1387 Il.
2458 1340 2530 1388 De
2555 1341 2721 1389 codice
2746 1342 3004 1391 cardinalis
3030 1334 3265 1395 Coislinii.

2094 1443 2250 1499 Tunc
2281 1446 2532 1499 iteranda
2562 1447 2693 1500 mihi
2724 1448 3002 1517 diligentia
3022 1448 3142 1514 fuit,
3167 1458 3224 1502 ut
3272 1452 3317 1505 si
3354 1448 3480 1520 quid
3537 1452 3593 1505 in

2026 1538 2117 1590 illo
2144 1538 2377 1600 deesset,
2400 1538 2629 1591 aliorum
2659 1538 2900 1593 subsidio
2927 1540 3132 1595 sarcire
3160 1556 3393 1611 possem.
3433 1540 3595 1596 Forte

2026 1629 2242 1681 fortuna
2288 1628 2487 1682 accidit
2530 1629 2671 1682 utin
2709 1630 3037 1685 bibliotheca
3087 1630 3415 1702 Segueriana
3457 1633 3594 1686 alter

2024 1720 2192 1774 codex
2219 1718 2437 1774 Eusebii
2469 1720 2522 1773 in
2554 1720 2799 1776 Psalmos
2816 1722 3047 1778 adesset.
3074 1724 3228 1779 Hunc
3247 1726 3316 1780 ab
3346 1726 3591 1780 eminen-

2024 1810 2238 1865 tissimo
2266 1812 2531 1865 cardinali
2583 1813 2846 1867 Coislinio
2874 1815 3181 1885 impetravi,
3206 1819 3298 1887 qui
3332 1832 3440 1889 qua
3472 1818 3591 1886 pol-

2026 1901 2096 1955 let
2120 1902 2456 1957 humanitate
2491 1912 2544 1959 et
2577 1904 2950 1970 beneficentia,
2985 1907 3246 1962 suadente
3271 1923 3333 1961 ac
3366 1922 3593 1962 monen:

2023 2002 2077 2049 te
2119 1994 2337 2048 domino
2379 1994 2445 2049 de
2494 1995 2544 2048 la
2578 1994 2810 2065 Vergne,
2840 1997 2893 2049 in
2931 1997 3208 2065 publicum
3242 2014 3401 2053 usum
3436 1998 3573 2052 cod'r

2022 2099 2139 2139 cem
2189 2084 2503 2155 hujusmodi
2535 2088 2883 2143 commodare
2934 2090 3092 2143 nobis
3134 2089 3454 2159 dedignatus
3477 2105 3587 2145 non

2019 2185 2124 2229 est.
2162 2174 2333 2230 Habet
2363 2178 2408 2231 is
2432 2177 2680 2233 Psalmos
2712 2194 2835 2233 cum
2863 2182 3267 2235 commentariis
3306 2182 3478 2250 plenis
3503 2184 3587 2236 in-

2021 2267 2296 2335 tegrisque
2322 2283 2351 2320 a
2381 2269 2836 2339 quinquagesimo
2866 2271 2931 2325 ad
2968 2272 3382 2341 nonagesimum
3423 2274 3584 2343 quin-

2021 2366 2165 2425 tum;
2199 2360 2272 2412 ita
2305 2370 2361 2413 ut
2390 2360 2553 2427 hujus
2576 2363 2909 2416 adminiculo
2940 2363 3192 2416 lacunam
3216 2364 3359 2417 illam
3397 2366 3585 2436 ingen-o

2017 2454 2124 2500 tem
2158 2448 2410 2518 explendi
2446 2448 2675 2506 facultas
2703 2458 2867 2506 esset.
2904 2451 3057 2515 Quod
3092 2467 3222 2506 sane
3252 2454 3385 2508 mihi
3407 2456 3585 2525 inopia

2016 2545 2202 2592 natum
2233 2546 2283 2592 et
2316 2547 2529 2610 gratum
2560 2542 2791 2596 accidit:
2817 2558 2941 2596 nam
2980 2542 3155 2597 solent
3181 2559 3304 2598 esse
3333 2561 3451 2616 qua:
3483 2548 3583 2599 mi~

2016 2646 2118 2683 nus
2149 2640 2534 2699 exspectantur
2554 2633 2780 2688 laetiora.
2811 2634 2903 2689 Est
2934 2651 3095 2705 porro
3122 2636 3292 2691 codex
3324 2638 3413 2691 ille
3440 2638 3584 2693 decia

2013 2724 2140 2776 cimi
2192 2724 2397 2787 saeculi,
2427 2726 2656 2794 egregiae
2688 2736 2849 2791 notae,
2886 2730 2973 2781 cui
3031 2730 3224 2785 titulus
3268 2731 3581 2797 liujusmodi

2012 2815 2251 2869 secunda
2302 2830 2465 2869 manu
2513 2833 2607 2870 xm
2659 2819 2840 2872 saeculi
2886 2820 3138 2888 praefixos
3166 2829 3287 2875 est:
3323 2822 3581 2875 Εὑσεῦίου

2010 2906 2102 2959 τοῦ
2138 2907 2419 2975 Παμφῐὶηου
2472 2909 2743 2979 Ἀρείοινοῦ
2793 2910 3049 2981 ἐξήγησις
3095 2914 3172 2974 εἰς
3218 2914 3341 2975 τοὺς
3381 2910 3580 2982 vitia).-

2013 2997 2144 3065 μοὺς
2174 2995 2264 3047 τοῦ
2292 2996 2469 3057 Acrota,
2510 2998 2632 3060 τοὺς
2650 2999 2757 3050 ἀπὸ
2795 3004 2873 3050 να¹
2910 3000 3012 3063 ἕως
3046 3008 3108 3070 ρ’,
3146 3002 3194 3055 id
3219 3011 3323 3064 est,
3367 3000 3581 3056 Eusebii

2010 3088 2278 3156 Pamphili
2306 3089 2494 3141 Ariani
2526 3092 2783 3158 expositio
2833 3092 2888 3143 in
2940 3094 3319 3163 quinquaginta
3348 3094 3579 3161 psalmos

1937 3180 1979 3236 C
2011 3176 2255 3240 Davidis,
2313 3195 2347 3229 a
2396 3180 2825 3250 quinquagesimo
2882 3183 3049 3249 primo
3093 3183 3159 3234 ad
3220 3187 3576 3240 centesimum.

2012 3268 2146 3323 Nam
2198 3270 2442 3339 plerique
2470 3286 2659 3325 omnes
2703 3270 2872 3326 Graeci
2918 3273 3231 3339 Eusebium,
3265 3294 3364 3331 nec
3392 3280 3582 3333 imme-

2012 3369 2243 3424 rentem,
2266 3377 2362 3429 pro
2385 3361 2586 3415 Ariano
2610 3364 2811 3431 passim
2839 3364 3164 3421 habuerunt.
3188 3368 3367 3423 Codex
3400 3378 3579 3423 autem

2012 3453 2100 3507 ille
2128 3461 2433 3521 temporum
2488 3454 2687 3523 injuria
2742 3457 3031 3524 postremis
3074 3457 3315 3527 quinque
3354 3461 3578 3527 psalmis

2010 3546 2271 3597 multatus
2330 3554 2445 3600 est.
2491 3563 2611 3599 nam
2654 3548 2707 3598 in
2754 3549 3164 3617 nonagesimum
3206 3551 3453 3619 quintum
3484 3553 3578 3605 de-

2010 3636 2160 3688 sinit.

2154 3770 2238 3819 Ill.
2278 3773 2349 3822 De
2376 3775 2543 3850 codice
2569 3774 2851 3825 Colbertino
2878 3781 2931 3823 et
2958 3776 3021 3823 de
3055 3779 3241 3826 catenis
3265 3778 3454 3841 Regiis.

2076 3874 2279 3931 Caetera
2305 3896 2423 3947 qu:e
2442 3880 2768 3936 deficiebant
2797 3898 2863 3937 ex
2888 3883 3075 3937 codice
3099 3883 3415 3939 Colbertino
3445 3884 3572 3953 646,

2007 3967 2297 4022 admodum
2327 3973 2529 4024 recenti
2552 3980 2604 4026 et
2624 3988 2688 4027 ex
2713 3974 2921 4029 catenis
2954 3973 3137 4045 Regiis
3172 3975 3310 4030 l807
3331 3984 3384 4031 et
3413 3978 3571 4044 1878,

2006 4060 2263 4111 nonnulla
2309 4059 2435 4113 item
2479 4076 2545 4115 ex
2575 4062 2766 4116 catena
2797 4060 3065 4126 Corderii,
3092 4066 3319 4118 mutuati
3348 4080 3572 4133 sumus;

2007 4157 2134 4202 sunt
2172 4156 2350 4202 autem
2384 4160 2588 4205 catenae
2616 4152 2718 4206 ilhc
2747 4168 2877 4208 mss.
2908 4154 3124 4222 Optimae
3165 4162 3305 4208 nota
3329 4165 3378 4208 et
3408 4172 3438 4209 x
3466 4172 3572 4211 sae-

2006 4239 2138 4295 culi.
2172 4238 2357 4309 Neque
2384 4249 2562 4295 tamen
2614 4242 2664 4295 id
2699 4245 2957 4313 consequi
3009 4246 3283 4314 potuimus
3305 4254 3365 4300 ut
3396 4254 3569 4301 totum

2004 4332 2456 4384 commentarium
2488 4331 2555 4385 ad
2602 4334 2850 4387 ultimum
2894 4352 3065 4404 usque
3093 4337 3360 4404 psalmum
3397 4339 3453 4391 in
3489 4339 3570 4391 In-

2004 4435 2121 4474 cem
2152 4420 2395 4488 proferre
2424 4422 2652 4477 liceret:
2685 4426 2739 4477 in
2772 4427 2920 4477 nulio
2960 4427 3103 4479 enim
3156 4443 3221 4480 ex
3256 4432 3569 4482 memoratis

2006 4513 2290 4567 codicibus
2346 4514 2487 4566 ultra
2551 4519 2909 4570 centesimum
2978 4519 3245 4573 decimum
3317 4530 3565 4575 octavum

326 4580 545 4649 quioris
596 4582 759 4637 illius
786 4588 994 4655 copiam
1035 4588 1293 4644 facerent.
1330 4592 1579 4659 Mittitur,
1610 4598 1819 4660 evolvo,
1852 4609 1902 4653 et
1935 4602 1980 4658 D
2008 4601 2297 4670 psalmum,
2331 4603 2606 4673 quidpiam
2637 4606 2859 4661 offertur
2894 4607 2988 4677 (α).
3022 4608 3283 4678 Quodque
3314 4626 3408 4683 per
3435 4612 3590 4665 mihi

323 4675 522 4728 statim
558 4672 737 4727 fucum
756 4676 970 4730 olfacio.
1001 4678 1136 4745 Quia
1168 4687 1311 4738 enim
1347 4684 1432 4739 his
1466 4690 1896 4752 commentariis,

325 4778 399 4817 ex
430 4764 708 4818 variorum
745 4767 1282 4837 interpretationibus
1324 4778 1743 4842 consarcinatis,
1781 4782 1897 4834 vul-

322 4856 441 4924 gati
473 4857 545 4908 illi
574 4856 793 4914 Eusebii
822 4873 1058 4916 canones
1081 4873 1235 4918 erant
1260 4868 1486 4936 prafixi,
1514 4870 1639 4925 hinc
1662 4873 1896 4928 Eusebio

324 4954 505 5000 totum
558 4948 863 5017 ascriptum
915 4951 1113 5008 fuerat.
1165 4955 1290 5010 Pari
1340 4958 1506 5028 igitur
1547 4978 1635 5017 me
1677 4965 1891 5019 fortuna

318 5054 559 5093 usurum
586 5041 637 5094 in
671 5040 867 5095 codice
896 5043 1022 5106 alio,
1057 5058 1215 5114 quem
1245 5051 1602 5106 recentiorem
1628 5055 1894 5123 prmdica~

322 5130 482 5193 bant,
513 5138 685 5195 ratus,
716 5131 1006 5186 consilium
1048 5136 1313 5193 intermisi
1353 5158 1366 5194 :
1426 5156 1489 5194 ac
1523 5126 1583 5195 ut
1627 5145 1890 5216 principia

319 5235 449 5274 sese
480 5220 703 5286 dabant,
740 5226 806 5280 de
836 5227 1187 5282 reStituendis
1219 5228 1436 5286 Eusebii
1482 5239 1891 5293 commentariis

318 5327 497 5380 prope
526 5313 931 5384 despondebam
967 5320 1224 5374 animum.
1260 5320 1373 5376 Sub
1394 5323 1508 5378 haec
1538 5341 1662 5380 cum
1708 5329 1790 5381 vir
1820 5330 1885 5381 cl.

318 5400 631 5465 Boivinius,
652 5403 839 5462 Graece
890 5408 1278 5479 peritissimus.
1315 5413 1450 5467 istac
1484 5415 1707 5471 haberet
1767 5422 1887 5482 iter,

318 5496 663 5549 renuntiavit
695 5514 803 5552 non
851 5516 916 5555 ex
971 5502 1139 5557 variis
1184 5505 1564 5573 scriptoribus,
1613 5525 1790 5578 neque
1820 5528 1884 5565 ex

314 5585 536 5641 catenis
562 5588 875 5655 collectum,
905 5594 998 5648 sed
1026 5607 1217 5647 verum
1253 5599 1701 5654 commentarium
1726 5603 1888 5657 isthic

400 5740 679 5828 (gojuﬂa‘nc
726 5745 979 5828 lacunam
1027 5748 1637 5825 supplevitcardiualis
1687 5756 1889 5828 Angela
1931 5760 2050 5817 Mai.

314 5811 545 5867 ulmus.
576 5813 732 5869 Enrr.
768 5816 938 5873 Pun.

2008 4693 2206 4745 mirum
2227 4694 2404 4749 visum
2432 4705 2534 4758 est,
2568 4705 2774 4754 catenae
2808 4699 2911 4754 illa:
2936 4698 3114 4767 Hegiae
3144 4718 3262 4770 qua:
3290 4719 3460 4772 usque
3501 4705 3566 4763 ad

2007 4784 2364 4838 centesimum
2395 4785 2664 4843 decimum
2700 4801 2949 4845 octavum
2989 4792 3253 4861 psalmum
3295 4794 3567 4865 interpre-

2011 4873 2312 4928 tationibus
2358 4874 2571 4933 Eusebii
2621 4890 2868 4946 utuntur,
2901 4886 2973 4935 ita
3019 4890 3077 4933 ut
3112 4883 3294 4937 nullus
3324 4893 3565 4943 veterum

2001 4970 2357 5041 interpretum
2382 4972 2516 5025 adeo
2548 4972 2920 5041 frequentatus
2947 4984 3220 5040 occurrat,
3254 4976 3308 5030 in
3332 4980 3567 5033 centesi-

2001 5075 2090 5115 mo
2121 5062 2331 5119 decimo
2360 5073 2555 5119 octavo
2588 5066 2797 5135 psalmo
2821 5066 2893 5118 ita
2936 5066 3097 5121 finem
3148 5068 3357 5124 faciunt
3390 5070 3563 5127 Euse-

1999 5150 2148 5205 bium
2202 5153 2255 5207 in
2289 5154 2525 5209 medium
2566 5156 2846 5218 afferendi,
2878 5163 2937 5208 ut
2967 5154 3035 5210 ne
3087 5160 3310 5214 verbum
3342 5162 3561 5231 quidem

2000 5241 2228 5299 ulterids
2264 5244 2483 5299 Eusebii
2528 5255 2854 5315 compareat.

1997 5348 2078 5402 IV.
2106 5355 2260 5406 Graeci
2287 5357 2501 5407 Eusebio
2524 5364 2577 5407 et
2598 5358 2973 5471 aliisfggspecue
2993 5365 3107 5415 fidei
3136 5368 3455 5429 scriptoribus
3484 5372 3563 5420 ln-

2791 5437 2813 5470 s
2835 5462 2847 5471 .

2791 5437 2847 5473 Sl.

2069 5515 2227 5575 Unde
2260 5522 2569 5591 conjectare
2596 5524 2735 5580 forte
2759 5527 2964 5582 liceata
2998 5532 3316 5604 multisjam
3340 5535 3558 5589 saeculis

1997 5608 2215 5665 Eusebii
2272 5616 2697 5670 commentarios
2752 5618 2855 5672 hac
2916 5624 3216 5690 posteriore
3265 5627 3349 5682 sui
3406 5637 3559 5697 parte

2124 5764 2251 5834 Ejus
2292 5767 2663 5833 praefationem
2720 5773 2824 5835 his.
2846 5775 3317 5845 praeliminaribus
3356 5783 3541 5839 subne-
