3948 6286
211 5331 237 5471 l

324 275 395 333 ‘7

1103 277 1605 334 COMMENTARIA
1646 279 1712 333 ῘΝ
1755 280 2091 340 PSALMUS.
2137 318 2201 326 ——
2241 286 2781 342 hi/rLIall-NARIA.

3505 289 3568 341 18

335 388 691 455 i’ercellsnsis,
716 396 806 463 qui
833 396 1066 449 omnium
1107 394 1446 451 Psalmorum
1487 405 1892 455 commentarios
1924 424 1967 477 Α
1999 406 2157 476 vulgo
2190 409 2241 461 in
2277 409 2588 463 recensione
2623 424 2786 478 opera
2819 424 2926 461 non
2981 421 3149 478 pauca
3182 406 3295 477 ipse
3326 406 3405 461 vel
3437 422 3567 461 con-

319 481 548 535 hieretici
585 485 809 540 hominis
858 490 1006 542 vertit
1054 489 1107 542 in
1160 498 1394 543 nostrum
1425 491 1723 561 eloquium;
1772 495 1890 549 licet

315 573 565 629 heretica
597 582 1020 645 praetermittens,
1046 581 1244 649 optima
1271 598 1484 651 quicque
1530 588 1885 641 transtulerit.

321 665 441 720 Haec
484 683 653 737 porro
684 669 901 726 Eusebii
937 671 1294 729 Vercellensis
1330 666 1705 745 interpretatio
1750 680 1889 749 jam-

226 746 231 755 “
319 756 407 810 diu
443 757 652 813 interiit
681 779 695 816 ι
727 777 829 816 nec
859 762 1077 817 memini
1112 778 1197 817 me
1226 765 1437 833 uspiam
1469 765 1590 834 ejus
1621 768 1704 822 vel
1738 746 1890 823 codi-

313 864 426 914 ces,
464 852 548 905 vel
578 850 876 924 fragmenta
909 864 1206 910 memorata
1234 857 1675 927 deprehendisse.

648 964 730 1013 IV.
754 966 1098 1016 Theodoretus
1122 981 1293 1017 eorum
1319 968 1560 1018 meminit.

384 1066 783 1133 Tireoduretus,
816 1087 921 1125 non
947 1073 1165 1143 quidem
1196 1084 1252 1127 ut
1274 1075 1435 1129 hodie
1456 1076 1509 1129 in
1551 1075 1888 1130 Psalmorum

315 1159 748 1228 Expositionibus
786 1164 1001 1230 legitur,
1038 1181 1157 1235 qua:
1206 1168 1405 1236 passim
1449 1176 1709 1223 truncata:
1748 1179 1801 1223 et
1833 1172 1885 1225 in

308 1254 694 1322 compendium
750 1256 983 1311 redactae
1036 1266 1195 1322 sunt,
1237 1267 1291 1314 et
1343 1260 1581 1330 quidem,
1617 1272 1674 1316 ut
1702 1264 1888 1333 conje-

309 1352 461 1399 ctare
496 1347 659 1408 licet,
708 1363 737 1401 a
770 1349 1032 1406 Graeculis
1063 1361 1376 1407 catenarum
1410 1354 1753 1419 auctoribus;
1792 1357 1886 1411 sed

311 1444 371 1488 ut
407 1436 477 1489 ab
526 1438 738 1507 Agellio
792 1441 1080 1508 laudatur,
1133 1460 1186 1513 p.
1237 1444 1373 1508 486,
1426 1447 1480 1499 in
1532 1447 1644 1501 haec
1694 1448 1885 1517 psalmi

310 1543 557 1582 uxxvm
590 1529 748 1586 verba
773 1551 785 1587 :
824 1532 897 1586 Tu
921 1551 1037 1587 vero
1066 1537 1305 1602 repulisti
1322 1538 1685 1607 etdespexisti,
1712 1541 1886 1593 distu-

304 1618 420 1672 listi
448 1619 723 1677 Christum
753 1635 900 1679 tuum
925 1644 942 1680 :
970 1630 1203 1682 evertisti
1239 1640 1603 1685 testamentum
1629 1635 1760 1687 servi
1787 1636 1882 1698 tui,

303 1712 609 1779 profastasti
658 1716 713 1770 in
757 1726 896 1771 terra
926 1722 1291 1775 sanctuarium
1324 1724 1472 1792 ejus,
1516 1724 1629 1778 haec
1676 1724 1879 1781 habet:

303 1806 565 1872 Εὐσέϐιος
603 1808 658 1862 δὲ
693 1812 774 1875 εις
798 1812 858 1864 τὸ
898 1813 1069 1877 πάθος
1100 1816 1193 1868 τοῦ
1220 1815 1455 1885 Χριστοῦ
1489 1816 1657 1870 ταῦτα
1690 1835 1882 1889 πειρα-

303 1897 415 1963 θεὶς
464 1899 674 1965 λαϐεῖν,
725 1901 847 1956 οὒτε
891 1904 1152 1959 διασῶσαι
1196 1907 1288 1960 τὸν
1333 1909 1518 1979 εἱρμὸν
1563 1909 1665 1979 τῆς
1709 1912 1883 1984 ἑρμη-

302 1990 446 2053 νείας
475 1992 739 2063 ἠδυνήθη,
786 1993 909 2047 οὔτε
953 1997 1263 2067 δυσφημίας
1309 2001 1582 2064 παντελῶς
1635 2003 1878 2056 ἀπαλλα-

312 2083 493 2152 γῆναι,
535 2085 590 2138 id
617 2094 721 2152 est,
756 2086 1015 2143 Eusebius
1061 2100 1271 2156 autem,
1332 2108 1449 2145 cum
1500 2093 1609 2146 ha'c
1661 2096 1724 2146 de
1764 2111 1882 2164 pas-

310 2174 448 2228 sione
476 2174 681 2231 Christi
706 2180 969 2248 explicare
1001 2183 1275 2236 tentaverit
1296 2224 1309 2245 ,
1342 2200 1501 2253 neque
1526 2187 1714 2239 seriem
1748 2204 1875 2241 nar-

309 2267 523 2322 rationis
560 2286 805 2336 servare,
868 2289 1030 2342 neque
1071 2272 1395 2341 blasphemia
1436 2277 1640 2343 penitus
1688 2294 1879 2334 vacuus

298 2373 409 2410 esse
451 2361 649 2427 potuit.
702 2360 853 2417 Hanc
893 2371 1070 2418 autem
1108 2364 1326 2421 Eusebii
1376 2366 1878 2437 interpretationem

299 2446 576 2507 (iisissime
597 2462 905 2509 enarratum
937 2456 1126 2523 habes,
1165 2459 1302 2528 psal.
1336 2475 1598 2514 Lxxxvui.
1631 2462 1712 2515 An
1749 2478 1879 2517 vero

299 2538 384 2593 hic
413 2534 653 2597 Eusebio
694 2544 987 2613 impietatis
1020 2558 1148 2603 nota
1191 2550 1316 2619 jure
1351 2551 1634 2617 inuratur,
1674 2570 1875 2622 necne,

296 2632 602 2699 expendere
645 2634 839 2690 inutile
867 2636 1067 2705 fuerit;
1107 2656 1231 2695 cum
1264 2644 1379 2712 ipse
1403 2650 1681 2700 temeratze
1708 2648 1878 2703 divini

302 2717 457 2776 Verbi
486 2724 752 2780 doctrinae
783 2736 967 2783 notam
1006 2731 1056 2784 in
1112 2732 1233 2789 aliis
1278 2736 1448 2790 multo
1478 2738 1736 2806 liquidius
1795 2740 1878 2794 in-

296 2820 500 2879 currat,
540 2822 598 2867 ut
621 2831 722 2870 suo
755 2817 875 2871 loco
908 2822 1307 2889 comprobatur.

714 2928 772 2977 V.
820 2930 1045 2980 Gelasius
1084 2945 1172 2981 eos
1195 2941 1449 2984 memorat.

361 3047 615 3105 Gelasius
640 3053 709 3107 de
736 3054 949 3110 duabus
973 3058 1185 3113 naturis
1232 3059 1286 3127 in
1313 3059 1552 3125 Christo,
1586 3063 1727 3117 inter
1776 3062 1876 3118 Pa-

290 3150 435 3197 trum
489 3145 845 3212 testimonia,
901 3147 1121 3205 Eusebii
1176 3152 1534 3211 Caesariensis
1585 3158 1762 3212 locum
1816 3157 1870 3211 in

290 3236 563 3303 psalmum
597 3237 870 3295 decimum
897 3245 1186 3313 septimum
1226 3246 1403 3310 aﬂert,
1440 3250 1532 3319 qui
1569 3250 1649 3304 sic
1678 3251 1865 3306 habet:

289 3326 432 3382 Deus
452 3331 543 3399 qui
561 3331 833 3387 inclinavit
854 3335 1009 3389 caelos
1047 3346 1097 3390 et
1132 3338 1432 3405 descendit,
1484 3343 1766 3398 ascendens
1817 3347 1872 3398 in

284 3415 551 3471 hominem
572 3436 723 3488 quem
750 3427 1056 3493 assumpsit,
1078 3444 1228 3495 quem
1256 3447 1391 3483 nunc
1414 3432 1679 3486 cherubim
1700 3451 1869 3489 sermo

284 3508 548 3571 nominat,
570 3510 792 3563 evolavit
819 3528 937 3565 cum
980 3531 1059 3581 eo,
1085 3533 1361 3572 ascensum
1412 3521 1612 3589 faciens
1643 3540 1759 3577 cum
1789 3526 1871 3578 di-

285 3598 423 3652 vinis
454 3639 469 3663 ,
520 3602 925 3670 spiritualibus,
977 3607 1374 3678 obsequentibus
1430 3614 1531 3667 sibi
1578 3632 1867 3683 pennarum

282 3693 474 3759 ventis,
503 3693 633 3761 ipsis
654 3697 816 3749 etiam
857 3700 1156 3766 appellatis.
1208 3702 1310 3757 Ubi
1363 3707 1713 3775 paucioribus
1743 3726 1868 3764 sen-

280 3781 513 3834 tentiam
564 3784 854 3853 exprimit,
905 3803 1066 3855 quam
1104 3788 1302 3844 ibidem
1340 3793 1408 3845 ah
1435 3791 1667 3847 Eusebio
1696 3811 1868 3850 enun-

279 3871 487 3940 tiatur,
512 3876 615 3928 etsi
645 3877 831 3933 eadem
862 3894 1088 3948 prorsus
1106 3889 1282 3937 mente
1303 3891 1353 3936 et
1376 3884 1819 3953 interpretatione
1850 3909 1862 3942 :

278 3978 411 4016 nam
454 3962 723 4023 Eusebius
753 3969 952 4026 ibidem
998 3972 1353 4027 eherubinum
1388 3976 1537 4029 illum
1571 3978 1623 4031 in
1655 3981 1865 4048 psalmo

276 4065 687 4122 memoratum,
750 4078 851 4133 pro
905 4064 1244 4119 humanitate
1301 4065 1502 4122 Christi
1559 4070 1737 4125 habet.
1799 4070 1864 4123 Et

274 4147 447 4215 paulo
477 4157 602 4217 post
632 4151 773 4206 idem
803 4153 1053 4211 Gelasius
1111 4172 1177 4211 ex
1224 4157 1416 4213 eodem
1471 4158 1867 4216 Commentario

276 4240 400 4294 haec
429 4240 583 4296 affert
610 4262 624 4298 :
657 4242 718 4298 Si
739 4261 855 4300 vero
889 4247 1159 4316 jurantem
1200 4267 1317 4303 eum
1346 4250 1578 4305 audieris
1613 4269 1702 4321 per
1739 4271 1863 4307 san-

271 4344 425 4387 ctum
456 4343 504 4388 et
530 4334 743 4391 Patrem
771 4356 944 4403 suum,
976 4342 1108 4395 audi
1123 4343 1394 4411 jurantem
1419 4360 1508 4410 per
1538 4346 1701 4399 Deum
1732 4346 1861 4401 Ver-

1995 503 2137 553 sulto
2167 501 2362 566 mittit;
2400 511 2513 555 tum
2543 502 2668 571 quia
2696 541 2710 563 ,
2770 503 2845 555 uti
2879 517 3045 571 supra
3078 501 3282 555 dictum
3328 508 3413 554 est
3442 540 3457 562 ,
3498 516 3565 553 ex

1992 600 2306 647 catenarum
2340 610 2440 648 usu
2479 595 2614 649 bene
2646 596 2814 647 multa
2872 595 2924 647 in
2970 592 3308 663 Scripturam
3353 605 3566 647 sacram

1992 686 2383 739 commentaria
2415 702 2550 755 pene
2580 686 2978 741 ohsoleverant.
3017 684 3255 755 Indeque
3276 684 3415 738 forte
3444 681 3568 736 fue-

1992 777 2061 831 rit
2090 777 2231 847 quod
2265 787 2372 829 tam
2418 777 2735 847 infrequens
2798 777 2940 849 apud
2997 778 3293 846 scriptores
3347 773 3566 829 Graecos

1994 866 2186 919 horum
2219 867 2421 921 mentio
2450 877 2720 921 occurrat.

2591 977 2819 1032 CAPUT
2878 977 2963 1031 Ill.

1990 1083 2143 1123 N075
2183 1086 2460 1125 EUSEBIANI
2503 1088 2655 1126 STYLI
2695 1087 2762 1124 ΕΤ
2796 1087 2897 1125 πενι
2930 1088 2980 1125 IN
3020 1086 3105 1125 IIIS
3144 1085 3559 1139 εοιιιιειιτριιιιις,

1994 1183 2042 1239 I.
2085 1184 2158 1238 Hi
2196 1188 2557 1240 commentarii
2598 1197 2771 1255 aperte
2822 1185 3039 1241 Eusebii
3087 1195 3228 1239 sunt.
3268 1184 3355 1239 ΙΙ.
3397 1205 3414 1237 ι
3458 1184 3563 1239 De-

2060 1259 2429 1328 monstrationi
2469 1258 2780 1328 euangelica:
2817 1276 2835 1309 ι
2882 1257 3018 1327 stylo
3061 1256 3278 1310 similes.
3321 1254 3438 1310 III.
3482 1256 3562 1310 Dc

2058 1326 2194 1396 ston
2234 1326 2465 1382 Eusebii.
2499 1326 2613 1382 IV.‘
2646 1327 2931 1381 Maximini
2962 1328 3323 1396 carniﬁcinam
3352 1336 3407 1380 ut
3434 1343 3561 1380 ocu-

2058 1396 2197 1451 latus
2237 1401 2381 1452 testis
2420 1408 2672 1451 memorat
2723 1398 2996 1452 Eusebius.
3052 1397 3112 1453 V.
3148 1397 3380 1465 Itemque
3424 1398 3559 1450 alio-

2058 1483 2176 1519 rum
2225 1468 2517 1522 Christiani
2567 1469 2794 1522 nominis
2844 1469 3095 1523 hostium.
3152 1466 3386 1534 VLQuo
3429 1479 3557 1522 tem-

2056 1554 2180 1606 pore
2205 1540 2297 1592 hos
2324 1539 2726 1593 commentarios
2757 1540 2999 1594 ediderit.

2237 1649 2276 1699 Ι.
2304 1650 2365 1699 Hi
2386 1650 2730 1701 Commentarii
2752 1656 2924 1713 aperte
2956 1649 3153 1699 Eusebii
3178 1655 3307 1699 sunt.

2059 1753 2101 1806 Α
2132 1751 2243 1808 Deo
2267 1755 2553 1809 manifesta
2583 1762 2635 1809 et
2678 1769 2772 1823 per
2806 1769 2863 1808 se
2895 1754 3039 1808 clara
3070 1769 3159 1809 res
3192 1761 3293 1813 est,
3318 1752 3419 1808 hos
3473 1752 3557 1823 ip-

1983 1849 2229 1903 sissimos
2261 1864 2381 1904 esse
2410 1846 2994 1902 EusebiiCaasariensis
3016 1846 3453 1906 commentarios.
3495 1853 3555 1898 ut

1986 1954 2049 1992 ne
2088 1939 2170 1992 vel
2208 1939 2492 1993 minimum
2523 1938 2673 1993 dubii
2702 1938 2933 1992 eruditis
2954 1945 3007 1991 et
3040 1938 3327 2007 sagaeibus
3362 1937 3553 1991 adver-

1983 2046 2102 2084 sum
2159 2031 2397 2086 suboriri
2452 2030 2643 2101 possit.
2711 2026 2910 2084 Verum
2961 2030 3089 2099 quia
3140 2028 3244 2084 hoc
3294 2044 3408 2083 aevo
3442 2044 3555 2084 non

1982 2126 2161 2196 pauci,
2196 2132 2254 2178 ut
2284 2124 2599 2179 criticorum
2651 2139 2847 2177 nomen
2896 2123 2997 2178 sibi
3030 2122 3267 2192 pariant,
3299 2122 3367 2177 de
3395 2122 3552 2193 libri

1982 2232 2118 2286 quos
2158 2233 2227 2270 ne
2274 2217 2356 2270 vel
2391 2214 2720 2284 primoribus
2750 2214 2965 2283 quidem
2999 2214 3167 2268 labris
3216 2217 3547 2283 attigerunt,

1982 2308 2307 2363 sententiam
2337 2306 2479 2361 ferre
2518 2305 2654 2359 nihil
2685 2312 2979 2359 verentur:
3024 2314 3076 2359 et
3106 2305 3280 2374 primo
3319 2321 3550 2375 conspe-

1980 2407 2069 2453 ctu
2109 2400 2180 2452 ita
2217 2400 2567 2469 pronuntiant
2601 2413 2613 2448 :
2658 2397 2775 2451 Non
2805 2395 2947 2466 sapit
2997 2399 3196 2467 stylum
3229 2397 3511 2467 scriptoris
3533 2442 3546 2464 ,

1981 2491 2260 2561 indignum
2294 2498 2519 2545 auctore
2550 2498 2737 2556 tanto;
2788 2506 2849 2543 ac
2875 2492 3194 2560 plerumque
3234 2489 3290 2543 in
3340 2496 3547 2560 partem

1980 2582 2211 2654 negandi
2243 2582 2596 2653 procliviores
2638 2592 2785 2645 sunt,
2819 2583 2945 2637 hinc
2983 2583 3087 2638 sibi
3115 2592 3435 2637 nasutorum
3471 2580 3551 2635 la-

1980 2690 2122 2729 mam
2146 2674 2534 2730 conciliaturos
2558 2691 2681 2731 esse
2720 2676 2861 2737 rati,
2910 2676 3112 2746 quibus
3140 2690 3246 2729 non
3287 2674 3445 2730 facile
3478 2677 3550 2728 sit

1978 2766 2140 2820 verba
2180 2766 2346 2833 dare;
2378 2766 2501 2821 ideo
2532 2766 2690 2821 nobis
2720 2765 2923 2838 aliquid
2954 2766 3021 2821 de
3048 2764 3358 2820 Eusebiano
3410 2765 3549 2837 stylo

1978 2858 2063 2913 his
2095 2860 2149 2912 in
2177 2859 2589 2913 commentariis
2632 2859 2951 2928 conspicuo,
2987 2858 3161 2927 deque
3214 2857 3547 2912 manifestise

1978 2950 2131 3006 simis
2164 2950 2363 3004 ibidem
2398 2949 2687 3004 Eusebiani
2720 2950 2818 3004 aevi
2867 2950 3043 3013 notis,
3076 2948 3377 3003 cdisserere
3427 2949 3547 3002 ani-

1976 3055 2099 3096 mus
2127 3048 2229 3095 est.

2157 3132 2218 3182 ιι.
2245 3132 2659 3183 Demonstrationi
2694 3133 2994 3195 evangelica:
3014 3133 3142 3193 style
3160 3134 3369 3181 similes.

2044 3239 2186 3294 Nulli
2217 3255 2282 3294 ex
2308 3239 2527 3295 Eusebii
2555 3240 2811 3310 operibus
2848 3240 2919 3293 ita
2951 3240 3131 3294 afﬁnis
3172 3241 3366 3294 horum
3396 3253 3546 3293 com-

1974 3332 2365 3387 mentariorum
2417 3332 2589 3403 stylus
2625 3340 2728 3397 est,
2761 3342 2819 3384 ut
2850 3333 3158 3403 evangelica:
3202 3330 3540 3385 Demonstra-

1974 3426 2104 3479 tioni
2132 3441 2151 3479 :
2196 3441 2303 3479 non
2340 3426 2500 3480 modo
2529 3427 2670 3481 enim
2701 3426 2968 3481 dictiones
3011 3435 3064 3479 et
3101 3424 3371 3479 tractandi
3407 3425 3545 3477 ratio

1973 3527 2306 3582 consonant,
2344 3518 2451 3572 sed
2489 3518 2647 3572 etiam
2682 3517 3085 3587 Scripturarum
3139 3516 3544 3585 interpretatio-

1971 3624 2091 3673 nes,
2118 3610 2383 3664 sententia
2436 3624 2668 3679 semper,
2695 3610 2870 3663 verbis
2901 3625 3008 3663 non
3044 3608 3417 3677 iufrequenter
3468 3608 3543 3662 si-

1972 3702 2126 3756 miles
2184 3709 2330 3755 sunt.
2390 3702 2447 3755 In
2495 3702 2955 3756 Demonstratione
3013 3701 3142 3754 item
3193 3698 3490 3769 evangelica
3524 3738 3539 3761 ,

1970 3792 2194 3862 perinde
2224 3801 2386 3862 atque
2416 3793 2469 3844 in
2506 3792 2608 3847 hoc
2632 3791 3024 3846 commentario
3058 3790 3259 3858 passim
3296 3786 3541 3842 oﬂ‘endas

1970 3888 2023 3939 in
2079 3883 2233 3948 illud,
2266 3884 2480 3953 νοήσεις
2521 3884 2857 3953 ἐπιστήσας,
2906 3880 3157 3951 intelliges
3208 3881 3255 3934 si
3303 3880 3541 3933 animum

1969 3977 2305 4039 adhibueris,
2355 3976 2515 4045 inque
2567 3983 2850 4030 sescentas
2896 3976 3030 4029 alias
3069 3973 3284 4029 dicendi
3334 3972 3541 4028 formu-

1966 4071 2086 4133 las,
2177 4070 2331 4138 queis
2394 4069 2663 4124 sermonis
2744 4069 2813 4123 ab
2872 4070 2978 4124 alio
3042 4068 3109 4122 ad
3163 4067 3310 4123 aliud
3367 4068 3540 4124 series

1966 4162 2333 4217 transfertur:
2382 4177 2543 4217 voces
2590 4160 2825 4217 Eusebio
2884 4162 3273 4231 frequentatas,
3309 4160 3545 4230 aliisque

1966 4253 2326 4324 scriptoribus
2353 4253 2535 4308 minus
2561 4254 2792 4307 usitatas
2812 4292 2827 4316 ,
2870 4253 2926 4306 in
2961 4262 3192 4323 utroque
3224 4266 3388 4322 opere
3430 4252 3538 4305 ritu

1965 4347 2081 4417 pari
2110 4346 2382 4401 adhibitas
2403 4345 2776 4415 deprehendas
2802 4364 2815 4400 :
2847 4345 3240 4416 explicationes
3274 4344 3341 4398 de
3376 4341 3539 4398 Verbi

273 4427 428 4488 bum,
454 4427 592 4497 quod
614 4431 852 4485 omnibus
880 4435 1087 4489 swculis
1118 4438 1436 4503 prwexsistit
1466 4478 1479 4501 ,
1525 4449 1766 4492 sanctum
1810 4451 1860 4495 et
1893 4457 1936 4510 D
1967 4437 2273 4494 substantia
2301 4444 2355 4491 et
2382 4436 2584 4492 deitate
2619 4436 2692 4490 ita
2737 4436 3071 4499 consimiles,
3109 4443 3168 4489 ut
3198 4436 3340 4489 illico
3374 4449 3534 4487 unam

275 4519 614 4588 unigenitum
643 4520 756 4589 ejus
778 4520 1022 4588 Filium,
1074 4542 1225 4596 quem
1278 4526 1442 4581 Deum
1490 4530 1631 4582 varie
1674 4531 1860 4585 locutw

272 4619 405 4665 sunt
429 4609 629 4664 dudum
654 4630 686 4665 a
708 4614 856 4668 nobis
875 4617 1159 4684 proposita:
1178 4632 1325 4672 voces
1350 4632 1368 4670 :
1399 4633 1490 4686 per
1509 4636 1667 4689 quem
1702 4621 1859 4689 jurat

271 4701 421 4755 Deus
446 4712 495 4755 et
522 4702 680 4758 Pater
702 4705 814 4773 ejus
838 4714 1088 4777 tanquam
1108 4708 1356 4763 dilectum
1383 4726 1522 4775 eum,
1560 4713 1651 4781 qui
1673 4728 1739 4766 ea:
1778 4730 1860 4766 se-

273 4794 419 4848 mine
448 4794 618 4848 David
641 4805 739 4860 est,
771 4797 826 4851 in
846 4798 1114 4867 infinitum
1136 4801 1389 4855 sarculum
1419 4801 1818 4873 gloriﬁcaturus
1840 4845 1854 4869 ,

271 4885 418 4956 quod
441 4888 601 4939 etiam
641 4888 841 4956 [actum
861 4898 960 4954 est,
986 4892 1195 4961 quando
1254 4893 1481 4948 Verbum
1518 4896 1856 4949 incarnatnm

270 4992 397 5029 eum
421 4977 512 5046 qui
533 4993 598 5030 ea:
626 4979 822 5032 semine
852 4978 1022 5033 David
1046 4991 1123 5034 est
1162 4984 1483 5051 assumpsit,
1529 4994 1682 5054 atque
1706 4986 1859 5054 deiﬁ-

272 5076 397 5127 cat:
419 5068 557 5121 unde
582 5078 632 5123 et
654 5069 698 5120 F
701 5070 850 5123 ilium
875 5086 993 5124 eum
1019 5073 1247 5141 appellat
1268 5073 1443 5128 dicens
1468 5090 1485 5128 :
1519 5094 1536 5126 ι
1569 5074 1679 5146 Ego
1701 5093 1790 5131 ero
1811 5077 1859 5131 ei

272 5160 330 5212 in
351 5157 871 5228 Patrem,etipseerit
890 5162 1018 5215 mihi
1044 5164 1095 5215 in
1112 5163 1414 5235 Filium(ll
1439 5163 1563 5235 Reg.
1590 5167 1805 5237 vn,M);
1833 5188 1850 5219 ι

270 5260 323 5305 et
353 5251 541 5305 iterum
565 5268 583 5305 :
610 5272 629 5305 ‹
667 5253 778 5325 Ego
820 5256 1219 5325 primogenitum
1244 5273 1437 5325 ponam
1485 5258 1637 5312 illum
1678 5259 1852 5329 (Psal.

271 5359 537 5409 ιιιινιιι,
575 5344 691 5413 28).
735 5365 754 5398 ›
808 5346 935 5403 Hazc
968 5349 1096 5403 item
1128 5350 1449 5419 compendio
1476 5351 1857 5420 exprimuntur

268 5452 337 5491 ex
370 5436 822 5507 interpretatione
850 5442 1043 5509 psalmi
1078 5457 1340 5506 Lxxxvnt,
1385 5444 1729 5515 maximeque
1779 5461 1853 5501 ‘ex

271 5544 414 5583 vers.
444 5530 500 5595 4,
530 5531 584 5594 5,
620 5528 716 5593 56,
747 5531 817 5584 57
843 5540 895 5585 et
926 5533 1015 5588 58.

339 5621 450 5680 Etsi
487 5638 622 5679 vero
654 5622 888 5677 Photius
919 5624 1061 5679 inter
1095 5625 1313 5682 Eusebii
1343 5643 1506 5698 opera
1554 5629 1655 5685 hos
1705 5646 1853 5684 com-

265 5718 562 5774 mentarios
592 5731 714 5771 non
744 5724 1058 5784 recenseat,
1112 5719 1243 5774 nihil
1292 5721 1522 5789 mirum;
1580 5728 1695 5777 tum
1721 5721 1853 5792 quia

1963 4530 2180 4588 Eusebii
2218 4537 2475 4592 mentem,
2500 4544 2665 4583 unam
2713 4528 3000 4599 utrobique
3033 4544 3253 4582 manum
3285 4526 3533 4580 olfacias.

1960 4622 2165 4680 Verum
2199 4623 2388 4679 istbaac
2415 4622 2803 4677 exercitatione
2826 4622 3000 4692 prius,
3026 4637 3188 4692 quam
3223 4618 3531 4681 ratiocinio,

1964 4716 2142 4785 quivis
2176 4713 2413 4785 experiri
2443 4715 2619 4769 valeat
2656 4733 2670 4769 :
2710 4730 2888 4785 neque
2928 4714 3016 4769 his
3047 4714 3253 4767 diutius
3283 4711 3535 4765 insistere

1964 4808 2113 4873 libet,
2137 4807 2204 4861 de
2232 4807 2429 4877 quibus
2458 4807 2663 4859 nullam
2717 4821 2877 4875 spero
2901 4846 2916 4871 ,
2952 4804 3091 4876 apud
3121 4802 3375 4857 cordatos
3427 4801 3534 4855 sal-

1962 4906 2090 4966 tem,
2125 4901 2552 4955 controversiam
2585 4898 2845 4955 futuram.

2450 4990 2535 5039 Ill.
2572 4990 2647 5040 De
2666 4993 2795 5052 stylo
2818 4988 3037 5041 Eusebii.

2030 5095 2125 5149 Est
2158 5109 2325 5164 porro
2354 5094 2477 5163 styli
2512 5109 2685 5164 genus
2718 5093 2805 5145 hic
2836 5098 2895 5144 ut
2933 5090 2986 5143 in
3029 5087 3152 5141 aliis
3200 5088 3319 5157 ejus
3349 5088 3530 5156 operi-

1960 5187 2083 5249 bus,
2108 5187 2265 5255 quale
2289 5186 2547 5239 describit
2572 5184 2796 5237 Photius
2822 5183 2875 5234 in
2904 5179 3415 5241 Bibliotheca,num.
3443 5180 3525 5233 i3:

1960 5280 2070 5351 Τὴν
2112 5280 2167 5332 δὲ
2204 5280 2400 5350 φράσιν
2442 5280 2539 5331 οὐκ
2571 5277 2716 5329 ἔστιν
2760 5273 3030 5343 οὐδαμοῦ,
3072 5271 3194 5324 οὔτε
3229 5272 3376 5341 ἡδὺς,
3405 5269 3528 5323 οὔτε

1958 5368 2301 5439 λαμπρότητι
2360 5368 2582 5437 χαίρων.
2644 5361 2965 5433 Πολυμαθὴς
3016 5362 3072 5415 δέ
3110 5364 3255 5415 ἐστιν
3290 5365 3318 5413 ὁ
3364 5361 3524 5429 ἁνήρ,

1957 5461 2061 5515 hoc
2090 5471 2174 5514 est
2201 5480 2211 5512 :
2249 5459 2490 5512 Dictione
2521 5466 2691 5509 autem
2714 5472 2971 5525 nusquam
2991 5457 3179 5515 suavis
3205 5463 3316 5515 est,
3363 5466 3527 5519 neque

1957 5554 2214 5623 elegantia
2242 5561 2481 5605 ornatus.
2514 5548 2922 5601 Ernditissimus
2956 5558 3128 5601 tamen
3156 5546 3233 5599 vir
3261 5553 3358 5598 est.
3402 5541 3525 5613 Sty-

1956 5650 2041 5705 lus
2070 5649 2253 5718 itaque
2274 5648 2394 5716 ejus
2424 5646 2669 5700 nonnihil
2712 5645 2982 5716 strigosus
3011 5650 3063 5699 et
3098 5642 3385 5714 perplexus
3415 5645 3519 5701 est,

1956 5756 2063 5795 non
2100 5746 2212 5794 arte
2242 5738 2464 5794 limatus
2492 5756 2505 5793 :
2538 5737 2710 5793 oratio
2759 5737 2959 5793 nedum
3006 5741 3261 5792 excurrat
3313 5734 3477 5788 libere
3499 5768 3515 5795 ,
3546 5738 3549 5741 ‘
