3948 6286
411 289 476 345 19
1104 283 1370 343 EUSEBII
1409 287 1885 351 CESARIENSlS
1922 287 1959 344 0

2062 330 2072 343 .
2113 287 2292 342 PARS
2327 284 2415 341 ιιι.
2458 315 2525 326 ——-
2563 280 2973 338 EXEGETICA.
3580 280 3649 336 eo

409 405 544 462 adeo
569 406 818 461 intricata
844 406 1161 477 plerumque
1187 414 1304 474 est,
1337 414 1395 462 ut
1423 407 1710 479 scriptoris
1739 419 1972 465 mentem
2003 417 2045 472 Α
2074 415 2228 472 sunt,
2264 408 2341 461 ita
2365 414 2424 460 ut
2463 404 2715 459 divinitus
2755 401 3049 456 immissum
3079 399 3179 454 sibi
3220 397 3489 470 ﬂagellum
3530 397 3647 450 ani-

405 499 492 553 vix
520 513 833 568 assequare.
869 496 1132 557 Periodos
1168 499 1245 553 ita
1289 501 1530 576 prolixas
1569 504 1753 566 ducit,
1789 506 1849 556 ut
1872 516 1971 555 ex-

404 597 632 649 traCtam
661 589 876 661 longius
903 590 1121 654 seriem,
1151 591 1199 646 si
1226 592 1355 662 quid
1389 592 1512 650 novi
1554 593 1722 648 menti
1757 609 1976 649 succur-

403 682 572 748 rerit,
618 681 852 737 subinde
907 682 1232 753 intercipiat,
1269 684 1397 738 dum
1443 700 1746 755 suspensus
1790 688 1972 741 animo

403 771 592 838 lector,
625 787 727 828 nec
766 788 876 843 quo
907 771 1196 838 deducere,
1231 790 1331 830 nec
1383 775 1471 829 ubi
1506 776 1758 833 claudere
1813 794 1974 851 argu-

402 872 646 920 mentum
667 865 815 932 velit,
839 866 1144 943 intelligere
1170 867 1332 922 valet.
1363 867 1518 933 Quod
1546 870 1781 925 maxime
1807 870 1893 927 his
1914 872 1970 925 in

402 958 809 1013 commentariis
845 958 1233 1023 observes,ubi
1260 967 1550 1030 perpetuus
1580 970 1820 1016 veterum
1850 978 1970 1017 ver-

402 1049 639 1114 sionum,
670 1064 791 1120 quae
814 1059 873 1104 ut
905 1050 1197 1119 plurimum
1253 1050 1605 1105 subbarbarm
1636 1061 1783 1116 sunt,
1808 1069 1966 1118 usus,

401 1142 636 1212 aliquam
671 1143 824 1214 ,stylo
872 1143 993 1212 ejus
1046 1146 1226 1200 intulit
1276 1146 1733 1215 peregrinitatem.
1782 1144 1969 1216 Neque

401 1239 582 1287 tamen
610 1247 708 1303 par
729 1234 929 1303 ubique
956 1235 1082 1305 styli
1106 1235 1245 1289 ratio
1287 1242 1406 1287 est:
1446 1248 1570 1288 nam
1614 1232 1705 1287 ubi
1760 1233 1829 1287 ad
1872 1234 1968 1289 de-

400 1324 726 1394 scriptiones
758 1327 1017 1392 vertitur,
1061 1328 1258 1384 seriem
1296 1334 1525 1381 exornat
1569 1326 1750 1385 verbis
1803 1342 1964 1396 quam

396 1424 581 1484 potest
604 1418 955 1485 lectissimis;
990 1433 1101 1473 non
1150 1417 1452 1473 utotiosos
1500 1417 1647 1471 inani
1692 1417 1965 1488 voluptate

397 1507 722 1571 demulceat,
750 1509 844 1563 sed
875 1518 936 1563 ut
963 1525 1028 1565 ex
1050 1524 1232 1565 rerum
1262 1524 1382 1579 qua:
1420 1510 1522 1565 sub
1561 1519 1837 1578 aspectum
1872 1524 1965 1562 ca-

398 1598 535 1653 dunt
567 1599 972 1668 pulchritudine
1024 1609 1079 1655 et
1127 1606 1430 1664 concentu,
1472 1599 1540 1653 ad
1586 1599 1796 1669 opiticis
1828 1613 1962 1652 con-

396 1690 801 1759 templationem
833 1691 1055 1746 alliciat.
1109 1689 1198 1745 Sic
1248 1690 1315 1744 ad
1363 1691 1632 1760 psalmum
1684 1705 1854 1753 xvm,
1896 1690 1963 1744 de

395 1796 565 1841 cursu
605 1783 737 1839 solis
768 1783 1041 1843 ﬂoridiore
1083 1783 1222 1854 stylo
1249 1782 1477 1838 miriﬁce
1515 1782 1961 1838 edisseritzalias

395 1873 648 1929 similiter
675 1874 742 1930 de
776 1891 941 1931 verno
984 1883 1247 1946 tempore,
1283 1877 1458 1945 deque
1488 1889 1752 1945 aquarum
1781 1874 1967 1930 divor—

396 1964 519 2028 tiis,
554 1981 675 2035 quae
720 1968 1111 2038 sapientissimi
1139 1966 1454 2024 Conditoris
1486 1974 1654 2022 nutus
1704 1965 1772 2020 ad
1803 1973 1963 2021 terra:

395 2056 605 2150 r‘ltum
634 2068 689 2112 et
721 2057 1110 2117 fecunditatem
1161 2059 1496 2114 moderatur.
1547 2057 1734 2113 Divine
1782 2068 1960 2113 autem

390 2144 636 2217 léquitur
663 2149 836 2205 sicubi
866 2158 1055 2205 contra
1103 2165 1198 2205 eos
1248 2150 1556 2218 disceptat,
1611 2149 1703 2219 qui
1753 2156 1961 2220 tempe-

389 2250 547 2300 rente
578 2238 796 2303 fortuna
825 2257 1005 2296 rerum
1041 2242 1401 2295 humanarum
1438 2241 1610 2295 aleam
1647 2240 1841 2296 cadere
1869 2256 1960 2295 ΩΙ*-

389 2332 700 2398 bitrantur;
735 2332 848 2387 sive
881 2333 1082 2397 etiam,
1132 2333 1225 2402 qui
1260 2347 1351 2386 res
1391 2347 1616 2394 omnes,
1672 2348 1794 2402 quas
1834 2338 1961 2387 sunt

391 2423 598 2481 homini
628 2424 974 2494 expetendae,
1005 2425 1282 2494 voluptate
1328 2427 1666 2482 metiuntur:
1702 2426 1958 2495 frequen-

392 2512 600 2567 tissime
640 2528 772 2568 vero
800 2514 924 2571 illos
954 2513 1225 2583 exagitat,
1279 2514 1372 2583 qui
1431 2513 1688 2575 mundum
1737 2514 1960 2568 fortuito

389 2617 456 2657 ac
482 2618 550 2658 ex
582 2605 872 2665 temerario
902 2607 1133 2675 partium
1168 2620 1438 2660 concursu
1468 2613 1659 2673 Sponte
1689 2607 1958 2661 coaluisse

388 2693 738 2762 pugnabant,
762 2695 816 2749 in
870 2694 1067 2766 bisque
1123 2711 1254 2755 sane
1310 2697 1619 2760 invenimus
1665 2696 1960 2754 Eusebium

388 2781 626 2839 Eusebio
660 2786 1069 2855 elegantiorem.

449 2898 529 2954 IV.
556 2893 801 2951 Maximini
823 2903 1146 3013 carniﬂcltltgam
1174 2908 1234 3013 git
1252 2906 1476 2955 oculatus
1502 2906 1643 2954 testis
1662 2909 1900 2955 memorat

1082 2978 1170 3013 use
1227 2979 1298 3013 us.

1082 2978 1298 3014 ιιεθιτιυε.

459 3044 601 3101 ,Ενο
651 3061 753 3104 suo
812 3055 1151 3118 grassantem
1198 3047 1476 3103 Maximini
1510 3049 1566 3102 in

388 3135 763 3195 carniﬁcinam
792 3144 851 3190 ut
883 3137 1135 3191 oculatus
1184 3139 1344 3193 testis
1383 3146 1647 3193 memorat
1709 3138 1776 3193 ad
1820 3154 1914 3207 psa

388 3244 575 3294 auri,
598 3228 689 3283 ubi
725 3238 1012 3300 postquam
1040 3230 1319 3301 gentilium
1344 3231 1735 3285 immanitatem
1768 3246 1958 3286 recen-

388 3321 520 3389 suit,
552 3321 668 3391 haec
700 3321 882 3378 subdit
910 3341 923 3376 :
960 3323 1168 3394 Ὥσπερ
1207 3323 1264 3376 δὲ
1290 3323 1462 3378 ταῦτα
1510 3325 1919 3395 ἱστορησάμενοι
1939 3365 1956 3390 ,

385 3410 528 3467 οὕτω
555 3413 651 3468 καὶ
670 3413 767 3494 τὴν
789 3413 1149 3486 μετελθοῦσαν
1192 3416 1390 3479 αὐτοὺς
1419 3414 1553 3469 Θεοῦ
1586 3416 1742 3486 δίκην
1771 3417 1961 3471 τεθεά-

388 3508 564 3580 μεθα,
615 3507 868 3577 τοιαύτην
928 3507 1259 3579 γενομένην,
1304 3507 1379 3571 ὡς
1436 3508 1511 3580 μὴ
1571 3511 1834 3581 ἁμαρτεῖν
1866 3511 1959 3565 τὸν

385 3600 634 3666 φήσαντα
664 3598 896 3670 ἀληθῶς,
926 3599 1024 3671 τὴν
1052 3598 1321 3672 ῥομφαίαν
1355 3600 1532 3653 αὐτῶν
1557 3600 1959 3673 εἰσεληλυθέναι

383 3692 466 3757 rit;
496 3694 596 3764 τὴν
638 3692 861 3767 καρδίαν
908 3693 1114 3757 αὐτῶν,
1160 3694 1255 3746 καὶ
1300 3693 1368 3746 τὰ
1436 3690 1564 3757 τόξα
1616 3692 1793 3747 αὐτῶν
1833 3710 1961 3747 συν-

384 3784 686 3864 τετρῖφθαι,
716 3784 769 3839 id
798 3792 879 3839 est
911 3803 923 3840 :
952 3782 1018 3838 Ut
1035 3794 1210 3839 autem
1228 3784 1338 3839 Ita'c
1358 3783 1602 3849 vidimus,
1628 3787 1705 3838 ita
1726 3796 1776 3839 et
1804 3786 1963 3840 ultio-

384 3894 500 3931 nem
524 3876 620 3939 Dei
644 3880 785 3946 ipsos
816 3877 1145 3932 invadentem
1166 3878 1518 3947 suspeximus,
1550 3892 1667 3947 qua:
1689 3877 1814 3931 talis
1846 3876 1926 3931 uti
1937 3905 1958 3919 -

356 3958 480 4038 ‘que
526 3968 648 4036 fuit,
674 3976 733 4021 ut
772 3968 902 4022 nihil
931 3969 1253 4023 aberraverit
1306 3969 1352 4022 is
1395 3968 1488 4038 qui
1533 3966 1689 4035 dixit,
1719 3967 1956 4039 gladium

380 4075 565 4115 eorum
603 4059 830 4130 inﬁxum
855 4059 910 4113 in
943 4059 1105 4114 corda
1143 4061 1417 4131 ipsorum,
1474 4069 1525 4114 et
1569 4077 1725 4115 arcus
1776 4077 1957 4116 eorum

382 4152 679 4221 confractos
726 4168 858 4209 esse.
895 4152 961 4206 Et
988 4152 1160 4220 alibi:
1198 4152 1329 4217 Quis
1386 4163 1559 4207 autem
1609 4156 1776 4209 oculis
1831 4171 1955 4210 con-

389 4244 672 4311 templatus
735 4244 933 4312 impios
989 4244 1137 4315 (nam
1187 4243 1376 4300 Graeca
1428 4245 1738 4319 compendii
1790 4260 1956 4301 causa

380 4333 672 4406 mittimus)
702 4335 792 4405 qui
847 4351 955 4389 ωυο
998 4346 1178 4392 nostro
1209 4353 1274 4392 ea:
1301 4337 1746 4411 divitiis,gloria,
1775 4336 1956 4408 digni-

383 4423 579 4478 tatibus
611 4424 665 4478 in
703 4424 1057 4480 admiratione
1117 4428 1282 4497 fuere,
1314 4429 1370 4483 in
1431 4428 1730 4499 multasque
1782 4438 1956 4501 gentes

380 4514 657 4585 imperium
688 4513 974 4581 obtinuere,
1009 4525 1214 4587 repente
1254 4517 1320 4571 ab
1361 4518 1459 4571 hac
1519 4517 1830 4572 celsitudine
1878 4519 1960 4572 la-

378 4620 521 4673 psos,
552 4621 655 4659 non
685 4605 919 4675 fateatur
965 4622 1141 4660 verum
1168 4625 1279 4663 esse
1309 4608 1583 4662 oraculum
1605 4607 1911 4678 hujusmodi
1932 4611 1960 4665 l'

1620 3047 1962 3105 Christianos

458 4707 465 4713 ’
501 4719 810 4784 νηΙιθωιιυε
837 4720 1046 4777 aliorum
1078 4721 1340 4772 Christiani
1367 4724 1579 4772 nominis
1600 4724 1844 4783 hostium.

450 4821 658 4881 Diserte
683 4842 813 4882 vero
865 4825 934 4880 ad
985 4828 1133 4897 psal.
1192 4841 1342 4881 vau
1389 4828 1615 4898 quinam
1676 4829 1756 4895 illi
1797 4830 1956 4885 Chri-

378 4913 683 4969 stianorum
735 4917 1040 4981 carniﬁces,
1084 4917 1480 4991 imperatores,
1535 4927 1591 4975 et
1620 4934 1730 4989 quo
1764 4921 1956 4976 mortis

377 5020 577 5075 genere
607 5008 809 5064 sublati
841 5010 953 5066 sint
979 5019 1204 5081 enarrat
1244 5012 1328 5068 his
1362 5013 1541 5069 verbis
1574 5032 1588 5069 :
1627 5012 1765 5083 Haec
1797 5028 1954 5083 parra

377 5117 529 5170 opere
558 5103 817 5172 completa
862 5122 956 5160 nos
1001 5107 1130 5175 ipsis
1161 5107 1329 5160 oculis
1357 5108 1680 5183 percepimus
1707 5123 1726 5161 :
1766 5105 1954 5178 quibus

377 5215 506 5252 sane
535 5198 813 5256 verisimile
841 5213 919 5256 est
947 5213 1180 5271 pasteros
1216 5211 1423 5269 nostros
1455 5201 1756 5269 incredulos
1776 5242 1792 5265 ,
1835 5217 1953 5254 cum

381 5292 492 5345 Iuec
519 5288 757 5357 audient,
784 5292 943 5362 ﬁdem
966 5311 1070 5350 non
1096 5296 1368 5362 habituros
1391 5312 1524 5352 esse.
1551 5294 1817 5366 Quotquot
1849 5298 1950 5366 igi-

381 5395 471 5438 tur
501 5401 610 5447 tero
646 5392 825 5440 nostra
856 5385 998 5455 fuere
1029 5387 1281 5453 Ecclesia
1308 5388 1405 5444 Dei
1443 5389 1665 5462 inimici,
1691 5388 1950 5457 principes

378 5477 536 5548 hujus
557 5479 743 5547 sqculi
767 5486 819 5535 et
856 5483 1071 5551 tyranni
1095 5521 1111 5545 ,
1152 5483 1408 5547 diuinitus
1436 5484 1693 5539 immissis
1722 5482 1951 5554 ﬂagellis

377 5568 606 5635 laniati;
634 5568 731 5632 alii
773 5569 985 5642 quidem
1028 5575 1259 5640 corporis
1300 5574 1495 5637 cariem
1538 5574 1771 5641 perpessi
1801 5580 1949 5635 sunt,

378 5670 436 5724 ut
466 5662 628 5725 etiam
659 5660 738 5721 vel
770 5661 940 5727 adhuc
997 5663 1217 5729 viventes
1266 5680 1385 5729 cum
1411 5646 1738 5731 intolerabili
1782 5658 1950 5729 fetore

376 5754 635 5818 vermibus
664 5764 969 5814 scatereut:
1019 5755 1114 5815 alii
1173 5754 1390 5811 virentes
1442 5757 1563 5810 item
1611 5757 1776 5813 oculis
1811 5757 1951 5825 capti

2079 501 2475 564 madverterent,
2520 495 2948 568 palinodiamque
2975 502 3254 556 canerent,
3305 508 3367 545 ac
3400 489 3650 545 Ecclesia!

2078 593 2244 647 Deum
2281 608 2529 665 magnum
2580 572 2888 659 rerumque,
2933 596 2983 643 et
3018 586 3191 641 solum
3224 600 3335 639 esse
3366 583 3647 639 Dominum

2075 686 2471 755 conﬁterentur,
2501 696 2808 752 summaque
2839 695 2969 745 cura
2998 678 3356 747 praeciperent,
3383 684 3439 729 ut
3463 675 3647 728 civitas

2073 777 2170 831 illa
2203 775 2317 839 Dei,
2349 774 2415 828 ab
2458 791 2512 828 se
2535 772 2662 827 olim
2719 772 3024 841 impugnata
3049 809 3066 831 ,
3108 775 3498 832 restauraretur
3519 806 3532 831 ,
3584 768 3646 818 ac

2072 867 2241 922 denuo
2263 875 2673 922 construeretur.
2698 863 2963 919 Videlicet
2983 861 3233 918 Galerius
3261 860 3641 921 Maximianus,

2071 959 2162 1028 qui
2208 959 2475 1014 vermium
2545 953 2713 1011 fetore
2774 955 3136 1025 computruit,
3172 960 3240 1006 ut.
3277 953 3437 1007 habet
3479 951 3646 1005 Euse-

2068 1050 2192 1105 bius
2227 1048 2371 1103 Hist.
2425 1047 2550 1102 eccl.
2588 1047 2682 1102 lib.
2716 1062 2811 1100 vui
2841 1086 2857 1113 ,
2911 1060 2960 1099 c.
2995 1043 3092 1111 J16;
3140 1044 3281 1099 alius
3315 1043 3407 1113 qui
3451 1048 3651 1112 captus

2071 1141 2248 1195 oculis
2276 1139 2468 1204 fertur,
2493 1147 2575 1194 est
2607 1137 2936 1192 Maximinus
2962 1134 3202 1191 Orientis
3231 1137 3548 1197 imperator,
3583 1139 3647 1190 ut

2067 1232 2143 1284 ait
2175 1230 2465 1295 Eusebius,
2503 1231 2541 1284 1.
2579 1247 2652 1293 ix,
2684 1244 2735 1284 c.
2773 1228 2860 1283 i0.
2916 1226 3219 1297 Utrumque
3249 1238 3376 1280 vero
3426 1225 3648 1294 palino—

2067 1321 2211 1377 diam
2242 1322 2509 1378 cecinisse
2536 1329 2726 1376 narrat
2751 1319 3019 1375 Eusebius
3052 1318 3140 1373 hic
3186 1327 3241 1373 et
3298 1319 3348 1369 in
3395 1316 3646 1370 Historia

2063 1415 2442 1472 ecclesiastica.
2507 1412 2770 1468 Similiter
2821 1410 2889 1464 ad
2938 1410 3202 1480 psalmum
3233 1423 3477 1470 Lxxvm,
3530 1407 3647 1463 haec

2064 1506 2272 1561 habet:
2328 1504 2510 1575 Neque
2560 1505 2733 1560 solum
2786 1503 2853 1558 iis
2917 1502 3044 1573 (qui
3098 1511 3339 1570 tempore
3387 1497 3645 1557 Antiochi

2065 1600 2217 1669 passi
2262 1599 2415 1671 sunt)
2448 1600 2558 1653 Ittec
2589 1597 2789 1653 tradita
2818 1596 2996 1665 fuere;
3045 1594 3283 1650 omnibus
3324 1595 3512 1664 quippe
3565 1594 3649 1648 siq

2064 1691 2215 1745 milia
2236 1691 2553 1760 patientibus
2589 1697 2885 1757 competunt
2908 1703 2926 1741 :
2955 1688 3077 1756 quia
3103 1688 3158 1740 in
3172 1685 3645 1755 persecutionibus,

2061 1799 2178 1853 quae
2207 1793 2388 1837 nostra
2409 1790 2563 1837 (etate
2591 1782 2937 1850 contigerunt,
2955 1780 3179 1834 sexcenti
3193 1790 3353 1847 supra
3371 1778 3647 1831 recensitis

2061 1874 2260 1929 similia
2287 1883 2408 1929 sunt
2441 1873 2687 1944 perpessi.
2739 1872 2805 1925 Et
2838 1871 2905 1926 ad
2952 1871 3216 1940 psalmum
3266 1883 3354 1934 xc,
3388 1884 3537 1924 vers.
3582 1868 3644 1933 9,

2062 1982 2122 2022 se
2153 1983 2260 2020 non
2291 1966 2456 2021 unius
2486 1974 2695 2019 tantum
2750 1964 2845 2020 sed
2896 1964 3252 2033 plurimarum
3304 1961 3650 2033 persecutio-

2061 2074 2191 2112 num
2222 2065 2412 2112 testem
2443 2056 2620 2110 t‘uisse
2648 2063 2868 2118 narrat,
2901 2062 3274 2125 tyrannosque
3303 2069 3412 2107 non
3444 2053 3538 2107 diu
3574 2053 3649 2106 ab

2062 2151 2212 2205 illata
2243 2147 2570 2205 Christianis
2603 2145 2778 2210 clade,
2830 2140 3053 2201 interitu
3108 2145 3294 2214 plexos
3329 2146 3416 2201 his
3447 2145 3648 2201 testifi-

2061 2251 2255 2299 catur:
2295 2241 2408 2297 Nos
2453 2251 2627 2296 autem
2665 2241 2935 2295 veritatem
2979 2240 3094 2309 ipsa
3142 2238 3502 2307 exemplorum
3558 2240 3644 2293 inv

2062 2336 2429 2404 terpretatione
2457 2332 2801 2403 percepimus,
2826 2341 3096 2399 conspecto
3128 2330 3289 2384 variis
3322 2329 3655 2398 temporibus.

2061 2424 2352 2479 Ecclesium
2380 2422 2578 2479 Christi
2621 2422 3041 2492 impugnantium
3096 2420 3271 2483 exitu,
3313 2419 3406 2488 qui
3458 2419 3645 2489 confa-

2061 2519 2188 2572 stim
2208 2557 2223 2582 ,
2260 2533 2322 2571 ne
2351 2516 2602 2570 diuturno
2636 2523 2751 2583 post
2781 2526 3027 2581 tempore,
3056 2511 3302 2566 debellati
3331 2520 3476 2565 sunt.
3522 2508 3646 2580 ipse

2061 2624 2296 2679 namque
2317 2608 2526 2662 viderat
2567 2606 2995 2669 Diocletianum,
3052 2603 3436 2658 Maximiauum
3480 2602 3651 2657 Gale-

2059 2701 2224 2765 rium,
2248 2699 2599 2755 Maximinum
2622 2706 2677 2755 et
2703 2696 2972 2751 Licinium
2996 2736 3012 2758 ,
3055 2696 3153 2766 qui
3196 2695 3253 2751 in
3287 2694 3648 2750 Christianos

2060 2789 2430 2844 carniﬁcinam
2456 2789 2848 2850 exercuerant,
2908 2784 3150 2839 infausto
3192 2787 3387 2840 mortis
3439 2797 3657 2855 genere

2059 2881 2310 2952 periisse.

2230 2990 2308 3042 VI.
2335 2990 2443 3051 Quo
2465 2997 2689 3054 tempore
2708 2991 2803 3041 hos
2823 2989 3199 3041 commentarios
3218 2988 3454 3039 ediderit.

1917 3090 1961 3192 ς’
1987 3109 2033 3172 ο
2134 3093 2596 3153 Manifestissimis
2640 3097 2808 3168 igitur
2837 3097 2982 3151 notis
3030 3095 3358 3165 iudiciisque
3392 3106 3517 3148 sese
3550 3090 3664 3145 bo-.

2065 3203 2186 3242 nun
2216 3191 2733 3245 commentariorum
2775 3197 3053 3244 auctorem
3099 3188 3278 3257 prodit
3327 3185 3603 3240 Eusebius
3628 3204 3661 3255 ξ,

2061 3272 2173 3345 jam
2205 3290 2335 3334 vero
2367 3285 2537 3331 restat
2589 3283 2648 3330 ut
2700 3278 3043 3346 exploremus
3084 3291 3194 3345 quo
3248 3284 3498 3345 tempore
3538 3275 3655 3337 hct:

2063 3380 2200 3435 opus
2231 3363 2487 3420 ediderit.
2522 3365 2639 3437 Qua
2670 3365 2738 3420 de
2771 3381 2831 3419 re
2870 3382 2935 3421 ex
2983 3381 3094 3420 uno
3133 3373 3342 3419 tantum
3396 3364 3521 3417 loco
3567 3364 3663 3421 lu-.

2063 3469 2182 3511 cem
2210 3457 2449 3516 mutuari
2484 3457 2631 3512 licet.
2667 3456 2762 3512 Est
2795 3456 2843 3512 is
2899 3457 2953 3510 in
3011 3456 3224 3523 psalmo
3274 3470 3534 3517 Lxxxvn,
3575 3454 3652 3512 ad

2062 3546 2209 3603 hunc
2259 3563 2476 3609 versum
2512 3546 2804 3619 :Nunquid
2857 3549 3077 3603 mortuis
3127 3547 3288 3617 facies
3327 3545 3673 3602 mirabilia!

2063 3640 2155 3696 ubi
2195 3640 2275 3697 sic
2319 3640 2484 3695 habet
2516 3659 2531 3695 :
2571 3641 2634 3693 Et
2666 3640 2733 3709 se,
2752 3659 2834 3706 τις
2868 3640 2992 3695 νοῦν
3034 3641 3345 3712 ἐπιστήσειε
3373 3643 3502 3702 τοῖς
3531 3639 3661 3693 καθ’

2060 3735 2208 3805 ἡμᾶς
2237 3733 2378 3803 ἀμφὶ
2402 3733 2464 3786 τὸ
2485 3733 2673 3805 μνῆμα
2689 3733 2781 3787 καὶ
2814 3732 2873 3786 τὸ
2906 3731 3205 3805 μαρτύριον
3236 3732 3330 3785 τοῦ
3381 3731 3671 3804 Σωτῆρος

2063 3821 2217 3894 ἡμῶν
2259 3821 2649 3876 ὲπιτελεσθεῖσι
2704 3821 3301 3893 θαυμασίοιςλὰληοῶς
3341 3820 3549 3880 εἴσεται
3588 3822 3654 3876 ὃ-

2063 3931 2184 3978 πως
2224 3914 2572 3986 πεπλήρωται
2601 3913 2784 3987 ἔργοις
2826 3913 2894 3967 τὰ
2931 3912 3324 3984 τεθεσπισμένα
3350 3952 3365 3977 ,
3419 3912 3474 3967 id
3518 3924 3609 3970 est
3628 3933 3654 3979 εγ

2065 4006 2218 4075 Quod
2246 4009 2293 4062 si
2324 4009 2440 4078 quis
2480 4009 2715 4061 animum
2747 4007 2993 4061 adhibeat
3025 4008 3113 4074 iis,
3139 4022 3254 4078 qua:
3280 4014 3458 4063 nostra
3506 4015 3649 4062 tem-

2060 4115 2183 4168 pore
2212 4100 2288 4155 ad
2317 4100 2611 4170 sepulcrum
2660 4111 2710 4155 et
2762 4101 3081 4170 martyrium
3135 4098 3428 4154 Saluatoris
3461 4101 3663 4155 nostri

2060 4204 2277 4263 patrata
2310 4203 2454 4261 sunt,
2485 4194 2817 4249 mirabilibus
2838 4233 2856 4260 ,
2905 4194 2949 4248 is
2990 4209 3116 4248 sane
3145 4190 3484 4260 deprehendet
3536 4209 3663 4263 quo,

2060 4296 2216 4355 pacto
2243 4302 2307 4340 ea
2333 4303 2449 4358 qua:
2493 4287 2853 4356 praenuntiata
2884 4286 3136 4354 fuerant,
3182 4301 3331 4350 opere
3375 4284 3651 4353 completa

2062 4378 2188 4435 sint.
2218 4376 2294 4432 De
2325 4377 2607 4433 miraculis
2649 4378 2704 4432 in
2738 4378 2993 4449 sepulcro
3025 4385 3079 4432 et
3125 4376 3385 4447 martyrio
3427 4376 3652 4433 Christi

1989 4472 2037 4529 Ι)
2063 4469 2224 4524 editis
2247 4484 2317 4537 ne
2341 4470 2563 4524 verbum
2594 4469 2811 4539 quidem
2837 4468 3104 4522 Eusebius
3129 4467 3186 4520 in
3228 4466 3343 4520 Vita
3374 4464 3653 4523 Constan-
3711 4504 3714 4506 η

1989 4578 1997 4586 ’
2065 4561 2205 4633 lini;
2230 4561 2333 4627 etsi
2356 4561 2651 4623 detectum,
2678 4568 2903 4614 curante
2930 4558 3129 4613 Helena
3150 4598 3165 4622 ,
3217 4559 3534 4628 sepulcrum
3591 4569 3652 4615 et

2061 4653 2384 4723 martyrium
2435 4659 2719 4716 memoret,
2751 4656 3086 4705 exstructam
3143 4648 3333 4703 eodem
3387 4647 3511 4702 loco
3545 4665 3652 4721 per

2057 4744 2478 4800 Constantinum
2508 4741 3103 4813 magniﬁcentissimam
3148 4739 3436 4795 ecclesiam
3470 4734 3610 4797 enat
3646 4776 3654 4783 -

2057 4847 2138 4893 ret
2165 4879 2180 4902 ,
2212 4836 2478 4909 synodum
2502 4836 2565 4895 in
2584 4836 2829 4905 ejusdem
2854 4834 3098 4889 ecclesiae
3124 4832 3380 4888 encaeniis
3408 4848 3512 4888 seu
3545 4836 3652 4891 de-

2059 4930 2331 4984 dicatione
2391 4928 2720 4984 celebratam
2791 4941 2934 4981 anno
2991 4927 3136 4993 555,
3196 4926 3511 4981 minutatim
3591 4939 3654 4983 et

2058 5020 2604 5091 κομψῶςᾱεδοιίϋοι.
2630 5017 2832 5075 \Terum
2869 5018 2961 5073 hic
2995 5018 3064 5076 de
3092 5018 3371 5072 miraculis
3403 5017 3490 5086 agi
3517 5035 3652 5088 qua

2058 5128 2087 5166 a
2142 5110 2357 5177 Ruﬁno,
2393 5110 2631 5182 Sulpicio
2662 5109 2886 5176 Severo,
2914 5109 3170 5174 Socrate,
3226 5107 3537 5164 Sozomeno
3592 5121 3650 5165 et.

2057 5203 2400 5265 Theodoreto
2432 5210 2806 5267 recensentur,
2836 5216 2905 5257 ne
2936 5201 3207 5270 ambigas.
3231 5201 3399 5254 Aiunt
3428 5216 3650 5272 quippe

2059 5297 2159 5359 illi,
2194 5297 2409 5352 aﬂlante
2438 5297 2663 5351 numine
2723 5296 2902 5349 locum
2949 5294 3195 5365 sepulcri.
3226 5292 3486 5349 Helenam
3540 5294 3648 5349 de-

2058 5390 2278 5452 texisse,
2312 5388 2530 5459 tresibi
2564 5402 2757 5442 cruces
2787 5392 3029 5457 repertas
3054 5399 3207 5451 esse;
3252 5383 3645 5454 haerentemque

2055 5496 2246 5537 omnes
2270 5496 2517 5552 quaenam
2549 5496 2616 5535 ex
2668 5480 2845 5534 tribus
2874 5477 3078 5535 Christi
3109 5477 3405 5549 suspendio
3429 5490 3644 5534 conse-

2054 5582 2205 5630 crata
2233 5574 2445 5637 fuisset,
2475 5572 2642 5633 dubio
2675 5571 2893 5628 tandem
2928 5570 3133 5627 levatos
3163 5569 3370 5634 fuisse,
3410 5582 3543 5627 cum.
3577 5571 3640 5626 in

2054 5666 2313 5721 extremis
2342 5679 2509 5736 agens
2548 5662 2762 5727 mulier,
2794 5678 2861 5724 ex
2904 5661 3134 5717 aliarum
3198 5666 3455 5721 contactu
3486 5658 3642 5722 nihil

2059 5756 2278 5813 remedii
2324 5764 2654 5824 consecuta,
2708 5756 2922 5812 admota
2975 5754 3188 5811 demum
3239 5767 3366 5810 vera
3418 5749 3638 5812 Christi
