3948 6286
314 326 369 381 2t
1089 319 1595 377 COMMENTARIA
1634 318 1699 372 lN
1730 315 2069 371 PSALMOS.
2118 349 2180 357 —
2220 294 2758 372 cncubinam.

3481 318 3553 372 92

312 457 490 503 cruce,
528 441 714 495 statim
751 457 780 494 a
811 440 997 494 morbo
1018 441 1233 509 penitus
1256 447 1523 501 recreata,
1546 448 1601 492 et
1637 438 1885 507 pristinae
1916 444 1958 498 Α
1988 437 2178 490 tentim
2214 452 2344 490 vero
2383 436 2667 489 ratiocinia
2696 433 2923 504 profert,
2972 433 3126 497 nihil,
3160 431 3304 503 quod
3337 433 3402 487 ad
3435 446 3549 487 rem

312 523 597 589 valetudirﬂ
633 533 885 587 restituta
911 540 1013 586 est.
1038 530 1174 586 Cum
1203 538 1382 585 autem
1415 530 1527 584 haec
1574 544 1717 582 anno
1752 529 1876 593 527,

314 624 728 694 autinscquenti
771 633 919 694 gesta
964 624 1105 686 sint,
1162 622 1288 675 hinc
1321 623 1678 691 consequitur
1708 619 1881 676 Euse-

313 720 451 774 bium
481 733 581 771 sua
609 718 665 772 in
686 716 935 771 Psalmos
971 718 1365 770 commentaria
1412 716 1513 769 sub
1541 716 1655 769 haec
1681 712 1883 768 edidis-

306 824 385 864 se.
415 806 604 877 Neque
636 815 814 861 tamen
850 807 1033 861 statim
1085 815 1273 876 postea
1302 846 1317 870 ,
1372 806 1466 861 sed
1524 805 1708 860 multis
1753 805 1881 857 hinc

302 899 503 967 elapsis
535 903 694 953 annis
722 898 836 952 haec
864 897 1217 952 elucubrasse
1269 896 1499 951 suadere
1534 896 1749 950 videtur
1779 911 1879 949 vox

303 991 424 1045 καθ’
455 992 762 1061 ήμᾶςμιιιω
794 1000 975 1044 nostra
1005 1000 1158 1045 (etate
1188 989 1492 1060 signiﬁcat;
1519 1004 1695 1058 neque
1731 989 1879 1041 enim

301 1098 398 1153 pro
422 1084 785 1152 praesentibus
810 1096 901 1139 aut
927 1086 1000 1138 ita
1031 1086 1253 1155 nuperis
1293 1086 1456 1140 rebus
1503 1086 1619 1139 inec
1652 1086 1878 1153 loquen-

297 1176 354 1228 di
383 1176 524 1228 ratio
550 1190 648 1229 usu
672 1176 858 1230 venire
889 1176 1045 1230 solet.
1085 1175 1175 1229 Sic
1228 1177 1317 1230 ille
1360 1191 1482 1230 cum
1514 1176 1580 1230 de
1632 1176 1877 1247 tyrannis

297 1267 427 1337 agit,
462 1267 558 1337 qui
590 1266 703 1335 jam
732 1267 931 1323 multos
970 1276 1097 1322 ante
1133 1282 1308 1322 annos
1354 1266 1466 1323 fato
1496 1266 1663 1322 functi
1695 1276 1872 1332 erant,

294 1373 428 1413 voce
456 1357 580 1411 καθ’
617 1360 763 1430 ἡμᾶς
796 1360 984 1425 utitur,
1013 1374 1175 1429 quam
1192 1358 1375 1414 tamen
1406 1375 1675 1430 nusquam
1712 1376 1875 1414 usur-

293 1456 387 1519 pat
412 1463 543 1503 cum
577 1448 645 1504 de
673 1450 836 1505 rebus
857 1490 871 1512 ,
911 1466 1032 1521 qua:
1061 1451 1143 1503 vel
1187 1451 1279 1505 illo
1329 1452 1621 1515 scribente,
1655 1452 1737 1506 vel
1771 1468 1872 1505 nu-

293 1542 534 1610 perrime
566 1548 729 1611 gestae
755 1550 919 1607 sunt,
967 1543 1166 1611 agitur.
1220 1540 1419 1597 Verum
1458 1552 1515 1596 ut
1549 1543 1663 1597 haec
1696 1544 1871 1612 conje-

289 1634 491 1690 ctando
538 1635 713 1690 solum
746 1634 1015 1701 dicimus,
1074 1638 1148 1691 ita
1208 1647 1330 1707 post
1380 1652 1579 1692 annum
1610 1637 1712 1693 ’δεῖ
1742 1677 1756 1700 ,
1806 1653 1868 1692 ea

288 1741 453 1796 quam
486 1741 658 1796 supra
684 1727 923 1783 diximus
973 1728 1040 1783 de
1069 1742 1236 1784 causa
1259 1768 1274 1792 ,
1318 1728 1491 1783 editos
1536 1736 1868 1782 commenta-

1994 527 2283 597 pertineat,
2310 528 2573 581 intactum
2610 526 2888 596 relinquit.
2925 524 3114 580 Parem
3145 521 3406 595 arguendi
3441 522 3549 577 vim

1987 628 2039 673 et
2068 618 2379 671 metliodum
2404 617 2825 681 animadvertas,
2854 631 2977 669 cum
2999 631 3185 670 eorum
3217 615 3547 670 sententiam

1988 710 2230 779 depellit,
2268 710 2359 779 qui
2411 710 2621 763 numeri
2651 710 2916 762 rationem
2950 706 3016 759 ad
3050 706 3315 777 cujusque
3351 705 3547 776 psalmi

1987 800 2393 871 intelligentiam
2424 800 2670 853 conferre
2692 799 3003 868 pugnabant
3035 816 3048 851 :
3081 813 3240 867 quam
3268 796 3547 850 Philonis-

1983 907 2107 945 nam
2141 891 2465 960 explanandi
2502 892 2834 956 methodum,
2867 896 2925 943 ut
2958 889 3162 943 futilem
3194 897 3247 943 et
3269 887 3547 959 ἀπροσδιό-

1981 1000 2158 1047 νυσον,
2195 982 2433 1052 explodit
2460 980 2744 1036 Eusebius.

2356 1091 2441 1141 Ill.
2474 1092 2546 1142 De
2569 1093 2771 1142 litterali
2792 1094 3156 1155 explanatione.

2048 1197 2358 1253 Litteralem
2385 1197 2727 1253 Psalmorum
2763 1209 2995 1253 mentem
3028 1200 3117 1253 ubi
3153 1199 3393 1269 explicat
3425 1196 3540 1251 Eu-

1978 1290 2183 1353 sebius,
2213 1290 2507 1359 genuinum
2532 1293 2691 1361 vulgo
2723 1307 2944 1347 sensum
2974 1292 3211 1361 attingit,
3248 1305 3421 1360 neque
3463 1291 3535 1343 ita

1977 1382 2289 1451 frequenter
2315 1381 2529 1435 aberrat
2582 1399 2612 1435 a
2661 1396 2829 1451 scopo
2858 1390 2912 1435 et
2950 1398 2979 1435 a
3024 1396 3150 1435 vera
3193 1380 3535 1434 Psalmorum

1977 1474 2263 1530 sententia.
2298 1472 2498 1527 Aderat
2551 1474 2750 1543 quippe
2797 1474 2977 1543 opima
3028 1473 3119 1526 illa
3172 1471 3536 1543 Hexaplorum

1974 1567 2239 1638 supellex,
2272 1567 2415 1621 unde
2437 1575 2491 1620 et
2519 1565 2845 1621 Hebraicam
2882 1568 3168 1621 lectionem
3202 1575 3256 1620 et
3290 1572 3533 1621 veterum

1972 1659 2322 1726 interpretum
2350 1656 2649 1712 versionem
2671 1656 2907 1712 mutuari
2930 1665 3133 1727 posset.
3156 1655 3340 1724 Neque
3362 1656 3532 1716 enim,

1970 1760 2029 1805 ut
2072 1766 2137 1805 ex
2184 1749 2269 1803 his
2308 1748 2718 1803 commentariis
2765 1746 3171 1817 deprehendere
3226 1746 3374 1808 licet,
3429 1744 3535 1799 lle-

290 1818 401 1910 rios
436 1816 697 1910 afﬁrmari
731 1834 892 1888 posse
926 1828 1205 1910 putamus.
1268 1820 1472 1876 υϐιθεῑί
1510 1822 1639 1876 item
1682 1819 1864 1874 Domi‘
1899 1847 1939 1901 Β
1966 1842 2147 1896 braice
2176 1840 2383 1910 peritus
2415 1838 2519 1892 fuit
2553 1816 2855 1894 Eusebius:
2882 1838 3151 1908 siquidem
3179 1838 3246 1892 de
3268 1836 3533 1892 Hebraica

293 1909 395 1962 nici
428 1908 673 1978 sepulcri
720 1910 967 1965 meminit
1006 1909 1275 1966 Eusebius
1306 1910 1373 1965 ad
1407 1911 1674 1980 psalmum
1706 1926 1862 1973 cvm,

294 2000 375 2053 his
402 2001 627 2055 verbis:
665 1999 779 2054 Hoc
814 2011 989 2055 autem
1015 2001 1257 2065 ediscas,
1305 2003 1352 2055 si
1408 2003 1701 2057 consideres
1763 2018 1867 2071 qua

301 2099 457 2144 urente
484 2092 597 2144 sint
617 2090 818 2155 Judwi,
846 2092 1073 2146 videntes
1102 2093 1307 2164 quidem
1334 2094 1627 2147 veneranda
1656 2103 1705 2147 et
1736 2110 1864 2146 san-

298 2189 381 2232 cta
408 2198 500 2234 sua
524 2182 768 2250 funditus
799 2182 1006 2249 deleta;
1034 2186 1179 2239 illius
1210 2202 1326 2239 vero
1352 2187 1442 2255 qui
1473 2185 1537 2238 ab
1563 2186 1688 2252 ipsis
1717 2186 1863 2253 ignoo

293 2273 449 2325 minia
480 2274 726 2342 aﬁ'ectss,
759 2292 819 2328 ac
850 2276 902 2329 in
938 2293 1141 2331 crucem
1172 2286 1220 2331 et
1251 2286 1470 2330 mortem
1501 2276 1728 2329 traditus
1761 2286 1859 2340 est,

284 2364 604 2432 sepulcrum,
634 2366 814 2421 studio
856 2375 905 2420 et
934 2367 1217 2421 honoribus
1256 2368 1542 2430 celebrari,
1596 2367 1860 2421 Ecclesias

284 2466 483 2519 autem,
518 2473 637 2525 qua!
674 2458 786 2527 ejus
815 2460 1003 2513 virtute
1048 2474 1140 2527 per
1186 2468 1353 2513 totum
1402 2459 1575 2515 orbem
1624 2458 1863 2529 fundata

280 2557 425 2611 sunt,
458 2551 514 2601 in
540 2548 652 2603 dies
680 2565 993 2614 accrescere,
1026 2558 1133 2605 etc.

892 2660 1122 2717 CAPUT
1166 2660 1259 2717 1V.

276 2792 347 2830 ΠΒ
387 2791 597 2830 ςεκεειε
634 2791 1059 2831 INTERPBETANDI
1102 2792 1308 2831 EUSEBlI
1332 2816 1346 2838 ,
1384 2790 1552 2839 DEOUE
1595 2792 1855 2841 ANTIQUIS

648 2862 995 2901 VEBSIONIBUS
1034 2863 1098 2899 AB
1136 2863 1203 2899 EO
1242 2862 1486 2900 ALLATIS.

274 2932 326 2993 Ῐ.
362 2937 758 3007 lnterpretandi
781 2954 939 3006 genus
974 2936 1258 2990 Eusebium
1290 2938 1649 2991 commentarii
1672 2948 1856 2992 aucto-

345 3025 457 3060 rem
478 3005 679 3075 prodit.
700 3005 794 3060 II.
824 3007 1222 3061 Observationes
1246 3009 1440 3061 criticas
1457 3010 1672 3075 egregia:
1696 3017 1852 3062 noue.

350 3076 476 3131 ΙΙΙ.
511 3078 589 3147 De
634 3078 855 3147 litterali
899 3077 1284 3143 explanatione.
1319 3076 1421 3130 IV.
1474 3077 1549 3131 De
1589 3088 1854 3147 mystago-

342 3150 486 3217 gica.
533 3146 890 3217 [Eusebius
922 3148 1196 3216 Origenem
1256 3149 1521 3217 sequitur,
1558 3148 1653 3200 alii
1684 3146 1851 3201 Euse-

344 3192 515 3270 bium.
550 3192 1840 3287 VITAnvtiquis‘intbrpretibusvfrequdntenuatur.
1876 3192 1920 3251 δ

268 3333 310 3381 ι.
334 3330 705 3391 lnterpretandi
753 3345 911 3393 genus
932 3331 1198 3441 Eusegijim
1229 3332 1565 3383 commentarii
1597 3340 1846 3385 auctorem

971 3406 1058 3441 oro
1096 3407 1108 3440 ι
1138 3430 1149 3441 .

971 3406 1149 3456 proon.

343 3495 525 3553 Bosce
581 3496 1000 3553 commentarios
1074 3476 1387 3567 gerinanum
1452 3514 1573 3555 esse
1628 3500 1845 3556 Eusebii

258 3604 436 3660 Opus,
466 3605 576 3645 non
608 3605 673 3644 ex
703 3589 1002 3659 praemissis
1029 3590 1214 3654 modo,
1251 3591 1344 3646 sed
1378 3590 1540 3646 etiam
1578 3609 1644 3647 ex
1676 3594 1845 3648 inter-

269 3679 532 3750 pretandi
578 3694 794 3749 genere,
827 3695 891 3734 ex
941 3678 1221 3749 frequente
1255 3681 1348 3734 illo
1401 3688 1639 3735 veterum
1676 3683 1846 3738 inter-

268 3777 488 3838 pretum
521 3786 646 3834 usu,
693 3787 758 3825 ex
798 3767 1093 3840 Scriptum
1144 3786 1314 3825 sacrae
1369 3772 1560 3840 peritia
1595 3787 1845 3843 compro-

263 3862 455 3916 batur.
483 3860 580 3915 His
613 3877 671 3917 se
712 3863 936 3917 tesseris
966 3870 1019 3917 et
1062 3865 1397 3934 argumentis
1426 3865 1643 3920 exhibet
1673 3860 1844 3919 Euse-

264 3955 401 4010 hius
425 3956 513 4010 ille
543 3956 808 4026 Pamphili
860 3960 1114 4029 martyris
1164 3960 1369 4024 socius,
1404 3959 1655 4029 quicum,
1704 3966 1845 4015 teste

264 4045 634 4118 Hieronymo,
690 4047 938 4101 Divinam
991 4049 1371 4105 Bibliothecam
1433 4048 1843 4119 diligentissime

263 4138 687 4208 pervestigarat.
749 4137 877 4194 Tria
936 4149 1272 4208 porroicum
1350 4140 1539 4208 primis
1598 4147 1843 4195 contem-

262 4230 471 4300 planda
503 4231 661 4286 nobis
691 4230 845 4286 oll‘ert
870 4232 1254 4286 celeberrimus
1272 4232 1542 4301 interpres
1568 4247 1581 4282 :
1619 4230 1841 4287 criticas

264 4320 329 4372 in
353 4317 694 4373 Psalmornm
730 4320 977 4376 ordinem
1014 4330 1195 4385 notas,
1226 4322 1726 4389 interpretationem
1752 4321 1843 4375 lit-

259 4407 532 4471 teralem,
590 4418 643 4462 et
700 4411 1120 4480 mystagogicam
1179 4410 1500 4479 explanandi
1554 4410 1728 4475 viam,
1776 4410 1843 4464 de

264 4498 477 4568 quibus
510 4514 682 4568 pauca
710 4500 993 4571 praelibare
1021 4517 1051 4555 e
1081 4517 1139 4556 re
1168 4500 1348 4555 fuerit.

504 4606 566 4656 ll.
596 4607 978 4659 Observationes
997 4612 1198 4670 criticze,
1220 4610 1438 4672 egregiae
1460 4612 1607 4658 notae.

344 4709 767 4768 Observationes
832 4712 1047 4768 Eusebii
1103 4715 1348 4777 criticas,
1416 4702 1645 4783 egregiae
1700 4720 1840 4767 notae

264 4814 403 4859 sunt
442 4824 457 4859 :
486 4820 613 4859 nam
647 4813 841 4875 printer
870 4822 931 4861 ea
957 4822 1078 4876 qua:
1114 4807 1167 4860 in
1202 4807 1615 4876 praefationibus
1646 4805 1836 4860 ferun-

265 4905 381 4953 tur.
411 4910 517 4949 non
548 4896 855 4965 spernenda
890 4913 1040 4962 sane,
1074 4898 1241 4951 multa
1269 4886 1700 4967 expositionibus
1723 4897 1838 4951 suis

178 5004 209 5047 ηε
263 4985 341 5037 de
371 4984 559 5039 ordine
588 4993 641 5039 et
669 4986 737 5039 de
784 4993 1009 5040 auctore
1060 4988 1325 5057 cujusque
1372 4988 1563 5058 psalmi
1609 4986 1839 5042 subinde

266 5077 568 5145 premittit,
595 5093 716 5146 qua:
738 5078 1003 5147 judicium
1040 5081 1395 5148 peritiamque
1444 5081 1727 5149 scriptoris
1750 5096 1840 5133 ar-

262 5168 435 5228 guant
468 5180 483 5217 :
521 5178 628 5232 qua
661 5164 717 5217 in
764 5180 824 5219 re
855 5181 986 5221 sane
1014 5168 1103 5219 vix
1133 5168 1442 5221 accuratius
1477 5170 1837 5237 sagaciusque

262 5249 533 5321 diSputari
560 5270 722 5323 posse
746 5258 1092 5311 aestimabunt
1115 5259 1292 5325 periti.
1324 5256 1381 5313 In
1406 5260 1491 5315 his
1520 5269 1697 5313 autem
1730 5260 1838 5314 Eu-

238 5342 474 5408 .sebius,
507 5345 600 5413 qui
631 5362 912 5415 nunquam
950 5350 1268 5415 compendio
1303 5350 1531 5410 studuit,
1582 5352 1702 5407 sine
1736 5353 1838 5405 ali-

264 5445 376 5500 quo
404 5432 630 5486 lectoris
652 5434 816 5487 taedio
849 5434 1133 5491 fastidiove
1162 5439 1426 5507 prolixius
1460 5440 1589 5509 agit.
1633 5439 1685 5492 Id
1708 5455 1836 5493 vero

266 5522 575 5587 prasertim
611 5523 871 5578 observes
902 5524 957 5578 in
988 5526 1108 5594 ejus
1135 5527 1202 5581 de
1233 5528 1582 5583 Abimeleeho
1626 5530 1833 5584 disser-

268 5610 491 5675 tatione,
524 5614 580 5668 in
611 5615 1103 5683 perquisitionibus
1134 5617 1201 5672 de
1228 5633 1353 5674 vera
1380 5617 1723 5674 Psalmorum
1748 5638 1838 5676 se-

268 5701 347 5757 rie
376 5712 426 5759 et
457 5706 524 5761 de
552 5723 820 5778 germano
845 5709 1131 5778 cujusque
1161 5720 1383 5766 auctore
1423 5732 1437 5767 :
1491 5713 1833 5781 maximeque

272 5793 352 5849 ubi
382 5796 447 5852 de
472 5800 692 5869 psalmo
715 5799 769 5853 in
806 5801 1059 5871 spelunca
1087 5802 1310 5858 mirifice
1338 5804 1610 5860 edisserit.
1660 5804 1829 5859 Pede-

1968 1933 2058 1987 ille
2090 1933 2318 1987 lectione
2359 1931 2676 2000 plerumque
2703 1944 2811 1983 non
2843 1931 2916 1983 ita
2943 1931 3104 1984 docte
3130 1927 3412 1994 edisserit,
3444 1934 3534 1982 ut-

1967 2029 2091 2091 pote
2119 2020 2211 2090 qui
2258 2019 2522 2074 Hebraica
2576 2020 2779 2074 Graecis
2812 2018 3008 2073 litteris
3034 2031 3313 2087 expressa,
3348 2016 3531 2086 qualia

1967 2113 2021 2166 in
2048 2111 2305 2182 Ilexaplis
2334 2121 2512 2173 erant,
2551 2120 2760 2165 tantum
2806 2112 3032 2181 legerit;
3067 2108 3161 2165 sed
3212 2110 3257 2165 si
3300 2108 3432 2179 quid
3463 2109 3532 2164 de

1963 2206 2187 2260 vocibus
2219 2212 2272 2259 et
2306 2205 2501 2260 litteris
2524 2203 2808 2259 Hebraicis
2830 2203 2958 2256 hinc
2983 2200 3108 2255 inde
3140 2200 3344 2264 tradat,
3378 2199 3432 2255 id
3462 2214 3529 2254 ex

1964 2295 2202 2351 Hebraeis
2250 2305 2530 2353 mutuatus
2561 2301 2664 2350 est.
2715 2293 2781 2346 Et
2820 2292 3017 2345 mirum
3075 2305 3208 2345 sane
3250 2284 3526 2343 hominem

1960 2390 2053 2459 qui
2095 2390 2149 2443 in
2182 2388 2469 2443 Palmstina
2496 2394 2707 2441 aetatem
2735 2385 2862 2456 egit,
2890 2400 3013 2438 cum
3042 2380 3243 2437 Iudaeis
3269 2381 3526 2451 frequen-

1960 2489 2043 2534 ter
2072 2494 2375 2536 sermonem
2406 2479 2617 2540 habuit,
2657 2475 2913 2545 Hexaplis
2938 2484 2991 2529 et
3024 2472 3359 2527 Bibliotheca:
3400 2471 3529 2524 divi-

1958 2590 2040 2627 na:
2068 2586 2193 2627 cum
2241 2570 2526 2640 Pamphilo
2560 2576 2799 2639 martyre
2837 2566 3149 2636 digerendis
3181 2579 3400 2634 operam
3433 2562 3527 2617 de-

1957 2662 2058 2727 dit,
2090 2661 2353 2716 Hebraice
2381 2660 2712 2714 ineruditum
2741 2656 2947 2710 fuisse?
2985 2653 3310 2707 Doctoribus
3343 2658 3523 2706 autem

1958 2756 2074 2813 suis
2122 2753 2288 2809 nimis
2318 2752 2599 2808 credulum
2634 2764 2877 2822 persmpe
2906 2744 3303 2815 deprehendas,
3338 2751 3524 2814 utpote

1955 2848 2049 2918 qui
2080 2846 2339 2900 nonnulla
2367 2844 2641 2899 interdum
2683 2842 2891 2903 ail‘erat,
2927 2838 3015 2894 ubi
3046 2836 3353 2892 accuratior
3380 2836 3525 2889 noti-

1955 2939 2029 2993 tia
2075 2937 2446 3002 desideretur;
2492 2934 2725 3003 exempli
2780 2947 2947 2986 causa
2994 2930 3059 2983 ad
3111 2929 3255 2982 hunc
3304 2941 3520 2982 versum

1954 3030 2147 3098 psalmi
2182 3043 2292 3091 cxi,
2334 3026 2415 3080 Ea:
2444 3035 2593 3079 utero
2636 3033 2757 3077 ante
2800 3022 3077 3090 luciferum
3122 3020 3276 3089 genui
3322 3029 3390 3083 te,
3428 3018 3521 3072 ubi

1956 3119 2279 3175 Hebraicum
2313 3129 2527 3181 omn,
2567 3114 2826 3168 Merehem
2870 3112 3053 3177 habet,
3088 3119 3147 3164 ut
3182 3108 3520 3180 probabilem

1954 3213 2239 3283 cujusdam
2290 3211 2600 3282 opinionem
2638 3207 2814 3271 affert,
2852 3205 2945 3275 qui
2984 3204 3212 3275 putabat
3256 3201 3347 3256 hic
3394 3200 3520 3254 bea—

1953 3313 2063 3359 tam
2093 3304 2314 3359 Mariam
2339 3302 2623 3371 Deiparam
2649 3298 2899 3359 indicari,
2923 3295 3068 3366 quod
3092 3310 3221 3350 sane
3238 3290 3523 3364 ἀπροσδιό-

1953 3414 2111 3450 νυσον
2141 3403 2226 3450 est
2257 3414 2269 3449 :
2300 3410 2424 3448 nam
2456 3391 2653 3453 Maria,
2694 3404 2888 3443 nomen
2930 3386 3069 3456 apud
3123 3384 3376 3440 Hebrwos
3410 3384 3520 3439 frs-

1948 3488 2369 3560 ‘quentissimum
2396 3493 2587 3551 man,
2616 3481 2833 3534 Miriam
2857 3479 3232 3542 scribebatur;
3265 3481 3318 3531 et
3356 3472 3520 3530 Mere-

1952 3582 2066 3633 hem
2096 3577 2232 3631 nihil
2260 3574 2404 3629 aliud
2431 3589 2618 3644 quam,
2644 3587 2708 3625 ea:
2729 3580 2899 3633 utero,
2930 3568 3223 3639 significat.

2452 3687 2532 3736 ιν.
2561 3686 2636 3735 De
2659 3684 3004 3746 mystagogica.

2021 3791 2442 3863 Mystagogicam
2474 3787 2801 3857 explanandi
2833 3787 2998 3849 viam,
3043 3800 3149 3854 qua
3197 3783 3265 3838 ad
3314 3782 3519 3839 Christi

1948 3896 2237 3953 personam
2285 3881 2371 3935 vel
2400 3879 2721 3941 Ecclesiam,
2754 3879 2869 3933 sive
2909 3877 2977 3931 ad
3018 3876 3226 3931 fidelem
3254 3874 3515 3939 animam,

1948 3982 2042 4030 aut
2065 3975 2281 4028 demum
2311 3972 2377 4026 ad
2400 3972 2674 4026 cmlestem
2702 3969 2921 4025 Sionem
2946 3969 3125 4023 omnia
3157 3966 3513 4029 reducuntur,

1948 4066 2241 4122 admodum
2274 4064 2636 4135 frequentavit
2661 4062 2962 4117 Eusebius:
2990 4061 3116 4131 quia
3139 4060 3232 4115 illo
3252 4074 3366 4114 aevo
3388 4074 3510 4113 cum

1948 4158 2118 4215 Judaei
2173 4165 2434 4226 perpetuo
2462 4155 2792 4210 Christianis
2841 4153 3221 4223 obgannirent,
3255 4158 3419 4219 atque
3447 4165 3515 4204 ex

1945 4266 2111 4322 prave
2160 4251 2372 4305 detorta
2427 4247 2832 4317 Scripturarum
2869 4244 3162 4306 sententia,
3202 4242 3512 4298 Christiana

1945 4345 2012 4399 de
2043 4342 2333 4399 Servatore
2355 4341 2604 4412 dogmata
2634 4338 2979 4393 traducerent
3006 4338 3062 4391 in
3091 4336 3207 4391 dies
3229 4378 3244 4403 ,
3288 4336 3516 4403 scripto-

1945 4447 2033 4487 res
2079 4430 2437 4486 ecclesiastici
2480 4436 2694 4491 contra,
2733 4437 2791 4482 ut
2840 4426 3104 4497 petulanti
3156 4435 3210 4480 et
3260 4433 3513 4494 protervo

1872 4538 1916 4592 ι)
1947 4523 2133 4594 generi
2163 4528 2538 4588 occurrerent,
2564 4521 2744 4574 omnia
2779 4518 2845 4573 ad
2867 4518 3148 4573 Christum
3178 4525 3233 4572 et
3260 4516 3325 4570 ad
3354 4514 3512 4569 Chri-

1944 4612 2014 4665 sti
2042 4610 2343 4666 Ecclesiam
2375 4609 2686 4664 referebant
2732 4627 2748 4665 :
2802 4624 2901 4663 nec
2950 4607 3114 4663 modo
3158 4622 3222 4663 ea
3276 4620 3396 4674 quae
3443 4603 3511 4658 do

1942 4701 2161 4756 Christo
2189 4709 2242 4756 et
2279 4700 2346 4756 de
2376 4700 2579 4756 Christi
2613 4700 2867 4755 fidelibus
2897 4699 3100 4756 diserte
3130 4709 3182 4754 ct
3225 4697 3509 4753 evidenter

1941 4792 2219 4847 enuntiata
2246 4789 2481 4853 fuerant,
2504 4789 2597 4845 sed
2629 4791 2792 4845 etiam
2825 4806 2963 4860 quae,
2996 4788 3142 4845 haud
3172 4789 3246 4841 ita
3273 4788 3511 4844 dilucide

1942 4892 2218 4945 enarrata,
2248 4892 2475 4952 possent
2502 4882 2556 4934 in
2585 4882 2849 4936 utramvis
2881 4890 3086 4951 partem
3119 4878 3373 4936 derivari.
3400 4878 3511 4934 Nec

1941 4981 2118 5028 tutum
2179 4983 2296 5027 erat
2349 4973 2459 5028 illis
2512 4972 2849 5041 temporibus
2894 4969 3287 5039 interpretandi
3343 4970 3505 5024 aliam

1940 5067 2079 5121 inire
2123 5067 2389 5120 rationem
2423 5082 2438 5118 ι
2472 5072 2622 5119 certe
2669 5080 2780 5120 non
2811 5064 3033 5131 impune
3085 5060 3185 5115 fuit
3215 5060 3507 5117 Theodoro

1940 5157 2342 5227 Mopsuesteno,
2369 5154 2514 5225 quod
2542 5156 2786 5225 neglecta
2809 5155 3178 5224 mystagogica
3207 5156 3320 5219 illa,
3354 5156 3503 5210 litte-

1939 5251 2039 5304 rali
2074 5251 2247 5305 solum
2274 5250 2598 5305 attenderet.

2008 5342 2276 5397 Caeterum
2310 5342 2456 5395 hunc
2483 5338 2807 5410 explanandi
2852 5340 3040 5403 ritum,
3092 5344 3313 5393 auctore
3343 5335 3503 5393 Chri-

1941 5444 2044 5497 sto,
2081 5434 2635 5487 commonstrantibus
2664 5430 2947 5500 apostolis,
2980 5430 3174 5484 sectati
3206 5436 3334 5483 sunt
3395 5427 3501 5481 Ec-

1940 5525 2120 5580 clesize
2171 5524 2491 5592 scriptores.
2528 5522 2641 5576 Non
2672 5521 2835 5576 modo
2865 5524 3008 5576 enim
3041 5523 3123 5575 lex
3161 5526 3316 5575 vetus
3368 5519 3500 5591 legis

1937 5632 2090 5670 novae
2120 5616 2289 5685 ﬁgura
2322 5615 2563 5679 exstitit;
2596 5614 2691 5669 sed
2728 5616 2889 5669 etiam
2917 5631 3005 5671 res
3037 5615 3092 5668 in
3121 5614 3287 5667 veteri
3318 5611 3500 5667 Eccle—

1938 5709 2016 5763 sia
2076 5716 2261 5778 gestze,
2323 5706 2623 5775 praesertim
2674 5707 2995 5805 nobilioges,
3047 5707 3240 5761 umbra
3295 5704 3497 5759 Christi

1935 5802 2160 5871 ejusque
2188 5797 2580 5868 discipulorum
2614 5806 2790 5858 erant.
2820 5794 2955 5854 Na’m
2989 5799 3096 5852 lucc
3131 5795 3307 5851 omnia
3349 5795 3401 5848 in
3428 5794 3494 5867 fi-
