3948 6286
360 370 431 425 :25
998 361 1303 421 reuseeu
1341 364 1821 423 cmsxmeusrs
1856 363 2011 424 ore.
2051 356 2231 415 rans
2268 355 2362 410 ιιι.
2402 385 2473 396 -
2509 319 2926 408 excelsum.
3539 348 3611 399 ει

362 487 510 558 guris
540 485 909 556 contingebant
933 483 1042 539 ξιτεδ
1069 500 1088 538 ;
1131 485 1331 555 scripta
1359 495 1481 539 sunt
1516 495 1691 541 autem
1735 486 1804 540 ad
1849 502 1943 539 no-
1974 489 2018 545 Α
2047 487 2136 533 rat
2169 475 2438 531 Eusebius
2463 471 2528 528 ad
2558 471 2824 543 psalmum
2852 463 3430 558 cxvm.Theodoretps
3460 460 3611 525 item,

364 591 535 634 stram
564 577 981 635 admonitionem
1008 577 1062 649 (Ι
1089 577 1215 634 Cor.
1253 595 1310 641 ι,
1338 578 1451 650 Η).
1477 576 1632 633 Unde
1662 576 1947 633 Tertullia-

366 687 473 727 nus
523 670 592 728 de
641 671 1052 728 resurrectione
1097 672 1303 735 carnis,
1358 671 1514 725 Talia
1558 672 1793 735 interim,
1846 673 1944 736 ait,

367 763 672 820 diuinarum
701 765 891 818 virium
916 763 1258 826 lineamenta,
1308 781 1412 817 non
1456 763 1629 817 minus
1674 762 1946 833 parabolis

370 863 586 922 operata
614 855 745 917 Deo,
769 872 929 926 quam
963 855 1158 910 locuto.
1191 852 1335 909 Inter
1359 854 1652 924 prOphetas
1683 862 1863 909 autem
1893 862 1949 910 et

369 956 699 1017 prmstantes
729 948 900 1012 viros,
947 947 1043 1017 qui
1093 946 1148 1000 in
1181 946 1347 1001 veteri
1379 946 1495 1016 lege
1526 946 1735 1003 Christi
1762 955 1947 1018 typum

372 1053 613 1108 gessere,
647 1052 809 1092 nemo
837 1037 1063 1109 prapius
1092 1050 1380 1106 personam
1405 1036 1524 1105 ejus
1553 1036 1760 1098 retulit,
1787 1051 1949 1107 quam

376 1128 572 1191 David.
604 1145 802 1200 genere
834 1131 962 1185 item
1016 1128 1396 1200 propinquior.
1441 1128 1612 1197 Cujus
1652 1144 1763 1183 non
1790 1129 1952 1183 modo

376 1229 552 1294 gesta,
597 1221 693 1278 sed
742 1222 910 1277 etiam
956 1221 1103 1276 dicta
1158 1221 1213 1275 in
1262 1219 1497 1277 Psalmis
1528 1219 1951 1290 prmsertim,ad

376 1315 584 1373 Christi
614 1329 905 1386 personam
951 1312 1365 1383 Ecclesiamque
1416 1312 1716 1383 pertinere,
1766 1312 1953 1367 divino

377 1408 551 1479 ipsius
590 1405 795 1463 Christi
822 1422 917 1462 ore
941 1405 1255 1462 didicimus.
1281 1402 1376 1459 llle
1410 1417 1544 1459 vero
1571 1419 1768 1459 sensus
1789 1403 1956 1473 ἀλλη-

375 1499 727 1572 γορούμενος,
765 1499 880 1554 sive
912 1498 1351 1572 mystagogicus.
1409 1511 1518 1551 non
1554 1511 1584 1549 a
1629 1495 1956 1551 Christianis

376 1591 565 1658 modo,
597 1591 692 1648 sed
720 1592 889 1646 etiam
926 1605 957 1646 a
990 1590 1192 1646 Iudaeis
1214 1589 1490 1646 adhibitus
1529 1595 1615 1644 est
1662 1607 1675 1642 :
1716 1587 1819 1643 etsi
1852 1587 1952 1649 illi,

383 1692 446 1739 ut
501 1683 763 1740 obctecati
798 1691 962 1754 atque
1017 1682 1298 1740 sensilium
1350 1697 1533 1737 rerum
1578 1681 1719 1735 mole
1772 1680 1957 1735 obruti

378 1785 559 1840 erant,
592 1777 776 1831 omnia
811 1775 876 1830 ad
909 1791 998 1831 res
1026 1774 1409 1844 temporarias,
1459 1774 1699 1836 divitias,
1749 1771 1952 1826 terreni

2048 530 2142 642 qui
2176 571 2498 642 plerumque
2527 530 2594 619 ab
2621 562 2928 618 Eusebiana
2956 530 3399 629 interpretatione
3447 553 3610 609 defle-

2048 664 2169 728 ctit,
2206 677 2317 717 non
2349 675 2474 714 raro
2507 667 2688 712 tamen
2725 656 2816 709 illa
2847 669 2985 725 pene
3031 651 3099 706 ad
3143 649 3370 704 verbum
3417 647 3611 709 utitur,

2050 756 2157 813 etsi
2180 753 2430 809 breviore
2459 759 2520 805 ut
2546 748 2845 820 plurimum
2878 743 3060 815 stylo:
3096 756 3218 795 nam
3242 737 3528 799 Eusebius,
3555 744 3616 790 ut

2047 847 2159 917 jam
2214 845 2476 907 diximus,
2518 843 2590 896 ita
2628 839 2870 912 prolixas
2903 834 3131 891 subinde
3160 832 3411 902 periodos
3441 828 3613 892 ducit,

2052 939 2143 993 vix
2169 945 2228 992 ut
2258 936 2455 993 seriem
2483 932 2884 1005 deprehendas,
2918 936 2971 985 et
2999 926 3093 982 ubi
3121 924 3441 981 sententiam
3467 920 3620 975 clau-

2052 1030 2145 1085 dat
2177 1045 2288 1084 non
2323 1029 2399 1082 ita
2429 1026 2587 1081 facile
2610 1022 2934 1093 comperias.
2970 1016 3168 1072 Asterii
3196 1029 3325 1069 vero
3353 1013 3618 1080 interpre-

2053 1120 2188 1172 tatio
2237 1116 2433 1188 psalmi
2486 1130 2561 1178 iv,
2622 1127 2786 1183 quam
2840 1105 3233 1165 commentario
3284 1101 3506 1158 Eusebii
3558 1100 3619 1154 in

2056 1210 2306 1265 eumdem
2341 1209 2610 1279 psalmum
2647 1202 3053 1272 subjunximus,
3101 1213 3131 1250 a
3175 1194 3407 1266 quodam
3457 1191 3622 1248 scho-

2053 1302 2214 1357 liaste
2242 1304 2456 1356 invecta
2485 1305 2592 1362 est,
2636 1296 2728 1368 qui
2771 1294 3044 1350 Asterium
3095 1290 3353 1343 Arianum
3387 1300 3509 1341 esse
3536 1285 3622 1338 in-

2054 1393 2225 1459 dicat,
2262 1393 2469 1449 scilicet
2503 1390 2804 1460 sophistam
2830 1385 2980 1440 illum
3010 1382 3414 1439 circulatorem.
3450 1379 3541 1448 qui
3564 1377 3621 1430 in

2056 1489 2196 1561 ipsis
2226 1486 2522 1541 Arianismi
2562 1481 2806 1539 exordiis
2848 1485 3038 1533 contra
3071 1475 3370 1530 catholicos
3406 1467 3629 1524 antisti:

2056 1593 2141 1640 tes
2172 1582 2465 1638 classicum
2508 1577 2760 1641 canebat,
2810 1581 2866 1630 et
2913 1572 3216 1627 doctrinam
3262 1568 3330 1624 de
3362 1566 3498 1621 Filio
3530 1565 3621 1626 Dei

2059 1672 2372 1746 spargebat,
2426 1670 2511 1728 vel
2556 1669 2674 1739 ipsa
2710 1664 2963 1720 Arianica
2998 1661 3339 1718 deteriorem.
3393 1656 3473 1710 Ex
3521 1661 3625 1709 hoc

2058 1774 2239 1821 autem
2265 1763 2562 1835 specimine
2584 1758 2981 1832 deprehendas,
3013 1755 3286 1810 Asterium
3318 1750 3516 1821 partim
3545 1750 3631 1802 lit-

380 1863 538 1934 regni
570 1862 942 1928 latitudinem,
973 1861 1186 1918 Messite
1228 1863 1317 1918 sui
1364 1861 1675 1932 imperium,
1728 1859 1956 1915 reduce-
1986 1833 2032 1888 Β
2061 1833 2310 1918 teralem,
2347 1854 2546 1926 partim
2582 1849 3013 1924 mystagogicum
3063 1842 3458 1914 interpretandi
3507 1856 3629 1896 mo-

379 1964 504 2012 rent
537 1973 556 2012 :
582 1972 690 2026 qua
721 1957 778 2012 in
825 1972 886 2012 re
929 1972 957 2010 a
984 1954 1136 2026 justa
1166 1955 1438 2027 allegoriae
1467 1957 1678 2008 ratione
1721 1952 1958 2007 immane

381 2055 650 2118 quantum
681 2048 1031 2104 aberrabant.
1070 2048 1345 2120 Allegoria
1379 2050 1601 2118 quippe,
1641 2044 1834 2117 figura,
1870 2052 1957 2115 ty-

383 2156 489 2212 pus
513 2148 570 2197 et
599 2142 815 2208 umbra,
843 2143 998 2212 signa
1027 2148 1155 2197 sunt
1178 2156 1359 2197 rerum
1393 2155 1502 2195 non
1525 2137 1841 2195 earumdem
1874 2145 1959 2190 at-

379 2250 488 2304 que
521 2234 627 2290 illa:
666 2251 787 2306 quae
832 2235 1109 2305 allegoriae
1161 2243 1215 2289 et
1260 2232 1375 2304 typi
1406 2246 1608 2286 munus
1651 2236 1954 2301 praestant:

382 2326 589 2382 atenim
640 2329 725 2382 vel
776 2327 895 2396 ipsa
944 2325 1216 2397 allegoriae
1262 2341 1385 2392 vox,
1419 2325 1573 2395 signa
1615 2322 1954 2392 hujusmodi,

381 2432 502 2472 rem
530 2417 694 2470 aliam
725 2416 882 2486 longe
909 2417 1205 2480 diversam,
1238 2415 1512 2487 disparem
1552 2422 1605 2471 et
1650 2413 1956 2486 digniorem

383 2508 701 2581 signiﬁcare
754 2510 1086 2567 subindicat.
1128 2509 1297 2565 Multo
1325 2510 1493 2581 igitur
1516 2509 1866 2583 praastantior
1902 2514 1956 2564 et

379 2600 565 2657 verior
607 2601 700 2657 illa
755 2594 1197 2658 Christianorum
1249 2603 1647 2673 interpretatio,
1706 2617 1815 2672 qua
1864 2615 1956 2656 res

379 2708 676 2765 corporeas
725 2703 780 2751 et
810 2684 1123 2760 sensibiles,
1177 2695 1246 2750 ad
1279 2694 1649 2765 iutelligibiles
1679 2708 1746 2748 ac
1790 2694 1958 2748 caele-

380 2794 517 2848 stes,
550 2786 809 2842 incolumi
839 2796 1017 2844 tamen
1043 2788 1236 2842 litterae
1256 2802 1442 2849 sensu,
1474 2783 1740 2840 referunt.

456 2877 571 2935 Hoc
598 2895 729 2951 ergo
762 2895 935 2951 genus
972 2878 1369 2950 interpretandi
1402 2893 1613 2935 summe
1631 2884 1715 2934 est
1747 2877 1816 2933 ab
1843 2876 1957 2931 Eu-

382 2969 538 3025 sebio
563 2968 988 3041 frequentatum.
1029 2969 1166 3024 Illud
1200 2977 1380 3025 autem
1411 2967 1725 3039 hujusmodi
1758 2973 1864 3033 est,
1895 2973 1959 3022 ut

382 3062 563 3118 sicubi
603 3062 814 3118 inimici
855 3064 1205 3134 insurgentes
1233 3072 1288 3118 et
1334 3062 1734 3116 tumultuantes
1773 3058 1957 3130 expri-

386 3161 634 3219 mantur,
668 3155 813 3224 quod
855 3156 912 3209 in
955 3155 1184 3225 psalmis
1215 3152 1662 3223 frequentissime
1691 3150 1955 3212 occurrit,

2058 1965 2172 2006 rem
2205 1953 2471 2005 sectatum
2508 1965 2522 1999 :
2556 1958 2658 1999 nec
2705 1943 2776 1997 iis
2828 1939 3028 2012 ingenii
3061 1937 3429 2006 doctrinaeque
3457 1935 3631 2004 parti-

2059 2037 2163 2093 bus
2197 2037 2551 2097 instructum,
2582 2047 2705 2103 quae
2734 2031 2969 2086 fuissent
2998 2028 3067 2082 ad
3100 2034 3309 2082 tantum
3339 2040 3477 2096 opus
3503 2038 3633 2095 per-

2062 2128 2351 2185 ﬁciendum
2385 2127 2542 2183 satis.
2597 2124 2931 2179 Scholiastes
2965 2136 3131 2192 porro
3176 2120 3267 2175 ille
3318 2134 3427 2173 non
3467 2118 3630 2172 Aste-

2056 2222 2199 2277 rium
2244 2219 2408 2275 modo
2458 2218 2709 2273 Arianica
2756 2216 2877 2271 labe
2922 2227 3203 2281 aspersum
3251 2210 3490 2270 indicat,
3532 2208 3628 2264 sed

2059 2314 2225 2371 etiam
2253 2311 2572 2374 Eusebium,
2617 2308 2793 2365 sicubi
2842 2307 2909 2362 ad
2963 2304 3334 2359 Arianismum
3365 2299 3627 2364 deﬂectit,

2061 2414 2123 2461 ut
2149 2405 2411 2459 Arianum
2442 2401 2700 2464 traducit,
2734 2407 2795 2455 ut
2827 2414 2927 2455 suo
2950 2399 3070 2452 loco
3093 2395 3298 2450 videas.

2056 2519 2140 2571 Vl.
2159 2516 2396 2579 Antiquis
2434 2510 3105 2623 interpretibusré‘ll-gguenter
3136 2506 3308 2555 utitur.
3326 2504 3446 2554 LXX
3472 2503 3631 2552 Inter-

2744 2588 2779 2623 n
2916 2609 2932 2622 .

2744 2588 2932 2638 pretes.

2129 2684 2276 2740 Nihil
2326 2692 2507 2740 autem
2560 2682 2650 2738 his
2695 2682 2753 2735 in
2801 2675 3211 2734 commentariis
3259 2672 3631 2745 prmstantius,

2062 2778 2198 2834 nihil
2235 2776 2529 2849 pretiosius
2578 2771 3026 2845 frequentissimo
3059 2769 3153 2823 illo
3185 2773 3429 2822 veterum
3460 2766 3634 2819 inter-

2064 2879 2277 2942 pretum
2315 2885 2439 2928 usu.
2469 2868 2686 2924 Atenim
2719 2866 2895 2922 multo
2924 2864 3174 2933 plura-ex
3200 2859 3419 2930 Aquila,
3449 2855 3636 2912 Theo-

2062 2964 2285 3020 dotione
2340 2969 2393 3017 et
2436 2959 2767 3032 Symmacho
2816 2958 2972 3013 atl'ert
3023 2953 3314 3016 Eusebius,
3365 2966 3526 3021 quam
3579 2950 3637 3004 in

2067 3056 2250 3112 Drusii
2303 3055 2389 3111 vel
2432 3051 2635 3107 Nohilii
2686 3047 3100 3106 collectionibus
3143 3060 3372 3117 usquam
3415 3057 3638 3113 compa-

2067 3158 2245 3213 reant,
2278 3148 2353 3202 ita
2381 3152 2442 3199 ut
2474 3145 2597 3215 ejus
2624 3141 2957 3198 adminiculo
2985 3154 3092 3194 non
3132 3153 3258 3193 raro
3282 3139 3522 3209 psalmos
3554 3138 3640 3190 in—

383 3243 441 3299 id
470 3244 555 3300 vel
580 3243 646 3299 ad
668 3241 888 3300 Iudaeos
920 3252 1114 3299 contra
1144 3243 1424 3299 Christum
1458 3242 1753 3297 frementes
1777 3250 1965 3295 etma-
1990 3225 2036 3285 (Ζ
2070 3251 2275 3313 tegros,
2306 3258 2374 3296 ex
2415 3236 2730 3313 Symmachi
2763 3235 2999 3290 maxime
3025 3233 3298 3293 versione,
3335 3238 3641 3284 restaurare

388 3333 714 3401 chinantes,
745 3336 828 3391 vel
852 3334 920 3389 ad
942 3333 1244 3389 Ecclesiam
1275 3334 1344 3389 ab
1373 3333 1647 3396 hostibus,
1687 3332 1898 3388 scilicet
1932 3344 1963 3384 a

393 3426 741 3499 principibus
769 3426 936 3496 hujus
962 3424 1169 3490 saeculi,
1223 3432 1318 3478 aut
1355 3439 1386 3477 a
1418 3422 1759 3489 daemonibus
1791 3436 1966 3491 oppu-

393 3526 637 3590 gnatam,
667 3517 753 3572 vel
780 3516 849 3570 ad
895 3516 1106 3571 fidelem
1154 3516 1389 3569 animam
1420 3521 1671 3569 vexatam
1705 3529 1734 3566 a
1766 3513 1967 3581 spiriti-

392 3609 489 3664 bus
513 3608 835 3675 immundis,
867 3609 1137 3664 referatur
1175 3626 1190 3663 :
1224 3606 1271 3663 si
1303 3607 1426 3661 laeta
1455 3613 1510 3663 et
1556 3605 1798 3675 jucunda
1837 3604 1969 3660 eﬂ'e-

390 3709 608 3766 rentur,
659 3701 870 3757 cmleSti
913 3698 1302 3772 Jerosolymat,
1355 3699 1471 3755 sive
1522 3697 1818 3762 Ecclesiae,
1871 3713 1968 3753 seu

392 3795 696 3851 Christiani
723 3794 1017 3864 cujuslibet
1044 3793 1261 3860 animae,
1285 3799 1460 3847 totum
1492 3791 1837 3846 adscribatur
1867 3807 1883 3844 :
1922 3789 1970 3844 si

396 3885 628 3942 ﬂumina
671 3885 995 3940 inundantia
1024 3891 1422 3947 memorentur,
1471 3882 1525 3937 id
1565 3881 1633 3936 de
1675 3879 1969 3935 conﬂuenti

391 3979 462 4035 ad
511 3977 714 4033 Christi
769 3975 1073 4030 doctrinam
1119 3975 1358 4047 gentium
1386 3972 1736 4028 multitudine
1767 3971 1974 4027 intelli-

396 4077 578 4142 gatur.
608 4070 782 4137 Quam
809 4068 1135 4139 explanandi
1170 4067 1338 4132 viam,
1361 4082 1473 4121 non
1495 4065 1764 4121 Eusebius
1785 4064 1967 4127 modo,

396 4162 495 4218 sed
537 4160 702 4217 etiam
737 4159 1062 4215 Theodorus
1110 4156 1480 4222 Heracleotes,
1519 4154 1968 4225 Chrysostomus.

398 4252 780 4309 Theodoretus
826 4260 881 4308 et
929 4251 1021 4305 alii
1053 4249 1299 4321 plerique
1332 4247 1526 4304 sectati
1577 4253 1727 4310 sunt,
1775 4258 1884 4313 qua
1914 4244 1971 4296 in

399 4352 561 4417 parte
605 4344 652 4399 si
701 4358 874 4398 unum
923 4342 1098 4405 noris,
1144 4355 1337 4395 omnes
1366 4337 1539 4392 noris.
1568 4334 1757 4405 Neque
1791 4344 1973 4388 tamen

399 4439 558 4493 inter
615 4435 1018 4507 mystagogicas
1087 4427 1572 4503 interpretationes
1625 4425 1976 4491 accensendae

396 4530 531 4594 illa,
555 4543 679 4598 quae
710 4527 948 4582 litteram
976 4526 1152 4597 ipsam
1173 4524 1238 4577 ad
1271 4537 1440 4577 unum
1465 4520 1744 4576 Christum
1776 4517 1970 4573 referri

2071 3335 2258 3389 liceat.
2307 3334 2436 3389 Illas
2483 3346 2651 3402 porro
2686 3327 2970 3383 versiones
3021 3322 3186 3376 modo
3217 3320 3283 3374 ad
3327 3319 3635 3383 litteralem,

2071 3427 2236 3482 modo
2287 3427 2354 3481 ad
2414 3421 2837 3499 mystagogieam
2903 3415 3255 3472 asserendam
3314 3413 3636 3468 sententiam

2076 3525 2303 3588 usurpat
2336 3536 2350 3571 :
2383 3527 2774 3584 nonnunquam
2805 3510 2870 3565 ad
2912 3509 3096 3563 decem
3127 3520 3320 3561 versus
3355 3519 3461 3559 una
3501 3504 3643 3559 serie

2073 3610 2229 3666 affert
2262 3628 2275 3663 :
2310 3607 2791 3679 expositionesque
2832 3616 3018 3656 eorum
3077 3595 3432 3668 Septuaginta
3470 3595 3643 3651 Inter-

2074 3708 2287 3770 pretum
2320 3697 2564 3753 versioni
2618 3690 3027 3763 anteponendas
3083 3688 3280 3743 asserit
3303 3686 3445 3741 haud
3474 3685 3645 3740 infre-

2074 3799 2325 3862 quenter.
2353 3789 2604 3859 Aquilam
2637 3785 2919 3841 Hebraicas
2942 3783 3137 3836 littera:
3161 3777 3649 3842 servientem,6eu-

2075 3886 2298 3938 λεύοντα
2318 3885 2384 3954 τῇ
2431 3880 2693 3953 Ἐὄραῖκῇ
2722 3879 2890 3945 λέξει,
2922 3877 3010 3932 hic
3032 3884 3086 3932 et
3111 3877 3168 3930 in
3211 3872 3503 3943 evangelica
3542 3868 3646 3923 De-

2076 3976 2456 4033 monstratione
2489 3974 2675 4029 multis
2704 3975 2759 4028 in
2790 3973 2928 4027 locis
2962 3975 3267 4038 nuncupat.
3302 3965 3353 4020 Is
3389 3965 3645 4019 nimirum

2076 4075 2152 4126 ita
2200 4070 2393 4125 litterae
2436 4067 2614 4131 haesit,
2649 4073 2709 4121 ut
2742 4065 2871 4119 dum
2913 4063 3079 4118 verba
3123 4060 3395 4122 redderet,
3428 4063 3650 4112 senten-

2081 4164 2213 4216 tiam
2247 4176 2356 4216 non
2388 4161 2463 4214 ita
2493 4157 2790 4213 curaverit.
2825 4153 3210 4227 Symmachum
3257 4165 3396 4219 smpe
3427 4146 3650 4201 mirabi-

2080 4252 2183 4305 lem
2201 4250 2332 4304 dicit
2363 4248 2734 4316 interpretem,
2757 4245 2986 4315 ejusque
3008 4241 3260 4298 versione
3283 4240 3454 4294 utitur
3479 4238 3652 4292 liben-

2080 4340 2210 4402 tius,
2242 4337 2583 4408 frequentius
2615 4343 2669 4390 et
2696 4334 2994 4404 copiosius.
3030 4330 3235 4386 Ambos
3265 4337 3447 4383 tamen
3482 4327 3560 4380 ait
3591 4326 3650 4380 in

2047 4425 2053 4432 ’
2081 4434 2308 4503 gratiam
2338 4430 2653 4486 Iudaeorum
2700 4428 3018 4500 prophetias
3038 4425 3106 4481 de
3133 4426 3354 4480 Christo
3394 4422 3553 4475 aliam
3592 4420 3652 4474 in

2081 4525 2406 4591 sententiam
2463 4524 2742 4578 derivasse
2812 4540 2824 4574 :
2899 4517 3348 4588 Ἰουδαῖκώτερον,
3398 4515 3479 4570 sic
3536 4513 3650 4576 ille,

397 4635 503 4676 nec
553 4617 932 4688 infrequenter
975 4615 1369 4685 comprobant;
1410 4618 1472 4667 ut
1502 4610 1737 4680 exempli
1779 4623 1962 4673 causa,

2095 4618 2325 4681 Ἀκύλας
2356 4617 2453 4671 καὶ
2481 4617 2773 4687 Σύμμαχος
2803 4613 2901 4684 τὴν
2949 4608 3242 4684 ἑρμηνείαν
3290 4606 3651 4669 ὲκτεθείκασι,

398 4724 525 4765 cum
547 4708 820 4765 Eusebius
859 4708 1130 4780 psalmum
1161 4720 1297 4767 xvu,
1329 4703 1492 4769 Deus,
1526 4701 1668 4757 Deus
1694 4717 1864 4765 meus,
1891 4717 1976 4755 reo

399 4802 544 4871 spite
565 4802 620 4855 in
654 4817 756 4864 me,
792 4800 851 4855 in
893 4812 1005 4853 uno
1036 4797 1257 4852 Christo
1288 4793 1569 4863 impletum
1598 4805 1721 4846 esse
1748 4804 1971 4846 asseve-

399 4899 488 4946 rat
519 4910 539 4947 ι
568 4891 622 4946 ἰιι
656 4893 762 4948 hoc
789 4892 936 4948 enim
964 4896 1019 4945 et
1044 4889 1102 4943 in
1123 4886 1419 4949 similibus,
1470 4892 1529 4938 ut
1571 4897 1730 4938 nemo
1752 4897 1862 4936 non
1897 4880 1978 4934 fa-

399 4992 607 5050 teatur,
636 5001 834 5043 sensus
856 4986 974 5055 ipse
994 4978 1248 5036 litteralis
1276 4977 1558 5032 Christum
1580 4973 1824 5044 respicit.
1849 4971 1977 5027 Haec

401 5078 470 5135 de
501 5076 897 5148 interpretandi
926 5076 1038 5131 ritu
1063 5072 1209 5128 dicta
1240 5077 1425 5125 sunto.

528 5186 590 5237 ν.
620 5187 866 5238 Eusebius
884 5185 1155 5249 O-rigenem
1179 5181 1425 5245 sequitur,
1452 5178 1539 5230 alii
1568 5178 1854 5229 Eusebium.

472 5268 746 5326 Caeterum
796 5267 1068 5324 Eusebius
1119 5264 1369 5337 Origenis
1416 5261 1790 5334 expositiones
1835 5257 1980 5314 haud

401 5365 641 5420 obscure
694 5369 960 5430 sectatur,
995 5371 1109 5416 tam
1146 5359 1294 5431 quod
1342 5357 1411 5412 ad
1443 5355 1617 5425 ipsam
1649 5349 1979 5423 explanandi

404 5457 696 5521 rationem,
746 5469 911 5525 quam
956 5455 1104 5525 quod
1146 5454 1214 5509 ad
1240 5452 1531 5508 verborum
1565 5446 1803 5510 seriem;
1833 5453 1894 5499 ut
1923 5446 1981 5499 in

404 5546 802 5617 manuscriptis
852 5552 909 5601 et
956 5544 1120 5601 editis
1170 5544 1381 5599 catenis
1435 5539 1618 5594 videre
1657 5543 1739 5591 est
1787 5555 1801 5588 :
1851 5549 1980 5589 nam

407 5638 841 5695 commentarios
875 5636 1130 5708 Origenis
1156 5636 1347 5706 plenos
1381 5634 1730 5702 integrosque
1769 5625 1982 5698 jamdiu

406 5730 695 5795 amisimus
726 5748 742 5786 :
776 5731 897 5801 ejus
930 5744 1096 5803 porro
1121 5724 1541 5783 commentarios
1572 5720 1741 5778 semel
1779 5733 1984 5775 memo-

477 5848 553 5931 (_a)
573 5831 706 5911 Pax.
726 5843 855 5904 516.

2082 4707 2139 4763 id
2160 4716 2264 4770 est,
2297 4705 2457 4760 Modo
2500 4705 2568 4759 ad
2609 4702 2897 4757 Judaicam
2926 4700 3219 4754 doctrinam
3257 4696 3470 4766 propius
3501 4710 3655 4747 acce-

2082 4798 2255 4863 dente,
2288 4797 2484 4867 Aquila
2515 4805 2564 4851 et
2595 4792 2945 4863 Symmachus
2987 4789 3316 4856 interpretati
3344 4796 3486 4841 sunt.
3517 4783 3658 4838 Nam

2083 4890 2138 4945 in
2173 4887 2634 4944 Demonstratione
2677 4882 2976 4954 evangelica
3007 4882 3082 4951 (a)
3126 4880 3199 4933 ait
3232 4887 3524 4945 utrumque
3550 4873 3653 4929 Juv

2085 4983 2261 5038 dmum
2295 4987 2391 5035 aut
2427 4976 2837 5035 semi-Judaeum
2860 4975 3050 5029 fuisse.
3070 4971 3494 5026 Theodotionem
3528 4982 3657 5021 cum

2086 5074 2249 5130 laude
2298 5079 2607 5136 memorat;
2657 5078 2711 5124 et
2769 5074 3085 5122 accuratum
3144 5064 3496 5132 interpretem
3557 5057 3655 5112 ait.

2087 5164 2289 5232 Quinta
2321 5162 2504 5216 minus
2530 5158 2863 5230 frequenter,
2896 5153 3059 5209 Sexta
3087 5166 3217 5206 vero
3257 5148 3539 5204 rarissime
3570 5146 3662 5199 in-

2087 5252 2570 5326 terpretationibus
2624 5249 2818 5305 utitur.
2853 5245 3022 5301 Notas
3065 5243 3121 5297 in
3169 5239 3486 5311 hujusmodi
3531 5252 3663 5291 ver-

2090 5350 2273 5404 siones
2302 5360 2457 5401 raras
2480 5351 2536 5401 et
2559 5340 2915 5398 brevissimas
2937 5337 3187 5393 dedimus
3213 5354 3227 5388 :
3259 5333 3386 5405 quia
3410 5346 3441 5384 a
3470 5329 3662 5385 multis

2083 5442 2195 5512 jam
2247 5438 2408 5493 annis
2457 5435 2527 5489 ad
2572 5433 2938 5503 Hexaplorum
2993 5434 3247 5496 excerpta
3275 5440 3341 5480 ex
3371 5420 3661 5478 codicibus

2089 5547 2212 5588 cum
2268 5529 2430 5586 editis
2479 5535 2594 5583 tum
2650 5523 3044 5592 manuscriptis
3083 5515 3389 5585 colligenda
3413 5512 3660 5568 animum

2089 5621 2273 5693 appuli
2323 5640 2338 5676 :
2389 5618 2644 5690 quodque
2700 5614 2868 5670 habui
2931 5611 3144 5667 caeteris
3189 5623 3310 5679 quae
3353 5602 3660 5660 tractabam

2093 5716 2214 5781 otii,
2252 5715 2381 5769 huic
2413 5710 2712 5783 provinciae
2762 5706 3075 5765 consecravi
3114 5723 3129 5759 :
3164 5712 3213 5758 et
3244 5701 3354 5771 jam
3386 5704 3537 5752 tanta
3563 5711 3668 5752 eo-
