3948 6286
248 315 319 374 25

1027 310 1538 369 COMMENTARIA
1579 309 1642 363 IN
1680 305 2015 363 PSALMOS.
2050 337 2119 346 —
2148 300 2692 361 ΡΗΑΞῌΜΙΝΑΗᾈ.

3426 296 3497 352 26

187 459 199 472 ~
245 450 363 491 rum
397 446 643 489 accessro
670 424 814 487 facta
843 440 949 496 est,
978 439 1037 484 ut
1062 430 1369 501 quadruplo
1422 430 1612 483 saltem
1664 428 1819 498 plura

1927 422 2095 493 θρασὺ
2126 421 2219 473 καὶ
2251 417 2537 490 προπετές,
2565 414 2796 467 arbitror
2830 410 2963 466 illud
2995 427 3127 475 esse,
3156 412 3498 480 pronuntiare

242 539 413 596 penes
437 539 538 578 nos
566 524 887 583 habeamus.
913 516 1077 593 quam
1101 522 1355 578 Nobilius
1378 530 1433 574 et
1459 520 1684 574 Drusius
1713 518 1821 573 edi-

241 616 445 672 derint.
501 614 600 670 His
648 615 958 685 propediem
1011 624 1338 685 postremam
1376 613 1665 668 admovere
1702 626 1819 666 ma-

246 722 394 769 num,
415 720 589 776 eaque
610 706 888 776 publicare
919 708 1134 762 animus
1162 716 1267 762 est.
1286 707 1467 772 Quare
1497 719 1525 757 a
1557 703 1820 773 prolixio-

244 798 395 852 ribus
442 798 500 852 in
552 806 763 854 veteres
820 799 1146 867 interpretes
1183 799 1330 852 notis
1360 796 1612 852 consulto
1650 794 1821 849 absti-

242 891 489 953 nuimus,
516 906 583 945 ne
610 891 713 947 sub
751 891 865 946 haec
895 900 1074 946 actum
1114 906 1270 960 agere
1300 902 1639 959 cogeremur.

307 982 399 1036 Ait
430 980 702 1039 Eusebius
734 983 1083 1054 Septuaginta
1126 980 1453 1050 lnterpretes
1490 994 1613 1033 cum
1636 977 1819 1033 Ptole-

242 1076 359 1131 ωιεί
378 1074 719 1146 Philadelphi
749 1082 989 1146 tempore
1022 1073 1296 1131 vertendis
1327 1071 1622 1141 Scripturae
1652 1084 1823 1124 sacrae

243 1168 399 1223 libris
430 1182 653 1237 operam
686 1166 902 1232 darent,
929 1169 1049 1222 loca
1097 1166 1368 1236 quaedam,
1405 1166 1561 1233 queis
1614 1160 1819 1216 Christi

243 1269 397 1315 ortus
449 1260 693 1329 apertius
747 1258 1226 1330 praenuntiaretur,
1273 1272 1341 1310 ne
1383 1256 1436 1309 in
1483 1252 1816 1314 Graecorum,

243 1353 443 1421 quibus
473 1351 658 1406 versio
690 1352 1004 1421 parabatur,
1038 1349 1288 1404 notitiam
1316 1347 1585 1407 venirent,
1622 1344 1820 1397 obscu-

242 1459 356 1499 rius
386 1445 779 1513 interpretatos
833 1460 973 1499 esse.
1012 1442 1128 1509 Qua
1170 1442 1237 1496 de
1270 1456 1329 1494 re
1367 1438 1647 1492 adeundus
1681 1435 1816 1505 ipse.

243 1553 363 1592 cum
405 1538 603 1607 psalmi
647 1551 871 1599 Lxxxvi,
910 1535 1283 1589 Fundamenta
1327 1533 1441 1602 ejus
1474 1532 1527 1584 in
1558 1527 1819 1583 montibus

242 1633 461 1696 sanctis,
495 1632 890 1703 expositionem
935 1630 1066 1685 edit.
1102 1628 1210 1684 Nec
1241 1628 1457 1682 silentio
1487 1622 1819 1679 mittendum

243 1732 340 1788 est,
369 1723 667 1779 Eusebium
695 1739 936 1795 persmpe
962 1722 1260 1793 Scriptura:
1294 1736 1461 1776 sacrae
1487 1720 1604 1773 loca
1631 1731 1811 1780 secus,

245 1832 400 1887 quam
434 1817 489 1870 in
523 1816 926 1885 exemplaribus
961 1815 1241 1870 hodiernis
1301 1814 1574 1883 leguntur,
1604 1809 1816 1873 afferre,

247 1908 436 1977 partim
500 1908 649 1977 quod
709 1908 1038 1978 exemplaria
1100 1923 1197 1961 sua
1256 1907 1460 1959 variam
1519 1902 1807 1956 lectionem

252 1997 584 2066 praeferrent,
629 1998 825 2067 partim
893 1997 1037 2067 quod
1096 1997 1186 2051 ille
1249 2008 1635 2063 nonnunquam
1692 1992 1811 2046 sine

260 2089 437 2157 praevia
497 2088 805 2143 monitione
855 2088 1089 2142 aliorum
1146 2088 1495 2157 interpretum
1549 2084 1813 2140 lectiones

260 2177 542 2233 admisceat
579 2197 594 2233 :
630 2179 828 2249 partim
863 2179 1022 2233 etiam
1059 2178 1201 2248 quod
1246 2179 1564 2247 plerumque
1606 2190 1812 2229 memo-

258 2273 375 2326 riter
406 2270 820 2341 Scripturarum
854 2271 993 2327 dicta
1028 2272 1296 2336 enuntiet,
1329 2286 1391 2326 ac
1431 2285 1729 2342 synonyma
1759 2278 1813 2324 et

252 2371 497 2419 extranea
534 2363 701 2419 verba
736 2363 1047 2418 interscrat.

866 2475 1091 2531 CAPUT
1134 2474 1199 2530 ν.

400 2586 471 2625 ιιε
497 2585 670 2627 REBUS
702 2584 1007 2625 DOC'I'RINAII
1044 2583 1435 2624 SPECTANTIBUS
1470 2583 1522 2622 IN
1553 2583 1652 2623 HOC

834 2656 1233 2695 COMMEN'I’ARIO.

256 2750 304 2811 Ι.
332 2752 393 2808 in
428 2753 785 2823 scriptoribus
807 2754 973 2807 sacris
1006 2770 1068 2807 ne
1102 2754 1374 2806 minimum
1411 2751 1593 2823 vitium
1624 2749 1820 2823 admit-

322 2826 383 2877 tit
409 2821 691 2878 Eusebius.
719 2822 804 2880 ΙΙ.
833 2824 1148 2878 Sanctorum
1178 2824 1362 2875 merita
1396 2821 1543 2875 nobis
1574 2821 1819 2891 prodesse

319 2904 488 2954 nutat.
527 2893 645 2948 111.
689 2894 878 2948 Veram
913 2893 1112 2948 Christi
1140 2894 1191 2946 in
1219 2891 1554 2945 Eucharistia
1590 2907 1819 2960 pra'sen-

321 2967 448 3018 tiam
471 2966 730 3018 declarat.
764 2963 864 3021 IV.
894 2964 1034 3029 Quid
1064 2964 1126 3017 de
1161 2962 1321 3015 libero
1353 2962 1575 3014 arbitrio
1606 2962 1815 3015 sentiat.

332 3033 390 3089 γ.
427 3036 673 3089 Gratiam
712 3034 1082 3102 indi/ferentia:
1113 3034 1182 3086 ad
1215 3031 1540 3091 utrumlibet.
1575 3047 1665 3084 seu
1706 3046 1821 3083 ver-

320 3108 551 3189 sutilem,
574 3106 748 3189 docet.
769 3103 861 3158 VI.
902 3104 969 3159 Et
1004 3102 1516 3172 prwdestinationem
1543 3110 1657 3170 post
1682 3115 1822 3170 pra:-

320 3186 430 3231 uisa
452 3186 663 3230 merita.

320 3287 475 3343 Haud
534 3289 808 3358 ingratum
858 3287 1048 3343 lectori
1106 3287 1222 3341 fore
1267 3301 1571 3357 speramus,
1623 3285 1667 3341 si
1702 3300 1824 3356 qua:

261 3382 486 3450 sparsim
515 3380 793 3450 variisque
827 3380 881 3433 in
916 3380 1074 3442 locis,
1103 3395 1214 3449 quo
1267 3378 1379 3434 fors
1424 3379 1567 3442 tulit,
1602 3378 1822 3433 inducta

261 3485 379 3529 sunt
427 3473 694 3528 doctrinae
741 3474 940 3542 capita,
989 3472 1076 3525 hic
1131 3471 1187 3525 in
1237 3488 1405 3525 unum
1455 3472 1683 3526 collecta
1722 3470 1824 3539 ipsi

261 3565 571 3627 offeramus,
602 3580 725 3619 cum
765 3564 831 3618 ad
869 3579 1085 3617 manum
1115 3564 1274 3619 nobis
1306 3564 1377 3619 sit
1410 3579 1495 3626 ea,
1529 3579 1650 3632 qua:
1686 3563 1825 3617 assi-

260 3652 361 3705 dua
409 3653 733 3707 tractatione
778 3652 906 3709 hinc
942 3651 1067 3706 inde
1094 3651 1489 3722 decerpsimus,
1522 3668 1629 3705 una
1676 3668 1826 3705 com-

261 3744 446 3811 plecti;
494 3751 553 3797 ut
599 3744 787 3798 labore
836 3743 1093 3797 diuturno
1134 3750 1286 3812 parta
1335 3743 1593 3798 harumce
1643 3758 1824 3796 rerum

263 3834 466 3900 notitia,
536 3834 769 3889 eruditis
838 3835 1064 3905 ingratae
1127 3834 1540 3904 perquisitionis
1605 3834 1824 3887 taedium

262 3925 414 3981 levet.

316 4035 353 4086 Ι.
377 4034 431 4085 In
456 4036 779 4099 scriptoribus
805 4035 958 4148 sacrils:
991 4036 1325 4147 nebqiinlmum
1353 4035 1522 4088 vitium
1555 4036 1769 4085 admittit

964 4114 1049 4147 use
1106 4114 1178 4148 us.

964 4114 1178 4148 USEDIUS.

328 4204 593 4260 Estimat
626 4204 891 4259 Eusebius
940 4221 1049 4259 non
1102 4207 1220 4259 sine
1271 4204 1497 4259 audacia
1531 4212 1583 4257 et
1611 4202 1828 4257 temeri-

262 4306 370 4351 tate
402 4296 555 4350 credi
587 4311 768 4366 posse,
813 4296 1108 4366 scriptores
1152 4297 1294 4363 illos,
1329 4296 1421 4366 qui
1454 4294 1669 4349 afflante
1718 4292 1830 4346 Nu-

261 4390 401 4444 mine
455 4389 672 4444 divinas
722 4389 880 4444 nobis
935 4389 1146 4443 litteras
1173 4387 1622 4447 transmiserunt,
1656 4385 1736 4439 vel
1773 4386 1829 4438 in

262 4479 501 4534 minimis
539 4495 786 4545 errasse;
825 4480 898 4532 ita
936 4488 995 4532 ut
1024 4479 1188 4534 etiam
1222 4493 1419 4532 nomen
1454 4491 1557 4546 pro
1599 4476 1703 4528 alio
1742 4475 1823 4530 vel

262 4586 321 4625 ex
352 4570 719 4640 imprudentia
752 4572 834 4625 vel
865 4588 927 4626 ex
958 4570 1311 4641 incogitantia
1338 4568 1740 4624 substituerint.
1771 4566 1825 4620 ld

262 4663 459 4720 diserte
507 4663 607 4726 ait,
656 4664 997 4735 explanando
1025 4664 1263 4718 'titulum
1308 4663 1503 4732 psalmi
1543 4676 1741 4727 χχχιιι,
1773 4660 1827 4713 in

261 4771 366 4825 quo
407 4755 609 4809 dicitur
638 4756 956 4810 immutasse
1000 4754 1169 4809 David
1216 4755 1424 4808 vultum
1455 4769 1615 4809 suum
1644 4766 1828 4806 coram

261 4846 571 4902 Abimelech
630 4865 643 4900 :
700 4846 1152 4902 ubiAcliimelech
1205 4846 1516 4916 legendum,
1566 4853 1729 4915 atque
1773 4845 1829 4898 in

257 4937 682 5009 exemplaribus,
713 4938 827 4989 belli
890 4953 945 4991 in
1002 4935 1129 5003 capit
1178 4946 1444 4990 mutatum
1481 4936 1651 4991 fuisse
1678 4942 1831 5006 putat

261 5027 528 5085 Eusebius
561 5049 574 5085 :
607 5027 752 5099 quod
802 5044 934 5082 sane
984 5029 1055 5082 ob
1104 5030 1404 5083 litterarum
1442 5025 1557 5083 bnth
1605 5035 1659 5081 et
1689 5028 1820 5099 cap‘z

261 5121 400 5178 inter
422 5137 482 5177 se
515 5119 826 5184 afﬁnitatem
851 5119 1108 5189 perfacile
1133 5119 1253 5174 fuit.
1281 5119 1417 5174 Tum
1449 5119 1610 5172 allata
1640 5133 1829 5173 eorum

260 5215 532 5270 sententia
556 5214 651 5284 qui
679 5213 947 5275 dicerent,
981 5207 1323 5266 Achimelech
1354 5228 1450 5281 pro
1487 5212 1653 5268 Achis
1686 5211 1833 5283 posi-

259 5317 368 5361 tum
416 5306 611 5373 fuisse,
644 5306 828 5375 ibique
854 5305 940 5373 agi
971 5303 1037 5359 de
1064 5303 1285 5358 Davidis
1329 5304 1381 5358 in
1426 5302 1561 5359 Geth
1594 5303 1834 5374 peregri-

256 5401 503 5461 natione,
534 5397 629 5451 ubi
658 5411 781 5450 cum
811 5394 1111 5465 periculum
1160 5393 1355 5463 capitis
1389 5393 1715 5455 immineret,
1749 5391 1834 5444 inn

256 5493 467 5548 saniam
519 5489 613 5545 ille
672 5488 969 5550 simulavit,
1001 5495 1054 5541 et
1101 5485 1406 5539 immutavit
1430 5484 1638 5538 vultum
1672 5498 1831 5538 suum

255 5598 438 5637 coram
468 5579 639 5635 Achis
676 5595 804 5649 rege
853 5578 1023 5643 Geth;
1056 5577 1170 5632 haec
1214 5578 1268 5631 in
1302 5577 1589 5632 adversum
1620 5575 1833 5644 reponit

257 5673 349 5729 ille
390 5694 403 5728 :
446 5653 513 5725 Ᾱι
540 5688 632 5742 ego
663 5671 843 5723 audax
872 5670 1305 5738 temerariumque
1337 5668 1565 5736 facinus,
1596 5666 1753 5736 ἔργον
1778 5663 1833 5717 δὲ

329 5787 405 5855 (a)
426 5782 515 5839 Cf.
546 5782 623 5836 De
650 5760 1038 5853 prazparatione
1056 5798 1261 5850 erang.,
1295 5797 1344 5849 p.
1373 5780 1495 5832 575.

1923 513 2246 583 conﬁdenter
2273 512 2505 564 divinam
2552 506 2884 574 Scripturam
2917 505 3123 573 lapsam
3155 521 3288 568 esse,
3320 514 3368 557 et
3395 504 3499 557 tals

1923 606 2103 658 uitium
2148 603 2415 672 praeferre,
2442 609 2498 653 ut
2524 616 2618 668 pro
2643 598 2753 651 viro
2778 597 3071 666 alienigena
3110 595 3355 649 sacerdos
3391 593 3499 646 Do-

1922 697 2049 749 mini
2078 704 2324 763 ponatur,
2357 709 2473 745 cum
2522 692 2752 744 maxime
2788 688 3050 742 Hebraica
3096 682 3248 741 lectio
3291 695 3338 739 et
3373 685 3498 738 reli-

1920 787 2008 856 qui
2040 787 2340 853 interpretes
2383 797 2559 835 onmes
2602 777 2932 833 Achimelech
2964 777 3361 856 circumferant.
3392 773 3497 829 Ubi

1920 851 2077 933 notes
2141 851 2299 931 velim
2352 872 2673 927 Hebraicam
2730 870 3018 923 lectionem
3073 868 3235 922 hodie
3274 851 3503 949 1533913

1920 964 2293 1027 circumferre,
2321 973 2373 1018 et
2402 964 2457 1017 in
2499 961 2704 1016 Graecis
2741 960 2934 1014 Bibliis
2972 958 3261 1030 ’Λὸιμέλεχ
3300 975 3313 989 ·
3354 956 3498 1010 unde

1921 1065 2066 1129 patet
2095 1056 2310 1112 Eusebii
2335 1054 2666 1124 exemplaria
2697 1052 2968 1105 diversam
3005 1051 3073 1104 ab
3095 1066 3178 1115 ea,
3209 1065 3329 1118 quae
3353 1064 3499 1102 nunc

1920 1147 2170 1211 habetur,
2208 1145 2495 1200 lectionem
2552 1142 2879 1213 prietulisse.
2956 1135 3084 1191 Utut
3149 1155 3278 1193 vero
3329 1140 3399 1194 sit
3431 1140 3498 1193 de

1920 1237 2141 1293 Eusebii
2176 1237 2230 1291 in
2264 1243 2621 1291 memoratum
2654 1234 2875 1287 titulum
2911 1233 3192 1303 opinione,
3226 1247 3347 1302 quae
3379 1231 3493 1284 fort

1920 1331 2085 1385 tassis
2117 1345 2225 1383 non
2274 1330 2526 1383 omnibus
2560 1327 2824 1398 placitura
2877 1335 2979 1389 est,
3032 1333 3186 1396 putat
3216 1341 3349 1380 sane
3407 1324 3498 1378 ille

1920 1420 2075 1476 nefas
2119 1435 2241 1475 esse
2271 1418 2484 1481 vitium,
2519 1418 2565 1472 si
2597 1416 2742 1487 quod
2773 1416 2857 1471 vel
2892 1417 3175 1471 minimum
3211 1417 3407 1482 subsit,
3442 1417 3498 1471 in

1921 1513 2240 1582 scriptorem
2272 1525 2490 1564 sacrum
2522 1507 2832 1562 retundere.

2104 1620 2165 1671 ll.
2191 1621 2477 1671 Sanctorum
2500 1621 2677 1668 merita
2700 1619 2841 1669 nobis
2866 1620 3105 1681 prodesse
3134 1624 3290 1682 putat.

1852 1783 1893 1840 Β
1990 1751 2081 1804 Ait
2120 1766 2229 1804 non
2276 1749 2442 1803 semel
2473 1747 2747 1803 Eusebius.
2770 1756 3110 1811 sanctorum,
3142 1747 3257 1802 sive
3289 1755 3497 1817 marty-

1925 1854 2067 1909 rum,
2090 1843 2204 1897 sive
2225 1842 2454 1895 aliorum
2478 1839 2585 1895 Deo
2598 1850 2941 1910 acceptorum
2974 1841 3255 1893 hominum
3276 1838 3494 1901 merita,

1911 1932 2157 1989 subsidio
2196 1933 2338 2003 apud
2385 1931 2552 1986 Deum
2583 1932 2741 1987 nobis
2764 1947 2905 1987 esse.
2961 1930 3051 1986 Sic
3082 1932 3220 2002 psal.
3264 1946 3497 1994 Lxxvtn,

1909 2038 2050 2079 vers.
2078 2026 2174 2080 10:
2208 2025 2289 2078 Ad
2312 2024 2422 2079 liazc
2444 2026 2498 2078 in
2517 2026 2752 2096 precibus
2777 2033 3001 2093 tempore
3023 2023 3397 2091 persecutionis
3415 2020 3501 2075 di-

1909 2118 2075 2171 cenda
2121 2118 2473 2183 instituimur,
2513 2116 2825 2170 hostiarum.
2859 2125 2907 2170 et
2930 2115 3357 2169 holocaustorum
3386 2114 3499 2167 loco

1912 2209 2216 2278 sanguinem
2235 2217 2538 2261 sanctorum
2562 2215 2854 2277 martyrum
2870 2214 3300 2276 proponentes,ac
3312 2202 3500 2272 hujus-

1912 2300 2054 2354 modi
2073 2301 2477 2369 supplicationes
2492 2301 2781 2354 emittentes
2800 2301 2891 2363 ;Iet
2908 2314 3049 2353 vers.
3077 2299 3131 2351 ll
3157 2318 3169 2351 :
3201 2295 3311 2349 Nos
3336 2298 3501 2366 siqui-

1912 2391 2027 2445 dem
2052 2409 2153 2446 non
2170 2393 2314 2463 digni
2340 2393 2507 2447 habiti
2535 2410 2716 2447 sumus
2736 2394 2824 2461 qui
2845 2393 2911 2444 ad
2944 2393 3102 2461 ﬁnem
3126 2408 3283 2460 usque
3298 2400 3523 2443 certare-

1914 2500 2052 2547 mus,
2078 2501 2140 2537 as
2157 2500 2250 2551 pro
2276 2484 2383 2539 Deo
2414 2486 2716 2555 sanguinem
2738 2483 3107 2553 funderemus;
3139 2482 3227 2536 sed
3249 2483 3371 2553 quia
3399 2481 3501 2550 filii

1914 2589 2096 2627 sumus
2129 2592 2308 2629 eorum
2344 2578 2432 2646 qui
2461 2576 2571 2629 Iure
2612 2586 2730 2628 sunt
2766 2575 3023 2643 perpessi,
3056 2574 3247 2627 virtute
3286 2582 3499 2640 patrum

1919 2674 2222 2720 nostrorum
2252 2668 2451 2732 ornati,
2489 2683 2767 2737 precamur
2795 2676 2851 2720 ut
2884 2667 3098 2721 illorum
3138 2665 3311 2737 gratia
3343 2664 3499 2717 mise-

1922 2757 2209 2811 ricordiam
2244 2775 2648 2829 consequamur.

1984 2869 2067 2919 lll.
2089 2870 2268 2921 Veram
2286 2872 2462 2923 Christi
2483 2873 2530 2920 in
2552 2870 2853 2921 Eucharistia
2875 2870 3187 2933 praesentiam
3200 2871 3434 2919 declarat.

1996 2973 2192 3029 Veram
2242 2975 2447 3030 Christi
2511 2974 2564 3027 in
2616 2974 2960 3029 Eucliaristia
3021 2974 3361 3044 przesentiam
3424 2972 3499 3043 (a)

1925 3066 2208 3138 profitetur
2256 3082 2380 3121 cum
2430 3067 2575 3120 hunc
2647 3082 2860 3121 versum
2927 3068 3241 3134 explicans.
3296 3064 3503 3119 Cibavit

1847 3154 2007 3217 Ceos
2091 3173 2156 3211 ea:
2220 3159 2373 3226 adipe
2412 3158 2684 3226 frumenti,
2721 3167 2769 3211 et
2819 3157 2882 3210 de
2928 3168 3078 3225 petra
3132 3157 3283 3210 melle
3348 3166 3501 3209 satu—

1924 3253 2058 3305 ravit
2118 3267 2204 3304 eos
2253 3249 2429 3320 (Psal.
2482 3263 2649 3313 1.x“,
2706 3248 2815 3319 17),
2869 3249 2943 3301 ait
2985 3268 2996 3302 :
3037 3247 3193 3300 Κατὰ
3258 3247 3414 3300 τοῦτο
3445 3248 3504 3299 δὲ

1925 3344 2160 3414 ἐπλήρου
2214 3338 2553 3404 καταξιώσας
2586 3341 2781 3403 αὐτοὺς
2813 3340 2910 3410 τῆς
2948 3340 3152 3403 οἰκείας
3180 3339 3406 3410 τροφῆς,
3440 3340 3504 3394 οὐ

1928 3436 2085 3507 μόνον
2112 3433 2447 3504 σωματικῆς,
2472 3430 2607 3484 ἀλλὰ
2627 3433 2720 3484 καὶ
2743 3431 2839 3502 τῆς
2872 3432 3187 3502 ἐπουρανίου
3224 3432 3314 3484 καὶ
3344 3449 3505 3483 πνευ-

1929 3528 2181 3597 ματικῆς,
2203 3523 2437 3594 ὁπηνίκα
2464 3522 2698 3594 πρώτοις
2721 3524 2901 3586 αὐτοῖς
2926 3523 3185 3593 ἐπεδήμει
3212 3525 3239 3575 ὁ
3273 3523 3504 3593 Χριστὸς

1924 3616 2015 3669 τοῦ
2055 3614 2210 3679 Θεοῦ,
2244 3615 2445 3689 τροφὴν
2490 3613 2670 3675 αὐτοῖς
2715 3615 2976 3685 παρεῖχεν
3028 3612 3117 3665 τὸν
3182 3612 3504 3681 ἐπουράνιον

1926 3710 2105 3779 ἄρτον,
2137 3688 2360 3759 ΛΥΤΟΣ
2392 3688 2689 3766 ΕΑΥΤΟΝ,
2722 3705 2775 3757 id
2794 3714 2911 3759 est:
2942 3704 3086 3757 Tunc
3108 3720 3264 3771 porro
3289 3704 3506 3772 proprio

1926 3800 2047 3853 illos
2093 3798 2207 3852 cibo
2242 3798 2436 3865 replere
2468 3797 2711 3867 dignatus
2746 3806 2844 3859 est,
2881 3811 2983 3847 non
3018 3810 3266 3861 corporeo
3307 3793 3501 3856 solum,

1929 3891 2019 3944 sed
2048 3891 2209 3943 etiam
2249 3890 2444 3943 cwlesti
2478 3900 2525 3941 et
2553 3887 2844 3957 spirituali,
2878 3903 2996 3939 cum
3028 3886 3095 3938 ad
3135 3886 3275 3955 ipsos
3307 3886 3503 3953 primos

1930 3980 2171 4036 Christus
2208 3980 2298 4035 Dei
2323 3983 2685 4051 peregrinatus
2718 3989 2817 4043 est,
2856 3990 3009 4048 atque
3056 3980 3108 4031 in
3158 3977 3330 4031 cibum
3375 3979 3505 4045 ipsis

1930 4075 2183 4129 caelestem
2229 4090 2435 4143 panem,
2466 4075 2574 4139 ipse
2625 4072 2978 4139 semetipsum,
3024 4069 3187 4123 dedit.
3240 4070 3318 4123 Ad
3361 4070 3507 4139 psal-

1929 4182 2079 4219 mum
2114 4181 2244 4219 vero
2286 4180 2472 4228 xxxvi,
2501 4165 2611 4217 haec
2658 4163 2820 4216 habet
2858 4180 2871 4216 :
2908 4164 3274 4233 Κατατρυφᾷν
3312 4162 3369 4214 δὲ
3411 4160 3505 4215 τοῦ

1929 4253 2133 4325 Κυρίου
2147 4254 2430 4324 δυνήσεται
2449 4250 2476 4301 ὁ
2494 4252 2592 4321 τῆς
2614 4251 2790 4320 ψυχῆς
2820 4250 2890 4302 τὰ
2921 4251 3247 4322 αἰσθητήρια
3274 4250 3507 4304 κεκαθα-

1937 4344 2215 4414 ρισμένος,
2250 4344 2325 4406 ὡς
2357 4342 2613 4397 δύνασθαι
2662 4342 2863 4394 ἐσθίειν
2892 4342 2980 4393 τὸν
3007 4339 3183 4404 ζῶντα
3221 4344 3380 4414 ἄρτον
3413 4345 3507 4396 καὶ

1933 4436 2028 4498 τὰς
2062 4434 2353 4498 ζωοποιοὺς
2387 4433 2548 4487 αὐτοῦ
2584 4434 2814 4502 σάρκας,
2850 4435 3023 4486 πίνειν
3062 4451 3121 4486 τε
3153 4436 3212 4486 τὸ
3241 4437 3504 4506 σωτήριον

1860 4510 1901 4564 D
1931 4526 2095 4580 αὑτοῦ
2146 4521 2301 4597 αἷμα.
2357 4525 2578 4587 Τούτοις
2618 4524 2953 4596 τρεφόμενος
3001 4526 3095 4577 καὶ
3139 4526 3500 4594 πιαινόμενος,

1928 4621 2027 4689 τῆς
2079 4617 2262 4671 ὲνυέου
2320 4616 2489 4688 μέθης
2538 4614 2845 4677 ἀπολαύων,
2886 4616 3349 4683 κατατρύφησεν
3400 4613 3507 4666 τοῦ

1930 4711 2169 4778 Κυρίου,
2202 4709 2256 4763 id
2304 4716 2389 4763 est
2417 4729 2429 4762 :
2462 4706 2724 4760 Delectari
2759 4716 2932 4759 autem
2962 4707 3016 4758 in
3050 4706 3269 4761 Domino
3293 4704 3502 4767 valebit,

1930 4806 2165 4875 quisquis
2199 4803 2390 4856 anima:
2416 4798 2652 4855 sensibus
2679 4801 2826 4867 puris
2857 4799 3194 4867 purgatisque
3219 4796 3396 4864 fuerit,
3427 4796 3503 4848 ita

1931 4908 1987 4949 ut
2013 4913 2199 4965 panem
2231 4899 2399 4950 vivum
2425 4903 2472 4949 et
2511 4893 2742 4961 viviﬁcas
2768 4907 2951 4944 carnes
2982 4891 3095 4957 ejus
3129 4888 3276 4942 edere
3315 4891 3503 4957 possit,

1933 5007 1995 5043 ac
2039 4989 2327 5043 salutarem
2361 4991 2474 5054 eius
2515 4984 2684 5037 bibere
2730 4982 3054 5050 sanguinem.
3112 4980 3211 5033 His
3244 4982 3505 5034 enutritus

1931 5094 1977 5137 et
2010 5085 2384 5153 impinguatus,
2413 5081 2588 5136 divina
2623 5083 2801 5153 fruens
2818 5079 3085 5142 ebrietate,
3120 5094 3138 5127 (
3166 5074 3422 5129 delectare
3449 5075 3509 5128 in

1933 5175 2177 5230 Domino.
2219 5195 2236 5227 ι

2238 5286 2321 5337 IV.
2350 5288 2477 5348 Quid
2500 5289 2561 5336 de
2585 5286 2746 5335 libero
2771 5282 2972 5333 arbitrio
2995 5279 3195 5330 sentiat.

2004 5391 2261 5459 Liberum
2280 5392 2565 5446 arbitrium
2594 5388 2648 5441 in
2672 5385 2892 5439 homine
2914 5383 2979 5438 ad
3005 5382 3209 5437 bonum
3236 5380 3506 5434 malumve

1934 5485 2276 5555 deligendum
2329 5484 2408 5538 sic
2458 5481 2693 5550 explicat
2734 5479 2845 5542 ille,
2882 5478 2947 5531 ad
3002 5477 3268 5548 psalmum
3308 5486 3451 5526 χιιι-ν
3488 5488 3502 5523 :

1948 5576 2293 5637 Ἀκαλύπτως
2327 5574 2382 5626 δὲ
2405 5575 2434 5625 ὁ
2461 5570 2696 5634 τοιοῦτος
2728 5569 2984 5634 ἐξέδωκεν
3016 5566 3206 5620 ἑαυτὸν
3232 5566 3297 5634 τῇ
3327 5564 3499 5649 (ἔμαρ-

1934 5669 2042 5739 vis,
2064 5667 2137 5729 ὡς
2172 5664 2265 5718 καὶ
2302 5662 2368 5716 τὰ
2405 5663 2622 5733 ῥήματα
2662 5659 2754 5715 τοῦ
2789 5660 3051 5729 στόματος
3078 5651 3241 5709 αὐτοῦ
3274 5649 3503 5723 ἀνομίαν

3569 5709 3604 5731 θ
