3948 6286
474 327 545 381 S7
1142 329 1416 388 EUSEBII
1451 333 1933 394 CAESARIENSIS
1968 336 2122 394 OPP.
2162 337 2343 396 PARS
2368 340 2458 401 Ill.
2489 342 2568 386 ⁷-
2604 340 3012 407 EXEGETICA.
3653 357 3722 415 23

470 439 610 501 εἶναι
635 447 727 499 καὶ
753 446 922 502 δόλον.
960 448 1107 503 Πάνυ
1136 449 1193 503 δὲ
1220 449 1392 506 ταῦτα
1425 452 1566 507 ἑκὼν
1613 453 1785 509 εἵλετο
1801 472 1816 487 ·
1849 457 1945 512 ἆτε
1985 456 2014 511 δ

2152 456 2277 512 dum
2298 459 2568 530 Aquilam,
2605 480 2623 514 ι
2660 464 2891 534 conﬁsus
2916 481 3064 530 sum;
3097 485 3116 520 ι
3147 475 3240 520 aut
3267 475 3325 521 ut
3353 457 3749 540 Symmachum.

470 538 816 604 αὑτεξοὺσιος
835 538 931 604 ὢν,
957 543 1051 596 καὶ
1070 541 1369 614 δυνάμενος
1393 536 1491 617 μὲν
1509 546 1608 619 τὴν
1631 547 1842 620 ἀγαθὴν
1863 550 2051 621 μετελ-

471 631 582 683 θεῖν
610 630 753 696 ὁδὸν,
786 633 862 706 μὴ
897 631 1178 707 βουληθεὶς
1212 636 1289 690 δέ.
1320 635 1435 692 [loc
1469 650 1556 694 est
1587 639 1815 696 :Pulam
1875 653 2050 698 autem

470 723 562 777 ille
590 740 646 778 se
672 734 885 793 peccato
928 725 1151 793 dedidit,
1189 730 1266 783 ita
1300 740 1359 785 ut
1387 731 1543 787 verba
1571 734 1679 788 aris
1707 734 1822 803 ejus
1852 736 2050 805 iniqui-

469 825 554 869 tas
587 826 636 870 et
664 815 819 870 dolus
846 828 1041 875 essent.
1077 819 1205 875 llaec
1224 833 1399 877 autem
1429 824 1538 893 ipse
1570 825 1857 880 admodum
1890 827 2049 882 libere

465 906 643 976 elegit,
676 918 854 977 utpote
889 910 1042 964 liberi
1079 911 1310 979 arbitrii,
1355 931 1509 983 penes
1545 933 1696 987 quem
1747 928 1860 973 erat
1906 921 2046 974 viam

467 999 618 1055 adire
650 999 839 1056 bonam
877 1019 897 1058 :
926 1003 1065 1073 quod
1095 1005 1187 1060 ille
1230 1008 1424 1065 noluit.
1462 1009 1813 1076 Quamobrem
1836 1015 2044 1069 dictum

464 1098 568 1153 est,
611 1109 630 1142 ι
671 1090 862 1147 Noluit
901 1095 1195 1165 intelligere
1226 1107 1285 1151 ut
1317 1097 1443 1154 bene
1476 1111 1648 1171 ageret
1682 1119 1701 1156 :
1729 1102 1819 1157 sed
1859 1105 2046 1177 iniqui-

471 1195 632 1239 tatem
677 1186 963 1241 meditatus
993 1198 1071 1243 est
1102 1190 1155 1243 in
1187 1191 1350 1246 cubili
1379 1209 1494 1248 suo.
1534 1213 1553 1247 ι
1584 1194 1742 1250 Et-ad
1776 1198 2041 1266 psalmum

465 1291 574 1332 LVII
607 1278 856 1350 ιἘπειδὴ
882 1280 991 1351 γὰρ
1020 1280 1235 1350 φύσεως
1257 1282 1548 1357 ἐλευθέρας
1583 1289 1674 1341 καὶ
1695 1288 2039 1354 αὐτεξουσὶου

463 1370 769 1441 γενόμενοι,
795 1371 1122 1445 διακριτικοί
1143 1390 1202 1426 τε
1221 1374 1314 1429 τοῦ
1344 1375 1511 1430 καλοῦ
1542 1377 1746 1432 καὶτοῦ
1775 1380 2036 1447 ἐναντίου,

463 1463 563 1534 τήν
593 1479 653 1516 τε
678 1464 758 1526 εις
779 1463 1016 1531 ἑκάτερα
1043 1465 1214 1537 ῥοπὴν
1245 1467 1345 1539 τὴν
1374 1469 1431 1521 ἐν
1462 1469 1671 1532 ἑαυτοῖς
1691 1472 2035 1542 κεκτημένοι,

459 1555 562 1609 οὐκ
595 1553 771 1627 ὀρθῶς
804 1556 1103 1627 ἐχρήσαντο
1131 1558 1210 1629 τῷ
1240 1561 1528 1632 κριτηρίῳ,
1577 1562 1696 1616 οὐδὲ
1742 1565 2037 1636 ἠγάπησαν

463 1645 562 1716 τὴν
585 1644 817 1711 εὐθεῖαν,
840 1648 1039 1719 καίπερ
1065 1647 1263 1713 εἰδότες
1291 1650 1479 1722 αὐτὴν,
1497 1651 1616 1705 οὐδ’
1632 1653 1811 1725 ἔργοις
1843 1656 2038 1730 μετῆλ-

465 1732 558 1786 θον
593 1734 693 1805 τὴν
747 1735 1113 1808 δικαιοσύνην,
1169 1740 1235 1808 ἣν
1288 1739 1432 1808 λόγῳ
1455 1741 1602 1813 μόνῳ
1650 1745 1745 1797 καὶ
1801 1747 2035 1817 χείλεσιν

464 1824 875 1895 ιπηγγέλλοντο,
893 1826 971 1898 τῷ
1002 1827 1215 1901 παλαιῷ
1246 1829 1301 1883 δὲ
1324 1831 1445 1900 ὄφει
1473 1834 1848 1904 ὁμοιωθέντες,
1870 1840 2031 1895 ἀσπί-
2062 1820 2105 1876 Β

456 1914 547 1981 δος
579 1917 769 1988 κωφῆς
800 1919 1014 1990 χείρους
1047 1921 1324 1989 ἐγένοντο·
1358 1923 1548 1978 τούτου
1589 1927 1746 1999 χάριν
1791 1930 2028 1985 ἐπακού-

458 2022 586 2061 σατε
625 2007 746 2062 τίνα
790 2011 884 2063 καὶ
930 2012 1128 2077 αὐτοὺς
1161 2014 1461 2085 περιμένει,
1513 2017 1565 2070 id
1610 2027 1695 2072 est
1725 2039 1738 2074 :
1766 2019 2028 2084 Quoniam

451 2095 592 2150 enim
634 2096 801 2152 libera
830 2108 881 2153 et
914 2103 1000 2155 sui
1028 2103 1240 2156 arbitrii
1268 2114 1463 2159 natura
1509 2107 1742 2175 prcediti,
1774 2111 1823 2163 vi
1865 2111 2028 2166 inter-

452 2190 699 2246 noscendi
749 2190 869 2246 boni
917 2203 966 2247 et
999 2196 1253 2248 contrarii
1294 2196 1559 2263 instructi,
1595 2210 1750 2271 atque
1805 2202 2025 2258 liberam

451 2281 522 2335 ad
549 2284 853 2338 utrumlibet
881 2286 1276 2339 inclinationem
1302 2289 1465 2350 nacti,
1499 2306 1603 2343 non
1662 2301 1799 2346 recte
1814 2295 2023 2363 judicio

448 2388 547 2425 suo
598 2382 723 2427 sunt
774 2374 879 2437 usi,
916 2391 1077 2441 neque
1119 2386 1316 2429 rectam
1363 2378 1521 2443 uiam,
1557 2381 1659 2435 etsi
1688 2393 1867 2438 notam
1895 2386 2018 2451 sibi,

447 2461 763 2528 dilexerunt.
797 2482 958 2536 neque
991 2467 1233 2536 operibus
1257 2468 1532 2537 justitiam
1565 2473 1832 2539 adierunt,
1861 2494 2019 2548 quam

447 2552 616 2607 verbis
667 2554 929 2608 duntaxat
985 2565 1036 2610 et
1086 2555 1243 2611 labiis
1292 2569 1418 2613 sunt
1465 2563 1710 2632 professi,
1764 2570 2020 2640 veterique

443 2646 674 2713 serpenti
716 2646 937 2711 similes,
988 2648 1168 2713 aspide
1215 2650 1382 2706 surda
1432 2653 1718 2713 deteriores
1771 2676 2015 2728 evasere;

443 2734 562 2789 ideo
616 2752 754 2806 quae,
787 2738 915 2807 ipsis
958 2751 1203 2796 eventura
1248 2753 1371 2798 sunt
1414 2747 1614 2804 audite.
1647 2748 1910 2808 Similiter
1949 2755 2017 2810 de

442 2824 685 2883 Hebraeis
716 2843 906 2898 agens,
940 2832 1134 2900 psalmi
1169 2849 1353 2890 Lxxvn
1385 2838 1453 2893 ad
1487 2838 1632 2895 hunc
1672 2859 1911 2910 versum,
1944 2845 2014 2901 Et

440 2917 592 2972 obliti
621 2929 743 2973 sunt
772 2919 1160 2991 benefactorum
1188 2926 1320 2997 ejus,
1358 2929 1432 2983 ita
1466 2930 1708 3003 loquitur
1741 2954 1753 2990 :
1786 2936 2015 2995 Πάντων

439 3009 551 3085 γὰρ
579 3010 782 3066 τούτων
809 3011 978 3086 λήθην
1004 3019 1378 3090 πεποιημένοι,
1401 3023 1509 3078 τῶν
1540 3026 1677 3100 πρὸς
1698 3028 1823 3092 τοὺς
1848 3029 2015 3084 πατέ-

443 3117 545 3172 ρας
587 3102 766 3157 αὑτῶν
822 3105 1290 3178 ὲπιδεδειγμένων.
1335 3104 1473 3166 ὅπλα
1519 3115 1720 3186 ἤραντο
1746 3119 1887 3173 κατὰ
1914 3119 2009 3175 τοῦ

437 3168 594 3258 θεοῦ,
643 3192 703 3247 οὐ
751 3168 1107 3266 βουληθέντες·
1145 3195 1222 3268 τῷ
1265 3168 1413 3272 νόμῳ
1443 3168 2006 3278 carbasus—semei:
2033 3168 2080 3230 α

439 3282 618 3338 καίτοι
674 3285 760 3339 ἐπ’
795 3286 993 3351 αὐτοὺς
1045 3288 1296 3358 κειμένου
1341 3292 1433 3346 τοῦ
1477 3293 1756 3361 δύνασθαι,
1790 3301 2011 3357 καὶτοῦ

440 3372 749 3446 βούλεσθαι,
781 3376 833 3432 id
854 3386 939 3433 est
977 3398 990 3434 :
1024 3376 1164 3433 Nam
1195 3384 1427 3438 omnium
1457 3402 1637 3441 eorum
1682 3390 1855 3455 obliti,
1895 3410 2012 3464 quas

434 3465 679 3535 patribus
730 3468 841 3523 suis
894 3478 1101 3525 ostensa
1155 3482 1300 3537 sunt,
1335 3491 1487 3531 arma
1538 3478 1767 3534 tulerunt
1827 3494 2011 3540 contra

435 3556 627 3623 Deum,
672 3575 791 3612 cum
835 3560 1036 3615 nollent
1084 3564 1138 3617 in
1171 3565 1280 3634 lege
1316 3565 1430 3634 ejus
1482 3568 1776 3639 ambulare,
1799 3575 2011 3630 etiamsi

433 3663 587 3715 penes
619 3649 761 3719 ipsos
791 3660 925 3705 esset
951 3662 1008 3705 ut
1033 3664 1243 3722 possent
1267 3664 1317 3709 et
1349 3656 1555 3713 vellent.

432 3760 491 3811 ν.
518 3760 733 3814 Gratiam
756 3763 1105 3815 indill‘erentiaa
1135 3768 1532 3879 agcgtrumlibet,
1572 3761 1664 3824 seu
1702 3777 2004 3843 versatilem,

507 3926 582 3980 Ne
615 3928 740 3998 quis
769 3944 900 3983 vero
926 3931 1180 4000 opinetur
1220 3942 1412 4002 putare
1444 3934 1757 4005 Eusebium,
1790 3956 1856 3996 ex
1886 3942 2004 3999 solo

431 4019 589 4074 liberi
635 4020 848 4074 arbitrii
904 4030 1055 4077 motu
1106 4024 1400 4090 hominem,
1438 4043 1538 4084 nec
1568 4031 1740 4100 gratia
1780 4031 1999 4103 fultum,

428 4113 632 4168 bonum
691 4114 913 4184 perinde
963 4124 1127 4186 atque
1160 4119 1359 4174 malum
1408 4121 1560 4176 adire
1623 4138 1816 4194 posse;
1875 4127 2002 4182 huic

429 4206 730 4277 suspicioni
764 4208 1008 4264 occurrit
1039 4210 1130 4264 ille
1176 4209 1262 4265 his
1293 4211 1476 4268 verbis
1502 4231 1516 4268 :
1545 4215 1687 4281 Quos
1714 4218 2001 4286 prwscien-

428 4297 507 4350 tia
539 4314 639 4352 sua
671 4311 982 4366 prwvertens
1031 4299 1192 4358 Deus.
1220 4310 1500 4371 antequam
1533 4306 1587 4359 in
1626 4307 1791 4361 lucem
1818 4310 2000 4378 prodi-

428 4399 562 4451 rent.
594 4390 724 4445 tales
759 4391 969 4461 futuros
1013 4409 1124 4448 esse
1156 4405 1399 4461 noverat;
1436 4397 1527 4450 sed
1556 4407 1729 4453 tamen
1759 4402 1998 4469 permisit

426 4490 485 4533 ut
516 4490 876 4546 nascerentur,
904 4483 1080 4552 gratia
1106 4499 1205 4536 sua
1246 4484 1372 4552 ipsis
1402 4502 1601 4557 quoque
1646 4504 1909 4552 concessa,
1937 4498 1996 4543 ut
2026 4500 2072 4557 ι)

421 4572 605 4643 palam
627 4591 808 4628 eorum
836 4577 1162 4644 propositum
1187 4578 1463 4650 ﬁeret,ci}v
1496 4582 1627 4652 παρ’
1647 4582 1810 4635 αὑτοῦ
1836 4585 1996 4655 χάριν

424 4664 518 4717 καὶ
575 4663 758 4727 αὐτοῖς
797 4663 1203 4737 δωρησάμενος,
1230 4670 1311 4732 εἰς
1341 4669 1402 4722 τὸ
1434 4666 1700 4743 φανεροὺς
1747 4674 1997 4741 γενέσθαι

421 4754 522 4827 τὴν
551 4755 888 4829 προαίρεσιν.
926 4756 1194 4827 Siquidem
1247 4769 1297 4814 et
1340 4761 1573 4816 ordinem
1599 4763 1865 4832 justorum
1914 4785 1999 4823 re-

420 4861 564 4900 ctam
616 4863 680 4902 ac
744 4849 961 4902 minime
982 4849 1241 4918 deﬂexam
1296 4852 1433 4907 viam
1484 4862 1668 4921 suapte
1708 4855 1974 4914 voluntate

421 4939 681 4994 initurum
724 4951 1037 5010 prtevertens
1078 4940 1218 4996 Deus
1270 4953 1505 5002 noverat.
1540 4944 1742 5002 Deinde
1787 4951 1997 5021 utrique

420 5029 597 5084 ordini
632 5029 856 5084 liberum
906 5031 1118 5085 arbitrii
1169 5040 1365 5085 motum
1426 5034 1651 5101 dimisit,
1701 5041 1985 5095 concedens

417 5131 476 5174 ut
528 5122 580 5174 in
612 5122 785 5175 stadio
832 5140 1046 5178 cursum
1106 5127 1440 5195 conﬁcerent.
1496 5126 1575 5181 Ac
1625 5144 1742 5182 cum
1779 5134 1994 5186 univer-

419 5230 506 5267 sos
579 5221 777 5267 natura
833 5216 1031 5269 similes
1113 5216 1490 5280 constituisset,
1574 5216 1839 5274 voluntate
1894 5238 1994 5277 sua

417 5323 668 5376 quemque
729 5307 948 5362 meliora
1010 5308 1237 5380 deligere
1302 5310 1502 5377 pariter
1562 5314 1825 5379 permisit.
1888 5315 1984 5369 ltli

419 5415 561 5461 vero,
612 5407 792 5467 utpote
832 5399 922 5470 qui
967 5401 1051 5453 sui
1095 5401 1333 5471 ipsorum
1366 5399 1589 5464 domini,
1621 5406 1706 5457 sui
1729 5405 1893 5472 juris,
1929 5424 1991 5461 ac

420 5492 570 5546 liberi
641 5492 818 5563 quoad
887 5502 1087 5547 motum
1148 5504 1354 5558 essent,
1414 5493 1677 5548 arbitratu
1723 5512 1819 5550 suo
1872 5497 1989 5552 dis-

408 5584 583 5652 juncti
641 5592 784 5648 sunt,
821 5583 946 5638 aliis
978 5594 1194 5651 rectam,
1238 5586 1504 5660 obliquam
1534 5589 1656 5645 aliis
1707 5592 1847 5645 viam
1899 5610 1989 5645 co-

413 5674 737 5741 optantibus.
761 5676 887 5733 Pari
899 5679 1176 5750 sententia
1196 5679 1263 5734 de
1283 5676 1312 5734 J
1319 5681 1421 5734 uda
1438 5681 1667 5752 loquens
1688 5682 1802 5737 bazc
1825 5682 1987 5739 habet

410 5769 478 5824 ad
503 5771 697 5843 psalm.
729 5785 798 5827 ιι.
826 5768 1073 5836 τεεά,‹ῑη
1103 5785 1206 5841 quo
1227 5773 1432 5841 speravi
1444 5792 1492 5840 ,ι
1543 5774 1655 5841 ait;
1685 5775 1761 5832 vel
1798 5793 1985 5832 secun~

2156 566 2174 600 ι
2223 552 2456 621 conﬁsus
2510 570 2656 608 eram
2699 571 2720 608 :
2772 573 2794 607 ι
2828 556 3249 628 quandoquidem
3301 559 3470 629 ipsum
3507 560 3722 628 paribus

2150 649 2304 710 atque
2327 650 2541 695 crrteros
2575 642 3037 711 apostolos‘donis
3091 646 3360 714 aﬂ'ecerat.
3413 645 3748 718 Conﬁdebatl

2148 740 2321 785 autem
2351 734 2399 786 ei
2429 731 2696 799 Salvator,
2727 744 2778 788 et
2822 734 3013 791 bonam
3051 736 3116 792 de
3155 739 3269 808 ipso
3300 754 3441 808 spem
3473 738 3748 806 habebat,l

2145 823 2269 892 quia
2289 823 2344 877 in
2368 840 2427 878 eo
2453 823 2678 879 liberum
2703 826 2983 881 arbitrium
3002 837 3156 883 esset.
3185 826 3364 899 Neque
3391 830 3529 883 enim
3546 827 3581 881 .I
3587 828 3720 884 udas

2144 928 2210 968 ea:
2238 914 2544 985 hujusmodi
2580 929 2776 973 natura
2808 929 2946 985 erat,
2978 936 3095 991 qua:
3128 937 3233 975 non
3275 929 3450 992 posset
3490 920 3719 974 salutem

2144 1010 2425 1078 consequi;
2457 1009 2547 1064 sed
2588 1019 2817 1081 poterat,
2852 1012 2900 1067 si
2927 1011 3137 1083 quidem
3163 1011 3429 1079 voluisset,
3454 1021 3514 1065 ut
3542 1021 3590 1065 et
3615 1027 3721 1065 cte-

2144 1096 2242 1150 teri
2266 1098 2512 1164 apostoli,
2542 1116 2574 1152 a
2593 1098 2736 1154 Filio
2772 1099 2870 1154 Dei
2899 1100 3119 1164 erudiri,
3144 1117 3206 1154 ac
3234 1100 3396 1155 bonus
3424 1099 3720 1170 probusque

2140 1190 2429 1258 discipulus
2463 1192 2609 1261 eﬂici.
2656 1190 2812 1248 Unde
2851 1192 3028 1263 palam
3057 1199 3141 1249 est
3167 1208 3290 1248 eum
3325 1192 3551 1263 gratiam
3590 1207 3720 1250 ver-

2141 1281 2375 1347 satilem,
2407 1284 2474 1338 ad
2509 1279 2850 1350 utrumlibet,
2885 1285 3001 1340 sive
3026 1285 3226 1340 bonum
3262 1285 3375 1341 sive
3404 1285 3602 1340 malum
3623 1286 3716 1341 in-

2138 1370 2496 1440 dillerentem,
2528 1375 2584 1430 in
2624 1376 2880 1431 omnibus
2919 1390 3148 1446 prorsus
3179 1375 3511 1442 hominibus,
3542 1374 3716 1433 etiam

2138 1464 2321 1535 impiis
2353 1474 2408 1521 et
2443 1468 2843 1538 peccatoribus,
2869 1468 3240 1524 constituisse.

2274 1571 2361 1625 VI.
2405 1572 2468 1624 Et
2487 1575 2969 1637 prmdesttnationem
2990 1583 3100 1640 post
3121 1576 3326 1640 praevisa
3356 1578 3551 1628 merits.

2204 1674 2313 1731 Nec
2346 1678 2526 1734 minus
2551 1688 2738 1750 aperte
2771 1680 3299 1751 prtedestinationem
3333 1690 3456 1753 post
3476 1681 3709 1752 praevisa

2135 1767 2327 1820 merita
2357 1767 2515 1824 docet
2551 1770 2618 1824 ad
2645 1772 2839 1840 psalm.
2875 1788 2985 1837 ινι,
3019 1772 3112 1828 ubi
3139 1772 3281 1827 hanc
3301 1772 3454 1828 Pauli
3481 1780 3712 1829 senten-

2145 1853 2272 1907 tiam
2293 1855 2589 1924 explicans,
2618 1858 2760 1913 Nam
2781 1877 2908 1931 quos
2931 1865 3213 1932 praesciuit,
3238 1874 3288 1918 et
3306 1867 3707 1935 prcedestinavit

2142 1943 2321 2015 (Rom.
2341 1964 2456 2013 wn,
2470 1950 2581 2022 29),
2596 1961 2700 2007 etc.
2711 1993 2726 2014 ,
2743 1954 2818 2007 ait
2837 1970 2850 2007 :
2869 1955 3076 2028 Ὥσπερ
3093 1953 3186 2011 οὖν
3199 1957 3418 2022 τούτους
3430 1961 3706 2030 προγνοὺς

2140 2036 2430 2108 μέλλοντας
2458 2043 2676 2115 ἀγαπᾷν
2708 2045 2868 2098 αὐτὸν
2902 2045 3415 2119 προώρισεν·οὖτως
3446 2052 3538 2104 καλ⁵
3570 2054 3706 2120 τοὺς

2134 2127 2367 2194 ἀσεϐεῖς,
2391 2132 2575 2202 ἐπειδὴ
2591 2136 2837 2205 προέγνω
2856 2136 3144 2206 μέλλοντας
3158 2136 3332 2190 λαλεῖν
3354 2138 3702 2212 δικαιοσύνην

2122 2218 2209 2275 διὰ
2228 2220 2288 2273 τὸ
2310 2221 2595 2290 γινώσκειν
2615 2224 2802 2296 αὐτὴν,
2830 2226 2890 2279 οὐ
2923 2226 3028 2298 μὴν
3062 2228 3156 2281 καὶ
3184 2229 3296 2289 τοῖς
3326 2225 3505 2297 ἔργοις
3530 2224 3705 2298 αὐτὴν

2124 2312 2633 2385 μετελευσομένους,
2654 2315 2742 2369 διὰ
2771 2316 2831 2369 τὸ
2858 2320 2980 2383 ταῖς
3014 2318 3201 2390 χερσὶν
3228 2318 3436 2372 ἀδικίαν
3461 2315 3704 2387 συμπλέ-

2122 2418 2257 2467 κειν,
2292 2404 2483 2458 τούτου
2507 2406 2664 2477 χάριν
2706 2406 3143 2480 ἀπηλλοτρίωσεν
3188 2408 3295 2462 ἀπὸ
3336 2411 3568 2479 μήτρας,
3602 2410 3703 2463 καὶ

2120 2492 2178 2544 ὲν
2206 2491 2577 2564 πλανωμένοις
2595 2495 2689 2548 καὶ
2712 2494 2928 2549 λαλοῦσι
2965 2496 3131 2568 ψευδῆ
3169 2499 3298 2569 παρ’
3337 2496 3515 2568 ἐαυτῷ
3566 2515 3704 2552 κατ-

2115 2581 2389 2654 ηρίθμησε
2416 2584 2544 2657 πρὶν
2562 2587 2831 2655 γενέσθαι,
2861 2586 3203 2661 συνεχώρησέ
3233 2606 3316 2653 τε,
3334 2588 3487 2651 εἰδὼς
3501 2589 3703 2653 αὐτοὺς

2115 2671 2385 2738 τοιούτους
2402 2675 2708 2744 ἐσομένους,
2737 2678 2817 2741 είς
2840 2678 3074 2749 φανερὸν
3090 2679 3281 2741 ἐλθεῖν,
3305 2680 3380 2745 ὼς
3409 2680 3474 2733 ἂν
3496 2680 3557 2734 τὸ
3579 2680 3702 2734 διά-

2117 2779 2282 2834 φορον
2306 2765 2416 2818 τῶν
2443 2765 2666 2820 δικαίων
2697 2770 2791 2822 καὶ
2820 2769 3085 2824 θεοσεϐὧν
3114 2770 3323 2842 ἀνδρῶν
3363 2773 3428 2825 ὲκ
3457 2772 3555 2844 τῆς
3577 2771 3695 2826 τῶν

2113 2854 2369 2925 χειρόνων
2408 2857 2760 2928 παραθέσεως
2806 2859 3180 2932 διαλάμψειεν.
3212 2862 3356 2925 Μιᾶς
3399 2862 3505 2933 γὰρ
3535 2862 3698 2928 ὄντες

2112 2944 2327 3015 φύσεως
2356 2949 2405 3001 οί
2439 2948 2658 3011 πάντες,
2692 2950 2742 3002 σί
2779 2951 2878 3020 μὲν
2906 2951 3124 3015 ἑκόντες
3155 2950 3369 3007 εἵλαντο
3400 2952 3470 3005 τὰ
3503 2953 3695 3026 κρείτ-

2109 3052 2207 3101 τω,
2226 3038 2276 3092 οί
2294 3038 2351 3092 δὲ
2366 3037 2464 3110 τὴν
2484 3039 2726 3093 ἐναντίαν
2752 3040 3009 3107 ὥδευσαν,
3027 3043 3352 3116 αὐτεξουσίῳ
3372 3045 3695 3118 προαιρέσει

2110 3130 2463 3200 χρησάμενοι.
2518 3130 2577 3186 Id
2605 3140 2687 3189 est
2717 3148 2730 3185 :
2768 3132 3220 3200 Quemadmodum
3255 3138 3417 3207 igitur
3447 3154 3564 3191 cum
3595 3154 3693 3193 eos

2113 3222 2482 3289 prtescivisset,
2504 3224 2593 3294 qui
2626 3218 2859 3278 amaturi
2906 3228 3077 3297 ipsum
3134 3214 3306 3292 erant,
3336 3231 3495 3284 etiam
3547 3246 3696 3297 prte-

2113 3310 2396 3368 destinavit
2444 3331 2566 3381 eos;
2609 3317 2686 3370 sic
2731 3326 2780 3371 et
2818 3317 3005 3386 impios
3036 3335 3153 3372 cum
3177 3320 3501 3389 prwvidisset
3517 3322 3698 3392 justi-

2114 3405 2243 3458 tiam
2267 3405 2475 3477 quidem
2500 3406 2787 3472 locuturos,
2822 3418 3000 3477 utpote
3028 3409 3117 3478 qui
3144 3420 3353 3465 nossent
3374 3411 3557 3477 illam,
3590 3412 3692 3468 sed

2110 3495 2281 3564 ipsam
2311 3506 2484 3553 tamen
2523 3514 2627 3553 non
2659 3498 2901 3567 operibus
2941 3498 3181 3554 adituros
3215 3516 3348 3562 esse.
3388 3503 3511 3572 quia
3539 3502 3695 3574 inju-

2109 3589 2314 3643 stitiam
2361 3590 2606 3645 manibus
2645 3591 3015 3661 complicaturi
3058 3599 3239 3658 erant;
3283 3593 3395 3647 ideo
3431 3594 3694 3649 alienavit

2107 3695 2195 3735 eos
2229 3696 2262 3734 a
2290 3679 2464 3744 vulva,
2496 3689 2567 3745 et,
2594 3680 2672 3735 vel
2704 3695 2984 3752 antequam
3010 3682 3212 3751 ﬁerent,
3241 3683 3296 3737 in
3322 3688 3610 3739 errantium
3634 3698 3691 3742 et

2105 3770 2385 3825 mendacia
2431 3771 2753 3842 loquentium
2790 3790 3005 3827 numero
3050 3774 3187 3843 apud
3217 3792 3272 3829 se
3311 3778 3630 3846 computavit
3665 3797 3690 3834 :

2104 3865 2440 3933 permisitque
2471 3873 2664 3926 tamen,
2695 3866 2796 3919 etsi
2855 3866 2984 3920 tales
3011 3866 3218 3936 futuros
3247 3884 3358 3923 esse
3390 3878 3584 3932 nosset,
3620 3879 3688 3927 ut

2103 3958 2283 4028 palam
2311 3958 2601 4027 prodirent,
2635 3976 2736 4030 quo
2767 3961 3081 4028 prmstantia
3095 3960 3366 4028 justorum
3388 3971 3436 4015 et
3460 3963 3687 4033 religio-

2107 4067 2286 4106 sorum
2328 4051 2599 4106 hominum
2627 4068 2692 4106 ea:
2730 4053 2967 4121 pejorum
3010 4056 3401 4120 comparatione
3430 4054 3685 4115 elueeret.

2107 4140 2249 4196 Nam
2291 4158 2410 4195 cum
2455 4157 2521 4197 ea:
2553 4160 2659 4197 una
2693 4160 2869 4199 omnes
2919 4154 3114 4199 natura
3154 4156 3474 4209 constarent.
3514 4147 3693 4204 libero

2101 4235 2187 4288 usi
2235 4234 2477 4299 arbitrio,
2515 4234 2612 4289 alii
2669 4236 2876 4307 quidem
2928 4246 3110 4307 sponte
3160 4236 3347 4291 bonum
3387 4239 3686 4310 elegerunt,

2102 4324 2198 4377 alii
2223 4327 2547 4380 contrariam
2578 4327 2737 4382 iniere
2764 4328 2922 4383 viam.
2949 4328 3081 4394 Quae
3111 4329 3293 4385 omnia
3340 4330 3416 4384 ita
3458 4333 3688 4404 perspi-

2100 4429 2202 4471 cue
2230 4417 2608 4485 enuntiantur,
2635 4426 2693 4474 ut
2712 4417 2920 4491 (Εάίρο
2953 4435 3060 4474 non
3087 4431 3300 4492 egeant.

2710 4549 2940 4607 CAPUT
2980 4551 3069 4608 Vl.

2203 4676 2412 4718 ευεειιιι
2468 4679 2534 4718 DE
2574 4678 2745 4718 VERBO
2781 4680 2849 4718 ΕΤ
2887 4679 3036 4719 ειιιο
3084 4680 3173 4719 νει
3212 4681 3533 4723 SENTENTIA.

2099 4793 2150 4850 I.
2194 4793 2370 4871 Yarin:
2402 4796 2543 4871 circa
2562 4795 2797 4871 _Eusebii
2832 4795 2896 4871 de
2928 4795 3070 4852 Filio
3099 4796 3198 4852 Dei
3221 4799 3517 4871 doctrinam
3547 4806 3681 4871 opi-

2166 4866 2371 4920 niones.
2421 4864 2505 4920 II.
2550 4865 2807 4922 Eusebius
2852 4867 3002 4921 docet
3051 4871 3306 4922 unitatem
3356 4864 3685 4929 deitatis'in

2164 4951 2269 5009 uno
2314 4934 2477 5009 Patre
2521 4938 2742 5009 servari.
2790 4935 2908 5009 III.
2960 4936 3359 5009 Filiumwlonge
3408 4944 3683 4999 minorem

2165 5002 2347 5078 Patre.
2384 5003 2489 5078 I_V.
2523 5005 2755 5060 Diversa:
2785 5008 3117 5063 substantite.
3165 5008 3225 5063 V.
3262 5002 3528 5078 Interpres
3554 5009 3681 5066 La-

2167 5075 2363 5148 tinus}
2395 5075 2869 5148 Demonstrationis
2897 5079 3206 5148 evangeliea:
3242 5099 3258 5130 ι
3289 5079 3352 5133 de
3393 5075 3679 5138 industria

2164 5142 2449 5198 Eusebium
2479 5147 2547 5198 ad
2587 5146 2898 5200 catholicam
2926 5142 3232 5201 sententiam
3264 5149 3501 5204 detorsit.
3561 5149 3673 5208 Vl.

2163 5214 2421 5269 Eusebius
2458 5214 2588 5269 Filii
2618 5216 2866 5270 deitatem
2906 5218 3069 5271 aliam
3107 5220 3296 5272 statuit
3336 5236 3369 5272 a
3411 5230 3672 5284 paterna.

2171 5284 2303 5357 VII.
2358 5284 3009 5357 Grandisparalogismus
3048 5287 3276 5341 Eusebii.
3324 5288 3488 5342 VIII.
3536 5288 3677 5347 Non

2159 5356 2374 5410 obscure
2400 5356 2548 5410 docet
2579 5356 2778 5409 Filium
2800 5356 2903 5410 non
2922 5375 3032 5411 esse
3055 5374 3167 5412 vere
3192 5357 3379 5414 Deum.
3411 5357 3513 5414 IX.
3541 5358 3674 5423 Quo

2160 5443 2316 5481 sensu
2349 5424 2550 5479 Filium
2594 5428 2755 5480 Deum
2785 5444 2896 5481 esse
2926 5426 3089 5481 dicat.
3126 5426 3194 5482 Χ.
3233 5427 3402 5493 Quam
3433 5428 3673 5486 adversa

2162 5497 2359 5551 rationi
2408 5506 2457 5550 et
2507 5498 2798 5558 priscorum
2857 5497 3083 5565 Patrum
3134 5501 3401 5552 sementim
3450 5505 3670 5558 tradat.

2158 5566 2262 5621 XI.
2293 5566 2426 5621 Cum
2458 5567 2672 5621 Arianis
2705 5567 2858 5635 plane
2897 5568 3171 5622 consentit.
3202 5566 3336 5622 XII.
3377 5566 3495 5634 Qua
3533 5586 3677 5625 sen—

2159 5635 2694 5708 teittiaqurbpouaiqt,
2719 5639 2824 5692 sive
2846 5638 3303 5708 consubstantiali,
3327 5637 3672 5705 subscripse-

2157 5709 2245 5761 rit.
2288 5703 2611 5776 X_III.'Quo
2647 5703 2804 5761 sensu
2843 5709 2902 5774 ἐξ
2927 5709 3025 5763 οὐκ
3050 5707 3216 5761 ὅντων
3244 5717 3406 5776 neget,
3431 5717 3478 5761 et
3505 5703 3672 5776 geni-

2156 5788 2265 5831 tum
2310 5774 2509 5831 Filium
2537 5778 2706 5834 dicat.
2760 5776 2917 5833 XIV.
2950 5776 3149 5833 Filium
3190 5774 3337 5850 negat
3376 5774 3668 5837 ceternum.
