3948 6286
282 331 348 391 ὶθ
1071 337 1573 395 COMMENTARIA
1613 339 1678 393 IN
1721 338 2066 395 PSALMOS.
2107 369 2177 380 --
2216 338 2764 395 PRELIMINARM.
3471 341 3541 396 30

340 449 720 529 .\'V.__S_uinm_a
736 454 989 529 doctrinis
1008 453 1241 529 Eusebii.
1273 454 1323 509 Χ
1338 454 1606 526 γι..ιε9νε
1633 455 1870 525 defendi-
1902 463 1945 517 Α
1973 466 2200 527 occupat
2248 455 2539 523 Eusebius,
2588 457 2716 512 dum
2774 458 2849 511 ait
2907 457 2973 509 ad
3022 458 3289 523 psalmum
3339 457 3545 529 Asapbi

334 520 499 575 ίαν-,Χ
516 522 693 578 Vll.A
706 525 916 578 rianum
945 526 1164 594 probant
1181 537 1290 579 tam
1313 538 1459 597 gesta
1482 520 1867 597 quantscripta.

298 630 315 683 l
356 633 512 683 Varia
531 633 664 683 circa
690 634 894 685 Eusebii
919 637 981 685 de
1007 634 1134 686 Filio
1160 637 1252 687 Del
1286 636 1557 686 doctrinam
1591 637 1866 699 opiniones.

359 716 577 772 Iamdiu
610 718 757 774 inter
801 721 993 775 doctos
1035 722 1397 790 disceptatum
1442 730 1548 786 est,
1575 740 1698 795 quae
1742 738 1870 777 vera

302 809 458 865 fuerit
480 810 703 867 Eusebii
739 812 1095 871 Caesariensis
1119 816 1186 869 de
1228 814 1368 871 Filio
1402 817 1495 872 Dei
1526 818 1742 887 opinio;
1778 818 1869 871 alii

297 904 436 958 enim
478 905 753 960 catbolice
797 908 1041 962 sensisse
1092 908 1414 972 defendunt,
1445 926 1545 965 nec
1591 910 1869 981 quidpiam

298 995 509 1049 Arianae
540 996 678 1051 labis
706 998 760 1051 in
792 1000 1014 1069 scriptis
1058 1000 1179 1069 ejus
1214 1000 1547 1070 deprehendi
1595 1010 1866 1073 pugnant;

295 1087 373 1140 vel
405 1088 452 1141 si
491 1090 623 1158 quid
658 1090 1119 1160 deprehendatur,
1150 1094 1202 1146 in
1237 1093 1303 1147 iis
1342 1103 1489 1149 certe
1518 1096 1739 1164 scriptis
1771 1095 1870 1149 ob-

296 1181 522 1244 servari,
549 1198 671 1251 qua:
698 1193 821 1238 ante
846 1183 1118 1239 Nicmnam
1150 1186 1417 1255 synodum
1448 1187 1648 1254 edidit;
1685 1188 1738 1241 in
1774 1203 1870 1257 po-

293 1272 620 1329 sterioribus
667 1290 777 1329 non
827 1276 955 1330 item
995 1296 1007 1330 :
1069 1278 1162 1330 alii
1209 1286 1402 1333 contra
1456 1280 1526 1334 ab
1572 1280 1867 1335 Arianismi

291 1369 506 1426 exortu,
544 1365 610 1418 ad
645 1366 854 1419 obitum
890 1382 1071 1432 suum,
1105 1370 1241 1423 adeo
1276 1369 1593 1425 manifestas
1624 1386 1746 1424 cum
1775 1386 1870 1440 ge-

292 1454 388 1510 stis
417 1462 536 1509 tum
564 1458 786 1527 scriptis
816 1458 931 1513 suis
957 1459 1175 1515 dedisse
1200 1461 1541 1516 contendunt
1569 1462 1866 1517 Arianismi

289 1557 466 1611 notas,
526 1556 585 1601 ut
624 1549 1009 1606 incunctanter
1052 1553 1196 1608 inter
1238 1553 1568 1609 Arianorum
1621 1555 1867 1625 primipi-

289 1639 428 1695 lares
446 1643 958 1697 connumerandum
986 1654 1265 1701 censeant.
1284 1645 1561 1713 Talemne,
1590 1646 1863 1716 inquiunt,

288 1732 589 1795 hominem,
623 1734 718 1802 qui
767 1751 982 1806 semper
1026 1737 1286 1807 augenda:
1321 1738 1591 1793 Arianica‘,
1632 1739 1711 1795 rei
1754 1746 1864 1793 tam

1972 550 2243 604 decimum
2276 565 2290 602 :
2325 551 2441 603 Ἵνα
2477 552 2549 621 μή
2592 567 2677 612 τις
2694 550 2854 603 αὑτὸν
2890 549 3043 619 ψιλὸν
3076 548 3332 603 ὑπολάϐοι
3375 549 3547 620 ἄνδρα

1972 644 2063 695 καὶ
2091 645 2203 707 τοῖς
2232 642 2445 705 πολλοῖς
2477 644 2679 712 ὅμοιον,
2709 640 2947 708 θεολογεῖ
2970 642 3131 694 αὐτὸν
3168 644 3224 693 ὲν
3264 644 3375 705 τοῖς
3408 641 3547 712 μετὰ

1968 736 2173 803 χεῖρας,
2205 735 2383 805 φήσας
2404 750 2418 764 '
2460 734 2513 785 '0
2550 733 2694 798 Θεὸς
2733 734 2882 799 ἔστη
2910 733 2978 785 ἐν
3023 732 3341 802 συναγωγῇ
3372 730 3544 786 θεῶν.

1972 824 2081 876 Καὶ
2115 824 2260 885 ὅπως
2295 823 2369 893 μὴ
2400 822 2697 893 ταραχθεξη
2728 832 2819 885 τις
2850 823 2929 884 εἰς
2967 820 3058 875 τὸν
3090 823 3217 893 περὶ
3249 822 3548 892 μοναρχίας

1970 917 2147 985 λόγον,
2174 916 2305 969 Θεὸν
2349 914 2561 969 ἀκούων
2591 916 2680 967 τὸν
2723 915 2956 985 Χριστὸν
2994 914 3087 967 τοῦ
3120 914 3275 978 Θεοῦ,
3321 916 3546 979 εἰκότως

1970 1009 2063 1062 καὶ
2096 1008 2345 1071 πλείονας
2370 1009 2523 1070 Οεοὺς
2551 1008 2801 1076 ὀνομάζει
2829 1009 2952 1070 τοὺς
2980 1008 3066 1060 διὰ
3092 1007 3200 1059 τῶν
3231 1007 3358 1078 ἑξῆς
3413 1023 3545 1060 κατ-

1969 1102 2393 1171 ηγορουμένους,
2451 1100 2727 1169 μονονουχὶ
2763 1100 3266 1170 παρακελευόμενος
3318 1100 3391 1169 μὴ
3436 1100 3545 1151 ἀπ-

1968 1196 2147 1247 οκνεῖν
2174 1194 2377 1245 καὶτὸν
2414 1194 2540 1245 Υἱὸν
2570 1194 2662 1245 τοῦ
2689 1193 2823 1245 Θεοῦ
2847 1191 2981 1245 Θεὸν
3002 1191 3318 1244 ἀποκαλεῖν.
3349 1192 3411 1243 Εἰ
3436 1190 3544 1263 γὰρ

1967 1288 2017 1339 οἱ
2049 1285 2451 1355 διαϐαλλόμενοι
2494 1285 2588 1339 τοῦ
2638 1284 2822 1349 ἔθνους
2854 1285 3111 1355 ἄρχοντες
3155 1282 3263 1335 θεοὶ
3309 1280 3544 1353 aetatm.

1970 1395 2068 1431 σαν
2099 1377 2485 1447 ὀνομασθῆναι,
2520 1381 2669 1440 ποῖος
2699 1376 2765 1429 ἂν
2805 1376 3015 1445 γένοιτο
3046 1374 3285 1438 κίνδυνος
3329 1374 3420 1427 τὸν
3454 1374 3544 1428 ἇν-

1966 1470 2066 1541 δρα
2101 1469 2200 1539 τῆς
2224 1469 2404 1535 δεξιᾶς
2430 1468 2521 1522 τοῦ
2561 1468 2697 1521 Θεοῦ
2728 1469 2822 1522 καὶ
2854 1467 2946 1520 τὸν
2976 1468 3102 1520 Υἰὸν
3133 1468 3227 1520 τοῦ
3256 1465 3543 1538 ἀνθρώπου

1964 1560 2055 1613 τὸν
2102 1558 2575 1629 κεκραταιωμένον
2617 1559 2748 1611 Θεὸν
2794 1560 3074 1630 ὁμολογεῖν
3111 1576 3125 1625 ;
3187 1559 3240 1613 id
3288 1566 3371 1613 est
3406 1578 3417 1612 :
3459 1556 3543 1613 Ns

1966 1654 2081 1722 quis
2115 1654 2285 1719 ipsum
2319 1669 2520 1705 merum
2550 1653 2830 1715 hominem,
2855 1661 2903 1704 et
2936 1652 3116 1705 multis
3143 1651 3266 1705 aliis
3294 1650 3541 1713 similem.

1968 1747 2339 1809 arbitraretur,
2380 1746 2551 1812 ipsum
2586 1744 2669 1796 hic
2713 1744 2881 1797 Deum
2926 1745 3183 1813 pra’dicat
3226 1742 3306 1796 his
3337 1742 3543 1796 verbis:

286 1826 483 1880 acriter
509 1826 874 1891 adlaboravit,
923 1830 1017 1897 qui
1060 1828 1352 1884 diuturnas
1392 1846 1515 1884 cum
1550 1830 1770 1884 Arianis
1798 1830 1864 1883 ad
1897 1823 1939 1877 Β
1974 1858 1991 1890 ε
2045 1838 2186 1893 Deus
2232 1839 2374 1892 stetit
2407 1839 2460 1890 in
2488 1853 2757 1907 synagoga
2798 1838 3035 1891 deorum.
3070 1857 3088 1888 ι
3138 1837 3214 1889 Ac
3244 1853 3306 1890 ne
3334 1837 3449 1905 quis
3480 1834 3543 1888 ob

287 1918 685 1973 restituendum
718 1920 909 1974 Arium
957 1923 1218 1977 excubias
1246 1924 1380 1993 egit,
1414 1924 1507 1993 qui
1536 1925 1865 1994 capitalibus

291 2009 420 2064 odiis
453 2011 745 2068 catholica:
790 2014 866 2067 rei
897 2030 1150 2082 proceres
1179 2017 1400 2071 assidue
1433 2018 1744 2089 exagitavit,
1773 2036 1867 2074 ca-

294 2102 545 2157 tholicum
582 2109 951 2162 censeamus?
984 2105 1122 2162 Hinc
1166 2109 1211 2164 si
1260 2110 1479 2179 scriptis
1524 2112 1643 2181 ejus
1690 2120 1865 2167 atten-

294 2195 404 2255 das,
437 2196 613 2261 aiunt,
648 2197 819 2265 probe
850 2213 972 2251 cum
1004 2200 1173 2268 gestis
1218 2214 1527 2254 consonare
1561 2201 1865 2270 deprehen-

288 2287 411 2341 des:
452 2302 588 2340 nam
613 2290 709 2370 qui
744 2288 939 2343 Filium
972 2292 1175 2360 passim
1211 2294 1475 2347 minorem
1507 2292 1687 2358 Patre,
1730 2296 1866 2349 διιε-

283 2395 396 2434 rum
427 2380 603 2435 Deum
626 2376 968 2447 inferiorem,
997 2399 1059 2438 ac
1089 2385 1400 2441 ministrum
1434 2402 1627 2455 purum
1655 2388 1749 2450 ait,
1771 2388 1864 2458 qui

282 2472 596 2529 catholicus
626 2474 929 2529 habeatur?
959 2475 1071 2545 Ego
1103 2493 1233 2531 vero
1268 2478 1337 2533 iis
1367 2480 1458 2549 qui
1498 2480 1862 2534 ortliodoxum

282 2562 581 2618 Eusebium
619 2574 850 2623 censent
897 2567 965 2620 ad
1015 2569 1149 2621 tanti
1179 2570 1279 2623 viri
1319 2572 1696 2641 purgationem
1732 2573 1868 2626 asti-

278 2658 449 2726 pulari
504 2666 872 2727 peroptarem,
908 2658 953 2712 si
1003 2674 1099 2729 per
1131 2660 1252 2729 ejus
1306 2663 1512 2731 scripta
1557 2664 1778 2729 liceret;
1808 2672 1863 2717 at

279 2765 438 2805 secus
470 2751 707 2805 suadent
734 2765 860 2805 cum
896 2760 1093 2805 caetera
1122 2752 1240 2820 ejus
1265 2768 1450 2823 opera,
1483 2764 1595 2809 tum
1628 2756 1862 2810 maxime

281 2842 330 2895 bi
367 2842 780 2903 commentarii,
812 2841 905 2896 ubi
932 2841 1305 2899 Arianismum
1334 2854 1520 2916 aperte
1552 2834 1857 2917 proﬁtetur.

280 2932 393 2986 Non
422 2950 492 2989 ex
538 2935 724 3004 aliqua
763 2933 929 3003 igitur
962 2936 1316 3006 prtejudicata
1348 2938 1605 3007 opinione
1643 2939 1709 2992 ad
1740 2953 1861 2992 eam

280 3028 609 3082 sententiam
652 3028 1001 3083 accedimus:
1051 3029 1254 3084 nedum
1300 3030 1446 3084 enim
1493 3046 1635 3100 aegre
1666 3031 1857 3095 feram,

281 3135 630 3190 summopere
664 3120 932 3190 gaudebo,
966 3122 1011 3176 si
1044 3122 1169 3191 quis
1205 3122 1272 3176 ab
1303 3137 1368 3177 eo
1412 3138 1520 3177 non
1554 3123 1717 3178 modo
1744 3124 1860 3177 cul-

280 3229 423 3281 pam,
465 3214 559 3268 sed
594 3214 759 3267 etiam
794 3213 1186 3283 suspicionem.
1219 3213 1496 3270 dimovere
1529 3217 1737 3286 possit:
1772 3216 1859 3270 id-

280 3320 380 3373 que
410 3305 543 3358 mihi
574 3320 681 3358 non
714 3305 895 3359 minus
920 3321 986 3359 ex
1013 3306 1313 3370 voluntate,
1337 3322 1499 3376 quam
1523 3319 1719 3377 praeter
1742 3310 1860 3378 opi~

281 3396 497 3450 nionem
525 3396 703 3451 cadet.
746 3394 954 3451 Vereor
983 3399 1127 3452 enim
1171 3406 1229 3451 ut
1262 3400 1353 3468 qui
1386 3400 1717 3454 catholicum
1750 3400 1858 3454 Eu—

283 3489 493 3543 sebium
537 3488 834 3554 afﬁrmant,
869 3500 1076 3545 tantam
1112 3492 1166 3545 in
1198 3490 1487 3546 adversum
1518 3508 1643 3545 mox
1678 3492 1859 3561 proie-

284 3583 508 3636 rendam
552 3584 797 3637 locorum
830 3586 1022 3638 silvam
1070 3599 1433 3655 concoquere,
1464 3592 1517 3638 et
1549 3585 1616 3637 ad
1645 3586 1860 3641 sincera

283 3674 536 3744 dogmata
599 3676 929 3746 detorquere
992 3677 1224 3731 valeant.
1282 3676 1500 3731 Eusebii
1562 3678 1744 3747 itaque
1792 3678 1860 3734 de

280 3765 458 3823 Verbo
498 3777 546 3823 et
583 3766 721 3823 Filio
750 3768 843 3823 Dei
874 3770 1200 3823 sententiam
1249 3770 1302 3823 in
1351 3780 1499 3825 certa
1522 3772 1695 3841 capita
1746 3772 1859 3827 dis-

281 3860 532 3919 tinctam.
594 3871 703 3912 tam
749 3875 815 3914 ex
848 3861 933 3915 his
967 3861 1401 3925 commentariis,
1436 3877 1601 3932 quam
1636 3878 1701 3916 ex
1736 3863 1859 3919 aliis

278 3948 397 4017 ejus
422 3949 667 4017 scriptis,
699 3951 1046 4020 maximeque
1093 3967 1158 4005 ex
1183 3952 1481 4021 evangelica
1512 3951 1860 4007 Demonstra-

281 4039 438 4104 tione,
462 4046 520 4093 et
541 4055 605 4093 ex
638 4039 794 4094 libris
825 4037 1027 4094 Contra
1056 4038 1369 4093 Marcellum
1390 4042 1446 4094 in
1478 4042 1711 4096 medium
1738 4042 1862 4097 alle-

280 4146 499 4187 remus:
536 4147 766 4202 eamque
810 4134 1139 4189 sententiam
1173 4134 1586 4203 amplectemur,
1628 4150 1749 4205 quae
1791 4136 1859 4191 ab

280 4226 396 4295 ipsa
422 4227 501 4281 rei
528 4230 756 4282 veritate
776 4235 829 4283 et
860 4229 1249 4299 perspicuitate
1270 4227 1608 4283 suadebitur.

278 4335 341 4385 Il.
364 4337 612 4388 Eusebius
630 4340 779 4389 docet
801 4342 1039 4390 unitatem
1065 4342 1156 4391 Dei
1194 4344 1243 4391 in
1269 4354 1370 4391 uno
1395 4342 1542 4391 Patre
1571 4344 1772 4394 servari.
1798 4371 1859 4384 -—

555 4419 641 4470 Ill.
680 4422 858 4471 Filium
882 4425 1029 4486 longe
1053 4423 1308 4473 minorem
1328 4425 1485 4475 Patri.

1968 1928 2311 1995 monarchiw,
2346 1930 2453 1982 sive
2495 1928 2651 1981 unius
2697 1928 2962 1996 principii,
2997 1929 3253 1982 rationem
3305 1924 3541 1979 turbare-

1966 2028 2072 2085 tur,
2106 2017 2381 2073 Christum
2424 2018 2521 2071 Dei
2560 2017 2726 2071 Deum
2759 2036 2872 2074 esse
2913 2020 3173 2083 audiens;
3205 2027 3542 2088 congruenter

1965 2108 2048 2162 hic
2078 2110 2271 2163 multos
2310 2109 2434 2163 deos
2470 2112 2707 2163 nominat
2745 2126 2854 2174 eos,
2887 2113 2975 2181 qui
3015 2111 3109 2165 sub
3155 2110 3265 2166 Ita’c
3304 2112 3539 2163 incusan-

1966 2211 2052 2254 tur
2077 2218 2093 2254 :
2126 2212 2333 2256 tantum
2363 2220 2464 2256 non
2493 2205 2801 2271 pra'cipiens
2832 2215 2885 2255 ut
2923 2220 2984 2257 ne
3012 2212 3313 2257 cunctentur
3340 2200 3541 2254 Filium

1963 2312 2163 2364 quoque
2200 2295 2295 2347 Dei
2335 2295 2501 2348 Deum
2546 2312 2749 2349 vocare.
2792 2294 2852 2348 Si
2885 2296 3020 2347 enim
3062 2296 3225 2364 gentis
3258 2293 3541 2361 principes,

1962 2389 2051 2450 qui
2087 2387 2225 2440 male
2262 2387 2565 2450 audiebant,
2603 2388 2698 2442 Dei
2726 2388 2935 2441 nomine
2968 2386 3174 2457 dignati
3206 2392 3347 2449 sunt,
3378 2383 3540 2453 quod,

1960 2496 2159 2548 ιμιιεδο,
2194 2480 2481 2546 periculum
2511 2480 2688 2549 fuerit,
2723 2481 2770 2533 si
2802 2480 2972 2533 virum
3006 2478 3232 2531 dexteris
3253 2477 3345 2530 Dei
3370 2484 3417 2529 et
3450 2473 3543 2528 Fi-

1964 2572 2092 2623 lium
2123 2572 2347 2625 hominis
2374 2575 2767 2642 conﬁrmatum,
2807 2574 2974 2627 Deum
2999 2572 3302 2641 fateamur?
3328 2568 3546 2623 Clarius

1963 2670 2139 2715 autem
2157 2665 2208 2717 in
2228 2665 2569 2735 expositione
2584 2665 2775 2735 psalmi
2804 2661 3282 2726 Lxxxvul,vers.7,
3305 2661 3540 2730 idipsum

1960 2755 2216 2824 exprimit
2269 2755 2354 2811 his
2405 2758 2621 2813 verbis:
2655 2760 2815 2809 Δοκεῖ
2861 2756 2917 2809 δέ
2972 2757 3119 2826 μοιὸ
3156 2755 3539 2825 Προφήτης....

1961 2844 2500 2916 ὑπερεκπλήττεσθαι
2534 2848 2625 2900 τὸν
2676 2847 2933 2900 ἐπέκεινα
2984 2847 3219 2907 πάντων,
3259 2844 3352 2897 καὶ
3404 2843 3543 2916 ὑπὲρ

1960 2936 2172 2999 πάντας
2208 2937 2300 2990 τὸν
2342 2939 2625 3009 Μονογενῆ
2657 2939 2750 2992 τοῦ
2784 2938 2920 2992 Θεοῦ
2942 2956 2954 2968 ·
2989 2935 3085 2991 εἶτ’
3115 2941 3178 2990 ὲκ
3202 2935 3293 2989 τοῦ
3329 2934 3542 3006 θαύμα-

1957 3047 2050 3093 τος
2085 3031 2572 3101 ἁναπεφωνηκέναι
2601 3032 2681 3096 τὸ,
2720 3034 2847 3086 Ὅτι
2872 3032 2963 3097 τίς
2992 3032 3061 3083 ἐν
3090 3028 3375 3098 νεφέλαις
3404 3030 3537 3081 ἰσω-

1962 3122 2206 3188 θήσεται
2258 3121 2337 3188 τῷ
2380 3124 2676 3195 Κυρίῳ;ἢ
2727 3124 2868 3177 κατὰ
2924 3123 3014 3175 τὸν
3064 3119 3389 3192 Σύμμαχον·
3448 3119 3541 3186 Τίς

1963 3214 2072 3285 γὰρ
2104 3215 2174 3267 ἐν
2221 3213 2408 3282 αἰθέρι
2441 3214 2899 3283 ἀντιπαραθέσει
2945 3213 3025 3279 τῷ
3056 3214 3249 3282 Κυρίῳ
3292 3213 3362 3265 ἐν
3392 3210 3542 3276 υἱοῖς

1966 3306 2144 3371 Θεοῦ;
2172 3304 2355 3358 Ταῦτα
2398 3306 2453 3358 δὲ
2485 3306 2610 3377 περί
2644 3307 2741 3376 μὲν
2782 3306 2874 3358 τοῦ
2912 3304 3249 3373 Μονογενοῦς
3286 3303 3380 3356 τοῦ
3407 3301 3543 3356 Θεοῦ

1962 3397 2225 3468 λεγόμενα
2260 3396 2419 3461 σώζοι
2454 3396 2519 3450 ἂν
2546 3397 2742 3468 εὐσεϐῆ
2774 3398 2872 3468 τὴν
2905 3397 3160 3459 διάνοιαν,
3194 3396 3254 3448 οὐ
3286 3395 3382 3465 μὲν
3413 3393 3543 3467 περὶ

1960 3489 2053 3542 τοῦ
2085 3490 2298 3560 Πατρὸς
2341 3490 2434 3542 καὶ
2464 3488 2598 3541 Θεοῦ
2628 3489 2735 3541 τῶν
2777 3489 2913 3541 ὅλων
2934 3506 2947 3519 ·
2982 3490 3248 3552 ἀνοίκειος
3296 3487 3404 3557 γὰρ
3446 3486 3543 3540 καὶ

1962 3583 2163 3654 ἀσεϐὴς
2200 3586 2233 3654 ἡ
2279 3582 2596 3654 παράθεσις.
2634 3582 2707 3634 Τὸ
2753 3580 2861 3652 γὰρ
2903 3582 3037 3645 υἱοῖς
3081 3580 3215 3633 Θεοῦ
3262 3578 3542 3649 παραϐάλο

1960 3674 2071 3727 λειν
2113 3675 2173 3727 τὸ
2228 3675 2443 3727 πάντων
2488 3675 2682 3737 αἴτιον,
2734 3674 2827 3725 καὶ
2872 3673 2934 3726 τὸ
2983 3673 3289 3743 συγκρίνειν
3336 3672 3543 3743 ἑτέροις

1960 3766 2162 3837 τολμᾷν
2192 3766 2283 3818 τὸν
2316 3766 2571 3819 ἐπέκεινα
2617 3765 2724 3817 τῶν
2753 3764 2887 3817 ὅλων
2927 3763 3077 3826 Θεὸν,
3110 3762 3324 3814 πάντων
3350 3759 3415 3812 ἂν
3444 3760 3541 3828 γέ-

1960 3876 2102 3912 νοιτο
2130 3858 2505 3911 ἀνοσιώτατον.
2546 3855 2849 3918 Ἀκίνδυνος
2872 3855 2915 3907 δ’
2951 3854 3015 3907 ἂν
3046 3853 3130 3922 εἴη
3163 3855 3191 3905 ὁ
3222 3851 3376 3920 λόγος
3408 3852 3541 3914 υἱοῖς

1962 3948 2097 4001 Θεοῦ
2146 3948 2456 4018 συγκρίνειν
2496 3946 2623 3999 Υἰὸν
2652 3944 2787 3999 Θεοῦ
2838 3944 3119 4016 μονογενῆ,
3165 3944 3260 3996 καὶ
3299 3943 3356 3996 τὸ
3404 3943 3541 4014 πρὸς

1962 4040 2168 4103 πάντας
2229 4039 2561 4111 ἀσύγκριτον
2614 4036 2778 4090 αὑτοῦ
2836 4038 2930 4090 καὶ
2986 4035 3358 4106 ἁπαράθετον,
3418 4034 3540 4088 καθ’

1963 4129 2268 4201 ὑπερϐολήν
2294 4146 2353 4181 τε
2382 4128 2647 4199 ὑπερέχον
2685 4127 2992 4197 σημαίνειν.
3047 4125 3103 4179 ld
3141 4133 3226 4180 est
3264 4124 3542 4180 :Videtur-

1961 4239 2057 4294 que
2082 4221 2209 4275 nti/ii
2232 4218 2609 4291 Propheta.....
2644 4237 2762 4274 eum
2790 4220 2880 4289 qui
2909 4236 3085 4272 omnes
3115 4211 3335 4281 excedit,
3363 4235 3539 4272 omnes

1961 4323 2197 4380 superat,
2228 4310 2563 4382 Unigenitum
2607 4308 2707 4363 Dei
2752 4325 2871 4361 cum
2915 4317 3125 4377 stupore
3166 4307 3539 4361 considerare:

1961 4403 2146 4458 deinde
2178 4418 2243 4455 ex
2265 4403 2615 4457 admiratione
2651 4402 2762 4455 Ita'c
2814 4398 2972 4470 eﬁ'ari
3001 4416 3020 4453 :
3058 4418 3076 4450 ί
3119 4398 3385 4466 Quoniam
3422 4400 3539 4469 quis

352 4501 433 4556 Ab
463 4505 672 4559 unitate
714 4504 808 4559 Dei
844 4508 1014 4560 ordiri
1046 4523 1225 4577 operm
1267 4508 1502 4576 pretium
1535 4510 1659 4572 erit,
1693 4526 1857 4579 quam
1889 4512 1932 4567 D
1962 4497 2015 4549 ίη
2062 4495 2287 4549 nubibus
2345 4494 2643 4565 “"iuabi‘u'
2700 4493 2972 4549 Domino?
3028 4510 3044 4545 ⁹
3097 4493 3203 4546 sive
3250 4490 3538 4579 83¢“de

279 4588 552 4648 Eusebius
575 4593 631 4647 in
665 4612 775 4649 uno
803 4596 963 4652 Patre
998 4599 1230 4663 servari,
1261 4614 1439 4669 neque
1464 4597 1686 4665 Filium,
1712 4601 1857 4654 mul-

276 4691 445 4754 toque
480 4687 663 4741 minus
698 4688 959 4758 Spiritum
990 4699 1262 4754 sanctum,
1289 4690 1343 4744 in
1387 4691 1632 4760 ejusdem
1673 4694 1856 4746 unita-

276 4777 350 4832 tis
380 4780 726 4833 consortium
760 4781 948 4836 venire
972 4784 1120 4837 clare
1149 4791 1204 4837 et
1240 4784 1429 4837 multis
1461 4784 1516 4837 in
1551 4784 1685 4839 locis
1714 4784 1858 4838 afﬁr-

276 4878 413 4925 mat.
458 4870 675 4926 Patrem
719 4873 865 4928 enim
902 4876 956 4928 in
988 4891 1046 4929 se
1095 4883 1263 4929 totam
1309 4874 1529 4931 deitatis
1560 4876 1859 4946 plenitudi-

272 4976 423 5023 nem,
457 4964 683 5019 excluso
723 4964 882 5030 Filio,
914 4968 1199 5036 complecti
1242 4967 1465 5031 indicat,
1502 4968 1631 5022 dum
1678 4969 1857 5038 ipsum

273 5053 453 5106 solum
490 5056 693 5124 passim
748 5066 927 5123 vocat,
973 5059 1064 5111 τὸν
1111 5057 1219 5110 τῶν
1265 5058 1400 5111 ὅλων
1433 5058 1586 5123 Θεὸν,
1628 5060 1718 5112 τὸν
1766 5060 1858 5113 ἐπὶ

270 5148 493 5201 πάντων
542 5150 696 5211 Θεὸν,
750 5150 841 5203 τὸν
876 5152 1130 5204 ἐπέκεινα
1173 5151 1385 5203 πάντων
1439 5151 1595 5212 Θεόν,
1646 5151 1701 5204 id
1750 5161 1854 5216 est,

171 5246 183 5252 '
271 5238 441 5297 Deum
472 5242 859 5306 universorum,
891 5243 1057 5296 Deum
1086 5258 1247 5310 supra
1277 5244 1477 5306 omnia,
1506 5243 1671 5296 Deum
1712 5244 1858 5295 ultra

267 5330 481 5393 omnia;
513 5329 822 5401 Filiumque
857 5342 1049 5387 contra
1086 5341 1385 5403 nuncupat,
1414 5333 1667 5403 δεύτερον
1700 5332 1854 5397 Θεὸν,

264 5417 519 5494 δεύτερον
554 5422 782 5494 Κύριον,
813 5424 1098 5478 secundum
1128 5424 1317 5488 Deum,
1355 5424 1639 5479 secundum
1673 5423 1856 5477 Domi-

266 5530 410 5570 num.
462 5515 545 5572 Ne
596 5516 726 5587 quis
767 5532 897 5571 vero
942 5528 1187 5586 reponat,
1232 5516 1449 5572 Patrem
1500 5517 1622 5571 ideo
1681 5515 1854 5571 Deum

260 5612 657 5667 universorum
692 5609 761 5664 ab
804 5608 1039 5665 Eusebio
1074 5609 1281 5679 vocari,
1320 5608 1466 5679 quod
1505 5610 1577 5664 sit
1609 5610 1761 5680 origo
1802 5619 1857 5663 et

253 5703 380 5759 lous
414 5700 737 5763 Trinitatis,
772 5707 825 5755 et
848 5702 900 5755 in
936 5702 1147 5757 ratione
1182 5702 1433 5774 principii
1471 5702 1682 5772 primus
1706 5703 1853 5757 exsiu

241 5805 387 5863 stat;
443 5796 552 5850 hoc
587 5791 923 5847 catholicum
958 5792 1349 5864 interpretandi
1390 5808 1561 5865 genus
1596 5806 1853 5863 respuere

1964 4586 2361 4656 Symmachum,
2397 4603 2415 4635 ι
2452 4585 2583 4650 Quis
2610 4586 2747 4639 enim
2782 4585 2837 4637 in
2865 4584 3053 4637 wtlrere
3083 4582 3313 4651 conferet
3342 4596 3397 4633 se
3427 4578 3539 4630 Do-

1963 4683 2104 4734 mino
2140 4681 2192 4733 in
2236 4680 2365 4749 ﬁliis
2397 4679 2537 4734 Dei?
2578 4697 2595 4729 ι
2643 4678 2773 4732 Ilazc
2807 4677 2871 4730 de
2909 4676 3187 4746 Unigenito
3231 4674 3329 4727 Dei
3367 4671 3535 4738 dicta,

1959 4774 2105 4841 piam
2137 4779 2346 4825 servant
2371 4771 2720 4832 sententiam;
2753 4769 2816 4823 de
2847 4768 3011 4822 Patre
3044 4783 3160 4821 vero
3198 4781 3259 4817 ac
3292 4762 3400 4815 Deo
3426 4762 3540 4814 uni.

1961 4880 2227 4917 uersorum
2258 4876 2442 4916 secus:
2474 4861 2761 4930 impropria
2783 4862 2921 4915 enim
2941 4872 2988 4914 et
3018 4859 3180 4927 impia
3212 4855 3537 4924 comparatio

1959 4966 2113 5011 esset.
2160 4954 2305 5009 Nam
2344 4957 2473 5025 ﬁliis
2507 4954 2605 5009 Dei
2655 4956 2890 5008 omnium
2940 4967 3156 5005 causam
3201 4948 3455 5017 conferre,
3487 4958 3538 5003 et

1958 5064 2077 5103 eum
2144 5049 2233 5118 qui
2279 5064 2441 5116 supra
2507 5048 2687 5101 omnia
2737 5056 2815 5101 est
2844 5044 2981 5097 Deus
3041 5042 3163 5095 aliis
3209 5058 3534 5110 comparare,

1959 5140 2381 5210 improbissimus
2414 5142 2649 5194 omnium
2677 5156 2837 5193 ausus
2868 5144 3022 5190 esset.
3057 5136 3126 5187 At
3162 5135 3273 5187 sine
3304 5134 3534 5202 periculo

1960 5234 2137 5288 Filius
2170 5234 2268 5289 Dei
2299 5236 2625 5305 unigenitus,
2656 5233 2786 5302 ﬁliis
2836 5229 2928 5283 Dei
2962 5239 3325 5296 comparatur,
3364 5246 3426 5280 ac
3460 5227 3539 5280 di-

1960 5330 2098 5383 citur
2122 5346 2240 5383 eum
2275 5326 2741 5397 incomparabilem
2774 5340 2908 5386 esse,
2942 5340 3060 5376 cum
3085 5323 3231 5376 nullo
3260 5322 3530 5390 conferen-

1958 5419 2105 5486 dum,
2140 5430 2294 5491 atque
2327 5420 2614 5473 admodum
2639 5416 2948 5471 antecellere
2977 5417 3274 5487 asseritur?
3299 5412 3397 5467 Hic
3422 5429 3537 5466 ma-

1960 5513 2157 5568 nifeste
2190 5514 2346 5569 vides
2389 5511 2587 5566 Filium
2634 5511 2795 5581 longe
2834 5510 3092 5565 inferiore
3121 5523 3283 5579 quam
3319 5506 3533 5560 Patrem

1959 5605 2132 5673 gradu
2174 5608 2244 5661 ab
2274 5605 2513 5661 Eusebio
2560 5604 2783 5675 reponi;
2824 5605 2897 5657 ita
2928 5613 2988 5657 ut
3021 5617 3123 5657 nec
3169 5600 3237 5655 ad
3267 5601 3533 5653 unitatem

1960 5699 2076 5763 Dei,
2107 5714 2209 5754 nec
2238 5699 2303 5753 ad
2332 5697 2597 5751 unitatem
2635 5696 2886 5766 principii
2937 5696 3319 5749 universorum
3350 5689 3536 5761 perti-

1960 5798 2108 5858 neat,
2139 5806 2319 5865 neque
2348 5790 2549 5848 deitate
2579 5805 2701 5846 cum
2735 5788 2829 5844 illo
2854 5787 3029 5858 primo
3063 5783 3331 5859 principio
3361 5795 3531 5838 unum
