3948 6286
424 293 492 354 51
1097 284 1367 342 EUSEBl-l
1401 281 1880 340 CESARIENSIS
1915 282 2068 338 OPP.
2103 281 2283 370 PARS
2322 279 2410 337 [11.
2450 311 2520 321 ο-
2559 275 2968 333 EXEGETICA.
3602 275 3668 330 52

428 416 522 471 sit.
570 412 700 466 Nam
745 410 837 465 ubi
868 409 1075 464 dictum
1119 408 1276 472 illud,
1304 406 1443 461 Deus
1479 408 1623 462 stetit
1655 409 1707 459 in
1736 422 2001 476 synagoga

2122 376 2233 456 met.
2267 403 2362 456 καὶ
2407 403 2567 464 αὐτὸς
2607 403 2635 454 6
2667 400 2793 464 Υἱὸς
2829 399 3004 470 ἀρχὴν
3037 399 3398 470 ἐπιγράφεται
3441 396 3531 449 τὸν
3559 399 3670 448 αὑ-

429 504 667 564 dveorum,
699 502 767 558 de
796 499 935 556 Filio
964 499 1061 555 Dei
1089 499 1346 570 esplicat,
1387 514 1451 553 ac
1483 499 1618 553 nihil
1651 499 1999 552 metuendum

431 595 530 660 ait,
557 579 863 649 etsi'Filius
894 592 1036 647 Deus
1067 601 1313 657 vocetur,
1341 605 1410 644 ne
1443 590 1624 644 unitas
1668 590 1918 660 principii
1950 598 2004 644 et

431 687 651 743 deitatis
685 687 938 752 tollatur;
967 701 1078 739 non
1110 699 1294 739 veram
1329 683 1420 738 ille
1446 697 1669 739 causam
1701 682 1875 747 all'ert,
1904 697 2004 737 cur

433 780 562 836 hinc
585 778 734 834 nulla
764 777 1142 848 multiplicitas
1181 777 1408 832 deorum
1439 776 1731 831 metuenda
1761 776 1850 841 sit,
1876 776 2005 845 quia

435 870 645 927 scilicet
673 868 833 925 Pater
871 875 925 924 et
967 867 1160 935 Filius,
1205 884 1347 925 unus
1375 867 1538 932 Dens,
1586 884 1752 922 unum
1800 868 2005 938 princi-

435 959 584 1031 pium
629 975 812 1015 rerum
841 968 1004 1024 sunt;
1049 959 1166 1025 sed,
1199 961 1294 1024 ait,
1327 960 1588 1030 quoniam
1620 961 1721 1030 ipsi
1759 960 2006 1016 homines

434 1048 512 1103 dii
555 1057 842 1114 vocantur,
885 1050 1018 1120 quin
1061 1050 1170 1104 ulla
1205 1051 1336 1105 hinc
1368 1051 1595 1105 deorum
1633 1050 2006 1119 multiplicitas

435 1139 623 1196 inferri
671 1141 868 1212 possit,
916 1157 1078 1214 posse
1122 1144 1328 1212 pariter
1381 1141 1576 1197 Filium
1631 1142 1796 1197 Deum
1843 1142 1951 1197 dici
1988 1182 2003 1206 ,

435 1234 570 1306 quin
599 1236 802 1290 multos
848 1250 972 1292 esse
1005 1235 1140 1291 deos
1185 1235 1551 1305 suspicemur.
1599 1234 1813 1290 Etenim
1849 1244 1907 1289 ut
1952 1237 2008 1290 in

436 1325 558 1382 loco
605 1326 708 1382 sub
759 1327 877 1381 hac
915 1327 1080 1383 allato
1126 1328 1488 1399 signiﬁcatur,
1532 1327 1691 1398 longe
1734 1325 2010 1382 inferioris

437 1426 639 1489 gradus
675 1425 781 1482 est,
831 1433 994 1488 quam
1031 1426 1089 1472 ut
1129 1418 1304 1488 possit
1346 1417 1410 1473 ad
1456 1418 1686 1488 primam
1736 1417 1883 1470 illam
1916 1415 2011 1472 Dei

438 1511 707 1566 unitatem
737 1510 1036 1580 pertinere,
1067 1517 1252 1579 utpote
1281 1522 1440 1578 quem
1486 1507 1755 1564 creaturis
1799 1521 2016 1578 compa.

3679 403 3696 566 ἓ

2105 493 2199 547 τοῦ
2229 493 2465 564 Πατέρα.
2502 491 2727 562 Κεφαλὴ
2768 492 2877 562 γὰρ
2915 489 3149 561 Χριστοῦ
3179 491 3206 542 6
3233 489 3380 551 Θεὸς,
3412 489 3550 542 κατὰ
3581 489 3672 541 τὸν

2117 585 2452 648 Ἀπόστολον,
2483 585 2585 638 hoc
2609 593 2692 639 est
2715 603 2728 638 :
2755 583 2820 636 At
2841 583 3050 646 vereris,
3077 583 3148 635 mi
3170 582 3442 645 homo,ne,
3471 581 3518 632 si
3537 581 3672 633 duas

2104 679 2307 748 fateare
2332 675 2680 738 substantias,
2710 675 2813 728 duo
2840 675 2964 728 item
2993 673 3250 741 priuripia
3283 671 3525 728 inducas,
3560 680 3609 722 et
3641 687 3674 722 a

2104 767 2442 822 monarchica
2468 766 2661 820 deitate
2689 765 2922 819 excidas.
2958 765 3146 818 Discas
3178 765 3357 834 igitur,
3394 761 3530 832 quod
3555 778 3673 814 cum

2105 876 2240 913 unus
2274 859 2342 912 sit
2367 859 2478 911 sine
2501 857 2758 925 principio
2782 866 2829 910 et
2876 856 3136 925 ingenitus
3179 853 3341 917 Deus,
3378 852 3551 905 Filius
3581 867 3676 904 au-

2109 962 2209 1006 tem
2256 966 2320 1005 ea:
2365 949 2456 1004 illo
2499 950 2766 1020 gignatur,
2816 964 2980 1001 unum
3029 946 3324 1000 necessario
3361 945 3677 1014 principium

2109 1044 2289 1110 fuerit,
2326 1043 2632 1097 monarcltia
2663 1050 2713 1094 et
2743 1055 2957 1110 regnum
2983 1053 3182 1100 unum;
3210 1039 3334 1108 quia
3363 1038 3472 1106 ipse
3504 1034 3678 1089 Filius

2110 1137 2326 1194 Patrem
2354 1152 2505 1189 suum
2536 1135 2855 1204 principium
2889 1132 3146 1186 ascribit:
3179 1141 3334 1200 caput
3364 1131 3500 1184 enim
3533 1128 3683 1183 Chri-

2108 1229 2178 1283 sti
2210 1227 2353 1282 Deus
2387 1236 2486 1290 est,
2517 1227 2803 1281 secundum
2848 1225 3161 1294 Apostolum
3207 1223 3258 1294 (Ι
3293 1223 3419 1278 Cor.
3462 1239 3539 1289 ιι,
3602 1223 3678 1291 5).

2112 1318 2213 1374 Ubi
2243 1320 2430 1374 videas
2453 1317 2860 1372 monarcbicam
2889 1317 3005 1371 sive
3031 1330 3194 1370 unam
3226 1316 3370 1368 illam
3405 1323 3457 1370 et
3489 1313 3686 1384 prima-

2110 1409 2252 1462 riam
2286 1408 2564 1474 deitatem,
2612 1423 2680 1462 εκ
2729 1406 2964 1462 Eusebio
3011 1408 3067 1460 in
3099 1405 3259 1460 Patre
3303 1405 3418 1459 solo
3450 1406 3682 1460 servari.

2115 1499 2254 1566 Quia
2309 1515 2440 1554 vero
2487 1500 2724 1569 aliquam
2773 1497 2954 1554 Patris
2985 1508 3039 1553 et
3085 1497 3208 1551 Filii
3259 1498 3521 1551 unitatem
3565 1511 3689 1550 esse

436 1616 563 1658 rare
589 1602 772 1667 liceat,
801 1602 904 1658 etsi
945 1601 1118 1656 multo
1149 1600 1502 1656 excellentior
1526 1599 1595 1653 iis
1634 1599 1743 1654 sit:
1772 1598 1918 1670 quod
1945 1598 2014 1654 de
2113 1592 2416 1647 concedere
2444 1607 2671 1647 necesse
2705 1591 2806 1646 fuit
2832 1592 3135 1647 secundum
3161 1589 3292 1644 illud
3318 1609 3330 1644 :
3367 1589 3480 1659 Ego
3506 1597 3555 1642 et
3587 1587 3690 1642 Pa-

438 1692 599 1752 Patre
631 1710 876 1752 asserere
906 1693 1290 1764 impiissimum
1315 1700 1369 1747 et
1399 1691 1862 1761 improbissimum
1893 1705 2014 1746 esse

2122 1694 2193 1739 ter
2218 1701 2380 1738 unum
2415 1700 2597 1738 sumus
2627 1683 2811 1755 (Joan.
2841 1699 2895 1748 ι,
2919 1681 3032 1752 50),
3073 1681 3439 1736 animadverte
3483 1681 3537 1733 in
3579 1695 3690 1750 quo

440 1785 518 1839 ait
537 1783 821 1841 Eusebius.
848 1757 1057 1838 Similia
1081 1783 1245 1838 habet
1269 1783 1323 1836 in
1357 1757 1812 1836 Dent—onstratione
1857 1797 2013 1836 evane
2043 1757 2086 1816 Β
2114 1776 2276 1830 talem
2321 1774 2624 1829 constituat
2668 1776 2935 1828 unitatem
2984 1772 3269 1837 Eusebius,
3297 1772 3334 1826 1.
3387 1787 3446 1825 Ill
3487 1769 3691 1826 Contra

438 1874 626 1945 gelica,
660 1875 696 1929 ι.
728 1889 804 1939 vr,
838 1889 891 1943 p.
924 1873 1051 1937 257,
1085 1873 1175 1927 ubi
1207 1872 1276 1928 de
1313 1871 1477 1926 Patre
1513 1879 1566 1927 et
1597 1869 1735 1926 Filio
1773 1871 1900 1926 talia
1933 1868 2015 1924 fa-

441 1972 532 2020 tur
558 1982 571 2017 :
600 1965 794 2035 Σαφῶς
826 1967 882 2018 ὲν
913 1965 992 2036 τῷ
1016 1966 1248 2036 πέμπτῳ
1278 1963 1671 2035 συγγράμματι
1698 1963 1796 2031 τῆς
1823 1965 2016 2032 Εὐαγ-

445 2053 690 2126 τελικῆς
739 2054 1109 2121 Ἀποδείξεως
1159 2053 1461 2124 ὡρισμένου
1502 2054 1593 2107 τοῦ
1641 2054 1768 2125 περὶ
1805 2054 2017 2124 Πατρὸς

442 2145 536 2200 καὶ
571 2143 704 2200 Υίοῢ
733 2145 912 2216 λόγου,
956 2146 1051 2199 καὶ
1082 2146 1216 2199 Θεοῦ
1251 2147 1345 2217 μὲν
1392 2146 1509 2210 ἐνὸς
1539 2146 1632 2199 τοῦ
1670 2148 1762 2201 ἐπὶ
1797 2147 2016 2201 πάντων

437 2234 878 2307 ὡμολογημένον,
907 2235 1162 2306 δευτέρας
1190 2237 1246 2290 δὲ
1278 2237 1393 2308 μετ’
1426 2237 1586 2290 αὐτὸν
1613 2238 2018 2309 ἀποδειχθείσης

402 2325 404 2327 ’
440 2324 630 2390 οὐσίας
662 2327 970 2398 ἡγουμένης
1002 2327 1109 2380 τῶν
1141 2327 1384 2396 γενητῶν
1418 2328 1695 2393 ἁπάντων,
1731 2329 1797 2401 ἢν
1825 2329 2017 2399 σοφίαν

440 2417 601 2482 Θεοῦ,
629 2436 682 2474 κ.
719 2436 770 2472 τ.
795 2417 845 2474 λ.
881 2417 996 2474 Hoc
1015 2429 1099 2475 est
1120 2437 1134 2474 :
1159 2418 1359 2489 Cumlin
1377 2420 1556 2489 quinto
1585 2419 1910 2490 Evangelicte
1928 2421 2021 2474 de-

442 2507 844 2562 monstrationis
889 2507 1044 2574 libro,
1081 2508 1221 2564 clare
1246 2509 1309 2563 de
1325 2509 1486 2564 Patre
1508 2519 1556 2564 et
1584 2510 1722 2564 Filio
1746 2509 2019 2580 deﬁnitum

443 2605 806 2668 statutumque
838 2598 1025 2669 fuerit,
1074 2617 1136 2654 ac
1183 2599 1353 2654 Deum
1390 2601 1599 2672 quidem
1646 2617 1808 2655 unum
1855 2619 2020 2672 supra

443 2689 623 2742 omnia
663 2705 775 2745 esse
809 2690 1161 2758 declaratum,
1212 2691 1497 2746 secundam
1538 2709 1658 2747 vero
1700 2703 1818 2764 post
1846 2695 2021 2765 ipsum

445 2781 801 2837 substantiam
821 2801 954 2851 esse,
985 2801 1101 2856 qua:
1127 2785 1368 2840 omnibus
1391 2788 1614 2857 opiﬁciis
1642 2790 1844 2857 prwsit,
1875 2805 2020 2843 com-

444 2884 795 2930 monstratum
822 2878 913 2941 sit,
937 2894 1096 2948 quant
1125 2879 1445 2948 sapientiam
1475 2879 1605 2945 Dei,
1630 2887 1762 2944 etc.,
1798 2882 1892 2936 ubi
1935 2881 2022 2935 in-

443 2974 656 3038 terpres
687 2969 780 3038 qui
813 2969 951 3024 solet
977 2967 1196 3025 Eusebii
1217 2969 1364 3025 dicta
1421 2971 1488 3026 ad
1518 2971 1662 3041 piam
1695 2973 2021 3028 sententiam

2113 1865 2450 1932 Marcellum,
2481 1882 2530 1921 c.
2566 1867 2652 1932 19,
2690 1883 2744 1936 p.
2786 1865 2918 1920 192:
2954 1865 3062 1917 Kal.
3099 1865 3161 1935 δὴ
3191 1863 3330 1917 κατὰ
3379 1863 3564 1917 τοῦτον
3601 1863 3690 1917 τὸν

2112 1958 2313 2029 τρόπον
2344 1959 2400 2011 ἓν
2432 1959 2568 2030 πρὸς
2601 1959 2692 2011 τὸν
2721 1957 2938 2030 Πατέρα
2971 1957 3065 2009 καὶ
3107 1956 3200 2008 τὸν
3233 1955 3361 2009 Υίὸν
3394 1958 3441 2008 οξ
3489 1955 3693 2019 πάντες

2113 2049 2475 2122 γενησόμεθα.
2513 2050 2719 2121 Ὥσπερ
2764 2047 2873 2121 γὰρ
2924 2049 3084 2112 αὐτὸς
3133 2049 3322 2102 ἑαυτόν
3369 2065 3427 2100 τε
3475 2048 3566 2100 καὶ
3604 2045 3707 2101 τὸν

2114 2143 2338 2214 Πατέρα
2358 2141 2414 2195 ἒν
2441 2138 2580 2196 εἶναι
2613 2142 2788 2210 ἔλεγε,
2821 2142 3079 2210 φάσκων·
3126 2141 3268 2212 Ἐγὼ
3293 2141 3388 2194 καί
3424 2145 3457 2195 ό
3490 2141 3694 2209 Πατὴρ

2113 2238 2182 2292 ἓν
2213 2239 2401 2307 ἐσμεν
2421 2253 2434 2267 ·
2466 2235 2610 2290 οὕτω
2642 2236 2736 2289 καὶ
2781 2235 2984 2297 πάντας
3013 2234 3180 2304 ἡμᾶς,
3213 2232 3354 2286 κατὰ
3394 2233 3493 2304 τὴν
3526 2231 3709 2285 αὑτοῦ

2119 2332 2369 2403 μίμησιν,
2413 2330 2512 2401 τῆς
2555 2329 2804 2400 ἐνότητος
2847 2329 2944 2397 τῆς
2990 2326 3152 2379 αὑτοῦ
3207 2326 3496 2396 μετασχεῖν
3539 2325 3696 2395 εὔχε-

2113 2439 2234 2475 ται·
2280 2421 2340 2474 οὑ
2394 2418 2533 2474 κατὰ
2581 2417 2900 2489 Μάρκελλον
2954 2415 3046 2469 τοῦ
3091 2416 3263 2484 Λόγου
3296 2415 3562 2485 ἐνωμένου
3619 2413 3696 2484 τῷ

2117 2512 2253 2584 Θεῷ,
2284 2512 2378 2565 καὶ
2405 2513 2468 2581 τῇ
2499 2508 2658 2580 οὐσίᾳ
2688 2506 3163 2578 συναφθησομένου
3186 2523 3199 2536 ·
3224 2505 3404 2568 καθὼς
3430 2506 3486 2557 δὲ
3518 2507 3693 2576 ἐμαρ-

2117 2605 2350 2676 τύρησεν
2385 2604 2416 2673 ἡ
2452 2601 2699 2673 ἀλήθεια,
2735 2601 2762 2652 6
2790 2599 2980 2670 Σωτὴρ
3013 2598 3178 2661 αὐτὸς
3213 2596 3378 2650 εἰπών
3399 2615 3412 2627 ⁸
3453 2596 3570 2664 Τὴν
3600 2595 3696 2650 δό-

2120 2697 2235 2764 ξαν
2263 2697 2343 2765 ἣν
2367 2694 2594 2761 ἔδωκάς
2613 2711 2736 2763 μοι,
2765 2692 2991 2746 δέδωκα
3031 2691 3235 2756 αὐτοῖς
3253 2731 3268 2756 ,
3299 2690 3398 2743 ἵνα
3423 2685 3574 2744 ὦσιν
3605 2687 3692 2756 ἐν,

2119 2788 2314 2854 καθὼς
2338 2786 2435 2842 καὶ
2452 2787 2622 2856 ἡμεῖς
2640 2786 2709 2840 ἓν
2734 2786 2940 2854 ἐσμεν.
2976 2782 3088 2838 Hoc
3117 2791 3200 2838 est
3227 2802 3242 2837 :
3271 2782 3438 2852 Atque
3457 2781 3523 2834 ad
3558 2783 3696 2835 hunc

2120 2881 2333 2934 modum
2364 2895 2458 2933 nos
2499 2895 2676 2932 omnes
2706 2894 2824 2931 cum
2849 2876 3008 2931 Patre
3034 2884 3082 2929 et
3115 2874 3255 2928 Filio
3281 2889 3446 2928 unum
3471 2875 3689 2928 erimus.

2125 2969 2583 3038 Quemadmodum
2625 2969 2764 3023 enim
2789 2969 2898 3038 ipse
2930 2985 2983 3021 se
3028 2977 3078 3021 et
3126 2966 3339 3021 Patrem
3389 2983 3551 3022 unum
3585 2983 3699 3020 esse

445 3055 503 3111 in
537 3057 790 3113 versione
821 3074 920 3113 sua
952 3059 1300 3128 detorquere,
1329 3067 1607 3130 postrema
1647 3063 1726 3117 sic
1753 3063 2024 3134 interpre-
2050 3101 2092 3162 Ο
2129 3064 2286 3124 dixit,
2325 3083 2342 3114 ι
2378 3062 2506 3132 Ego,
2531 3063 2790 3132 inquiens,
2829 3071 2877 3114 et
2915 3061 3073 3114 Pater
3107 3077 3270 3114 unum
3302 3075 3518 3123 sumus;
3551 3079 3570 3111 ι
3619 3060 3698 3112 ita

444 3155 628 3202 tatur:
664 3147 734 3201 Et
777 3147 994 3204 Patrem
1023 3151 1233 3221 quidem
1265 3151 1433 3207 Deum
1469 3170 1631 3207 unum
1674 3170 1787 3209 esse
1834 3158 2025 3210 consti-

429 3237 549 3302 tit;
581 3237 810 3292 alteram
854 3248 1030 3294 autem
1065 3250 1256 3309 printer
1283 3242 1439 3296 illum
1476 3254 1526 3296 et
1573 3260 1691 3296 cum
1726 3243 1821 3298 illo
1847 3260 2025 3313 perso-

447 3347 573 3384 nam
615 3346 748 3394 esse,
775 3347 891 3401 qua:
931 3332 1109 3385 omnia
1137 3349 1254 3402 qua:
1284 3333 1428 3402 facta
1457 3344 1581 3388 sunt
1611 3335 1907 3398 antecedat,
1944 3334 2026 3390 de-

450 3432 803 3476 monstratum
837 3431 936 3478 est.
969 3422 1087 3488 Quo
1118 3423 1175 3478 in
1223 3424 1345 3478 loco
1374 3425 1560 3479 οὐσίαν
1603 3425 1693 3480 ille
1721 3442 2020 3493 personam,

424 3515 633 3592 'vertit,
683 3514 787 3571 etsi
837 3516 1203 3571 substantiam
1249 3517 1515 3588 signiﬁcet
1555 3518 1644 3573 hic
1691 3527 1746 3574 et
1795 3519 1852 3574 in
1902 3521 2024 3575 aliis

448 3601 670 3661 Eusebii
715 3604 872 3670 locis,
923 3613 983 3659 ut
1027 3621 1095 3660 ex
1147 3608 1396 3677 repetitis
1432 3608 1537 3662 sub
1592 3608 1707 3663 haec
1760 3610 2024 3679 exemplis

449 3693 730 3764 propalam
771 3696 875 3750 erit
911 3713 923 3749 :
957 3696 1092 3751 illud
1133 3705 1316 3753 autem
1364 3701 1479 3768 μετ’
1515 3699 1699 3763 αὐτόν,
1740 3716 2024 3770 perperam

448 3786 612 3840 vertit
655 3785 766 3851 ille,
799 3797 991 3857 prazter
1018 3787 1170 3841 illum
1200 3797 1249 3839 et
1283 3804 1402 3842 cum
1429 3789 1542 3854 illo,
1576 3806 1699 3845 cum
1727 3799 1911 3861 aperte
1948 3791 2025 3848 si—

449 3873 690 3942 gniﬁcet,
713 3885 832 3944 post
864 3877 1038 3943 illum,
1073 3893 1176 3932 nec
1213 3893 1439 3934 numero
1465 3887 1697 3948 tantum,
1723 3881 1817 3937 sed
1847 3883 2026 3954 digni-

450 3974 565 4021 tate
609 3974 663 4022 et
710 3970 1056 4038 praestantia;
1097 3978 1156 4025 ut
1197 3988 1264 4027 ex
1299 3972 1413 4042 jam
1458 3973 1622 4029 dictis
1674 3975 2023 4031 manifestum

451 4066 556 4122 est,
604 4066 660 4114 et
699 4075 765 4114 ex
810 4061 951 4115 infra
1001 4063 1248 4120 dicendis
1290 4065 1553 4136 liquidius
1599 4068 1894 4123 constabit.
1937 4068 2025 4123 Ait

439 4151 831 4224 ~siquidemlib.
869 4167 906 4208 ll
940 4153 1140 4210 Contra
1162 4156 1495 4225 Marcellum,
1522 4174 1575 4228 p.
1601 4159 1703 4213 109
1730 4178 1742 4214 :
1771 4161 1906 4213 Οὐδὲ
1933 4160 2024 4213 δύο

452 4243 608 4308 θεοὺς
627 4244 837 4316 ἀνάγκη
865 4245 1046 4300 δοῦναι
1072 4249 1162 4302 τὸν
1189 4249 1285 4314 τὰς
1306 4250 1398 4304 δύο
1427 4251 1752 4317 ὑποστάσεις
1774 4252 2019 4309 τιθένταὲ

450 4337 573 4391 οὐδὲ
608 4337 716 4409 γὰρ
754 4339 1025 4412 ἰσοτίμους
1058 4342 1228 4406 αὐτὰς
1258 4343 1572 4416 ὀριζόμεθα,
1607 4345 1659 4399 id
1687 4354 1774 4400 est
1803 4365 1814 4398 :
1847 4345 2026 4414 Neque

2126 3172 2349 3226 quoque,
2373 3163 2430 3207 ut
2486 3152 2553 3207 ad
2603 3154 2768 3223 ipsius
2833 3153 3181 3205 imitationem
3228 3169 3322 3206 nos
3355 3167 3530 3205 omnes
3556 3151 3699 3220 ejus-

2129 3245 2244 3300 dem
2272 3247 2482 3299 unionis
2503 3245 2783 3313 participes
2806 3245 2989 3307 simus,
3019 3250 3258 3310 precatus
3287 3251 3382 3295 est.
3413 3239 3534 3294 Non
3559 3240 3699 3310 quod

2139 3336 2386 3400 Verbum,
2416 3345 2474 3388 ut
2508 3333 2795 3388 Marcellus
2826 3333 2953 3398 vult,
2989 3332 3202 3385 uniatur
3227 3330 3357 3398 Deo,
3382 3344 3429 3386 et
3451 3333 3700 3385 substan-

2132 3428 2329 3481 tialiter
2364 3428 2464 3495 ipsi
2495 3425 2885 3496 conjungatur:
2917 3424 3006 3478 sed
3047 3434 3105 3477 ut
3134 3424 3347 3487 veritas,
3384 3425 3489 3492 ipse
3519 3422 3702 3477 Serva-

2133 3527 2214 3572 tor
2251 3520 2473 3582 scilicet,
2511 3518 2828 3585 testiﬁcatur
2861 3517 3072 3569 dicens:
3107 3533 3125 3565 (
3165 3514 3398 3570 Gloriam
3426 3530 3583 3586 quam
3616 3514 3702 3566 de-

2130 3610 2260 3664 disti
2289 3611 2416 3663 mihi
2442 3608 2563 3663 dedi
2599 3609 2696 3674 eis,
2728 3619 2784 3660 ut
2817 3609 2920 3661 sint
2953 3624 3116 3660 unum
3151 3609 3287 3661 sicut
3319 3619 3367 3660 et
3404 3625 3497 3661 nos
3537 3621 3700 3660 unum

2130 3719 2310 3757 sumus
2344 3701 2524 3772 (Joan.
2568 3716 2704 3763 xvn,
2747 3700 2893 3768 22).:
2933 3698 3033 3754 Ubi
3061 3701 3320 3754 unitatem
3359 3701 3503 3753 illam
3537 3702 3703 3757 subs—

2131 3794 2410 3849 tantialem
2476 3790 2656 3846 Patris
2719 3807 2843 3846 cum
2919 3790 3056 3844 Filio
3138 3791 3376 3845 dilucide
3461 3792 3703 3862 explodit

2131 3885 2434 3950 Eusebius;
2467 3883 2690 3951 vultque
2741 3890 2952 3936 tantum
3002 3882 3147 3935 illam
3197 3881 3458 3935 unitatem
3507 3897 3703 3937 conce-

2131 3977 2279 4041 dere,
2315 3991 2422 4046 qua
2454 3992 2521 4030 ex
2551 3976 2864 4047 dignatione
2891 3975 3124 4044 quadam
3162 3973 3324 4028 Pater
3353 3973 3549 4028 Filium
3588 3977 3705 4046 glo-

2130 4070 2226 4124 riae
2253 4085 2364 4124 sua:
2395 4068 2716 4138 participem
2752 4067 2934 4131 cllicit,
2965 4074 3022 4122 ut
3050 4075 3104 4122 et
3130 4065 3300 4120 Filius
3329 4083 3430 4122 nos
3458 4068 3702 4135 ejusdem

2131 4161 2316 4231 glorias
2360 4167 2645 4216 consortes
2685 4159 2941 4215 reddidit.
2979 4158 3094 4213 Sub
3142 4158 3255 4212 tunc
3303 4166 3484 4213 autem
3528 4160 3703 4214 eidem

2131 4253 2550 4324 comprobanda:
2579 4255 2862 4309 sententiae
2891 4261 3038 4308 totus
3067 4253 3293 4318 insistit,
3319 4262 3481 4322 atque
3515 4253 3589 4307 ita
3618 4253 3706 4306 de-

2130 4361 2279 4400 mum
2310 4347 2622 4401 concludit:
2667 4345 2853 4409 Οὖτως
2881 4341 2972 4399 οὖν
3006 4346 3063 4399 ’ἐν
3098 4347 3234 4398 εἰσιν
3267 4347 3294 4398 6
3326 4344 3514 4415 Πατὴρ
3549 4343 3642 4396 καὶ
3674 4343 3702 4393 6

451 4444 657 4484 necesse
687 4439 765 4484 est
792 4448 913 4486 eum
953 4432 1083 4486 duos
1117 4433 1240 4488 deos
1270 4434 1450 4504 fateri,
1475 4437 1565 4506 qui
1588 4435 1724 4490 duas
1751 4435 2020 4490 admiserit

2133 4437 2260 4501 Υἱὸς
2297 4438 2437 4493 κατὰ
2476 4439 2576 4510 τὴν
2621 4439 2903 4492 κοινωνίαν
2946 4439 3045 4506 τῆς
3084 4437 3260 4507 δόξης,
3297 4433 3364 4509 ἦς
3395 4440 3506 4500 τοῖς
3539 4434 3703 4490 αὑτοῦ

451 4520 781 4577 substantias
803 4539 821 4576 :
863 4540 966 4577 non
999 4525 1137 4578 enim
1168 4525 1293 4579 illas
1332 4525 1529 4580 honore
1565 4543 1718 4596 pares
1753 4543 1865 4580 esse
1906 4527 2028 4596 deﬁ-

453 4615 660 4680 nimus;
690 4615 765 4669 ita
797 4623 860 4670 ut
906 4624 1132 4673 eatenus
1176 4618 1438 4674 unitatem
1479 4620 1696 4676 deitatis
1741 4620 1905 4675 statui
1937 4635 2030 4675 ve—

449 4705 536 4771 lit,
569 4715 842 4778 quatenus
871 4708 963 4762 illa
1001 4710 1179 4779 prima
1215 4711 1410 4773 deitas,
1443 4713 1789 4782 primumque
1824 4712 2032 4782 princi-

450 4798 602 4870 pium
652 4799 710 4855 in
760 4817 872 4857 uno
921 4801 1084 4858 Patre
1135 4814 1404 4870 servatur,
1452 4805 1542 4859 cui
1594 4806 1756 4876 longe
1808 4805 2031 4861 inferior

405 4943 410 4952 .
453 4891 598 4950 Deus
639 4891 829 4960 Filius,
873 4897 930 4951 in
980 4899 1191 4953 unitate
1232 4897 1327 4952 illa
1366 4913 1477 4953 non
1513 4897 2027 4969 comprehendatur.

454 4981 612 5049 Quod
647 4984 736 5040 ille
768 4987 969 5044 ibidem
1008 4988 1240 5043 allirmat
1281 4989 1368 5044 bis
1407 4991 1627 5045 verbis:
1677 4989 1835 5044 Ἀλλά
1868 4991 2028 5060 φοϐῇ,

451 5068 498 5128 ὦ
525 5074 798 5146 ἄνθρωπε,
832 5079 908 5152 μὴ
944 5080 1038 5134 δύο
1069 5081 1394 5146 ὑποστάσεις
1423 5082 1782 5153 ὁμολογήσας,
1816 5081 1909 5135 δύο
1937 5082 2034 5153 ἀρ·-

453 5165 556 5236 χὰς
580 5168 914 5239 εἰσαγάγοις,
946 5173 1041 5226 καὶ
1073 5175 1170 5245 τῆς
1201 5175 1538 5246 μοναρχικῆς
1571 5173 1820 5243 θεότητος
1865 5173 2029 5226 ἐκπέ-

449 5251 594 5324 ’σοις.
627 5260 882 5314 Μάνθανε
924 5264 1123 5332 τοίνυν,
1172 5267 1268 5333 ὡς,
1304 5266 1421 5329 ἐνὸς
1463 5266 1614 5328 ὄντος
1660 5265 1896 5335 ἁνάρχου
1942 5265 2034 5317 καὶ

457 5351 752 5422 ἀγεννήτου
793 5353 950 5420 Θεοῦ,
997 5355 1089 5409 τοῦ
1132 5357 1188 5411 δὲ
1220 5357 1352 5412 Υἱοῦ
1387 5357 1448 5422 ἐξ
1487 5356 1651 5411 αὑτοῦ
1699 5357 2032 5428 γεγεννημέ-

455 5460 571 5510 νου,
605 5443 702 5516 μία
737 5444 887 5500 ἔσται
917 5447 1080 5520 ἁρχὴ,
1111 5450 1379 5523 μοναρχία
1407 5467 1467 5502 τε
1493 5450 1588 5503 καὶ
1617 5449 1861 5520 βασιλεία
1898 5451 1996 5521 μία
2020 5471 2031 5482 ·’

529 5578 604 5702 ξι)
644 5576 937 5634 Comment.
960 5581 1016 5634 in
1044 5581 1195 5636 Psal.
1220 5599 1276 5654 p.
1316 5583 1406 5646 86,
1441 5583 1568 5664 ῥυ,
1599 5584 1724 5646 557,
1751 5583 1875 5649 558,
1906 5584 2030 5664 372,

457 5649 524 5704 37
571 5688 586 5704 .
615 5648 744 5704 577.
779 5651 906 5704 410.
935 5651 1061 5704 426.
1095 5652 1221 5704 491.
1255 5654 1380 5704 535.
1420 5653 1544 5704 534.
1574 5654 1699 5704 582.
1741 5654 1867 5704 584.
1904 5655 2029 5704 597.

615 5648 744 5718 577,
779 5651 906 5713 MU,
935 5651 1061 5716 426,
1095 5648 1380 5718 491,’555,
1420 5653 1544 5718 554,
1574 5654 1700 5718 582,
1741 5648 1869 5716 584,
1904 5655 2029 5715 597,

461 5718 596 5787 598;
642 5715 945 5777 Demonstr.
986 5715 1168 5793 evang.
1207 5715 1335 5788 H7,
1383 5715 1846 5793 148,’149,’218,
1892 5725 2030 5796 9.55;

2134 4532 2400 4603 μαθηταῖς
2436 4530 2766 4603 μεταδιδοὺς,
2789 4531 2888 4599 τῆς
2911 4530 3078 4598 αὐτῆς
3108 4528 3352 4592 ὲνὼσεως
3385 4530 3478 4582 καὶ⁸
3510 4529 3705 4590 αὐτοὺς

2129 4623 2304 4695 ἠξίου,
2330 4624 2434 4678 hoc
2455 4630 2540 4677 est
2575 4640 2588 4675 :
2625 4621 2718 4674 Ita
2743 4620 2908 4675 Pater
2938 4629 2987 4674 et
3015 4618 3192 4674 Filius
3219 4637 3383 4674 unum
3414 4631 3538 4675 sunt
3570 4635 3706 4674 com-

2131 4717 2375 4770 munione
2417 4714 2633 4784 gtoriaz:
2675 4729 2834 4782 quam
2881 4728 3000 4765 cum
3043 4712 3316 4781 discipulis
3362 4713 3472 4766 suis
3513 4714 3707 4782 imper~

2133 4810 2252 4872 tiat,
2278 4805 2511 4876 ejusdem
2543 4821 2630 4858 eos
2661 4805 2874 4858 unionis
2905 4805 3186 4874 participes
3219 4805 3390 4874 cﬁicit.
3422 4802 3538 4870 Qua
3563 4805 3620 4856 in
3651 4816 3707 4854 re

2132 4900 2324 4971 grandi
2364 4898 2730 4969 paralogismo
2776 4897 2948 4952 utitur
2974 4896 3267 4962 Eusebius,
3299 4903 3357 4950 ut
3387 4895 3527 4951 inira
3559 4894 3706 4950 vide-

2132 4991 2300 5057 bitur,
2331 4989 2460 5045 dum
2508 4989 2772 5044 unitatem
2805 4990 2951 5044 illam
2979 4989 3183 5058 gloriae,
3223 4988 3279 5042 in
3318 5002 3482 5057 quam
3525 5002 3592 5041 ex
3625 4984 3699 5039 di-

2134 5083 2392 5153 gnatione
2444 5088 2656 5135 tantum
2703 5078 2957 5149 discipuli
3005 5079 3209 5134 Christi
3257 5086 3544 5143 vocantur,
3590 5073 3705 5145 pari

2132 5175 2296 5231 modo
2333 5189 2365 5228 a
2411 5172 2574 5229 Patre
2613 5172 3006 5228 communicari
3046 5169 3183 5226 Filio
3223 5185 3342 5237 suo,
3374 5176 3536 5240 atque
3581 5168 3706 5222 hinc

2136 5269 2554 5326 substantialem
2603 5267 2864 5323 unitatem
2916 5264 3153 5331 excludi,
3201 5265 3501 5320 contendit.
3557 5263 3707 5316 Hanc

2135 5377 2302 5434 porro
2329 5361 2549 5418 deitatis
2575 5361 2840 5416 unitatem
2865 5368 2919 5415 et
2948 5359 3316 5414 monarcbiatn
3349 5357 3620 5414 sexcentis
3651 5353 3705 5407 in

2138 5456 2273 5511 locis
2305 5454 2381 5526 (a)
2409 5454 2568 5511 docet
2596 5453 2706 5521 ille,
2741 5467 2864 5522 quae
2890 5467 2960 5506 ne
3003 5452 3216 5523 longius
3252 5450 3587 5506 abducamur
3619 5447 3704 5502 in-

2138 5589 2541 5716 fg-qtria‘flarc.
2565 5589 2654 5657 65,
2686 5587 2775 5658 66,
2806 5587 2894 5656 69,
2923 5587 3012 5657 70,
3037 5588 3126 5655 90,
3158 5586 3246 5653 96,
3283 5586 3402 5651 106,
3429 5586 3549 5653 10⁸7,
3582 5579 3703 5646 110,
