3948 6286
258 330 329 386 ss
1047 332 1548 389 COMMENTARIA
1590 332 1655 385 lN
1696 330 1849 409 es“

1952 331 2030 384 )S.
2073 362 2141 372 --
2182 329 2723 388 ΡΒΑΞῌΜΙΝΑΒΜ.
3444 336 3514 391 Si

266 452 452 506 dicare
487 454 667 507 solum
698 454 946 509 sufﬁciat.
992 454 1261 509 Caeterum
1302 456 1391 509 ubi
1420 470 1520 507 vox
1551 454 1844 515 ὑπόστασις
1871 473 1915 523 Α
1945 461 2079 505 erat.
2126 450 2191 503 Et
2230 452 2319 504 ille
2361 450 2566 519 quidem
2605 466 2696 517 per
2742 451 2969 519 seipsum
3003 451 3263 522 perfectus
3304 461 3355 507 et
3402 456 3515 522 pri-

267 544 533 609 occurrit,
568 561 672 601 nos
707 547 1058 600 substantiam
1110 548 1403 613 vertimus;
1440 554 1552 599 tum
1602 546 1727 614 quia
1763 544 1843 599 sic

272 635 493 690 Eusebii
523 652 639 691 aevo
669 653 733 692 ex
781 648 997 708 recepto
1043 654 1194 693 more
1226 640 1613 709 accipiebatur,
1645 645 1703 690 ut
1742 637 1842 690 ha-

274 730 368 783 bet
414 727 785 795 Athanasius;
830 741 942 785 tum
986 732 1134 801 quia,
1179 746 1302 785 cum
1350 730 1619 785 Eusebius
1662 728 1842 782 diver-

276 836 394 874 sam
432 820 488 874 in
523 819 685 875 Patre
725 832 779 878 et
809 823 945 878 Filio
986 823 1347 879 subStantiam
1381 822 1631 876 admittat
1662 827 1714 875 et
1743 820 1836 873 do-

271 918 419 973 ceat,
466 911 673 967 inutilis
719 928 849 967 sane
892 913 1048 970 luerit
1093 928 1448 985 personarum
1488 922 1541 967 et
1588 913 1845 985 hyposta—

274 1004 418 1055 sium
446 1005 662 1073 vulgata
690 1006 992 1061 distinctio.

274 1159 355 1208 iV.
380 1161 603 1224 Diversae
624 1160 1048 1211 substantia—VC
1072 1162 1326 1224 Interpres
1344 1163 1547 1214 Latinus
1570 1165 1838 1215 Demonstr.

330 1222 622 1284 evangelica:
664 1225 927 1273 Eusebium
966 1226 1029 1274 de
1054 1222 1289 1275 industria
1322 1228 1382 1275 ad
1406 1229 1689 1276 catholicam
1727 1242 1842 1276 sen-

337 1292 543 1333 tentiam
571 1284 793 1333 detorsit.

344 1432 498 1487 Licet
540 1441 724 1489 autem
773 1452 837 1489 ex
885 1435 1180 1504 praemissis
1224 1436 1503 1506 propalam
1556 1438 1626 1493 sit
1671 1436 1842 1493 Euse-

270 1525 419 1580 bium
452 1526 726 1582 diversam
774 1541 803 1580 a
835 1535 1057 1598 paterna
1096 1529 1456 1582 substantiam
1496 1537 1550 1582 et
1587 1529 1843 1584 deitatem

270 1616 327 1669 in
360 1615 495 1673 Filio
520 1619 855 1674 constituere
882 1638 895 1675 :
928 1634 1054 1673 nam
1079 1620 1215 1674 duas
1248 1621 1301 1674 in
1326 1622 1504 1674 allatis
1532 1621 1666 1675 locis
1712 1622 1843 1675 sub-

269 1705 509 1760 stantias
555 1714 740 1776 aperte
800 1707 1121 1775 proﬁtetur:
1168 1716 1221 1763 et
1265 1724 1395 1764 sane
1444 1712 1535 1780 qui
1578 1711 1842 1765 unitatem

1947 560 2095 606 mus,
2154 554 2330 612 utpote
2379 542 2571 607 Pater,
2610 555 2658 597 et
2706 545 3095 597 constitutionis
3138 543 3271 597 Filii
3325 561 3512 608 causa,

1944 637 2077 689 nihil
2122 635 2190 688 ad
2240 636 2455 689 deitatis
2488 651 2598 688 sua:
2642 634 3074 703 complementum
3113 654 3145 688 a
3180 634 3323 690 Filio
3368 638 3512 690 acci-

1942 730 2120 794 piens;
2152 729 2233 781 ltic
2268 738 2442 780 autem
2472 735 2722 797 tanquam
2747 741 2811 779 ex
2840 743 3002 780 causa
3028 727 3198 796 factus
3231 729 3399 798 ﬁlius,
3430 746 3513 784 se-

1944 818 2143 873 cundus
2170 828 2246 873 est
2280 818 2344 870 ab
2372 835 2429 871 eo
2461 819 2610 886 cujus
2645 828 2723 871 est
2761 819 2929 888 ﬁlius,
2958 821 3142 889 quippe
3167 822 3257 889 qui
3286 838 3318 874 a
3349 820 3513 876 Patre

1942 918 1991 962 et
2020 917 2076 960 ut
2107 909 2196 973 sit,
2225 919 2273 960 et
2300 918 2356 960 ut
2390 908 2515 961 talis
2546 910 2636 971 sit,
2674 910 2945 977 acceperit.
2977 908 3053 962 Ac
3082 926 3313 975 rursum,
3339 912 3514 981 splen-

1943 999 2042 1052 dor
2090 998 2296 1069 quidem
2344 1015 2447 1052 nou
2495 1014 2559 1052 ex
2602 1000 2867 1067 proposito
2905 1008 2954 1051 et
2988 1001 3254 1053 voluntate
3298 1000 3513 1056 luminis

1944 1090 2200 1159 splendet,
2226 1089 2313 1143 sed
2346 1090 2625 1143 secundum
2652 1089 2893 1144 accidens
2922 1090 3188 1161 quidpiam
3211 1108 3243 1144 a
3265 1091 3514 1146 substan—

1946 1183 2020 1235 tia
2047 1183 2427 1250 inseparabile;
2461 1180 2631 1235 Filius
2664 1200 2779 1236 vero
2801 1199 2864 1235 ea:
2892 1185 3149 1237 sententia
3178 1194 3225 1237 et
3246 1188 3511 1254 proposito

1944 1274 2249 1335 voluntatis,
2281 1274 2455 1342 imago
2492 1273 2670 1327 Patris
2702 1273 2955 1327 substitit.
2990 1274 3178 1329 Volens
3214 1278 3349 1329 enim
3373 1277 3512 1332 Deus

1945 1363 2078 1417 Filii
2111 1365 2271 1416 Pater
2298 1366 2522 1427 exstitit,
2558 1381 2619 1417 ac
2657 1366 2942 1418 secundum
2985 1366 3157 1421 lumen
3207 1384 3299 1435 per
3335 1369 3513 1421 omnia

1944 1456 2114 1509 simile
2144 1456 2245 1508 sibi
2274 1456 2557 1509 subsistere
2587 1455 2663 1528 (α)
2695 1458 2836 1525 fecit.
2871 1456 2973 1512 Ubi
3009 1459 3276 1528 interpres
3307 1459 3420 1514 sive
3446 1475 3514 1514 ex

1945 1549 2111 1603 insito
2156 1563 2281 1617 erga
2331 1546 2624 1602 Eusebium
2678 1549 2907 1615 allectu;
2951 1550 3065 1604 sive
3098 1552 3203 1604 alia
3234 1552 3413 1620 ignota
3445 1551 3515 1607 de

1944 1653 2131 1699 causa,
2165 1639 2331 1691 multa
2353 1653 2512 1692 secus
2541 1637 2715 1707 posita
2742 1639 2807 1692 ad
2842 1640 3164 1695 catholicam
3187 1641 3513 1697 sententiam

1944 1745 2043 1798 pro
2078 1743 2227 1783 more
2263 1744 2362 1783 suo
2399 1728 2615 1782 deﬂexit
2656 1748 2668 1782 :
2700 1744 2823 1782 nam
2854 1730 3157 1793 illud,-xa0‘
3187 1731 3379 1785 ἑαυτὸν
3423 1733 3516 1786 οὐ·

268 1797 528 1868 principii
567 1806 622 1853 et
659 1798 878 1855 deitatis
922 1801 976 1854 in
1018 1818 1127 1856 uno
1177 1801 1357 1865 Patre,
1410 1804 1632 1858 excluso
1682 1802 1839 1869 Filio,

1952 1820 2226 1891 σιωμένος,
2256 1821 2335 1875 sic
2374 1821 2651 1875 transtulit
2682 1810 2707 1874 ς’
2733 1819 2853 1874 Νοη
2881 1838 2971 1889 per
3004 1825 3230 1891 seipsum
3265 1823 3515 1878 substan-

267 1900 473 1953 servat,
524 1900 921 1960 consequenter
976 1894 1137 1946 aliam
1184 1895 1238 1947 in
1286 1893 1423 1948 Filio
1472 1903 1525 1948 et
1565 1894 1836 1949 diversam

267 1980 634 2034 substantiam
664 1988 716 2036 et
748 1982 1023 2047 deitatem,
1066 1985 1110 2039 si
1150 1985 1368 2054 quidem
1410 1985 1551 2041 Deus
1593 1985 1683 2048 sit,
1730 1995 1841 2041 sta-

266 2076 388 2123 tuat
420 2086 646 2126 necesse
675 2080 795 2139 est;
825 2089 853 2128 e
874 2090 932 2129 re
963 2085 1143 2129 tamen
1177 2076 1340 2129 fuerit
1367 2092 1433 2130 ex
1457 2078 1641 2132 multis
1668 2092 1839 2147 pauca

270 2159 491 2216 Eusebii
525 2162 645 2217 loca
687 2164 744 2218 in
786 2165 1025 2219 medium
1070 2165 1283 2232 alTerre,
1326 2168 1417 2221 ubi
1470 2169 1557 2223 ille
1588 2169 1842 2224 substan-

267 2254 400 2308 tiam
437 2263 492 2308 et
512 2256 766 2311 deitatem
799 2256 942 2324 Filii,
978 2274 1007 2311 a
1036 2268 1259 2328 paterna
1284 2262 1443 2316 aliam
1468 2271 1521 2315 et
1546 2261 1839 2325 diversam,

269 2358 599 2417 separatam,
629 2350 837 2420 ipsique
864 2354 1035 2405 multo
1060 2352 1369 2409 inferiorem
1408 2364 1842 2413 commonstrare

268 2441 492 2494 nititur:
531 2441 673 2496 unde
704 2444 869 2497 etiam
914 2445 1130 2513 planius
1173 2447 1367 2501 evadat
1398 2450 1539 2516 quod
1590 2450 1843 2520 superius

270 2532 561 2601 probatum
595 2541 698 2597 est,
746 2533 1040 2590 Eusebium
1085 2538 1337 2593 videlicet
1386 2541 1647 2597 unitatem
1690 2543 1843 2612 prin-

269 2622 403 2690 cipii
435 2633 489 2676 et
538 2623 756 2679 deitatis
786 2625 839 2678 in
881 2642 987 2680 uno
1037 2625 1216 2694 Patre,
1256 2630 1479 2684 excluso
1523 2630 1681 2696 Filio,
1733 2640 1846 2687 sta-

268 2722 450 2766 tuere.
492 2713 580 2766 Ait
624 2714 787 2781 igitur
866 2716 919 2769 in
999 2715 1454 2773 Demonstratione
1526 2723 1842 2792 evangelica,

270 2804 312 2857 Ι.
347 2820 422 2867 tv,
458 2820 508 2860 c.
552 2807 605 2868 5,
638 2822 689 2876 p.
720 2807 815 2860 147
851 2827 863 2861 :
909 2808 1065 2861 Ἀλλά
1107 2810 1199 2862 τοῦ
1238 2811 1335 2880 μὲν
1387 2812 1640 2881 αἰσθητοῦ
1673 2814 1847 2883 φωτὸς

269 2898 574 2970 ἀχώριστος
604 2903 636 2970 ἡ
671 2902 834 2972 αὐγὴ,
866 2906 892 2956 6
918 2904 973 2955 δὲ
1006 2904 1132 2968 Υἱὸς
1168 2907 1309 2970 ἰδίως
1340 2911 1487 2979 παρά
1513 2910 1602 2961 τὸν
1628 2910 1847 2983 Πατέρα

266 2988 399 3041 καθ’
429 2989 620 3042 ἑαυτὸν
654 2991 946 3061 ὑφέστηκε.
994 2995 1102 3047 Καὶ
1137 2998 1312 3064 φωτὸς
1357 2998 1454 3068 μὲν
1487 3001 1517 3068 ἡ
1564 3001 1702 3070 αὐγὴ
1738 2999 1848 3070 χώ-

276 3098 377 3150 ραν
424 3081 703 3152 ἐνεργείας
747 3084 950 3153 ἐπέχει,
992 3086 1020 3137 6
1052 3086 1109 3139 δὲ
1144 3088 1271 3151 Υἱὸς
1318 3089 1502 3160 ἕτερόν
1550 3110 1601 3144 τι
1644 3092 1846 3163 ἤκατά

1943 1914 2070 1965 tiam
2103 1923 2309 1976 nactus,
2342 1912 2430 1965 sed
2457 1929 2487 1964 a
2524 1911 2720 1974 Patre;
2752 1928 2873 1966 cum
2916 1912 3247 1982 disparatam
3291 1915 3515 1969 omnino

1942 2005 2264 2059 sententiam
2300 2003 2486 2057 elTerat
2517 2002 2806 2067 Eusebius,
2839 2004 3068 2064 scilicet,
3091 2019 3181 2071 per
3209 2021 3263 2057 se
3283 2014 3332 2057 et
3368 2021 3514 2059 seor-

1941 2097 2040 2149 sim
2064 2095 2415 2149 substantiam
2448 2093 2664 2148 habens.
2697 2093 2821 2147 Pari
2850 2094 3009 2148 modo
3046 2095 3177 2149 illud
3206 2096 3297 2149 :'O
3327 2096 3383 2149 δὲ
3400 2098 3516 2149 Πα-

1940 2187 2042 2257 τὴρ
2093 2188 2435 2258 προῦπὰρχει
2489 2186 2582 2239 τοῦ
2628 2186 2781 2249 Υἰοῦ,
2814 2187 2904 2238 καὶ
2938 2186 3035 2255 τῆς
3060 2187 3321 2255 γενέσεως
3350 2186 3514 2241 αὐτοῦ

1942 2280 2373 2351 προῦφὲστηκεν,
2476 2279 2631 2350 μόνος
2657 2277 2946 2347 ἁγέννητος
2970 2274 3057 2348 ἦν·
3108 2279 3186 2333 sic
3208 2278 3295 2333 ille
3320 2278 3511 2332 vertit:

1942 2371 2009 2423 At
2039 2388 2071 2423 a
2098 2370 2261 2423 Patre
2290 2370 2463 2425 Filius
2506 2370 2759 2439 procedit,
2791 2379 2838 2422 et
2869 2369 3021 2421 illum
3058 2378 3291 2439 generat,
3324 2378 3378 2422 at
3407 2371 3519 2437 ipse

1943 2480 2045 2517 non
2079 2465 2283 2533 genitus
2330 2475 2427 2517 est.
2477 2464 2545 2517 At
2579 2477 2705 2517 vera
2741 2462 3010 2517 sententia
3041 2461 3154 2515 haec
3200 2469 3285 2517 est
3316 2479 3329 2515 :
3356 2460 3521 2517 Pater

1944 2564 2121 2608 autem
2155 2553 2298 2607 Filio
2327 2552 2747 2622 prwcxsistebat,
2776 2560 2825 2605 et
2866 2561 2986 2605 ante
3029 2561 3200 2605 ortum
3233 2551 3346 2619 ejus
3376 2551 3521 2605 easi-

1944 2644 2133 2709 stebat,
2156 2654 2409 2715 quatenus
2434 2645 2577 2698 solus
2607 2660 2710 2697 non
2732 2644 2934 2713 genitus
2963 2652 3097 2698 erat.
3125 2642 3215 2696 Sic
3240 2642 3404 2697 etiam
3429 2642 3526 2698 illo

1948 2725 2059 2792 fere
2105 2738 2307 2805 ubique
2357 2735 2576 2791 Eusebii
2618 2735 2764 2789 dicta
2796 2735 2847 2787 in
2879 2734 3040 2787 aliam
3068 2735 3391 2789 sententiam
3426 2731 3522 2786 de-

1946 2824 2129 2887 torsit,
2164 2831 2224 2878 ut
2247 2824 2575 2878 catholicum
2606 2824 2856 2878 redderet
2892 2842 2904 2875 :
2940 2838 3066 2876 nam
3099 2823 3193 2877 lib.
3221 2839 3296 2883 tv,
3342 2838 3392 2876 c.
3428 2821 3517 2888 15,

1947 2933 2000 2988 p.
2038 2917 2157 2981 175,
2190 2918 2303 2971 haec
2333 2917 2550 2971 Eusebii
2575 2918 2758 2983 verba,
2790 2918 2897 2970 Καὶ
2928 2917 3085 2988 μόνον
3116 2917 3175 2981 ἐξ
3206 2915 3370 2969 αὑτοῦ
3396 2933 3522 2984 γενι-

1948 3008 2177 3079 νηθέντα
2229 3008 2361 3061 Θεὸν
2408 3008 2601 3075 Λόγον,
2638 3012 2835 3079 μετοχῇ
2884 3025 2943 3060 τε
2998 3007 3091 3060 τ’]
3144 3010 3519 3077 γεννήσαντος,

1950 3100 2243 3169 ἀγεννήτου
2292 3100 2385 3152 καὶ
2418 3097 2632 3169 πρώτου
2666 3098 2758 3150 καὶ
2795 3099 3055 3169 μείζονος,
3091 3098 3223 3151 Θεὸν
3275 3100 3339 3152 ὲκ
3385 3097 3521 3151 Θεοῦ

272 3173 557 3262 ἐνέργειαν
580 3174 853 3242 τυγχάνει,
882 3176 1000 3227 καθ’
1027 3178 1215 3231 ἑαυτὸν
1238 3180 1585 3251 οὐσιωμένος.
1616 3184 1727 3236 Καὶ
1750 3185 1849 3238 πά·
1874 3167 1919 3228 C
1949 3167 2347 3260 ἀττοφανθέντα,
2375 3167 2604 3262 Χριστὸν
2625 3192 2718 3245 καὶ
2746 3167 3069 3261 ἠλειμμένον
3095 3190 3421 3254 ἀπεκάλεσε,
3444 3191 3533 3245 sic.

273 3260 378 3327 λιν,
416 3265 447 3333 ἡ
504 3264 603 3333 μὲν
636 3265 776 3335 αὐγὴ
818 3268 1150 3338 συνυπάρχει
1189 3270 1264 3341 τῷ
1309 3272 1465 3340 φωτὶ,
1512 3274 1846 3347 συμπληρω-

270 3359 402 3429 τική
438 3376 521 3421 τις
551 3356 685 3412 οὖσα
723 3359 916 3412 αὑτοῦ·
966 3363 1093 3415 ἄνευ
1128 3363 1236 3435 γὰρ
1269 3366 1441 3435 αὐγῆς
1476 3367 1576 3419 οὐκ
1606 3367 1671 3420 ἂν
1718 3370 1849 3420 ὑπο-

277 3453 438 3521 σταίη
489 3452 625 3521 φῶς,
658 3452 793 3522 ὁμοῦ
820 3470 877 3505 τε
912 3454 1005 3505 καὶ
1038 3456 1157 3507 κατ’
1186 3456 1316 3509 αὐτὸ
1351 3457 1753 3529 συνυφέστηκεν
1776 3475 1788 3487 ·
1821 3461 1848 3511 6

272 3542 333 3595 δὲ
364 3542 553 3612 Πατὴρ
595 3543 937 3615 προῡπάρχει
981 3546 1072 3597 τοῦ
1112 3545 1264 3609 Υἱοῦ,
1301 3549 1395 3599 καὶ
1436 3547 1536 3616 τῆς
1581 3549 1849 3617 γενέσεως

277 3635 443 3687 αὑτοῦ
477 3635 909 3705 προϋφέστηκεν,
1022 3637 1180 3707 μόνος
1222 3638 1513 3708 ἁγέννητος
1558 3636 1644 3711 ἦν.
1682 3642 1790 3695 Καὶ
1823 3645 1850 3695 6

282 3730 383 3798 μὲν
422 3729 542 3782 καθ’
577 3729 765 3781 ἑαυτὸν
798 3728 997 3792 τέλειος
1026 3730 1118 3781 καὶ
1151 3731 1383 3802 πρῶτος,
1409 3732 1480 3794 ὡς
1512 3732 1718 3804 Πατὴρ,
1756 3734 1852 3787 καὶ

277 3820 377 3892 τῆς
418 3820 513 3873 τοῦ
555 3820 685 3873 Υἱοῦ
733 3819 1040 3883 συστάσεως
1072 3821 1260 3885 αἴτιος,
1300 3822 1450 3875 οὐδὲν
1500 3824 1578 3887 εἰς
1613 3824 1853 3894 συμπλή-

283 3926 448 3980 ρωσιν
487 3910 586 3979 τῆς
629 3908 820 3961 ἑαυτοῦ
859 3907 1106 3977 (θεότητος
1148 3908 1296 3979 παρὰ
1340 3908 1433 3961 τοῦ
1476 3908 1604 3961 Υἱοῦ
1644 3908 1854 3980 λαμϐά-

279 4017 424 4053 νων·
455 4002 483 4053 6
525 4001 579 4051 δὲ
609 4000 683 4063 ὡς
728 4001 789 4065 ἐξ
834 4002 1006 4054 αἰτίου
1055 3998 1291 4068 γεγονὼς
1335 4000 1467 4061 υἱὸς,
1512 3999 1759 4069 δεύτερος
1791 3979 1852 4051 οἷ’)

281 4092 428 4147 ἐστιν
454 4093 569 4155 υἱὸς
595 4094 918 4164 καθέστηκε,
953 4092 1103 4165 παρά
1128 4091 1221 4145 τοῦ
1249 4092 1458 4163 Πατρὸς
1480 4091 1573 4144 καὶ
1603 4092 1662 4144 τὸ
1693 4089 1851 4155 εἶναι,

282 4185 378 4236 καὶ
409 4185 614 4236 τοιόσδε
659 4181 797 4238 εἶναι
844 4184 1096 4255 εἰληφώς.
1142 4185 1250 4237 Καὶ
1288 4184 1527 4254 πάλιν,ἡ
1580 4184 1675 4254 μὲν
1714 4184 1853 4253 αὐγὴ

280 4276 345 4328 εὖ
381 4276 521 4328 κατά
555 4277 870 4347 προαίρεσιν
906 4277 996 4329 τοῦ
1032 4276 1205 4345 φωτὸς
1229 4274 1519 4344 ἐκλάμπει,
1554 4275 1691 4327 κατά
1718 4291 1770 4325 τι
1800 4274 1855 4325 δὲ

282 4366 383 4435 τῆς
425 4366 613 4428 οὐσίας
643 4365 983 4437 συμϐεϐηκὸς
1016 4366 1345 4437 ἀχώριστον·
1391 4369 1418 4419 6
1457 4366 1514 4417 δὲ
1556 4365 1682 4427 Υἱὸς
1715 4364 1857 4417 κατά

283 4455 512 4526 γνώμην
557 4456 651 4508 καὶ
696 4458 1010 4528 προαίρεσιν
1057 4456 1219 4509 εἰκὼν
1250 4457 1452 4527 ὑπέστη
1499 4457 1589 4508 τοῦ
1625 4456 1854 4525 Πατρός.

286 4548 581 4619 Βουληϐεὶς
608 4548 712 4619 γὰρ
742 4552 770 4602 6
801 4549 931 4613 Θεὸς
960 4549 1179 4617 γέγονεν
1210 4548 1340 4600 Υἰοῧ
1373 4546 1580 4616 Πατὴρ,
1622 4547 1716 4598 καὶ
1743 4547 1855 4614 φῶς

284 4641 540 4710 δεύτερον
581 4641 721 4693 κατά
747 4642 921 4694 πάντα
956 4641 1132 4711 ἐαυτῷ
1160 4640 1587 4711 ἀφωμοιωμένον
1624 4640 1859 4707 ὑπεστή-

289 4752 441 4787 σατο.
473 4735 603 4800 Quae
633 4735 713 4788 sic
754 4750 852 4804 ego
884 4734 1241 4803 interpretor:
1278 4733 1380 4787 Sed
1412 4751 1443 4784 a
1474 4731 1708 4785 sensibili
1744 4732 1861 4800 qui-

287 4826 409 4880 dem
436 4827 632 4880 lumine
653 4826 898 4895 splendor
925 4825 1163 4893 separari
1188 4842 1290 4878 non
1312 4833 1498 4892 potest,
1535 4822 1708 4877 Filius
1743 4839 1859 4876 vero

289 4935 531 4972 seorsum
573 4935 605 4971 a
641 4917 804 4972 Patre
832 4934 921 4987 per
964 4919 1189 4986 seipsum
1223 4916 1481 4971 subsistit.
1524 4916 1600 4968 At:
1649 4915 1860 4968 luminis

289 5011 501 5083 quidem
529 5010 775 5081 splendor
798 5010 967 5063 locum
999 5010 1281 5080 efﬁcientia:
1313 5007 1530 5071 obtinet,
1566 5004 1741 5061 Filius
1766 5021 1857 5059 au-

294 5112 397 5155 tem
441 5102 591 5155 aliud
617 5102 886 5172 quidpiam
915 5118 1072 5171 quam
1100 5099 1383 5154 secundum
1410 5099 1737 5167 efﬁcientiam
1764 5107 1862 5162 est,

300 5210 386 5250 Der
421 5196 647 5264 seipsum
678 5194 978 5248 substantia
1018 5192 1293 5263 prmditus.
1336 5190 1585 5255 Rursum,
1620 5191 1867 5259 splendor

296 5290 458 5344 simul
498 5289 707 5342 exsistit
761 5302 877 5340 cum
932 5286 1145 5350 lumine,
1198 5284 1431 5354 illudque
1481 5282 1865 5354 quodammodo

301 5382 553 5452 complet:
598 5396 721 5433 nam
752 5381 862 5433 sine
891 5378 1166 5449 splendore
1199 5379 1373 5431 lumen
1396 5392 1724 5446 nequaquam
1752 5374 1866 5427 sub-

300 5474 469 5535 sistat,
504 5473 767 5543 simulque
809 5488 923 5524 cum
964 5470 1059 5523 illo
1096 5486 1157 5523 ac
1198 5468 1483 5523 secundum
1528 5466 1660 5519 illud
1689 5465 1858 5520 subsi-

298 5568 418 5629 stit;
464 5566 630 5621 Pater
682 5574 858 5616 autem
904 5562 1044 5616 Filio
1084 5562 1497 5629 prmexsistebat,
1537 5568 1585 5611 et
1624 5569 1744 5611 ante
1777 5574 1861 5609 or-

296 5668 399 5713 tum
456 5659 573 5727 ejus
628 5655 936 5721 exsistebat,
992 5663 1245 5724 quatenus
1294 5653 1438 5704 solus
1497 5646 1859 5719 non-genitus

1948 3283 2227 3337 transtulit
2252 3283 2339 3336 ille
2367 3302 2378 3335 :
2411 3281 2479 3335 Et
2503 3285 2592 3353 qui
2621 3283 2763 3337 solus
2787 3299 2850 3336 ex
2874 3283 2965 3335 illo
2995 3283 3199 3352 genitus
3222 3280 3363 3335 Deus
3396 3280 3525 3335 Ver-

1949 3377 2089 3435 bum.
2116 3377 2585 3430 communicatione
2602 3378 2862 3447 gignentis
2892 3376 3129 3446 ingeniti,
3153 3374 3295 3428 Deus
3324 3373 3388 3429 de
3411 3373 3525 3428 Deo

1946 3478 2023 3522 est
2057 3467 2381 3531 declaratus,
2415 3467 2685 3521 Christum
2730 3476 2884 3537 atque
2924 3475 3139 3520 unctum
3163 3466 3396 3528 vocavit;
3428 3465 3523 3519 ubi

1948 3574 2110 3614 voces
2157 3559 2278 3613 illas
2321 3558 2538 3630 πρώτου
2584 3559 2678 3612 καὶ
2718 3558 2980 3629 μείζονος,
3014 3558 3172 3626 primi
3204 3566 3251 3610 et
3281 3556 3523 3625 majoris,

1951 3649 2296 3718 pnetermisit
2325 3650 2433 3715 ille,
2470 3651 2551 3705 sic
2591 3658 2770 3705 autem
2803 3649 3123 3703 vertendum
3160 3648 3260 3703 fuit
3293 3667 3303 3701 :
3340 3646 3408 3700 Et
3437 3663 3527 3700 so-

1948 3741 2059 3793 lum
2105 3757 2169 3794 ea:
2210 3742 2322 3809 ipso
2354 3743 2587 3812 genitum
2627 3740 2795 3794 Deum
2843 3739 3084 3804 Verbum,
3119 3737 3528 3807 participatione

1948 3832 2205 3901 genitoris
2245 3834 2557 3903 non—geniti,
2584 3833 2741 3901 primi
2771 3840 2819 3885 et
2842 3831 3087 3900 majoris,
3116 3828 3282 3881 Deum
3317 3827 3380 3881 de
3413 3825 3524 3881 Deo

1951 3923 2302 3987 declaratum,
2339 3923 2609 3978 Christum
2654 3932 2702 3977 et
2754 3933 2969 3975 unctum
3000 3922 3219 3975 vocavit.
3249 3919 3314 3972 Et
3341 3934 3393 3989 p.
3421 3918 3519 3975 181

1951 4016 1993 4069 Β
2026 4036 2037 4069 :
2078 4017 2273 4085 Διόπερ
2304 4016 2394 4067 ἐπὶ
2425 4014 2598 4085 τούτῳ
2628 4014 2808 4085 ἔχρισὲ
2855 4030 2936 4077 σε,
2971 4007 3015 4066 ὦ
3045 4012 3166 4075 Θεὲ,
3196 4012 3225 4063 6
3266 4010 3527 4064 ἀνωτάτω

1954 4111 2047 4163 καὶ
2098 4108 2295 4179 μείζων
2344 4106 2526 4170 αὐτὸς,
2561 4108 2588 4158 6
2618 4106 2710 4159 καί
2742 4122 2832 4157 σου
2864 4104 3015 4167 Θεὸς,
3047 4103 3121 4166 ὼς
3148 4097 3286 4155 εἶναι
3315 4102 3406 4154 καὶ
3434 4100 3529 4154 τὸν

1955 4200 2236 4271 χριόμενον
2281 4198 2375 4249 καὶ
2420 4197 2508 4248 τὸν
2553 4196 2771 4267 χρίοντα
2818 4194 2951 4246 πολῦ
3000 4193 3281 4265 πρότερον,
3309 4192 3527 4245 πάντων

1959 4292 2058 4362 μὲν
2088 4290 2213 4342 ὄντα
2243 4290 2394 4353 Θεὸν,
2430 4288 2522 4340 καὶ
2564 4286 2725 4340 αὑτοῦ
2768 4286 3126 4358 διαφερόντως
3166 4283 3259 4338 τοῦ
3306 4282 3527 4359 χριομέ-

1958 4399 2069 4444 νον,
2097 4382 2189 4435 ubi
2218 4382 2271 4434 in
2298 4379 2502 4434 Grazeis
2526 4379 2839 4433 necessario
2868 4378 3037 4447 legas,
3059 4376 3133 4439 ὼς
3157 4370 3292 4429 εἶναι
3316 4375 3406 4429 καὶ
3432 4372 3527 4427 τοῦ

1961 4470 2246 4541 χριομένου
2278 4470 2367 4521 τὸν
2400 4468 2620 4539 χρίοντα
2654 4467 2787 4520 πολὺ
2822 4465 3105 4536 πρότερον,
3141 4465 3276 4518 alias
3309 4472 3530 4519 senten-

1962 4565 2035 4615 tia
2065 4577 2171 4615 non
2201 4562 2489 4615 constabit.
2515 4558 2718 4613 Locum
2754 4558 2826 4611 ita
2858 4559 3038 4621 vertit,
3071 4556 3184 4611 sive
3205 4557 3385 4626 potius
3406 4569 3529 4623 per-

1966 4654 2128 4705 vertit
2163 4653 2434 4721 interpres
2462 4650 2781 4717 ;Propterea
2813 4648 2874 4701 ob
2912 4649 3046 4700 Itane
3079 4650 3245 4715 ipsam
3289 4661 3526 4708 causam,

1962 4742 2114 4793 unxit
2149 4751 2217 4803 te,
2245 4757 2274 4794 o
2302 4738 2463 4802 Deus,
2495 4739 2602 4794 ille.
2638 4738 2728 4807 qui
2772 4749 2889 4789 tuus
2934 4749 3130 4804 quoque
3156 4742 3230 4786 est
3260 4730 3433 4793 Deus;
3471 4739 3528 4782 ut

1964 4832 2033 4885 sit
2075 4840 2124 4883 et
2168 4831 2258 4899 qui
2286 4830 2521 4898 ungitur,
2557 4826 2721 4891 Deus,
2752 4834 2800 4879 et
2844 4826 2932 4895 qui
2975 4824 3120 4892 ungit
3152 4836 3169 4872 :
3203 4820 3291 4889 qui
3322 4817 3530 4889 quidem

1966 4924 2035 4975 sit
2065 4922 2298 4974 omnium
2330 4919 2491 4973 Deus.
2523 4917 2597 4970 Ea
2625 4932 2787 4987 porro
2809 4925 2891 4971 est
2913 4929 3037 4969 vera
3063 4911 3192 4966 dicti
3223 4910 3527 4965 sententia:

1969 5009 2097 5063 Ideo
2127 5010 2278 5062 unxit
2309 5018 2375 5073 te,
2412 5025 2440 5060 ο
2467 5006 2626 5071 Deus,
2659 5007 2748 5076 qui
2775 5018 3045 5072 supremus
3075 5009 3123 5054 et
3150 5000 3341 5068 major,
3368 5016 3428 5052 ac
3456 5000 3532 5052 tui

1968 5116 2167 5169 quoque
2200 5097 2340 5151 Deus
2369 5109 2478 5151 est:
2504 5098 2579 5150 ita
2605 5107 2661 5149 ut
2691 5111 2880 5166 angens
2903 5102 3058 5146 uncto
3083 5092 3248 5145 multo
3273 5092 3418 5161 prior
3439 5092 3529 5154 sit,

1971 5208 2086 5243 cum
2141 5191 2370 5243 omnium
2416 5189 2623 5259 quidem
2668 5190 2736 5241 sit
2766 5186 2926 5251 Deus,
2949 5185 3241 5254 prtesertim
3271 5200 3387 5237 vero
3417 5184 3532 5257 ejus

1972 5283 2061 5352 qui
2087 5282 2318 5351 ungitur.
2351 5279 2414 5333 Et
2445 5296 2496 5350 p.
2528 5278 2633 5333 956
2664 5276 2743 5329 A:
2782 5277 2890 5329 Καὶ
2923 5279 2950 5328 6
2981 5274 3111 5337 Θεὸς
3152 5275 3357 5338 Ἰσαὰκ,
3380 5268 3422 5341 ᾧ
3442 5270 3534 5324 καλ⁴

1975 5372 2174 5442 στήλην
2206 5372 2497 5442 ἀνέστησεν
2530 5372 2557 5422 6
2587 5366 2856 5437 θεοφιλὴς,
2891 5365 3021 5429 Θεὸς
3057 5366 3153 5434 μὲν
3190 5360 3258 5435 ἦν
3298 5364 3392 5417 καὶ
3423 5361 3537 5414 Κύ-

1978 5482 2088 5535 ριος
2136 5463 2325 5533 (αὐτῷ
2354 5463 2462 5533 γὰρ
2487 5461 2695 5527 λέγοντι
2730 5457 3097 5529 πιστευτέον),
3130 5458 3187 5509 οὺ
3223 5455 3328 5526 μὴν
3370 5455 3399 5506 6
3443 5453 3537 5507 ἐπὶ

1972 5555 2205 5621 πάντων,
2240 5554 2351 5606 ἀλλ’
2382 5555 2409 5605 6
2441 5552 2648 5604 ἐκείνου
2676 5550 2945 5623 δεύτερος,
2979 5550 3046 5603 τὰ
3073 5548 3169 5601 τοῦ
3202 5544 3413 5617 Πατρὸς
3455 5544 3535 5606 εις

1970 5646 2284 5717 ἀνθρώπους
2316 5644 2723 5725 διακονούμενος
2752 5644 2843 5697 καὶ
2872 5638 3219 5717 διαγγέλλων,
3248 5638 3341 5694 ubi
3366 5626 3537 5692 inter-

362 5796 436 5867 (α)
476 5793 603 5862 Quo
637 5806 805 5847 smsu
841 5805 933 5859 per
963 5789 1143 5847 omnia
1173 5789 1404 5845 similem
1457 5787 1653 5841 Filium
1703 5785 1870 5849 dicat,
1910 5783 2030 5837 vide
2061 5782 2222 5836 infra.
