3948 6286
459 363 530 418 55
1155 353 1424 414 EUSEBII
1459 349 1937 412 CESAIUENSIS
1977 351 2126 407 OPP.
2171 352 2353 409 PARS
2395 349 2484 409 ΙΙΙ.
2524 385 2595 397 -—
2629 354 3039 415 EXEGETICA.
3643 357 3703 419 86

459 486 586 550 pre‘s
638 492 788 534 more
843 477 1003 532 solito
1035 494 1047 528 ε
1091 474 1156 528 Et
1200 475 1340 531 Deus
1390 474 1571 538 Isaac,
1606 477 1691 529 cui
1725 485 1773 529 et
1819 475 2031 528 titulum
2064 485 2108 541 Α
2133 485 2249 526 rem
2281 471 2527 528 Graecum
2557 473 2784 540 vitiavit,
2817 482 2872 530 et
2900 476 3162 532 catbolice
3233 477 3378 549 loqui
3427 483 3702 550 compulit.

457 572 623 627 erexit
648 569 746 625 Dei
773 571 996 630 amicus,
1018 569 1160 624 Deus
1192 569 1400 639 quidem
1423 578 1536 623 erat
1563 579 1612 623 et
1637 568 1894 623 Dominus
1918 570 2042 640 (ipsi

456 664 594 718 enim
618 662 815 716 dicenti
849 661 1163 715 credendum
1188 663 1328 730 est),
1352 679 1453 715 non
1483 671 1655 714 tamen
1689 661 1733 714 is
1767 663 1856 732 qui
1884 661 2043 715 Pater

456 761 533 806 est
564 760 612 806 et
642 769 675 805 a
716 751 860 805 nullo
890 759 1006 812 est:
1053 752 1141 804 sed
1169 752 1258 822 qui
1287 768 1369 817 ea,
1395 767 1511 821 quae
1539 751 1607 803 ad
1639 749 1856 805 Patrem
1880 753 2042 820 perti-

458 854 600 908 nent,
625 842 923 896 hominibus
955 841 1323 896 subministrat
1343 851 1394 896 et
1414 843 1648 896 nuntiat.
1692 841 1791 896 Ubi
1826 851 2042 897 verten-

459 935 588 990 dum
616 945 732 991 erat
764 956 774 988 :
805 934 871 988 Et
906 935 1047 990 Deus
1081 934 1259 999 Isaac,
1289 937 1376 988 cui
1418 943 1466 988 et
1516 937 1724 988 titulum
1761 936 1921 989 erexit
1963 937 2043 989 vir

459 1028 552 1081 ille
579 1028 875 1097 religiosus,
909 1027 1050 1080 Deus
1083 1026 1291 1096 quidem
1344 1035 1457 1079 erat
1507 1034 1556 1079 et
1604 1025 1896 1090 Dominus;
1939 1025 2043 1092 ipsi

458 1121 596 1174 enim
627 1120 821 1173 dicenti
851 1118 1168 1172 credendum
1203 1127 1317 1181 est;
1348 1135 1439 1172 nec
1473 1128 1644 1172 tamen
1680 1130 1792 1172 erat
1833 1121 1920 1175 ille
1950 1138 2040 1175 su-

455 1227 556 1281 pra
587 1213 764 1266 omnia
797 1209 1006 1284 [Deus],
1042 1213 1133 1264 sed
1167 1210 1250 1264 illi
1279 1210 1558 1274 secundus,
1595 1213 1685 1281 qui
1733 1229 1812 1266 res
1861 1211 2039 1268 Patris

457 1308 512 1361 in
538 1306 836 1360 hominibus
867 1307 1137 1360 ministrat
1185 1316 1235 1359 et
1285 1307 1517 1362 nuntiat.
1546 1306 1676 1373 Qum
1709 1309 1953 1362 recidunt
1985 1311 2039 1364 in

457 1400 606 1454 illam
642 1399 894 1469 superius
928 1406 1410 1452 commonstratam
1443 1399 1664 1454 Eusebii
1691 1401 2036 1468 sententiam,

457 1493 723 1545 unitatem
759 1491 968 1545 scilicet
993 1491 1086 1545 Dei
1117 1491 1500 1546 universorum
1531 1492 1584 1546 in
1612 1509 1717 1546 uno
1737 1490 1899 1548 Patre
1923 1510 2038 1548 ser-

457 1582 597 1644 vari,
624 1580 764 1636 Filio
797 1583 1106 1647 excluso,et
1134 1582 1189 1636 in
1223 1583 1524 1637 secundum
1557 1584 1735 1639 locum
1765 1586 2035 1654 ablegato.

461 1670 726 1728 Similiter
747 1673 944 1742 p.138,
974 1674 1036 1738 C,
1077 1674 1190 1728 haec
1220 1673 1436 1729 Eusebii
1465 1676 1630 1730 verba
1665 1678 1814 1731 ε”Οτε
1841 1677 1898 1730 δὲ
1928 1678 2040 1730 Κύ-

462 1781 575 1836 ριον
609 1765 701 1817 καὶ
732 1764 863 1817 Θεὸν
887 1754 993 1817 οἶδε
1025 1765 1116 1819 τὸν
1147 1766 1584 1837 ἐπιφαινόμενον,
1603 1767 1825 1831 ταύταις
1848 1771 2038 1834 αὐταῖς

2220 566 2341 624 Jam
2386 583 2494 638 quo
2548 566 2942 625 destinavimus
2972 585 3259 641 pergamus
3298 591 3310 626 :
3347 573 3704 630 substantiam

2139 674 2271 730 ergo
2313 656 2437 716 Filii
2470 659 2761 724 Eusebius,
2792 662 2953 714 aliam
2980 671 3034 716 et
3058 663 3327 717 diversam
3361 665 3519 718 docet
3554 681 3581 719 a
3611 664 3710 718 Pa-

2140 757 2244 810 tris
2276 752 2606 814 substantia,
2642 751 2805 822 idque
2832 751 3016 805 nonin
3047 754 3345 823 praemissis
3368 755 3528 808 modo
3554 755 3706 821 locis,

2141 846 2236 900 sed
2275 845 2460 900 etiam.
2491 843 2619 897 alibi
2652 845 3005 913 plerumque;
3052 845 3131 898 sic
3168 845 3222 899 in
3251 845 3712 900 Demonstratione

2139 935 2457 1006 evangelica,
2475 935 2571 989 lib.
2603 950 2656 999 v,
2689 949 2807 1002 cap.
2836 935 2885 996 l,
2913 950 3031 1003 pag.
3059 934 3184 999 215,
3213 945 3500 1006 postquam
3525 938 3578 990 in
3603 953 3710 1008 quo

2139 1028 2369 1097 quadret
2389 1027 2722 1096 comparatio
2745 1025 2920 1080 Patris
2941 1033 2993 1080 et
3014 1025 3136 1080 Filii
3167 1043 3288 1082 cum
3314 1029 3432 1084 luce
3454 1038 3507 1084 et
3530 1032 3711 1100 splen-

2139 1121 2292 1184 dore,
2328 1121 2722 1190 explicavcrat;
2758 1121 2811 1175 in
2845 1138 2953 1192 quo
2978 1121 3229 1176 dill‘eraut
3260 1121 3422 1177 Pater
3459 1133 3511 1176 et
3540 1122 3710 1177 Filius

2138 1227 2168 1264 a
2198 1213 2488 1282 splendore
2517 1220 2570 1267 et
2600 1213 2720 1267 luce
2772 1214 2852 1268 sic
2898 1221 3116 1268 enarrat
3144 1214 3318 1268 :‘AD.’
3341 1215 3401 1268 οὐ
3434 1219 3543 1279 τοῖς
3577 1216 3710 1269 ὑπο-

2137 1302 2391 1372 δείγμασι
2431 1303 2573 1356 κατὰ
2613 1303 2788 1357 πάντα
2819 1306 3016 1376 τρόπον
3044 1305 3263 1376 ὁμοίως,
3295 1305 3578 1376 ὡσπεροῦν
3611 1305 3712 1377 ἤδη

2139 1396 2405 1466 πρότερον
2433 1397 2668 1467 εἴρηται.
2685 1396 2764 1448 Τὰ
2788 1397 2884 1467 μὲν
2917 1396 3024 1468 γὰρ
3049 1398 3228 1469 ἄψυχα
3256 1398 3480 1470 σώματα
3504 1397 3564 1452 τὸ
3585 1415 3715 1469 συμ-

2139 1484 2372 1557 ϐεϐηκὸς
2405 1488 2460 1539 ἐν
2501 1487 2748 1558 ποιότησι
2779 1488 3098 1559 κέκτηνται·
3125 1490 3159 1560 ἦ
3181 1507 3239 1542 τε
3267 1489 3376 1562 γὰρ
3399 1490 3563 1560 αὐγὴ,
3585 1488 3715 1560 σύμ.

2138 1593 2301 1644 φυτος
2333 1574 2465 1630 οὖσα
2497 1582 2563 1650 τῇ
2598 1578 2691 1630 τοῦ
2724 1578 2898 1648 φωτὸς
2939 1579 3118 1649 φύσει,
3151 1583 3244 1634 καὶ
3281 1581 3552 1644 οὐσιωδῶς
3587 1597 3682 1634 συν

2137 1671 2457 1740 υπὰρχουσα
2483 1671 2561 1741 τῷ
2588 1671 2746 1738 φωτὶ,
2775 1672 2876 1724 οὐκ
2903 1671 2967 1724 ἂν
2993 1672 3205 1725 δύναιτο
3234 1673 3388 1736 ἐκτὸς
3417 1673 3717 1743 ὑφεστάναι

2138 1761 2232 1814 τοῦ
2268 1763 2324 1815 ὲν
2362 1755 2406 1830 ᾧ
2440 1765 2586 1815 ἐστιν
2610 1778 2622 1790 ·
2661 1763 2690 1814 ὁ
2719 1763 2774 1814 δέ
2798 1779 2860 1830 γε
2885 1761 2978 1815 τοῦ
3006 1762 3139 1816 Θεοῦ
3167 1765 3337 1832 Λόγος
3369 1764 3487 1817 καθ’
3522 1765 3716 1818 ἑαυτὸν

461 1854 646 1924 σαφῶς
671 1853 932 1924 κέχρηται
954 1853 1070 1917 ταῖς
1095 1855 1449 1926 προσρήσεσι.
1484 1853 1686 1925 Κύριον
1711 1855 1766 1908 δὲ
1789 1857 1881 1908 καὶ
1903 1856 2033 1908 Θεὸν
2069 1850 2109 1909 Β
2136 1853 2391 1906 οὐσίωταί
2431 1870 2491 1906 τε
2525 1855 2618 1906 καὶ
2652 1854 2945 1925 ὑφέστηκε,
2977 1854 3071 1907 καὶ
3103 1855 3201 1908 οὐκ
3239 1857 3544 1927 ἀγεννήτως
3589 1874 3716 1910 συνά

457 1946 540 1999 ὅτι
569 1945 640 2017 μὴ
667 1945 756 2000 τὸν
775 1946 946 1999 αἴτιον
968 1945 1136 2015 λέγοι,
1160 1946 1450 2018 προφανῶς
1472 1945 1748 2010 ἐπέδειξαν
1771 1946 1868 2017 τῆς
1891 1947 2038 2012 Θείας

458 2035 682 2107 Γραφῆς
733 2035 786 2087 αἱ
831 2033 1025 2099 λέξεις,
1057 2034 1284 2104 ἄγγελον
1341 2033 1474 2086 Θεοῦ
1529 2031 1917 2104 προσειποῦσαι
1947 2035 2038 2086 τὸν

458 2127 553 2182 ἐπὶ
575 2127 667 2180 τοῦ
685 2126 876 2180 Ἰακὼϐ
896 2125 1098 2197 Κύριον
1115 2127 1210 2179 καὶ
1236 2126 1366 2178 Θεὸν
1384 2125 1891 2196 προωνομασμὲνον.
1916 2125 2038 2178 Λεί-

459 2223 620 2276 πεταῑ
653 2239 736 2285 τις
757 2221 875 2293 ’ἄρα
899 2221 973 2274 ῶν
997 2223 1054 2273 ὲν
1083 2224 1195 2284 τοῖς
1223 2217 1339 2274 οὖσι
1375 2220 1506 2284 Θεὸς
1535 2221 1628 2273 καὶ
1665 2220 1867 2292 Κύριος
1900 2218 2035 2290 μετὰ

455 2310 549 2363 τὸν
582 2308 926 2377 παμϐασιλέα
966 2309 1058 2362 καὶ
1090 2309 1220 2361 Θεὸν
1257 2309 1363 2362 τῶν
1395 2310 1530 2363 ὅλων
1549 2327 1563 2340 °
1595 2309 1680 2380 εἴη
1711 2311 1754 2364 δ’
1788 2311 1854 2364 ἂν
1883 2303 2036 2372 οὗτος

456 2401 486 2453 ὁ
519 2400 626 2472 πρὸ
657 2400 868 2453 αἰώνων
900 2399 993 2453 τοῦ
1027 2399 1161 2452 Θεοῦ
1188 2400 1376 2469 Λόγος,
1397 2403 1425 2454 ό
1451 2399 1707 2470 κρείττων
1738 2400 1837 2471 μὲν
1869 2401 1900 2470 ἦ
1934 2403 2037 2454 πᾶ-

459 2507 528 2544 σα
564 2491 828 2560 ἀγγελικὴ
863 2490 1043 2560 φύσις,
1081 2491 1245 2560 μείων
1277 2491 1332 2544 δὲ
1363 2493 1396 2562 ἢ
1439 2495 1578 2545 κατὰ
1616 2492 1676 2545 τὸ
1710 2493 1923 2564 πρῶτον
1951 2491 2036 2546 αἶ-

456 2597 590 2645 τιον,
623 2583 697 2634 ita
733 2581 922 2636 Latine
953 2581 1082 2636 fecit
1111 2582 1198 2636 ille
1235 2601 1245 2636 :
1281 2583 1495 2647 Quoties
1520 2601 1636 2638 vero
1664 2583 1949 2638 Dominum
1985 2593 2035 2638 ct

458 2671 648 2736 Deum,
700 2690 816 2726 eum
865 2675 957 2744 qui
998 2684 1216 2750 gpparet
1263 2676 1533 2746 intelligit,
1570 2677 1648 2730 Itis
1689 2677 1816 2746 ipsis
1855 2678 2035 2745 palam

457 2764 634 2816 utitur
681 2764 1034 2820 locationibus
1067 2783 1085 2820 :
1113 2766 1252 2837 quod
1300 2785 1415 2822 vero
1451 2769 1730 2822 Dominum
1771 2769 2036 2840 Deumque

459 2871 562 2909 non
593 2872 708 2908 eum
737 2857 996 2926 signiﬁcet
1026 2857 1116 2928 qui
1149 2857 1316 2913 Pater
1346 2869 1443 2924 est,
1482 2862 1608 2929 ipsa:
1640 2859 1929 2930 Scriptura?
1950 2861 2036 2914 di-

457 2948 590 3002 vina:
637 2947 926 3003 locutiones
969 2951 1023 3002 in
1058 2951 1412 3017 superioribus
1449 2953 1832 3007 euidentissime
1864 2962 2036 3006 osten-

457 3041 612 3108 dunt,
642 3043 730 3095 tibi
758 3043 1001 3113 angelum
1036 3044 1133 3098 Dei
1160 3046 1426 3114 appellant
1461 3063 1577 3098 eum
1607 3047 1818 3115 quicum
1845 3045 1908 3098 de
1936 3044 2038 3098 Ja-

457 3137 553 3189 cob
582 3154 751 3191 sermo
779 3148 945 3200 esset;
978 3147 1210 3208 superest
1247 3139 1409 3208 igitur
1442 3147 1498 3191 ut
1532 3153 1850 3208 quazramus,
1885 3138 2033 3208 quis-

2141 1943 2371 2015 υπάρχει
2423 1944 2500 2014 τῷ
2548 1945 2744 2016 Πατρὶ,
2775 1944 2887 1998 ἀλλ’
2916 1946 2991 2008 ὡς
3046 1947 3336 2019 μονογενὴς
3378 1948 3506 2012 Υἱὸς
3553 1948 3719 2019 μόνος

2138 2037 2244 2108 πρὸ
2277 2037 2492 2090 πάντων
2523 2037 2631 2090 τῶν
2669 2036 2878 2090 αἰώνων
2911 2039 2974 2090 ὲκ
3014 2037 3108 2090 τοῦ
3139 2039 3354 2111 Πατρὸς
3377 2042 3720 2113 γεγεννημέό

2137 2147 2244 2193 νος,
2272 2129 2376 2182 hoc
2405 2136 2490 2184 est
2516 2149 2528 2183 :
2560 2127 2660 2182 Sed
2687 2146 2790 2183 non
2822 2130 3116 2184 omnimode
3143 2134 3496 2198 exemplorum
3525 2134 3724 2188 simili-

2140 2221 2264 2273 tudo
2289 2223 2549 2284 convenit,
2578 2221 2772 2290 utjum
2801 2221 3000 2275 dictum
3025 2223 3125 2292 fuit
3152 2238 3170 2275 ~:
3199 2239 3322 2274 nam
3364 2238 3592 2291 corpora
3632 2224 3720 2276 in-

2139 2313 2380 2366 animata
2438 2311 2681 2366 accidens
2708 2314 2761 2365 in
2792 2313 3136 2384 qualitatibus
3171 2313 3401 2368 obtinent
3426 2329 3444 2368 :
3467 2315 3724 2384 splendor

2136 2406 2274 2458 enim
2302 2421 2418 2457 cum
2447 2415 2652 2459 natura:
2682 2405 2812 2459 lucis
2840 2414 3095 2458 connatus
3131 2405 3222 2467 sit,
3255 2414 3303 2457 et
3344 2404 3723 2460 substantiali-

2139 2504 2217 2548 ter
2241 2511 2359 2549 cum
2389 2495 2504 2547 luce
2537 2496 2845 2559 cocxsistat,
2877 2504 3028 2548 extra
3059 2493 3286 2564 idipsum
3309 2496 3363 2548 in
3388 2513 3487 2566 quo
3514 2507 3598 2550 est
3630 2515 3721 2553 ne-

2135 2602 2401 2656 quaquam
2443 2587 2728 2640 subsistere
2757 2589 2958 2656 possit;
2989 2595 3043 2638 at
3072 2585 3170 2640 Dei
3215 2585 3434 2639 Verbum
3456 2603 3552 2656 per
3584 2605 3646 2643 se
3669 2599 3721 2643 et

2136 2678 2356 2730 seorsim
2393 2677 2746 2732 substantiam
2769 2677 2961 2732 obtinet
2990 2687 3038 2731 et
3067 2677 3303 2731 subsistit
3327 2695 3346 2743 ;
3385 2695 3543 2748 neque
3563 2681 3717 2752 inge-

2137 2768 2244 2821 nite
2273 2767 2331 2836 (i.
2357 2783 2407 2821 e.
2431 2777 2490 2820 ut
2513 2767 2863 2838 non-genitus)
2877 2767 3024 2820 Patri
3049 2769 3316 2822 coexsistit
3339 2784 3358 2832 ;
3390 2769 3478 2823 sed
3503 2779 3559 2823 ut
3591 2773 3721 2824 unis

2134 2860 2338 2929 genitus
2375 2857 2572 2922 Filius,
2606 2859 2750 2912 solus
2787 2868 2908 2912 ante
2937 2859 3112 2911 omnia
3135 2859 3328 2912 sa'cula
3353 2875 3417 2912 ea:
3444 2859 3610 2915 Patre
3628 2879 3722 2931 ge6

2137 2953 2300 3006 nitus.
2333 2948 2653 3020 Pariterque
2683 2952 2777 3004 lib.
2809 2966 2861 3004 vt
2895 2951 3048 3004 initio
3078 2951 3345 3019 prooemii,
3382 2951 3432 3004 iu
3458 2967 3522 3005 eo
3547 2969 3722 3023 quem

2137 3058 2303 3112 supra
2355 3043 2646 3098 retulimus
2700 3043 2839 3105 loco,
2872 3043 2947 3095 ait
3002 3040 3197 3096 Filium
3247 3058 3368 3098 esse
3418 3048 3723 3100 secundam

2137 3141 2260 3204 post
2305 3131 2520 3188 Patrem
2570 3133 2954 3196 substantiam,
2995 3148 3115 3203 qua:
3147 3133 3309 3187 rebus
3340 3134 3500 3188 factis
3532 3137 3726 3189 omni-

459 3243 583 3279 nam
615 3229 704 3290 sit,
739 3229 792 3281 in
825 3230 889 3281 iis
922 3245 1037 3298 qua:
1068 3238 1211 3294 sunt,
1249 3229 1388 3282 Deus
1437 3238 1486 3282 et
1541 3229 1814 3294 Dominus,
1842 3239 2031 3298 prccter
2058 3213 2100 3270 ε
2136 3227 2237 3282 bus
2273 3228 2476 3296 praesit.
2515 3225 2580 3279 Et
2618 3227 2710 3281 lib.
2743 3241 2760 3278 ι
2823 3225 3022 3279 Contra
3068 3226 3398 3291 Marcellum,
3438 3241 3492 3293 p.
3524 3227 3576 3287 5,
3616 3227 3725 3292 ait,

459 3317 674 3372 Patrem
728 3321 982 3382 omnium,
1038 3328 1086 3372 et
1121 3337 1291 3390 regem
1318 3320 1583 3391 Deumque
1631 3323 1858 3375 universi
1889 3338 1906 3375 :
1935 3323 2035 3375 erit

460 3419 644 3464 autem
664 3412 748 3464 hic
789 3410 1012 3465 Verbum
1050 3413 1166 3477 Dei,
1210 3413 1346 3484 quod
1377 3423 1452 3466 est
1481 3425 1601 3467 ante
1635 3416 1852 3478 saecula,
1884 3431 2036 3483 supe-

461 3500 572 3552 rior
609 3501 818 3570 quidem
846 3503 989 3554 omni
1032 3503 1269 3573 angelica
1316 3515 1529 3569 natura,
1561 3506 1826 3572 profectus
1863 3514 2036 3558 autem

460 3591 526 3643 ab
576 3607 656 3649 eo.
685 3592 776 3660 qui
811 3591 973 3645 Pater
1020 3602 1119 3647 est.
1155 3591 1261 3648 Sed
1303 3594 1458 3664 longe
1491 3596 1593 3649 alia
1628 3594 1833 3664 profert
1865 3594 2035 3650 Euse-

461 3681 607 3744 bius.
636 3684 848 3738 scilicet
875 3702 887 3738 :
916 3683 1046 3739 Cum
1075 3703 1192 3739 vero
1228 3685 1510 3739 Dominum
1539 3698 1588 3742 et
1615 3687 1804 3753 Deum,
1829 3689 1918 3758 qui
1943 3704 2038 3757 ap-

456 3785 628 3841 paret,
654 3793 766 3830 esse
794 3779 1051 3847 agnoscit,
1086 3779 1272 3832 iisdem
1327 3779 1455 3849 ipsis
1503 3779 1644 3832 clare
1681 3781 1846 3833 utitur
1869 3781 2039 3849 appel-

460 3867 748 3921 lationibus
771 3885 788 3921 :
811 3871 950 3938 quod
983 3886 1099 3923 vero
1128 3869 1413 3924 Dominum
1445 3881 1494 3924 et
1519 3871 1686 3926 Deum
1715 3873 1915 3937 dicens,
1934 3889 2037 3925 non

458 3961 712 4029 eum,.qui
741 3959 919 4014 Causa
945 3971 1044 4026 est,
1070 3963 1346 4033 signiﬁcet,
1370 3963 1634 4017 euidenter
1656 3963 1930 4018 ostendunt
1952 3965 2037 4016 di-

462 4053 598 4106 vinat
627 4051 917 4122 Scriptura:
947 4071 1112 4118 voces,
1146 4072 1262 4126 quae
1292 4057 1532 4126 angelum
1573 4055 1671 4110 Dei
1700 4058 1871 4126 ipsum
1904 4073 2038 4110 utut-

461 4156 680 4214 cupant,
711 4147 800 4216 qui
844 4145 1045 4200 Iacobo
1093 4145 1282 4220 [visus]
1335 4147 1587 4202 Dominus
1633 4157 1682 4202 et
1715 4148 1852 4202 Deus
1882 4159 2036 4201 antea

464 4237 759 4304 appellatus
788 4246 883 4292 est.
911 4236 1093 4292 Restat
1123 4254 1243 4308 ergo
1269 4239 1530 4308 quispiam
1550 4239 1685 4291 inter
1714 4255 1777 4292 ea
1805 4253 1919 4306 qua:
1941 4250 2037 4290 εει--

461 4331 657 4384 sistunt
707 4329 848 4385 Deus
893 4341 940 4384 et
995 4330 1275 4396 Dominus,
1327 4342 1443 4397 post
1485 4331 1720 4384 omnium
1770 4346 1937 4400 regem
1989 4341 2039 4383 et

465 4414 631 4470 Deum
662 4419 1020 4472 universorum
1049 4433 1068 4471 :
1097 4419 1141 4472 is
1169 4429 1343 4472 autem
1369 4418 1550 4488 fuerit,
1581 4420 1670 4490 qui
1695 4431 1816 4473 ante
1844 4417 2040 4472 stecula

461 4519 564 4575 est,
599 4509 699 4563 Dei
735 4509 979 4573 Verbum,
1011 4512 1182 4580 major
1205 4509 1413 4581 quidem
1446 4513 1590 4564 omni
1623 4511 1858 4578 angelica
1885 4518 2040 4562 natu-

465 4619 561 4667 ra,
593 4601 767 4654 minor
797 4617 914 4656 vero
942 4599 1040 4654 illa
1082 4603 1256 4670 prima
1297 4618 1479 4655 causa.
1519 4600 1621 4656 Ubi
1653 4603 1719 4656 de
1751 4617 1900 4656 more
1930 4599 2038 4654 Eu-

462 4693 650 4750 sebius
675 4690 874 4748 Filium
897 4692 1014 4757 Dei,
1040 4707 1069 4746 a
1091 4693 1352 4763 primaria
1381 4695 1469 4747 illa
1488 4693 1686 4750 deitate
1711 4702 1763 4749 et
1791 4693 2035 4748 omnium

466 4800 634 4840 causa
662 4785 958 4849 seclusum,
986 4784 1248 4855 dignitate
1275 4795 1326 4841 et
1347 4786 1540 4841 ordine
1565 4801 1666 4841 ceu
1696 4783 1936 4840 medium
1962 4787 2040 4840 in-

467 4883 554 4929 ter
600 4874 767 4930 Deum
808 4884 861 4929 et
904 4875 1129 4941 angelos
1176 4877 1478 4932 constituit.
1513 4873 1782 4930 Sexcenta
1816 4876 1922 4930 alia
1968 4893 2036 4933 ex

463 4966 761 5035 evangelica
802 4963 1260 5022 Demonstratione
1316 4967 1433 5021 loca
1481 4965 1672 5022 aﬂ‘erre
1703 4969 1756 5021 in
1785 4974 2040 5037 promptu

466 5057 742 5120 esset,ubi
767 5057 1036 5127 interpres
1065 5054 1356 5113 Eusebium
1389 5057 1454 5112 ad
1483 5058 1804 5112 catholicam
1834 5057 2040 5113 doctri-

469 5161 597 5202 nam
625 5147 710 5202 vel
745 5146 971 5203 invitum
1001 5149 1224 5204 deduxit
1255 5167 1268 5204 :
1295 5150 1386 5205 sed
1423 5149 1538 5203 ilch
1570 5149 1755 5204 lectori
1789 5155 1950 5204 erunt
1973 5148 2041 5202 ad

469 5235 742 5294 cautelam
773 5236 930 5300 satis,
963 5253 1032 5293 ne
1077 5237 1132 5292 in
1178 5236 1369 5291 Latina
1418 5235 1671 5290 versione
1719 5250 1779 5290 se
1822 5231 2040 5289 Eusebii

470 5325 796 5384 sententiam
837 5328 1107 5398 expiscari
1153 5342 1314 5400 posse
1348 5325 1604 5382 Conﬁdat.
1637 5321 1874 5381 (Estimo
1911 5339 2044 5379 sane

471 5419 674 5475 multos
706 5419 1018 5488 interpretis
1050 5421 1280 5476 artiﬁcio
1301 5419 1368 5474 ad
1390 5417 1609 5474 Eusebii
1636 5414 1894 5473 tutandas
1918 5432 2044 5488 par-

470 5518 553 5567 tes
573 5510 874 5567 accessisse
906 5529 920 5566 :
953 5527 1081 5567 nam
1131 5512 1178 5567 is
1225 5511 1409 5566 sciens
1437 5517 1492 5566 et
1518 5510 1757 5581 prudens
1805 5508 2042 5580 scripto-

552 5726 630 5788 ιι)
680 5717 810 5788 Vide
834 5725 1108 5788 comment.
1137 5718 1188 5788 in
1203 5715 1359 5788 Psgl.
1404 5730 1524 5788 pag,

474 5785 660 5852 contra
701 5787 1042 5853 Marcellum,
1079 5786 1133 5849 4,
1159 5785 1248 5854 69,
1283 5785 1368 5851 79,
1415 5785 1532 5839 HM.

2135 3332 2259 3372 eum
2285 3317 2375 3387 qui
2408 3317 2605 3370 dixerit
2636 3314 2850 3369 Patrem
2876 3323 2929 3368 et
2961 3314 3153 3369 Filium
3187 3315 3491 3368 substantia
3515 3330 3723 3378 unum,

2136 3415 2320 3477 aperte
2357 3405 2723 3460 Sabellianum
2752 3420 2872 3459 esse
2892 3423 2907 3469 ;
2931 3411 2984 3458 et
3013 3420 3063 3474 p.
3091 3405 3161 3460 25
3189 3417 3476 3460 accusatus
3501 3421 3530 3458 a
3566 3404 3727 3461 Mar-

2135 3499 2273 3554 cello
2323 3497 2627 3560 Eusebius,
2664 3497 2806 3564 quod
2856 3505 2994 3551 teste
3046 3496 3304 3552 Narcisso
3362 3497 3728 3564 Neroniadis,

2136 3591 2273 3644 duas
2325 3605 2446 3644 esse
2491 3587 2672 3642 Patris
2712 3595 2765 3643 et
2818 3587 2941 3641 Filii
2973 3590 3308 3645 substantias
3341 3589 3566 3654 diceret,
3597 3606 3726 3646 rem

2138 3681 2230 3736 ille
2264 3697 2372 3735 non
2402 3688 2582 3750 negat,
2618 3679 2713 3734 sed
2744 3680 2849 3733 alio
2878 3696 2989 3734 rem
3036 3689 3089 3735 et
3138 3697 3442 3735 sermonem
3468 3683 3729 3738 divertit.

2139 3775 2377 3846 Tempus
2404 3791 2490 3829 me
2519 3773 2794 3840 deficeret,
2825 3777 2869 3831 si
2893 3775 3092 3831 similia
3123 3775 3341 3831 Eusebii
3369 3776 3484 3830 loca
3515 3791 3734 3847 conge-

2139 3885 2263 3924 rere
2293 3868 2485 3923 vellem
2516 3887 2528 3921 :
2561 3867 2629 3921 de
2651 3867 2918 3922 industria
2946 3869 3092 3923 enim
3119 3868 3207 3922 ille
3229 3869 3433 3938 passim
3468 3883 3582 3923 rem
3608 3872 3736 3942 θεῖε

2139 3971 2220 4017 tat
2251 3970 2305 4017 et
2340 3961 2702 4030 comprobare
2730 3961 2925 4015 nititur
2959 3961 3060 4032 (a).

2210 4097 2290 4145 Vl.
2319 4093 2564 4146 Eusebius
2588 4095 2702 4144 Filii
2727 4096 2962 4145 deitatem
2987 4099 3132 4148 aliam
3157 4099 3329 4145 statuit
3362 4111 3386 4144 a
3415 4102 3646 4158 paterna.

2207 4221 2347 4274 Cum
2379 4237 2508 4291 ergo
2555 4220 2750 4276 Filium
2784 4222 3011 4276 diversas
3047 4236 3076 4275 a
3114 4232 3342 4292 paterna
3397 4223 3737 4280 substantia!

2139 4313 2308 4376 dicat,
2341 4312 2470 4366 hinc
2499 4313 2852 4383 consequitur
2879 4319 2938 4366 ut
2964 4312 3216 4367 deitatem
3239 4313 3399 4366 aliam
3429 4326 3458 4366 a
3493 4322 3738 4384 paterna

2139 4405 2197 4458 in
2232 4403 2373 4458 Filio
2412 4421 2536 4460 esse
2551 4405 2794 4473 doceat:
2827 4404 2967 4475 quod
3003 4404 3129 4458 licet
3157 4403 3348 4459 eodem
3396 4405 3630 4470 recidat,
3663 4425 3737 4462 ex

2142 4489 2278 4567 ipsis
2318 4497 2535 4554 Eusebii
2577 4497 2738 4552 dictis
2763 4497 2977 4567 planius
3007 4495 3195 4548 evadet
3222 4515 3234 4549 :
3265 4486 3409 4549 unde
3441 4495 3610 4549 etiam
3641 4513 3742 4552 as-

2146 4600 2361 4647 seratur
2394 4592 2539 4662 quod
2586 4591 2742 4644 initio
2783 4589 3275 4659 comprobavimus,
3312 4589 3522 4644 scilicet
3547 4588 3745 4646 Euse-

2148 4685 2294 4738 bium
2348 4685 2612 4739 unitatem
2665 4682 2883 4736 deitatis
2927 4684 2981 4737 in
3019 4697 3126 4735 uno
3162 4679 3318 4736 Patre
3361 4681 3742 4738 constitui-re.

2144 4777 2235 4830 Ait
2266 4777 2430 4846 igitur
2465 4777 2558 4830 lib.
2586 4792 2617 4826 v
2660 4773 2810 4828 Dem.
2845 4791 3052 4844 evang.,
3087 4790 3134 4826 ε.
3170 4773 3260 4837 30,
3307 4789 3360 4842 p.
3393 4773 3499 4828 255
3530 4773 3751 4829 εἈλλὰ

2143 4869 2251 4940 γὰρ
2297 4868 2363 4920 δι’
2393 4867 2529 4920 ὅλων
2560 4866 2854 4937 τριάκοντα
2884 4865 3233 4936 προφητικῶν
3264 4863 3573 4934 κεφαλαίων
3606 4865 3748 4920 δεύ-

2145 4977 2301 5031 τερον
2325 4957 2456 5012 Θεὸν
2493 4957 2630 5028 μετὰ
2661 4957 2751 5010 τὸν
2783 4957 3039 5011 ἀνωτάτω
3067 4957 3160 5011 καὶ
3181 4957 3272 5010 ἐπὶ
3301 4958 3454 5021 πᾶσι,
3488 4954 3578 5008 τὸν
3618 4958 3757 5010 Σω-

2146 5051 2289 5122 τῆρα
2333 5051 2428 5103 καὶ
2467 5049 2671 5121 Κύριον
2698 5049 2878 5121 ἡμῶν,
2907 5050 2999 5103 τὸν
3045 5049 3138 5102 τοῦ
3187 5047 3321 5101 Θεοῦ
3365 5045 3556 5115 Λόγον,
3585 5041 3752 5105 εἶναι

2150 5141 2548 5214 μεμαθηκότες,
2575 5143 2660 5210 ἐφ’
2687 5143 2874 5215 ἑτέραν
2918 5141 3018 5211 τῆς
3059 5141 3177 5194 κατ’
3206 5138 3366 5192 αὑτὸν
3411 5139 3750 5208 οἰκονομίας

2148 5231 2403 5288 ὑπόθεσιν
2429 5230 2866 5306 μεταϐησόμεθα.
2888 5230 2990 5287 Ubi
3017 5231 3288 5301 interpres
3309 5244 3408 5300 pro
3432 5243 3583 5282 more
3612 5228 3750 5285 hinc

2147 5325 2314 5394 impia
2335 5323 2481 5379 dicta
2516 5325 2583 5378 ad
2611 5324 2934 5378 catholicam
2959 5321 3283 5378 sententiam
3315 5319 3575 5374 detOrsit:
3595 5328 3748 5375 nam

2151 5416 2233 5472 sic
2272 5414 2554 5472 transtulit
2584 5433 2600 5470 :
2630 5415 2840 5469 Atenim
2887 5423 3160 5485 postquam
3207 5412 3454 5466 hactenus
3484 5424 3549 5464 ea:
3598 5412 3749 5466 totis

2153 5507 2372 5578 triginta
2408 5507 2723 5578 propheticis
2765 5505 3046 5576 capitibus,
3078 5504 3265 5570 Deum,
3295 5503 3632 5558 Salvatorem
3675 5516 3753 5558 ac

1606 5715 1692 5773 t9.
1731 5709 1869 5773 534:
1925 5711 2222 5768 Demeam.
2263 5727 2471 5781 τηις..
2542 5709 2662 5773 “8,
2715 5705 2834 5772 l55,
2883 5705 3010 5771 202,
3065 5703 3194 5767 (ἔδυ,
3237 5703 3362 5770 253,
3421 5700 3546 5766 2'54.
3576 5697 3750 5771 235;
