3948 6286
236 329 311 383 37
1018 324 1525 384 COMMENTARIA
1567 326 1634 379 IN
1674 325 2017 382 PSALMOS.
2060 356 2129 367 -—
2166 326 2717 382 PRELIMINARIA.
3427 330 3495 383 58

238 444 528 499 Dominum
570 450 829 509 nostrum,
863 443 960 499 Dei
1004 443 1225 497 Verbum
1265 460 1376 497 esse
1405 441 1710 506 didicimus,
1740 441 1808 495 ad
1837 450 1879 504 Α
1914 451 1971 495 ιιι
2026 442 2185 497 habet
2238 439 2533 511 Gregorius
2589 440 3004 496 Nazianzenus:
3041 440 3121 496 sic
3168 440 3197 493 6
3248 440 3497 509 θεολὸγος

236 534 463 585 alterum
497 532 613 601 ejus
642 549 757 603 qua:
792 532 859 585 ad
891 532 1127 587 eumdem
1150 534 1368 600 pertinet
1407 534 1810 601 dispensationis

234 633 605 695 argumentum
643 635 995 679 transeamus.
1030 626 1135 679 Ubi
1166 624 1486 679 vertendum
1536 625 1636 678 fuit
1674 642 1685 677 :
1715 625 1813 677 At-

232 719 371 770 enim
406 727 691 787 postquam
717 732 781 771 ea:
806 720 931 771 totis
953 717 1169 786 triginta
1192 716 1503 785 propheticis
1527 716 1808 784 capitibus,

231 809 525 863 secundum
554 809 742 872 Deum,
793 819 909 877 post
950 810 1101 862 illum
1132 826 1432 879 supremum
1460 818 1508 862 et
1533 810 1622 879 qui
1650 826 1811 877 supra

235 904 414 957 omnia
460 913 560 969 est,
592 902 923 957 Salvatorem
974 904 1173 957 scilicet
1218 903 1504 955 Dominum
1552 912 1809 965 nostrum,

232 994 333 1049 Dei
374 993 624 1057 Verbum,
656 1011 767 1047 esse
795 994 1114 1057 didicimus;
1143 995 1258 1063 jam
1285 994 1353 1047 ad
1372 994 1520 1047 aliud
1543 995 1656 1065 ejus
1678 1010 1813 1047 teco-

232 1087 429 1140 nemiae
476 1094 843 1156 argumentum
894 1096 1244 1140 transeamus.
1281 1085 1380 1139 Hic
1414 1086 1567 1142 vides
1612 1102 1811 1141 secun-

235 1177 387 1239 dum,
420 1177 539 1232 sive
571 1178 803 1231 alterum
839 1176 1030 1242 Deum,
1055 1193 1084 1231 a
1115 1194 1368 1247 supremo
1393 1180 1486 1233 illo
1512 1186 1564 1232 et
1595 1178 1687 1248 qui
1722 1193 1813 1231 su-

234 1284 333 1341 pra
359 1271 543 1331 omnia
573 1277 676 1333 est,
701 1268 1044 1331 distinctum,
1073 1270 1356 1339 praedicari
1390 1288 1404 1324 :
1437 1285 1563 1324 nam
1595 1270 1813 1339 utrique

228 1374 393 1413 suam
425 1359 681 1412 deitatem
729 1360 974 1423 ascribit,
1012 1360 1236 1414 alteram
1264 1374 1574 1430 supremam
1604 1367 1659 1415 et
1698 1374 1812 1413 ma-

225 1452 431 1521 jorem,
464 1466 585 1520 quae
613 1450 678 1505 ad
698 1450 913 1507 Patrem
937 1491 951 1515 ,
976 1452 1202 1508 alteram
1234 1468 1365 1506 vero
1385 1454 1670 1514 minorem,
1693 1467 1813 1522 qua:

226 1544 303 1598 ad
330 1543 548 1603 Filium,
568 1544 856 1613 pertineat.
890 1544 956 1597 Et
979 1559 1107 1598 vero
1140 1545 1194 1598 in
1227 1545 1366 1599 libro
1400 1546 1575 1613 primo
1610 1543 1810 1597 Contra

234 1634 571 1701 Marcellum,
605 1636 809 1691 diserte
858 1642 911 1689 et
940 1636 1058 1690 sine
1089 1636 1313 1707 ambage
1341 1635 1408 1691 de
1437 1635 1597 1689 Patre
1617 1635 1692 1688 ait
1720 1636 1809 1689 :‘O

226 1727 335 1797 τὴν
383 1728 587 1780 οἰκείαν
628 1726 854 1796 Θεότητα
883 1726 1236 1797 κεκτημένος,
1266 1727 1354 1797 qui
1396 1727 1662 1796 propriam
1709 1724 1810 1778 sibi

229 1796 493 1874 deitatem
526 1820 741 1874 obtinet.
767 1818 951 1888 Neque
984 1796 1153 1881 enim,
1188 1827 1246 1873 ut
1276 1796 1367 1874 ille
1408 1821 1608 1890 passim
1637 1819 1812 1888 loqui-
1843 1796 1884 1852 Β

228 1922 347 1975 tur,
384 1911 581 1965 Filium
613 1912 677 1965 ad
714 1910 858 1964 illam
898 1910 1211 1979 primariam
1242 1912 1512 1980 pertinere
1554 1910 1810 1965 deitatem

226 2013 422 2077 putat;
448 2004 541 2059 sed
574 2004 799 2058 seorsim
829 2018 858 2055 a
882 2000 1043 2056 Patre
1068 2002 1333 2056 minorem
1356 2018 1478 2056 esse
1499 2000 1664 2057 Deum
1687 2016 1814 2071 pro-

228 2099 498 2152 nuntiat:
526 2111 649 2149 nam
684 2096 738 2149 in
780 2096 1023 2150 secundo
1060 2092 1259 2149 Contra
1282 2092 1598 2147 Marcellum
1650 2094 1810 2158 libro,

227 2211 356 2265 cap.
384 2194 453 2246 16
481 2203 533 2247 et
564 2193 650 2257 i7,
675 2206 796 2262 pag.
820 2190 921 2245 126
945 2200 997 2244 et
1020 2190 1141 2255 127,
1175 2204 1272 2259 pro
1304 2189 1513 2243 viribus
1540 2188 1813 2258 depugnat

229 2286 326 2340 ille
355 2285 570 2340 Patrem
613 2293 666 2338 et
698 2282 896 2336 Filium
926 2298 1034 2337 non
1060 2282 1309 2337 eumdem
1344 2297 1464 2336 esse
1492 2280 1694 2347 Deum;
1718 2280 1811 2335 sed

230 2394 303 2434 ex
336 2378 487 2431 inaui
513 2378 604 2431 illa
646 2377 1020 2441 distinctione,
1048 2391 1213 2448 quam
1245 2376 1299 2429 in
1331 2374 1506 2443 primo
1535 2372 1812 2442 Evangelii

229 2465 468 2525 Joannis
496 2471 769 2526 versiculo
790 2469 1246 2535 comminiscitur,
1272 2468 1438 2521 alium
1486 2480 1607 2522 esse
1644 2462 1811 2516 Deum

233 2564 332 2631 qui
387 2577 555 2632 supra
604 2562 787 2616 omnia
817 2569 935 2627 est,
971 2560 1135 2613 alium
1174 2574 1303 2615 vero
1333 2557 1522 2619 Deum,
1559 2554 1651 2625 qui
1678 2552 1814 2608 Ver-

228 2654 370 2709 bum
423 2655 642 2709 dicitur.
679 2652 982 2723 Siquidem,
1018 2652 1096 2705 ait
1137 2650 1257 2712 ille,
1306 2649 1421 2702 haec
1468 2644 1813 2714 evangelista:

232 2747 401 2801 verba
438 2746 559 2801 :‘Ev
590 2746 731 2814 ἀρχῇ
770 2740 837 2814 ἦν
884 2744 913 2795 6
954 2743 1147 2809 Λόγος·
1179 2740 1271 2794 καὶ
1302 2740 1330 2791 6
1361 2736 1529 2805 Λόγος
1571 2729 1638 2805 ἦν
1678 2732 1813 2803 πρὸς

232 2836 329 2888 τὸν
359 2834 524 2887 Θεὸν·
578 2835 672 2886 καὶ
707 2832 837 2895 Θεὸς
868 2828 933 2901 ἦν
963 2834 990 2884 6
1018 2832 1209 2899 Λόγος,
1242 2828 1409 2882 Deum
1441 2825 1656 2879 Palretn
1687 2838 1810 2877 cum

232 2924 473 2977 articulo
513 2923 846 2991 exprimunt,
881 2921 1015 2991 πρὸς
1055 2920 1144 2971 τὸν
1180 2916 1331 2978 Θεὸν,
1364 2914 1531 2969 Deum
1566 2926 1695 2966 vero
1723 2910 1813 2963 Fi-

232 3018 371 3068 lium
411 3015 530 3068 sine
554 3014 804 3074 articulo,
837 3014 931 3066 καὶ
961 3012 1090 3074 Θεὸς
1114 3006 1181 3081 ἦν
1204 3012 1233 3062 6
1258 3010 1428 3075 Λόγος
1459 3026 1471 3060 :
1501 3020 1566 3060 ex
1590 3019 1699 3075 quo
1726 3019 1813 3056 ar-

232 3109 355 3178 guit
405 3108 514 3169 ille,
566 3105 733 3159 Deum
766 3104 1001 3158 Verbum
1050 3104 1170 3157 sine
1204 3100 1432 3155 articulo
1466 3112 1806 3168 expressum,
1837 3142 1879 3198 ϐ

236 3200 406 3251 alium
435 3213 557 3252 esse
596 3196 764 3253 Deum
795 3194 864 3249 ab
890 3210 955 3249 eo
986 3193 1077 3263 qui
1127 3206 1251 3245 cum
1304 3188 1533 3242 articulo
1558 3185 1811 3254 exprimi-

233 3302 333 3344 tur
350 3308 362 3355 ;
380 3299 542 3360 atque
569 3291 640 3342 ita
676 3287 895 3343 Sabellii
924 3286 1097 3341 errori
1122 3299 1180 3339 se
1202 3296 1491 3338 occurrere
1515 3286 1687 3349 putat,
1713 3277 1809 3347 qui

234 3383 506 3444 crederet,
553 3379 771 3433 Patrem
830 3385 883 3432 et
944 3376 1141 3430 Filium
1186 3390 1294 3428 non
1344 3370 1591 3426 eumdem
1648 3368 1809 3422 modo

235 3471 409 3527 Deum
428 3511 442 3534 ,
475 3472 569 3526 sed
598 3469 844 3524 eamdem
868 3484 991 3523 esse
1024 3481 1333 3537 personam,
1363 3478 1483 3533 qua:
1509 3460 1807 3516 secundum

236 3566 421 3620 varias
454 3562 787 3632 intelligendi
814 3563 1053 3615 rationes
1079 3558 1527 3628 distingueretur,
1558 3570 1621 3608 ac
1646 3554 1809 3608 modo

226 3655 421 3720 Pater,
460 3654 621 3709 modo
652 3654 821 3707 Filius
846 3661 899 3707 et
932 3652 1164 3707 Verbum
1197 3651 1579 3721 appellaretur.

545 3784 651 3834 VII.
677 3785 882 3835 Grandis
906 3783 1259 3845 paralogismus
1280 3780 1503 3831 Eusebii.

310 3890 383 3943 At
409 3904 520 3943 non
550 3888 699 3943 videt
725 3886 994 3943 Eusebius
1025 3902 1083 3941 se
1114 3887 1168 3940 in
1192 3886 1519 3957 impietatem
1553 3881 1811 3936 Sabellia-

218 4000 305 4041 na
356 3983 494 4038 forte
524 3982 852 4036 deteriorem
889 3979 1152 4044 incidere,
1189 3994 1253 4031 ac
1282 3992 1438 4033 sacro
1466 3976 1811 4044 evangelista:

218 4075 495 4148 grandem
533 4074 954 4144 paralogismum
989 4071 1261 4142 aﬂingere.
1294 4069 1428 4123 Nam
1472 4069 1537 4134 si,
1568 4078 1625 4122 ut
1658 4075 1811 4137 putat

222 4167 530 4231 Eusebius,
561 4166 895 4235 evangelista
926 4163 1093 4219 Deum
1129 4163 1294 4216 alium
1344 4162 1602 4230 majorem
1637 4170 1689 4214 et
1717 4176 1811 4215 su-

220 4274 486 4333 premum
527 4259 616 4312 hic
663 4258 885 4320 indicet,
916 4257 1079 4309 alium
1114 4270 1242 4309 vero
1270 4254 1532 4307 minorem
1568 4258 1621 4305 et
1656 4252 1811 4321 longe

220 4353 595 4423 inaequalem;
630 4352 989 4419 incogitanter
1019 4346 1309 4402 admodum
1355 4344 1616 4407 Joannes,
1648 4354 1707 4397 ut
1735 4345 1812 4397 ait

222 4449 566 4519 plerumque
598 4444 927 4497 Athanasius
954 4487 969 4509 ,
1020 4457 1110 4496 res
1153 4440 1288 4493 adeo
1337 4439 1641 4508 disparatas
1695 4436 1811 4490 sine

226 4540 360 4594 ulla
381 4535 750 4599 distinctione,
777 4549 885 4587 uno
905 4534 1205 4602 eodemque
1231 4530 1498 4585 vocabulo
1528 4536 1812 4595 utramque

223 4628 529 4699 copulans,
560 4626 927 4696 signiﬁcavit:
964 4624 1032 4677 Et
1068 4623 1311 4689 Verbum,
1362 4622 1455 4681 ait,
1504 4630 1618 4674 erat
1674 4618 1813 4688 apud

227 4724 433 4785 Deum,
462 4732 511 4775 et
544 4721 685 4774 Deus
722 4729 837 4774 erat
870 4717 1089 4772 Verbum
1120 4714 1301 4787 (loan.
1339 4731 1376 4779 ι,
1409 4714 1483 4784 1).
1516 4712 1647 4766 Nam
1691 4711 1814 4781 quis

225 4830 360 4870 non
393 4813 533 4877 voci,
562 4811 725 4874 Deus,
750 4810 1084 4879 conjunctim
1111 4808 1374 4878 repetitae,
1398 4807 1645 4860 eamdem
1667 4812 1816 4858 utro-

226 4911 410 4978 bique
442 4905 895 4976 significationem
941 4901 1125 4955 statim
1168 4898 1475 4968 aptaverit?
1506 4897 1639 4962 Quis
1670 4910 1815 4950 eam-

226 4998 371 5053 dem
394 5010 604 5056 vocem,
638 4993 723 5048 bis
751 4992 939 5047 eodem
971 4991 1090 5044 loco
1109 4990 1472 5053 cnuntiatam,
1499 4995 1607 5041 tam
1633 4986 1816 5055 dispao

227 5093 365 5139 rata
399 5081 707 5150 signiﬁcare
737 5078 1038 5150 putaverit?
1065 5078 1203 5132 Hinc
1236 5078 1362 5131 item
1400 5078 1557 5146 longe
1582 5074 1813 5130 deterri-

228 5189 333 5232 ma
369 5173 617 5242 impietas
645 5172 1017 5240 consequitur,
1049 5185 1077 5224 a
1117 5185 1222 5240 qua
1267 5184 1481 5239 semper
1518 5177 1627 5222 tam
1658 5176 1815 5221 vetus

232 5279 409 5335 quam
476 5279 609 5316 nma
670 5260 912 5316 Ecclesia
970 5274 1182 5315 summe
1235 5259 1720 5313 abliorruitznam
1768 5258 1814 5313 si

232 5355 441 5412 Filium
517 5354 684 5407 alium
734 5368 764 5406 a
814 5351 976 5405 Patre
1026 5350 1192 5406 Deum
1254 5365 1377 5405 esse
1430 5350 1812 5415 admittamus,

238 5450 387 5503 duos
410 5461 534 5501 esse
591 5444 723 5499 deos
778 5444 1045 5497 fateamur
1082 5458 1304 5498 necesse
1352 5448 1459 5504 est,
1489 5442 1655 5495 alium
1700 5455 1816 5494 ma-

232 5542 413 5612 jorem
462 5539 742 5607 aliumque
784 5537 1050 5591 minorem
1084 5554 1096 5588 :
1134 5545 1295 5605 atque
1337 5534 1415 5588 sic
1448 5534 1502 5587 in
1532 5533 1816 5603 pluralita-

241 5641 354 5687 tem
395 5630 630 5686 deorum
677 5627 1003 5691 incidamus,
1053 5635 1107 5682 et
1165 5627 1220 5682 in
1279 5626 1539 5680 πολύθεον
1593 5624 1814 5691 ἀθεῖαν,

315 5774 386 5837 (α)
428 5766 489 5821 P.
524 5765 652 5819 ut.

1908 532 2145 588 Joannes
2178 534 2332 587 initio
2388 533 2665 603 Evangelii
2724 534 2808 588 sui
2858 534 3084 588 deorum
3118 534 3540 604 multiplicum,

1908 634 2016 680 tem
2054 626 2347 681 induxerit.
2381 626 2477 680 llic
2529 640 2589 681 se
2639 627 2775 681 mire
2826 634 3153 695 contorquet
3203 624 3496 687 Eusebius,

1909 727 1963 774 et
2003 734 2071 773 ne
2102 718 2241 773 duos
2273 726 2501 789 cogatur
2532 720 2821 774 admittere
2852 720 2983 774 deos
3028 726 3107 772 tot
3148 718 3498 772 circuitioni-

1910 813 2012 867 bus
2054 820 2109 867 et
2155 812 2477 882 ambagibus
2527 813 2717 876 utitur,
2760 820 2820 866 ut
2871 812 3180 882 perplexam
3228 811 3492 881 arguendi

1911 904 2223 959 methodum
2251 904 2439 957 mirari
2472 904 2686 958 subeat.
2721 903 2810 957 Ait
2847 904 3013 973 igitur
3036 902 3305 958 Eusebius
3333 905 3427 957 lib.
3455 919 3493 958 ll

1910 994 2109 1050 Contra
2137 993 2446 1048 Marcellum
2472 995 2549 1065 (τι)
2578 1014 2589 1049 :
2617 996 2744 1049 Δέον
2776 995 3021 1048 ἐντεῦθεν
3049 999 3306 1057 συνεῖναι,
3330 996 3404 1059 ὼς
3433 998 3492 1051 οὐ

1908 1085 2000 1138 δύο
2027 1086 2179 1149 θεοὺς
2200 1088 2232 1155 ἡ
2261 1086 2553 1157 Ἐκκλησία
2574 1086 2668 1138 τοῦ
2699 1086 2834 1139 Θεοῦ
2859 1088 3119 1157 κηρύττει
3140 1103 3158 1119 ’
3185 1088 3245 1141 οὐ
3269 1088 3377 1159 γὰρ
3401 1088 3497 1141 δύο

1908 1177 2196 1247 ἀγέννητα,
2226 1176 2344 1228 οὐδὲ
2370 1176 2462 1229 δύο
2492 1176 2721 1249 ἄναρχα,
2755 1177 2829 1241 ὼς
2870 1178 3128 1242 πολλάκις
3162 1180 3293 1249 ἡμῖν
3339 1181 3493 1253 εἴρη-

1907 1285 2015 1333 ται,
2044 1268 2164 1320 οὐδὲ
2188 1266 2280 1319 δύο
2309 1268 2495 1331 οὐσίας
2526 1268 2584 1333 ὲξ
2620 1268 2889 1337 ἰσοτιμίας
2918 1268 3495 1341 ἀντιπαρεξαγομένας

1909 1360 2157 1431 ἀλλήλοις
2192 1360 2431 1427 εἰσάγει·
2463 1359 2542 1412 διὸ
2572 1360 2691 1412 οὐδὲ
2726 1359 2818 1412 δύο
2849 1352 3007 1424 θεούς
3028 1378 3039 1390 ·
3065 1360 3201 1413 ἀλλὰ
3237 1362 3364 1432 μίαν
3394 1364 3497 1435 ἀρ’

1908 1451 2009 1523 χὴν
2040 1452 2131 1505 καὶ
2156 1451 2287 1505 Θεὸν
2323 1448 2482 1516 εἶναι,
2520 1452 2609 1505 τὸν
2639 1453 2801 1506 αὑτὸν
2828 1454 3047 1524 Πατέρα
3075 1453 3401 1509 διδάσκουσα
3422 1450 3496 1507 εἷ-

1911 1561 1999 1596 ναι
2042 1542 2136 1595 τοῦ
2189 1540 2506 1612 μονογενοῦς
2558 1543 2649 1595 καὶ
2699 1543 2981 1614 ἀγαπητοῦ
3025 1544 3175 1608 Υἱοῦ,
3220 1545 3437 1601 hoccst
3473 1561 3489 1600 :

1916 1634 2055 1689 Hinc
2090 1634 2482 1703 intelligendum
2507 1645 2584 1688 est
2620 1634 2911 1689 Ecclesiam
2944 1635 3045 1689 Dei
3077 1654 3179 1690 non
3203 1636 3335 1691 duos
3361 1635 3489 1691 deos

1914 1726 2204 1794 pra’dicare
2236 1742 2255 1779 .·
2290 1744 2390 1779 ηοη
2415 1728 2553 1779 enim
2582 1726 2687 1780 duo
2718 1744 2819 1789 non
2851 1730 3049 1798 genita,
3078 1746 3169 1783 nec
3197 1730 3302 1784 duo
3341 1731 3493 1800 prin-

1914 1820 2046 1884 cipio
2079 1819 2335 1881 carentia,
2383 1829 2438 1871 ut
2491 1836 2626 1887 sirpe
2672 1820 2872 1873 dictum
2919 1821 3144 1875 a'nobis
3191 1832 3290 1885 est,
3333 1836 3495 1892 neque

1912 1910 2047 1963 duas
2070 1910 2419 1976 substantias,
2450 1910 2643 1964 honore
2673 1913 2792 1979 pari
2812 1926 2875 1965 ea:
2900 1912 3117 1965 adverso
3158 1922 3339 1965 mutuo
3378 1913 3491 1966 col-

1913 2000 2074 2065 latas,
2123 2001 2356 2064 inducit,
2403 2000 2617 2070 ideoque
2662 2018 2751 2055 nec
2797 2000 2927 2054 duos
2974 2002 3096 2055 deos
3134 2016 3152 2054 :
3193 2001 3283 2054 sed
3329 2018 3492 2054 unum

1911 2094 2223 2163 principium
2258 2103 2306 2147 et
2338 2093 2526 2156 Deum,
2565 2095 2735 2161 ipsum
2773 2092 2989 2147 Patrem
3023 2095 3279 2163 unigeniti
3318 2103 3367 2148 et
3404 2095 3491 2147 di-

1915 2188 2033 2241 lecti
2072 2187 2203 2241 Filii
2233 2204 2343 2241 esse
2366 2187 2534 2241 docet.
2567 2189 2755 2257 Itaque
2788 2195 3016 2242 eatenus
3043 2203 3149 2241 non
3191 2188 3330 2243 duos
3358 2186 3493 2243 deos

1912 2297 2033 2337 esse
2060 2282 2210 2345 dicit,
2234 2293 2501 2352 quatenus
2526 2283 2677 2336 solus
2706 2280 2866 2335 Pater
2892 2296 3000 2334 non
3036 2281 3254 2351 genitus
3284 2290 3339 2334 et
3371 2282 3492 2335 sine

1913 2372 2203 2442 principio,
2238 2389 2381 2428 uitus
2414 2372 2557 2428 Deus
2589 2380 2642 2427 et
2686 2388 2854 2425 unum
2899 2372 3229 2441 principium
3265 2381 3371 2436 est,
3402 2371 3493 2427 Fi-

1914 2465 2020 2519 lius
2046 2479 2196 2526 vero,
2227 2472 2412 2533 utpote
2446 2466 2549 2534 ipsi
2580 2465 2887 2535 inmqualis,
2922 2480 3031 2517 non
3068 2465 3121 2517 in
3154 2465 3415 2535 primaria
3440 2473 3493 2520 et

1914 2568 2021 2607 una
2066 2553 2156 2606 illa
2203 2553 2401 2608 deitate
2448 2563 2700 2609 censetur
2743 2570 2863 2609 esse
2893 2572 2904 2606 :
2940 2558 3089 2623 atqui
3134 2554 3263 2609 hinc
3314 2556 3491 2609 solum

1914 2644 2165 2699 concludi
2206 2654 2404 2715 potest,
2436 2662 2545 2699 non
2594 2662 2717 2702 esse
2760 2647 2897 2702 duos
2936 2648 3173 2716 aequales
3204 2648 3356 2711 deos,
3394 2649 3490 2703 sed

1914 2752 2080 2790 unum
2108 2735 2322 2792 Patrem
2367 2753 2682 2807 supremum
2727 2753 2850 2793 esse
2896 2737 3069 2792 Deum
3108 2755 3271 2794 :cum
3308 2750 3488 2794 autem

1914 2826 2107 2888 Filius,
2141 2827 2266 2880 licet
2295 2828 2470 2896 impar
2501 2835 2553 2881 et
2583 2828 2783 2893 minor,
2804 2828 2948 2883 Deus
2979 2837 3161 2883 tamen
3195 2845 3315 2884 esse
3338 2831 3491 2884 dica-

1916 2929 2036 2980 tur,
2065 2918 2192 2971 hiuc
2221 2934 2352 2972 sane
2378 2927 2748 2987 consequetur
2780 2920 2917 2973 duos
2960 2935 3083 2975 esse
3115 2920 3283 2987 deos;
3319 2921 3493 2990 majo~

1915 3026 2027 3064 rem
2065 3012 2253 3072 alium,
2285 3011 2512 3065 alterum
2545 3027 2674 3065 vero
2708 3012 2997 3067 minorem.

1913 3103 2041 3155 Vill.
2064 3103 2168 3152 Non
2207 3102 2413 3151 obscure
2437 3104 2581 3152 docet
2616 3104 2793 3152 Filium
2834 3118 2927 3152 non
2954 3117 3065 3153 esse
3088 3118 3206 3153 vere
3230 3105 3404 3154 Deum.
3432 3131 3494 3141 —-

2159 3165 2237 3213 IX.
2264 3166 2368 3223 Quo
2392 3178 2538 3213 sensu
2568 3166 2747 3214 Filium
2771 3178 2882 3214 esse
2912 3169 3071 3215 Deum
3099 3168 3237 3215 dicit.

1984 3249 2155 3303 Probe
2184 3249 2567 3302 animadvertit
2613 3248 2883 3305 Eusebius
2914 3266 3025 3305 non
3061 3267 3223 3320 posse
3272 3252 3493 3305 ratioci-

1916 3338 2005 3392 nia
2037 3354 2133 3393 sua
2181 3337 2483 3393 consistere
2518 3356 2529 3390 :
2566 3338 2946 3407 quamobrem.
2978 3353 3098 3406 qua:
3127 3337 3229 3407 ipsi
3262 3353 3367 3390 una
3398 3352 3491 3392 su-

1915 3438 2127 3498 pererat
2160 3427 2408 3482 elabendi
2436 3428 2599 3492 ratio,
2632 3443 2698 3481 ne
2727 3427 2865 3481 duos
2893 3427 3182 3480 admittere
3230 3426 3363 3481 deos
3395 3441 3493 3480 co-

1915 3530 2091 3589 gatur,
2116 3504 2290 3573 'modo
2319 3527 2504 3589 aperte
2531 3519 2707 3581 docet,
2746 3534 2871 3571 mox
2916 3532 3015 3571 nec
3066 3518 3303 3571 obscure
3351 3519 3489 3571 insi-

1915 3620 2045 3667 nuat
2071 3611 2266 3665 Filium
2292 3627 2401 3666 non
2434 3626 2557 3666 esse
2579 3626 2701 3665 vere
2725 3610 2915 3665 Deum.
2948 3609 3003 3662 In
3028 3610 3257 3679 epistola
3288 3611 3490 3680 quippe

1916 3720 2012 3760 sua
2066 3706 2133 3758 ad
2186 3704 2634 3774 Euphrationem,
2673 3703 2742 3757 ab
2774 3703 3075 3756 Athanasio
3117 3709 3172 3755 et
3216 3700 3489 3755 aNicaana

1916 3798 2155 3852 secunda
2179 3796 2388 3867 synodo
2418 3795 2637 3849 laudata
2658 3793 2836 3863 (b),de
2866 3791 3002 3845 Filio
3029 3792 3154 3845 talia
3185 3790 3329 3845 fatur
3352 3810 3365 3845 :
3385 3791 3489 3843 Τὸν

1915 3891 2075 3944 αὐτὸν
2100 3891 2156 3944 δὲ
2189 3890 2281 3942 καὶ
2310 3889 2466 3959 μόνον
2496 3886 2745 3957 ἀληθινὸν
2771 3879 2906 3938 εἶναι
2940 3884 3177 3937 διδάσκει
3204 3883 3267 3936 δι’
3288 3878 3361 3937 ὧν
3385 3900 3489 3953 φη-

1864 3978 1879 3995 ⁶
1918 4001 1999 4037 σιν
2017 4002 2029 4014 ·
2065 3985 2188 4038 Ἵνα
2211 3982 2548 4052 γινώσκωσι
2568 3995 2640 4034 σε
2655 3980 2763 4033 τόν
2781 3980 2974 4047 μόνον
2992 3977 3280 4043 ἀληθινὸν
3305 3977 3451 4029 Θεόν
3468 3991 3483 4005 ·

1915 4076 2033 4147 οὐχὶ
2065 4076 2138 4139 ὼς
2168 4076 2285 4138 ἐνὸς
2316 4074 2465 4136 ὄντος
2494 4074 2653 4143 μόνου
2687 4071 2779 4124 τοῦ
2825 4069 2980 4133 Θεοῦ,
3012 4067 3125 4121 ἀλλ’
3150 4068 3225 4131 ὼς
3255 4066 3371 4130 ἑνὸς
3404 4066 3489 4119 ὕν-

1914 4184 2003 4230 τος
2032 4167 2190 4237 μόνου
2222 4163 2472 4237 ἀληθινοῦ
2506 4161 2664 4224 Θεοῦ,
2697 4160 2833 4231 μετὰ
2865 4158 3181 4231 προσθήκης
3201 4158 3489 4225 ἀναγκαιο-

1915 4259 2081 4327 τάτης
2123 4256 2239 4320 τοῦ,
2269 4255 2581 4325 ἀληθινοῦ.
2602 4255 2752 4307 Ἐπεὶ
2803 4252 2897 4305 καὶ
2943 4250 3104 4312 αὐτὸς
3154 4248 3285 4310 Θεὸς
3340 4247 3489 4317 μὲνὸ

1924 4353 2072 4415 Υἱὸς,
2102 4351 2215 4404 ἀλλ’
2233 4351 2331 4403 οὐκ
2362 4346 2609 4418 ἀληθινὸς
2639 4345 2791 4408 Θεὸς-
2809 4338 2889 4406 εἷς
2921 4344 3028 4412 γάρ
3062 4342 3175 4393 ἐστι
3210 4341 3303 4393 καὶ
3330 4339 3487 4410 μόνος

1925 4444 2171 4514 ἀληθινὸς
2191 4442 2342 4503 Θεὸς,
2374 4439 2459 4493 διὰ
2492 4438 2553 4491 τὸ
2587 4438 2661 4508 μὴ
2682 4436 2826 4506 ἔχειν
2860 4434 2965 4505 πρὸ
2988 4433 3150 4487 αὐτοῦ
3180 4450 3319 4486 τινα.
3347 4433 3409 4484 Εἰ
3429 4431 3487 4483 δὲ

1844 4500 1889 4558 θ
1923 4500 2247 4596 καιάὺτεᾷςὸ
2278 4500 2405 4594 τεὸς
2430 4500 2843 4602 ἀληθινδξίόιλλ*
2874 4500 2947 4589 ὧς
2976 4524 3137 4578 εἰκὼν
3172 4523 3265 4576 τοῦ
3298 4521 3485 4592 ἀληθι-

1924 4628 2037 4684 νοῦ.
2063 4630 2144 4698 εἴη
2172 4626 2235 4680 ἂν
2258 4625 2350 4678 καὶ
2371 4624 2519 4687 Θεὸς
2545 4622 2665 4674 ἐπεὶ
2686 4622 2779 4674 καὶ
2801 4619 2931 4682 Θεὸς
2952 4614 3016 4689 ἦν
3034 4619 3059 4670 6
3081 4616 3269 4683 Λόγος,
3292 4615 3350 4666 οὑ
3378 4613 3484 4682 μὴν

1922 4720 1997 4783 ὡς
2020 4722 2049 4773 ὁ
2080 4719 2237 4789 μόνος
2264 4713 2511 4784 ἀληθινὸς
2539 4712 2671 4775 Θεὸς
2691 4752 2704 4775 ,
2736 4712 2839 4765 hoc
2869 4719 2951 4763 est
2983 4728 2996 4763 :
3032 4706 3285 4760 Eumdem
3311 4714 3483 4757 autem

1923 4823 1970 4867 et
2006 4811 2175 4865 solum
2203 4824 2380 4863 verum
2416 4823 2527 4860 esse
2555 4805 2704 4857 docet
2746 4804 2827 4856 his
2857 4801 3022 4857 verbis
3054 4814 3071 4851 :
3105 4818 3121 4849 t
3168 4796 3231 4850 Ut
3268 4810 3484 4864 cognos-

1923 4913 2046 4959 cant
2087 4913 2136 4956 te
2175 4900 2345 4953 solunt
2388 4913 2565 4951 verum
2602 4895 2767 4949 Deum
2800 4893 2983 4965 (Joan.
3027 4905 3169 4947 xvn.
3214 4887 3289 4953 5),
3326 4906 3344 4937 ι
3381 4902 3483 4938 non

1914 4990 2069 5062 quasi
2104 5004 2242 5042 unus
2269 4987 2413 5041 solus
2448 4986 2520 5040 sit
2562 4982 2726 5048 Deus,
2759 4980 2848 5036 sed
2885 4978 3038 5049 quasi
3080 4991 3216 5029 unus
3242 4973 3387 5028 solus
3415 4975 3485 5027 sit

1916 5098 2065 5137 verus
2089 5080 2251 5143 Deus,
2268 5095 2384 5132 cum
2418 5078 2512 5132 hoc
2538 5075 2925 5145 pernecessario
2954 5068 3079 5122 addi
3088 5076 3338 5130 tamento,
3363 5085 3381 5117 ι
3403 5082 3484 5119 ue-

1916 5190 2028 5228 rus.
2058 5192 2078 5225 ι
2112 5170 2255 5225 Nam
2284 5180 2331 5225 et
2361 5171 2470 5240 ipse
2498 5168 2706 5239 quidem
2740 5164 2931 5224 Filius,
2962 5160 3122 5221 Deus,
3151 5158 3241 5213 sed
3276 5175 3377 5211 non
3399 5173 3484 5211 ue-

1916 5280 2006 5317 rus
2034 5261 2170 5316 Deus
2196 5276 2213 5314 :
2239 5276 2375 5313 unus
2405 5266 2481 5312 est
2506 5257 2645 5309 enim
2685 5253 2828 5307 salus
2872 5264 3023 5302 verus
3059 5245 3221 5307 Deus,
3254 5261 3313 5297 eo
3346 5240 3483 5313 quod

1917 5372 2020 5409 non
2050 5354 2236 5405 habeat
2260 5352 2487 5421 aliquem
2518 5356 2637 5400 ante
2661 5362 2733 5398 se.
2766 5340 2917 5407 Quod
2948 5341 2993 5393 si
3034 5339 3144 5406 ipse
3164 5350 3365 5406 quoque
3392 5331 3478 5384 Fi-

1917 5448 2020 5500 lius
2055 5462 2207 5499 verus
2246 5453 2345 5507 est,
2379 5440 2468 5496 sed
2508 5440 2642 5493 sicut
2672 5437 2845 5503 imago
2886 5432 2990 5507 reri
3038 5430 3156 5489 Dei,
3188 5427 3328 5480 Deus
3370 5426 3485 5494 [ue-

1918 5537 1987 5590 rit
2017 5551 2037 5589 .'
2066 5532 2317 5603 siquidem
2335 5505 2387 5585 et
2416 5529 2555 5583 Deus
2586 5534 2701 5580 erat
2742 5505 2983 5584 Verbum,
3018 5537 3121 5573 non
3146 5528 3317 5571 tamen
3349 5523 3483 5567 sicut

1919 5629 2008 5684 ille
2051 5626 2193 5681 solus
2234 5639 2380 5677 verus
2433 5620 2591 5673 Deus.
2626 5616 2864 5687 ldipsum
2894 5614 3097 5669 diserte
3146 5608 3382 5665 declarat
3428 5607 3487 5662 iu

1991 5761 2065 5829 (b)
2109 5758 2306 5813 Athan.
2340 5763 2379 5811 t.
2412 5754 2455 5825 l;
2484 5770 2523 5809 ιι
2562 5752 2708 5818 Nic.,
2742 5758 2847 5807 act.
2878 5766 2930 5813 v,
2964 5763 3014 5817 p.
3044 5744 3167 5801 εδδ.
