3948 6286
545 259 615 315 39
1221 255 1490 312 EUSEBII
1524 252 2003 313 CESARIENSXS
2040 253 2189 308 OPP.

546 381 846 436 Demonstr.
874 398 1078 455 evang,
1108 398 1230 455 cap.
1248 384 1304 449 ι,
1330 401 1452 457 pag.
1470 359 1596 449 εεὶι,
1616 385 1702 441 his
1723 384 1904 440 verbis
1931 403 1946 439 :
1973 385 2113 438 Οὐκ·
2141 388 2185 443 Α

546 469 641 524 οῦν
670 470 758 524 διὰ
783 471 985 526 τούτων
1029 477 1057 528 6
1104 474 1201 545 μὲν
1231 474 1436 547 ἀληθὴς
1458 478 1555 529 καὶ
1593 476 1752 548 μόνος
1784 475 1918 539 Θεὸς
1944 471 2026 539 εἷς
2053 478 2118 530 ἂν

547 562 655 634 εἴη,
688 564 846 634 μόνος
893 566 1093 638 κυρίως
1131 568 1414 639 τυγχάνων
1447 568 1547 638 τῆς
1579 567 1948 640 προσηγορίας
1968 586 1981 597 ο
2012 570 2040 620 6
2062 568 2119 621 δὲ

546 652 794 727 δεύτερος
825 658 1080 728 μετουσίᾳ
1121 658 1215 712 τοῦ
1262 659 1493 732 ἀληθοῦς
1519 662 1621 732 τῆς
1645 662 1928 726 κοινωνίας
1959 662 2118 731 ἠξίω-

444 767 451 771 -
543 765 655 813 ται,
683 749 805 803 οὔτε
834 750 914 804 ὢν
942 751 1065 806 καθ’
1089 752 1300 818 ἑαυτὸν,
1325 752 1447 806 οὔτε
1475 753 1722 824 ὑφεστὼς
1744 755 1866 826 δίχα
1890 754 1984 808 τοῦ
2011 754 2120 808 θεο-

438 834 449 841 “
483 844 486 847 “
545 841 823 907 ποιοῦντος
865 845 1027 898 αὑτὸν
1059 846 1293 918 Πατρὸς,
1328 846 1438 900 οὔτ’
1464 847 1590 902 ἄνευ
1621 848 1717 902 τοῦ
1752 849 1962 918 Πατρὸς
2003 848 2119 903 θεο-

546 928 870 1004 λογούμενος
901 955 914 990 :
952 937 1118 991 missa
1152 953 1281 992 vero
1303 939 1616 1010 interpretis
1649 941 1920 1005 versione,
1951 955 2116 1011 quam

545 1021 636 1076 ille
662 1037 763 1092 pro
791 1039 941 1079 more
973 1040 1077 1081 suo
1103 1027 1172 1080 ad
1198 1028 1525 1082 catholicam
1556 1029 1714 1084 [idem
1744 1030 2114 1097 concinnavit,

544 1113 627 1166 sic
655 1130 756 1170 nos
772 1115 1049 1173 reddimus
1072 1137 1086 1173 :
1110 1116 1294 1190 Itaque
1318 1134 1383 1174 ex
1424 1120 1504 1174 his
1534 1137 1681 1175 verus
1704 1130 1753 1175 et
1789 1121 1932 1175 solus
1974 1121 2114 1177 Deus

545 1205 643 1277 (a),
675 1224 811 1264 unus
844 1211 1027 1278 fuerit,
1051 1212 1141 1282 qui
1160 1212 1302 1267 solus
1334 1212 1468 1266 hanc
1483 1214 1881 1282 appellationem
1911 1217 2116 1285 proprie

544 1300 770 1364 obtinet;
798 1303 1053 1357 secundus
1071 1313 1243 1358 autem
1266 1306 1663 1374 participatione
1677 1308 1800 1374 veri,
1823 1310 2114 1364 communi-

543 1391 748 1446 catione
775 1393 863 1447 'lla
891 1394 1139 1464 dignatus
1168 1405 1264 1460 est,
1282 1399 1614 1467 quinonsine
1637 1397 1799 1453 Patre
1832 1401 1920 1470 qui
1943 1402 2115 1470 ipsum

542 1482 710 1538 Deum
751 1488 921 1557 efficit,
955 1504 1045 1555 per
1087 1506 1140 1543 se
1167 1491 1372 1544 exsistit
1410 1501 1459 1545 et
1500 1491 1772 1556 subsistit;
1799 1508 1958 1563 neque
2003 1495 2115 1548 sine

542 1574 706 1632 Patre
750 1577 891 1633 Deus
944 1592 1180 1637 vocatur.
1231 1581 1335 1638 Ubi
1365 1583 1512 1638 clare
1555 1584 1688 1639 dicit
1739 1585 1913 1647 solum
1943 1602 2113 1641 unum

541 1667 711 1725 Deum
746 1669 960 1727 Patrem
992 1688 1136 1737 esse,
1171 1674 1257 1729 cui
1286 1674 1376 1730 Dei
1407 1691 1603 1730 nomen
1632 1676 1850 1747 proprie
1895 1678 2113 1748 compe-

542 1760 628 1826 tit,
662 1764 957 1817 secundum
984 1773 1163 1820 autem
1203 1764 1369 1821 Deum
1406 1767 1820 1837 participatione
1843 1775 2049 1822 tantum
2081 1784 2111 1824 a
2142 1741 2186 1796 Β

541 1849 651 1907 Deo
680 1851 838 1908 Patre
869 1852 1038 1909 Deum
1069 1855 1271 1910 factum
1302 1855 1489 1912 fuisse.
1531 1857 1667 1914 Cum
1699 1868 1876 1914 autem
1907 1859 1984 1913 ait
2026 1876 2113 1916 se-

539 1944 778 1998 cundum
815 1945 964 1999 illum
1000 1946 1191 2011 Deum,
1221 1949 1309 2001 cui
1363 1950 1572 2004 scilicet
1602 1965 1710 2004 non
1745 1967 1869 2006 vere
1900 1961 1953 2006 et
1985 1967 2111 2023 pro.

537 2034 658 2103 prie
689 2036 947 2106 competit
994 2038 1141 2107 quod
1176 2037 1319 2093 Deus
1348 2041 1440 2104 sit,
1477 2056 1585 2095 non
1630 2043 1749 2097 sine
1785 2040 1945 2097 Patre
1967 2044 2112 2098 exsi-

539 2134 703 2195 stere,
721 2128 785 2181 ad
819 2129 950 2183 illud
975 2129 1248 2200 Evangelii
1268 2129 1494 2186 Joannis
1514 2132 1765 2202 respicit:
1794 2132 1861 2186 Et
1886 2134 2110 2188 Verbum

530 2230 651 2272 erat
673 2220 810 2288 apud
836 2219 1022 2275 Deum.
1041 2220 1167 2277 Ideo
1192 2232 1371 2279 autem
1391 2222 1588 2278 Filium
1606 2225 1772 2280 Deum
1798 2227 2110 2298 dignatione

536 2309 717 2368 Patris
751 2329 873 2368 esse
891 2314 997 2385 (vel
1027 2316 1212 2385 potius
1232 2334 1297 2372 ex
1331 2318 1397 2373 iis
1423 2334 1544 2388 qua:
1560 2335 1724 2390 supra
1753 2320 1993 2378 diximus
2013 2338 2110 2378 vo-

530 2405 695 2473 .cari),
715 2406 957 2477 ait,quia
987 2416 1071 2463 est
1100 2410 1277 2481 imago
1310 2409 1525 2468 Patris:
1550 2428 1658 2466 non
1687 2414 1904 2484 quidem
1931 2417 2109 2488 imago

537 2512 660 2566 quin
676 2500 921 2554 eamdem
945 2515 1108 2570 quam
1124 2497 1284 2577 Pater
1301 2503 1658 2560 substantiam
1676 2507 1937 2573 obtineat,
1957 2523 2104 2571 nam,

538 2595 599 2643 ut
649 2604 816 2660 supra
868 2593 1277 2663 comprobatum
1337 2603 1444 2661 est,
1476 2596 1748 2653 diversam
1802 2613 1832 2651 a
1884 2608 2109 2668 paterna

538 2679 900 2735 substantiam
928 2681 1050 2736 Filii
1077 2685 1393 2752 constituit;
1422 2687 1519 2743 sed
1557 2688 1735 2760 imago
1772 2690 2109 2759 perfectissi-

537 2785 649 2838 ma,
684 2782 950 2841 quantum
981 2789 1045 2829 ea
1080 2782 1262 2845 potest
1299 2792 1422 2832 esse
1472 2794 1593 2848 quae
1638 2780 1742 2835 alia
1785 2796 1816 2834 a
1852 2796 2106 2852 supremo

534 2859 646 2917 Deo
672 2863 856 2921 fuerit.
890 2864 1238 2937 ldipsumque
1279 2869 1467 2925 multis
1501 2871 1555 2924 in
1593 2871 1729 2927 locis
1760 2880 1868 2927 tam
1900 2875 1955 2928 in
1999 2873 2108 2930 De-

535 2955 913 3008 monstratione
959 2958 1299 3027 evangelica,
1359 2976 1525 3030 quam
1576 2961 1634 3015 in
1696 2963 1855 3019 libris
1904 2962 2105 3021 Contra

534 3041 851 3098 Marcellum
878 3045 1141 3104 declarat.
1194 3047 1328 3103 Nam
1363 3051 1458 3105 lib.
1507 3067 1524 3106 ι
1556 3050 1757 3107 Contra
1792 3053 2102 3110 Marcellum
2126 3074 2173 3133 ο

533 3151 589 3206 p.
633 3137 723 3201 70,
779 3138 846 3193 de
901 3138 1063 3196 Patre
1094 3142 1241 3198 clare
1272 3151 1326 3197 et
1369 3145 1489 3199 sine
1534 3146 1760 3216 ambage
1794 3148 1889 3214 ait,
1921 3149 2101 3213 Μόνος

530 3227 787 3301 ἀληθινὸς
816 3230 947 3294 Θεός
980 3247 993 3260 ·
1027 3230 1182 3288 Solus
1207 3250 1355 3288 verus
1390 3234 1553 3291 Deus.
1587 3237 1644 3291 In
1673 3237 2099 3296 Dentonstratio-

530 3336 609 3385 πε,
636 3331 818 3377 autem
852 3325 1172 3395 evangelica,
1217 3327 1255 3379 Ι.
1285 3344 1340 3391 v,
1381 3343 1431 3382 c.
1467 3328 1525 3393 4,
1583 3344 1705 3400 pag.
1763 3331 1890 3401 227,
1944 3350 2097 3390 suam

528 3413 772 3470 dilucide
803 3416 871 3472 de
899 3416 1057 3473 Patre
1092 3429 1146 3474 et
1174 3417 1312 3475 Filio
1341 3422 1670 3476 sententiam
1698 3424 1953 3493 expli’cat,
1998 3427 2101 3481 ait-

527 3523 641 3579 que
663 3506 858 3563 Filium
891 3511 960 3565 ob
985 3526 1138 3569 suam
1161 3528 1284 3566 cum
1313 3511 1470 3570 Patre
1496 3515 1906 3572 similitudinem
1930 3516 2099 3574 Deum

533 3602 738 3665 vocari,
789 3602 915 3656 licet
969 3618 1077 3658 non
1112 3604 1330 3674 preprie
1371 3614 1426 3660 et
1468 3622 1566 3677 per
1596 3623 1654 3663 se
1684 3609 1845 3662 talem
1882 3623 2099 3664 nuncu-

531 3693 802 3761 pationem
833 3693 1076 3749 obtineat
1122 3714 1136 3748 :
1174 3710 1299 3749 nam
1342 3702 1629 3767 postquam
1659 3698 1871 3754 dixerat
1900 3698 2098 3754 Filium

530 3791 728 3838 natura
791 3785 957 3839 Deum
1010 3801 1133 3841 esse
1167 3825 1182 3853 ,
1247 3797 1481 3842 mentem
1543 3803 1697 3844 suam
1757 3789 1838 3846 sic
1871 3792 2093 3859 aperit:

531 3875 678 3948 Πλὴν
735 3878 785 3930 εἰ
821 3878 913 3931 καὶ
958 3876 1118 3947 φύσει
1161 3880 1453 3951 μονογενὴς
1496 3879 1625 3946 Υἱὸς
1651 3883 1744 3936 καὶ
1789 3883 1918 3948 Θεὸς
1943 3883 2103 3956 ἡμῶν

531 3969 945 4040 ἀνευφημεῖται,
980 3971 1092 4026 ἀλλ’
1136 3970 1234 4041 οὐχ
1276 3973 1304 4024 6
1348 3973 1561 4044 πρῶτος
1591 3974 1743 4040 Θεὸς,
1797 3976 2011 4048 πρῶτος
2040 3977 2099 4031 δὲ

530 4060 626 4115 τοῦ
664 4060 799 4115 Θεοῦ
838 4062 1131 4132 μονογενὴς
1171 4061 1318 4128 Υἱὸς,
1350 4065 1444 4117 καὶ
1489 4064 1577 4118 διὰ
1601 4065 1759 4119 τοῦτο
1801 4066 1952 4132 Θεός.
1987 4070 2098 4123 Καὶ

530 4151 651 4205 ὅλον
701 4169 765 4221 γε
819 4152 979 4205 τοῦτο
1032 4152 1203 4206 αἴτιον
1257 4151 1323 4206 ἂν
1374 4155 1457 4226 εἴη
1506 4155 1600 4208 τοῦ
1645 4157 1740 4209 καὶ
1768 4157 1928 4210 αὐτὸν
1961 4154 2097 4211 εἶναι

531 4245 685 4311 Θεὸν,
709 4245 770 4299 τὸ
806 4246 963 4317 μόνον
996 4242 1136 4300 εἶναι
1166 4246 1325 4316 φύσει
1361 4248 1455 4301 τοῦ
1476 4249 1610 4303 Θεοῦ
1646 4249 1793 4313 Υἱὸν,
1824 4251 1918 4304 καὶ
1944 4269 2098 4323 μονο-

531 4340 664 4412 γενῆ
687 4340 1065 4412 χρηματίζειν,
1094 4340 1186 4393 καὶ
1214 4340 1274 4393 τὸ
1322 4340 1389 4393 δι’
1422 4340 1544 4395 ὅλου
1587 4339 1778 4405 σώζειν
1806 4342 1900 4395 τοῦ
1932 4344 2091 4414 μόνου

2225 252 2410 314 PARS
2440 252 2531 309 ill.
2563 285 2631 295 —
2656 253 2931 310 EXEGET
2937 253 3071 311 1οΔ.
3706 263 3769 319 60

2212 382 2312 436 οὐκ
2339 381 2630 451 ίδιόκτητον
2672 378 2840 450 αὐτὴν
2865 378 3154 450 ἐσχηκότα.
3204 378 3260 431 Ὁ
3290 376 3386 449 μὲν
3419 378 3526 450 γὰρ
3557 378 3765 447 δίδωσιν,

2197 477 2248 528 ’ὁ
2292 474 2349 527 δὲ
2385 471 2670 544 λαμϐάνει.
2708 472 2868 524 Ὥστε
2899 470 3102 543 κυρίως
3147 472 3241 524 καὶ
3275 473 3370 525 ἕνα
3413 474 3614 526 ἐκεῖνον
3643 469 3769 529 εἶναι

2218 566 2373 631 Θεὸν,
2423 565 2516 618 καὶ
2565 564 2724 635 μόνον
2753 563 2862 633 γὰρ
2918 563 3012 616 καὶ
3041 562 3199 632 φύσει
3242 564 3392 625 ὄντα,
3428 564 3523 616 καὶ
3558 563 3626 637 μὴ
3649 568 3770 636 παρ’

2218 659 2405 729 ἑτέρου
2424 656 2658 711 λαϐόντα
2673 674 2687 686 ·
2713 657 2805 710 τὸν
2830 656 2887 709 δὲ
2910 655 3018 709 τῶν
3035 655 3350 726 δευτερείων
3374 656 3651 727 ἠξιῶσθαι,
3685 660 3770 711 καὶ

2216 750 2278 802 τὸ
2308 749 2438 803 Θεὸν
2465 745 2604 803 εἶναι
2630 748 2860 803 λαϐόντα
2888 748 3041 819 παρὰ
3070 747 3161 800 τοῦ
3186 749 3299 801 Πατ
3309 749 3397 820 ρὸς
3429 748 3588 820 ἔχειν,
3613 748 3684 814 ὼς
3707 749 3773 805 ἂν

2216 844 2400 898 εἰκόνα
2441 845 2535 899 τοῦ
2576 842 2733 908 Θεοῦ,
2781 844 2909 913 μιᾶς
2951 842 3039 894 ἐπ’
3079 842 3279 912 ἀμφοῖν
3327 842 3467 895 κατὰ
3504 843 3565 896 τὸ
3604 843 3770 914 παρά-

2215 934 2411 1007 δειγμα
2428 936 2530 1006 τῆς
2545 935 2796 1005 θεότητος
2820 935 3033 986 ὲπινοου
3043 931 3227 1002 μένης,
3249 932 3364 997 ἑνός
3389 951 3446 987 τε
3479 932 3626 997 ὄντος
3642 933 3766 987 Θεοῦ

2214 1027 2309 1080 τοῦ
2353 1027 2476 1082 καθ’
2524 1027 2713 1080 ἑαυτὸν
2742 1025 2992 1095 ἀνάρχως
3019 1023 3113 1077 καὶ
3151 1025 3456 1095 ὰγεννήτως
3491 1021 3657 1089 ὄντος,
3689 1025 3771 1080 διὰ

2214 1117 2272 1170 δὲ
2295 1117 2390 1172 τοῦ
2442 1118 2573 1171 Υἱοῦ
2601 1117 2676 1181 ὡς
2722 1116 2788 1170 ἂν
2811 1115 2876 1169 δι’
2904 1115 3168 1187 ἐσόπτρου
3195 1116 3288 1169 καὶ
3318 1117 3523 1180 εἰκόνος
3555 1115 3770 1170 ἐπιθεω-

2219 1211 2500 1281 ρουμένου.
2527 1208 2690 1263 Missa
2719 1206 2897 1261 Latini
2927 1206 3237 1276 interpretis
3266 1208 3540 1273 versione,
3569 1206 3660 1277 qui
3681 1221 3773 1278 pro

2216 1318 2371 1357 more
2388 1316 2489 1357 suo
2520 1301 2635 1355 haec
2676 1299 2744 1353 ad
2778 1297 3102 1353 catholicam
3155 1297 3483 1352 sententiam
3530 1296 3770 1361 detorsit,

2215 1396 2295 1452 sic
2325 1410 2428 1451 nos
2455 1394 2523 1449 ad
2546 1393 2769 1449 verbum
2798 1390 3218 1460 interpretamur
3246 1387 3544 1442 :therum
3574 1388 3776 1443 etiamsi

2214 1498 2411 1543 natura
2448 1486 2744 1558 unigenitus
2776 1483 2950 1536 Filius
2983 1492 3032 1537 et
3079 1481 3216 1536 Deus
3247 1490 3421 1535 noster
3457 1479 3774 1546 celebretur,

2215 1592 2270 1637 at
2302 1599 2407 1636 non
2437 1590 2513 1635 est
2540 1581 2744 1650 primus
2781 1578 2957 1642 Deus;
2988 1575 3077 1630 sed
3100 1576 3303 1644 primus
3352 1573 3447 1627 Dei
3478 1573 3778 1644 unigenitus

2217 1674 2413 1738 Filius,
2459 1683 2509 1728 et
2554 1672 2671 1726 ideo
2721 1671 2884 1725 Deus.
2946 1668 3013 1722 In
3047 1684 3257 1722 summa
3282 1667 3390 1722 liceo
3419 1682 3591 1720 causa
3626 1665 3779 1736 fuerit

2214 1766 2351 1839 quod
2387 1768 2476 1821 ille
2507 1765 2646 1820 Deus
2676 1765 2765 1831 sit,
2801 1762 2928 1832 quia
2955 1760 3099 1815 solus
3132 1767 3326 1812 natura
3353 1757 3538 1813 Filius
3565 1757 3663 1813 Dei
3682 1770 3780 1819 est,

2213 1878 2275 1914 ac
2312 1858 2620 1930 Unigenitus
2653 1865 2887 1920 vocatur,
2918 1864 2969 1908 et
2987 1854 3114 1924 quia
3142 1853 3306 1907 solius
3336 1851 3437 1905 Dei
3459 1852 3774 1914 animatam,

2212 1955 2461 2010 viventem
2487 1963 2535 2007 et
2558 1954 2931 2024 intelligentem
2956 1951 3235 2022 imaginem
3262 1956 3456 2010 servat,
3493 1944 3780 2001 secundum

2213 2048 2395 2101 omnia
2425 2046 2580 2100 Patri
2611 2046 2860 2110 similem,
2888 2061 2949 2099 ac
2973 2044 3133 2098 etiam
3166 2043 3335 2111 ipsius
3375 2038 3593 2094 deitatis
3646 2039 3779 2092 ima-

2209 2141 2381 2210 ginem
2428 2138 2695 2208 ferentem.
2734 2137 2852 2191 Hac
2885 2152 3007 2206 ergo
3052 2133 3117 2189 de
3164 2149 3328 2187 causa
3372 2133 3552 2202 ipsum
3595 2134 3778 2194 etiam,

2210 2241 2384 2296 utpote
2413 2231 2584 2283 solum
2639 2227 2865 2292 Filium,
2900 2228 2991 2299 qui
3033 2226 3178 2282 solus
3211 2224 3310 2279 Dei
3363 2226 3545 2294 imago
3592 2225 3686 2289 sit,
3718 2240 3781 2279 ac

2209 2322 2528 2392 non-genita:
2562 2330 2611 2374 et
2642 2319 2901 2390 principio
2946 2318 3171 2372 carentis
3223 2314 3541 2371 substantia:
3597 2314 3783 2369 Patris

2210 2413 2489 2467 virtutibus
2525 2410 2807 2465 secundum
2838 2407 3132 2478 exemplum
3168 2403 3536 2460 similitudinis
3565 2403 3784 2459 indutus

2208 2505 2301 2568 sit,
2337 2513 2491 2573 atque
2514 2502 2577 2555 ab
2612 2503 2846 2556 omnium
2875 2499 3194 2571 peritissimo
3226 2513 3288 2551 ac
3319 2497 3678 2551 scientissimo
3697 2495 3786 2566 pi-

2207 2605 2349 2651 ctore
2380 2612 2443 2651 ac
2470 2598 2590 2650 vita:
2621 2603 2835 2649 auctore
2864 2593 3049 2655 Patre,
3095 2591 3164 2646 ad
3199 2590 3673 2644 accuratissimam
3707 2589 3787 2645 si-

2207 2687 2560 2741 militudinem
2587 2687 2801 2756 effectus
2829 2686 2919 2748 sit,
2950 2683 3118 2738 Deum
3155 2681 3341 2736 merito
3372 2679 3547 2736 divini
3581 2696 3791 2736 sermo-

2207 2797 2296 2835 nes
2322 2780 2622 2850 appellant;
2654 2789 2829 2849 utpote
2857 2779 2948 2848 qui
2982 2795 3099 2832 cum
3140 2778 3262 2833 aliis
3291 2794 3324 2831 a
3353 2777 3522 2832 Patre
3549 2776 3654 2830 hac
3686 2790 3787 2844 ap-

2204 2874 2486 2942 pellatione
2515 2873 2761 2944 dignatus
2784 2874 2874 2936 sit,
2900 2887 3115 2943 eamque
3143 2870 3421 2939 acceperit,
3456 2886 3572 2925 non
3605 2880 3792 2926 autem

2204 2976 2261 3019 ut
2290 2967 2555 3035 propriam
2585 2964 2687 3019 sibi
2718 2964 2982 3019 habuerit.
3018 2961 3162 3017 Nam
3187 2962 3277 3017 ille
3310 2960 3523 3033 quidem
3548 2961 3671 3024 dat,
3704 2960 3792 3013 hic

2205 3073 2323 3111 vero
2352 3057 2564 3126 accipit.
2600 3054 2690 3110 Ita
2720 3069 2775 3109 ut
2799 3057 3006 3125 proprie
3028 3054 3118 3109 ille
3150 3070 3285 3108 unus
3319 3054 3385 3106 sit
3418 3051 3596 3117 Deus,
3625 3060 3680 3107 et
3701 3068 3795 3106 so-

2207 3150 2291 3203 lus
2341 3146 2551 3219 quidem
2593 3156 2792 3201 natura
2819 3147 3100 3210 exsistens,
3151 3158 3314 3214 neque
3362 3140 3427 3194 ab
3468 3141 3586 3195 alio
3639 3142 3794 3196 acci-

2201 3242 2380 3312 piens;
2417 3239 2500 3293 hic
2530 3256 2648 3293 vero
2698 3236 2925 3293 secundo
2960 3239 3073 3290 loco
3111 3234 3361 3303 dignatus
3402 3232 3498 3294 sit.
3558 3243 3730 3303 atque
3763 3250 3801 3287 α

2204 3332 2365 3388 Patre
2391 3332 2643 3401 acceperit
2672 3341 2730 3384 ut
2769 3329 2910 3384 Deus
2947 3343 3060 3383 esse
3099 3326 3350 3388 obtineat,
3386 3332 3578 3392 utpote
3608 3325 3800 3394 imago

2202 3426 2321 3491 Dei,
2351 3442 2468 3480 cum
2510 3442 2617 3479 una
2647 3425 2701 3478 in
2729 3421 2981 3476 ambobus
3025 3417 3311 3475 secundum
3337 3416 3651 3482 exemplum
3680 3416 3805 3471 dei-

2202 3530 2284 3575 tas
2304 3516 2648 3590 intelligatur,
2675 3533 2777 3571 uno
2806 3514 2917 3571 Deo
2960 3512 3243 3570 secundum
3277 3528 3333 3566 se
3361 3510 3476 3563 sine
3505 3510 3804 3579 principio

2199 3623 2249 3668 et
2275 3612 2608 3681 generatione
2648 3610 2949 3672 exsistente,
2994 3606 3083 3677 qui
3129 3621 3221 3674 per
3259 3602 3466 3656 Filium
3500 3603 3675 3671 quasi
3705 3617 3821 3671 per

2200 3704 2467 3773 speculum
2507 3710 2558 3756 et
2600 3701 2879 3771 imaginem
2927 3696 3317 3753 consideratur.
3371 3691 3640 3759 Quorum
3677 3693 3807 3749 hac

2198 3811 2412 3852 summa
2468 3794 2653 3858 fuerit,
2709 3803 2934 3848 eatenus
2999 3790 3175 3845 tFilius
3232 3794 3428 3842 natura
3478 3783 3652 3842 Deus
3687 3795 3806 3853 est,

2199 3893 2471 3956 quatenus
2491 3891 2689 3937 natura
2714 3896 2812 3937 sua
2850 3880 2917 3934 ad
2947 3877 3360 3935 similirudinem
3391 3874 3492 3928 Dei
3530 3892 3641 3947 per
3671 3893 3807 3932 om-

2198 3977 2289 4032 nia
2312 3975 2537 4031 eﬂ‘ectus
2581 3984 2685 4039 est,
2719 3981 2883 4044 atque
2923 3972 3043 4027 ideo
3070 3968 3292 4025 deitatis
3319 3967 3557 4023 nomine
3593 3967 3812 4039 digna-

2196 4077 2289 4124 tus
2321 4077 2425 4132 est,
2456 4084 2578 4138 qua:
2607 4077 2788 4122 tamen
2831 4081 2943 4120 non
2997 4064 3103 4135 ipsi
3134 4061 3353 4133 proprie
3386 4061 3808 4130 competebat;

2199 4161 2294 4217 sed
2323 4166 2544 4229 propter
2566 4155 2978 4212 similitudinem
3009 4152 3228 4207 deitatis
3260 4163 3425 4219 quam
3464 4163 3813 4221 repraesen-

2198 4252 2369 4315 tabat,
2401 4249 2546 4305 Deus
2568 4255 2832 4304 vocatur:
2863 4262 2964 4301 nec
2985 4245 3196 4316 primus
3242 4240 3384 4297 Deus
3405 4250 3527 4307 est,
3571 4243 3683 4297 sed
3717 4257 3816 4299 se-

2197 4344 2407 4399 cundas
2432 4343 2490 4397 in
2517 4342 2718 4397 deitate
2759 4356 2828 4395 ex
2871 4337 3185 4409 dignatione
3228 4340 3493 4403 occupat,
3558 4350 3689 4391 non
3740 4350 3815 4391 ex

529 4431 664 4486 Θεοῦ
687 4432 786 4503 τὴν
829 4430 1068 4501 ἔμψυχον
1095 4430 1189 4484 καὶ
1228 4429 1406 4495 ζῶσαν
1457 4432 1649 4503 γοερὰν
1708 4434 1909 4499 εἰκόνα,
1954 4437 2096 4490 κατὰ

2207 4440 2317 4506 iure
2350 4448 2406 4494 et
2431 4437 2764 4507 proprietate
2799 4453 2813 4488 :
2848 4419 2975 4487 nam
3008 4430 3153 4485 Deus
3189 4429 3258 4483 ob
3286 4427 3815 4483 accuratissimam

530 4525 710 4581 πάντα
743 4524 822 4594 τῷ
847 4525 1019 4594 Πατρὶ
1062 4524 1554 4597 παρωμοιωμένην,
1598 4525 1810 4595 καὶτῆς
1840 4526 2093 4600 θεότητός

2207 4530 2603 4587 similitudinem
2626 4527 2729 4581 hac
2753 4525 2904 4580 illum
2933 4520 3294 4593 appellatione
3321 4516 3590 4572 donavit.
3623 4517 3820 4574 Euse-

526 4631 590 4675 τε
627 4619 800 4690 αὐτῆς
848 4617 946 4687 τὴν
985 4618 1243 4688 ὁμοίωσιν
1286 4616 1703 4688 ἐπιφερομένην.
1754 4618 1937 4692 Ταύτῃ
1983 4638 2093 4675 τοι..

2207 4623 2366 4678 Dianae
2390 4622 2457 4676 de
2477 4618 2600 4673 Filii
2630 4619 2831 4674 deitate
2858 4614 3117 4670 doctrinae
3146 4611 3419 4666 luculenta
3456 4609 3609 4665 item
3641 4612 3820 4667 testi-

520 4711 731 4789 γαροῦν
764 4711 857 4765 καὶ⁸
881 4710 1042 4764 αὐτὸν
1069 4710 1144 4774 ὠς
1176 4709 1241 4764 ἂν
1269 4710 1430 4782 μόνον
1462 4710 1588 4764 Υἰὸν
1610 4711 1704 4763 καὶ
1726 4711 1884 4782 μόνον
1912 4715 2093 4768 εἰκόνα

2207 4715 2374 4768 monia
2396 4711 2552 4766 affert
2577 4709 2916 4781 Nicephorus
2946 4704 3254 4778 patriarcha
3284 4705 3342 4757 in
3362 4703 3819 4768 Antirrheticis,

516 4806 654 4863 ᾖντα
693 4802 789 4857 τοῦ
824 4802 982 4870 Θεοῦ,
1016 4803 1108 4856 καί
1149 4803 1249 4873 τῆς
1277 4803 1568 4871 ἀγεννήτου
1593 4802 1689 4857 καὶ
1728 4804 1963 4877 ἀνάρχου
1996 4805 2090 4859 τοῦ

521 4897 740 4968 lla-:96;
771 4896 960 4959 οὐσίας
979 4895 1078 4960 τὰς
1099 4895 1355 4965 δυνάμεις
1374 4894 1516 4949 κατὰ
1539 4894 1600 4947 τὸ
1624 4896 1970 4968 παράδειγμα
1991 4898 2090 4969 τῆς

521 4986 835 5059 όμοιιὶισεως
892 4986 1386 5059 περιϐεϐλημένον,
1441 4987 1546 5042 ὑπό
1601 5004 1663 5041 τε
1724 4988 1819 5042 τοῦ
1874 4990 2089 5045 πάντων

525 5079 918 5155 τεχνικωτάτου
949 5080 1044 5132 καὶ
1092 5079 1560 5148 πανεπιστήμονος
1597 5077 1885 5151 ζωγράφου
1915 5097 1976 5133 τε
1994 5082 2089 5134 καὶ

526 5169 791 5235 ζωοποιοῦ
829 5171 1039 5242 Πατρὸς
1071 5172 1152 5234 είς
1179 5169 1241 5224 τὸ
1266 5168 1346 5222 ἔτι
1382 5169 1607 5241 ἀκριϐὲς
1649 5171 1747 5242 τῆς
1778 5171 2087 5242 ὁμοιώσεως

524 5262 982 5333 ἀπειργασμένον,
1021 5261 1153 5315 Θεὸν
1200 5260 1423 5325 εἰκότως
1442 5263 1493 5314 οἱ
1523 5261 1654 5315 θεῖοι
1700 5264 2086 5336 ἀναγορεύουσι

525 5352 673 5421 λόγοι
694 5370 707 5384 ’
741 5351 818 5418 ὡς
870 5353 966 5406 καὶ
1014 5353 1218 5425 ταύτης
1261 5353 1401 5424 μετὰ
1439 5352 1548 5407 τῶν
1588 5354 1761 5409 ἄλλων
1797 5355 1947 5428 παρὰ
1990 5357 2084 5409 τοῦ

466 5462 471 5467 ’
526 5445 736 5524 Πατρὸς
791 5444 1093 5516 ἠξιωμένον
1144 5445 1532 5517 προσηγορίας,
1562 5449 1612 5501 εί
1636 5447 1825 5519 ηιρότα
1854 5465 1932 5513 τε,
1971 5448 2085 5501 ἀλλ’

595 5626 674 5700 (a)
713 5626 895 5700 Libui
913 5624 1111 5680 Contra
1144 5623 1453 5683 Marcellum

524 5707 577 5754 et
602 5689 667 5770 ‘p:
705 5697 795 5765 ετ,
830 5689 918 5751 96.

2190 4805 2351 4873 cujus
2373 4802 2557 4873 operis
2584 4816 2692 4856 non
2730 4801 2996 4855 hactenus
3025 4796 3156 4853 editi
3185 4809 3250 4849 ac
3277 4794 3401 4848 luce
3430 4792 3818 4865 dignissimi.

2196 4896 2488 4952 editionem
2523 4901 2681 4965 parat
2707 4891 3110 4948 eruditissimus
3130 4885 3423 4942 Anselmus
3456 4883 3829 4943 Baudurius’

2196 4998 2401 5043 noster.
2454 4984 2577 5045 Haec
2619 4985 2783 5057 igitur
2813 4990 3066 5052 excerpta
3107 4978 3262 5033 ali'ert
3298 4975 3390 5030 ille
3423 4991 3509 5032 ex
3556 4980 3825 5050 epistola

2196 5078 2413 5135 Eusebii
2444 5079 2511 5133 ad
2540 5076 2915 5133 Constantiam
2943 5074 3238 5144 Augustam
3264 5087 3279 5124 :
3303 5067 3495 5133 Μόνος
3531 5071 3688 5156 γοῦν
3722 5066 3827 5127 οὓς

2192 5189 2282 5236 τος
2317 5170 2455 5241 μετὰ
2479 5169 2569 5223 τὸν
2599 5162 2858 5222 ἀνωτάτω
2883 5165 3014 5221 Θεὸν
3044 5164 3139 5218 καὶ
3162 5159 3380 5231 Πατέρα
3406 5158 3660 5228 δίκαιός
3693 5166 3831 5218 ἐστι

2192 5263 2395 5336 Κύριος
2427 5263 2519 5316 καὶ
2547 5259 2889 5323 δικαιοσύνας
2915 5258 3188 5329 ἠγάπησε,
3226 5252 3279 5307 id
3304 5259 3389 5307 est
3413 5267 3430 5302 :
3471 5252 3596 5308 Hic
3626 5257 3831 5328 itaque

2192 5358 2337 5414 solus
2383 5366 2500 5426 post
2531 5369 2827 5423 supremum
2880 5350 3046 5405 Deum
3077 5356 3129 5404 et
3179 5345 3422 5407 Patrem,
3472 5344 3698 5414 justus
3746 5357 3834 5402 est

2194 5451 2469 5516 Dominus,
2501 5460 2550 5504 et
2577 5447 2823 5518 justitias
2848 5444 3065 5507 dilexit;
3094 5449 3149 5497 et
3185 5437 3375 5510 paucis
3416 5435 3792 5512 interjectis
3819 5459 3833 5496 :

1461 5668 1475 5694 ι
1513 5643 1616 5701 WB
1683 5631 1754 5701 ⁸ο.
1789 5630 1947 5703 μόνος
1979 5632 2103 5704 ἀληε

2207 5653 2230 5700 ς
2257 5635 2419 5698 Θεός’
2471 5642 2522 5690 et
2562 5633 2659 5687 lib.
2729 5646 2765 5683 ιι
2806 5598 3003 5684 contra
3032 5613 3370 5685 Marcellum,
3449 5624 3837 5723 pag.-{09,
