3948 6286
261 331 323 387 4|
1071 332 1572 390 COMMENTARIA
1607 334 1673 389 IN
1700 334 2038 389 PSAIMOS.
2081 369 2148 375 —
2187 335 2721 390 PIUI'ILIMINABIA.
3432 344 3503 396 42

263 453 384 504 Ὅτι
432 452 624 523 ἔχομεν
666 452 758 505 καὶ
793 454 952 524 ἡμεῖς
992 455 1249 526 ἀρχιερέα
1281 455 1452 526 μέγαν
1485 454 1817 524 διεληλυθότα

1937 454 2066 507 illud
2095 454 2366 518 αὐτόοεος,
2416 456 2524 524 ipse
2563 455 2697 508 Deus
2725 455 2833 524 (b);
2866 454 2978 508 sive
3004 454 3146 524 quod
3187 455 3316 510 alibi
3345 457 3499 520 dicit,

258 546 383 608 τοὺς
413 545 693 616 οὐρανοὺς,
737 546 941 617 Ἰησοῦν
970 546 1060 599 τὸν
1087 547 1214 600 Υἱὸν
1248 545 1338 598 τοῦ
1369 546 1522 600 Θεοῦ·
1553 543 1613 602 οὗ
1640 549 1705 601 τὰ
1734 549 1831 618 μὲν

257 637 518 690 ἀνωτάτω
541 638 635 690 καὶ
668 641 932 708 κορυφαῖα
964 639 1059 709 τῆς
1088 638 1341 709 θεότηπ
1370 639 1624 693 ἐπέκεινα
1651 641 1831 712 πάσης

257 729 485 792 κτίσεως
534 729 808 799 διήκοντα,
855 729 1170 799 καλύμματι
1220 731 1468 802 πατρικῷ
1514 732 1612 801 τῆς
1649 731 1829 786 ἐνθέου

255 819 555 890 ἀῖδιότητος
598 821 692 874 καὶ
736 822 1060 893 ἀγεννησξας
1112 823 1564 889 ἐπικαλύπτεται,
1596 827 1647 881 id
1696 836 1824 883 est:

259 911 398 979 Quia
435 911 686 967 habemus
714 924 763 968 et
799 933 892 969 nos
921 915 1231 984 Pontiﬁcem
1265 933 1530 986 magnum,
1562 921 1651 990 qui
1675 922 1828 974 caelos

257 1004 563 1071 praeterivit,
589 1003 770 1059 Jesum
794 1004 993 1060 Filium
1017 1008 1134 1073 Dei,
1157 1012 1308 1080 cujus
1340 1011 1565 1066 Deitatis
1585 1029 1830 1082 suprema

258 1105 305 1148 et
337 1112 568 1160 summa,
598 1114 762 1168 supra
791 1115 990 1154 omnem
1022 1112 1320 1156 creaturam
1355 1105 1712 1172 pervadentia,
1733 1121 1830 1173 pa-

261 1198 404 1242 terno
436 1189 628 1244 divina:
649 1193 962 1248 wtcrnitatis
984 1204 1032 1246 et
1056 1195 1485 1251 innascibilitatis
1513 1200 1829 1267 operimento

259 1289 620 1350 conteguntur.
654 1282 766 1336 Sub
798 1285 910 1339 haec
936 1294 1114 1342 autem
1147 1288 1347 1344 clarius
1383 1307 1395 1342 :
1445 1290 1500 1343 Ὀ
1532 1291 1588 1345 δὲ
1616 1293 1706 1344 ἐπὶ
1735 1293 1826 1346 τοῦ

261 1371 508 1440 μετώπου
556 1373 817 1442 στέφανος
848 1375 946 1444 τῆς
987 1375 1168 1428 ἐνθέου
1201 1379 1294 1430 καὶ
1332 1381 1829 1452 παντοκρατορικῆς

259 1461 530 1531 βασιλείας
560 1480 620 1515 τε
657 1465 750 1516 καὶ
786 1463 1100 1530 δεσποτείας
1129 1466 1316 1536 ἐδήλου
1349 1469 1738 1540 προσηγορίαν,
1762 1471 1829 1541 ἢν

258 1553 402 1624 μόνῳ
435 1553 514 1624 τῷ
547 1556 840 1625 Μονογενεῖ
859 1557 888 1608 'b
915 1557 1173 1611 ἀνωτάτω
1211 1559 1302 1612 καὶ
1338 1559 1496 1630 μόνος
1528 1560 1692 1613 αὑτοῦ
1721 1562 1830 1614 Πα-

252 1646 357 1717 τὴρ
387 1647 723 1717 ἐδωρήσατο,
758 1648 888 1702 Θεὸν
936 1650 1030 1702 καὶ
1077 1651 1281 1722 Κύριον
1325 1653 1418 1706 καὶ
1452 1653 1677 1723 βασιλέα
1719 1654 1827 1708 τῶν

253 1739 388 1792 ὅλων
412 1739 571 1808 μόνον
597 1741 759 1795 αὐτὸν
790 1743 931 1811 μετά
962 1761 1025 1812 γε
1055 1745 1246 1798 ἑαυτὸν
1279 1746 1580 1813 ἀναδείξας,
1614 1747 1664 1801 id
1699 1756 1782 1804 est
1808 1767 1821 1803 :

254 1827 463 1883 Corona
491 1839 664 1885 autem
690 1833 743 1885 in
773 1834 945 1901 {route
975 1835 1168 1902 posita,
1192 1835 1357 1891 divini
1383 1845 1432 1892 et
1455 1839 1822 1903 omnipotentis

254 1924 397 1991 regni
433 1939 498 1976 ac
535 1923 757 1978 dominii
795 1927 1196 1995 appellationem
1228 1929 1502 1984 declarat:
1527 1948 1683 2000 quam
1723 1933 1824 1987 soli

257 2009 536 2083 Unigenito
556 2031 827 2084 supremus
842 2025 892 2070 et
913 2018 1057 2072 solus
1073 2019 1188 2088 ejus
1208 2019 1367 2075 Pater
1385 2022 1617 2086 donarit,
1633 2023 1821 2090 Deum,

250 2103 539 2158 Dominum
565 2114 616 2159 et
641 2104 824 2176 Regem
853 2109 1217 2164 universorum
1240 2113 1409 2166 solum
1435 2115 1605 2182 ipsum
1625 2127 1742 2184 post
1769 2135 1824 2172 se

248 2192 553 2248 declarans.
589 2193 688 2250 Ubi
719 2195 872 2253 vides
895 2212 962 2252 ex
984 2197 1238 2265 Eusebio,
1265 2200 1484 2267 Filium,
1513 2204 1607 2260 Dei
1634 2215 1687 2262 et
1713 2208 1822 2262 Do-

249 2286 380 2339 mini
400 2288 813 2356 appellationem
833 2305 896 2344 ex
915 2292 1029 2346 sola
1047 2293 1357 2363 dignatione
1369 2295 1542 2354 Patris
1555 2300 1820 2368 obtinere,

249 2389 316 2428 ac
343 2375 640 2430 secundum
664 2392 693 2430 a
722 2377 882 2434 Patre
911 2379 1076 2436 Deum
1100 2397 1241 2448 esse,
1272 2399 1382 2452 quo
1414 2389 1638 2457 respicit
1658 2391 1821 2444 etiam

249 2464 340 2520 ille
352 2465 881 2524 Commentariorum
900 2471 1134 2536 locus,in
1151 2488 1361 2545 argum.
1380 2479 1516 2547 psal.
1535 2494 1677 2534 Lxxu
1696 2480 1825 2536 Asa-

249 2555 368 2626 phi,
387 2567 440 2610 et
456 2557 521 2610 ad
544 2558 679 2628 psal.
704 2575 737 2613 x
759 2560 856 2614 :Ac
875 2578 936 2615 ne
961 2564 1077 2631 quis
1109 2563 1172 2618 ob
1190 2569 1528 2634 manare/tite,
1543 2573 1649 2625 sive
1666 2571 1820 2626 unius

246 2647 516 2717 principii,
536 2650 790 2704 rationem
807 2652 1126 2718 turbaretur,
1146 2655 1416 2712 Christum
1429 2659 1522 2714 Dei
1538 2662 1700 2716 Deum
1712 2680 1823 2718 esse

247 2738 507 2803 audiens;
533 2753 876 2811 congruenter
891 2746 972 2799 hic
991 2748 1183 2801 multos
1199 2749 1322 2804 deos
1342 2753 1574 2805 nominat
1591 2771 1700 2819 eos,
1731 2757 1821 2825 qui

248 2830 345 2883 sub
365 2830 475 2885 lucc
496 2833 807 2888 incusantur
825 2851 843 2888 :
862 2847 1064 2891 tantum
1095 2857 1196 2893 non
1213 2842 1521 2909 pra’cipiens
1543 2853 1598 2897 ut
1616 2862 1677 2899 ne
1691 2862 1821 2898 cun-

244 2931 450 2975 ctemur
466 2921 514 2974 F
517 2925 666 2977 ilium
685 2943 883 2997 quoque
905 2928 999 2982 Dei
1018 2929 1182 2983 Deum
1207 2948 1408 2986 vocare.
1429 2932 1486 2988 Si
1506 2935 1643 2988 enim
1655 2938 1821 3006 gentis

243 3015 524 3084 principes,
539 3019 625 3086 qui
641 3018 775 3071 male
789 3020 1092 3085 audiebant,
1123 3022 1215 3076 Dei
1234 3025 1438 3078 nomine
1451 3025 1656 3096 dignati
1675 3039 1817 3094 sunt,

244 3106 406 3177 quod,
436 3123 632 3176 quwso,
663 3111 951 3179 periculum
978 3113 1161 3182 fuerit,
1185 3117 1232 3168 si
1260 3117 1428 3170 virum
1452 3118 1680 3174 dextera:
1699 3119 1816 3188 Dei,
1843 3154 1886 3212 Ο

242 3205 294 3249 et
329 3198 502 3265 ﬁlium
531 3198 759 3254 hominis
801 3204 1196 3273 conﬁrmatum,
1230 3205 1399 3262 Deum
1441 3211 1730 3278 fateamur,
1763 3213 1817 3267 id

242 3295 350 3350 est,
384 3302 506 3341 cum
542 3287 792 3346 homines
821 3293 984 3347 etiam
1018 3283 1092 3349 dii
1125 3307 1406 3360 vocentur.
1440 3301 1610 3356 multo
1643 3305 1817 3374 magis

244 3393 540 3448 possumus
573 3381 850 3438 Christum
877 3387 1149 3456 appellare
1181 3389 1370 3454 Deum,
1401 3394 1530 3463 quin
1561 3395 1690 3450 hinc
1712 3413 1819 3453 me-

243 3479 335 3523 tus
369 3470 441 3524 sit
466 3487 536 3526 ne
564 3472 936 3541 pluralitatem
970 3477 1196 3534 deorum
1225 3490 1278 3537 et
1303 3485 1696 3554 princi;iorum
1732 3505 1816 3542 m-

239 3561 533 3626 ducamus,
565 3565 694 3634 quia
728 3567 939 3623 scilicet
983 3568 1154 3627 Filius
1200 3589 1307 3628 non
1341 3581 1556 3647 preprie
1604 3587 1657 3634 et
1692 3597 1816 3637 vere

243 3653 390 3709 Deus
418 3668 523 3721 est,
551 3657 698 3726 quod
721 3658 809 3713 hic
832 3660 921 3715 ille
946 3662 1207 3729 insinuat,
1231 3674 1284 3722 et
1308 3669 1435 3724 alibi
1458 3671 1602 3726 clare
1623 3680 1677 3726 et
1698 3675 1817 3730 sine

241 3748 469 3817 ambage
497 3747 654 3805 dixit.
685 3750 813 3805 Ideo
829 3760 1030 3822 autem,
1052 3765 1110 3809 ut
1127 3756 1240 3826 ipse
1257 3760 1308 3813 in
1328 3761 1491 3816 allato
1514 3763 1654 3827 loco,
1681 3765 1734 3818 in
1753 3767 1816 3819 li-

242 3838 359 3893 bris
375 3837 574 3894 Contra
589 3840 982 3900 Marcellumet
999 3847 1050 3900 in
1067 3847 1368 3905 Comment.
1385 3853 1439 3906 in
1461 3855 1597 3923 psal.
1617 3871 1753 3909 Lxxx
1763 3873 1811 3922 ν,

244 3926 398 3994 IO,ex
406 3929 594 3998 plicat,
614 3929 756 3986 Deus
773 3933 861 3988 ille
882 3938 1255 4004 praeomnibus
1273 3939 1464 4009 iis,qu
1479 3942 1574 3996 Dei
1595 3945 1816 4002 noniine

240 4018 450 4089 dignati
488 4029 635 4087 sunt,
678 4025 1002 4094 appellatur,
1049 4029 1178 4098 quia
1211 4031 1266 4085 in
1311 4032 1431 4101 ipso
1474 4035 1592 4088 solo
1633 4034 1813 4090 Patris

240 4111 545 4168 similitudo
591 4124 876 4183 servatur;
910 4125 962 4172 et
992 4116 1048 4172 in
1090 4130 1211 4174 ortu
1255 4136 1356 4176 suo
1397 4137 1426 4176 a
1465 4123 1626 4180 Patre
1669 4125 1812 4184 Deus

241 4203 419 4259 factus
447 4214 504 4260 et
529 4206 822 4276 deputatus
846 4216 951 4276 est,
988 4209 1324 4284 θεοποιηθείς
1353 4224 1412 4269 ut
1443 4231 1630 4286 supra,
1669 4218 1813 4274 unde

235 4297 401 4350 etiam
424 4306 509 4353 est
536 4298 680 4368 quod
704 4299 955 4366 αὐτόθεος
977 4313 1202 4359 vocetur
1235 4306 1288 4359 in
1331 4306 1475 4361 Hist.
1529 4309 1654 4363 eccl.
1683 4310 1719 4362 l.
1753 4325 1808 4372 ι,

240 4403 294 4456 p.
332 4389 437 4442 375
472 4389 574 4460 (a),
608 4395 1018 4463 comparatione
1045 4395 1251 4451 scilicet
1273 4397 1576 4465 hominum,
1608 4401 1703 4469 qui
1732 4399 1807 4454 dii

1932 545 2179 616 ἀληθινὸς
2201 545 2349 610 Θεός,
2377 564 2526 600 verus
2555 546 2731 608 Deus;
2759 547 2968 600 scilicet
2985 555 3297 615 comparate
3321 549 3386 602 ad
3407 548 3504 602 ho-

1933 636 2128 695 mines.
2161 637 2252 704 qui
2278 636 2572 706 aliquando
2604 637 2676 688 IIII
2711 637 3088 706 appellantur:
3126 649 3251 691 nam
3278 653 3505 707 compa-

1933 735 2048 782 rate
2083 727 2148 780 ad
2178 727 2416 793 Patrem,
2452 729 2564 782 sive
2596 727 2763 781 Deum
2797 729 3202 794 universorum,
3237 746 3346 784 non
3376 746 3502 784 vere

1931 827 1978 872 et
2011 819 2228 888 proprie
2257 819 2398 875 Deus
2428 820 2649 885 dicitur,
2689 820 2988 876 secundum
3031 821 3247 877 Eusebii
3280 832 3502 878 senten-

1933 911 2080 964 tiam.

1930 1024 1989 1074 Χ.
2014 1024 2165 1085 Quam
2189 1025 2391 1075 adversa
2415 1028 2595 1077 rationi
2627 1033 2679 1138 ft
2701 1029 2970 1140 priscorum
3008 1031 3209 1082 Patrum
3232 1031 3501 1082 sententias

2649 1105 2698 1138 ra
2735 1105 2760 1138 a
2792 1127 2803 1138 .

2649 1105 2803 1138 radat.

2003 1168 2093 1225 Sic
2124 1170 2214 1227 ille
2241 1187 2309 1227 ne
2329 1173 2467 1227 duos
2497 1173 2629 1230 deos
2658 1175 2840 1231 dicere
2865 1185 3112 1247 cogatur,
3141 1175 3335 1231 Filium
3371 1193 3501 1233 vere

1931 1261 2098 1316 Deum
2129 1279 2253 1318 esse
2278 1272 2456 1334 negat,
2494 1264 2907 1336 Evangeliorum
2938 1268 3082 1322 dicta
3117 1268 3442 1339 distorquet,
3469 1285 3498 1323 a

1930 1355 2232 1424 priscorum
2249 1353 2469 1410 Patrum
2488 1356 2736 1412 doctrina
2751 1358 3002 1423 discedit,
3020 1366 3073 1414 et
3087 1359 3152 1413 ad
3170 1361 3498 1416 Arianorum

1928 1451 2111 1510 partes
2126 1443 2354 1499 accedit.
2368 1443 2503 1498 Nam
2524 1455 2582 1500 ut
2601 1447 2892 1517 Evangelia
2911 1456 3022 1503 tres
3043 1464 3164 1505 esse
3184 1451 3239 1505 in
3261 1466 3369 1504 uno
3387 1451 3497 1506 Deo

1928 1547 2192 1602 personas
2215 1535 2360 1590 clare
2392 1535 2663 1603 indicant;
2698 1539 2773 1592 ita
2809 1539 3074 1595 rationem
3107 1540 3199 1598 Dei
3232 1541 3288 1596 in
3321 1543 3494 1598 tribus

1931 1641 2091 1679 unam
2113 1633 2166 1681 et
2187 1626 2429 1688 eamdem
2455 1644 2580 1684 esse
2609 1628 2806 1685 docent
2826 1650 2838 1684 :
2859 1632 3084 1686 stultum
3105 1634 3303 1703 quippe
3327 1642 3412 1690 est
3438 1635 3494 1689 in

1929 1710 2030 1765 hoc
2058 1711 2284 1768 Joannis
2300 1713 2465 1779 dicto,
2496 1732 2535 1779 ι,
2564 1717 2587 1770 I
2618 1735 2628 1770 :
2658 1715 2722 1771 In
2743 1719 2997 1788 principio
3022 1734 3137 1776 erat
3180 1722 3422 1788 Verbum,
3446 1734 3498 1780 et

1857 1814 1896 1868 Β
1936 1799 2157 1854 Verbum
2179 1812 2292 1857 erat
2313 1804 2451 1872 apud
2467 1803 2654 1870 Deum,
2668 1818 2716 1860 et
2733 1807 2872 1862 Deus
2887 1820 3000 1863 erat
3027 1810 3267 1879 Verbum,
3287 1813 3422 1870 duas
3440 1823 3496 1869 et

1926 1891 2234 1963 disparatas
2266 1893 2359 1948 Dei
2394 1894 2630 1951 rationes
2669 1899 2962 1961 somniare,
2998 1909 3052 1954 et
3095 1901 3492 1972 ineptissimam

1926 1983 2378 2056 amphibologiam
2401 1987 2655 2058 scriptori
2679 2003 2837 2045 sacro
2865 1989 3135 2061 allingere,
3162 1995 3305 2050 unde
3323 1997 3493 2065 prisci

1898 2102 1902 2106 -
1924 2072 2181 2130 Ecclesiae
2192 2075 2397 2142 Patres,
2410 2086 2517 2132 tam
2539 2079 2574 2132 ii
2589 2081 2680 2150 qui
2699 2081 2766 2135 ad
2780 2097 2951 2152 usque
2962 2093 3215 2153 quartum
3231 2089 3490 2142 saeculum

1923 2166 2176 2231 ﬂoruere,
2212 2183 2373 2239 quam
2404 2171 2441 2224 ii
2469 2172 2561 2240 qui
2589 2187 2657 2227 ex
2687 2179 2802 2227 toto
2831 2175 2963 2229 orbe
3000 2180 3173 2232 coacti
3214 2177 3488 2234 Nicaenam

1924 2261 2191 2330 synodum
2211 2260 2576 2329 celebrarunt,
2596 2265 2699 2318 etsi
2750 2265 3121 2336 hypostasium
3148 2266 3202 2324 et
3229 2284 3491 2339 persona-

1923 2364 2044 2402 rum
2077 2349 2303 2407 vocibus
2342 2367 2450 2406 non
2484 2360 2786 2421 uterentur,
2830 2354 3018 2410 eadem
3068 2358 3335 2413 sententia
3376 2367 3487 2416 tres

1925 2455 2092 2494 unum
2121 2441 2457 2498 constituere
2493 2443 2684 2510 Deum,
2718 2452 3035 2502 constanter
3066 2447 3351 2504 docebant.
3387 2451 3488 2506 llic

1923 2537 2170 2602 apposite
2205 2549 2370 2590 aurea
2405 2535 2495 2589 illa
2522 2534 2767 2608 Dionysii
2798 2538 3178 2606 Alexandrini,
3200 2558 3360 2612 quem
3392 2559 3490 2613 pa-

1922 2625 2181 2680 trocinari
2235 2627 2340 2682 sibi
2390 2627 2529 2683 falso
2570 2629 2894 2699 jactitabant
2945 2630 3155 2698 Ariani,
3215 2637 3488 2690 sententia

1923 2715 2100 2770 locum
2144 2717 2342 2773 habeat
2373 2737 2386 2773 :
2423 2719 2582 2774 Οὕτω
2628 2721 2726 2792 μὲν
2758 2724 2918 2793 ἡμεῖς
2954 2725 3033 2787 εἷς
3065 2742 3124 2777 τε
3151 2726 3252 2796 τὴν
3284 2727 3490 2797 Τριάδα

1921 2807 2018 2879 τὴν
2049 2809 2250 2877 μονάδα
2292 2808 2628 2881 πλατύνομεν
2672 2812 2995 2883 ἀδιαίρετον,
3028 2815 3121 2867 καὶ
3158 2815 3253 2885 τὴν
3287 2817 3489 2887 Τριάδα

1923 2899 2084 2953 πάλιν
2126 2901 2393 2970 ἀμείογτον
2437 2904 2515 2964 εἰς
2554 2903 2653 2973 τὴν
2689 2904 2888 2974 μονάδα
2918 2907 3484 2977 συγκεφαλαιούμεοα,

1923 2992 2027 3045 hoc
2053 2998 2176 3046 est:
2211 2990 2300 3045 Sic
2331 2991 2537 3062 quidem
2571 3010 2664 3047 nos
2717 2993 3088 3049 indicisibilem
3134 2997 3388 3050 unitatem
3429 2999 3484 3051 in

1926 3083 2242 3140 Trinitatem
2284 3085 2598 3150 dilatamus,
2644 3093 2695 3138 et
2748 3085 3061 3141 Trinitatem
3108 3089 3320 3153 iterum,
3368 3107 3486 3161 quae

1919 3177 2163 3231 imminui
2197 3178 2391 3248 nequit,
2433 3178 2485 3230 in
2515 3177 2769 3230 unitatem
2801 3179 3172 3234 contra/timus.
3199 3178 3304 3235 Ubi
3331 3183 3485 3237 vides

1920 3272 2182 3325 unitatem
2218 3269 2334 3335 Dei,
2368 3277 2558 3324 contra
2583 3285 2744 3340 quam
2776 3269 3044 3328 Eusebius
3081 3276 3265 3339 sentit,
3297 3275 3352 3329 in
3383 3276 3484 3330 tri-

1917 3363 2020 3418 bus
2051 3363 2300 3432 personis
2331 3363 2613 3418 constitui.
2646 3361 2929 3432 Siquidem
2955 3365 3197 3424 Trinitas
3233 3370 3321 3422 illa
3347 3371 3482 3426 nihil

1916 3455 2112 3527 unitati
2136 3454 2319 3518 allicit,
2349 3455 2477 3524 quia
2508 3455 2561 3508 in
2592 3456 2770 3511 tribus
2792 3472 2900 3511 una
2925 3469 3139 3520 natura,
3176 3461 3482 3518 substantia

1916 3553 1969 3598 et
2003 3543 2180 3600 deitas
2223 3546 2460 3600 exsistit.
2507 3542 2582 3598 De
2613 3546 2885 3600 sententia
2925 3563 3052 3602 vero
3081 3548 3300 3606 Eusebii
3334 3553 3480 3607 circa

1918 3635 2178 3706 Spiritum
2209 3645 2474 3701 sanctum,
2504 3652 2612 3691 non
2641 3637 2887 3707 estquod
2915 3638 3217 3696 disseratur
3245 3645 3482 3702 :etenim

1915 3729 1999 3784 vel
2029 3729 2063 3782 ii
2095 3728 2184 3798 qui
2230 3729 2348 3797 ejus
2393 3727 2460 3782 de
2505 3728 2641 3782 Filio
2682 3730 2987 3784 doctrinam
3020 3734 3157 3786 tueri
3189 3743 3480 3801 conantur,

1916 3835 2025 3874 non
2052 3819 2264 3874 inﬁcias
2286 3828 2417 3873 eunt
2446 3821 2623 3890 ipsum
2655 3821 2722 3876 de
2745 3820 2949 3890 Spiritu
2983 3831 3170 3878 sancto
3198 3839 3304 3878 non
3334 3834 3482 3881 recte

1915 3913 2178 3968 locutum.
2208 3911 2343 3965 Nam
2375 3912 2516 3966 libro
2550 3923 2733 3965 contra
2773 3912 3084 3966 Marcellum
3110 3915 3180 3985 (ο)
3226 3917 3318 3980 ait,
3357 3917 3482 3987 Spio

1914 4007 2078 4060 ritum
2109 4013 2357 4061 sanctum
2389 4020 2564 4074 neque
2589 4005 2753 4061 Deum
2785 4022 2962 4076 neque
2995 4006 3190 4062 Filium
3219 4024 3371 4075 esse;
3404 4012 3480 4064 ita

1915 4106 1972 4149 ut
2003 4095 2152 4149 illum
2181 4095 2438 4150 decernat
2463 4094 2601 4151 Filio
2633 4096 2966 4161 inferiorem,
2991 4097 3189 4167 quippe
3216 4114 3376 4168 quem
3409 4115 3481 4154 ne

1913 4205 1976 4243 ex
2013 4188 2326 4259 dignatione
2370 4188 2589 4258 quidem
2630 4187 2798 4243 Deum
2839 4191 3142 4259 nuncupari
3184 4191 3353 4245 velit:
3381 4192 3477 4246 sed

1914 4290 2036 4351 post
2069 4278 2264 4334 Filium
2310 4295 2418 4334 non
2453 4295 2682 4334 numero
2721 4287 2951 4346 tantum,
2987 4280 3080 4335 sed
3113 4282 3274 4334 etiam
3306 4282 3478 4351 gradu

1913 4379 1967 4426 et
2000 4372 2261 4440 dignitate
2299 4370 2621 4425 constituat.
2665 4369 2721 4422 In
2765 4369 2848 4424 his
2895 4385 3023 4425 vero
3068 4373 3478 4428 commentariis

239 4458 539 4547 vocantur;
589 4498 691 4537 nec
729 4458 911 4541 tamen
960 4487 1035 4541 dii
1059 4487 1163 4542 dici
1191 4501 1439 4558 possunt,
1469 4492 1514 4546 si
1544 4458 1666 4546 eum
1706 4493 1801 4548 illo
1839 4500 1884 4555 Ι)
1914 4474 2139 4558 parato
2169 4459 2236 4514 de
2269 4459 2471 4558 5?”th
2497 4468 2686 4558 sine“)
2711 4459 2876 4513 verba
2900 4458 3048 4558 ’.δεῖξ’
3082 4461 3210 4558 (Ψὶδ
3232 4463 3473 4558 “mi”?

239 4571 617 4638 conferantur,
641 4583 702 4630 ut
729 4575 890 4633 habet
919 4578 974 4632 in
1001 4579 1087 4634 bis
1125 4583 1548 4638 commentariis.
1581 4585 1733 4651 Quod
1759 4589 1805 4640 si

241 4663 372 4715 illud
401 4663 690 4734 adjiciatur
719 4668 818 4738 (sic
860 4669 991 4739 ille),
1030 4689 1048 4720 ι
1088 4670 1165 4724 Tu
1193 4689 1246 4726 es
1279 4673 1418 4728 Deus
1443 4676 1586 4730 solus
1628 4676 1802 4747 (Psal.

240 4770 434 4822 Lxxxv,
453 4759 542 4829 10)
560 4777 573 4824 ;
588 4779 607 4811 ι
625 4760 679 4813 id
695 4761 922 4831 applices
947 4763 1238 4830 Saluatori,
1261 4766 1357 4820 hoc
1376 4768 1500 4821 item
1519 4785 1801 4838 apponens,

246 4865 265 4896 ι
293 4846 413 4901 Non
442 4860 518 4903 est
546 4851 736 4905 similis
761 4853 836 4906 tui
863 4853 916 4906 in
939 4853 1066 4918 diis,
1095 4855 1314 4909 Domine
1334 4855 1499 4925 (Ibid.
1519 4857 1596 4928 8):
1624 4877 1642 4909 ι
1669 4859 1805 4912 sicut

238 4940 373 4992 enim
400 4942 446 4994 si
471 4957 520 4994 te
540 4959 658 4996 cum
687 4947 986 5000 memoratis
1009 4947 1111 5000 diis
1139 4953 1515 5015 comparemus,
1551 4964 1570 4999 ι
1608 4960 1806 5004 nonest

240 5032 424 5086 similis
457 5035 556 5099 tui,
585 5053 607 5088 ι
640 5036 718 5088 sic
747 5037 795 5089 si
818 5046 865 5089 te
891 5038 1222 5108 conferamus
1245 5057 1362 5093 cum
1391 5041 1598 5105 iisdem,
1635 5052 1721 5095 «tu
1749 5059 1804 5098 es

240 5123 377 5178 Deus
416 5128 582 5180 solus.
617 5147 635 5180 ι
687 5127 957 5199 Siquidem
997 5131 1141 5186 solus
1177 5131 1422 5186 Salvator
1455 5144 1505 5187 et
1546 5133 1802 5189 Dominus

239 5225 412 5268 uoster
448 5235 465 5266 ι
503 5218 557 5270 in
597 5220 852 5287 principio
896 5231 1039 5284 erat,
1081 5221 1179 5276 Dei
1233 5223 1451 5276 Verbum
1481 5234 1617 5291 erat,
1663 5226 1803 5295 apud

239 5306 406 5360 Deum
423 5319 560 5372 erat,
573 5321 622 5364 et
646 5309 786 5365 Deus
800 5321 916 5365 erat
939 5310 1120 5382 (Joan.
1139 5329 1176 5376 ι,
1199 5313 1248 5384 I)
1272 5331 1285 5363 :
1305 5333 1322 5365 ι
1343 5315 1678 5383 quamobrem
1699 5331 1803 5368 non

236 5407 310 5449 est
330 5397 524 5451 similis
545 5399 645 5465 ipsi
667 5400 722 5453 in
749 5400 875 5464 diis,
900 5417 962 5454 ac
991 5401 1136 5455 solus
1157 5403 1264 5469 ipse
1290 5405 1444 5472 quasi
1465 5404 1520 5458 in
1535 5405 1638 5458 diis
1661 5404 1801 5459 Deus

238 5487 586 5555 [ueritscum
616 5491 793 5545 nullus
819 5507 885 5546 ex
907 5492 1088 5546 multis
1134 5493 1266 5557 illis,
1299 5497 1386 5563 qui
1419 5493 1494 5547 dii
1530 5507 1799 5562 vocantur,

238 5582 626 5648 comparatione
651 5583 797 5637 illius
833 5583 967 5638 Deus
993 5585 1099 5638 dici
1127 5585 1312 5647 possit.
1354 5583 1493 5640 Hinc
1533 5586 1800 5658 intelligas

307 5695 381 5767 (α)
404 5693 642 5767 Hujusce
668 5697 989 5767 Patrologite
1009 5707 1210 5753 nostra:
1241 5707 1372 5753 tom.
1425 5696 1546 5754 XX.

302 5764 378 5834 (ὁ)
419 5764 571 5818 Dem.
603 5783 678 5820 ev.
711 5785 764 5839 p.
800 5764 922 5823 156.

520 5863 786 5926 Ριτιιοι..
823 5867 940 5929 Gn.
970 5865 1207 5926 XXIII.

1908 4563 2056 4607 mota
2087 4552 2261 4608 fuerat
2284 4552 2351 4606 de
2381 4549 2582 4621 Spiritu
2615 4558 2805 4604 sancto
2830 4553 3080 4620 quaastio.
3106 4553 3242 4608 Nam
3271 4556 3372 4610 etsi
3403 4555 3472 4609 ab

1907 4655 2095 4698 exortu
2135 4643 2450 4708 Arianismi,
2483 4657 2744 4712 sequaces
2784 4642 2896 4696 Arii
2928 4644 2996 4698 de
3031 4643 3236 4713 Spiritu
3278 4653 3471 4698 sancto

1907 4737 2072 4806 impie
2102 4737 2390 4798 sentirent,
2438 4735 2678 4789 nondum
2721 4734 2995 4805 quidpiam
3027 4736 3313 4791 adversum
3344 4749 3474 4804 pro-

1907 4831 2164 4886 tuleran‘t.
2195 4829 2300 4884 Sed
2326 4835 2448 4897 post
2469 4833 2697 4880 mortem
2722 4827 2834 4880 Arii
2855 4835 2909 4882 et
2931 4827 3171 4893 Eusebii,
3198 4827 3288 4881 ubi
3307 4826 3471 4881 Aria-

1907 4937 2102 4977 norum
2135 4929 2264 4976 sunt
2291 4921 2433 4974 facta
2459 4921 2709 4985 divortia,
2737 4917 3105 4973 hiacedoniani
3128 4925 3182 4972 et
3200 4919 3465 4972 Pneuma-

1907 5015 2144 5071 tomachi
2176 5014 2442 5084 Spiritum
2489 5024 2761 5079 sanctum,
2801 5010 3025 5082 perinde
3058 5021 3220 5078 atque
3246 5009 3465 5076 Filium,

1907 5109 2048 5164 inter
2079 5107 2296 5178 opilicia
2325 5115 2380 5162 et
2418 5123 2505 5164 res
2541 5116 2752 5162 creatas
2795 5107 2974 5176 palam
3015 5112 3332 5174 computare
3356 5119 3472 5158 cm-

1906 5210 2121 5271 perunt.

2241 5313 2324 5364 XI.
2351 5313 2470 5364 Cum
2487 5310 2679 5362 Arianis
2701 5311 2847 5372 plane
2869 5311 3132 5358 consentit.

1979 5396 2038 5450 In
2072 5397 2139 5452 iis
2166 5412 2330 5468 porro
2373 5411 2493 5465 qua:
2527 5409 2691 5464 supra
2735 5391 3036 5457 attulimus,
3082 5408 3205 5446 cum
3248 5390 3377 5444 Ario
3414 5398 3469 5444 et

1903 5489 2120 5544 Arianis
2152 5490 2308 5558 plane
2335 5486 2607 5541 consentit
2652 5485 2918 5539 Eusebius
2968 5483 3044 5554 (d)
3080 5503 3093 5538 :
3122 5500 3244 5538 nam
3276 5492 3330 5538 et
3364 5483 3467 5550 ipsi

1904 5582 2130 5652 perinde
2150 5588 2310 5648 atque
2338 5577 2692 5632 Caesariensis
2716 5577 2806 5631 ille
2833 5578 3050 5647 prmsul,
3081 5591 3247 5631 unum
3288 5582 3341 5628 et
3374 5588 3465 5627 so-

1977 5696 2044 5763 (:)
2085 5693 2146 5746 P.
2181 5694 2283 5746 tu
2310 5701 2362 5746 et
2390 5691 2510 5763 ns.

1973 5761 2048 5835 (ti)
2082 5764 2281 5818 Athan.
2316 5779 2366 5832 p.
2399 5761 2520 5828 7°28,
2551 5761 2673 5817 7'29.
