3948 6286
371 373 440 428 45
1045 365 1311 422 EUSEBII
1345 362 1827 420 ΕᾸΞΒΑΒΙΕΝΞΙΞ
1865 363 1958 417 ΟΡ⁴

2061 362 2236 417 PARS
2275 361 2361 416 ΠΙ.
2403 391 2472 402 -
2511 359 2918 415 EXEGETICA.
3534 360 3601 411 Η

372 491 482 544 lum
519 503 642 544 vc.)
676 486 867 551 Deum,
904 485 1114 540 Patrem
1152 484 1382 548 scilicet,
1417 483 1809 550 admittebant;
1840 481 1934 536 Fi-
1965 500 2009 556 Α
2037 482 2163 531 XIII.
2213 482 2318 541 Quo
2343 495 2509 531 sensu
2555 493 2589 538 ιξ
2612 494 2806 556 mang-
2833 485 3002 556 neget,
3041 487 3094 530 et
3137 483 3370 543 genitum
3419 473 3599 527 Filium

372 583 504 636 lium
525 596 654 634 vero
689 579 826 632 alius
859 593 886 630 a
923 586 1146 648 paterna
1176 576 1476 630 substantia
1497 614 1512 638 ,
1549 590 1722 642 neque
1753 590 1935 628 verum

372 671 689 728 esse‘Dcutn
730 669 1092 738 praedicabant
1120 687 1131 720 :
1165 668 1290 731 etsi,
1328 665 1551 735 perinde
1585 674 1746 734 atque
1773 664 1939 718 Euse-

377 763 520 824 bius,
556 762 638 815 "de
685 759 821 812 Filio
868 760 1149 828 loquentes
1198 774 1226 810 a
1277 755 1369 809 Dei
1425 757 1781 826 appellatione
1832 771 1939 809 non

377 853 764 915 abhorrerent;
799 851 993 904 Filium
1032 851 1186 918 longe
1220 849 1480 917 imparem
1512 855 1566 900 ct
1620 847 1938 916 inaequalem

374 943 543 1006 Patri,
567 943 792 1012 ipsoque
819 942 1080 994 minorem
1105 939 1441 992 atiirmabanl
1465 957 1476 992 :
1506 939 1648 1008 quod
1676 937 1940 992 Eusebius

379 1036 430 1088 in
465 1035 614 1090 hisce
666 1033 1092 1095 commentariis,
1151 1032 1203 1083 in
1249 1029 1564 1100 Evangelica
1603 1029 1942 1082 Demonstra-

379 1132 515 1183 tioue
547 1133 600 1183 et
645 1128 700 1182 in
735 1127 890 1182 libris
935 1125 1131 1179 Contra
1166 1123 1476 1177 Marcellum
1510 1121 1943 1192 frequentissime

379 1221 512 1277 dicit
561 1236 624 1275 ae
683 1221 900 1290 repetit,
939 1235 1037 1273 nec
1076 1234 1135 1272 ea
1170 1219 1222 1271 itt
1260 1232 1316 1271 re
1349 1232 1585 1285 unquam
1617 1213 1943 1269 circuitione

381 1315 462 1367 vel
496 1312 722 1381 anbage
749 1313 935 1365 utitur.

383 1446 484 1497 ΧΠ.
532 1448 635 1505 Qua
677 1447 925 1494 sententia
959 1455 1213 1514 τῷτιμοουσὶῳ
1243 1444 1366 1514 sive
1407 1439 1946 1490 consubstantialisub-

1029 1512 1297 1566 scripserit.

417 1635 702 1705 e'Objicere
725 1634 900 1690 solent
935 1634 1026 1703 qui
1061 1632 1277 1687 Eusebii
1331 1640 1514 1702 partes
1567 1630 1946 1698 tutantur,ip—

385 1744 505 1783 sum
542 1729 594 1780 in
624 1729 830 1797 synodo
865 1727 1102 1788 Nicena,
1133 1725 1209 1795 τῷ
1237 1723 1526 1795 ὁμοουσίῳ,
1574 1723 1686 1776 sive
1713 1724 1948 1775 consub-

388 1821 630 1876 stantiali
658 1819 1069 1888 subscripsisse.
1100 1815 1165 1869 Et
1189 1817 1240 1870 id
1265 1831 1396 1870 sane
1428 1814 1753 1868 testificatur
1783 1811 1949 1866 Euse-

387 1913 511 1968 bius
549 1914 605 1967 in
641 1913 868 1982 epistola
917 1925 1014 1964 sua
1073 1909 1140 1962 ad
1194 1907 1590 1971 Caesarienses;
1643 1920 1766 1958 nam
1798 1909 1972 1966 cum,‘

389 2007 718 2075 imperatore
758 2010 1043 2073 prtesente,
1075 2002 1302 2055 instaret
1341 1999 1519 2053 exsilii
1551 2006 1748 2060 metus,
1781 1995 1950 2051 Euse-

390 2095 650 2165 bius,qui
679 2108 787 2148 non
810 2109 874 2149 ex
896 2107 1082 2148 eorum
1110 2105 1340 2145 numero
1369 2090 1490 2153 fuit,
1521 2089 1613 2158 qui
1639 2088 1705 2142 de
1735 2086 1952 2141 civitate

390 2187 699 2240 maluerunt
737 2200 900 2254 quam
933 2184 1000 2236 de
1032 2180 1302 2238 sententia
1333 2178 1619 2244 dimoveri,
1655 2192 1797 2247 aegre
1826 2183 1950 2230 tan-

391 2279 512 2333 dem
553 2276 752 2348 synodi
786 2274 1004 2346 placitis
1035 2287 1293 2328 assensus
1333 2277 1448 2334 cst;
1484 2277 1542 2322 ut
1580 2269 1695 2339 ipse
1728 2283 1829 2323 nec
1857 2268 1953 2322 ob—

393 2384 553 2426 scure
582 2368 760 2422 innuit
788 2368 844 2420 in
873 2365 1059 2420 eadem
1093 2363 1339 2433 epistola,
1373 2363 1464 2415 x'at
1503 2361 1692 2433 μέχρις
1719 2360 1955 2431 ἐσχάτης

393 2461 542 2533 ὥρας
575 2457 920 2528 ὲνιστὰμεθα,
957 2471 1119 2526 usque
1149 2453 1217 2509 ad
1255 2465 1540 2508 extremam
1579 2453 1761 2507 horam
1789 2452 1953 2508 obsti-

398 2553 574 2605 timus.
606 2550 788 2616 Quare
820 2549 874 2603 id
905 2562 1014 2602 non
1051 2556 1180 2617 puto
1206 2563 1327 2602 esse
1353 2549 1493 2600 tanti
1528 2547 1594 2600 ad
1624 2547 1742 2616 ejus
1770 2545 1954 2601 defen-

396 2643 604 2699 sionem
638 2661 651 2695 :
680 2641 975 2712 quid-enim
1000 2646 1326 2694 exoneratus
1355 2648 1496 2692 metu
1530 2637 1768 2701 fecisset,
1799 2652 1958 2706 cxpe-

397 2735 577 2790 rittndi
608 2741 848 2804 potestas
879 2748 986 2786 non
1017 2730 1140 2786 fuit.
1175 2729 1280 2785 Sed
1311 2740 1489 2784 tamen
1525 2729 1604 2783 ita
1639 2729 1838 2783 ibidem
1863 2728 1956 2781 τοῦ

394 2827 677 2898 ὁμοουσίου
707 2824 1066 2896 significatum
1097 2823 1308 2890 extulit,
1336 2831 1395 2876 ut
1416 2823 1518 2877 sibi
1549 2820 1778 2892 pristina
1800 2835 1958 2891 repe-

397 2926 510 2972 tere
541 2917 746 2979 liceret,
770 2915 943 2970 sicubi
989 2913 1220 2968 facultas
1263 2915 1498 2969 adesset.
1523 2911 1678 2965 ‘Nam
1719 2911 1832 2966 haec
1863 2925 1958 2966 ea-

397 3010 518 3065 dem
547 3010 602 3062 in
631 3009 859 3079 epistola
890 3006 1096 3077 profert
1129 3027 1143 3061 :
1177 3006 1592 3076 Παραστατικὺν
1625 3006 1681 3059 δὲ
1722 3002 1860 3058 εἶναι
1902 3002 1961 3057 τὸ

400 3103 720 3172 ὀμοούσιον
739 3100 818 3166 τῷ
832 3099 1016 3168 Πατρὶ
1033 3100 1090 3152 τὸ
1123 3098 1387 3169 μηδεμίαν
1419 3098 1710 3168 ἐμφέρειαν
1738 3097 1873 3168 πρὸς
1895 3097 1962 3148 τὰ

2742 545 2886 592 dicat.

2107 645 2244 710 Quia
2276 660 2404 700 vero
2445 645 2497 697 in
2543 643 2757 696 Niczena
2798 643 2920 706 fide,
2956 643 3044 696 cui
3083 641 3405 710 subscripsit
3434 638 3601 693 Euse-

2039 740 2184 802 bius,
2217 739 2505 792 damnatur
2535 738 2661 792 item
2692 738 3005 792 Arianicum
3031 737 3183 800 illud,
3208 737 3264 802 ἐξ
3287 736 3384 788 οἰκ
3414 735 3598 796 ὄντων,

2040 846 2104 884 ea:
2132 848 2233 884 non
2265 831 2660 892 exsistentibus,
2703 839 2755 884 et
2792 828 2983 883 Filium
3024 830 3261 899 genitum
3304 837 3356 881 et
3385 843 3490 880 non
3524 825 3604 877 fa-

2039 928 2184 975 ctum
2217 938 2337 976 esse
2365 922 2696 986 declaratur;
2753 922 2893 974 hanc
2937 919 3130 990 synodi
3173 919 3475 972 doctrinam
3509 930 3605 968 ore

2042 1019 2200 1066 tenus
2251 1011 2494 1066 defendit
2535 1010 2825 1073 Eusebius,
2874 1025 2942 1062 ne
2987 1007 3332 1062 Constantini
3375 1005 3608 1058 Nicaeum

2039 1104 2299 1158 doctrinae
2330 1103 2663 1158 tenacissimi
2691 1100 3116 1171 indignationem
3144 1100 3481 1160 incurreret;
3512 1111 3607 1148 ore

2043 1205 2201 1250 tenus
2224 1195 2360 1255 dixi.
2413 1210 2518 1249 non
2551 1210 2616 1247 ex
2645 1193 2957 1261 conjectura
2986 1199 3038 1245 et
3065 1192 3319 1260 Opinione
3343 1187 3608 1258 quadam;

2044 1287 2136 1342 sed
2167 1301 2232 1340 ex
2262 1285 2396 1354 ipsis
2431 1284 2647 1339 Eusebii
2695 1283 2881 1347 dictis,
2934 1282 3025 1352 qui
3059 1297 3122 1336 ea
3161 1281 3214 1334 in
3254 1295 3310 1334 re
3349 1294 3493 1332 unus
3523 1276 3606 1329 sui

2044 1378 2216 1447 ipsius
2251 1377 2518 1444 interpres
2549 1390 2672 1430 esse
2701 1375 2894 1429 valeat.
2931 1372 3064 1425 Nam
3105 1371 3258 1432 illud,
3301 1367 3360 1432 ὲξ
3387 1369 3484 1420 οὐκ
3521 1367 3609 1418 ὃν·

2043 1485 2170 1532 των,
2198 1467 2412 1522 duobus
2455 1473 2632 1537 potest
2665 1464 2840 1519 modis
2891 1463 3155 1532 intelligi;
3191 1462 3385 1530 primo,
3436 1459 3508 1512 ita
3551 1466 3613 1510 ut

2045 1559 2138 1629 qui
2164 1573 2271 1612 non
2295 1565 2452 1612 antea
2475 1556 2768 1619 exstiterit,
2794 1555 3006 1609 initium
3032 1550 3330 1607 exsistendi
3357 1549 3608 1618 accipiat,

2047 1657 2100 1704 et
2133 1663 2257 1703 cum
2294 1648 2430 1702 nihil
2474 1655 2633 1701 antea
2681 1646 2892 1707 fuisset,
2940 1645 2995 1699 in
3042 1659 3222 1699 rerum
3259 1651 3451 1696 natura
3485 1655 3612 1710 pro-

2048 1741 2172 1796 deat
2202 1759 2214 1795 :
2239 1756 2401 1810 quam
2429 1755 2611 1794 veram
2639 1737 2807 1792 fuisse
2837 1743 2969 1807 puto
2990 1736 3311 1790 Arianorum
3339 1743 3570 1789 mentem
3597 1752 3608 1786 :

1981 1865 2020 1920 Β
2049 1841 2102 1886 et
2131 1832 2258 1886 huic
2295 1829 2874 1886 sententiaelﬂusebius
2905 1843 3118 1897 semper
3149 1827 3366 1890 institit,
3396 1826 3486 1895 qui
3525 1824 3616 1876 Fi-

2053 1925 2183 1978 lium
2209 1933 2333 1978 ante
2362 1924 2695 1978 creationem
2726 1936 2832 1974 non
2861 1921 3248 1989 sempiternum
3280 1933 3400 1972 esse
3430 1915 3614 1971 defen-

2057 2013 2136 2067 dit
2165 2014 2272 2083 (a);
2315 2013 2579 2076 secundo,
2624 2027 2690 2066 ex
2730 2026 2838 2065 non
2873 2011 3214 2065 exstantibus
3257 2008 3460 2079 aliquid
3501 2007 3616 2061 fieri

2052 2105 2288 2170 dicatur,
2309 2119 2433 2158 cum
2459 2120 2525 2161 ex
2550 2103 2700 2158 nullo
2724 2104 3130 2173 praeexsistente
3151 2101 3411 2171 originem
3428 2099 3576 2154 ducit
3600 2118 3614 2150 :

2054 2212 2163 2266 quo
2200 2211 2364 2249 sensu
2414 2195 2681 2251 Eusebius
2715 2195 2911 2249 Filium
2949 2211 3017 2250 ex
3066 2209 3175 2248 non
3226 2193 3620 2248 exsistentibus

2055 2283 2325 2353 prodiisse
2354 2293 2533 2354 negat,
2563 2299 2688 2337 nam
2716 2286 2918 2353 passim
2949 2282 3079 2336 dicit
3109 2290 3162 2338 et
3197 2291 3396 2353 pugnat
3425 2282 3618 2336 Filium

2056 2391 2120 2431 ea
2151 2375 2310 2429 Patre
2338 2376 2579 2445 genitum
2609 2390 2750 2439 esse,
2783 2376 2906 2429 licet
2933 2390 3045 2428 non
3065 2389 3165 2429 sua
3199 2375 3300 2430 sibi
3331 2375 3619 2428 ratiocinia

2055 2476 2334 2522 constent:
2370 2467 2634 2537 siquidem
2669 2467 2722 2520 in
2762 2467 2866 2521 hoc
2891 2467 3282 2521 commentario
3315 2466 3410 2528 ait,
3453 2465 3618 2518 Psal.

2056 2577 2200 2625 κων,
2233 2560 2290 2624 2,
2308 2559 2502 2613 Filium
2524 2574 2552 2612 a
2568 2557 2726 2613 Patre
2747 2574 2810 2612 ex
2841 2556 3003 2612 corde
3017 2564 3070 2611 et
3087 2573 3151 2611 ex
3170 2557 3468 2612 visceribus
3493 2571 3621 2626 pro-

2057 2651 2202 2704 duci.
2233 2649 2302 2704 Et
2367 2652 2421 2704 in
2456 2649 2913 2704 Demonstratione
2950 2649 3262 2717 evangelica,
3305 2649 3342 2702 l.
3380 2663 3451 2709 tv,
3487 2663 3534 2700 c.
3559 2645 3619 2710 ε,

2060 2755 2112 2809 p.
2174 2739 2310 2804 146,
2367 2738 2564 2792 Filium
2613 2739 2856 2809 genitum
2922 2737 3197 2802 declarat,
3265 2737 3622 2805 similiterque

2061 2849 2114 2902 p.
2156 2831 2280 2894 148,
2322 2839 2376 2886 et
2409 2832 2607 2902 passim
2649 2831 2852 2899 ubique
2889 2845 3012 2883 cum
3056 2831 3110 2883 in
3145 2830 3246 2883 hoc
3288 2829 3406 2897 ipso
3433 2844 3617 2898 opere,

2061 2933 2173 2977 tum
2218 2924 2270 2976 in
2325 2923 2478 2977 libris
2529 2923 2728 2976 Contra
2770 2921 3098 2986 Marcellum,
3142 2921 3378 2992 genitum
3428 2921 3620 2974 Filium

2062 3013 2342 3068 con-tendit
2369 3033 2380 3068 :
2411 3024 2464 3067 et
2491 3024 2668 3068 tamen
2697 3013 2853 3066 aliam
2880 3029 2909 3066 a
2935 3011 3094 3068 Patre
3117 3014 3470 3067 substantiam
3498 3011 3622 3066 Filii

2062 3122 2203 3169 esse,
2246 3121 2354 3159 non
2387 3121 2614 3160 numero
2676 3115 2906 3167 tantum,
2941 3105 3032 3158 sed
3064 3105 3320 3175 dignitate
3340 3113 3393 3156 et
3418 3103 3624 3173 magni-

400 3192 600 3261 γενητὰ
631 3191 900 3260 κτίσματα
925 3189 1013 3242 τὸν
1043 3189 1165 3240 Υἰὸν
1193 3186 1286 3238 τοῦ
1320 3185 1451 3238 Θεοῦ
1488 3186 1692 3256 φέρειν,
1737 3185 1880 3255 μόνῳ
1907 3183 1958 3236 δὲ

2067 3198 2252 3252 tudine
2289 3198 2635 3267 pronuntiat;
2671 3196 2745 3249 ita
2776 3205 2832 3248 ut
2863 3211 2961 3250 nec
2990 3211 3114 3249 vere
3145 3205 3198 3248 et
3234 3196 3447 3264 proprie
3481 3194 3622 3248 Deus

399 3283 478 3354 τῷ
501 3282 674 3353 Πατρὶ
701 3280 777 3350 τῷ
792 3278 1139 3348 γεγεννηκότι
1168 3275 1576 3346 ἀφωμοιῶσθαι,
1606 3275 1698 3328 καὶ
1724 3275 1797 3344 μὴ
1827 3269 1963 3326 εἶναι

403 3374 463 3438 ἐξ
501 3373 690 3443 ἑτέρας
713 3372 856 3434 τινὸς
901 3367 1246 3431 ὑποστάσεώς
1275 3385 1332 3420 τε
1365 3367 1460 3419 καὶ
1496 3367 1700 3429 οὐσίας,
1746 3365 1856 3418 ἀλλ’
1901 3366 1964 3417 ἐκ

402 3460 496 3518 τοῦ
530 3463 761 3535 Πατρός,
793 3462 895 3516 hoc
929 3469 1014 3516 est
1048 3479 1058 3513 :
1098 3460 1284 3513 Verum
1322 3459 1462 3511 hisce
1511 3456 1701 3521 verbis,
1734 3469 1965 3510 consun-

404 3571 741 3613 STAN'I'IALEI
785 3555 976 3619 PATRI,
1010 3555 1236 3608 indicari
1285 3553 1487 3607 nullam
1518 3551 1660 3604 Filio
1705 3550 1802 3604 Dei
1847 3566 1965 3602 cum

405 3649 561 3718 factis
597 3657 645 3702 et
678 3648 867 3702 creatis
909 3646 1061 3701 rebus
1107 3662 1219 3700 esse
1269 3645 1707 3704 similitudinem;
1745 3641 1832 3696 sed
1865 3642 1966 3696 soli

406 3742 584 3805 Patri,
616 3742 704 3811 qui
747 3742 916 3809 ipsum
963 3740 1162 3810 genuit,
1205 3739 1348 3792 omni
1382 3736 1534 3791 modo
1576 3736 1798 3789 similem
1834 3752 1964 3799 esse,

406 3850 563 3901 neque
597 3847 661 3886 ea:
705 3832 814 3886 alia
863 3849 1020 3902 quam
1080 3847 1144 3884 e1;
1187 3829 1367 3884 Patris
1441 3830 1713 3900 [typostasi
1757 3841 1806 3884 et
1849 3829 1969 3886 sub-

405 3925 604 3978 stantia
655 3939 785 3977 esse.
837 3923 938 3977 L‘bi
993 3923 1143 3978 vides
1192 3931 1415 3977 eatenus
1438 3921 1800 3976 Filium-Patri
1834 3937 1965 3976 con-

407 4016 819 4070 substantialem
842 4014 971 4079 dici,
999 4023 1266 4084 quatenus
1293 4031 1401 4068 non
1437 4015 1639 4068 creatis
1669 4014 1849 4077 rebus,
1873 4012 1968 4067 sed

406 4105 555 4161 Patri
599 4108 746 4161 omni
798 4107 958 4160 modo
1007 4107 1202 4161 similis
1252 4117 1356 4162 est.
1402 4106 1711 4176 Ὀμοούσιος
1744 4107 1966 4175 quippe,

407 4204 522 4252 sive
566 4199 1070 4263 consubstantialis,
1119 4197 1266 4251 Patri
1319 4197 1488 4254 Filius
1535 4206 1619 4253 est
1671 4199 1968 4252 secundum

407 4286 721 4351 Eusebium,
752 4288 878 4357 quia
901 4287 1020 4356 ejus
1046 4288 1373 4351 substantia,
1409 4286 1586 4342 Patris
1608 4287 1969 4341 substantiam

409 4381 610 4446 refert;
647 4381 719 4433 ita
751 4389 809 4434 ttt
837 4384 1048 4436 ratione
1080 4382 1456 4436 similitudinis
1486 4395 1591 4434 una
1625 4381 1696 4433 sit
1733 4380 1783 4432 in
1821 4388 1970 4431 utra-

407 4487 514 4541 que
557 4472 861 4526 substantia
903 4473 1331 4542 repraesentatio.
1377 4471 1533 4538 Quod
1585 4473 1712 4525 alibi
1764 4471 1967 4540 passim

405 4565 672 4627 enuntiat,
708 4565 1049 4634 maximeque
1087 4566 1140 4617 in
1185 4565 1336 4620 libris
1369 4561 1567 4618 Contra
1599 4563 1910 4616 Marcellum
1946 4578 1964 4614 :

409 4656 465 4708 in
505 4669 614 4724 quo
648 4662 827 4709 autem
859 4670 977 4708 eam
1027 4655 1436 4710 similitudinem
1479 4654 1794 4717 constituat,
1841 4667 1966 4706 mox

407 4747 653 4816 pluribus
684 4747 1070 4815 expendemus.
1110 4745 1264 4812 Quod
1291 4745 1476 4814 adjicit
1507 4745 1596 4798 ille
1625 4743 1819 4797 Filium
1857 4758 1965 4797 non

409 4855 471 4891 ex
507 4839 634 4903 alia,
674 4855 837 4909 quam
887 4855 954 4893 ex
1004 4837 1181 4894 Patris
1229 4837 1508 4908 hypostasi
1555 4843 1608 4891 et
1660 4836 1966 4891 substantia

408 4944 550 4992 esse,
587 4946 692 4982 non
722 4931 794 4983 ita
829 4929 1079 4997 intelligit
1108 4928 1396 4992 Eusebius,
1438 4927 1581 4996 quod
1603 4925 1714 4994 jam
1745 4925 1968 4994 conspi-

409 5036 512 5075 cue
541 5021 823 5089 probatum
855 5029 960 5083 est,
1006 5028 1064 5074 ut
1103 5021 1350 5074 eamdem
1382 5026 1534 5088 putet
1559 5032 1679 5071 esse
1707 5015 1886 5070 Patris
1914 5025 1968 5070 et

409 5110 530 5164 Filii
561 5112 918 5166 substantiam
955 5132 968 5167 :
1003 5113 1054 5165 id
1088 5114 1230 5165 enim
1271 5110 1543 5164 sexcentis
1580 5109 1636 5162 in
1684 5107 1821 5162 locis
1870 5123 1966 5161 ex-

409 5203 578 5273 plodit
613 5190 720 5268 ille,
754 5211 808 5255 et
847 5212 906 5257 ut
950 5201 1171 5258 Sabellii
1209 5201 1512 5256 doctrinam
1557 5199 1824 5264 traducit;
1873 5201 1966 5254 sed

409 5296 554 5366 quod
601 5295 961 5349 substantiam
1001 5309 1033 5348 a
1077 5306 1323 5364 paterna,
1367 5289 1544 5362 quoad
1587 5289 1874 5360 imaginem
1915 5299 1969 5345 et

412 5381 844 5445 similitudinem,
871 5397 1186 5452 expressam
1219 5379 1507 5449 acceperit,
1537 5378 1661 5432 licet
1701 5379 1968 5434 minorem

411 5483 464 5528 ιιι
507 5474 662 5545 longe
708 5473 968 5542 imparem
1015 5492 1029 5526 τ
1076 5473 1206 5526 illud
1252 5488 1414 5542 porro
1456 5471 1680 5542 perinde
1720 5480 1880 5542 atque
1911 5474 1970 5525 τὸ

409 5565 710 5635 ομοούσιον,
736 5568 863 5636 quia
893 5568 944 5618 in
978 5563 1192 5618 Nicazna
1225 5563 1326 5619 lide
1357 5566 1747 5629 contineretur,
1777 5565 1967 5619 admit-

413 5668 524 5713 tere
554 5669 779 5714 coactus
812 5670 914 5714 est.

484 5821 558 5886 (a)
599 5816 786 5873 Contr.
822 5813 1058 5868 Marce”.
1090 5813 1182 5868 lib.
1218 5827 1256 5877 ι,
1295 5827 1346 5883 p.
1376 5812 1464 5876 67,
1497 5813 1584 5867 69.

2065 3289 2171 3342 dici
2205 3289 2411 3359 possit;
2443 3288 2536 3342 sed
2567 3287 2642 3338 ait
2672 3287 2825 3338 illum
2856 3285 3143 3353 imaginem
3176 3299 3283 3336 non
3315 3284 3473 3335 modo
3502 3283 3623 3335 Dei-

2067 3381 2215 3444 tatis,
2269 3379 2366 3434 sed
2411 3379 2574 3433 etiam
2624 3376 2850 3429 unitatis
2891 3381 3128 3444 paterna:
3173 3374 3621 3443 perfectissimam

2067 3487 2187 3527 esse
2206 3512 2220 3535 ,
2260 3479 2423 3539 atque
2453 3469 2573 3523 ideo
2601 3483 2669 3522 ex
2695 3467 2852 3521 Patre
2873 3466 3246 3536 prodeuntem,
3281 3466 3405 3535 quia
3437 3466 3500 3518 ad
3519 3464 3628 3517 ‘Pa-

2065 3566 2166 3618 tris
2209 3561 2617 3617 similitudinem
2663 3560 2734 3615 sit
2765 3572 3048 3628 expressa,
3095 3557 3232 3610 κατὰ
3269 3555 3490 3627 γνώμην
3532 3558 3628 3610 καὶ

2069 3655 2406 3726 προαίρεσιν,
2436 3653 2486 3706 id
2513 3663 2615 3715 est,
2644 3668 2709 3706 ex
2737 3651 3015 3704 voluntate
3044 3656 3097 3703 et
3125 3648 3402 3718 proposito
3427 3647 3622 3708 Patris,

2070 3763 2176 3802 non
2211 3764 2276 3802 ex
2305 3753 2514 3800 natura:
2541 3745 2898 3809 necessitate;
2927 3756 3048 3811 qua:
3082 3751 3260 3795 tamen
3291 3742 3488 3810 imago,
3521 3739 3627 3792 alia

2070 3841 2138 3894 sit
2163 3855 2191 3892 a
2218 3847 2440 3908 paterna
2473 3837 2698 3900 Deitate,
2733 3837 2932 3894 minor.
2956 3836 3149 3903 impar,
3177 3847 3295 3903 quae
3319 3832 3633 3902 dignatione

2069 3926 2286 3997 quidem
2311 3925 2490 3980 Patris
2513 3925 2569 3979 in
2597 3933 2720 3978 ortu
2745 3939 2846 3979 suo
2869 3925 2959 3980 Dei
2985 3939 3180 3978 nomen
3205 3925 3471 3992 acceperit
3490 3963 3505 3990 ,
3535 3924 3628 3978 sed

2071 4032 2179 4071 non
2209 4031 2336 4071 vere
2365 4023 2419 4070 et
2449 4016 2667 4085 proprie
2697 4014 2840 4069 Deus
2871 4016 2958 4069 sit.

2140 4108 2216 4162 Ex
2261 4107 2372 4162 Deo
2402 4114 2579 4161 autem
2614 4116 2668 4161 et
2703 4122 2769 4160 ex
2806 4105 3110 4161 substantia
3154 4103 3248 4159 Dei
3282 4117 3403 4158 esse
3431 4101 3630 4157 Filium

2070 4200 2200 4255 dicit
2233 4201 2444 4254 ratione
2493 4199 2897 4263 similitudinis;
2953 4196 3409 4268 quemadmodum
3453 4197 3633 4266 imago

2071 4292 2374 4362 cujuspiam
2408 4306 2436 4344 a
2465 4291 2801 4361 peritissimo
2834 4290 3042 4360 pictore
3070 4288 3392 4343 concinnata
3411 4327 3423 4350 ,
3475 4303 3539 4342 ex
3566 4303 3634 4341 eo

2070 4391 2123 4438 et
2148 4399 2214 4437 ex
2248 4398 2479 4452 persona
2513 4386 2632 4451 ejus
2663 4397 2923 4452 expressa
2953 4396 3188 4449 eumque
3218 4381 3454 4449 perfecte
3477 4379 3632 4434 exhi-

2073 4479 2200 4532 bere
2220 4478 2421 4532 dicitur
2446 4496 2458 4531 :
2486 4477 2588 4532 etsi
2615 4477 2838 4531 alterius
2859 4486 2913 4530 et
2934 4475 3160 4529 diversa:
3181 4475 3502 4529 substantiae
3527 4475 3630 4540 sit;

2073 4569 2149 4623 ita
2185 4568 2376 4633 Filius,
2416 4568 2714 4623 secundum
2750 4566 3063 4630 Eusebium,
3105 4580 3169 4620 ex
3201 4565 3505 4619 substantia
3535 4563 3632 4618 Dei

2071 4667 2124 4715 et
2156 4676 2217 4712 ex
2250 4659 2360 4714 Deo
2390 4675 2512 4714 esse
2549 4659 2771 4723 dicitur,
2815 4657 2906 4726 qui
2959 4665 3042 4711 est
3087 4657 3262 4725 imago
3289 4672 3352 4709 ex
3393 4655 3501 4710 Deo
3537 4671 3635 4709 ex-

2074 4763 2280 4819 pressa,
2326 4748 2491 4801 Deum
2526 4745 2762 4815 perfecte
2798 4751 3216 4814 repraesentans,
3263 4744 3367 4798 etsi
3406 4744 3638 4799 alterius

2071 4849 2125 4893 et
2153 4839 2380 4892 diversae
2415 4837 2733 4891 substantia}
2775 4837 2863 4891 sit.
2906 4835 2962 4889 ln
2997 4851 3104 4905 quo
3143 4849 3275 4891 sane
3308 4835 3571 4890 Eusebius
3602 4851 3634 4889 a

2073 4937 2222 4985 recto
2262 4928 2619 4982 ratiocinandi
2661 4943 2860 4997 genere
2907 4928 3142 4982 immane
3185 4936 3446 4996 quantum
3477 4928 3639 4980 aber-

2074 5029 2204 5076 rat:
2239 5036 2364 5075 nam
2411 5036 2477 5075 ex
2521 5020 2796 5074 communi
2839 5027 2893 5074 et
2938 5027 3156 5088 recepto
3191 5019 3468 5072 hominum
3506 5035 3631 5082 usu,

2073 5117 2166 5184 qui
2213 5128 2338 5168 vere
2383 5113 2640 5181 gignitur,
2691 5111 2961 5182 gignentis
3013 5109 3375 5166 substantiam
3418 5110 3633 5178 plenam

2075 5207 2449 5275 integramque
2502 5206 2721 5274 accipit,
2780 5212 2840 5257 ut
2885 5205 3029 5258 filius
3074 5204 3258 5258 vocari
3311 5205 3506 5272 possit.
3561 5203 3630 5255 Ea

2075 5299 2274 5367 quippe
2327 5305 2411 5352 est
2465 5296 2556 5350 ﬁlii
2608 5297 2825 5366 proprie
2877 5296 3009 5350 dicti
3062 5297 3225 5360 ratio,
3281 5302 3339 5348 ut
3389 5295 3635 5348 eamdem

2074 5403 2302 5456 prorsus
2339 5403 2498 5456 quam
2531 5393 2684 5454 pater
2717 5395 2964 5439 naturam
3007 5383 3277 5443 obtineat:
3321 5385 3475 5445 alias,
3525 5400 3636 5437 non

2078 5479 2240 5538 filius,
2276 5479 2368 5533 sed
2403 5477 2676 5548 opificium
2709 5477 2845 5538 erit;
2885 5477 3150 5541 eamdem,
3186 5477 3429 5544 inquam,
3454 5477 3638 5543 specie

2079 5578 2328 5623 naturam
2375 5569 2428 5622 in
2484 5569 2646 5622 rebus
2699 5569 2919 5632 creatis,
2969 5583 3087 5637 qua:
3133 5566 3478 5633 multiplicari
3513 5581 3626 5633 pos-

2078 5667 2236 5720 sunt;
2275 5659 2517 5714 eamdem
2550 5654 2676 5712 vero
2719 5660 2994 5714 uumericc
3041 5659 3093 5712 in
3136 5656 3352 5720 divinis,
3387 5656 3513 5725 quia
3542 5672 3637 5710 na-
