3948 6286
371 329 436 381 45
1141 322 1639 381 COMMENTARIA
1678 322 1742 375 IN
1785 321 2123 378 PSALMOS.
2166 353 2232 362 —
2273 323 2820 380 PR."ELIMIN.~\RIA.
3529 333 3596 384 ισ

371 456 485 498 tura
517 443 607 499 Dei
641 459 766 497 cum
796 443 1143 513 multiplicari
1180 451 1431 512 nequeat,
1471 450 1658 511 utpote
1690 441 1926 504 inﬁnita,
1960 445 2003 498 Α
2033 455 2155 493 men
2183 441 2272 494 ille
2304 441 2502 510 ubique
2525 443 2660 497 alias
2688 458 2809 497 cum
2843 444 2910 498 de
2939 443 3076 498 Filio
3099 445 3339 515 loquitur
3371 451 3590 518 respuit,

371 551 473 590 non
498 543 675 603 potest
701 535 804 590 nisi
836 550 940 589 una
971 545 1022 590 et
1048 535 1164 605 ipsa
1188 536 1484 605 eademque
1516 537 1930 590 communicari.

372 626 565 680 Verum
601 626 712 679 haec
746 627 968 680 minime
1000 627 1271 696 quadrare
1309 643 1416 682 non
1448 628 1726 683 nesciebat
1765 627 1935 683 Euse-

368 719 508 780 bius,
548 724 604 771 et
637 719 765 786 quia
803 718 1032 771 arduum
1063 726 1147 774 est
1183 728 1371 773 contra
1406 719 1571 772 animi
1605 719 1928 773 sententiam

363 810 452 862 diu
503 810 844 878 multumque
889 809 1146 873 scribere,
1199 810 1329 879 quin
1368 811 1615 863 nonnihil
1646 826 1711 864 ex
1752 818 1931 864 mente

363 903 652 970 scriptoris
679 903 763 955 vel
795 901 1163 971 imprudenter
1185 903 1368 956 ellluat
1388 943 1402 968 ,
1429 917 1537 955 non
1568 903 1682 972 pari
1713 918 1928 971 semper

362 994 524 1048 modo
555 993 825 1048 Eusebius
866 994 1140 1063 loquitur:
1171 1010 1294 1047 nam
1327 996 1381 1048 in
1414 993 1714 1048 Demonstr.
1769 1009 1926 1046 evan-

361 1087 526 1156 gelica
561 1085 758 1139 Filium
779 1085 857 1140 sic
884 1094 1179 1154 nuncupat.
1214 1084 1290 1137 Τὸ
1321 1084 1547 1138 τέλειον
1569 1084 1671 1137 τοῦ
1697 1085 1925 1137 τελείου

361 1178 792 1246 δημιούργημα,
827 1177 924 1229 καὶ
967 1176 1159 1244 σοφοῦ
1204 1176 1396 1244 σορὸν
1434 1176 1922 1244 (ὶρχιτεκτόνημα,

361 1269 663 1336 Perfectum
694 1269 908 1336 perfecti
938 1267 1225 1334 api/icium,
1253 1278 1301 1320 et
1325 1267 1574 1336 sapientis
1597 1267 1804 1335 sapiens
1831 1283 1922 1319 ar-

362 1361 610 1428 tefactum
643 1375 661 1412 :
689 1369 743 1414 et
771 1360 824 1412 in
853 1359 1079 1427 epistola
1118 1358 1183 1412 ad
1217 1359 1577 1413 Alexandrum
1603 1357 1700 1430 (α),
1725 1358 1922 1412 Filium

358 1468 470 1506 rem
501 1451 701 1505 factam
725 1467 846 1505 esse
868 1451 997 1504 dit-it
1026 1470 1038 1504 :
1061 1457 1115 1503 et
1145 1451 1466 1504 Arianorum
1494 1465 1715 1505 causam
1738 1459 1921 1519 aperte

360 1549 680 1612 propugnat,
725 1544 815 1612 qui
848 1543 1099 1597 dicebant
1133 1541 1328 1594 Filium
1367 1541 1568 1595 factum
1607 1541 1795 1608 fuisse,
1825 1543 1921 1598 sed

358 1650 461 1687 non
492 1645 551 1688 ut
583 1635 818 1703 aliquam
851 1651 915 1688 ex
949 1635 1112 1689 rebus
1161 1633 1352 1698 factis;
1402 1642 1456 1687 et
1504 1641 1745 1687 creatum
1789 1633 1920 1688 item

357 1727 544 1791 fuisse,
579 1728 675 1782 sed
710 1744 816 1780 non
849 1735 906 1780 ut
935 1728 1171 1796 aliquam
1203 1743 1266 1782 ex
1300 1727 1463 1781 rebus
1494 1727 1710 1782 creatis.
1745 1725 1919 1780 Czete-

354 1833 470 1870 rum
502 1817 719 1872 etiamsi
761 1833 825 1872 ex
865 1818 1032 1871 animi
1072 1818 1337 1872 sententia
1384 1817 1650 1872 Eusebius
1682 1816 1914 1872 Verbum

353 1926 473 1963 vere
509 1910 750 1979 genitum
781 1919 833 1963 et
861 1909 1057 1964 Filium
1084 1909 1302 1974 dixerit,
1337 1911 1500 1965 verbo
1523 1919 1728 1964 tantum
1756 1917 1914 1966 tenus

358 2003 416 2057 ab
443 2003 670 2057 Arianis
701 2001 1071 2072 discrepabit:
1100 2020 1224 2057 nam
1257 2004 1333 2056 illi
1369 2003 1590 2073 perinde
1621 2013 1781 2072 atque
1805 2003 1915 2059 Eu:

362 2095 531 2149 sebins
567 2094 801 2150 Verbum
833 2110 863 2148 a
897 2093 1054 2150 Patre
1085 2095 1429 2165 productum,
1473 2094 1780 2149 substantia
1828 2093 1913 2148 di-

358 2201 562 2240 versum
599 2203 663 2241 ac
695 2187 876 2242 minus
907 2203 1027 2242 esse
1071 2187 1231 2242 Patre
1261 2187 1554 2257 putabant;
1594 2201 1662 2240 an
1698 2202 1826 2241 vero
1857 2187 1912 2241 id

353 2277 449 2331 dici
481 2279 658 2347 pOSsit
686 2278 926 2349 genitum
966 2294 1106 2344 esse,
1142 2279 1209 2333 de
1248 2280 1466 2335 nomine
1510 2287 1718 2334 tantum
1765 2295 1914 2350 quaa-

353 2370 452 2423 stio
478 2378 587 2426 est.

735 2484 855 2533 XIV.
882 2485 1059 2533 Filium
1084 2490 1231 2546 negat
1264 2491 1518 2533 teternum.

415 2565 569 2631 Quod
594 2565 660 2620 ad
696 2567 1047 2621 azternitatem
1086 2582 1217 2620 vero
1247 2565 1367 2619 Filii
1402 2573 1527 2619 ante
1555 2565 1906 2628 creationem,

350 2673 413 2711 ne
432 2658 601 2711 latum
631 2673 865 2727 unguem
897 2659 963 2712 ab
985 2659 1308 2712 Arianorum
1333 2658 1600 2712 sententia
1624 2659 1908 2712 deﬂectere

350 2748 580 2810 videtur,
615 2749 708 2816 qui
741 2747 992 2802 dicebant
1033 2747 1229 2802 Filium
1263 2765 1370 2803 non
1406 2749 1572 2801 ἀΐδιον
1611 2748 1726 2803 sive
1766 2764 1909 2804 sem-

348 2839 613 2905 piternum
651 2853 772 2892 esse
803 2856 814 2890 :
860 2837 955 2892 sed
989 2848 1113 2894 ante
1142 2840 1325 2892 omnia
1357 2839 1574 2892 factum.
1616 2837 1707 2892 Sic
1735 2845 1788 2892 et
1818 2839 1908 2892 ille

348 2924 537 2980 Filium
583 2927 803 2996 quidem
857 2928 1066 2998 πρῶτον
1115 2929 1221 2981 τῶν
1265 2929 1432 2981 ὄντων
1479 2929 1730 2981 ἁπάντων
1776 2925 1908 2981 dicit

350 3019 642 3074 Demonstr.
682 3038 863 3089 evang.
907 3037 960 3089 p.
1003 3022 1126 3086 146,
1159 3021 1210 3073 id
1244 3029 1348 3084 est,
1381 3021 1618 3074 Primum
1676 3021 1904 3073 omnium

343 3127 659 3181 quaecunque
684 3123 840 3176 sunt;
883 3112 1043 3182 idque
1073 3114 1276 3182 passim
1318 3113 1511 3180 repetit
1554 3112 1608 3165 in
1635 3111 1720 3164 his
1752 3125 1904 3164 com-
1935 3131 1976 3188 ρ

345 3204 650 3264 mentariis,
689 3203 852 3272 inque
888 3204 1039 3259 libris
1071 3215 1255 3256 contra
1293 3201 1643 3255 Marcellum:
1671 3202 1906 3269 itemque

345 3293 417 3345 ait
443 3292 642 3347 Filium
675 3295 780 3366 πρὸ
804 3295 1008 3366 χρόνων
1042 3295 1290 3358 αἰωνίων,
1324 3303 1377 3350 et
1403 3294 1507 3365 πρὸ
1536 3294 1752 3348 πάντων
1780 3291 1901 3345 αἰώ-

344 3402 464 3448 νων,
505 3387 558 3438 id
589 3397 692 3449 est,
727 3397 844 3440 ante
884 3387 1097 3450 sa’cula,
1153 3386 1472 3456 productum
1507 3405 1519 3439 :
1554 3399 1678 3440 nam
1708 3385 1906 3440 saecula

344 3480 393 3523 et
423 3483 638 3542 tempus
667 3490 828 3529 omne
871 3491 995 3528 cum
1040 3475 1240 3528 mundo
1284 3477 1516 3544 cmpisse
1563 3490 1686 3528 cum
1721 3475 1906 3530 multis

345 3565 461 3618 aliis
504 3566 782 3620 veteribus
831 3569 1145 3626 arbitratur.
1202 3583 1302 3622 nec
1353 3583 1452 3621 vox
1505 3567 1718 3632 αἰώνιος
1763 3569 1905 3637 apud

344 3655 658 3721 Eusebium,
697 3674 796 3729 pro
827 3661 1126 3714 aeternitate
1155 3670 1279 3714 ante
1308 3660 1637 3714 creationem
1671 3676 1904 3730 usquam

345 3751 572 3804 sumitur
603 3771 615 3804 :
645 3767 770 3805 nam
804 3751 1110 3821 hujusmodi
1145 3754 1502 3808 aeternitatem
1536 3753 1588 3806 in
1621 3751 1760 3806 Filio
1791 3753 1908 3807 evi-

343 3840 527 3894 denter
553 3849 784 3910 negatet
806 3855 986 3895 contra
1019 3842 1332 3896 Marcellum
1365 3858 1532 3913 agens
1566 3843 1796 3896 allirmat
1822 3841 1906 3896 Fi~

343 3933 468 3986 lium
521 3949 628 3988 non
678 3951 839 4004 posse
873 3936 980 3988 dici
1031 3937 1196 3989 ἀΐδιον
1242 3937 1355 4002 sive
1399 3938 1811 4006 sempiternum,
1847 3947 1906 3990 ut

339 4023 522 4077 videre
550 4033 654 4086 est,
691 4027 725 4078 Ι.
759 4041 819 4087 ιι,
849 4041 898 4080 c.
933 4025 1015 4089 12,
1048 4034 1100 4079 et
1131 4028 1277 4081 alibi.
1313 4027 1422 4083 Nec
1457 4028 1692 4082 dilliteor
1721 4037 1902 4082 tamen

343 4115 395 4165 in
421 4117 837 4171 Commentariis
877 4117 928 4169 in
977 4117 1219 4173 Psalmos
1264 4118 1329 4171 ad
1362 4119 1505 4172 hunc
1536 4120 1673 4188 psal.
1709 4135 1747 4172 ιι
1779 4135 1902 4173 ver-

341 4220 481 4267 sum,
515 4204 626 4275 Ego
656 4207 805 4261 hodie
825 4208 1060 4278 qe‘nuite,
1094 4209 1206 4264 haec
1233 4210 1416 4263 haberi
1444 4211 1615 4278 εἘγὼ
1641 4209 1903 4278 σήμερον

338 4296 666 4366 μιχθέν-νηκά
695 4314 787 4363 σε,
810 4301 1046 4370 δηλονότι
1081 4304 1206 4376 περὶ
1237 4304 1334 4372 τῆς
1365 4303 1616 4374 χρονικῆς
1647 4301 1748 4371 ἔφη
1778 4319 1901 4370 γεν-

337 4392 562 4458 νήσεως
590 4393 714 4462 περὶ
751 4393 858 4463 γὰρ
889 4394 986 4463 τῆς
1019 4394 1252 4464 ἁνάρχου
1283 4395 1444 4463 φησὶν
1471 4394 1630 4456 αὐτὸς
1664 4395 1692 4444 ὁ
1717 4393 1895 4445 Δαυῖδ·

2035 539 2089 583 et
2115 530 2214 585 soli
2250 529 2393 585 Patri
2428 541 2734 601 competere
2759 533 2891 586 dicit
2927 553 2939 588 :
2980 535 3206 604 parique
3244 535 3406 590 modo
3436 545 3603 590 tetra-

2033 637 2313 690 grammon
2343 633 2482 689 mm,
2509 626 2652 694 quod
2698 626 2900 693 passim
2935 628 3011 680 ait
3043 628 3098 681 in
3139 628 3225 682 his
3252 629 3602 684 Commenta-

2034 715 2132 769 riis
2167 715 2254 768 uni
2287 713 2431 768 Patri
2465 728 2772 786 competere
2815 734 3005 789 posse;
3041 721 3207 774 semel
3232 720 3283 772 in
3317 735 3601 774 commen-

2033 806 2173 858 tario
2202 805 2440 875 itemque
2469 809 2636 862 semel
2681 811 2734 862 in
2792 809 3248 864 Demonstratione
3277 811 3595 881 evangelica,

2032 899 2108 950 ait
2133 897 2271 951 Filio
2301 914 2691 968 nonnunquam
2724 904 3020 970 ascriptum
3060 902 3251 963 fuisse,
3289 918 3600 957 accommo-

2030 990 2154 1045 date
2179 991 2407 1055 scilicet,
2445 1008 2619 1062 neque
2647 995 2883 1063 proprie,
2913 1006 2968 1048 ut
2989 995 3115 1048 alibi
3144 995 3210 1048 de
3243 993 3334 1048 Dei
3359 996 3595 1064 appella-

2028 1082 2174 1134 tione
2206 1081 2412 1135 dictum
2457 1091 2560 1137 est.
2611 1083 2728 1139 Non
2777 1087 3162 1154 sempiternum
3201 1093 3383 1139 autem
3425 1084 3595 1140 fuisse

2027 1171 2264 1228 Verbum
2297 1187 2422 1232 ante
2455 1181 2782 1232 creationem
2810 1181 2998 1248 probat
3023 1180 3125 1234 hoc
3144 1180 3452 1235 dilemmate
3483 1179 3594 1234 Eu-

2028 1267 2234 1331 sebius,
2277 1271 2330 1323 in
2363 1269 2480 1322 loco
2511 1269 2708 1324 Contra
2748 1268 3058 1323 Marcellum
3089 1272 3343 1340 superius
3386 1287 3594 1326 memo-

2027 1368 2147 1411 rato
2172 1379 2183 1413 :
2204 1358 2260 1412 Si
2304 1359 2472 1416 Filius
2495 1361 2564 1415 sit
2589 1363 2758 1426 ἀΐδιος
2788 1365 2901 1417 sive
2930 1364 3316 1432 sempiternus,
3364 1364 3448 1419 vel
3481 1365 3590 1419 duo

2025 1463 2184 1506 erunt
2224 1455 2575 1524 sempiterna,
2608 1472 2800 1526 nempe
2831 1456 2991 1510 Pater
3025 1465 3079 1511 et
3110 1457 3300 1521 Filius,
3332 1458 3475 1528 quod
3503 1469 3592 1512 est

2024 1561 2053 1598 a
2095 1545 2195 1600 ﬁde
2226 1547 2523 1612 absonum;
2574 1549 2658 1601 vel
2701 1547 2862 1602 Pater
2899 1558 2953 1602 et
2999 1547 3170 1604 Filius
3218 1564 3384 1603 unum
3429 1560 3589 1604 erunt

2023 1639 2436 1706 sempiternum,
2473 1638 2617 1707 quod
2655 1646 2740 1692 est
2771 1636 3160 1692 Sabellianum.
3193 1639 3332 1694 Ante
3352 1641 3586 1694 creatio-

2022 1743 2142 1780 nem
2181 1727 2346 1798 igitur
2379 1727 2613 1783 Verbum
2663 1745 2771 1784 non
2819 1730 3208 1800 sempiternum
3245 1745 3366 1784 esse
3399 1731 3586 1784 docuit

1952 1783 1992 1837 Β
2023 1816 2320 1883 Eusebius;
2371 1836 2547 1889 neque
2594 1829 2775 1875 tamen
2829 1836 2918 1876 res
2938 1783 3178 1875 rcreatas
3230 1821 3413 1875 statim
3462 1829 3588 1890 post

2022 1908 2184 1966 Verbi
2229 1920 2409 1967 ortum
2457 1913 2632 1968 editas
2677 1929 2797 1969 esse
2837 1921 3018 1983 putat;
3075 1913 3584 1982 sedinterpositum

2022 2000 2255 2069 spatium
2308 2002 2447 2055 inter
2494 2001 2657 2056 Verbi
2700 2011 2753 2056 et
2796 2002 3132 2072 Opiﬁciorum
3166 2002 3580 2070 productionem

2019 2092 2305 2146 constituit
2332 2093 2421 2146 ille
2453 2111 2465 2146 :
2497 2108 2604 2163 qua
2636 2095 2693 2147 in
2719 2109 2778 2148 re
2803 2093 3019 2164 paulum
3051 2092 3335 2148 deﬂectere
3364 2092 3582 2149 videtur

2019 2185 2088 2239 ab
2107 2185 2321 2241 Arianae
2350 2194 2510 2242 secta:
2532 2187 2888 2257 principibus,
2911 2188 3002 2256 qui
3029 2187 3265 2241 Verbum
3297 2185 3362 2238 ad
3392 2199 3574 2240 rerum

2017 2278 2260 2331 omnium
2315 2280 2645 2333 creationem
2697 2279 3022 2348 productum
3074 2280 3191 2332 sine
3251 2275 3578 2332 intermedio

2013 2368 2193 2436 spatio
2217 2369 2643 2434 arbitrabantur,
2671 2378 2730 2423 ut
2759 2372 2852 2424 illo
2877 2371 3018 2426 Deus
3042 2371 3106 2424 ad
3133 2371 3346 2440 opiﬁcia
3370 2371 3579 2426 edenda

2018 2474 2114 2515 ceu
2143 2460 2506 2517 instrumento
2539 2471 2802 2518 uteretur.

2388 2593 2488 2645 XV.
2515 2595 2711 2647 Summa
2731 2598 2964 2647 doctrina:
2984 2598 3202 2647 Eusebii.

2087 2718 2170 2774 En
2203 2736 2334 2793 ergo
2381 2730 2550 2776 totam
2605 2722 2923 2778 Eusebiana:
2965 2725 3249 2794 theologia:
3287 2739 3575 2779 summam.

2015 2810 2168 2868 Unus
2195 2829 2358 2868 verus
2385 2814 2453 2867 ab
2474 2823 2678 2869 artemo
2701 2814 2842 2869 Deus
2867 2814 3027 2869 Pater
3053 2814 3176 2879 fuit,
3204 2815 3296 2884 qui
3323 2815 3578 2868 omnibus

2015 2913 2177 2974 atque
2210 2905 2374 2960 etiam
2412 2904 2550 2960 Filio
2582 2920 2683 2961 suo
2726 2908 3051 2975 praeexsistit
3084 2926 3097 2960 :
3134 2904 3438 2976 Filiumque
3471 2908 3578 2960 sibi

2013 3006 2201 3067 postea
2247 3013 2356 3051 non
2389 3014 2456 3052 ex
2503 3000 2828 3053 necessitate
2871 3007 3098 3060 natura),
3143 2997 3239 3053 sed
3287 3014 3353 3052 ex
3405 2998 3577 3053 libero

2014 3090 2312 3145 voluntatis
2349 3090 2576 3144 arbitrio
2613 3105 2676 3144 ac
2728 3091 3029 3160 proposito,
3065 3090 3323 3159 produxit
3351 3105 3415 3143 ex
3448 3089 3579 3143 sub-

2009 3183 2209 3237 stantia
2233 3197 2331 3239 sua
2357 3202 2370 3237 :
2397 3198 2506 3238 non
2531 3183 2894 3238 substantiam
2919 3197 3073 3237 suam
3096 3184 3211 3237 sive
3235 3192 3430 3249 totam,
3462 3182 3579 3239 sive

2007 3276 2268 3339 decisam,
2298 3275 2436 3330 Filio
2457 3276 2890 3342 communicans;
2915 3275 3009 3330 sed
3035 3274 3394 3331 substantiam
3415 3278 3576 3330 aliam

2007 3367 2073 3421 ad
2109 3368 2199 3422 sui
2243 3383 2337 3438 per
2377 3367 2560 3421 omnia
2590 3367 3004 3422 similitudinem
3047 3373 3100 3421 et
3135 3367 3426 3439 imaginem
3459 3384 3579 3437 pro-

2007 3459 2244 3521 ducens;
2291 3471 2554 3529 quantum
2589 3460 2799 3514 scilicet
2837 3464 3016 3530 potest
3055 3461 3365 3516 substantia
3399 3476 3429 3513 a
3464 3460 3576 3516 Deo

2006 3551 2220 3606 diversa
2271 3551 2366 3605 Dei
2415 3553 2705 3622 imaginem
2741 3551 2922 3606 ferre:
2958 3567 3084 3606 nam
3120 3554 3276 3623 longe
3310 3555 3486 3622 impar
3521 3566 3577 3608 et

2008 3643 2186 3697 minor
2222 3641 2381 3698 Patre
2427 3641 2601 3698 Filius
2625 3652 2727 3698 est.
2761 3643 2897 3696 Cum
2927 3653 3106 3699 autem
3138 3645 3315 3714 imago
3347 3645 3436 3698 illa
3467 3660 3575 3699 una

2007 3732 2174 3788 Deum
2210 3734 2624 3805 perfectissime,
2663 3739 2926 3804 quantum
2975 3736 3090 3788 lieri
3136 3745 3330 3804 potcst,
3376 3751 3576 3804 reprae-

2007 3836 2203 3890 sentet,
2231 3843 2338 3881 non
2371 3828 2694 3883 substantia:
2728 3825 2888 3880 modo
2915 3825 3034 3888 Dei.
3079 3828 3172 3882 sed
3199 3829 3360 3881 etiam
3394 3828 3577 3882 unita-

2006 3920 2077 3974 tis
2103 3921 2222 3989 ejns
2253 3920 2430 3990 imago
2457 3928 2556 3974 est.
2597 3919 2752 3974 Unde
2773 3916 2844 3972 ob
2877 3919 3022 3972 illam
3053 3919 3271 3974 unicam
3294 3929 3346 3974 et
3378 3920 3571 3990 singu-

2005 4014 2170 4068 larem
2193 4013 2624 4076 similitudinem,
2653 4013 2822 4068 Filins
2845 4015 2914 4068 ab
2953 4013 3160 4084 origine
3181 4012 3324 4068 Deus
3347 4021 3574 4068 vocatus

2005 4114 2058 4161 et
2085 4106 2262 4161 factus
2299 4115 2404 4169 est,
2436 4106 2772 4177 θεοποιηθεις
2803 4127 2817 4161 :
2851 4109 2943 4177 qui
2979 4108 3082 4162 etsi
3118 4123 3243 4163 vere
3279 4106 3421 4163 Deus
3459 4107 3569 4163 dici

2003 4213 2111 4252 non
2141 4199 2334 4268 possit,
2383 4199 2427 4252 si
2465 4213 2590 4252 cum
2639 4196 2800 4252 Patre
2845 4207 3216 4269 comparetur,
3257 4207 3572 4269 comparate

2004 4301 2180 4345 tamen
2215 4290 2281 4344 ad
2315 4300 2594 4346 creaturas
2630 4306 2752 4346 vere
2797 4290 2942 4346 Deus
2989 4291 3196 4352 dicitur,
3234 4311 3246 4346 :
3283 4293 3409 4361 quia
3442 4292 3571 4361 ipsa:

2005 4383 2268 4455 imagines
2301 4383 2396 4438 Dei
2430 4384 2585 4453 longe
2616 4381 3049 4452 imperfecliores
3077 4392 3223 4438 sunt.
3256 4382 3436 4449 Quare
3467 4384 3568 4436 αὑ-

352 4481 442 4534 Ἐκ
493 4483 750 4550 γαστρὸς
793 4483 904 4550 πρὸ
945 4485 1256 4553 ἑωσφόρον
1288 4483 1617 4552 γεγέννηκά
1661 4500 1754 4550 σε,
1796 4484 1898 4538 hoc

2014 4476 2187 4540 τόθεος
2219 4476 2442 4538 dicitur,
2480 4475 2616 4538 sive,
2665 4475 2773 4543 ipse
2808 4471 2972 4537 Deus,
3003 4475 3129 4545 quia
3164 4491 3228 4529 ex
3261 4473 3569 4527 omnimoda

336 4581 419 4625 est
447 4591 459 4624 :
496 4591 514 4622 ι
546 4572 658 4640 Ego
675 4573 824 4627 hodie
840 4575 992 4644 genui
1030 4585 1098 4639 te,
1138 4595 1156 4626 ι
1187 4575 1240 4627 id
1269 4574 1504 4629 videlicet
1529 4575 1592 4628 de
1625 4577 1901 4645 temporali

337 4675 666 4733 generatione
702 4666 918 4731 dictum,
946 4685 1061 4738 qua:
1095 4683 1186 4736 per
1223 4670 1567 4723 oeconomiam
1603 4669 1749 4737 facta
1777 4679 1897 4732 est;
1955 4723 1966 4736 ,

337 4755 400 4808 de
425 4756 520 4809 illa
549 4774 768 4827 namque
790 4775 905 4827 qua:
925 4760 1035 4812 sine
1060 4762 1316 4828 principio
1337 4771 1435 4825 est,
1455 4763 1530 4814 ait
1558 4764 1665 4830 ipse
1689 4761 1859 4816 David
1880 4780 1898 4816 .-

344 4863 363 4895 t
406 4845 486 4898 Ea:
519 4857 668 4900 utero
692 4860 811 4902 ante
839 4849 1113 4919 luciferum
1149 4851 1304 4920 genui
1341 4860 1388 4905 te
1418 4850 1718 4920 (Psal.cut,
1744 4853 1833 4922 5).
1875 4873 1893 4904 r

335 4936 536 4994 Verum
564 4939 615 4992 id
645 4940 777 4993 nihil
799 4955 938 4994 verte
961 4942 1176 4996 Eusebii
1200 4943 1482 4996 sententia:
1503 4943 1721 5006 olliciat,
1748 4959 1896 5006 nam,

336 5038 396 5083 ut
424 5031 596 5092 vides,
630 5031 861 5101 ἄναρχον
891 5041 1045 5084 vocat
1087 5031 1248 5086 Verbi
1299 5035 1726 5103 generationem,
1771 5037 1898 5105 quia

338 5131 460 5176 ante
513 5122 820 5186 luciferum,
871 5122 926 5175 id
959 5130 1063 5186 est,
1107 5130 1231 5178 ante
1263 5125 1590 5194 principium
1635 5127 1896 5196 temporis

341 5212 437 5266 fuit
468 5233 480 5266 :
516 5215 784 5284 siquidem
823 5205 1078 5276 Verbum,
1114 5222 1172 5266 ut
1203 5215 1277 5268 ait
1303 5213 1562 5281 Joannes,
1604 5217 1658 5270 in
1689 5218 1897 5286 princi-

340 5303 424 5369 pio
460 5312 592 5366 erat,
626 5303 773 5373 quod
806 5303 895 5356 ille
927 5303 992 5356 de
1039 5303 1305 5372 principio
1339 5306 1596 5373 temporis
1627 5305 1894 5375 explicat,

340 5399 492 5460 atque
543 5393 665 5447 ideo
718 5394 806 5446 hic
841 5393 1071 5463 ἄναρχος
1117 5393 1275 5449 Verbi
1319 5403 1473 5448 ortus
1512 5395 1732 5459 dicitur,
1765 5397 1892 5466 quia

340 5497 452 5536 cum
480 5496 605 5541 ante
636 5500 802 5539 omne
831 5494 1042 5554 tempus
1079 5497 1133 5540 et
1161 5498 1284 5541 ante
1326 5488 1507 5541 omnia
1547 5488 1745 5543 saacula
1774 5487 1907 5542 fue--
1939 5535 1954 5556 ,

338 5570 420 5633 rit,
461 5590 562 5630 non
609 5574 795 5642 habet_
817 5573 1143 5642 principium
1183 5575 1466 5643 temporis.
1504 5577 1769 5645 Ἀναρχον
1811 5583 1893 5628 ta-

399 5750 465 5819 (a)
501 5754 662 5810 Cone,
711 5748 927 5823 Νἰεςιι,
952 5755 1056 5802 act.
1089 5749 1142 5816 6,
1173 5766 1223 5822 p.
1253 5752 1372 5808 498.

2005 4568 2095 4620 illa
2126 4565 2484 4623 similitudine
2521 4565 2660 4621 Deus
2691 4567 2759 4619 ab
2799 4574 2923 4620 ortu
2963 4567 3266 4635 appellatus
3297 4574 3407 4630 est;
3442 4579 3566 4632 cum

2003 4669 2195 4712 contra
2219 4659 2394 4728 angeli
2424 4667 2478 4714 et
2503 4658 2753 4715 homines
2780 4661 3079 4715 secundum
3107 4652 3341 4726 aliquam
3375 4656 3570 4712 similia

2004 4750 2210 4804 tudinis
2255 4751 2522 4805 rationem
2566 4752 2640 4806 dii
2690 4759 3094 4821 nuncupentur.
3145 4747 3371 4802 Genitus
3401 4747 3568 4802 etiam

2002 4840 2109 4894 dici
2157 4849 2332 4911 potest
2376 4851 2429 4898 et
2474 4843 2632 4898 debet
2677 4841 2872 4903 Filius,
2909 4842 3035 4911 quia
3081 4840 3181 4894 etsi
3227 4853 3334 4892 non
3377 4837 3567 4893 eadem

2002 4949 2164 5004 quam
2195 4933 2355 4988 Pater
2387 4935 2746 4990 substantiam
2776 4935 2993 4995 habeat,
3027 4947 3089 4987 ex
3126 4932 3433 4986 substantia
3467 4930 3570 4985 Pa-

2002 5025 2101 5078 tris
2147 5039 2212 5078 eo
2257 5040 2364 5093 quo
2409 5041 2575 5096 supra
2623 5025 2860 5079 diximus
2907 5020 3068 5075 modo
3114 5020 3412 5090 productus
3459 5030 3562 5076 est.

2003 5115 2264 5172 Eternus
2302 5126 2478 5172 autem
2523 5133 2630 5171 non
2675 5123 2758 5172 est
2809 5113 3014 5177 Filius,
3061 5113 3156 5168 sed
3206 5124 3329 5172 ante
3375 5129 3567 5168 omnes

2002 5217 2281 5262 creaturas
2329 5211 2564 5279 genitus.
2617 5208 2768 5262 Hanc
2820 5206 3150 5277 ipsissimam
3186 5220 3307 5261 esse
3343 5204 3565 5260 Eusebii

2001 5299 2066 5354 de
2095 5299 2273 5356 Verbo
2300 5301 2604 5356 doctrinam
2634 5299 2838 5368 liquido
2866 5299 3279 5368 comprobatum
3311 5299 3564 5367 superius

1999 5399 2101 5446 est.
2136 5390 2288 5457 Quod
2316 5393 2362 5446 si
2392 5393 2446 5444 in
2473 5391 2560 5445 his
2591 5390 2861 5446 Eusebius
2888 5405 3072 5445 secum
3097 5404 3342 5460 pugnare
3369 5388 3564 5458 depre-

1999 5482 2265 5537 hendatur
2285 5523 2298 5544 ,
2344 5482 2397 5534 id
2427 5495 2556 5534 sane
2584 5481 2865 5551 proprium
2908 5480 3112 5536 erroris
3153 5488 3255 5543 est,
3287 5487 3346 5533 ut
3379 5478 3564 5533 consi-

1999 5582 2142 5627 stere
2167 5586 2275 5625 non
2303 5569 2499 5633 valeat,
2531 5570 2744 5641 sibique
2775 5571 2876 5642 ipsi
2911 5569 3242 5626 adversetur.
