3948 6286
357 279 427 333 ιγ
1072 274 1339 334 FUSEBII
1375 272 1850 332 CESARlENSlS
1887 271 2038 331 opp.
2080 274 2259 331 PARS
2296 276 2384 335 ιιι.
2417 308 2488 319 -
2522 277 2928 340 EXEGETICA.
3186 340 3191 345 ,
3525 295 3593 349 ta

352 416 481 468 ‘XVI.
505 415 652 478 zEgre
689 413 987 501 defenditur.
1014 442 1084 501 1:-
1107 384 1545 501 Xiillgérianum
1589 413 1799 477 probant
1831 417 1928 461 tam
1958 417 2002 472 Α
2034 414 2189 470 libuit
2217 385 2503 473 desistere.
2537 418 2654 485 Qua
2687 421 2740 474 in
2775 436 2835 476 re
2864 423 2996 492 quid
3036 427 3241 484 certius
3281 412 3589 501 evangelica

834 483 995 539 gesta,
1011 489 1157 538 quam
1172 477 1373 539 scripta.

430 584 495 638 At
526 583 619 653 qui
648 588 938 652 purgatum
971 580 1264 636 Eusebium
1290 581 1508 644 volunt,
1535 596 1658 635 cum
1689 588 1921 645 veteres,

354 685 474 732 tum
503 675 857 738 recentiores,
888 673 945 728 in
966 672 1200 729 medium
1224 673 1344 743 ejus
1364 672 1505 727 dicta
1527 672 1780 738 aﬁ‘erunt,
1805 689 1924 743 qua:

356 766 686 821 catholicum
717 764 990 820 hominem
1024 779 1249 835 arguere
1286 771 1563 834 pugnant;
1609 763 1923 833 hujusmodi

360 868 509 927 sunt,
538 859 683 930 quod
713 858 914 915 dixerit
934 858 1025 913 ille
1052 873 1116 913 ex
1151 859 1280 923 Deo,
1316 868 1371 914 et
1400 875 1467 914 ex
1491 858 1800 915 substantia
1827 858 1920 912 Dei

357 967 481 1008 esse
508 949 726 1017 Filium,
751 950 898 1021 quod
929 965 1055 1007 vere
1078 950 1247 1006 Deum
1280 960 1335 1005 et
1375 950 1625 1005 αὐτόοεον
1658 951 1921 1022 praedica-
1946 1014 1951 1019 ξ

358 1045 517 1111 verit,
556 1043 702 1114 quod
744 1050 1030 1104 aeternum.
1062 1043 1205 1113 quod
1235 1042 1538 1113 ὁμοούσιον,
1576 1042 1776 1113 quibus
1819 1056 1920 1097 nos

354 1136 634 1198 omnibus,
658 1135 779 1205 ipso
808 1132 1043 1190 Eusebio
1085 1135 1167 1189 usi
1188 1134 1512 1205 interprete,
1537 1133 1919 1204 jam'occurri-

355 1244 498 1284 mus.
525 1225 722 1281 Verum
746 1226 860 1282 haec
889 1225 966 1279 illi
995 1241 1059 1281 ex
1087 1226 1296 1280 arbitrii
1320 1226 1403 1280 sui
1427 1224 1723 1291 sententia,
1745 1240 1921 1295 neque

356 1335 422 1375 ex
452 1320 571 1390 ipsa
599 1318 817 1375 Eusebii
848 1324 1048 1383 mente,
1088 1318 1335 1388 pluribus
1368 1318 1423 1371 in
1463 1317 1597 1372 locis
1637 1331 1916 1387 expressa,

351 1409 713 1480 comprobare
744 1408 847 1463 nisi
878 1416 1010 1463 sunt
1042 1427 1057 1462 :
1089 1409 1180 1462 alii
1216 1423 1430 1479 quoque
1460 1407 1771 1477 interpretis
1790 1424 1920 1463 ver-

357 1500 512 1557 sione
543 1500 775 1570 decepti,
806 1514 872 1555 ex
898 1499 1054 1553 libris
1076 1497 1139 1552 de
1171 1497 1624 1552 Demonstratione
1655 1504 1709 1554 et
1734 1508 1919 1552 contra

312 1584 313 1587 “
355 1591 690 1657 Marcellum,
719 1591 1147 1646 Latine-tantum
1172 1590 1346 1655 lectis,
1370 1590 1437 1644 ad
1462 1604 1578 1644 eam
1609 1589 1919 1658 opinionem

356 1691 729 1747 accesserunt,
753 1697 880 1753 pars
904 1682 1140 1736 Marcelli
1160 1680 1311 1735 dicta
1336 1696 1435 1751 pro
1454 1680 1777 1737 Eusebianis
1797 1681 1921 1735 sub-

350 1778 669 1844 stituentes,
703 1784 964 1832 aeternum
1009 1776 1079 1830 ab
1121 1774 1351 1830 Eusebio
1388 1773 1584 1829 Filium
1624 1776 1917 1847 praedicari
1947 1773 1990 1827 Β

357 1870 602 1925 arbitrati
635 1877 763 1924 sunt
790 1888 803 1923 :
835 1868 968 1922 nulli
1016 1867 1182 1922 hosce
1212 1866 1429 1922 Eusebii
1478 1867 1914 1924 Commentarios

348 1961 724 2030 inspexerunt,
758 1957 847 2012 ubi
870 1958 1045 2028 palam
1072 1958 1160 2012 ille
1182 1965 1416 2012 mentem
1441 1971 1592 2012 suam
1626 1957 1822 2027 aperit,
1857 1966 1914 2012 et

352 2050 573 2110 nonnisi
596 2055 907 2119 comparate
940 2047 1008 2102 ad
1034 2047 1283 2103 homines
1308 2045 1504 2100 Filium
1528 2048 1714 2101 vocari
1744 2047 1910 2102 Deum

352 2140 610 2197 insinuat.
651 2138 766 2210 Ego
792 2150 923 2194 vero
971 2151 1056 2192 me
1102 2135 1361 2207 proﬁteor
1392 2136 1495 2190 hac
1534 2135 1915 2206 inquaestione

349 2233 487 2287 nihil
516 2230 856 2303 praejudicati
890 2228 1159 2292 attulisse,
1199 2227 1296 2282 sed
1330 2241 1559 2298 pronum
1588 2243 1807 2298 semper
1845 2228 1913 2283 ad

350 2323 620 2377 mitiorem
652 2320 930 2377 ferendam
972 2319 1317 2381 sententiam,
1346 2318 1567 2375 Eusebii
1596 2322 1800 2391 scripta
1825 2336 1912 2378 as-

349 2413 503 2468 sidue
533 2413 834 2478 lectitasse,
861 2411 1195 2483 ponderasse
1226 2410 1372 2465 dicta
1404 2418 1460 2468 et
1492 2413 1813 2478 sententias,
1838 2429 1912 2468 ac

349 2506 565 2561 demum
604 2504 683 2560 rei
716 2505 1104 2575 perspicuitate
1131 2506 1356 2570 victum,
1393 2510 1587 2560 contra
1618 2503 1910 2562 Eusebium

348 2597 616 2651 calculum
662 2598 933 2667 posuisse.
978 2596 1157 2663 Certe,
1204 2605 1262 2653 ut
1308 2597 1467 2654 initio
1515 2597 1650 2667 dixi,
1692 2597 1909 2654 Eusebii

346 2694 499 2758 gesta
549 2701 674 2742 cum
725 2686 947 2761 scriptis
978 2687 1055 2741 ita
1086 2697 1424 2754 consonant;
1469 2694 1527 2742 ut
1573 2687 1704 2743 hinc
1746 2689 1909 2744 etiam

348 2777 597 2835 testatior
640 2780 858 2835 animus
894 2779 1272 2851 sententiaque
1318 2780 1466 2838 illius
1490 2782 1743 2836 omnibus
1786 2796 1910 2837 esse

344 2871 540 2928 valeat.
568 2871 650 2927 Ab
675 2870 901 2929 exordio
923 2872 1067 2928 enim
1087 2872 1383 2930 Arianismi
1408 2875 1473 2930 ad
1503 2873 1711 2930 obitum
1736 2887 1910 2945 usque

344 2979 468 3021 cum
512 2963 731 3021 Arianis
768 2964 1200 3023 concordissime
1228 2968 1384 3034 vixit,
1433 2967 1681 3023 nascenti
1713 2966 1909 3024 haeresi

346 3072 544 3114 nomen
585 3058 761 3126 dedit;
810 3060 866 3114 in
894 3059 1112 3116 Nicama
1162 3060 1389 3133 synodo,
1435 3069 1698 3132 quantum
1732 3060 1906 3125 licuit,

343 3147 641 3204 Catholicis
670 3124 914 3216 obstitit;
958 3149 1054 3205 sed
1102 3124 1209 3219 qui
1233 3124 1477 3220 apprime
1503 3151 1728 3207 calleret
1776 3165 1911 3206 con-
1934 3124 1978 3183 ο

343 3238 539 3296 cedere
583 3241 835 3310 tempori,
866 3241 1084 3296 demum
1117 3240 1286 3296 cessit
1323 3247 1380 3296 et
1421 3241 1748 3313 subscripsit
1782 3260 1796 3298 :
1829 3243 1911 3299 sic

289 3389 293 3393 ,
341 3330 488 3386 enim
516 3330 780 3386 suadebat
802 3331 986 3398 timor,
1017 3346 1125 3386 non
1147 3332 1393 3387 diuturni
1421 3333 1682 3403 magister
1706 3333 1865 3390 cilicii
1891 3355 1905 3390 :

347 3436 458 3491 qua
490 3422 636 3477 enim
678 3429 862 3478 mente
886 3421 938 3477 id
973 3422 1165 3493 egerit,
1198 3423 1300 3479 sibi
1329 3422 1566 3479 subditis
1589 3425 1805 3496 populis
1827 3424 1909 3481 sic

341 3510 636 3577 enarravit,
666 3518 727 3565 ut
755 3512 858 3567 sibi
899 3512 1130 3583 pristina
1160 3514 1459 3585 repetendi,
1490 3517 1666 3571 sicubi
1699 3516 1904 3580 liceret,

343 3600 550 3655 aditum
579 3600 880 3671 reliquerit.
916 3599 1036 3656 Non
1063 3601 1160 3657 diu
1189 3617 1320 3658 vero
1346 3612 1536 3675 postea
1573 3605 1695 3661 ﬁcte
1724 3620 1909 3662 recon-

343 3692 581 3748 ciliatam
636 3707 761 3748 cum
816 3693 1116 3750 Catholicis
1162 3696 1392 3766 gratiam
1443 3696 1802 3766 disturbavit;
1847 3705 1907 3754 ut

345 3785 560 3842 nescias
584 3785 779 3856 plusne
811 3801 990 3858 operae
1022 3787 1079 3843 in
1106 3788 1356 3859 pellendo
1384 3789 1687 3847 Athanasio
1706 3806 1905 3861 posuem

340 3878 432 3945 rit,
478 3893 641 3950 quam
678 3878 734 3933 in
776 3880 1113 3937 restituendo
1160 3881 1310 3938 Ario.
1352 3882 1552 3937 Contra
1591 3882 1903 3939 Marcellum

340 3971 790 4041 intemperantior
834 3971 1070 4030 fortasse
1115 3989 1281 4044 quam
1321 3976 1607 4045 debuerat,
1642 3993 1748 4032 non
1778 3978 1903 4048 plus

340 4062 409 4117 ad
440 4062 867 4137 propulsandum
897 4063 1071 4133 illum,
1110 4082 1274 4137 quam
1307 4068 1373 4124 ad
1409 4070 1720 4141 purgandos
1742 4072 1903 4127 Aria-

338 4166 534 4207 norum
566 4153 931 4224 primipilares
957 4157 1201 4228 scripsit.
1229 4157 1525 4215 Historiam
1555 4160 1784 4218 Nicaeum
1810 4178 1901 4235 sy-

338 4245 466 4300 nodi
501 4244 620 4300 fuse
656 4249 920 4314 narravit,
962 4255 1016 4304 et
1065 4250 1221 4320 quasi
1267 4266 1365 4320 per
1407 4252 1899 4311 dissimulationem

337 4334 645 4405 iguorandi,
676 4336 803 4406 quia
851 4347 1124 4408 gestorum
1156 4339 1333 4410 pudor
1362 4343 1641 4399 silentium
1667 4345 1899 4416 impera-

2030 507 2300 571 cautione,
2322 508 2404 561 Ea?
2416 509 2673 577 fructibus
2694 528 2874 567 eorum
2894 520 3213 587 cognoscetis
3227 524 3351 577 eos?
3370 522 3588 592 (Matth.

2029 613 2126 661 vn,
2161 597 2271 670 16.)
2300 599 2460 657 Certe
2486 605 2786 658 secundum
2813 605 3084 664 Niczenam
3109 613 3373 682 synodum
3405 614 3591 671 foven-

2026 687 2110 743 dae
2132 688 2401 746 Arianicze
2422 694 2499 748 rei
2528 693 2601 746 ita
2626 702 2774 751 totus
2800 696 3048 754 incubuit
3072 701 3182 765 ille,
3208 710 3267 757 ut
3292 704 3425 759 nihil
3450 721 3590 777 prte-

2028 782 2323 841 termisisse
2356 786 2605 842 videatur
2634 803 2743 859 quo
2776 805 2834 845 se
2862 791 3121 847 Arianum
3155 795 3427 865 proderet.

2619 904 2846 960 CAPUT
2886 905 2998 962 VII.

2025 1022 2092 1061 DE
2132 1023 2381 1073 ιιειιρυιε
2420 1027 2474 1068 ιιι
2510 1030 2698 1079 QUIBUS
2737 1034 2836 1071 νει,
2889 1035 2921 1073 Α
2960 1036 3079 1074 FIDE
3122 1037 3397 1078 ABERRARE
3432 1039 3587 1079 VIDE-

2095 1093 2202 1132 TUR
2238 1096 2491 1140 EUSEBIUS
2532 1102 2584 1139 IN
2621 1103 2706 1143 HIS
2744 1103 3160 1157 COIIENTARIIS,
3201 1109 3301 1148 γει,
3341 1109 3586 1150 ΕΧΡΙΛΕΔ-

2096 1165 2256 1205 τιοκε
2294 1168 2426 1210 ορυε
2463 1171 2635 1210 ΒΔΒΕΤ
2646 1199 2657 1212 .

2023 1255 2075 1313 1.
2118 1257 2387 1337 Eusebius
2418 1264 2719 1337 plerumque
2760 1285 2892 1335 sua,
2958 1288 3061 1326 non
3102 1271 3378 1337 Ecclesia),
3434 1293 3587 1333 sensa

2094 1329 2278 1410 tradit.
2315 1329 2526 1410 μξΑγι
2550 1329 2696 1410 ιιεᾴει
2728 1329 2998 1409 peccatum
3036 1343 3311 1410 originale,
3350 1329 3399 1399 et
3433 1329 3585 1404 aii-id

2092 1399 2354 1484 dp'gm'atis
2394 1399 3009 1484 ex__0rig?zne'hauserit.
3068 1399 3187 1484 ΙΪΙ.
3217 1399 3310 1468 Αη’
3345 1426 3491 1484 putet

2102 1469 2369 1553 ijginem
2419 1476 2554 1530 alios
2588 1469 2751 1553 quam
2781 1478 3049 1535 Christum
3091 1483 3232 1552 ﬁlios
3276 1469 3582 1553 suscepisse;

2094 1539 2361 1623 IVIEam
2421 1562 2525 1599 non
2568 1539 2961 1623 q_uasi__suam,
3021 1539 3109 1606 sed
3161 1557 3315 1623 quasi
3359 1539 3589 1611 alienam

2090 1614 2398 1668 sententiam
2449 1614 2650 1671 attulit.
2712 1619 2771 1674 V.
2807 1619 2930 1674 Non
2958 1623 3145 1675 statuit
3173 1614 3309 1678 duas
3343 1627 3397 1679 in
3429 1626 3587 1683 Citri-

2091 1691 2172 1734 sto
2198 1699 2468 1765 personas.
2516 1686 2610 1740 VI.
2640 1688 2780 1754 Quid
2810 1690 2874 1744 de
2903 1692 3226 1761 confessione
3253 1707 3588 1764 peccatorum

2091 1763 2330 1808 δεηδετιι.

2013 1863 2052 1911 1.
2081 1863 2327 1915 Eusebius
2345 1866 2638 1930 plerumque
2661 1882 2765 1929 sua,
2807 1885 2908 1920 non
2956 1872 3208 1935 Ecclesiae,
3246 1888 3389 1926 sensa
3427 1876 3590 1929 tradit.

2082 1966 2219 2021 Cum
2253 1969 2378 2039 quis
2415 1985 2480 2025 eo
2516 1971 2732 2028 devenit
2769 1984 2827 2029 ut
2859 1974 2981 2031 ﬁdei
3011 1977 3261 2048 dogmata
3297 1995 3361 2036 ex
3389 1981 3589 2051 judicii

2011 2056 2096 2111 sui
2161 2058 2387 2114 arbitrio
2427 2060 2651 2118 deﬁniat
2677 2105 2691 2129 ,
2730 2081 2795 2120 ac
2831 2068 2946 2125 sive
2977 2085 3042 2124 ex
3075 2072 3429 2141 praajudicata
3469 2077 3587 2147 ορί-

2011 2148 2192 2215 nione,
2221 2151 2335 2208 sive
2361 2169 2427 2209 ex
2454 2155 2646 2212 all'ectu
2676 2160 3021 2232 partiumque
3052 2165 3252 2233 studio,
3276 2166 3581 2224 divinarum

2011 2253 2192 2295 rerum
2230 2245 2644 2314 explicationem
2689 2252 3069 2322 aggrediatur,
3112 2257 3249 2311 nihil
3286 2259 3493 2326 mirum
3533 2263 3581 2317 si

2011 2332 2324 2404 frequenter
2371 2338 2585 2395 aberret
2626 2360 2639 2396 :
2680 2344 2859 2400 omnia
2915 2348 3112 2417 quippe
3167 2358 3293 2405 sunt
3347 2351 3577 2418 incerta,

2009 2441 2133 2480 cum
2190 2429 2356 2484 semel
2425 2431 2495 2487 ab
2546 2432 2803 2491 Ecclesiae
2863 2439 3079 2494 statutis
3120 2440 3424 2498 discessum
3472 2456 3576 2501 cst.

2008 2514 2145 2573 Nam
2179 2534 2303 2575 cum
2337 2535 2537 2579 arcana
2566 2523 2793 2583 Deitatis
2827 2536 2881 2585 et
2917 2530 3215 2602 religionis,
3247 2534 3313 2590 ab
3339 2535 3579 2593 humano

2009 2626 2175 2667 sensu
2221 2615 2609 2682 remotissima,
2646 2618 2856 2676 Numen
2895 2621 3071 2693 ipsum
3114 2626 3418 2695 tradiderit,
3448 2645 3579 2684 non-

2015 2703 2122 2757 nisi
2178 2704 2420 2775 ejusdem
2482 2706 2731 2766 Numinis
2766 2727 2869 2782 ope
2918 2721 2972 2768 et
3007 2715 3189 2771 aﬂlatu
3243 2733 3306 2773 ea
3348 2729 3579 2790 possunt

2007 2795 2268 2864 explicari
2313 2811 2377 2850 ac
2415 2809 2562 2854 recte
2601 2802 2806 2873 percipi
2845 2818 2857 2854 :
2895 2818 2958 2858 ac
3013 2820 3138 2861 cum
3197 2808 3291 2862 uni
3319 2808 3577 2866 Ecclesia:

2007 2886 2321 2941 earumdem
2362 2904 2551 2945 rerum
2600 2893 2886 2949 arbitrium
2917 2894 3060 2954 Deus
3096 2901 3435 2971 permiserit,
3470 2903 3575 2973 ipsi

2008 2977 2108 3031 soli
2150 2979 2337 3033 eadem
2365 2982 2678 3051 explananti
2710 3001 2771 3041 se
2811 2986 3127 3044 adfuturum
3168 2992 3444 3061 pollicitus
3468 3005 3573 3051 est.

2011 3064 2155 3121 Nihil
2198 3069 2381 3145 itaque
2422 3072 2666 3130 insolens
2691 3084 2795 3141 est,
2824 3078 2871 3134 si
2904 3078 3193 3151 Eusebius,
3222 3086 3313 3154 qui
3339 3087 3576 3157 plerum-

2013 3173 2117 3228 que
2145 3158 2549 3231 Scripturarum
2585 3176 2640 3223 et
2669 3166 2928 3226 Ecclesia:
2953 3171 3206 3244 dogmata
3231 3192 3295 3231 ex
3329 3194 3492 3234 sensu
3519 3188 3574 3232 et

2010 3253 2267 3322 opinione
2298 3270 2397 3311 sua
2436 3258 2709 3315 aestimare
2743 3275 2911 3318 ausus
2941 3272 3044 3331 est,
3077 3266 3131 3320 in
3165 3268 3352 3323 multis
3385 3269 3573 3339 lapsus

2010 3346 2099 3400 sit.
2144 3344 2209 3401 Et
2250 3345 2359 3416 jam
2395 3350 2613 3418 quidem
2652 3352 2771 3421 ejus
2796 3355 3055 3412 deVerbo
3084 3357 3178 3414 Dei
3216 3369 3471 3425 mentem,
3501 3377 3568 3416 ex

2008 3436 2252 3506 ejusdem
2299 3438 2523 3496 Eusebii
2574 3445 2827 3514 scriptis,
2888 3448 3088 3504 Ariana
3150 3451 3270 3506 labe
3322 3452 3570 3507 vitiatam

2008 3533 2595 3602 commonstravimus;
2633 3548 2882 3607 superest
2915 3548 2972 3595 ut
3000 3552 3198 3599 caetera
3226 3542 3572 3602 Commenta-

2007 3624 2212 3679 riorum
2248 3627 2386 3691 loca,
2422 3627 2513 3683 ubi
2545 3629 2627 3683 vel
2657 3629 2984 3687 heterodoxa
3018 3635 3101 3689 vel
3124 3644 3376 3706 suspecta
3404 3636 3572 3692 tradi-

2006 3716 2154 3774 disse
2181 3718 2417 3787 videtur,
2448 3719 2686 3776 breviter
2725 3722 3115 3793 expendamus.

2008 3823 2066 3874 ll.
2111 3825 2370 3889 Anneget
2408 3832 2663 3901 peccatum
2694 3829 3080 3901 originale._An
3122 3835 3172 3884 id
3216 3836 3459 3901 dogmatis
3504 3850 3567 3886 ex

2541 3888 2758 3952 Origene
2773 3888 3028 3944 'hauserit.

2071 3988 2360 4046 Peccatum
2406 3994 2693 4065 originale,
2721 3996 2835 4053 sive
2855 3998 3069 4068 culpam
3108 4002 3179 4057 ab
3205 4003 3445 4058 humano
3477 4020 3565 4071 ge-

2001 4095 2132 4138 nere
2172 4098 2240 4138 ex
2271 4082 2463 4138 Adami
2499 4086 2655 4157 lapsu
2696 4098 3052 4155 contractam,
3102 4108 3303 4163 negare
3340 4110 3569 4165 prorsus

2000 4171 2216 4228 videtur
2264 4173 2536 4231 Eusebius
2602 4179 2670 4234 ad
2730 4180 2925 4251 psalm.
2972 4197 3164 4247 xtvm,
3227 4185 3306 4239 6:
3349 4187 3458 4241 Cur
3496 4187 3567 4239 ti-

2000 4260 2147 4316 mebo
2179 4262 2235 4316 in
2256 4261 2341 4318 die
2367 4265 2549 4322 mala?
2583 4265 2846 4339 Iniquitas
2878 4271 3114 4326 calcanei
3141 4275 3240 4328 mei
3267 4274 3568 4329 circumda-

2002 4352 2075 4406 bit
2118 4370 2198 4408 mc
2234 4371 2254 4410 :
2299 4355 2389 4412 ubi
2435 4357 2517 4414 sic
2549 4358 2712 4416 habet
2741 4379 2754 4415 :
2780 4362 2842 4415 Εἰ
2869 4360 2925 4414 δὲ
2956 4362 3241 4434 πρόσωπον
3272 4368 3477 4441 Κυρίου
3506 4367 3568 4419 τὸ

334 4425 450 4489 hat,
483 4441 554 4481 ne
580 4426 805 4482 verbum
834 4429 1053 4498 quidem
1092 4430 1222 4486 fecit
1254 4431 1322 4488 de
1352 4432 1483 4489 Ario
1517 4443 1571 4490 et
1601 4436 1669 4491 de
1694 4436 1897 4492 Ariana

2019 4443 2176 4515 téyov,
2211 4447 2446 4520 πτέρναν
2478 4450 2643 4504 αὑτοῦ
2678 4452 2844 4525 εὕρῃς
2868 4455 2960 4509 τὸν
2991 4425 3214 4525 ἔσχατον
3243 4458 3336 4512 τοῦ
3361 4425 3565 4530 ⁸σώμα-

337 4517 531 4573 heresi
564 4535 578 4573 :
603 4517 747 4588 quod
779 4519 1005 4588 perinde
1029 4530 1113 4577 est
1141 4537 1206 4577 ac
1236 4522 1282 4578 si
1306 4524 1430 4593 quis
1449 4523 1778 4583 Tridentinis
1809 4543 1901 4600 sy-

336 4607 466 4663 nodi
501 4608 786 4665 historiam
828 4617 1038 4676 texens,
1071 4612 1140 4669 de
1165 4614 1493 4684 quihusdam
1524 4620 1588 4671 ὲκ
1621 4620 1898 4691 παρέργου

334 4702 501 4769 gestis
527 4709 729 4770 ageret,
760 4701 829 4757 de
857 4700 1097 4759 Luthero
1124 4705 1282 4762 nihil.
1331 4705 1386 4762 Si
1429 4723 1553 4763 cum
1585 4710 1784 4768 talibus
1807 4727 1901 4783 ge-

337 4789 593 4847 stis°talia
619 4793 821 4863 scripta
844 4808 953 4849 non
982 4794 1168 4851 obsint
1199 4798 1491 4868 quominus
1515 4798 1782 4858 Eusebius
1806 4817 1899 4857 ca-

335 4882 573 4940 tholicus
613 4885 828 4941 dicatur
863 4902 986 4942 meo
1032 4889 1295 4958 periculo,
1337 4906 1498 4947 nemo
1529 4906 1766 4964 unquam
1797 4894 1900 4950 fuit

334 4980 429 5026 aut
460 4972 677 5031 futurus
711 4987 816 5041 est,
859 4977 991 5048 quin
1023 4977 1346 5037 Eusebianis
1374 4981 1778 5039 conditionibus
1807 4999 1898 5038 or-

332 5062 609 5119 thodoxus
638 5064 744 5120 dici
769 5069 967 5125 valeat.
997 5067 1140 5125 Nihil
1162 5086 1346 5125 moror
1365 5088 1461 5130 eos
1486 5074 1580 5143 qui
1603 5072 1897 5130 Eusebium

333 5162 460 5211 ante
486 5146 760 5211 Niéaenam
796 5160 1015 5229 quidem
1048 5163 1315 5233 synodum
1354 5161 1610 5220 Arianice
1657 5167 1898 5223 sensisse

333 5259 399 5300 ac
424 5246 714 5316 scripsisse
747 5248 1006 5320 fatentur,
1031 5263 1219 5322 postea
1241 5269 1371 5311 vero
1389 5270 1549 5313 secus
1578 5275 1593 5311 :
1624 5274 1749 5313 nam
1769 5274 1893 5315 cum

335 5337 454 5394 sine
479 5342 855 5396 controversia
884 5343 984 5399 hos
1016 5343 1453 5405 Commentarios
1482 5357 1538 5405 et
1565 5349 1736 5407 libros
1756 5352 1897 5407 Con-

335 5438 420 5483 tra
450 5428 783 5498 Marcellum,
809 5434 954 5489 unde
977 5438 1294 5508 perspicuas
1322 5448 1377 5495 et
1399 5439 1711 5512 frequentes
1738 5443 1896 5499 Aria-

331 5523 496 5577 nismi
548 5530 708 5579 notas
757 5525 1025 5592 eruimus,
1073 5529 1230 5599 longe
1274 5541 1399 5601 post
1435 5532 1581 5587 illam
1624 5536 1892 5605 synodum

331 5611 583 5678 ediderit,
633 5614 846 5671 inutilis
896 5631 1122 5683 prorsus
1158 5619 1251 5673 illa
1297 5621 1576 5681 distinctio
1623 5644 1637 5680 :
1675 5642 1798 5681 nam
1834 5637 1894 5683 ut

331 5714 459 5755 vere
483 5700 552 5756 de
572 5699 805 5763 Eusebio
827 5702 1060 5772 dicatur,
1093 5722 1194 5764 nec
1222 5711 1476 5779 paenituit
1509 5716 1762 5785 cmpisse,
1789 5733 1889 5775 nec

2000 4554 2090 4600 τος
2151 4540 2243 4592 καὶ
2289 4543 2354 4611 τῇ
2398 4544 2467 4612 γῇ
2520 4542 2882 4614 πλησιάζοντα
2948 4546 3142 4601 Ἰούδαν
3166 4564 3180 4578 ’
3247 4548 3405 4620 σῶμα
3458 4549 3566 4619 γὰρ

1999 4628 2205 4698 Κυρίου
2247 4632 2297 4683 oi
2336 4632 2645 4687 ἀπόστολοι.
2692 4635 2766 4687 Οὐ
2810 4634 3082 4706 φοὸοὖμαι
3131 4632 3224 4691 οὖν
3259 4637 3357 4709 τὴν
3398 4635 3567 4692 Ἰούδα

2001 4719 2286 4795 προδοσίαν
2334 4723 2391 4774 ὲν
2442 4720 2520 4792 τῷ
2574 4722 2746 4795 καιρῷ
2800 4721 2893 4777 τοῦ
2948 4724 3179 4795 σταυροῦ
3203 4741 3217 4755 ο
3254 4725 3376 4779 ἐπεὶ
3431 4723 3565 4795 μηδὲ

1998 4794 2231 4871 ἕκαστος’
2253 4809 2352 4878 τὴν
2378 4807 2470 4862 τοῦ
2504 4808 2672 4880 Ἀδὰμ
2695 4794 3002 4883 παρακοήνο
3038 4794 3241 4883 ταύτην
3289 4813 3400 4885 γὰρ
3436 4794 3563 4864 νὺπ-

1998 4896 2294 4969 ῃνιξάμεοα
2322 4897 2555 4970 πτέρναν
2584 4899 2809 4970 ἀνομίας
2843 4895 3001 4956 εἶναι.
3034 4902 3219 4967 Οὐδεὶς
3244 4905 3352 4974 γὰρ
3379 4904 3446 4958 δι’
3472 4902 3565 4956 ἆλ-

1999 4989 2088 5043 λου
2119 4990 2315 5044 κακίαν
2347 4991 2784 5058 καταδικάζεται,
2802 4993 2858 5049 id
2883 5002 2967 5050 est
2987 5011 3000 5046 :
3021 4994 3082 5049 Si
3104 5012 3327 5065 persona
3348 4995 3563 5051 Domini

1998 5091 2073 5135 est
2105 5099 2220 5153 qua:
2260 5084 2511 5155 loquitur,
2570 5086 2879 5141 calcaneum
2909 5089 3022 5157 ejus
3054 5087 3409 5157 deprehendas
3449 5102 3562 5142 esse

1997 5173 2215 5239 Iudam,
2248 5178 2337 5247 qui
2364 5177 2581 5231 ultimus
2612 5178 2666 5231 in
2697 5195 2931 5248 corpore,
2961 5191 3010 5233 et
3044 5188 3198 5234 ται-ναν
3223 5179 3562 5250 propinquior

1996 5276 2128 5322 erat.
2150 5265 2293 5321 Nam
2323 5283 2508 5337 corpus
2531 5270 2742 5325 Domini
2788 5280 2909 5324 sunt
2941 5272 3184 5341 apostoli.
3249 5270 3373 5326 Non
3406 5272 3560 5324 timeo

1996 5360 2171 5429 itaque
2187 5358 2345 5415 Judte
2373 5360 2718 5430 proditionem
2754 5363 2810 5416 in
2841 5374 3066 5432 tempore
3089 5365 3258 5419 crucis
3283 5382 3302 5420 :
3322 5359 3560 5436 quando—

1993 5448 2199 5519 quidem
2226 5466 2385 5521 neque
2415 5452 2610 5521 singuli
2631 5452 2863 5507 homines
2886 5453 3082 5508 Adami
3116 5452 3561 5525 inobsequentiam

1996 5541 2176 5595 timere
2219 5541 2403 5597 debent
2440 5562 2458 5599 :
2491 5542 2628 5598 hanc
2671 5545 2859 5615 quippe
2912 5545 3219 5600 calcaneum
3261 5540 3557 5616 iniquitatis

1992 5647 2103 5685 esse
2142 5630 2614 5689 subindicauimus.
2683 5634 2851 5689 Nemo
2900 5638 3038 5690 enim
3079 5653 3289 5706 propter
3339 5632 3556 5689 alterius

1992 5723 2277 5795 nequitiam
2318 5724 2716 5783 condemnatur.
2752 5726 2855 5783 Ubi
2889 5727 3066 5783 innuit
3100 5729 3210 5795 ille,
3245 5742 3353 5784 non
3383 5719 3556 5793 magis
