3948 6286
319 392 385 447 69
1103 388 1603 446 (ΣΟΜΜΕΝΤΑΒΙΑ
1643 387 1704 441 IN
1746 379 2080 439 PSALMOS.
2116 383 2744 442 —Pli.-liLl.\l|N.-\RIA.
3479 387 3546 445 είρ

319 508 682 564 damnandum
710 523 879 578 genus
909 506 1205 560 humanum
1230 521 1352 560 esse
1391 503 1460 557 ob
1490 503 1681 557 Adami
1727 501 1880 555 inob—
1911 500 1952 555 A
1982 511 2077 561 pro
2112 499 2226 552 istis
2259 501 2598 569 accipiamus,
2637 516 2837 553 necesse
2871 510 2945 552 est
2979 517 3072 554 nos
3101 509 3338 553 sanctam
3380 499 3552 571 Virgi-

318 593 680 669 sequenti‘am,
727 615 888 667 quam
921 609 1145 652 caeteros
1187 597 1463 666 apostolos
1493 593 1730 647 obludte
1766 608 1888 662 pro-

317 692 595 746 ditionem.
646 689 748 754 Qui
793 689 1076 757 Origenem
1120 688 1187 741 de
1236 694 1458 756 peccato
1493 684 1742 754 originali
1783 698 1888 735 non

320 783 586 838 catholico
625 781 865 836 sensisse
894 786 1106 850 putant,
1137 777 1430 833 Eusebium
1473 793 1536 831 ex
1562 774 1889 843 Origeniana

318 874 625 943 disciplina,
661 874 715 925 in
758 889 865 941 qua
903 873 1133 926 eductus
1190 871 1311 932 fuit,
1349 870 1461 923 hzcc
1493 868 1742 921 hausisse
1772 867 1890 935 opi-

319 964 614 1019 nabuntur.
661 962 795 1014 Nam
845 962 925 1024 is,
969 967 1029 1015 ut
1069 961 1282 1030 ignorat
1331 974 1511 1021 nemo,
1543 955 1888 1025 Origenianis

318 1070 529 1124 semper
559 1055 806 1125 partibus
831 1052 1002 1108 laesit.
1022 1050 1222 1106 Verum
1253 1050 1307 1103 in
1337 1048 1615 1103 hodiernis
1641 1045 1888 1116 Origcnis

319 1146 538 1216 scriptis
570 1146 704 1199 nihil
734 1160 842 1198 non
875 1159 1066 1199 sanum
1095 1150 1148 1196 et
1167 1141 1529 1196 orthodoxum
1566 1140 1632 1193 de
1665 1147 1886 1208 peccato

319 1234 566 1303 originali
619 1233 871 1287 traditur.
939 1231 1029 1285 Sic
1085 1229 1374 1285 Comment.
1441 1231 1494 1282 in
1553 1227 1883 1292 Mattha'um,

321 1325 479 1380 lluet.
523 1341 576 1394 p.
609 1325 734 1388 39!,
765 1325 940 1395 arguit
969 1325 1057 1378 ille
1087 1340 1150 1377 ex
1190 1323 1410 1376 lavacro
1445 1321 1884 1390 regenerationis,

325 1419 465 1491 quod
495 1420 657 1474 etiam
688 1419 986 1473 infantibus
1023 1417 1426 1475 conferebatur,
1461 1414 1731 1468 hominem
1766 1430 1887 1468 sor--

323 1514 483 1569 dibus
536 1512 879 1582 inquinatum
930 1509 1104 1564 nasci.
1181 1507 1244 1561 Et
1297 1509 1350 1561 in
1395 1506 1674 1570 Joannem,
1727 1505 1886 1559 liuet.

324 1623 374 1675 p.
423 1606 551 1667 300,
615 1605 711 1666 ait,
755 1601 869 1654 Nos
921 1598 1154 1671 quandiu
1213 1614 1486 1667 peccamus
1544 1606 1778 1650 nostram
1825 1611 1888 1648 ea:

317 1699 527 1751 diabolo
555 1696 940 1767 generationem
989 1691 1220 1746 nondum
1252 1692 1457 1744 exuisse
1485 1708 1545 1743 ac
1567 1691 1882 1758 deposuisse.

322 1791 481 1840 Ὅσον
537 1785 798 1854 ποιοῦμεν
831 1782 1135 1854 ἁμαρτίας,
1180 1779 1388 1833 οὐδέπω
1425 1780 1520 1849 τὴν
1555 1780 1618 1831 ὲκ
1648 1777 1751 1832 τοῦ.
1774 1779 1886 1831 δια-

324 1878 473 1931 ϐόλου
528 1877 740 1946 γένεσιν
790 1872 1232 1942 ἅπεκδυσάμεθα.
1272 1869 1336 1924 In
1395 1869 1619 1924 Leuitico
1679 1879 1881 1932 autem,

323 1972 446 2027 edit.
479 1969 798 2024 Genvbrard
845 1985 896 2037 p.
929 1968 998 2020 90
1025 1986 1036 2020 :
1077 1966 1408 2034 Qua'cunque
1439 1964 1616 2017 anima
1648 1965 1700 2016 in
1731 1981 1887 2019 carne

329 2064 584 2124 nascitur,
633 2061 930 2130 iniquitatis
971 2069 1021 2112 et
1060 2059 1260 2126 peccati
1297 2057 1447 2111 sorde
1493 2058 1786 2126 polluitur;
1835 2067 1888 2112 et

334 2153 552 2207 inferius
580 2173 592 2206 :
623 2151 682 2204 Si
713 2150 845 2203 nihil
885 2158 1014 2202 esset
1037 2151 1090 2202 in
1131 2150 1362 2216 parvulis
1383 2189 1396 2212 ,
1430 2147 1567 2219 quod
1597 2147 1667 2199 ad
1701 2148 1886 2201 remis—

325 2248 512 2298 sionem
546 2243 755 2296 deberet
791 2252 840 2294 et
874 2241 1252 2310 indulgentiam
1277 2243 1554 2309 pertinere,
1590 2241 1764 2311 gratia
1794 2239 1887 2293 ba-

321 2336 492 2402 ptismi
543 2334 814 2401 superflua
866 2331 1144 2384 videretur.
1201 2329 1310 2385 Nec
1343 2326 1882 2399 praetermittendum,

321 2429 428 2481 haec
461 2423 862 2482 Commentario
906 2423 959 2476 in
994 2421 1280 2474 Leriticum
1327 2435 1424 2491 pro
1457 2420 1657 2489 spnriis
1684 2418 1884 2489 passim

321 2519 524 2573 haberi.
597 2515 836 2585 ldipsum
891 2522 1073 2569 tamen
1121 2513 1249 2567 alibi
1298 2515 1456 2567 docet
1521 2511 1784 2581 Origenes
1831 2513 1886 2565 in

327 2610 459 2672 suis,
511 2623 633 2676 quae
683 2605 951 2674 hodieque
1007 2610 1341 2672 supersunt,
1410 2603 1712 2673 operibus:
1748 2601 1888 2657 unde

321 2696 584 2750 inferatur
622 2709 720 2749 eos
753 2694 847 2764 qui
897 2692 1180 2761 Urigenem
1236 2691 1338 2744 hac
1387 2693 1442 2746 in
1482 2701 1634 2761 parte
1679 2691 1888 2747 violata:

321 2787 441 2842 fidei
487 2794 785 2846 accusant,
821 2800 885 2840 ex
919 2785 1147 2854 objectis
1193 2784 1495 2853 priscorum
1540 2783 1660 2853 ejus
1695 2784 1888 2838 adver-

320 2880 612 2941 sariorum,
659 2892 770 2931 non
801 2892 867 2931 ex
905 2877 1024 2945 ejus
1054 2876 1332 2930 hodiernis
1370 2876 1647 2944 operibus,
1687 2876 1737 2929 id
1773 2875 1890 2944 0pi~

320 2969 499 3024 nionis
528 2976 806 3022 mutuatos
855 2981 997 3021 esse.
1033 2965 1097 3019 Et
1121 2981 1252 3021 sane
1297 2968 1352 3020 in
1383 2965 1592 3036 synodo
1615 2982 1669 3030 v,
1699 2963 1890 3036 Orige-

321 3077 416 3114 nes
446 3061 569 3115 ideo
600 3060 889 3113 damnatus
933 3066 987 3112 et
1019 3057 1358 3128 proscriptus
1401 3065 1484 3112 est
1513 3077 1526 3112 :
1562 3058 1705 3112 unde
1752 3057 1890 3111 forte

1993 606 2105 642 nem
2140 592 2454 661 reliquorum
2491 593 2721 659 fratrum
2751 593 2863 659 ejus
2892 602 3109 645 matrem
3133 591 3322 646 dicere.
3363 590 3550 646 Verum

1989 679 2218 736 lacobus
2239 723 2252 747 ,
2282 685 2371 753 qui
2403 684 2596 736 dicitur
2627 685 2795 754 frater
2818 682 3050 744 Domini,
3095 699 3197 736 non
3229 683 3430 736 videtur
3461 698 3552 752 pe-

1989 775 2228 842 regrinus
2263 776 2360 843 ipsi
2387 776 2584 844 fuisse,
2636 792 2726 830 nec
2757 775 2881 844 ﬁdei
2934 776 2988 828 in
3023 776 3194 844 ipsum
3232 785 3549 840 extraneas;

1990 870 2093 922 into
2137 884 2254 920 vero
2287 884 2421 921 unus
2472 879 2587 921 erat
2631 884 2695 922 ea:
2741 869 2845 935 iis,
2902 868 2991 937 qui
3036 883 3155 920 cum
3195 868 3378 936 primis
3416 871 3550 923 inter

1987 977 2260 1030 germanos
2290 960 2400 1028 ejus
2432 959 2715 1022 discipulos
2746 959 3218 1029 computabantur;
3246 961 3324 1013 ita
3355 970 3411 1014 ut
3445 963 3551 1029 ipse

1987 1051 2187 1118 primus
2208 1048 2668 1118 Jewsolymitanw
2698 1049 2949 1104 Ecclesia:
2997 1049 3241 1104 thronum
3272 1053 3546 1120 acciperet.

1991 1139 2192 1208 Reliqui
2222 1141 2342 1193 item
2372 1140 2485 1208 ejus
2515 1141 2729 1208 fratres,
2760 1141 2857 1194 etsi
2889 1157 2919 1193 a
2949 1142 3206 1210 principio
3237 1158 3339 1195 non
3369 1142 3548 1196 crede—

1990 1240 2102 1284 rent
2141 1232 2192 1283 in
2229 1231 2436 1299 ipsum;
2465 1240 2520 1284 at
2555 1242 2751 1285 certum
2784 1242 2861 1286 est
2899 1249 2986 1285 eos
3026 1243 3204 1300 postea
3244 1233 3545 1288 credidisse.

1992 1321 2195 1375 Narrat
2225 1324 2362 1376 enim
2392 1321 2733 1394 Evangelium
2753 1324 2964 1395 (Matth.
3001 1339 3102 1386 xu,
3135 1324 3223 1380 47)
3253 1335 3472 1379 matrem
3499 1336 3548 1379 et

1988 1414 2180 1482 fratres
2216 1414 2328 1482 ejus
2359 1415 2504 1483 foras
2548 1417 2773 1479 stetisse,
2814 1426 3104 1484 quaerentes
3153 1434 3272 1470 eum
3326 1418 3545 1489 alloqui.

1989 1506 2056 1559 Et
2086 1509 2138 1560 in
2162 1507 2379 1561 Actibus
2406 1508 2766 1574 apostolorum
2804 1508 3003 1561 dicitur
3027 1549 3041 1572 ,
3077 1508 3241 1576 fuisse
3285 1511 3548 1578 apostolos

1988 1615 2094 1652 una
2121 1610 2504 1668 perseverantes
2538 1601 2590 1652 in
2620 1601 2856 1656 oratione
2887 1618 3004 1653 cum
3029 1600 3083 1653 Μ
3090 1602 3206 1654 aria
3236 1611 3403 1655 matre
3435 1604 3548 1672 ejus

1987 1700 2035 1742 et
2082 1691 2339 1758 fratribus
2385 1691 2499 1760 ejus
2536 1691 2676 1761 (Act.
2716 1707 2754 1756 ι,
2785 1691 2890 1761 14).
2929 1693 3032 1758 Qui
3066 1710 3186 1764 ergo
3220 1695 3552 1748 existimetur

1989 1783 2053 1836 iis
2085 1783 2385 1853 peregrinus
2413 1786 2560 1838 esse?
2599 1782 2794 1838 Nullus
2826 1787 3000 1856 itaque
3034 1787 3179 1841 locus
3214 1797 3465 1855 superest,
3493 1796 3549 1839 ut

1986 1871 2050 1924 de
2095 1873 2159 1924 iis
2205 1872 2416 1925 dicatur
2457 1888 2475 1925 :
2521 1892 2539 1922 ι
2573 1871 2871 1928 Extraneus
2918 1875 3090 1942 factus
3135 1893 3251 1929 sum
3291 1877 3548 1945 fratribus

1988 1965 2137 2027 meis,
2160 1973 2209 2017 et
2231 1966 2533 2034 peregrinus
2559 1965 2685 2034 ﬁliis
2726 1967 2911 2020 matris
2939 1983 3085 2022 mete.
3121 1987 3139 2018 ι
3178 1967 3300 2022 Non
3322 1969 3457 2023 enim
3482 1970 3548 2023 iis

1985 2058 2318 2127 peregrinus.
2351 2058 2440 2111 sed
2476 2058 2699 2111 multum
2729 2060 2986 2125 pretiosus
3024 2069 3166 2123 erat;
3215 2061 3291 2113 ita
3328 2070 3386 2114 ut
3422 2061 3545 2113 nul-

1989 2149 2193 2204 latenus
2229 2149 2435 2204 credere
2473 2151 2625 2204 liceat
2665 2167 2826 2219 supra
2858 2161 3173 2205 memoratos
3211 2152 3402 2221 fratres
3433 2155 3546 2222 ejus

1987 2243 2128 2311 filios
2151 2242 2342 2297 Maria:
2367 2243 2550 2312 fuisse.
2601 2243 2710 2296 Alii
2741 2261 2868 2297 sane
2906 2245 3099 2314 fuerint
3135 2246 3223 2314 qui
3261 2247 3317 2299 in
3345 2245 3548 2314 psalmo

1987 2337 2090 2405 ﬁlii
2122 2337 2308 2390 matris
2335 2337 2446 2404 ejus
2471 2335 2736 2400 dicuntur,
2759 2336 3044 2406 quibusque
3073 2345 3352 2390 extraneus
3375 2337 3548 2405 factus

1986 2438 2084 2483 est.
2136 2428 2412 2498 lntelligas
2458 2446 2613 2497 porro
2651 2439 2871 2482 matrem
2903 2428 3111 2498 quidem
3139 2429 3250 2498 ejus
3298 2446 3408 2484 esse
3447 2428 3550 2482 Ju-

1987 2520 2224 2576 dworum
2269 2521 2623 2592 Synagogam,
2658 2531 2764 2576 etc.
2822 2521 3009 2576 Graeca
3055 2521 3338 2578 brevitatis
3383 2538 3549 2576 causa

1989 2612 2312 2676 omittimus,
2345 2613 2471 2682 quia
2496 2613 2644 2666 nulla
2673 2613 2738 2667 de
2769 2613 2837 2668 iis
2867 2621 3048 2682 potest
3077 2613 3212 2667 oriri
3243 2620 3551 2668 controver-

1989 2703 2088 2758 sia.
2122 2701 2219 2756 llic
2250 2711 2451 2765 autem,
2490 2711 2549 2758 ut
2588 2702 2770 2758 videre
2797 2713 2902 2766 est,
2939 2719 3051 2757 rem
3092 2703 3548 2774 προϐληματικῶς

1989 2803 2201 2849 tantum
2237 2797 2522 2864 proponit,
2565 2809 2665 2848 nec
2695 2809 2813 2847 eam
2856 2797 3003 2847 velut
3034 2811 3185 2849 suam
3218 2795 3548 2849 sententian.

1990 2885 2164 2940 affert.
2208 2883 2342 2940 Nam
2383 2888 2457 2940 ita
2496 2885 2673 2954 arguit
2725 2886 2814 2940 ille
2855 2903 2869 2938 :
2917 2885 2974 2938 Si
3008 2887 3149 2940 filios
3198 2888 3391 2942 matris
3426 2887 3546 2954 ejus

1992 2977 2080 3032 hic
2109 2977 2176 3032 ad
2205 2977 2442 3032 litteram
2476 2977 2830 3046 accipiamus,
2873 2977 2999 3030 hinc
3032 2978 3387 3046 consequitur
3421 2992 3548 3031 sane

1991 3076 2134 3120 ctam
2168 3065 2444 3135 Virginem
2476 3065 2812 3134 reliquorum
2848 3065 3076 3119 fratrum
3110 3066 3229 3135 ejus
3273 3081 3396 3122 esse
3432 3082 3546 3120 ma-

321 3153 536 3206 dicatur
566 3167 688 3222 qua:
729 3152 781 3204 in
816 3149 1090 3205 hodiernis
1139 3150 1259 3219 ejus
1283 3150 1506 3220 scriptis
1541 3165 1637 3220 pro
1665 3157 1889 3218 peccato
1913 3187 1961 3247 α
1993 3162 2160 3220 trem;
2195 3170 2318 3208 cum
2361 3161 2539 3207 autem
2583 3154 2719 3206 nolit
2751 3153 2839 3207 hic
2871 3169 3160 3222 germanos
3203 3153 3400 3209 fratres
3427 3156 3546 3221 eius

321 3244 573 3316 originali
619 3251 955 3312 comparent,
1002 3243 1178 3296 aliena
1239 3257 1401 3295 Inanu
1451 3243 1660 3296 invecta
1696 3241 1883 3297 fuisse.

322 3333 454 3387 Nam
490 3348 659 3403 opera
684 3331 936 3402 Origenis
973 3331 1026 3383 in
1058 3328 1393 3400 Scripturam
1416 3371 1431 3394 ,
1465 3330 1721 3386 variisin
1753 3331 1887 3385 locis

324 3428 673 3496 interpolata,
705 3435 800 3480 aut
841 3425 1027 3479 vitiata
1059 3423 1142 3478 vel
1186 3433 1440 3478 truncata
1473 3421 1621 3478 fuere
1659 3439 1670 3473 :
1712 3439 1889 3492 neque

322 3520 376 3572 in
398 3529 651 3589 promptu
685 3527 769 3574 est
795 3519 974 3573 dicere
1000 3533 1246 3588 quamam
1285 3516 1337 3568 in
1371 3516 1588 3586 scriptis
1617 3516 1736 3584 ejus
1765 3531 1888 3569 cor-

322 3620 499 3679 rupta,
542 3625 791 3678 quaenam
841 3626 1130 3678 germana,
1171 3617 1226 3662 ct
1251 3607 1618 3662 Graeculorum
1661 3608 1887 3663 ausibus

327 3705 530 3756 intacta
573 3710 723 3758 sunt.
762 3701 944 3755 Ruﬁni
980 3717 1195 3771 quoque
1223 3700 1398 3756 versio
1427 3701 1587 3770 vulgo
1636 3707 1887 3768 suspecta

325 3795 578 3850 habetur.
630 3793 788 3859 Quod
819 3792 1113 3848 Eusebium
1162 3808 1291 3848 vero
1337 3798 1568 3862 spectat,
1608 3790 1717 3844 duo
1750 3790 1888 3845 forte

318 3891 529 3956 possint
559 3887 624 3940 ad
653 3885 1029 3956 purgationem
1059 3885 1179 3954 ejus
1207 3883 1465 3955 proferri;
1498 3883 1672 3952 primo
1705 3883 1886 3936 locum

319 3972 576 4040 superius
627 3973 880 4036 allatum,
938 3989 1048 4026 non
1099 3974 1407 4041 integrum,
1445 3973 1538 4026 sed
1573 3978 1888 4024 truncatum

321 4065 492 4120 fuisse
528 4080 540 4114 :
579 4072 637 4117 ut
676 4065 802 4118 hinc
843 4064 1132 4118 manifeste
1175 4067 1444 4135 arguitur,
1491 4064 1638 4134 quod
1685 4065 1801 4131 ipse
1829 4079 1889 4118 se

319 4156 577 4226 superius
627 4156 900 4210 indicasse
938 4155 1280 4219 testificetur,
1322 4155 1638 4210 calcaneum
1685 4154 1888 4225 iniqui-

316 4252 449 4304 tatis
496 4264 621 4303 esse
662 4247 854 4300 Adami
882 4246 1384 4316 inobsequentiam,
1420 4247 1564 4318 quod
1616 4263 1885 4316 nusquam

318 4343 458 4396 alias
495 4341 550 4394 in
585 4340 670 4394 his
702 4339 1108 4393 commentariis
1142 4339 1408 4404 habetur;
1459 4338 1700 4394 secundo
1739 4339 1886 4407 quod

318 4437 451 4489 alibi
500 4436 556 4489 in
599 4435 682 4488 his
715 4432 1120 4487 commentariis
1168 4440 1450 4500 peccatum
1491 4431 1756 4502 originale
1784 4433 1882 4485 ad-

1989 3243 2321 3314 signiﬁcari,
2371 3259 2546 3313 neque
2597 3243 2871 3312 sequelam
2903 3243 3048 3296 haud
3085 3244 3248 3299 dubie
3293 3244 3546 3298 admittit.

1986 3334 2052 3388 Et
2077 3349 2208 3389 sane
2237 3349 2346 3387 non
2376 3333 2651 3390 nesciebat
2677 3335 2764 3388 ille
2785 3342 3024 3388 veterum
3053 3334 3306 3390 Ecclesia:
3328 3335 3546 3389 Patrum

1985 3441 2106 3486 eam
2154 3427 2478 3482 sententiam
2513 3425 2704 3490 fuisse,
2730 3425 2957 3480 Mariam
2997 3427 3158 3483 unius
3183 3427 3389 3484 Christi
3427 3445 3548 3484 esse

1986 3525 2247 3581 matrem,
2281 3516 2632 3581 Tertulliani,
2673 3516 2967 3572 Clementis
3001 3518 3385 3583 Alexandrini,
3422 3520 3547 3574 Ori-

1985 3611 2137 3681 genis
2163 3627 2176 3662 :
2202 3612 2294 3680 qui
2325 3618 2504 3666 tamen
2535 3619 2842 3680 postremus
2870 3612 3048 3665 innuit
3081 3613 3372 3668 nonnullos
3391 3629 3547 3669 secus

1987 3703 2279 3766 testimare,
2335 3711 2388 3757 et
2420 3701 2655 3756 Eusebio
2702 3718 2904 3772 suppar
2943 3702 3176 3758 Basilius
3222 3719 3335 3757 rem
3389 3705 3547 3773 quasi

1986 3791 2230 3848 nondum
2269 3792 2546 3848 definitam
2585 3795 2858 3863 proponit.
2896 3793 3094 3848 Verum
3120 3794 3362 3850 Ecclesia
3394 3796 3544 3851 dein-

1987 3898 2115 3952 ceps
2167 3882 2237 3937 in.
2265 3881 2570 3936 Helvidium
2613 3885 2938 3938 sententiam
2984 3884 3222 3950 ferente,
3285 3895 3549 3956 quotquot

1987 3973 2046 4028 Β.
2080 3975 2350 4044 Virginem
2386 3974 2522 4028 alios
2555 3985 2746 4044 praeter
2769 3974 3044 4030 Christum
3073 3977 3212 4033 lilios
3241 3981 3549 4050 suscepisse

1988 4067 2262 4128 dixerunt,
2296 4080 2394 4136 pro
2426 4065 2775 4122 heterodoxis
2797 4067 2968 4123 habiti
3001 4076 3151 4123 sunt.

2228 4203 2285 4251 V.
2312 4203 2416 4252 Non
2439 4203 2610 4254 statuit
2630 4205 2751 4253 duas
2771 4206 2819 4252 in
2843 4205 3034 4254 Christo
3059 4219 3306 4267 personas.

2057 4330 2266 4385 Passim
2298 4331 2567 4386 Eusebius
2603 4331 2658 4385 in
2689 4332 2772 4386 his
2814 4333 3220 4387 commentariis
3247 4332 3315 4386 de
3353 4332 3550 4386 huma-

1989 4423 2158 4477 nitate
2181 4422 2418 4487 Christi,
2455 4424 2614 4493 quasi
2653 4423 2719 4479 de
2757 4439 2994 4492 persona
3039 4424 3272 4494 quadam
3309 4426 3545 4494 prOpria,

318 4530 541 4580 mittere
579 4524 866 4578 videatur:
906 4522 984 4577 sic
1018 4522 1073 4575 in
1106 4522 1220 4576 haec
1243 4522 1408 4576 verba
1439 4522 1634 4592 psalmi
1663 4537 1716 4586 ιι,
1755 4521 1882 4576 Ecce
1914 4519 1960 4576 Β
1989 4512 2152 4566 verba
2194 4513 2372 4567 facere
2415 4513 2650 4578 Videtur.
2706 4514 2833 4566 dum
2881 4517 3186 4570 sexcelllics
3233 4514 3545 4577 humanam.

319 4619 459 4672 enim
491 4618 544 4670 in
574 4616 939 4684 iniquitatibus
962 4624 1235 4684 conceptus
1253 4631 1389 4676 sum,
1418 4616 1491 4669 ait
1519 4614 1751 4669 infantes
1777 4629 1884 4668 non

319 4715 377 4767 in
409 4712 597 4766 matris
624 4709 1027 4781 iniquitatibus,
1059 4707 1152 4763 scd
1186 4709 1239 4761 in
1269 4709 1406 4770 suis,
1431 4708 1603 4762 nasci.

321 4845 410 4895 ιιι.
437 4846 511 4894 An
535 4849 679 4906 putet
726 4845 800 4906 Bt
825 4843 1077 4906 Virginem
1117 4839 1238 4906 alios
1261 4847 1442 4903 praeter
1477 4840 1738 4906 Christum
1763 4842 1888 4889 filios

383 4904 629 4955 habuisse.
657 4929 718 4938 --
741 4905 820 4955 IV.
870 4904 932 4953 Μ
949 4918 1046 4953 non
1070 4905 1207 4965 quasi
1225 4918 1378 4961 suam,
1405 4904 1492 4951 sed
1519 4907 1655 4963 quasi
1678 4904 1887 4953 alienam

383 4969 678 5017 sententiam
696 4969 877 5016 attulit.

397 5073 493 5128 Est
522 5074 660 5126 alius
691 5070 910 5126 Eusebii
943 5070 1118 5132 locus,
1155 5067 1209 5120 in
1240 5083 1350 5137 quo
1385 5068 1560 5137 prima
1600 5066 1779 5121 fronte
1807 5069 1887 5120 vi-

323 5167 517 5222 deatur
546 5163 790 5226 credere,
825 5171 917 5214 aut
945 5161 1220 5230 probabile
1253 5160 1564 5214 existimare
1593 5157 1650 5212 Β.
1685 5156 1748 5210 V.
1773 5156 1887 5211 Ma-

326 5261 463 5311 riam
504 5257 639 5311 alios
676 5264 869 5326 praeter
894 5255 1171 5309 Christum
1215 5251 1355 5305 filios
1399 5249 1750 5318 suscepisse;
1798 5264 1887 5302 ve-

328 5364 450 5401 rum
493 5345 808 5400 accuratius
851 5343 1132 5412 explorata
1177 5340 1468 5394 verborum
1510 5336 1652 5390 serie
1693 5335 1886 5402 depre-

331 5441 588 5494 henditur
612 5439 763 5491 illum
792 5436 932 5488 hanc
961 5431 1284 5488 sententiam
1305 5429 1460 5500 quasi
1490 5429 1744 5489 alienam,
1777 5441 1904 5479 non.

331 5547 454 5584 vero
491 5545 677 5592 suam,
723 5540 1047 5598 proponere.
1094 5523 1268 5577 Locus
1313 5523 1391 5577 sic
1424 5521 1584 5574 habet
1627 5517 1693 5572 ad
1744 5519 1886 5572 hunc

332 5624 463 5692 psal.
519 5637 686 5676 ιιι-ιιι
727 5634 948 5673 versum
983 5636 995 5670 ;
1035 5635 1052 5667 ι
1078 5615 1376 5668 Extraneus
1416 5612 1589 5681 factus
1625 5627 1742 5664 sum
1772 5611 1886 5678 fra-

334 5717 493 5769 tribus
532 5717 694 5780 meis,
741 5721 790 5766 et
821 5710 1120 5779 peregrinus
1167 5707 1296 5776 ﬁliis
1347 5706 1531 5758 matris
1580 5721 1724 5758 mere.
1759 5723 1776 5756 ›
1828 5703 1888 5757 Si

337 5810 485 5879 igitur
515 5810 652 5879 ﬁlios
697 5804 886 5860 matris
933 5802 1043 5871 ejus
1087 5801 1136 5854 in
1176 5801 1267 5855 hoc
1306 5799 1508 5869 psalmo
1553 5799 1625 5852 sic
1658 5807 1884 5861 vocatos,

1992 4617 2152 4671 quam
2185 4603 2435 4659 Christus
2478 4605 2774 4674 assumpsit
2817 4614 3100 4669 naturam,
3144 4607 3400 4659 hominem
3424 4605 3548 4659 Ser-

1992 4695 2217 4758 oatoris,
2261 4702 2314 4748 et
2355 4694 2614 4750 hominem
2655 4695 2852 4751 Christi
2907 4707 3220 4764 nuncupat,
3275 4706 3330 4750 et
3382 4696 3548 4750 alium

1993 4799 2022 4835 a
2054 4782 2230 4838 Verbo
2259 4783 2464 4838 Christi
2509 4785 2784 4840 hominem
2832 4787 3072 4840 indicare
3103 4786 3315 4838 videtur
3352 4803 3365 4838 :
3402 4788 3547 4855 quod

1993 4875 2248 4946 loquendi
2296 4892 2466 4945 genus
2497 4877 2798 4931 secundum
2837 4877 2950 4930 haac
2991 4877 3174 4930 multis
3237 4876 3549 4934 nominibus

1994 4978 2302 5036 suspectum
2327 4983 2446 5022 esse
2489 4970 2672 5037 C(Bpit,
2711 4985 2834 5022 cum
2868 4968 3104 5021 hairetici
3133 4969 3378 5038 quidam,
3414 4969 3549 5027 Ver-

1993 5061 2122 5113 bum
2175 5060 2264 5114 Dei
2306 5059 2360 5113 in
2411 5060 2682 5113 hominem
2719 5076 2782 5112 ex
2826 5059 2992 5111 Maria
3045 5068 3232 5112 natum
3261 5101 3276 5122 ,
3331 5063 3551 5131 perinde

1995 5161 2154 5220 atque
2203 5151 2330 5205 olim
2385 5153 2441 5205 in
2485 5155 2811 5222 prophetas,
2869 5151 3154 5207 advenisse
3200 5164 3545 5223 pugnarent:

1992 5245 2224 5298 maxime
2253 5259 2378 5296 vero
2406 5253 2611 5312 postea,
2641 5259 2762 5295 cum
2800 5243 2991 5297 horum
3015 5245 3258 5316 vestigiis
3291 5246 3550 5301 insistens

1992 5333 2308 5397 Nestorius,
2352 5336 2488 5388 duas
2526 5334 2579 5387 in
2603 5334 2822 5388 Christo
2852 5349 3116 5404 personas
3158 5353 3278 5392 esse
3323 5338 3552 5390 allirma-

1993 5435 2094 5480 ret.
2125 5425 2320 5480 Verum
2352 5434 2640 5494 antequam
2673 5425 2775 5480 hac
2817 5426 2870 5479 in
2907 5442 2964 5480 re
2997 5439 3256 5483 novarent
3286 5429 3547 5490 haeretici.

1995 5516 2092 5573 SS.
2124 5517 2312 5572 Patres
2337 5518 2410 5570 ab
2434 5517 2518 5570 his
2547 5517 2794 5586 loquendi
2834 5520 3122 5594 generibus
3151 5537 3256 5574 non
3287 5521 3550 5577 abhorre—

1995 5611 2142 5664 bant.
2184 5610 2316 5662 Nam
2347 5609 2679 5664 Athanasius
2707 5613 2883 5664 virum
2919 5628 2986 5666 ex
3008 5611 3175 5663 Maria
3217 5621 3426 5677 natum,
3459 5612 3551 5665 ho-

1995 5707 2182 5758 minem
2212 5703 2576 5768 Dominieum,
2616 5719 2723 5757 non
2766 5704 2931 5758 semel
2969 5702 3276 5771 appellavit.
3316 5703 3551 5773 Epipha-

1996 5798 2118 5850 nius
2153 5793 2402 5848 similiter
2435 5794 2537 5848 hac
2565 5795 2816 5865 loquendi
2848 5794 3077 5848 formula
3104 5805 3187 5848 est
3215 5811 3364 5848 usus.
3411 5794 3548 5859 Quia
