3948 6286
274 1570 275 1575 ‘
376 1555 638 1610 Θεοτόκον
681 1574 693 1608 :

375 339 439 394 δι
1047 343 1317 402 EUSEBH
1355 342 1828 405 CIESARIENSIS
1861 348 2010 407 OPP.
2050 349 2232 406 PARS
2264 349 2349 404 lil.
2387 380 2459 390 ——
2496 324 2923 405 EXEGETICA.‘
3546 348 3613 402 52

375 469 510 516 tunc
543 460 805 530 temporis
844 476 967 525 cum
998 462 1135 516 nihil
1159 477 1222 519 ea
1262 464 1319 518 in
1362 480 1421 520 re
1452 463 1599 520 dubii
1630 467 1715 522 vel
1738 467 1945 522 erroris

2060 470 2159 524 ἴδια
2236 467 2443 523 ἑαυτῶν
2496 468 2730 532 ἕκαστος
2778 466 2849 521 τὰ
2910 466 3130 539 ῥήματα
3181 466 3279 538 τῆς
3332 466 3615 537 μετανοίας

376 559 525 609 esset
560 553 836 616 obortum,
879 553 995 609 haec
1035 553 1157 611 fidei
1209 556 1388 627 capita
1430 572 1540 611 non
1579 566 1737 612 erant
1782 559 1947 614 certis

374 647 666 701 verborum
708 646 976 701 limitibus
1018 648 1458 720 circumscripta.
1508 648 1689 716 Quare
1731 665 1839 705 non
1866 651 1949 706 vi-

374 740 535 794 detur
563 736 837 794 Eusebius
858 753 922 792 ea
955 737 1023 794 de
1056 754 1225 794 causa
1257 741 1311 794 in
1344 748 1557 795 novata:
1598 740 1723 797 fidei
1755 743 1941 814 suspi-

373 830 586 885 cionem
617 830 799 886 vocari
828 846 1006 899 posse.
1036 831 1206 887 Secus
1232 839 1420 888 tamen
1449 833 1586 889 bene
1614 834 1769 888 multi
1796 834 1948 890 testi-

376 929 559 989 mant,
595 937 658 977 ac
684 921 979 978 Eusebium
1014 924 1151 979 duas
1191 927 1248 978 in
1279 924 1504 981 Christo
1531 941 1798 995 personas
1836 934 1950 982 sta-

376 1011 550 1068 tuisse
601 1027 922 1083 persuasum
972 1013 1195 1068 habent.
1242 1012 1452 1072 Verum
1503 1032 1636 1071 cum
1683 1032 1747 1073 ea
1778 1016 1847 1072 de
1892 1031 1952 1071 re

374 1100 597 1159 Eusebii
641 1112 886 1174 tempore
932 1105 1200 1160 nihildum
1235 1116 1648 1163 controversum
1679 1116 1773 1164 aut
1802 1123 1951 1178 quae-

282 1260 285 1261 ,
375 1194 542 1247 situm
576 1195 789 1261 fuisset,
821 1212 931 1251 non
962 1197 1016 1251 in
1042 1206 1293 1268 promptu
1322 1206 1407 1254 est
1431 1199 1612 1254 dicere
1644 1199 1953 1255 novandine

277 1347 280 1351 ,
375 1285 560 1341 studio
600 1301 665 1343 ac
696 1287 764 1342 de
798 1288 1105 1367 industria,
1148 1305 1221 1344 an
1268 1289 1638 1361 perfunctorie
1675 1300 1729 1347 et
1763 1290 1942 1346 obiter

276 1455 283 1465 ε
378 1382 593 1435 locutus
627 1380 717 1436 sit.
753 1379 855 1434 Cui
887 1382 1175 1452 posteriori
1213 1383 1498 1439 sententiae
1528 1382 1789 1439 libentius
1818 1383 1951 1440 asti-

377 1467 618 1536 pularer,
663 1467 793 1539 quia
842 1484 957 1526 non
1012 1470 1178 1525 semel
1233 1470 1324 1524 ille
1370 1469 1431 1526 Β.
1457 1469 1737 1542 Virginem
1785 1483 1953 1526 vocat

742 1573 905 1628 quam
953 1573 1135 1614 vocem
1181 1559 1545 1630 respuebant,
1594 1561 1687 1630 qui
1725 1561 1864 1618 duas
1897 1562 1956 1618 in

376 1649 599 1706 Christo
643 1665 907 1720 personas
954 1666 1076 1706 esse
1120 1652 1552 1708 arbitrabantur.
1604 1652 1722 1709 Vox
1771 1660 1952 1710 autem

378 1742 470 1796 illa
519 1742 735 1798 Eusebii
802 1750 1046 1814 tempore
1098 1757 1129 1796 a
1171 1741 1429 1799 Patribus
1481 1743 1951 1816 frequentabatur.

380 1833 635 1889 Occurrit
659 1834 802 1890 enim
836 1834 890 1888 in
923 1834 1153 1904 epistola
1179 1834 1476 1891 Alexandri
1499 1836 1852 1893 Alexandrini
1884 1837 1953 1893 ad
1985 1817 2028 1873 Β

379 1928 750 1983 Alexandrum
778 1925 1154 1999 Byzantinum,
1185 1936 1243 1983 et
1278 1928 1423 2001 apud
1444 1928 1802 1985 Athanasium
1843 1928 1952 1987 fre-

376 2018 756 2090 quentissime.

526 2133 615 2184 VI.
641 2134 769 2195 Quid
788 2135 854 2185 de
887 2134 1198 2185 confessione
1226 2139 1539 2197 peccatorum
1560 2137 1793 2186 senserit.

447 2238 635 2309 Neque
662 2246 792 2310 puto
818 2240 944 2295 item
984 2241 1038 2294 in
1057 2240 1150 2310 jus
1178 2240 1486 2295 vocandum
1513 2239 1807 2296 Eusebium
1831 2254 1957 2296 esse

376 2331 524 2401 quod
556 2331 623 2385 ad
655 2331 924 2401 psalmum
953 2346 1065 2395 xei,
1095 2331 1304 2386 Bonum
1331 2341 1409 2386 est
1441 2332 1682 2402 conﬁteri
1702 2330 1950 2394 Domino,

374 2421 571 2476 dixerit
595 2440 608 2474 :
628 2420 739 2475 Καὶ
770 2420 878 2492 γὰρ
903 2423 1169 2494 προσήκει
1202 2424 1277 2495 μὴ
1311 2422 1620 2495 ἀνθρώποις
1651 2422 1955 2476 ἐπιδείκνυ-

378 2514 510 2568 σθαι.
546 2514 645 2585 τὴν
675 2513 1090 2585 ἐξομολόγησιν,
1136 2515 1190 2570 id
1217 2524 1302 2571 est
1332 2532 1345 2568 :
1379 2514 1488 2569 Par
1519 2515 1706 2585 quippe
1749 2522 1828 2568 est
1849 2530 1955 2567 non

375 2604 675 2659 hominibus
709 2605 1113 2674 confessionem,
1140 2615 1489 2677 peccatorum
1517 2607 1750 2671 scilicet,
1780 2604 1951 2661 edere.

378 2697 481 2753 ilic
532 2698 816 2769 enim‘agit
847 2699 914 2753 de
947 2699 1141 2770 priscae
1187 2700 1336 2756 illius
1378 2700 1637 2755 Ecclesia:
1675 2701 1809 2767 ritu,
1846 2714 1955 2768 quo

373 2785 679 2843 Dominica.
712 2788 809 2844 die
843 2789 1021 2859 primo
1074 2788 1320 2844 diluculo
1378 2790 1432 2843 in
1487 2790 1720 2845 ecclesia
1778 2791 1953 2845 coacti

362 2875 673 2935 Christiani
701 2881 907 2951 populi,
937 2878 1048 2937 Deo
1080 2879 1507 2947 confitebantur,
1538 2896 1663 2936 cum
1700 2888 1956 2952 peccato-

372 2988 501 3028 rum
542 2972 733 3029 sordes
761 2989 858 3044 per
891 2972 1161 3028 sinceram
1200 2972 1267 3028 ad
1299 2972 1469 3028 Deum
1516 2974 1776 3029 emissam
1814 2987 1952 3027 con-

373 3063 674 3119 fessionem
724 3065 1094 3150 deploqantes,
1131 3073 1246 3118 tum
1279 3079 1380 3134 pro
1409 3065 1624 3120 collatis
1670 3064 1953 3119 beneficiis

2050 561 2364 633 ποιούμενοι
2389 602 2404 627 ,
2438 562 2544 617 hoc
2589 568 2674 617 est
2710 558 2848 616 :Die
2897 560 3014 628 jam
3068 559 3395 613 illucescente
3441 575 3613 612 omnes

2049 655 2241 719 simul,
2294 655 2448 725 quasi
2502 670 2605 707 uno
2651 669 2740 707 ore
2785 662 2835 706 et
2880 669 2985 707 uno
3030 650 3217 717 corde,
3266 651 3613 720 confessionis

2049 748 2317 819 psalmum
2348 747 2572 802 Domino
2601 746 2855 816 referunt,
2885 746 3081 816 singuli
3115 746 3432 815 poenitentiae
3462 742 3616 799 verba

2052 841 2207 911 quasi
2255 857 2355 895 sua
2398 839 2741 910 proferentes.
2783 838 2910 894 Haec
2951 853 3060 892 una
3093 837 3370 894 confessio
3404 844 3510 902 est,
3548 836 3615 892 de

2051 947 2161 1003 qua
2193 932 2281 987 hic
2309 931 2579 988 Eusebius
2617 931 2746 1002 agit.
2790 929 2927 985 Nam
2966 927 3369 986 confessionem
3421 927 3614 985 saltem

2053 1023 2323 1095 publicam
2357 1022 2568 1078 homini
2597 1022 2899 1077 faciendam
2936 1037 3005 1077 ne
3037 1020 3350 1077 heterodoxi
3394 1019 3612 1090 quidem

2054 1116 2304 1173 hodierni
2341 1124 2470 1170 tunc
2513 1116 2567 1169 in
2607 1130 2757 1170 more
2804 1113 2973 1169 fuisse
3020 1119 3236 1184 negant.
3277 1110 3458 1179 Quare
3490 1127 3614 1166 cum

2054 1209 2146 1264 hic
2204 1207 2423 1263 Eusebii
2477 1207 2632 1262 locus
2677 1220 2786 1262 non
2840 1206 3012 1275 magis
3071 1211 3260 1260 contra
3311 1203 3613 1275 privatam,

2054 1316 2217 1371 quam
2254 1306 2445 1354 contra
2476 1299 2748 1369 publicam
2774 1297 3172 1354 confessionem
3204 1296 3387 1351 afferri
3419 1296 3615 1360 valeat,

2055 1405 2302 1451 neutram
2342 1409 2470 1449 vere
2510 1393 2741 1463 impetit.
2781 1391 2941 1447 Certe
2984 1393 3039 1445 in
3082 1389 3322 1444 Historia
3366 1388 3616 1446 ecclesia-

2057 1487 2194 1541 stica
2230 1485 2398 1556 legem
2431 1483 2723 1539 confitendi
2755 1491 2978 1554 peccata
3011 1484 3098 1546 iis,
3126 1483 3324 1552 quibus
3371 1478 3617 1536 solvendi

2060 1579 2290 1635 facultas
2343 1576 2707 1641 conceditur,
2763 1584 2947 1646 aperte
3001 1583 3266 1632 memorat
3316 1573 3613 1628 Eusebius:

2056 1686 2185 1727 nam
2245 1671 2312 1726 de
2356 1669 2607 1739 Philippo
2670 1669 2998 1738 imperatore
3046 1682 3212 1738 agens
3269 1666 3387 1721 haec
3434 1666 3618 1731 habet,

2057 1766 2095 1819 Ι.
2117 1778 2201 1826 nt,
2234 1778 2282 1818 c.
2312 1762 2380 1817 54
2404 1761 2631 1816 εΤοῦτον
2660 1759 2880 1830 κατέχει
2908 1759 3083 1827 λόγος,
3111 1758 3437 1830 Χριστιανὸν
3472 1757 3620 1820 ὄντα,

2053 1857 2113 1908 ὲν
2151 1854 2333 1926 ἡμέρᾳ
2370 1853 2468 1922 τῆς
2512 1851 2746 1921 ὑστάτης
2786 1849 2878 1903 τοῦ
2915 1850 3107 1919 Πάσχα
3151 1848 3494 1918 παννυχίδος,
3518 1847 3624 1899 τῶν

2052 1945 2146 1998 ἐπὶ
2176 1945 2272 2016 τῆς
2309 1942 2630 2014 Ἐκκλησίας
2653 1941 2826 2012 εὐχῶν
2858 1940 2938 2012 τῷ
2964 1939 3155 2012 πλήθει
3187 1941 3479 2011 μετασχεῖν
3512 1938 3628 1991 ses-

2052 2039 2246 2111 λῆσαι·
2280 2039 2341 2090 ού
2367 2023 2630 2109 πρότερον
2659 2036 2715 2088 δὲ
2748 2035 2852 2088 ὑπὸ
2875 2033 2969 2087 τοῦ
3000 2033 3252 2105 τηνικάδε
3284 2030 3627 2103 προεστῶτος

2052 2127 2420 2201 ἐπιτραπῆναι
2451 2125 2741 2188 εἰσϐαλεῖν,
2776 2124 2810 2196 ἢ
2842 2121 3355 2195 ἐξομολογήσασθαι,
3395 2121 3489 2175 καὶ
3514 2122 3630 2178 τοῖς

2053 2226 2110 2278 ἐν
2140 2218 2578 2293 παραπτώμασιν
2625 2213 3061 2285 ὲξεταζομένοις,
3100 2213 3393 2283 μετανοίας
3431 2229 3492 2264 τε
3528 2208 3635 2285 χὼ-

2056 2328 2154 2384 ραν
2188 2312 2450 2381 ῐσχουσιν,
2493 2305 2684 2361 ἑαυτὸν
2730 2303 3059 2368 καταλέξαι·
3099 2302 3273 2366 ἄλλως
3296 2303 3417 2375 γὰρ
3455 2304 3526 2375 μὴ
3568 2303 3633 2358 ἄν

2053 2421 2185 2458 ποτε
2232 2403 2369 2474 πρὸς
2413 2398 2577 2455 αὑτοῦ
2598 2438 2612 2456 .
2666 2397 2741 2469 μὴ
2786 2397 2906 2467 ούχὶ
2954 2395 3110 2448 τοῦτο
3155 2396 3493 2467 ποιήσαντα,
3544 2396 3631 2450 διὰ

2053 2498 2253 2563 πολλὰς
2272 2497 2379 2551 τῶν
2399 2497 2518 2550 κατ’
2549 2494 2711 2549 αὐτὸν
2732 2492 2927 2557 αιτίας,
2964 2490 3391 2562 παραδεχθῆναι,
3427 2491 3480 2545 id
3507 2498 3624 2546 est:

2056 2593 2333 2647 Narratur
2378 2591 2546 2652 hunc,
2589 2587 2925 2643 Christianus
2958 2601 3077 2638 cum
3117 2592 3280 2645 esset,
3329 2585 3387 2638 in
3417 2583 3501 2638 die
3529 2598 3624 2651 po-

2054 2686 2247 2741 stremi
2269 2683 2491 2738 Pascha:
2528 2679 2810 2751 pervigilii,
2838 2678 3199 2748 precationum
3227 2674 3481 2731 Ecclesiae
3508 2692 3623 2729 cum

2056 2779 2275 2849 reliqua
2306 2773 2646 2829 multitudine
2692 2770 3004 2841 participem
3046 2768 3163 2837 ﬁeri
3210 2767 3437 2822 voluisse
3477 2783 3495 2821 :
3536 2763 3625 2819 sed

2056 2889 2160 2926 non
2191 2870 2340 2940 prius
2370 2868 2419 2923 ei
2457 2865 2521 2921 ab
2551 2882 2633 2929 eo,
2664 2865 2754 2935 qui
2783 2862 2937 2917 isthic
2964 2868 3221 2931 prmerat,
3258 2859 3467 2912 aditum
3504 2874 3629 2912 com

2056 2979 2259 3019 cessum
2289 2961 2473 3031 fuisse,
2501 2974 2659 3029 quam
2692 2955 2961 3025 confessus
2989 2960 3145 3018 esset,
3183 2968 3245 3005 ac
3271 2951 3341 3005 iis
3372 2950 3464 3021 qui
3495 2949 3629 3018 lapsi

2058 3059 2272 3129 fuerant
2299 3064 2349 3108 et
2382 3053 2439 3106 in
2469 3050 2830 3118 pwnitentium
2869 3047 3055 3100 ordine
3084 3043 3320 3109 stabant,
3352 3058 3407 3097 se
3437 3040 3632 3111 adjun-

314 3162 319 3173 '
374 3158 489 3213 Deo
516 3158 722 3227 gratias
760 3135 1021 3228 agentes:
1058 3173 1182 3212 nam
1237 3166 1469 3228 utroque
1524 3158 1685 3212 modo
1731 3156 1947 3212 confes—
1973 3162 2018 3221 ο
2048 3153 2232 3207 uisset.
2277 3146 2524 3227 Alioquin
2554 3144 2618 3198 ob
2645 3159 2707 3197 ea
2733 3156 2852 3212 quas
2881 3138 3171 3228 admiserat
3204 3135 3460 3228 crimina,
3496 3149 3632 3228 nun-

374 3251 587 3304 sioncm
619 3248 706 3303 edi
737 3264 845 3304 non
878 3249 1044 3304 semel
1082 3248 1242 3304 docet
1268 3248 1553 3304 Eusebius.
1587 3247 1744 3314 Quod
1773 3240 1953 3303 autem

375 3341 446 3395 de
475 3339 567 3393 illa
611 3347 824 3394 tantum
872 3341 1219 3397 confessione
1265 3340 1557 3405 matutina,
1588 3341 1644 3393 in
1685 3346 1832 3394 coetu
1863 3355 1955 3395 ec-

374 3432 559 3487 clesiae
605 3431 848 3499 edenda,
910 3434 1001 3489 hic
1052 3445 1176 3505 agat
1198 3432 1506 3499 Eusebius,
1558 3433 1840 3503 propalam
1886 3446 1953 3486 ex

376 3524 818 3595 pmeedentibus
853 3535 958 3581 est.
991 3525 1126 3582 Nam
1160 3543 1286 3583 cum
1319 3528 1563 3597 psalmus
1612 3527 1723 3594 ille,
1754 3525 1955 3581 inscri-

373 3627 523 3687 ptus,
567 3620 632 3672 In
671 3617 756 3672 die
786 3616 1032 3685 Sabbati,
1076 3620 1156 3675 sic
1190 3619 1475 3676 exordium
1522 3619 1707 3685 ducat,
1746 3618 1952 3675 Bonum

373 3718 467 3764 est'
492 3711 737 3781 conﬁteri
778 3710 1036 3777 Domino,
1079 3712 1169 3766 hic
1203 3711 1502 3766 Sabbatum
1540 3726 1640 3783 pro
1670 3710 1953 3766 Dominica

376 3801 617 3871 positum
670 3817 1033 3868 asseverans,
1089 3803 1311 3858 nonnisi
1351 3802 1419 3858 de
1468 3803 1735 3859 matutino
1769 3802 1957 3858 Domi-

374 3892 517 3948 nica
563 3902 830 3948 conventu
887 3902 1185 3964 pertractat
1246 3895 1377 3961 ille;
1417 3895 1499 3949 sic
1549 3894 1694 3949 enim
1752 3894 1946 3950 habet:

377 3984 556 4049 Quare
592 3993 651 4038 ut
694 4001 758 4039 ea
795 3984 879 4040 die
923 3988 1289 4040 conveniamus
1342 3987 1594 4040 traditum
1650 3987 1799 4043 nobis
1849 3999 1950 4052 est,

375 4084 428 4129 et
459 4092 534 4129 ea.
554 4092 672 4147 qua:
703 4077 758 4130 in
787 4077 992 4145 psalmo
1013 4077 1271 4147 jubentur
1313 4077 1460 4132 nobis
1503 4079 1714 4149 exsequi
1759 4094 1953 4148 pra'ce-
2001 4129 2006 4134 .

374 4178 525 4237 ptum
574 4176 688 4234 est,
728 4186 953 4240 quorum
995 4171 1224 4239 primum
1271 4178 1349 4225 est
1399 4172 1662 4241 conﬁteri.
1722 4171 1954 4242 Moxque

378 4260 642 4331 adjicitur
684 4261 775 4315 illa
812 4263 1065 4332 superius
1099 4264 1264 4319 allata
1298 4265 1568 4324 clausula.
1614 4279 1720 4334 qua
1749 4265 1953 4321 dicitur

374 4368 480 4424 par
534 4368 645 4407 non
697 4368 821 4409 esse
865 4354 1209 4420 hominibus,
1264 4356 1475 4412 scilicet
1513 4355 1951 4412 Christianorum

377 4443 569 4509 cmtui,
606 4441 877 4506 conﬁteri,
919 4444 1015 4499 sed
1041 4443 1172 4500 Deo.
1228 4444 1360 4511 Quae
1395 4454 1702 4516 sequuntur
1750 4447 1953 4517 pariter

2055 3257 2214 3315 quam
2255 3236 2319 3291 ab
2360 3224 2456 3290 illo
2497 3232 2764 3287 admissus
2810 3230 3017 3299 fuisset.
3070 3225 3171 3281 Ubi
3222 3225 3396 3289 vides,
3436 3221 3631 3315 testiﬁf

2058 3313 2217 3388 caute
2253 3327 2523 3395 Eusebio,
2564 3322 2966 3380 confessionem
3012 3325 3361 3390 peccatorum
3418 3313 3629 3370 homini

2059 3423 2283 3484 factam,
2328 3398 2698 3474 necessariam
2758 3428 2988 3484 prorsus
3041 3410 3231 3465 fuisse.
3283 3409 3359 3462 Eo
3406 3407 3629 3479 respicit

2057 3518 2187 3573 item
2233 3513 2379 3585 quod
2422 3511 2584 3565 habet
2631 3509 2717 3563 bis
2768 3506 2824 3560 in
2873 3503 3282 3560 commentariis
3322 3500 3628 3564 Eusebius,

2057 3610 2196 3681 psal.
2232 3621 2441 3669 xsxvu,
2485 3602 2552 3657 ad
2576 3600 2905 3657 versiculum
2932 3597 2966 3652 5
2989 3617 3003 3652 :
3030 3596 3295 3663 Quoniam
3327 3593 3629 3664 iniquitates

2058 3711 2566 3771 metesupergresste
2593 3703 2714 3749 sunt
2744 3700 2899 3761 caput
2926 3705 3116 3752 meum,
3150 3689 3285 3742 sicut
3312 3702 3444 3740 onus
3475 3700 3632 3755 grave

2055 3802 2288 3870 grauata:
2312 3798 2434 3846 sunt
2465 3802 2621 3857 super
2645 3802 2748 3840 me.
2779 3784 3125 3843 Putruerunt,
3143 3789 3248 3834 etc.
3277 3777 3375 3831 Διά
3404 3775 3629 3840 τούτων,

2057 3867 2257 3961 inquit,
2290 3885 2529 3940 διδάσκει
2568 3880 2716 3952 ἡμᾶς
2748 3879 2777 3930 ὁ
2800 3875 2979 3943 λόγος,
3014 3873 3086 3945 μὴ
3120 3870 3380 3943 κρύπτειν
3412 3867 3480 3920 τὰ
3508 3868 3633 3921 ἐλαυ-

2053 3983 2163 4039 τῶν
2206 3980 2385 4045 κακὰ,
2443 3975 2561 4048 μηδ’
2601 3972 2790 4042 ὥσπερ
2836 3968 2957 4022 τινὰ
3005 3965 3259 4036 μελανίαν
3320 3963 3415 4015 καὶ
3469 3961 3630 4031 σῆψιν

2050 4068 2196 4125 κατὰ
2243 4065 2443 4138 βάθους
2484 4060 2586 4130 τῆς
2622 4056 2802 4131 ψυχῆς
2850 4052 3092 4121 συνέχειν
3128 4049 3198 4102 τὰ
3229 4048 3629 4119 ἁμαρτήματα,

2054 4164 2159 4218 Ιιοο
2189 4168 2273 4217 est
2308 4178 2320 4213 ε
2351 4157 2446 4211 His
2476 4161 2745 4216 docemur,
2790 4165 2852 4200 ne
2894 4143 3037 4198 mala
3059 4140 3378 4197 occultemus
3421 4150 3628 4204 nostra,

2055 4267 2153 4305 neu
2175 4255 2391 4319 peccata
2421 4262 2514 4300 ceu
2538 4241 2814 4315 quemdam
2856 4236 3118 4307 nigrorem
3160 4240 3209 4285 et
3244 4232 3630 4299 corruptionem

2056 4345 2111 4397 in
2143 4343 2328 4396 intimo
2381 4339 2573 4393 animae
2628 4333 3032 4389 concludamus.
3093 4323 3212 4379 Non
3261 4322 3372 4378 Deo
3425 4331 3627 4384 autem,

2057 4437 2148 4492 cui
2185 4448 2445 4490 arcanum
2493 4431 2659 4493 nihil,
2710 4429 2991 4482 occultare
3035 4427 3255 4489 peccata
3310 4424 3484 4482 vetat;
3532 4413 3628 4469 scd

387 4535 457 4591 ad
489 4506 823 4589 matutinum
861 4534 1013 4589 illum
1058 4506 1387 4590 conventum
1427 4506 1719 4607 pcrtinent.
1750 4506 1842 4590 .Ea
1870 4543 1954 4593 est
1987 4525 2028 4580 υ
2061 4527 2378 4584 hominibus
2408 4524 2502 4596 qui
2535 4532 2592 4578 ει
2620 4517 2873 4576 medendi
2901 4525 2955 4572 ει
2983 4515 3210 4585 Pe‘ccam
3250 4506 3496 4563 εθινθηδί
3533 4520 3631 4576 Ρ⁰⁹

378 4624 545 4695 igitur
571 4623 792 4679 Eusebii
823 4623 1115 4685 sententia,
1142 4639 1250 4679 non
1270 4632 1525 4695 oportere
1551 4627 1608 4682 in
1630 4633 1773 4682 οωιυ
1796 4626 1952 4682 Chri-

380 4718 707 4782 stianorum,
759 4731 823 4771 ac
876 4716 931 4770 in
984 4717 1266 4772 matutinis
1322 4720 1682 4775 conventibus
1731 4727 1954 4793 peccata

381 4809 598 4877 publice
632 4817 691 4863 et
733 4809 839 4862 alta
881 4823 1014 4863 voce
1067 4808 1462 4874 confiteri,_sed
1512 4812 1606 4866 uni
1644 4811 1754 4866 Deo
1787 4812 1953 4866 corda

381 4900 649 4954 scrutanti
692 4900 1086 4955 conscientiam
1135 4901 1350 4970 aperire
1399 4917 1576 4958 suam.
1620 4903 1720 4957 Cui
1753 4904 1955 4957 accinit

384 4990 623 5044 Basilius
671 4991 724 5044 in
774 4993 1003 5063 epistola
1054 4993 1120 5047 ad
1167 4992 1670 5058 Neocaesarienses,
1725 4995 1819 5049 ubi
1875 4996 1954 5052 sic

378 5081 583 5136 habet:
625 5082 719 5134 Ἐκ
758 5083 949 5149 νυκτὸς
992 5084 1100 5157 γὰρ
1146 5085 1387 5157 ὀρθρίζει
1430 5087 1558 5157 παρ’
1605 5088 1735 5157 ἡμῖν
1771 5089 1799 5138 ὁ
1830 5085 1954 5151 λαὸς

382 5173 475 5225 ἐπὶ
518 5172 609 5225 τὸν
658 5170 806 5226 οἷκον
837 5176 934 5246 τῆς
964 5177 1272 5247 προσευχῆς
1292 5218 1306 5241 ,
1355 5177 1459 5232 καὶ
1491 5180 1548 5232 ὲν
1584 5178 1729 5249 πόνῳ
1770 5178 1864 5232 καὶ
1896 5180 1953 5232 ἐν

382 5263 559 5333 Θλίῲει
604 5265 705 5317 καὶ·
738 5265 795 5317 ὲν
846 5270 1038 5338 συνοχῇ
1079 5268 1327 5339 δακρύων
1373 5268 1848 5340 ἐξομολογούμενοι
1877 5271 1955 5341 τῷ

379 5354 539 5424 Θεῷ,
587 5356 637 5409 id
693 5362 778 5411 est
817 5358 902 5413 :A
948 5369 1096 5413 nocte
1151 5360 1291 5427 apud
1340 5378 1434 5414 nos
1479 5361 1699 5429 populus
1745 5362 1952 5433 vigilias

382 5449 492 5515 nuit
536 5448 592 5501 in
636 5447 791 5503 domo
835 5453 1129 5517 orationis,
1184 5470 1246 5506 ac
1295 5454 1351 5507 in
1400 5452 1598 5516 labore,
1644 5457 1955 5509 contritione

382 5549 433 5590 et
462 5540 820 5611 lacrymarum
853 5546 1180 5600 contentione
1209 5547 1526 5616 conﬁtentur
1550 5546 1658 5601 Deo
1688 5564 1706 5603 :
1734 5555 1789 5603 et
1818 5563 1956 5618 pau—

381 5636 467 5687 cis
501 5633 800 5704 interjeclis
831 5656 845 5692 :
884 5638 1126 5709 Ἡμέρας
1146 5639 1245 5709 ἤδη
1277 5641 1722 5712 ὑπολαμπούσης,
1757 5640 1955 5703 πάντες

385 5728 571 5795 κοινῇ,
619 5727 693 5791 ὡς
724 5728 781 5793 ἐξ
821 5728 937 5791 ἑνὸς
973 5730 1238 5799 στόματος
1288 5732 1379 5782 καὶ
1408 5734 1534 5801 μιᾶς
1583 5733 1827 5804 καρδίας,
1864 5732 1954 5785 τὸν

385 5817 482 5887 τῆς
526 5816 964 5889 ἔξομολογήσεως
1000 5821 1211 5891 ψαλμὸν
1258 5822 1581 5893 ἀναφέρουσι
1633 5825 1709 5895 τῷ
1743 5824 1950 5896 Κυρίῳ,

2056 4628 2256 4677 testate
2281 4616 2468 4673 donati
2500 4620 2649 4669 sunt.

2644 4744 2877 4801 CAPUT
2903 4742 3036 4827 vui.

2055 4883 2122 4923 DE
2154 4881 2221 4922 [IS
2243 4879 2360 4928 ρυλε
2404 4877 2470 4916 AD
2524 4872 2794 4913 ECCLESIE
2834 4871 3178 4915 DISCIPBJNAI
3206 4866 3508 4909 PERTINENT
3554 4862 3624 4903 EI

2265 4949 2444 4988 VARUS
2490 4944 2670 4984 BOBUI
2697 4942 3199 4982 COIIIEN'I‘AIHOIUI
3241 4939 3411 4982 ωοιε.

2058 5050 2107 5106 1-.
2141 5048 2380 5103 Ecclesia
2423 5062 2690 5116 nunquam
2710 5044 2883 5099 variat
2906 5042 2965 5096 in
2978 5035 3490 5116 prmcipuis._iI-;__De
3508 5049 3626 5116 con-

2126 5102 2359 5176 uentibus
2407 5102 2834 5171 Chriitianorum
2875 5102 3175 5185 matutinis.
3378 5105 3475 5185 De
3502 5102 3625 5185 alia:

2127 5173 2286 5244 randi
2312 5190 2417 5261 ritu
2440 5188 2493 5240 in
2518 5185 2757 5261 Ecclesia
2785 5183 3087 5261 singularis
3109 5180 3324 5261 Eusebii
3351 5173 3621 5261 et‘Basilii

2126 5260 2383 5315 sententia
2409 5259 2746 5325 explanatur.
2776 5253 2804 5308 1
2820 5245 2901 5309 V.'
2926 5252 3150 5323 Inﬁnita
3189 5252 3331 5305 dona
3371 5245 3620 5300 Ecclesit't

2129 5329 2343 5384 Eusebii
2371 5341 2597 5397 tempore
2619 5326 2837 5379 collata.

2267 5445 2305 5494 1.
2341 5445 2557 5495 Ecclesia
2590 5454 2836 5505 nunquam
2871 5440 3023 5488 variat
3050 5438 3098 5486 in
3128 5435 3404 5498 praecipuis.

2125 5548 2430 5604 Occasione
2471 5548 2647 5603 solum
2678 5560 2848 5617 pauca
2881 5543 3147 5599 Eusebius
3181 5540 3350 5610 tangit
3376 5545 3429 5591 et
3449 5536 3620 5605 expli-

2055 5650 2166 5707 cat,
2191 5657 2311 5712 qua:
2340 5641 2405 5694 ad
2435 5641 2533 5695 aevi
2591 5641 2675 5696 sui
2726 5637 3066 5707 disciplinam
3089 5640 3356 5703 spectant,
3395 5641 3619 5698 quaeque

2058 5749 2161 5790 nos
2187 5733 2241 5787 in
2266 5732 2487 5788 lectoris
2544 5730 2890 5785 commodum
2926 5744 3030 5784 una
3076 5724 3440 5781 conferemus.
3472 5716 3636 5770 Licet.

2060 5824 2203 5881 enim
2232 5825 2284 5879 in
2317 5822 2479 5879 rebus
2504 5821 2793 5893 praecipuis
2818 5827 2872 5875 et
2904 5817 3226 5890 capitalibus
3260 5827 3366 5868 una
3409 5821 3617 5875 semper
