3948 6286
290 310 354 366 53
1067 291 1569 354 COMMENTARIA
1616 287 1679 343 IN
1719 282 2139 340 PSALMOS.-—
2181 273 2720 333 PB.£L|.\IIN.~\RI:\.
3467 259 3534 311 54

292 419 551 476 Ecclesiae
580 415 1102 481 consuetudo,.ritns
1127 430 1266 468 unus
1290 412 1470 472 fuerit,
1500 409 1566 461 in.
1594 406 1660 459 iis
1682 413 1857 458 tamen
1897 415 1907 462 ,ι

2009 396 2361 469 εχωρημένωςι
2387 391 2676 454 ίδιάζοντας
2703 379 3165 456 προσκυνεῐν,ἁλλ’
3188 375 3536 436 ἀπαντῶντας

297 515 501 587 quaead
535 526 824 569 externum
871 525 1076 564 morem
1134 508 1480 574 minoresque
1518 495 1872 554 caeremonias

302 607 592 680 pertinent,
642 614 700 658 et
726 613 1027 674 temporum
1067 610 1121 654 et
1168 589 1873 651 locorumconsuetndincs

305 700 465 752 varia)
509 697 897 757 observ-antur,
937 707 1065 762 qua
1108 690 1316 744 scilicet
1366 691 1620 756 possunt,
1670 681 1872 734 illibata

309 793 616 850 Christiana
648 790 932 861 religione,
955 785 1170 839 mutari.

475 905 538 956 ll.
563 906 641 955 De
667 902 990 954 conventibus
1019 901 1407 951 Christianorum
1430 893 1698 943 matutinis.

375 1011 532 1077 Quod
587 1010 833 1080 plerique
873 1007 1175 1077 priscorum
1243 999 1498 1056 Ecclesiae
1548 995 1875 1064 scriptorum

311 1104 535 1158 tradunt
561 1102 632 1156 de
662 1100 1022 1156 conventibus
1065 1093 1504 1151 Christianorum
1541 1090 1595 1142 in
1620 1085 1874 1145 ecclesia,

313 1196 588 1250 Dominica
621 1193 708 1247 die
729 1190 991 1246 celebrari
1022 1187 1219 1247 solitis,
1252 1185 1428 1251 deque
1461 1182 1602 1237 sacri
1633 1176 1879 1246 corporis

313 1290 513 1345 Christi
537 1288 739 1342 ibidem
765 1285 965 1339 usitata
1015 1281 1386 1343 comestione;
1445 1276 1498 1330 id
1530 1273 1796 1328 Eusebius
1825 1271 1878 1324 in

316 1381 477 1435 variis
509 1379 705 1431 horum
737 1373 1254 1431 commentariorum
1282 1369 1420 1424 loeis
1451 1382 1552 1421 nec
1585 1365 1762 1419 obiter
1787 1378 1882 1417 ex-

318 1473 498 1543 plicat.
538 1469 596 1525 ln
623 1484 775 1524 more
825 1467 1025 1538 quippe
1058 1475 1190 1520 tunc
1222 1470 1360 1526 erat,
1395 1471 1454 1516 ut
1491 1458 1773 1512 Dominica
1796 1456 1883 1511 die

316 1564 616 1620 Christiani
642 1577 833 1616 omnes
863 1567 1112 1615 exortum
1143 1556 1275 1612 solis
1292 1557 1696 1608 anteverterent
1721 1557 1773 1603 et
1816 1549 1881 1601 ad

322 1655 611 1710 ecclesiam
668 1657 1047 1723 properarent,
1104 1647 1198 1702 ubi
1252 1645 1548 1698 matutinos
1586 1647 1885 1696 conventus

1975 494 2053 553 εἰς
2075 491 2169 560 τὴν
2189 487 2480 558 ἐκκλησίαν
2506 482 2692 545 adrui,
2725 480 2776 534 id
2797 486 2880 532 est
2904 495 2915 529 :
2947 473 3061 528 Non
3088 471 3196 526 uult
3233 469 3369 524 enim
3390 478 3541 520 extra

1973 582 2267 638 ecclesiam.
2289 594 2449 647 neque
2473 577 2527 629 in
2568 589 2772 628 secessu
2814 577 3037 624 semotas
3085 565 3308 618 adorare
3335 562 3538 630 ipsum;

1976 674 2064 728 sed
2086 670 2328 726 accedere
2342 670 2490 738 jubet
2542 665 2610 719 ad
2655 662 2928 717 ecclesiam
2977 675 3152 712 suam.
3193 653 3544 722 ldipsumqne

1977 766 2208 820 Basilius
2260 763 2422 817 habet
2475 761 2528 812 in
2596 754 2842 810 eumdem
2910 750 3200 820 psalmum,
3255 744 3400 797 hom.
3450 739 3540 794 28.

1977 876 2028 928 p.
2054 860 2144 911 18l
2185 877 2196 910 :
2234 853 2376 918 ’Ἑξω
2395 848 2670 918 τῆς-ἁγίας
2702 845 2867 912 αὐλῆς
2903 841 2962 893 οὐ
2990 837 3096 911 χρὴ
3129 835 3446 906 προσκυνεῖν
3470 829 3547 899 τῷ

1978 924 2183 1020 Κυρίῳ,
2228 945 2338 999 ἀλλ’
2366 943 2512 994 ἔνδον
2558 937 2844 1008 γενόμενον
2871 949 2883 983 :
2913 931 2964 986 id
3004 937 3086 984 est
3131 947 3144 980 :
3181 924 3301 978 Non
3347 929 3548 990 oportet

1977 1038 2269 1110 quempiam
2298 1042 2450 1088 extra
2498 1043 2706 1084 sacram
2749 1023 2928 1077 aulam
2977 1017 3199 1072 adorare
3244 1013 3545 1072 Dominum,

1980 1131 2068 1187 sed
2099 1132 2238 1183 intus
2262 1127 2508 1196 positum.
2536 1119 2603 1174 At
2634 1134 2792 1173 nemo
2807 1131 2987 1171 rerum
3015 1125 3295 1167 sacrarum
3322 1105 3403 1161 vel
3436 1119 3551 1158 me-

1979 1223 2237 1281 diocriter
2267 1218 2472 1290 peritus
2504 1215 2738 1285 ignorat,
2765 1211 2904 1264 hanc
2928 1204 3196 1276 praecipue
3242 1214 3395 1254 novae
3417 1196 3551 1266 legis

1981 1326 2265 1375 tesseram,
2316 1311 2420 1364 hoc
2474 1307 2805 1366 institutum,
2842 1300 2986 1352 hanc
3024 1295 3319 1350 solemnem
3347 1284 3559 1342 Christi

1982 1408 2283 1467 doctrinam
2330 1418 2473 1465 esse,
2516 1397 2659 1470 quod
2702 1395 2844 1449 Deus
2892 1392 3091 1460 ubique
3131 1381 3440 1439 adorandus
3483 1377 3582 1432 sit=

1984 1501 2037 1553 in
2059 1499 2250 1570 spiritu
2270 1506 2317 1550 et
2341 1468 2557 1549 veritate
2585 1506 2600 1542 :
2632 1501 2808 1558 neque
2843 1483 2908 1538 ad
2938 1496 3055 1537 eam
3081 1492 3196 1534 rem
3229 1485 3454 1530 necesse
3484 1468 3579 1525 sit"

1987 1592 2322 1662 assignatum
2373 1585 2682 1656 quempiam
2715 1579 2865 1633 adire
2905 1577 3152 1638 locum;
3179 1570 3290 1626 sed"
3323 1567 3558 1638 quisque

1989 1660 2238 1757 privatim
2263 1683 2408 1736 hunc
2432 1678 2635 1733 cultum
2683 1672 2990 1744 persolvere
3020 1666 3194 1738 possit
3243 1677 3304 1716 ac
3343 1660 3555 1715 debeat.

449 1750 460 1760 .
1126 1739 1138 1750 .
1575 1750 1586 1761 ,
1718 1731 1728 1742 .
1840 1730 1850 1740 .
1989 1729 2238 1757 ,μη-η.--
2264 1729 2406 1736 --__-_
2439 1729 2565 1733 ,τίη
2685 1729 2701 1744 ,
3021 1729 3036 1738 _

318 1746 747 1846 θλθηθηιέιυῨθ
764 1757 913 1846 “una,
963 1747 1142 1846 Foac“
1203 1735 1554 1846 casm???“
1575 1777 1588 1798 ’
1921 1766 1959 1820 Β
1987 1777 2099 1833 Cur
2114 1791 2242 1846 ergo
2265 1772 2365 1827 viri
2393 1769 2642 1825 doctrina
2674 1767 2934 1835 insignes,
2975 1757 3206 1815 Basilius
3248 1752 3476 1822 Magnus
3506 1755 3561 1801 et

319 1839 707 1898 resurrectioni
764 1835 979 1890 Domini
1014 1835 1356 1890 consecrata,
1403 1841 1562 1883 sacro
1621 1821 1886 1878 Dominici

320 1934 567 2006 corporis
593 1932 719 1986 cibo
751 1927 939 1984 rel‘ecti
967 1968 980 1991 ,
1027 1925 1222 1995 pignus
1257 1921 1450 1975 lutum
1465 1927 1518 1974 et
1556 1916 1806 1988 gloriosae
1834 1913 1888 1967 in

327 2043 478 2082 carne
506 2019 934 2079 resurrectionis
981 2019 1291 2085 acciperent
1319 2029 1330 2063 :
1379 2025 1592 2079 unoque
1624 2013 1891 2063 concentu

336 2121 485 2174 Deum
521 2125 578 2173 et
606 2115 884 2170 Christum
934 2111 1296 2169 celebrarent,
1324 2122 1421 2175 pro
1455 2103 1614 2158 bonis
1656 2101 1893 2171 acceptis

337 2209 530 2280 gratias
591 2211 834 2275 agerent,
888 2216 987 2271 pro
1033 2197 1362 2254 necessariis
1391 2205 1502 2248 tum
1549 2193 1743 2246 animae
1779 2201 1893 2245 tum

329 2299 562 2361 corpori.
607 2297 773 2350 Deum
834 2293 1032 2349 obnixe
1082 2295 1458 2362 precarentur.
1493 2285 1565 2338 De
1599 2284 1684 2339 his
1715 2284 1897 2353 itaque

328 2391 690 2446 conventibus
747 2388 858 2439 haec
911 2383 1072 2436 habet
1121 2375 1384 2432 Eusebius
1453 2372 1505 2424 in
1570 2372 1702 2436 psal.
1762 2380 1890 2426 ut,

325 2502 459 2540 vers.
504 2484 578 2538 30
624 2501 636 2534 :
672 2500 688 2530 ι
739 2475 1188 2530 Manducarerunt
1231 2478 1279 2522 et
1320 2467 1670 2520 adoraverunt
1719 2473 1891 2511 omnes

327 2579 538 2647 pingues
569 2583 742 2633 terrm,
771 2579 818 2623 et
846 2571 901 2621 in
929 2572 1196 2633 conspectu
1226 2559 1339 2628 ejus
1361 2554 1566 2617 cadent,
1588 2560 1694 2606 etc.
1724 2569 1742 2600 ›
1772 2546 1894 2602 Sin-

332 2644 462 2731 gulis
505 2655 913 2714 resurrectionis
964 2651 1259 2707 Saluatoris
1309 2646 1475 2700 nostri
1523 2644 1743 2707 diebus,
1785 2656 1902 2712 qua:

332 2751 622 2805 Dominicar
643 2757 916 2806 vocantur,
964 2743 1092 2810 ipsis
1129 2738 1293 2793 oculis
1337 2751 1546 2790 cernere
1584 2745 1670 2786 est
1706 2747 1790 2786 eos
1816 2729 1904 2799 qui

333 2858 537 2897 sacrum
562 2840 734 2893 cibum
762 2846 810 2890 et
833 2835 1105 2893 Salutare,
1151 2829 1204 2883 id
1248 2837 1325 2882 est
1370 2825 1665 2881 Saluatoris
1716 2835 1903 2886 corpus

333 2933 616 3002 accipiunt,
643 2936 758 2998 post
780 2928 948 2996 ipsum
970 2939 1115 2977 esum
1136 2920 1325 2989 viviﬁci
1346 2917 1581 2970 alimenti
1605 2914 1905 2984 largitorem

333 3036 379 3080 et
399 3037 639 3093 promum
661 3019 906 3083 adorare,
930 3025 1082 3084 atque
1103 3013 1288 3066 mirari
1307 3009 1577 3064 verborum
1597 3002 1907 3074 hujusmodi

333 3125 590 3179 arentum,
618 3128 680 3166 ac
706 3127 763 3163 re
786 3118 950 3180 gesta,
993 3104 1168 3176 quoad
1212 3102 1505 3173 planiorem
1554 3098 1682 3150 dicti
1703 3104 1909 3150 senten-
1937 3120 1975 3175 ο

338 3211 484 3273 tiam,
503 3205 779 3274 impletum
819 3199 1145 3254 vaticinium.
1173 3194 1305 3262 Quae
1338 3201 1518 3247 autem
1545 3189 1690 3259 quod
1729 3187 1795 3242 ad
1837 3187 1909 3240 ri-

337 3310 446 3354 tum
475 3299 802 3354 exteriorem
843 3292 933 3345 illa
974 3288 1221 3344 adoratio
1272 3294 1439 3348 esset,
1476 3283 1576 3349 sic,
1609 3280 1798 3350 paucis
1828 3279 1912 3332 in-

336 3389 637 3461 terpositis,
665 3385 903 3455 explicat
931 3399 944 3434 :
976 3400 993 3432 ι
1045 3378 1110 3434 In
1133 3386 1410 3446 conspectu
1434 3375 1546 3444 ejus
1567 3371 1756 3427 cadent
1801 3387 1914 3424 om-

341 3460 426 3538 nes
449 3481 540 3552 qui
562 3475 880 3533 descendunt
912 3473 966 3525 in
995 3481 1229 3525 terram:
1263 3489 1281 3520 ι
1306 3484 1402 3537 pro
1428 3483 1529 3536 quo
1551 3464 1766 3535 Aquila,
1795 3481 1813 3512 ‹
1849 3460 1914 3514 1η

342 3577 538 3632 vultum
565 3572 682 3641 ejus
716 3569 925 3638 flectent
951 3582 1004 3620 se
1031 3580 1207 3619 omnes
1235 3562 1325 3631 qui
1366 3558 1682 3613 descendunt
1727 3556 1781 3608 in
1808 3555 1918 3623 pul-

343 3684 528 3723 verem.
562 3685 581 3717 ι
608 3663 770 3729 Queis
797 3659 1074 3727 manifeste
1106 3671 1307 3719 eorum,
1359 3653 1448 3722 qui
1474 3652 1525 3704 in
1570 3649 1790 3703 ecclesia
1827 3647 1918 3701 Dei

344 3777 507 3832 genua
529 3758 769 3827 flectunt,
794 3767 989 3804 morem
1013 3749 1249 3802 declarat
1275 3762 1290 3798 :
1340 3744 1411 3798 ibi
1441 3743 1579 3797 enim
1625 3757 1791 3812 genua
1826 3739 1920 3809 ﬂe-

343 3864 561 3916 ctentes,
592 3859 747 3919 atque
775 3843 1037 3916 frontibus
1064 3842 1172 3896 suis
1205 3850 1357 3893 terra:
1381 3835 1757 3897 incumbentes,
1785 3833 1922 3884 hunc

347 3941 606 4001 adorandi
637 3941 800 3993 ritum
823 3943 1049 3990 servant.
1093 3932 1179 3984 Ἐν
1277 3931 1475 3998 γόνατα
1500 3926 1798 3988 κλίναντες,
1830 3923 1924 3976 καὶ

345 4035 410 4088 τὰ
433 4034 659 4104 μέτωπα
689 4030 768 4090 είς
787 4027 889 4096 γῆν
908 4021 1234 4094 ἐρείσαντες,
1251 4018 1437 4072 τοῦτον
1460 4017 1780 4090 προσκυνεῖν
1809 4011 1927 4066 εἰώ-

347 4128 470 4181 Θασι
501 4123 594 4177 τὸν
617 4119 834 4191 τρόπον.
866 4114 939 4170 De
967 4111 1248 4167 matutinis
1273 4111 1402 4163 item
1423 4106 1777 4161 conventibus
1794 4108 1925 4176 agit,

350 4219 484 4291 psal.
504 4226 780 4279 xr.v,vers.
805 4207 919 4270 6,et
948 4221 1098 4267 LVIII,
1126 4205 1216 4258 ubi
1247 4216 1418 4270 genua
1444 4199 1692 4256 ﬂectendi
1723 4184 1926 4252 morem

351 4307 800 4378 antiquissimum
860 4301 1099 4355 declarat
1132 4313 1144 4348 ε
1173 4292 1567 4365 procumbendi
1617 4293 1744 4347 item
1793 4306 1926 4346 con-

352 4400 722 4461 suetudinem,
747 4394 831 4447 vel
859 4391 1050 4462 primis
1081 4389 1341 4444 Ecclesia:
1382 4385 1600 4442 saeculis
1643 4391 1926 4447 statutam,

352 4495 553 4548 diserte
579 4487 834 4557 explicat.
860 4481 940 4536 Ad
967 4480 1233 4552 psalmum
1255 4491 1387 4532 vero
1438 4490 1547 4538 χει,
1575 4473 1749 4528 fusius
1768 4487 1928 4527 enar-

354 4595 439 4642 rat
459 4600 559 4640 cur
585 4577 886 4638 Christiani
909 4569 1285 4629 Sabbatumin
1317 4566 1652 4622 Dominicam
1688 4569 1928 4617 transtu-

355 4679 516 4734 lerint
541 4693 555 4728 :
590 4688 696 4745 qua
721 4675 932 4724 ratione
954 4666 1129 4736 primo
1153 4660 1395 4715 diluculo
1421 4662 1724 4712 conventus
1748 4660 1930 4724 agant,

357 4785 523 4842 panes
555 4760 942 4838 propositionis
965 4756 1212 4816 oderant,
1230 4751 1296 4806 ad
1326 4749 1600 4806 Orientem
1625 4745 1765 4800 versi
1809 4758 1932 4814 pre-

362 4871 574 4922 centur,
604 4856 848 4928 psalmos
877 4864 985 4903 una
1039 4842 1406 4898 multitudinis
1436 4852 1569 4894 voce
1605 4835 1922 4897 concinant,

359 4963 414 5008 ct
476 4926 692 5011 caetera,
742 4961 862 5016 quae
896 4935 1338 5013 _E.U6'tt)ttn1épw;
1412 4931 1502 4985 ille
1563 4926 1931 5000 prosequitur.

301 5086 312 5118 ε
364 5041 702 5096 Psalmorum
739 5043 918 5087 autem
954 5039 1173 5083 cantum
1223 5025 1278 5078 in
1307 5018 1819 5076 omnibusuniversi
1848 5032 1935 5071 or-

302 5131 312 5193 ἒ
367 5134 448 5187 bis
473 5140 582 5184 tam
629 5127 942 5181 Graecorum
975 5133 1135 5189 quam
1166 5116 1544 5173 barbarorum,
1578 5108 1824 5165 ecclesiis
1845 5109 1939 5162 ob-

370 5220 570 5280 servari
603 5215 935 5272 testiﬁcatur
970 5210 1082 5271 ille,
1112 5205 1248 5276 psal.
1281 5219 1406 5257 va.

428 5338 510 5388 III.
533 5338 608 5388 De
630 5331 868 5384 adorandi
889 5328 989 5375 ritu
1012 5324 1062 5373 in
1085 5322 1295 5388 ecclesia
1316 5315 1578 5388 singularis
1599 5311 1800 5364 Eusebii
1824 5320 1878 5362 et

757 5388 927 5441 Basilii
960 5386 1209 5436 sententia
1235 5381 1543 5443 explanatur.

439 5482 726 5552 Singulare
750 5487 981 5548 prorsus
1017 5484 1079 5522 ac
1101 5461 1511 5535 ponderandum
1543 5470 1626 5515 est
1671 5459 1814 5529 quod
1864 5457 1939 5509 ait

371 5575 652 5637 Eusebius,
709 5583 821 5623 non
856 5565 1020 5616 licere
1061 5567 1211 5613 extra
1264 5555 1549 5610 ecclesiam
1594 5553 1761 5606 Deum
1808 5549 1939 5603 ado—

373 5685 482 5722 rare
511 5685 522 5720 :
552 5675 612 5721 nt
641 5665 768 5733 ipse
789 5656 858 5710 ad
882 5652 1146 5724 psalmum
1197 5661 1385 5704 xxvnt,
1420 5646 1505 5700 his
1543 5644 1723 5699 verbis
1765 5658 1940 5696 enun-

373 5761 460 5814 ραι
490 5784 499 5816 ε
535 5760 609 5814 οε,
643 5754 760 5826 γὰρ
788 5747 896 5814 ἔξω
918 5745 1014 5814 τῆς
1039 5738 1331 5810 ἐκκλησίας
1366 5737 1630 5807 βούλεται,
1662 5734 1784 5788 οὐδὲ
1814 5733 1941 5786 ἁνα-

1991 1842 2282 1928 Eusebius,
2313 1863 2384 1918 ab
2408 1857 2718 1930 huiusmodi
2748 1856 2920 1914 cultu,
2966 1851 3060 1919 qui
3091 1849 3159 1903 ab
3193 1849 3312 1917 ipso
3341 1842 3561 1897 Christo

1992 1958 2228 2014 traditus
2259 1962 2313 2011 et
2342 1929 2587 2008 sancitus
2639 1956 2741 2010 est,
2796 1943 3044 1999 homines
3092 1932 3468 1992 absterreant?
3496 1929 3564 1982 At

1993 2053 2138 2110 enim
2168 2065 2269 2106 nec
2290 2050 2344 2102 in
2389 2043 2573 2101 Veteri
2619 2040 2835 2113 quidem
2868 2035 3240 2094 Testamento,
3271 2043 3394 2081 cum
3441 2031 3564 2094 post

1994 2145 2180 2215 templi
2204 2141 2506 2202 conditum,
2530 2151 2638 2190 non
2686 2129 2954 2189 sacriﬁcia
2975 2170 2989 2193 ,
3018 2141 3126 2180 non
3147 2128 3325 2177 certas
3364 2126 3564 2172 statas-

1997 2251 2102 2308 que
2130 2232 2484 2290 czeremonias
2532 2226 2660 2282 alibi
2691 2223 2999 2295 persolvere
3030 2218 3236 2272 licitmn
3271 2217 3437 2272 esset,
3472 2222 3563 2260 re-

1999 2331 2159 2384 titum
2185 2340 2419 2396 usquam
2465 2322 2696 2393 legimus
2731 2328 3002 2388 quemque
3053 2324 3218 2380 penes
3250 2319 3308 2361 se
3333 2317 3490 2359 orare
3513 2306 3568 2354 et

2001 2421 2233 2474 adorare
2265 2417 2453 2478 Deum,
2504 2415 2549 2468 si
2573 2413 2782 2466 liberet.
2833 2407 2948 2461 lino
2994 2419 3124 2458 vero
3155 2397 3365 2459 Daniel,
3393 2396 3444 2448 in
3469 2391 3572 2446 Ba-

2002 2513 2198 2584 bylone
2221 2524 2470 2570 versans,
2500 2506 2807 2575 frequenter
2835 2500 3000 2556 Deum
3035 2493 3295 2551 adorabat
3325 2509 3337 2544 :
3374 2487 3584 2556 aliique-

2005 2609 2141 2661 bene
2171 2603 2323 2658 multi
2354 2600 2531 2657 sancti
2583 2597 2686 2652 viri
2723 2594 2890 2649 Deum
2942 2601 3092 2646 extra
3135 2585 3392 2655 templum
3443 2579 3571 2633 ado-

2005 2712 2160 2752 rasse
2186 2691 2688 2765 deprehenduntur.
2722 2685 2848 2740 llaec
2879 2684 3064 2752 itaque
3101 2677 3288 2733 Basilii
3326 2682 3379 2728 et
3405 2670 3571 2724 Euse-

2008 2791 2083 2846 bii
2109 2792 2227 2844 loca
2255 2762 2321 2842 ex
2359 2785 2610 2856 superius
2658 2781 2821 2834 allato
2855 2773 3073 2831 Eusebii
3108 2773 3228 2826 loco
3255 2773 3382 2823 sunt
3405 2762 3580 2833 expli-

2009 2879 2203 2943 canda,
2231 2877 2320 2931 ubi
2357 2852 2583 2930 recitata
2624 2870 2830 2940 Aquilae
2860 2863 3108 2921 versione
3140 2863 3217 2914 sic
3249 2858 3411 2910 habet
3439 2852 3530 2906 ille
3558 2866 3573 2902 :

2009 2971 2170 3039 Queis
2220 2967 2496 3036 manifeste
2535 2979 2735 3025 eorum,
2766 2960 2852 3031 qui
2900 2959 2953 3010 in
3007 2951 3223 3008 ecclesia
3270 2948 3365 3001 Dei
3411 2959 3578 3015 genua

2011 3064 2247 3133 flectunt,
2278 3074 2475 3114 morem
2507 3055 2745 3110 declarat
2773 3068 2788 3105 :
2813 3051 2886 3103 ibi
2911 3048 3047 3103 enim
3084 3059 3253 3114 genua
3295 3040 3578 3110 flectentes,

2013 3167 2168 3228 atque
2181 3154 2444 3222 frontibus
2467 3153 2574 3205 suis
2601 3157 2752 3202 terrm
2772 3141 3154 3203 incumbentes,
3171 3137 3306 3188 hunc
3323 3126 3583 3184 adbrandi

2011 3251 2175 3303 ritum
2208 3255 2435 3302 servant.
2471 3231 2678 3313 Opinor
2707 3237 2871 3308 igitur
2893 3234 3038 3289 hunc
3064 3224 3323 3285 adorandi
3354 3233 3580 3281 morem,

2014 3350 2202 3414 utpote
2227 3335 2630 3412 quodammodo
2677 3335 3085 3390 consecratum,
3115 3328 3268 3379 extra
3294 3311 3584 3374 ecclesiam

2014 3436 2241 3491 vetitum
2266 3433 2436 3487 fuisse
2470 3444 2572 3484 :ea
2614 3439 2855 3498 prorsus
2885 3420 3095 3476 ratione
3115 3429 3223 3485 qua
3272 3408 3434 3463 hodie
3476 3418 3587 3458 non

2017 3529 2142 3582 licet
2162 3525 2360 3594 cuique
2386 3520 2614 3575 arbitrio
2671 3531 2791 3576 suo,
2843 3508 3075 3580 exempli
3106 3519 3272 3560 causa
3303 3501 3586 3555 incensum

2019 3629 2072 3676 et
2103 3591 2458 3690 thymiamata
2489 3615 2544 3668 in
2577 3611 2711 3666 vicis
2740 3617 2792 3664 et
2816 3604 3009 3678 plateis
3033 3598 3341 3673 promiscue
3371 3591 3585 3652 offerre,

2022 3712 2150 3782 quia
2171 3689 2298 3763 haec
2328 3704 2552 3778 speciali
2599 3702 2703 3756 ritu
2735 3703 3055 3756 consecrata
3101 3697 3155 3746 et
3195 3691 3397 3743 statuta
3425 3689 3587 3742 sunt;

2024 3773 2228 3858 i-tasillis
2256 3773 2618 3870 tem-poribus,
2640 3794 2742 3849 etsi
2773 3790 2980 3844 licitum
3002 3784 3198 3852 cuique
3240 3784 3387 3834 esset
3418 3773 3591 3828 Deum

2023 3909 2190 3964 penes
2220 3907 2277 3946 se
2294 3888 2506 3961 precari
2534 3895 2588 3942 et
2609 3885 2838 3938 adorare
2858 3919 2873 3943 ,
2910 3878 3002 3931 illo
3027 3882 3207 3928 tamen
3251 3867 3413 3923 modo
3450 3877 3592 3936 genu

2025 3955 2370 4042 ﬂectendi-ac
2415 3983 2468 4036 in
2503 3980 2734 4034 frontem
2778 3963 3173 4044 procumbendi
3213 3971 3365 4016 extra
3419 3955 3596 4013 eccle-

2028 4080 2165 4133 siam
2215 4075 2443 4130 adorare
2463 4071 2689 4126 vetitum
2723 4073 2876 4121 erat:
2913 4067 3136 4128 eratque
3187 4053 3313 4107 huic
3347 4051 3420 4104 rei
3441 4049 3596 4102 locus

2029 4176 2191 4237 atque
2223 4172 2436 4233 tempus
2458 4157 2833 4216 ecclesiastico
2865 4164 3073 4205 canone
3111 4140 3506 4201 constitutqu
3527 4152 3598 4190 ne

2031 4256 2286 4313 fortassis
2310 4254 2438 4308 hinc
2459 4252 2604 4306 risus
2630 4255 2683 4303 et
2711 4243 3103 4300 cachinnorum
3145 4233 3371 4289 materia
3395 4228 3598 4284 Judteis

2032 4357 2086 4404 et
2133 4346 2388 4411 ethnicis,
2422 4356 2654 4414 quorum
2700 4345 2814 4392 tum
2871 4336 3061 4404 ingens
3107 4335 3224 4384 erat
3282 4318 3596 4380 multitudo,

1959 4439 2578 4522 Dsubministraretur;
2632 4445 2766 4487 neve
2819 4429 2947 4482 hinc
2973 4423 3192 4496 quidam
3243 4433 3309 4473 ex
3347 4415 3600 4482 frequen-

2029 4530 2516 4591 tioriadorationis
2549 4542 2648 4581 usu
2702 4521 3002 4577 inﬁdelium
3053 4517 3265 4571 animos
3313 4516 3600 4574 exaspera-

2030 4632 2152 4682 rent
2177 4623 2232 4676 in
2261 4619 2644 4680 Christianos;
2681 4627 2787 4666 neu
2838 4611 3055 4664 demum
3088 4599 3348 4660 ementita
3382 4591 3600 4664 pietatis

2033 4715 2213 4786 specie
2247 4710 2471 4783 gloriam
2495 4715 2550 4762 et
2571 4705 2785 4759 laudem
2834 4700 3127 4754 humanam
3173 4689 3598 4757 aucuparentur,

2034 4818 2127 4861 aut
2157 4806 2262 4859 alia
2310 4801 2468 4857 nobis
2497 4801 2678 4870 ignota
2717 4795 2784 4850 de
2827 4808 3014 4848 causa.
3058 4787 3212 4842 Hunc
3258 4783 3442 4848 itaque
3470 4773 3604 4828 ado-

2033 4898 2192 4953 randi
2241 4909 2449 4950 morem
2503 4898 2689 4947 vetant
2748 4887 2983 4942 Basilius
3023 4887 3077 4935 et
3128 4872 3393 4929 Eusebius
3447 4874 3602 4922 extra

2035 4989 2323 5048 ecclesiam
2356 4999 2614 5057 peragere
2646 4998 2659 5033 :
2703 4993 2878 5050 neque
2921 4975 3108 5029 volunt
3135 4969 3256 5023 ideo
3289 4961 3605 5018 adoratione

2035 5083 2126 5137 illa
2151 5051 2383 5142 interna,
2436 5051 2639 5144 ubique
2679 5068 2896 5125 Numini
2943 5059 3272 5136 praestanda,
3302 5057 3403 5128 piis
3429 5051 3606 5109 homi-

2036 5174 2199 5227 nibus
2253 5167 2502 5224 interdici
2531 5185 2542 5219 :
2575 5160 2720 5234 quod
2753 5156 3022 5213 neminem
3077 5160 3208 5225 puto
3254 5147 3464 5204 inﬁcias
3500 5144 3607 5197 itu-

2037 5281 2181 5321 rum.
2217 5263 2367 5316 Alias
2399 5259 2543 5315 enim
2569 5254 2729 5309 iidem
2750 5248 2987 5303 Basilius
3027 5255 3081 5302 et
3119 5243 3407 5306 Eusebius,
3434 5236 3606 5290 Deum

2039 5375 2138 5429 pro
2159 5356 2330 5410 lubito
2357 5352 2623 5421 cujusque
2667 5341 2999 5398 adorandum
3045 5343 3335 5395 statuunt:
3368 5330 3512 5403 quod
3553 5328 3610 5382 in

2042 5422 2263 5517 scriptis
2295 5443 2478 5498 Basilii
2514 5440 2822 5507 frequenter
2843 5430 3167 5501 comperias,
3200 5442 3264 5480 ac
3290 5426 3343 5479 in
3381 5422 3608 5477 hisitem

2043 5538 2450 5598 commentariis
2483 5531 2748 5586 Eusebius
2798 5540 2897 5580 nec
2936 5522 3101 5578 semel
3129 5515 3462 5573 adorandum
3493 5510 3614 5564 ubi-

2043 5650 2148 5706 que
2177 5633 2342 5687 Deum
2372 5625 2696 5682 esseddocet.
2734 5623 2794 5674 In
2844 5623 3207 5690 promptuque
3250 5617 3414 5674 esset,
3442 5607 3612 5661 multa

2045 5727 2112 5782 ad
2149 5726 2202 5780 id
2243 5716 2704 5790 comprobandum
2754 5717 2872 5770 loca
2915 5723 3204 5782 congerere
3231 5722 3242 5757 :
3269 5717 3456 5760 verum
3489 5716 3647 5756 cmn.
