3948 6286
425 306 496 361 55
1083 300 1353 358 EUSEBII
1389 300 1864 361 CESARIENSIS
1903 305 2052 363 ΟΡΡ.
2086 306 2260 361 PARS
2300 306 2387 363 Ill.
2423 339 2491 349 ——
2530 309 2939 369 EXEGETICA.
3592 325 3659 380 5t;

423 430 609 487 nullus
640 430 739 483 hac
779 428 845 482 de
874 441 933 480 re
974 425 1361 482 controversia:
1389 427 1543 484 locus
1566 445 1688 485 esse
1713 431 1910 497 valeat,
1936 431 2002 489 iis
2030 435 2075 492 Α
2102 433 2457 500 servabatur;
2492 433 2778 493 Matthteus
2806 452 2938 493 sane
2971 439 3185 510 propria
3212 439 3659 513 interpretatione

423 521 711 578 afferendis
740 521 1180 590 supersedemus.

482 653 563 705 Ν.
591 653 784 704 Infinita
822 655 947 705 dona
975 658 1203 707 ecclesiis
1236 657 1439 708 Eusebii
1485 665 1709 723 tempore
1733 663 1927 715 collata.

489 777 546 832 ln
576 779 840 850 psalmum
868 797 1018 848 Lxxl,
1048 783 1187 839 Deus
1204 787 1468 856 judicium
1497 795 1643 841 tuum
1674 790 1782 860 regi
1810 790 1902 856 da,
1924 791 1989 845 ad

417 870 565 926 hunc
590 887 830 938 versum,
856 872 926 928 Et
954 876 1083 930 vivet
1113 888 1162 931 et
1184 877 1401 932 dabitur
1431 880 1479 933 ei
1496 878 1561 933 de
1599 896 1730 934 auro
1753 880 1985 948 Arabiae,

416 960 786 1018 aitEusebius
815 982 828 1018 :
857 961 928 1017 Et
951 965 1089 1020 alias
1143 984 1345 1038 quoque
1395 971 1450 1023 in
1488 970 1720 1024 ecclesiis
1765 970 1984 1038 Christi,

414 1053 544 1121 ipsis
566 1055 734 1110 oculis
764 1054 1000 1112 videmus
1032 1056 1248 1127 inﬁnita
1302 1076 1367 1114 ea:
1426 1078 1559 1117 auro
1592 1079 1725 1133 puro
1754 1064 1982 1131 cimelia,

412 1147 471 1201 in
501 1148 616 1219 ejus
637 1149 888 1204 honorem
909 1161 1236 1205 consecrata.
1258 1152 1377 1219 Quo
1406 1153 1592 1211 videas
1619 1171 1728 1211 non
1760 1173 1982 1225 novum,

412 1254 591 1309 neque
612 1255 806 1297 recens
834 1242 1114 1297 inductum
1138 1259 1344 1299 morem
1377 1260 1519 1311 esse,
1553 1245 1697 1303 dona
1721 1257 1775 1303 et
1818 1249 1985 1305 cime-

412 1331 485 1386 lia
516 1333 573 1387 in
628 1333 880 1390 ecclesiis
920 1333 1128 1390 Christi
1189 1337 1549 1392 consecrandi
1583 1357 1595 1393 :
1628 1340 1760 1409 quin
1800 1342 1983 1412 potius

410 1425 557 1494 quod
581 1423 847 1482 Eusebius
877 1423 1374 1497 frequentissimum
1399 1428 1623 1494 indicat,
1644 1431 1756 1501 jam
1790 1448 1982 1503 perra-

409 1531 535 1572 rum
576 1533 701 1574 esse
742 1519 1365 1591 comprobaturzneque
1416 1521 1559 1576 enim
1594 1523 1669 1578 ita
1719 1525 1885 1580 multa
1913 1541 1979 1582 ex

410 1624 546 1666 auro
588 1627 726 1682 puro
767 1611 985 1668 cimelia
1021 1612 1077 1666 in
1113 1612 1327 1681 templis
1367 1612 1529 1670 hodie
1579 1615 1974 1686 deprehendas.

407 1697 606 1755 Narrat
651 1717 779 1758 vero
827 1702 971 1759 idem
1022 1702 1288 1760 Eusebius
1320 1703 1764 1773 Constantinum,
1802 1710 1977 1765 eccle-

2095 524 2281 579 Graeca
2307 541 2440 581 usus
2475 542 2585 581 non
2613 535 2716 593 est,
2765 529 2859 583 sed
2891 529 3010 599 ipsa
3053 530 3319 588 llebraica
3358 535 3524 589 verba
3554 532 3655 608 Sy—

2091 617 2478 673 ro-Chaldaico
2525 635 2799 689 sermone,
2843 623 3022 692 qualis
3067 632 3199 681 tunc
3247 627 3389 697 apud
3438 627 3656 687 Iudaeos

2093 723 2193 762 usu
2228 709 2501 775 veniebat,
2532 713 2820 781 expressit,
2855 720 2914 767 ut
2960 714 3017 768 in
3062 730 3197 773 voce
3230 716 3455 773 Lamma
3484 718 3657 776 Saba-

2090 797 2268 851 cthani
2300 799 2699 870 deprehendas,
2737 804 2793 857 in
2844 804 3076 876 aliiSque
3118 823 3227 863 non
3257 811 3468 880 paucis,
3496 812 3653 882 queis

2088 888 2265 958 palam
2314 896 2400 945 est
2447 890 2756 947 Matthaeum
2808 894 2863 948 in
2917 894 3208 969 Evangelio
3255 917 3356 957 suo
3390 901 3652 962 Hebraice

2087 980 2420 1051 conscripto,
2456 982 2634 1038 sicubi
2666 985 2784 1039 loca
2826 1000 2893 1041 ex
2946 986 3127 1044 Veteri
3176 989 3526 1051 Testamento
3558 1011 3651 1053 oc-

2085 1073 2400 1139 currebant,
2430 1090 2493 1130 ea
2525 1074 2974 1146 Syro~Chaldaico
2996 1096 3245 1140 sermone
3273 1090 3646 1157 expressisse:

2086 1177 2155 1217 an
2182 1179 2314 1220 vero
2347 1168 2562 1237 propria
2598 1168 2687 1225 ille
2708 1169 3150 1242 interpretatione
3184 1176 3257 1231 sit
3294 1192 3448 1247 usus,
3481 1194 3552 1235 an
3583 1198 3649 1238 ex

2085 1256 2191 1310 alia
2234 1258 2387 1327 prius
2443 1258 2707 1319 adornata
2758 1266 3008 1322 versione
3056 1268 3174 1323 loca
3222 1270 3295 1326 sit
3343 1282 3644 1340 mutuatus,

2084 1347 2227 1404 haud
2280 1350 2414 1406 levis
2462 1355 2690 1424 qumstio
2740 1366 2847 1414 est.
2896 1356 3093 1415 Postea
3141 1368 3320 1415 autem
3378 1362 3646 1436 interpres

2082 1438 2323 1508 Graecus,
2346 1445 2472 1515 quis
2495 1446 2586 1502 ille
2613 1446 2778 1504 fuerit
2810 1450 3077 1507 incertum
3096 1468 3221 1510 esse
3252 1463 3438 1510 narrat
3465 1456 3648 1515 Hiero-

2082 1544 2298 1604 nymus,
2356 1536 2472 1592 haec
2525 1541 2748 1612 propria
2795 1544 3243 1615 interpretatione
3274 1544 3515 1615 donavit,
3545 1565 3647 1607 nec

2079 1622 2218 1679 LXX
2251 1626 2697 1699 interpretatione
2718 1642 2802 1689 est
2828 1650 2984 1691 usus.

410 1794 549 1850 siam
581 1794 697 1851 sive
718 1796 1039 1868 martyrium
1064 1795 1364 1854 Salvatoris
1386 1837 1401 1861 ,
1427 1796 1570 1867 quod
1606 1798 1722 1868 ipse
1765 1801 1976 1870 magni-
2005 1808 2048 1863 Β
2079 1777 2142 1827 Π·
2173 1778 2387 1830 ³⁰³¹¹¹¹θ⁸
2424 1781 3232 1870 Ηθδξίξρηεειειθριέιῇρξειῇξει.
3259 1792 3441 1846 Paulus
3479 1800 3642 1846 autem

405 1883 822 1941 ﬁcentissimum
853 1893 1217 1953 exstruxerat,
1274 1888 1500 1944 infinitis
1547 1889 1790 1947 donariis
1824 1892 1975 1948 locu-

404 1974 665 2046 pletasse,
706 1976 904 2045 partim
930 1992 996 2031 ex
1055 1992 1191 2033 auro
1249 1987 1304 2034 et
1355 1989 1601 2049 argento,
1652 1981 1847 2051 partim
1906 1997 1971 2040 ex

405 2066 634 2137 gemmis
668 2076 721 2124 ct
753 2068 875 2124 aliis
923 2069 1180 2139 pretiosis
1234 2071 1489 2126 cimeliis.
1544 2071 1647 2138 Qui
1679 2072 1974 2144 imperator

402 2158 529 2214 aliis
556 2157 792 2215 fortasse
819 2161 1071 2231 exemplo
1112 2176 1178 2216 ac
1213 2161 1435 2216 stimulo
1469 2159 1651 2227 fuerit,
1689 2174 1747 2218 ut
1775 2164 1973 2220 similia

401 2249 546 2304 dona
590 2250 841 2305 certatim
888 2251 944 2305 in
1003 2251 1251 2306 ecclesiis
1291 2260 1697 2311 consecrarent.
1732 2252 1971 2325 Idipsum

400 2340 593 2410 paucis
622 2341 819 2410 repetit
847 2341 915 2394 ad
952 2342 1221 2412 psalmum
1259 2356 1426 2408 cxvn,
1471 2343 1729 2414 additque
1777 2344 1971 2401 diebus

396 2432 701 2502 praesertim
734 2432 1138 2489 solemnitatum
1185 2434 1475 2490 ecclesiam
1517 2434 1678 2491 donis
1700 2451 1970 2493 exornan-

398 2524 525 2578 dam
544 2539 687 2580 esse.
724 2523 825 2580 Ubi
854 2526 922 2580 ad
953 2527 1065 2581 hinc
1089 2525 1401 2599 Symmachi
1429 2527 1629 2594 verba,
1668 2527 1969 2602 Συνδήσατε

397 2618 457 2670 ὲν
506 2616 811 2693 πανηγύρει
867 2617 1219 2690 πυκάσματα,
1269 2617 1376 2681 ἓως
1421 2618 1532 2672 τῶν
1576 2621 1821 2688 κεράτων
1874 2620 1968 2675 τοῦ

398 2710 804 2783 θυσιαστηρίου,
830 2709 884 2764 id
911 2719 1014 2775 est,
1051 2708 1313 2781 Colligate
1332 2713 1387 2765 in
1416 2711 1717 2767 celebritate
1743 2711 1971 2768 densita-

399 2811 472 2856 tes
501 2818 667 2872 usque
688 2801 757 2856 ad
782 2819 981 2856 cornua
1011 2804 1245 2868 altaris;
1291 2804 1407 2859 haec
1433 2804 1594 2860 habet
1623 2826 1633 2859 :
1666 2803 1765 2859 His
1793 2813 1969 2859 autem

395 2894 656 2963 prtecipit,
687 2893 868 2950 multis
897 2893 1119 2949 cimeliis
1170 2894 1385 2949 domum
1436 2895 1535 2950 Dei
1563 2896 1781 2967 replere,
1815 2905 1975 2968 atque

394 2986 633 3043 donariis
664 2987 1019 3058 frequentibus
1048 2988 1215 3058 3,:sam
1233 2988 1549 3059 temporibus
1573 2989 1968 3049 solemnitatum

487 3094 587 3133 ona
593 3093 669 3132 re.

991 3233 1222 3290 CAPUT
1270 3234 1363 3288 IX.

537 3360 902 3400 IISCELLANEA
951 3362 1181 3410 ΩΠΕΒΛΙ
1235 3363 1576 3408 οΒεΕιινΛΝυΑ
1630 3366 1684 3404 1N
1734 3367 1820 3406 IIIS

966 3431 1388 3478 COIMENTARILS.

394 3563 448 3623 1.
483 3564 699 3642 Eusebii
729 3568 793 3642 de
818 3568 1067 3625 Matt/uri
1084 3569 1365 3642 Evangelia
1388 3575 1665 3642 sententia.
1692 3573 1776 3629 11.
1794 3574 1964 3631 Ισοαης

463 3653 552 3709 n_es
592 3636 855 3709 Ilebraico
893 3641 1185 3709 exemplari
1216 3636 1345 3695 usus
1387 3655 1487 3707 est,
1542 3641 1748 3698 Paulus
1788 3655 1961 3701 autem

468 3706 649 3761 erco
701 3707 856 3762 LXX
887 3706 1258 3779 Interpretum.
1324 3710 1442 3769 III.
1493 3712 1734 3776 Apostoli
1783 3732 1960 3772 omnes

461 3778 721 3856 martyrio
756 3783 1015 3856 coronati,
1031 3778 1107 3856 ca:
1140 3799 1245 3856 qua
1279 3783 1421 3856 tribu;
1442 3783 1636 3854 singuli
1658 3785 1960 3856 fuerintde-

462 3849 714 3922 prehendi
742 3861 934 3922 potest.
986 3851 1090 3907 1V.
1138 3849 1223 3906 An
1270 3849 1668 3922 propheta'rum'
1697 3859 1957 3910 successio

1261 3926 1533 3979 ervenerit.
1583 3924 1643 3978 ι’.
1699 3925 1956 3981 Eusebius

1255 3996 1529 4063 ymmacho
1556 3999 1836 4050 memorari
1867 4014 1957 4065 pu-

464 3918 540 3991 atl
579 3918 840 3991 Joannem
883 3920 1183 3991 Baptistam

463 3981 664 4043 labitur
685 3987 811 4043 dum
840 3981 1120 4047 monachos
1152 4012 1185 4046 a

463 4067 565 4135 tat.
610 4058 707 4113 VI.
741 4059 988 4135 Monachi
1031 4058 1507 4135 perrari'tempore
1544 4065 1775 4121 Eusebii.
1823 4058 1953 4121 νη.

448 4124 765 4204 {Martyrum
795 4124 1064 4204 cruciatus
1105 4124 1420 4204 singulares.
1471 4135 1632 4190 VII].
1664 4136 1842 4192 Judrci
1862 4137 1956 4192 Je-

460 4201 847 4271 rosolymorum
876 4201 1025 4255 aditu
1057 4201 1349 4260 interclusi.
1387 4206 1582 4271 Quare.
1623 4206 1729 4262 IX.
1757 4208 1953 4262 Tradi-

463 4271 902 4348 tionesqu‘wdant
929 4271 1260 4348 thdteor'urrt.
1289 4274 1359 4330 X.
1393 4274 1819 4348 Christianorum
1855 4280 1954 4348 fre-

461 4342 675 4409 quentia
718 4343 773 4395 in
834 4342 1150 4409 Moabitide,
1200 4344 1556 4401 Ammonitide
1588 4356 1638 4401 et
1685 4342 1947 4407 Idumam.

519 4410 570 4465 I.
605 4410 860 4466 Eusebius
897 4415 972 4466 ait
1013 4414 1264 4468 mundum
1296 4416 1557 4484 sphazrica
1591 4418 1765 4484 forma
1809 4436 1951 4485 esse;

457 4490 661 4537 montes
683 4491 733 4541 et
755 4494 932 4552 petras
966 4486 1155 4539 sensim
1185 4502 1432 4542 crescere.

586 4616 627 4666 Ι.
651 4617 848 4667 Eusebii
869 4619 932 4668 de
956 4616 1170 4669 Matthazi
1195 4620 1464 4684 Evangelio
1486 4582 1754 4673 sententia.

453 4765 543 4820 Ait
562 4763 833 4823 Eusebius
857 4766 1191 4834 Matthzeum,
1225 4767 1483 4828 Hebraeus
1508 4786 1632 4826 cum
1663 4781 1826 4840 esset,
1860 4773 1957 4828 ubi

386 4854 598 4912 Veteris
623 4855 956 4914 Testamenti
977 4861 1158 4916 locum
1182 4863 1379 4927 attulit,
1409 4863 1626 4933 pr0pria
1646 4879 1802 4918 usum
1832 4880 1955 4920 esse

385 4948 877 5018 interpretatione:
925 4968 1051 5007 nam
1087 4954 1242 5021 illud,
1283 4964 1539 5043 imp-un
1576 4963 1741 5017 ni‘t’i'l
1778 4965 1955 5020 manu

381 5039 532 5108 quod
552 5040 626 5093 ita
648 5057 678 5094 a
707 5040 1061 5116 Septuaginta
1080 5039 1472 5118 lnterpretibus
1493 5047 1760 5113 redditur,
1785 5048 1954 5117 Φοέγε-

385 5127 551 5198 ξομαι
582 5131 939 5205 προδλήματα.
953 5137 1258 5208 ἀπ’ἀρχῆς,
1273 5136 1484 5208 Loquar
1524 5138 1851 5208 problemata
1884 5140 1948 5193 ab

384 5219 538 5273 initio
560 5220 737 5290 (Psal.
774 5240 978 5291 Lxxvn,
1006 5228 1085 5296 2),
1123 5231 1175 5283 in
1200 5229 1387 5285 Graeco
1412 5228 1647 5284 Μαιηιωί
1693 5238 1839 5285 textu
1869 5232 1951 5288 his

383 5313 567 5367 verbis
581 5316 830 5380 vertitur,
849 5317 1165 5392 Ἐρεύξομαι
1176 5320 1529 5393 κεκρυμμένα
1538 5321 1645 5376 ἀπὸ
1653 5322 1955 5393 καταϐολῆς,

373 5400 613 5475 ⁸κόσμου,
650 5405 919 5464 Eructabo
946 5412 1255 5472 abscondita
1293 5431 1324 5468 a
1356 5415 1731 5470 constitutione
1748 5415 1950 5469 mundi.

384 5498 455 5551 At
483 5514 608 5552 cum
648 5498 956 5568 Matthaeus,
989 5504 1212 5569 lrenaeo,
1255 5506 1518 5578 Origene,
1552 5506 1788 5565 Eusebio
1832 5507 1950 5577 ipso

376 5598 438 5668 .et
483 5589 816 5666 Hieronymo
843 5599 1098 5663 testibus,
1134 5599 1487 5670 Evangelium
1518 5599 1784 5656 Iiebraice
1812 5601 1948 5656 scri-

385 5688 575 5753 pserit,
638 5689 798 5759 cujus
849 5693 1127 5760 exemplar
1157 5706 1271 5746 aevo
1304 5691 1615 5765 Hieronymi
1665 5694 1719 5747 in
1751 5693 1950 5751 biblio-

382 5776 536 5835 theca
579 5779 944 5848 Caesariensi,
994 5798 1021 5833 υ
1080 5781 1375 5860 Pamphilo
1407 5783 1643 5863 martyre
1693 5786 1944 5866 collecta,

2523 1845 2690 1896 erco
2710 1845 3202 1913 LXX'lnterpretum.

2141 1959 2406 2021 Joannem
2435 1966 2703 2039 similiter,
2743 1979 2930 2044 utpote
2980 1968 3264 2032 Hebraeum
3319 1987 3372 2036 et
3417 1996 3485 2036 ex
3534 1978 3643 2037 He-

2070 2053 2233 2111 braeis
2257 2065 2460 2124 ortum,
2505 2061 2581 2115 ait
2606 2062 2873 2122 Eusebius
2902 2066 2970 2123 ad
2999 2071 3270 2140 psalmum
3305 2087 3395 2139 χι,
3422 2074 3643 2144 propria

2071 2145 2521 2218 interpretatione
2552 2169 2712 2210 usum
2741 2171 2866 2212 esse
2887 2159 2979 2214 ubi
3011 2161 3271 2234 πτέρναν,
3304 2164 3441 2231 sive,
3472 2165 3664 2223 calca-.

2070 2253 2223 2293 neum
2245 2240 2432 2307 vertit,
2468 2259 2578 2314 quo
2608 2244 2729 2301 loco
2752 2246 2892 2302 LXX
2923 2255 3274 2326 πτερνισμόν,
3306 2254 3361 2309 id
3387 2263 3492 2321 est,
3515 2271 3642 2325 sup-

2067 2327 2485 2400 plantationem,
2542 2347 2857 2406 posuerant.
2910 2339 3115 2399 Contra
3174 2360 3305 2401 vero
3358 2350 3638 2417 apostolus

2069 2418 2296 2487 Paulus,
2318 2424 2399 2480 sic
2426 2423 2712 2496 Eusebius,
2734 2445 2819 2500 ps.
2838 2433 2983 2499 111,7,
3005 2434 3328 2506 legisperitus
3346 2454 3464 2492 cum
3482 2449 3635 2506 esset,

2068 2510 2126 2566 in
2157 2510 2401 2584 Epistola
2446 2516 2514 2572 ad
2560 2516 2816 2578 Hebraeos
2863 2520 3218 2597 Septuaginta
3276 2525 3633 2598 lnterpretum

2070 2602 2319 2659 versione
2337 2611 2419 2659 est
2450 2620 2604 2663 usus.
2641 2607 2767 2665 Haec
2795 2626 2925 2667 vero
2954 2614 3203 2685 pluribus
3232 2615 3286 2672 in
3315 2618 3638 2676 collectione

2070 2689 2464 2763 Hexaplnrum,
2503 2712 2534 2753 a
2556 2699 2717 2757 nobis
2745 2704 3061 2774 propediem
3083 2705 3422 2777 adornanda,
3448 2711 3635 2783 explo-

2067 2784 2238 2840 randa
2261 2787 2496 2844 venient.

2141 2909 2231 2962 III.
2251 2912 2673 2993 Apostoliomnes
2694 2923 2928 2993 martyrio
2946 2927 3180 2993 coronati.
3208 2926 3282 2976 Ex
3301 2939 3399 2993 qua
3418 2928 3553 2981 tribu

2388 2979 2571 3041 singuli
2590 2980 2777 3033 fuerint
2798 2979 3106 3047 deprehendi
3123 2993 3303 3049 potest.

2141 3125 2198 3180 in
2229 3127 2378 3181 illum
2401 3129 2592 3198 psalmi
2616 3147 2741 3186 uxr
2764 3148 3005 3201 versum,
3027 3135 3098 3190 Et
3123 3137 3429 3196 Izonorabile
3448 3159 3634 3200 nomen

2067 3233 2249 3272 eorum
2280 3235 2461 3273 coram
2491 3221 2626 3288 illo;
2661 3224 2777 3280 sive
2799 3227 3097 3282 secundum
3123 3227 3523 3300 Symmachum,
3564 3235 3634 3289 Et

2063 3311 2333 3376 pretiosus
2354 3313 2455 3366 erit
2490 3315 2711 3385 sanguis
2751 3333 2933 3371 eorum
2966 3335 3145 3374 coram
3178 3321 3294 3388 illo,
3326 3323 3441 3380 haec
3470 3327 3633 3383 habet

2063 3398 2336 3461 Eusebius
2388 3420 2403 3457 :
2463 3404 2623 3471 Queis
2689 3417 2862 3476 aperte
2916 3426 3088 3466 necem
3140 3412 3356 3469 illorum
3394 3417 3628 3487 (aposton

2064 3490 2262 3565 lorum)
2323 3494 2693 3561 subindicavit,
2760 3516 2863 3570 qua
2933 3503 3131 3574 singuli
3191 3507 3337 3562 vario
3385 3512 3633 3582 martyrii

2060 3598 2247 3652 genere
2281 3584 2460 3655 a/fecti
2495 3602 2641 3655 sunt,
2684 3606 2747 3643 ac
2788 3591 2927 3645 alius
2956 3594 3062 3648 alio
3087 3590 3263 3661 modo,
3295 3596 3358 3651 ob
3394 3602 3631 3657 testimo-

2061 3676 2211 3735 nium
2240 3675 2304 3730 de
2335 3677 2431 3733 illo
2471 3680 2680 3747 datum,
2727 3681 3002 3754 sanguinis
3045 3701 3264 3755 agonem
3310 3690 3492 3746 subiit.
3549 3692 3629 3755 ΕΣ

2060 3769 2426 3824 monumentis
2455 3781 2633 3826 autem
2651 3774 2836 3840 certis,
2857 3789 2976 3844 qua:
3001 3776 3113 3845 jam
3143 3790 3456 3849 supersunt,
3481 3784 3629 3840 haud

2062 3854 2221 3917 facile
2244 3866 2327 3913 est
2365 3859 2706 3931 singulorum
2730 3865 3098 3933 apostolorum
3131 3870 3454 3940 martyrium
3480 3882 3629 3929 come

2061 3950 2310 4018 probare.
2347 3949 2547 4006 Verum
2598 3952 2887 4019 Eusebius,
2924 3966 2982 4010 ut
3021 3963 3337 4029 apostolicis
3371 3968 3630 4035 tempori-

2058 4043 2162 4099 bus
2196 4044 2446 4109 vicinior,
2490 4046 2668 4116 potuit
2700 4046 2930 4104 forsitan
2960 4049 3029 4106 de
3076 4054 3345 4126 cujusque
3394 4061 3629 4129 apostoli

2057 4136 2318 4206 martyrio
2346 4138 2610 4194 certiores
2644 4147 2802 4195 notas
2829 4142 3094 4203 invenire.
3129 4144 3225 4203 Est
3247 4163 3375 4204 vero
3407 4149 3495 4204 illa
3510 4151 3625 4220 jam

2055 4241 2155 4281 usu
2190 4242 2325 4296 pene
2355 4238 2568 4301 recepta
2593 4230 2777 4298 Opinio
2803 4235 3081 4302 apostolos
3110 4252 3298 4295 omnes
3332 4257 3431 4311 pro
3464 4241 3626 4299 Chri—
3718 4259 3723 4264 ‘

2055 4325 2143 4372 sto
2168 4332 2362 4387 passos
2388 4336 2532 4385 esse,
2564 4322 2667 4377 etsi
2695 4338 2804 4377 non
2836 4324 3018 4381 desint
3045 4329 3136 4397 qui
3169 4345 3329 4388 secus
3353 4335 3625 4391 arbitren-

2054 4420 2164 4465 tur.
2192 4409 2392 4466 Verum
2423 4429 2486 4468 ea
2526 4414 2579 4468 in
2612 4431 2668 4470 re
2716 4432 2974 4488 perquam
3004 4419 3219 4478 dillicile
3249 4433 3332 4479 est
3357 4428 3623 4498 explorati

1988 4519 2031 4574 [ι
2056 4502 2332 4575 quidpiam
2358 4507 2551 4561 afferre
2585 4527 2597 4562 :
2632 4523 2756 4562 nam
2787 4511 3084 4580 apostolica
3114 4524 3353 4587 tempora
3390 4527 3439 4575 et
3472 4529 3623 4592 gesta

2064 4600 2232 4657 tantis
2260 4607 2387 4654 sunt
2417 4602 2663 4657 tenebris
2685 4602 2879 4668 offusa,
2914 4613 2973 4659 ut
2998 4622 3098 4660 nec
3122 4608 3211 4663 ubi
3232 4618 3457 4666 mortem
3481 4611 3628 4668 obie-

2060 4696 2168 4746 rint
2197 4694 2452 4762 apostoli,
2504 4695 2695 4764 paucis
2744 4698 3007 4768 exceptis,
3043 4715 3147 4754 nec-
3190 4716 3328 4771 quas
3354 4702 3504 4759 orbis
3537 4720 3625 4761 re-

2056 4782 2243 4850 giones
2264 4785 2623 4854 peragrarint,
2647 4785 2722 4840 ita
2742 4788 3030 4859 perspicue
3052 4794 3261 4847 narrari
3286 4796 3478 4864 possit.
3511 4795 3623 4852 Nec

2055 4875 2217 4929 modo
2247 4891 2367 4944 qua:
2385 4876 2498 4945 jam
2527 4878 2818 4933 traduntur
2837 4881 3042 4937 incerta
3071 4893 3197 4939 sunt
3216 4901 3236 4951 ς,
3257 4886 3351 4940 sed
3382 4887 3542 4942 etiam
3575 4889 3625 4947 si

2052 4981 2158 5035 qua
2171 4966 2237 5021 ab
2248 4966 2501 5031 Eusebio,
2517 4976 2570 5023 et
2591 4985 2621 5024 a
2648 4973 2844 5028 coaevis
2864 4981 2959 5028 aut
2980 4977 3306 5046 supparibus
3338 4978 3625 5048 scriptoriq

2055 5053 2157 5111 bus
2178 5058 2408 5127 carptim
2421 5056 2489 5113 de
2505 5059 2613 5115 illis
2630 5060 3001 5130 proferantur,
3021 5082 3126 5120 non
3153 5068 3226 5120 ita
3260 5068 3405 5123 clare
3428 5085 3622 5126 recen-

2053 5155 2259 5202 sentur.
2288 5146 2443 5213 Quod
2472 5157 2650 5204 autem
2683 5152 2758 5205 ait
2787 5150 3077 5218 Eusebius,
3102 5155 3157 5209 in
3174 5157 3315 5225 psal.
3339 5174 3508 5220 1.xv1r,
3540 5158 3617 5214 28‘

2053 5240 2118 5293 ad
2151 5240 2307 5300 finem
2332 5259 2344 5294 :
2369 5238 2556 5309 Siquis
2568 5258 2685 5296 vero
2704 5258 2795 5309 per
2817 5245 2979 5298 otium
2998 5254 3244 5301 accurate
3266 5250 3616 5318 perquisierit,

2052 5333 2302 5403 cujusque
2324 5333 2553 5400 apostoli
2601 5333 2792 5387 tribum
2829 5337 3046 5404 reperiet
3084 5352 3101 5390 :
3142 5354 3265 5391 nam
3294 5340 3629 5409 cuivis‘quth

2051 5423 2187 5476 renti
2208 5421 2369 5476 datur
2399 5440 2431 5476 a
2457 5423 2734 5479 Servatore
2763 5427 3058 5480 inveniendi
3092 5431 3408 5497 promissio;
3439 5432 3515 5496 id,
3536 5433 3620 5487 in.-

2051 5528 2237 5583 quam,
2267 5512 2487 5568 Eusebii
2516 5530 2631 5571 arvo
2667 5516 2900 5575 fortasse
2936 5527 3152 5589 poterat
3184 5536 3251 5577 ex
3297 5536 3619 5580 monumen-

2050 5605 2121 5660 tis
2150 5613 2392 5660 veterum
2439 5607 2731 5677 explorari.
2778 5607 2898 5663 Jam
2942 5626 3072 5666 vero
3102 5627 3224 5667 cum
3259 5600 3447 5668 eorum
3478 5614 3619 5671 bene

2049 5695 2218 5749 multa
2251 5692 2451 5751 fuerint
2478 5704 2748 5752 vetustate
2771 5698 3060 5753 obliterata
3088 5708 3144 5756 et
3166 5702 3464 5770 exstincta;
3501 5702 3617 5758 fru-

2052 5796 2185 5855 stra,
2234 5797 2292 5845 ut
2338 5791 2596 5857 arbitror,
2631 5799 2908 5864 quaeratur
2959 5809 3027 5849 cx
3079 5810 3185 5862 qua
3240 5795 3382 5853 tribu
3415 5796 3621 5871 singuli
