3948 6286
321 349 380 403 57
1109 355 1610 412 COMMENTARIA
1648 356 1713 411 ΙΝ
1746 358 2079 416 PSALMOS.
2119 393 2188 400 ——
2212 355 2766 420 PRASLIMINARIA.‘
3489 371 3560 429 ’58

324 468 549 536 apostoli
581 469 889 538 prodierint
925 492 936 526 :
969 474 1111 542 quod
1139 475 1302 528 etiam
1338 475 1382 530 si
1417 473 1750 546 deprehendi
1776 493 1896 548 pos-
1922 485 1966 539 Α
1998 480 2202 545 sebius,
2238 480 2453 535 Hilario
2486 491 2539 536 ct
2571 482 2809 537 fortasse
2856 483 2946 536 alii
2981 481 3190 553 perrari
3242 486 3293 539 in
3327 486 3558 543 desertis

325 569 422 622 set,
459 576 565 614 non
588 577 786 632 magno
817 580 994 634 operte
1017 565 1188 634 pretio
1224 567 1394 622 ﬁeret.

323 652 500 702 lV.An
543 655 902 715 prophetarum
951 658 1298 768 successionad
1338 660 1578 709 Joannem
1622 661 1888 723 Baptistam

959 732 1203 768 nervener
1249 756 1259 767 .

959 732 1259 780 pervenerit.

389 795 574 867 Neque
610 799 737 852 item
764 802 990 870 probatu
1021 800 1177 856 facile
1197 813 1280 857 est
1307 803 1455 873 quod
1487 804 1563 858 ait
1593 804 1884 868 Eusebius,

326 888 462 956 psal.
493 904 685 954 Lxxul,
720 893 772 957 8,
800 891 957 954 9,10,
978 893 1358 962 pr0phetarum
1377 894 1775 950 successionem
1797 910 1889 948 us-

325 993 427 1046 que
451 980 516 1032 ad
549 977 811 1036 Joannem
841 982 1131 1054 Baptistam
1156 987 1440 1042 devenisse
1469 1007 1482 1040 :
1511 1000 1634 1040 nam
1665 1002 1730 1040 ex
1764 987 1886 1040 libri

327 1067 755 1129 Machabaeorum
819 1082 873 1127 et
935 1071 1102 1128 Flavii
1125 1073 1344 1146 Josephi
1377 1075 1709 1139 testimonio,
1757 1073 1886 1130 Per-

326 1175 507 1213 sarum
542 1163 958 1231 temporedesiit
988 1165 1077 1218 illa
1110 1167 1490 1236 prophetarum
1516 1169 1714 1233 series;
1740 1173 1797 1220 ut
1821 1183 1887 1222 ne

325 1252 406 1305 vel
422 1268 590 1305 unum
608 1268 638 1306 a
654 1251 922 1309 Nehemiae
934 1258 1263 1327 temporibus
1277 1258 1590 1328 prophetam
1609 1259 1888 1328 assignare

323 1342 526 1397 valeas.
547 1341 725 1408 Quare
746 1346 956 1400 aestimo
973 1346 1192 1403 Eusebii
1211 1349 1415 1404 dictum
1433 1364 1540 1403 non
1558 1350 1624 1404 ad
1651 1351 1884 1404 litteram

325 1433 704 1502 accipiendum
725 1452 879 1503 esse;
907 1439 1000 1492 sed
1028 1439 1270 1494 iudicare
1295 1441 1472 1495 solum
1495 1441 1664 1511 legem
1686 1452 1738 1498 et
1759 1458 1887 1512 pro-

326 1523 514 1591 phetas
551 1523 606 1577 in
640 1522 902 1581 Joannem
932 1527 1229 1598 Baptistam
1253 1531 1526 1593 desinere,
1554 1533 1686 1602 quin
1725 1542 1883 1605 neget

327 1614 692 1670 intermissam
721 1619 1014 1689 aliquando
1040 1621 1208 1676 fuisse
1238 1623 1622 1693 pr0phetarum
1663 1641 1887 1681 succes-

326 1722 528 1760 smnem
539 1749 552 1761 .

327 1795 361 1845 ν
410 1797 653 1865 Eusebius
675 1798 860 1865 labitur
878 1803 991 1865 dum
1025 1803 1284 1865 monachos
1307 1819 1332 1853 a
1359 1804 1646 1865 Symmacho
1698 1819 1885 1854 memo-

382 1860 477 1906 rari
515 1867 675 1919 putat.
702 1888 763 1897 —
791 1862 871 1910 Vl.
896 1863 1114 1912 Honachi
1142 1868 1329 1926 perrari
1358 1860 1579 1928 tempore
1605 1867 1822 1916 Eusebii.

390 1940 468 1994 Ad
495 1941 646 1996 hunc
677 1960 893 2000 versum
921 1947 1116 2015 psalmi
1149 1963 1319 2012 vau,
1347 1951 1450 2015 Qui
1480 1949 1778 2003 inhabitare
1801 1949 1882 2018 fa-

329 2029 392 2082 cit
442 2032 599 2086 unius
656 2035 821 2089 moris
887 2036 941 2089 in
993 2036 1171 2100 domo,
1230 2026 1472 2092 veterum
1526 2039 1881 2107 interpretum

331 2124 604 2178 lectionem
673 2125 827 2179 all‘ert
875 2125 1160 2192 Eusebius,
1243 2128 1335 2182 ubi
1396 2128 1706 2200 Symmachi
1763 2143 1885 2183 vcr-

331 2214 408 2266 sio
458 2215 532 2267 sic
590 2215 754 2271 habet
783 2235 794 2271 :
827 2216 1050 2272 Δίδωσιν
1098 2221 1265 2272 οἰκεῖν
1297 2221 1546 2290 μοναχοῖς
1573 2219 1747 2272 οἰκίαν
1779 2238 1791 2249 ·
1830 2221 1883 2275 id

324 2312 438 2358 est:
469 2305 572 2357 Dat
615 2305 1018 2360 inhabitandam
1052 2309 1322 2363 monachis
1353 2309 1564 2362 domum
1594 2325 1613 2372 ;
1650 2325 1773 2362 nam
1811 2309 1883 2362 ita

321 2411 416 2452 nos
451 2399 716 2452 vertimus
749 2401 877 2469 quia
927 2399 1194 2456 Eusebius
1240 2401 1308 2454 de
1363 2401 1644 2456 monachis
1704 2401 1881 2455 locum

318 2487 552 2554 explicat
589 2506 602 2540 :
655 2489 779 2550 etsi,
811 2504 930 2544 mea
968 2491 1184 2560 quidem
1229 2491 1519 2556 sententia,
1549 2507 1656 2544 non
1690 2505 1881 2544 mona-

317 2578 539 2631 chorum
575 2578 891 2633 institutum
925 2581 1012 2634 hic
1043 2580 1399 2652 Symmachus
1439 2581 1732 2650 respiciat,
1785 2581 1881 2636 sed

318 2668 594 2722 solitarios
625 2671 922 2738 generatim
951 2673 1242 2740 quoslibet.
1267 2672 1481 2726 Atenim
1505 2689 1614 2742 quo
1636 2680 1878 2741 tempore

319 2758 684 2830 Symmachus
712 2762 1017 2816 versionem
1048 2779 1201 2817 suam
1263 2765 1628 2828 concinnavit,
1672 2766 1880 2819 scilicet

316 2849 579 2919 Septimio
600 2850 889 2915 Severo,ut
905 2853 1081 2908 verior
1097 2853 1200 2908 fert
1214 2854 1419 2924 opinio,
1439 2855 1757 2924 imperante,
1775 2869 1886 2908 mo-

313 2944 616 2997 nachorum
644 2960 712 2998 ne
728 2959 926 3000 nomen
945 2947 1161 3016 quidem
1181 2953 1365 3000 notum
1388 2955 1524 3012 erat,
1544 2962 1719 3016 neque
1740 2947 1883 3004 ullus

313 3035 514 3088 tuncin
541 3037 676 3090 orbe
709 3037 1032 3097 monachus.
1056 3038 1160 3094 nisi
1182 3039 1413 3094 fortasse
1438 3039 1492 3092 in
1524 3037 1883 3107 penitioribus

1996 576 2050 624 et
2081 569 2320 624 latibulis
2352 573 2604 640 agebant.
2639 571 2752 626 Sub
2786 574 2899 628 haec
2925 582 3104 628 autem
3138 575 3342 632 Hilario
3372 579 3426 632 in
3461 579 3562 632 Pa-

1997 661 2206 715 laastina
2240 669 2292 717 et
2330 662 2485 734 Syria
2529 666 2724 719 mirum
2778 666 2833 720 in
2890 665 3110 720 modum
3167 671 3560 725 monachorum

1997 753 2304 809 institutqu
2337 757 2510 822 auxit,
2566 765 2620 812 et
2669 767 2800 812 tunc
2846 761 3182 816 monasteria
3226 762 3364 818 bene
3394 766 3560 819 multa

1995 846 2210 901 condita
2243 853 2390 901 sunt.

2269 962 2374 1012 ΠΙ.
2403 963 2670 1025 Martyrum
2708 967 2954 1015 cruciatus
2988 966 3284 1032 singulares.

2063 1063 2358 1135 Martyrum
2371 1068 2454 1121 sui
2469 1069 2728 1138 temporis
2743 1071 3102 1134 cruciatus,in
3116 1071 3228 1126 haec
3241 1071 3399 1124 verba
3417 1072 3532 1140 psal
3545 1100 3563 1114 -

1992 1154 2065 1208 mi
2087 1155 2258 1222 (Psal.
2275 1171 2396 1219 uv,
2413 1156 2792 1224 i0):Quoniam
2807 1159 3043 1227 probasti
3052 1157 3557 1229 nos,Deus,ignenos

1990 1248 2307 1301 examinasti
2355 1249 2490 1302 sicut
2537 1251 2873 1303 examinatur
2917 1261 3208 1321 argentum.
3243 1266 3350 1307 non
3383 1252 3558 1307 obiter

1991 1337 2250 1412 describit
2269 1338 2555 1396 Eusebius.
2574 1340 2651 1395 Ac
2680 1342 2804 1396 licet
2826 1343 2880 1396 in
2897 1342 3139 1397 Historia
3182 1345 3556 1406 ecclesiastica,

1991 1427 2056 1481 de
2081 1427 2354 1482 Maximini
2386 1431 2699 1486 carnificina
2730 1448 2915 1502 agens,
2946 1435 3238 1489 multarunt
3262 1443 3557 1506 martyrum

1989 1533 2190 1588 agones
2223 1519 2588 1589 descripserit,
2630 1523 2718 1576 hic
2750 1531 2928 1579 tamen
2961 1526 3220 1578 nonnulla
3251 1526 3416 1596 tangit
3447 1527 3552 1581 sin-

1989 1611 2216 1681 gularia,
2250 1627 2351 1668 nec
2384 1612 2522 1668 forte
2579 1614 2708 1668 alibi
2759 1615 3065 1678 enuntiata,
3125 1633 3176 1671 ν.
3216 1616 3393 1686 g.:Et
3441 1634 3560 1672 vero

1987 1701 2292 1770 plerumque
2322 1703 2398 1755 rel
2443 1703 2674 1771 pupillas
2728 1705 2999 1764 oculorum
3048 1706 3407 1770 verberabant,
3432 1707 3558 1761 dum

1989 1790 2162 1858 capita
2188 1789 2506 1843 athletarum
2545 1791 2642 1844 Dei
2693 1793 2860 1862 plagis
2898 1794 3174 1850 ca'derent.
3205 1796 3558 1850 Atrocitatem

1986 1895 2115 1934 vero
2167 1880 2554 1950 suppliciorum
2613 1883 2836 1952 subjicit
2896 1885 2982 1939 his
3040 1887 3271 1942 verbis:
3330 1887 3558 1941 Ferrum

1985 1972 2190 2041 quippe,
2218 1982 2267 2024 et
2302 1972 2442 2041 [erro
2488 1973 2643 2026 illata
2666 1976 2927 2043 supplicia
2947 2016 2963 2041 ,
3009 1977 3218 2048 aliaque
3247 1981 3432 2033 mortis
3470 1996 3558 2049 ge-

1985 2081 2260 2134 nera,quce
2289 2067 2522 2119 maxima
2549 2083 2673 2134 pars
2708 2079 2944 2123 nostrum
2967 2071 3237 2135 sustinuit,
3270 2087 3364 2140 pro
3392 2073 3557 2128 nihilo

1984 2165 2356 2224 computantur
2391 2172 2455 2209 ea:
2493 2156 2810 2212 deteriorum
2851 2163 3264 2228 comparatione.
3322 2163 3557 2229 Quamo-
3589 2231 3594 2234 ἰ

1985 2245 2126 2300 brem
2157 2247 2265 2300 lucc
2289 2249 2497 2317 quidem
2541 2257 2793 2303 tacemus.
2843 2252 2983 2316 Quia
3012 2269 3128 2306 vero
3158 2255 3292 2307 inter
3325 2256 3552 2320 atrocia,

1985 2339 2120 2392 nihil
2183 2340 2450 2394 crudelius
2513 2359 2632 2396 nece
2685 2359 2774 2410 per
2821 2345 2991 2412 ignem
3047 2355 3097 2398 et
3153 2361 3347 2414 aquam
3399 2347 3556 2400 illata

1982 2432 2338 2498 existimatur,
2377 2433 2486 2487 ha'c
2544 2452 2637 2488 nos
2685 2451 2954 2503 perpessos
3000 2435 3246 2492 dicimus.
3274 2436 3417 2491 Nam
3457 2438 3554 2492 alii

1983 2531 2221 2574 nostrum
2253 2524 2306 2578 in
2342 2527 2478 2578 mari
2507 2535 2554 2578 et
2587 2526 2638 2580 in
2667 2526 2976 2594 ﬂuminibus
3010 2526 3233 2582 demersi
3280 2540 3424 2593 sunt,
3459 2531 3554 2583 alii

1983 2609 2116 2680 ignis
2141 2615 2450 2681 supplicium
2472 2617 2702 2671 luerunt.
2725 2618 2788 2670 Et
2805 2631 2996 2673 caetera
3019 2637 3137 2690 qua:
3165 2621 3342 2677 fusius
3369 2623 3443 2677 ibi
3468 2624 3557 2678 ille

1983 2702 2351 2770 prosequitur.

2065 2811 2192 2861 Vlll.
2215 2813 2372 2862 Judaei
2391 2814 2810 2877 Jerosolymorum
2834 2819 2968 2867 aditu
2990 2818 3266 2880 interclusi,
3284 2833 3459 2882 quare.

2053 2939 2203 2995 Trita
2228 2958 2315 2997 res
2348 2952 2401 2997 et
2422 2944 2553 2997 nulli
2588 2960 2698 2998 non
2731 2953 2856 2999 nota
2885 2953 2990 3009 est,
3020 2944 3223 3000 Judaais
3261 2957 3550 3017 postquam

1982 3032 2363 3089 Barchochcba
2412 3036 2549 3090 duce
2577 3076 2591 3100 ,
2634 3037 2900 3090 seditione
2941 3038 3116 3102 facta,
3173 3038 3276 3093 sub
3313 3039 3551 3097 Adriano

318 3125 533 3197 Egypti
569 3127 901 3191 recessibus,
933 3127 1104 3184 fuisse
1147 3137 1386 3199 putatur.
1443 3130 1623 3195 Quare
1658 3129 1745 3182 hic
1778 3144 1880 3183 vox
1909 3168 1950 3224 α
1984 3128 2225 3197 principe
2272 3129 2438 3183 armis
2473 3130 2684 3185 subacti
2718 3145 2780 3184 ac
2811 3146 2946 3200 pene
2975 3132 3347 3188 internecione
3391 3134 3550 3190 deleti

319 3216 544 3286 μοναχὸς
577 3231 680 3286 pro
716 3217 960 3272 solitario
1011 3220 1252 3289 quolibet
1295 3220 1349 3274 in
1399 3234 1619 3276 secessu
1662 3218 1880 3290 degenti

317 3308 673 3377 accipienda;
711 3324 820 3362 non
857 3324 955 3378 pro
987 3312 1290 3375 monachis,
1344 3327 1574 3382 quorum
1623 3327 1651 3365 a
1684 3321 1882 3384 quarto

318 3401 514 3454 saeculo
569 3399 882 3455 institutum
922 3402 1124 3457 ﬂoruit.
1177 3402 1312 3456 Nam
1363 3404 1490 3474 quia
1539 3404 1690 3459 solus
1737 3405 1882 3459 vivat

317 3500 521 3559 Oportet
552 3493 648 3560 qui
678 3493 807 3546 velit
835 3493 1027 3548 abesse
1047 3509 1076 3546 a
1107 3494 1371 3547 malorum
1397 3494 1696 3556 consortio,
1729 3501 1882 3563 quot-

319 3588 442 3650 quot
475 3581 819 3636 declinanda:
854 3582 1171 3652 frequentiae
1225 3597 1391 3637 causa
1441 3583 1496 3636 in
1532 3598 1755 3638 secessu
1785 3583 1881 3638 de-

320 3673 532 3740 gebant,
568 3674 791 3742 μοναχοί
823 3671 1008 3728 Graece
1035 3674 1436 3730 vocitabantur.
1473 3673 1739 3731 Attamen.
1761 3689 1882 3744 quae

319 3763 700 3819 demonachis
730 3765 818 3819 hic
869 3765 1033 3820 habet
1087 3765 1355 3821 Eusebius
1408 3782 1516 3820 non
1561 3767 1882 3835 praetermit-

317 3855 473 3908 tenda
509 3874 522 3908 :
558 3853 775 3908 Primus
809 3857 1002 3924 itaque,
1037 3855 1132 3920 ait,
1167 3854 1296 3910 ordo
1323 3871 1504 3910 eorum
1532 3855 1620 3925 qui
1651 3857 1703 3907 in
1726 3854 1881 3910 Chri-

319 3958 393 4000 sto
427 3947 736 4016 proﬁciunt,
779 3956 856 4000 est
891 3947 1286 4002 monachorum.
1325 3946 1427 4001 Sed
1462 3946 1575 3998 rari
1621 3957 1742 3998 sunt
1773 3945 1877 4009 illi,

316 4056 473 4109 quare
501 4037 792 4092 secundum
821 4039 1092 4108 Aquilam,
1125 4036 1387 4107 Unigeniti
1423 4037 1519 4090 Dei
1543 4036 1712 4092 vocati
1735 4045 1877 4100 sunt,

318 4133 508 4186 similes
545 4132 674 4198 {acti
704 4133 972 4202 unigenito
1011 4129 1153 4184 Filio
1183 4131 1282 4185 Dei
1308 4149 1324 4184 :
1349 4131 1633 4185 secundum
1659 4129 1878 4199 Septua-

315 4226 456 4295 ginta
491 4223 810 4292 Interpretes
847 4232 1041 4284 autem,
1077 4223 1256 4286 unius,
1313 4238 1418 4275 non
1473 4221 1663 4276 diversi
1719 4221 1879 4274 moris

318 4324 453 4378 sunt,
493 4331 657 4383 neque
685 4313 906 4367 subinde
936 4329 1130 4366 morem
1183 4313 1429 4375 variant;
1459 4314 1548 4366 sed
1596 4328 1756 4367 unum
1787 4329 1879 4366 c0-

319 4408 443 4472 lunt,
476 4408 568 4477 qui
597 4407 666 4459 ad
693 4408 904 4460 virtutis
937 4423 1184 4461 cacumen
1238 4406 1464 4459 advenit.
1507 4404 1660 4475 Ipsos
1701 4416 1878 4461 autent

1983 3225 2130 3282 sunt,
2160 3217 2620 3290 Jerosolymorum
2673 3221 2876 3274 aditum
2938 3215 3292 3277 interclusum
3341 3223 3550 3292 fuisse;

1981 3324 2300 3364 concessum
2355 3318 2534 3365 tamen
2591 3318 2649 3366 ut
2693 3314 2989 3382 quotannis
3027 3314 3091 3368 ad
3131 3324 3312 3372 certos
3352 3317 3550 3374 Ιίιιιίιεε

1983 3401 2198 3471 lugendi
2263 3417 2429 3457 causa
2487 3403 2730 3471 proxime
2792 3406 2983 3459 urbem
3049 3408 3393 3464 accederent.
3448 3407 3542 3465 Ve-

1980 3507 2103 3547 rum
2165 3493 2432 3549 Eusebius
2501 3495 2567 3548 ad
2635 3512 2793 3550 suum
2865 3513 3038 3565 usque
3116 3507 3326 3568 tempus
3404 3501 3550 3556 hunc

1982 3599 2186 3639 morem
2250 3586 2430 3656 vigere
2487 3587 2742 3655 graphice
2800 3598 2987 3642 narrat
3042 3590 3128 3645 his
3186 3593 3419 3646 verbis:
3463 3591 3550 3644 Ir-

1982 3684 2186 3729 ruentes
2216 3674 2459 3740 Romani,
2506 3677 2660 3730 dictis
2707 3679 3015 3746 propheticis
3049 3681 3203 3748 ﬁnem
3225 3681 3547 3734 intulerunt:

1981 3761 2234 3830 siquidem
2275 3763 2527 3816 victorum
2593 3765 2720 3833 lege,
2789 3768 3040 3820 univcrsta
3096 3766 3341 3821 Iudaicae
3406 3781 3548 3838 genta

1981 3851 2130 3903 aditu
2182 3851 2414 3917 locorum
2461 3853 2795 3905 interdictum
2827 3864 2904 3906 est
2939 3869 2956 3906 :
2997 3854 3311 3908 inevitabilis
3365 3857 3550 3925 quippe

1984 3943 2106 4011 legis
2135 3943 2609 4012 transgressoribus
2639 3944 2894 4010 impendet
2928 3944 3078 3997 ultio.
3106 3945 3457 4010 Quamobrem
3480 3947 3546 3998 ad

1981 4034 2116 4087 hanc
2143 4051 2298 4105 usque
2329 4034 2484 4098 diem,
2511 4034 2578 4086 ad
2609 4046 2773 4088 certos
2807 4037 3050 4089 terminos
3090 4037 3143 4089 in
3195 4037 3419 4090 circuitu
3459 4053 3550 4090 ac-

1981 4123 2236 4186 cedentes,
2263 4126 2445 4192 procul
2466 4126 2758 4178 consistunt
2786 4139 2803 4177 :
2834 4143 2994 4196 neque
3028 4127 3198 4179 solum
3226 4126 3381 4189 illud,
3411 4127 3547 4196 quod

1981 4233 2192 4271 sacrum
2235 4219 2361 4270 olim
2387 4217 2752 4286 reputabatur.
2777 4221 2853 4270 vel
2883 4219 3068 4286 procul
3099 4221 3391 4287 conspicere
3419 4221 3547 4288 ipsis

1981 4309 2309 4371 conceditur;
2342 4309 2429 4362 sed
2452 4308 2596 4375 foras
2613 4309 3010 4375 circumeuntes,
3037 4309 3346 4377 Scripturw,
3365 4310 3429 4364 de
3444 4329 3548 4381 qua

1973 4397 2090 4466 jam
2123 4399 2318 4467 agitur,
2349 4397 2503 4466 ﬁdem
2537 4399 2837 4461 conciliant,
2870 4399 3102 4453 dicenti:
3131 4419 3147 4450 ι
3175 4398 3551 4455 Convertentur

318 4504 468 4554 unius
500 4517 668 4566 zonw,
690 4499 1065 4565 Quintaeditia
1095 4499 1316 4563 vocavit,
1337 4510 1389 4550 ut
1429 4509 1546 4568 pote
1568 4500 1656 4568 qui
1691 4499 1878 4552 solita-

1987 4487 2047 4541 ad
2074 4503 2355 4555 vesperam,
2379 4497 2428 4539 et
2459 4486 2651 4553 {amem
2681 4487 2948 4554 patientur
2985 4496 3041 4538 ut
3073 4503 3249 4554 canes,
3273 4498 3321 4540 et
3364 4488 3549 4539 circui-

318 4594 379 4644 rii
399 4603 444 4645 et
464 4592 878 4661 pra’cinctisinl.
897 4591 961 4644 Et
979 4593 1032 4645 iu
1051 4591 1188 4661 psal.
1206 4606 1436 4655 Lixum,
1458 4592 1492 4644 4
1528 4611 1540 4645 :
1565 4590 1610 4643 Ε
1627 4608 1680 4644 re
1703 4601 1877 4646 autem

315 4683 528 4747 dixeris,
563 4684 830 4752 expeditos
863 4683 981 4737 illos
1001 4683 1215 4747 milites,
1241 4684 1331 4753 qui
1350 4685 1694 4737 monasticam
1719 4685 1876 4739 vitam

315 4782 540 4850 amplexi
563 4789 708 4844 sunt,
743 4796 837 4849 pro
858 4779 1158 4847 passeribus
1187 4778 1457 4834 habendos
1491 4796 1636 4844 esse;
1675 4797 1761 4834 eos
1789 4797 1878 4834 au-

315 4881 409 4924 tem
439 4873 529 4942 qui
562 4873 738 4924 liberis
761 4870 891 4924 dant
924 4886 1156 4940 operam,
1182 4887 1243 4924 ac
1261 4871 1475 4941 reliquis
1507 4872 1629 4926 vitta
1655 4871 1874 4941 negotiis

309 4974 356 5017 et
387 4964 527 5016 curis
577 4979 633 5016 se
676 4961 892 5025 dedunt,
925 4963 1146 5016 turturis
1189 4964 1348 5016 vicem
1379 4978 1552 5034 agere.
1593 4962 1712 5026 Quo
1739 4970 1877 5016 tem-

310 5071 437 5124 pore
486 5055 656 5124 igitur
699 5053 972 5108 Eusebius.
1021 5055 1137 5108 haec
1184 5055 1449 5108 scriberet
1507 5054 1763 5122 perpauci
1818 5054 1873 5108 in

309 5148 434 5202 orbe
461 5144 722 5200 monachi
750 5155 928 5209 erant,
958 5160 1021 5198 ac
1050 5145 1271 5200 nonnisi
1309 5146 1361 5198 in
1407 5144 1643 5215 ngypto
1681 5160 1874 5198 mona-

308 5237 499 5291 sticum
535 5227 712 5307 genus
750 5235 1218 5304 frequentabatur,
1250 5239 1568 5292 auctoribus
1607 5236 1868 5298 Antonio,

309 5331 417 5398 qui,
453 5345 599 5384 anno
634 5329 765 5394 271,
815 5328 1068 5381 ntonachi
1110 5336 1315 5382 statum
1372 5330 1675 5399 amplexus,
1715 5330 1874 5382 innu-

307 5437 479 5478 meros
510 5422 768 5491 exemplo
805 5436 908 5475 suo
957 5420 1175 5488 pellexit
1215 5421 1280 5472 ad
1315 5436 1498 5490 parem
1527 5427 1650 5475 vitae
1680 5421 1872 5476 condi-

307 5515 496 5571 tionem
529 5513 1003 5586 amplectendam;
1039 5511 1356 5578 Pachomio,
1382 5515 1474 5584 qui
1516 5514 1570 5567 in
1596 5514 1875 5570 Thebaide

299 5610 664 5665 monasticam
706 5621 880 5675 genus
924 5606 1120 5659 mirum
1167 5606 1223 5659 in
1272 5604 1491 5659 modum
1543 5605 1785 5669 adauxit,
1819 5611 1874 5659 et

294 5700 498 5757 Amunc
529 5689 832 5761 Nitrieusi,
860 5695 1219 5764 complurium
1253 5695 1711 5748 monasteriorum
1747 5693 1871 5764 fun-

287 5793 498 5852 datore.
539 5792 602 5847 In
639 5788 939 5848 Palaestina
979 5802 1129 5852 vero,
1181 5785 1272 5840 ubi
1304 5785 1463 5844 sedes
1498 5784 1729 5842 habebat
1762 5784 1869 5839 Eu-

1981 4579 2105 4632 bunt
2136 4579 2416 4631 ciuitatem.
2457 4597 2473 4627 ι
2509 4575 2680 4648 (Psal.
2713 4591 2866 4640 Lvm,
2944 4577 3033 4647 7.)
3072 4576 3310 4647 ldipsum
3350 4577 3548 4645 repetit

1977 4667 2185 4736 inpsal.
2205 4683 2348 4729 thx,
2384 4665 2474 4732 26,
2503 4666 2802 4736 adjicitque
2846 4667 3054 4720 nullum
3084 4664 3544 4736 Jerosolymisiu-

1975 4761 2213 4814 dmorum
2231 4760 2562 4815 domicilium
2583 4776 2883 4830 superesse,
2902 4761 2957 4813 in
2976 4775 3081 4828 quo
3107 4759 3276 4812 Graeci
3306 4758 3546 4812 habitare

1975 4846 2206 4914 possint,
2236 4861 2422 4900 verum
2447 4846 2628 4900 exeisa
2655 4848 2835 4900 omnia
2859 4862 2920 4901 ac
2955 4846 3197 4900 funditus
3216 4847 3390 4899 deleta
3422 4847 3545 4899 uni-

1976 4954 2240 5008 versaque
2267 4954 2492 5008 prorsus
2523 4938 2654 5008 ipsis
2679 4939 2889 4992 Sublata
2933 4938 3102 4991 fuisse
3127 4955 3141 5004 ;
3167 4937 3240 4989 ita
3269 4944 3327 4989 ut
3362 4951 3546 4992 sacer-

1975 5028 2184 5095 dotum,
2216 5028 2637 5085 Sadducaiorum
2684 5039 2737 5084 et
2792 5029 3189 5082 Pharis-morum
3235 5043 3305 5082 ne
3347 5043 3547 5085 nomen

1974 5122 2190 5192 quidem
2217 5130 2546 5207 superesset.

2250 5213 2330 5263 IX.
2354 5215 2662 5264 Traditiones
2700 5212 2920 5274 quadam
2957 5210 3257 5260 Iudaeorum.

2044 5319 2392 5374 Hebraeorum
2417 5316 2780 5381 traditionem
2813 5314 2888 5366 ait
2916 5329 3069 5380 esse,
3115 5329 3264 5368 mare
3296 5311 3544 5367 Rubrum

1973 5414 2029 5467 in
2057 5413 2331 5470 duodecim
2375 5413 2628 5466 sectiones
2660 5409 2884 5461 divisum
2929 5408 3094 5476 fuisse
3129 5407 3411 5461 secundum
3443 5423 3545 5460 nu-

1975 5527 2174 5565 merum
2197 5507 2469 5563 duodecim
2500 5504 2762 5567 tribuum,
2797 5503 2870 5555 ita
2903 5511 2962 5555 ut
2999 5501 3227 5569 singulae
3284 5500 3458 5553 tribus
3487 5500 3540 5552 in

1975 5596 2252 5666 assignato
2293 5595 2395 5650 sibi
2442 5599 2623 5645 meatu
2670 5591 3095 5660 pertransireut;
3145 5606 3265 5658 qum
3302 5589 3542 5642 narratio

1976 5704 2082 5742 non
2105 5689 2319 5741 ναις-ιω·
2348 5699 2471 5738 cum
2503 5683 2685 5738 divina
2711 5683 2993 5752 Scriptura
3016 5697 3340 5744 consonare,
3379 5689 3541 5749 atque

1978 5783 2097 5837 ideo
2138 5781 2278 5834 inter
2315 5778 2642 5834 Rabbinicas
2698 5778 2907 5835 fabulas
2965 5779 3098 5832 forte
3157 5776 3538 5846 computanda.
