3948 6286
471 291 542 347 59
1150 290 1421 347 EUSEBH
1461 292 1940 349 CAESARiENSlS
1976 292 2129 350 OPP.
2165 291 2346 347 PARS
2378 291 2466 348 Ill.
2506 324 2576 334 —
2607 291 3019 349 EXEGETICA.
3649 296 3717 351 60

472 406 618 463 Inter
644 405 993 462 Hebraeorum
1041 408 1363 464 traditiones
1398 410 1605 479 pariter
1652 410 2041 466 recensendum
2073 416 2116 469 A
2144 415 2292 475 runt,
2340 424 2573 479 quorum
2611 407 2693 464 vis
2724 415 2778 463 et
2827 409 3095 464 sententia
3134 409 3374 463 nondum
3408 409 3714 477 observata,

469 507 556 555 est
582 499 725 569 quod
755 499 917 554 habet
940 499 1231 564 Eusebius,
1258 500 1479 557 Azutios
1501 500 1624 554 ideo
1650 501 1703 554 in
1726 501 2048 571 posteriori-

474 590 576 646 bus
605 599 658 644 et
709 590 996 661 podicibus
1027 606 1320 662 percussos
1349 607 1493 657 esse,
1526 592 1674 663 quod
1725 592 1793 646 iis
1826 592 1880 645 in
1923 606 2049 661 par-

465 683 616 738 tibus
647 692 987 754 peccassent.
1024 691 1077 740 et
1109 686 1483 758 ἀρρενοκοῖται
1536 692 1744 749 essent,
1776 684 1880 740 nisi
1937 682 2048 738 for-

469 783 618 830 tasse
646 791 709 830 ea
743 775 961 833 Eusebii
991 777 1185 847 ipsius,
1210 792 1311 831 nec
1358 777 1429 832 ab
1481 777 1604 832 aliis
1635 787 1854 847 accepta
1885 770 2048 830 fuerit

469 884 674 937 Optmo.

469 982 527 1032 Χ.
553 981 935 1032 Christianorum
961 981 1618 1094 frequeqttli‘itnighioabitide,
1642 981 1970 1030 Ammonitide
1994 987 2047 1033 et

1327 1059 1372 1094 a.

540 1147 597 1203 In
637 1149 750 1203 haec
797 1149 960 1204 verba
1027 1149 1164 1219 psal.
1215 1163 1348 1215 cvn,
1401 1147 1489 1209 10,
1540 1144 1711 1200 Moab
1752 1145 1886 1201 lebes
1934 1149 2045 1216 spei

464 1228 617 1305 mete,
649 1243 702 1295 in
740 1240 1031 1296 Idumccam
1084 1240 1364 1295 extendam
1415 1240 1823 1293 calceamentum
1850 1256 2041 1304 meum,

464 1333 578 1388 duo
623 1335 781 1389 nobis
811 1332 984 1404 aperit
1015 1331 1306 1395 Eusebius,
1340 1330 1593 1385 nimirum
1620 1331 1962 1386 Ammonitas
1988 1339 2043 1387 et

470 1425 735 1480 Moabitas
793 1426 937 1480 inter
994 1424 1203 1479 Arabas
1252 1437 1368 1478 aevo
1398 1437 1498 1478 suo
1532 1423 1688 1478 sedes
1745 1422 2038 1490 habuisse;

464 1521 704 1590 itemque
753 1535 921 1590 penes
971 1518 1330 1584 Ammonitas,
1382 1518 1644 1572 Moabilras
1675 1527 1728 1572 et
1776 1515 2042 1572 ldummos

466 1612 733 1667 inﬁnitam
798 1629 920 1668 esse
971 1612 1405 1666 Christianorum
1464 1609 1888 1673 multitudinem,
1928 1610 2042 1665 haec

465 1704 585 1774 ejus
626 1706 789 1759 verba
820 1712 948 1760 sunt
983 1724 996 1758 :
1032 1703 1097 1757 Et
1129 1704 1239 1757 Iure
1273 1719 1421 1772 opere
1455 1702 1714 1772 completa
1756 1702 1875 1755 licet
1913 1701 2040 1770 ipsis

465 1796 630 1849 oculis
663 1796 922 1864 percipere
948 1797 1034 1858 iis,
1093 1796 1183 1866 qui
1217 1795 1271 1847 in
1298 1795 1537 1848 Arabum
1579 1796 1784 1864 regione
1812 1793 2042 1863 peregri—

466 1895 680 1947 nantur,
734 1876 855 1938 cum
896 1884 1102 1939 videant
1161 1881 1429 1937 M'oabitas
1460 1894 1508 1938 et
1552 1883 1906 1945 Ammanitas,
1955 1883 2044 1951 qui

462 1990 613 2043 penes
647 1975 766 2029 illos
800 1993 988 2047 magno
1026 1991 1241 2029 numero
1295 1987 1438 2036 sunt.
1496 1974 1761 2029 Ecclesias
1817 1972 1914 2027 Dei
1950 1974 2044 2026 im-

461 2068 619 2134 plere.
657 2067 1033 2136 Similiterque.
1072 2086 1090 2118 t
1129 2068 1184 2120 in
1220 2066 1538 2128 Iduma’am,
1573 2066 1770 2135 inquit,
1803 2081 2043 2118 conscen-

461 2158 586 2213 dam
635 2160 985 2214 calceamento
1046 2175 1189 2218 meo.
1256 2178 1274 2210 ι
1313 2158 1601 2211 secundum
1641 2155 2037 2228 Symmachum.

464 2253 634 2319 Quam
680 2254 804 2305 item
841 2250 1231 2321 praedictionem
1252 2249 1305 2302 in
1326 2258 1569 2318 promptu
1601 2258 1677 2302 est
1725 2247 2041 2317 completam

461 2343 632 2398 uidere
681 2343 748 2395 iis
774 2344 861 2411 qui
895 2345 946 2395 in
973 2341 1267 2395 [dammam
1316 2340 1623 2401 concedunt,
1660 2348 1710 2394 et
1742 2339 2041 2395 multitudi-

461 2450 577 2488 nem
613 2432 972 2486 Ecclesiarum
1014 2432 1111 2485 Dei
1149 2431 1223 2485 ibi
1260 2432 1624 2500 conspiciunt.
1659 2440 1717 2484 ut
1770 2440 2039 2485 cunctetur

461 2537 609 2575 nemo
633 2521 893 2588 conﬁteri,
926 2537 1039 2574 rere
1072 2522 1129 2574 in
1178 2523 1294 2574 loca
1317 2520 1417 2574 illa
1472 2537 1808 2574 conscensum
1837 2521 2038 2589 factum

455 2628 587 2668 8880.

461 2723 525 2773 XI
569 2721 814 2773 Eusebius
833 2724 904 2773 ait
925 2722 1160 2796 mundum
1181 2723 1417 2796 spinter-ica
1440 2722 1588 2772 forma
1612 2736 1741 2773 esse.
1773 2724 1965 2773 Montes
1984 2729 2038 2775 et

925 2792 1090 2847 petras
1113 2792 1306 2834 sensim
1324 2797 1575 2833 crescere.

527 2887 793 2944 Eusebius
843 2887 961 2958 qui,
992 2888 1071 2942 uti
1104 2889 1342 2944 diximus
1364 2931 1380 2957 ,
1426 2889 2033 2960 descriptionibus-ple-

455 2994 683 3051 rumque
715 2981 930 3051 gaudet,
951 2981 1017 3036 ad
1042 2982 1318 3053 physicam
1350 2980 1580 3036 subinde
1610 2981 2034 3051 speculationem

2151 500 2538 571 interpretibus
2569 500 2788 556 errandi
2821 502 3041 557 occasio
3080 516 3203 558 esse
3232 501 3467 569 possint.
3510 500 3713 569 Hujus~

2148 594 2292 649 modi
2317 601 2495 648 autem
2518 608 2690 663 pauca
2711 593 2794 648 his
2811 593 2867 646 in
2889 593 3298 647 commentariis
3320 600 3556 654 exstant,
3580 606 3716 662 quo-

2150 699 2268 739 rum
2300 685 2569 756 praecipua
2600 684 2691 739 hic
2734 684 3059 755 consignare
3093 690 3148 738 et
3176 683 3465 753 explanare
3498 682 3710 740 viauia:

2148 790 2271 831 nam
2296 777 2588 843 minutiora
2617 775 2684 830 ad
2707 775 2940 831 indicem
2974 790 3157 830 rerum
3187 775 3509 841 allegemus.

2542 887 2579 939 [ί.
2604 889 2750 940 Vocis
2783 902 2864 950 βίος
2890 901 3007 937 usus
3030 884 3313 948 singularis.

2218 991 2529 1063 Singularis
2543 1002 2627 1048 est
2650 991 2793 1062 apud
2818 990 3110 1046 Eusebium
3134 988 3285 1044 vocis
3309 988 3419 1059 βίος
3443 988 3714 1058 signiﬁca-

2144 1084 2220 1138 tio
2246 1101 2259 1137 :
2296 1083 2496 1155 passim
2525 1084 2723 1153 quippe
2742 1097 2840 1152 pro
2866 1096 3063 1152 genere
3099 1081 3376 1134 hominum
3403 1080 3671 1149 accipitur
3695 1099 3707 1133 :

2146 1174 2225 1229 sic
2247 1176 2385 1244 psal.
2408 1191 2462 1239 v,
2482 1174 2517 1227 ἓ
2537 1193 2550 1227 :
2574 1174 2822 1238 Τοιοῦτος
2856 1172 2953 1244 μὲν
2973 1167 3065 1226 οὖν
3086 1171 3378 1242 ἐτύγχανεν
3402 1173 3509 1233 πᾶς
3541 1171 3569 1221 ὁ
3608 1170 3714 1241 πρὸ

2142 1266 2239 1337 τῆς
2264 1265 2357 1319 τοῦ
2379 1266 2623 1337 Σωτῆρος
2647 1264 2800 1337 ἡμῶν
2820 1264 3118 1338 παρουσίας
3141 1262 3270 1333 βίος,
3301 1262 3355 1317 id
3383 1273 3490 1329 est,
3522 1261 3716 1330 Hujus-

2143 1357 2286 1412 modi
2299 1359 2531 1428 profecto
2561 1367 2810 1414 eratante
2829 1357 3124 1414 Saluatoris
3149 1355 3605 1411 adventumtotam
3629 1354 3714 1406 lt'o-

2143 1450 2343 1504 minum
2370 1467 2529 1521 genus
2555 1467 2573 1505 :
2601 1458 2657 1505 et
2670 1450 2806 1521 psal.
2829 1466 2995 1516 uvn,
3019 1466 3160 1506 vers.
3182 1450 3216 1506 5
3243 1469 3255 1503 :
3275 1451 3389 1503 Ἵνα
3418 1448 3527 1520 γὰρ
3542 1446 3710 1518 ἐπιϐῇ

2145 1548 2173 1599 ὁ
2195 1545 2326 1609 Θεὸς
2349 1545 2426 1616 τῷ
2453 1547 2561 1600 τῶν
2584 1544 2881 1618 ἀνθρώπων
2911 1545 3029 1615 βίῳ,
3059 1546 3159 1599 hoc
3185 1555 3286 1612 est,
3322 1543 3456 1598 Nam
3489 1556 3543 1597 ut
3572 1545 3711 1599 Deus

2149 1637 2517 1691 ad’hominum
2545 1654 2704 1707 genus
2737 1638 3018 1703 accederet,
3051 1646 3102 1689 et
3130 1637 3328 1704 passim
3356 1637 3492 1691 alios
3520 1653 3532 1688 :
3562 1639 3719 1691 item.

2074 1741 2253 1813 Bique
2287 1728 2338 1779 in
2367 1726 2472 1781 ﬁne
2499 1743 2551 1780 γι
2585 1727 2705 1781 libri
2738 1726 3146 1794 Prwparationis
3173 1727 3499 1798 erangelicw;
3523 1729 3712 1799 body.-

2147 1835 2265 1880 πας
2290 1816 2396 1871 τῶν
2427 1818 2723 1888 ἀνθρώπων
2757 1817 2887 1888 βίος,
2911 1819 3207 1873 universum
3237 1820 3502 1873 hominum
3527 1837 3709 1890 genus.

2149 1907 2412 1964 Similiter
2462 1910 2824 1975 Athanasius,
2872 1921 2912 1966 t.
2946 1910 2998 1977 1,
3054 1928 3177 1984 pag.
3216 1913 3374 1977 1253,
3410 1913 3712 1976 καταλαζο-

2146 2001 2425 2071 νευόμενοι
2463 2003 2557 2055 τοῦ
2601 2003 2706 2056 τῶν
2750 2001 3049 2075 ἀνθρώπων
3078 2003 3214 2075 βίου,
3256 2003 3469 2072 superbe
3501 2018 3712 2075 agentes

2147 2091 2424 2145 aduersum
2455 2109 2613 2163 genus
2656 2094 2971 2148 humanum.
3004 2094 3123 2161 Quo
3160 2095 3321 2150 etiam
3365 2111 3467 2150 usu
3506 2097 3556 2148 in
3590 2096 3715 2148 aliis

2143 2182 2273 2237 item
2305 2184 2666 2253 scriptoribus
2704 2188 2969 2251 occurrit,
3007 2189 3151 2242 etin
3194 2186 3464 2243 Heliodori
3494 2185 3718 2243 Ethio-

2146 2277 2286 2346 picis
2309 2292 2416 2331 non
2448 2279 2614 2333 semel
2644 2278 2982 2334 observatur.

2626 2381 2688 2431 Il.
2722 2382 2947 2443 Itemque
2972 2396 3036 2430 τοῦ
3060 2388 3179 2431 8‘0qu

2205 2459 2325 2515 A'lia
2357 2476 2459 2517 vox
2480 2469 2584 2524 est,
2604 2462 2659 2515 in
2679 2477 2785 2531 qua
2817 2461 2942 2516 item
2973 2460 3164 2515 Latine
3193 2457 3567 2515 transferenda
3600 2474 3729 2512 non?

2138 2553 2294 2621 pauci
2326 2553 2650 2625 interpretes
2698 2554 2976 2617 labuntur,
3023 2552 3230 2608 scilicet
3267 2550 3462 2614 δοκεῖν,
3517 2550 3711 2611 videri,

2134 2640 2312 2707 δοκεῖ,
2366 2644 2613 2700 videtur:
2659 2643 2803 2712 quod
2850 2643 3073 2697 verbum
3112 2641 3272 2712 vulgo
3306 2648 3604 2709 usurpatur
3643 2638 3709 2690 ad

2134 2732 2485 2786 minuendam
2502 2731 2912 2788 aﬁirmationem
2933 2750 2947 2799 ;
2967 2731 3040 2785 ita
3070 2738 3130 2785 ut
3155 2730 3225 2795 si,
3257 2728 3406 2785 verbi
3428 2742 3620 2791 causa,
3646 2727 3715 2782 de

2137 2823 2389 2892 quopiam
2410 2823 2642 2888 dicatur,
2667 2823 2815 2878 δοκεῖ
2844 2819 2980 2878 εἶναι
3013 2822 3196 2890 σοφός,
3238 2821 3441 2876 videtur
3480 2835 3596 2874 esse
3619 2836 3712 2873 sa-

2134 2917 2303 2986 piens,
2335 2916 2388 2970 id
2414 2923 2473 2970 ut
2508 2922 2884 2975 asseveranter
2910 2915 3115 2970 dictum
3155 2928 3265 2967 non
3297 2913 3584 2981 habeatur,
3617 2913 3713 2970 sed

2134 3008 2536 3065 dubitationem.
2573 3008 2862 3080 quamdam
2902 3008 3173 3079 praeferat.
3215 3006 3417 3062 Verum
3456 3007 3714 3078 frequen-

455 3072 704 3126 vertitur.
742 3072 830 3125 Ait
856 3089 984 3128 vero
1014 3089 1129 3128 non
1171 3088 1279 3127 uno
1310 3073 1430 3129 loco
1477 3072 1741 3127 mundum
1767 3073 2034 3145 sphaerica
2061 3103 2103 3160 ο
2135 3100 2346 3156 tissime
2377 3100 2519 3171 apud
2549 3072 2847 3170 δέτεβιοτθε
2875 3072 3013 3154 b'ene
3045 3100 3248 3155 “mnos
3275 3098 3423 3153 δοκεῖ
3446 3072 3585 3154 nim]
3612 3098 3721 3153 mi,

455 3161 630 3218 forma
685 3179 809 3218 esse
865 3184 880 3218 :
947 3180 1068 3235 quae
1116 3167 1303 3235 opinio
1348 3167 1477 3221 olim
1523 3166 1832 3237 agitabatur
1888 3167 2035 3222 inter

457 3256 792 3325 scriptores;
841 3257 963 3312 aliis
1008 3258 1248 3326 planam,
1283 3258 1562 3313 montibus
1606 3267 1784 3313 tamen
1834 3258 2034 3315 distin-

456 3359 621 3407 etam,
646 3353 804 3401 terra;
832 3347 1173 3416 superﬁciem
1231 3348 1687 3418 praedicantibus,
1719 3365 1750 3404 e
1802 3365 2034 3419 quorum

457 3451 686 3492 numero
728 3436 1068 3508 Augustinus
1118 3446 1170 3495 et
1219 3438 1449 3495 Cosmas
1496 3439 1786 3511 Egyptius
1843 3457 2036 3497 mona-

457 3528 614 3592 chus,
670 3529 763 3599 qui
812 3530 1008 3584 librum
1064 3546 1127 3586 ea
1183 3530 1251 3586 de
1301 3546 1359 3586 re
1411 3531 1579 3585 edidit
1615 3532 2032 3603 Topograpltiam

457 3616 823 3673 Christianam
854 3620 1208 3691 inscriptum,
1249 3621 1343 3675 ubi
1388 3622 1653 3692 sphaeram
1714 3625 1887 3678 sacris
1922 3623 2034 3678 Lit-

454 3711 588 3765 teris
638 3718 822 3779 aperte
851 3727 1155 3782 repugnare
1180 3713 1469 3768 contendit.
1496 3713 1620 3781 ille;
1650 3715 1772 3769 aliis
1820 3731 2027 3781 veram,

456 3810 509 3856 et
536 3803 903 3874 experimento
946 3806 1162 3860 demum
1194 3817 1459 3861 assertam
1491 3846 1505 3870 ,
1536 3806 1845 3876 opinionem
1876 3818 2031 3864 tuen-

458 3895 624 3959 tibus,
682 3897 859 3966 qualis
907 3896 1192 3962 Eusebius,
1244 3898 1337 3968 qui
1388 3900 1648 3954 muudum
1705 3901 2028 3970 sphaericum

454 4002 576 4041 esse
631 4003 738 4041 non
792 3989 957 4043 semel
988 3989 1267 4043 indicavit.
1304 3989 1439 4044 Eam.
1466 4000 1647 4048 tamen
1679 3993 2024 4055 sententiam,

457 4094 562 4133 non
593 4086 650 4133 ut
681 4094 835 4134 suam
869 4079 979 4146 ille,
1011 4080 1107 4135 sed
1140 4088 1198 4134 ut
1230 4081 1461 4135 alienam
1497 4082 1668 4138 affert.
1718 4082 2028 4140 Verisimile

455 4168 582 4224 item
615 4169 913 4224 arbitratur
940 4180 1152 4227 montes
1212 4181 1266 4229 et
1297 4181 1477 4244 petras
1512 4175 1715 4230 sensim
1756 4191 2026 4237 crescere.

452 4269 618 4331 atque
648 4263 878 4318 occultis
908 4264 1226 4336 intimisque
1259 4266 1608 4322 incrementis
1639 4267 1872 4333 majores
1902 4284 2027 4321 eva-

444 4355 615 4421 dere;
643 4371 762 4426 qum
791 4357 1172 4426 quorumdam,
1201 4359 1375 4428 inquit
1399 4359 1508 4421 ille,
1527 4359 1609 4414 sui
1632 4356 1730 4413 aevi
1759 4358 2026 4429 physiolo-

445 4463 642 4518 gorum
670 4458 786 4503 erat
806 4449 1098 4518 opinio;ut
1121 4450 1281 4519 jame
1302 4451 1505 4506 nostris
1523 4461 1650 4505 sunt
1671 4451 1761 4520 qui
1791 4452 2022 4520 itlipsum
2058 4441 2101 4496 ι)

448 4545 814 4609 propugnent,
842 4541 1337 4612 experimentisque
1367 4541 1674 4598 manifestis
1717 4558 1828 4598 rem
1875 4558 2022 4599 com-

453 4632 669 4702 probari
696 4632 986 4688 aliirment.

1072 4743 1300 4801 CAPUT
1339 4744 1408 4802 X.

451 4870 517 4909 DE
569 4871 862 4914 ιοιοτιςκις
908 4874 1114 4914 EUSEBII
1156 4876 1208 4914 IN
1242 4876 1328 4915 ms
1363 4876 1800 4925 COMHENTARHS,
1853 4879 1920 4917 ΕΤ
1956 4879 2020 4917 DE

620 4944 896 4985 SINGULAIH
927 4945 1255 4992 QCARUIIDAI
1288 4946 1466 4988 VOCUII
1497 4948 1851 4989 SIGNIFICATU.

449 5033 493 5094 1.
538 5038 690 5116 γοεὶδ
710 5040 1004 5116 ﬁlggusus
1046 5044 1349 5116 singularis.
1394 5043 1482 5116 7171.
1517 5044 1750 5116 Itemque
1786 5044 1891 5099 τοῦ
1926 5046 2022 5116 δο-

703 5109 1283 5186 ΙΙζε-’ῌγτυγχᾶνειν
1312 5115 1436 5182 quid
1458 5109 1723 5186 signiﬁcat
1745 5116 1885 5183 apud
1924 5115 2025 5168 Eu-

522 5179 740 5252 sebium.
768 5179 796 5233 1
814 5179 873 5235 γ.
896 5179 1256 5249 Περίὸ-’ἐασις
1272 5179 1365 5252 pro
1382 5179 1706 5240 calamitate.
1746 5179 1802 5241 ν.
1854 5188 2024 5239 Ὑπα-

523 5250 725 5303 κούειν
752 5252 1079 5321 respondere.
1125 5252 1221 5308 VI.
1257 5250 1553 5324 Σωτήρως
1573 5257 1719 5327 quid,
1745 5267 1843 5313 etc.

522 5361 638 5418 Etsi
667 5379 696 5417 a
721 5364 906 5420 multis
943 5367 1236 5438 Graeceque
1265 5368 1611 5438 peritissimis
1634 5371 1788 5434 viris,
1828 5372 1881 5425 in
1909 5372 2023 5425 col-

451 5454 664 5523 ligenda
712 5455 1019 5511 Graecarum
1075 5460 1316 5513 omnium
1380 5475 1577 5517 vocum
1630 5462 2022 5533 signiﬁcatione

448 5551 600 5598 tanta
630 5549 702 5600 sit
737 5546 1005 5601 industria
1037 5547 1385 5614 desudatum,
1415 5560 1473 5606 ut
1504 5568 1773 5624 perpauca
1811 5554 1923 5622 jam
1953 5556 2020 5610 ad

450 5637 745 5703 perlectam
781 5637 1089 5691 Graécorum
1128 5639 1457 5708 scriptorum
1490 5642 1896 5712 intelligentiam
1925 5642 2020 5698 de-

451 5724 749 5782 siderentur
780 5747 794 5795 ;
831 5728 1061 5789 subinde
1083 5738 1263 5785 tamen
1292 5732 1513 5788 nomina
1535 5732 1805 5805 verbaque
1826 5747 2019 5791 occurv

2137 3194 2256 3247 nuit
2288 3192 2724 3257 afﬁrmationem,
2764 3199 2825 3247 ut
2865 3192 3098 3262 exempli
3133 3194 3308 3263 gratia
3349 3192 3402 3261 in
3440 3191 3527 3247 bis
3559 3207 3719 3247 com-

2135 3285 2418 3340 mentariis
2453 3285 2518 3339 ad
2539 3284 2805 3354 psalmum
2831 3298 3022 3347 csvm,
3054 3299 3197 3340 vers.
3228 3283 3354 3349 156,
3382 3283 3449 3338 de
3482 3282 3599 3339 Deo
3626 3283 3716 3338 di—

2135 3382 2277 3435 citur
2314 3379 2651 3442 δικαιότατος
2682 3373 2820 3431 εἶναι
2859 3379 3026 3442 δοκεῖ,
3061 3379 3152 3434 ubi
3210 3377 3529 3434 vertendum
3595 3380 3719 3434 sine

2134 3474 2320 3539 dubio,
2357 3473 2687 3542 justissimus
2730 3482 2828 3527 est.
2886 3470 3175 3527 Innumera
3207 3471 3435 3543 proferri
3486 3480 3718 3541 possent

2134 3579 2256 3618 cum
2283 3579 2349 3618 ex
2375 3562 2630 3625 Eusebio,
2671 3571 2782 3617 tum
2809 3578 2875 3617 ex
2902 3563 3022 3618 aliis
3051 3563 3412 3632 scriptoribus
3437 3562 3712 3631 exempla.

2135 3653 2226 3709 Sic
2252 3655 2394 3725 apud
2424 3655 2805 3720 Athanasium,
2868 3656 2955 3708 ἵνα
2991 3654 3165 3709 τοίνυν
3193 3656 3285 3708 καὶ
3310 3647 3385 3708 ὧν
3422 3654 3717 3726 ἐπιθυμεῖς

2131 3747 2498 3818 τετυχηκέναι·
2524 3746 2756 3819 δοκοίης,
2802 3756 2860 3799 ut
2903 3748 3063 3817 igitur
3106 3756 3288 3817 optata
3343 3747 3713 3816 consequaris.

2134 3836 2240 3893 Sed
2263 3841 2373 3904 jam
2412 3839 2515 3895 hac
2541 3839 2610 3894 de
2640 3856 2700 3894 re
2731 3847 3020 3894 tractatum
3044 3856 3073 3894 a
3097 3840 3256 3896 nobis
3293 3847 3399 3895 est.

2290 4008 2294 4011 _
2316 3950 2397 3999 lli.
2421 3953 2788 4017 ὲνωηάνιινιρυὶᾱ
2800 3953 3056 4014 signiﬁcet
3075 3952 3205 4014 apud
3227 3951 3516 4001 Eusebium.

2201 4055 2259 4110 in
2284 4055 2636 4126 Onomastico
2664 4056 2730 4111 ad
2755 4057 3036 4111 Athanasii
3062 4055 3237 4126 Opera
3272 4058 3590 4115 monuimus
3614 4076 3713 4114 vo-

2128 4165 2244 4204 cem
2277 4149 2620 4219 ἔντυγχάνειν
2655 4149 2971 4219 plerumque
3002 4147 3329 4219 signiﬁcare,
3365 4153 3619 4220 conqueri
3648 4151 3713 4206 de

2128 4241 2341 4311 aliquo,
2391 4257 2670 4304 accusare,
2728 4241 3026 4308 petitibnem
3094 4239 3344 4295 adversus
3403 4243 3711 4311 quempiam

2126 4331 2351 4401 principi
2395 4331 2486 4385 vel
2511 4330 2851 4401 magistratui
2887 4331 3114 4399 o/Ierre:
3154 4338 3210 4385 et
3244 4347 3428 4387 vocem
3457 4334 3710 4404 ὲντυχία,
3770 4400 3775 4405 η

2124 4425 2424 4493 petitionem
2455 4424 2720 4477 adversus
2744 4422 3004 4493 aliquem,
3034 4422 3148 4478 sive
3178 4424 3573 4479 accusationem
3607 4441 3713 4481 es-

2122 4516 2376 4586 primere.
2437 4513 2640 4570 Eodem
2675 4530 2778 4570 usu
2830 4514 3281 4585 κατεντυγχάνειν
3320 4516 3374 4569 in
3418 4516 3503 4571 his
3556 4533 3715 4572 como

2120 4607 2403 4662 mentariis
2423 4607 2682 4668 occurrit,
2706 4621 2788 4676 ps.
2815 4606 3000 4671 δίωκε
3017 4625 3029 4660 :
3052 4606 3298 4678 Ἥρμοζε
3318 4606 3375 4660 δὲ
3395 4606 3462 4660 τὰ
3481 4610 3715 4680 προκεί·

2124 4712 2258 4765 μενα
2283 4694 2375 4748 καὶ
2420 4693 2494 4764 τῷ
2534 4695 2785 4768 προφήτῃ
2830 4694 3006 4766 Ἠλίᾳ,
3041 4695 3099 4759 ὃς
3144 4695 3297 4765 ἔλεγε
3337 4702 3710 4772 γατεντυγχά-

2119 4802 2226 4839 νων
2277 4784 2368 4839 τοῦ
2411 4784 2573 4839 λαοῦο
2623 4787 2833 4853 Κύριε,
2884 4785 3027 4852 τοὺς
3069 4786 3380 4856 προφήτας
3425 4805 3545 4843 σου
3596 4793 3713 4845 ἀπ-

2119 4879 2409 4941 έκτειναν,
2452 4877 2549 4932 καὶ
2584 4877 2655 4932 τὰ
2685 4876 3081 4946 θυσιαστήριά
3124 4894 3238 4933 σου
3285 4879 3707 4951 κατέσκαψαν,

2121 4968 2174 5023 id
2209 4979 2292 5025 est
2332 4985 2345 5022 :
2387 4968 2515 5024 h‘tec
2535 4985 2692 5038 porro
2725 4969 2896 5024 Helia:
2923 4970 3186 5039 propheta:
3201 4971 3582 5042 congruebant,
3614 4979 3707 5044 qui

2122 5058 2345 5114 Domino
2387 5069 2571 5115 contra
2609 5060 2859 5130 populum
2900 5061 3205 5130 supplicans
3242 5062 3320 5115 ita
3363 5062 3704 5132 loquebatur,

2112 5152 2147 5202 't
2186 5151 2427 5217 Domine,
2477 5152 2755 5223 prophetas
2796 5161 2911 5207 tuos
2941 5151 3261 5218 occiderunt,
3289 5164 3338 5208 et
3362 5153 3563 5210 altaria
3611 5167 3707 5211 tua

2136 5246 2518 5309 subrerterunt,
2546 5255 2655 5301 etc.
2717 5265 2736 5296 ι

2544 5357 2623 5407 ιν.
2655 5373 2876 5421 aspiciam;
2905 5371 2993 5421 pro
3016 5360 3311 5409 calamitate.

2110 5516 2115 5523 ,
2192 5461 2515 5532 Περίστασις
2590 5464 2732 5519 idem
2782 5464 2887 5521 sibi
2922 5465 3039 5519 vult
3081 5466 3224 5536 quod
3269 5467 3719 5533 circumstantia,

2121 5552 2260 5621 apud
2288 5552 2708 5620 Quintilianum,
2745 5553 3006 5612 Senecam
3046 5566 3099 5613 et
3126 5557 3190 5611 A.
3211 5555 3461 5616 Gellium.
3491 5556 3704 5615 Verum

2120 5645 2411 5714 aliquando
2452 5646 2720 5716 signiﬁcat
2765 5663 3086 5712 arumnam,
3132 5649 3425 5705 infaustum
3476 5665 3703 5714 casum,

2120 5735 2503 5790 calamitatem.
2531 5736 2650 5803 Qtlu
2677 5752 2841 5794 sensu
2867 5752 3081 5808 semper
3100 5738 3152 5793 in
3177 5738 3262 5793 his
3285 5742 3723 5797 commentariis
