3948 6286
347 295 404 346 6i
1194 298 1698 356 COMMENTARIA
1741 303 1804 356 IN
1845 303 2180 358 PSAIMOS.
2215 337 2282 345 —
2317 304 2855 360 PREIJMINARH.
3555 311 3622 366 62

357 420 680 482 usurpatur.
701 415 798 471 Sic
816 431 897 486 ps.
923 433 995 482 Iv,
1013 417 1068 482 9,
1088 418 1154 473 l0
1180 438 1191 473 :
1227 419 1431 474 Μαθὼν
1444 421 1552 493 γὰρ
1572 424 1718 494 παρὰ
1735 425 1825 477 τοὺ
1842 427 1922 477 Σω

2025 466 2030 482 ,
2056 422 2212 474 teuda
2245 433 2326 476 e~t
2355 423 2469 477 :sic
2521 426 2554 494 ἡ
2592 429 2852 496 σωτήριος
2877 425 3208 489 διδασκαλία,
3234 425 3488 479 salutaris
3519 426 3620 478 do-

361 510 516 580 τῆρος
551 509 650 561 καὶ
674 510 786 562 τῶν
817 511 924 564 σῶν
953 511 1311 579 ἐπαγγελιῶν,
1329 515 1430 577 ὅτι,
1449 517 1496 567 εἰ
1515 516 1608 568 καὶ
1635 517 1700 569 τὰ
1721 518 1950 587 μάλιστα

365 599 499 653 κατὰ
532 598 625 651 τὸν
678 601 954 655 ἐνεστῶτα
999 603 1110 673 βίον
1147 603 1314 658 λύπαι
1355 623 1442 675 μοι
1489 608 1582 659 καὶ
1617 605 1821 676 θλίψεις
1859 610 1951 664 καὶ

371 693 664 763 πειρασμοὶ
712 696 809 747 καὶ
860 698 1207 768 περιστάσεις
1263 699 1323 751 οὑ
1375 699 1770 764 διαλείπουσιν,
1833 701 1949 754 ἀλλ’

369 785 515 838 ἔσται
547 803 634 856 μοι
658 787 852 858 καιρὸς
878 787 910 844 ὁ
940 789 1035 859 τῆς
1058 790 1379 860 ἀπαλλαγῆς
1410 790 1504 844 τοῦ
1533 791 1801 862 σώματος,
1827 793 1947 846 καθ’

365 877 420 929 ὃν
451 879 508 930 ἐν
540 879 736 950 εἰρήνῃ
763 881 1060 952 ποιήσομαι
1082 880 1176 953 τὴν
1210 882 1464 953 κοίμησιν
1486 901 1498 912 ·
1534 883 1636 938 hoc
1657 892 1739 938 est
1767 903 1779 938 :
1815 883 1948 939 Cum

367 969 498 1022 enim
534 987 566 1021 a
600 969 903 1034 Saluatore,
942 988 1104 1042 exque
1143 977 1418 1043 promissis
1468 977 1576 1030 tuis
1623 976 1943 1045 edidicerim,

363 1061 576 1114 etiamsi
603 1063 732 1115 mihi
763 1062 992 1131 dolores,
1020 1083 1288 1131 wrumna',
1315 1070 1648 1132 tentationes,
1674 1071 1946 1124 calamita~

363 1162 436 1206 tes
483 1154 537 1205 in
575 1157 829 1222 presenti
873 1157 979 1210 vita
1027 1175 1128 1212 non
1171 1158 1442 1228 deﬁciant,
1493 1161 1731 1230 futurum
1770 1172 1942 1216 tamen

360 1245 493 1297 mihi
526 1255 731 1323 tempus
775 1257 872 1308 est,
912 1266 1013 1317 quo
1053 1269 1084 1304 ιι
1116 1267 1331 1320 corpore
1372 1251 1618 1306 decedam
1649 1271 1710 1306 ac
1739 1256 1792 1307 in
1817 1270 1949 1322 pace-

356 1336 645 1390 dormiam.
689 1335 802 1392 Etsi
833 1348 1015 1394 autem
1063 1343 1146 1397 his
1204 1343 1610 1399 commentariis
1651 1361 1752 1400 vox
1785 1348 1942 1417 περί-

358 1445 549 1490 στασις
579 1431 784 1498 passim
819 1440 1094 1496 occurrat,
1128 1417 1232 1488 vix"
1249 1435 1459 1504 uspiam
1491 1436 1599 1489 alio
1640 1452 1804 1492 sensu
1838 1453 1938 1491 usu

352 1521 520 1584 venit,
555 1535 721 1590 quam
759 1538 856 1591 pro
901 1523 1212 1579 calamitate
1243 1544 1255 1578 :
1297 1525 1610 1595 frequenter
1647 1526 1773 1580 item
1803 1527 1940 1581 dici-

351 1619 441 1664 tur
477 1615 888 1684 περιστατικδςι
916 1616 1133 1686 καιρός,
1181 1634 1275 1687 pro
1321 1627 1548 1684 tempore
1595 1618 1935 1684 calamitosa,

347 1712 401 1754 et
429 1705 699 1760 mrumnis
735 1706 916 1774 pleno.

839 1839 896 1888 ν.
924 1842 1119 1891 innima."
1145 1843 1388 1904 responde
1396 1856 1467 1892 re.

421 1981 724 2039 Observatu
777 1986 902 2041 item
935 1987 1130 2058 dignus
1166 2001 1250 2044 est
1287 1991 1436 2046 vocis
1472 1993 1762 2045 ὑπακούειν
1794 2009 1929 2048 usus

351 2088 452 2145 pro
484 2077 794 2143 respondere
821 2094 838 2130 :
875 2078 1032 2147 cujus
1087 2080 1199 2148 jam
1249 2084 1494 2151 exempla
1526 2083 1808 2139 attulimus
1837 2084 1924 2139 t.l

347 2182 566 2236 operum
591 2168 880 2223 Athanasii
902 2186 954 2240 p.
974 2171 1096 2226 554.
1124 2171 1246 2226 Fuit
1264 2182 1440 2228 autem
1457 2189 1555 2228 vox
1582 2175 1770 2232 isthmc
1788 2178 1927 2230 mul-

343 2264 514 2310 torum
555 2266 670 2313 tam
697 2268 963 2325 veterum,
991 2278 1152 2332 quam
1185 2264 1547 2318 recentiorum
1568 2266 1920 2336 interpretum

336 2352 624 2420 scOpulus,
650 2354 746 2423 qui
773 2354 958 2407 audire
973 2353 1354 2410 velsubaudire
1380 2364 1657 2412 verterunt
1680 2378 1692 2413 :
1726 2375 1893 2429 quam
1910 2390 1922 2400 ι

329 2442 519 2496 obrem
555 2459 666 2497 non
688 2443 785 2499 abs
801 2461 858 2500 re
877 2444 1038 2500 fuerit
1054 2448 1296 2517 exempla
1314 2449 1560 2518 quaedam
1577 2466 1640 2504 ex
1664 2451 1746 2506 his
1771 2466 1922 2504 com-

330 2535 624 2589 mentariis
650 2535 916 2604 proferre.
934 2537 989 2592 in
1005 2539 1321 2608 praefatione
1337 2541 1555 2596 Eusebii
1578 2544 1631 2596 in
1650 2541 1918 2606 Psalmos,

331 2624 522 2694 (infra,
552 2626 665 2681 col.
706 2627 797 2696 81)
836 2648 848 2682 :
881 2629 1070 2683 Ἠνίκα
1121 2633 1300 2686 τοίνυν
1336 2633 1564 2704 ἐσκίρτα
1611 2633 1670 2686 τὸ
1695 2633 1919 2704 Πνεῦμα

327 2718 420 2771 ἐ.πέ
452 2735 579 2770 τινα
603 2719 714 2772 τῶν
751 2721 1023 2790 ἀρχόντων
1051 2723 1158 2776 τῶν
1187 2723 1496 2795 ψαλτῳδῶν,
1517 2727 1566 2778 οἱ
1595 2725 1768 2779 λοιποὶ
1795 2727 1919 2797 ἡσυ-

325 2809 446 2878 χίαν
475 2805 615 2880 ἦγον
634 2812 982 2883 παρεστῶτες
1001 2815 1094 2869 καὶ
1117 2816 1482 2880 ὑπακούοντες
1507 2817 1809 2888 συμφώνως
1838 2818 1921 2888 τῷ·

326 2901 604 2968 ψάλλοντι,
642 2904 979 2974 Ἀλληλοὺῖα,
1015 2906 1067 2961 id
1097 2917 1182 2963 est
1204 2929 1216 2962 :
1242 2909 1369 2962 Cum
1390 2910 1567 2979 itaque
1596 2909 1826 2976 Spiritus
1858 2911 1912 2962 in

330 2995 632 3064 quempiam
653 2996 950 3066 principum
972 3008 1247 3053 cantorum
1272 3000 1520 3063 insiliret,
1551 3003 1726 3054 cwteri
1743 3001 1912 3071 quiete

2057 511 2266 575 ctrina;
2306 513 2484 580 aptius
2521 524 2698 568 autem
2749 526 2956 579 vertas,
2993 514 3286 568 Saluatoris
3342 515 3617 579 doctrina;

2053 603 2244 656 eodem
2286 605 2446 659 modo
2491 607 2632 675 apud
2663 607 3047 672 Athanasium,
3084 606 3146 658 τὸ
3179 608 3440 676 σωτήριον
3478 623 3616 678 μαρ-

2054 695 2275 768 τύριον,
2319 702 2629 770 martyrium
2669 700 2784 755 sive
2827 699 3046 754 ecclesia
3093 698 3408 754 Servatoris.
3447 699 3501 752 In
3535 700 3620 754 his

2054 805 2182 844 vero
2211 793 2614 848 commentariis
2647 793 2727 847 sic
2758 793 2867 846 fere
2899 808 3112 862 semper
3143 792 3428 860 intelligas.

2118 879 2174 933 ln
2209 881 2293 935 his
2322 883 2738 938 commentariis.
2764 883 2964 952 passim
2993 883 3481 944 observes,.vocem
3504 879 3620 932 ἀλλ’

2049 973 2103 1044 ἢ,
2135 989 2256 1042 qua:
2283 973 2573 1044 signiﬁcat,
2609 976 2731 1037 nisi,
2765 975 2852 1028 ubi
2877 976 3122 1043 sequitur
3159 973 3385 1034 vocalis.
3417 971 3618 1027 omissa

2047 1065 2352 1133 particula,
2404 1063 2472 1132 ἦ,
2551 1066 2801 1138 exprimi.
2885 1063 2974 1117 Sic
3031 1063 3125 1115 lib.
3216 1079 3272 1117 ιιι
3309 1084 3321 1118 :
3359 1063 3623 1131 Κληρονο-

2048 1155 2143 1223 μία
2174 1155 2229 1207 δὲ
2273 1154 2435 1207 αὑτοῦ
2467 1155 2551 1216 τίς
2589 1150 2656 1225 ἦν
2687 1155 2822 1224 μετὰ
2857 1154 2948 1206 τὸν
2982 1156 3241 1225 πρότερον
3281 1154 3406 1207 λαὸν
3435 1154 3546 1207 ἀλλ’
3585 1154 3618 1223 ὴ

2044 1245 2103 1310 ἐξ
2128 1246 2296 1299 ἐθνῶν
2333 1245 2646 1316 Ἐκκλησία,
2677 1246 2729 1299 id
2761 1255 2842 1301 est
2880 1266 2891 1300 :
2935 1245 3228 1300 llwreditas
3268 1265 3424 1316 porro
3448 1247 3615 1306 illius.

2041 1353 2282 1405 quianam
2313 1345 2426 1389 erat
2450 1347 2564 1406 post
2589 1338 2813 1404 priorem
2834 1337 2986 1390 illum
3007 1339 3277 1406 populum,
3310 1338 3412 1391 nisi
3436 1337 3616 1390 Eccle—

2041 1425 2122 1478 sia
2148 1426 2419 1494 gentium?
2450 1426 2540 1479 ubi
2585 1425 2698 1480 ἀλλ’
2732 1428 2764 1497 ἡ
2795 1443 2891 1496 pro
2925 1427 3039 1480 ἀλλ’
3071 1427 3103 1498 ἢ
3133 1430 3164 1498 ἡ
3208 1429 3444 1497 ponitur.
3480 1424 3616 1482 Sex-

2040 1522 2199 1566 ecnta
2228 1523 2385 1569 notes
2413 1515 2611 1569 similia
2655 1517 2708 1570 in
2741 1517 2826 1572 his
2851 1520 3280 1578 commentariis,
3313 1519 3402 1572 ubi
3432 1518 3614 1573 hiatus

2037 1606 2243 1661 vitandi
2267 1623 2431 1663 causa
2458 1609 2499 1681 ἡ¹
2520 1617 2646 1664 ante
2671 1610 2913 1664 vocalem
2936 1611 3223 1665 omittitur.
3253 1610 3317 1666 Et
3344 1611 3612 1681 principio

2037 1702 2253 1768 quidem
2312 1704 2566 1772 putabam
2618 1718 2717 1771 ego
2763 1705 3174 1760 amanuensium
3216 1707 3348 1760 vitio
3399 1707 3432 1776 ῆ
3478 1707 3608 1760 illud

2034 1793 2338 1860 excidisse;
2387 1810 2572 1848 verum
2607 1794 2732 1863 quia
2779 1796 2834 1847 in
2872 1797 3147 1861 omnibus,
3177 1797 3328 1851 nullo
3356 1807 3605 1868 excepto,

2033 1886 2314 1943 codicibus
2347 1889 2508 1940 etiam
2559 1889 2979 1957 antiquissimis,
3031 1877 3123 1943 ita.
3144 1893 3344 1960 passim
3384 1892 3602 1962 legitur,

2030 1985 2239 2032 certum
2293 1980 2466 2033 habeo
2516 1980 2585 2034 ab
2618 1980 2734 2047 ipso
2781 1988 3004 2035 auctore
3045 1997 3392 2051 suppressam
3425 1985 3603 2051 εὐφωε-

2029 2069 2146 2134 νίας
2171 2086 2300 2140 ergo
2353 2071 2673 2140 particulam
2709 2073 2896 2126 fuisse.
2935 2071 3125 2127 Parem
3174 2075 3415 2127 omnium
3452 2076 3602 2131 codi-

2028 2176 2150 2214 cum
2187 2176 2514 2216 consensum
2565 2162 2817 2218 advertas
2847 2165 2900 2217 in
2938 2179 3068 2218 voce
3109 2163 3474 2220 ἀποκλὰεσοαι
3501 2181 3601 2236 pro

2026 2251 2440 2316 ἀποκλαίεσθαι,
2458 2253 3209 2323 ﬂere;quaelrcquentissime
3228 2257 3328 2312 hoc
3361 2259 3413 2311 in
3437 2274 3598 2327 opere

2024 2351 2320 2411 comparet,
2352 2348 2406 2396 et
2450 2336 2694 2406 ἐξέκαον,
2724 2358 2824 2412 pro
2859 2344 3122 2410 ἐξέκαιον.
3155 2343 3257 2400 Ubi
3293 2361 3479 2400 eorum
3505 2349 3596 2418 qui

2023 2430 2254 2484 antehac
2279 2429 2592 2486 Graecorum
2633 2433 2960 2503 scriptorum
2991 2448 3154 2503 opera
3205 2435 3420 2504 publica
3458 2435 3600 2492 fece-

2021 2533 2168 2586 runt,
2203 2537 2408 2576 morem
2433 2533 2726 2582 sectamur.
2753 2525 2791 2578 li
2823 2525 2990 2589 enim,
3019 2527 3146 2596 quia
3169 2527 3453 2596 euphoniae
3475 2543 3598 2598 gra-

2020 2617 2094 2669 tia
2123 2619 2346 2687 ταμεῖον
2375 2632 2474 2687 pro
2502 2619 2770 2688 ταμιεῖον,
2795 2616 2951 2685 ὑγεία
2984 2634 3082 2687 pro
3112 2618 3290 2686 ὑγίεια
3323 2619 3599 2689 legebatur

2019 2708 2073 2762 in
2104 2709 2405 2764 codicibus.
2430 2709 2636 2763 omisso
2672 2710 2848 2779 primo
2887 2727 2924 2772 t,
2964 2712 3188 2780 ταμεῖον
3219 2722 3273 2764 et
3306 2712 3461 2779 ὑγεία
3485 2713 3596 2782 ple-

2015 2815 2246 2869 rumque
2280 2799 2588 2855 ediderunt.
2630 2800 2950 2870 Quanquam
3003 2802 3119 2856 leve
3159 2802 3390 2858 fortasse
3413 2806 3598 2861 videa-

2015 2899 2123 2955 tur,
2154 2907 2374 2946 monere
2409 2907 2480 2946 ne
2505 2893 2704 2962 pigeat,
2737 2908 2925 2947 vocem
2963 2895 3148 2957 Δαυῖδ,
3194 2911 3315 2965 quae
3353 2898 3512 2966 vulgo
3540 2899 3594 2952 in

2013 2982 2296 3037 codicibus
2342 2984 2447 3038 Δᾶδ
2493 2984 2722 3052 legitur;
2769 2984 2946 3038 sicubi
2995 2993 3106 3039 tota
3155 2987 3501 3042 describatur
3537 2991 3592 3044 in

329 3083 552 3152 agebant
569 3095 831 3149 astantes,
852 3104 912 3140 nc
945 3105 1062 3142 voce
1086 3105 1313 3143 consona
1336 3070 1911 3158 psallentiresponden-

2025 3071 2402 3126 vetustioribus
2429 3070 2841 3140 manuscriptis,
2868 3087 2964 3140 per
2997 3091 3026 3124 υ
3057 3071 3232 3127 eﬁ‘erri
3268 3073 3450 3138 Δαυῒδ,
3484 3091 3590 3130 non

334 3185 424 3239 tes,
443 3177 704 3233 Alleluia.
729 3178 984 3250 Apertius
1005 3197 1132 3237 vero
1163 3181 1312 3238 Psal.
1347 3199 1494 3247 Lxxr,
1527 3199 1651 3238 vers
1679 3183 1778 3237 t9:
1804 3185 1922 3236 Καὶ-

333 3269 630 3342 ὲπειδήπερ
657 3271 828 3325 ταῦτα
844 3273 905 3325 τὸ
922 3273 1143 3344 Πνεῦμα
1161 3275 1220 3327 τὸ
1239 3275 1392 3345 ἅγιον
1411 3275 1761 3347 προφητικῶς
1786 3276 1914 3347 μέλ-

333 3356 483 3412 λοντα
508 3360 732 3414 ἔσεσθαι
770 3365 1159 3435 πρωνεφὼνει,
1193 3367 1352 3437 χορδς
1383 3366 1625 3435 ἀγγέλων
1650 3367 1910 3420 ὑπακούει

335 3451 722 3520 συνευχόμενος
751 3455 816 3524 τῇ
858 3453 965 3507 τῶν
994 3457 1333 3527 πραγμάτων
1373 3455 1664 3520 τελειώσει,
1700 3456 1914 3510 πιστού-

337 3543 488 3608 μενὸς
521 3559 580 3594 τε
615 3543 755 3596 αὑτὰ
777 3546 871 3598 καὶ
896 3545 1068 3615 λέγων
1087 3565 1098 3577 ·
1135 3548 1365 3610 Γένοιτο,
1398 3547 1635 3615 γένοιτοῑ
1663 3548 1766 3602 hoc
1792 3557 1906 3602 est:

337 3631 399 3684 Et
426 3635 549 3699 quia
580 3634 692 3688 ltarc
725 3636 958 3704 Spiritus
999 3648 1213 3692 sanctus
1243 3639 1536 3708 prophetiae
1564 3639 1746 3707 futura
1773 3657 1910 3708 pra:—

333 3724 556 3790 ὤχει-αι,
586 3729 778 3782 chorus
833 3732 1137 3801 angelorum
1180 3734 1452 3801 respondet
1485 3751 1590 3788 una
1625 3734 1917 3803 deprecans-

331 3833 420 3884 pro
442 3822 518 3874 rei
544 3826 1020 3889 consummatione,
1044 3827 1241 3896 illaque
1256 3829 1576 3895 conﬁrmans
1603 3844 1664 3880 ac
1691 3828 1865 3882 dicens
1887 3844 1904 3880 :

334 3906 475 3976 Fiat,
512 3913 642 3981 ﬁat!
671 3913 873 3969 Eodem
905 3932 1125 3986 quoque
1170 3918 1473 3989 signiﬁcatu
1514 3933 1615 3972 vox
1658 3935 1904 3990 προσυπ-

332 4001 544 4055 ακοὺειν
584 4007 709 4062 alibi
748 4007 1003 4076 occurrit,
1035 4007 1088 4062 id
1114 4018 1217 4070 est,
1244 4007 1313 4060 ad
1339 4006 1539 4077 aliquid
1573 4007 1902 4076 respondere.

332 4091 495 4164 llujus
529 4097 706 4161 vocis,
756 4097 859 4151 hac
902 4099 1169 4153 sententia
1216 4108 1473 4169 acceptae,
1526 4099 1908 4170 frequentissi-

331 4201 442 4241 mus
488 4199 575 4244 εει
623 4189 769 4259 apud
801 4190 1103 4261 scriptorcs
1149 4192 1450 4260 praesertim
1500 4193 1916 4248 ecclesiasticos.

329 4294 469 4334 usus.

894 4416 974 4467 Vl.
1001 4432 1177 4482 ιωιίριος
1203 4419 1340 4480 quid,
1364 4425 1466 4470 etc.

381 4539 582 4598 Parem.
611 4542 893 4597 cautelam
928 4543 1186 4600 adhibeas
1230 4544 1286 4598 in
1342 4559 1471 4600 voce
1506 4545 1777 4619 σωτήριος
1798 4561 1897 4614 pro

320 4638 534 4704 utroque
560 4649 773 4706 genere
803 4635 1106 4689 masculino
1138 4645 1192 4690 et
1221 4635 1482 4691 feminino
1522 4635 1774 4704 usurpari
1807 4652 1898 4691 so-

311 4724 416 4792 lita,
455 4727 621 4796 cujus
656 4725 820 4794 prior
865 4725 1189 4794 signiﬁcatio
1215 4739 1296 4782 est
1325 4727 1616 4793 salutaris;
1654 4729 1748 4783 sed
1780 4727 1891 4784 fre-

302 4822 565 4890 quentiori
625 4835 737 4874 usu
790 4816 934 4886 apud
981 4818 1410 4887 ecclesiasticos,
1455 4821 1732 4878 salvatoris
1768 4837 1889 4875 ver.-

2016 3174 2193 3220 autem
2229 3163 2414 3228 Δαὸίδ,
2463 3170 2523 3217 ut
2574 3163 2628 3216 in
2666 3161 2829 3218 editis
2865 3161 3159 3218 Bibliorum
3215 3165 3429 3235 legitur.
3465 3167 3592 3234 quia

2013 3273 2205 3326 nempe
2231 3256 2287 3309 in
2316 3253 2601 3310 Hebraicis
2626 3253 3051 3323 exemplaribus,
3079 3271 3172 3324 per
3205 3273 3304 3310 vau
3335 3267 3427 3318 ΤΠ
3469 3260 3592 3316 des—

2015 3344 2261 3400 cribitur.
2292 3343 2409 3410 Qua
2450 3347 2504 3400 in
2542 3362 2603 3401 re
2631 3354 2878 3401 veterum
2909 3350 3150 3402 omnium
3199 3349 3448 3403 codicum
3483 3365 3592 3403 mo-

2010 3454 2123 3494 rem
2148 3439 2312 3508 sequi.
2333 3439 2508 3493 visum
2529 3445 2634 3492 est.

2079 3529 2371 3594 Caeterum,
2408 3540 2466 3584 ut
2493 3546 2779 3600 speramus
2812 3547 2922 3586 non
2957 3531 3226 3600 ingratum
3261 3530 3446 3584 lectori
3473 3530 3589 3586 fore

2011 3621 2304 3678 Eusebium
2337 3630 2622 3686 nostrum,
2658 3624 2730 3675 ita
2760 3623 2814 3676 in
2845 3631 3054 3692 partem
3090 3622 3277 3690 gratiae
3309 3623 3586 3676 vocandos

2008 3730 2296 3769 censemus
2346 3730 2462 3777 eos,
2507 3715 2598 3783 qui
2633 3716 2791 3768 nobis
2841 3715 2921 3768 vel
2975 3713 3193 3766 codices
3237 3713 3320 3766 vel
3362 3728 3582 3782 operam

2009 3807 2290 3860 contulere
2321 3821 2496 3860 suam.
2524 3805 2599 3858 Ex
2633 3804 2799 3874 Regia
2821 3813 2970 3859 certe
2992 3804 3340 3864 bibliotheca,
3358 3804 3585 3872 jubente

2007 3898 2377 3952 illustrissimo
2403 3898 2593 3951 abbate
2632 3913 2700 3952 ns
2735 3897 2989 3961 Louvons,
3023 3896 3267 3964 ejusdem
3306 3896 3580 3965 praelecto.

2006 3991 2223 4046 codices
2263 3990 2422 4045 nobis
2453 4006 2550 4060 pro
2586 3998 2732 4053 voto,
2769 3990 2929 4059 idque
2966 3990 3029 4043 ad
3067 3990 3384 4043 diuturnum
3423 4007 3580 4045 usum

2005 4083 2188 4137 traditi
2214 4095 2340 4137 sunt
2371 4097 2399 4134 a
2440 4082 2775 4136 doctissimis
2819 4089 2872 4135 et
2916 4081 3267 4136 amicissimis
3295 4081 3430 4136 viris
3459 4080 3578 4136 Cle-

2006 4183 2173 4227 mente
2196 4182 2250 4226 et
2278 4173 2538 4235 Boivinio,
2573 4173 2914 4227 custodibus.
2948 4170 3139 4226 Parem
3171 4172 3579 4227 beneﬁcentiam

2002 4266 2207 4335 experti
2263 4281 2453 4320 sumus
2502 4281 2669 4334 penes
2715 4266 3208 4319 eminentissimum
3250 4264 3578 4318 cardinalem

2004 4375 2069 4411 ne
2100 4359 2343 4421 COISLIN,
2378 4358 2469 4428 qui
2503 4358 2660 4412 nobis
2701 4358 2910 4412 codicis
2943 4357 3378 4427 praestantissimi
3414 4373 3576 4426 supra

1932 4461 1977 4519 ι)
2005 4450 2287 4506 memorati
2330 4450 2542 4518 copiam
2579 4448 2722 4502 fecit.
2773 4447 2838 4501 Et
2889 4448 3316 4502 illustrissimum
3363 4448 3565 4501 archie-

2003 4544 2286 4614 piscopum
2327 4541 2842 4612 Rothomagensem,
2875 4541 3034 4609 cujus
3058 4541 3397 4595 bibliotheca:
3421 4537 3571 4592 codi-

2003 4637 2160 4692 cibus
2184 4637 2250 4690 ad
2283 4645 2471 4690 nutum
2496 4635 2598 4689 frui
2634 4635 2778 4696 licet,
2815 4643 3041 4688 curante
3062 4634 3213 4689 Dom.
3239 4633 3309 4689 du
3337 4633 3571 4696 Chesne,

2003 4729 2438 4786 bibliothecario.
2467 4729 2647 4795 Salve,
2687 4729 2898 4783 erudite
2931 4729 3121 4784 lcclor.
