3948 6286
455 361 525 416 63
1154 355 1426 413 EUSEBII
1464 353 1946 412 CASSARIENSIS
1986 353 2138 409 OPP.
2170 352 2372 409 PARS.
2416 352 2504 410 Ill.
2546 387 2615 395 ——
2656 353 3063 410 EXEGETICA.
3655 354 3729 407 δι

460 504 3723 529 “nm—HW

1680 676 1788 736 DE
1832 674 2503 737 CONTINUATIONE.

771 860 1271 955 COMMEN
1292 857 1430 946 TA
1457 852 1934 947 RIORUM
2012 853 2495 942 EUSEBII
2585 852 3388 943 CIESARIENSIS

1093 1052 1149 1112 A
1201 1046 1536 1115 PSALMO
1568 1046 1769 1111 CXIX
1815 1044 2078 1120 USQUE
2131 1043 2247 1106 AD
2294 1043 2755 1107 PSALTERII
2800 1045 3086 1109 FINEM

1536 1222 2025 1302 EDITOBIS
2103 1222 2629 1301 MONITUM.

943 1408 1177 1482 (Angela
1202 1404 1330 1472 Ms],
1369 1402 1700 1459 Bibliotheca
1728 1418 1863 1457 nova
1892 1400 2143 1468 Patrum,
2174 1406 2217 1456 t.
2253 1399 2345 1465 1V,
2391 1417 2446 1472 p.
2501 1427 2502 1438 ι

1631 1419 1700 1457 ‘ca
1728 1418 1863 1457 nova
1892 1400 2143 1468 Patrum,
2174 1406 2217 1456 t.
2253 1399 2345 1465 1V,
2391 1417 2446 1472 p.
2501 1401 2591 1456 65.
2626 1401 2998 1466 Romam“,
3036 1401 3190 1491 ἱππ-4..)

528 1652 623 1709 Vir
656 1654 1012 1721 doctissimus,
1045 1665 1094 1710 et
1126 1655 1189 1710 de
1234 1654 1401 1710 sacris
1434 1653 1652 1708 Litteris
1683 1656 2056 1712 immortaliter
2099 1658 2336 1721 meritus,
2381 1674 2442 1710 ac
2479 1655 2748 1712 Maurina:
2791 1659 3014 1728 familia:
3062 1676 3322 1713 summum
3361 1659 3546 1723 decus,
3589 1660 3731 1714 Ber-

451 1750 651 1804 nardus
695 1750 1127 1821 Montfaueonius
1160 1752 1212 1804 in
1252 1750 1564 1819 praefatione
1597 1749 1667 1803 ad
1710 1750 1922 1806 Eusebii
1951 1750 2294 1806 Cwsariensis
2324 1767 2454 1821 quos
2496 1750 2658 1804 edidit
2697 1750 3115 1807 Commentarios
3153 1753 3223 1806 ad
3246 1750 3607 1817 Psalterium,
3647 1756 3728 1806 ait

449 1859 504 1911 p.
536 1857 596 1895 su
632 1860 646 1896 :
685 1860 704 1892 ι
747 1839 1143 1911 Νεᾳαεοισηιεη
1171 1840 1225 1892 id
1256 1840 1501 1911 consequi
1530 1842 1817 1909 potuimus,
1854 1852 1909 1895 ut
1944 1852 2110 1895 totum
2137 1841 2570 1896 commentarium
2600 1842 2669 1895 ad
2691 1842 2935 1897 ultimum
2965 1860 3126 1913 usque
3162 1844 3424 1912 psalmum
3450 1860 3519 1899 οι.
3549 1847 3609 1898 in
3639 1845 3728 1897 lu-

451 1950 559 1987 cem
585 1933 819 2003 proferre
844 1932 1022 1986 liceret
1048 1949 1066 1986 .'
1098 1934 1151 1986 in
1198 1933 1343 1986 nullo
1374 1934 1512 1988 enim
1547 1947 1613 1988 ex
1650 1935 1953 1987 memoratis
1983 1932 2249 1987 codicibus
2279 1932 2422 1986 ultra
2447 1948 2613 1988 cxvm
2662 1935 2925 2004 psalmum
2953 1934 3219 2006 quidpiam
3254 1935 3495 2004 offertur.
3533 1934 3727 2003 Quod-

449 2044 546 2096 que
573 2044 665 2097 per
696 2027 824 2080 mihi
850 2027 1043 2080 mirum
1083 2027 1250 2081 visunt
1269 2035 1370 2091 est,
1407 2024 1616 2081 Catence
1645 2026 1757 2079 illa!
1781 2024 1953 2096 Regia:
1982 2023 2327 2097 (Parisiacae)
2352 2041 2467 2094 quae
2498 2041 2660 2095 usque
2689 2026 2757 2079 ad
2779 2041 2942 2081 cxvm
2972 2027 3234 2095 psalmum
3263 2030 3747 2099 interpretationi-—

451 2122 545 2177 bus
589 2121 799 2177 Eusebii
821 2130 1065 2182 utuntur,
1102 2121 1177 2174 ita
1206 2128 1264 2173 ut
1287 2119 1465 2173 nullus
1489 2129 1714 2174 veterum
1743 2121 2084 2188 interpretum
2113 2117 2245 2172 adeo
2272 2117 2629 2188 frequentatus
2667 2129 2932 2182 occurrat,
2960 2120 3012 2173 in
3037 2135 3202 2177 cxvm
3229 2122 3433 2190 psalmo
3458 2125 3540 2177 ita
3560 2125 3727 2193 finem

448 2219 651 2287 faciunt
683 2217 966 2272 Eusebium
989 2218 1043 2270 in
1077 2214 1305 2269 medium
1333 2216 1610 2284 afferendi,
1639 2224 1695 2269 ut
1725 2232 1787 2269 ne
1809 2215 2018 2268 verbum
2035 2212 2241 2282 quidem
2274 2213 2495 2268 ulterius
2520 2212 2735 2268 Eusebii
2753 2225 3072 2284 compareat.
3099 2214 3243 2271 Unde
3259 2218 3561 2288 conjectare
3587 2221 3729 2290 forte

450 2314 626 2375 liceat,
652 2330 685 2367 a
704 2313 885 2367 multis
893 2313 1011 2383 jam
1037 2312 1246 2366 steculis
1270 2308 1919 2365 EusebiiCommentarios
1935 2309 2033 2362 hac
2048 2310 2335 2378 posteriore
2359 2310 2603 2377 suipurte
2623 2316 2891 2364 truncatas
2910 2308 3247 2365 librariorum
3270 2311 3476 2366 incuria
3493 2313 3685 2382 fuisse.
3702 2332 3741 2363 ι.

452 2405 520 2459 Ει
549 2405 757 2477 quidem
797 2404 1229 2475 Montfauconius
1282 2413 1417 2458 recte
1457 2420 1551 2457 nos
1598 2416 1793 2469 monet,
1827 2401 2113 2456 Eusebium
2152 2402 2207 2455 in
2241 2410 2409 2455 totum
2444 2416 2624 2469 reapse
2671 2401 2992 2456 Psalterium
3025 2404 3317 2473 scripsisse,
3353 2412 3482 2458 teste
3528 2404 3741 2460 Hiero-.

450 2514 607 2569 nymo
644 2497 719 2553 De
751 2499 939 2568 scripb.
966 2498 1128 2561 eccl.,
1161 2512 1279 2566 cap.
1308 2497 1368 2549 8]
1399 2514 1412 2549 :
1444 2515 1463 2547 ‹
1506 2493 1763 2549 Eusebius
1800 2495 1853 2547 in
1879 2509 1945 2547 c1.
1967 2493 2203 2561 psalmos
2242 2491 2631 2547 eruditissimos
2665 2491 3083 2549 Commentarios
3118 2494 3301 2549 edidit.
3342 2515 3361 2548 ι
3401 2495 3469 2548 Et
3506 2498 3562 2550 in
3612 2498 3725 2565 epi-

449 2591 592 2645 stola
636 2591 723 2656 75,
754 2590 822 2646 ad
862 2591 1262 2662 Augustinum:
1303 2608 1321 2641 ε
1361 2588 1606 2643 Psalmos
1650 2587 1981 2657 interpretati
2016 2596 2138 2641 sunt
2185 2586 2326 2651 apud
2370 2583 2579 2641 Cra-cos
2623 2588 2827 2649 primus
2859 2588 3130 2670 Origenes;
3165 2589 3421 2647 serundus
3454 2588 3726 2650 Eusebius

451 2682 819 2752 Ccesariensis,
864 2725 877 2740 .
921 2727 935 2740 .
981 2725 997 2741 .
1035 2684 1100 2740 de
1121 2685 1321 2759 integro
1350 2682 1692 2741 Psalnwrum
1730 2703 1946 2756 corpore
1965 2681 2210 2743 dicimus.
2240 2690 2275 2741 ἲ

524 2800 625 2856 His
651 2819 745 2873 ego
785 2803 926 2873 apud
960 2802 1421 2872 Montfauconiu-m
1469 2803 1639 2866 lectis,
1669 2813 1861 2859 etcum
1905 2822 1971 2859 ne
2002 2806 2141 2874 apud
2197 2805 2440 2862 Corderii
2469 2806 2676 2877 quidem
2723 2807 2977 2863 Catenam
3025 2808 3309 2863 Eusebium
3363 2809 3580 2878 uspiam
3606 2820 3726 2878 post

449 2893 651 2950 dictum
699 2897 979 2951 terminum
1030 2896 1242 2950 laudari
1271 2897 1518 2959 viderem,
1551 2898 1769 2967 quwsivi
1795 2896 1978 2951 sedulo
2012 2900 2066 2951 in
2106 2898 2377 2954 Vaticanis
2418 2901 2686 2955 codicibus
2718 2904 2953 2973 nunquid
2982 2902 3117 2973 forte
3157 2902 3366 2966 lateret,
3403 2901 3551 2972 quod
3577 2903 3725 2956 ultra

450 2990 760 3058 prwdietam
786 2992 900 3061 ejus
926 2990 1206 3046 editionem
1239 3000 1559 3063 excurreret.
1606 2989 1675 3045 Et
1702 2992 1939 3045 continui
1970 2993 2180 3062 quidem
2209 2995 2596 3057 commentarii,
2623 2995 2797 3066 qualis
2835 2994 2974 3066 apud
3001 2995 3457 3064 Montfauconium
3489 3004 3593 3057 est,
3618 3003 3724 3048 tres

451 3084 558 3138 vidi
584 3083 784 3138 codices
823 3084 1125 3148 Vaticanos,
1165 3101 1387 3155 quorum
1417 3094 1593 3138 tamen
1640 3083 1819 3139 nullus
1851 3085 1996 3140 ultra
2032 3087 2297 3156 psalmum
2336 3103 2469 3152 cxn,
2511 3100 2705 3158 prwter
2745 3090 3043 3160 interjectas
3084 3089 3323 3153 lacunas,
3376 3088 3720 3157 procedebat.

454 3179 596 3249 Ergo
626 3180 694 3233 ad
724 3179 954 3235 Catenas
999 3178 1286 3233 Vaticanus
1327 3196 1633 3243 conversus,
1666 3178 1720 3233 in
1747 3179 1936 3248 quibus
1968 3179 2181 3235 Eusebii
2212 3180 2485 3235 abundant
2511 3191 2780 3252 excerpta,
2812 3184 2867 3236 in
2905 3182 3164 3253 plerisque
3191 3181 3374 3251 utique
3406 3182 3602 3251 agnovi
3632 3180 3724 3233 de-

453 3276 609 3344 ficere
645 3275 856 3328 omnino
897 3272 1180 3327 Eusebium
1218 3282 1334 3343 post
1369 3273 1630 3342 psalmum
1663 3287 1853 3332 cxvm,
1887 3289 2002 3343 quce
2032 3290 2113 3329 res
2154 3290 2270 3327 cum
2308 3273 2696 3344 Montfauconii
2733 3273 2798 3327 de
2842 3273 3134 3329 Parisiacis
3165 3272 3376 3328 Catenis
3404 3273 3721 3325 narratione

453 3363 715 3436 congruit.
751 3366 854 3420 Sed
903 3374 1077 3419 tamen
1115 3364 1254 3436 quod
1281 3365 1401 3419 huic
1444 3363 1598 3419 docto
1642 3363 1832 3418 editori
1857 3382 1964 3427 non
1998 3364 2203 3436 obtigit,
2236 3377 2293 3419 ut
2340 3367 2483 3420 ultra
2521 3383 2640 3420 eum
2692 3368 2971 3419 terminum
3005 3364 3308 3435 prmtervehi
3354 3373 3557 3433 posset,
3592 3363 3722 3415 mihi

454 3459 724 3514 commode
752 3476 813 3513 ac
857 3460 1080 3528 feliciter
1123 3458 1326 3513 obvenit
1355 3476 1372 3513 :
1402 3459 1590 3512 etenim
1620 3458 1758 3512 inter
1805 3467 1877 3511 tot
1923 3457 2232 3528 Vaticanas,
2272 3467 2377 3513 tres
2408 3459 2580 3512 inveni
2612 3457 2864 3523 Catenas,
2903 3459 2957 3514 in
2993 3457 3181 3528 quibus
3221 3455 3431 3509 Eusebii
3465 3463 3720 3523 excerpta

456 3569 558 3605 non
583 3549 958 3605 contemnenda
993 3567 1154 3620 usque
1199 3553 1267 3604 ad
1298 3548 1553 3604 Psalterii
1584 3550 1738 3619 finem
1769 3549 2029 3621 leguntur.
2079 3550 2265 3603 Prima
2294 3558 2373 3605 est
2414 3560 2599 3604 catena
2627 3552 2908 3619 pervetusti
2948 3548 3264 3604 membranei
3288 3547 3506 3613 codicis,
3535 3546 3721 3602 sweuli

456 3644 618 3713 ferme
641 3659 694 3698 XI
718 3660 868 3714 quem
898 3644 953 3697 in
977 3642 1164 3713 Cyrilli
1187 3642 1414 3697 editione
1438 3642 1513 3713 (in
1537 3658 1640 3713 qua
1675 3642 1964 3696 Vaticanus
1988 3642 2057 3695 ad
2090 3642 2411 3698 Psalterium
2442 3641 2670 3697 Catenas
2704 3642 2980 3711 deseripsi)
3011 3641 3278 3712 designavi
3301 3640 3482 3694 littera
3513 3639 3584 3695 Β.
3621 3640 3725 3694 δε-

456 3740 629 3792 cunda
656 3747 732 3792 est
766 3736 960 3792 codicis
996 3739 1118 3792 item
1148 3738 1359 3808 egregii,
1392 3737 1706 3807 bombycini,
1731 3738 1912 3790 saeculi
1932 3738 2143 3790 circiter
2173 3751 2295 3799 xm,
2320 3753 2472 3806 quem
2502 3736 2747 3790 denotavi
2785 3736 2963 3790 littera
3000 3734 3063 3790 C.
3105 3734 3283 3789 Tertia
3316 3741 3394 3787 est
3417 3731 3620 3787 codicis
3648 3730 3712 3796 ϐ,

456 3830 741 3884 chartacei.
780 3829 1006 3900 Denique
1043 3830 1203 3883 etiam
1238 3830 1294 3882 in
1325 3828 1592 3890 codicibus
1622 3827 1670 3881 E
1689 3838 1738 3882 et
1770 3828 1834 3892 L,
1868 3828 2124 3883 nonnulla
2154 3827 2366 3883 Eusebii
2391 3839 2508 3898 post
2546 3844 2713 3883 cxvm
2743 3828 3004 3897 psalmum
3034 3827 3232 3881 scholia
3252 3836 3552 3897 supersunt.
3582 3824 3714 3890 Quae

458 3939 575 3974 cum
605 3924 682 3974 ita
712 3938 767 3976 se
792 3921 1058 3985 haberent,
1101 3920 1248 3976 nolui
1281 3920 1518 3992 equidem
1559 3920 1794 3975 oblatam
1835 3921 2142 3989 facultatem
2186 3920 2426 3976 omittere
2464 3921 2739 3990 supplendi
2767 3923 3044 3992 egregiam,
3074 3930 3327 3991 quantum
3375 3919 3503 3972 mihi
3534 3918 3707 3979 licuit,

458 4012 849 4081 Montfauconii
899 4014 1210 4080 editionem,
1242 4021 1292 4067 et
1328 4014 1374 4066 si
1404 4029 1505 4066 non
1531 4014 1790 4083 integrum
1833 4012 2041 4067 Eusebii
2065 4012 2537 4080 Commentarium,
2570 4015 2757 4069 saltem
2800 4015 2913 4085 ejus
2950 4024 3190 4081 excerpta
3228 4024 3277 4068 et
3309 4013 3564 4078 reliquias
3595 4020 3711 4064 stu-

448 4107 602 4183 diose
629 4124 656 4160 e
686 4106 951 4162 codicibus
974 4117 1233 4177 sumptas,
1267 4106 1556 4161 Latinitate
1587 4108 1767 4170 etiam,
1799 4109 2101 4160 imminente
2130 4109 2297 4177 prelo,
2334 4125 2365 4160 a
2400 4124 2479 4161 me
2507 4108 2756 4167 donatas.
2792 4105 2860 4160 ad
2884 4105 3132 4159 Ecclesia:
3165 4120 3318 4159 usum
3337 4101 3640 4173 perducere.

530 4220 696 4275 Porro
728 4221 869 4275 haud
906 4223 1211 4275 continuum
1239 4221 1373 4275 hunc
1395 4238 1505 4277 esse
1535 4221 2003 4283 Commentarium,
2029 4222 2147 4290 jam
2176 4222 2312 4302 dixi,
2350 4224 2473 4293 quia
2517 4223 2724 4276 nonnisi
2760 4239 2788 4277 e
2813 4222 3011 4275 catenis
3044 4230 3367 4289 excerptusa
3399 4218 3548 4272 nobis
3571 4215 3708 4284 fuit.

458 4312 599 4377 Quid
623 4315 779 4368 vero?
812 4311 1000 4366 Nonne
1021 4322 1071 4366 et
1099 4312 1382 4368 Athanasii
1411 4314 1464 4367 in
1495 4312 1763 4377 Psalmos,
1800 4330 1970 4366 nonne
1993 4314 2151 4367 etiam
2187 4312 2497 4368 Theodoreti
2531 4316 2583 4368 in
2629 4313 2833 4368 Isaiam
2856 4314 3138 4383 deperdita:
3163 4312 3535 4383 expositiones,
3568 4308 3711 4375 prio—

455 4405 532 4458 ris
557 4403 763 4474 quidem
790 4421 822 4457 a
864 4402 920 4458 Μ
927 4404 1291 4474 ontfauconio,
1331 4406 1639 4476 posterioris
1674 4422 1705 4459 a
1735 4404 2019 4460 Sirmondo
2041 4422 2068 4461 e
2096 4403 2311 4462 Catenis
2342 4408 2705 4464 tantummodo
2737 4407 2984 4463 delibata:
3010 4409 3264 4478 fuerunt?
3294 4406 3360 4460 Et
3391 4405 3602 4476 quidem
3616 4403 3707 4472 ju-

452 4496 633 4550 dicare
658 4512 714 4551 se
747 4497 877 4550 dicit
906 4495 1245 4562 Sirmondus,
1280 4497 1566 4553 medullam
1592 4498 1735 4552 haud
1774 4496 1927 4552 dubie
1956 4515 2270 4570 succumque
2300 4501 2549 4571 cujusque
2566 4502 2746 4570 scripti
2767 4502 3021 4556 contineri
3052 4501 3104 4554 in
3133 4499 3346 4555 Catenis
3371 4498 3560 4552 solere.
3595 4493 3708 4548 Etsi

454 4600 629 4645 autent
660 4591 769 4645 ha’c
803 4589 1015 4645 Eusebii
1043 4591 1250 4645 scholia
1280 4592 1333 4645 in
1354 4591 1614 4662 plerisque
1649 4591 1870 4661 psalmis
1903 4593 2143 4646 tenuiora
2182 4603 2327 4657 sunt,
2361 4603 2595 4647 attamen
2626 4594 2678 4647 in
2715 4594 2914 4662 aliquot
2940 4593 3014 4645 ita
3053 4591 3344 4654 abundant,
3385 4598 3441 4641 ut
3464 4602 3623 4657 prope
3645 4601 3725 4640 ear.

456 4686 657 4754 intequ
696 4699 847 4753 opere
895 4699 1163 4753 superesse
1189 4683 1484 4747 videantur,
1528 4686 1573 4739 si
1594 4693 1730 4738 certe
1758 4685 1956 4753 partim
2001 4685 2331 4754 psalmorum
2377 4684 2727 4756 quorumdam
2778 4685 3101 4746 brevitatem,
3141 4685 3334 4752 partim
3385 4682 3731 4736 scholiorumr

454 4776 660 4844 copiam
681 4783 992 4845 spectemus,
1016 4774 1173 4828 veluti
1202 4775 1270 4828 ad
1309 4775 1541 4845 psalmos
1561 4792 1722 4840 cxxv,
1748 4789 1954 4839 cxxvu,
1983 4790 2190 4840 cxxxu,
2220 4792 2439 4842 cxxxw,
2458 4793 2543 4841 CL,
2580 4788 2629 4831 et
2659 4777 2727 4830 ad
2755 4792 2912 4843 CXLV,
2944 4792 3092 4841 eux,
3125 4792 3249 4831 cu.
3278 4775 3524 4828 Jamvero
3567 4772 3705 4826 theo-

456 4869 652 4938 logicus
677 4870 731 4922 in
758 4868 858 4922 hac
885 4884 1020 4921 nova
1042 4865 1254 4921 Eusebii
1279 4878 1431 4937 parte
1469 4871 1533 4922 de
1570 4866 1768 4923 Christi
1790 4867 2065 4926 divinitate
2097 4884 2279 4922 sensus
2310 4885 2472 4924 sanus
2506 4869 2928 4940 orthodoxusque
2960 4871 3147 4938 ubique
3167 4878 3266 4931 est,
3292 4867 3507 4922 moralis
3533 4874 3703 4917 autem

452 4969 501 5014 et
536 4960 847 5016 doctrinalis
889 4962 1039 5016 valde
1062 4963 1179 5032 pius
1216 4972 1265 5016 et
1295 4962 1464 5029 utilis,
1487 4961 1551 5016 de
1579 4973 1715 5016 recte
1748 4961 1950 5032 agenda
1984 4962 2109 5027 vita,
2144 4961 2210 5014 de
2242 4961 2433 5015 orandi
2469 4979 2589 5027 usu,
2633 4962 2697 5017 de
2738 4965 2932 5016 animce
2970 4962 3390 5025 immortalitate,
3430 4959 3496 5013 de
3523 4957 3702 5025 futura

453 5054 583 5116 vita,
617 5053 681 5106 de
706 5053 1071 5107 haereticorum
1116 5055 1533 5124 reprehensione,
1566 5062 1672 5109 etc.
1708 5053 1789 5107 Ad
1817 5070 2027 5108 sacrum
2060 5053 2293 5107 criticem
2320 5063 2369 5108 et
2416 5054 2761 5125 philologiam
2790 5052 2928 5124 quod
2978 5053 3185 5116 attinet,
3222 5050 3406 5105 laudat
3446 5045 3727 5102 Eusebius.

456 5161 560 5196 non
596 5144 754 5198 semel
784 5145 1050 5214 Aquilam,
1081 5146 1274 5215 stepius
1314 5144 1706 5215 Symmachum,
1737 5144 2046 5215 quandoque
2078 5146 2239 5199 etiam
2267 5145 2693 5209 Theodotionem,
2728 5145 3075 5216 Septuaginta
3106 5143 3438 5211 Interpretes,
3465 5139 3705 5209 quintum

455 5236 755 5299 editionem,
782 5245 831 5289 et
870 5240 1042 5292 varios
1069 5238 1331 5293 interdum
1355 5237 1577 5301 codices,
1602 5237 1820 5309 denique
1852 5236 2193 5292 Hebraeorum
2217 5246 2417 5291 textum
2460 5247 2613 5306 atque
2644 5238 2962 5291 idiotismos.
2995 5236 3172 5302 Quare
3198 5245 3248 5289 et
3279 5250 3411 5288 nova
3434 5225 3699 5294 hexapla-

457 5329 603 5383 ribus
631 5327 971 5383 varietatibus
1003 5332 1230 5385 accessio
1261 5332 1381 5384 hinc
1406 5331 1523 5401 ﬁeri
1546 5330 1820 5384 videbitur.
1854 5329 1935 5383 Ad
1957 5329 2221 5398 psalmum
2251 5342 2472 5393 cxxxlv,
2505 5330 2740 5399 loquitur
2783 5329 2974 5383 diserte
3009 5326 3262 5381 Eusebius
3293 5325 3357 5379 de
3378 5320 3695 5379 ethnicorum

457 5437 556 5474 sua
593 5430 750 5475 vetate
799 5422 1151 5488 conversione,
1183 5440 1312 5495 quos
1359 5440 1560 5494 reapse,
1594 5424 1863 5492 regnantis
1895 5422 2229 5492 potissimum
2258 5422 2494 5491 exemplo
2534 5420 2892 5487 Constantini,
2937 5420 3192 5487 plurimos
3242 5417 3310 5469 ad
3344 5411 3695 5471 Christianam

459 5515 617 5583 ﬁdem
639 5515 921 5570 accessisse
939 5515 1153 5570 scimus.
1181 5516 1570 5588 Qualiscunque
1608 5516 1814 5571 demum
1845 5517 1913 5572 sit
1948 5516 2137 5570 horum
2166 5515 2485 5570 scholiorum
2518 5532 2665 5581 usus,
2710 5527 2847 5569 certe
2885 5524 2991 5568 tum
3029 5513 3187 5582 prisci
3215 5503 3447 5578 clariq’ue
3473 5499 3699 5571 Ιιοηιὶιιίδ

458 5606 621 5661 nul/tr
652 5623 685 5659 a
719 5622 798 5659 me
821 5606 1283 5677 pra'termittendw
1313 5608 1546 5680 reliquia-
1583 5619 1758 5664 erant.

2049 5740 2128 5768 J“
