3948 6286
290 329 352 386 €5
1443 330 1938 388 COMMENTARIL‘
1970 329 2045 400 ,ΙΝ
2088 329 2429 386 PSAIMOS.
3503 333 3568 382 ut:

1295 484 3416 513 ww

290 484 1874 519 Μ

894 665 1655 826 EUSEBII
1717 662 2999 820 CZESARIENSIS

1079 948 1964 1047 COMMENTARIA
2044 949 2162 1036 IN
2249 945 2812 1038 PSALMOS.

1985 1245 2354 1303 ΕΥΣΕΒΙΟΥ
2394 1245 2513 1296 ΕΙΣ
2561 1243 2694 1295 ΤΑΣ
2739 1239 3148 1292 ΕΠῙΓΡΑΦΑΣ
3195 1239 3332 1290 ΤΩΝ
3377 1240 3559 1291 ΨΑΛ-

267 1256 586 1313 EUSEBH
635 1258 736 1312 IN
771 1259 1227 1316 PSALMORUM
1261 1253 1871 1315 INSCRIPTIONES.

341 1328 993 1372 lNTl-IRDRFTATH)
1029 1329 1428 1372 manuum
1448 1329 1498 1372 Μ
1534 1324 1871 1372 nnMPEN-

1985 1253 2354 1303 ΕΥΣΕΒΙΟΥ
2394 1253 2513 1296 E12;
2561 1253 2692 1295 'I'Az.‘
2739 1253 3146 1292 Ellll'l'A‘PAL'
3195 1253 3324 1290 luxv
3379 1253 3520 1291 tum

2039 1319 2214 1372 ΜΩΝ.
2264 1315 2643 1369 ΕΡΜΠΝΕΙΑ
2684 1312 2902 1364 ΤΙΝΩΝ
2932 1308 3092 1364 ΚΑΤ
3119 1311 3253 1362 E111
3261 1307 3520 1362 ΤΟΜΗΝ.

336 1328 856 1384 INTERPRETA
871 1331 993 1386 ’ΠΟ
1029 1329 1498 1397 QUARUMDAM
1534 1324 1877 1385 COMPEN—

345 1400 457 1456 ΒΗ
504 1402 555 1455 Μ
572 1401 736 1456 ORE
773 1401 1210 1456 DESCRIPTA.

356 1519 583 1575 Centum
612 1524 668 1570 et
707 1516 1105 1588 quinquaginta
1139 1516 1331 1586 psalmi
1359 1524 1485 1572 sunt
1521 1524 1610 1571 :et
1629 1530 1759 1570 sane
1790 1531 1880 1570 sa—

303 1632 385 1670 cer
424 1623 509 1668 est
560 1611 1082 1682 quinquagenarius
1140 1624 1435 1673 numerus,
1474 1609 1568 1662 illo
1612 1607 1880 1679 siquidem

306 1707 506 1760 dierum
541 1705 828 1758 curriculo
853 1705 1161 1760 instituitur
1193 1703 1536 1768 Pentecoste,
1562 1717 1626 1756 ac
1654 1700 1881 1756 totidem

305 1814 563 1855 annorum
588 1813 825 1854 numero
853 1797 1136 1861 Juhilaaus,
1173 1805 1232 1852 ut
1261 1806 1458 1852 vocant
1487 1795 1718 1861 llebrmi,
1741 1795 1882 1849 cele-

304 1893 508 1947 bratur.
547 1891 726 1946 Nabla
763 1890 906 1961 apud
954 1890 1212 1945 llebrzeos
1252 1898 1479 1944 vocatur
1521 1887 1880 1959 psalterium;

301 1985 441 2055 quod
473 1999 543 2038 ex
593 1983 827 2037 musicis
863 1981 1246 2036 instrumentis
1297 1980 1473 2034 solum
1514 1977 1881 2033 rectissimum

303 2086 407 2136 est,
428 2091 604 2146 neque
629 2076 698 2128 ab
731 2075 932 2129 inlimis
965 2074 1214 2145 partibus
1242 2071 1306 2125 ad
1343 2086 1535 2127 sonum
1570 2069 1881 2132 adhibetur,

304 2169 398 2223 sed
429 2185 458 2222 a
496 2167 754 2239 supernis
783 2167 1000 2222 sonanti
1041 2181 1146 2220 a're
1181 2165 1494 2219 instruitur.
1535 2162 1739 2218 Psalmi
1788 2164 1885 2216 ita-

299 2278 402 2332 que
438 2270 706 2315 vocantur
727 2267 999 2330 quotquot
1033 2261 1149 2314 sola
1177 2259 1670 2313 instrumentorum
1695 2257 1885 2326 pulsa-

293 2355 636 2416 tione,nullis
655 2353 905 2408 admistis
919 2351 1578 2422 vocibus,pcrsolvuntur.
1595 2349 1871 2404 Canticurr

1985 2363 2042 2415 δὲ
2073 2361 2284 2432 ψαλμοῦ
2321 2360 2382 2412 τὸ
2413 2357 2501 2427 τῷ
2526 2355 2740 2428 ὀργάνῳ
2775 2353 3061 2424 σύμφωνον
3095 2350 3319 2417 ἐπάγειν
3347 2348 3548 2417 φωνήν·

288 2446 494 2500 dicitur
521 2444 672 2516 quod
694 2447 848 2499 suavi
879 2445 1244 2514 mquabilique
1272 2459 1405 2498 voce
1436 2443 1686 2510 canitur;
1711 2444 1856 2498 canti

1986 2453 2195 2525 ψαλμὸς
2228 2453 2283 2506 δὲ
2318 2451 2458 2522 ᾠδῆς
2503 2448 2793 2511 ἀνάπαλιν,
2839 2442 3257 2519 προηγουμένης
3298 2441 3396 2511 τῆς
3446 2439 3555 2492 τῶν

284 2551 413 2590 cum
439 2535 666 2606 psali,
690 2534 839 2606 quod
869 2549 980 2588 una
1020 2550 1145 2588 cum
1179 2535 1565 2590 instrumentis
1601 2548 1871 2589 consonas

1989 2545 2345 2620 κρουσμάτων
2387 2541 2586 2612 φωνῆς.
2647 2537 2998 2608 ’Λλληγορίας
3037 2536 3092 2590 δὲ
3135 2535 3302 2604 νόμῳ,
3343 2531 3554 2603 ψαλμὸς

285 2629 530 2683 admittit
547 2643 746 2694 voces;
769 2627 1017 2698 psalmus
1035 2627 1235 2682 cantici
1254 2643 1497 2691 rursum,
1521 2642 1645 2681 cum
1673 2627 1871 2681 instru-

1985 2608 2080 2710 μέν
2107 2608 2181 2689 σῶ
2189 2651 2353 2707 ματος
2374 2608 2585 2702 ιίίνησις
2609 2629 2921 2700 ἐναρμόνιος
2942 2629 3020 2688 εἰς
3040 2623 3300 2695 ἐργασίαν
3322 2620 3552 2691 ἀγαθὴν,

287 2726 604 2773 mentorum
643 2718 983 2772 musicorum
1015 2732 1184 2774 sonus
1211 2719 1439 2774 vocibus
1459 2719 1633 2789 praeit.
1666 2718 1722 2772 Si
1754 2719 1871 2772 alle-

1981 2731 2083 2786 κᾶν
2125 2730 2198 2800 μὴ
2223 2727 2362 2781 πάνυ
2399 2744 2482 2790 τις
2507 2723 2840 2792 ἐπακολουθῇ
2885 2719 3102 2790 Θεωρία·
3139 2716 3247 2788 ᾠδὴ
3288 2715 3343 2768 δὲ
3383 2713 3553 2784 χωρὶς

283 2810 475 2880 gorice
501 2825 594 2865 res
631 2809 953 2880 accipiatur,
980 2810 1225 2880 psalmus
1255 2820 1339 2866 est
1361 2811 1666 2867 concinnus
1690 2825 1871 2880 corpo-

1981 2820 2229 2893 πράξεως
2273 2818 2530 2889 ἀληθείας
2576 2814 2899 2883 κατάληψις,
2950 2808 3330 2879 φωτιζομένης
3371 2803 3551 2874 ψυχῆς

285 2903 362 2957 ris
410 2910 600 2956 motus
641 2900 711 2955 ad
755 2916 893 2971 opus
919 2902 1122 2956 bonum
1173 2901 1619 2972 exsequendum,
1661 2902 1871 2957 etiamsi

1981 2913 2108 2984 περὶ
2139 2910 2272 2964 Θεοῦ
2313 2911 2405 2963 καὶ
2446 2908 2554 2961 τῶν
2593 2905 2788 2974 λογίων
2819 2901 3003 2956 αὐτοῦ.
3067 2900 3185 2970 ᾨδὴ
3219 2898 3274 2950 δὲ
3311 2893 3550 2984 ψαλμοῦ,

283 2992 686 3064 contemplatio
741 3007 909 3063 parva
961 2994 1350 3064 subsequatur.
1405 2993 1692 3048 Canticum
1727 2993 1871 3048 nullo

1981 2983 2324 3076 προαγούσης
2347 2998 2595 3071 πράξεως
2613 2995 2882 3065 γνώσεως·
2901 2990 3039 3045 κατὰ
3052 2990 3128 3042 τό·
3149 2989 3203 3038 Ἐ
3208 2983 3550 3054 πιθυμήσας

279 3104 455 3158 opere
480 3087 782 3142 admistum
817 3093 902 3142 est
933 3086 1186 3141 veritatis
1222 3086 1670 3156 comprehensio,
1697 3094 1871 3142 mente

1981 3072 2194 3162 σοφίας
2227 3089 2592 3157 διατήρησοκν
2615 3083 2884 3148 ἐντολὰς,
2917 3081 3014 3134 καὶ
3053 3079 3266 3146 Κύριος
3291 3072 3550 3144 χορηγή-

275 3180 351 3234 ad
384 3180 483 3233 Dei
501 3179 737 3247 ejusque
764 3191 1076 3232 sermonum
1100 3177 1617 3247 contemplationem
1642 3178 1871 3234 illustra-

1981 3200 2069 3240 σει
2100 3200 2196 3239 σοι
2226 3184 2438 3252 αὐτήν.
2460 3183 2515 3235 Ψ
2518 3179 2685 3250 αλμὺς
2705 3179 2761 3230 δὲ
2781 3176 2923 3247 ᾠδῆς
2948 3173 3143 3245 πρᾶξις
3167 3171 3270 3223 ὑπὸ
3295 3165 3550 3237 γνώσεως

277 3282 361 3325 ta.
397 3270 696 3326 Canticum
753 3269 951 3338 psalmi
995 3267 1199 3324 dicitur
1248 3283 1372 3323 eum
1416 3269 1654 3338 cognitio
1693 3281 1871 3324 actum

1981 3277 2335 3348 όδηγουμένη,
2368 3273 2496 3346 περὶ
2521 3272 2615 3325 τοῦ
2637 3270 2751 3334 πῶς
2772 3269 2864 3321 καὶ
2885 3268 3014 3320 πότε
3037 3265 3325 3336 πρακτέον·
3354 3263 3433 3317 διὸ
3457 3263 3549 3315 καὶ

1975 3367 2189 3440 πρῶται
2219 3367 2327 3419 τῶν
2355 3361 2584 3435 ψαλμῶν
2611 3363 2666 3415 αί
2693 3358 3012 3430 έπιγραφαί·
3049 3357 3108 3409 οὐ
3143 3356 3249 3426 γὰρ
3281 3355 3386 3408 ἀπὸ
3415 3353 3550 3407 θεω-

1977 3459 2097 3532 ρίας
2121 3459 2149 3510 ὁ
2177 3457 2328 3525 ἆγιος
2347 3456 2594 3526 ἄρχεται,
2619 3450 2732 3504 ἀλλ’
2760 3448 2904 3502 ἅπαν
2939 3447 3118 3499 πίστει
3140 3448 3260 3506 ταῖς
3286 3443 3548 3514 πράξεσιν

1973 3542 2270 3618 ἐπιτρέχει.
2316 3545 2438 3597 Ἐπὶ
2465 3543 2520 3596 δὲ
2547 3539 2625 3612 τῷ
2653 3539 2794 3591 τέλει
2828 3536 3015 3589 πολλαὶ
3041 3536 3098 3587 αἱ
3122 3532 3272 3603 ᾠδαίο
3298 3532 3390 3584 καὶ
3412 3532 3545 3583 ὅπου

1973 3635 2296 3706 ἀναϐαθμοὶ,
2331 3631 2564 3702 οὐδαμοῦ
2603 3628 2837 3699 ψαλμὸς,
2866 3625 2989 3680 οὕτε
3022 3625 3142 3678 καθ’
3167 3624 3378 3686 ἑαυτὸν,
3422 3620 3542 3674 οὒτε

1977 3729 2093 3799 μετ’
2123 3726 2444 3796 ἐπιπλοκῆς.
2489 3721 2633 3794 ᾨδαὶ
2668 3721 2724 3773 δὲ
2754 3718 2930 3772 πάντα
2969 3716 3089 3769 καθ’
3125 3717 3340 3776 ἑαυτάς·
3368 3715 3400 3784 ἡ
3436 3712 3548 3782 γὰρ

277 3832 396 3869 vox
430 3814 670 3868 canticis
697 3813 890 3883 praeit;
921 3827 1031 3866 non
1062 3812 1208 3868 enim
1241 3827 1270 3866 a
1295 3815 1753 3884 contemplatione
1787 3815 1871 3868 \ir

1981 3821 2230 3882 Ξινάϐασις
2257 3817 2393 3889 πρὸς
2419 3815 2584 3886 μόνην
2605 3815 2705 3885 ὁρᾷ
2725 3810 2974 3880 θεωρίαν.
2997 3806 3285 3877 Διάψαλμα
3313 3806 3370 3858 δὲ
3394 3804 3544 3875 παρὰ

272 3915 517 3961 sanctus
559 3905 810 3968 orditur,
841 3904 934 3960 sed
981 3903 1085 3960 ﬁde
1129 3905 1353 3960 omnino
1382 3905 1449 3959 ad
1499 3921 1663 3977 opera
1707 3923 1868 3963 exse-

1981 3913 2072 3984 μὲν
2117 3909 2318 3980 Ἀκύλᾳ
2351 3908 2444 3961 καὶ
2472 3906 2550 3978 τῷ
2587 3900 2860 3976 Ἐϐραῖκῶ
2887 3901 2947 3954 οὑ
2984 3903 3179 3952 κεῖταιο
3211 3898 3332 3952 ἀντὶ
3363 3898 3420 3950 δὲ
3445 3897 3545 3949 αὑ-

270 3997 507 4068 quenda
534 3997 732 4052 currit.
769 3996 883 4051 Sub
911 3995 1072 4051 ﬁnem
1117 3997 1286 4051 multa
1325 3999 1538 4052 cantica
1581 4009 1729 4056 sunt.
1767 3999 1870 4055 Ubi

1981 4003 2067 4057 τοῦ
2090 4003 2152 4056 τὸ
2173 4003 2286 4056 ἀεί.

276 4103 473 4148 autem
507 4093 708 4164 gradus
736 4092 1006 4148 habentur
1029 4107 1300 4162 nusquam
1337 4094 1581 4163 psalmus
1606 4135 1622 4158 ,
1652 4111 1828 4166 neque
1867 4114 1962 4168 per
2004 4114 2063 4154 se
2087 4100 2258 4161 solus,
2299 4110 2472 4165 neque
2515 4092 2621 4147 alia
2668 4089 2924 4159 adjuncta
2984 4102 3117 4142 voce
3180 4083 3537 4140 inscribitur:

280 4188 383 4242 sed
406 4188 482 4242 ibi
507 4188 720 4242 cantica
746 4187 922 4242 solum
947 4195 1326 4257 apponuntur;
1350 4202 1474 4241 nam
1533 4190 1626 4244 ubi
1683 4205 1947 4250 ascensus
1985 4195 2248 4266 graduum
2275 4199 2379 4255 est,
2417 4189 2489 4244 ibi
2522 4188 2639 4242 sola
2668 4184 3051 4254 contemplatio
3081 4189 3377 4252 spectatur.
3412 4178 3541 4231 Dia-

285 4283 507 4352 psalma
536 4295 700 4351 porro
723 4281 867 4352 apud
901 4279 1152 4350 Aquilam
1175 4287 1229 4334 et
1259 4279 1314 4334 in
1343 4279 1610 4337 Hebraico
1637 4300 1747 4339 non
1771 4295 1947 4342 exstat
1973 4307 1986 4342 ε
2013 4288 2110 4344 sed
2145 4287 2266 4357 ejus
2292 4286 2437 4350 loco,
2469 4296 2671 4350 semper
2705 4277 3020 4334 ascribitur.

2067 1537 2290 1591 Ἑκατὸν
2324 1533 2656 1602 πεντήκοντα
2687 1527 3041 1597 τυγχάνουσιν
3073 1527 3122 1578 oi
3151 1525 3373 1596 ψαλμοὶ,
3409 1523 3557 1596 ἱεροῦ

1981 1631 2076 1685 τοῦ
2115 1637 2157 1683 ν’
2190 1627 2546 1697 τυγχάνοντος
2586 1620 2843 1693 ἀριθμοῦ·
2891 1622 2950 1671 ὲν
2995 1618 3092 1688 μὲν
3123 1619 3357 1689 ἡμέραις
3390 1617 3556 1670 ποιῶν

1983 1725 2082 1795 τὴν
2117 1717 2517 1791 Πεντηκοστὴν,
2544 1715 2600 1766 ὲν
2629 1713 2684 1765 δὲ
2717 1714 2979 1773 ἐνιαυτοῖς
3010 1711 3100 1763 τὸν
3129 1713 3256 1781 παρ’
3289 1710 3558 1783 Ἑϐραίοις

1985 1814 2313 1884 καλούμενον
2329 1810 2500 1878 Ἰωήλ.
2526 1805 2712 1859 Νάϐλα
2740 1803 2795 1856 δὲ
2817 1803 2942 1872 παρ’
2961 1802 3225 1870 Ἑϐραίοις
3253 1802 3467 1870 λέγεται
3497 1801 3558 1853 τὸ

1983 1907 2298 1976 ψαλτήριον,
2318 1902 2346 1954 ὃ
2361 1901 2423 1971 δὴ
2444 1898 2599 1970 μόνον
2615 1895 2724 1947 τῶν
2753 1893 3030 1965 μουσικῶν
3063 1893 3310 1963 ὀργάνων
3331 1892 3554 1964 ὀρθότα-

1984 2016 2094 2061 τον,
2117 1997 2210 2050 καὶ
2235 1995 2309 2066 μὴ
2336 1991 2763 2067 συνεργούμενον
2797 1991 2874 2050 είς
2893 1983 3023 2058 ἦχον
3047 1988 3111 2039 ἐκ
3140 1985 3246 2037 τῶν
3263 1983 3558 2038 κατωτάτω

1990 2088 2188 2163 μερῶν,
2238 2086 2350 2140 ἀλλ’
2397 2085 2601 2139 ἄνωθεν
2647 2082 2788 2152 ἔχειν
2833 2080 2924 2132 τὸν
2977 2077 3286 2148 ὑπηχοῦντα
3336 2075 3550 2146 χαλκόν.

1985 2181 2205 2252 Ψαλμοὶ
2227 2180 2324 2250 μὲν
2347 2174 2436 2232 οὖν
2457 2179 2504 2230 οἱ
2529 2177 2615 2229 διὰ
2639 2175 2800 2246 μόνου
2821 2172 2915 2225 τοῦ
2933 2171 3162 2243 ὀργάνου
3185 2167 3350 2238 χωρὶς
3374 2167 3554 2236 φωνῆς

1986 2271 2428 2342 ἀνακρουόμενον
2461 2266 2572 2339 ᾠδὴ
2611 2265 2667 2317 δὲ
2705 2265 2754 2316 οἱ
2781 2262 2871 2315 διὰ
2902 2262 3081 2331 φωνῆς
3121 2254 3408 2328 ἐμμελοῦςο
3443 2254 3556 2324 ᾠδὴ

279 3363 584 3432 praecedit,
644 3360 801 3428 juxta
846 3359 980 3413 illud
1020 3378 1034 3414 :
1081 3359 1465 3429 Concupiscens
1520 3362 1872 3431 sapientiam,

276 3471 444 3507 serva
489 3451 771 3514 mandata,
816 3462 865 3505 et
910 3451 1169 3506 Dominus
1214 3451 1462 3521 prwbebit
1507 3455 1656 3507 illam
1701 3455 1796 3508 tibi
1831 3457 1870 3512 ‘.

275 3543 544 3599 Psalmus
561 3541 761 3595 cantici
786 3549 870 3596 est
899 3550 1055 3598 actus
1085 3542 1321 3597 ducente
1337 3544 1644 3614 cognitione
1669 3544 1873 3602 admis-

277 3650 409 3697 sus,
455 3634 688 3688 docente
721 3633 930 3688 scilicet
961 3650 1070 3704 quo
1104 3643 1266 3705 pacto
1298 3651 1475 3706 quove
1505 3643 1750 3707 tempore
1801 3639 1873 3694 sit

278 3725 565 3795 agendum
605 3742 618 3777 :
654 3734 987 3795 quaprOpter
1031 3725 1088 3779 in
1131 3725 1488 3797 inscriptione
1534 3729 1871 3797 psalmorum

431 4409 958 4466 ARGUMENTUM
991 4410 1304 4466 EUSEBII
1329 4411 1723 4470 PAMPHILI.

363 4525 516 4579 Libri
560 4523 902 4580 Psalmorum
954 4527 1144 4581 istbme
1183 4527 1382 4583 divisio
1417 4528 1601 4595 fuerit,
1633 4537 1692 4585 ut
1740 4547 1864 4586 cum

286 4621 412 4690 ipsa
447 4621 791 4676 accuratiora
814 4622 1166 4692 exemplaria,
1198 4631 1314 4678 tum
1349 4622 1650 4680 Hebraicus
1685 4632 1864 4680 textus

286 4713 708 4769 circumferunt.
737 4713 922 4784 Neque
949 4731 1099 4783 vero,
1131 4725 1190 4770 ut
1213 4717 1336 4786 quis
1365 4717 1503 4771 forte
1519 4717 1866 4772 existimave-

285 4808 384 4872 rit,
413 4823 607 4862 omnes
638 4808 833 4877 psalmi
879 4816 1007 4863 sunt
1052 4806 1308 4874 Davidis;
1341 4807 1435 4862 sed
1467 4809 1696 4862 aliorum
1727 4824 1863 4878 quo-

287 4916 399 4970 que
431 4899 845 4969 prophetarum,
868 4901 959 4970 qui
995 4901 1277 4970 psallendo
1298 4901 1614 4971 prophetica
1641 4902 1862 4954 oracula

285 4992 545 5046 edebant.
574 4991 752 5057 Quare
774 4992 918 5062 apud
949 4992 1498 5056 Hebraeos,universa
1528 4995 1862 5064 psalmorum

285 5085 588 5153 scriptura,
619 5099 728 5138 non
761 5084 982 5140 Davidis
1004 5084 1107 5140 fert
1129 5085 1560 5154 inscriptionem,
1589 5086 1683 5140 sed
1713 5084 1867 5139 inde-

289 5176 447 5230 ﬁnite
501 5176 641 5231 liber
679 5176 1023 5234 Psalmorum
1071 5185 1320 5231 vocatur.
1368 5175 1425 5229 In
1471 5185 1654 5246 partes
1699 5191 1866 5246 porro

289 5269 536 5340 quinque
565 5267 776 5324 Hebraei
805 5269 1008 5323 librum
1033 5268 1371 5325 Psalmorum
1392 5268 1658 5324 dividunt.
1684 5267 1866 5322 Prima

291 5377 422 5431 pars
454 5376 482 5414 a
506 5362 685 5432 primo
715 5362 782 5416 ad
817 5361 1298 5431 quadragesimum
1329 5361 1598 5432 psalmum
1627 5360 1866 5429 comple-

291 5452 489 5518 ctitur;
533 5451 797 5519 secunda,
827 5467 859 5506 a
885 5451 1301 5522 quadragesimo
1329 5452 1505 5521 primo
1545 5449 1613 5503 ad
1643 5455 1863 5519 septua-

292 5545 557 5614 gesimum
581 5545 914 5612 secundum;
939 5545 1095 5599 tertia
1126 5559 1155 5598 a
1198 5543 1598 5614 septuagesimo
1623 5541 1862 5598 secundo

291 5637 366 5692 ad
405 5639 800 5711 octogesimum
849 5647 1135 5706 octavum;
1165 5644 1392 5708 quarta,
1431 5639 1500 5694 ab
1527 5634 1862 5708 octogesimo

368 5819 386 5852 ‘
424 5819 595 5875 Eccli.
629 5835 678 5884 ι,
714 5818 806 5873 53.

2072 4418 2435 4472 ΥΠΟΘΕΣΙΣ
2466 4414 2789 4468 ΕΥΣΕΒΙΟ
2803 4413 2846 4462 Υ
2879 4409 3022 4462 ΤΟΥ
3044 4405 3367 4460 ΠΑΜΦΙΛΟ
3381 4403 3441 4457 Υ.

2043 4531 2152 4600 Τῆς
2178 4527 2358 4599 βίϐλου
2383 4527 2490 4579 τῶν
2512 4522 2758 4594 Ψαλμῶν
2773 4521 2867 4592 ἥδε
2896 4519 2962 4573 ἂν
2989 4518 3074 4588 εἴη
3102 4520 3134 4588 ἠ
3155 4517 3436 4588 διαίρεσις,
3460 4509 3536 4572 ὡς

1970 4621 2038 4675 τὰ
2073 4620 2271 4692 ἀκριϐῆ
2311 4618 2418 4670 τῶν
2462 4613 2808 4685 ἀντιγράφων
2857 4609 2986 4662 αὑτό
3029 4627 3088 4662 τε
3133 4608 3193 4660 τὸ
3251 4601 3538 4692 Ἐϐραῖκὺν

1973 4686 2232 4784 περιέχει.
2261 4686 2387 4780 Ὀὐχ
2415 4707 2489 4770 ὡς
2526 4707 2590 4760 ἄν
2627 4721 2710 4767 τις
2754 4701 3012 4754 ὑπολάϐοι
3053 4699 3250 4758 πάντες
3291 4693 3395 4745 εἰσὶ
3441 4686 3537 4741 τοῦ

1973 4779 2212 4859 nabis}:
2247 4779 2469 4872 ψαλμοὶ,
2513 4797 2648 4851 ἀλλὰ
2685 4799 2779 4850 καὶ
2816 4794 3018 4864 ἑτέρων
3053 4784 3343 4861 προφητῶν
3373 4784 3430 4835 ὲν
3457 4779 3536 4847 τῷ

1968 4898 2186 4967 ψάλλειν
2212 4892 2680 4966 προφητευόντων.
2711 4888 2908 4958 Διόπερ
2931 4887 2965 4955 ἡ
2999 4884 3149 4935 πᾶσα
3179 4874 3362 4949 γραφὴ

1980 4964 2382 5060 Ἑϐραίοις-τῶν
2414 4981 2640 5053 ψαλμῶν
2668 4981 2726 5033 οὐ
2760 4977 2855 5031 τοῦ
2887 4973 3048 5029 Δαυῖδ
3080 4968 3390 5060 ἐπιγράφει·
3421 4964 3536 5060 ἀλλ’

1967 5055 2283 5148 ἀδιορίστως
2309 5074 2486 5144 βίϐλος
2512 5070 2742 5142 ψαλμῶν
2784 5065 3126 5138 ὀνομάζεται.
3158 5061 3251 5121 Εἰς
3285 5057 3444 5111 πέντε
3477 5055 3535 5108 δὲ

1971 5169 2038 5240 μέ
2048 5147 2112 5241 ρη
2138 5168 2234 5238 τὴν
2256 5167 2436 5219 πᾶσαν
2456 5164 2561 5218 τῶν
2581 5159 2823 5231 Ψαλμῶν
2855 5155 3032 5227 βίϐλον
3051 5151 3235 5213 παῖδες
3273 5147 3535 5241 Ἑϐραίων

1965 5260 2251 5333 διαιροῦσι⁶
2289 5257 2503 5329 πρῶτον
2545 5257 2624 5319 εἰς
2656 5257 2779 5315 τοὺς
2809 5248 2916 5303 ἀπὸ
2969 5252 3016 5299 α’
3056 5243 3214 5316 μέχρι
3251 5249 3319 5312 μ’-
3356 5239 3536 5292 δεύτε-

1971 5371 2062 5425 ρον
2083 5331 2169 5416 ήείς
2196 5353 2321 5414 τοὺς
2353 5350 2460 5404 ἀπὸ
2491 5356 2577 5420 μα’
2614 5347 2802 5417 μέχρις
2829 5341 2926 5393 οϐ”
2963 5339 3147 5411 τρίτον
3181 5338 3260 5399 εἰς
3282 5336 3406 5396 τοὺς
3427 5331 3536 5384 ἀπὸ

1967 5453 2046 5515 ογ¹
2075 5445 2266 5516 μέχρις
2296 5450 2406 5513 πηη
2431 5440 2688 5509 τέταρτον
2717 5437 2795 5497 είς
2816 5433 2942 5494 τοὺς
2967 5431 3075 5484 ἀπὸ
3104 5429 3189 5482 πίτ¹
3218 5427 3407 5498 μέχρις
3434 5435 3531 5496 ρξ’⁹

1969 5538 2219 5608 πέμπτον
2259 5535 2338 5595 εἰς
2360 5533 2482 5593 τοὺς
2513 5528 2620 5582 ἀπὸ
2663 5532 2748 5597 pg’
2781 5524 2941 5595 μέχρι
2967 5521 3170 5584 τέλους.
3214 5516 3533 5586 Ἀνεπίγρα-

1970 5648 2058 5700 φοι
2088 5627 2144 5681 δέ
2168 5629 2272 5680 εἰσι
2296 5621 2499 5697 ψαλμοὶ
2517 5619 2601 5688 ιθ’,
2624 5614 3092 5689 ἐπιγεγραμμένοι
3114 5612 3247 5686 ρλα¹.
3273 5609 3392 5663 Τῶν
3414 5609 3535 5660 ἐπι-
