3948 6286
313 393 379 448 τι
1430 383 1930 441 COMMENTARIA
1968 389 2032 442 IN
2073 389 2407 446 essurus.
3083 459 3086 462 ,
3502 390 3568 448 τι

319 509 521 578 στήσας
549 509 726 581 αὐτὴν
750 510 828 574 εἰς
855 506 1225 580 Ἰερουσαλὴμ,
1259 509 1565 580 ἐπιλέγεται
1586 511 1649 564 ἐκ
1675 511 1771 582 τῆς
1805 529 1875 580 φυ

2008 507 2343 580 reposuisset
2365 507 2533 572 illam,
2565 524 2627 564 ex
2661 505 2804 562 tribu
2841 505 2966 561 Levi
3014 508 3343 579 psalmorum
3385 522 3572 566 canto-

311 598 411 670 -λῆς
437 597 570 652 Λευτ
592 599 786 672 κλήρῳ
809 599 1116 670 ψαλτῳδοὺς
1139 600 1402 671 ἄρχοντας
1423 600 1576 671 ᾠδῶν
1609 602 1896 674 τέσσαρας,

323 690 409 745 τοῦ
438 689 665 760 ψάλλειν
701 691 797 745 καὶ
839 691 982 763 ᾄδειν
1010 690 1238 743 ἐνώπιον
1281 692 1377 762 τῆς
1419 691 1648 746 κιϐωτοῦ
1676 692 1750 763 τῷ
1790 696 1898 746 Κυ-

332 785 442 856 ρίῳ,
493 782 588 837 καὶ
623 784 918 856 ἀναφέρειν
950 783 1130 855 φωνὴν
1162 784 1498 856 εὐφροσύνης
1529 787 1608 850 είς
1652 785 1899 856 ἐξομολό-

326 893 476 944 γησιν
499 873 597 928 καὶ
620 875 825 929 αἵνεσιν
846 878 903 930 ὲν
925 876 1170 948 ὀργάνοις
1189 875 1570 948 ἡρμοσμένοις,
1598 879 1689 932 καὶ
1712 879 1894 950 ᾠδαῖς,

324 969 410 1020 καὶ
440 967 711 1039 κινύραις,
741 969 833 1022 καὶ
869 971 1111 1034 νάϐλαις,
1147 975 1238 1024 καὶ
1280 971 1599 1040 τυμπάνοις,
1637 972 1725 1024 καὶ
1760 989 1897 1043 κυμ-

325 1060 525 1123 ϐάλοις,
573 1061 668 1113 καὶ
718 1061 1017 1133 ψαλτηρίῳ,
1071 1065 1164 1116 καὶ
1226 1064 1503 1134 κερατίνη.
1556 1065 1646 1116 τὸν
1702 1065 1893 1131 Ἀσάφ,

323 1151 515 1219 Αίμάν,
568 1150 758 1215 Αίθάν,
815 1153 1078 1225 Ἰδιθούμ·
1111 1149 1461 1225 οἷςάριθμὸς
1503 1153 1656 1224 ᾠδῶν
1709 1157 1895 1210 ἐπετέ-

322 1259 504 1304 τακτο,
536 1243 770 1313 ᾀδόντων
809 1242 1094 1299 διακοσίων
1134 1245 1458 1318 ὁγδοήκοντα
1486 1247 1646 1312 ὀκτὼ,
1685 1249 1896 1318 ἑκάστῳ

324 1332 694 1402 ἑϐδομήκοντα
741 1335 852 1401 δύο,
878 1339 940 1390 ὲκ
974 1336 1067 1390 τοῦ
1105 1338 1235 1408 Χάμ
1265 1337 1362 1402 λε’,
1397 1338 1490 1391 τοῦ
1531 1340 1648 1410 Σὴμ
1676 1339 1774 1401 κε’,
1800 1338 1894 1393 τοῦ

337 1424 510 1492 Ίάφεθ
552 1433 630 1477 ιε’.
662 1427 890 1492 Οῖτινες,
927 1429 1157 1492 ἑστῶτες
1189 1429 1494 1502 ἔμπροσθεν
1531 1430 1632 1500 τῆς
1665 1431 1894 1484 κιϐωτοῦ

323 1515 594 1588 Διαθήκης
645 1520 871 1591 Κυρίου.
923 1521 1146 1590 ἔψαλλον
1189 1525 1281 1576 καὶ
1313 1519 1440 1596 ᾖδον
1478 1523 1555 1594 τῷ
1589 1523 1800 1594 Κυρίῳ·
1837 1524 1895 1588 ὃς

324 1608 416 1677 μὲν
447 1609 506 1662 ὲν
539 1609 753 1681 κινύρᾳ,
777 1613 835 1676 ὃς
877 1612 932 1666 δὲ
963 1616 1019 1667 ὲν
1048 1615 1364 1686 κυμϐάλοις,
1406 1615 1462 1680 ὃς
1495 1615 1550 1669 δὲ
1584 1618 1640 1668 ὲν
1672 1615 1892 1688 κιθάρᾳ,

317 1699 373 1762 ὃς
415 1699 470 1752 δὲ
515 1702 576 1754 ὲν
623 1701 940 1775 ψαλτηρίῳ·
977 1698 1050 1758 ὧν
1105 1707 1265 1776 μέσος
1305 1707 1488 1759 ἵστατο
1539 1707 1567 1758 ό
1629 1707 1895 1777 μακάριος

318 1790 490 1855 Δαυτδ,
515 1794 680 1857 αὐτὸς
704 1796 886 1865 ἄρχων
913 1797 1190 1868 ἀρχόντων
1229 1799 1400 1870 ᾠδῶν,
1432 1799 1646 1870 κρατῶν
1671 1800 1762 1851 ἐπὶ
1784 1801 1894 1869 χεῖ-

2004 617 2092 657 res
2115 609 2377 672 quatuor,
2417 601 2755 655 canticorum
2787 601 3082 670 principes,
3116 601 3218 656 sibi
3251 611 3397 660 sorte
3425 601 3570 656 delc-

2002 693 2115 764 git;
2159 700 2219 746 ut
2254 693 2308 747 in
2357 699 2650 761 conspectu
2707 706 2848 746 arcae
2905 690 3136 746 Domino
3192 694 3484 763 psallerent
3519 703 3571 750 et

2000 791 2310 847 cantarent,
2355 799 2652 853 vocemque
2701 783 2920 845 laetitiae.
2980 784 3034 840 in
3085 785 3484 842 confessionem
3515 793 3569 841 et

2000 875 2216 930 laudem
2252 875 2632 931 instrumentis
2673 877 2964 932 concinnis
3021 876 3347 948 proferrent,
3395 880 3570 934 canti-

1999 968 2103 1032 cis,
2141 969 2366 1038 cyniris,
2415 968 2610 1032 nablis,
2645 971 2937 1040 tympanis,
2967 971 3252 1041 cymbalis,
3289 971 3566 1041 psalterio,

1997 1067 2054 1114 et
2089 1059 2218 1114 tuba
2265 1075 2499 1126 cornea;
2533 1062 2783 1117 videlicet
2833 1062 3037 1131 Asaph,
3080 1061 3298 1127 Aman,
3341 1062 3568 1127 Ethan,

1999 1151 2256 1215 ldithum,
2290 1153 2449 1222 queis
2483 1161 2670 1208 certus
2703 1155 3042 1208 canticorum
3073 1170 3332 1210 numerus
3364 1156 3570 1209 consti-

2000 1255 2150 1303 tutus
2186 1258 2303 1303 erat
2326 1266 2339 1312 ;
2373 1249 2648 1319 deputatis
2673 1249 2991 1303 cantoribus
3017 1249 3266 1302 ducentis
3289 1250 3566 1319 octoginta

1998 1349 2172 1404 octo;
2247 1340 2478 1408 singulis
2550 1341 2808 1395 nimirum
2871 1340 3210 1410 septuaginta
3282 1341 3409 1394 duo.
3487 1339 3565 1393 Ex

1995 1430 2204 1485 Chamo
2273 1432 2386 1486 sive
2447 1430 2637 1486 Chami
2701 1433 2956 1502 progenie
3017 1433 3237 1502 triginta
3297 1433 3442 1500 duo;
3500 1447 3566 1486 ex

2000 1524 2164 1579 Semo
2196 1525 2386 1595 viginti
2421 1527 2698 1596 quinque;
2731 1542 2794 1580 ex
2832 1525 3060 1597 Japheto
3093 1525 3425 1596 quindecim.
3459 1525 3566 1592 Qui

1996 1625 2204 1673 stantes
2236 1631 2418 1671 coram
2463 1633 2587 1671 arca
2621 1620 2934 1673 testamenti
2965 1618 3204 1682 Domini,
3243 1618 3565 1688 psallebant,

1995 1711 2372 1779 canebantque
2420 1708 2676 1774 Domino;
2731 1710 2821 1763 alii
2876 1711 3084 1781 Cinyra,
3136 1710 3227 1764 alii
3277 1710 3562 1780 cymbalis,

1997 1801 2220 1872 quidam
2253 1801 2486 1861 cithara,
2514 1799 2678 1869 aliqui
2707 1800 2965 1868 psalterio
2998 1819 3009 1853 :
3047 1800 3100 1853 in
3122 1814 3354 1869 quorum
3388 1797 3566 1852 medio

251 1916 294 1938 ρ
320 1901 410 1954 ρας
459 1885 521 1938 τὸ
575 1887 890 1960 ψαλτήριον.
924 1893 1192 1955 Ἕκαστος
1247 1891 1303 1946 δὲ
1348 1889 1473 1966 ᾖδεν
1525 1893 1618 1946 καὶ
1666 1893 1878 1962 ἔψαλλεε.

1997 1893 2332 1947 consistebat
2364 1891 2553 1954 David,
2593 1892 2708 1960 ipse
2738 1891 2992 1960 princeps
3041 1891 3346 1959 principum
3393 1889 3567 1943 cantia

319 1974 488 2043 ὑμνῶν
515 1974 610 2028 τὸν
641 1977 772 2030 Θεὸν
798 1978 936 2050 ἁγίῳ
968 1981 1241 2052 Πνεύματι
1279 1983 1642 2053 τεταγμένως.
1701 1982 1887 2036 Ἠνίκα

321 2065 481 2118 τοίνυν
503 2067 734 2140 ἐσκίρτα
760 2070 821 2124 τὸ
841 2071 1063 2143 Πνεῦμα
1084 2074 1174 2127 ἐπί
1196 2092 1316 2128 τινα
1342 2075 1447 2127 τῶν
1477 2075 1749 2145 ἀρχόντων
1776 2076 1885 2128 τῶν

323 2159 623 2231 ψαλτῳδῶν,
648 2165 694 2216 οἱ
719 2165 895 2219 λοιποὶ
944 2168 1172 2238 ἡσυχίαν
1211 2163 1346 2238 ἦγον
1403 2168 1749 2238 παρεστῶτες
1794 2169 1887 2222 καὶ⁹

319 2249 673 2317 ὑπακούοντες
691 2255 766 2324 (1)
786 2259 1089 2326 συμφώνως
1103 2257 1180 2328 τῷ
1201 2257 1474 2327 ψάλλοντι,
1506 2256 1884 2324 Ἀλλ-ηλούΐα.

1995 2000 2208 2049 corum,
2245 2001 2407 2038 manu
2443 1994 2685 2039 tractans
2707 1983 3046 2054 psalterium.
3082 1983 3292 2054 Singuli
3323 1997 3454 2036 vero
3475 1997 3567 2035 ca-

1994 2077 2195 2131 nebant
2228 2084 2282 2131 et
2317 2076 2640 2146 psallebant,
2682 2076 2898 2147 hymnis
2935 2074 3101 2129 Deum
3125 2075 3414 2134 concinne,
3442 2071 3567 2142 Spi-

1993 2170 2100 2223 ritu
2138 2178 2327 2224 sancto
2351 2169 2506 2232 moti,
2549 2169 2906 2224 celebrantes.
2933 2168 3067 2223 Cum
3110 2169 3290 2236 itaque
3325 2164 3563 2236 Spiritus

1999 2260 2053 2314 in
2085 2261 2394 2332 quempiam
2421 2260 2727 2330 principum
2761 2268 3046 2315 cantorum
3095 2259 3349 2322 insiliret,
3381 2259 3562 2312 caeteri

313 2350 482 2416 quiete
526 2352 759 2419 agebant
799 2360 1040 2408 astantes
1086 2370 1148 2408 ac
1182 2369 1314 2410 voce
1345 2369 1586 2408 consona
1624 2356 1876 2424 psallenti
1913 2357 2330 2428 respondentes,
2373 2357 2628 2412 Alleluia.

385 2441 472 2492 Ἐν
514 2443 584 2510 τῇ
627 2442 888 2514 Ἑϐραῖκῇ
922 2444 1087 2516 βίϐλῳ
1120 2447 1228 2498 τῶν
1253 2446 1481 2517 ψαλμῶν
1515 2448 1642 2502 ἄνευ
1667 2449 1764 2518 τῆς
1794 2447 1888 2501 τοῦ

308 2531 538 2603 ἀριθμοῦ
571 2537 886 2606 προσθήκης
915 2539 1299 2609 ἀνεγράφησαν
1330 2542 1377 2592 οἱ
1413 2540 1610 2604 πάντες
1647 2537 1739 2593 καὶ
1767 2540 1884 2593 δια-

307 2623 500 2694 φόρως.
557 2627 620 2678 Ol
661 2627 761 2696 μέν
797 2631 901 2680 εἱσι
952 2629 1306 2700 συνημμένοι,
1353 2633 1402 2684 οἱ
1445 2631 1500 2684 δὲ
1544 2629 1880 2704 διῃρημένοι.

317 2711 528 2782 Ἀμέλει
562 2715 590 2767 ό
621 2716 718 2785 μὲν
752 2717 966 2788 πρῶτος
996 2719 1090 2772 καὶ
1116 2719 1362 2791 δεύτερος
1410 2721 1743 2792 συνημμένοι
1775 2721 1882 2774 εἰσὶ

307 2805 439 2857 κατὰ
470 2804 532 2858 τὸ
579 2806 894 2876 Ἑϐραῖκόν·
932 2809 1024 2862 καὶ
1057 2811 1215 2863 πάλιν
1240 2814 1268 2863 ό
1302 2811 1505 2874 ἔνατος,
1539 2811 1880 2882 συνημμένος

306 2897 427 2965 παρ’
456 2896 610 2965 ἡμῖν,
658 2897 715 2949 ὲν
739 2897 815 2967 τῷ
856 2899 1128 2970 Ἐϐραῖκῷ
1158 2901 1406 2971 διῄρηται
1440 2905 1520 2964 εἰς
1562 2900 1670 2956 δύο.
1704 2905 1880 2975 Παρα-

302 2988 564 3057 τηρητέον
594 2989 673 3052 δὲ,
715 2991 796 3042 ὅτι
835 2991 907 3060 μὴ
944 2992 1084 3044 κατά
1113 2993 1432 3046 ἀκολουθίαν
1472 2995 1580 3046 τῶν
1603 2995 1702 3064 τῆς
1739 2996 1878 3048 ἱστο-

308 3079 668 3155 ρίαςγρόνων
698 3086 731 3155 ὴ
766 3083 874 3138 τῶν
905 3084 1133 3155 ψαλμῶν
1178 3083 1455 3152 σύγκειται
1501 3085 1682 3150 τάξις·
1719 3087 1875 3157 ἐνήλ-

304 3175 488 3229 λακται
509 3177 569 3230 δὲ
593 3179 744 3248 παρά
771 3177 925 3241 πολὺ,
961 3176 1141 3242 καθὼς
1170 3179 1202 3249 ἡ
1230 3178 1409 3248 βίϐλος
1431 3179 1537 3231 τῶν
1561 3180 1872 3246 Βασιλειῶν,

306 3267 391 3318 καὶ
422 3267 622 3338 αὖτηή
672 3268 822 3332 τάξις
852 3269 1017 3338 δηλοῖ.
1054 3269 1263 3338 Πολλῆς
1311 3269 1488 3321 τοίνυν
1536 3288 1877 3342 κατακρατη-

306 3357 468 3427 σάσης
519 3358 962 3428 εἰδωλολ-ατρείας
1008 3358 1102 3411 τοῦ
1145 3359 1410 3412 Ἰουδαίων
1465 3360 1666 3424 ἔθνους,
1710 3360 1876 3432 λήθην

307 3452 491 3515 αὐτούς
542 3469 675 3520 φασι
727 3451 1054 3523 πεποιῆσθαι
1084 3453 1191 3505 τῶν
1237 3453 1478 3524 πατρίων
1525 3454 1770 3525 γραφῶν,
1803 3455 1877 3518 ὡς

309 3543 431 3612 μηδὲ
479 3543 578 3595 τοῦ
612 3542 888 3606 Μωῦσέως
921 3543 1082 3613 νόμου
1112 3543 1290 3612 βίϐλον
1332 3545 1706 3616 ἐπιφέρεσθαι,
1743 3545 1874 3616 μηδὲ

308 3635 520 3704 μνήμην
539 3633 638 3702 τῆς
664 3633 770 3685 τῶν
794 3634 1042 3702 πατέρων
1066 3633 1344 3698 εὐσεϐείας
1373 3633 1694 3699 ἀποσώζειν.
1720 3634 1876 3688 Οὕτω

304 3725 423 3792 γοῦν
448 3727 577 3787 τοὺς
611 3725 893 3796 προφήτας
917 3724 1146 3796 ἀνῄρουν
1182 3725 1550 3796 διελέγχοντας
1575 3726 1753 3780 αὐτῶν
1776 3727 1876 3790 τὰς

302 3816 630 3880 δυσσεϐείας.
683 3816 815 3870 Οὐδὲ
848 3817 944 3869 νῢν
985 3817 1293 3887 θαυμαστὸν
1337 3820 1393 3869 ὲν
1441 3818 1662 3890 τοιαύτῃ
1704 3835 1873 3871 κατα-

303 3909 481 3961 στάσει
516 3907 725 3977 καιρῶν
758 3909 853 3961 καὶ
879 3908 986 3960 τῶν
1021 3908 1403 3980 ἐμφερομένων
1430 3910 1580 3972 τινάς
1610 3912 1674 3980 τῇ
1709 3909 1874 3979 βίϐλῳ

299 4001 400 4054 τῶν
423 4002 658 4072 ψαλμῶν
685 4001 1142 4065 διαπεπτωκέναι,
1177 4002 1317 4074 λήθῃ
1348 4020 1405 4054 τε
1434 4005 1661 4072 μακροῖς
1693 4020 1871 4076 παρα-

298 4090 535 4146 δεδόσθαι
557 4093 956 4164 χρόνοις.”Υστε
966 4111 1054 4165 ρον
1068 4094 1124 4148 δὲ
1141 4095 1277 4165 μετά
1290 4093 1480 4157 ταῦτα,
1500 4095 1607 4147 εἴτε
1617 4095 1868 4166 Ἐσδραν,

297 4183 400 4236 εἴτε
450 4185 602 4247 τινὰς
634 4184 853 4256 ἑτέρους
885 4187 1189 4258 προφήτας,
1242 4187 1370 4259 περὶ
1409 4187 1507 4258 τὴν
1555 4187 1872 4259 συναγωγὴν

296 4275 471 4328 αὐτῶν
498 4276 908 4340 ἐσπουδακέναι,
937 4277 1056 4347 μεθ’
1082 4271 1155 4330 ὧν
1180 4279 1272 4330 καὶ
1287 4279 1383 4349 τὴν
1405 4279 1583 4349 βίϐλον
1605 4279 1710 4332 τῶν
1736 4279 1872 4348 ψαλ-

299 4366 409 4434 μῶν
436 4367 718 4436 ἡγιοχέναι
766 4368 910 4438 (sic),
941 4367 1041 4420 οὐκ
1088 4367 1299 4439 ἀθρόως
1329 4356 1554 4440 εὑρόντα
1583 4372 1711 4433 τοὺς
1737 4370 1871 4423 πάν-

295 4471 406 4522 τας,
442 4460 579 4512 am
603 4459 740 4513 κατά
764 4460 1048 4532 διαφόρους
1080 4461 1322 4530 χρόνους.
1354 4462 1462 4514 Καὶ
1495 4462 1703 4514 τάττειν
1728 4462 1784 4514 δὲ
1812 4464 1870 4515 ὲν

2065 2450 2122 2504 In
2163 2448 2432 2504 llebraico
2464 2448 2802 2504 Psalmorum
2829 2448 2988 2511 libro,
3019 2445 3415 2517 psalmiomnes
3443 2442 3562 2500 sine

1993 2541 2204 2594 numeri
2234 2539 2511 2594 additione
2544 2540 2693 2594 varie
2725 2539 2973 2608 inscripti
3009 2548 3158 2593 sunt.
3193 2537 3257 2592 Et
3281 2545 3410 2593 sunt
3439 2537 3561 2606 qui-

1989 2634 2110 2690 dem
2141 2635 2230 2688 alii
2265 2635 2567 2704 conjuncti,
2595 2636 2685 2688 alii
2717 2650 2846 2690 vero
2873 2635 3055 2690 divisi.
3093 2633 3235 2688 Sane
3267 2634 3478 2703 primus
3507 2642 3559 2686 et

1989 2729 2261 2783 secundus
2291 2729 2445 2798 juxta
2474 2726 2799 2782 llebraicum
2832 2728 3159 2797 copulantur
3185 2746 3197 2780 :
3227 2742 3404 2781 nonus
3425 2741 3559 2780 con-

1988 2829 2070 2874 tra
2096 2821 2186 2890 qui
2223 2821 2365 2890 apud
2398 2836 2498 2876 nos
2529 2819 2861 2888 eonjunctus
2895 2827 2997 2879 est,
3033 2819 3085 2870 in
3111 2818 3250 2872 duos
3271 2817 3413 2888 apud
3444 2814 3556 2871 He-

1986 2912 2229 2966 braicum
2266 2919 2473 2966 textum
2515 2911 2882 2965 distribuitur.
2925 2909 3338 2964 Observandum
3373 2915 3553 2961 autem

1984 3009 2090 3066 est,
2128 3018 2239 3056 non
2272 3001 2338 3054 ad
2369 3001 2564 3055 seriem
2591 3001 2834 3055 historiae
2867 3009 3197 3068 temporum,
3218 3000 3552 3068 psalmorum

1984 3095 2234 3148 ordinem
2255 3095 2614 3147 constitutum
2647 3108 2767 3147 esse
2794 3109 2805 3146 :
2845 3091 3113 3160 siquidem
3154 3091 3383 3144 multum
3405 3104 3556 3142 com-

1984 3193 2242 3246 mutatur,
2270 3185 2347 3238 uti
2373 3181 2685 3254 Regnorum
2711 3183 2848 3237 liber
2879 3199 2942 3236 ac
2971 3182 3050 3236 vel
3073 3183 3188 3252 ipse
3217 3182 3352 3235 ordo
3379 3181 3555 3235 decla-

1983 3281 2084 3329 rat.
2117 3274 2252 3328 Cum
2284 3275 2469 3340 itaque
2496 3272 2666 3325 multo
2698 3271 3022 3326 idololatriae
3072 3285 3267 3340 genere
3290 3268 3553 3324 Iudaicus

1981 3366 2216 3436 populus
2247 3366 2602 3429 detineretur,
2638 3364 2830 3418 dicunt
2863 3378 2927 3418 eo
2955 3378 3128 3433 usque
3150 3363 3456 3425 devenisse,
3491 3368 3553 3414 ut

1981 3460 2186 3529 patrias
2217 3460 2520 3530 scripturas
2570 3475 2599 3513 e
2648 3457 2911 3513 memoria
2951 3456 3353 3518 oblitterarent,
3393 3456 3551 3509 itaut

1979 3566 2153 3620 neque
2179 3549 2430 3604 Mosaicw
2463 3549 2597 3619 legis
2625 3549 2762 3602 liber
2813 3547 2954 3600 ultra
2986 3547 3342 3615 reperiretur,
3371 3559 3550 3613 neque

1979 3647 2217 3708 paternae
2243 3639 2458 3707 pietatis
2486 3637 2805 3692 memoriam
2827 3641 3236 3689 conscrvarent.
3259 3632 3550 3686 Enimvero

1979 3730 2272 3799 prophetas
2325 3728 2668 3798 impietatem
2723 3741 2878 3781 suam
2920 3731 3285 3796 coarguentes
3339 3723 3548 3777 interti-

1977 3820 2212 3874 ciebant.
2244 3817 2388 3873 Nihil
2441 3820 2621 3888 itaque
2663 3817 2863 3871 mirum
2897 3827 2982 3871 est
3008 3815 3063 3868 in
3106 3815 3199 3867 tali
3237 3825 3545 3884 temporum

1975 3911 2308 3975 conditione,
2329 3911 2568 3979 psalmos
2587 3909 2794 3977 aliquot
2819 3907 2950 3962 olim
2971 3907 3024 3960 in
3049 3905 3388 3960 Psalmorum
3406 3905 3546 3960 libro

1974 4009 2349 4066 occurrentes,
2385 4001 2547 4071 longo
2581 4014 2853 4055 annorum
2895 3997 3172 4051 curriculo
3203 3997 3414 4050 incuria
3446 3997 3547 4051 ob-

1975 4093 2249 4148 litteratos
2277 4092 2569 4152 excidisse.
2610 4091 2723 4146 Sub
2748 4091 2862 4145 haec
2896 4098 3077 4144 autem
3112 4089 3266 4142 aiunt
3297 4089 3412 4144 sive
3445 4089 3545 4142 Es~

1973 4186 2150 4248 dram,
2171 4185 2285 4240 sive
2308 4186 2446 4240 alios
2468 4185 2733 4255 quosdam
2754 4186 3068 4254 prophetas,
3088 4183 3234 4252 ipsos
3255 4181 3544 4250 colligendi

1972 4293 2160 4332 curam
2197 4278 2508 4348 suscepisse
2534 4316 2549 4343 ,
2592 4285 2887 4346 posteaque
2944 4273 3285 4328 Psalmorum
3344 4273 3540 4326 librum

1972 4383 2347 4434 consecrasse,
2385 4384 2485 4422 nec
2508 4367 2794 4422 confertim
2832 4374 3078 4435 repertos
3123 4379 3314 4419 omnes
3347 4363 3540 4426 fuisse,

1972 4460 2066 4515 sed
2096 4460 2331 4524 diversis
2362 4460 2721 4529 temporibus.
2767 4457 2980 4513 Primos
3025 4465 3207 4512 autem
3239 4457 3541 4511 collocasse

295 4550 527 4621 πρώτοις
551 4552 678 4612 τοὺς
698 4549 946 4620 πρώτους
979 4550 1397 4622 εὑρισκομένους
1414 4567 1426 4580 °
1463 4551 1595 4622 μηδὲ
1624 4553 1748 4616 τοὺς
1773 4553 1866 4606 τοῦ

1986 4569 2065 4608 aos
2093 4554 2183 4622 qui
2215 4553 2379 4622 primi
2411 4552 2617 4606 inventi
2655 4551 2870 4605 fuerant
2909 4568 2923 4614 ;
2980 4549 3218 4618 hincque
3247 4547 3447 4602 factum
3479 4555 3540 4600 ut

294 4639 448 4697 Δαυῒδ
481 4641 681 4711 ἐφεξῆς
714 4640 923 4695 κεῖσθαι
965 4643 1173 4706 πάντας
1193 4659 1206 4672 ο
1236 4643 1293 4696 εν
1332 4661 1391 4697 τε
1423 4643 1501 4714 τῷ
1534 4642 1734 4714 μεταξὺ
1773 4645 1866 4698 καὶ

1971 4644 2006 4698 ii
2038 4647 2190 4714 quia
2223 4642 2425 4696 Davide
2476 4643 2770 4710 conscripti
2813 4648 2940 4697 sunt
2986 4655 3095 4694 non
3141 4641 3540 4705 consequenter

289 4731 393 4785 τῶν
421 4733 560 4784 υἱῶν
585 4732 749 4803 Κορὲ,
787 4733 880 4786 καὶ
907 4733 1001 4786 τοῦ
1040 4733 1230 4803 Ἀσάφ,
1261 4735 1353 4788 καὶ
1373 4733 1731 4806 Σολομῶντος,
1775 4737 1868 4791 καὶ

1991 4747 2202 4800 aceant,
2262 4735 2356 4792 sed
2393 4734 2662 4790 commisti
2695 4748 2818 4786 cum
2865 4732 2933 4788 iis
2978 4731 3070 4801 qui
3109 4730 3342 4783 filiorum
3373 4727 3534 4789 Core,

288 4824 585 4887 Μωῦσέως,
604 4824 782 4892 Αίμάν
806 4842 886 4889 τε,
917 4825 1011 4878 καὶ
1037 4824 1224 4890 Αίθάν,
1248 4826 1341 4880 καὶ
1376 4827 1624 4898 Ἰδιθοὺμ,
1652 4830 1744 4882 καὶ
1765 4830 1868 4884 πάι

288 4915 367 4969 λιν
400 4917 497 4971 τοῦ
527 4915 692 4971 Δαυῒδ
716 4915 1060 4988 εὑρίσκεσθαι
1088 4918 1289 4989 ἀναμὶξ
1311 4921 1368 4973 ὲν
1395 4923 1460 4991 τῇ
1501 4920 1668 4992 βίϐλῳ
1697 4939 1853 4976 καταο

286 5010 677 5084 τεταγμένους,
728 5010 788 5062 οὑ
810 5007 930 5062 γαθ’
961 5006 1054 5072 οὓς
1103 5008 1399 5081 ἐλέχθησαν
1444 5012 1684 5083 χρόνους,
1730 5013 1864 5068 ἀλλὰ

288 5102 404 5155 καθ’
429 5101 524 5165 οὓς
547 5101 825 5172 εὕρηνται.
854 5101 1043 5155 Ἔνθεν
1063 5119 1120 5154 τε
1154 5101 1422 5174 συμϐῆναι
1455 5105 1578 5167 τοὺς
1599 5108 1713 5169 τοῖς
1739 5105 1861 5178 χρό-

286 5207 391 5258 νοις
411 5194 673 5264 ὑστέρους
698 5193 946 5263 πρώτους
971 5192 1310 5263 εὑρεθέντας,
1337 5193 1708 5264 ἀναληφθῆναι
1733 5215 1859 5267 προ-

285 5284 500 5356 τέρουςο
536 5287 662 5349 τοὺς
691 5283 748 5338 δὲ
779 5285 1070 5356 προτέρους
1104 5284 1240 5354 μετά
1268 5283 1439 5339 ταῦτα
1462 5287 1780 5358 εὑρεθέντας
1799 5291 1856 5344 ὲν

286 5374 508 5448 δευτέρᾳ
530 5375 765 5446 ταγῆναι
789 5375 944 5447 χώρᾳ
961 5392 973 5407 ⁸
1003 5377 1064 5430 τδ
1080 5376 1124 5428 δ’
1154 5374 1284 5430 αὐτὸ
1300 5374 1476 5449 εὕροις
1498 5379 1857 5450 γεγενημένον

289 5461 342 5518 δν
365 5468 474 5528 τοῖς
499 5465 827 5536 προφήταις.
1427 5465 1429 5467 ’

353 5554 539 5608 Πάντα
561 5555 751 5626 ὥσπερ
783 5557 841 5608 ὲν
872 5556 1090 5625 μεγάλῳ
1122 5555 1228 5610 τινὶ
1254 5555 1348 5610 καὶ
1370 5556 1532 5627 κοινῷ
1552 5557 1760 5629 ταμείῳ
1784 5559 1850 5630 τῇ

293 5640 450 5717 βίϐλῳ
477 5637 588 5699 τῶν
612 5645 844 5716 ψαλμῶν
873 5645 1310 5716 τεθησαύρισται.
1341 5647 1574 5701 Κάκετνο
1603 5647 1658 5700 δὲ
1692 5647 1859 5718 τηρή·

1965 4831 2193 4900 Asaphi,
2215 4827 2544 4893 Salomonis,
2563 4825 2784 4897 Moysis,
2805 4825 3024 4887 Eman,
3044 4821 3508 4885 Ethaanitbum
3523 4865 3535 4886 ,

1969 4937 2298 4991 rursumque
2324 4919 2547 4974 Davidis
2584 4918 2981 4978 inscribuntur,
3021 4929 3128 4971 non
3162 4913 3372 4966 ratione
3398 4918 3537 4965 tem-

1966 5015 2117 5084 poris
2144 5027 2253 5083 quo
2285 5011 2521 5081 primum
2551 5009 2681 5063 editi
2704 5016 2758 5062 et
2789 5005 3144 5077 pronuntiati,
3175 5002 3272 5059 sed
3305 5016 3414 5073 quo
3440 5002 3536 5056 de-

1971 5102 2225 5172 prehensi
2247 5107 2394 5156 sunt.
2425 5098 2672 5168 llincque
2699 5097 3018 5165 contigisse,
3068 5102 3126 5148 ut
3165 5093 3260 5164 qui
3289 5101 3536 5164 tempore

1967 5194 2301 5265 posteriores
2324 5199 2502 5256 erant,
2536 5207 2659 5245 cum
2691 5188 2850 5256 primi
2874 5187 3072 5257 reperti
3105 5186 3330 5250 fuerint,
3370 5184 3532 5256 primi

1962 5283 2187 5354 repositi
2223 5284 2374 5348 sint;
2406 5297 2470 5335 ac
2495 5283 2614 5336 vice
2652 5293 2808 5335 versa
2827 5278 2920 5348 qui
2943 5278 3102 5348 primi
3133 5277 3372 5342 fuerant,
3403 5276 3532 5346 quia

1963 5380 2084 5444 post
2109 5373 2246 5427 alios
2275 5371 2415 5426 eruti
2435 5377 2582 5436 sunt,
2619 5368 2977 5440 posteriorem
3011 5368 3067 5422 in
3083 5369 3262 5422 locum
3278 5367 3533 5422 sintcon-

1961 5463 2133 5519 stituti
2154 5483 2166 5518 :
2185 5464 2329 5534 quod
2353 5463 2529 5532 ipsum
2555 5461 2609 5515 in
2626 5461 2902 5532 prophetis
2916 5459 3119 5516 factum
3135 5457 3528 5530 deprehendas.

2033 5557 2092 5609 ln
2127 5555 2268 5608 libro
2296 5552 2636 5606 Psalmomm
2690 5553 2873 5605 omnia
2911 5566 3009 5606 ceu
3027 5551 3082 5605 in
3111 5564 3307 5620 magno
3333 5563 3398 5602 ac
3429 5563 3531 5618 pu-

1967 5648 2113 5704 blico
2144 5645 2408 5717 penuario
2427 5642 2704 5698 recondita
2732 5652 2878 5699 sunt.
2905 5641 3315 5700 Observandum
3346 5647 3528 5695 autem

356 5757 426 5834 (ί)
467 5758 847 5834 ξζπασιούειν,
885 5757 938 5812 id
978 5766 1062 5834 est
1102 5756 1406 5834 respondere
1456 5760 1669 5815 :multa
1703 5758 1865 5829 hujus
1904 5761 2312 5834 signiﬁcationis
2365 5761 2607 5832 exempla
2649 5760 2930 5817 attulimus
2983 5761 3040 5816 in
3071 5759 3308 5816 editione
3359 5756 3527 5814 Atha-

292 5829 446 5884 nasii.
468 5827 604 5882 Vide
648 5829 704 5882 in
735 5827 1086 5882 Onomastico
1116 5827 1334 5883 ibidem.

526 5924 800 5983 ΡΑτειοι..
834 5922 949 5983 Gn.
999 5922 1234 5987 XXIII.

3279 5914 3318 5974 3
