3948 6286
386 352 467 410 ’75

1126 340 1396 397 EUSEBII
1432 338 1910 398 CASSARIENSIS
1938 341 2088 399 OPP.
2118 339 2299 397 PARS
2335 339 2425 397 111.
2453 368 2527 383 ε·-
2561 338 2973 398 EXEGETICA.
3566 359 3632 413 τε

391 479 480 527 est
511 469 706 527 librum
740 470 1088 540 psalmorum
1116 480 1247 541 post
1277 469 1478 542 Moysis
1528 470 1724 541 legem,
1764 485 1964 525 novam

2085 490 2199 538 ςεις,
2232 474 2308 538 ώς
2356 476 2388 545 ἡ
2437 474 2616 543 βίϐλος
2651 475 2756 528 τῶν
2788 471 3017 543 ψαλμῶν
3063 470 3251 542 καινὴν
3289 469 3633 525 διδασκαλίαν

395 564 686 633 complecti
742 562 1047 618 doctrinam
1074 602 1091 629 ,
1134 563 1423 633 ipsumque
1457 569 1580 632 post
1612 569 1965 617 memoratam

397 653 598 726 Moysis
656 656 1008 725 scripturam,
1044 654 1343 710 secundum
1365 695 1379 720 ,
1412 654 1479 709 ad
1507 653 1811 708 doctrinam
1844 668 1969 722 spe-

394 755 653 812 ctantem,
673 763 796 803 esse
819 747 1036 803 librum.
1053 746 1189 803 Cum
1215 747 1396 817 itaque
1423 755 1545 817 post
1569 753 1801 800 mortem
1817 744 1967 817 Moy-

397 839 474 895 sis
499 845 554 894 et
597 837 750 902 Jesu,
777 847 831 893 et
866 847 988 908 post
1013 838 1265 908 judicum
1286 847 1526 908 tempus,
1559 838 1965 894 David'aatatem

396 931 650 998 duxerit;
707 937 899 1001 utpote
951 931 1045 1001 qui
1095 930 1395 985 Salvatoris
1449 939 1604 1000 pater
1658 929 1969 1000 nuncupari

395 1024 678 1089 meruerit,
712 1040 919 1080 novum
960 1024 1077 1094 ipse
1106 1024 1350 1088 modum,
1382 1020 1702 1092 psalmodia:
1734 1022 1964 1086 scilicet,

395 1117 605 1185 primus
628 1114 869 1172 Hebraeis
903 1114 1161 1182 tradidit;
1188 1131 1297 1185 quo
1321 1115 1413 1169 illa
1448 1129 1569 1184 quae
1590 1113 1657 1168 de
1680 1113 1967 1170 sacriﬁciis

397 1221 428 1260 a
456 1206 637 1279 Moyse
676 1209 884 1262 sancita
916 1206 1131 1263 fuerant
1165 1208 1231 1263 de
1255 1206 1435 1263 medio
1473 1207 1632 1271 tollit,
1653 1221 1969 1275 novumque

396 1296 565 1350 divini
622 1296 806 1352 cultus
868 1311 1077 1353 morem
1110 1311 1207 1367 per
1237 1296 1471 1367 hymnos
1502 1311 1565 1351 ac
1610 1296 1967 1367 jubilationes

394 1388 602 1444 invehit
634 1408 647 1443 :
684 1390 899 1459 aliaque
953 1389 1091 1445 bene
1142 1390 1315 1443 multa
1352 1389 1554 1461 Moysis
1607 1390 1780 1462 legem
1811 1390 1968 1462 longe

395 1482 709 1551 superantia
739 1497 835 1553 per
865 1490 1040 1537 totum
1069 1497 1207 1553 opus
1232 1481 1445 1536 edocet.

641 1659 863 1715 Eusebii
881 1658 1227 1715 Cwsariensis
1253 1657 1317 1713 de
1338 1658 1716 1727 diapsalmate.

468 1750 777 1823 Diapsalma
821 1752 1166 1821 scripserunt
1215 1749 1543 1819 interpretes
1599 1748 1677 1802 illi
1720 1748 1963 1820 quinque

2068 561 2310 633 περιέχει
2338 564 2476 636 μετά
2493 566 2591 635 τὴν
2621 564 2895 626 Μωῦσέως
2929 561 3264 630 νομοθεσίαν,
3291 562 3386 617 καὶ
3413 563 3496 616 ὅτι
3519 562 3651 615 δευο.

2068 653 2197 723 τέρα
2228 655 2363 724 μετά
2389 656 2487 727 τὴν
2516 656 2784 719 Μωῦσέως
2808 655 3121 726 νομοθεσίαν
3147 656 3363 726 γραφὴν
3380 653 3634 708 διδασκα-

2066 745 2190 816 λικὴ
2221 746 2399 815 βίϐλος
2426 747 2564 818 αῦτη
2590 748 2867 819 τυγχάνει.
2892 747 3045 801 Μετά
3074 746 3203 815 γοῦν
3236 746 3333 817 τὴν
3360 746 3636 809 Μωῦσέως

2067 838 2160 890 καὶ
2194 839 2364 909 Ἰησοῦ
2397 828 2649 911 τελευτὴν
2681 839 2774 894 καὶ
2814 839 2949 911 μετά
2975 840 3099 902 τοὺς
3128 838 3317 910 κριτὰς
3356 836 3515 891 Δαυῗδ
3545 855 3637 906 γε·

2068 929 2306 1001 νόμενος,
2344 931 2541 984 ὡσανεὶ
2573 931 2666 985 τοῦ
2696 933 2941 1002 Σωτῆρος
2978 931 3138 995 αὐτὸς
3173 929 3504 1001 χρηματίσαι
3536 946 3639 981 πα-

2067 1024 2172 1095 τὴρ
2203 1023 2578 1089 καταξιωθεὶς,
2614 1025 2798 1079 καινὸν
2830 1026 3029 1095 τρόπον
3063 1023 3155 1077 τὸν
3196 1025 3293 1094 τῆς
3322 1022 3637 1094 ψαλμῳδίας

2068 1114 2280 1187 πρῶτος
2314 1116 2582 1187 Ἑϐραίοις
2598 1117 2878 1188 παρέδωκε
2897 1134 2909 1147 ·
2935 1116 2998 1169 δι’
3014 1111 3080 1187 ἦς
3096 1117 3306 1187 ἀναιρεῖ
3333 1114 3408 1186 (1)
3450 1114 3547 1187 μὲν
3568 1113 3639 1168 τά

2068 1207 2217 1277 παρά
2243 1210 2448 1280 Μωῦσῇ
2484 1209 2610 1281 περὶ
2635 1208 2832 1262 θυσιῶν
2860 1207 3339 1279 νενομοθετημένα,
3369 1207 3554 1260 καινὸν
3581 1206 3638 1259 δὲ

2064 1296 2156 1351 τὸν
2170 1298 2234 1351 δι’
2259 1298 2440 1369 ὓμνων
2474 1300 2568 1352 καὶ
2581 1299 2909 1370 ἀλαλαγμῶν
2931 1300 3128 1370 τρόπον
3140 1300 3240 1370 τῆς
3265 1298 3357 1352 τοῦ
3384 1298 3518 1352 Θεοῦ
3546 1298 3641 1351 λαο

2063 1391 2249 1462 τρείας
2295 1393 2502 1460 εἰσάγει
2527 1409 2540 1424 ο
2574 1391 2669 1445 καὶ
2709 1390 2843 1446 ἄλλα
2874 1390 2932 1444 δὲ
2957 1390 3182 1443 πλεῖστα
3227 1388 3317 1443 τὸν
3365 1389 3639 1452 Μωῦσέως

2065 1485 2225 1554 νόμον
2275 1482 2718 1554 ὲπαναϐεϐηκότα
2760 1483 2825 1535 δι’
2857 1482 2985 1556 ὅλης
3028 1484 3191 1538 αὐτοῦ
3239 1483 3337 1554 τῆς
3382 1497 3640 1553 πραγμα-

2070 1577 2219 1640 τείας
2249 1576 2509 1630 διδάσκει.
2900 1622 2907 1627 .

2134 1669 2428 1723 Εὑσεϐίου
2454 1667 2808 1737 Καισαρείας
2832 1665 2967 1736 περὶ
2991 1664 3095 1721 τοῦ
3131 1664 3559 1734 διαψάλματος.

2137 1759 2423 1831 Ἔγραψαν
2469 1759 2532 1813 τὸ
2581 1758 2859 1829 διάψαλμα
2905 1760 2953 1811 οἱ
3004 1756 3435 1829 ὲρμηνεύσαντες
3481 1755 3643 1808 πέντε

393 1844 694 1917 principes,
744 1843 894 1915 quia
922 1842 1128 1898 Davide
1177 1856 1304 1913 rege
1336 1856 1403 1897 ex
1435 1840 1582 1895 tribu
1628 1839 1758 1896 Levi
1784 1839 1963 1894 allecti

2085 1851 2342 1923 ἱρχοντες,
2387 1851 2435 1904 οἶ
2469 1850 2773 1920 ἐξελέγοντο
2803 1849 2910 1903 ὑπὸ
2941 1848 3101 1903 Δαυῖδ
3145 1848 3237 1902 τοῦ
3284 1847 3543 1919 βασιλέως
3579 1848 3644 1901 ὲκ
3684 1893 3701 1908 ,

393 1945 524 1995 sunt
560 1955 574 2004 ;
630 1952 863 2008 quorum
894 1936 1012 1991 haec
1044 1936 1267 1991 nomina
1299 1951 1311 1986 :
1367 1934 1586 2003 Asaph,
1645 1932 1761 1988 lilii
1800 1931 1963 1998 Core,

393 2028 878 2095 Eman,£tham,
910 2028 1147 2084 ldithum
1177 2049 1188 2083 :
1222 2028 1389 2084 hosce
1411 2036 1597 2084 certus
1625 2027 1967 2083 canticorum

394 2138 658 2177 numerus
687 2121 1148 2191 consequebatur,
1202 2119 1412 2175 scilicet
1441 2118 1691 2188 singulos
1748 2124 1967 2187 septua-

394 2212 546 2283 ginta
575 2209 706 2265 duo.
737 2210 804 2264 lli
834 2210 1057 2266 stabant
1081 2209 1134 2263 in
1165 2215 1466 2279 conspectu
1509 2206 1810 2263 sanctuarii
1853 2205 1968 2260 Do~

390 2304 551 2369 mini,
608 2303 895 2358 laudantes
929 2301 1177 2356 omnium
1208 2299 1499 2354 Dominum
1534 2297 1718 2363 ;alius
1747 2296 1971 2368 cymba-

392 2394 466 2457 la,
504 2394 646 2448 alius
698 2392 1045 2463 psalterium,
1083 2392 1226 2446 alius
1278 2390 1523 2461 cinyram
1555 2429 1570 2453 ,
1604 2387 1744 2442 alius
1781 2386 1969 2441 tubam

392 2498 673 2548 corneam,
708 2484 849 2537 alius
879 2482 1149 2537 citharam
1172 2481 1412 2537 tenebat.
1437 2477 1681 2547 Quorum
1706 2478 1762 2539 in
1791 2476 1971 2533 medio

394 2577 577 2633 stabat
610 2575 800 2632 David.
833 2575 1056 2645 Hocque
1084 2582 1246 2645 pacto
1273 2575 1488 2629 cantica
1520 2572 1968 2643 auspicabantur,

392 2671 713 2741 huiusmodi
753 2670 1120 2725 instrumenta
1167 2668 1426 2724 manibus
1467 2674 1742 2722 tenentes.
1794 2665 1971 2735 Atque

395 2763 621 2835 singuli,
654 2761 862 2832 Spiritu
890 2767 1081 2816 saneto
1112 2765 1386 2823 movente,
1416 2757 1585 2814 Deum
1632 2757 1853 2826 hymnis
1882 2772 1974 2812 ce-

392 2853 720 2917 lebrabant,
758 2866 1060 2921 omnesque
1111 2865 1220 2905 una
1272 2849 1529 2922 psallenti
1585 2848 1970 2912 succinebaut,

394 2943 650 2998 Alleluia.
674 2942 989 2998 Absistente
1023 2948 1205 2996 autem
1234 2941 1303 2995 ad
1351 2940 1519 2996 breve
1549 2945 1766 3008 tempus
1797 2934 1976 3007 Spiri-

393 3045 485 3092 tus
502 3034 677 3092 sancti
695 3035 894 3105 gratia,
911 3032 1135 3103 organis
1152 3032 1414 3103 deinceps
1432 3030 1802 3096 cessantibus,
1818 3037 1972 3097 tunc,

397 3132 482 3187 uti
513 3146 611 3201 par
629 3135 771 3193 erat,
806 3126 1113 3196 diapsalma
1142 3124 1478 3180 scribebant.

981 3212 1304 3269 PSALMUS
1343 3211 1384 3269 Ι.

466 3312 634 3367 Vsus.
664 3312 717 3365 1.
751 3310 947 3364 Beatus
973 3308 1051 3362 vir
1067 3308 1156 3378 qui
1181 3322 1283 3360 non
1309 3305 1439 3359 abiit
1466 3304 1524 3360 in
1554 3306 1983 3375 consilioimpio-

401 3421 542 3460 rum.
607 3400 1060 3471 Quandoquidem
1121 3398 1207 3454 vel
1265 3398 1384 3469 ipso
1442 3404 1653 3454 natura:
1716 3398 1979 3455 instinctu

395 3511 590 3553 omnrs
623 3494 1016 3550 beatitudinem
1048 3493 1387 3563 appetimus,
1445 3492 1578 3546 boni
1635 3491 1796 3546 linem
1856 3500 1973 3545 sta-

398 3596 613 3645 tuentes
647 3587 995 3652 felicitatem;
1049 3600 1347 3655 erroreque
1394 3585 1593 3639 mentis
1637 3583 1788 3638 ducti
1832 3600 1983 3638 com-

398 3685 602 3756 plures,
636 3678 786 3736 illam
817 3678 874 3734 in
918 3676 1294 3749 Voluptatibus
1325 3675 1604 3746 corporeis
1635 3675 1982 3745 quaerendam

402 3783 631 3849 putant,
673 3773 913 3838 divitias,
942 3771 1237 3841 dignitates
1260 3808 1276 3835 ,
1310 3766 1708 3839 praesentisque
1736 3766 1862 3821 vitae
1890 3782 1986 3820 vo-

402 3870 642 3940 luptates
682 3868 737 3921 in
791 3865 965 3936 pretio
1000 3864 1294 3929 habentes;
1343 3861 1472 3915 hinc
1500 3859 1624 3929 jure
1655 3858 1983 3929 hymnorum

404 3961 472 4017 ad
503 3959 674 4016 Deum
704 3956 1034 4011 laudandum
1063 3954 1353 4011 exordium
1377 3952 1601 4008 ductum
1633 3957 1737 4017 est,
1767 3948 1988 4005 descri—

402 4052 666 4123 biturque
701 4047 955 4120 quisnam
998 4061 1126 4101 vere
1180 4046 1373 4100 beatus
1420 4043 1531 4108 sit,
1581 4049 1744 4114 atque
1781 4041 1986 4096 bonum

402 4144 566 4199 ﬁnem
598 4158 627 4197 a
662 4140 772 4195 Deo
806 4146 1197 4209 consequatur.
1246 4135 1313 4190 Et
1345 4150 1478 4191 sane
1519 4134 1641 4200 hic,
1687 4132 1817 4203 quia
1863 4146 1989 4202 pcr-

403 4252 569 4309 quam
613 4234 724 4290 rari
768 4233 986 4288 fuerant
1010 4232 1045 4286 ii
1078 4229 1170 4301 qui
1195 4229 1322 4285 olim
1353 4228 1522 4298 probe
1550 4227 1718 4281 vitam
1741 4231 1985 4294 egerant,

342 4342 347 4345 ‘
404 4342 578 4383 unum
633 4326 942 4395 quempiam
997 4322 1215 4377 beatum
1267 4319 1527 4391 praedicat
1571 4316 1882 4373 Psalmista.
1919 4315 1989 4367 At

408 4421 666 4477 Servatur
695 4424 882 4472 noster
911 4416 1005 4485 qui
1056 4413 1367 4483 complures
1414 4412 1604 4467 beatos
1636 4407 1846 4471 eﬂ‘ecit,
1873 4406 1992 4477 plu-

2065 1942 2167 2012 τῆς
2195 1941 2366 2012 φυλῆς
2393 1942 2541 1996 Λευῒ·
2570 1934 2644 1997 ὧν
2666 1941 2733 1995 τὰ
2761 1940 3001 2011 ὀνόματά
3020 1941 3126 1993 εἰσι
3155 1940 3346 2005 ταῦτα,
3383 1939 3571 2008 Ἀσάφ,
3593 1941 3642 1994 οι

2068 2034 2174 2087 υἱοὶ
2202 2034 2367 2106 Κορὲ,
2397 2033 2595 2105 Αίμάν,
2624 2034 2827 2104 Αίθάμ,
2874 2028 3131 2102 ἰδιθούμο
3162 2030 3372 2094 τούτοις
3413 2030 3644 2103 ἀριθμὸς

2067 2126 2220 2198 ᾠδῶν
2250 2126 2669 2198 παρηκολούθει,
2696 2125 2912 2197 ἑκάστῳ
2949 2125 3315 2198 ἐϐδομήκοντα
3338 2123 3450 2180 δύο.
3488 2118 3646 2177 Οὗτοι

2069 2218 2285 2273 ἵσταντο
2323 2216 2553 2272 ἐνώπιον
2594 2217 2687 2271 τοῦ
2724 2215 3063 2289 ἀγιάσματος
3106 2217 3331 2288 Κυρίου,
3373 2212 3646 2278 αἰνοῦντες

2069 2312 2159 2365 τὸν
2191 2311 2407 2365 πάντων
2427 2310 2692 2382 δεσπότην
2711 2350 2727 2375 ,
2756 2309 2815 2374 ὃς
2844 2308 2941 2382 μὲν
2972 2307 3248 2379 κύμϐαλα,
3287 2308 3346 2371 ὃς
3372 2307 3429 2360 δὲ
3452 2305 3648 2377 ψαλτή-

2073 2422 2205 2477 ριον,
2247 2404 2305 2468 ὃς
2338 2404 2395 2458 δὲ
2427 2402 2684 2476 κινύραν,
2725 2402 2784 2466 ὃς
2806 2402 2864 2456 δὲ
2904 2400 3216 2472 κερατίνην,
3250 2399 3307 2464 ὸς
3339 2400 3396 2454 δὲ
3418 2398 3648 2469 κιθάραν

2070 2495 2228 2567 ἔχων,
2265 2489 2338 2548 ὧν
2375 2494 2535 2566 μέσος
2577 2494 2762 2547 ἵστατο
2792 2494 2822 2545 ὁ
2857 2492 3036 2546 Δαυῖδ.
3060 2492 3170 2545 Καὶ
3205 2490 3375 2554 οὕτως
3421 2491 3649 2562 ἤρχοντο

2070 2586 2179 2639 τῶν
2200 2584 2354 2655 ᾠδῶν
2396 2584 2722 2657 κρατοῦντες
2742 2584 2835 2637 ἐπὶ
2869 2586 3024 2653 χεῖρα
3051 2582 3119 2636 τά
3163 2582 3386 2637 τοιαῦτα
3412 2581 3644 2651 ὄργαναο

2073 2676 2167 2729 καὶ
2217 2675 2445 2739 ’ἕκαστος
2490 2673 2769 2746 Πνεύματι
2822 2674 2963 2746 ἀγίῳ
3001 2673 3316 2746 κινούμενος
3358 2671 3515 2745 ὕμνει
3560 2672 3650 2725 τὸν

2073 2766 2224 2831 Θεὸν,
2255 2767 2350 2821 καὶ
2378 2766 2576 2829 πάντες
2610 2765 2923 2836 ἐπεφώνουν
2950 2765 3028 2837 τῷ
3065 2766 3318 2837 ψάλλοντι
3345 2767 3407 2821 τὸ
3450 2767 3653 2835 Ἀλλη-

2073 2860 2268 2912 λούῖα.
2338 2856 2604 2928 Ὀπηνίκα
2654 2858 2711 2910 δὲ
2740 2850 2798 2928 ’ἡ
2849 2855 2942 2911 τοῦ
2989 2857 3304 2928 Πνεύματος
3349 2856 3440 2911 τοῦ
3495 2858 3652 2926 ἁγίου

2075 2948 2290 3018 ἀπέστη
2331 2948 2491 3020 χάρις
2524 2947 2660 3019 πρὸς
2694 2948 2889 3019 βραχὺ,
2920 2946 3026 3000 τῶν
3067 2945 3311 3017 ὀργάνων
3350 2945 3534 3001 λοιπὸν
3576 2946 3653 3019 μὴ

2076 3039 2430 3110 κινουμένων,
2484 3039 2546 3093 τὸ
2601 3039 2900 3112 τηνικαῦτα
2953 3038 3099 3103 εἰκὸς
3140 3038 3233 3093 καὶ
3274 3039 3334 3093 τὸ
3373 3039 3656 3111 διάψαλμα

2002 3182 2047 3239 c
2078 3129 2334 3202 ἔγραφον.

2669 3224 2962 3277 ΨΑΛΜΟΣ
2989 3227 3068 3277 A'.

2150 3311 2449 3383 Μακάριος
2486 3317 2519 3367 ὀ
2549 3312 2705 3381 ἀνὴρ
2755 3312 2824 3378 ὃς
2866 3314 2977 3367 οὐκ
3018 3313 3308 3382 ἐπορεύθη
3351 3310 3422 3365 ἐν
3450 3308 3658 3379 ,ϐουλῇ

2082 3407 2334 3463 ἀσεϐῶν.
2377 3407 2529 3461 Ἐπεὶ
2562 3404 2807 3475 φυσικῶς
2844 3404 3151 3478 ὀρεγόμεθα
3183 3404 3382 3469 πάντες
3411 3401 3504 3457 τοῦ
3552 3419 3659 3473 μα·

2083 3503 2263 3575 κάριοι
2294 3496 2451 3565 εἶναι,
2486 3499 2639 3563 τέλος
2669 3498 2876 3566 ἀγαθοῦ
2919 3499 2980 3552 τὸ
3027 3498 3292 3571 μακάριον
3329 3495 3658 3568 ὁριζόμενοι,

2084 3590 2518 3662 πεπλανημένως
2547 3607 2610 3659 γε
2652 3590 2757 3662 μὴν
2795 3588 2980 3641 πολλοὶ
3020 3587 3178 3641 τοῦτο
3206 3586 3558 3658 μεταδιώκειν
3598 3585 3660 3639 ὲν

2087 3684 2354 3753 σωμάτων
2398 3679 2611 3751 ἡδοναῖς
2667 3678 2945 3752 ἡγοῦνται,
2978 3676 3240 3743 πλούτους
3293 3675 3665 3749 θαυμάζοντες

2086 3773 2180 3827 καὶ
2216 3770 2518 3842 ἀξιώματα,
2551 3771 2772 3835 καὶιτάς
2803 3772 2861 3824 ὲν
2902 3769 2980 3840 τῷ
3012 3771 3241 3841 παρόντι
3271 3768 3370 3840 βίῳ
3412 3767 3623 3840 τρυφάς
3644 3784 3659 3799 ·

2086 3864 2311 3927 εἰκότως
2341 3864 2371 3916 ὁ
2407 3863 2563 3932 λόγος
2588 3864 2646 3918 ὲν
2674 3863 2884 3926 τούτοις
2907 3862 3029 3917 ὅθεν
3062 3862 3227 3934 ἐχρῆν
3252 3860 3350 3933 τὴν
3381 3861 3664 3933 καταρχὴν

2086 3960 2380 4029 ἐποιήσατο
2406 3958 2503 4029 τῆς
2533 3956 2676 4012 κατὰ
2705 3956 2837 4010 Θεὸν
2864 3954 3156 4026 ὑμνῳδίας,
3189 3954 3280 4008 τὸν
3315 3952 3529 4024 ἀληθῶς
3560 3970 3667 4024 μα-

2086 4049 2278 4121 κάριον
2308 4050 2404 4103 καὶ
2435 4048 2621 4112 τέλους
2649 4046 2852 4117 ἀγαθοῦ
2895 4044 2988 4100 τοῦ
3030 4043 3182 4116 παρά
3218 4043 3336 4114 Θεῷ
3364 4043 3666 4115 ἠξιωμένον

2088 4142 2445 4212 ὑπογράφων.
2480 4141 2590 4193 Καὶ
2624 4138 2811 4194 ἐνθάδε
2845 4139 2943 4210 μὲν
2978 4138 3067 4191 διά
3091 4136 3151 4190 τὸ
3186 4135 3411 4190 σπάνιον
3431 4136 3540 4189 τῶν
3567 4136 3669 4193 πάι

2089 4235 2178 4289 λαι
2208 4235 2471 4308 πρότερον
2529 4232 2937 4306 κατορθούντων
2982 4233 3080 4286 ἕνα
3120 4230 3243 4285 τινὰ
3275 4227 3603 4301 μακαρίζει·
3637 4230 3667 4283 ὀ

2090 4328 2148 4382 δὲ
2174 4327 2364 4401 Σωτὴρ
2393 4328 2566 4400 ἡμῶν
2582 4326 2833 4390 πλείονας
2864 4324 3032 4379 ποιῶν
3078 4323 3400 4395 μακαρίους,
3426 4320 3667 4392 πληθυν-

2087 4422 2255 4487 τικῶς
2294 4423 2420 4486 τοὺς
2473 4421 2851 4493 μακαρισμοὺς
2894 4416 3282 4493 προσφέρεται.
3338 4414 3564 4469 Πάντων
3610 4414 3670 4467 δὲ

405 4513 597 4569 raliter
651 4508 1018 4566 beatitudincs
1066 4507 1291 4579 profert.
1358 4504 1578 4559 Primus
1634 4508 1815 4555 autem
1873 4498 1979 4568 ipse

2092 4516 2308 4588 πρῶτος
2338 4515 2498 4579 αὐτὸς
2539 4514 2604 4569 ἂν
2632 4492 2732 4584 εἴη
2760 4514 2789 4565 ὁ
2836 4492 3299 4582 μακαριζόμενοςο
3339 4507 3418 4561 διὸ
3445 4507 3540 4560 καὶ
3580 4507 3668 4560 ἐπ’

403 4607 530 4678 jure
566 4604 784 4660 dicatur
821 4615 1011 4656 eorum
1042 4600 1134 4670 qui
1159 4598 1300 4655 beati
1352 4596 1739 4668 prmdicantur.
1786 4591 1991 4657 Quam-

407 4698 596 4752 obrem
648 4695 713 4749 iu
761 4693 913 4747 illum
964 4690 1284 4746 referendus
1336 4687 1545 4757 primus
1586 4683 1833 4754 psalmus
1881 4687 1987 4748 est,

407 4797 597 4860 utpote
619 4787 711 4859 qui
739 4787 822 4840 vir
854 4784 1022 4840 fuerit
1049 4781 1310 4838 Ecclesiae
1364 4792 1580 4850 sponsae
1637 4790 1768 4831 suae.
1831 4771 1990 4840 Quod

409 4882 623 4938 videtur
676 4879 947 4936 ﬂebraica
996 4884 1131 4932 voce
1183 4869 1521 4944 signiﬁcari,
1568 4868 1722 4939 juxta
1789 4881 1989 4937 quam,

410 4972 611 5028 Beatus
639 4973 742 5034 vir,
771 4986 897 5026 cum
932 4966 1151 5023 articuli
1184 4963 1369 5019 addito
1400 4961 1608 5018 dictum
1638 4967 1743 5015 est.

485 5062 557 5120 Et
578 5066 630 5118 in
661 5064 748 5119 via
782 5071 1116 5133 peccatorum
1159 5074 1263 5113 non
1292 5055 1477 5122 stetit,
1530 5061 1587 5108 et
1633 5053 1691 5107 in
1745 5053 1996 5105 cathedra

413 5158 779 5229 pestiferorum
835 5172 939 5210 non
976 5153 1134 5210 sedit.
1174 5149 1346 5205 Primi
1400 5155 1529 5205 sunt
1581 5147 1675 5217 qui
1730 5144 1869 5200 falso
1898 5158 1997 5197 uo-

415 5251 621 5306 minata
649 5248 959 5319 cognitione
990 5244 1184 5301 imbuti
1218 5249 1345 5299 sunt
1370 5240 1390 5312 Ῐ
1398 5240 1452 5297 id
1482 5246 1568 5296 est
1591 5236 1871 5311 gnostici],
1899 5235 1993 5305 qui

415 5342 554 5397 nihil
576 5339 794 5394 ﬁrmum
824 5339 1126 5407 stabileque
1147 5335 1377 5401 habent;
1417 5332 1511 5388 sed
1540 5346 1641 5401 pro
1669 5329 1842 5384 lubito
1868 5341 1990 5390 suo,

416 5434 570 5490 nullo
588 5435 839 5489 examine
861 5429 1179 5501 ponderatis
1214 5424 1640 5497 cogitationibus
1667 5427 1955 5478 moventur
1973 5457 1991 5485 ,

418 5525 572 5596 impii
606 5525 875 5580 homines.
927 5520 1162 5579 Secundi
1196 5526 1325 5577 sunt
1368 5523 1637 5590 quotquot
1667 5521 1793 5585 post
1815 5510 1999 5582 cogni-

417 5619 620 5673 tionem
644 5615 892 5672 veritatis
922 5613 975 5667 in
1005 5619 1228 5684 peccata
1277 5610 1546 5668 incidunt.
1600 5604 1770 5662 Tertii
1824 5604 1997 5675 pesti-

490 5714 567 5782 (l)
605 5711 664 5766 Id
691 5718 797 5775 est,
816 5710 884 5782 de
907 5708 1083 5782 medio
1106 5709 1245 5764 tollit
1270 5706 1665 5782 sacrificiorum
1698 5703 1867 5782 leges,
1892 5716 2001 5755 non

420 5776 597 5842 rei‘nsa
620 5781 908 5846 abolendo,
939 5781 1033 5837 sed
1063 5777 1477 5847 prmnuntiando
1494 5776 1837 5842 abrogandas
1856 5788 2001 5853 esse.

2096 4607 2256 4664 αὑτὸν
2300 4607 2502 4663 ἀνοίσει
2535 4623 2619 4669 τις
2646 4605 2738 4658 τὸν
2768 4604 3010 4675 παρόντα
3034 4601 3266 4672 ψαλμὸν,
3310 4599 3406 4654 ἆτε
3439 4598 3669 4669 γενόμε-

2095 4718 2184 4754 νον
2212 4698 2381 4771 ἄνδρα
2411 4699 2510 4770 τῆς
2554 4696 2769 4768 νύμφης
2806 4693 2971 4750 αὑτοῦ
3017 4692 3340 4763 Ἐκκλησίας
3362 4708 3376 4722 ο
3423 4690 3583 4745 τοῦτο
3610 4689 3670 4745 δὲ

2095 4792 2270 4847 ἔοικεν
2302 4794 2335 4862 ἡ
2381 4788 2640 4863 Ἐϐραῖκὴ
2666 4788 2817 4859 φωνὴ
2839 4788 3126 4860 παριστᾷν,
3149 4784 3270 4840 καθ’
3292 4784 3358 4856 ἣν
3383 4782 3461 4855 (2)
3480 4782 3673 4853 pende

2084 4903 2218 4955 ριος
2245 4887 2277 4938 ὁ
2301 4882 2456 4952 ἀνὴρ
2488 4881 2623 4953 μετὰ
2638 4881 2737 4952 τῆς
2757 4881 2848 4934 τοῦ
2871 4881 3071 4953 ἄρθρου
3094 4878 3408 4951 προσθήκης
3433 4874 3668 4948 εἴρηται.

2165 5042 2273 5095 Καὶ
2307 5041 2376 5094 ἐν
2400 5038 2518 5106 ὀδῷ
2551 5037 2911 5109 ἁμαρτωλῶν
2931 5039 3042 5092 οὐκ
3069 5036 3239 5103 ἔστη,
3276 5036 3372 5089 καὶ
3404 5032 3502 5087 ἐπὶ
3534 5035 3675 5089 καθ·

2098 5132 2281 5203 ἐδραν
2329 5132 2553 5203 λοιμῶν
2590 5134 2701 5185 οὐκ
2743 5131 3042 5184 ἐκάθισεν.
3090 5126 3305 5199 Πρῶτοί
3336 5126 3469 5178 εἰσιν
3496 5124 3545 5176 οί
3574 5123 3674 5195 τὴν

2096 5223 2443 5295 ψευδώνυμον
2482 5223 2694 5293 ἔχοντες
2719 5220 2940 5290 γνῶσιν,
2980 5218 3144 5291 μηδὲν
3186 5218 3398 5289 ἔχοντες
3425 5215 3671 5286 ἑστηκὸς,

2100 5317 2214 5371 ἀλλ’
2264 5316 2640 5383 ἀνεξετάστοις
2687 5314 2992 5387 κινούμενοι
3044 5313 3322 5383 λογισμοῖς
3375 5311 3433 5363 ὲν
3486 5301 3569 5371 οἷς
3608 5306 3677 5362 ἂν

2104 5412 2455 5483 βουληθῶσιν,
2506 5412 2556 5464 οἱ
2605 5409 2841 5473 ἀσεϐεῖς.
2896 5407 3147 5478 Δεύτεροι
3192 5402 3393 5466 πάντες
3436 5401 3486 5455 οί
3538 5398 3677 5472 μετά

2102 5506 2301 5576 γνῶσιν
2334 5503 2589 5575 ἀληθείας
2621 5499 3106 5571 ἐξαμαρτάνοντες.
3143 5497 3207 5549 Ol
3243 5494 3299 5548 δὲ
3342 5492 3520 5564 λοιμοὶ
3562 5489 3678 5560 τρί-

2101 5617 2206 5663 τοι,
2249 5599 2325 5669 μὴ
2375 5596 2534 5669 μόνον
2575 5592 2879 5657 νοσοῦντες,
2925 5589 3060 5645 ἀλλά
3103 5589 3198 5641 καὶ
3237 5583 3559 5657 φθοροποιοῦ
3601 5582 3679 5635 δι-

2146 5697 2259 5781 .(2)
2298 5693 2358 5751 ln
2392 5692 2661 5753 llebraico
2716 5689 2915 5762 legitur
2956 5694 3115 5748 imm
3158 5682 3315 5756 quasi
3362 5681 3534 5747 dicas,
3586 5679 3680 5732 ille

2111 5785 2207 5824 vir.
