3948 6286
298 355 360 405 77
1460 356 1959 412 σοιιιιιιῖλτλιιιι
2006 347 2069 403 εκ
2112 354 2443 405 ρςιιλιος,
3459 343 3525 407 ‘ts

219 466 222 474 λ
298 469 599 532 δασκαλίας
633 472 1000 539 μεταδιδόντες
1022 474 1128 534 τοῖς
1169 472 1365 535 ἄλλοις,
1398 474 1429 541 ῆ
1469 475 1613 523 κατὰ
1658 476 1855 536 γνῶσιν

1967 479 2057 523 teri
2091 474 2359 534 homines,
2400 483 2493 539 qut
2542 481 2649 521 non
2684 480 2845 520 mooo
2882 463 3201 535 aegritudine
3239 463 3522 530 laborant;

302 559 497 631 ῆκατὰ
540 561 761 631 πρᾶξιν,
793 564 824 631 ῆ
857 565 970 614 κατ’
1010 562 1289 632 ἀμφότερα
1317 578 1325 587 ·
1366 562 1413 613 οἳ
1448 562 1539 612 καὶ
1567 559 1860 630 ὲνίδρυνται

306 650 375 719 τῷ
425 651 603 720 κακῷ,
651 652 758 703 τῶν
799 652 1057 721 δευτέρων
1096 652 1398 720 ἑστηκότων
1444 653 1499 703 ἐν
1550 650 1859 721 ἁμαρτίαις,

306 739 405 791 τῶν
442 740 499 793 δὲ
534 742 767 811 πρώτων
807 743 1093 795 ὁδευόντων
1128 746 1184 795 ὲν
1218 744 1412 817 πλάνῃ.
1461 746 1517 795 ’0
1550 745 1606 797 δὲ
1651 745 1861 796 πάντων

305 832 501 884 τούτων
525 833 940 904 ἀπηλλαγμένος
967 835 1248 904 μακάριος.

1970 561 2063 614 sed
2101 567 2355 629 corrupta
2388 558 2632 612 doctrina
2678 558 2813 612 alios
2863 557 3142 621 imbuunt;
3176 558 3289 611 sive
3334 570 3529 611 secund

1970 650 2097 703 dum
2125 650 2510 719 cognitionem,
2547 648 2659 703 sive
2689 648 2985 701 secundum
3007 646 3530 717 operationem,sive

1970 740 2267 794 secundum
2309 747 2594 806 utramque
2631 757 2643 791 :
2686 738 2778 807 qui
2811 738 3019 791 scilicet
3053 739 3105 788 in
3136 735 3275 789 malo
3308 736 3530 789 lirman-t

1967 838 2079 891 tur,
2117 828 2248 882 dum
2274 827 2497 881 secundi
2538 826 2590 879 in
2616 827 2852 896 peccatis
2884 832 3252 896 perseverant,
3286 834 3339 880 et
3368 826 3528 895 primi

306 928 356 981 in
393 926 602 979 erroris
634 926 716 977 via
761 926 1099 994 gradiuntur.
1145 927 1245 992 Qui
1281 936 1456 979 autem
1501 926 1751 981 omnibus
1792 925 1860 978 iis
1893 924 2155 977 liberatus
2202 927 2256 973 et
2284 934 2489 974 vacuus
2535 927 2617 973 est
2655 920 2847 972 beatus
2886 918 3103 972 dicitur.

382 1018 546 1071 Ἀλλ’
576 1018 613 1085 ἢ
650 1018 719 1069 ἐν
748 1017 827 1082 τῷ
857 1020 1014 1087 νόμῳ
1044 1021 1261 1087 Κυρίου
1302 1021 1365 1072 τὸ
1400 1022 1623 1089 θέλημα
1656 1020 1861 1085 αὑτοῦ,

301 1109 393 1162 καὶ
417 1108 489 1159 ἐν
518 1106 597 1171 τῷ
623 1108 783 1174 νόμῳ
813 1108 994 1160 αὐτοῦ
1027 1108 1345 1177 μελετήσει
1378 1110 1599 1177 ἡμέρας
1628 1111 1722 1162 καὶ
1756 1128 1862 1163 νυ-

300 1202 455 1265 κτός.
510 1190 729 1263 Ἐπειδὴ
763 1198 927 1268 πολλή
961 1200 1042 1263 τίς
1075 1202 1187 1253 ἐστι
1214 1200 1442 1271 διαφορὰ
1469 1201 1575 1254 τῶν
1614 1202 1760 1271 φόϐῳ
1784 1220 1864 1253 1r-

303 1289 523 1359 μωριῶν
553 1286 609 1342 εὖ
640 1289 893 1358 πράττειν
922 1292 1448 1361 κατηναγκασμένων
1478 1292 1568 1344 καὶ
1595 1292 1699 1343 τῶν
1728 1307 1861 1361 προ-

300 1383 504 1451 αιρέσει
545 1381 675 1433 αὐτὸ
707 1381 767 1433 τὸ
797 1381 955 1433 καλὸν
990 1382 1345 1453 αἱρουμένων,
1386 1382 1473 1435 διὰ
1503 1382 1656 1434 τοῦτό
1695 1392 1857 1453 φησιδ

312 1468 403 1518 Ἐν
427 1466 509 1531 τῷ
541 1469 703 1535 νόμῳ
734 1470 953 1535 Κυρίου
979 1469 1206 1537 θέλημα
1246 1472 1449 1524 αὐτοῦ.
1478 1472 1656 1541 Νόμον
1680 1470 1735 1523 δέ
1770 1488 1864 1541 φη-

304 1567 382 1608 σιν
428 1556 487 1608 οὗ
525 1557 742 1620 πάντως
773 1558 862 1609 τὸν
902 1558 1097 1630 σκιώδη
1132 1560 1223 1613 καὶ
1251 1561 1474 1615 τυπικὸν
1511 1561 1690 1631 νόμον,
1730 1560 1862 1614 πολὺ

300 1646 353 1697 δὲ
375 1647 638 1716 πρότερον
661 1648 750 1699 τὸν
772 1649 829 1700 ὲν
856 1648 999 1719 αὐτῷ
1024 1650 1282 1719 λεληθότα
1306 1652 1669 1721 πνευματικὸν
1687 1652 1859 1719 λόγον.

301 1736 395 1805 Eii;
420 1736 464 1788 δ’
500 1736 566 1789 ἂν
598 1738 759 1808 νόμος
793 1740 992 1810 Κυρίου
1036 1741 1129 1794 καὶ
1166 1744 1193 1793 6
1227 1743 1364 1794 κατὰ
1394 1744 1553 1811 φύσιν
1584 1746 1745 1796 πᾶσιν
1774 1744 1865 1796 ἀν-

301 1827 533 1898 θρώποις
568 1832 985 1901 ὲνεσπαρμένος,
1030 1833 1095 1884 δι’
1126 1827 1186 1885 οὗ
1241 1834 1579 1905 κατορθῶσαι
1623 1836 1862 1903 λέγονται

299 1922 342 1973 oi
379 1922 486 1991 πρὸ
516 1920 611 1973 τοῦ
644 1922 728 1975 διὰ
774 1920 1041 1986 Μωῠσέως
1084 1925 1243 1995 νόμου
1290 1925 1465 1993 ἅγιον
1503 1928 1628 1996 περὶ
1656 1920 1729 1979 ὦν
1762 1945 1864 1998 φη-

305 2029 376 2064 σιν
403 2014 430 2065 6
485 2013 839 2076 Ἀπόστολος·
893 2016 1068 2068 Ὅταν
1112 2018 1221 2085 γὰρ
1267 2019 1408 2086 ἔθνη
1455 2021 1526 2073 τὰ
1559 2021 1644 2088 μὴ
1678 1997 1863 2090 νόμον
1897 1997 1936 2052 Β

306 2104 532 2171 ἔχοντα,
580 2105 671 2157 τόν
715 2106 955 2176 γραπτὸν
1000 2107 1258 2177 δηλονότι,
1301 2112 1481 2178 φύσει
1513 2112 1583 2165 τὰ
1624 2111 1730 2164 τοῦ
1760 2115 1859 2166 νό-

299 2213 403 2262 μου
443 2194 615 2262 ποιῇ,
647 2192 828 2261 οὗτοι,
864 2200 1048 2266 νόμον
1065 2198 1150 2267 μὴ
1178 2199 1438 2268 ἔχοντες,
1474 2201 1706 2267 ἑαυτοῖς
1744 2204 1862 2256 εισι

298 2289 491 2355 νόμος.
532 2290 603 2341 Ἦ
649 2290 810 2359 νόμος
856 2290 1055 2361 Κυρίου
1097 2292 1181 2361 εἴη
1228 2292 1292 2345 ἂν
1333 2294 1362 2345 ό
1395 2293 1529 2363 πρὸς
1570 2293 1732 2346 αὑτοῦ
1766 2293 1859 2347 τοῦ

299 2377 497 2447 Κυρίου
532 2380 625 2431 καὶ
661 2379 909 2450 Σωτῆρος
951 2381 1103 2450 ήμῶν
1146 2383 1275 2435 πᾶσι
1312 2386 1422 2446 τοῖς
1449 2382 1623 2437 ἔθνεσι
1658 2402 1862 2455 κατηγ-

298 2469 555 2537 γελμένος
575 2470 922 2537 εὐαγγελικὸς
950 2472 1124 2540 λόγος.

366 2561 470 2613 Kal
502 2560 676 2614 ἔσται
698 2563 778 2627 ὡς
805 2562 871 2613 τὸ
911 2563 1101 2625 ξύλον
1137 2565 1202 2617 τὸ
1232 2567 1677 2636 πεφυτευμένον
1704 2569 1862 2637 παρὰ

300 2652 399 2717 τὰς
429 2652 741 2719 διεξόδους
768 2652 886 2706 τῶν
918 2653 1168 2719 ὑδάτων,
1203 2656 1234 2708 ὃ
1267 2658 1373 2710 τὸν
1412 2659 1645 2726 καρπὸν
1675 2660 1861 2713 αὑτοῦ

300 2745 467 2798 δώσει
503 2747 574 2798 ἐν
614 2745 796 2814 καιρῷ
830 2746 1033 2800 αὐτοῦ.
1082 2749 1137 2801 '0
1182 2749 1271 2802 διὰ
1317 2749 1497 2821 πάσης
1535 2751 1633 2821 τῆς
1669 2752 1859 2805 ἑαυτοῦ

298 2837 437 2907 ζωῆς
478 2840 574 2891 καὶ
618 2840 675 2890 ὲν
712 2841 875 2892 παντὶ
901 2841 1078 2912 καιρῷ
1109 2842 1300 2904 νυκτός
1338 2860 1396 2895 τε
1429 2844 1523 2896 καὶ
1549 2843 1757 2914 ἡμέρας
1782 2844 1862 2910 τῷ

298 2929 421 3000 θείῳ
449 2929 724 3000 σχολάζων
754 2932 922 3002 νόμῳ,
958 2934 1050 2985 καὶ
1075 2937 1185 2997 τοῖς
1212 2932 1271 2997 ἐξ
1292 2934 1455 2988 αὑτοῦ
1491 2934 1726 3004 λογικοῖς
1766 2938 1861 2991 νά-

302 3036 459 3091 μασιν
488 3024 805 3095 ἀρδόμενος,
837 3026 1042 3096 σφόδρα
1078 3027 1292 3089 οἰκείως
1322 3027 1472 3098 φυτῷ
1504 3030 1634 3099 παρ’
1678 3028 1861 3083 ὕδασιν

297 3113 648 3184 ὲρῤιζωμένῳ
694 3115 1139 3187 παραϐέϐληται·
1193 3117 1272 3170 διὸ
1326 3119 1421 3171 καὶ
1475 3119 1738 3190 μακάριος
1787 3120 1863 3183 ὡς

296 3206 507 3275 ἀληθῶς
552 3202 727 3272 οὗτος,
761 3208 855 3261 ἅτε
901 3208 1131 3279 μάλιστα
1165 3210 1510 3281 ποτιζόμενος
1547 3214 1659 3275 τοῖς
1701 3211 1862 3275 θείοις

2040 1013 2205 1067 Vens.
2236 1013 2289 1065 ἓ.
2332 1013 2433 1067 Sed
2490 1013 2543 1065 in
2597 1013 2698 1082 'ege
2727 1011 2940 1066 Domini
2966 1013 3204 1065 voluntas
3233 1010 3365 1078 ejus,
3400 1021 3447 1064 et
3476 1013 3528 1063 in

1970 1105 2074 1173 lege
2109 1106 2223 1166 eius
2276 1104 2611 1157 meditabitur
2660 1103 2743 1157 die
2796 1121 2857 1156 ac
2907 1114 3071 1157 nocte.
3123 1101 3259 1169 Quia
3297 1103 3529 1156 multurn

1968 1195 2302 1249 discriminis
2331 1204 2415 1249 est
2450 1196 2590 1248 inter
2619 1210 2713 1250 eos
2742 1196 2835 1263 qui
2867 1203 3009 1249 metu
3046 1194 3297 1264 supplicii
3337 1209 3529 1248 neces‘

1969 1288 2235 1356 sitateque
2266 1287 2440 1341 coacti
2490 1288 2625 1341 bene
2668 1298 2872 1356 agunt,
2916 1303 2969 1341 et
3014 1302 3109 1341 eos
3155 1288 3246 1356 qui
3298 1288 3529 1356 propria?

1968 1381 2262 1434 voluntatis
2323 1380 2530 1434 delectu
2585 1378 2647 1432 ad
2686 1379 2886 1432 bonum
2936 1393 2993 1432 se
3040 1377 3362 1443 conferunt,
3408 1376 3528 1430 ideo

1970 1474 2081 1528 ait:
2122 1472 2187 1526 In
2236 1474 2339 1543 lege
2392 1471 2601 1524 Domini
2648 1470 2887 1523 voluntas
2929 1468 3062 1537 ejus.
3121 1467 3316 1538 Legem
3349 1476 3528 1521 autem

1969 1564 2120 1627 dicit,
2152 1579 2259 1618 non
2289 1563 2633 1617 umbratilem
2661 1563 2806 1615 illam
2851 1568 2903 1615 et
2945 1560 3227 1629 ﬁguratam
3249 1600 3263 1623 ,
3296 1559 3392 1615 sed
3436 1576 3530 1629 pot

1967 1658 2077 1712 tius
2111 1657 2389 1726 spirituale
2417 1656 2641 1710 verbum
2684 1655 2737 1707 in
2777 1669 2842 1707 ea
2876 1655 3049 1707 latens
3092 1662 3144 1706 et
3192 1652 3527 1708 obvolutum.

1970 1747 2154 1801 Fuerit
2183 1749 2345 1801 etiam
2392 1747 2622 1801 fortasse
2670 1746 2751 1798 lex
2788 1744 3000 1799 Domini
3037 1759 3100 1798 ea
3132 1760 3252 1814 qua:
3277 1745 3529 1798 omnibus

1970 1839 2279 1895 hominibus
2304 1840 2370 1893 ab
2399 1838 2513 1907 ipsa
2546 1849 2737 1891 natura
2778 1836 2942 1889 insita
2984 1845 3099 1901 est;
3134 1850 3241 1905 qua
3280 1836 3417 1890 duce
3447 1836 3530 1886 uli-

1969 1939 2168 1986 cuntur
2197 1930 2363 2001 probe
2396 1930 2595 1984 vixisse
2637 1927 2808 1983 saneti
2838 1928 2930 1996 qui
2966 1935 3089 1981 ante
3118 1926 3318 1996 Moysis
3359 1927 3527 1992 legem

1966 2026 2220 2081 fuerunt:
2250 2024 2315 2079 de
2338 2024 2535 2094 quibus
2562 2024 2635 2076 ait
2662 2022 2984 2090 Apostolus:
3007 2019 3138 2074 Cum
3165 2022 3299 2073 enim
3328 2028 3525 2088 gentes,
3544 2060 3558 2073 .

1963 2134 2078 2188 qua:
2106 2116 2271 2186 legem
2322 2132 2423 2169 non
2459 2114 2682 2179 habent,
2725 2112 2981 2180 scriptam
3006 2109 3278 2174 videlicet,
3308 2116 3526 2161 natura-

1965 2212 2085 2264 liter
2112 2226 2172 2263 ea
2193 2226 2310 2279 qua:
2340 2208 2466 2277 legis
2501 2216 2623 2260 sunt
2665 2205 2865 2275 faciunt
2890 2245 2905 2269 ,
2953 2200 3212 2270 ejusmodi
3238 2201 3396 2269 legem
3424 2216 3525 2252 non

1961 2299 2224 2362 habentes,
2259 2298 2360 2363 ipsi
2395 2294 2495 2350 sibi
2527 2304 2649 2348 sunt
2690 2296 2770 2347 lex
2808 2295 2869 2344 “.
2912 2292 3017 2344 Aut
3060 2291 3146 2346 lex
3177 2288 3389 2343 Domini
3421 2288 3527 2341 fue-

1960 2392 2031 2445 rit
2056 2390 2427 2460 evangelicum
2459 2386 2707 2449 verbum,
2733 2385 2800 2438 ab
2834 2384 2953 2453 ipso
2986 2381 3218 2435 Domino
3254 2388 3308 2434 et
3347 2377 3507 2433 Salva

1961 2494 2078 2541 tore
2103 2493 2289 2539 nostro
2318 2484 2570 2537 omnibus
2598 2479 2846 2553 gentibus
2880 2477 3297 2550 annuntiatum.’

2030 2576 2197 2632 Vens.
2252 2576 2306 2631 5.
2354 2574 2419 2628 Et
2469 2576 2567 2629 erit
2608 2584 2857 2642 tanquam
2899 2572 3099 2640 lignum
3142 2566 3280 2639 quod
3327 2567 3509 2636 planta

1963 2677 2070 2721 tum
2091 2676 2166 2722 est
2190 2683 2337 2721 secus
2367 2667 2616 2720 decursus
2644 2679 2922 2733 aquarum,
2950 2660 3089 2731 quod
3119 2660 3348 2728 fructum
3376 2675 3529 2711 suum

1962 2758 2111 2812 dabit
2163 2762 2218 2812 in
2251 2768 2475 2825 tempore
2504 2772 2619 2810 suo.
2658 2752 2760 2820 Qui
2811 2767 2906 2822 per
2951 2760 3120 2805 totam
3165 2750 3333 2804 vitam
3373 2764 3527 2803 suam

1964 2852 2218 2919 omnique
2251 2857 2495 2916 tempore
2539 2853 2697 2899 nocte
2742 2859 2805 2897 ac
2840 2843 2929 2896 die
2976 2841 3173 2895 divinae
3201 2839 3306 2910 legi
3334 2849 3527 2902 vacat,

1962 2952 2016 2997 et
2045 2943 2192 2996 rivis.
2231 2955 2297 2994 ex
2334 2953 2397 2993 eo
2432 2936 2759 3000 liuentibus,
2815 2932 3188 3004 spiritualibus
3235 2932 3523 3001 irrigatur,

1965 3031 2251 3085 admodum
2288 3030 2535 3101 apposite
2579 3029 2763 3098 ligno,
2812 3027 2970 3093 cujus
3021 3024 3232 3079 radices
3286 3023 3531 3093 proxime
3609 3034 3616 3053 ι

1965 3137 2135 3192 aquas
2167 3122 2354 3190 posita:
2388 3128 2536 3186 sunt,
2568 3127 2932 3189 comparatur.
2968 3116 3307 3186 Quapropter
3339 3129 3526 3170 revera

1966 3215 2154 3269 beatus
2181 3213 2271 3267 ille
2299 3255 2313 3279 ,
2346 3220 2530 3281 utpote
2572 3210 2665 3280 qui
2713 3210 2912 3264 divinis
2958 3215 3117 3278 potus
3161 3207 3528 3277 irrigatusque

301 3298 635 3368 μαθήμασιν,
671 3299 878 3369 ὦριμον
916 3302 1107 3355 ἑαυτοῦ
1144 3302 1233 3356 τὸν
1272 3304 1481 3373 καρπὸν
1523 3303 1856 3358 ἀποδίδωσιν.

1967 3305 2285 3375 disciplinis,
2313 3319 2471 3359 suum
2503 3311 2808 3373 opportuno
2848 3306 3088 3370 tempore
3124 3299 3360 3353 fructum
3390 3314 3526 3367 pra:-

296 3386 402 3443 Elz’
436 3392 627 3447 ἐπειδὴ
670 3391 821 3457 ξύλον
856 3394 973 3445 ἐστὶ
1013 3392 1154 3464 ζωῆς
1189 3396 1217 3446 6
1263 3394 1356 3447 τοῦ
1402 3394 1535 3447 Θεοῦ
1584 3396 1707 3459 Υἱὸς
1725 3396 1862 3449 κατὰ

1967 3396 2108 3453 beat.
2163 3396 2429 3466 Deinceps
2484 3396 2610 3465 quia
2666 3393 2760 3447 Dei
2812 3390 2983 3447 Filius
3020 3392 3221 3462 lignum
3274 3390 3399 3444 vitae
3446 3399 3529 3443 est

296 3483 380 3535 τὸν
428 3483 749 3555 Σολομῶντα
799 3488 1042 3556 φήσαντα
1094 3487 1350 3557 περὶτῆς
1396 3488 1621 3556 Σοφίας·
1665 3489 1862 3542 sam

1967 3489 2111 3559 juxta
2160 3487 2509 3543 Salomonem
2561 3486 2653 3556 qui
2712 3486 2780 3541 de
2831 3483 3107 3553 Sapientia
3162 3482 3291 3536 talia
3339 3479 3524 3535 fatur:

297 3574 425 3627 ἐστὶ
467 3574 620 3643 ζωῆς
658 3575 805 3630 πᾶσι
831 3577 953 3642 τοῖς
979 3577 1392 3645 ἀντεχομένοις
1416 3579 1605 3647 αὐτῆς
1628 3579 1720 3633 καὶ
1752 3582 1862 3643 τοῖς

298 3665 731 3737 ὲπερειδομένοις
750 3668 834 3719 ἐπ’
860 3668 1025 3739 αὐτὴν
1046 3669 1120 3732 ὡς
1141 3670 1230 3722 ἐπὶ
1242 3670 1440 3741 Κύριον
1465 3671 1675 3743 ἀσφαλῆ
1699 3672 1822 3741 (sic)
1843 3689 1857 3702 °

300 3759 516 3821 εἰκότως
548 3761 575 3812 6
611 3760 1040 3832 μακαριζόμενος
1068 3761 1143 3832 τῷ
1169 3760 1261 3813 τοῦ
1288 3762 1420 3815 Θεοῦ
1451 3762 1562 3833 Υἱῴ
1583 3764 1863 3833 ἀφωμοίω-

299 3867 383 3902 ται
419 3850 497 3920 τῷ
529 3850 681 3921 παρὰ
714 3851 811 3915 τὰς
842 3851 1101 3916 διεξόδους
1136 3853 1247 3905 ὃντι
1292 3855 1398 3906 τῶν
1427 3854 1630 3908 ὑδάτων
1660 3871 1861 3925 μαρτυ-

304 3942 557 4012 ρούμενος
591 3943 683 3994 καὶ
708 3944 1101 4015 κηρυττόμενος
1136 3944 1239 3996 ὑπὸ
1266 3944 1373 3997 τῶν
1400 3945 1497 4015 τῆς
1540 3945 1685 4007 Θείας
1725 3946 1862 4017 Γρα-

302 4033 401 4102 φῆς
426 4032 758 4087 διδασκάλων
793 4035 886 4087 καὶ
915 4036 1232 4105 προφητῶν·
1269 4036 1462 4098 οἵτινες
1506 4036 1599 4089 καὶ
1641 4036 1860 4103 ἀφέσεις

304 4119 504 4173 ὑδάτων
528 4122 678 4193 παρὰ
704 4124 768 4192 τῇ
800 4120 1137 4192 θεοπνεύστῳ
1163 4124 1410 4191 λέγονται
1434 4125 1651 4195 Γραφῇ.
1677 4124 1861 4195 Τούτῳ

300 4207 389 4264 οὖν
426 4212 777 4283 ἁφωμοίωται
822 4215 849 4265 6
892 4214 1341 4285 μακαριζόμενος,
1373 4217 1663 4287 ἀρδόμενος
1697 4216 1863 4281 διεξό-

300 4300 407 4364 δοις
434 4302 543 4354 τῶν
578 4303 687 4356 ἀπὸ
714 4303 812 4373 τῆς
841 4303 988 4367 θείας
1018 4305 1239 4376 Γραφῆς
1281 4307 1658 4377 πνευματικῶν
1686 4308 1859 4378 ναμά-

302 4409 425 4455 των,
456 4393 667 4463 καρπόν
693 4411 752 4445 τε
779 4393 979 4461 ἀγαθὸν
1004 4395 1310 4466 προφέρων.

371 4567 475 4620 Kal
527 4566 590 4618 τὸ
621 4567 859 4634 φύλλον
892 4570 1077 4622 αὑτοῦ
1104 4569 1213 4622 οὐκ
1260 4569 1719 4637 ἀπορῤυήσεται,
1762 4573 1862 4625 καὶ

1961 3580 2183 3650 Lignum
2223 3580 2340 3635 vita:
2373 3588 2449 3633 est
2501 3578 2581 3631 his
2633 3577 2722 3647 qui
2767 3574 3193 3645 apprehenderint
3225 3589 3341 3626 eam
3367 3574 3422 3635 ’,
3474 3580 3528 3623 et

1960 3670 2053 3739 qui
2096 3683 2196 3733 ea,
2266 3668 2381 3722 sive
2429 3666 2549 3736 ipso
2592 3664 2839 3732 Domino,
2898 3664 3009 3717 nixi
3062 3662 3293 3725 fuerint,
3335 3674 3526 3715 secure

1962 3758 2195 3828 degunt;
2250 3756 2375 3826 jure
2441 3771 2506 3810 ac
2561 3754 2756 3809 merito
2801 3753 2894 3823 qui
2939 3753 3129 3807 beatus
3168 3750 3524 3820 pra-dicatur,

1959 3847 2098 3903 Filio
2120 3848 2214 3902 Dei
2250 3847 2443 3903 similis
2477 3846 2711 3911 dicitur,
2748 3844 2840 3913 qui
2875 3857 3034 3898 secus
3066 3841 3330 3897 decursus
3359 3856 3526 3909 aqua—

1962 3957 2081 3995 rum
2113 3942 2252 3996 situs
2293 3948 2411 4003 est,
2461 3938 2662 4008 quique
2697 3934 3009 3990 testimonio
3039 3948 3103 3986 ac
3148 3931 3528 4002 praedicatione

1961 4033 2239 4088 doctorum
2279 4032 2476 4086 divina:
2518 4028 2841 4098 Scriptum,
2895 4040 2959 4079 ac
3012 4025 3395 4095 prophetarum
3429 4037 3529 4075 an-

1961 4125 2280 4178 nuntiatur:
2316 4137 2439 4175 nam
2498 4121 2533 4173 ii
2585 4118 2907 4174 emissiones
2968 4132 3230 4186 aquarum
3281 4115 3334 4169 in
3380 4113 3527 4168 Scri‘

1961 4221 2119 4284 ptura
2154 4212 2335 4266 divina
2374 4211 2730 4280 appellantur.
2771 4207 2908 4261 Huic
2954 4208 3135 4276 itaque
3176 4212 3525 4276 comparatur

1960 4308 2053 4377 qui
2100 4307 2288 4361 beatus
2327 4305 2522 4359 dicitur
2545 4345 2559 4367 ,
2593 4304 2850 4372 irrigatus
2885 4300 3102 4353 ﬂuentis
3138 4300 3377 4352 rivorum
3414 4298 3534 4368 spi-_

1962 4398 2235 4452 ritualium
2292 4412 2322 4449 a
2373 4396 2654 4463 Scriptura
2690 4406 2845 4447 sacra
2896 4388 3267 4451 manantium,
3316 4392 3369 4440 et
3412 4384 3526 4437 fru‘

1961 4493 2104 4538 ctum
2141 4482 2420 4553 proferens
2452 4484 2671 4537 bonum.

2033 4575 2102 4629 Et
2132 4577 2317 4644 folium
2347 4575 2459 4635 eius
2508 4591 2610 4627 non
2654 4572 2879 4642 tle/luet,
2932 4581 2981 4625 et
3012 4570 3185 4623 omnia
3215 4581 3525 4636 quaecunque

305 4656 495 4711 πάντα
545 4657 661 4709 ὅσα
713 4656 788 4709 ἂν
836 4658 976 4725 ποιῇ
1028 4658 1588 4725 κατευοδωθνήσεται.
1643 4663 1750 4714 Καὶ
1805 4662 1860 4715 τὰ

1967 4668 2121 4737 faciet
2143 4666 2609 4736 prosperabuntur.
2641 4662 2707 4715 Et
2734 4663 2861 4717 folia
2891 4661 3030 4729 ejus,
3064 4666 3124 4713 nt
3157 4658 3295 4710 alius
3324 4654 3520 4721 inquit,

306 4746 471 4815 φύλλα
504 4748 562 4799 δὲ
608 4748 794 4811 αὐτοῦ,
829 4750 903 4812 ὡς
936 4749 1090 4813 ἄλλος
1125 4750 1308 4820 φησὶν,
1343 4750 1506 4821 ἔτερα
1547 4751 1673 4805 ὄντα
1713 4754 1861 4824 παρὰ

303 4838 393 4891 τὸν
423 4839 627 4891 τέλειον
648 4839 879 4910 καρπὸν,
915 4839 982 4892 τὰ
1008 4841 1148 4892 κατὰ
1191 4840 1280 4893 τὸν
1310 4842 1499 4910 θνητὸν
1530 4842 1724 4914 δηλαδὴ
1753 4845 1861 4914 βίον

301 4931 619 4999 πράγματα,
649 4930 715 4982 τά
759 4946 818 4981 τε
851 4928 991 4982 κατὰ
1016 4929 1112 5000 τὴν
1146 4930 1490 5001 ἀνθρωπίνην
1541 4932 1702 5003 ζωὴν,
1741 4935 1860 4987 καθ’

298 5018 363 5090 ἢν
390 5021 485 5071 καὶ
511 5021 541 5070 6
564 5019 764 5080 τέλειος
782 5020 990 5090 καρπὸς
1017 5020 1303 5072 σκέπτεταί
1335 5037 1392 5073 τε
1420 5022 1513 5075 καὶ
1539 5024 1860 5091 φυλάττεται

299 5112 387 5162 καὶ
417 5112 518 5163 οὐκ
564 5113 812 5182 ἀπορρεῖ,
852 5111 1008 5181 μέχρι
1053 5112 1145 5164 καὶ
1187 5112 1388 5166 τούτων
1428 5114 1666 5183 ἀκριϐῶς
1711 5116 1859 5186 βιοῦν

300 5204 849 5274 Ικαραφυλαττομένου
872 5221 885 5233 ·
914 5204 992 5257 διὸ
1016 5205 1108 5257 καὶ
1132 5206 1187 5258 ὲν
1217 5208 1379 5259 πᾶσιν
1408 5202 1487 5271 οἷς
1515 5208 1579 5261 ἂν
1603 5213 1726 5280 ποιῇ
1754 5212 1858 5264 ὑπὸ

297 5294 387 5346 τοῦ
424 5295 557 5348 Θεοῦ
604 5296 1119 5366 κατευοδωθήσεται.
1164 5298 1274 5350 Καὶ
1316 5298 1487 5361 ἄλλως
1529 5300 1558 5350 ὁ
1593 5302 1857 5372 μακάριος

295 5386 374 5440 διὰ
413 5388 610 5451 παντὸς
653 5388 945 5459 ἀρδόμενος
985 5387 1137 5441 ὕδασι
1166 5388 1401 5456 λογικοῖς
1429 5391 1527 5461 τῆς
1560 5390 1739 5445 ἐνθέου
1777 5392 1857 5444 δι-

296 5478 602 5543 δασκαλίας,
633 5478 727 5532 καὶ
773 5479 871 5549 τῆς
901 5480 1279 5550 προσηκούσης
1309 5481 1578 5552 γεωργίας
1606 5484 1741 5536 κατὰ
1766 5486 1856 5537 τὸν

300 5571 531 5641 παρόντα
576 5572 692 5632 βίον
736 5571 1017 5639 τυγχάνων
1058 5572 1115 5625 έν
1142 5572 1316 5643 καιρῷ
1363 5572 1439 5643 τῷ
1470 5575 1658 5627 ἑαυτοῦ
1701 5575 1856 5630 δώσει

298 5661 376 5713 τὸν
409 5664 597 5718 ἑαυτοῦ
629 5662 861 5734 καρπόν.
896 5663 1096 5727 Καιρὸς
1132 5663 1187 5714 δὲ
1218 5663 1380 5716 αὐτοῦ
1413 5668 1440 5717 6
1475 5666 1678 5736 μέλλων
1715 5668 1859 5723 ἐστὶν

366 5778 401 5807 ⁸⁸
441 5780 595 5837 Rom.
630 5794 712 5841 ιι.
752 5778 836 5831 14.
911 5780 929 5809 ³
970 5776 1125 5833 Prov.
1168 5794 1261 5845 ιιι,
1298 5780 1380 5835 18.

1961 4776 2081 4831 qua:
2118 4760 2329 4813 diversa
2361 4764 2486 4813 sunt
2523 4772 2553 4809 a
2580 4754 2818 4825 perfecto
2845 4752 3022 4806 fructu
3042 4790 3056 4814 ,
3090 4748 3339 4802 videlicet
3359 4757 3521 4814 Opera

1961 4852 2210 4906 mortalis
2231 4852 2457 4919 hujusce
2477 4848 2617 4913 vitae,
2643 4848 2972 4915 humanique
2997 4843 3208 4897 vivendi
3236 4838 3519 4901 curriculi,

1962 4944 2016 4996 in
2049 4959 2155 5013 quo
2196 4942 2405 4997 fructus
2456 4941 2545 4995 ille
2574 4940 2844 5010 perfectus
2870 4941 3146 5006 spectatur
3179 4939 3232 4987 et
3261 4931 3521 4985 observa-

1962 5042 2071 5097 tur,
2104 5050 2212 5088 non
2252 5032 2508 5097 detinent,
2536 5032 2663 5084 dum
2719 5031 2833 5096 ipse
2881 5025 3048 5096 probe
3083 5021 3297 5077 vivendi
3335 5036 3523 5076 curam

1964 5129 2211 5194 habebit;
2252 5126 2599 5196 quamobrem
2650 5125 2703 5175 in
2754 5119 2965 5174 cunctis
3021 5115 3277 5184 operibus
3325 5115 3439 5169 suis
3492 5128 3523 5165 a

1962 5218 2071 5273 Deo
2100 5229 2244 5273 recte
2273 5231 2636 5287 prospereque
2677 5212 2955 5281 dirigetur.
3012 5207 3130 5260 Alia
3152 5221 3282 5261 vero
3312 5207 3524 5259 ratione

1966 5314 2042 5365 sic
2071 5311 2370 5381 explicatur
2396 5329 2408 5363 :
2442 5308 2636 5361 Beatus
2671 5305 2759 5357 ille
2807 5302 2899 5371 qui
2928 5314 3141 5369 semper
3171 5297 3519 5366 intelligibili-

1964 5401 2065 5455 bus
2099 5400 2294 5454 divinae
2349 5398 2606 5453 doctrinae
2653 5394 2808 5464 aquis
2864 5392 3153 5461 irrigatur,
3187 5396 3241 5443 et
3293 5388 3346 5441 in
3388 5402 3522 5456 prae-

1964 5493 2098 5548 senti
2134 5491 2241 5545 vita
2268 5505 2363 5543 ceu
2395 5504 2520 5556 ager
2554 5492 2911 5556 congruenter
2938 5482 3167 5545 colitur;
3203 5477 3354 5532 dabit
3411 5476 3518 5529 fru-

1964 5592 2110 5638 ctum
2153 5597 2308 5637 suum
2343 5580 2396 5633 in
2426 5587 2664 5648 tempore
2708 5594 2827 5634 suo.
2886 5574 3123 5644 Tempus
3173 5584 3338 5641 porro
3367 5569 3519 5639 ejus,

1967 5674 2205 5729 futurum
2245 5671 2499 5727 saeculum
2530 5676 2651 5725 est:
2685 5667 2964 5740 praesentis
2997 5665 3194 5735 quippe
3229 5661 3349 5715 vita;
3388 5668 3523 5716 tent-
