3948 6286
400 332 468 387 79
1024 307 1289 364 EUSEBII
1327 313 1806 372 CIESARIENSIS
1842 317 1991 374 OPP.
2032 320 2213 377 PARS
2254 322 2340 380 Ill.
2373 356 2439 365 —
2479 326 2884 385 EXEGETICA.
3565 341 3633 387 δυ

401 461 501 516 pus
548 460 656 500 non
700 446 802 515 ipsi
838 443 1151 514 proprium,
1189 447 1282 501 sed
1332 448 1567 503 alienum
1604 458 1715 513 est;
1770 466 1960 520 quam-

2070 466 2202 503 αιων
2225 466 2238 480 ·
2286 452 2474 522 επειδη
2518 467 2611 503 του
2650 464 2912 520 παροντος
2941 449 3041 502 οὐκ
3080 446 3226 501 ἔστιν
3266 448 3482 510 οἰκεῖος,
3517 446 3630 500 ἀλλ’

399 535 582 589 obrem
612 534 667 589 in
695 541 938 604 tempore
956 550 1056 590 suo
1084 539 1368 605 praesentis
1390 541 1733 609 agriculturae
1755 540 1965 597 fructus

401 625 512 681 Deo
535 624 794 696 profereta
821 627 943 682 Alio
975 643 1189 698 quoquc
1217 629 1377 683 modo
1409 630 1762 703 intelligitur;
1804 634 1966 688 nimi—

397 733 540 781 rum,
574 718 663 773 ille
700 718 792 789 qui
818 718 1011 776 beatus
1049 720 1410 790 praedicatur,
1465 738 1529 777 ex
1587 725 1804 779 mortali
1856 726 1964 781 vita

395 807 725 871 translatus,
792 809 1207 877 promissionem
1258 811 1479 867 habebit
1522 827 1581 868 se
1617 813 1858 870 futurum
1909 816 1964 871 in

397 899 651 968 paradiso
681 899 771 953 Dei
803 901 959 971 quasi
998 901 1202 973 lignum
1233 905 1377 972 quod
1426 904 1726 975 plantatum
1769 916 1852 963 est
1881 923 1967 964 se-

395 1006 494 1045 cus
519 991 780 1048 decursus
803 1007 1088 1063 aquarum.

468 1082 634 1140 Vens.
668 1087 723 1142 4.
763 1084 885 1139 Non
919 1088 996 1141 sic
1037 1087 1224 1156 impii,
1271 1104 1373 1141 non
1410 1089 1519 1154 sic,
1575 1091 1667 1146 sed
1712 1100 1964 1161 tanquam

393 1177 563 1244 puluis
594 1191 753 1246 quem
799 1178 1013 1248 proiicit
1050 1190 1229 1236 uentus
1283 1198 1317 1235 a
1364 1183 1499 1251 facie
1544 1192 1717 1239 terrm.
1764 1183 1964 1241 Beatus

397 1266 487 1323 ille
516 1268 695 1338 qualis
728 1268 818 1324 hic
868 1269 1199 1327 describitur
1226 1289 1241 1326 :
1264 1281 1315 1327 et
1344 1288 1477 1328 sane
1510 1273 1821 1343 hujusmodi
1866 1276 1964 1330 ho-

395 1359 570 1414 mines
599 1360 889 1416 admodum
918 1360 1027 1415 rari
1072 1361 1339 1430 paucique
1367 1371 1513 1419 sunt.
1564 1363 1633 1417 At
1662 1364 1809 1435 impii
1844 1382 1962 1420 ma-

391 1464 500 1519 gno
528 1462 790 1515 numero;
839 1450 932 1520 qui
963 1456 1023 1504 ut
1070 1449 1205 1504 nihil
1237 1449 1497 1506 habentes
1543 1450 1686 1521 apud
1742 1452 1960 1507 beatum

396 1542 545 1597 illum
576 1544 717 1599 male
742 1543 1004 1608 audiunt;
1040 1542 1276 1598 fructum
1304 1543 1502 1614 quippe
1529 1553 1958 1615 temporaneum,

395 1637 709 1693 mutabilem
757 1651 823 1693 ac
870 1639 1172 1707 periturum
1225 1636 1595 1707 possidentes,
1654 1637 1784 1693 facti
1834 1646 1963 1695 sunt

394 1728 553 1799 quasi
578 1729 747 1797 pulvis
770 1745 919 1798 quem
945 1728 1154 1798 projicit
1185 1739 1360 1783 ventus
1387 1746 1420 1782 α
1446 1729 1582 1799 {acie
1607 1739 1780 1785 terrm.

2068 542 2373 614 ἀλλότριοςο
2421 542 2500 595 διὸ
2547 544 2602 595 ἐν
2645 542 2834 611 ἐκείνῳ
2872 541 2948 611 τῷ
2979 540 3168 594 ἐαυτοῦ
3211 539 3384 611 καιρῷ
3410 539 3507 609 τῆς
3544 541 3629 591 ἐν·

2066 632 2239 686 ταῦθα
2289 633 2559 704 γεωργίας
2604 631 2871 686 ἀποδώσει
2917 631 2994 702 τῷ
3034 630 3150 701 Θεῷ
3192 634 3316 694 τοὺς
3366 631 3628 702 καρπούς.

2067 725 2175 776 Καὶ
2227 724 2347 777 καθ’
2390 724 2577 794 ἕτερον
2609 724 2664 775 δέ
2706 723 2926 794 τρόπον,
2968 725 2996 776 6
3037 720 3490 794 μακαριζόμενος,
3539 738 3633 792 με-

2065 814 2422 884 ταφυτευθεὶς
2470 815 2534 866 ἐκ
2575 812 2669 865 τοῦ
2720 811 2913 884 θνητοῦ
2961 811 3096 882 βίου,
3150 811 3473 880 ἐπαγγελίαν
3522 809 3631 876 ἕξει

2066 909 2122 959 ἐν
2147 907 2228 977 τῷ
2274 904 2583 978 παραδείσῳ
2610 902 2702 958 τοῦ
2747 904 2880 958 Θεοῦ
2925 904 3158 969 ἔσεσθαι,
3191 905 3266 969 ὼς
3294 904 3353 958 τὸ
3384 903 3535 970 ξύλον
3573 905 3633 957 τὸ

2069 998 2473 1070 πεφυτευμένον
2500 996 2649 1070 παρὰ
2670 996 2767 1061 τὰς
2791 996 3051 1063 διεξόδους
3079 996 3185 1050 τῶν
3211 996 3437 1051 ὑδάτων.

2143 1092 2266 1158 Οὐχ
2298 1091 2484 1154 οὓτως
2514 1092 2568 1142 οἱ
2593 1087 2846 1154 ἀσεϐεῖς,
2879 1090 2990 1158 οὐχ
3018 1088 3221 1155 οὕτως,
3251 1089 3385 1143 ἀλλ’
3415 1088 3455 1158 ἢ
3491 1087 3631 1143 ὡσεὶ

2063 1181 2229 1252 χοῦς,
2273 1181 2345 1234 ὃν
2382 1182 2639 1250 expiaret
2673 1184 2704 1235 ὀ
2749 1181 2966 1250 ἄνεμος
3016 1181 3134 1235 ἀπὸ
3176 1181 3497 1250 προσώπου
3526 1178 3636 1249 τῆς

2062 1272 2194 1344 γῆς.
2241 1274 2297 1326 '0
2331 1273 2427 1343 μὲν
2463 1273 2727 1344 μακάριος
2768 1272 3005 1335 τοιοῦτος
3031 1268 3141 1325 οἷον
3180 1274 3207 1325 6
3237 1273 3391 1342 λόγος
3422 1266 3637 1344 διέγρα-

2062 1364 2191 1435 ψενο
2229 1365 2449 1428 σπάνιος
2487 1365 2543 1417 δὲ
2577 1361 2731 1428 οὗτος
2767 1364 2860 1417 καὶ
2895 1365 2951 1417 ἐν
2990 1364 3190 1433 ὀλίγοις
3230 1364 3633 1436 εὑρισκόμενος.

2064 1453 2251 1506 Πολλοὶ
2292 1453 2349 1506 δὲ
2387 1454 2436 1505 οἱ
2468 1453 2704 1517 ἀσεϐεῖς,
2744 1453 2939 1516 οἵτινες
2983 1453 3057 1517 ὡς
3103 1454 3267 1525 μηδὲν
3308 1454 3520 1525 ἔχοντες
3559 1454 3634 1523 τῷ

2067 1545 2318 1617 μακαρίῳ
2343 1546 2743 1619 διαϐἑὸληνται.
2780 1546 3007 1618 Καρπὸν
3037 1547 3145 1618 γὰρ
3174 1547 3504 1618 πρόσκαιρον
3542 1548 3637 1601 καὶ

2065 1637 2372 1701 σκεδαστὸν,
2390 1638 2482 1690 καὶ
2502 1637 2867 1709 ἀπολλύμενον
2890 1639 3236 1710 κτησάμενοι,
3260 1639 3541 1707 γεγόνασιν
3561 1640 3635 1704 ὡς
3666 1640 3671 1645 ’

2063 1731 2096 1782 ό
2111 1728 2257 1798 χοῦς
2276 1727 2347 1781 ὃν
2361 1728 2620 1796 expiaret
2634 1731 2666 1782 ό
2683 1730 2898 1797 ἄνεμος
2917 1730 3035 1785 ἀπὸ
3053 1728 3372 1796 προσώπου
3386 1728 3493 1797 τῆς
3504 1730 3635 1799 γῆς.

461 1819 628 1877 Vens.
673 1822 725 1876 5.
769 1820 899 1876 Ideo
950 1839 1052 1876 non
1102 1831 1373 1892 resurgent
1421 1821 1569 1890 impii
1620 1823 1676 1875 in
1719 1820 1958 1890 judicio,

2132 1821 2234 1874 Διὰ
2260 1821 2436 1874 τοῦτο
2467 1823 2578 1874 οὐκ
2601 1822 3046 1887 ἀναστήσονται
3075 1821 3310 1888 ἀσεϐεῖς
3329 1822 3397 1874 ἐν
3421 1824 3637 1890 κρίσει,

393 1929 554 1984 neque
577 1924 874 1981 peccatores
901 1914 955 1967 in
982 1915 1208 1969 concilio
1234 1914 1528 1985 justorum.
1555 1912 1615 1967 in
1648 1914 1959 1978 communi,

395 2002 566 2067 illud,
612 2003 667 2056 in
715 2003 941 2057 concilio
990 2003 1255 2069 iustorum
1299 2003 1571 2073 accipias,
1617 2002 1692 2056 ita
1739 2011 1799 2057 ut
1848 2003 1962 2057 haec

391 2094 666 2150 sententia
693 2094 856 2151 fuerit
881 2113 893 2150 :
929 2094 1381 2165 Quandoquidem
1407 2095 1544 2149 nihil
1573 2094 1771 2158 fertile,
1797 2093 1962 2150 vilale

388 2187 560 2254 nihil,
590 2203 767 2258 neque
792 2187 1028 2243 fructum
1055 2188 1160 2244 Deo
1181 2188 1404 2257 dignum
1423 2227 1437 2252 ,
1463 2188 1677 2258 qualem
1698 2186 1963 2242 dederunt

385 2279 553 2350 justi,
586 2281 738 2351 impii
767 2282 1077 2352 protulere;
1108 2281 1231 2337 ideo
1260 2280 1314 2335 in
1342 2279 1535 2350 judicii
1565 2287 1806 2349 tempore
1825 2320 1840 2345 ,
1871 2293 1962 2333 ne-

387 2387 487 2442 que
514 2381 813 2441 peccatores
850 2374 903 2427 in
936 2371 1164 2428 concilio
1189 2373 1460 2443 justorum
1496 2377 1807 2441 rcsurgent.
1854 2368 1961 2423 Pro

308 2450 312 2454 ’
389 2463 628 2517 concilio
656 2471 837 2519 autem
869 2464 1062 2535 Aquila
1098 2473 1152 2520 et
1182 2463 1485 2519 Theodotio
1518 2479 1846 2533 synagogam
1877 2461 1961 2515 in-

388 2553 670 2624 terpretati
698 2562 862 2622 sunt;
898 2555 1259 2627 Symmachus
1282 2569 1433 2619 vero,
1463 2562 1790 2609 conventum.
1815 2552 1962 2608 Con-

390 2647 578 2701 cilium
614 2646 777 2717 igitur
811 2645 901 2700 hic
937 2647 1209 2719 intelligas
1244 2652 1575 2702 conventum
1606 2652 1921 2700 sanctorum
1942 2683 1957 2708 ,

390 2748 452 2791 ut
490 2737 547 2791 in
581 2737 853 2808 principio
887 2736 1092 2793 dictum
1135 2746 1238 2795 est.
1279 2737 1654 2809 Oppositoque
1688 2751 1854 2793 sensu
1894 2736 1962 2790 il-

390 2828 482 2883 lud
501 2871 517 2897 ,
550 2830 608 2883 in
637 2831 860 2885 concilio
890 2831 1172 2901 impiorum
1191 2871 1207 2896 ,
1237 2846 1337 2902 pro
1365 2838 1636 2885 conventu
1668 2828 1960 2900 impiorum

390 2920 651 2991 accipias.
687 2921 954 2977 Cmterum
990 2930 1277 2994 resurgant
1316 2921 1418 2992 ipsi
1454 2936 1672 2991 quoque
1695 2961 1711 2987 ,
1749 2920 1845 2976 sed
1892 2921 1958 2976 ad

391 3026 606 3083 pinnam
635 3021 796 3084 atque
827 3015 1191 3086 supplicium:
1227 3014 1373 3069 Nam
1410 3024 1601 3069 cuncta
1633 3029 1751 3085 quae
1783 3014 1957 3082 ﬁunt,

391 3102 614 3158 adducet
651 3104 794 3159 Deus
845 3106 901 3159 in
938 3104 1206 3175 judicium
1256 3122 1350 3175 pro
1402 3122 1544 3159 omm
1593 3113 1805 3170 errato,
1855 3104 1962 3158 sive

391 3195 584 3248 bonum
622 3196 730 3250 sive
757 3197 960 3251 malum
987 3197 1122 3251 illud
1152 3198 1316 3267 fuerit
1349 3200 1387 3253 ³.
1429 3197 1741 3252 Notandum
1781 3204 1963 3251 autem

390 3295 501 3351 est,
537 3288 775 3358 primum
826 3286 1082 3344 Davidem
1132 3289 1592 3345 resurrectionem
1633 3297 1689 3344 et
1720 3288 1963 3343 futurum

389 3384 511 3446 post
556 3377 1013 3432 resurrectionem
1048 3376 1339 3447 judicium,
1369 3394 1582 3434 necnon
1612 3379 1809 3433 futurae
1841 3379 1966 3433 vitae

389 3469 847 3538 promissionem,
906 3478 1090 3540 aperte
1135 3470 1441 3526 docuisse:
1498 3469 1711 3542 Moyses
1765 3471 1966 3540 quippe

389 3559 525 3613 nihil
557 3559 868 3629 hujusmodi
902 3562 1112 3631 uspiam
1142 3559 1387 3615 tradidit.

467 3650 631 3709 Vens.
670 3652 724 3708 6.
767 3654 1034 3719 Quoniam
1089 3653 1231 3708 novit
1280 3653 1545 3708 Dominus
1594 3654 1734 3708 viam
1781 3653 1962 3723 justo-

389 3759 548 3810 rum,
619 3754 667 3800 et
723 3746 824 3800 iter
880 3747 1161 3816 impiorum
1216 3745 1429 3816 peribit.
1485 3744 1584 3799 Hic
1657 3745 1960 3815 generatim

390 3844 546 3892 notes
600 3836 797 3901 velim,
864 3837 1065 3892 bonum
1118 3836 1339 3908 quidem
1389 3834 1621 3891 Domino
1678 3835 1957 3906 cognitum

390 3944 546 3994 esse,
583 3929 677 3984 sed
710 3928 915 3983 malum
954 3930 1295 3999 neutiquam.
1332 3927 1481 3983 Bona
1516 3928 1715 3998 quippe
1745 3934 1831 3982 est
1863 3927 1958 3996 ju-

392 4029 603 4075 storum
638 4018 757 4085 via,
789 4034 967 4088 neque
1012 4019 1255 4078 dicitur:
1299 4017 1460 4073 Novit
1504 4017 1767 4074 Dominus
1818 4018 1961 4071 viam

392 4112 685 4183 impiorum
710 4153 725 4175 ,
754 4111 1007 4166 videlicet
1032 4126 1223 4167 eorum
1257 4111 1349 4181 qui
1380 4112 1435 4166 in
1466 4112 1761 4182 perniciem
1792 4118 1959 4177 eunt;

394 4204 491 4259 sed
520 4223 532 4257 :
569 4201 731 4257 Novit
764 4202 1025 4257 Dominus
1056 4204 1145 4273 qui
1176 4213 1294 4257 sunt
1325 4203 1438 4272 ejus
1476 4202 1516 4256 ‘.
1548 4201 1831 4258 Justorum
1867 4216 1964 4255 au-

394 4308 499 4352 tcm
535 4296 621 4351 via
654 4304 737 4352 est
770 4297 818 4353 is
850 4297 943 4367 qui
974 4297 1114 4351 dixit
1144 4315 1158 4352 :
1198 4295 1309 4367 Ego
1340 4313 1458 4352 sum
1488 4297 1572 4351 via
1602 4298 1622 4328 ⁵
1653 4312 1670 4362 ;
1699 4305 1752 4350 et
1782 4295 1915 4350 illud
1945 4315 1957 4350 :

403 4386 582 4445 Videte
608 4405 727 4457 qua:
758 4390 828 4444 sit
859 4391 944 4444 uia
976 4389 1113 4444 bona
1133 4391 1173 4444 ⁸.
1207 4388 1333 4445 Haec
1366 4390 1591 4461 respicit
1624 4391 1890 4460 psalmus.

813 4500 1138 4558 PSALMUS
1203 4501 1413 4557 DAVID
1471 4502 1537 4556 11.

848 4613 1172 4684 Explanatio
1204 4616 1400 4686 psalmi
1440 4631 1502 4672 tt.

459 4732 629 4788 Vens.
658 4735 710 4786 1.
743 4730 922 4798 Quare
953 4730 1278 4801 fremuerunt
1307 4740 1483 4802 gentes
1502 4772 1518 4797 ,
1555 4740 1605 4785 et
1646 4727 1828 4799 populi
1858 4744 1965 4782 me-

390 4823 551 4879 ditati
581 4833 703 4879 sunt
738 4825 969 4879 inania?
1001 4822 1350 4892 Prophetiam
1386 4822 1571 4885 aﬂert,
1606 4808 1713 4891 qua
1758 4817 1965 4875 Christi

394 4915 659 4971 adventus
687 4917 1003 4971 enuntiatur
1027 4933 1042 4982 ;
1071 4930 1180 4984 quo
1202 4921 1360 4984 pacto
1386 4914 1597 4969 scilicet
1626 4914 1867 4967 futurum
1896 4911 1968 4967 sit

395 5013 457 5060 ut
501 5003 813 5061 Iudaeorum
861 5005 1074 5063 insidiis
1122 5012 1429 5075 appetatur,
1468 5004 1819 5074 gentiumque
1848 5016 1967 5054 om-

398 5098 549 5152 nium
580 5095 913 5161 dominetur,
945 5105 1000 5151 et
1028 5102 1297 5166 quotquot
1329 5095 1385 5148 in
1416 5108 1540 5148 eum
1577 5091 1830 5146 ﬁduciam
1865 5090 1963 5143 ha-

396 5188 635 5250 bebunt,
668 5188 787 5257 ejus
821 5203 986 5258 Opera
1023 5186 1207 5243 felices
1236 5186 1494 5242 evadant.
1530 5184 1749 5238 Primus
1780 5183 1964 5253 itaque

392 5281 643 5354 psalmus
676 5294 839 5348 parce
872 5280 1101 5349 loquens
1150 5296 1319 5335 unum
1360 5279 1626 5334 duntaxat
1674 5278 1767 5348 qui
1812 5277 1961 5331 salu-

388 5386 501 5430 tem
558 5378 891 5427 consecutus
937 5379 1018 5426 est
1068 5373 1286 5428 beatum
1342 5371 1637 5441 praedicat;
1693 5369 1781 5424 hic
1830 5383 1961 5423 vero

390 5466 643 5537 psalmus
677 5463 745 5517 ad
783 5462 1092 5520 felicitatem
1124 5464 1530 5519 multitudinem
1565 5472 1741 5517 vocat.
1779 5459 1961 5531 Siqui-

386 5557 510 5612 dem
548 5556 794 5613 omnium
825 5571 934 5610 una
980 5557 1223 5628 gentium
1265 5558 1607 5613 vocationem
1648 5554 1965 5625 complecti-

389 5661 501 5712 tur,
541 5664 821 5720 regnaque
843 5659 1008 5705 terrm
1034 5649 1226 5704 invitat
1256 5649 1323 5704 ad
1351 5648 1601 5704 salutem.
1638 5645 1765 5701 Haec
1793 5660 1959 5715 porro

390 5747 530 5796 bona
584 5755 682 5810 per
726 5740 1007 5796 Christum
1051 5739 1364 5794 hominibus
1412 5739 1716 5794 obventura
1761 5751 1955 5791 conse—

2063 1908 2203 1965 οὑδὲ
2232 1910 2562 1978 ἁμαρτωλοὶ
2591 1911 2660 1977 ἐν
2702 1908 2907 1977 ,βουλῇ
2950 1909 3211 1963 δικαίων.
3254 1912 3409 1964 Κατὰ
3458 1910 3638 1965 κοινοῦ

2060 2001 2140 2066 τὸ,
2172 2002 2241 2055 ἐν
2272 1999 2478 2068 ,Βουλῆ
2498 2000 2758 2064 δικαίων,
2788 1999 3039 2063 ἀκούσεις
3058 2017 3071 2030 ο
3106 2000 3182 2065 ὡς
3212 1996 3349 2055 εἶναι
3388 2000 3485 2072 τὴν
3515 2003 3634 2055 διά-

2061 2110 2208 2147 νοιαν
2236 2089 2486 2162 τοιαύτην
2509 2107 2523 2121 ο
2553 2092 2703 2144 Ἐπεὶ¹
2738 2090 2902 2161 μηδὲν
2955 2093 3174 2163 γόνιμον
3219 2092 3351 2162 μηδὲ
3389 2090 3639 2159 ζωτικὸν,

2062 2186 2174 2238 ἀλλ’
2207 2184 2327 2238 οὐδὲ
2366 2184 2576 2254 καρπὸν
2608 2183 2742 2237 Θεοῦ
2774 2184 2920 2251 ἄξιον
2957 2188 3070 2248 τοίς
3101 2185 3326 2252 δικαίοις
3359 2186 3642 2256 παραπλη-

2064 2278 2193 2342 σίως
2220 2280 2269 2332 οἱ
2308 2278 2528 2342 ἀσεϐεῖς
2570 2278 3009 2350 προηνέγκαντο,
3038 2276 3125 2330 διὰ
3159 2276 3317 2330 τοῦτο
3355 2279 3412 2330 ἐν
3439 2277 3516 2348 τῷ
3541 2279 3642 2348 τῆς

2061 2369 2294 2440 κρίσεως
2339 2369 2536 2441 καιρῷ,
2576 2370 2716 2423 οὔτε
2756 2373 2810 2423 cl
2858 2368 3186 2437 ἁμαρτωλοὶ
3218 2367 3288 2420 ἐν
3316 2366 3519 2436 ,ϐουλῇ
3551 2367 3642 2421 δι-

2060 2463 2246 2514 καίων
2277 2462 2695 2532 ἀναστήσονται.
2741 2461 2888 2514 Ἀντὶ
2917 2461 2974 2513 δὲ
3003 2460 3193 2529 βουλῆς
3215 2462 3243 2513 6
3276 2459 3374 2530 μὲν
3412 2458 3643 2523 Ἀκύλας

2063 2553 2158 2607 καὶ
2185 2554 2214 2605 6
2239 2553 2530 2607 Θεοδοτίων
2554 2551 2913 2623 συναγωγὴν
2936 2550 3328 2622 ήρμηνεύκασι,
3356 2549 3643 2604 συνέλευ-

2060 2661 2165 2698 σιν
2192 2644 2249 2698 δὲ
2287 2646 2317 2698 6
2346 2645 2661 2716 Σύμμαχος.
2695 2644 2896 2714 Βουλὴν
2925 2644 3103 2697 τοίνυν
3149 2645 3376 2715 ἡγητέον
3409 2642 3644 2695 ἐνταῦθα

2062 2738 2311 2811 εἰρῆσθαι
2350 2739 2448 2810 τὴν
2481 2738 2697 2792 σύνοδον
2720 2736 2826 2789 τῶν
2856 2735 3045 2804 ἁγίων,
3074 2735 3149 2799 ὼς
3187 2734 3280 2788 καὶ
3307 2736 3363 2788 ἐν
3395 2735 3534 2805 ἀρχῇ
3563 2734 3645 2786 εἴ·

2068 2851 2247 2907 ρηται.
2281 2833 2438 2888 Κατὰ
2470 2831 2728 2903 δευτέραν
2748 2831 2981 2885 διάνοιαν
3010 2828 3107 2899 τὴν
3138 2828 3352 2882 σύνοδον
3380 2826 3486 2881 τῶν
3515 2828 3645 2881 ἀσε-

2061 2926 2173 2980 ϐῶν
2205 2926 2495 2999 δηλοῦσθαι
2528 2926 2592 2979 ἐκ
2620 2924 2715 2979 τοῦ
2744 2925 2814 2979 ἐν
2833 2921 3036 2991 ,βουλῇ
3065 2920 3317 2976 ἀσεϐῶν.
3343 2921 3488 2992 Πλὴν
3517 2920 3645 2974 ἅνα-

2064 3023 2350 3091 στήσονται
2398 3021 2490 3074 ἐπὶ
2535 3019 2752 3073 κολάσει
2801 3018 2896 3072 καὶ
2945 3014 3206 3088 τιμωρίαι
3250 3013 3379 3069 Πᾶν
3419 3014 3530 3084 γὰρ
3570 3013 3644 3066 τὸ

2064 3114 2289 3182 ποίημα
2309 3111 2437 3177 ἄξει
2462 3115 2494 3168 ό
2526 3110 2669 3176 Θεὸς
2694 3112 2780 3176 είς
2808 3110 3012 3177 κρίσιν
3036 3107 3096 3160 ἐν
3137 3105 3315 3158 παντὶ
3342 3118 3645 3172 παρεωρα-

2060 3206 2240 3277 μένῳ,
2269 3205 2378 3259 ἐάν
2400 3222 2462 3260 τε
2503 3204 2727 3275 ἀγαθὸν
2753 3199 2833 3274 ἦν
2850 3203 2959 3256 ἐάν
2987 3219 3047 3255 τε
3090 3200 3371 3269 ποντωόν.
3403 3199 3475 3269 Ση
3485 3199 3646 3269 μείω-

2068 3320 2156 3356 σαι
2191 3302 2268 3365 δὲ,
2310 3303 2391 3354 ὅτι
2439 3301 2653 3371 πρῶτος
2686 3297 2846 3351 Δαυῖδ
2884 3299 2978 3350 καὶ
3004 3295 3297 3349 ἀνάστασιν
3341 3292 3432 3346 καὶ
3460 3290 3648 3357 κρίσιν

2069 3392 2205 3464 μετὰ
2231 3393 2330 3463 τὴν
2362 3392 2656 3444 ἀνάστασιν
2687 3387 2975 3458 ἐσομένην,
3008 3387 3102 3440 καὶ
3133 3384 3458 3454 ἐπαγγελίαν
3492 3377 3642 3452 ζωῆς

2068 3484 2364 3557 μελλούσης
2396 3483 2580 3552 σαφῶς
2620 3480 2844 3547 ἐδίδαξε,
2886 3478 3162 3542 Μωῡσέως
3198 3476 3361 3549 μηδὲν
3405 3473 3648 3529 τοιοῦτον

2066 3596 2141 3632 πα
2150 3576 2528 3638 οαδεδωκότος.

2138 3671 2259 3721 Ὅτι
2306 3666 2584 3737 γινώσκει
2628 3667 2841 3735 Κύριος
2873 3663 3017 3719 ὁδὸν
3056 3663 3319 3725 δικαίων,
3363 3660 3458 3715 καὶ
3499 3660 3643 3727 ὁδὸς

2064 3761 2300 3816 ἀσεϐῶν
2331 3759 2658 3814 ἀπολεῖται.
2705 3757 3015 3829 Σημείωσαι
3054 3753 3376 3817 καθολικῶς,
3423 3754 3507 3807 δτι
3534 3769 3644 3805 κα-

2065 3853 2153 3906 λὸν
2205 3854 2301 3924 μὲν
2349 3849 2675 3922 γινώσκεται
2727 3849 2832 3902 ὑπὸ
2874 3848 3100 3922 Κυρίου,
3151 3845 3351 3916 φαῦλον
3395 3844 3450 3898 δέ
3487 3844 3642 3898 οὐδὲν

2064 3945 2336 3998 οὐδέποτε.
2397 3942 2575 3997 Καλὸν
2613 3942 2721 4014 γάρ
2770 3942 2885 4004 ὁδὸς
2931 3940 3171 4003 δικαίων,
3203 3940 3297 3992 καὶ
3337 3937 3436 3990 οὐκ
3474 3932 3599 3990 εἷπε
3624 3954 3639 3968 ·

2063 4035 2324 4089 Γινώσκει
2364 4033 2571 4105 Κύριος
2597 4033 2714 4086 ὁδὸν
2759 4031 2989 4094 ἀσεϐῶν,
3031 4031 3147 4101 ἦτοι
3186 4027 3294 4081 τῶν
3335 4027 3643 4098 ἀπολλυμέ-

2065 4146 2198 4183 νωνο
2231 4127 2395 4182 ἁλλά⁶
2429 4129 2536 4181 Καὶ
2578 4125 2729 4197 ἔγνω
2778 4126 2990 4192 Κύριος
3029 4122 3171 4187 τοὺς
3213 4121 3391 4187 ὄντας
3431 4120 3640 4175 αὐτοῦ.

2077 4222 2223 4285 Ὁδὸς
2263 4222 2320 4275 δὲ
2362 4220 2604 4282 δικαίων,
2638 4220 2667 4271 6
2695 4215 2893 4270 εἰπών·
2936 4214 3074 4285 Ἐγώ
3110 4218 3223 4284 εἰμι
3259 4217 3296 4282 ἢ
3341 4214 3478 4279 ὁδός
3499 4231 3521 4263 ·.
3545 4214 3642 4267 καὶ

2062 4314 2126 4366 τό
2144 4331 2158 4345 ’
2190 4312 2369 4367 Ἴδετε
2392 4311 2533 4365 ποία
2561 4310 2733 4364 ἐστὶν
2755 4310 2794 4377 ἠ
2818 4307 2957 4374 ὁδὸς
2979 4309 3018 4376 ἡ
3042 4306 3252 4378 ἀγαθή.
3285 4306 3407 4360 Ἐπὶ
3433 4305 3642 4358 τούτων

2073 4405 2422 4475 ἀναφέρεται.

2493 4516 2785 4569 ΨΑΛΜΟΣ
2811 4514 2897 4583 Τῼ
2923 4502 3119 4564 ΔΑΥΪΔ
3150 4511 3223 4562 B'.

2504 4605 2825 4675 Ἐξήγνησις
2865 4600 3108 4672 ψαλμοῦ
3132 4601 3213 4665 β’.

2142 4726 2267 4779 Ἵνα
2307 4724 2366 4777 τί
2409 4721 2717 4791 ἐφρύαξαν
2752 4719 2917 4785 ἔθνη,
2964 4716 3064 4770 καὶ
3095 4715 3233 4770 λαοὶ
3267 4713 3644 4785 ἐμελέτησαν

2069 4815 2263 4880 κενά;
2326 4813 2668 4888 Προφητείαν
2736 4810 2974 4882 ἐντίθησι
3037 4808 3270 4882 Χριστοῦ
3336 4809 3643 4880 παρουσίας

2066 4907 2571 4980 προσαγορευτικήν
2591 4924 2604 4936 ·
2640 4906 2734 4960 καὶ
2760 4905 2835 4968 ὡς
2865 4902 2971 4956 ὑπὸ
3001 4901 3264 4955 Ἰουδαίων
3297 4901 3395 4971 μὲν
3423 4901 3646 4956 ἐπιδου-

2064 4999 2407 5070 λευθήσεται,
2456 4998 2721 5070 κρατήσει
2764 4994 2820 5048 δέ
2869 4994 2976 5047 τῶν
3015 4992 3183 5046 ἐθνῶν
3227 4993 3501 5056 ἁπάντων,
3545 4999 3643 5047 καὶ

2064 5094 2138 5157 ὡς
2164 5093 2229 5147 δι’
2272 5090 2437 5145 αὑτοῦ
2469 5092 2665 5154 πάντες
2717 5089 2973 5160 μακάριοι
3004 5088 3215 5141 ἔσονται
3244 5088 3291 5139 ot
3320 5085 3640 5141 πεποιθότες

2063 5187 2150 5240 ἐπ’
2180 5185 2344 5256 αὐτῷ.
2391 5186 2449 5237 '0
2481 5183 2577 5254 μὲν
2604 5178 2697 5236 οὖν
2723 5180 2936 5253 πρῶτος
2963 5179 3176 5251 ψαλμὸς
3222 5179 3316 5232 ἕνα
3354 5177 3477 5231 τινὰ
3509 5194 3641 5230 σπα-

2068 5279 2195 5339 νίως
2227 5277 2529 5347 σωζόμενον
2557 5274 2888 5346 ἐμακάριζεν
2906 5291 2919 5304 ·
2942 5275 2971 5326 6
2997 5274 3054 5326 δὲ
3083 5270 3272 5345 παρὼν
3294 5270 3429 5340 ὁμοῦ
3458 5269 3637 5339 πλήθη

2070 5368 2224 5422 καλεί
2265 5368 2356 5420 ἐπὶ
2400 5367 2492 5420 τὸν
2544 5364 2889 5435 μακαρισμὸν
2915 5379 2926 5392 ·
2978 5361 3097 5414 ἐπεὶ
3146 5359 3238 5413 καὶ
3294 5357 3485 5427 κλῆσιν
3527 5354 3641 5408 τῶν

2069 5459 2238 5513 ἐθνῶν
2268 5459 2517 5512 ἁπάντων
2555 5457 2818 5529 περιέχει,
2850 5454 2945 5507 καὶ
2973 5451 3070 5514 τὰς
3103 5449 3380 5520 βασιλείας
3406 5447 3504 5519 τῆς
3533 5445 3641 5516 γῆς

2071 5551 2164 5602 ἐπὶ
2205 5549 2304 5621 τὴν
2348 5549 2619 5619 σωτηρίαν
2665 5545 2838 5600 καλεῖ.
2886 5542 3069 5597 Ταῦτα
3106 5541 3163 5593 δὲ
3209 5540 3386 5593 πάντα
3424 5538 3514 5591 διὰ
3540 5535 3637 5589 τοῦ

2069 5642 2303 5715 Χριστοῦ
2325 5640 2622 5714 προξενηθή
2632 5638 2816 5693 σεσθαι
2841 5636 3146 5709 ἀνθρώποις
3167 5631 3408 5696 θεσπίζει
3433 5629 3632 5701 σφόδρα

2064 5732 2388 5796 ἀκολούθως.
2439 5730 2584 5785 Ἔδει
2627 5731 2736 5803 γὰρ
2779 5732 2923 5802 ἡμᾶς
2970 5724 3464 5799 προμεμαθηκότας
3508 5722 3623 5792 περ’

462 5856 483 5887 ³
524 5856 705 5912 Eccle.
739 5872 835 5917 xtl.
862 5859 945 5912 M.
1022 5861 1043 5889 ⁸
1082 5854 1123 5908 ll
1157 5854 1296 5912 Tim.
1332 5872 1402 5920 ιι,
1440 5856 1524 5910 19.
1603 5855 1624 5888 ³
1660 5853 1817 5909 Joan.
1850 5870 1960 5918 xw,

2141 5852 2160 5883 ‘
2197 5849 2392 5906 Jerem.
2432 5865 2506 5913 vr,
2548 5848 2641 5904 16.
