3948 6286
286 311 344 364 8|
721 385 732 400 ι
1424 311 1873 366 (ΣΟΜΜΕΝΤΑΒΙ

1989 311 2028 364 Ν
2071 309 2404 364 l‘S;\l.}!OS.
3473 313 3542 366 8?.

291 428 390 482 τῶν
429 429 526 483 δύο
555 430 711 492 ὁδῶν,
745 432 874 502 ἑξεῖ-,ς
915 433 1007 486 καὶ
1049 427 1116 485 τὰ
1155 429 1282 501 περὶ
1312 430 1405 484 τοῦ
1451 431 1698 502 Σωτῆρος
1745 449 1872 486 παι-

1981 443 2205 500 quenter
2245 431 2533 486 admodum
2577 427 2927 482 vaticinatur.
2972 425 3075 480 Par
3109 429 3252 482 enim
3291 437 3402 482 erat
3441 447 3540 485 nus

295 519 540 590 δευῦἦναι
561 537 576 550 ο
609 521 676 574 δι’
701 517 764 576 οὗ
795 525 996 586 πάντες
1025 523 1298 594 ἄνθρωποι
1341 524 1438 593 τὴν
1467 525 1564 594 μὲν
1593 523 1699 575 τῶν
1743 525 1868 576 ἀσε-

301 613 404 668 ϐῶν
433 613 550 667 ὁδον
577 613 860 684 ἐξέφυγον,
889 615 1076 686 ἔτυχον
1102 615 1156 667 δὲ
1187 616 1290 686 τῆς
1323 615 1442 668 ὁδοῦ
1476 617 1575 685 τῆς
1601 615 1866 686 σωτηρίου

297 705 381 760 διὰ
407 707 504 776 τῆς
534 707 616 770 είς
645 707 807 761 αὑτὸν
845 709 1102 772 πίστεως·
1135 707 1164 760 ὃ
1195 707 1258 778 δὴ
1289 707 1614 778 παρίστησιν
1646 708 1868 778 φάσκων

301 797 326 848 ὸ
351 797 524 865 λόγος·
545 797 834 866 Μακάριοι
853 796 1072 864 πάντες
1087 801 1142 852 οἱ
1161 801 1510 864 πεποιθότες
1543 801 1630 864 εἰς
1663 801 1864 852 αὐτόν.

1975 524 2042 579 de
2098 523 2314 578 duabus
2375 523 2479 576 viis
2532 521 2683 592 prius
2739 519 3075 584 instructos,
3133 535 3196 574 ea
3255 535 3373 590 qua:
3426 519 3544 573 Sal-

1973 625 2216 672 vatorem
2283 621 2533 686 spectant
2590 613 2844 680 deinceps
2897 610 3180 677 ediscere;
3235 627 3330 681 per
3381 625 3542 680 quem

1979 723 2170 764 omnes
2221 707 2469 762 homines
2517 721 2640 758 cum
2689 705 2978 773 impiorum
3023 705 3163 758 viam
3209 704 3541 774 effugerunt,

1975 807 2091 854 tum
2133 801 2274 854 viam
2321 799 2611 854 salutarem
2643 813 2736 867 per
2779 795 2936 852 iidem
2986 795 3040 848 in
3085 795 3262 866 ipsum
3311 795 3540 867 ingressi

299 897 460 954 sunt;
511 889 653 959 quod
699 889 846 944 hisce
887 891 1066 944 verbis
1112 890 1460 945 declaratur:
1499 891 1646 944 Beati
1677 907 1856 944 omnes
1892 895 1980 960 qui
2021 891 2297 960 conﬁdunt
2336 893 2390 944 in
2430 909 2508 944 eo.

365 1006 768 1074 Παρέστησαν
807 1009 861 1058 ol
897 1007 1178 1073 ,ϐασιλεῖς
1212 1007 1320 1074 τῆς
1363 1005 1492 1076 τῆς,
1537 1008 1632 1060 καὶ
1686 1011 1740 1061 οἱ
1771 1007 1872 1076 ἄρ-

299 1115 510 1166 χοντες
539 1095 941 1176 συνήχθησαν
986 1099 1083 1150 ἐπὶ
1131 1099 1194 1150 τὸ
1225 1099 1371 1152 αὐτὸ
1415 1099 1562 1152 κατὰ
1609 1100 1714 1153 τοῦ
1757 1103 1872 1154 Κυ-

289 1192 426 1256 ρίου
471 1188 572 1242 καὶ
604 1189 754 1242 κατὰ
787 1189 890 1242 τοῦ
917 1191 1173 1258 Χριστοῦ
1206 1190 1408 1244 αὑτοῦ.
1446 1191 1632 1261 Σωτὴρ
1667 1191 1876 1264 ἀνθρὼ-

301 1300 420 1346 ποις
449 1281 843 1352 έπιδεδήμηκεν
875 1283 904 1336 ὀ
945 1282 1175 1352 Χριστὸς
1219 1282 1312 1334 τοῦ
1339 1281 1504 1336 Θεοῦ·
1545 1283 1734 1354 Σωτὴρ
1777 1285 1869 1338 καὶ

303 1375 524 1444 φωστὴρ
555 1372 660 1426 τῶν
691 1373 859 1426 ἐθνῶν
887 1373 1162 1436 ἁπάντων,
1209 1375 1524 1439 διδάσκαλος
1572 1376 1872 1440 εὐσεϐείας,

299 1463 654 1536 σωφροσύνης
671 1463 1020 1536 καθηγεμὼν,
1045 1464 1384 1536 δικαιοσύνης
1400 1467 1657 1538 ἀρχηγὸς,
1677 1467 1874 1538 ἀρετῆς

297 1555 515 1622 ἁπάσης
547 1555 638 1607 καὶ
685 1554 1012 1622 θεογνωσίας
1049 1555 1282 1627 ἀληθοῦς
1323 1555 1512 1620 αἴτιος.
1566 1558 1629 1608 Τί
1662 1557 1717 1610 δὲ
1753 1555 1869 1622 οὖν,

299 1647 450 1714 φησὶ,
485 1646 814 1714 ταράττεται
837 1644 902 1697 τὰ
934 1645 1058 1715 ἔθνη
1091 1647 1182 1698 ἐπὶ
1215 1649 1280 1718 τῇ
1305 1646 1409 1700 τῶν
1432 1647 1698 1700 τοσούτων
1734 1649 1870 1716 ἁγα-

301 1737 404 1789 θὼν
461 1737 767 1807 παρουσίᾳ;
817 1738 876 1790 Εἰ
921 1737 978 1790 δὲ
1027 1737 1119 1790 κα)⁸
1167 1738 1456 1810 πληρωτὴς
1511 1735 1740 1809 ἐλήλυθε
1781 1743 1874 1794 τοῦ

299 1829 568 1891 Μωῡσέιυς
605 1829 788 1900 νόμου,
828 1827 1016 1900 ὥσπερ
1057 1825 1148 1882 οῦν
1195 1831 1356 1892 αὐτὸς
1399 1829 1636 1884 διδάσκει
1668 1829 1870 1900 λέγων·

303 1924 418 1974 Οὐκ
451 1915 648 1990 ἦλθον
689 1919 1025 1973 καταλῦσαι
1059 1921 1162 1973 τὸν
1199 1923 1404 1990 νόμον,
1443 1921 1602 1976 ἀλλὰ
1639 1923 1876 1990 ,τριηρῶ-

303 2031 414 2076 σαι,
463 2015 563 2066 καὶ
605 2013 674 2065 τὰ
707 2012 812 2064 τῶν
846 2012 1136 2084 προφητῶν
1180 2014 1333 2082 λόγια
1370 2014 1434 2067 δι’
1481 2015 1645 2068 αὑτοῦ
1691 2015 1876 2077 τέλους

310 2105 590 2174 ἐτύγχανε·
629 2104 680 2154 τί
719 2103 774 2155 δὲ
808 2105 854 2156 οἱ
893 2104 1063 2156 ταῦτα
1105 2104 1454 2174 μελετῶντες,
1493 2109 1582 2160 καὶ
1629 2109 1715 2162 διὰ
1768 2111 1877 2164 στό-

308 2214 460 2265 ματος
505 2195 649 2248 αὐτὰ
701 2195 889 2266 φέρειν
935 2195 1339 2261 σπουδάζοντες,
1380 2200 1427 2252 οἱ
1477 2199 1568 2252 τοῦ
1609 2201 1876 2255 Ἰουδαίων

297 2287 474 2346 ἔθνους
505 2287 630 2338 λαοὶ
653 2287 888 2356 ματαίαν
912 2287 1232 2358 ἐποιήσαντο
1263 2291 1390 2360 περὶ
1415 2289 1579 2342 αὑτοῦ
1607 2291 1869 2362 μελέτην;

311 2377 466 2430 Ἀλλὰ
506 2377 601 2430 καὶ
635 2379 682 2429 οἱ
724 2377 844 2430 καθ’
882 2377 1009 2446 ὅλης
1047 2379 1147 2448 τῆς
1190 2381 1512 2452 οἰκουμένης
1557 2382 1664 2434 τῶν
1705 2383 1874 2436 ἐθνῶν

297 2469 570 2542 ἄρχοντες,
602 2470 737 2522 οἵτε
765 2471 904 2524 κατὰ
935 2473 1158 2541 χρόνους
1187 2471 1424 2542 βασιλεῖς
1455 2475 1554 2543 τῆς
1583 2475 1704 2544 γῆς,
1732 2475 1782 2528 τί
1811 2474 1872 2548 δὴ

295 2561 558 2624 παθόντες
577 2560 771 2626 δεινὸν,
805 2563 836 2632 ἢ
877 2564 928 2616 τί
969 2563 1143 2634 λέγειν
1179 2563 1390 2634 ἔχοντες
1421 2565 1669 2637 διαϐολῆς
1704 2567 1871 2632 ἄξιον,

293 2652 422 2722 ὁμοῦ
465 2653 562 2704 καὶ
609 2653 752 2706 κατὰ
797 2654 858 2706 τὸ
893 2655 1022 2708 αὐτὸ
1055 2657 1228 2727 κακὴν
1268 2656 1470 2726 ταύτην
1522 2657 1874 2722 συνετάξαντο

298 2745 642 2814 συμφωνίαν,
675 2743 751 2806 ὡς
801 2746 930 2814 μίαν
980 2747 1268 2818 ἐπιϐουλὴν
1315 2749 1546 2818 ἀρτῦσαι
1601 2751 1694 2803 καὶ
1745 2752 1873 2822 μίαν

291 2837 460 2906 ἀσεϐῆ
494 2835 726 2907 γνώμην
769 2837 1155 2907 βουλεύσασθαι
1187 2839 1329 2892 κατὰ
1363 2839 1455 2892 τοῦ
1486 2839 1591 2892 τῶν
1621 2841 1755 2892 ὅλων
1786 2842 1874 2894 δε-

293 2927 485 2980 σπότου
522 2943 584 2978 τε
611 2929 706 2980 καὶ
739 2927 998 2996 βασιλέως
1033 2929 1187 3001 Θεοῦ,
1215 2932 1306 2982 καὶ
1341 2931 1482 2983 κατὰ
1515 2929 1606 2982 τοῦ
1639 2929 1873 3000 Χριστοῦ

291 3018 486 3082 aurci;
523 3021 590 3072 Οἱ
625 3019 754 3086 γοῦν
797 3021 887 3072 τὸν
914 3021 1018 3072 ὑπὸ
1051 3021 1144 3074 τοῦ
1183 3023 1400 3074 πάντων
1431 3023 1634 3092 Κυρῗου
1681 3039 1740 3073 τε
1783 3023 1874 3074 καὶ

289 3112 419 3164 Θεοῦ
453 3111 868 3181 ἀπεσταλμένον
897 3112 1202 3184 ἀνθρώποις
1230 3115 1456 3184 Σωτῆρα
1493 3113 1872 3184 πολεμοῦντες,

289 3203 608 3266 ἓλαύνοντές
633 3221 692 3255 τε
719 3202 880 3256 αὑτοῦ
903 3204 1000 3274 τὴν
1029 3203 1375 3258 διδασκαλίαν
1397 3207 1490 3258 καὶ
1519 3205 1614 3274 τὴν
1651 3205 1876 3276 Ἐκκλη-

291 3301 408 3348 σίαν
453 3295 622 3348 αὑτοῦ
651 3296 790 3348 κατὰ
823 3295 1044 3366 χρόνους
1074 3295 1359 3359 διώκοντες
1389 3296 1627 3366 βασιλεῖς
1657 3297 1750 3350 καὶ
1779 3299 1876 3369 ἄρ-

289 3405 475 3456 χοντες
501 3388 603 3457 τῆς
642 3389 743 3458 γῆς
783 3388 1067 3458 λελήθασιν
1100 3391 1159 3442 οὺ
1200 3390 1356 3460 μόνον
1389 3392 1466 3452 εἰς
1499 3389 1588 3442 τὸν
1619 3389 1872 3460 Χριστὸν,

295 3479 430 3535 ἀλλὰ
457 3483 554 3533 καὶ
603 3483 684 3544 εἰς
727 3483 818 3534 τὸν
848 3482 1224 3537 ἀπεσταλκότα
1249 3483 1410 3535 αὐτὸν
1445 3481 1772 3545 ἐκτείνοντες
1808 3482 1876 3534 τὰ

293 3571 384 3643 τῆς
411 3571 691 3634 ἀσεϐείας.
721 3573 953 3643 Χριστὸν
990 3573 1087 3642 μὲν
1116 3569 1206 3627 οῦν
1237 3575 1492 3644 ὀνομαστὶ
1524 3575 1630 3627 ὑπὸ
1665 3572 1874 3646 ἀνθρώ-

293 3681 406 3716 πων
443 3665 928 3736 ἐπιϐουλευόμενον
971 3666 1157 3735 σαφῶς
1190 3668 1245 3718 ἐν
1287 3667 1494 3730 τούτοις
1522 3668 1550 3718 ὁ
1587 3667 1743 3735 λόγος
1787 3665 1875 3718 θε-

295 3757 494 3820 σπίζει.
535 3756 749 3826 Προϊὼν
778 3757 832 3809 δὲ
863 3758 956 3809 καὶ
993 3758 1116 3810 Υἱὸν
1141 3758 1232 3810 τοῦ
1264 3758 1396 3811 Θεοῦ
1423 3759 1708 3828 ὀνομάζεγ
1741 3759 1876 3812 ἀλλὰ

291 3849 384 3899 καὶ
417 3849 620 3918 κλῆρον
646 3848 791 3918 αὐτῷ
817 3849 962 3918 παρὰ
995 3849 1086 3902 τοῦ
1119 3850 1328 3921 Πατρὸς
1355 3849 1672 3919 δοθήσεσθαι
1706 3853 1878 3904 πάντα

289 3939 360 3992 τὰ
399 3939 528 4009 ἔθνη
567 3939 660 3992 καὶ
701 3940 768 3992 τα
801 3941 1014 4010 πέρατα
1040 3941 1139 4010 τῆς
1175 3941 1278 4010 γῆς
1320 3941 1594 3994 διδάσκει·
1631 3941 1664 3994 ἃ
1693 3941 1754 4010 δὴ
1786 3941 1877 3992 ἐπὶ

293 4031 440 4102 μόνῳ
485 4031 566 4100 τῷ
597 4032 850 4104 ἡμετέρῳ
885 4031 1095 4102 Σωτῆρι
1136 4033 1540 4104 πεπληρωμένα
1585 4033 1874 4086 δείκνυται.

303 4121 458 4174 Ἐπεὶ
502 4121 560 4174 δὲ
591 4123 848 4190 γεγόνασι
898 4123 1046 4194 παρὰ
1085 4123 1356 4186 Ἰουδαίοις
1399 4125 1490 4176 καὶ
1523 4124 1698 4194 ἕτεροι
1741 4125 1874 4194 Χρι-

291 4215 431 4274 στοὶ,
467 4215 634 4282 ἱερεῖς
661 4213 856 4284 δηλαδὴ
887 4216 979 4266 καὶ
1013 4213 1252 4283 βασιλεῖς
1291 4214 1384 4266 τοῦ
1417 4215 1625 4277 ἔθνους,
1673 4213 1880 4283 σκοπή-

291 4321 409 4367 erat;
449 4306 546 4356 ἐπὶ
584 4307 730 4368 τίνος
767 4307 968 4360 τούτων
1005 4307 1072 4359 τὰ
1103 4307 1467 4375 Οεσπιζόμενα
1497 4305 1838 4376 συμϐέϐηκεν
1862 4323 1873 4334 ·

289 4395 450 4458 εῖτις
493 4396 589 4448 καὶ
613 4394 770 4458 ἄλλος
812 4397 1240 4460 ἐπιϐουλεύεται,
1276 4397 1329 4449 εἴ
1352 4414 1434 4458 τις
1465 4397 1590 4458 Υἱὸς
1622 4395 1755 4448 Θεοῦ
1785 4395 1877 4448 κέ-

294 4487 510 4556 κληται,
543 4487 597 4539 εἴ
639 4505 723 4551 τις
771 4487 878 4541 τῶν
909 4488 1077 4542 ἐθνῶν
1119 4489 1372 4542 ἁπάντων
1413 4489 1754 4558 κεκράτηκεν
1781 4505 1794 4517 ·
1831 4487 1884 4540 εἴ

293 4595 378 4640 τις
431 4578 555 4631 καθ’
612 4580 740 4649 ὅλης
795 4581 1026 4652 Χριστὸς
1081 4580 1328 4650 ἐγνώσθη
1379 4580 1481 4648 τῆς
1534 4581 1876 4651 οἰκουμένης.

308 4670 442 4721 Ἀλλ’
487 4671 589 4722 ούκ
643 4669 710 4723 ἂν
751 4670 864 4740 ἔχοι
899 4690 984 4736 τις
1020 4676 1192 4726 εἰπεῖν
1219 4690 1231 4702 ·
1287 4672 1444 4741 μόνος
1479 4673 1587 4743 γὰρ
1621 4675 1649 4725 ὁ
1691 4672 1880 4741 Σωτὴρ

297 4761 454 4830 ἡμῶν
502 4762 707 4832 Ἰησοῦς
741 4765 974 4835 Χριστὸς
1007 4765 1104 4834 τῆς
1145 4766 1349 4829 οἰκείας
1380 4765 1749 4836 προσηγορίας
1790 4763 1880 4814 τὸν

295 4853 590 4923 σύμπαντα
637 4855 944 4927 κατέπλησε
990 4857 1208 4927 κόσμον,
1249 4857 1588 4929 Χριστιανῶν
1621 4855 1678 4922 ἐξ
1713 4852 1877 4908 αὑτοῦ

2052 1009 2214 1066 Vens.
2255 1010 2306 1063 ‘2.
2347 1011 2637 1064 Astitertmt
2663 1027 2800 1079 reges
2833 1019 3020 1072 terraz,
3051 1019 3098 1062 et
3132 1007 3392 1076 principes
3421 1025 3546 1061 cou-

1979 1113 2226 1156 t'enerunt
2263 1104 2322 1156 in
2363 1119 2522 1156 unum
2549 1143 2563 1166 ,
2603 1101 2858 1156 adversus
2895 1101 3176 1154 Dominum
3209 1109 3258 1154 et
3295 1099 3544 1154 adversus

1978 1193 2246 1246 Christum
2269 1193 2400 1262 ejus.
2430 1192 2679 1246 Salvator
2717 1192 3030 1246 hominibus
3059 1190 3275 1246 advenit
3297 1189 3545 1246 Christus

1981 1284 2112 1350 Dei;
2149 1283 2418 1348 Salvator,
2451 1285 2694 1354 inquam,
2719 1291 2772 1336 et
2819 1285 3088 1338 luminare
3134 1283 3384 1352 gentibus
3425 1283 3548 1336 uni-

1977 1375 2148 1430 versis
2170 1416 2183 1440 ,
2217 1375 2409 1430 doctor
2433 1375 2648 1446 pietatis
2669 1417 2682 1440 ,
2717 1382 2906 1428 auctor
2943 1373 3344 1442 temperantiae,
3379 1373 3545 1442 justi-

1981 1467 2068 1522 tite
2102 1467 2332 1522 antistes
2357 1507 2370 1530 ,
2399 1468 2644 1520 omnium
2675 1465 2941 1520 virtutum
2977 1480 3041 1518 ac
3074 1465 3272 1519 divinae
3303 1480 3548 1534 veraeque

1977 1557 2307 1626 cognitionis
2339 1571 2526 1610 causa.
2569 1555 2680 1610 Cur
2707 1572 2874 1626 ergo,
2919 1556 3128 1626 inquit,
3173 1571 3270 1625 pro
3313 1565 3390 1608 tot
3429 1565 3546 1608 tan-

1981 1657 2268 1718 torumque
2301 1649 2572 1702 bonorum
2605 1647 2842 1702 adventu
2878 1656 3068 1718 gentes
3104 1649 3550 1702 tumultuantur?

1982 1739 2038 1792 Si
2073 1739 2118 1794 is
2155 1738 2376 1794 advenit
2411 1739 2504 1808 qui
2541 1736 2744 1808 Moysis
2777 1739 2948 1808 legem
2984 1739 3172 1808 implet
3205 1754 3267 1792 ac
3303 1738 3546 1806 perlicit,

1981 1840 2040 1886 ut
2080 1832 2194 1902 ipse
2231 1831 2470 1886 declarat
2515 1831 2600 1884 his
2641 1831 2822 1886 verbis
2861 1848 2874 1886 :
2909 1830 3030 1884 Non
3074 1832 3187 1884 veni
3233 1831 3430 1885 solvere
3462 1831 3542 1884 le-

1977 1939 2126 1994 gem,
2164 1921 2252 1978 sed
2285 1921 2569 1990 adimplere
2601 1923 2646 1988 7',
2691 1923 2736 1977 si
2786 1937 2879 1991 per
2928 1921 3106 1991 ipsum
3147 1921 3369 1976 oracula
3423 1936 3550 1990 pro-

1983 2016 2266 2084 phetarum
2303 2014 2462 2069 linem
2498 2023 2654 2068 nacta
2690 2022 2819 2068 sunt
2850 2032 2864 2074 ;
2895 2013 3026 2084 quid
3059 2029 3242 2068 causae
3269 2022 3353 2067 est
3382 2027 3482 2068 cur
3511 2013 3546 2066 ii

1980 2107 2072 2176 qui
2108 2107 2222 2162 haec
2255 2107 2614 2168 meditantur,
2648 2107 2762 2160 haec
2799 2107 2853 2160 in
2895 2121 2990 2161 ore
3037 2105 3180 2162 ferre
3211 2112 3546 2176 procurant,

1978 2197 2192 2254 Iudaici
2225 2199 2478 2254 videlicet
2509 2199 2734 2270 populi,
2761 2214 2954 2253 vanam
2989 2199 3256 2254 adversus
3283 2214 3406 2254 eum
3439 2215 3552 2252 tne-

1931 2260 1947 2309 δ
1981 2293 2298 2347 ditationem
2330 2300 2383 2347 et
2411 2307 2596 2346 curam
2627 2292 3020 2361 susceperint?
3051 2291 3164 2346 lmo
3193 2307 3322 2347 vero
3354 2291 3552 2362 princi-

1983 2401 2078 2454 pes
2105 2385 2346 2458 gentium
2377 2399 2474 2454 per
2509 2385 2830 2439 universum
2865 2385 3052 2439 orbem
3077 2424 3090 2447 ,
3121 2391 3176 2438 et
3207 2399 3360 2454 reges
3393 2391 3552 2438 terrae

1982 2476 2074 2546 qui
2111 2477 2277 2530 variis
2309 2477 2648 2546 temporibus
2679 2476 3018 2531 dominatum
3061 2476 3348 2532 obtinuere
3369 2516 3383 2539 ,
3418 2477 3548 2545 quid

1983 2583 2146 2638 grave
2187 2569 2464 2638 perpessi,
2506 2583 2739 2638 quamve
2781 2570 3152 2624 calumniandi
3195 2576 3248 2623 et
3291 2569 3550 2638 querendi

1982 2674 2202 2714 causam
2249 2659 2549 2726 habentes,
2594 2675 2704 2714 una
2752 2676 2944 2716 omnes
2985 2662 3042 2716 in
3077 2661 3218 2714 hanc
3251 2661 3553 2730 improbam

1981 2752 2330 2807 concordiam
2366 2751 2584 2806 adducti
2616 2761 2765 2816 sunt,
2799 2761 2854 2806 ut
2903 2753 3132 2808 insidias
3169 2754 3332 2808 simul
3375 2761 3554 2808 strue-

1983 2850 2134 2904 rent,
2171 2842 2510 2912 impiumque
2542 2843 2837 2896 consilium
2887 2841 3088 2896 inirent
3129 2841 3390 2896 adversus
3431 2841 3555 2895 uni—

1981 2949 2200 2990 versum
2251 2932 2535 2986 dominum
2585 2948 2648 2985 ac
2695 2949 2874 3002 regem
2928 2932 3134 2998 Deum,
3188 2941 3242 2986 et
3291 2931 3557 2986 adversus

1981 3025 2260 3080 Christum
2291 3025 2411 3094 ejus
2434 3023 2508 3078 ἳΙὶ
2541 3039 2668 3094 ergo
2699 3024 2792 3094 qui
2827 3023 3087 3078 adversus
3105 3021 3464 3088 Salvatorem,
3487 3025 3555 3077 ah

1982 3117 2224 3171 omnium
2260 3115 2490 3170 Domino
2529 3131 2593 3170 ac
2633 3115 2742 3170 Deo
2773 3116 3086 3170 hominibus
3117 3116 3342 3171 missum
3365 3155 3380 3178 ,
3415 3115 3554 3169 bella

1983 3217 2303 3279 gesserunt,
2353 3208 2557 3278 quique
2603 3207 2906 3262 doctrinam
2955 3207 3075 3276 ejus
3110 3205 3356 3260 inscctati
3389 3211 3554 3264 sunt,

1984 3299 2394 3370 Ecclesiamque
2428 3298 2663 3354 diversis
2705 3299 3044 3368 temporibus
3071 3307 3368 3360 vexarunt,
3399 3312 3558 3366 reges

1983 3393 2242 3446 nimirum
2285 3404 2348 3444 ac
2387 3390 2664 3459 principes
2705 3397 2894 3450 terrae,
2931 3390 3320 3456 ignoraverunt
3351 3403 3408 3440 se
3443 3402 3550 3439 non

1983 3482 2142 3536 modo
2175 3488 2365 3535 contra
2396 3479 2706 3542 Christum,
2746 3477 2840 3534 sed
2871 3478 3032 3532 etiam
3064 3476 3329 3532 adversus
3359 3491 3487 3530 eum
3523 3490 3554 3528 a

1982 3589 2092 3644 quo
2137 3573 2340 3628 missus
2371 3571 2623 3626 Christus
2675 3579 2795 3629 est,
2855 3569 3186 3638 impietatem
3235 3565 3553 3622 extendisse

1933 3664 1948 3681 '
1981 3681 2154 3722 suam.
2183 3665 2456 3720 Christum
2487 3663 2652 3734 igitur
2679 3662 2998 3716 nominatim
3026 3659 3237 3714 insidiis
3271 3659 3552 3712 hominum

1981 3757 2279 3826 appetitum
2305 3797 2318 3819 ,
2355 3762 2539 3824 aperte
2576 3755 2679 3808 hoc
2713 3753 2768 3807 in
2803 3752 3062 3806 vaticinio
3103 3765 3420 3820 expressum
3462 3748 3556 3802 ha-

1979 3849 2172 3902 bemus
2197 3866 2210 3912 ;
2235 3849 2288 3902 in
2316 3847 2667 3916 sequentibus
2693 3856 2872 3900 autem
2892 3843 3062 3897 Filius
3078 3841 3171 3898 Dei
3203 3843 3515 3896 nominatur
3539 3860 3551 3906 ;

1983 3941 2075 3992 sed
2121 3940 2282 3992 etiam
2324 3939 2584 3991 docemur
2629 3944 2817 4007 gentes
2861 3949 3053 3989 omnes
3101 3933 3345 4003 ﬁnesque
3393 3941 3554 3987 terra:

1983 4031 2036 4084 in
2071 4031 2438 4084 [nereditatem
2473 4028 2577 4098 ipsi
2609 4043 2638 4080 a
2666 4026 2830 4080 Patre
2853 4025 3142 4080 donaudos
3170 4045 3181 4080 :
3215 4041 3338 4094 qua:
3369 4027 3552 4080 omnia

1983 4121 2038 4174 in
2075 4133 2184 4172 uno
2221 4117 2502 4172 Salvatore
2534 4127 2722 4172 nostro
2755 4117 3022 4185 completa
3055 4131 3179 4170 esse
3210 4115 3555 4170 demonsu'a-

1983 4221 2091 4267 tur.
2149 4210 2286 4278 Quia
2331 4227 2463 4265 vero
2509 4209 2654 4281 apud
2696 4207 2913 4264 Iudaeos
2959 4207 3051 4260 alii
3100 4207 3306 4262 Christi
3366 4206 3550 4271 luere,

1984 4302 2299 4358 sacerdotes
2324 4301 2576 4356 videlicet
2601 4307 2655 4354 et
2683 4315 2837 4370 reges
2865 4299 3047 4370 gentis
3075 4299 3254 4366 illius;
3284 4299 3556 4368 perpende

1982 4395 2149 4457 mihi,
2177 4409 2381 4463 quasso,
2405 4393 2492 4446 cui
2524 4407 2736 4456 eorum,
2769 4392 2968 4461 quaelin
2997 4391 3256 4444 vaticinio
3281 4390 3551 4455 feruntur,

1983 4485 2296 4554 contigere:
2336 4499 2464 4538 num
2499 4485 2624 4552 quis
2667 4483 2806 4536 alius
2857 4481 3077 4537 insidiis
3125 4481 3397 4552 appetitus
3440 4482 3549 4544 sit;

1984 4594 2112 4632 num
2151 4577 2272 4646 quis
2307 4575 2475 4630 Filius
2509 4574 2600 4629 Dei
2633 4574 2914 4641 audierit;
2967 4590 3097 4628 num
3140 4577 3265 4644 quis
3301 4573 3552 4642 gentibus

1983 4667 2255 4722 universis
2287 4667 2610 4736 imperarit;
2649 4679 2778 4718 num
2813 4665 2938 4734 quis
2970 4679 3067 4734 per
3110 4663 3424 4717 universum
3463 4677 3554 4716 or-

1983 4761 2101 4814 bem
2135 4769 2192 4812 ut
2224 4757 2476 4812 Christus
2511 4756 2730 4810 habitus
2767 4755 2949 4811 fuerit.
3001 4755 3106 4809 Sed
3145 4753 3414 4808 neminem
3448 4753 3553 4806 hu-

1982 4851 2226 4921 jusmodi
2269 4851 2542 4921 quispiatn
2598 4848 2844 4920 proferre
2888 4849 3104 4912 valeat;
3137 4845 3288 4898 solus
3319 4859 3552 4914 namque

297 4947 476 4999 πᾶσαν
527 4949 626 5019 την
676 4948 998 5019 οἰκουμένην
1051 4949 1364 5020 πληρώσας,
1429 4951 1524 5005 καὶ
1582 4951 1674 5003 ἐπὶ
1729 4948 1873 5019 μόνῳ

1985 4943 2232 4997 Salvator
2250 4951 2433 4995 noster
2448 4937 2608 4994 Jesus
2625 4939 2874 4994 Christus
2897 4975 2912 5000 ,
2945 4937 3048 4990 hoc
3091 4949 3191 4990 suo
3223 4935 3441 4988 nomine
3468 4943 3550 4986 to-

299 5037 442 5108 αὑτῷ
469 5038 698 5103 ἕκαστος
725 5039 832 5092 τῶν
859 5041 1162 5111 εἰρημένων
1195 5043 1378 5106 τέλους
1410 5043 1616 5113 ἔτυχεν.

1988 5044 2102 5088 tum
2135 5032 2448 5101 adimplevit
2483 5031 2690 5097 orbem,
2723 5029 2850 5083 dum
2868 5025 3194 5081 Christianis
3213 5025 3547 5079 suonumine

299 5131 376 5186 sic
391 5133 598 5188 vocatis
615 5135 924 5188 universam
958 5142 1156 5188 terrain
1195 5139 1418 5206 replevit
1449 5156 1462 5190 :
1487 5147 1646 5204 atque
1679 5135 1732 5189 in
1762 5136 1864 5189 hoc
1896 5133 2012 5188 solo
2042 5144 2163 5200 quae
2188 5127 2330 5182 dicta
2355 5131 2484 5181 sunt
2500 5124 2680 5179 omnia
2709 5122 2778 5176 ad
2812 5120 3103 5174 terminum
3133 5118 3365 5174 deducta
3399 5129 3542 5172 sunt-

881 5315 886 5320 _
917 5251 1250 5321 Διάψαλμα.

367 5359 438 5412 Τὸ
462 5361 742 5431 διάψαλμα
761 5361 912 5432 παρᾶ
937 5365 1048 5426 τοῖς
1077 5363 1474 5436 Ἐϐδομήκοντα
1517 5368 1715 5428 κεῖται,
1747 5367 1872 5418 οὐκ-

301 5449 374 5503 ἑτι
407 5451 462 5504 δὲ
515 5453 668 5525 παρὰ
733 5453 1045 5508 Θεοδοτίωνι
1089 5455 1183 5507 καὶ
1229 5456 1528 5527 Συμμάχῳ.
1577 5457 1766 5510 Καίτοι
1809 5474 1870 5524 γε

305 5538 514 5594 εἰώθασι
567 5543 831 5604 πολλάκις
873 5543 1106 5614 χρῆσθαι
1148 5547 1214 5615 τῇ
1261 5543 1401 5609 λέξει
1449 5545 1622 5619 ταύτῃ
1668 5547 1870 5615 ὁμοίως

303 5632 403 5693 τοῖς
442 5634 868 5705 Ἑϐδομήκοντα.
905 5634 996 5688 Διὸ
1044 5635 1207 5699 εἰκὸς,
1235 5639 1284 5690 εἰ
1328 5638 1423 5690 καὶ
1469 5637 1527 5690 τὸ
1581 5639 1870 5708 πρόσωπον

373 5789 390 5820 ⁷
428 5789 612 5844 Matth.
653 5807 704 5854 v,
753 5789 834 5844 17.

2595 5231 2930 5301 Diapsalma.

2047 5351 2108 5404 In
2162 5349 2516 5420 Septuaginta
2565 5345 2958 5415 lnterpretibus
3004 5345 3160 5401 adest
3209 5343 3541 5413 diapsalma,

1977 5444 2072 5498 sed
2092 5458 2205 5498 non
2223 5442 2366 5512 apud
2387 5440 2430 5494 Τ
2435 5439 2816 5494 heodotionem
2831 5446 2884 5494 et
2905 5437 3314 5509 Symmachum,
3329 5434 3543 5489 etiamsi

1979 5537 2082 5608 ipsi
2117 5537 2437 5607 plerumque
2468 5532 2571 5586 hac
2605 5545 2738 5586 voce
2777 5531 3102 5588 uti.soleant
3130 5528 3352 5600 perinde
3381 5535 3542 5595 atque

1981 5630 2342 5702 Septuaginta:
2370 5625 2716 5695 interpretes.
2749 5624 3114 5696 Quapropter,
3149 5623 3252 5679 etsi
3297 5623 3384 5676 hic
3420 5637 3540 5691 per-
