3948 6286
417 299 486 345 κδ
1121 280 1386 341 EUSEBII
1413 284 1885 345 CmSARlENSIS
1921 291 2066 346 OPP.
2106 291 2283 345 PARS
2321 291 2406 348 ill.
2447 323 2513 335 —
2549 294 2958 351 EXEGETICA.
3557 297 3621 346 81

413 402 604 446 sonam
628 381 935 445 mutaverit,
961 397 1059 451 par
1084 386 1182 436 luit
1208 384 1454 437 euunlem
1483 384 1716 439 musices
1746 385 1960 438 modum

2089 387 2459 457 ιεταϐἐϐληκε,
2477 388 2566 439 τὸν
2586 402 2837 457 μουσικον
2855 390 3055 458 ρυθμον
3075 384 3413 457 τετηρεῖσθαι
3431 384 3625 456 (1),καὶ

415 476 642 538 servari,
690 482 849 543 atque
878 472 1023 544 {ideo
1067 488 1097 527 a
1140 472 1506 529 Theodotione
1546 483 1600 528 et
1649 474 1970 546 Symmacho

413 584 522 630 non
554 566 786 637 positum
816 563 985 620 fuisse
1005 564 1303 634 diapsalma
1336 565 1564 620 videtur.
1596 564 1969 635 Dirumpamus

414 660 619 717 uincula
660 673 859 720 eorum,
908 665 955 710 et
984 655 1323 725 proﬁciamus
1359 674 1391 708 a
1432 656 1577 710 nobis
1608 656 1796 727 jugum
1832 660 1972 727 ipso-

413 767 548 811 rum.
602 748 706 814 Qui
752 747 958 801 habitat
1003 748 1058 800 in
1104 746 1246 800 caelis
1305 746 1545 801 irridebit
1591 763 1716 811 eos,
1774 759 1823 802 et
1866 748 1973 802 Do-

414 844 586 895 minus
643 839 985 894 subsannabit
1031 856 1138 895 eos.
1189 838 1387 894 Primis
1423 840 1673 895 versibus
1717 841 1809 910 qui
1852 849 1974 898 ante

410 930 709 1010 diapsalma
743 930 834 984 siti
862 936 1039 995 erant,
1072 937 1324 1000 putamus
1370 930 1536 986 hosce
1574 945 1792 1001 quoque
1824 929 1972 1001 adje-

413 1029 529 1073 ctos
565 1018 754 1074 fuisse.

484 1109 651 1165 Vens.
682 1113 736 1165 5.
781 1110 1162 1178 ωνυηιραηιιιε
1196 1110 1402 1165 vincula
1429 1126 1633 1176 eorum,
1658 1121 1705 1165 et
1724 1110 1975 1180 projicia-

414 1218 529 1256 mus
559 1218 592 1255 a
620 1202 766 1258 nobis
786 1202 977 1272 jugum
1005 1204 1257 1275 ipsorum.
1290 1200 1493 1257 Gentes
1514 1202 1748 1256 vinculis
1781 1218 1974 1271 pecca-

415 1301 591 1350 torum
631 1306 855 1351 suorum
882 1292 1217 1353 constrictae,
1260 1306 1435 1370 neque
1468 1291 1668 1354 liberae,
1704 1293 1819 1347 suis
1847 1292 1977 1360 ipsae

414 1381 574 1439 malis
602 1383 949 1452 colligantur.
973 1382 1169 1452 Aitque
1194 1383 1471 1446 Christus,
1500 1383 1615 1437 sive
1638 1385 1842 1454 angelis
1873 1384 1974 1439 sibi

414 1475 875 1538 ministrantibus,
914 1474 1030 1529 sive
1073 1473 1220 1527 Patri
1249 1482 1303 1528 ct
1331 1472 1552 1543 Spiritui
1608 1485 1817 1535 saneto.
1861 1477 1975 1531 sive

415 1566 579 1625 tertio
609 1567 873 1643 apostolis
921 1570 1038 1622 suis
1072 1573 1126 1621 et
1165 1564 1439 1634 Evangelii
1476 1567 1835 1634 praeconibus,
1883 1582 1978 1620 co-

418 1657 644 1714 hortaus
670 1673 765 1713 eos
794 1659 859 1714 ad
883 1658 1140 1713 solvenda
1163 1657 1632 1727 dirumpendaque
1660 1657 1973 1727 hujusmodi

421 1747 633 1801 vincula
662 1765 676 1801 :
705 1746 1087 1817 Dirumpamus
1139 1745 1345 1801 uincula
1398 1762 1599 1800 eorum.
1640 1745 1829 1816 Populi
1880 1763 1977 1803 au-
2007 1733 2050 1787 Β

420 1846 527 1890 tem
580 1838 674 1907 qui
723 1838 824 1893 sub
867 1838 1000 1907 jugo
1049 1838 1183 1911 legis
1231 1841 1586 1911 corporaliter
1624 1838 1973 1901 detinentur;

417 1928 578 1997 cujus
604 1929 969 1999 despicienda.-
998 1940 1190 1985 auctor
1220 1932 1336 2002 ipse
1365 1940 1471 1995 est,
1512 1938 1698 2005 utpote
1730 1944 1849 1999 qua:
1880 1929 1977 1982 in-

419 2021 608 2074 stituta
662 2034 727 2075 ac
764 2030 1034 2090 praecepta
1074 2038 1184 2079 non
1240 2024 1382 2078 bona
1429 2024 1840 2094 complectatur,
1880 2036 1978 2091 per

415 2112 692 2167 Lhristum
717 2111 937 2167 adducti
953 2112 1020 2167 ad
1044 2114 1214 2184 legem
1234 2115 1597 2187 spiritualem,
1626 2113 1888 2168 institutis
1912 2128 1976 2167 ac

417 2203 698 2279 praeceptis
747 2203 907 2259 bonis
940 2204 1284 2273 instructam,
1338 2221 1503 2277 grave
1549 2206 1851 2262 occidentis
1887 2206 1980 2259 lit-

416 2305 545 2349 terae
569 2295 760 2365 iugum
794 2293 1095 2365 deponunt,
1125 2294 1406 2353 Salvatore
1438 2298 1722 2369 pmdictos
1752 2297 1976 2352 commi-

416 2385 622 2439 nistros
660 2400 789 2440 suos
818 2386 898 2440 sic
939 2386 1301 2457 compellante
1326 2407 1340 2442 :
1367 2387 1723 2457 Projiciamus
1766 2406 1797 2441 a
1829 2387 1976 2441 nobis

413 2474 600 2544 jugttm
640 2477 893 2545 ipsorum.
924 2476 1058 2531 Illud
1092 2487 1295 2542 autem,
1327 2495 1358 2533 a
1400 2479 1568 2542 nobis,
1600 2480 1677 2533 sic
1721 2478 1977 2549 explicari

421 2573 619 2645 potest.
680 2566 863 2638 ipsum
909 2570 1101 2641 procul
1150 2585 1180 2624 a
1226 2571 1385 2627 nobis
1430 2571 1779 2639 abjiciamus,
1843 2569 1978 2623 nihil

419 2666 743 2715 cunctantes
772 2675 947 2730 neque
969 2661 1103 2716 moti
1131 2663 1522 2732 supplicatione
1549 2677 1735 2716 eorum
1760 2661 1853 2731 qui
1886 2662 1979 2715 illo

421 2750 594 2824 ﬁngo]
628 2761 946 2809 onerantur.
982 2753 1096 2811 Hac
1136 2771 1351 2827 quoque
1382 2755 1594 2810 ratione
1627 2754 1780 2819 illud,
1813 2771 1845 2807 a
1887 2770 1981 2806 no-

421 2845 522 2910 bis,
572 2844 872 2916 intelligere
923 2846 1073 2902 licet.
1129 2845 1241 2917 Ego
1276 2848 1391 2922 ipse
1442 2846 1536 2917 qui
1588 2861 1709 2900 cum
1767 2845 1980 2915 populis

420 2948 559 2987 vana
600 2934 990 2992 meditantibus
1021 2952 1210 2993 versor
1255 2952 1319 2992 ac
1355 2940 1518 2990 vitam
1558 2951 1679 3006 ago,
1723 2936 1824 2990 sub
1849 2934 1981 3007 jugo

390 3040 611 3085 'eorum
655 3041 797 3094 sum,
842 3035 1032 3099 utpote
1079 3029 1460 3084 circumcisus.
1526 3027 1595 3080 Et
1639 3027 1981 3101 proiiciamus

407 3124 878 3197 jugumipsorum,
919 3120 973 3175 id
1003 3129 1087 3175 est
1135 3137 1165 3174 a
1202 3134 1289 3175 me
1337 3128 1391 3175 et
1436 3120 1504 3174 ab
1545 3120 1612 3175 iis
1643 3120 1735 3189 qui
1770 3132 1982 3173 mecum

427 3219 800 3282 consentiunt,
839 3227 893 3274 et
921 3219 1116 3290 legem,
1157 3234 1279 3290 quae
1325 3220 1554 3274 salutem
1592 3219 1814 3274 minime
1856 3233 1987 3273 con-

427 3309 556 3375 fert,
588 3311 747 3380 quasi
779 3309 1148 3373 conferentem
1172 3310 1484 3365 observant.
1522 3309 1645 3365 Sive
1668 3310 1770 3364 hoc
1791 3309 1982 3368 modo:

427 3402 555 3470 quia
578 3401 912 3461 arbitramur
947 3402 1258 3481 impositum
1305 3402 1465 3457 nobis
1514 3416 1653 3457 onus
1682 3402 1813 3457 illud
1843 3416 1985 3468 esse,

422 3495 612 3571 iugum
636 3493 880 3564 ipsorum
913 3492 1285 3567 projiciamus.
1312 3492 1466 3547 Hunc
1488 3493 1631 3549 enim
1654 3492 1905 3549 affectum
1932 3493 1988 3547 in

426 3582 647 3639 Christo
675 3598 797 3638 esse
833 3582 1102 3637 aliirmare
1126 3582 1412 3649 audemus,
1444 3583 1515 3638 ob
1544 3584 1716 3653 ipsius
1736 3598 1864 3654 erga
1893 3598 1990 3638 eos

427 3676 519 3751 qui
547 3676 680 3746 jugo
702 3675 1089 3745 opprimuntur
1111 3674 1433 3739 charitatem
1458 3692 1473 3751 ;
1500 3675 1676 3745 qualis
1699 3676 1863 3730 etiam
1893 3675 1991 3728 ha-

434 3750 593 3823 betur
651 3767 706 3823 in
759 3768 1013 3823 omnibus
1068 3750 1626 3835 misericordiwrviris,
1675 3769 1767 3839 qui
1815 3768 1989 3823 aliena

430 3868 651 3938 peccata
682 3869 742 3915 ut
770 3876 866 3914 sua
899 3867 1177 3930 reputant.

503 3947 672 4004 Vens.
712 3949 764 4003 4.
808 3948 933 4004 Haec
962 3948 1030 4003 de
1059 3948 1372 4011 hominibus
1406 3949 1519 4005 sive
1541 3949 1853 4020 gentilibus,
1878 3949 1991 4004 sive

428 4040 631 4097 Judaais
668 4040 812 4096 dicta
857 4041 987 4097 sint.
1035 4037 1153 4102 Jam
1195 4054 1323 4094 vero
1369 4039 1523 4104 illud,
1566 4041 1656 4109 qui
1695 4040 1896 4093 habitat
1938 4041 1995 4095 in

431 4133 573 4194 caelis
619 4132 879 4199 irridebit,
924 4146 1048 4189 cum
1115 4130 1220 4187 hoc
1269 4115 1666 4201 cepttlandum,
1716 4134 1993 4194 astiterunt

432 4242 573 4297 reges
604 4236 777 4290 terrm,
809 4239 947 4294 quos
983 4223 1229 4278 irridebit
1252 4208 1394 4278 Deus
1424 4224 1515 4292 qui
1554 4223 1761 4277 habitat
1792 4224 1845 4277 in
1878 4238 1995 4278 cm-

433 4319 522 4381 lis,
570 4325 757 4387 utpote
804 4325 1020 4371 terrena
1069 4321 1251 4370 mente
1302 4314 1577 4384 praeditos.
1624 4314 1809 4384 Neque
1848 4315 1993 4368 enim

2072 478 2159 529 διὰ
2183 477 2336 529 τοῦτο
2372 480 2444 548 μὴ
2476 478 2912 548 προσ-τεθεικέναι
2938 477 2997 529 τὸ
3028 476 3300 547 διάψαλμα
3323 476 3413 529 τὸν
3444 475 3623 529 Θεοδο-

2070 570 2236 622 τίωνα
2280 571 2372 623 καὶ
2422 569 2512 622 τὸν
2560 569 2872 639 Σύμμαχον.
2919 569 3326 636 Διαρῤήξωμεν
3355 567 3495 632 τοὺς
3530 566 3621 620 δε-

2072 660 2264 727 σμοὺς
2304 659 2519 726 αὐτῶν,
2562 661 2659 714 καὶ
2700 660 3116 728 (inopem-(utter
3160 659 3258 728 ἀφ’
3304 657 3471 727 ἡμῶν
3520 656 3625 711 τὸν

2073 750 2248 820 ζυγὸν
2279 750 2492 805 αὐτῶν.
2545 753 2608 803 Ὀ
2636 750 2923 805 κατοικῶν
2975 752 3044 803 ἐν
3079 749 3350 817 οὐρανοῖς
3384 747 3623 819 euri-auio

2076 858 2243 896 σεται
2282 842 2522 909 αὐτοὺς,
2557 843 2656 896 καὶ
2681 846 2713 896 ό
2741 843 2951 910 Κύριος
2976 841 3355 911 ἐκμυκτηριεῖ
3386 841 3622 905 αὐτούς.

2075 934 2217 1007 Πρὸς
2243 936 2369 998 τοὺς
2401 933 2648 1005 πρώτους
2678 934 2887 1003 στίχους
2916 933 3039 997 τοὺς
3073 934 3178 1004 πρὸ
3203 933 3293 986 τοῦ
3322 932 3621 1003 διαψάλμαι

2074 1041 2163 1088 τος
2193 1024 2469 1095 ἡγούμεθα
2502 1025 2720 1087 τούτους
2747 1024 3104 1078 ἀποδίδοσθαι.

2144 1115 2555 1185 Διαῤῥήεωμεν
2601 1116 2742 1182 τοὺς
2776 1115 3034 1185 δεσμοὺς
3070 1114 3286 1176 αὐτῶν,
3316 1113 3412 1167 καί
3446 1114 3629 1183 ἀποβ-

2068 1209 2339 1277 ρίψωμεν
2361 1208 2459 1277 ἀφ’
2480 1206 2646 1278 ἡμῶν
2672 1207 2778 1263 τόν
2809 1205 2986 1275 ζυγὸν
3014 1202 3225 1258 αὐτῶν.
3248 1204 3329 1264 Τὰ
3349 1203 3495 1274 ἔθνη,
3523 1219 3631 1257 σει-

2079 1302 2197 1372 ραῖς
2241 1299 2347 1353 τῶν
2385 1294 2536 1351 ίδίων
2580 1297 2859 1370 ἁμαρτιῶν
2893 1297 3229 1369 σφιγγόμενα
3256 1295 3349 1348 καὶ
3376 1295 3474 1350 οὐκ
3504 1294 3629 1347 ὄντα

2077 1391 2356 1463 ἐλεύθερα,
2408 1390 2614 1445 δέδεται
2662 1392 2773 1454 τοῖς
2819 1390 2965 1453 ἰδίοις
3006 1387 3182 1441 αὐτῶν
3230 1389 3449 1451 κακοῖς²
3480 1385 3573 1440 καὶ
3601 1386 3631 1439 6

2076 1479 2305 1550 Χριστός
2349 1495 2532 1549 φησιν,
2582 1479 2701 1550 ἦτοι
2750 1480 2885 1549 πρὸς
2914 1477 3034 1541 τοὺς
3083 1475 3457 1537 διακονοῦντας
3485 1472 3632 1544 αὐτῷ

2077 1570 2355 1638 ἀγγέλους,
2378 1570 2410 1639 ἦ
2436 1570 2567 1640 πρὸς
2590 1570 2678 1623 τὸν
2704 1570 2921 1640 Πατέρα
2942 1569 3115 1625 καὶτὸ
3139 1565 3360 1638 Πνεῦμα
3378 1566 3438 1618 τὸ
3458 1566 3629 1633 άγιον,

2077 1662 2110 1733 ἢ
2147 1662 2327 1734 τρίτον
2353 1662 2475 1726 τοὺς
2522 1661 2847 1726 ἀποστόλους
2890 1663 2983 1715 καὶ
3016 1660 3292 1733 ὑπηρέτας
3334 1658 3426 1713 τοῦ
3458 1658 3631 1727 Εὐαγ-

2079 1753 2279 1823 γελίου,
2314 1752 2641 1824 παρακαλῶν
2684 1753 2880 1816 αὐτοὺς
2923 1754 3015 1805 ἐπὶ
3057 1752 3147 1805 τὸν
3174 1749 3512 1821 διασπασμὸν
3540 1748 3633 1801 καὶ

2080 1842 2175 1912 τὴν
2197 1840 2474 1913 διάρρηξιν
2496 1842 2691 1906 αὐτῶν,
2708 1840 2785 1894 τό’
2800 1839 3207 1910 Διαρῤήξωμεν
3225 1838 3364 1905 τοὺς
3378 1837 3635 1906 δεσμοὺς

2081 1916 2296 1988 αὐτῶν.
2332 1934 2395 1987 Οἱ
2435 1932 2490 1986 δὲ
2536 1932 2674 1999 λαοὶ,
2721 1931 2826 1985 ὑπὸ
2866 1932 2957 1986 τὸν
3002 1929 3161 2000 ζυγὸν
3193 1930 3515 2001 σωματικῶς
3541 1926 3632 1982 τοῦ

2081 2027 2245 2096 νόμου
2298 2024 2676 2099 τυγχάνοντες,
2729 2019 2791 2079 οῦ
2844 2024 3081 2078 διδάσκει
3135 2024 3508 2093 καταφρονεῖν,
3560 2019 3636 2083 ὡς

2082 2117 2426 2188 περιέχοντος
2456 2115 2795 2187 δικαιώματα
2836 2115 2897 2167 οὑ
2924 2114 3083 2181 καλὰ,
3113 2115 3205 2168 καὶ
3243 2113 3634 2185 προστάγματα

2081 2210 2140 2262 οὐ
2172 2209 2330 2274 καλὰ,
2366 2210 2760 2282 προσαγόμενοι
2784 2208 2871 2261 διὰ
2893 2206 2986 2260 τοῦ
3019 2205 3251 2278 Χριστοῦ
3282 2205 3360 2277 τῷ
3397 2221 3635 2276 πνευμα-

2082 2302 2219 2374 τικῷ
2248 2286 2607 2373 νόμῳθέχοντι
2648 2299 2715 2357 τὰ
2745 2299 2882 2354 καλὰ
2910 2297 3247 2368 δικαιώματα
3284 2296 3378 2350 καὶ
3406 2294 3637 2366 προστά-

2083 2410 2266 2469 γματα
2292 2393 2452 2457 καλά,
2481 2392 2821 2447 ἀποτίθενται
2852 2390 2941 2444 τὸν
2977 2389 3143 2461 βαρὺν
3174 2388 3267 2442 τοῦ
3299 2386 3636 2442 ἀποκτείνον-

2081 2503 2173 2550 τος
2202 2486 2521 2558 γράμματος
2548 2484 2728 2553 ζυγὸν,
2760 2482 2851 2536 τοῦ
2894 2483 3143 2554 Σωτῆρος
3175 2481 3469 2551 φάσκοντος
3504 2477 3638 2549 πρὸς

2084 2579 2209 2640 τοὺς
2265 2575 2691 2648 προειρημένους
2738 2573 3029 2644 συνεργοὺς
3068 2570 3149 2635 τὸ,
3208 2570 3639 2643 Rappold-(apter

2084 2670 2183 2738 ἀφ’
2229 2664 2409 2738 ἡμῶν
2442 2667 2548 2719 τὸν
2592 2665 2766 2735 ζυγὸν
2810 2650 3027 2721 αὐτῶν.
3078 2662 3150 2715 Τὸ
3197 2661 3271 2725 δὲ,
3301 2661 3401 2728 ἀφ’
3450 2656 3636 2728 ἡμῶν,

2085 2761 2302 2814 δύναται
2333 2757 2571 2814 τοιοῦτον
2601 2755 2759 2811 εἶναι·
2814 2757 2929 2826 Ἀφ’
2970 2754 3173 2808 ἑαυτῶν
3206 2753 3517 2822 ποιήσωμεν
3566 2748 3639 2819 μὴ

2088 2851 2497 2921 περιμείναντες
2540 2849 2637 2919 τὴν
2666 2847 2844 2918 δέησιν
2867 2845 2974 2899 τῶν
3016 2842 3380 2915 βαρουμένων.
3412 2840 3638 2897 Atilth

2087 2942 2141 2996 δὲ
2171 2941 2253 3004 τὸ,
2283 2942 2384 3009 ἀφ’
2420 2937 2607 3009 ἡμῶν.
2657 2940 2749 2991 καὶ
2788 2936 2927 2989 οὕτω
2976 2934 3208 2989 νοεῖσθαι
3231 2949 3245 2963 ·
3278 2935 3449 3002 Κάγὼ
3493 2932 3639 3004 παρὰ

2088 3036 2197 3095 τοῖς
2240 3032 2385 3095 λαοῖς
2425 3032 2538 3095 τοῖς
2583 3027 2841 3101 μελετῶσι
2878 3026 2944 3083 τά
2991 3023 3121 3080 κενὰ
3166 3023 3523 3097 γεγενημένος
3548 3023 3644 3075 καὶ

2088 3125 2520 3197 ἀνατρεφόμενος
2543 3122 2651 3175 ὑπὸ
2678 3120 2768 3174 τὸν
2813 3120 2973 3193 ζυγόν
3004 3121 3119 3190 εἰμι
3150 3117 3325 3171 αὐτῶν
3372 3132 3643 3187 περιτμη-

2086 3216 2219 3281 θέὶς,
2255 3215 2361 3270 Καὶ
2405 3214 2824 3281 ἀποῤῥίψωμεν
2868 3208 3063 3263 αὐτῶν
3095 3208 3201 3261 τὸν
3240 3205 3434 3274 ζυγὸν,
3485 3220 3644 3257 τουτ-

2086 3308 2230 3361 έστιν
2257 3308 2351 3359 ἀπ’
2388 3304 2521 3376 ἐμοῦ
2554 3303 2648 3357 καὶ
2696 3302 2803 3355 ἀπὸ
2840 3300 2947 3353 τῶν
2994 3294 3526 3366 συγκατατιθεμένων
3555 3309 3646 3364 μοι

2086 3401 2176 3453 τὸν
2207 3398 2280 3470 μὴ
2311 3394 2549 3459 σώζοντα
2580 3394 2743 3465 νόμον
2780 3393 2856 3456 ὡς
2899 3389 3135 3454 σώζοντα
3176 3386 3501 3441 ἀσκούντων.
3535 3385 3609 3438 Ἤ
3629 3402 3641 3413 υ

2087 3490 2414 3563 Νομίζοντες
2430 3484 2567 3541 εἶναι
2584 3485 2748 3555 βάρος
2778 3483 3119 3553 ἐπικείμενον
3142 3480 3236 3534 καὶ
3250 3480 3399 3549 ἡμῖν,
3428 3475 3520 3529 τὸν
3547 3477 3649 3539 ζυ-

2088 3582 2183 3651 γὸν
2213 3580 2392 3635 αὐτῶν
2410 3576 2819 3653 ἀπορρίψωμεν.
2836 3573 3140 3645 Τολμητέον
3158 3571 3265 3641 γὰρ
3283 3568 3458 3637 λέγειν
3476 3565 3651 3619 ταῦτα

2090 3674 2226 3731 εἶναι
2257 3678 2313 3729 ὲν
2340 3675 2416 3745 τῷ
2428 3670 2645 3744 Χριστῷ
2659 3670 2747 3724 διὰ
2763 3670 2857 3740 τὴν
2874 3668 3008 3740 πρὸς
3027 3668 3152 3728 τοὺς
3168 3664 3331 3736 βαρου
3339 3662 3529 3734 μένους
3543 3661 3650 3715 ὑπὸ

2087 3767 2181 3819 τοῦ
2208 3762 2373 3833 ζυγοῦ
2401 3761 2641 3831 ἀγάπην,
2677 3760 2818 3836 ἀπερ
2843 3756 2957 3809 ἐστὶ
2990 3755 3082 3808 καὶ
3120 3755 3176 3806 ἐν
3202 3754 3334 3806 πᾶσι
3362 3752 3484 3818 τοῖς
3512 3754 3653 3806 εὐσ-

2092 3857 2441 3926 πλάγχνοις,
2455 3852 2522 3906 τὰ
2541 3850 2649 3905 τῶν
2664 3849 2836 3904 ἄλλων
2850 3848 3221 3918 ἁμαρτήματα
3237 3843 3341 3897 ἴδια
3357 3841 3649 3914 κρίνουσιν.

2162 3947 2342 4000 Ταῦτα
2391 3946 2488 4017 μὲν
2533 3939 2626 3997 οὖν
2655 3939 2782 4013 περὶ
2814 3936 3112 4008 ἀνθρώπων
3157 3934 3264 3988 τῶν
3303 3951 3365 3987 τε
3408 3933 3514 3986 ἀπὸ
3542 3931 3654 3985 τῶν

2093 4041 2259 4095 ἐθνῶν
2285 4039 2379 4093 καὶ
2393 4037 2499 4092 ἀπὸ
2516 4035 2607 4089 τοῦ
2628 4031 2782 4087 λαοῦ.
2810 4030 2883 4084 Τὸ
2908 4028 2981 4092 δὲ,
2999 4028 3060 4080 '0
3087 4023 3373 4079 κατοικῶν
3391 4023 3460 4076 ἐν
3482 4024 3657 4089 οὐρα-

2093 4132 2219 4197 νοῖς
2253 4126 2661 4199 ἐκγελάσεται,
2716 4116 3155 4193 προσαρμοστέον
3205 4113 3341 4186 πρὸς
3375 4113 3454 4176 τὸ,
3501 4115 3656 4180 Παρ-

2094 4225 2363 4284 έστησαν
2409 4221 2461 4271 οἱ
2481 4213 2758 4282 ,βασιλεῖς
2790 4210 2899 4278 τῆς
2926 4206 3054 4280 γῆς,
3093 4204 3186 4269 οὓς
3236 4203 3586 4274 ἔκτελάσεται
3626 4206 3657 4258 ό

2097 4315 2225 4375 Θεὸς
2256 4314 2313 4365 ὲν
2341 4310 2585 4383 οὐρανοῖς
2624 4303 2893 4360 κατοικῶν
2925 4301 3175 4374 φρόνημα
3202 4298 3421 4369 ἔχοντας
3448 4298 3652 4368 γήϊνον.

430 4410 671 4476 divinam
697 4410 844 4463 circa
874 4389 1531 4462 incarnationem'Christi
1559 4405 1919 4461 (economiam
1939 4416 1985 4461 et

2099 4406 2172 4458 Οὐ
2202 4401 2309 4473 γάρ
2340 4401 2624 4470 νενοήκασι
2646 4397 2744 4468 τὴν
2770 4392 3073 4463 οἰκονομίαν
3100 4390 3192 4444 καὶ
3219 4389 3316 4460 τὴν
3344 4388 3536 4457 σοφίαν
3561 4387 3655 4441 τοῦ

432 4503 753 4572 sapientiam
797 4501 1219 4555 intellexerunt:
1251 4497 1383 4552 illud
1422 4506 1623 4569 autem,
1661 4507 1711 4550 et
1740 4496 1995 4550 Dominus

432 4593 781 4657 subsannabit
820 4609 929 4659 eos,
963 4590 1307 4647 referendum
1341 4591 1408 4643 ad
1448 4590 1551 4643 hoc
1587 4589 1816 4651 dictum,
1845 4587 1996 4655 prin-

434 4687 571 4760 cipes
595 4690 941 4745 convenerunt
958 4683 1013 4737 in
1039 4699 1222 4747 unum,
1252 4691 1312 4736 ut
1335 4681 1545 4737 scilicet
1571 4697 1601 4736 a
1626 4681 1844 4736 Christo
1870 4680 1998 4734 sub-

435 4786 798 4833 sannarentur
827 4775 1124 4847 principes,
1156 4775 1251 4847 qui
1289 4774 1604 4849 congregati
1637 4785 1768 4837 sunt
1805 4771 1996 4827 adver-

434 4885 531 4931 sus
548 4868 831 4934 Dominum
862 4877 916 4923 et
944 4869 1205 4924 adversus
1226 4868 1502 4923 Christum
1526 4866 1664 4935 ejus.
1685 4865 2001 4947 Congruen-

434 4972 521 5018 tes
565 4973 743 5018 autem
794 4964 921 5027 boni
965 4962 1060 5018 Dei
1103 4962 1241 5016 Filio
1272 4967 1400 5015 sunt
1443 4961 1561 5014 ista:
1605 4974 1800 5022 voces;
1843 4958 1992 5028 quia,

436 5057 650 5116 etiamsi
680 5057 1002 5113 fremuerint
1039 5066 1247 5126 gentes,
1298 5063 1351 5110 et
1393 5055 1576 5126 pepuli
1607 5052 1850 5109 meditati
1891 5052 2003 5119 sint

438 5149 642 5212 inania,
676 5156 732 5203 at
758 5164 858 5204 nos
892 5149 1236 5215 frementium
1275 5146 1614 5201 ethnicorum
1655 5146 1872 5200 vincula
1915 5143 2001 5198 di-

437 5256 781 5311 rumpamus,
821 5248 875 5295 et
910 5242 1100 5313 jugnm
1144 5239 1466 5311 populorum
1499 5237 1684 5293 inania
1736 5237 2003 5291 meditan-

441 5337 576 5389 tium
612 5333 985 5403 projiciamus.

510 5427 581 5481 At
624 5427 753 5497 quia
799 5441 908 5480 non
950 5426 1061 5495 jam
1095 5427 1170 5482 ita
1209 5425 1367 5480 facile
1397 5422 1661 5493 medelam
1707 5419 2001 5475 admittunt

442 5515 683 5589 praedicti
732 5532 889 5585 reges
934 5524 1095 5571 terra:
1139 5527 1195 5572 et
1238 5513 1721 5588 principes;jubet
1766 5508 2004 5579 Spiritus

365 5597 381 5615 ’
445 5620 689 5672 unctus,
724 5609 966 5680 gentium
1008 5617 1060 5663 et
1100 5609 1444 5679 populorum.
1491 5618 1676 5676 regum
1705 5610 1759 5658 et
1800 5601 2003 5672 princi-

514 5726 593 5797 (ι)
643 5722 1036 5794 Τετηρεῗσθαι.
1067 5723 1205 5793 Lege
1232 5721 1574 5792 τετηρῆσθαι.
1604 5718 1762 5779 Eutr.

2102 4495 2236 4548 Θεοῦ
2269 4493 2365 4564 τὴν
2392 4491 2519 4562 περὶ
2543 4488 2639 4560 τὴν
2659 4484 3063 4557 ὲνανθρώπησιν
3086 4482 3179 4534 τοῦ
3204 4478 3461 4552 Χριστοῦ.
3485 4478 3556 4531 To
3576 4477 3654 4540 δὲ,

2103 4586 2209 4640 Καὶ
2232 4588 2265 4639 ὀ
2284 4586 2494 4652 Κύριος
2518 4576 2895 4649 ἐκμυκτηριεῐ
2927 4572 3168 4639 αὐτοὺς,
3200 4571 3336 4643 πρὸς
3360 4569 3440 4633 τὸ,
3472 4572 3535 4622 Ol
3559 4567 3661 4636 ἆρο

2100 4693 2310 4749 χοντες·
2338 4672 2740 4743 συνήχθησαν
2760 4667 2856 4721 ἐπὶ
2884 4665 2952 4720 τὸ
2977 4666 3126 4718 αὑτό
3137 4681 3150 4693 ·
3174 4663 3262 4716 ἵνα
3292 4658 3661 4732 μυκτηρίζων-

2099 4789 2188 4824 ται
2235 4771 2282 4822 οἱ
2328 4766 2584 4839 ἄρχοντες
2615 4761 2719 4815 ὑπὸ
2763 4758 2858 4813 τοῦ
2908 4754 3167 4828 Χριστοῦ,
3211 4756 3260 4807 οἱ
3307 4750 3660 4822 συναχθέντες

2102 4859 2244 4916 κατά
2274 4857 2367 4911 τοῦ
2400 4853 2604 4927 Κυρίου
2634 4854 2726 4907 καὶ
2754 4850 2894 4905 κατά
2921 4847 3015 4901 τοῦ
3038 4844 3273 4919 Χριστοῦ
3301 4840 3487 4897 αὐτοῦ.
3516 4839 3659 4913 Πρέ-

2102 4967 2298 5004 πουσαι
2343 4948 2400 5002 δὲ
2437 4944 2637 5016 ἀγαθοῦ
2676 4942 2811 4998 Θεοῦ
2855 4940 2971 5012 Υίῷ
3018 4938 3223 5009 φωναί·
3255 4938 3360 4999 ὅτι,
3392 4937 3442 4988 εἰ
3470 4934 3563 4988 καὶ
3592 4933 3661 4986 τά

2103 5043 2226 5114 ἔθνη
2273 5038 2567 5112 ἐφρύαξαν,
2599 5039 2692 5091 καὶ
2727 5037 2777 5088 οἱ
2818 5034 2936 5088 λαοὶ
2960 5031 3291 5104 ἐμελέτησαν
3320 5025 3472 5089 κενά,
3502 5026 3663 5096 ἡμεῖς

2103 5153 2165 5204 γε
2194 5135 2319 5197 τοὺς
2343 5131 2572 5203 δεσμοὺς
2600 5128 2777 5182 αὐτῶν
2809 5125 2917 5179 τῶν
2943 5122 3293 5197 φρυαξάντων
3335 5117 3504 5172 ἐθνῶν
3546 5117 3661 5171 δια-

2107 5226 2420 5295 σπάσωμεν,
2465 5224 2558 5277 καὶ
2602 5221 2692 5275 τὸν
2744 5218 2902 5287 ζυγὸν
2945 5214 3049 5277 τῶν
3098 5212 3504 5286 μελετησάντων
3531 5207 3666 5263 κενά

2103 5319 2245 5374 λαῶν
2276 5313 2685 5388 άπορῤίψωμεν.

2187 5411 2340 5464 Ἐπεὶ
2364 5409 2420 5462 δὲ
2456 5406 2636 5460 οὐκέτι
2677 5402 2916 5475 εὐχερῶς
2960 5401 3200 5472 δέχονται
3244 5396 3340 5473 τὴν
3370 5390 3663 5466 θεραπείαν

2110 5504 2162 5555 οἴ
2198 5518 2260 5555 τε
2288 5498 2591 5571 τηλικοῦτοι
2622 5493 3000 5566 προειρημένοι
3021 5492 3121 5560 τῆς
3151 5490 3253 5560 γῆς
3299 5485 3534 5557 βασιλεῖς
3570 5478 3664 5535 καὶ

2111 5598 2157 5659 οἱ
2198 5594 2469 5665 ἄρχοντες,
2499 5589 2606 5642 τῶν
2648 5584 2784 5647 κατὰ
2823 5582 2916 5637 τοῦ
2950 5580 3153 5653 Κυρίου
3184 5578 3273 5631 καὶ
3304 5575 3396 5633 τοῦ
3428 5576 3471 5628 Χ
3481 5574 3662 5646 pta-toi.-
