3948 6286
361 259 432 315 85
1514 255 2014 312 COMMENTARIA
2057 258 2120 312 IN
2153 257 2280 314 PSA
2289 259 2489 316 LMOS.
3561 283 3630 328 ab

363 375 530 430 αὑτοῦ
577 379 958 449 συναχθέντων
991 379 1160 434 ἐθνῶν
1188 397 1248 435 τε
1277 383 1370 438 καὶ
1403 383 1566 450 λαῶν,
1599 385 1864 456 βασιλέων
1893 403 1931 439 τε

2059 402 2208 458 puni.
2247 387 2545 442 visibilium
2585 393 2638 442 et
2679 387 3058 452 invisihnnnn,
3091 403 3182 459 qui
3223 401 3486 442 adversus
3519 387 3629 442 lio--

364 467 456 520 καὶ
485 469 787 538 ἀρχόντων,
823 473 1114 544 ὁρωμένων
1143 491 1203 526 τε
1230 477 1322 528 καὶ
1357 477 1602 546 ἀφανῶν,
1629 479 1950 549 προστάττει

365 558 424 613 τὸ
447 559 588 613 Πνεῦ
599 577 678 630 μα
701 561 764 614 τὸ
789 561 942 631 ἅγιον
971 563 1096 626 τοὺς
1119 563 1219 634 τῆς
1249 564 1696 640 είδωλολατρείας
1719 568 1950 640 δεσμοὺς

366 650 776 722 διαρῤηγνύναι,
831 655 926 706 καὶ
973 653 1064 708 τὸν
1119 653 1288 726 βαρὺν
1333 658 1430 727 τῆς
1473 657 1746 730 ἁμαρτίας
1788 660 1948 728 ζυγὸν

364 743 724 814 ἀπορρίπτειν
755 745 857 813 τῆς
887 745 1096 800 ἑαυτῶν
1124 747 1334 818 ψυχῆς·
1365 743 1447 812 οἷς
1477 749 1950 820 καταδεδουλωμέ-

363 851 442 887 νοι
467 835 728 907 πρότερον
757 837 966 908 ἑτέροις
1003 839 1265 909 ἄρχουσιν
1297 839 1668 909 ὑπεκείμεθα·
1701 842 1786 894 ἵνα
1809 843 1952 895 ὲκεί-

365 943 470 979 νων
507 927 962 999 ἐλευθερωθέντες
987 929 1076 982 τὸν
1103 927 1340 999 ἐλαφρὸν
1365 929 1456 982 τοῦ
1491 931 1744 1002 Σωτῆρος
1785 930 1948 1001 ζυγὸν

359 1018 770 1090 ἀναδεξῶμεθα,
796 1021 882 1088 ἐφ’
909 1020 968 1074 ὃν
989 1020 1345 1091 προκαλεῖται
1367 1020 1540 1090 λέγων
1561 1039 1573 1052 ·
1597 1022 1774 1076 Δεῦτε
1797 1030 1948 1092 πρὸς

357 1117 438 1180 μὲ
465 1112 690 1179 πάντες
717 1115 774 1166 οἱ
809 1113 1138 1178 κοπιῶντες
1160 1113 1258 1166 καὶ
1286 1115 1762 1184 πεφορτισμένοι,
1787 1115 1948 1184 κάγὼ

359 1204 692 1258 ἀναπαύσω
713 1203 888 1273 ὑμᾶς.
921 1207 1123 1274 Ἄρατε
1153 1206 1260 1260 τὸν·
1284 1205 1460 1274 ζυγόν
1481 1224 1622 1276 μου,
1645 1207 1745 1260 καὶ
1769 1207 1943 1274 ἴδετε,

365 1295 454 1350 ὅτι
478 1301 750 1366 χρηστός
807 1299 960 1354 ἐστι.
990 1299 1256 1353 Λέλεκται
1281 1299 1337 1352 δὲ
1363 1299 1534 1353 ταῦτα
1559 1301 1693 1370 πρὸς
1720 1299 1788 1354 τὰ
1817 1299 1942 1372 ἔθνη

362 1387 428 1440 τὰ
458 1386 538 1458 τῷ
567 1388 786 1459 Χριστῷ
813 1391 918 1442 ὑπὸ
939 1389 1030 1442 τοῦ
1063 1389 1276 1460 Πατρὸς
1307 1391 1587 1462 δεδομένα,
1623 1391 1944 1462 προλαμϐά-

359 1496 540 1543 νοντος
570 1480 662 1534 τοῦ
693 1479 852 1548 λόγου
885 1482 1010 1546 τοὺς
1047 1482 1340 1553 μέλλοντας
1387 1484 1671 1556 προσιέναι
1701 1487 1768 1555 τῇ
1809 1485 1944 1556 Χρι-

361 1573 485 1626 στοῦ
514 1573 852 1644 διδασκαλίᾳ,
886 1574 978 1628 καὶ
1021 1575 1414 1644 παραινοῦντος
1467 1575 1662 1646 μηκέτι
1707 1576 1798 1628 τὸν
1831 1593 1942 1630 πα-

357 1666 504 1720 λαιὸν
527 1666 690 1734 ζυγὸν
717 1668 810 1720 ἐπὶ
843 1667 954 1720 τῶν
977 1666 1144 1737 ὤμων
1171 1667 1379 1739 φέρειν,
1417 1669 1550 1739 μηδὲ
1579 1671 1701 1732 ταῖς
1731 1671 1939 1740 σειραῖς

2055 479 2260 532 minum
2314 487 2368 534 et
2411 479 2674 536 adversus
2727 480 3005 536 Christum
3065 481 3184 550 ejus
3232 487 3624 546 convenerant,

2053 570 2375 626 idololatriae
2415 571 2632 626 vincula
2680 571 3011 640 dirumpere,
3065 582 3118 626 et
3163 587 3412 642 quosque
3459 587 3628 641 grave

2051 664 2260 732 peccati
2279 665 2474 734 jugum
2501 665 2570 720 ab
2599 665 2778 718 anima
2801 681 2900 720 sua
2935 665 3204 736 projicere
3230 684 3243 732 ;
3276 667 3478 736 quibus
3501 664 3627 722 sub-

2045 755 2222 826 jugali
2253 756 2406 824 prius
2437 757 2558 812 aliis
2599 757 2938 828 principibus
2969 759 3293 813 suberamus
3323 777 3334 812 :
3369 765 3430 812 ut
3461 758 3528 812 iis
3560 757 3624 811 li-

2051 843 2221 898 berati
2259 845 2378 900 leve
2425 845 2723 902 Salvatoris
2753 848 2942 916 jugum
2993 848 3348 919 accipiamus,
3384 863 3492 918 quo
3519 863 3622 904 nos

2049 945 2310 1006 provocat
2335 937 2418 992 his
2441 937 2622 993 verbis
2654 957 2667 992 :
2711 938 2889 994 Venite
2919 943 3000 998 ad.
3019 959 3118 1004 me,
3149 957 3326 996 omnes
3359 944 3448 1012 qui
3481 942 3622 996 labo-

2049 1029 2182 1080 ratis
2204 1037 2252 1080 et
2285 1029 2490 1082 onerati
2518 1030 2668 1094 estis,
2701 1038 2750 1084 et
2784 1047 2874 1100 ego
2907 1033 3143 1101 reficiam
3179 1049 3266 1086 vos
3292 1049 3310 1086 :
3337 1033 3506 1087 tollite
3527 1033 3622 1101 ju-

2047 1135 2169 1188 gum
2198 1135 2370 1172 meum
2391 1136 2548 1189 super
2579 1137 2686 1184 vos,
2713 1132 2762 1176 et
2791 1121 2956 1177 uidete
2977 1124 3102 1192 quia
3133 1133 3464 1177 mansuetum
3485 1125 3618 1178 est“.

2046 1208 2174 1264 Haec
2209 1225 2376 1280 porro
2406 1211 2552 1265 dicta
2584 1220 2714 1266 sunt
2737 1213 2990 1284 gentibus
3015 1213 3238 1269 Christo
3267 1229 3296 1266 a
3323 1211 3484 1268 Patre
3509 1222 3620 1268 tra-

2045 1301 2196 1368 ditis,
2241 1303 2525 1372 praemissa
2566 1304 2774 1359 scilicet
2828 1321 3018 1359 eorum
3049 1307 3142 1376 qui
3171 1305 3238 1360 ad
3277 1305 3480 1362 Christi
3519 1307 3620 1360 do-

2045 1394 2280 1448 ctrinam
2307 1395 2586 1450 accessuri
2621 1405 2752 1450 sunt
2791 1397 3127 1462 narratione,
3163 1399 3398 1468 dataque
3429 1397 3620 1452 admo—

2043 1485 2270 1548 nitione,
2323 1493 2383 1538 ut
2427 1500 2496 1540 ne
2539 1486 2683 1539 ultra
2731 1495 2886 1542 vetus
2909 1488 3099 1558 jugum
3141 1487 3383 1544 humeris
3415 1487 3614 1552 ferant,

2043 1591 2221 1646 neque
2265 1577 2474 1632 catenis
2522 1578 2765 1647 priorum
2815 1579 3137 1633 delictorum
3181 1579 3464 1634 constricti
3503 1595 3617 1634 ma-

2045 1675 2230 1724 neant.
2264 1667 2370 1724 Sed
2411 1669 2622 1724 etiamsi
2675 1669 2894 1740 quidam
2933 1671 3064 1740 ipsis
3105 1681 3230 1726 ante
3275 1671 3492 1726 fuerant
3525 1673 3616 1728 do-

357 1759 464 1812 τῶν
514 1760 799 1831 προτέρων
845 1761 1260 1831 ἁμαρτημάτων
1303 1762 1512 1814 ἑαυτῶν
1561 1762 1931 1834 παραμένειν·

2044 1758 2196 1822 mini,
2233 1758 2510 1828 principes
2545 1759 2750 1822 acerbi,
2781 1760 3038 1815 videlicet
3059 1762 3284 1832 maligni
3314 1764 3610 1828 daemones,

357 1849 469 1904 ἀλλ’
499 1851 549 1903 εί
573 1850 669 1905 καί
695 1867 842 1914 τινες
865 1846 1006 1922 ἦσαν
1041 1851 1220 1906 αὐτῶν
1249 1853 1514 1924 πρότερον
1547 1853 1724 1926 κύριοι
1753 1854 1940 1926 ἄρχον-

359 1943 442 2007 τές
467 1961 526 1996 τε
557 1943 770 2015 πικροὶ,
797 1943 845 1995 oi
871 1943 1038 1997 πάλαι
1067 1943 1176 1996 τῶν
1205 1943 1372 1996 ἐθνῶν
1407 1945 1938 2016 κατατυραννοῦντες

361 2033 605 2103 δαίμονες
635 2033 882 2104 πονηροὶ,
910 2031 1004 2096 οὒς
1035 2033 1099 2103 δὴ
1119 2032 1275 2097 θεοὺς
1302 2033 1603 2106 ὠνόμαζον,
1647 2036 1808 2104 ζυγὸν
1841 2038 1938 2090 αὺ-

359 2129 462 2190 τοῖς
489 2125 898 2196 ὲπαιωροῦντες
933 2123 1102 2197 βαρὺν
1131 2127 1228 2178 καὶ
1277 2127 1609 2195 συγκύπτειν
1633 2127 1730 2199 τὴν
1759 2129 1934 2200 ψυχὴν

355 2219 440 2270 ἐπὶ
467 2217 528 2270 τὺ
561 2218 714 2270 κάτω
749 2217 1048 2280 ποιοῦντες,
1087 2216 1308 2286 δεσμοῖς
1338 2234 1396 2270 τε
1443 2219 1642 2281 αὐτοὺς
1677 2219 1931 2283 ἀσεϐείας

355 2309 852 2381 καταδεσμοῦντες·
907 2310 1112 2364 τούτων
1165 2311 1422 2364 ἁπάντων
1469 2309 1568 2381 τὴν
1619 2310 1934 2365 δυναστείαν

351 2403 570 2473 φεύγειν
606 2403 1060 2477 παρακελεύεται·
1087 2403 1452 2473 προσφεύγειν
1476 2403 1535 2456 δὲ
1567 2403 1646 2473 τῷ
1672 2403 1930 2476 Λυτρωτῇ

351 2497 440 2548 καί
479 2496 718 2568 Σωτῆρι,
759 2495 855 2549 καὶ
885 2497 950 2567 δὴ
983 2497 1180 2567 κλῆρον
1216 2495 1414 2554 αὐτοὺς
1463 2493 1617 2565 παρὰ
1662 2495 1756 2546 τοῦ
1803 2493 1932 2547 ἰδίου

351 2588 554 2658 Harp-’1;
571 2589 835 2660 εἰληφότι.
852 2588 1034 2642 Ταῦτα
1052 2589 1130 2650 δὲ,
1149 2590 1302 2659 φησὶ,
1317 2585 1610 2659 πράξωμεν
1637 2588 1686 2640 οἱ
1715 2589 1812 2658 τῆς
1838 2587 1932 2640 τοῦ

349 2679 582 2754 Χριστοῦ
617 2682 986 2754 κληρονομίας
1015 2681 1154 2748 ἄξιοι
1189 2682 1493 2752 γενόμενοι,
1521 2681 1839 2746 εἰδότες,ὅτι
1871 2681 1932 2734 '0

347 2775 646 2829 κατοικῶν
707 2777 778 2828 ἐν
821 2775 1098 2842 οὐρανοῖς
1142 2775 1532 2843 ἑκγελάσεται
1577 2773 1820 2838 αὐτοὺς,
1864 2773 1934 2826 τά

345 2868 470 2939 ἔθνη
509 2867 716 2939 δηλαδὴ
746 2867 842 2920 καὶ
871 2869 1000 2930 τοὺς
1030 2867 1193 2930 λαοὺς
1229 2867 1356 2930 τοὺς
1404 2865 1815 2928 ἐπαναστάντας
1856 2865 1932 2934 τῷ

344 2959 564 3031 Χριστῷ
595 2958 782 3025 αὐτοῦ,
813 2960 910 3012 καὶ
952 2961 985 3012 ὁ
1015 2959 1230 3025 Κύριος
1277 2955 1660 3028 ἐκμυκτηριεῖ
1683 2957 1924 3022 αὐτούς.

345 3051 530 3105 Ταῦτα
569 3051 738 3104 πάλαι
782 3051 884 3121 μὲν
924 3050 1275 3122 προφητικῶς
1297 3049 1630 3116 ἁνεφωνεῖτο
1651 3065 1664 3077 ’
1698 3047 1931 3100 πέπονθε

2039 1849 2169 1903 olim
2203 1865 2303 1920 pro
2329 1850 2436 1905 diis
2459 1849 2653 1914 habiti,
2677 1851 2768 1921 qui
2797 1853 3135 1921 tyrannidem
3165 1853 3220 1907 in
3249 1865 3436 1922 gentes
3457 1871 3610 1910 exer-

2039 1943 2258 2006 cebant,
2294 1952 2346 1998 et
2374 1943 2564 2013 jugum
2598 1943 2733 2014 ipsis
2779 1959 2945 2014 grave
2989 1960 3392 2015 onerosumque
3437 1947 3612 2016 impo-

2039 2033 2262 2098 nehant,
2301 2041 2360 2086 ut
2388 2035 2625 2086 animam
2676 2048 2864 2088 eorum
2911 2035 2975 2088 ad
3019 2036 3203 2089 intima
3235 2037 3607 2102 incurvarent,

2037 2122 2474 2192 colligabantque
2525 2123 2676 2193 ipsos
2725 2124 3020 2194 impietatis
3086 2126 3353 2192 vinculis;
3410 2126 3607 2182 horum

2036 2217 2280 2270 omnium
2331 2215 2618 2287 imperium
2671 2216 2929 2286 eiTugere,
2978 2224 3030 2271 et
3089 2216 3156 2270 ad
3189 2216 3606 2288 Redemptorem

2039 2307 2486 2379 Salvatoremque
2549 2310 2847 2382 confugere
2897 2311 3196 2380 jubentur,
3263 2322 3454 2383 utpote
3513 2315 3608 2384 qui

2035 2400 2186 2472 ipsos
2219 2417 2249 2454 a
2278 2401 2442 2458 Patre
2475 2418 2577 2458 suo
2617 2403 2672 2458 in
2722 2403 3092 2460 lnereditatem
3129 2408 3422 2476 acceperit.
3455 2406 3604 2470 Huic,

2035 2493 2232 2564 inquit,
2268 2509 2492 2564 agamus
2531 2497 2622 2566 qui
2655 2496 2862 2551 Christi
2895 2497 3212 2551 haereditate
3249 2497 3396 2568 digni
3430 2497 3608 2552 eﬂecti

2034 2601 2248 2652 sumus,
2294 2588 2449 2657 gnari
2489 2590 2742 2644 videlicet
2787 2589 3096 2656 illius:Qui
3129 2589 3334 2642 habitat
3380 2589 3432 2643 in
3465 2592 3608 2646 costis

2033 2676 2270 2729 irridebit
2295 2695 2404 2740 eos,
2439 2679 2696 2733 nimirum
2733 2681 2965 2750 pepulos
2993 2681 3084 2749 qui
3120 2681 3386 2736 adversus
3421 2679 3608 2736 Domi-

2035 2767 2242 2821 minum
2295 2777 2348 2822 et
2391 2769 2656 2824 adversus
2695 2770 2973 2825 Christum
3016 2771 3136 2839 ejus
3167 2772 3604 2835 insurrexerunt.

2030 2868 2083 2911 et
2115 2857 2372 2914 Dominus
2397 2861 2742 2914 subsannabit
2779 2878 2888 2916 eos.
2925 2861 3048 2916 “rec
3073 2863 3202 2916 olim
3225 2864 3444 2934 quidem
3480 2881 3609 2935 pro-

2033 2951 2248 3021 phetice
2297 2953 2838 3021 praenuntiabantur;
2895 2961 2950 3008 at
2987 2961 3176 3022 postea
3209 2953 3468 3011 Iudaicus
3511 2972 3608 3026 po-

2033 3044 2197 3113 pulus
2223 3059 2288 3098 ea
2324 3044 2439 3113 ipsa
2481 3060 2778 3114 perpessus
2817 3053 2920 3110 est,
2955 3046 3214 3102 obsessus
3241 3055 3294 3101 et
3332 3062 3610 3118 expugna;

345 3143 398 3196 δὲ
439 3143 581 3198 αὐτὰ
611 3142 672 3196 τὸ
717 3141 986 3196 Ἰουδαίων
1015 3142 1166 3204 ἔθνος
1196 3139 1550 3210 πολιορκηθὲν
1595 3139 1931 3210 παραχρῆμα

2038 3145 2122 3190 tus
2143 3151 2252 3190 non
2283 3136 2459 3190 multo
2489 3143 2780 3206 postquam
2819 3136 3049 3192 insidias
3091 3138 3385 3194 struxisset
3413 3147 3606 3192 contra

350 3235 484 3304 μετὰ
517 3234 618 3305 τὴν
665 3235 808 3288 κατὰ
849 3233 944 3288 τοῦ
985 3233 1236 3304 Σωτῆρος
1275 3229 1599 3302 ἐπιϐουλήν·
1649 3231 1742 3284 καὶ
1787 3229 1928 3284 κατὰ

345 3329 570 3399 χρόνους
595 3327 652 3379 δὲ
686 3327 734 3379 οἱ
767 3326 866 3395 τῆς
911 3325 1238 3395 Ἐκκλησίας
1264 3323 1358 3376 τοῦ
1390 3320 1626 3393 Χριστοῦ
1659 3321 1926 3394 πολέμιοι,

345 3421 592 3492 κρυφαία
617 3421 704 3474 ἀεὶ
735 3419 880 3494 χειρὶ
909 3418 1328 3491 πολεμούμενοι,
1361 3416 1465 3469 ὑπὸ
1495 3416 1588 3468 τοῦ
1616 3415 1930 3470 κατοικοῦν-

347 3531 431 3576 τος
467 3515 528 3568 ὲν
571 3513 821 3585 οὐρανοῖς
859 3511 1083 3583 Κυρίου,
1115 3509 1208 3564 τοῦ
1257 3510 1394 3580 πρὸς
1441 3508 1621 3562 αὐτῶν
1661 3508 1928 3580 πολεμου-

353 3605 534 3675 μένου.

419 3701 558 3753 Τότε
597 3696 858 3764 λαλήσει
897 3695 1046 3764 πρὸς
1069 3694 1290 3761 αὐτοὺς
1316 3695 1386 3748 ἐν
1411 3691 1560 3764 ὀργῇ
1588 3692 1794 3752 αὐτοῦ,
1829 3693 1926 3745 καὶ

349 3791 414 3844 ἐν
443 3787 522 3856 τῷ
555 3789 722 3860 θυμῷ
756 3788 944 3845 αὑτοῦ
977 3786 1216 3856 ταράξει
1244 3786 1486 3852 αὐτούς.
1533 3783 1696 3842 Ἀλλὰ
1730 3783 1825 3837 καὶ
1870 3784 1926 3834 ὲν

351 3882 423 3954 τῷ
452 3883 551 3953 τῆς
585 3881 822 3952 κρίσεως
857 3878 1036 3952 καιρῷ
1078 3877 1252 3949 ὀργῆς
1295 3875 1432 3930 Θεοῦ
1484 3875 1924 3944 πειραθήσονται,

351 3974 438 4027 καὶ
481 3973 560 4044 τῷ
605 3968 763 4044 θυμῷ
801 3971 964 4025 αὐτοῦ
1013 3969 1448 4042 ταραχθήσονται
1495 3968 1694 4029 πάντες
1740 3967 1788 4017 οἱ
1831 3965 1926 4019 τοῦ

352 4065 616 4138 σωτηρίου
639 4065 796 4133 λόγου
827 4063 1092 4134 πολέμιοι.
1125 4061 1386 4132 Ἐπείπερ
1407 4061 1566 4123 αὐτὸς
1586 4062 1612 4112 6
1638 4060 1728 4111 ὑπ’
1751 4057 1927 4110 αὐτῶν

349 4155 718 4227 προσηλωθεὶς
761 4157 858 4208 καὶ
914 4154 1130 4224 θανάτῳ
1165 4152 1490 4224 παραδοθεὶς
1510 4191 1524 4216 ,
1559 4150 1826 4206 κατοικῶν
1869 4152 1926 4203 ἐν

347 4249 592 4320 οὐρανοῖς
627 4247 720 4300 καὶ
753 4245 822 4299 τὰ
868 4246 1046 4300 πάντα
1090 4245 1380 4316 περιέχων,
1429 4243 1782 4312 ὲκγελάσεται
1827 4241 1926 4294 αῦ-

345 4341 488 4404 τοὺς,
525 4340 619 4392 καὶ
646 4341 676 4392 ὁ
696 4338 888 4392 τούτου
917 4337 974 4390 δὲ
1003 4339 1194 4408 Πατὴρ
1221 4341 1248 4390 6
1281 4339 1378 4390 σὺν
1403 4335 1480 4404 τῷ
1515 4334 1738 4406 Χριστῷ
1762 4335 1926 4386 πολε-

349 4429 614 4500 μούμενος
669 4429 1031 4500 ὲκμυκτηριεῖ
1053 4427 1272 4490 αὐτοὺς,
1301 4427 1393 4480 καὶ
1415 4425 1512 4496 τὴν
1539 4425 1696 4488 ἀξίαν
1730 4426 1926 4488 αὐτοὺς

348 4519 700 4592 εἰσπράξεται
745 4520 934 4591 δίκην
988 4521 1035 4572 εί
1069 4521 1118 4572 oi
1152 4519 1299 4586 λόγοι
1349 4517 1456 4569 τῶν
1501 4517 1738 4570 ἀπειλῶν
1775 4517 1922 4584 λόγοι

345 4613 478 4666 εἰσὶν
515 4615 573 4666 ὲν
603 4614 742 4684 ὀργῇ
771 4611 1258 4682 ἀπαγγελλόμενα.

423 4704 572 4775 Ἐγὼ
626 4704 694 4758 δὲ
727 4703 1100 4770 κατεστάθην
1127 4704 1430 4769 ,ϐασιλεὺς
1467 4703 1563 4757 ὑπ’
1601 4700 1786 4755 αὐτοῦ
1822 4701 1922 4754 ἐπὶ

343 4797 494 4853 Σιὼν
525 4797 662 4865 ὅρος
693 4797 761 4851 τὸ
799 4797 970 4866 ἅγιον
1002 4796 1210 4858 αὐτοῦ,
1251 4795 1623 4864 διαγγέλλων
1643 4793 1709 4846 τὸ
1739 4795 1922 4859 πρόσ-

345 4901 530 4956 ταγμα
568 4886 810 4954 Κυρίου.
888 4885 1010 4938 Οἵδε
1053 4885 1150 4955 μὲν
1177 4924 1192 4946 ,
1233 4884 1366 4954 φησὶ
1394 4923 1408 4944 ,
1475 4883 1602 4936 τάδε
1643 4883 1922 4936 πείσονται

345 4979 390 5031 οἱ
439 4979 582 5032 κατά
629 4977 726 5031 τοῦ
781 4977 992 5048 Κυρίου
1037 4979 1131 5030 καὶ
1171 4975 1312 5029 κατὰ
1348 4976 1440 5028 τοῦ
1477 4974 1716 5047 Χριστοῦ
1756 4973 1923 5026 αὑτοῦ

345 5070 684 5133 συνελθόντες
705 5111 719 5133 ,
743 5071 836 5123 καὶ
863 5069 1098 5122 τοιοῦτον
1142 5069 1242 5139 μὲν
1269 5069 1492 5122 ἐκείνων
1521 5067 1582 5120 τὸ
1609 5067 1762 5130 τέλος
1783 5083 1795 5095 ·
1825 5065 1924 5136 ἐμὲ

341 5161 394 5216 δὲ
443 5164 564 5217 τότε
619 5163 758 5234 μετὰ
809 5164 908 5234 τὴν
937 5162 1204 5231 τοσαύτην
1237 5161 1528 5230 ἐπιϐουλὴν
1563 5160 1656 5213 καὶ
1687 5157 1922 5212 τοσαῦτα

342 5255 482 5326 πάθη
536 5256 760 5328 βασιλέα
793 5255 931 5326 πρὸς
962 5253 1122 5306 αὑτοῦ
1159 5252 1253 5306 τοῦ
1289 5252 1504 5320 Πατρὸς
1533 5250 1920 5316 καθεστάσθαι,

343 5351 430 5404 καὶ
457 5350 516 5404 τὸ
549 5350 818 5423 πατρικὸν
851 5349 980 5417 ὑμῖν
1011 5349 1340 5418 πρόσταγμα
1365 5344 1696 5412 διαγγέλλειν
1719 5361 1730 5373 ·
1762 5342 1920 5396 τοῦτο

340 5441 378 5494 δ“
405 5442 468 5496 ἂν
498 5444 580 5516 εἴη
615 5443 678 5496 τὸ
713 5428 1066 5509 εὐαγγελικὸν
1095 5441 1375 5512 κήρυγμα.
1449 5439 1512 5490 Εἰ
1538 5437 1594 5489 δέ
1623 5439 1768 5490 ἐστιν
1794 5437 1916 5506 ὅρος

341 5537 482 5604 ἆγιον
511 5541 649 5594 Θεοῦ
689 5537 753 5590 τὸ
789 5535 1110 5605 ἐπουράνιον
1140 5533 1266 5602 περὶ
1295 5527 1354 5585 οὗ
1407 5549 1570 5614 φησιν
1599 5533 1628 5584 6
1659 5529 1869 5593 Παῦλος
1899 5547 1910 5558 ·

345 5631 844 5701 Προσεληλύθατε
873 5627 1024 5680 Σιὼν
1057 5626 1176 5694 ὄρει
1194 5641 1208 5655 ⁶
1248 5623 1339 5678 καὶ
1374 5607 1536 5677 πάλιν
1557 5640 1568 5652 ·
1614 5623 1683 5678 Ἡ
1709 5619 1776 5674 δὲ
1795 5621 1916 5674 ἅνω

401 5745 420 5778 ⁸
455 5746 644 5803 Matth.
692 5761 768 5808 τι,
803 5741 991 5797 28-50.
1068 5741 1088 5774 ⁹
1128 5739 1292 5799 Hebr.
1331 5755 1425 5807 Sil,
1459 5737 1548 5795 22.

2033 3225 2410 3292 Salvatorem;
2447 3228 2724 3298 variisque
2759 3229 3011 3284 similiter
3043 3231 3382 3301 temporibus
3416 3231 3604 3284 eadem

2029 3319 2240 3388 experti
2269 3325 2398 3374 sunt
2421 3318 2630 3372 inimici
2659 3319 2916 3376 Ecclesia:
2946 3320 3172 3387 Christi,
3212 3323 3426 3388 occulta
3462 3339 3610 3378 sem-

2031 3425 2125 3481 per
2154 3427 2318 3465 manu
2341 3412 2644 3482 impugnali
2677 3427 2705 3466 a
2738 3413 2968 3468 Domino
2998 3413 3090 3484 qui
3114 3413 3325 3466 habitat
3353 3413 3408 3467 in
3429 3415 3604 3478 ccelis,

2028 3518 2190 3572 quem
2227 3502 2329 3572 ipsi
2361 3502 2510 3558 bello
2539 3503 2900 3574 impetcbant.

2099 3680 2267 3738 Vens.
2307 3681 2357 3736 5.
2402 3679 2546 3736 Tunc
2581 3681 2820 3750 loquetur
2866 3679 2934 3734 ad
2965 3697 3052 3734 eos
3099 3681 3150 3733 in
3187 3681 3266 3732 ira
3301 3696 3420 3742 sua,
3455 3688 3503 3732 et
3551 3680 3606 3732 in

2027 3774 2209 3842 furore
2238 3789 2334 3828 suo
2365 3771 2700 3826 conturbabit
2722 3789 2830 3826 eos.
2870 3769 3014 3824 Sane
3039 3769 3096 3823 in
3124 3777 3366 3838 tempore
3385 3767 3602 3836 judicii,

2029 3865 2124 3920 ira:
2150 3864 2348 3919 divina:
2379 3863 2681 3934 periculum
2723 3862 2948 3925 facient,
2979 3877 3042 3914 ac
3063 3861 3238 3930 ipsius
3270 3860 3456 3914 furore
3487 3866 3608 3913 tur-

2027 3957 2308 4012 babuntur
2340 3971 2532 4010 omnes
2573 3955 2722 4010 verbi
2765 3954 3024 4009 salutaris
3057 3952 3286 4007 inimici.
3323 3951 3604 4022 Siquidem

2029 4049 2076 4103 is
2111 4048 2228 4118 ipse
2271 4046 2367 4116 qui
2407 4045 2597 4102 aiiixus
2647 4046 2717 4100 ab
2749 4045 2857 4098 illis
2892 4052 2997 4109 est,
3041 4059 3104 4097 ac
3150 4043 3308 4097 morti
3351 4042 3603 4104 traditus,

2027 4143 2120 4213 qui
2154 4139 2362 4194 habitat
2390 4139 2448 4192 in
2472 4137 2628 4192 coelis
2658 4145 2713 4191 et
2743 4135 2941 4191 omnia
2975 4134 3378 4204 complectitur,
3412 4134 3610 4188 irride-

2027 4232 2106 4286 bit
2132 4247 2248 4295 eos,
2285 4229 2516 4300 ejusque
2549 4227 2708 4282 Pater
2734 4228 2825 4298 qui
2877 4242 3000 4281 cum
3029 4227 3149 4295 ipso
3178 4225 3400 4280 Christo
3432 4241 3607 4296 oppu—

2029 4335 2226 4398 gnatur
2267 4324 2630 4380 subsannabit
2679 4339 2794 4388 eos,
2841 4323 3142 4394 dignasque
3181 4323 3248 4376 ab
3290 4322 3370 4376 eis
3415 4335 3606 4391 pennas

2032 4427 2269 4487 expetet,
2309 4417 2580 4488 siquidem
2605 4417 2773 4472 verba
2803 4415 3041 4469 minacia
3084 4414 3180 4468 ira:
3210 4421 3450 4484 tempore
3476 4427 3606 4481 pro-

1959 4484 2001 4538 ι)
2033 4484 2140 4567 lata
2169 4519 2318 4566 sunt.

2101 4689 2265 4744 Vens.
2289 4687 2342 4744 6.
2367 4687 2472 4759 Ego
2505 4701 2675 4742 autem
2707 4689 3022 4742 constitutus
3045 4705 3158 4739 sum
3177 4700 3266 4740 rea:
3281 4683 3343 4737 ab
3370 4699 3428 4737 eo
3452 4700 3606 4752 super

2031 4783 2160 4840 Sion
2181 4795 2408 4838 montem
2431 4795 2673 4839 sanctum
2695 4785 2830 4852 ejus,
2853 4783 3147 4852 prmdicans
3163 4789 3478 4848 prwceptum
3501 4779 3606 4833 Do-

2033 4878 2186 4932 mini.
2227 4877 2352 4932 llaec
2393 4886 2444 4932 et
2473 4878 2698 4942 similia,
2737 4877 2936 4946 inquit,
2965 4875 3240 4944 patientur
3271 4870 3366 4940 qui
3401 4886 3604 4926 conve—

2029 4979 2231 5026 nerunt
2272 4973 2537 5026 adversus
2586 4969 2876 5024 Dominum
2912 4973 2965 5020 et
3015 4965 3279 5018 adversus
3323 4963 3606 5017 Christum

2025 5064 2170 5132 ejus,
2203 5073 2256 5118 et
2285 5063 2601 5133 hujusmodi
2635 5061 2741 5116 erit
2771 5061 2992 5114 illorum
3027 5057 3172 5111 ﬁnis.
3222 5055 3378 5122 Quod
3420 5065 3603 5111 autem

2029 5176 2130 5230 ego
2182 5169 2304 5230 post
2348 5169 2529 5213 tantas
2573 5158 2800 5213 insidias
2841 5163 2893 5210 et
2929 5163 3038 5208 tam
3090 5153 3292 5207 multos
3323 5151 3602 5205 cruciatus

2023 5269 2118 5308 rex
2168 5253 2236 5307 ab
2289 5255 2408 5322 ipso
2454 5253 2613 5306 Patre
2661 5247 3080 5304 constituendus
3143 5245 3270 5309 sim,
3313 5249 3602 5314 paternum

2027 5344 2180 5399 vobis
2218 5351 2545 5412 praeceptum
2579 5341 2954 5402 nuntiaturus,
2993 5353 3056 5391 ea
3089 5344 3237 5391 certe
3281 5329 3598 5399 evangelica

2029 5434 2346 5512 praedicatio
2379 5433 2564 5488 fuerit.
2617 5431 2772 5496 Quod
2813 5429 2859 5484 si
2894 5444 3051 5482 mons
3083 5433 3308 5481 sanctus
3334 5421 3451 5483 Dei,
3485 5433 3600 5512 cae-

2027 5507 2183 5581 lestis
2214 5527 2306 5580 ille
2335 5525 2502 5578 fuerit
2533 5525 2600 5578 de
2641 5538 2752 5593 quo
2785 5521 2859 5576 ait
2910 5520 3148 5574 Paulus:
3191 5512 3500 5571 Accessistis
3529 5507 3596 5561 ad

2030 5617 2158 5673 Sion
2186 5617 2474 5682 montemt‘;
2507 5621 2570 5672 ac
2595 5631 2820 5672 rursus:
2868 5613 2976 5670 Illa
3015 5623 3192 5668 autem
3245 5624 3363 5680 qum
3385 5617 3594 5659 sursum
