  <div class='ocr_page' id='page_1' title='image "/cluster/home/n/w/nwhite01/storage/ocr_20150623/23/mdp.39015078384396/051.png"; bbox 0 0 3948 6286; ppageno 0'>
   <div class='ocr_carea' id='block_1_1' title="bbox 404 222 1947 304">
    <p class='ocr_par' dir='ltr' id='par_1_1' title="bbox 404 222 1947 293">
     <span class='ocr_line' id='line_1_1' title="bbox 404 222 1947 293; baseline 0.008 -12"><span class='ocrx_word' id='word_1_1' title='bbox 404 227 470 281; x_wconf 74' lang='grc' dir='ltr'><strong>ετ</strong></span> <span class='ocrx_word' id='word_1_2' title='bbox 1106 222 1371 286; x_wconf 63' lang='grc' dir='ltr'>πιῖςηοιι</span> <span class='ocrx_word' id='word_1_3' title='bbox 1414 235 1892 292; x_wconf 71' lang='lat' dir='ltr'><strong>CA&#39;JSARIENSIS</strong></span> <span class='ocrx_word' id='word_1_4' title='bbox 1920 235 1947 293; x_wconf 75' lang='grc' dir='ltr'><strong>ί</strong></span> 
     </span>
    </p>
   </div>
   <div class='ocr_carea' id='block_1_2' title="bbox 2054 222 3655 304">
    <p class='ocr_par' dir='ltr' id='par_1_2' title="bbox 2056 237 3655 304">
     <span class='ocr_line' id='line_1_2' title="bbox 2056 237 3655 304; baseline 0.008 -12"><span class='ocrx_word' id='word_1_5' title='bbox 2056 278 2070 292; x_wconf 93' lang='grc'><strong>.</strong></span> <span class='ocrx_word' id='word_1_6' title='bbox 2108 237 2289 293; x_wconf 75' lang='lat' dir='ltr'><strong>PARS</strong></span> <span class='ocrx_word' id='word_1_7' title='bbox 2321 239 2406 294; x_wconf 81' lang='lat' dir='ltr'><strong>Ill.</strong></span> <span class='ocrx_word' id='word_1_8' title='bbox 2442 271 2513 282; x_wconf 94' lang='lat'><em>—</em></span> <span class='ocrx_word' id='word_1_9' title='bbox 2537 243 2944 298; x_wconf 60' lang='lat' dir='ltr'><strong>Euhh&#39;l&#39;lLA.</strong></span> <span class='ocrx_word' id='word_1_10' title='bbox 3591 253 3655 304; x_wconf 55' lang='lat' dir='ltr'><strong>RQ</strong></span> 
     </span>
    </p>
   </div>
   <div class='ocr_carea' id='block_1_3' title="bbox 400 342 1947 439">
    <p class='ocr_par' dir='ltr' id='par_1_3' title="bbox 400 342 1947 427">
     <span class='ocr_line' id='line_1_3' title="bbox 400 342 1947 427; baseline 0.006 -27"><span class='ocrx_word' id='word_1_11' title='bbox 400 353 480 400; x_wconf 76' lang='lat' dir='ltr'><strong>est</strong></span> <span class='ocrx_word' id='word_1_12' title='bbox 506 342 827 413; x_wconf 83' lang='lat' dir='ltr'><strong>Jerusalem,</strong></span> <span class='ocrx_word' id='word_1_13' title='bbox 857 350 1022 405; x_wconf 81' lang='lat' dir='ltr'><strong>libera</strong></span> <span class='ocrx_word' id='word_1_14' title='bbox 1051 362 1127 406; x_wconf 83' lang='lat' dir='ltr'><strong>est</strong></span> <span class='ocrx_word' id='word_1_15' title='bbox 1147 353 1209 417; x_wconf 85' lang='grc'><strong>¹⁰,</strong></span> <span class='ocrx_word' id='word_1_16' title='bbox 1241 355 1509 424; x_wconf 72' lang='lat' dir='ltr'><strong>atquethic</strong></span> <span class='ocrx_word' id='word_1_17' title='bbox 1540 362 1721 411; x_wconf 71' lang='lat' dir='ltr'><strong>tamen</strong></span> <span class='ocrx_word' id='word_1_18' title='bbox 1756 372 1947 427; x_wconf 76' lang='lat' dir='ltr'><strong>regnur</strong></span> 
     </span>
    </p>
   </div>
   <div class='ocr_carea' id='block_1_4' title="bbox 2054 342 3655 439">
    <p class='ocr_par' dir='ltr' id='par_1_4' title="bbox 2097 357 3655 439">
     <span class='ocr_line' id='line_1_4' title="bbox 2097 357 3655 439; baseline 0.006 -24"><span class='ocrx_word' id='word_1_19' title='bbox 2097 357 2494 430; x_wconf 82' lang='grc' dir='ltr'>Ἰερουσαλὴμ</span> <span class='ocrx_word' id='word_1_20' title='bbox 2542 362 2826 433; x_wconf 79' lang='grc' dir='ltr'>ἐλευθέρα</span> <span class='ocrx_word' id='word_1_21' title='bbox 2871 363 3085 433; x_wconf 76' lang='grc' dir='ltr'>ἐστίν,</span> <span class='ocrx_word' id='word_1_22' title='bbox 3147 365 3380 422; x_wconf 75' lang='grc' dir='ltr'>ἐνταῦθά</span> <span class='ocrx_word' id='word_1_23' title='bbox 3428 385 3560 439; x_wconf 65' lang='grc' dir='ltr'>φησι</span> <span class='ocrx_word' id='word_1_24' title='bbox 3592 371 3655 425; x_wconf 73' lang='grc' dir='ltr'>τὰ</span> 
     </span>
    </p>
   </div>
   <div class='ocr_carea' id='block_1_5' title="bbox 405 434 1978 515">
    <p class='ocr_par' dir='ltr' id='par_1_5' title="bbox 405 434 1978 515">
     <span class='ocr_line' id='line_1_5' title="bbox 405 434 1978 515; baseline 0.011 -28"><span class='ocrx_word' id='word_1_25' title='bbox 405 434 512 491; x_wconf 83' lang='lat' dir='ltr'><strong>sibi</strong></span> <span class='ocrx_word' id='word_1_26' title='bbox 536 436 897 492; x_wconf 87' lang='lat' dir='ltr'><strong>constitutum</strong></span> <span class='ocrx_word' id='word_1_27' title='bbox 936 439 1046 507; x_wconf 85' lang='lat' dir='ltr'><strong>ait;</strong></span> <span class='ocrx_word' id='word_1_28' title='bbox 1082 456 1210 510; x_wconf 87' lang='lat' dir='ltr'><strong>pars</strong></span> <span class='ocrx_word' id='word_1_29' title='bbox 1262 459 1396 515; x_wconf 82' lang='lat' dir='ltr'><strong>ergo</strong></span> <span class='ocrx_word' id='word_1_30' title='bbox 1441 461 1693 514; x_wconf 70' lang='lat' dir='ltr'><strong>superna:</strong></span> <span class='ocrx_word' id='word_1_31' title='bbox 1722 446 1978 505; x_wconf 69' lang='lat' dir='ltr'><strong>Ecclesia:</strong></span> 
     </span>
    </p>
   </div>
   <div class='ocr_carea' id='block_1_6' title="bbox 406 524 1978 601">
    <p class='ocr_par' dir='ltr' id='par_1_6' title="bbox 406 524 1978 601">
     <span class='ocr_line' id='line_1_6' title="bbox 406 524 1978 601; baseline 0.01 -24"><span class='ocrx_word' id='word_1_32' title='bbox 406 524 575 581; x_wconf 82' lang='lat' dir='ltr'><strong>fuerit</strong></span> <span class='ocrx_word' id='word_1_33' title='bbox 602 528 764 582; x_wconf 89' lang='lat' dir='ltr'><strong>etiam</strong></span> <span class='ocrx_word' id='word_1_34' title='bbox 813 544 878 583; x_wconf 86' lang='lat' dir='ltr'><strong>ea</strong></span> <span class='ocrx_word' id='word_1_35' title='bbox 909 546 1031 601; x_wconf 72' lang='lat' dir='ltr'><strong>quae</strong></span> <span class='ocrx_word' id='word_1_36' title='bbox 1064 532 1119 587; x_wconf 91' lang='lat' dir='ltr'><strong>in</strong></span> <span class='ocrx_word' id='word_1_37' title='bbox 1170 541 1315 589; x_wconf 90' lang='lat' dir='ltr'><strong>terra</strong></span> <span class='ocrx_word' id='word_1_38' title='bbox 1354 547 1624 601; x_wconf 74' lang='lat' dir='ltr'><strong>versatur,</strong></span> <span class='ocrx_word' id='word_1_39' title='bbox 1665 553 1793 592; x_wconf 90' lang='lat' dir='ltr'><strong>cum</strong></span> <span class='ocrx_word' id='word_1_40' title='bbox 1824 555 1978 594; x_wconf 89' lang='lat' dir='ltr'><strong>eum-</strong></span> 
     </span>
    </p>
   </div>
   <div class='ocr_carea' id='block_1_7' title="bbox 405 616 1976 694">
    <p class='ocr_par' dir='ltr' id='par_1_7' title="bbox 405 616 1976 694">
     <span class='ocr_line' id='line_1_7' title="bbox 405 616 1976 694; baseline 0.011 -25"><span class='ocrx_word' id='word_1_41' title='bbox 405 616 527 671; x_wconf 85' lang='lat' dir='ltr'><strong>dem</strong></span> <span class='ocrx_word' id='word_1_42' title='bbox 574 619 642 673; x_wconf 88' lang='lat' dir='ltr'><strong>ad</strong></span> <span class='ocrx_word' id='word_1_43' title='bbox 676 618 840 676; x_wconf 85' lang='lat' dir='ltr'><strong>ﬁnem</strong></span> <span class='ocrx_word' id='word_1_44' title='bbox 873 622 990 694; x_wconf 87' lang='lat' dir='ltr'><strong>ipsa</strong></span> <span class='ocrx_word' id='word_1_45' title='bbox 1041 626 1358 682; x_wconf 89' lang='lat' dir='ltr'><strong>contendat.</strong></span> <span class='ocrx_word' id='word_1_46' title='bbox 1414 627 1701 694; x_wconf 88' lang='lat' dir='ltr'><strong>Quomodo</strong></span> <span class='ocrx_word' id='word_1_47' title='bbox 1734 639 1914 686; x_wconf 88' lang='lat' dir='ltr'><strong>autem</strong></span> <span class='ocrx_word' id='word_1_48' title='bbox 1945 647 1976 686; x_wconf 92' lang='lat' dir='ltr'><strong>a</strong></span> 
     </span>
    </p>
   </div>
   <div class='ocr_carea' id='block_1_8' title="bbox 402 707 1976 792">
    <p class='ocr_par' dir='ltr' id='par_1_8' title="bbox 402 707 1976 792">
     <span class='ocr_line' id='line_1_8' title="bbox 402 707 1976 792; baseline 0.008 -27"><span class='ocrx_word' id='word_1_49' title='bbox 402 707 563 765; x_wconf 84' lang='lat' dir='ltr'><strong>Patre</strong></span> <span class='ocrx_word' id='word_1_50' title='bbox 594 711 649 764; x_wconf 89' lang='lat' dir='ltr'><strong>in</strong></span> <span class='ocrx_word' id='word_1_51' title='bbox 697 709 827 767; x_wconf 87' lang='lat' dir='ltr'><strong>Sion</strong></span> <span class='ocrx_word' id='word_1_52' title='bbox 864 716 1075 773; x_wconf 69' lang='lat' dir='ltr'><strong>caelesti</strong></span> <span class='ocrx_word' id='word_1_53' title='bbox 1120 720 1454 792; x_wconf 74' lang='lat' dir='ltr'><strong>constitutus</strong></span> <span class='ocrx_word' id='word_1_54' title='bbox 1494 722 1658 776; x_wconf 76' lang='lat' dir='ltr'><strong>fuerit</strong></span> <span class='ocrx_word' id='word_1_55' title='bbox 1685 739 1781 778; x_wconf 81' lang='lat' dir='ltr'><strong>rex</strong></span> <span class='ocrx_word' id='word_1_56' title='bbox 1822 722 1976 777; x_wconf 89' lang='lat' dir='ltr'><strong>Chri-</strong></span> 
     </span>
    </p>
   </div>
   <div class='ocr_carea' id='block_1_9' title="bbox 401 802 1974 881">
    <p class='ocr_par' dir='ltr' id='par_1_9' title="bbox 401 802 1974 881">
     <span class='ocr_line' id='line_1_9' title="bbox 401 802 1974 881; baseline 0.01 -27"><span class='ocrx_word' id='word_1_57' title='bbox 401 811 541 862; x_wconf 86' lang='lat' dir='ltr'><strong>stus,</strong></span> <span class='ocrx_word' id='word_1_58' title='bbox 569 802 873 876; x_wconf 76' lang='lat' dir='ltr'><strong>intelligere</strong></span> <span class='ocrx_word' id='word_1_59' title='bbox 905 808 1052 873; x_wconf 88' lang='lat' dir='ltr'><strong>licet,</strong></span> <span class='ocrx_word' id='word_1_60' title='bbox 1084 812 1228 881; x_wconf 88' lang='lat' dir='ltr'><strong>quod</strong></span> <span class='ocrx_word' id='word_1_61' title='bbox 1259 812 1467 867; x_wconf 87' lang='lat' dir='ltr'><strong>dictum</strong></span> <span class='ocrx_word' id='word_1_62' title='bbox 1507 814 1586 868; x_wconf 88' lang='lat' dir='ltr'>illi</span> <span class='ocrx_word' id='word_1_63' title='bbox 1628 815 1737 870; x_wconf 88' lang='lat' dir='ltr'><strong>sit:</strong></span> <span class='ocrx_word' id='word_1_64' title='bbox 1776 814 1910 870; x_wconf 84' lang='lat' dir='ltr'><strong>Sede</strong></span> <span class='ocrx_word' id='word_1_65' title='bbox 1940 832 1974 870; x_wconf 88' lang='lat' dir='ltr'><strong>a</strong></span> 
     </span>
    </p>
   </div>
   <div class='ocr_carea' id='block_1_10' title="bbox 398 893 1973 972">
    <p class='ocr_par' dir='ltr' id='par_1_10' title="bbox 398 893 1973 972">
     <span class='ocr_line' id='line_1_10' title="bbox 398 893 1973 972; baseline 0.01 -23"><span class='ocrx_word' id='word_1_66' title='bbox 398 893 602 949; x_wconf 70' lang='lat' dir='ltr'><strong>dextris</strong></span> <span class='ocrx_word' id='word_1_67' title='bbox 641 898 792 962; x_wconf 86' lang='lat' dir='ltr'><strong>meis,</strong></span> <span class='ocrx_word' id='word_1_68' title='bbox 826 899 990 955; x_wconf 86' lang='lat' dir='ltr'><strong>donec</strong></span> <span class='ocrx_word' id='word_1_69' title='bbox 1022 919 1213 972; x_wconf 84' lang='lat' dir='ltr'><strong>ponam</strong></span> <span class='ocrx_word' id='word_1_70' title='bbox 1251 906 1493 962; x_wconf 82' lang='lat' dir='ltr'><strong>inimicos</strong></span> <span class='ocrx_word' id='word_1_71' title='bbox 1532 925 1650 963; x_wconf 72' lang='lat' dir='ltr'><strong>tuos</strong></span> <span class='ocrx_word' id='word_1_72' title='bbox 1685 909 1973 964; x_wconf 84' lang='lat' dir='ltr'><strong>scabellum</strong></span> 
     </span>
    </p>
   </div>
   <div class='ocr_carea' id='block_1_11' title="bbox 394 986 1972 1072">
    <p class='ocr_par' dir='ltr' id='par_1_11' title="bbox 394 986 1972 1072">
     <span class='ocr_line' id='line_1_11' title="bbox 394 986 1972 1072; baseline 0.013 -35"><span class='ocrx_word' id='word_1_73' title='bbox 394 986 588 1055; x_wconf 84' lang='lat' dir='ltr'><strong>pedum</strong></span> <span class='ocrx_word' id='word_1_74' title='bbox 623 990 913 1045; x_wconf 79' lang='lat' dir='ltr'><strong>tuorum“.</strong></span> <span class='ocrx_word' id='word_1_75' title='bbox 963 993 1112 1060; x_wconf 88' lang='lat' dir='ltr'><strong>Quos</strong></span> <span class='ocrx_word' id='word_1_76' title='bbox 1143 1012 1338 1068; x_wconf 88' lang='lat' dir='ltr'><strong>nempe</strong></span> <span class='ocrx_word' id='word_1_77' title='bbox 1370 999 1642 1065; x_wconf 88' lang='lat' dir='ltr'><strong>inimicos,</strong></span> <span class='ocrx_word' id='word_1_78' title='bbox 1668 1001 1773 1056; x_wconf 83' lang='lat' dir='ltr'><strong>nisi</strong></span> <span class='ocrx_word' id='word_1_79' title='bbox 1807 1018 1972 1072; x_wconf 85' lang='lat' dir='ltr'><strong>supra</strong></span> 
     </span>
    </p>
   </div>
   <div class='ocr_carea' id='block_1_12' title="bbox 395 1086 1973 1160">
    <p class='ocr_par' dir='ltr' id='par_1_12' title="bbox 395 1086 1973 1160">
     <span class='ocr_line' id='line_1_12' title="bbox 395 1086 1973 1160; baseline 0.011 -27"><span class='ocrx_word' id='word_1_80' title='bbox 395 1091 757 1150; x_wconf 86' lang='lat' dir='ltr'><strong>memoratos,</strong></span> <span class='ocrx_word' id='word_1_81' title='bbox 787 1086 879 1154; x_wconf 91' lang='lat' dir='ltr'><strong>qui</strong></span> <span class='ocrx_word' id='word_1_82' title='bbox 912 1090 1228 1160; x_wconf 77' lang='lat' dir='ltr'><strong>congregati</strong></span> <span class='ocrx_word' id='word_1_83' title='bbox 1271 1100 1400 1146; x_wconf 85' lang='lat' dir='ltr'><strong>sunt</strong></span> <span class='ocrx_word' id='word_1_84' title='bbox 1429 1094 1695 1150; x_wconf 90' lang='lat' dir='ltr'><strong>adversus</strong></span> <span class='ocrx_word' id='word_1_85' title='bbox 1725 1110 1871 1159; x_wconf 85' lang='lat' dir='ltr'><strong>eum,</strong></span> <span class='ocrx_word' id='word_1_86' title='bbox 1918 1104 1973 1151; x_wconf 90' lang='lat' dir='ltr'><strong>et</strong></span> 
     </span>
    </p>
   </div>
   <div class='ocr_carea' id='block_1_13' title="bbox 394 1170 1973 1256">
    <p class='ocr_par' dir='ltr' id='par_1_13' title="bbox 394 1170 1973 1256">
     <span class='ocr_line' id='line_1_13' title="bbox 394 1170 1973 1256; baseline 0.011 -34"><span class='ocrx_word' id='word_1_87' title='bbox 394 1170 687 1226; x_wconf 82' lang='lat' dir='ltr'><strong>astiterunt</strong></span> <span class='ocrx_word' id='word_1_88' title='bbox 725 1174 1021 1245; x_wconf 79' lang='lat' dir='ltr'><strong>principes,</strong></span> <span class='ocrx_word' id='word_1_89' title='bbox 1068 1193 1244 1249; x_wconf 87' lang='lat' dir='ltr'><strong>reges,</strong></span> <span class='ocrx_word' id='word_1_90' title='bbox 1287 1190 1477 1252; x_wconf 78' lang='lat' dir='ltr'><strong>gentes</strong></span> <span class='ocrx_word' id='word_1_91' title='bbox 1532 1192 1697 1254; x_wconf 89' lang='lat' dir='ltr'><strong>atque</strong></span> <span class='ocrx_word' id='word_1_92' title='bbox 1746 1185 1973 1256; x_wconf 87' lang='lat' dir='ltr'><strong>populi?</strong></span> 
     </span>
    </p>
   </div>
   <div class='ocr_carea' id='block_1_14' title="bbox 394 1262 1970 1349">
    <p class='ocr_par' dir='ltr' id='par_1_14' title="bbox 394 1262 1970 1349">
     <span class='ocr_line' id='line_1_14' title="bbox 394 1262 1970 1349; baseline 0.011 -32"><span class='ocrx_word' id='word_1_93' title='bbox 394 1262 562 1320; x_wconf 80' lang='lat' dir='ltr'><strong>hosce</strong></span> <span class='ocrx_word' id='word_1_94' title='bbox 589 1266 736 1321; x_wconf 89' lang='lat' dir='ltr'><strong>enim</strong></span> <span class='ocrx_word' id='word_1_95' title='bbox 766 1267 868 1322; x_wconf 87' lang='lat' dir='ltr'><strong>sub</strong></span> <span class='ocrx_word' id='word_1_96' title='bbox 908 1270 1139 1339; x_wconf 87' lang='lat' dir='ltr'><strong>pedibus</strong></span> <span class='ocrx_word' id='word_1_97' title='bbox 1164 1274 1287 1345; x_wconf 84' lang='lat' dir='ltr'><strong>ejus</strong></span> <span class='ocrx_word' id='word_1_98' title='bbox 1312 1276 1730 1331; x_wconf 83' lang='lat' dir='ltr'><strong>substraturum</strong></span> <span class='ocrx_word' id='word_1_99' title='bbox 1758 1294 1818 1334; x_wconf 89' lang='lat' dir='ltr'><strong>se</strong></span> <span class='ocrx_word' id='word_1_100' title='bbox 1841 1294 1970 1349; x_wconf 78' lang='lat' dir='ltr'><strong>pro-</strong></span> 
     </span>
    </p>
   </div>
   <div class='ocr_carea' id='block_1_15' title="bbox 395 1357 770 1414">
    <p class='ocr_par' dir='ltr' id='par_1_15' title="bbox 395 1357 770 1414">
     <span class='ocr_line' id='line_1_15' title="bbox 395 1357 770 1414; baseline 0.003 -3"><span class='ocrx_word' id='word_1_101' title='bbox 395 1357 546 1413; x_wconf 84' lang='lat' dir='ltr'><strong>misit</strong></span> <span class='ocrx_word' id='word_1_102' title='bbox 587 1359 770 1414; x_wconf 88' lang='lat' dir='ltr'><strong>Pater.</strong></span> 
     </span>
    </p>
   </div>
   <div class='ocr_carea' id='block_1_16' title="bbox 468 1447 1965 1517">
    <p class='ocr_par' dir='ltr' id='par_1_16' title="bbox 468 1447 1965 1517">
     <span class='ocr_line' id='line_1_16' title="bbox 468 1447 1965 1517; baseline 0.009 -14"><span class='ocrx_word' id='word_1_103' title='bbox 468 1447 633 1506; x_wconf 75' lang='lat' dir='ltr'><strong>Vens.</strong></span> <span class='ocrx_word' id='word_1_104' title='bbox 666 1453 719 1507; x_wconf 90' lang='lat'><strong>7.</strong></span> <span class='ocrx_word' id='word_1_105' title='bbox 758 1453 1015 1509; x_wconf 80' lang='lat' dir='ltr'><strong>Dominus</strong></span> <span class='ocrx_word' id='word_1_106' title='bbox 1060 1457 1198 1509; x_wconf 72' lang='lat' dir='ltr'><strong>dixit</strong></span> <span class='ocrx_word' id='word_1_107' title='bbox 1239 1456 1310 1509; x_wconf 89' lang='lat' dir='ltr'><strong>ad</strong></span> <span class='ocrx_word' id='word_1_108' title='bbox 1356 1474 1470 1512; x_wconf 87' lang='lat' dir='ltr'><strong>me:</strong></span> <span class='ocrx_word' id='word_1_109' title='bbox 1515 1457 1691 1514; x_wconf 79' lang='lat' dir='ltr'><strong>Filius</strong></span> <span class='ocrx_word' id='word_1_110' title='bbox 1727 1477 1872 1516; x_wconf 81' lang='lat' dir='ltr'><strong>meus</strong></span> <span class='ocrx_word' id='word_1_111' title='bbox 1911 1478 1965 1517; x_wconf 80' lang='lat' dir='ltr'><strong>es</strong></span> 
     </span>
    </p>
   </div>
   <div class='ocr_carea' id='block_1_17' title="bbox 2085 448 3654 531">
    <p class='ocr_par' dir='ltr' id='par_1_17' title="bbox 2085 448 3654 531">
     <span class='ocr_line' id='line_1_17' title="bbox 2085 448 3654 531; baseline 0.01 -29"><span class='ocrx_word' id='word_1_112' title='bbox 2085 448 2335 519; x_wconf 87' lang='grc' dir='ltr'>βασίλεια</span> <span class='ocrx_word' id='word_1_113' title='bbox 2387 451 2538 523; x_wconf 79' lang='grc' dir='ltr'>αὑτῷ</span> <span class='ocrx_word' id='word_1_114' title='bbox 2598 454 2947 509; x_wconf 73' lang='grc' dir='ltr'><strong>συνεστάναι⁵</strong></span> <span class='ocrx_word' id='word_1_115' title='bbox 3014 457 3179 529; x_wconf 81' lang='grc' dir='ltr'>μέρος</span> <span class='ocrx_word' id='word_1_116' title='bbox 3228 459 3272 511; x_wconf 82' lang='grc' dir='ltr'>δ’</span> <span class='ocrx_word' id='word_1_117' title='bbox 3306 459 3371 514; x_wconf 88' lang='grc' dir='ltr'><strong>ἂν</strong></span> <span class='ocrx_word' id='word_1_118' title='bbox 3411 460 3512 531; x_wconf 87' lang='grc' dir='ltr'><strong>τῆς</strong></span> <span class='ocrx_word' id='word_1_119' title='bbox 3547 463 3654 518; x_wconf 80' lang='grc' dir='ltr'>ἄνω</span> 
     </span>
    </p>
   </div>
   <div class='ocr_carea' id='block_1_18' title="bbox 2097 543 3656 622">
    <p class='ocr_par' dir='ltr' id='par_1_18' title="bbox 2097 543 3656 622">
     <span class='ocr_line' id='line_1_18' title="bbox 2097 543 3656 622; baseline 0.01 -26"><span class='ocrx_word' id='word_1_120' title='bbox 2097 543 2425 615; x_wconf 83' lang='grc' dir='ltr'>Ἐκκλησίας</span> <span class='ocrx_word' id='word_1_121' title='bbox 2459 547 2553 601; x_wconf 77' lang='grc' dir='ltr'><strong>καὶ</strong></span> <span class='ocrx_word' id='word_1_122' title='bbox 2591 550 2624 619; x_wconf 82' lang='grc' dir='ltr'>ἡ</span> <span class='ocrx_word' id='word_1_123' title='bbox 2652 549 2746 602; x_wconf 79' lang='grc' dir='ltr'>ἐπὶ</span> <span class='ocrx_word' id='word_1_124' title='bbox 2770 550 2874 622; x_wconf 85' lang='grc' dir='ltr'><strong>γῆς</strong></span> <span class='ocrx_word' id='word_1_125' title='bbox 2905 553 2988 615; x_wconf 85' lang='grc' dir='ltr'><strong>είς</strong></span> <span class='ocrx_word' id='word_1_126' title='bbox 3017 552 3193 605; x_wconf 81' lang='grc' dir='ltr'>ἐκεῖνο</span> <span class='ocrx_word' id='word_1_127' title='bbox 3216 553 3403 619; x_wconf 85' lang='grc' dir='ltr'><strong>τέλους</strong></span> <span class='ocrx_word' id='word_1_128' title='bbox 3445 556 3538 610; x_wconf 75' lang='grc' dir='ltr'>καὶ</span> <span class='ocrx_word' id='word_1_129' title='bbox 3562 558 3656 611; x_wconf 79' lang='grc' dir='ltr'>αὐ-</span> 
     </span>
    </p>
   </div>
   <div class='ocr_carea' id='block_1_19' title="bbox 2084 640 3651 723">
    <p class='ocr_par' dir='ltr' id='par_1_19' title="bbox 2084 640 3651 723">
     <span class='ocr_line' id='line_1_19' title="bbox 2084 640 3651 723; baseline 0.01 -34"><span class='ocrx_word' id='word_1_130' title='bbox 2084 641 2152 709; x_wconf 86' lang='grc' dir='ltr'>τῇ</span> <span class='ocrx_word' id='word_1_131' title='bbox 2186 640 2489 694; x_wconf 78' lang='grc' dir='ltr'>σπεύδουσα</span> <span class='ocrx_word' id='word_1_132' title='bbox 2521 641 2621 713; x_wconf 86' lang='grc'><strong>(1).</strong></span> <span class='ocrx_word' id='word_1_133' title='bbox 2654 643 2844 706; x_wconf 82' lang='grc' dir='ltr'>Ὅπως</span> <span class='ocrx_word' id='word_1_134' title='bbox 2885 643 2943 697; x_wconf 82' lang='grc' dir='ltr'>δὲ</span> <span class='ocrx_word' id='word_1_135' title='bbox 2968 645 3073 698; x_wconf 81' lang='grc' dir='ltr'>ὑπὸ</span> <span class='ocrx_word' id='word_1_136' title='bbox 3118 645 3212 699; x_wconf 81' lang='grc' dir='ltr'><strong>τοῦ</strong></span> <span class='ocrx_word' id='word_1_137' title='bbox 3242 647 3453 719; x_wconf 83' lang='grc' dir='ltr'>Πατρὸς</span> <span class='ocrx_word' id='word_1_138' title='bbox 3480 652 3536 703; x_wconf 77' lang='grc' dir='ltr'><strong>ἐν</strong></span> <span class='ocrx_word' id='word_1_139' title='bbox 3589 656 3651 723; x_wconf 79' lang='grc' dir='ltr'>τῇ</span> 
     </span>
    </p>
   </div>
   <div class='ocr_carea' id='block_1_20' title="bbox 2078 726 3650 809">
    <p class='ocr_par' dir='ltr' id='par_1_20' title="bbox 2078 726 3650 809">
     <span class='ocr_line' id='line_1_20' title="bbox 2078 726 3650 809; baseline 0.01 -30"><span class='ocrx_word' id='word_1_140' title='bbox 2078 726 2387 803; x_wconf 74' lang='grc' dir='ltr'><strong>ἐπουρανίῳ</strong></span> <span class='ocrx_word' id='word_1_141' title='bbox 2403 731 2539 785; x_wconf 86' lang='grc' dir='ltr'>Σιὼν</span> <span class='ocrx_word' id='word_1_142' title='bbox 2565 733 2871 805; x_wconf 80' lang='grc' dir='ltr'>κατεστάθη</span> <span class='ocrx_word' id='word_1_143' title='bbox 2892 734 3145 804; x_wconf 81' lang='grc' dir='ltr'>βασιλεὺς</span> <span class='ocrx_word' id='word_1_144' title='bbox 3164 740 3192 793; x_wconf 85' lang='grc' dir='ltr'><strong>ὁ</strong></span> <span class='ocrx_word' id='word_1_145' title='bbox 3211 739 3441 809; x_wconf 82' lang='grc' dir='ltr'>Χριστὸς</span> <span class='ocrx_word' id='word_1_146' title='bbox 3462 742 3650 807; x_wconf 78' lang='grc' dir='ltr'>αὐτοῦ,</span> 
     </span>
    </p>
   </div>
   <div class='ocr_carea' id='block_1_21' title="bbox 2078 821 3649 903">
    <p class='ocr_par' dir='ltr' id='par_1_21' title="bbox 2078 821 3649 903">
     <span class='ocr_line' id='line_1_21' title="bbox 2078 821 3649 903; baseline 0.01 -30"><span class='ocrx_word' id='word_1_147' title='bbox 2078 821 2312 892; x_wconf 86' lang='grc' dir='ltr'>πάρεστι</span> <span class='ocrx_word' id='word_1_148' title='bbox 2338 825 2536 892; x_wconf 90' lang='grc' dir='ltr'>γνῶναι</span> <span class='ocrx_word' id='word_1_149' title='bbox 2568 826 2661 879; x_wconf 75' lang='grc' dir='ltr'>καὶ</span> <span class='ocrx_word' id='word_1_150' title='bbox 2685 826 2793 880; x_wconf 83' lang='grc' dir='ltr'>ἀπὸ</span> <span class='ocrx_word' id='word_1_151' title='bbox 2825 827 2918 882; x_wconf 81' lang='grc' dir='ltr'><strong>τοῦ</strong></span> <span class='ocrx_word' id='word_1_152' title='bbox 2948 827 3198 897; x_wconf 87' lang='grc' dir='ltr'>λέγεσθαι</span> <span class='ocrx_word' id='word_1_153' title='bbox 3228 832 3376 903; x_wconf 76' lang='grc' dir='ltr'><strong>αὐτῴ</strong></span> <span class='ocrx_word' id='word_1_154' title='bbox 3395 849 3408 862; x_wconf 72' lang='grc' dir='ltr'><strong>ο</strong></span> <span class='ocrx_word' id='word_1_155' title='bbox 3454 834 3649 889; x_wconf 82' lang='grc' dir='ltr'><strong>Κάθου</strong></span> 
     </span>
    </p>
   </div>
   <div class='ocr_carea' id='block_1_22' title="bbox 2073 914 3650 992">
    <p class='ocr_par' dir='ltr' id='par_1_22' title="bbox 2073 914 3650 992">
     <span class='ocr_line' id='line_1_22' title="bbox 2073 914 3650 992; baseline 0.008 -24"><span class='ocrx_word' id='word_1_156' title='bbox 2073 917 2141 969; x_wconf 81' lang='grc' dir='ltr'><em>ἐκ</em></span> <span class='ocrx_word' id='word_1_157' title='bbox 2169 914 2382 981; x_wconf 75' lang='grc' dir='ltr'>δεξιῶν</span> <span class='ocrx_word' id='word_1_158' title='bbox 2405 936 2524 987; x_wconf 84' lang='grc' dir='ltr'><strong>μου</strong></span> <span class='ocrx_word' id='word_1_159' title='bbox 2545 958 2558 979; x_wconf 89' lang='grc'><em>,</em></span> <span class='ocrx_word' id='word_1_160' title='bbox 2585 918 2689 985; x_wconf 80' lang='grc' dir='ltr'>ἕως</span> <span class='ocrx_word' id='word_1_161' title='bbox 2723 919 2799 972; x_wconf 78' lang='grc' dir='ltr'>ἂν</span> <span class='ocrx_word' id='word_1_162' title='bbox 2825 917 2907 973; x_wconf 87' lang='grc' dir='ltr'>θῶ</span> <span class='ocrx_word' id='word_1_163' title='bbox 2934 920 3069 987; x_wconf 83' lang='grc' dir='ltr'>τοὺς</span> <span class='ocrx_word' id='word_1_164' title='bbox 3098 921 3349 992; x_wconf 80' lang='grc' dir='ltr'>ἐχθρούς</span> <span class='ocrx_word' id='word_1_165' title='bbox 3373 941 3489 979; x_wconf 86' lang='grc' dir='ltr'><strong>σου</strong></span> <span class='ocrx_word' id='word_1_166' title='bbox 3515 928 3650 981; x_wconf 79' lang='grc' dir='ltr'>ὑπο-</span> 
     </span>
    </p>
   </div>
   <div class='ocr_carea' id='block_1_23' title="bbox 2076 1007 3648 1089">
    <p class='ocr_par' dir='ltr' id='par_1_23' title="bbox 2076 1007 3648 1089">
     <span class='ocr_line' id='line_1_23' title="bbox 2076 1007 3648 1089; baseline 0.008 -28"><span class='ocrx_word' id='word_1_167' title='bbox 2076 1008 2289 1062; x_wconf 81' lang='grc' dir='ltr'>πόδιον</span> <span class='ocrx_word' id='word_1_168' title='bbox 2318 1007 2437 1064; x_wconf 82' lang='grc' dir='ltr'>τῶν</span> <span class='ocrx_word' id='word_1_169' title='bbox 2468 1010 2670 1068; x_wconf 79' lang='grc' dir='ltr'>ποδῶν</span> <span class='ocrx_word' id='word_1_170' title='bbox 2698 1027 2835 1067; x_wconf 89' lang='grc' dir='ltr'>σου.</span> <span class='ocrx_word' id='word_1_171' title='bbox 2894 1013 3085 1078; x_wconf 86' lang='grc' dir='ltr'>Ποίους</span> <span class='ocrx_word' id='word_1_172' title='bbox 3113 1014 3169 1067; x_wconf 82' lang='grc' dir='ltr'><strong>δὲ</strong></span> <span class='ocrx_word' id='word_1_173' title='bbox 3201 1015 3431 1088; x_wconf 78' lang='grc' dir='ltr'>ἐχθροὺς</span> <span class='ocrx_word' id='word_1_174' title='bbox 3458 1018 3490 1089; x_wconf 82' lang='grc' dir='ltr'>ἦ</span> <span class='ocrx_word' id='word_1_175' title='bbox 3523 1021 3648 1084; x_wconf 74' lang='grc' dir='ltr'>τοὺς</span> 
     </span>
    </p>
   </div>
   <div class='ocr_carea' id='block_1_24' title="bbox 2074 1101 3645 1176">
    <p class='ocr_par' dir='ltr' id='par_1_24' title="bbox 2074 1101 3645 1176">
     <span class='ocr_line' id='line_1_24' title="bbox 2074 1101 3645 1176; baseline 0.006 -22"><span class='ocrx_word' id='word_1_176' title='bbox 2074 1101 2506 1173; x_wconf 85' lang='grc' dir='ltr'>προλεχθέντας,</span> <span class='ocrx_word' id='word_1_177' title='bbox 2545 1104 2670 1166; x_wconf 82' lang='grc' dir='ltr'>τοὺς</span> <span class='ocrx_word' id='word_1_178' title='bbox 2697 1102 2760 1176; x_wconf 81' lang='grc' dir='ltr'>δὴ</span> <span class='ocrx_word' id='word_1_179' title='bbox 2801 1103 3163 1175; x_wconf 79' lang='grc' dir='ltr'>συναχθέντας</span> <span class='ocrx_word' id='word_1_180' title='bbox 3210 1108 3331 1160; x_wconf 82' lang='grc' dir='ltr'>κατ’</span> <span class='ocrx_word' id='word_1_181' title='bbox 3356 1109 3519 1162; x_wconf 79' lang='grc' dir='ltr'>αὑτοῦ</span> <span class='ocrx_word' id='word_1_182' title='bbox 3554 1111 3645 1167; x_wconf 78' lang='grc' dir='ltr'>καὶ</span> 
     </span>
    </p>
   </div>
   <div class='ocr_carea' id='block_1_25' title="bbox 2073 1195 3647 1268">
    <p class='ocr_par' dir='ltr' id='par_1_25' title="bbox 2073 1195 3647 1268">
     <span class='ocr_line' id='line_1_25' title="bbox 2073 1195 3647 1268; baseline 0.006 -22"><span class='ocrx_word' id='word_1_183' title='bbox 2073 1195 2454 1265; x_wconf 76' lang='grc' dir='ltr'><strong>παραστάντας</strong></span> <span class='ocrx_word' id='word_1_184' title='bbox 2487 1195 2751 1268; x_wconf 78' lang='grc' dir='ltr'>ἄρχοντας</span> <span class='ocrx_word' id='word_1_185' title='bbox 2778 1197 2872 1251; x_wconf 78' lang='grc' dir='ltr'><strong>καὶ</strong></span> <span class='ocrx_word' id='word_1_186' title='bbox 2897 1196 3153 1267; x_wconf 82' lang='grc' dir='ltr'>βασιλεῖς,</span> <span class='ocrx_word' id='word_1_187' title='bbox 3181 1200 3277 1253; x_wconf 73' lang='grc' dir='ltr'>καὶ</span> <span class='ocrx_word' id='word_1_188' title='bbox 3327 1199 3510 1266; x_wconf 71' lang='grc' dir='ltr'>λαοὺς,</span> <span class='ocrx_word' id='word_1_189' title='bbox 3555 1204 3647 1256; x_wconf 72' lang='grc' dir='ltr'><strong>καὶ</strong></span> 
     </span>
    </p>
   </div>
   <div class='ocr_carea' id='block_1_26' title="bbox 2070 1284 3646 1360">
    <p class='ocr_par' dir='ltr' id='par_1_26' title="bbox 2070 1284 3646 1360">
     <span class='ocr_line' id='line_1_26' title="bbox 2070 1284 3646 1360; baseline 0.007 -22"><span class='ocrx_word' id='word_1_190' title='bbox 2070 1284 2238 1357; x_wconf 80' lang='grc' dir='ltr'>ἔθνη;</span> <span class='ocrx_word' id='word_1_191' title='bbox 2291 1286 2514 1348; x_wconf 82' lang='grc' dir='ltr'><strong>τούτους</strong></span> <span class='ocrx_word' id='word_1_192' title='bbox 2562 1288 2671 1360; x_wconf 82' lang='grc' dir='ltr'><strong>γὰρ</strong></span> <span class='ocrx_word' id='word_1_193' title='bbox 2720 1289 3010 1357; x_wconf 81' lang='grc' dir='ltr'>ὑποτάξειν</span> <span class='ocrx_word' id='word_1_194' title='bbox 3061 1294 3173 1356; x_wconf 85' lang='grc' dir='ltr'>τοῖς</span> <span class='ocrx_word' id='word_1_195' title='bbox 3221 1293 3384 1347; x_wconf 78' lang='grc' dir='ltr'>αὑτοῦ</span> <span class='ocrx_word' id='word_1_196' title='bbox 3431 1297 3585 1350; x_wconf 71' lang='grc' dir='ltr'>ποσὶν</span> <span class='ocrx_word' id='word_1_197' title='bbox 3615 1297 3646 1349; x_wconf 83' lang='grc' dir='ltr'><strong>ὁ</strong></span> 
     </span>
    </p>
   </div>
   <div class='ocr_carea' id='block_1_27' title="bbox 2070 1377 2673 1453">
    <p class='ocr_par' dir='ltr' id='par_1_27' title="bbox 2070 1377 2673 1453">
     <span class='ocr_line' id='line_1_27' title="bbox 2070 1377 2673 1453; baseline 0.008 -22"><span class='ocrx_word' id='word_1_198' title='bbox 2070 1377 2259 1450; x_wconf 85' lang='grc' dir='ltr'>Πατὴρ</span> <span class='ocrx_word' id='word_1_199' title='bbox 2290 1380 2673 1453; x_wconf 78' lang='grc' dir='ltr'>ἐπηγγείλατο.</span> 
     </span>
    </p>
   </div>
   <div class='ocr_carea' id='block_1_28' title="bbox 2137 1470 3646 1548">
    <p class='ocr_par' dir='ltr' id='par_1_28' title="bbox 2137 1470 3646 1548">
     <span class='ocr_line' id='line_1_28' title="bbox 2137 1470 3646 1548; baseline 0.006 -24"><span class='ocrx_word' id='word_1_200' title='bbox 2137 1474 2353 1540; x_wconf 71' lang='grc' dir='ltr'>Κύριος</span> <span class='ocrx_word' id='word_1_201' title='bbox 2398 1470 2530 1527; x_wconf 75' lang='grc' dir='ltr'>εἷπε</span> <span class='ocrx_word' id='word_1_202' title='bbox 2579 1477 2730 1542; x_wconf 69' lang='grc' dir='ltr'>πρὸς</span> <span class='ocrx_word' id='word_1_203' title='bbox 2760 1480 2844 1545; x_wconf 82' lang='grc' dir='ltr'><strong>μέ</strong></span> <span class='ocrx_word' id='word_1_204' title='bbox 2869 1495 2882 1507; x_wconf 84' lang='grc'><em>’</em></span> <span class='ocrx_word' id='word_1_205' title='bbox 2937 1477 3064 1544; x_wconf 85' lang='grc' dir='ltr'><em>Υἱός</em></span> <span class='ocrx_word' id='word_1_206' title='bbox 3097 1495 3217 1547; x_wconf 76' lang='grc' dir='ltr'><strong>μου</strong></span> <span class='ocrx_word' id='word_1_207' title='bbox 3253 1475 3314 1533; x_wconf 77' lang='grc' dir='ltr'>εἴ</span> <span class='ocrx_word' id='word_1_208' title='bbox 3360 1478 3442 1532; x_wconf 87' lang='grc' dir='ltr'>σὺ</span> <span class='ocrx_word' id='word_1_209' title='bbox 3466 1520 3480 1544; x_wconf 92' lang='grc'><em>,</em></span> <span class='ocrx_word' id='word_1_210' title='bbox 3530 1479 3646 1548; x_wconf 74' lang='grc' dir='ltr'><strong>ἐγὼ</strong></span> 
     </span>
    </p>
   </div>
   <div class='ocr_carea' id='block_1_29' title="bbox 392 1543 1947 1642">
    <p class='ocr_par' dir='ltr' id='par_1_29' title="bbox 392 1543 1947 1617">
     <span class='ocr_line' id='line_1_29' title="bbox 392 1543 1947 1617; baseline 0.01 -25"><span class='ocrx_word' id='word_1_211' title='bbox 392 1549 470 1604; x_wconf 86' lang='lat' dir='ltr'><strong>tu,</strong></span> <span class='ocrx_word' id='word_1_212' title='bbox 516 1558 610 1612; x_wconf 84' lang='lat' dir='ltr'><strong>ego</strong></span> <span class='ocrx_word' id='word_1_213' title='bbox 643 1543 798 1601; x_wconf 85' lang='lat' dir='ltr'><strong>hodie</strong></span> <span class='ocrx_word' id='word_1_214' title='bbox 849 1549 1006 1617; x_wconf 82' lang='lat' dir='ltr'><strong>genui</strong></span> <span class='ocrx_word' id='word_1_215' title='bbox 1036 1556 1105 1604; x_wconf 90' lang='lat' dir='ltr'><strong>te.</strong></span> <span class='ocrx_word' id='word_1_216' title='bbox 1153 1546 1309 1613; x_wconf 90' lang='lat' dir='ltr'><strong>Illud,</strong></span> <span class='ocrx_word' id='word_1_217' title='bbox 1363 1550 1536 1615; x_wconf 84' lang='lat' dir='ltr'><strong>hodie,</strong></span> <span class='ocrx_word' id='word_1_218' title='bbox 1584 1568 1781 1608; x_wconf 82' lang='lat' dir='ltr'><strong>nomen</strong></span> <span class='ocrx_word' id='word_1_219' title='bbox 1826 1561 1947 1610; x_wconf 86' lang='lat' dir='ltr'><strong>tem-</strong></span> 
     </span>
    </p>
   </div>
   <div class='ocr_carea' id='block_1_30' title="bbox 2054 1543 3642 1642">
    <p class='ocr_par' dir='ltr' id='par_1_30' title="bbox 2066 1543 3642 1642">
     <span class='ocr_line' id='line_1_30' title="bbox 2066 1543 3642 1642; baseline 0.004 -24"><span class='ocrx_word' id='word_1_220' title='bbox 2066 1563 2331 1633; x_wconf 79' lang='grc' dir='ltr'><strong>σήμερον</strong></span> <span class='ocrx_word' id='word_1_221' title='bbox 2358 1564 2688 1636; x_wconf 78' lang='grc' dir='ltr'>γεγέννηκά</span> <span class='ocrx_word' id='word_1_222' title='bbox 2712 1543 2804 1620; x_wconf 71' lang='grc' dir='ltr'>σε.</span> <span class='ocrx_word' id='word_1_223' title='bbox 2857 1565 2929 1620; x_wconf 80' lang='grc' dir='ltr'>Τὸ</span> <span class='ocrx_word' id='word_1_224' title='bbox 2959 1543 3224 1637; x_wconf 70' lang='grc' dir='ltr'>σήμερον</span> <span class='ocrx_word' id='word_1_225' title='bbox 3250 1569 3419 1641; x_wconf 67' lang='grc' dir='ltr'>ὄνομα</span> <span class='ocrx_word' id='word_1_226' title='bbox 3451 1543 3642 1642; x_wconf 79' lang='grc' dir='ltr'>χρόνου</span> 
     </span>
    </p>
   </div>
   <div class='ocr_carea' id='block_1_31' title="bbox 390 1635 1947 1735">
    <p class='ocr_par' dir='ltr' id='par_1_31' title="bbox 390 1635 1947 1715">
     <span class='ocr_line' id='line_1_31' title="bbox 390 1635 1947 1715; baseline 0.008 -26"><span class='ocrx_word' id='word_1_227' title='bbox 390 1635 541 1703; x_wconf 86' lang='lat' dir='ltr'><strong>poris</strong></span> <span class='ocrx_word' id='word_1_228' title='bbox 586 1649 690 1702; x_wconf 91' lang='lat' dir='ltr'><strong>est,</strong></span> <span class='ocrx_word' id='word_1_229' title='bbox 730 1639 982 1710; x_wconf 85' lang='lat' dir='ltr'><strong>idemque</strong></span> <span class='ocrx_word' id='word_1_230' title='bbox 1025 1641 1292 1712; x_wconf 74' lang='lat' dir='ltr'><strong>signiﬁcat</strong></span> <span class='ocrx_word' id='word_1_231' title='bbox 1335 1650 1498 1714; x_wconf 88' lang='lat' dir='ltr'><strong>atque</strong></span> <span class='ocrx_word' id='word_1_232' title='bbox 1554 1647 1807 1715; x_wconf 65' lang='lat' dir='ltr'><strong>praxsenti</strong></span> <span class='ocrx_word' id='word_1_233' title='bbox 1848 1647 1947 1702; x_wconf 86' lang='lat' dir='ltr'><strong>die.</strong></span> 
     </span>
    </p>
   </div>
   <div class='ocr_carea' id='block_1_32' title="bbox 2054 1635 3641 1735">
    <p class='ocr_par' dir='ltr' id='par_1_32' title="bbox 2067 1635 3641 1735">
     <span class='ocr_line' id='line_1_32' title="bbox 2067 1635 3641 1735; baseline 0.006 -26"><span class='ocrx_word' id='word_1_234' title='bbox 2067 1657 2253 1710; x_wconf 78' lang='grc' dir='ltr'>ἐστίν·</span> <span class='ocrx_word' id='word_1_235' title='bbox 2314 1658 2624 1730; x_wconf 83' lang='grc' dir='ltr'>ίσοδυναμεῖ</span> <span class='ocrx_word' id='word_1_236' title='bbox 2653 1659 2707 1713; x_wconf 81' lang='grc' dir='ltr'>δὲ</span> <span class='ocrx_word' id='word_1_237' title='bbox 2757 1663 2821 1733; x_wconf 82' lang='grc' dir='ltr'>τῇ</span> <span class='ocrx_word' id='word_1_238' title='bbox 2872 1635 3149 1735; x_wconf 61' lang='grc' dir='ltr'>ἐνεστῶσῆ</span> <span class='ocrx_word' id='word_1_239' title='bbox 3178 1635 3397 1734; x_wconf 65' lang='grc' dir='ltr'>ἡμέραι</span> <span class='ocrx_word' id='word_1_240' title='bbox 3451 1635 3641 1735; x_wconf 48' lang='grc' dir='ltr'><strong>ἰἡμέραν.</strong></span> 
     </span>
    </p>
   </div>
   <div class='ocr_carea' id='block_1_33' title="bbox 391 1724 1947 1827">
    <p class='ocr_par' dir='ltr' id='par_1_33' title="bbox 391 1724 1939 1811">
     <span class='ocr_line' id='line_1_33' title="bbox 391 1724 1939 1811; baseline 0.014 -35"><span class='ocrx_word' id='word_1_241' title='bbox 391 1724 516 1783; x_wconf 89' lang='lat' dir='ltr'><strong>Dies</strong></span> <span class='ocrx_word' id='word_1_242' title='bbox 577 1737 759 1785; x_wconf 90' lang='lat' dir='ltr'><strong>autem</strong></span> <span class='ocrx_word' id='word_1_243' title='bbox 810 1741 895 1788; x_wconf 87' lang='lat' dir='ltr'><strong>est</strong></span> <span class='ocrx_word' id='word_1_244' title='bbox 933 1735 1292 1791; x_wconf 88' lang='lat' dir='ltr'><strong>interstitium</strong></span> <span class='ocrx_word' id='word_1_245' title='bbox 1355 1739 1632 1807; x_wconf 86' lang='lat' dir='ltr'><strong>quoddam</strong></span> <span class='ocrx_word' id='word_1_246' title='bbox 1677 1742 1939 1811; x_wconf 77' lang='lat' dir='ltr'><strong>temperis</strong></span> 
     </span>
    </p>
   </div>
   <div class='ocr_carea' id='block_1_34' title="bbox 2054 1724 3641 1827">
    <p class='ocr_par' dir='ltr' id='par_1_34' title="bbox 2063 1724 3641 1827">
     <span class='ocr_line' id='line_1_34' title="bbox 2063 1724 3641 1827; baseline 0.005 -26"><span class='ocrx_word' id='word_1_247' title='bbox 2063 1748 2121 1802; x_wconf 83' lang='grc' dir='ltr'>δὲ</span> <span class='ocrx_word' id='word_1_248' title='bbox 2170 1749 2446 1822; x_wconf 81' lang='grc' dir='ltr'>διάστημά</span> <span class='ocrx_word' id='word_1_249' title='bbox 2489 1724 2544 1805; x_wconf 75' lang='grc' dir='ltr'><strong>τί</strong></span> <span class='ocrx_word' id='word_1_250' title='bbox 2598 1724 2848 1823; x_wconf 63' lang='grc' dir='ltr'>χρονικάν</span> <span class='ocrx_word' id='word_1_251' title='bbox 2883 1753 3020 1807; x_wconf 77' lang='grc' dir='ltr'>ἐστι.</span> <span class='ocrx_word' id='word_1_252' title='bbox 3107 1724 3171 1806; x_wconf 60' lang='grc' dir='ltr'><strong>’ἱί</strong></span> <span class='ocrx_word' id='word_1_253' title='bbox 3199 1724 3303 1807; x_wconf 42' lang='grc' dir='ltr'>οὖν.</span> <span class='ocrx_word' id='word_1_254' title='bbox 3333 1724 3641 1827; x_wconf 33' lang='lat' dir='ltr'><strong>eretur-:95;</strong></span> 
     </span>
    </p>
   </div>
   <div class='ocr_carea' id='block_1_35' title="bbox 387 1815 1947 1918">
    <p class='ocr_par' dir='ltr' id='par_1_35' title="bbox 387 1815 1947 1901">
     <span class='ocr_line' id='line_1_35' title="bbox 387 1815 1947 1901; baseline 0.012 -32"><span class='ocrx_word' id='word_1_255' title='bbox 387 1815 501 1871; x_wconf 86' lang='lat' dir='ltr'><strong>Cur</strong></span> <span class='ocrx_word' id='word_1_256' title='bbox 525 1817 690 1889; x_wconf 88' lang='lat' dir='ltr'><strong>igitur</strong></span> <span class='ocrx_word' id='word_1_257' title='bbox 713 1822 789 1876; x_wconf 87' lang='lat' dir='ltr'><strong>ait</strong></span> <span class='ocrx_word' id='word_1_258' title='bbox 815 1823 891 1878; x_wconf 91' lang='lat' dir='ltr'><strong>illi</strong></span> <span class='ocrx_word' id='word_1_259' title='bbox 924 1823 1220 1882; x_wconf 87' lang='lat' dir='ltr'><strong>Dominus:</strong></span> <span class='ocrx_word' id='word_1_260' title='bbox 1266 1827 1380 1900; x_wconf 89' lang='lat' dir='ltr'><strong>Ego</strong></span> <span class='ocrx_word' id='word_1_261' title='bbox 1408 1829 1565 1885; x_wconf 86' lang='lat' dir='ltr'><strong>hodie</strong></span> <span class='ocrx_word' id='word_1_262' title='bbox 1588 1832 1747 1901; x_wconf 80' lang='lat' dir='ltr'><strong>genui</strong></span> <span class='ocrx_word' id='word_1_263' title='bbox 1787 1830 1874 1886; x_wconf 83' lang='lat' dir='ltr'><strong>te?</strong></span> <span class='ocrx_word' id='word_1_264' title='bbox 1908 1833 1947 1888; x_wconf 69' lang='lat' dir='ltr'><strong>it</strong></span> 
     </span>
    </p>
   </div>
   <div class='ocr_carea' id='block_1_36' title="bbox 2054 1815 3642 1918">
    <p class='ocr_par' dir='ltr' id='par_1_36' title="bbox 2064 1815 3642 1918">
     <span class='ocr_line' id='line_1_36' title="bbox 2064 1815 3642 1918; baseline -0.004 -23"><span class='ocrx_word' id='word_1_265' title='bbox 2064 1843 2226 1896; x_wconf 78' lang='grc' dir='ltr'>αὐτὸν</span> <span class='ocrx_word' id='word_1_266' title='bbox 2246 1845 2274 1896; x_wconf 87' lang='grc' dir='ltr'>ὁ</span> <span class='ocrx_word' id='word_1_267' title='bbox 2303 1815 2506 1916; x_wconf 46' lang='grc' dir='ltr'>κ’δριος</span> <span class='ocrx_word' id='word_1_268' title='bbox 2525 1864 2539 1877; x_wconf 87' lang='grc'>·</span> <span class='ocrx_word' id='word_1_269' title='bbox 2759 1844 3026 1915; x_wconf 80' lang='grc' dir='ltr'><strong>σήμερον</strong></span> <span class='ocrx_word' id='word_1_270' title='bbox 3058 1815 3515 1916; x_wconf 49' lang='grc' dir='ltr'>γεγέννηκὲίσε;</span> <span class='ocrx_word' id='word_1_271' title='bbox 3546 1815 3642 1918; x_wconf 64' lang='grc' dir='ltr'><strong>ὲη-</strong></span> 
     </span>
    </p>
   </div>
   <div class='ocr_carea' id='block_1_37' title="bbox 384 1906 1962 1996">
    <p class='ocr_par' dir='ltr' id='par_1_37' title="bbox 384 1906 1962 1996">
     <span class='ocr_line' id='line_1_37' title="bbox 384 1906 1962 1996; baseline 0.013 -36"><span class='ocrx_word' id='word_1_272' title='bbox 384 1906 643 1966; x_wconf 80' lang='lat' dir='ltr'><strong>videlicet</strong></span> <span class='ocrx_word' id='word_1_273' title='bbox 675 1912 743 1969; x_wconf 91' lang='lat' dir='ltr'><strong>de</strong></span> <span class='ocrx_word' id='word_1_274' title='bbox 774 1918 1058 1987; x_wconf 87' lang='lat' dir='ltr'><strong>temporali</strong></span> <span class='ocrx_word' id='word_1_275' title='bbox 1083 1922 1435 1989; x_wconf 81' lang='lat' dir='ltr'><strong>generatione</strong></span> <span class='ocrx_word' id='word_1_276' title='bbox 1462 1922 1694 1987; x_wconf 89' lang='lat' dir='ltr'><strong>dictum,</strong></span> <span class='ocrx_word' id='word_1_277' title='bbox 1720 1939 1841 1993; x_wconf 66' lang='lat' dir='ltr'><strong>quae</strong></span> <span class='ocrx_word' id='word_1_278' title='bbox 1866 1941 1962 1996; x_wconf 86' lang='lat' dir='ltr'><strong>per</strong></span> 
     </span>
    </p>
   </div>
   <div class='ocr_carea' id='block_1_38' title="bbox 384 2003 1954 2087">
    <p class='ocr_par' dir='ltr' id='par_1_38' title="bbox 384 2003 1954 2087">
     <span class='ocr_line' id='line_1_38' title="bbox 384 2003 1954 2087; baseline 0.011 -33"><span class='ocrx_word' id='word_1_279' title='bbox 384 2003 745 2058; x_wconf 75' lang='lat' dir='ltr'><strong>meonomiam</strong></span> <span class='ocrx_word' id='word_1_280' title='bbox 772 2004 935 2063; x_wconf 78' lang='lat' dir='ltr'><strong>facta.</strong></span> <span class='ocrx_word' id='word_1_281' title='bbox 992 2007 1067 2065; x_wconf 89' lang='lat' dir='ltr'><strong>De</strong></span> <span class='ocrx_word' id='word_1_282' title='bbox 1102 2012 1191 2066; x_wconf 90' lang='lat' dir='ltr'><strong>illa</strong></span> <span class='ocrx_word' id='word_1_283' title='bbox 1222 2028 1460 2084; x_wconf 88' lang='lat' dir='ltr'><strong>namque</strong></span> <span class='ocrx_word' id='word_1_284' title='bbox 1496 2031 1617 2085; x_wconf 76' lang='lat' dir='ltr'><strong>qua:</strong></span> <span class='ocrx_word' id='word_1_285' title='bbox 1657 2015 1775 2071; x_wconf 87' lang='lat' dir='ltr'><strong>sine</strong></span> <span class='ocrx_word' id='word_1_286' title='bbox 1803 2017 1954 2087; x_wconf 87' lang='lat' dir='ltr'><strong>prin-</strong></span> 
     </span>
    </p>
   </div>
   <div class='ocr_carea' id='block_1_39' title="bbox 382 2092 1959 2179">
    <p class='ocr_par' dir='ltr' id='par_1_39' title="bbox 382 2092 1959 2179">
     <span class='ocr_line' id='line_1_39' title="bbox 382 2092 1959 2179; baseline 0.013 -34"><span class='ocrx_word' id='word_1_287' title='bbox 382 2092 529 2162; x_wconf 85' lang='lat' dir='ltr'><strong>cipio</strong></span> <span class='ocrx_word' id='word_1_288' title='bbox 562 2101 668 2158; x_wconf 87' lang='lat' dir='ltr'><strong>est,</strong></span> <span class='ocrx_word' id='word_1_289' title='bbox 698 2097 774 2152; x_wconf 85' lang='lat' dir='ltr'><strong>ait</strong></span> <span class='ocrx_word' id='word_1_290' title='bbox 810 2101 926 2170; x_wconf 70' lang='lat' dir='ltr'><strong>ipse</strong></span> <span class='ocrx_word' id='word_1_291' title='bbox 962 2099 1167 2158; x_wconf 86' lang='lat' dir='ltr'><strong>David:</strong></span> <span class='ocrx_word' id='word_1_292' title='bbox 1222 2103 1306 2157; x_wconf 76' lang='lat' dir='ltr'><strong>Ea:</strong></span> <span class='ocrx_word' id='word_1_293' title='bbox 1333 2115 1481 2160; x_wconf 84' lang='lat' dir='ltr'><strong>utero</strong></span> <span class='ocrx_word' id='word_1_294' title='bbox 1528 2116 1650 2162; x_wconf 82' lang='lat' dir='ltr'><strong>ante</strong></span> <span class='ocrx_word' id='word_1_295' title='bbox 1680 2110 1959 2179; x_wconf 78' lang='lat' dir='ltr'><strong>luciferum</strong></span> 
     </span>
    </p>
   </div>
   <div class='ocr_carea' id='block_1_40' title="bbox 379 2186 1953 2275">
    <p class='ocr_par' dir='ltr' id='par_1_40' title="bbox 379 2186 1953 2275">
     <span class='ocr_line' id='line_1_40' title="bbox 379 2186 1953 2275; baseline 0.015 -39"><span class='ocrx_word' id='word_1_296' title='bbox 379 2186 537 2252; x_wconf 84' lang='lat' dir='ltr'><strong>genui</strong></span> <span class='ocrx_word' id='word_1_297' title='bbox 567 2188 700 2242; x_wconf 82' lang='lat' dir='ltr'><strong>te&quot;.</strong></span> <span class='ocrx_word' id='word_1_298' title='bbox 751 2189 1008 2262; x_wconf 85' lang='lat' dir='ltr'><strong>Gignitur</strong></span> <span class='ocrx_word' id='word_1_299' title='bbox 1038 2202 1219 2249; x_wconf 87' lang='lat' dir='ltr'><strong>autem</strong></span> <span class='ocrx_word' id='word_1_300' title='bbox 1266 2197 1449 2263; x_wconf 84' lang='lat' dir='ltr'><strong>hodie,</strong></span> <span class='ocrx_word' id='word_1_301' title='bbox 1483 2216 1589 2256; x_wconf 90' lang='lat' dir='ltr'><strong>non</strong></span> <span class='ocrx_word' id='word_1_302' title='bbox 1622 2203 1953 2275; x_wconf 84' lang='lat' dir='ltr'><strong>principium</strong></span> 
     </span>
    </p>
   </div>
   <div class='ocr_carea' id='block_1_41' title="bbox 378 2278 1958 2356">
    <p class='ocr_par' dir='ltr' id='par_1_41' title="bbox 378 2278 1958 2356">
     <span class='ocr_line' id='line_1_41' title="bbox 378 2278 1958 2356; baseline 0.013 -25"><span class='ocrx_word' id='word_1_303' title='bbox 378 2278 683 2335; x_wconf 76' lang='lat' dir='ltr'><strong>exsistendi</strong></span> <span class='ocrx_word' id='word_1_304' title='bbox 714 2282 769 2336; x_wconf 89' lang='lat' dir='ltr'><strong>in</strong></span> <span class='ocrx_word' id='word_1_305' title='bbox 795 2292 921 2338; x_wconf 87' lang='lat' dir='ltr'><strong>ortu</strong></span> <span class='ocrx_word' id='word_1_306' title='bbox 952 2287 1252 2356; x_wconf 87' lang='lat' dir='ltr'><strong>accipiens,</strong></span> <span class='ocrx_word' id='word_1_307' title='bbox 1283 2289 1380 2345; x_wconf 91' lang='lat' dir='ltr'><strong>sed</strong></span> <span class='ocrx_word' id='word_1_308' title='bbox 1411 2295 1715 2349; x_wconf 85' lang='lat' dir='ltr'><strong>secundum</strong></span> <span class='ocrx_word' id='word_1_309' title='bbox 1756 2311 1958 2351; x_wconf 87' lang='lat' dir='ltr'><strong>carna-</strong></span> 
     </span>
    </p>
   </div>
   <div class='ocr_carea' id='block_1_42' title="bbox 379 2369 1956 2457">
    <p class='ocr_par' dir='ltr' id='par_1_42' title="bbox 379 2369 1956 2457">
     <span class='ocr_line' id='line_1_42' title="bbox 379 2369 1956 2457; baseline 0.013 -35"><span class='ocrx_word' id='word_1_310' title='bbox 379 2369 487 2423; x_wconf 92' lang='lat' dir='ltr'><strong>lem</strong></span> <span class='ocrx_word' id='word_1_311' title='bbox 531 2374 898 2428; x_wconf 71' lang='lat' dir='ltr'><strong>oeconomiam</strong></span> <span class='ocrx_word' id='word_1_312' title='bbox 935 2375 991 2430; x_wconf 89' lang='lat' dir='ltr'><strong>in</strong></span> <span class='ocrx_word' id='word_1_313' title='bbox 1023 2376 1372 2448; x_wconf 81' lang='lat' dir='ltr'><strong>adoptionem</strong></span> <span class='ocrx_word' id='word_1_314' title='bbox 1397 2385 1641 2441; x_wconf 87' lang='lat' dir='ltr'><strong>veniens.</strong></span> <span class='ocrx_word' id='word_1_315' title='bbox 1697 2386 1765 2440; x_wconf 84' lang='lat' dir='ltr'><strong>Et</strong></span> <span class='ocrx_word' id='word_1_316' title='bbox 1799 2389 1956 2457; x_wconf 90' lang='lat' dir='ltr'><strong>quis-</strong></span> 
     </span>
    </p>
   </div>
   <div class='ocr_carea' id='block_1_43' title="bbox 378 2461 1951 2544">
    <p class='ocr_par' dir='ltr' id='par_1_43' title="bbox 378 2461 1951 2544">
     <span class='ocr_line' id='line_1_43' title="bbox 378 2461 1951 2544; baseline 0.013 -31"><span class='ocrx_word' id='word_1_317' title='bbox 378 2461 508 2530; x_wconf 89' lang='lat' dir='ltr'><strong>quis</strong></span> <span class='ocrx_word' id='word_1_318' title='bbox 558 2461 627 2518; x_wconf 89' lang='lat' dir='ltr'><strong>ab</strong></span> <span class='ocrx_word' id='word_1_319' title='bbox 670 2477 736 2517; x_wconf 90' lang='lat' dir='ltr'><strong>eo</strong></span> <span class='ocrx_word' id='word_1_320' title='bbox 786 2466 987 2536; x_wconf 89' lang='lat' dir='ltr'><strong>accipit</strong></span> <span class='ocrx_word' id='word_1_321' title='bbox 1037 2477 1365 2537; x_wconf 85' lang='lat' dir='ltr'><strong>potestatem</strong></span> <span class='ocrx_word' id='word_1_322' title='bbox 1414 2480 1474 2529; x_wconf 91' lang='lat' dir='ltr'><strong>ut</strong></span> <span class='ocrx_word' id='word_1_323' title='bbox 1520 2474 1664 2532; x_wconf 87' lang='lat' dir='ltr'><strong>ﬁlius</strong></span> <span class='ocrx_word' id='word_1_324' title='bbox 1702 2477 1790 2533; x_wconf 84' lang='lat' dir='ltr'><strong>Dei</strong></span> <span class='ocrx_word' id='word_1_325' title='bbox 1840 2479 1951 2544; x_wconf 83' lang='lat' dir='ltr'><strong>ﬁat,</strong></span> 
     </span>
    </p>
   </div>
   <div class='ocr_carea' id='block_1_44' title="bbox 376 2551 1951 2638">
    <p class='ocr_par' dir='ltr' id='par_1_44' title="bbox 376 2551 1951 2638">
     <span class='ocr_line' id='line_1_44' title="bbox 376 2551 1951 2638; baseline 0.013 -34"><span class='ocrx_word' id='word_1_326' title='bbox 376 2551 596 2620; x_wconf 86' lang='lat' dir='ltr'><strong>quando</strong></span> <span class='ocrx_word' id='word_1_327' title='bbox 624 2551 787 2615; x_wconf 85' lang='lat' dir='ltr'><strong>ﬁlius,</strong></span> <span class='ocrx_word' id='word_1_328' title='bbox 812 2572 908 2626; x_wconf 89' lang='lat' dir='ltr'><strong>per</strong></span> <span class='ocrx_word' id='word_1_329' title='bbox 927 2557 1255 2629; x_wconf 89' lang='lat' dir='ltr'><strong>baptismum</strong></span> <span class='ocrx_word' id='word_1_330' title='bbox 1287 2573 1656 2634; x_wconf 81' lang='lat' dir='ltr'><strong>regeneratus,</strong></span> <span class='ocrx_word' id='word_1_331' title='bbox 1689 2568 1951 2638; x_wconf 79' lang='lat' dir='ltr'><strong>efﬁcitur;</strong></span> 
     </span>
    </p>
   </div>
   <div class='ocr_carea' id='block_1_45' title="bbox 376 2642 1949 2725">
    <p class='ocr_par' dir='ltr' id='par_1_45' title="bbox 376 2642 1949 2725">
     <span class='ocr_line' id='line_1_45' title="bbox 376 2642 1949 2725; baseline 0.014 -30"><span class='ocrx_word' id='word_1_332' title='bbox 376 2642 470 2710; x_wconf 84' lang='lat' dir='ltr'><strong>qui</strong></span> <span class='ocrx_word' id='word_1_333' title='bbox 529 2651 709 2701; x_wconf 89' lang='lat' dir='ltr'><strong>tamen</strong></span> <span class='ocrx_word' id='word_1_334' title='bbox 753 2646 963 2717; x_wconf 91' lang='lat' dir='ltr'><strong>aliquid</strong></span> <span class='ocrx_word' id='word_1_335' title='bbox 1010 2648 1191 2705; x_wconf 83' lang='lat' dir='ltr'><strong>fuerat</strong></span> <span class='ocrx_word' id='word_1_336' title='bbox 1230 2661 1523 2725; x_wconf 86' lang='lat' dir='ltr'><strong>antequam</strong></span> <span class='ocrx_word' id='word_1_337' title='bbox 1585 2657 1728 2714; x_wconf 89' lang='lat' dir='ltr'><strong>ﬁlius</strong></span> <span class='ocrx_word' id='word_1_338' title='bbox 1780 2669 1949 2725; x_wconf 83' lang='lat' dir='ltr'><strong>esset,</strong></span> 
     </span>
    </p>
   </div>
   <div class='ocr_carea' id='block_1_46' title="bbox 375 2735 1949 2817">
    <p class='ocr_par' dir='ltr' id='par_1_46' title="bbox 375 2735 1949 2817">
     <span class='ocr_line' id='line_1_46' title="bbox 375 2735 1949 2817; baseline 0.013 -30"><span class='ocrx_word' id='word_1_339' title='bbox 375 2744 507 2789; x_wconf 89' lang='lat' dir='ltr'><strong>tunc</strong></span> <span class='ocrx_word' id='word_1_340' title='bbox 564 2735 681 2809; x_wconf 88' lang='lat' dir='ltr'><strong>ipse</strong></span> <span class='ocrx_word' id='word_1_341' title='bbox 738 2739 1080 2796; x_wconf 88' lang='lat' dir='ltr'><strong>nobilitatnr.</strong></span> <span class='ocrx_word' id='word_1_342' title='bbox 1131 2742 1343 2799; x_wconf 81' lang='lat' dir='ltr'><strong>Dicitur</strong></span> <span class='ocrx_word' id='word_1_343' title='bbox 1389 2749 1663 2817; x_wconf 89' lang='lat' dir='ltr'><strong>propriam</strong></span> <span class='ocrx_word' id='word_1_344' title='bbox 1695 2750 1949 2808; x_wconf 85' lang='lat' dir='ltr'><strong>Hebraiei</strong></span> 
     </span>
    </p>
   </div>
   <div class='ocr_carea' id='block_1_47' title="bbox 374 2828 1949 2913">
    <p class='ocr_par' dir='ltr' id='par_1_47' title="bbox 374 2828 1949 2913">
     <span class='ocr_line' id='line_1_47' title="bbox 374 2828 1949 2913; baseline 0.013 -34"><span class='ocrx_word' id='word_1_345' title='bbox 374 2834 558 2885; x_wconf 82' lang='lat' dir='ltr'><strong>textus</strong></span> <span class='ocrx_word' id='word_1_346' title='bbox 590 2828 1046 2896; x_wconf 78' lang='lat' dir='ltr'><strong>signiﬁcationem</strong></span> <span class='ocrx_word' id='word_1_347' title='bbox 1077 2851 1199 2892; x_wconf 87' lang='lat' dir='ltr'><strong>esse</strong></span> <span class='ocrx_word' id='word_1_348' title='bbox 1223 2836 1421 2907; x_wconf 67' lang='lat' dir='ltr'><strong>peperi,</strong></span> <span class='ocrx_word' id='word_1_349' title='bbox 1448 2856 1554 2910; x_wconf 89' lang='lat' dir='ltr'><strong>qua</strong></span> <span class='ocrx_word' id='word_1_350' title='bbox 1585 2841 1781 2913; x_wconf 82' lang='lat' dir='ltr'><strong>Aquila</strong></span> <span class='ocrx_word' id='word_1_351' title='bbox 1814 2860 1949 2900; x_wconf 82' lang='lat' dir='ltr'><strong>usus</strong></span> 
     </span>
    </p>
   </div>
   <div class='ocr_carea' id='block_1_48' title="bbox 371 2920 1946 3002">
    <p class='ocr_par' dir='ltr' id='par_1_48' title="bbox 371 2920 1946 3002">
     <span class='ocr_line' id='line_1_48' title="bbox 371 2920 1946 3002; baseline 0.014 -30"><span class='ocrx_word' id='word_1_352' title='bbox 371 2929 476 2976; x_wconf 88' lang='lat' dir='ltr'><strong>est.</strong></span> <span class='ocrx_word' id='word_1_353' title='bbox 530 2920 827 2992; x_wconf 82' lang='lat' dir='ltr'><strong>Apostolus</strong></span> <span class='ocrx_word' id='word_1_354' title='bbox 864 2933 1045 2981; x_wconf 87' lang='lat' dir='ltr'><strong>autem</strong></span> <span class='ocrx_word' id='word_1_355' title='bbox 1097 2928 1449 2999; x_wconf 87' lang='lat' dir='ltr'><strong>legisperitus</strong></span> <span class='ocrx_word' id='word_1_356' title='bbox 1494 2949 1619 2988; x_wconf 84' lang='lat' dir='ltr'><strong>cum</strong></span> <span class='ocrx_word' id='word_1_357' title='bbox 1675 2946 1842 3002; x_wconf 88' lang='lat' dir='ltr'><strong>esset,</strong></span> <span class='ocrx_word' id='word_1_358' title='bbox 1892 2940 1946 2994; x_wconf 93' lang='lat' dir='ltr'><strong>in</strong></span> 
     </span>
    </p>
   </div>
   <div class='ocr_carea' id='block_1_49' title="bbox 370 3010 1945 3097">
    <p class='ocr_par' dir='ltr' id='par_1_49' title="bbox 370 3010 1945 3097">
     <span class='ocr_line' id='line_1_49' title="bbox 370 3010 1945 3097; baseline 0.013 -32"><span class='ocrx_word' id='word_1_359' title='bbox 370 3010 614 3082; x_wconf 89' lang='lat' dir='ltr'><strong>Epistola</strong></span> <span class='ocrx_word' id='word_1_360' title='bbox 643 3013 712 3069; x_wconf 89' lang='lat' dir='ltr'><strong>ad</strong></span> <span class='ocrx_word' id='word_1_361' title='bbox 741 3015 996 3074; x_wconf 70' lang='lat' dir='ltr'><strong>Hebraeos</strong></span> <span class='ocrx_word' id='word_1_362' title='bbox 1031 3018 1386 3093; x_wconf 79' lang='lat' dir='ltr'><strong>Septuaginta</strong></span> <span class='ocrx_word' id='word_1_363' title='bbox 1409 3023 1777 3097; x_wconf 85' lang='lat' dir='ltr'><strong>lnterpretum</strong></span> <span class='ocrx_word' id='word_1_364' title='bbox 1823 3046 1945 3086; x_wconf 89' lang='lat' dir='ltr'><strong>ver-</strong></span> 
     </span>
    </p>
   </div>
   <div class='ocr_carea' id='block_1_50' title="bbox 370 3106 830 3165">
    <p class='ocr_par' dir='ltr' id='par_1_50' title="bbox 370 3106 830 3165">
     <span class='ocr_line' id='line_1_50' title="bbox 370 3106 830 3165; baseline 0.015 -7"><span class='ocrx_word' id='word_1_365' title='bbox 370 3106 525 3160; x_wconf 80' lang='lat' dir='ltr'><strong>sione</strong></span> <span class='ocrx_word' id='word_1_366' title='bbox 558 3122 692 3163; x_wconf 84' lang='lat' dir='ltr'><strong>usus</strong></span> <span class='ocrx_word' id='word_1_367' title='bbox 727 3116 830 3165; x_wconf 88' lang='lat' dir='ltr'><strong>est.</strong></span> 
     </span>
    </p>
   </div>
   <div class='ocr_carea' id='block_1_51' title="bbox 437 3195 1943 3270">
    <p class='ocr_par' dir='ltr' id='par_1_51' title="bbox 437 3195 1943 3270">
     <span class='ocr_line' id='line_1_51' title="bbox 437 3195 1943 3270; baseline 0.013 -20"><span class='ocrx_word' id='word_1_368' title='bbox 437 3195 595 3263; x_wconf 86' lang='lat' dir='ltr'><strong>Quod</strong></span> <span class='ocrx_word' id='word_1_369' title='bbox 629 3206 810 3254; x_wconf 87' lang='lat' dir='ltr'><strong>autem</strong></span> <span class='ocrx_word' id='word_1_370' title='bbox 839 3200 954 3257; x_wconf 66' lang='lat' dir='ltr'><strong>haec</strong></span> <span class='ocrx_word' id='word_1_371' title='bbox 994 3205 1049 3258; x_wconf 89' lang='lat' dir='ltr'><strong>in</strong></span> <span class='ocrx_word' id='word_1_372' title='bbox 1080 3203 1364 3264; x_wconf 87' lang='lat' dir='ltr'><strong>Salvatore</strong></span> <span class='ocrx_word' id='word_1_373' title='bbox 1392 3217 1584 3266; x_wconf 88' lang='lat' dir='ltr'><strong>nostro</strong></span> <span class='ocrx_word' id='word_1_374' title='bbox 1613 3209 1743 3268; x_wconf 80' lang='lat' dir='ltr'><strong>Jesu</strong></span> <span class='ocrx_word' id='word_1_375' title='bbox 1779 3213 1943 3270; x_wconf 50' lang='lat' dir='ltr'><strong>Chri.</strong></span> 
     </span>
    </p>
   </div>
   <div class='ocr_carea' id='block_1_52' title="bbox 370 3292 1943 3375">
    <p class='ocr_par' dir='ltr' id='par_1_52' title="bbox 370 3292 1943 3375">
     <span class='ocr_line' id='line_1_52' title="bbox 370 3292 1943 3375; baseline 0.016 -35"><span class='ocrx_word' id='word_1_376' title='bbox 370 3294 478 3353; x_wconf 79' lang='lat' dir='ltr'><strong>sto,</strong></span> <span class='ocrx_word' id='word_1_377' title='bbox 513 3297 568 3345; x_wconf 91' lang='lat' dir='ltr'><strong>et</strong></span> <span class='ocrx_word' id='word_1_378' title='bbox 593 3305 708 3347; x_wconf 87' lang='lat' dir='ltr'><strong>non</strong></span> <span class='ocrx_word' id='word_1_379' title='bbox 733 3292 788 3347; x_wconf 91' lang='lat' dir='ltr'><strong>in</strong></span> <span class='ocrx_word' id='word_1_380' title='bbox 819 3293 949 3363; x_wconf 89' lang='lat' dir='ltr'><strong>alio,</strong></span> <span class='ocrx_word' id='word_1_381' title='bbox 973 3299 1245 3369; x_wconf 86' lang='lat' dir='ltr'><strong>completa</strong></span> <span class='ocrx_word' id='word_1_382' title='bbox 1275 3301 1408 3368; x_wconf 85' lang='lat' dir='ltr'><strong>sint,</strong></span> <span class='ocrx_word' id='word_1_383' title='bbox 1440 3301 1782 3375; x_wconf 85' lang='lat' dir='ltr'><strong>declaratur;</strong></span> <span class='ocrx_word' id='word_1_384' title='bbox 1810 3310 1943 3366; x_wconf 86' lang='lat' dir='ltr'><strong>illud</strong></span> 
     </span>
    </p>
   </div>
   <div class='ocr_carea' id='block_1_53' title="bbox 367 3383 551 3440">
    <p class='ocr_par' dir='ltr' id='par_1_53' title="bbox 367 3383 551 3440">
     <span class='ocr_line' id='line_1_53' title="bbox 367 3383 551 3440; baseline 0.016 -3"><span class='ocrx_word' id='word_1_385' title='bbox 367 3383 513 3437; x_wconf 89' lang='lat' dir='ltr'><strong>enim</strong></span> <span class='ocrx_word' id='word_1_386' title='bbox 537 3403 551 3440; x_wconf 90' lang='lat'><strong>:</strong></span> 
     </span>
    </p>
   </div>
   <div class='ocr_carea' id='block_1_54' title="bbox 436 3472 1953 3558">
    <p class='ocr_par' dir='ltr' id='par_1_54' title="bbox 436 3472 1953 3558">
     <span class='ocr_line' id='line_1_54' title="bbox 436 3472 1953 3558; baseline 0.015 -32"><span class='ocrx_word' id='word_1_387' title='bbox 436 3472 677 3533; x_wconf 54' lang='lat' dir='ltr'><strong>V5333.</strong></span> <span class='ocrx_word' id='word_1_388' title='bbox 712 3475 939 3534; x_wconf 76' lang='lat' dir='ltr'><strong>Postulo</strong></span> <span class='ocrx_word' id='word_1_389' title='bbox 961 3496 1115 3545; x_wconf 88' lang='lat' dir='ltr'><strong>ame,</strong></span> <span class='ocrx_word' id='word_1_390' title='bbox 1155 3491 1206 3536; x_wconf 84' lang='lat' dir='ltr'><strong>et</strong></span> <span class='ocrx_word' id='word_1_391' title='bbox 1243 3483 1381 3540; x_wconf 84' lang='lat' dir='ltr'><strong>dabo</strong></span> <span class='ocrx_word' id='word_1_392' title='bbox 1407 3485 1503 3539; x_wconf 82' lang='lat' dir='ltr'><strong>tibi</strong></span> <span class='ocrx_word' id='word_1_393' title='bbox 1523 3497 1701 3558; x_wconf 79' lang='lat' dir='ltr'><strong>gentes</strong></span> <span class='ocrx_word' id='word_1_394' title='bbox 1726 3489 1953 3547; x_wconf 65' lang='lat' dir='ltr'><strong>[neredi-</strong></span> 
     </span>
    </p>
   </div>
   <div class='ocr_carea' id='block_1_55' title="bbox 366 3573 1939 3654">
    <p class='ocr_par' dir='ltr' id='par_1_55' title="bbox 366 3573 1939 3654">
     <span class='ocr_line' id='line_1_55' title="bbox 366 3573 1939 3654; baseline 0.015 -37"><span class='ocrx_word' id='word_1_395' title='bbox 366 3573 529 3619; x_wconf 89' lang='lat' dir='ltr'><strong>tatem</strong></span> <span class='ocrx_word' id='word_1_396' title='bbox 568 3574 737 3635; x_wconf 85' lang='lat' dir='ltr'><strong>tuam,</strong></span> <span class='ocrx_word' id='word_1_397' title='bbox 763 3579 815 3624; x_wconf 87' lang='lat' dir='ltr'><strong>et</strong></span> <span class='ocrx_word' id='word_1_398' title='bbox 855 3574 1240 3641; x_wconf 82' lang='lat' dir='ltr'><strong>possessionem</strong></span> <span class='ocrx_word' id='word_1_399' title='bbox 1280 3585 1428 3631; x_wconf 85' lang='lat' dir='ltr'><strong>tuam</strong></span> <span class='ocrx_word' id='word_1_400' title='bbox 1472 3582 1724 3638; x_wconf 88' lang='lat' dir='ltr'><strong>terminos</strong></span> <span class='ocrx_word' id='word_1_401' title='bbox 1766 3593 1939 3654; x_wconf 70' lang='lat' dir='ltr'><strong>terra&#39;,</strong></span> 
     </span>
    </p>
   </div>
   <div class='ocr_carea' id='block_1_56' title="bbox 365 3659 1941 3747">
    <p class='ocr_par' dir='ltr' id='par_1_56' title="bbox 365 3659 1941 3747">
     <span class='ocr_line' id='line_1_56' title="bbox 365 3659 1941 3747; baseline 0.013 -35"><span class='ocrx_word' id='word_1_402' title='bbox 365 3673 529 3714; x_wconf 89' lang='lat' dir='ltr'><strong>nemo</strong></span> <span class='ocrx_word' id='word_1_403' title='bbox 548 3659 751 3716; x_wconf 85' lang='lat' dir='ltr'><strong>dixerit</strong></span> <span class='ocrx_word' id='word_1_404' title='bbox 781 3663 837 3717; x_wconf 91' lang='lat' dir='ltr'><strong>in</strong></span> <span class='ocrx_word' id='word_1_405' title='bbox 867 3664 976 3719; x_wconf 89' lang='lat' dir='ltr'><strong>alio</strong></span> <span class='ocrx_word' id='word_1_406' title='bbox 1005 3666 1263 3737; x_wconf 90' lang='lat' dir='ltr'><strong>quopiam</strong></span> <span class='ocrx_word' id='word_1_407' title='bbox 1311 3679 1558 3726; x_wconf 78' lang='lat' dir='ltr'><strong>veterum</strong></span> <span class='ocrx_word' id='word_1_408' title='bbox 1581 3671 1677 3729; x_wconf 92' lang='lat' dir='ltr'><strong>Dei</strong></span> <span class='ocrx_word' id='word_1_409' title='bbox 1705 3676 1941 3747; x_wconf 65' lang='lat' dir='ltr'><strong>prepheo</strong></span> 
     </span>
    </p>
   </div>
   <div class='ocr_carea' id='block_1_57' title="bbox 363 3744 1937 3843">
    <p class='ocr_par' dir='ltr' id='par_1_57' title="bbox 363 3744 1937 3843">
     <span class='ocr_line' id='line_1_57' title="bbox 363 3744 1937 3843; baseline 0.014 -39"><span class='ocrx_word' id='word_1_410' title='bbox 363 3760 542 3806; x_wconf 85' lang='lat' dir='ltr'><strong>tarum</strong></span> <span class='ocrx_word' id='word_1_411' title='bbox 569 3744 745 3809; x_wconf 86' lang='lat' dir='ltr'><strong>visum</strong></span> <span class='ocrx_word' id='word_1_412' title='bbox 768 3770 833 3811; x_wconf 90' lang='lat' dir='ltr'><strong>ae</strong></span> <span class='ocrx_word' id='word_1_413' title='bbox 847 3759 1175 3831; x_wconf 91' lang='lat' dir='ltr'><strong>completum</strong></span> <span class='ocrx_word' id='word_1_414' title='bbox 1196 3776 1338 3820; x_wconf 87' lang='lat' dir='ltr'><strong>esse.</strong></span> <span class='ocrx_word' id='word_1_415' title='bbox 1370 3761 1506 3819; x_wconf 84' lang='lat' dir='ltr'><strong>Nam</strong></span> <span class='ocrx_word' id='word_1_416' title='bbox 1528 3780 1702 3836; x_wconf 89' lang='lat' dir='ltr'><strong>neque</strong></span> <span class='ocrx_word' id='word_1_417' title='bbox 1723 3766 1937 3843; x_wconf 81' lang='lat' dir='ltr'><strong>Moyses</strong></span> 
     </span>
    </p>
   </div>
   <div class='ocr_carea' id='block_1_58' title="bbox 361 3843 1940 3932">
    <p class='ocr_par' dir='ltr' id='par_1_58' title="bbox 361 3843 1940 3932">
     <span class='ocr_line' id='line_1_58' title="bbox 361 3843 1940 3932; baseline 0.014 -36"><span class='ocrx_word' id='word_1_418' title='bbox 361 3843 618 3899; x_wconf 89' lang='lat' dir='ltr'><strong>omnibus</strong></span> <span class='ocrx_word' id='word_1_419' title='bbox 654 3847 910 3917; x_wconf 77' lang='lat' dir='ltr'><strong>gentibus</strong></span> <span class='ocrx_word' id='word_1_420' title='bbox 940 3852 1247 3921; x_wconf 89' lang='lat' dir='ltr'><strong>imperavit,</strong></span> <span class='ocrx_word' id='word_1_421' title='bbox 1295 3870 1474 3927; x_wconf 88' lang='lat' dir='ltr'><strong>neque</strong></span> <span class='ocrx_word' id='word_1_422' title='bbox 1523 3856 1714 3924; x_wconf 83' lang='lat' dir='ltr'><strong>David,</strong></span> <span class='ocrx_word' id='word_1_423' title='bbox 1762 3876 1940 3932; x_wconf 84' lang='lat' dir='ltr'><strong>neque</strong></span> 
     </span>
    </p>
   </div>
   <div class='ocr_carea' id='block_1_59' title="bbox 364 3932 1938 4019">
    <p class='ocr_par' dir='ltr' id='par_1_59' title="bbox 364 3932 1938 4019">
     <span class='ocr_line' id='line_1_59' title="bbox 364 3932 1938 4019; baseline 0.015 -32"><span class='ocrx_word' id='word_1_424' title='bbox 364 3932 646 4002; x_wconf 88' lang='lat' dir='ltr'><strong>Salomon,</strong></span> <span class='ocrx_word' id='word_1_425' title='bbox 680 3954 855 4009; x_wconf 89' lang='lat' dir='ltr'><strong>neque</strong></span> <span class='ocrx_word' id='word_1_426' title='bbox 882 3942 1024 3998; x_wconf 91' lang='lat' dir='ltr'><strong>alius</strong></span> <span class='ocrx_word' id='word_1_427' title='bbox 1045 3946 1316 4013; x_wconf 80' lang='lat' dir='ltr'><strong>quispiam</strong></span> <span class='ocrx_word' id='word_1_428' title='bbox 1345 3961 1535 4003; x_wconf 90' lang='lat' dir='ltr'><strong>eorum</strong></span> <span class='ocrx_word' id='word_1_429' title='bbox 1559 3951 1654 4019; x_wconf 86' lang='lat' dir='ltr'><strong>qui</strong></span> <span class='ocrx_word' id='word_1_430' title='bbox 1682 3965 1713 4005; x_wconf 91' lang='lat' dir='ltr'><strong>a</strong></span> <span class='ocrx_word' id='word_1_431' title='bbox 1737 3955 1938 4010; x_wconf 68' lang='lat' dir='ltr'><strong>smculo</strong></span> 
     </span>
    </p>
   </div>
   <div class='ocr_carea' id='block_1_60' title="bbox 361 4024 1939 4106">
    <p class='ocr_par' dir='ltr' id='par_1_60' title="bbox 361 4024 1939 4106">
     <span class='ocr_line' id='line_1_60' title="bbox 361 4024 1939 4106; baseline 0.013 -27"><span class='ocrx_word' id='word_1_432' title='bbox 361 4024 514 4083; x_wconf 79' lang='lat' dir='ltr'><strong>fuere</strong></span> <span class='ocrx_word' id='word_1_433' title='bbox 540 4030 928 4100; x_wconf 86' lang='lat' dir='ltr'><strong>prophetarum</strong></span> <span class='ocrx_word' id='word_1_434' title='bbox 962 4043 1059 4089; x_wconf 89' lang='lat' dir='ltr'><strong>aut</strong></span> <span class='ocrx_word' id='word_1_435' title='bbox 1090 4051 1320 4106; x_wconf 82' lang='lat' dir='ltr'><strong>regum:</strong></span> <span class='ocrx_word' id='word_1_436' title='bbox 1366 4040 1469 4094; x_wconf 90' lang='lat' dir='ltr'><strong>soli</strong></span> <span class='ocrx_word' id='word_1_437' title='bbox 1517 4049 1703 4097; x_wconf 88' lang='lat' dir='ltr'><strong>autem</strong></span> <span class='ocrx_word' id='word_1_438' title='bbox 1750 4043 1939 4100; x_wconf 88' lang='lat' dir='ltr'><strong>Salva-</strong></span> 
     </span>
    </p>
   </div>
   <div class='ocr_carea' id='block_1_61' title="bbox 359 4117 1929 4206">
    <p class='ocr_par' dir='ltr' id='par_1_61' title="bbox 359 4117 1929 4206">
     <span class='ocr_line' id='line_1_61' title="bbox 359 4117 1929 4206; baseline 0.015 -37"><span class='ocrx_word' id='word_1_439' title='bbox 359 4117 467 4171; x_wconf 77' lang='lat' dir='ltr'><strong>tori</strong></span> <span class='ocrx_word' id='word_1_440' title='bbox 506 4126 697 4175; x_wconf 89' lang='lat' dir='ltr'><strong>nostro</strong></span> <span class='ocrx_word' id='word_1_441' title='bbox 743 4121 859 4176; x_wconf 66' lang='lat' dir='ltr'><strong>brec</strong></span> <span class='ocrx_word' id='word_1_442' title='bbox 888 4134 1199 4195; x_wconf 87' lang='lat' dir='ltr'><strong>competere</strong></span> <span class='ocrx_word' id='word_1_443' title='bbox 1235 4129 1322 4183; x_wconf 87' lang='lat' dir='ltr'><strong>vel</strong></span> <span class='ocrx_word' id='word_1_444' title='bbox 1350 4129 1467 4199; x_wconf 87' lang='lat' dir='ltr'><strong>ipsa</strong></span> <span class='ocrx_word' id='word_1_445' title='bbox 1495 4147 1681 4188; x_wconf 88' lang='lat' dir='ltr'><strong>rerum</strong></span> <span class='ocrx_word' id='word_1_446' title='bbox 1715 4137 1929 4206; x_wconf 88' lang='lat' dir='ltr'><strong>perspi-</strong></span> 
     </span>
    </p>
   </div>
   <div class='ocr_carea' id='block_1_62' title="bbox 356 4207 1935 4287">
    <p class='ocr_par' dir='ltr' id='par_1_62' title="bbox 356 4207 1935 4287">
     <span class='ocr_line' id='line_1_62' title="bbox 356 4207 1935 4287; baseline 0.016 -29"><span class='ocrx_word' id='word_1_447' title='bbox 356 4207 530 4263; x_wconf 87' lang='lat' dir='ltr'><strong>cuitas</strong></span> <span class='ocrx_word' id='word_1_448' title='bbox 551 4210 906 4267; x_wconf 87' lang='lat' dir='ltr'><strong>testiﬁcatur:</strong></span> <span class='ocrx_word' id='word_1_449' title='bbox 935 4216 1378 4287; x_wconf 86' lang='lat' dir='ltr'><strong>quandoquidem</strong></span> <span class='ocrx_word' id='word_1_450' title='bbox 1402 4220 1457 4275; x_wconf 92' lang='lat' dir='ltr'><strong>in</strong></span> <span class='ocrx_word' id='word_1_451' title='bbox 1488 4236 1704 4279; x_wconf 86' lang='lat' dir='ltr'><strong>omnem</strong></span> <span class='ocrx_word' id='word_1_452' title='bbox 1732 4236 1935 4283; x_wconf 86' lang='lat' dir='ltr'><strong>terram</strong></span> 
     </span>
    </p>
   </div>
   <div class='ocr_carea' id='block_1_63' title="bbox 353 4298 1935 4379">
    <p class='ocr_par' dir='ltr' id='par_1_63' title="bbox 353 4298 1935 4379">
     <span class='ocr_line' id='line_1_63' title="bbox 353 4298 1935 4379; baseline 0.016 -26"><span class='ocrx_word' id='word_1_453' title='bbox 353 4298 523 4354; x_wconf 81' lang='lat' dir='ltr'><strong>exivit</strong></span> <span class='ocrx_word' id='word_1_454' title='bbox 543 4316 713 4359; x_wconf 92' lang='lat' dir='ltr'><strong>sonus</strong></span> <span class='ocrx_word' id='word_1_455' title='bbox 744 4308 1121 4374; x_wconf 87' lang='lat' dir='ltr'><strong>apostolorum</strong></span> <span class='ocrx_word' id='word_1_456' title='bbox 1145 4309 1287 4379; x_wconf 85' lang='lat' dir='ltr'><strong>ejus,</strong></span> <span class='ocrx_word' id='word_1_457' title='bbox 1314 4319 1368 4368; x_wconf 87' lang='lat' dir='ltr'><strong>et</strong></span> <span class='ocrx_word' id='word_1_458' title='bbox 1403 4313 1457 4369; x_wconf 92' lang='lat' dir='ltr'><strong>in</strong></span> <span class='ocrx_word' id='word_1_459' title='bbox 1491 4313 1627 4373; x_wconf 88' lang='lat' dir='ltr'><strong>ﬁnes</strong></span> <span class='ocrx_word' id='word_1_460' title='bbox 1651 4318 1803 4374; x_wconf 87' lang='lat' dir='ltr'><strong>orbis</strong></span> <span class='ocrx_word' id='word_1_461' title='bbox 1833 4328 1935 4379; x_wconf 87' lang='lat' dir='ltr'><strong>ter-</strong></span> 
     </span>
    </p>
   </div>
   <div class='ocr_carea' id='block_1_64' title="bbox 351 4393 1251 4465">
    <p class='ocr_par' dir='ltr' id='par_1_64' title="bbox 351 4393 1251 4465">
     <span class='ocr_line' id='line_1_64' title="bbox 351 4393 1251 4465; baseline 0.014 -19"><span class='ocrx_word' id='word_1_462' title='bbox 351 4405 429 4446; x_wconf 71' lang='lat' dir='ltr'><strong>rre</strong></span> <span class='ocrx_word' id='word_1_463' title='bbox 464 4393 631 4450; x_wconf 87' lang='lat' dir='ltr'><strong>verba</strong></span> <span class='ocrx_word' id='word_1_464' title='bbox 658 4410 846 4455; x_wconf 86' lang='lat' dir='ltr'><strong>eorum</strong></span> <span class='ocrx_word' id='word_1_465' title='bbox 878 4401 1251 4465; x_wconf 81' lang='lat' dir='ltr'><strong>pervasere&quot;.</strong></span> 
     </span>
    </p>
   </div>
   <div class='ocr_carea' id='block_1_65' title="bbox 422 4484 1929 4575">
    <p class='ocr_par' dir='ltr' id='par_1_65' title="bbox 422 4484 1929 4575">
     <span class='ocr_line' id='line_1_65' title="bbox 422 4484 1929 4575; baseline 0.015 -36"><span class='ocrx_word' id='word_1_466' title='bbox 422 4484 590 4543; x_wconf 79' lang='lat' dir='ltr'><strong>Vens.</strong></span> <span class='ocrx_word' id='word_1_467' title='bbox 630 4487 685 4544; x_wconf 87' lang='lat'><strong>9.</strong></span> <span class='ocrx_word' id='word_1_468' title='bbox 716 4487 915 4546; x_wconf 72' lang='lat' dir='ltr'><strong>Pasce:</strong></span> <span class='ocrx_word' id='word_1_469' title='bbox 941 4508 1028 4548; x_wconf 80' lang='lat' dir='ltr'><strong>eos</strong></span> <span class='ocrx_word' id='word_1_470' title='bbox 1056 4494 1110 4548; x_wconf 86' lang='lat' dir='ltr'><strong>in</strong></span> <span class='ocrx_word' id='word_1_471' title='bbox 1132 4496 1278 4568; x_wconf 86' lang='lat' dir='ltr'><strong>virga</strong></span> <span class='ocrx_word' id='word_1_472' title='bbox 1299 4498 1496 4569; x_wconf 78' lang='lat' dir='ltr'><strong>ferrea,</strong></span> <span class='ocrx_word' id='word_1_473' title='bbox 1524 4512 1776 4575; x_wconf 85' lang='lat' dir='ltr'><strong>tanquam</strong></span> <span class='ocrx_word' id='word_1_474' title='bbox 1797 4522 1929 4561; x_wconf 84' lang='lat' dir='ltr'><strong>vasa</strong></span> 
     </span>
    </p>
   </div>
   <div class='ocr_carea' id='block_1_66' title="bbox 350 4576 1925 4669">
    <p class='ocr_par' dir='ltr' id='par_1_66' title="bbox 350 4576 1925 4669">
     <span class='ocr_line' id='line_1_66' title="bbox 350 4576 1925 4669; baseline 0.014 -39"><span class='ocrx_word' id='word_1_475' title='bbox 350 4576 504 4649; x_wconf 79' lang='lat' dir='ltr'><strong>ﬁguli</strong></span> <span class='ocrx_word' id='word_1_476' title='bbox 552 4580 852 4654; x_wconf 83' lang='lat' dir='ltr'><strong>confringes</strong></span> <span class='ocrx_word' id='word_1_477' title='bbox 894 4601 1003 4642; x_wconf 83' lang='lat' dir='ltr'><strong>eos.</strong></span> <span class='ocrx_word' id='word_1_478' title='bbox 1033 4585 1269 4659; x_wconf 82' lang='lat' dir='ltr'><strong>Accepta</strong></span> <span class='ocrx_word' id='word_1_479' title='bbox 1313 4592 1367 4646; x_wconf 90' lang='lat' dir='ltr'><strong>in</strong></span> <span class='ocrx_word' id='word_1_480' title='bbox 1409 4608 1602 4651; x_wconf 89' lang='lat' dir='ltr'><strong>omnes</strong></span> <span class='ocrx_word' id='word_1_481' title='bbox 1636 4606 1925 4669; x_wconf 83' lang='lat' dir='ltr'><strong>potestate,</strong></span> 
     </span>
    </p>
   </div>
   <div class='ocr_carea' id='block_1_67' title="bbox 350 4670 1927 4747">
    <p class='ocr_par' dir='ltr' id='par_1_67' title="bbox 350 4670 1927 4747">
     <span class='ocr_line' id='line_1_67' title="bbox 350 4670 1927 4747; baseline 0.015 -24"><span class='ocrx_word' id='word_1_482' title='bbox 350 4670 562 4741; x_wconf 82' lang='lat' dir='ltr'><strong>priores</strong></span> <span class='ocrx_word' id='word_1_483' title='bbox 589 4673 713 4729; x_wconf 90' lang='lat' dir='ltr'><strong>illos</strong></span> <span class='ocrx_word' id='word_1_484' title='bbox 739 4676 835 4746; x_wconf 86' lang='lat' dir='ltr'><strong>qui</strong></span> <span class='ocrx_word' id='word_1_485' title='bbox 865 4677 1155 4736; x_wconf 87' lang='lat' dir='ltr'><strong>adversum</strong></span> <span class='ocrx_word' id='word_1_486' title='bbox 1207 4689 1261 4737; x_wconf 90' lang='lat' dir='ltr'><strong>te</strong></span> <span class='ocrx_word' id='word_1_487' title='bbox 1307 4682 1652 4742; x_wconf 84' lang='lat' dir='ltr'><strong>fremuerunt</strong></span> <span class='ocrx_word' id='word_1_488' title='bbox 1693 4698 1749 4744; x_wconf 90' lang='lat' dir='ltr'><strong>et</strong></span> <span class='ocrx_word' id='word_1_489' title='bbox 1788 4707 1927 4747; x_wconf 86' lang='lat' dir='ltr'><strong>vana</strong></span> 
     </span>
    </p>
   </div>
   <div class='ocr_carea' id='block_1_68' title="bbox 349 4761 1922 4844">
    <p class='ocr_par' dir='ltr' id='par_1_68' title="bbox 349 4761 1922 4844">
     <span class='ocr_line' id='line_1_68' title="bbox 349 4761 1922 4844; baseline 0.015 -27"><span class='ocrx_word' id='word_1_490' title='bbox 349 4761 593 4819; x_wconf 84' lang='lat' dir='ltr'><strong>meditati</strong></span> <span class='ocrx_word' id='word_1_491' title='bbox 618 4774 770 4832; x_wconf 88' lang='lat' dir='ltr'><strong>sunt,</strong></span> <span class='ocrx_word' id='word_1_492' title='bbox 802 4768 898 4823; x_wconf 85' lang='lat' dir='ltr'><strong>sed</strong></span> <span class='ocrx_word' id='word_1_493' title='bbox 937 4771 1103 4827; x_wconf 90' lang='lat' dir='ltr'><strong>etiam</strong></span> <span class='ocrx_word' id='word_1_494' title='bbox 1132 4773 1224 4844; x_wconf 91' lang='lat' dir='ltr'><strong>qui</strong></span> <span class='ocrx_word' id='word_1_495' title='bbox 1267 4776 1584 4844; x_wconf 85' lang='lat' dir='ltr'><strong>astiterunt,</strong></span> <span class='ocrx_word' id='word_1_496' title='bbox 1611 4790 1667 4835; x_wconf 89' lang='lat' dir='ltr'><strong>et</strong></span> <span class='ocrx_word' id='word_1_497' title='bbox 1718 4796 1922 4839; x_wconf 87' lang='lat' dir='ltr'><strong>conve-</strong></span> 
     </span>
    </p>
   </div>
   <div class='ocr_carea' id='block_1_69' title="bbox 348 4857 1921 4944">
    <p class='ocr_par' dir='ltr' id='par_1_69' title="bbox 348 4857 1921 4944">
     <span class='ocr_line' id='line_1_69' title="bbox 348 4857 1921 4944; baseline 0.016 -36"><span class='ocrx_word' id='word_1_498' title='bbox 348 4863 550 4910; x_wconf 86' lang='lat' dir='ltr'><strong>nerunt</strong></span> <span class='ocrx_word' id='word_1_499' title='bbox 567 4857 860 4920; x_wconf 88' lang='lat' dir='ltr'><strong>adversum</strong></span> <span class='ocrx_word' id='word_1_500' title='bbox 882 4868 936 4918; x_wconf 89' lang='lat' dir='ltr'><strong>te</strong></span> <span class='ocrx_word' id='word_1_501' title='bbox 955 4878 1111 4935; x_wconf 90' lang='lat' dir='ltr'><strong>reges</strong></span> <span class='ocrx_word' id='word_1_502' title='bbox 1134 4872 1295 4922; x_wconf 71' lang='lat' dir='ltr'><strong>terrae</strong></span> <span class='ocrx_word' id='word_1_503' title='bbox 1314 4876 1368 4922; x_wconf 90' lang='lat' dir='ltr'><strong>et</strong></span> <span class='ocrx_word' id='word_1_504' title='bbox 1382 4870 1679 4942; x_wconf 86' lang='lat' dir='ltr'><strong>principes,</strong></span> <span class='ocrx_word' id='word_1_505' title='bbox 1703 4889 1921 4944; x_wconf 87' lang='lat' dir='ltr'><strong>pasces,</strong></span> 
     </span>
    </p>
   </div>
   <div class='ocr_carea' id='block_1_70' title="bbox 348 4953 1925 5039">
    <p class='ocr_par' dir='ltr' id='par_1_70' title="bbox 348 4953 1925 5039">
     <span class='ocr_line' id='line_1_70' title="bbox 348 4953 1925 5039; baseline 0.016 -40"><span class='ocrx_word' id='word_1_506' title='bbox 348 4959 456 5001; x_wconf 85' lang='lat' dir='ltr'><strong>non</strong></span> <span class='ocrx_word' id='word_1_507' title='bbox 482 4953 746 5017; x_wconf 88' lang='lat' dir='ltr'><strong>pastorali</strong></span> <span class='ocrx_word' id='word_1_508' title='bbox 784 4964 1197 5015; x_wconf 89' lang='lat' dir='ltr'><strong>mansuetarum</strong></span> <span class='ocrx_word' id='word_1_509' title='bbox 1245 4960 1429 5016; x_wconf 88' lang='lat' dir='ltr'><strong>ovium</strong></span> <span class='ocrx_word' id='word_1_510' title='bbox 1457 4958 1630 5035; x_wconf 74' lang='lat' dir='ltr'><strong>virga,</strong></span> <span class='ocrx_word' id='word_1_511' title='bbox 1659 4983 1780 5039; x_wconf 69' lang='lat' dir='ltr'><strong>quae</strong></span> <span class='ocrx_word' id='word_1_512' title='bbox 1808 4985 1925 5025; x_wconf 85' lang='lat' dir='ltr'><strong>scr-</strong></span> 
     </span>
    </p>
   </div>
   <div class='ocr_carea' id='block_1_71' title="bbox 349 5040 1926 5133">
    <p class='ocr_par' dir='ltr' id='par_1_71' title="bbox 349 5040 1926 5133">
     <span class='ocr_line' id='line_1_71' title="bbox 349 5040 1926 5133; baseline 0.018 -41"><span class='ocrx_word' id='word_1_513' title='bbox 349 5040 606 5097; x_wconf 89' lang='lat' dir='ltr'><strong>monibus</strong></span> <span class='ocrx_word' id='word_1_514' title='bbox 638 5044 1084 5121; x_wconf 86' lang='lat' dir='ltr'><strong>salutaribusque</strong></span> <span class='ocrx_word' id='word_1_515' title='bbox 1120 5052 1431 5125; x_wconf 89' lang='lat' dir='ltr'><strong>disciplinis</strong></span> <span class='ocrx_word' id='word_1_516' title='bbox 1454 5067 1673 5115; x_wconf 87' lang='lat' dir='ltr'><strong>constat</strong></span> <span class='ocrx_word' id='word_1_517' title='bbox 1699 5079 1713 5129; x_wconf 90' lang='lat'><strong>;</strong></span> <span class='ocrx_word' id='word_1_518' title='bbox 1739 5063 1926 5133; x_wconf 82' lang='lat' dir='ltr'><strong>hujus-</strong></span> 
     </span>
    </p>
   </div>
   <div class='ocr_carea' id='block_1_72' title="bbox 345 5132 1921 5227">
    <p class='ocr_par' dir='ltr' id='par_1_72' title="bbox 345 5132 1921 5227">
     <span class='ocr_line' id='line_1_72' title="bbox 345 5132 1921 5227; baseline 0.016 -39"><span class='ocrx_word' id='word_1_519' title='bbox 345 5132 494 5188; x_wconf 90' lang='lat' dir='ltr'><strong>modi</strong></span> <span class='ocrx_word' id='word_1_520' title='bbox 524 5148 762 5206; x_wconf 89' lang='lat' dir='ltr'><strong>namque</strong></span> <span class='ocrx_word' id='word_1_521' title='bbox 791 5139 943 5212; x_wconf 85' lang='lat' dir='ltr'><strong>virga</strong></span> <span class='ocrx_word' id='word_1_522' title='bbox 974 5144 1292 5201; x_wconf 87' lang='lat' dir='ltr'><strong>rationabili</strong></span> <span class='ocrx_word' id='word_1_523' title='bbox 1321 5147 1532 5206; x_wconf 85' lang='lat' dir='ltr'><strong>Christi</strong></span> <span class='ocrx_word' id='word_1_524' title='bbox 1561 5166 1692 5209; x_wconf 84' lang='lat' dir='ltr'><strong>oves</strong></span> <span class='ocrx_word' id='word_1_525' title='bbox 1721 5156 1774 5210; x_wconf 93' lang='lat' dir='ltr'><strong>in</strong></span> <span class='ocrx_word' id='word_1_526' title='bbox 1798 5132 1921 5227; x_wconf 81' lang='lat' dir='ltr'><strong>ejus</strong></span> 
     </span>
    </p>
   </div>
   <div class='ocr_carea' id='block_1_73' title="bbox 345 5228 1921 5315">
    <p class='ocr_par' dir='ltr' id='par_1_73' title="bbox 345 5228 1921 5315">
     <span class='ocr_line' id='line_1_73' title="bbox 345 5228 1921 5315; baseline 0.018 -34"><span class='ocrx_word' id='word_1_527' title='bbox 345 5228 605 5296; x_wconf 78' lang='lat' dir='ltr'><strong>ovilibus,</strong></span> <span class='ocrx_word' id='word_1_528' title='bbox 636 5232 753 5288; x_wconf 85' lang='lat' dir='ltr'><strong>sive</strong></span> <span class='ocrx_word' id='word_1_529' title='bbox 779 5234 833 5290; x_wconf 90' lang='lat' dir='ltr'><strong>in</strong></span> <span class='ocrx_word' id='word_1_530' title='bbox 855 5234 1119 5297; x_wconf 83' lang='lat' dir='ltr'><strong>Ecclesiis</strong></span> <span class='ocrx_word' id='word_1_531' title='bbox 1148 5249 1202 5297; x_wconf 87' lang='lat' dir='ltr'><strong>et</strong></span> <span class='ocrx_word' id='word_1_532' title='bbox 1223 5240 1608 5315; x_wconf 87' lang='lat' dir='ltr'><strong>spiritualibus</strong></span> <span class='ocrx_word' id='word_1_533' title='bbox 1636 5263 1921 5308; x_wconf 88' lang='lat' dir='ltr'><strong>sacrarum</strong></span> 
     </span>
    </p>
   </div>
   <div class='ocr_carea' id='block_1_74' title="bbox 347 5316 1920 5412">
    <p class='ocr_par' dir='ltr' id='par_1_74' title="bbox 347 5316 1920 5412">
     <span class='ocr_line' id='line_1_74' title="bbox 347 5316 1920 5412; baseline 0.015 -38"><span class='ocrx_word' id='word_1_534' title='bbox 347 5316 759 5392; x_wconf 87' lang='lat' dir='ltr'><strong>Scripturarum</strong></span> <span class='ocrx_word' id='word_1_535' title='bbox 782 5330 1027 5398; x_wconf 83' lang='lat' dir='ltr'><strong>pascuis,</strong></span> <span class='ocrx_word' id='word_1_536' title='bbox 1072 5346 1371 5406; x_wconf 84' lang='lat' dir='ltr'><strong>reguntur;</strong></span> <span class='ocrx_word' id='word_1_537' title='bbox 1413 5337 1510 5393; x_wconf 89' lang='lat' dir='ltr'><strong>sed</strong></span> <span class='ocrx_word' id='word_1_538' title='bbox 1535 5338 1591 5393; x_wconf 90' lang='lat' dir='ltr'><strong>in</strong></span> <span class='ocrx_word' id='word_1_539' title='bbox 1613 5340 1766 5412; x_wconf 87' lang='lat' dir='ltr'><strong>virga</strong></span> <span class='ocrx_word' id='word_1_540' title='bbox 1807 5342 1920 5398; x_wconf 84' lang='lat' dir='ltr'><strong>fer-</strong></span> 
     </span>
    </p>
   </div>
   <div class='ocr_carea' id='block_1_75' title="bbox 239 5419 1914 5508">
    <p class='ocr_par' dir='ltr' id='par_1_75' title="bbox 239 5419 1914 5508">
     <span class='ocr_line' id='line_1_75' title="bbox 239 5419 1914 5508; baseline 0.019 -42"><span class='ocrx_word' id='word_1_541' title='bbox 239 5461 242 5465; x_wconf 84' lang='lat'><strong>.</strong></span> <span class='ocrx_word' id='word_1_542' title='bbox 345 5429 471 5483; x_wconf 89' lang='lat' dir='ltr'><strong>rea;</strong></span> <span class='ocrx_word' id='word_1_543' title='bbox 504 5432 612 5488; x_wconf 88' lang='lat' dir='ltr'><strong>qua</strong></span> <span class='ocrx_word' id='word_1_544' title='bbox 635 5425 689 5473; x_wconf 89' lang='lat' dir='ltr'><strong>et</strong></span> <span class='ocrx_word' id='word_1_545' title='bbox 717 5419 840 5479; x_wconf 89' lang='lat' dir='ltr'><strong>illos</strong></span> <span class='ocrx_word' id='word_1_546' title='bbox 866 5432 920 5479; x_wconf 88' lang='lat' dir='ltr'><strong>et</strong></span> <span class='ocrx_word' id='word_1_547' title='bbox 939 5425 1300 5497; x_wconf 81' lang='lat' dir='ltr'><strong>cogitationes</strong></span> <span class='ocrx_word' id='word_1_548' title='bbox 1326 5444 1518 5486; x_wconf 87' lang='lat' dir='ltr'><strong>eorum</strong></span> <span class='ocrx_word' id='word_1_549' title='bbox 1545 5431 1914 5508; x_wconf 78' lang='lat' dir='ltr'><strong>confringere,</strong></span> 
     </span>
    </p>
   </div>
   <div class='ocr_carea' id='block_1_76' title="bbox 1772 5571 2024 5634">
    <p class='ocr_par' dir='ltr' id='par_1_76' title="bbox 1772 5571 2024 5634">
     <span class='ocr_line' id='line_1_76' title="bbox 1772 5571 2024 5634; baseline 0.032 -9"><span class='ocrx_word' id='word_1_550' title='bbox 1772 5571 1901 5631; x_wconf 89' lang='lat' dir='ltr'><strong>ibid.</strong></span> <span class='ocrx_word' id='word_1_551' title='bbox 1970 5578 2024 5634; x_wconf 72' lang='grc'>4.</span> 
     </span>
    </p>
   </div>
   <div class='ocr_carea' id='block_1_77' title="bbox 415 5547 1674 5637">
    <p class='ocr_par' dir='ltr' id='par_1_77' title="bbox 415 5547 1674 5637">
     <span class='ocr_line' id='line_1_77' title="bbox 415 5547 1674 5637; baseline 0.014 -34"><span class='ocrx_word' id='word_1_552' title='bbox 415 5548 462 5581; x_wconf 82' lang='grc'><strong>¹⁰</strong></span> <span class='ocrx_word' id='word_1_553' title='bbox 497 5547 676 5608; x_wconf 78' lang='lat' dir='ltr'><strong>Galat.</strong></span> <span class='ocrx_word' id='word_1_554' title='bbox 710 5568 798 5625; x_wconf 76' lang='lat' dir='ltr'><strong>tv,</strong></span> <span class='ocrx_word' id='word_1_555' title='bbox 825 5553 918 5612; x_wconf 76' lang='grc'><strong>26.</strong></span> <span class='ocrx_word' id='word_1_556' title='bbox 997 5557 1039 5589; x_wconf 81' lang='grc'>¹¹</span> <span class='ocrx_word' id='word_1_557' title='bbox 1081 5555 1223 5615; x_wconf 86' lang='lat' dir='ltr'><strong>Psal.</strong></span> <span class='ocrx_word' id='word_1_558' title='bbox 1246 5574 1370 5637; x_wconf 72' lang='grc' dir='ltr'>σιτ,</span> <span class='ocrx_word' id='word_1_559' title='bbox 1410 5562 1459 5630; x_wconf 87' lang='grc' dir='ltr'><strong>Ι,</strong></span> <span class='ocrx_word' id='word_1_560' title='bbox 1498 5563 1553 5620; x_wconf 77' lang='grc'>2.</span> <span class='ocrx_word' id='word_1_561' title='bbox 1632 5566 1674 5597; x_wconf 84' lang='grc'><strong>¹⁹</strong></span> 
     </span>
    </p>
   </div>
   <div class='ocr_carea' id='block_1_78' title="bbox 2062 1934 3638 2012">
    <p class='ocr_par' dir='ltr' id='par_1_78' title="bbox 2062 1934 3638 2012">
     <span class='ocr_line' id='line_1_78' title="bbox 2062 1934 3638 2012; baseline 0.004 -25"><span class='ocrx_word' id='word_1_562' title='bbox 2062 1934 2235 1989; x_wconf 88' lang='grc' dir='ltr'>λονότι</span> <span class='ocrx_word' id='word_1_563' title='bbox 2290 1938 2419 2007; x_wconf 83' lang='grc' dir='ltr'>περὶ</span> <span class='ocrx_word' id='word_1_564' title='bbox 2476 1938 2576 2009; x_wconf 88' lang='grc' dir='ltr'><strong>τῆς</strong></span> <span class='ocrx_word' id='word_1_565' title='bbox 2636 1939 2893 2011; x_wconf 80' lang='grc' dir='ltr'>χρονικῆς</span> <span class='ocrx_word' id='word_1_566' title='bbox 2943 1938 3044 2012; x_wconf 78' lang='grc' dir='ltr'><strong>ἔφη</strong></span> <span class='ocrx_word' id='word_1_567' title='bbox 3087 1940 3360 2011; x_wconf 85' lang='grc' dir='ltr'>γενήσεως</span> <span class='ocrx_word' id='word_1_568' title='bbox 3389 1940 3486 2009; x_wconf 87' lang='grc' dir='ltr'><strong>τῆς</strong></span> <span class='ocrx_word' id='word_1_569' title='bbox 3517 1941 3638 1994; x_wconf 84' lang='grc' dir='ltr'>κατ’</span> 
     </span>
    </p>
   </div>
   <div class='ocr_carea' id='block_1_79' title="bbox 2038 2025 3640 2101">
    <p class='ocr_par' dir='ltr' id='par_1_79' title="bbox 2038 2025 3640 2101">
     <span class='ocr_line' id='line_1_79' title="bbox 2038 2025 3640 2101; baseline 0.005 -22"><span class='ocrx_word' id='word_1_570' title='bbox 2038 2025 2400 2097; x_wconf 76' lang='grc' dir='ltr'>οἰκονομίαν·</span> <span class='ocrx_word' id='word_1_571' title='bbox 2465 2028 2592 2099; x_wconf 72' lang='grc' dir='ltr'>περὶ</span> <span class='ocrx_word' id='word_1_572' title='bbox 2649 2027 2757 2099; x_wconf 85' lang='grc' dir='ltr'><strong>γὰρ</strong></span> <span class='ocrx_word' id='word_1_573' title='bbox 2808 2029 2907 2100; x_wconf 88' lang='grc' dir='ltr'><strong>τῆς</strong></span> <span class='ocrx_word' id='word_1_574' title='bbox 2936 2030 3171 2101; x_wconf 85' lang='grc' dir='ltr'>ἁνάρχου</span> <span class='ocrx_word' id='word_1_575' title='bbox 3205 2029 3367 2101; x_wconf 78' lang='grc' dir='ltr'>φησὶν</span> <span class='ocrx_word' id='word_1_576' title='bbox 3420 2031 3580 2095; x_wconf 72' lang='grc' dir='ltr'>αὐτὸς</span> <span class='ocrx_word' id='word_1_577' title='bbox 3610 2033 3640 2087; x_wconf 84' lang='grc' dir='ltr'>ὀ</span> 
     </span>
    </p>
   </div>
   <div class='ocr_carea' id='block_1_80' title="bbox 2059 2117 3635 2192">
    <p class='ocr_par' dir='ltr' id='par_1_80' title="bbox 2059 2117 3635 2192">
     <span class='ocr_line' id='line_1_80' title="bbox 2059 2117 3635 2192; baseline 0.005 -23"><span class='ocrx_word' id='word_1_578' title='bbox 2059 2117 2220 2170; x_wconf 78' lang='grc' dir='ltr'><strong>Δαυῖδ</strong></span> <span class='ocrx_word' id='word_1_579' title='bbox 2238 2135 2250 2147; x_wconf 92' lang='grc'><strong>·</strong></span> <span class='ocrx_word' id='word_1_580' title='bbox 2315 2120 2407 2172; x_wconf 81' lang='grc' dir='ltr'><em>Ἐκ</em></span> <span class='ocrx_word' id='word_1_581' title='bbox 2442 2120 2701 2189; x_wconf 73' lang='grc' dir='ltr'>γαστρὸς</span> <span class='ocrx_word' id='word_1_582' title='bbox 2729 2120 2842 2189; x_wconf 83' lang='grc' dir='ltr'>πρὸ</span> <span class='ocrx_word' id='word_1_583' title='bbox 2872 2121 3181 2190; x_wconf 63' lang='grc' dir='ltr'>ἑωσφόρον</span> <span class='ocrx_word' id='word_1_584' title='bbox 3211 2122 3510 2192; x_wconf 74' lang='grc' dir='ltr'>ἑγέννησά</span> <span class='ocrx_word' id='word_1_585' title='bbox 3542 2140 3635 2177; x_wconf 88' lang='grc' dir='ltr'>σε.</span> 
     </span>
    </p>
   </div>
   <div class='ocr_carea' id='block_1_81' title="bbox 2059 2208 3638 2288">
    <p class='ocr_par' dir='ltr' id='par_1_81' title="bbox 2059 2208 3638 2288">
     <span class='ocr_line' id='line_1_81' title="bbox 2059 2208 3638 2288; baseline 0.006 -28"><span class='ocrx_word' id='word_1_586' title='bbox 2059 2208 2099 2260; x_wconf 95' lang='grc' dir='ltr'><strong>Γ</strong></span> <span class='ocrx_word' id='word_1_587' title='bbox 2101 2211 2316 2263; x_wconf 83' lang='grc' dir='ltr'>εννᾶται</span> <span class='ocrx_word' id='word_1_588' title='bbox 2346 2211 2403 2264; x_wconf 85' lang='grc' dir='ltr'>δὲ</span> <span class='ocrx_word' id='word_1_589' title='bbox 2434 2213 2673 2284; x_wconf 84' lang='grc' dir='ltr'><strong>σήμερον</strong></span> <span class='ocrx_word' id='word_1_590' title='bbox 2712 2214 2833 2284; x_wconf 75' lang='grc' dir='ltr'>οὐχὶ</span> <span class='ocrx_word' id='word_1_591' title='bbox 2888 2215 3061 2287; x_wconf 78' lang='grc' dir='ltr'>ἀρχὴν</span> <span class='ocrx_word' id='word_1_592' title='bbox 3098 2216 3406 2279; x_wconf 79' lang='grc' dir='ltr'>συστάσεως</span> <span class='ocrx_word' id='word_1_593' title='bbox 3458 2216 3514 2268; x_wconf 81' lang='grc' dir='ltr'>ἐν</span> <span class='ocrx_word' id='word_1_594' title='bbox 3557 2216 3638 2288; x_wconf 85' lang='grc' dir='ltr'>τῷ</span> 
     </span>
    </p>
   </div>
   <div class='ocr_carea' id='block_1_82' title="bbox 2059 2300 3639 2376">
    <p class='ocr_par' dir='ltr' id='par_1_82' title="bbox 2059 2300 3639 2376">
     <span class='ocr_line' id='line_1_82' title="bbox 2059 2300 3639 2376; baseline 0.005 -25"><span class='ocrx_word' id='word_1_595' title='bbox 2059 2300 2349 2367; x_wconf 83' lang='grc' dir='ltr'>γεννᾶσθαι</span> <span class='ocrx_word' id='word_1_596' title='bbox 2400 2300 2689 2373; x_wconf 81' lang='grc' dir='ltr'>λαμϐάνων</span> <span class='ocrx_word' id='word_1_597' title='bbox 2708 2344 2723 2368; x_wconf 91' lang='grc'><strong><em>,</em></strong></span> <span class='ocrx_word' id='word_1_598' title='bbox 2761 2303 2900 2357; x_wconf 79' lang='grc' dir='ltr'>κατὰ</span> <span class='ocrx_word' id='word_1_599' title='bbox 2935 2304 2991 2358; x_wconf 79' lang='grc' dir='ltr'>δὲ</span> <span class='ocrx_word' id='word_1_600' title='bbox 3017 2304 3115 2376; x_wconf 86' lang='grc' dir='ltr'><strong>τὴν</strong></span> <span class='ocrx_word' id='word_1_601' title='bbox 3138 2305 3404 2376; x_wconf 76' lang='grc' dir='ltr'>σαρκικὴν</span> <span class='ocrx_word' id='word_1_602' title='bbox 3435 2307 3639 2359; x_wconf 78' lang='grc' dir='ltr'><strong>οἰκονο-</strong></span> 
     </span>
    </p>
   </div>
   <div class='ocr_carea' id='block_1_83' title="bbox 2060 2391 3637 2467">
    <p class='ocr_par' dir='ltr' id='par_1_83' title="bbox 2060 2391 3637 2467">
     <span class='ocr_line' id='line_1_83' title="bbox 2060 2391 3637 2467; baseline 0.004 -24"><span class='ocrx_word' id='word_1_603' title='bbox 2060 2391 2188 2460; x_wconf 81' lang='grc' dir='ltr'>μίαν</span> <span class='ocrx_word' id='word_1_604' title='bbox 2218 2393 2299 2454; x_wconf 82' lang='grc' dir='ltr'>εἰς</span> <span class='ocrx_word' id='word_1_605' title='bbox 2321 2392 2592 2446; x_wconf 79' lang='grc' dir='ltr'>υἱοθεσίαν</span> <span class='ocrx_word' id='word_1_606' title='bbox 2620 2393 2809 2448; x_wconf 81' lang='grc' dir='ltr'>ἐλθών.</span> <span class='ocrx_word' id='word_1_607' title='bbox 2845 2395 2954 2449; x_wconf 78' lang='grc' dir='ltr'>Καὶ</span> <span class='ocrx_word' id='word_1_608' title='bbox 2973 2397 3003 2448; x_wconf 81' lang='grc' dir='ltr'>ὁ</span> <span class='ocrx_word' id='word_1_609' title='bbox 3025 2397 3154 2467; x_wconf 86' lang='grc' dir='ltr'>παρ’</span> <span class='ocrx_word' id='word_1_610' title='bbox 3180 2396 3345 2450; x_wconf 79' lang='grc' dir='ltr'>αὐτοῦ</span> <span class='ocrx_word' id='word_1_611' title='bbox 3370 2395 3425 2449; x_wconf 78' lang='grc' dir='ltr'>δὲ</span> <span class='ocrx_word' id='word_1_612' title='bbox 3455 2395 3637 2450; x_wconf 80' lang='grc' dir='ltr'>λαϐὼν</span> 
     </span>
    </p>
   </div>
   <div class='ocr_carea' id='block_1_84' title="bbox 2054 2484 3637 2557">
    <p class='ocr_par' dir='ltr' id='par_1_84' title="bbox 2054 2484 3637 2557">
     <span class='ocr_line' id='line_1_84' title="bbox 2054 2484 3637 2557; baseline 0.005 -22"><span class='ocrx_word' id='word_1_613' title='bbox 2054 2484 2300 2551; x_wconf 78' lang='grc' dir='ltr'>ἐξουσίαν</span> <span class='ocrx_word' id='word_1_614' title='bbox 2325 2484 2512 2539; x_wconf 85' lang='grc' dir='ltr'>τέκνον</span> <span class='ocrx_word' id='word_1_615' title='bbox 2538 2485 2673 2541; x_wconf 88' lang='grc' dir='ltr'><strong>Θεοῦ</strong></span> <span class='ocrx_word' id='word_1_616' title='bbox 2692 2486 2940 2556; x_wconf 84' lang='grc' dir='ltr'>γενέσθαι</span> <span class='ocrx_word' id='word_1_617' title='bbox 2956 2528 2972 2553; x_wconf 84' lang='grc'><em>,</em></span> <span class='ocrx_word' id='word_1_618' title='bbox 2997 2489 3085 2542; x_wconf 78' lang='grc' dir='ltr'>ὅτε</span> <span class='ocrx_word' id='word_1_619' title='bbox 3108 2487 3315 2557; x_wconf 84' lang='grc' dir='ltr'>γίνεται</span> <span class='ocrx_word' id='word_1_620' title='bbox 3335 2489 3522 2543; x_wconf 71' lang='grc' dir='ltr'>τέγνον</span> <span class='ocrx_word' id='word_1_621' title='bbox 3545 2489 3637 2544; x_wconf 81' lang='grc' dir='ltr'>διὰ</span> 
     </span>
    </p>
   </div>
   <div class='ocr_carea' id='block_1_85' title="bbox 2052 2573 3633 2651">
    <p class='ocr_par' dir='ltr' id='par_1_85' title="bbox 2052 2573 3633 2651">
     <span class='ocr_line' id='line_1_85' title="bbox 2052 2573 3633 2651; baseline 0.004 -24"><span class='ocrx_word' id='word_1_622' title='bbox 2052 2573 2147 2627; x_wconf 82' lang='grc' dir='ltr'><strong>τοῦ</strong></span> <span class='ocrx_word' id='word_1_623' title='bbox 2184 2573 2555 2646; x_wconf 73' lang='grc' dir='ltr'>βαπτίσματος</span> <span class='ocrx_word' id='word_1_624' title='bbox 2585 2575 3027 2647; x_wconf 83' lang='grc' dir='ltr'>ἀναγεννώμενος</span> <span class='ocrx_word' id='word_1_625' title='bbox 3055 2617 3071 2642; x_wconf 87' lang='grc'><em>,</em></span> <span class='ocrx_word' id='word_1_626' title='bbox 3102 2576 3288 2651; x_wconf 72' lang='grc' dir='ltr'>ἔτερόν</span> <span class='ocrx_word' id='word_1_627' title='bbox 3316 2596 3367 2632; x_wconf 91' lang='grc' dir='ltr'><strong>τι</strong></span> <span class='ocrx_word' id='word_1_628' title='bbox 3400 2578 3505 2648; x_wconf 84' lang='grc' dir='ltr'><strong>πρὸ</strong></span> <span class='ocrx_word' id='word_1_629' title='bbox 3536 2580 3633 2633; x_wconf 81' lang='grc' dir='ltr'><strong>τοῦ</strong></span> 
     </span>
    </p>
   </div>
   <div class='ocr_carea' id='block_1_86' title="bbox 2051 2659 3719 2741">
    <p class='ocr_par' dir='ltr' id='par_1_86' title="bbox 2051 2659 3719 2741">
     <span class='ocr_line' id='line_1_86' title="bbox 2051 2659 3719 2741; baseline 0.006 -25"><span class='ocrx_word' id='word_1_630' title='bbox 2051 2659 2190 2718; x_wconf 82' lang='grc' dir='ltr'>εἶναι</span> <span class='ocrx_word' id='word_1_631' title='bbox 2223 2663 2411 2718; x_wconf 87' lang='grc' dir='ltr'>τέκνον</span> <span class='ocrx_word' id='word_1_632' title='bbox 2445 2664 2704 2737; x_wconf 81' lang='grc' dir='ltr'>ὑπάρχων</span> <span class='ocrx_word' id='word_1_633' title='bbox 2730 2706 2745 2731; x_wconf 87' lang='grc'><em>,</em></span> <span class='ocrx_word' id='word_1_634' title='bbox 2785 2665 3198 2736; x_wconf 78' lang='grc' dir='ltr'>ὲξευγενίζεται.</span> <span class='ocrx_word' id='word_1_635' title='bbox 3245 2665 3299 2723; x_wconf 82' lang='grc' dir='ltr'>Ὀ</span> <span class='ocrx_word' id='word_1_636' title='bbox 3341 2671 3526 2741; x_wconf 86' lang='grc' dir='ltr'>μέντοι</span> <span class='ocrx_word' id='word_1_637' title='bbox 3566 2688 3632 2741; x_wconf 83' lang='grc' dir='ltr'><strong>γε</strong></span> <span class='ocrx_word' id='word_1_638' title='bbox 3716 2682 3719 2684; x_wconf 83' lang='grc'><em>’</em></span> 
     </span>
    </p>
   </div>
   <div class='ocr_carea' id='block_1_87' title="bbox 2062 2755 3631 2847">
    <p class='ocr_par' dir='ltr' id='par_1_87' title="bbox 2062 2755 3631 2847">
     <span class='ocr_line' id='line_1_87' title="bbox 2062 2755 3631 2847; baseline 0.006 -38"><span class='ocrx_word' id='word_1_639' title='bbox 2062 2755 2313 2827; x_wconf 85' lang='grc' dir='ltr'>Ἑϐραῖος</span> <span class='ocrx_word' id='word_1_640' title='bbox 2346 2756 2562 2826; x_wconf 79' lang='grc' dir='ltr'><strong>ἐλέγετο</strong></span> <span class='ocrx_word' id='word_1_641' title='bbox 2596 2757 2783 2829; x_wconf 81' lang='grc' dir='ltr'>κύριον</span> <span class='ocrx_word' id='word_1_642' title='bbox 2816 2755 2955 2813; x_wconf 80' lang='grc' dir='ltr'>εἶναι</span> <span class='ocrx_word' id='word_1_643' title='bbox 2992 2760 3090 2831; x_wconf 83' lang='grc' dir='ltr'><strong>τῆς</strong></span> <span class='ocrx_word' id='word_1_644' title='bbox 3120 2760 3318 2828; x_wconf 79' lang='grc' dir='ltr'>λέξεως</span> <span class='ocrx_word' id='word_1_645' title='bbox 3345 2804 3360 2828; x_wconf 88' lang='grc'><strong><em>,</em></strong></span> <span class='ocrx_word' id='word_1_646' title='bbox 3396 2763 3631 2847; x_wconf 58' lang='grc' dir='ltr'><strong>ἔτεκοντ</strong></span> 
     </span>
    </p>
   </div>
   <div class='ocr_carea' id='block_1_88' title="bbox 2049 2847 3634 2926">
    <p class='ocr_par' dir='ltr' id='par_1_88' title="bbox 2049 2847 3634 2926">
     <span class='ocr_line' id='line_1_88' title="bbox 2049 2847 3634 2926; baseline 0.006 -26"><span class='ocrx_word' id='word_1_647' title='bbox 2049 2847 2185 2919; x_wconf 84' lang='grc' dir='ltr'>ὅπερ</span> <span class='ocrx_word' id='word_1_648' title='bbox 2206 2848 2299 2901; x_wconf 72' lang='grc' dir='ltr'>καὶ</span> <span class='ocrx_word' id='word_1_649' title='bbox 2330 2848 2561 2913; x_wconf 78' lang='grc' dir='ltr'><strong>Ἀκύλας</strong></span> <span class='ocrx_word' id='word_1_650' title='bbox 2587 2849 2900 2922; x_wconf 76' lang='grc' dir='ltr'>πεποίηκεν.</span> <span class='ocrx_word' id='word_1_651' title='bbox 2944 2848 3002 2904; x_wconf 85' lang='lat'><strong>&#39;0</strong></span> <span class='ocrx_word' id='word_1_652' title='bbox 3024 2851 3082 2905; x_wconf 87' lang='grc' dir='ltr'>δὲ</span> <span class='ocrx_word' id='word_1_653' title='bbox 3115 2853 3453 2921; x_wconf 81' lang='grc' dir='ltr'>Ἀπόστολος,</span> <span class='ocrx_word' id='word_1_654' title='bbox 3479 2873 3634 2926; x_wconf 82' lang='grc' dir='ltr'>νομο-</span> 
     </span>
    </p>
   </div>
   <div class='ocr_carea' id='block_1_89' title="bbox 2052 2938 3631 3020">
    <p class='ocr_par' dir='ltr' id='par_1_89' title="bbox 2052 2938 3631 3020">
     <span class='ocr_line' id='line_1_89' title="bbox 2052 2938 3631 3020; baseline 0.009 -30"><span class='ocrx_word' id='word_1_655' title='bbox 2052 2938 2230 3010; x_wconf 82' lang='grc' dir='ltr'>μαθὴς</span> <span class='ocrx_word' id='word_1_656' title='bbox 2258 2941 2519 3020; x_wconf 79' lang='grc' dir='ltr'>ὑπάργων</span> <span class='ocrx_word' id='word_1_657' title='bbox 2539 2983 2554 3008; x_wconf 92' lang='grc'><em>,</em></span> <span class='ocrx_word' id='word_1_658' title='bbox 2580 2942 2638 2997; x_wconf 80' lang='grc' dir='ltr'><strong>ὲν</strong></span> <span class='ocrx_word' id='word_1_659' title='bbox 2659 2946 2726 3016; x_wconf 79' lang='grc' dir='ltr'>τῇ</span> <span class='ocrx_word' id='word_1_660' title='bbox 2751 2944 2886 3016; x_wconf 74' lang='grc' dir='ltr'>πρὸς</span> <span class='ocrx_word' id='word_1_661' title='bbox 2920 2945 3202 3017; x_wconf 85' lang='grc' dir='ltr'>Ἑϐραίους</span> <span class='ocrx_word' id='word_1_662' title='bbox 3220 2949 3287 3020; x_wconf 81' lang='grc' dir='ltr'>τῇ</span> <span class='ocrx_word' id='word_1_663' title='bbox 3309 2949 3416 3003; x_wconf 89' lang='grc' dir='ltr'><strong>τῶν</strong></span> <span class='ocrx_word' id='word_1_664' title='bbox 3449 2945 3631 3004; x_wconf 81' lang='grc' dir='ltr'>Ἑϐδο-</span> 
     </span>
    </p>
   </div>
   <div class='ocr_carea' id='block_1_90' title="bbox 2052 3018 2610 3103">
    <p class='ocr_par' dir='ltr' id='par_1_90' title="bbox 2052 3018 2610 3103">
     <span class='ocr_line' id='line_1_90' title="bbox 2052 3018 2610 3103; baseline 0.007 -19"><span class='ocrx_word' id='word_1_665' title='bbox 2052 3031 2293 3103; x_wconf 84' lang='grc' dir='ltr'>μήκοντα</span> <span class='ocrx_word' id='word_1_666' title='bbox 2323 3018 2610 3103; x_wconf 80' lang='grc' dir='ltr'>ἐχρήσατο.</span> 
     </span>
    </p>
   </div>
   <div class='ocr_carea' id='block_1_91' title="bbox 2114 3213 3629 3287">
    <p class='ocr_par' dir='ltr' id='par_1_91' title="bbox 2114 3213 3629 3287">
     <span class='ocr_line' id='line_1_91' title="bbox 2114 3213 3629 3287; baseline 0.003 -22"><span class='ocrx_word' id='word_1_667' title='bbox 2114 3213 2224 3267; x_wconf 51' lang='grc' dir='ltr'><strong>Καὶ¹</strong></span> <span class='ocrx_word' id='word_1_668' title='bbox 2255 3213 2338 3268; x_wconf 84' lang='grc' dir='ltr'>ὅτι</span> <span class='ocrx_word' id='word_1_669' title='bbox 2370 3230 2434 3282; x_wconf 89' lang='grc' dir='ltr'><strong>γε</strong></span> <span class='ocrx_word' id='word_1_670' title='bbox 2480 3215 2560 3277; x_wconf 79' lang='grc' dir='ltr'><strong>εἰς</strong></span> <span class='ocrx_word' id='word_1_671' title='bbox 2592 3213 2683 3266; x_wconf 82' lang='grc' dir='ltr'>τὸν</span> <span class='ocrx_word' id='word_1_672' title='bbox 2717 3213 2983 3286; x_wconf 83' lang='grc' dir='ltr'>ἡμέτερον</span> <span class='ocrx_word' id='word_1_673' title='bbox 3016 3214 3243 3285; x_wconf 87' lang='grc' dir='ltr'>Σωτῆρα</span> <span class='ocrx_word' id='word_1_674' title='bbox 3286 3213 3492 3287; x_wconf 84' lang='grc' dir='ltr'>Ἰησοῦν</span> <span class='ocrx_word' id='word_1_675' title='bbox 3536 3215 3629 3271; x_wconf 79' lang='grc' dir='ltr'><strong>τὸν</strong></span> 
     </span>
    </p>
   </div>
   <div class='ocr_carea' id='block_1_92' title="bbox 2042 3304 3627 3379">
    <p class='ocr_par' dir='ltr' id='par_1_92' title="bbox 2042 3304 3627 3379">
     <span class='ocr_line' id='line_1_92' title="bbox 2042 3304 3627 3379; baseline 0.003 -21"><span class='ocrx_word' id='word_1_676' title='bbox 2042 3305 2312 3376; x_wconf 82' lang='grc' dir='ltr'>Χριστὸν,</span> <span class='ocrx_word' id='word_1_677' title='bbox 2365 3307 2461 3359; x_wconf 73' lang='grc' dir='ltr'>καὶ</span> <span class='ocrx_word' id='word_1_678' title='bbox 2513 3305 2614 3358; x_wconf 83' lang='grc' dir='ltr'>οὐκ</span> <span class='ocrx_word' id='word_1_679' title='bbox 2642 3306 2722 3368; x_wconf 80' lang='grc' dir='ltr'><strong>εἰς</strong></span> <span class='ocrx_word' id='word_1_680' title='bbox 2782 3304 2976 3371; x_wconf 82' lang='grc' dir='ltr'>ἄλλον,</span> <span class='ocrx_word' id='word_1_681' title='bbox 3034 3306 3388 3379; x_wconf 83' lang='grc' dir='ltr'>πεπλήρωται</span> <span class='ocrx_word' id='word_1_682' title='bbox 3430 3307 3627 3374; x_wconf 81' lang='grc' dir='ltr'>ταῦτα,</span> 
     </span>
    </p>
   </div>
   <div class='ocr_carea' id='block_1_93' title="bbox 2047 3394 2640 3468">
    <p class='ocr_par' dir='ltr' id='par_1_93' title="bbox 2047 3394 2640 3468">
     <span class='ocr_line' id='line_1_93' title="bbox 2047 3394 2640 3468; baseline 0.003 -21"><span class='ocrx_word' id='word_1_683' title='bbox 2047 3394 2372 3468; x_wconf 81' lang='grc' dir='ltr'>παρίστησι·</span> <span class='ocrx_word' id='word_1_684' title='bbox 2405 3394 2465 3449; x_wconf 79' lang='grc' dir='ltr'>τὸ</span> <span class='ocrx_word' id='word_1_685' title='bbox 2497 3394 2606 3467; x_wconf 86' lang='grc' dir='ltr'><strong>γάρ</strong></span> <span class='ocrx_word' id='word_1_686' title='bbox 2626 3409 2640 3424; x_wconf 82' lang='grc'><strong><em>⁸</em></strong></span> 
     </span>
    </p>
   </div>
   <div class='ocr_carea' id='block_1_94' title="bbox 2110 3485 3630 3558">
    <p class='ocr_par' dir='ltr' id='par_1_94' title="bbox 2110 3485 3630 3558">
     <span class='ocr_line' id='line_1_94' title="bbox 2110 3485 3630 3558; baseline 0 -15"><span class='ocrx_word' id='word_1_687' title='bbox 2110 3488 2359 3557; x_wconf 83' lang='grc' dir='ltr'>Αῑτησαι</span> <span class='ocrx_word' id='word_1_688' title='bbox 2382 3488 2515 3557; x_wconf 75' lang='grc' dir='ltr'>παρ’</span> <span class='ocrx_word' id='word_1_689' title='bbox 2537 3485 2702 3556; x_wconf 83' lang='grc' dir='ltr'>ἐμοῦ,</span> <span class='ocrx_word' id='word_1_690' title='bbox 2725 3486 2824 3543; x_wconf 76' lang='grc' dir='ltr'><strong>καὶ</strong></span> <span class='ocrx_word' id='word_1_691' title='bbox 2843 3485 3013 3542; x_wconf 86' lang='grc' dir='ltr'><strong>δώσω</strong></span> <span class='ocrx_word' id='word_1_692' title='bbox 3043 3505 3141 3543; x_wconf 88' lang='grc' dir='ltr'><strong>σοι</strong></span> <span class='ocrx_word' id='word_1_693' title='bbox 3166 3488 3310 3557; x_wconf 78' lang='grc' dir='ltr'><strong>ἔθνη</strong></span> <span class='ocrx_word' id='word_1_694' title='bbox 3342 3488 3457 3557; x_wconf 76' lang='grc' dir='ltr'><strong>τὴν</strong></span> <span class='ocrx_word' id='word_1_695' title='bbox 3487 3492 3630 3558; x_wconf 75' lang='grc' dir='ltr'><strong>κλη-</strong></span> 
     </span>
    </p>
   </div>
   <div class='ocr_carea' id='block_1_95' title="bbox 2031 3579 3627 3651">
    <p class='ocr_par' dir='ltr' id='par_1_95' title="bbox 2031 3579 3627 3651">
     <span class='ocr_line' id='line_1_95' title="bbox 2031 3579 3627 3651; baseline -0.001 -16"><span class='ocrx_word' id='word_1_696' title='bbox 2031 3583 2323 3651; x_wconf 78' lang='grc' dir='ltr'>ρονομίαν</span> <span class='ocrx_word' id='word_1_697' title='bbox 2342 3596 2478 3646; x_wconf 89' lang='grc' dir='ltr'>σου,</span> <span class='ocrx_word' id='word_1_698' title='bbox 2503 3582 2598 3636; x_wconf 77' lang='grc' dir='ltr'><strong>καὶ</strong></span> <span class='ocrx_word' id='word_1_699' title='bbox 2624 3581 2738 3650; x_wconf 79' lang='grc' dir='ltr'><strong>τὴν</strong></span> <span class='ocrx_word' id='word_1_700' title='bbox 2756 3579 3132 3649; x_wconf 64' lang='grc' dir='ltr'>κατάσχεσῶθ</span> <span class='ocrx_word' id='word_1_701' title='bbox 3158 3597 3275 3634; x_wconf 91' lang='grc' dir='ltr'><strong>σου</strong></span> <span class='ocrx_word' id='word_1_702' title='bbox 3304 3579 3375 3633; x_wconf 85' lang='grc' dir='ltr'>τὰ</span> <span class='ocrx_word' id='word_1_703' title='bbox 3400 3579 3627 3649; x_wconf 79' lang='grc' dir='ltr'>πέρατα</span> 
     </span>
    </p>
   </div>
   <div class='ocr_carea' id='block_1_96' title="bbox 2040 3672 3627 3746">
    <p class='ocr_par' dir='ltr' id='par_1_96' title="bbox 2040 3672 3627 3746">
     <span class='ocr_line' id='line_1_96' title="bbox 2040 3672 3627 3746; baseline 0.001 -18"><span class='ocrx_word' id='word_1_704' title='bbox 2040 3672 2147 3742; x_wconf 84' lang='grc' dir='ltr'><strong>τῆς</strong></span> <span class='ocrx_word' id='word_1_705' title='bbox 2194 3674 2327 3745; x_wconf 73' lang='grc' dir='ltr'>γῆς,</span> <span class='ocrx_word' id='word_1_706' title='bbox 2380 3674 2555 3739; x_wconf 78' lang='grc' dir='ltr'>οὐδεὶς</span> <span class='ocrx_word' id='word_1_707' title='bbox 2609 3674 2674 3729; x_wconf 87' lang='grc' dir='ltr'>ἂν</span> <span class='ocrx_word' id='word_1_708' title='bbox 2721 3674 2832 3745; x_wconf 71' lang='grc' dir='ltr'><strong>ἔχοι</strong></span> <span class='ocrx_word' id='word_1_709' title='bbox 2876 3673 3041 3744; x_wconf 84' lang='grc' dir='ltr'>φάναι</span> <span class='ocrx_word' id='word_1_710' title='bbox 3113 3673 3197 3740; x_wconf 80' lang='grc' dir='ltr'><strong>ἐφ’</strong></span> <span class='ocrx_word' id='word_1_711' title='bbox 3259 3672 3445 3746; x_wconf 79' lang='grc' dir='ltr'>ἑτέρου</span> <span class='ocrx_word' id='word_1_712' title='bbox 3515 3674 3627 3729; x_wconf 85' lang='grc' dir='ltr'><strong>τῶν</strong></span> 
     </span>
    </p>
   </div>
   <div class='ocr_carea' id='block_1_97' title="bbox 2041 3764 3627 3839">
    <p class='ocr_par' dir='ltr' id='par_1_97' title="bbox 2041 3764 3627 3839">
     <span class='ocr_line' id='line_1_97' title="bbox 2041 3764 3627 3839; baseline -0.001 -18"><span class='ocrx_word' id='word_1_713' title='bbox 2041 3767 2210 3823; x_wconf 89' lang='grc' dir='ltr'>πάλαι</span> <span class='ocrx_word' id='word_1_714' title='bbox 2234 3766 2328 3821; x_wconf 80' lang='grc' dir='ltr'><strong>τοῦ</strong></span> <span class='ocrx_word' id='word_1_715' title='bbox 2357 3766 2492 3820; x_wconf 88' lang='grc' dir='ltr'><strong>Θεοῦ</strong></span> <span class='ocrx_word' id='word_1_716' title='bbox 2522 3767 2815 3839; x_wconf 80' lang='grc' dir='ltr'>προφητῶν</span> <span class='ocrx_word' id='word_1_717' title='bbox 2851 3764 3270 3838; x_wconf 84' lang='grc' dir='ltr'>πεφανερῶσθαι</span> <span class='ocrx_word' id='word_1_718' title='bbox 3296 3766 3391 3821; x_wconf 73' lang='grc' dir='ltr'>καὶ</span> <span class='ocrx_word' id='word_1_719' title='bbox 3414 3766 3627 3839; x_wconf 78' lang='grc' dir='ltr'>πεπλη-</span> 
     </span>
    </p>
   </div>
   <div class='ocr_carea' id='block_1_98' title="bbox 2040 3856 3622 3931">
    <p class='ocr_par' dir='ltr' id='par_1_98' title="bbox 2040 3856 3622 3931">
     <span class='ocr_line' id='line_1_98' title="bbox 2040 3856 3622 3931; baseline 0.001 -20"><span class='ocrx_word' id='word_1_720' title='bbox 2040 3858 2264 3931; x_wconf 86' lang='grc' dir='ltr'>ρῶσθαι.</span> <span class='ocrx_word' id='word_1_721' title='bbox 2297 3857 2436 3913; x_wconf 77' lang='grc' dir='ltr'>Οὔτε</span> <span class='ocrx_word' id='word_1_722' title='bbox 2463 3858 2572 3930; x_wconf 82' lang='grc' dir='ltr'>γὰρ</span> <span class='ocrx_word' id='word_1_723' title='bbox 2593 3860 2834 3930; x_wconf 82' lang='grc' dir='ltr'>Μωῦσῆς</span> <span class='ocrx_word' id='word_1_724' title='bbox 2857 3858 2965 3912; x_wconf 86' lang='grc' dir='ltr'><strong>τῶν</strong></span> <span class='ocrx_word' id='word_1_725' title='bbox 2983 3856 3151 3912; x_wconf 81' lang='grc' dir='ltr'>ἐθνῶν</span> <span class='ocrx_word' id='word_1_726' title='bbox 3179 3859 3430 3912; x_wconf 87' lang='grc' dir='ltr'>ἁπάντων</span> <span class='ocrx_word' id='word_1_727' title='bbox 3452 3859 3622 3931; x_wconf 75' lang='grc' dir='ltr'>ἐγρά-</span> 
     </span>
    </p>
   </div>
   <div class='ocr_carea' id='block_1_99' title="bbox 2036 3948 3623 4022">
    <p class='ocr_par' dir='ltr' id='par_1_99' title="bbox 2036 3948 3623 4022">
     <span class='ocr_line' id='line_1_99' title="bbox 2036 3948 3623 4022; baseline -0.004 -16"><span class='ocrx_word' id='word_1_728' title='bbox 2036 3968 2236 4022; x_wconf 76' lang='grc' dir='ltr'>τησεν,</span> <span class='ocrx_word' id='word_1_729' title='bbox 2280 3950 2405 4006; x_wconf 72' lang='grc' dir='ltr'>οὕτε</span> <span class='ocrx_word' id='word_1_730' title='bbox 2455 3950 2616 4006; x_wconf 76' lang='grc' dir='ltr'>Δαυῒδ</span> <span class='ocrx_word' id='word_1_731' title='bbox 2639 3991 2654 4014; x_wconf 88' lang='grc'><em>,</em></span> <span class='ocrx_word' id='word_1_732' title='bbox 2697 3950 2821 4005; x_wconf 71' lang='grc' dir='ltr'>οὔτε</span> <span class='ocrx_word' id='word_1_733' title='bbox 2847 3948 3099 4020; x_wconf 81' lang='grc' dir='ltr'>Σολομὼν</span> <span class='ocrx_word' id='word_1_734' title='bbox 3118 3991 3132 4015; x_wconf 84' lang='grc'><em>,</em></span> <span class='ocrx_word' id='word_1_735' title='bbox 3163 3949 3287 4003; x_wconf 77' lang='grc' dir='ltr'>οὔτε</span> <span class='ocrx_word' id='word_1_736' title='bbox 3318 3966 3402 4012; x_wconf 86' lang='grc' dir='ltr'><strong>τις</strong></span> <span class='ocrx_word' id='word_1_737' title='bbox 3435 3949 3623 4021; x_wconf 74' lang='grc' dir='ltr'>ἕτερος</span> 
     </span>
    </p>
   </div>
   <div class='ocr_carea' id='block_1_100' title="bbox 2037 4041 3617 4115">
    <p class='ocr_par' dir='ltr' id='par_1_100' title="bbox 2037 4041 3617 4115">
     <span class='ocr_line' id='line_1_100' title="bbox 2037 4041 3617 4115; baseline -0.001 -19"><span class='ocrx_word' id='word_1_738' title='bbox 2037 4042 2331 4115; x_wconf 74' lang='grc' dir='ltr'>προφητῶν</span> <span class='ocrx_word' id='word_1_739' title='bbox 2375 4043 2408 4115; x_wconf 80' lang='grc' dir='ltr'>ἢ</span> <span class='ocrx_word' id='word_1_740' title='bbox 2456 4042 2717 4114; x_wconf 81' lang='grc' dir='ltr'>βασιλέων</span> <span class='ocrx_word' id='word_1_741' title='bbox 2760 4043 2867 4096; x_wconf 84' lang='grc' dir='ltr'><strong>τῶν</strong></span> <span class='ocrx_word' id='word_1_742' title='bbox 2928 4041 2987 4105; x_wconf 82' lang='grc' dir='ltr'>ἐξ</span> <span class='ocrx_word' id='word_1_743' title='bbox 3037 4041 3231 4105; x_wconf 88' lang='grc' dir='ltr'>αἰῶνος</span> <span class='ocrx_word' id='word_1_744' title='bbox 3274 4041 3617 4112; x_wconf 73' lang='grc' dir='ltr'>γενομένωνο</span> 
     </span>
    </p>
   </div>
   <div class='ocr_carea' id='block_1_101' title="bbox 2040 4130 3621 4208">
    <p class='ocr_par' dir='ltr' id='par_1_101' title="bbox 2040 4130 3621 4208">
     <span class='ocr_line' id='line_1_101' title="bbox 2040 4130 3621 4208; baseline -0.001 -20"><span class='ocrx_word' id='word_1_745' title='bbox 2040 4136 2185 4207; x_wconf 83' lang='grc' dir='ltr'><strong>μόνῳ</strong></span> <span class='ocrx_word' id='word_1_746' title='bbox 2204 4136 2261 4190; x_wconf 78' lang='grc' dir='ltr'>δὲ</span> <span class='ocrx_word' id='word_1_747' title='bbox 2281 4134 2360 4208; x_wconf 80' lang='grc' dir='ltr'><strong>τῷ</strong></span> <span class='ocrx_word' id='word_1_748' title='bbox 2386 4137 2638 4208; x_wconf 80' lang='grc' dir='ltr'>ἡμετέρῳ</span> <span class='ocrx_word' id='word_1_749' title='bbox 2668 4135 2878 4207; x_wconf 79' lang='grc' dir='ltr'><strong>Σωτῆρι</strong></span> <span class='ocrx_word' id='word_1_750' title='bbox 2898 4137 2932 4206; x_wconf 77' lang='grc' dir='ltr'>ἡ</span> <span class='ocrx_word' id='word_1_751' title='bbox 2960 4135 3066 4187; x_wconf 89' lang='grc' dir='ltr'><strong>τῶν</strong></span> <span class='ocrx_word' id='word_1_752' title='bbox 3095 4134 3433 4206; x_wconf 79' lang='grc' dir='ltr'>πραγμάτων</span> <span class='ocrx_word' id='word_1_753' title='bbox 3461 4130 3621 4205; x_wconf 71' lang='grc' dir='ltr'>ἐνάρ-</span> 
     </span>
    </p>
   </div>
   <div class='ocr_carea' id='block_1_102' title="bbox 2035 4225 3621 4301">
    <p class='ocr_par' dir='ltr' id='par_1_102' title="bbox 2035 4225 3621 4301">
     <span class='ocr_line' id='line_1_102' title="bbox 2035 4225 3621 4301; baseline -0.002 -20"><span class='ocrx_word' id='word_1_754' title='bbox 2035 4245 2159 4297; x_wconf 90' lang='grc' dir='ltr'>γεια</span> <span class='ocrx_word' id='word_1_755' title='bbox 2206 4230 2499 4300; x_wconf 83' lang='grc' dir='ltr'>μαρτυρεῖ·</span> <span class='ocrx_word' id='word_1_756' title='bbox 2534 4226 2829 4301; x_wconf 75' lang='grc' dir='ltr'>ἐπειδήπερ</span> <span class='ocrx_word' id='word_1_757' title='bbox 2879 4229 2958 4291; x_wconf 83' lang='grc' dir='ltr'><strong>είς</strong></span> <span class='ocrx_word' id='word_1_758' title='bbox 2993 4228 3174 4281; x_wconf 81' lang='grc' dir='ltr'>πᾶσαν</span> <span class='ocrx_word' id='word_1_759' title='bbox 3205 4226 3304 4299; x_wconf 79' lang='grc' dir='ltr'><strong>τὴν</strong></span> <span class='ocrx_word' id='word_1_760' title='bbox 3333 4226 3438 4298; x_wconf 83' lang='grc' dir='ltr'><strong>γῆν</strong></span> <span class='ocrx_word' id='word_1_761' title='bbox 3466 4225 3621 4297; x_wconf 71' lang='grc' dir='ltr'>ἐξῆλ-</span> 
     </span>
    </p>
   </div>
   <div class='ocr_carea' id='block_1_103' title="bbox 2036 4319 3619 4390">
    <p class='ocr_par' dir='ltr' id='par_1_103' title="bbox 2036 4319 3619 4390">
     <span class='ocr_line' id='line_1_103' title="bbox 2036 4319 3619 4390; baseline 0.001 -17"><span class='ocrx_word' id='word_1_762' title='bbox 2036 4319 2128 4374; x_wconf 86' lang='grc' dir='ltr'><strong>θεν</strong></span> <span class='ocrx_word' id='word_1_763' title='bbox 2179 4322 2207 4374; x_wconf 88' lang='grc' dir='ltr'>ὁ</span> <span class='ocrx_word' id='word_1_764' title='bbox 2252 4319 2493 4390; x_wconf 61' lang='grc' dir='ltr'>φθόγγος</span> <span class='ocrx_word' id='word_1_765' title='bbox 2532 4319 2639 4373; x_wconf 90' lang='grc' dir='ltr'><strong>τῶν</strong></span> <span class='ocrx_word' id='word_1_766' title='bbox 2688 4320 2998 4374; x_wconf 80' lang='grc' dir='ltr'>ἀποστόλων</span> <span class='ocrx_word' id='word_1_767' title='bbox 3047 4320 3248 4383; x_wconf 83' lang='grc' dir='ltr'>αὐτοῦ,</span> <span class='ocrx_word' id='word_1_768' title='bbox 3296 4320 3391 4374; x_wconf 77' lang='grc' dir='ltr'>καὶ</span> <span class='ocrx_word' id='word_1_769' title='bbox 3438 4323 3519 4385; x_wconf 83' lang='grc' dir='ltr'>εἰς</span> <span class='ocrx_word' id='word_1_770' title='bbox 3550 4320 3619 4374; x_wconf 84' lang='grc' dir='ltr'>τὰ</span> 
     </span>
    </p>
   </div>
   <div class='ocr_carea' id='block_1_104' title="bbox 1964 4412 3542 4491">
    <p class='ocr_par' dir='ltr' id='par_1_104' title="bbox 1964 4412 3542 4491">
     <span class='ocr_line' id='line_1_104' title="bbox 1964 4412 3542 4491; baseline 0 -25"><span class='ocrx_word' id='word_1_771' title='bbox 1964 4436 2009 4491; x_wconf 80' lang='lat' dir='ltr'><strong>D</strong></span> <span class='ocrx_word' id='word_1_772' title='bbox 2040 4412 2250 4483; x_wconf 83' lang='grc' dir='ltr'>πέρατα</span> <span class='ocrx_word' id='word_1_773' title='bbox 2277 4413 2374 4485; x_wconf 83' lang='grc' dir='ltr'><strong>τῆς</strong></span> <span class='ocrx_word' id='word_1_774' title='bbox 2396 4412 2721 4484; x_wconf 78' lang='grc' dir='ltr'>οἰκουμένης</span> <span class='ocrx_word' id='word_1_775' title='bbox 2748 4412 2817 4466; x_wconf 81' lang='grc' dir='ltr'><strong>τά</strong></span> <span class='ocrx_word' id='word_1_776' title='bbox 2850 4414 3068 4485; x_wconf 72' lang='grc' dir='ltr'>ῥήματα</span> <span class='ocrx_word' id='word_1_777' title='bbox 3101 4412 3280 4467; x_wconf 78' lang='grc' dir='ltr'>αὐτῶν</span> <span class='ocrx_word' id='word_1_778' title='bbox 3312 4412 3542 4484; x_wconf 76' lang='grc' dir='ltr'>διῆλθεν.</span> 
     </span>
    </p>
   </div>
   <div class='ocr_carea' id='block_1_105' title="bbox 2108 4500 3612 4577">
    <p class='ocr_par' dir='ltr' id='par_1_105' title="bbox 2108 4500 3612 4577">
     <span class='ocr_line' id='line_1_105' title="bbox 2108 4500 3612 4577; baseline 0.001 -17"><span class='ocrx_word' id='word_1_779' title='bbox 2108 4506 2423 4577; x_wconf 75' lang='grc' dir='ltr'>Ποιμα-νεῖς</span> <span class='ocrx_word' id='word_1_780' title='bbox 2449 4505 2672 4571; x_wconf 82' lang='grc' dir='ltr'>αὐτοὺς</span> <span class='ocrx_word' id='word_1_781' title='bbox 2701 4505 2772 4560; x_wconf 75' lang='grc' dir='ltr'>ἐν</span> <span class='ocrx_word' id='word_1_782' title='bbox 2790 4500 2990 4570; x_wconf 74' lang='grc' dir='ltr'>ῥάϐδῳ</span> <span class='ocrx_word' id='word_1_783' title='bbox 3020 4504 3239 4574; x_wconf 76' lang='grc' dir='ltr'>σιδηρᾷ</span> <span class='ocrx_word' id='word_1_784' title='bbox 3262 4547 3278 4573; x_wconf 83' lang='grc'><em>,</em></span> <span class='ocrx_word' id='word_1_785' title='bbox 3315 4507 3396 4572; x_wconf 85' lang='grc' dir='ltr'>ὡς</span> <span class='ocrx_word' id='word_1_786' title='bbox 3421 4507 3612 4575; x_wconf 83' lang='grc' dir='ltr'>σκεύη</span> 
     </span>
    </p>
   </div>
   <div class='ocr_carea' id='block_1_106' title="bbox 2038 4597 3617 4671">
    <p class='ocr_par' dir='ltr' id='par_1_106' title="bbox 2038 4597 3617 4671">
     <span class='ocr_line' id='line_1_106' title="bbox 2038 4597 3617 4671; baseline 0 -19"><span class='ocrx_word' id='word_1_787' title='bbox 2038 4599 2333 4668; x_wconf 75' lang='grc' dir='ltr'>κεραμέως</span> <span class='ocrx_word' id='word_1_788' title='bbox 2385 4598 2741 4666; x_wconf 65' lang='grc' dir='ltr'>συντρίψας</span> <span class='ocrx_word' id='word_1_789' title='bbox 2787 4598 3030 4664; x_wconf 83' lang='grc' dir='ltr'>αὐτούς.</span> <span class='ocrx_word' id='word_1_790' title='bbox 3107 4597 3301 4653; x_wconf 85' lang='grc' dir='ltr'>Λαϐὼν</span> <span class='ocrx_word' id='word_1_791' title='bbox 3336 4597 3435 4671; x_wconf 80' lang='grc' dir='ltr'><strong>τὴν</strong></span> <span class='ocrx_word' id='word_1_792' title='bbox 3473 4599 3617 4653; x_wconf 80' lang='grc' dir='ltr'>κατὰ</span> 
     </span>
    </p>
   </div>
   <div class='ocr_carea' id='block_1_107' title="bbox 2037 4689 3615 4762">
    <p class='ocr_par' dir='ltr' id='par_1_107' title="bbox 2037 4689 3615 4762">
     <span class='ocr_line' id='line_1_107' title="bbox 2037 4689 3615 4762; baseline 0 -18"><span class='ocrx_word' id='word_1_793' title='bbox 2037 4691 2253 4746; x_wconf 85' lang='grc' dir='ltr'>πάντων</span> <span class='ocrx_word' id='word_1_794' title='bbox 2306 4690 2592 4758; x_wconf 69' lang='grc' dir='ltr'>ἐξουσίαν,</span> <span class='ocrx_word' id='word_1_795' title='bbox 2651 4690 2777 4753; x_wconf 76' lang='grc' dir='ltr'>τοὺς</span> <span class='ocrx_word' id='word_1_796' title='bbox 2827 4689 3123 4762; x_wconf 78' lang='grc' dir='ltr'>προτέρους</span> <span class='ocrx_word' id='word_1_797' title='bbox 3173 4690 3423 4756; x_wconf 62' lang='grc' dir='ltr'>’ἐκείνους</span> <span class='ocrx_word' id='word_1_798' title='bbox 3489 4692 3615 4754; x_wconf 76' lang='grc' dir='ltr'>τοὺς</span> 
     </span>
    </p>
   </div>
   <div class='ocr_carea' id='block_1_108' title="bbox 2035 4781 3614 4856">
    <p class='ocr_par' dir='ltr' id='par_1_108' title="bbox 2035 4781 3614 4856">
     <span class='ocr_line' id='line_1_108' title="bbox 2035 4781 3614 4856; baseline 0 -17"><span class='ocrx_word' id='word_1_799' title='bbox 2035 4785 2177 4839; x_wconf 75' lang='grc' dir='ltr'>κατὰ</span> <span class='ocrx_word' id='word_1_800' title='bbox 2217 4784 2312 4839; x_wconf 78' lang='grc' dir='ltr'><strong>σοῦ</strong></span> <span class='ocrx_word' id='word_1_801' title='bbox 2345 4781 2691 4854; x_wconf 71' lang='grc' dir='ltr'>φρυάξαντας</span> <span class='ocrx_word' id='word_1_802' title='bbox 2721 4781 2814 4835; x_wconf 85' lang='grc' dir='ltr'><strong>καί</strong></span> <span class='ocrx_word' id='word_1_803' title='bbox 2846 4782 2979 4836; x_wconf 77' lang='grc' dir='ltr'>κενὰ</span> <span class='ocrx_word' id='word_1_804' title='bbox 3010 4782 3412 4856; x_wconf 81' lang='grc' dir='ltr'>μελετήσαντας</span> <span class='ocrx_word' id='word_1_805' title='bbox 3432 4824 3446 4850; x_wconf 88' lang='grc'><em>,</em></span> <span class='ocrx_word' id='word_1_806' title='bbox 3477 4785 3614 4839; x_wconf 82' lang='grc' dir='ltr'>ἀλλὰ</span> 
     </span>
    </p>
   </div>
   <div class='ocr_carea' id='block_1_109' title="bbox 2033 4860 3610 4949">
    <p class='ocr_par' dir='ltr' id='par_1_109' title="bbox 2033 4860 3610 4949">
     <span class='ocr_line' id='line_1_109' title="bbox 2033 4860 3610 4949; baseline -0.002 -15"><span class='ocrx_word' id='word_1_807' title='bbox 2033 4880 2127 4935; x_wconf 79' lang='grc' dir='ltr'><strong>καὶ</strong></span> <span class='ocrx_word' id='word_1_808' title='bbox 2177 4860 2301 4942; x_wconf 63' lang='grc' dir='ltr'>τους</span> <span class='ocrx_word' id='word_1_809' title='bbox 2331 4878 2716 4949; x_wconf 87' lang='grc' dir='ltr'>παραστάντας</span> <span class='ocrx_word' id='word_1_810' title='bbox 2760 4875 2856 4932; x_wconf 77' lang='grc' dir='ltr'><strong>καὶ</strong></span> <span class='ocrx_word' id='word_1_811' title='bbox 2911 4876 3271 4947; x_wconf 82' lang='grc' dir='ltr'>συναχθέντας</span> <span class='ocrx_word' id='word_1_812' title='bbox 3322 4876 3464 4930; x_wconf 79' lang='grc' dir='ltr'>κατὰ</span> <span class='ocrx_word' id='word_1_813' title='bbox 3517 4877 3610 4931; x_wconf 84' lang='grc' dir='ltr'>σοῦ</span> 
     </span>
    </p>
   </div>
   <div class='ocr_carea' id='block_1_110' title="bbox 2033 4970 3611 5046">
    <p class='ocr_par' dir='ltr' id='par_1_110' title="bbox 2033 4970 3611 5046">
     <span class='ocr_line' id='line_1_110' title="bbox 2033 4970 3611 5046; baseline -0.002 -21"><span class='ocrx_word' id='word_1_814' title='bbox 2033 4972 2273 5044; x_wconf 83' lang='grc' dir='ltr'>βασιλεῖς</span> <span class='ocrx_word' id='word_1_815' title='bbox 2297 4976 2361 5027; x_wconf 83' lang='grc' dir='ltr'><strong>τε</strong></span> <span class='ocrx_word' id='word_1_816' title='bbox 2394 4973 2497 5043; x_wconf 88' lang='grc' dir='ltr'><strong>γῆς</strong></span> <span class='ocrx_word' id='word_1_817' title='bbox 2538 4974 2632 5027; x_wconf 76' lang='grc' dir='ltr'><strong>καὶ</strong></span> <span class='ocrx_word' id='word_1_818' title='bbox 2671 4973 2938 5046; x_wconf 81' lang='grc' dir='ltr'>ἄρχοντας</span> <span class='ocrx_word' id='word_1_819' title='bbox 2966 4973 3272 5041; x_wconf 83' lang='grc' dir='ltr'>ποιμανεῖς.</span> <span class='ocrx_word' id='word_1_820' title='bbox 3322 4970 3381 5022; x_wconf 85' lang='grc' dir='ltr'>οὐ</span> <span class='ocrx_word' id='word_1_821' title='bbox 3408 4973 3473 5040; x_wconf 80' lang='grc' dir='ltr'>τῇ</span> <span class='ocrx_word' id='word_1_822' title='bbox 3503 4970 3611 5023; x_wconf 89' lang='grc' dir='ltr'><strong>τῶν</strong></span> 
     </span>
    </p>
   </div>
   <div class='ocr_carea' id='block_1_111' title="bbox 2031 5060 3610 5138">
    <p class='ocr_par' dir='ltr' id='par_1_111' title="bbox 2031 5060 3610 5138">
     <span class='ocr_line' id='line_1_111' title="bbox 2031 5060 3610 5138; baseline -0.003 -20"><span class='ocrx_word' id='word_1_823' title='bbox 2031 5066 2252 5138; x_wconf 77' lang='grc' dir='ltr'>ἡμέρων</span> <span class='ocrx_word' id='word_1_824' title='bbox 2281 5066 2570 5138; x_wconf 86' lang='grc' dir='ltr'>προϐάτων</span> <span class='ocrx_word' id='word_1_825' title='bbox 2598 5067 2927 5137; x_wconf 80' lang='grc' dir='ltr'>ποιμαντικῇ</span> <span class='ocrx_word' id='word_1_826' title='bbox 2963 5062 3142 5135; x_wconf 73' lang='grc' dir='ltr'>ῥάϐδῳ</span> <span class='ocrx_word' id='word_1_827' title='bbox 3161 5102 3175 5125; x_wconf 85' lang='grc'><strong><em>,</em></strong></span> <span class='ocrx_word' id='word_1_828' title='bbox 3221 5064 3287 5133; x_wconf 81' lang='grc' dir='ltr'>τῇ</span> <span class='ocrx_word' id='word_1_829' title='bbox 3322 5060 3409 5115; x_wconf 82' lang='grc' dir='ltr'>διὰ</span> <span class='ocrx_word' id='word_1_830' title='bbox 3439 5061 3610 5129; x_wconf 86' lang='grc' dir='ltr'>λόγων</span> 
     </span>
    </p>
   </div>
   <div class='ocr_carea' id='block_1_112' title="bbox 2028 5153 3612 5229">
    <p class='ocr_par' dir='ltr' id='par_1_112' title="bbox 2028 5153 3612 5229">
     <span class='ocr_line' id='line_1_112' title="bbox 2028 5153 3612 5229; baseline -0.002 -19"><span class='ocrx_word' id='word_1_831' title='bbox 2028 5159 2123 5210; x_wconf 75' lang='grc' dir='ltr'>καὶ</span> <span class='ocrx_word' id='word_1_832' title='bbox 2146 5157 2427 5228; x_wconf 82' lang='grc' dir='ltr'>σωτηρίων</span> <span class='ocrx_word' id='word_1_833' title='bbox 2457 5158 2794 5229; x_wconf 80' lang='grc' dir='ltr'>μαθημάτων</span> <span class='ocrx_word' id='word_1_834' title='bbox 2813 5174 2826 5188; x_wconf 89' lang='grc'><strong>·</strong></span> <span class='ocrx_word' id='word_1_835' title='bbox 2848 5154 3068 5226; x_wconf 81' lang='grc' dir='ltr'>τοιαύτῃ</span> <span class='ocrx_word' id='word_1_836' title='bbox 3090 5154 3197 5226; x_wconf 77' lang='grc' dir='ltr'>γὰρ</span> <span class='ocrx_word' id='word_1_837' title='bbox 3219 5153 3410 5226; x_wconf 67' lang='grc' dir='ltr'>λογικῇ</span> <span class='ocrx_word' id='word_1_838' title='bbox 3432 5154 3612 5226; x_wconf 77' lang='grc' dir='ltr'>ῥάϐδῳ</span> 
     </span>
    </p>
   </div>
   <div class='ocr_carea' id='block_1_113' title="bbox 2027 5245 3608 5321">
    <p class='ocr_par' dir='ltr' id='par_1_113' title="bbox 2027 5245 3608 5321">
     <span class='ocr_line' id='line_1_113' title="bbox 2027 5245 3608 5321; baseline -0.003 -18"><span class='ocrx_word' id='word_1_839' title='bbox 2027 5248 2097 5303; x_wconf 80' lang='grc' dir='ltr'>τὰ</span> <span class='ocrx_word' id='word_1_840' title='bbox 2132 5249 2370 5321; x_wconf 81' lang='grc' dir='ltr'>Χριστοῦ</span> <span class='ocrx_word' id='word_1_841' title='bbox 2429 5249 2675 5321; x_wconf 87' lang='grc' dir='ltr'>πρόϐατα</span> <span class='ocrx_word' id='word_1_842' title='bbox 2714 5251 2771 5302; x_wconf 83' lang='grc' dir='ltr'><strong>ἐν</strong></span> <span class='ocrx_word' id='word_1_843' title='bbox 2807 5251 2927 5312; x_wconf 85' lang='grc' dir='ltr'>ταῖς</span> <span class='ocrx_word' id='word_1_844' title='bbox 2970 5246 3232 5319; x_wconf 86' lang='grc' dir='ltr'>μάνδραις</span> <span class='ocrx_word' id='word_1_845' title='bbox 3268 5245 3434 5299; x_wconf 80' lang='grc' dir='ltr'>αὐτοῦ</span> <span class='ocrx_word' id='word_1_846' title='bbox 3464 5287 3479 5311; x_wconf 86' lang='grc'><em>,</em></span> <span class='ocrx_word' id='word_1_847' title='bbox 3551 5247 3608 5299; x_wconf 83' lang='grc' dir='ltr'>ὲν</span> 
     </span>
    </p>
   </div>
   <div class='ocr_carea' id='block_1_114' title="bbox 2024 5334 3609 5413">
    <p class='ocr_par' dir='ltr' id='par_1_114' title="bbox 2024 5334 3609 5413">
     <span class='ocr_line' id='line_1_114' title="bbox 2024 5334 3609 5413; baseline -0.003 -20"><span class='ocrx_word' id='word_1_848' title='bbox 2024 5343 2146 5403; x_wconf 86' lang='grc' dir='ltr'>ταῖς</span> <span class='ocrx_word' id='word_1_849' title='bbox 2188 5340 2534 5413; x_wconf 83' lang='grc' dir='ltr'>Ἐκκλησίαις</span> <span class='ocrx_word' id='word_1_850' title='bbox 2564 5340 2658 5394; x_wconf 79' lang='grc' dir='ltr'>καὶ</span> <span class='ocrx_word' id='word_1_851' title='bbox 2699 5343 2817 5404; x_wconf 86' lang='grc' dir='ltr'>ταῖς</span> <span class='ocrx_word' id='word_1_852' title='bbox 2845 5340 2953 5393; x_wconf 89' lang='grc' dir='ltr'><strong>τῶν</strong></span> <span class='ocrx_word' id='word_1_853' title='bbox 2989 5336 3149 5409; x_wconf 82' lang='grc' dir='ltr'>ἱερῶν</span> <span class='ocrx_word' id='word_1_854' title='bbox 3174 5334 3402 5408; x_wconf 79' lang='grc' dir='ltr'>Γραφῶν</span> <span class='ocrx_word' id='word_1_855' title='bbox 3449 5352 3609 5390; x_wconf 84' lang='grc' dir='ltr'>πνευ-</span> 
     </span>
    </p>
   </div>
   <div class='ocr_carea' id='block_1_115' title="bbox 2028 5428 3605 5504">
    <p class='ocr_par' dir='ltr' id='par_1_115' title="bbox 2028 5428 3605 5504">
     <span class='ocr_line' id='line_1_115' title="bbox 2028 5428 3605 5504; baseline -0.005 -14"><span class='ocrx_word' id='word_1_856' title='bbox 2028 5435 2288 5504; x_wconf 81' lang='grc' dir='ltr'>ματικαῖς</span> <span class='ocrx_word' id='word_1_857' title='bbox 2315 5435 2508 5504; x_wconf 81' lang='grc' dir='ltr'>νομαῖς</span> <span class='ocrx_word' id='word_1_858' title='bbox 2532 5433 2878 5503; x_wconf 84' lang='grc' dir='ltr'>ποιμαίνεται</span> <span class='ocrx_word' id='word_1_859' title='bbox 2902 5449 2913 5462; x_wconf 91' lang='grc'><strong>·</strong></span> <span class='ocrx_word' id='word_1_860' title='bbox 2951 5430 3064 5487; x_wconf 84' lang='grc' dir='ltr'>ἀλλ’</span> <span class='ocrx_word' id='word_1_861' title='bbox 3095 5432 3156 5485; x_wconf 81' lang='grc' dir='ltr'>ἐν</span> <span class='ocrx_word' id='word_1_862' title='bbox 3183 5428 3362 5502; x_wconf 77' lang='grc' dir='ltr'>ῥάϐδῳ</span> <span class='ocrx_word' id='word_1_863' title='bbox 3388 5428 3605 5501; x_wconf 78' lang='grc' dir='ltr'>σιδηρᾷ,</span> 
     </span>
    </p>
   </div>
   <div class='ocr_carea' id='block_1_116' title="bbox 2165 5567 2684 5635">
    <p class='ocr_par' dir='ltr' id='par_1_116' title="bbox 2165 5567 2684 5635">
     <span class='ocr_line' id='line_1_116' title="bbox 2165 5567 2684 5635; baseline -0.002 -11"><span class='ocrx_word' id='word_1_864' title='bbox 2165 5569 2208 5601; x_wconf 80' lang='grc'>¹⁸</span> <span class='ocrx_word' id='word_1_865' title='bbox 2246 5568 2393 5627; x_wconf 87' lang='lat' dir='ltr'><strong>Psal.</strong></span> <span class='ocrx_word' id='word_1_866' title='bbox 2426 5584 2559 5625; x_wconf 76' lang='lat' dir='ltr'><strong>xvm</strong></span> <span class='ocrx_word' id='word_1_867' title='bbox 2581 5609 2596 5635; x_wconf 90' lang='lat'><strong>,</strong></span> <span class='ocrx_word' id='word_1_868' title='bbox 2631 5567 2684 5624; x_wconf 86' lang='lat'><strong>5.</strong></span> 
     </span>
    </p>
   </div>
   <div class='ocr_carea' id='block_1_117' title="bbox 412 5705 1947 5797">
    <p class='ocr_par' dir='ltr' id='par_1_117' title="bbox 412 5705 1921 5796">
     <span class='ocr_line' id='line_1_117' title="bbox 412 5705 1921 5796; baseline 0.01 -31"><span class='ocrx_word' id='word_1_869' title='bbox 412 5705 491 5783; x_wconf 68' lang='lat' dir='ltr'><strong>(-l)</strong></span> <span class='ocrx_word' id='word_1_870' title='bbox 516 5708 707 5780; x_wconf 78' lang='grc' dir='ltr'>Αὐτῇ.</span> <span class='ocrx_word' id='word_1_871' title='bbox 753 5725 862 5766; x_wconf 84' lang='grc' dir='ltr'>σπ.</span> <span class='ocrx_word' id='word_1_872' title='bbox 895 5711 1206 5786; x_wconf 82' lang='lat' dir='ltr'><strong>Legendum</strong></span> <span class='ocrx_word' id='word_1_873' title='bbox 1233 5718 1390 5790; x_wconf 79' lang='grc' dir='ltr'>αὐτή,</span> <span class='ocrx_word' id='word_1_874' title='bbox 1423 5735 1615 5793; x_wconf 85' lang='lat' dir='ltr'><strong>nempe</strong></span> <span class='ocrx_word' id='word_1_875' title='bbox 1641 5724 1673 5796; x_wconf 78' lang='grc' dir='ltr'>ἡ</span> <span class='ocrx_word' id='word_1_876' title='bbox 1701 5724 1792 5781; x_wconf 71' lang='grc' dir='ltr'><strong>ἐπὶ</strong></span> <span class='ocrx_word' id='word_1_877' title='bbox 1820 5725 1921 5796; x_wconf 73' lang='grc' dir='ltr'><strong>γῆς</strong></span> 
     </span>
    </p>
   </div>
   <div class='ocr_carea' id='block_1_118' title="bbox 2054 5705 2481 5797">
    <p class='ocr_par' dir='ltr' id='par_1_118' title="bbox 2054 5724 2481 5797">
     <span class='ocr_line' id='line_1_118' title="bbox 2054 5724 2481 5797; baseline 0 -16"><span class='ocrx_word' id='word_1_878' title='bbox 2054 5724 2287 5797; x_wconf 72' lang='grc' dir='ltr'>ικλησία.</span> <span class='ocrx_word' id='word_1_879' title='bbox 2324 5725 2481 5783; x_wconf 77' lang='lat' dir='ltr'><strong>Enn.</strong></span> 
     </span>
    </p>
   </div>
  </div>
