3948 6286
233 295 297 352 89
1320 311 1824 369 COMMENTARIA
1867 313 1933 368 IN
1971 313 2312 380 PSALMOS.
3394 345 3468 400 90

235 413 300 466 δι’
323 409 390 484 ἧς
417 417 732 488 συντρίψειν
762 421 978 488 αὐτοὺς,
1012 426 1104 480 καὶ
1129 429 1190 481 τδ
1215 431 1383 502 οῐημα
1406 434 1586 488 αὐτῶν
1615 437 1794 490 κατεά-

1925 450 1967 495 et
2001 449 2259 514 tanquam
2319 461 2416 502 vas
2448 446 2593 518 ﬁguli
2621 459 2903 508 conterere
2942 453 3057 524 ipse
3098 456 3317 513 dicitur.
3361 457 3484 512 Vir-

232 507 343 572 ξειν
372 507 530 582 δίκην
575 513 797 580 ἀγγείου
843 516 1164 588 όστραιιίνου
1197 522 1431 590 λέγεται.
1506 527 1726 582 Ῥάϐδον
1755 529 1791 582 δὲ

1919 546 2037 600 gum
2086 543 2267 589 autem
2319 535 2549 592 ferream
2594 537 2902 596 Romanum
2962 544 3247 614 imperium
3301 557 3478 611 vocat,

236 598 460 669 σιδηρᾶν
495 602 598 673 τὴν
643 604 929 676 Ῥωμαίων
958 611 1130 682 ἀρχὴν
1158 609 1296 666 εἷναί
1334 633 1495 687 φησιν
1519 659 1533 681 ,
1582 621 1795 691 ἐπικρα-

1920 598 2057 692 quod
2080 628 2383 682 secundum
2413 628 2720 686 Salvatoris
2750 635 2924 689 nostri
2956 598 3251 691 adventum
3284 647 3479 708 poten-

231 689 490 760 τεστέραν
513 696 810 768 γενομένην
849 702 982 768 μετὰ
1004 703 1102 772 τὴν
1125 703 1218 756 τοῦ
1242 706 1491 778 Σωτῆρος
1515 710 1668 779 ήμῶν
1694 712 1790 764 ἐπι

235 797 262 800 Α,
283 782 300 800 ι
329 798 334 800 _
547 785 632 800 ..υ
662 789 673 800 .
760 789 770 800 ,
947 793 955 800 .
1083 793 1105 800 _
1279 797 1288 800 ,
1541 799 1546 800 ,

1921 717 2020 770 lius
2050 720 2243 774 evasit.
2291 720 2426 776 Nam
2474 740 2597 779 cum
2629 727 2822 782 exinde
2867 728 3023 780 multi
3062 730 3306 800 \‘ariiqtte
3350 749 3480 800 gen-

231 782 476 848 φάνειαν.
547 785 632 851 Ἐξ
657 789 864 841 ἐκείνου
899 793 1008 858 γὰρ
1038 793 1146 846 τῶν
1173 797 1290 848 κατ’
1316 796 1439 868 ἔθνη
1467 799 1790 870 πολυαρχιῶε

1918 809 2048 863 tium
2079 812 2440 883 principatus,
2463 826 2516 872 et
2539 828 2635 888 per
2664 819 2910 875 diversas
2939 820 3186 889 regiones
3228 823 3477 878 domina-

228 872 322 924 καὶ
374 873 484 926 τῶν
537 878 677 930 κατὰ
716 879 898 951 χώρας
935 884 1235 955 ἐθναρχιῶν
1275 888 1678 944 καταλυθεισῶν
1704 934 1718 957 ,
1775 901 1787 946 1‘

1917 906 1998 954 lus
2027 901 2319 957 multorum
2352 905 2594 977 abrogati
2631 909 2760 970 sint,
2781 926 2945 963 unum
2976 909 3340 966 Romanorum
3375 913 3476 966 im-

253 964 528 1034 Ρωμαίων
553 969 891 1043 ὲμονάρχησε
925 973 1190 1042 βασιλεία,
1219 978 1283 1048 ήν
1324 981 1416 1034 καὶ
1440 983 1472 1052 ή
1494 982 1584 1035 τοῦ
1611 964 1808 1056 Δανιὴλ

1913 991 2117 1060 perium
2149 994 2404 1058 obtinuit,
2429 964 2570 1068 (ιιῖοά
2597 1000 2648 1053 in
2671 964 2906 1056 Danielis
2933 964 3472 1072 prophetiaferreum

226 1059 535 1127 προφητεία
572 1061 796 1132 σιδηρᾶν
830 1069 1126 1136 προσεῖπεν
1158 1109 1174 1134 ,
1209 1072 1300 1123 ἐπὶ
1341 1072 1440 1141 μὲν
1472 1073 1569 1143 τῆς
1601 1075 1785 1127 εἰκόνα

1914 1059 2163 1140 vocatur:
2193 1102 2318 1142 nam
2370 1059 2462 1143 ibi.
2479 1091 2546 1145 de
2577 1099 2756 1147 statua
2789 1093 3010 1157 dicitur,
3036 1059 3191 1150 tibia:
3218 1104 3270 1148 et
3309 1096 3473 1165 pedes

225 1151 445 1219 φήσασα
463 1168 476 1180 ·
501 1153 558 1204 ai
591 1153 797 1223 κνῆμαι
827 1159 917 1209 καὶ
945 1159 990 1210 οἱ
1023 1161 1180 1225 πόδες
1212 1163 1452 1234 σιδηροῖ,
1485 1167 1578 1218 καὶ
1605 1167 1705 1236 τὴν
1726 1169 1784 1240 έρ

1915 1177 2026 1245 ejus
2059 1176 2251 1234 ferrei:
2283 1179 2510 1250 ejusque
2545 1183 2622 1236 rei
2660 1183 3158 1253 interpretationem
3202 1185 3358 1241 aﬁ‘ert
3389 1188 3474 1244 his

223 1244 449 1311 μηνείαν
493 1245 759 1318 ἐκθεμένη
786 1248 873 1302 διὰ
899 1251 992 1303 τοῦ
1017 1252 1180 1319 φάναι
1203 1271 1216 1284 °
1241 1258 1529 1310 Βασιλεία
1556 1258 1722 1326 teni;
1734 1277 1782 1312 τι

1909 1244 2121 1325 verbis:
2172 1244 2400 1340 Regnum
2441 1284 2687 1343 quartum
2718 1277 2991 1331 robustum
3051 1279 3150 1333 erit
3176 1279 3311 1333 sicut
3360 1279 3468 1348 fer-

218 1337 386 1390 ἔσται
403 1339 624 1406 ἱσχιῬὰ
635 1341 715 1405 ὡς
728 1343 760 1393 ό
768 1341 1032 1410 σίδηρος·
1053 1344 1124 1397 ὃν
1136 1349 1356 1414 τρόπον
1371 1349 1476 1417 γὰρ
1491 1353 1523 1402 ό
1537 1349 1777 1418 σίδηρος

1917 1377 2022 1414 rum
2041 1383 2057 1416 :
2091 1363 2527 1431 quemadmodum
2549 1369 2686 1420 enim
2713 1369 2931 1436 ferrum,
2961 1372 3277 1424 comminuet
3303 1380 3354 1425 et
3377 1371 3476 1426 do—

219 1431 503 1484 λεπτυνεῐ
521 1433 618 1484 καί
642 1431 924 1501 danda-er
962 1437 1052 1488 ἐπὶ
1072 1436 1129 1489 δὲ
1155 1437 1254 1507 τῆς
1276 1438 1520 1509 ὁράσεως
1551 1439 1642 1492 τοῦ
1673 1457 1778 1511 προ

1906 1450 2133 1504 mabit”
2177 1451 2457 1523 Perpende
2485 1431 2856 1526 mihi,qua:so.
2877 1460 3153 1529 propheta:
3168 1461 3430 1515 visionem
3454 1481 3465 1516 :

217 1523 383 1591 φήτου
407 1534 419 1545 ’
455 1523 566 1576 Καὶ
599 1522 730 1576 ἰδοὺ
749 1565 763 1586 ,
802 1526 962 1594 φησὶν
981 1567 996 1590 ,
1047 1526 1190 1587 ζῶον
1220 1529 1503 1597 τέταρτον
1528 1533 1776 1599 φοϐερὸν

1907 1538 1974 1592 Et
2003 1557 2136 1601 ecce,
2173 1522 2366 1611 inquit,
2395 1543 2559 1598 bestia
2582 1522 2773 1616 quarta
2810 1522 3085 1614 terribilis,
3110 1551 3261 1620 cujus
3290 1549 3466 1605 dentes

216 1613 310 1664 καὶ
342 1616 399 1666 οἱ
430 1613 678 1680 ὀδόντες
702 1616 887 1669 αὐτοῦ
915 1618 1176 1686 σιδηροῖ,
1211 1621 1419 1675 ἐσθίον
1451 1625 1547 1677 καὶ
1587 1627 1775 1679 λεπτύ

1909 1633 2082 1700 ferrei,
2107 1634 2380 1690 comedens
2423 1647 2577 1706 atque
2603 1643 2985 1706 comminuens,
3010 1652 3060 1697 ct
3088 1645 3289 1713 reliqua
3321 1643 3468 1712 pedi-

216 1723 320 1758 νοτ·
334 1747 348 1768 ,
373 1706 476 1758 καὶ
491 1706 565 1760 τὰ
583 1707 871 1763 ἐπίλοιπα
895 1710 1017 1776 τοῖς
1039 1713 1224 1765 ποσὶν
1243 1715 1428 1768 αὑτοῦ
1452 1716 1775 1771 (rm-excitat

1910 1722 1998 1778 bus
2040 1727 2150 1779 suis
2200 1728 2628 1784 conculcabat".
2681 1729 2793 1785 Hoc
2828 1732 3012 1802 itaque
3045 1706 3270 1804 regnum
3317 1737 3469 1790 hisce

214 1797 430 1865 Ταύτην
461 1799 642 1851 τοίνυν
673 1801 767 1852 καὶ
800 1801 890 1853 ἐπὶ
915 1801 1009 1854 τοῦ
1052 1804 1316 1876 παρόντος
1368 1806 1658 1876 δηλοῦσθαι
1684 1811 1773 1877 φά-

1905 1816 2078 1871 verbis
2101 1818 2394 1888 signiﬁcari
2436 1821 2709 1876 creditur:
2740 1797 2938 1879 Pasce;
2965 1842 3052 1880 eos
3082 1797 3136 1880 in
3167 1829 3313 1898 virga
3356 1828 3464 1898 [cr-

217 1907 432 1955 σκοντος
451 1889 613 1959 λόγου
632 1908 646 1922 ·
667 1893 978 1960 Ποιμανεῒς
995 1895 1214 1961 αὐτοὺς
1243 1897 1311 1950 ἐν
1326 1897 1525 1966 ῥάϐδῳ
1556 1898 1773 1967 σιδηρᾷ

1906 1925 2013 1973 rea,
2043 1919 2290 1980 tanquam
2331 1929 2454 1966 vasa
2485 1915 2634 1983 figuli
2674 1917 2970 1988 confringes
2999 1935 3110 1972 eos.
3150 1920 3284 1975 Cum
3318 1922 3463 1974 enim

217 1982 290 2048 ὡς
310 1983 505 2050 σκεύη
537 1984 836 2052 κεραμέως
874 1988 1228 2054 συντρίψεις
1260 1991 1500 2056 αὐτούς.
1558 1993 1770 2064 Δυνάμε

1906 2000 2100 2055 latente
2151 2011 2313 2072 atque
2357 1982 2615 2060 invisibili
2643 1982 2910 2078 potestate
2937 2008 3190 2066 Christus
3224 2027 3254 2064 a
3304 2010 3465 2068 Patre

224 2074 321 2142 γάρ
349 2076 553 2142 ἀφανεῖ
578 2079 674 2128 καὶ
700 2075 915 2146 ἀοράτῳ
943 2077 1093 2148 παρά
1117 2078 1207 2131 τοῦ
1233 2081 1443 2152 [ἰατρὸς
1466 2081 1665 2153 κλῆρον
1690 2102 1783 2138 πα-

1902 2090 2161 2146 universaa
2185 2101 2342 2148 terra:
2374 2095 2601 2164 populos
2632 2074 2686 2150 in
2716 2097 3084 2154 haereditatem
3123 2101 3461 2171 accepisset;

224 2166 460 2236 ραλαϐὼν
524 2167 595 2220 τά
627 2168 749 2220 καθ’
785 2169 910 2237 ὅλης
960 2170 1057 2240 τῆς
1094 2173 1414 2244 οἰκουμένης
1446 2174 1571 2246 ἔθνη
1605 2179 1632 2228 ὁ
1665 2178 1783 2249 Χρι-

1902 2179 2019 2234 illos
2050 2183 2270 2251 quidem
2319 2183 2411 2253 qui
2454 2200 2512 2240 se
2550 2199 2837 2252 noverunt,
2871 2197 2922 2244 et
2959 2190 3012 2244 in
3038 2191 3167 2245 oviii
3201 2209 3298 2247 suo
3328 2209 3461 2247 con-

222 2262 372 2325 atbg,
441 2262 574 2324 τοὺς
614 2261 710 2332 μὲν
749 2262 1128 2329 ὲπεγνωκότας
1169 2265 1330 2318 αὑτὸν
1357 2307 1370 2329 ,
1429 2268 1523 2320 καὶ
1557 2267 1660 2321 ὑπὸ
1695 2271 1781 2342 τὴι

1902 2270 2118 2337 sistunt,
2167 2275 2364 2341 pascit,
2415 2275 2470 2328 in
2503 2291 2708 2346 pascua
2737 2277 2880 2333 bona
2926 2281 3164 2337 educens
3201 2298 3265 2336 ac
3299 2283 3461 2338 redu-

215 2351 369 2404 αὐτοῦ
401 2351 645 2424 μάνδραν
687 2353 1013 2423 γενομένους
1041 2359 1294 2425 ποιμανεῖ
1333 2359 1566 2426 εἰσάγων
1597 2362 1688 2413 καὶ
1709 2361 1774 2428 ea.

1898 2378 2063 2431 cens;
2102 2366 2175 2420 ita
2203 2378 2260 2420 ut
2288 2367 2408 2436 ejus
2438 2369 2599 2433 ovile,
2637 2378 2823 2439 utpote
2850 2373 3192 2435 rationabile.
3231 2375 3344 2429 haec
3375 2378 3457 2429 lo-

214 2445 350 2512 άγων
367 2446 448 2507 εἰς
463 2445 672 2511 ἀγαθὰς
687 2444 875 2515 νομὰς,
894 2445 1032 2499 ὥστε
1062 2447 1238 2516 λέγειν
1259 2449 1354 2520 τὴν
1371 2451 1532 2504 αὐτοῦ
1561 2453 1773 2523 ποίμνηε

1902 2463 2130 2525 quatur:
2165 2457 2425 2513 Dominus
2452 2463 2623 2528 pascit
2670 2479 2770 2526 me,
2797 2473 2846 2517 et
2885 2465 3016 2518 nihil
3041 2466 3168 2519 mihi
3196 2465 3380 2530 deerit,
3409 2469 3461 2522 in

212 2536 419 2608 (λογικὴ
449 2540 558 2610 γὰρ
583 2535 692 2610 ἦν)·
722 2543 936 2610 Κύριος
949 2548 1240 2615 ποιμαίνει
1265 2567 1362 2618 με,
1392 2551 1489 2604 καὶ
1515 2551 1694 2606 οὐδέν
1716 2571 1771 2622 με

1900 2547 2007 2600 loco
2027 2565 2239 2616 pascuae
2264 2549 2335 2602 ibi
2368 2568 2448 2605 me
2487 2553 2782 2608 collocavit.
2829 2555 3000 2624 Super
3039 2575 3231 2628 aquam
3270 2561 3459 2630 quietis

210 2631 552 2698 ὑστερήσει.
613 2638 717 2700 Εἰς
748 2637 934 2688 τόπον
954 2638 1142 2705 χλόης
1167 2640 1291 2696 ἐκεῖ
1308 2660 1385 2711 με
1414 2644 1765 2711 κατεσκήνω

1903 2639 2132 2694 educavit
2162 2657 2262 2704 me,
2307 2644 2541 2697 animam
2581 2662 2748 2700 meam
2779 2650 3033 2702 convertit
3055 2651 3118 2704 η.
3171 2651 3249 2706 Ex
3283 2656 3462 2722 genti-

123 2802 126 2805 .
211 2738 317 2776 σεν
339 2739 354 2753 ⁸
395 2724 496 2776 ἐπὶ
527 2725 747 2792 ὕδατος
777 2729 1174 2798 ἀναπαύσεως
1201 2733 1486 2803 ἐξέθρεψέ
1533 2753 1642 2806 με,
1677 2758 1682 2784 τ

1900 2731 1996 2788 bus
2045 2749 2212 2804 porro
2241 2751 2337 2790 eos
2364 2739 2455 2808 qui
2485 2754 2610 2793 cum
2648 2741 2850 2810 impetu
2887 2740 3158 2806 feruntur,
3186 2750 3240 2798 et
3263 2745 3459 2799 adver-

214 2817 421 2886 ψυχήν
472 2836 592 2886 μου
639 2820 1008 2891 ἐπέστρεψε·
1046 2827 1172 2890 τοὺς
1203 2825 1259 2879 δὲ
1290 2828 1632 2897 ἀφηνιῶντας
1683 2830 1773 2882 τῶι

1900 2839 2014 2878 sum
2075 2825 2198 2893 ejus
2233 2841 2365 2882 oves
2399 2829 2712 2899 insurgunt,
2752 2830 2922 2900 virgae
2968 2830 3161 2886 ferreae
3213 2834 3459 2902 subjic.t,

213 2909 374 2961 ἐθνῶν
409 2911 503 2963 καὶ
536 2915 1034 2984 κατεπαιρομένους
1063 2917 1170 2970 τῶν
1203 2918 1367 2972 αὐτοῦ
1402 2919 1686 2990 προϐάτων
1721 2923 1772 2991 τῇ

1891 2930 1988 2986 per
2003 2913 2305 2971 Romanam
2325 2927 2645 2988 potestatem
2664 2921 2894 2976 domans
2906 2930 3068 2992 atque
3087 2931 3349 2980 atterens.
3373 2925 3448 2978 Ita

215 2999 386 3073 ῥάϐδῳ
423 3005 490 3074 τῇ
546 3005 738 3077 σιδηρᾷ
788 3007 1184 3063 καθυποτάττει
1229 3010 1484 3081 δαμάζων
1533 3012 1626 3066 καὶ
1665 3030 1774 3067 συν-

1900 3009 2098 3062 scilicet
2119 3009 2385 3080 contingit
2411 3012 2744 3068 insatiabiles
2771 3015 3010 3082 gentium
3055 3015 3266 3069 animos
3295 3025 3459 3086 atque

213 3096 406 3165 τρίϐων
434 3095 523 3150 διὰ
575 3099 673 3168 τῆς
715 3099 1026 3172 Ῥωμαῖκῆς
1055 3102 1392 3166 δυναστείας.
1475 3103 1630 3159 Οὕτω
1659 3105 1772 3174 γοῦι

1896 3099 2128 3170 impetus
2150 3101 2411 3157 adversus
2430 3102 2731 3158 Ecclesiam
2752 3103 2868 3169 Dei,
2892 3120 2988 3174 per
3013 3107 3160 3162 solas
3179 3105 3455 3162 Romano-

213 3189 493 3257 ουμϐαίνει
519 3186 626 3243 τῶν
660 3193 948 3264 ἀπλήστων
980 3194 1146 3247 ἐθνῶν
1174 3195 1299 3260 τοὺς
1327 3195 1531 3266 θυμοὺς
1561 3198 1654 3251 καὶ
1691 3198 1772 3261 τὰς

1901 3205 2014 3244 rum
2048 3193 2227 3248 minas
2263 3195 2587 3264 propulsari.
2626 3194 2815 3264 Neque
2841 3198 2985 3251 enim
3020 3198 3295 3268 principes
3325 3199 3460 3253 civi-

276 3245 288 3257 .
668 3245 673 3246 ν
793 3250 803 3264 .
902 3245 910 3247 ~
984 3245 1058 3247 -ίν
1128 3245 1134 3247 -
1187 3245 1295 3260 ⁷-νν
1335 3245 1527 3266 -νι--ννν
1563 3245 1653 3251 --νν-
1702 3245 1770 3260 ’ττι

211 3279 378 3349 ὁρμὰς
432 3281 532 3345 τὰς
583 3284 723 3336 κατά
777 3285 874 3355 τῆς
920 3285 1245 3355 Ἐκκλησίας
1294 3288 1385 3340 τοῦ
1415 3287 1550 3342 Θεοῦ
1574 3289 1660 3342 διὰ
1686 3291 1770 3362 τῆς

2108 3245 2139 3246 η
2203 3245 2222 3248 Ὗ
2265 3245 2586 3264 rursm---
2626 3245 2812 3264 _..-1_-
3059 3245 3294 3268 -----.,,--
3328 3245 3428 3253 ---.

1897 3289 2072 3336 tatum
2135 3299 2199 3338 ac
2250 3285 2622 3355 populorum,
2676 3286 2880 3342 Christi
2937 3245 3243 3342 doctrinam
3276 3330 3291 3356 ,
3347 3305 3456 3358 qua

222 3369 530 3441 Ῥωμαῖκῆς
564 3373 792 3445 ἀπειλῆς
844 3376 1277 3446 ἀνακρούεσθαι,
1335 3380 1433 3432 οὑκ
1468 3379 1532 3432 ἂν
1564 3383 1781 3452 ἐπιτρε-

1896 3370 2078 3428 eorum
2126 3374 2194 3430 de
2240 3377 2398 3430 turba
2432 3379 2718 3432 numinum
2747 3395 2904 3436 error
2933 3386 3216 3449 evertitur,
3248 3384 3302 3437 in
3339 3400 3455 3438 tue-

213 3461 418 3530 ᾧάντων
455 3464 562 3517 τῶν
597 3467 738 3520 κατὰ
769 3467 950 3531 πόλεις
974 3469 1252 3540 ἀρχόντων
1274 3487 1332 3523 τε
1363 3471 1456 3524 καὶ
1488 3469 1694 3542 δήμων,
1726 3475 1772 3526 ὲκ.

1898 3463 1980 3517 lio
2013 3464 2099 3519 sui
2145 3467 2450 3522 consistere
2482 3467 2766 3534 sinerent,
2816 3470 2922 3522 uisi
2968 3471 3286 3525 imminente
3322 3471 3457 3540 ipsis

215 3555 390 3624 μέσοις
435 3558 616 3610 αὐτῶν
667 3560 926 3630 συστῆναι
969 3560 1063 3614 τοῦ
1118 3563 1356 3633 Χριστοῦ
1413 3564 1774 3627 διδασκαλίαν1

1892 3552 2257 3610 Romanorum
2307 3566 2491 3623 metu,
2540 3573 2604 3614 ac
2651 3558 2756 3614 nisi
2793 3559 2982 3628 jussu,
3025 3561 3229 3630 quibus
3260 3571 3451 3617 conte-

214 3647 606 3722 ἀνατρεπτικὴν
637 3653 736 3722 τῆς
763 3652 1019 3706 πολυθέου
1055 3655 1263 3726 πλάνης
1286 3656 1464 3709 αὐτῶν
1489 3658 1773 3726 τυγχάνουε

1895 3656 2104 3710 runtur,
2151 3657 2212 3703 ut
2255 3665 2436 3720 neque
2479 3652 2784 3705 concedant
2835 3651 2972 3721 ipsis
3014 3655 3097 3707 vel
3140 3664 3304 3723 caput
3345 3653 3454 3706 cri-

215 3756 324 3802 σαν,
351 3743 400 3793 εἰ
433 3747 508 3813 μὴ
547 3745 572 3796 ό
617 3741 924 3814 Ῥωμαϊκὸς
950 3746 1130 3809 αὐτοῖς
1162 3742 1229 3815 ἦν
1275 3748 1651 3818 ἐπηρτημένος
1693 3747 1774 3816 φό-

1894 3753 2048 3808 gere,
2089 3740 2301 3796 animos
2331 3757 2522 3796 eorum
2556 3740 2796 3797 frenaret
2843 3753 3004 3813 atque
3051 3746 3453 3812 comprimeret.

212 3833 314 3898 6ος,
341 3835 437 3886 καὶ
465 3835 532 3888 τὰ
565 3835 916 3910 συντρίϐοντα
945 3838 1142 3900 αὐτοὺς
1169 3838 1262 3890 καὶ
1295 3838 1367 3909 μὴ
1405 3839 1578 3892 ἐῶντα
1614 3855 1771 3906 κεφα-

1895 3830 2004 3884 Alia
2058 3846 2276 3902 quoque
2325 3833 2513 3888 divina
2575 3848 2640 3887 ac
2688 3843 2899 3890 secreta
2948 3835 3150 3889 virtute
3201 3835 3454 3889 Christus

210 3923 299 3995 λὴν
329 3926 536 3996 ἐπᾶραι
567 3926 918 3996 διατάγματα
938 3929 1063 3992 τοὺς
1095 3929 1299 4000 θυμοὺς
1329 3929 1506 3984 αὐτῶν
1533 3929 1769 4000 ἐχαλίνοι

1896 3937 2015 3977 oves
2057 3938 2188 3978 suas
2221 3924 2416 3980 leniter
2459 3927 2669 3996 pascit,
2719 3941 2997 3996 nunquam
3041 3928 3108 3979 ab
3139 3927 3273 3995 ipsis
3302 3942 3455 3981 rece-

207 4017 293 4069 καὶ
319 4016 628 4089 συνέτριϐε.
657 4019 766 4070 Καὶ
788 4017 920 4090 ἄλλη
955 4019 1012 4072 δὲ
1039 4019 1191 4091 θεῖκῇ
1229 4022 1323 4074 καὶ
1365 4021 1660 4092 ἀπορρήτῳ
1691 4021 1766 4072 δυ-

1893 4017 2019 4072 tiens
2050 4018 2354 4072 secundum
2391 4020 2812 4089 promissionem
2843 4036 2950 4090 qua
2983 4037 3041 4076 se
3071 4020 3333 4090 obligavit
3366 4021 3452 4076 his

207 4108 354 4178 νάμει
389 4111 419 4159 ὁ
447 4109 682 4178 Χριστὸς
715 4107 782 4163 τά
809 4109 906 4178 μὲν
941 4110 1104 4163 αὑτοῦ
1133 4111 1379 4180 πρόϐατα
1410 4111 1630 4182 ἡμέρως
1665 4129 1766 4165 ποι-

1894 4110 2067 4165 verbis
2099 4128 2113 4163 :
2163 4108 2262 4162 Ubi
2299 4111 2404 4165 duo
2438 4111 2515 4165 vel
2553 4122 2656 4165 tres
2694 4113 2995 4182 congregati
3029 4113 3232 4180 fuerint
3267 4113 3317 4164 in
3360 4129 3453 4166 no-

201 4199 402 4269 μαίνει,
445 4199 715 4272 μηδέποτε
747 4202 1045 4274 ἀναχωρῶν
1078 4204 1170 4254 ἀπ’
1204 4202 1401 4265 αὐτῶν,
1437 4203 1557 4257 καθ’
1585 4204 1650 4274 ἣν
1682 4222 1760 4257 πει

1976 4216 2023 4252 ιε
2046 4215 2157 4254 meo
2177 4239 2190 4262 ,
2225 4198 2334 4252 illic
2360 4216 2476 4253 sum
2504 4200 2558 4253 in
2582 4201 2754 4255 medio
2783 4217 2961 4255 eorum
2995 4201 3035 4232 ιτ
3061 4216 3077 4265 ;
3109 4209 3162 4254 et
3191 4215 3406 4254 rursum
3437 4219 3449 4254 :
3534 4235 3535 4238 η

208 4292 420 4361 ποίηται
465 4293 796 4361 ἐπαγγελίαν
848 4296 1056 4365 φήσας·
1101 4296 1284 4350 Ὅπου
1339 4293 1416 4349 ἂν
1453 4291 1576 4350 εἷεν
1601 4296 1767 4361 δύοιὶ

1892 4289 2020 4345 Ecce
2059 4307 2153 4359 ego
2199 4289 2457 4345 vobiscum
2504 4309 2618 4346 sum
2664 4291 2904 4346 omnibus
2952 4291 3134 4346 diebus
3175 4308 3338 4362 usque
3380 4291 3451 4343 ad

206 4382 352 4449 τρεῖς
379 4383 751 4452 συνηγμένοι
777 4385 846 4437 ἐν
870 4384 950 4450 τῷ
977 4387 1224 4454 ὀνόματί
1246 4403 1388 4454 μου,
1427 4385 1554 4440 ἐκεῖ
1571 4389 1687 4456 ειμι
1713 4387 1765 4442 ἐν

1892 4384 2397 4437 consummationem
2436 4386 2620 4440 surculi
2657 4385 2720 4438 ⁸⁸.
2756 4383 2861 4439 Eos
2901 4391 3079 4438 autem
3125 4384 3220 4453 qui
3263 4393 3451 4436 contra

204 4474 358 4543 μέσῳ
389 4474 595 4529 αὐτῶν
615 4492 628 4506 ·
655 4477 750 4529 καὶ
779 4477 938 4531 πάλιν
959 4494 972 4506 ·
1013 4476 1157 4531 Ἰδοὺ
1186 4477 1300 4546 ἐγὼ
1316 4481 1446 4546 μεθ’
1476 4477 1642 4547 ὑμῶν
1665 4481 1760 4548 εὶμ

1894 4473 2031 4526 ovile
2063 4488 2222 4527 suum
2253 4473 2424 4528 variis
2453 4472 2791 4543 temporibus
2823 4472 3141 4542 insurgunt,
3181 4472 3296 4540 ipse
3331 4487 3453 4524 rur-

205 4565 399 4630 ιάσας
421 4566 530 4631 τὰς
546 4566 769 4634 ἡμέρας
789 4568 899 4632 ἕως
921 4566 1032 4635 τῆς
1052 4570 1405 4634 συντελείας
1422 4567 1526 4622 τοῦ
1546 4567 1757 4634 αἰῶνος

1892 4582 2009 4620 sum
2042 4566 2247 4620 latente
2276 4573 2439 4635 atque
2471 4565 2726 4620 invisibili
2757 4572 3024 4635 potestate
3052 4563 3260 4618 invadit
3289 4571 3451 4632 atque

202 4662 320 4724 τοὺς
342 4661 387 4714 δ’
419 4660 886 4731 ἐπανισταμένους
916 4659 1080 4714 αὐτοῦ
1108 4664 1172 4732 τῇ
1197 4660 1398 4733 ποίμνῃ
1427 4661 1484 4712 ὲν
1506 4662 1619 4723 τοῖς
1642 4661 1761 4712 κατέ

1889 4659 2126 4728 castigat
2173 4658 2226 4711 in
2279 4658 2430 4726 virga
2480 4657 2690 4722 ferrea,
2755 4658 2864 4710 imo
2913 4658 3076 4712 etiam
3135 4654 3447 4724 superbiam

205 4755 422 4828 χρόνους
450 4754 712 4824 διωγμοῖς
739 4753 900 4809 πάλιν
930 4755 1095 4819 αὐτὸς
1125 4755 1445 4825 μετέρχεται
1468 4754 1665 4822 ἀφανεῖ
1685 4753 1764 4807 κα¹

1890 4764 2080 4803 eorum
2128 4747 2527 4818 elationemque
2584 4751 2940 4820 arrogantis,
3005 4758 3260 4816 tanquam
3324 4760 3449 4798 vasa

207 4847 414 4918 ἀοράτῳ
435 4845 666 4915 δυνάμει
697 4844 939 4908 κολάζων
968 4845 1026 4896 ὲν
1056 4845 1237 4916 ῥάϐδῳ
1270 4843 1483 4916 σιδηρᾷ,
1521 4843 1654 4896 ἀλλά
1687 4843 1766 4895 κα¹

1888 4844 2127 4893 testacea
2158 4837 2489 4910 confringit;
2534 4839 2606 4894 ita
2642 4849 2701 4894 ut
2733 4840 2847 4910 jam
2892 4839 3088 4893 inﬁniti
3137 4851 3328 4892 eorum
3377 4838 3447 4891 oh

206 4940 294 5010 τὴν
321 4939 703 5011 ὑπερηφανίαν
732 4938 910 4992 αὐτῶν
949 4939 1043 4992 καὶ
1074 4937 1156 4991 τδ
1178 4938 1400 5008 ἔπαρμα
1443 4937 1540 5006 τῆς
1580 4932 1765 4999 ἀλαζο-

1892 4931 2157 4987 divinitus
2216 4932 2461 4987 immissa
2509 4932 2579 4988 ab
2633 4934 2754 5003 ipso
2803 4931 3012 5001 flagella
3068 4927 3326 4984 commoti
3386 4943 3451 4983 ac

209 5035 344 5096 νείας
376 5034 456 5096 ὡς
483 5032 652 5103 σκεύη
682 5033 923 5104 κεράμια
959 5031 1232 5104 συντρίϐει
1254 5049 1266 5058 ·
1299 5031 1373 5094 ὡς
1411 5030 1510 5101 ήδη
1551 5029 1768 5100 μυρίους

1890 5024 2162 5094 perculsi,
2213 5025 2443 5094 gloriam
2495 5022 2607 5079 Deo
2655 5025 2932 5091 referant,
2985 5032 3039 5077 et
3086 5021 3449 5075 conﬁteantur

211 5125 378 5178 αὐτῶν
410 5125 518 5178 ὑπὸ
546 5123 654 5178 τῶν
679 5123 951 5194 θεηλάτων
979 5123 1140 5176 αὐτοῦ
1169 5121 1447 5193 μαστίγων
1487 5119 1770 5190 ἐλαυνομέ-

1888 5117 2188 5188 impietates
2239 5134 2388 5174 suas.
2444 5117 2719 5188 Tanquam
2772 5135 2898 5173 casa
2948 5115 3096 5187 ﬁguli
3150 5115 3447 5186 confringe:

212 5237 324 5282 νους
344 5219 527 5273 δοῦναι
557 5216 712 5283 δόξαν
735 5215 813 5286 τῷ
834 5215 954 5286 Θεῷ
975 5255 990 5280 ,
1021 5215 1115 5268 καὶ
1159 5211 1657 5284 ἐξομολογήσασθαι
1681 5211 1771 5276 τὰς

1890 5226 1977 5264 eos
2007 5225 2024 5264 :
2057 5211 2150 5280 qui
2186 5226 2292 5264 non
2328 5209 2587 5280 perdendi
2630 5224 2693 5264 ac
2721 5207 3074 5263 consumendi
3119 5221 3286 5260 causa
3316 5222 3449 5261 con-

213 5309 516 5373 δυσσεϐείας
559 5307 756 5362 αὐτῶν.
805 5307 899 5374 Ὠς
947 5307 1138 5373 σκεύη
1185 5303 1481 5373 κεραμέως
1539 5303 1772 5371 συντρί-

1886 5303 2048 5369 terit,
2079 5302 2174 5358 sed
2205 5301 2565 5356 reformandi.
2601 5300 2700 5354 Hic
2729 5310 2812 5354 est
2840 5303 2984 5355 enim
3019 5299 3166 5370 ligul-i
3204 5313 3406 5367 sc0pus
3428 5337 3445 5364 ,

215 5402 339 5466 1,"2’€l(‘
361 5401 584 5465 αὐτούς
601 5415 615 5429 ⁸
652 5399 751 5468 οὐχ
780 5397 923 5451 ὥστε
949 5394 1210 5449 ἀπολέσαι
1232 5395 1327 5447 καὶ
1355 5391 1628 5446 ἀναλῶσαι
1657 5408 1774 5446 συν-

1888 5409 2008 5447 cum
2052 5410 2183 5448 vasa
2229 5395 2447 5464 pr0pria
2490 5393 2763 5457 conterit,
2805 5391 3025 5462 quando
3055 5391 3266 5447 scilicet
3306 5391 3447 5444 inte-

217 5492 395 5561 τρίϐει,
429 5492 545 5546 ἀλλ’
575 5491 715 5545 ὥστε
749 5489 1086 5544 ἀναπλάσαι·
1137 5487 1272 5558 πρὸς
1311 5486 1471 5540 τοῦτο
1517 5486 1625 5558 γὰρ
1656 5503 1776 5539 σκο-

1888 5501 2031 5556 gram
2075 5487 2257 5541 adhuc
2297 5495 2352 5542 et
2403 5499 2589 5540 sanam
2635 5485 2918 5540 materiam
2963 5500 3119 5541 suam
3169 5500 3276 5538 non
3321 5491 3447 5536 ante

220 5585 308 5650 πὸς
326 5587 400 5660 τῷ
426 5587 666 5661 κεραμεῖ
688 5582 991 5654 συντρίϐειν
1016 5581 1084 5633 τὰ
1127 5583 1300 5634 οἰκεῖα
1325 5579 1491 5650 σκεύη
1510 5619 1524 5643 ,
1548 5579 1673 5632 ὅταν
1704 5576 1779 5631 ἔτι

1888 5577 1992 5648 igni
2034 5577 2290 5632 traditam
2329 5586 2638 5633 conservat.
2677 5575 2802 5632 Haec
2831 5576 3153 5633 testiﬁcatur
3179 5574 3447 5631 Jercmias

281 5767 320 5798 “
356 5767 490 5826 Dan.
569 5786 632 5834 ιι,
689 5767 776 5828 40,
875 5765 915 5795 ⁸⁵
960 5761 1092 5816 Dan.
1124 5761 1322 5829 vu,-7.
1404 5761 1444 5837 ξε
1486 5758 1633 5815 Psal.
1669 5771 1825 5822 ιλιι,

1809 5797 1825 5822 ,
1862 5756 1972 5812 1-5.
2057 5756 2095 5785 ¹⁷
2140 5755 2326 5810 Matth.
2364 5770 2528 5820 xvm,
2565 5755 2653 5810 ‘20.
2735 5755 2776 5786 "
2819 5752 3006 5809 Matth.
3042 5767 3246 5818 xxvm,
3277 5749 3368 5804 20.
