3948 6286
469 312 530 368 9|
1160 299 1427 357 EUSEBH
1465 298 1943 357 CAESARIENSIS
1982 295 2353 355 OPP.PA'RS.
2388 298 2477 355 Ill.
2515 330 2589 341 —
2615 297 3027 354 EXEGETICA.
3631 294 3701 349 9?.

468 426 765 499 propheta.
795 422 922 478 du‘m
954 422 1114 492 quasi
1142 436 1207 476 ex
1238 434 1469 490 persona
1503 418 1597 475 Dei
1628 417 1709 474 sic
1738 415 1980 487 loquitur
2007 433 2020 470 :

2155 414 2257 484 ιγιῆ
2285 417 2377 466 καὶ
2401 416 2657 483 ἀκέραιον
2680 411 2828 484 σώζῃ
2849 410 2943 463 τοῦ
2972 406 3259 481 κεραμέως·
3289 408 3390 481 τὴν
3417 407 3703 463 οιάπλασιν

473 516 726 588 Nunquid
761 517 898 570 sicut
927 513 1120 584 ﬁgulus
1150 530 1254 567 non
1290 521 1469 581 potero
1504 511 1646 566 vobis
1681 510 1881 580 facere,
1918 506 2016 561 do-

468 628 586 664 mus
622 608 789 662 Israel
814 647 828 671 ,
863 606 994 663 dicit
1025 605 1285 663 Dominus
1316 605 1402 657 "‘I
1432 604 1484 659 id
1514 612 1628 667 est,
1660 604 1740 660 sic
1766 610 1820 658 et
1851 603 2034 671 lapsos

468 701 794 764 reformare,
836 714 900 753 ac
939 712 1135 754 rursus
1174 697 1230 752 in
1270 696 1559 767 pristinam
1598 695 1831 751 formam
1871 696 2037 751 resti-

469 806 638 849 tuere.

545 1082 706 1139 Vatis.
755 1081 937 1137 10-12.
983 1081 1052 1135 Et
1098 1098 1262 1146 nunc,
1321 1097 1494 1151 reges,
1554 1078 1865 1150 mtelligite,
1925 1096 2040 1133 eru-

471 1176 661 1230 dimini
688 1176 777 1245 qui
798 1174 1058 1244 judicatis
1092 1183 1308 1227 terram.
1344 1173 1546 1227 Servite
1599 1172 1823 1225 Domino
1866 1172 1919 1225 in
1969 1173 2037 1225 ti-

472 1284 647 1332 more,
702 1277 752 1322 et
795 1266 1058 1321 exsultate
1102 1267 1151 1319 ei
1194 1281 1314 1318 cum
1356 1274 1598 1318 tremore.
1656 1263 2038 1335 Apprehendite

470 1357 842 1430 disciplinam.
876 1375 939 1413 ne
978 1356 1189 1429 quando
1224 1357 1493 1410 irascatur
1534 1355 1811 1410 Dominus.
1854 1355 2039 1409 Evan-

471 1451 700 1521 gelicam
738 1449 993 1505 videlicet
1039 1448 1211 1518 legem
1276 1446 1531 1517 exponit,
1580 1447 1705 1501 inde
1763 1448 2036 1501 translato

474 1546 726 1600 sertnone
748 1582 762 1608 ,
795 1536 1137 1613 principibus
1167 1555 1228 1595 ac
1270 1540 1490 1610 regibus
1512 1578 1526 1602 ,
1576 1539 1631 1593 in
1670 1539 1821 1609 virga
1863 1539 2038 1593 ferrea

474 1634 1066 1705 pascendis;aitque:
1119 1629 1305 1686 Heus!
1360 1644 1487 1694 vos,
1538 1629 1692 1700 gnari
1740 1638 1794 1683 et
1838 1629 2039 1684 intelli-

474 1734 665 1798 gentes
691 1732 893 1796 quanta
922 1731 1165 1793 potestas
1197 1722 1317 1792 ejus
1349 1721 1422 1777 sit
1448 1721 1541 1792 qui
1572 1736 1602 1775 a
1633 1719 1795 1776 Patre
1827 1721 2038 1791 accepit

476 1827 667 1889 gentes
694 1819 749 1872 in
782 1815 1155 1871 hereditatem
1179 1854 1193 1880 ,
1224 1821 1278 1868 et
1303 1814 1483 1884 qualis
1513 1813 1584 1867 sit
1622 1812 1774 1883 virga
1807 1812 1897 1865 illa
1928 1810 2038 1866 fer-

473 1923 571 1965 rea
619 1914 809 1964 contra
856 1921 949 1961 vos
1000 1912 1202 1969 erecta,
1233 1904 1395 1960 tinem
1436 1910 1627 1958 contra
1653 1917 1775 1958 eum
1808 1902 2042 1957 bellandi

479 2000 674 2063 facite,
722 1999 817 2054 sed
863 1998 1049 2069 potius
1097 2003 1321 2067 accepta
1358 1994 1755 2066 intelligentia,
1800 1993 2046 2049 rationa-

482 2090 581 2148 bili
614 2089 921 2148 disciolinze
946 2103 1044 2145 vos
1072 2086 1443 2143 instituendos
1475 2085 1689 2141 tradite.

543 2262 713 2320 Vens.
748 2264 838 2318 15.
882 2263 1017 2318 Cum
1051 2262 1313 2317 exarserit
1350 2260 1408 2315 in
1437 2262 1575 2316 brevi
1607 2263 1689 2316 ira
1716 2262 1830 2331 ejus
1854 2278 1872 2315 :
1906 2261 2046 2315 beati

478 2376 657 2413 omnes
695 2358 785 2427 qui
824 2353 1096 2425 conﬁdunt
1133 2354 1187 2407 in
1219 2369 1299 2408 eo.
1335 2351 1491 2420 Quod
1524 2361 1705 2408 autem
1736 2353 1792 2407 in
1821 2353 1935 2409 Deo
1965 2354 2045 2408 ira

479 2461 535 2505 et
563 2449 717 2504 furor
744 2462 853 2502 non
884 2448 994 2502 sint
1020 2447 1293 2516 passiones
1316 2486 1330 2511 ,
1361 2445 1661 2500 declaravit
1688 2445 1879 2500 beatus
1903 2444 2048 2499 Pau-

479 2545 567 2599 lus
596 2541 683 2596 his
710 2540 931 2596 verbis:
965 2537 1263 2593 Secundum
1302 2545 1478 2591 autem
1516 2536 1772 2590 duritiam
1805 2546 1971 2589 tuam'.
1994 2547 2043 2589 et

480 2635 803 2705 impmnitens
842 2649 953 2694 cor,
999 2630 1329 2684 thesaurizas
1360 2628 1456 2682 tibi
1488 2628 1624 2681 iram
1657 2628 1711 2680 in
1740 2625 1824 2679 die
1847 2627 1943 2680 ira:
1973 2627 2041 2683 ²⁰.

479 2727 645 2794 Queis
672 2723 962 2796 signiﬁcat,
994 2728 1342 2791 peccatorum
1370 2719 1709 2789 punitionem
1734 2717 1918 2770 vocari
1945 2715 2048 2769 fu-

480 2834 661 2874 rorem
690 2825 745 2873 et
771 2816 927 2870 iram.
957 2812 1083 2883 Ipsi,
1109 2813 1304 2882 inquit,
1328 2811 1548 2866 Christo
1577 2808 1934 2874 conﬁdentes,
1952 2809 2045 2879 qui

484 2924 579 2981 per
604 2915 775 2963 totum
807 2906 952 2961 hunc
983 2902 1252 2974 psalmum
1290 2902 1603 2972 praphctice
1630 2900 2044 2970 praenuntiatum

479 3020 586 3059 non
624 3002 796 3056 multo
824 3008 1033 3070 postea,
1064 2995 1244 3050 brevis
1278 3008 1512 3063 namque
1541 3007 1780 3062 prmsens
1803 2991 1915 3046 vita
1939 2999 2044 3057 est,

478 3096 624 3153 beati
650 3093 1010 3164 reperientur.
1050 3088 1148 3142 His
1178 3095 1359 3141 autem
1382 3086 1564 3140 verbis
1586 3100 1651 3139 ea
1673 3085 1872 3140 litteris
1903 3099 2052 3138 con-
2076 3105 2118 3159 ρ

484 3189 683 3258 signat,
720 3199 842 3255 quae
880 3182 935 3236 in
968 3180 1146 3251 primo
1173 3179 1383 3249 psalmo
1413 3177 1657 3232 deerant.
1692 3175 1811 3230 Non
1854 3175 2052 3231 sullicit

481 3282 625 3337 enim
665 3280 720 3334 in
759 3277 1047 3333 consilium
1082 3274 1375 3343 impiorum
1416 3285 1527 3323 non
1567 3267 1848 3331 accedere,
1882 3267 1936 3321 in
1964 3268 2051 3322 via

482 3378 833 3445 peccatorum
864 3385 970 3423 non
998 3375 1165 3430 stare,
1202 3372 1256 3420 et
1283 3365 1339 3419 in
1370 3363 1487 3432 lege
1520 3360 1808 3427 meditari;
1845 3367 1901 3413 at
1943 3375 2051 3414 non

487 3468 691 3519 brustra
719 3460 1091 3517 meditandum
1118 3465 1223 3523 est,
1248 3458 1342 3513 sed
1363 3471 1429 3510 ex
1453 3454 1522 3509 iis
1549 3453 1615 3507 ad
1640 3452 1843 3508 Christi
1866 3452 2054 3522 cogni-

485 3558 687 3612 tionem
729 3555 914 3610 venire
948 3568 1044 3623 par
1079 3557 1186 3613 est,
1227 3549 1283 3603 in
1328 3545 1571 3615 ejusdem
1630 3551 1837 3616 partem
1888 3551 2053 3613 atque

485 3646 852 3703 lnereditatem
905 3642 1183 3705 accedere,
1219 3652 1284 3691 ac
1329 3652 1423 3706 per
1460 3635 1618 3689 ﬁdem
1656 3643 1712 3689 et
1750 3649 1912 3704 opera
1948 3632 2049 3703 ipsi

484 3740 777 3797 conﬁdere.
805 3736 940 3792 Cum
968 3737 1146 3805 itaque
1169 3732 1405 3786 duorum
1425 3729 1689 3782 horumce
1717 3728 2050 3798 psalmorum

485 3848 592 3888 una
631 3831 705 3888 sit
742 3828 1032 3891 sententia,
1063 3825 1187 3895 jure
1230 3822 1269 3877 ii
1308 3820 1451 3891 apud
1486 3818 1742 3875 Hebraeos
1772 3816 2052 3888 conjuncti

486 3938 634 3982 sunt.

871 4020 1268 4079 ENARRATIO
1308 4018 1556 4073 PSALMl
1589 4016 1657 4071 111

489 4125 739 4182 Psalmus
786 4118 977 4183 David,
1019 4112 1509 4254 quangloufuqiebat
1549 4127 1582 4163 a
1622 4109 1757 4179 [acie
1799 4104 2052 4160 Absalom

1215 4200 1253 4236 ιι
1291 4198 1393 4236 sui.

558 4301 723 4357 Vens.
747 4300 797 4355 1.
821 4297 1142 4353 Necessario
1167 4302 1384 4364 tempus
1405 4295 1650 4355 adnotat,
1672 4298 1732 4343 ut
1751 4287 1913 4342 dictis
1937 4287 2052 4342 suis

489 4393 800 4463 Regnorum
825 4387 1106 4442 historiam
1131 4391 1441 4449 connectat,
1461 4390 1628 4451 utque
1647 4380 1976 4442 ediscamus,
1994 4393 2052 4432 se

2137 504 2349 559 οὐδέπω
2379 503 2510 573 πυρὶ
2562 501 3037 574 προσωμιληκότα.
3081 500 3301 562 Τούτοις
3341 498 3398 551 δὲ
3445 502 3707 569 μαρτυρεῖ

2138 597 2228 649 καὶ
2255 599 2283 649 ὁ
2311 596 2576 666 μακάριος
2613 593 2878 665 Ἱερεμίας
2901 593 2930 644 ὁ
2968 591 3253 663 προφήτης
3272 630 3286 653 ,
3336 588 3508 657 λέγων
3535 590 3611 653 ὡς
3640 592 3706 643 ἐκ

2136 685 2228 738 τοῦ
2259 685 2426 739 Θεοῦ·
2466 685 2532 738 Ἢ
2561 683 2756 750 καθὼς
2782 686 2814 738 ό
2847 682 3158 752 κεραμεὺς,
3209 681 3391 747 οὕτως
3417 682 3489 734 οὐ
3524 680 3707 748 burna-

2136 793 2314 847 σομαι
2343 776 2448 830 τοῦ
2470 774 2716 844 ποιῆσαι
2739 774 2901 843 ὑμῖν,
2925 774 3095 839 οἶκος
3122 771 3379 840 Ἰσραὴλ,
3405 769 3567 840 λέγει
3593 774 3709 826 Κύ-

2128 884 2295 937 ριος;
2329 868 2623 931 τουτέστιν,
2689 866 2830 919 οὕτω
2861 868 2957 920 καὶ
2989 866 3343 927 διαπεσόντας
3378 861 3704 930 ἀναπλάσαι,

2138 959 2231 1013 καὶ
2266 959 2425 1013 πάλιν
2459 961 2537 1022 εἰς
2567 959 2628 1013 τὸ
2664 960 2888 1030 ἀρχαῖον
2921 956 3389 1025 ἀποκαταστῆσαι.

2207 1051 2316 1105 Καὶ
2343 1050 2477 1113 νῦν,
2504 1049 2801 1115 βασιλεῖς,
2831 1050 3065 1111 σύνετε,
3091 1046 3445 1115 παιδεύθητε
3486 1046 3709 1114 πάντες

2136 1148 2191 1200 οἱ
2222 1147 2526 1213 κρίνοντες
2558 1144 2672 1213 τὴν
2696 1143 2831 1214 γῆν.
2875 1143 3251 1196 Δουλεύσατε
3289 1140 3369 1206 τῷ
3418 1141 3616 1209 Κυρίῳ
3641 1142 3713 1194 ἐν

2137 1239 2316 1306 φόϐῳ,
2346 1237 2442 1291 καὶ
2476 1235 2846 1307 ἀγαλλιᾶσθε
2884 1234 3044 1299 αὐτῷ
3067 1234 3136 1286 ὲν
3161 1235 3369 1301 τρόμῳ.
3407 1231 3714 1299 Δράξασθε

2138 1325 2426 1392 παιδείας,
2446 1326 2675 1395 μήποτε
2699 1324 2945 1395 ὀργισθῇ
2963 1325 3194 1392 Κύριος.
3225 1323 3336 1392 Τῆς
3354 1319 3715 1391 εὐαγγελικῆς

2137 1418 2377 1490 δηλονότι
2405 1417 2739 1489 νομοθεσίας.
2780 1414 3055 1469 Ἐντεῦθεν
3104 1413 3478 1485 μεταϐατικῶς
3503 1415 3532 1467 ὁ
3559 1413 3715 1481 λόγος

2136 1508 2478 1563 διδασκαλίαν
2494 1509 2887 1571 ὲκτίθεταιτοῖς
2917 1508 3142 1579 ἄρχουσι
3174 1506 3390 1569 καὶτοῖς
3414 1503 3715 1575 βασιλεῦσι,

2137 1602 2249 1662 τοῖς
2295 1599 2400 1653 ὑπὸ
2442 1601 2508 1670 τῇ
2551 1599 2747 1670 σιδηρᾷ
2791 1597 2973 1670 ῥάϐδῳ
3018 1595 3569 1667 ποιμανθησομένοις,
3622 1595 3714 1647 καί

2140 1707 2332 1761 φησιν·
2355 1691 2436 1744 ὅτι
2460 1690 2722 1755 Γνῶντες,
2752 1684 2797 1743 ὦ
2825 1684 2991 1750 οὗτοι,
3022 1688 3116 1742 καὶ
3137 1688 3387 1749 συνόντες
3426 1685 3602 1756 ὁπόση
3632 1703 3718 1749 τις

2141 1783 2423 1855 ὴρδύναμις
2453 1782 2548 1837 τοῦ
2591 1781 2742 1853 παρὰ
2769 1780 2863 1834 τοῦ
2901 1780 3114 1850 Πατρδς
3154 1778 3434 1849 εἰληφότος
3472 1777 3541 1832 τὰ
3587 1777 3717 1849 ἔθνη

2143 1872 2522 1945 κληρονομίαν,
2548 1873 2641 1927 καὶ
2661 1873 2823 1925 ὁποία
2848 1888 2933 1935 τις
2962 1870 3265 1942 τυγχάνειή
3301 1868 3493 1941 σιδηρᾶ
3521 1868 3718 1940 ῥάϐδος

2144 1967 2178 2037 ἡ
2213 1966 2335 2019 καθ’
2376 1965 2528 2037 ὑμῶν
2563 1963 2978 2036 ὲπεγειρομένη,
3025 1960 3305 2015 παύσασθε
3352 1959 3719 2031 πολεμοῦντες

2144 2059 2291 2131 αὑτῷ
2307 2078 2319 2092 ·
2341 2059 2699 2123 ἀπολαϐόντες
2722 2058 2777 2113 δὲ
2807 2057 3004 2129 μᾶλλον
3028 2055 3237 2110 σύνεσιν
3259 2054 3469 2109 ὲπίδοτε
3489 2054 3720 2118 ἑαυτοὺς

2143 2155 2209 2226 τῇ
2242 2153 2432 2223 λογικῇ
2465 2151 2703 2221 παιδείᾳ.

2219 2245 2394 2297 Ὅταν
2419 2241 2686 2310 ἐκκαυθῇ
2715 2242 2783 2295 ἐν
2814 2239 2979 2310 τάχει
3000 2243 3032 2295 ὁ
3067 2238 3253 2308 θυμὸς
3277 2237 3494 2293 αὐτοῦ·
3522 2233 3720 2305 μακάη

2137 2353 2256 2405 ριοι
2285 2334 2509 2401 πάντες
2552 2336 2605 2387 ol
2635 2333 2980 2398 πεποιθότες
3030 2332 3122 2385 ἐπ’
3168 2329 3328 2396 αὐτῷ
3349 2348 3362 2361 ·
3395 2329 3518 2382 Ὀτι
3555 2329 3614 2383 δὲ
3642 2327 3720 2399 μὴ

2146 2427 2304 2494 πάθη
2331 2426 2463 2480 Θεοῦ
2485 2426 2620 2497 ὀργὴ
2652 2426 2744 2479 καὶ
2765 2423 2952 2495 θυμὸς,
2975 2425 3003 2477 ὁ
3027 2422 3294 2494 μακάριος
3318 2420 3550 2491 ἐδήλωσε
3573 2419 3723 2473 Παῦ⁹

2146 2518 2235 2583 λος
2263 2518 2430 2572 είπών
2447 2536 2459 2548 ·
2489 2519 2654 2575 Κατὰ
2673 2515 2740 2570 δὲ
2762 2517 2877 2584 τὴν
2901 2513 3288 2583 σκληρότητά
3309 2527 3425 2569 σου
3453 2513 3552 2567 καὶ
3580 2514 3722 2582 ἀμε-

2147 2611 2438 2679 τανόητον
2484 2610 2756 2678 καρδίαν,
2785 2605 3159 2678 θησαυρίζεις
3194 2604 3387 2671 ἑαυτῷ
3426 2605 3614 2676 ὀργὴν
3650 2606 3724 2658 ἐν

2150 2702 2336 2769 ἡμέρᾳ
2368 2699 2578 2770 ὀργῆς·
2607 2701 2674 2753 δι’
2721 2692 2795 2752 ὧν
2846 2698 3097 2768 σημαίνει
3145 2697 3246 2768 τὴν
3291 2697 3377 2767 ἐφ’
3426 2697 3723 2768 ἁμαρτίαις

2149 2789 2367 2844 κόλασιν
2405 2788 2662 2861 εἰρῆσθαι
2709 2788 2878 2858 θυμὸν
2928 2789 3023 2840 καὶ
3057 2787 3247 2857 ὀργήν.
3296 2786 3411 2839 Ἐπ’
3454 2786 3601 2857 αὐτῷ
3638 2786 3722 2853 δὲ,
3825 2781 3835 2792 ’

2149 2879 2315 2963 λέγει,
2367 2880 2684 2943 πεποιθότες
2732 2878 2810 2949 τῷ
2860 2877 3321 2957 προιρητευομένῳ
3360 2877 3582 2950 Χριστῷ
3631 2878 3726 2933 διὰ

2151 2960 2349 3034 παντὸς
2376 2969 2468 3023 τοῦ
2494 2969 2729 3041 ψαλμοῦ,
2774 2971 2822 3024 οἱ
2850 2969 3043 3040 μικρὸν
3078 2966 3301 3039 ὕστερον
3340 2960 3566 3045 (βραχὺς
3613 2969 3727 3041 γὰρ

2150 3064 2299 3128 ἅπας’
2327 3065 2355 3118 ὁ
2407 3062 2594 3134 παρὼν
2637 3060 2771 3133 βίος)
2808 3060 3191 3133 εὑρεθήσονται
3240 3061 3517 3132 μακάριοι.
3560 3061 3633 3113 Τὸ
3665 3062 3726 3114 δὲ

2151 3154 2332 3212 λεῖπον
2355 3158 2466 3217 τοῖς
2491 3156 2547 3207 ἐν
2574 3153 2652 3223 τῷ
2686 3151 2885 3224 πρώτῳ
2915 3151 3116 3223 ψαλμῴ
3152 3150 3240 3204 διὰ
3277 3151 3480 3205 τούτων
3513 3150 3727 3205 ἀπέδω-

2152 3266 2266 3303 κεν.
2297 3250 2372 3303 Οὐ
2410 3246 2516 3319 γὰρ
2543 3247 2702 3318 ἀρκεῖ
2728 3246 2884 3318 μόνον
2910 3245 2971 3297 τὸ
3003 3243 3076 3317 μὴ
3110 3243 3436 3316 πορεύεσθαι
3469 3245 3527 3297 ἐν
3557 3243 3724 3315 βουλῇ

2152 3339 2384 3403 ἀσεϐῶν,
2428 3338 2548 3391 οῦδὲ
2592 3337 2652 3392 τὸ
2684 3337 2756 3410 μὴ
2788 3336 2981 3407 στῆναι
3016 3337 3074 3387 ἐν
3099 3333 3203 3405 ὁδῷ
3248 3333 3591 3406 ἁμαρτωλῶν
3631 3335 3727 3387 καὶ

2156 3434 2379 3505 μελετᾷν
2407 3433 2463 3486 ἐν
2493 3430 2570 3502 τῷ
2627 3430 2804 3501 νόμῳο
2834 3428 2967 3482 ἀλλὰ
2993 3428 3101 3499 γὰρ
3150 3426 3213 3497 δὴ
3246 3428 3339 3481 καὶ
3372 3427 3445 3498 μὴ
3473 3427 3728 3497 διακενῆς

2157 3526 2419 3597 μελετᾷν,
2455 3522 2591 3578 ἀλλὰ
2633 3522 2834 3591 γνῶναι
2877 3519 3108 3594 Χριστὸν
3148 3519 3207 3586 ἐξ
3257 3519 3453 3583 αὐτῶν,
3502 3519 3597 3572 καὶ
3627 3519 3727 3590 τῆς

2153 3619 2316 3672 αὐτοῦ
2348 3615 2598 3685 γενέσθαι
2631 3615 2845 3688 μερίδος
2876 3631 2934 3667 τε
2968 3612 3062 3667 καὶ
3100 3610 3482 3681 κληρονομίας,
3512 3611 3607 3662 καὶ
3637 3611 3730 3664 διὰ

2154 3709 2388 3771 πίστεως
2418 3708 2512 3761 καὶ
2560 3707 2735 3779 ἔργων
2784 3707 2867 3759 ἐπ’
2915 3702 3062 3773 αὐτῷ
3109 3701 3440 3756 πεποιθέναι.
3488 3702 3728 3767 Εἰκότως

2151 3801 2279 3871 ἄρα,
2345 3801 2474 3870 μιᾶς
2525 3797 2692 3869 οῦσης
2723 3797 2822 3869 τῆς
2874 3795 3143 3859 διανοίας,
3206 3792 3537 3864 συνημμένοι
3594 3796 3727 3866 παρ’

2162 3890 2432 3961 Ἑϐραίοις
2459 3892 2595 3945 εἰσὶν
2615 3892 2666 3943 oi
2691 3890 2785 3944 δύο
2809 3888 3031 3959 ψαλμοί.

2524 4005 2856 4062 ΕΞΗΓΗΣΙΣ
2888 4005 3024 4058 ΤΟΥ
3054 4001 3348 4057 ΨΑΛΜΟΥ
3377 3999 3417 4051 Γ
3417 4006 3450 4054 ’.

2159 4099 2500 4172 Ψαλμόςντῷ
2519 4097 2723 4172 Δαυῒδ,
2749 4099 2930 4172 ὁπότε
2955 4095 3394 4172 ἀπεδίδρασκεν
3409 4089 3527 4171 ἀπὸ
3548 4104 3730 4158 προσ-

2384 4161 2547 4224 ἱῦπόυ
2587 4161 2963 4237 Ἀϐεσσαλὼμ
2987 4165 3090 4219 τοῦ
3120 4161 3252 4218 υἱοῦ
3280 4161 3486 4216 αὐτοῦ.

2235 4287 2572 4359 Ἀναγκαίως
2598 4286 2689 4339 τὸν
2710 4282 2897 4357 καιρὸν
2918 4285 3079 4353 ὲπιση
3089 4278 3353 4352 μειοῦται,
3370 4277 3445 4339 ὡς
3468 4276 3535 4329 ἂν
3556 4277 3729 4347 ἐφαρ-

2157 4382 2310 4452 μόσοι
2356 4379 2453 4451 μὲν
2513 4380 2626 4441 τοῖς
2680 4375 2990 4445 λεγομένοις
3023 4373 3120 4442 τὴν
3151 4369 3258 4424 ἀπὸ
3285 4367 3394 4421 τῶν
3436 4364 3730 4420 Βασιλειῶν

490 4492 612 4557 post
640 4482 938 4537 admissum
973 4494 1096 4533 cum
1132 4491 1305 4531 uxore
1332 4472 1476 4528 Urit?
1506 4478 1812 4542 peccatum,
1847 4476 2048 4523 tantum

2168 4472 2425 4545 ἱστορίαν,
2462 4471 2557 4523 καὶ
2581 4468 2655 4531 ὡς
2690 4465 2754 4520 ἂν
2791 4464 3078 4536 μάθοιμεν,
3102 4462 3203 4523 ὅτι,
3243 4458 3379 4530 μετὰ
3410 4458 3471 4510 τὸ
3489 4455 3733 4527 ἐξαμαρ-

490 4575 742 4632 retulisse
773 4571 1107 4642 paenitentia:
1137 4569 1398 4629 fructum,
1433 4570 1491 4618 ut
1520 4577 1735 4617 rursum
1766 4559 1950 4614 divino
1979 4557 2060 4611 af-

490 4669 650 4724 ﬂatus
682 4665 884 4736 Spiritu
913 4663 1188 4734 psalleret.
1218 4656 1516 4714 Historiam
1547 4655 1690 4710 enim
1714 4666 1835 4723 quae
1861 4666 1974 4706 rem
2004 4651 2058 4704 in

494 4759 677 4816 Uriam
708 4764 916 4828 gestam
961 4752 1207 4823 respicit,
1235 4747 1590 4817 consequitur
1630 4743 1854 4799 rebellio
1881 4743 2057 4796 Absa-

491 4855 635 4910 Iouis
666 4852 723 4907 in
754 4860 981 4922 patrem.
1016 4845 1144 4900 inde
1185 4843 1330 4899 enim
1363 4841 1432 4895 ab
1464 4839 1586 4892 aliis
1626 4836 1929 4906 exemplum
1966 4850 2065 4890 sua

492 4954 673 5002 matur
712 4940 1124 5012 resipiscentiae,
1156 4945 1320 5005 atque
1370 4928 1685 4986 mutationis
1733 4944 1763 4981 a
1811 4926 2058 4998 pristinis

495 5040 654 5096 malis
685 5038 740 5091 in
769 5035 1045 5089 meliorem
1074 5029 1322 5098 frugem;
1352 5023 1710 5091 doctrinaque
1738 5019 1929 5074 isthaec
1957 5018 2060 5071 erit

497 5134 721 5189 sincerae
754 5128 818 5182 ad
850 5128 1018 5182 Deum
1054 5119 1455 5178 conversionis.
1496 5115 1753 5183 Aliasque
1783 5110 2060 5183 proprium

490 5223 764 5293 justorum
793 5224 878 5272 est
904 5213 1165 5271 aerumnis
1193 5209 1362 5275 allici;
1387 5205 1738 5277 quamobrem
1772 5202 1849 5258 ait
1877 5201 2066 5255 Salva-

499 5324 587 5369 tor
620 5333 632 5368 :
674 5311 739 5365 In
772 5308 963 5363 mundo
1011 5320 1315 5376 pressuram
1362 5299 1619 5355 habebitis
1640 5299 1718 5357 ";
1751 5307 1799 5351 et
1840 5305 2067 5367 angusta

495 5416 550 5463 et
572 5414 719 5460 arcta
750 5402 831 5458 aia
852 5410 930 5456 est
955 5416 1070 5469 qua:
1089 5397 1233 5451 ducit
1263 5394 1332 5449 ad
1358 5395 1518 5448 vitam
1540 5392 1606 5441 ".

571 5494 735 5551 Vsus.
790 5492 906 5548 ε-ι.
947 5490 1190 5553 Domine,
1237 5485 1361 5560 quid
1411 5482 1749 5549 multiplicati
1796 5488 1917 5534 sunt
1972 5478 2061 5546 qui

501 5585 756 5642 tribulant
799 5583 920 5638 me?
955 5580 1105 5634 multi
1146 5580 1422 5648 insurgunt
1453 5574 1730 5629 adversum
1761 5586 1857 5624 me.
1902 5567 2063 5621 Multi

2162 4566 2322 4636 τῆσαι
2349 4565 2425 4627 εἰς
2457 4563 2557 4633 τὴν
2587 4558 2681 4613 τοῦ
2714 4557 2931 4629 Οὐρίου,
2955 4552 3201 4608 τοσοῦτον
3239 4549 3591 4620 εἰσηνέγκατο
3631 4564 3730 4618 με-

2161 4657 2376 4719 τανοίας
2410 4652 2644 4725 καρπὸν,
2672 4651 2748 4713 ὼς
2767 4649 2927 4701 πάλιν
2952 4647 3009 4698 ὲν
3038 4643 3167 4712 θείῳ
3186 4640 3460 4712 Πνεύματι
3484 4637 3730 4708 ψάλλειν.

2165 4751 2394 4802 Ἕπεται
2412 4746 2524 4815 γὰρ
2549 4747 2615 4815 τῇ
2637 4740 2778 4796 κατὰ
2794 4740 2884 4792 τὸν
2907 4736 3104 4808 Οὐρίαν
3137 4732 3390 4805 ἱστορίαὴ
3425 4730 3517 4783 τοῦ
3546 4729 3732 4782 Ἀϐεσ-

2162 4840 2356 4911 σαλὼμ
2388 4836 2527 4891 κατὰ
2557 4834 2652 4888 τοῦ
2687 4832 2895 4903 πατρὸς
2920 4827 3303 4889 ἐπανάστασις.
3350 4823 3563 4876 Γένοιτο
3592 4821 3637 4874 δ’
3664 4820 3730 4874 ἂν

2161 4933 2226 4983 ἐκ
2250 4926 2453 4980 τούτων
2487 4924 2579 4977 καὶ
2609 4922 2817 4994 ἑτέροις
2858 4918 3030 4991 τροπὴ
3057 4918 3155 4988 τῆς
3181 4914 3288 4970 ἀπὸ
3322 4911 3600 4984 προτέρων
3635 4928 3733 4964 κα-

2162 5018 2272 5072 κῶν
2295 5017 2386 5069 ὲπὶ
2414 5014 2480 5068 τὰ
2510 5013 2742 5085 κρείττω
2774 5007 3073 5082 μεταϐολῆς
3091 5047 3105 5071 ,
3145 5001 3460 5058 διδασκαλία
3488 5018 3547 5053 τε
3596 5016 3731 5070 γνη-

2165 5110 2282 5172 σίας
2308 5108 2443 5178 πρὸς
2477 5107 2567 5160 τὸν
2598 5105 2730 5158 Θεὸν
2755 5099 3110 5171 ἐπιστροφῆς.
3157 5098 3266 5150 Καὶ
3300 5095 3473 5156 ἄλλως
3505 5092 3562 5145 δὲ
3600 5091 3731 5144 ίδιον

2162 5199 2380 5253 δικαίων
2424 5198 2538 5251 ἐστὶ
2584 5196 2646 5250 τὸ
2684 5191 2991 5247 θλίϐεσθαι*
3025 5190 3104 5243 διὸ
3134 5188 3278 5243 καὶὸ
3308 5187 3499 5256 Σωτήρ
3533 5198 3726 5255 φησιν·

2180 5293 2279 5345 Ἐν
2299 5288 2379 5354 τῷ
2410 5288 2616 5356 κόσμῳ
2639 5285 2850 5352 θλίψιν
2895 5281 3092 5350 ἔχετε·
3128 5278 3226 5330 καὶ
3256 5275 3443 5342 στενὴ
3496 5273 3595 5326 καὶ
3644 5287 3734 5326 τε-

2169 5378 2459 5449 θλιμμένη
2487 5376 2658 5430 ἐστὶν
2680 5376 2718 5442 ἡ
2750 5371 2889 5438 ὁδὸς
2908 5373 2947 5439 ἡ
2970 5369 3289 5437 ἀπάγουσα
3314 5367 3407 5431 εἰς
3422 5362 3534 5432 τὴν
3559 5361 3728 5430 ζωήν.

2236 5471 2430 5538 Κύριε,
2459 5467 2515 5519 τι
2541 5464 3007 5531 ἐπληθύνθησαν
3034 5463 3088 5513 οἱ
3110 5455 3418 5521 θλίϐοντές
3438 5470 3514 5525 με
3530 5469 3549 5518 ;
3577 5456 3728 5508 Πολ-

2167 5562 2264 5618 .tol
2304 5558 2733 5615 ἐπανίστανται
2780 5554 2872 5610 ἐπ’
2919 5551 3056 5622 ἐμέο
3111 5547 3327 5604 πολλοὶ
3368 5546 3617 5615 λέγουσι
3638 5540 3732 5610 στῇ

575 5787 615 5820 λ’
655 5783 852 5840 Jerem.
888 5789 1052 5844 xvnt,
1084 5773 1137 5829 6.
1215 5772 1260 5803 '°
1299 5769 1457 5826 Rom.
1493 5786 1563 5836 II,
1731 5769 1773 5799 ²ι
1813 5763 1969 5822 Joan.
2010 5780 2048 5819 χ

2163 5760 2250 5817 53.
2328 5760 2372 5793 ¹¹
2414 5754 2602 5811 Matth.
2637 5769 2732 5821 vn,
2772 5752 2857 5808 Η.
