3948 6286
239 336 301 395 93
1407 329 1905 390 COMMEN'l'ARlA
1949 335 2012 390 IN
2053 334 2387 389 PSALMOS.
2708 409 2713 415 .
3449 335 3525 392 94

250 475 414 549 ψυχῇ
458 496 608 548 μουο
663 481 787 534 Οὐκ
826 479 953 534 ἔστι
997 477 1256 544 σωτηρία
1293 475 1452 540 αὐτῷ
1493 477 1563 529 ἐν
1593 476 1671 540 τῷ
1709 471 1831 538 Θεῷ

1938 472 2116 526 dicunt
2145 485 2337 523 ammte
2368 483 2494 522 mete
2529 481 2546 520 :
2585 467 2704 520 Non
2742 475 2818 521 est
2843 466 2990 521 salus
3027 468 3125 538 ipsi
3159 468 3212 522 in
3235 467 3343 524 Deo
3380 471 3520 540 ejus.

256 573 462 630 αὑτοῦ.
491 573 581 626 Σὺ
622 571 714 633 δὲ,
749 574 943 640 Κύριε,
970 569 1348 637 ἀντιλήπτωρ
1387 587 1506 639 μου
1555 564 1642 633 εἴ,
1687 567 1837 630 δόξα

261 682 394 736 μου,
430 662 529 716 καὶ
564 660 748 731 ὑψῶν·
780 661 893 728 τὴν
936 657 1206 727 κεφαλήν
1247 676 1387 727 μου.
1437 659 1649 720 Πάντας
1707 658 1834 710 διω-

265 759 434 831 γμοὺς
459 755 568 828 χρὴ
594 755 903 827 προσδοκᾷν
926 755 1050 816 τοῦς
1078 751 1218 806 κατὰ
1241 752 1373 805 Θεὸν
1396 751 1493 823 ζῇν
1516 767 1728 823 προῃρη
1739 751 1836 820 μέ-

266 870 408 916 νους.
450 849 604 912 Ἐπεὶ
635 847 777 902 κατὰ
802 848 892 899 τὸν
921 845 1238 899 Ἀπόστολον
1258 861 1270 873 °
1299 843 1529 910 Πάντες
1559 847 1612 896 οἱ
1641 843 1840 897 θέλον-

264 963 362 1010 τες
394 941 504 1010 ζῇν
535 939 801 1004 εὐσεϐῶς
841 939 910 992 ἐν
951 935 1180 1006 Χριστῷ
1233 935 1424 1004 Ἰησοῦ
1462 934 1832 1004 διωχθήσον-

265 1054 377 1090 ται.
419 1035 560 1087 Ἀλλ’
589 1035 645 1086 ὲν
675 1034 811 1085 πᾶσι
846 1031 1108 1102 προσήκει
1134 1028 1202 1080 τὰ
1234 1027 1380 1081 δεινὰ
1408 1026 1690 1098 καρτερῶς
1713 1028 1843 1080 ὑπο·

267 1131 450 1201 μένειν
472 1146 484 1158 ·
546 1127 668 1179 ἐπεὶ
711 1125 846 1196 μηδὲ
891 1125 1025 1195 πρὸς
1069 1123 1249 1192 ὀλίγον
1274 1122 1420 1174 ἐστὶν
1445 1122 1574 1191 ἡμῖν
1605 1122 1632 1172 6
1665 1119 1833 1187 ἁγὼν,

265 1221 401 1293 μηδὲ
433 1220 572 1291 πρὸς
603 1219 857 1290 μικροὺς,
903 1216 1038 1270 ἀλλὰ
1082 1214 1217 1286 πρὸς
1259 1213 1507 1274 πλείονας
1533 1212 1628 1265 καὶ
1664 1209 1836 1280 μεγάσ-

261 1315 410 1377 λους,
468 1311 528 1364 οὑ
569 1311 723 1382 μόνον
754 1311 878 1373 τοὺς
907 1311 963 1361 ὲν
1007 1306 1346 1378 ἀνθρώποις,
1398 1301 1534 1358 ἀλλὰ
1573 1303 1666 1354 καὶ
1711 1301 1838 1364 τοὺς

261 1405 534 1477 ἀοράτους
557 1400 802 1473 ἐχθρούς.
829 1400 936 1452 Καὶ
963 1399 1103 1453 κατὰ
1135 1398 1195 1450 τὸ
1226 1397 1386 1468 ῥητὸν
1416 1396 1504 1460 δὲ,
1540 1394 1701 1447 Δαυῖδ
1720 1433 1735 1455 ,
1771 1394 1836 1445 ὲκ

259 1498 389 1560 νέας
417 1497 634 1567 ἡλικίας
663 1495 766 1547 ὑπὸ
804 1492 896 1545 τοῦ
941 1492 1112 1545 Σαοὺλ
1153 1489 1512 1560 πολεμηθεὶς,
1566 1487 1659 1540 καὶ
1701 1486 1838 1557 μετὰ

257 1587 437 1640 ταῦτα
460 1585 564 1639 ὑπὸ
595 1583 798 1655 μυρίων
827 1581 1018 1645 ἄλλων,
1051 1582 1144 1634 καὶ
1164 1581 1314 1643 τέλος
1336 1579 1440 1632 ὑπὸ
1465 1577 1556 1631 τοῦ
1591 1576 1707 1630 υἱοῦ
1741 1576 1838 1645 τῆς

261 1677 542 1748 βασιλείας
577 1674 927 1744 ἐλαυνόμενος
963 1674 1056 1726 καὶ
1103 1671 1336 1740 φεύγων,
1369 1669 1540 1724 ταῦτα
1581 1667 1725 1722 κατὰ
1747 1668 1839 1722 τὸν

258 1772 451 1842 καιρὸν
477 1769 580 1838 τῆς
614 1767 790 1838 φυγῆς
811 1766 1012 1834 ἔλεγεν.
1053 1765 1294 1836 Ἐχθρῶν
1321 1765 1380 1820 δέ
1410 1767 1525 1818 ὲστι
1569 1763 1632 1816 τὺ
1667 1764 1843 1834 ἔπεμ-

1943 564 2028 618 Τιι
2063 574 2256 628 autent,
2292 562 2532 624 Domine,
2575 570 2844 629 susceptor
2879 579 3021 615 meus
3052 580 3104 616 es
3137 581 3153 615 .'
3187 565 3360 634 gloria
3407 583 3522 619 mea

1942 668 1991 709 et
2021 657 2263 710 exaltans
2306 666 2464 722 caput
2507 670 2698 708 meum.
2739 652 3159 710 Persecutiones
3200 665 3522 726 exspectare

1939 759 2162 819 Oportet
2194 764 2385 804 omnes
2423 748 2516 818 qui
2555 745 2855 802 secundum
2889 745 3055 800 Deum
3100 748 3282 803 vivere
3312 751 3520 804 consti-

1940 844 2166 896 tuerint.
2207 841 2487 911 Siquidem
2522 848 2584 893 ιιι
2611 840 2687 893 ait
2714 840 3009 909 Apostolus
3041 859 3052 892 :
3097 838 3286 893 Omnes
3317 842 3405 910 qui
3439 843 3521 910 pie

1938 934 2120 987 volunt
2162 935 2324 988 virere
2365 935 2419 985 in
2462 931 2671 986 Christo
2707 934 2836 984 Jesu
2867 931 3278 998 persecutionem
3317 933 3521 999 patien-

1940 1025 2111 1076 tur".
2144 1022 2213 1076 At
2245 1023 2297 1077 in
2333 1023 2589 1078 omnibus
2621 1037 2719 1092 par
2748 1033 2832 1077 est
2861 1022 3047 1092 gravia
3083 1022 3300 1075 fortiter
3334 1022 3475 1077 ferre
3502 1041 3515 1077 :

1939 1115 2380 1186 quandoquidem
2423 1130 2601 1184 neque
2638 1113 2705 1167 ad
2743 1114 2906 1168 breve
2939 1121 3176 1184 tempus,
3214 1130 3390 1184 neque
3424 1114 3521 1168 ad—

1939 1218 2133 1260 versus
2159 1219 2363 1274 paucos
2393 1210 2668 1258 certamen
2700 1203 2858 1258 nobis
2885 1213 3002 1269 est;
3033 1204 3127 1258 sed
3160 1212 3351 1258 contra
3379 1207 3523 1258 mul-

1940 1302 2028 1352 tos
2055 1313 2118 1352 ac
2151 1296 2342 1357 fortes,
2377 1312 2486 1350 non
2529 1297 2705 1352 solum
2747 1297 3019 1361 homines,
3057 1297 3152 1354 sed
3181 1299 3344 1351 etiam
3381 1298 3522 1351 invi-

1940 1386 2128 1442 sibiles
2159 1387 2432 1442 inimicos.
2466 1385 2530 1441 Et
2563 1397 2619 1439 ut
2647 1386 2712 1440 ad
2737 1401 2850 1440 rem
2877 1388 3210 1456 propositam
3243 1386 3517 1449 veniatur,

1940 1478 2108 1535 David
2148 1497 2177 1536 a
2209 1481 2494 1550 juventute
2530 1495 2626 1534 sua
2661 1497 2756 1550 per
2789 1480 3009 1536 Saulem
3041 1482 3183 1536 bello
3213 1482 3518 1552 impetitus,

1942 1588 2005 1628 ac
2050 1572 2308 1642 deinceps
2354 1587 2384 1625 a
2433 1572 2707 1627 sexcentis
2757 1573 2902 1637 aliis,
2945 1572 3274 1643 demumque
3324 1588 3353 1626 a
3409 1572 3522 1626 ﬁlio

1941 1665 2134 1736 pulsus
2180 1680 2382 1735 regno,
2426 1674 2589 1733 atque
2633 1663 2881 1733 fugatus,
2929 1665 3043 1718 hac
3089 1671 3333 1734 tempore
3381 1664 3522 1736 fuga:

1940 1755 2176 1811 dicebat.
2219 1755 2572 1810 lnimicorum
2621 1763 2802 1810 autem
2847 1756 3129 1827 preprium
3172 1764 3278 1822 est,
3309 1756 3522 1812 irruere

257 1857 462 1913 ϐαίνειν
486 1861 582 1913 καὶ
598 1857 984 1912 ἐπανίστασθαι
1005 1860 1118 1920 τοῖς
1143 1860 1330 1921 κακοῖς
1355 1856 1460 1908 τῶν
1481 1855 1547 1908 δι’
1569 1853 1835 1919 ἐναντίας·

1943 1857 2106 1920 atque
2140 1850 2424 1918 insurgere
2459 1850 2513 1903 in
2540 1848 2748 1912 hostes,
2771 1849 2900 1903 dum
2937 1849 2991 1906 in
3016 1850 3158 1904 mala
3185 1851 3517 1906 inciderunt.

255 1949 443 2019 διόπερ
475 1950 570 2001 καὶ
591 1947 668 2018 τῷ
694 1945 854 2000 Δαυῖδ
884 1946 1223 2017 ἡμαρτηκότι
1261 1946 1352 1999 ἐπὶ
1384 1946 1481 2016 τῆς
1513 1945 1608 1998 τοῦ
1641 1945 1837 2016 Οὐρίου

263 2041 441 2093 πολλοὶ
457 2041 822 2094 ἐπανίσταντο
845 2039 1313 2109 ὲπιχαιρεσίκακοι
1338 2037 1520 2109 ἐχθροί
1541 2055 1704 2101 τινες.
1727 2037 1838 2092 Πά-

267 2131 353 2184 λαι
374 2133 462 2184 καὶ
485 2133 551 2184 ἐκ
581 2132 792 2203 μακροῦ
817 2133 904 2187 διὰ
926 2132 1118 2202 φθόνου
1149 2129 1375 2198 ὑψοῦται
1401 2129 1610 2199 κεφαλὴ
1625 2129 1718 2182 τοῦ
1746 2147 1840 2182 κα-

265 2223 331 2274 τὰ
355 2223 512 2292 σῶμα
543 2223 959 2294 μεγεθισμένου,
991 2221 1141 2294 παρὰ
1168 2222 1268 2284 τὰς
1296 2221 1404 2275 τῶν
1436 2220 1837 2292 ὑποδεεστέρων

259 2313 498 2382 κεφαλὰς
528 2314 683 2367 κάτω
713 2315 986 2385 κειμένας.
1015 2314 1171 2368 Οὑτω
1211 2313 1570 2383 διαναστάσης
1605 2314 1703 2384 τῆς
1743 2312 1835 2366 τοῦ

257 2404 532 2474 μακαρίου
576 2403 752 2476 ψυχῆς
790 2405 883 2458 καὶ
918 2407 997 2468 εἰς
1029 2405 1264 2458 ὲπίδοσιν
1301 2403 1698 2474 ἁναϐεὸηκυίας
1737 2403 1835 2457 τοῦ

248 2495 326 2558 ὡς
372 2498 430 2548 ὲν
486 2495 687 2566 ψυχαῖς
735 2497 1029 2567 μεγέθους,
1083 2499 1114 2566 ἡ
1165 2495 1374 2566 κεφαλὴ
1425 2495 1650 2564 ὑψοῦται
1699 2494 1834 2552 Θεοῦ

251 2586 646 2658 συνεργοῦντος
677 2589 816 2658 αὐτῇ
846 2589 937 2648 καὶ
968 2589 1101 2660 πρὸς
1125 2589 1314 2641 ἑαυτὸν
1340 2589 1418 2652 είς
1451 2589 1675 2658 οὐρανὸν
1707 2589 1836 2643 ἀνά-

249 2696 462 2745 γοντος,
494 2679 586 2732 τὸν
617 2680 995 2751 ἐμπαρέχοντα
1023 2681 1183 2733 αὑτὸν
1215 2684 1281 2751 τῇ
1318 2681 1452 2752 πρὸς
1483 2680 1542 2733 τὸ
1575 2681 1837 2738 ἀνωτάτω

249 2769 565 2840 ἀκολουθίᾳ.
611 2769 766 2824 Ἐπεὶ
819 2769 874 2822 δὲ
910 2769 1087 2840 πολλῷ
1129 2770 1287 2823 πλέον
1321 2771 1419 2842 τῆς
1468 2771 1836 2842 προαιρέσεως

248 2861 349 2930 τῆς
379 2858 710 2930 τάνθρώπου
745 2862 1043 2931 χαρίζεται,
1077 2861 1239 2914 νικῶν
1277 2863 1334 2915 ὲν
1371 2860 1448 2931 τῷ
1487 2861 1774 2932 δωρεῖσθαι
1807 2864 1836 2917 6

252 2949 549 3020 εὐεργέτης
575 2950 668 3002 τὸν
697 2951 833 3003 κατὰ
858 2951 1081 3022 δύναμιν
1114 2951 1366 3004 ποιοῦντα
1413 2953 1474 3005 τὸ
1515 2952 1695 3005 καλόν·
1741 2952 1837 3011 καὶ

253 3040 336 3094 διὰ
369 3040 534 3093 τοῦτο
568 3041 769 3103 παντὸς
799 3041 962 3094 καλοῦ
999 3041 1095 3113 τὴν
1128 3042 1306 3095 αἰτίαν
1342 3043 1370 3093 ὁ
1407 3041 1614 3105 Παῦλος
1646 3043 1832 3102 ἀνατι-

255 3128 366 3193 θεὶς
407 3129 491 3199 τῷ
534 3128 654 3199 Θεῷ
697 3145 878 3200 φησιν’
927 3133 1007 3183 Οὐ
1046 3130 1151 3182 τοῦ
1199 3130 1501 3196 θέλοντος,
1545 3131 1687 3184 οὐδὲ
1727 3132 1831 3186 τοῦ

1941 1940 2306 2007 Quamobrem
2330 1949 2452 2010 post
2476 1951 2756 2012 peccatum
2775 1940 2998 1996 Davidis
3018 1957 3142 1995 cum
3165 1958 3333 1997 uxore
3356 1941 3518 2006 Uriae,

1938 2033 2097 2088 multi
2128 2033 2181 2087 in
2211 2049 2358 2099 eum,
2389 2050 2454 2088 ex
2501 2035 2568 2088 iis
2612 2035 2824 2089 scilicet
2860 2036 2955 2104 qui
2987 2035 3180 2090 alienis
3209 2035 3522 2106 gaudebant

1938 2124 2118 2187 malis,
2148 2122 2584 2178 insurrexerunt.
2616 2122 2834 2178 Jamdiu
2859 2126 3004 2180 enim
3028 2132 3083 2180 et
3114 2140 3144 2178 a
3172 2126 3348 2195 longis
3374 2133 3522 2181 retro

1940 2216 2278 2285 temporibus
2311 2231 2408 2286 per
2451 2216 2708 2270 invidiam
2740 2216 3012 2271 exaltalur
3050 2227 3214 2287 caput
3245 2218 3388 2287 ejus,
3423 2218 3519 2287 qui

1939 2307 2236 2361 secundum
2285 2323 2483 2376 corpus
2516 2307 2581 2361 ad
2613 2309 2820 2377 majora
2859 2309 3129 2374 evehitur,
3174 2316 3227 2362 et
3273 2309 3522 2364 inminet

1938 2395 2208 2466 capitibus
2262 2397 2606 2464 intimorum,
2666 2413 2788 2468 qum
2839 2397 3094 2452 deorsum
3155 2399 3518 2453 inclinantur.

1937 2485 2140 2541 Eodem
2178 2486 2338 2542 modo
2364 2488 2491 2541 dum
2525 2488 2670 2542 beati
2723 2489 2826 2542 viri
2875 2490 3056 2543 anima
3113 2491 3334 2556 crescit,
3367 2498 3422 2545 et
3454 2493 3521 2546 ad

1937 2578 2208 2643 altiorem,
2252 2579 2431 2648 qualis
2463 2581 2750 2636 animabus
2792 2583 3075 2651 competit,
3128 2583 3522 2652 magnitudinis

1936 2671 2164 2741 gradum
2197 2673 2466 2740 evehitur,
2501 2671 2612 2730 Deo
2641 2674 2894 2730 videlicet
2942 2677 3169 2744 juvante
3196 2684 3251 2730 et
3279 2676 3345 2730 ad
3372 2693 3432 2732 se
3465 2678 3520 2731 in

1938 2761 2134 2816 celum
2179 2763 2439 2819 evehente
2474 2780 2597 2818 eum
2649 2766 2740 2836 qui
2773 2780 2896 2820 sese
2930 2765 3136 2834 praebet
3183 2766 3248 2820 ad
3283 2782 3520 2836 superna

1936 2851 2264 2908 ducendum.
2326 2853 2593 2920 Quoniam
2668 2871 2816 2920 vero,
2873 2857 3163 2910 muniticus
3239 2872 3364 2911 cum
3424 2859 3518 2921 sit,

1935 2945 2108 2998 multo
2133 2944 2290 3013 plura
2327 2946 2536 3000 homini
2576 2947 2784 3018 praebet
2815 2961 2976 3016 quam
3011 2951 3128 3018 ipse
3158 2949 3240 3003 vel
3275 2957 3399 3003 voto
3431 2964 3521 3003 as-

1935 3044 2213 3105 sequatur,
2238 3044 2567 3106 superatque
2600 3039 2759 3093 donis
2789 3041 2903 3094 suis
2934 3056 3055 3095 eum
3079 3083 3094 3107 ,
3132 3043 3224 3112 qui
3262 3058 3358 3111 pro
3383 3043 3520 3096 viri-

1937 3127 2273 3183 bus-bonum
2293 3138 2587 3198 operatur;
2621 3131 2741 3186 ideo
2779 3132 2960 3188 omnis
2994 3132 3119 3187 boni
3156 3148 3379 3189 causam
3409 3133 3521 3190 Deo

254 3220 594 3289 τρέχοντος,
621 3221 780 3274 ἀλλὰ
811 3217 916 3275 τοῦ
934 3220 1250 3288 ἐλεοῦντος
1282 3221 1448 3278 Θεοῦ.
1490 3223 1546 3274 Ὀ
1573 3222 1702 3287 Θεὸς
1738 3223 1834 3294 μὲν

1941 3222 2261 3278 adscribens
2284 3221 2487 3278 Paulus
2527 3224 2603 3277 ait
2635 3242 2647 3277 :
2685 3223 2808 3277 Non
2833 3226 3048 3279 volentis
3069 3265 3082 3290 ,
3118 3243 3277 3297 neque
3306 3242 3523 3281 curren-

255 3305 344 3365 υἷιν
375 3312 471 3362 καὶ
510 3312 542 3377 ἡ
575 3309 743 3380 ἁρετὴ
781 3310 1082 3380 μεγεθύνει,
1119 3311 1211 3364 καὶ
1246 3310 1312 3363 δι’
1349 3311 1483 3365 ὅλων
1513 3314 1724 3366 ἐπαινεῖ
1757 3314 1831 3386 (1)

259 3402 349 3474 τὴν
378 3402 473 3455 τοῦ
502 3401 658 3470 ἁγίου
684 3403 878 3474 ψυχήν·
917 3402 1079 3456 κακία
1107 3403 1162 3455 δὲ
1193 3403 1285 3456 καὶ
1311 3406 1344 3473 ή
1387 3404 1640 3474 συνεργὸς
1662 3405 1832 3478 ταύτῃ

259 3493 421 3565 ἐχθρὰ
462 3496 576 3557 τοῖς
629 3493 933 3565 ἀνθρώποις
969 3495 1223 3565 δύναμις,
1285 3495 1559 3549 συστέλλει
1612 3496 1705 3550 καὶ
1756 3500 1835 3561 εἰς

263 3586 438 3638 στενὸν
495 3586 714 3654 συνάγει
763 3586 862 3656 τὴν
922 3586 994 3656 μὴ
1040 3585 1308 3656 ἑπομένην
1367 3587 1504 3664 Θεῷ,
1555 3590 1648 3646 καὶ
1693 3589 1834 3643 οὑτω

264 3675 485 3745 βραχεῖα
523 3675 730 3743 γίνεται
779 3677 872 3729 καὶ¹
915 3677 1130 3748 κολοϐὴ,
1177 3678 1316 3731 ὥστε
1351 3679 1447 3749 τῆς
1487 3677 1696 3749 χὺσεως
1735 3682 1835 3753 τῆς

263 3770 450 3830 κακίας
472 3768 856 3838 ἐπιγινομένης
873 3772 950 3832 είς
971 3771 1030 3821 τὸ
1061 3771 1244 3841 μηδὲν,
1266 3771 1361 3842 τὴν
1383 3772 1637 3844 τοιαύτην
1658 3771 1834 3850 ψυχὴν

262 3859 565 3930 λογισθῆναι
595 3860 737 3913 κατὰ
775 3861 865 3914 τὸν
903 3861 1148 3915 Ἡσαΐαν·
1191 3865 1238 3915 οἱ
1285 3863 1390 3936 γὰρ
1431 3865 1835 3936 ἁμαρτάνοντες

262 3955 333 4013 εἰς
364 3952 516 4004 οὐδὲν
553 3951 928 4020 ἐλογίσθησαν.
963 3952 1072 4004 Καὶ
1112 3951 1296 4024 ὥσπερ
1345 3956 1609 4024 σωμάτων
1655 3954 1835 4026 step.

264 4043 378 4096 στάν
407 4047 554 4096 ἐστιν
579 4044 608 4095 6
637 4043 784 4112 χοῦς,
802 4042 972 4106 οὕτως
1007 4045 1060 4096 αἰ
1118 4045 1290 4116 πάντη
1326 4045 1595 4117 μοχθηραὶ
1624 4045 1794 4117 ψυχαὶ
1814 4085 1830 4111 ,

263 4138 344 4190 ἐπὶ
368 4136 506 4189 πολὺ
529 4136 961 4207 σμικρυνθεῖσαι,
987 4137 1121 4190 εἰσὶν
1138 4138 1217 4204 ὡς
1232 4141 1264 4191 ό
1314 4137 1462 4212 χοῦς
1485 4138 1556 4191 ὃν
1570 4139 1834 4207 ἐκρίπτει

264 4232 290 4280 o'
317 4227 554 4298 ἄνεμος.
581 4227 837 4300 Κεφαλὴν
875 4227 932 4280 δὲ
969 4229 1065 4300 τῆς
1102 4228 1278 4299 ψυχῆς
1317 4230 1534 4300 νοητέον
1571 4231 1668 4303 τὴν
1718 4231 1835 4285 δια-

263 4321 510 4392 νοητικὴν
581 4321 826 4392 δύναμιν·
877 4320 1078 4390 ταύτης
1130 4323 1235 4392 γὰρ
1294 4323 1651 4394 διαφέρουσαν
1713 4325 1832 4377 οὑδὲ

265 4415 417 4485 μέχρι
449 4413 546 4466 τοῦ
573 4415 851 4484 ἐπινοῆσαι
884 4413 1120 4467 δυνατόν·
1155 4415 1206 4466 εἴ
1233 4431 1297 4484 γε
1331 4415 1425 4467 καὶ
1456 4416 1548 4468 τοῦ
1583 4417 1833 4488 σώματος

261 4507 290 4574 ἡ
321 4504 530 4575 κεφαλὴ
561 4506 878 4576 τιμιωτέρα.
905 4505 1051 4576 Αῦτη
1075 4505 1252 4558 τοίνυν
1273 4509 1305 4577 ἡ
1329 4508 1550 4579 νοητικὴ
1582 4508 1829 4579 δύναμις,

1937 3315 2024 3379 tis,
2052 3313 2142 3368 sed
2181 3315 2477 3369 miserentis
2509 3326 2584 3369 est
2613 3315 2709 3369 Dei
2733 3316 2798 3370 “.
2836 3316 2978 3371 Deus
3030 3317 3196 3388 igitur
3226 3330 3388 3388 atque
3409 3318 3524 3372 vir-

1937 3415 2026 3461 tus
2059 3406 2252 3466 sancti.
2281 3408 2385 3462 viri
2412 3408 2649 3461 animam
2680 3408 3021 3464 incremento
3054 3410 3282 3475 donant,
3315 3418 3369 3465 et
3403 3426 3523 3464 om-

1935 3499 2068 3556 nino
2095 3498 2163 3553 ad
2197 3501 2392 3556 altiora
2425 3501 2662 3556 evehunt
2691 3517 2706 3554 :
2740 3502 3053 3572 malignitas
3088 3510 3266 3559 autem
3291 3504 3523 3575 ejusque

1937 3591 2176 3660 adjutrix
2212 3592 2433 3646 inimica
2465 3594 2780 3650 hominibus
2833 3605 3075 3664 potestas
3121 3597 3418 3660 contrahit,
3464 3600 3520 3652 in

1936 3691 2336 3753 angustumque
2385 3686 2583 3755 redigit
2611 3686 2850 3741 animam
2898 3687 3008 3742 Deo
3061 3704 3167 3741 non
3212 3689 3521 3758 obsequen-

1937 3781 2073 3840 tem;
2110 3782 2273 3844 atque
2298 3775 2373 3829 ita
2402 3777 2688 3842 minuitur,
2720 3787 2794 3840 et,
2825 3786 2885 3832 ut
2928 3777 3000 3832 ita
3027 3777 3226 3841 dicam,
3264 3780 3520 3834 decurta-

1937 3872 2053 3931 tur;
2086 3871 2145 3918 ut
2178 3865 2478 3922 inundante
2515 3868 2744 3932 malitia,
2799 3868 3114 3937 hujusmodi
3156 3870 3375 3934 anima,
3432 3886 3520 3924 se-

1935 3957 2175 4010 cundum
2227 3958 2444 4021 Isaiam,
2485 3975 2581 4029 pro
2613 3960 2784 4015 nihilo
2833 3969 3117 4030 reputetur
3148 3979 3163 4016 :
3197 3972 3519 4032 peccatores

1937 4066 2175 4120 namque
2223 4066 2320 4119 pro
2372 4051 2543 4108 nihilo
2596 4052 2886 4108 habentur.
2927 4055 3006 4110 Ac
3056 4057 3517 4125 quemadmodum

1936 4144 2179 4197 omnium
2209 4157 2499 4212 corporum
2531 4145 2816 4199 minimum
2853 4147 3031 4218 pulvis
3067 4157 3176 4211 est;
3219 4148 3293 4202 ita
3324 4151 3520 4204 anima:

1937 4235 2200 4304 improba:
2234 4235 2463 4288 multum
2518 4237 2840 4302 imminutae,
2883 4249 3011 4293 sunt
3062 4248 3317 4309 tanquam
3347 4241 3517 4309 pulvis

1935 4343 2084 4397 quem
2111 4326 2322 4395 proficit
2341 4336 2539 4380 ventus.
2567 4327 2742 4396 Caput
2765 4337 2942 4382 autem
2968 4329 3164 4384 anima:
3195 4331 3519 4385 aestimanda

1935 4425 2020 4473 est
2053 4417 2388 4488 intelligendi
2440 4419 2521 4474 vis
2557 4437 2570 4473 :
2604 4418 2739 4472 nihil
2767 4420 2914 4474 enim
2943 4435 3007 4474 ea
3041 4421 3397 4490 praestantius
3431 4420 3518 4474 vel

1939 4509 2178 4579 cogitare
2201 4509 2361 4574 licet;
2395 4508 2660 4578 siquidem
2691 4517 2744 4564 et
2781 4518 2946 4580 caput
2970 4511 3187 4580 corpori
3221 4511 3514 4565 antecellit.

262 4573 656 4669 τροπικώτερον
691 4573 894 4668 κεφαλὴ
941 4573 1190 4670 λεχθεῖσα
1232 4573 1330 4668 τῆς
1371 4573 1566 4670 ψυχῆς,
1604 4597 1685 4663 οἷς
1719 4573 1830 4672 ’μὲν

1939 4573 2064 4654 Huic
2116 4602 2280 4667 igitur
2331 4573 2665 4670 intelligendi
2707 4573 3008 4672 vis,-qum
3063 4573 3221 4672 tropo
3282 4602 3514 4672 quodam

263 4684 463 4754 ὑψωται
497 4687 610 4740 ἄνω
647 4685 935 4755 βλέπουσα,
970 4688 1030 4739 οὑ
1077 4687 1230 4756 μόνον
1263 4687 1360 4759 τὴν
1401 4688 1526 4758 γῆν,
1569 4689 1703 4742 ἀλλὰ
1744 4689 1838 4744 καὶ¹

262 4778 430 4832 πάντα
470 4778 539 4831 τὰ
586 4776 810 4848 σώματα
857 4779 1234 4850 ὑπερκύψασα,
1289 4781 1363 4844 ὼς
1394 4781 1614 4850 φθάνειν
1675 4784 1834 4856 μέχρι

261 4872 406 4925 Θεοῦ.
431 4871 854 4944 Παρατηρητέον
878 4872 932 4924 δὲ
961 4873 1160 4944 τριχῶς
1190 4874 1289 4942 τῆς
1324 4875 1555 4944 σχέσεως
1584 4874 1676 4927 τοῦ
1699 4877 1834 4930 Θεοῦ

261 4961 600 5031 ὑμνουμένης
627 4961 730 5014 ὑπὸ
753 4961 845 5014 τοῦ
878 4961 1126 5030 λέγοντος
1156 4963 1252 5036 τὴν
1287 4964 1438 5028 τάξιν
1477 4966 1571 5019 τοῦ
1613 4967 1831 5039 πρώτου

261 5051 557 5122 λεχθέντος,
609 5052 699 5105 καὶ
749 5051 842 5105 τοῦ
889 5053 1016 5122 έξῆς
1066 5055 1159 5112 καὶ
1211 5055 1304 5108 τοῦ
1347 5055 1553 5110 λοιποῦ.
1609 5058 1832 5128 Πρῶτον

263 5145 362 5215 γάρ
393 5161 560 5215 φησιν
587 5139 724 5198 εἶναι
753 5145 843 5198 τὸν
869 5145 998 5200 Θεὸν
1025 5147 1390 5221 άντιλὴπτορα
1417 5150 1580 5203 αὑτοῦ
1602 5191 1616 5214 ,
1642 5152 1834 5208 ἔπειτα

265 5237 429 5302 δόξαν,
466 5237 657 5290 ἔπειτα
697 5237 931 5307 ὑψοῦντα
965 5238 1061 5308 τὴν
1091 5240 1348 5310 κεφαλήν.
1377 5243 1486 5296 Καὶ
1519 5247 1652 5315 ἡμῖν
1683 5247 1834 5299 ἀντι-

266 5320 498 5394 λήπτωρ,
541 5325 633 5378 καὶ
668 5324 728 5377 τὸ
769 5324 938 5394 ὄνομα
975 5323 1125 5396 δηλοῖ
1159 5327 1707 5403 ἀντιλαμϐανόμενον,
1750 5336 1835 5388 ἵνα

269 5410 392 5484 ῥύσῃ
435 5430 496 5466 τε
533 5414 644 5466 ἀπὸ
693 5412 900 5465 πολλῶν
943 5411 1230 5470 θλιϐόντων
1265 5420 1356 5471 καὶ
1392 5421 1836 5494 ἐπανισταμένων

270 5503 349 5556 καὶ
365 5505 852 5576 ἀπογινωσκόντων
867 5505 963 5575 τὴν
980 5507 1073 5560 τοῦ
1097 5510 1342 5578 λέγοντος
1353 5514 1522 5568 ταῦτα
1546 5533 1686 5586 σωτη
1694 5518 1834 5588 ρίαν.

325 5663 362 5697 ³³
402 5662 440 5717 ll
480 5665 626 5722 Tim.
671 5680 764 5728 ιιι,
809 5663 890 5718 1‘2.
968 5667 1013 5698 “
1054 5665 1209 5722 Rom.
1249 5684 1335 5735 Ix,
1379 5670 1458 5724 16.

318 5822 508 5890 (ΗἼσ.
550 5823 804 5891 ἐπαὶμι.

1940 4701 2103 4763 caput
2125 4693 2320 4748 animae
2346 4693 2564 4758 dicitur,
2589 4693 2641 4747 in
2670 4693 2996 4763 quibusdam
3023 4710 3240 4750 sursum
3264 4693 3512 4763 erigitur,

1940 4784 2067 4839 dum
2103 4799 2342 4855 superne
2373 4784 2615 4854 respicit,
2649 4793 2811 4855 atque
2833 4801 2942 4839 non
2975 4786 3134 4840 modo
3162 4793 3386 4848 terram,
3421 4784 3516 4838 sed

1937 4875 2117 4929 omnia
2156 4876 2320 4930 etiam
2355 4891 2587 4946 corpora
2625 4877 2998 4940 transcendit,
3031 4877 3104 4929 ita
3143 4883 3200 4930 ut
3248 4891 3421 4945 usque
3448 4875 3516 4928 ad

1939 4967 2107 5024 Deum
2142 4970 2441 5038 perveniat.
2496 4969 2908 5026 Observandum
2959 4975 3138 5022 autem
3190 4975 3314 5031 est,
3348 4966 3514 5022 Deum

1940 5060 2028 5116 hic
2076 5061 2275 5131 triplici
2313 5062 2474 5116 modo
2519 5063 2806 5126 celebrari,
2851 5075 2913 5114 ac
2946 5060 3144 5130 primo,
3183 5058 3382 5114 dehinc
3428 5075 3517 5115 se-

1938 5153 2139 5218 cundo,
2195 5153 2412 5208 demum
2466 5154 2628 5210 tertio
2675 5153 2868 5210 ordine
2921 5150 3174 5220 exprimi.
3221 5151 3311 5205 Ait
3368 5152 3513 5206 enim

1939 5245 2116 5314 primo
2149 5244 2316 5301 Deum
2348 5262 2474 5302 esse
2507 5253 2880 5315 susceptorem
2930 5258 3110 5304 suum,
3164 5243 3362 5300 deinde
3399 5245 3516 5316 glo-

1940 5335 2096 5399 riam,
2125 5335 2362 5406 denique
2401 5340 2728 5392 exaltantem
2761 5343 2942 5406 caput.
2973 5335 3084 5391 Cur
3113 5345 3292 5392 autem
3326 5353 3516 5392 susce-

1941 5439 2064 5499 ptor
2099 5429 2214 5484 sive
2247 5437 2510 5500 patronus
2551 5429 2644 5490 sit,
2678 5428 2761 5483 vel
2813 5427 2934 5498 ipso
2958 5427 3178 5482 nomine
3209 5427 3515 5500 deprehen-

1943 5519 2131 5574 ditur:
2164 5521 2288 5590 quia
2325 5517 2717 5590 patrocinatur,
2761 5527 2818 5572 ut
2859 5518 3048 5574 liberet
3078 5533 3108 5572 a
3148 5519 3331 5573 inultis
3376 5521 3514 5572 mala
