3948 6286
480 358 551 412 95
1122 358 1385 415 EUSEBII
1424 352 1902 413 CESARIENSIS
1928 347 2080 406 OPP.
2126 347 2325 403 PARS.
2367 346 2457 401 Ill.
2497 373 2566 385 --
2600 340 3009 398 EXEGETICA.
3647 341 3712 395 95

482 470 875 533 inferentibus,
932 465 1345 537 insurgentibus
1396 473 1450 519 et
1497 464 1564 519 ad
1607 463 2038 535 desperationem

2154 463 2311 535 Ἑξῆς
2359 463 2415 516 δὲ
2453 464 2531 532 τῳ
2611 460 2963 532 άντιλήπτορι
3004 462 3037 531 ἡ
3077 458 3225 523 δόξα
3271 456 3403 510 ἐστί·
3455 454 3713 526 πρότερον

481 562 676 619 salutis
707 559 1091 614 inducentibus
1122 571 1246 611 eum
1281 556 1374 626 qui
1405 556 1531 609 talia
1558 552 1720 610 fatur.
1753 553 2044 624 Postquam

480 661 855 723 susceptorem
886 650 1045 714 dixit,
1076 648 1349 719 sequitur,
1391 647 1564 718 gloria
1597 661 1616 700 :
1647 642 1798 716 prius
1821 648 2050 716 suscipit

479 743 656 805 Deus.
694 743 888 800 deinde
941 742 1110 813 gloria
1155 727 1346 802 allicit,
1388 740 1606 794 demum
1657 740 1829 810 gloria
1873 738 2048 794 aﬂ'eeti

478 851 643 908 caput
670 837 892 892 exaltat.
937 834 1071 889 Nam
1101 834 1148 890 si
1183 831 1528 888 consurrexit
1580 847 1703 886 cum
1728 831 1968 897 Christo,
1996 838 2049 885 et

477 945 599 1000 quin
650 944 868 985 sursum
917 935 1045 983 sunt
1097 926 1258 996 sapit,
1309 940 1417 979 non
1468 939 1589 995 quae
1637 939 1801 992 super
1825 930 2047 989 terram,

477 1021 807 1076 exaltabitur
832 1027 995 1092 caput
1017 1018 1137 1089 ejus
1160 1034 1191 1071 a
1216 1017 1467 1079 Domino,
1493 1018 1584 1087 qui
1606 1025 1689 1073 est
1716 1015 1973 1079 Verbum,
1997 1023 2051 1070 et

474 1113 648 1186 gloria
684 1113 805 1182 ejus
852 1113 946 1183 qui
993 1128 1052 1168 se
1099 1113 1314 1182 recipit,
1364 1125 1527 1180 quam
1557 1124 1587 1163 a
1622 1110 1738 1166 solo
1782 1105 2047 1181 [Christo]

476 1207 700 1276 expetit,
732 1205 983 1276 quisquis
1020 1205 1251 1275 gloriam
1299 1217 1407 1257 non
1469 1202 1666 1268 accipit
1710 1200 1780 1255 ab
1809 1200 2047 1255 homine.

475 1296 760 1361 Quomodo
784 1304 964 1351 autem
998 1295 1294 1350 exaltatum
1336 1294 1407 1348 sit
1437 1291 1657 1346 Davidis
1694 1297 1855 1360 caput
1885 1289 2079 1360 probe:

476 1389 769 1458 intelliges,
792 1389 837 1443 si
869 1389 1291 1451 animadvertas,
1313 1385 1532 1441 Davidis
1562 1398 1758 1438 nomen
1802 1399 1897 1453 per
1928 1381 2051 1435 uni-

474 1494 693 1534 Versum
737 1479 922 1534 orbem
974 1489 1029 1535 et
1084 1479 1141 1533 in
1203 1478 1463 1533 omnibus
1514 1476 1767 1547 gentibus
1832 1480 2053 1543 propter

474 1572 752 1627 Christum
777 1572 871 1627 Dei
898 1571 1197 1636 Filium,ex
1217 1571 1433 1626 semine
1462 1569 1582 1638 ejus
1612 1567 1909 1624 secundum
1937 1582 2053 1619 car-

473 1679 599 1717 nem
653 1671 870 1728 ortum,
928 1662 1214 1717 celebrari.
1270 1660 1390 1715 Non
1464 1668 1616 1714 tanta
1675 1659 1818 1713 enim
1877 1657 2050 1726 gloria

475 1752 732 1817 allectus,
779 1767 956 1823 neque
986 1754 1059 1808 ita
1088 1754 1361 1808 exaltatus
1414 1760 1519 1814 est,
1551 1766 1673 1806 cum
1700 1750 1842 1803 inter
1876 1746 2052 1801 homi-

2149 555 2258 628 γὰρ
2305 554 2756 625 ἀντιλαμϐάνεται
2799 556 2827 607 6
2868 552 3017 616 Θεὸς,
3057 547 3175 604 εἶτα
3217 546 3427 613 δοξάζει
3464 546 3558 600 καὶ
3584 544 3715 615 ἑξῆς
3785 602 3788 606 ,

2148 647 2274 717 ὑψοῖ
2291 646 2381 701 τοῦ
2402 645 2780 717 δεδοξασμένου
2798 645 2894 716 τὴν
2912 643 3170 714 κεφαλήν.
3195 642 3257 694 Εἰ
3278 642 3386 711 γάρ
3409 635 3715 709 συνηγέρθη

2148 737 2385 811 Χριστῷ,
2426 736 2623 791 καὶτὰ
2666 737 2777 791 ἄνω
2828 736 3031 806 φρονεῖ,
3084 734 3143 786 οὑ
3194 733 3262 786 τὰ
3311 733 3403 785 ἐπὶ
3445 731 3542 801 τῆς
3594 730 3714 799 γῆς.

2150 830 2488 902 ὑψωθήσεται
2515 827 2675 883 αὑτοῦ
2701 831 2734 900 ή
2770 826 2975 898 κεφαλὴ
3001 825 3108 880 ἀπὸ
3127 825 3216 879 τοῦ
3239 824 3465 896 Κυρίου,
3485 823 3543 887 ὃς
3571 824 3716 877 ἐστιν

2149 925 2177 976 6
2208 921 2400 989 Λόγος,
2434 919 2561 985 δόξα
2582 918 2657 974 ὢν
2684 917 2778 973 τοῦ
2815 920 3155 990 χωρήσαντος
3181 915 3360 979 αὑτὸν,
3398 915 3463 985 ἣν
3491 916 3598 968 ἀπὸ
3625 915 3721 967 τοῦ·

2154 1012 2315 1083 μόνου
2349 1010 2607 1082 ἐξῄτησεν
2652 1012 2680 1064 ὁ
2714 1009 2787 1081 μὴ
2825 1008 3113 1079 λαμϐάνων
3147 1007 3301 1070 δόξαν
3328 1004 3476 1079 παρὰ
3510 1004 3720 1076 ἀνθρώ-

2150 1120 2272 1156 που.
2308 1103 2493 1166 ’Όπως
2522 1102 2578 1155 δὲ
2614 1101 2801 1172 ὑψώθη
2832 1101 2924 1153 τοῦ
2963 1099 3123 1154 Δαυῒδ
3152 1102 3184 1171 ή
3222 1099 3463 1170 κεφαλὴ,
3507 1100 3720 1170 νοήσεις

2151 1197 2467 1265 ἐπιστήσας,
2495 1194 2569 1258 ὼς
2590 1194 2705 1247 καθ’
2719 1194 2846 1265 ὅλης
2874 1194 2970 1263 τῆς
2996 1192 3102 1246 τῶν
3135 1190 3434 1263 ἀνθρώπων
3463 1190 3719 1261 οἰκουμέ-

2150 1305 2247 1359 νης
2286 1287 2380 1341 καί
2415 1289 2473 1341 ἐν
2510 1287 2641 1339 πᾶσι
2673 1288 2784 1350 τοῖς
2817 1285 2995 1339 ἔθνεσι
3032 1284 3092 1338 τὸ
3135 1283 3228 1337 τοῦ
3268 1282 3428 1336 Δαυῒδ
3465 1281 3718 1353 βεϐόηται

2149 1380 2337 1450 ὄνομα,
2361 1379 2446 1433 διὰ
2469 1378 2561 1431 τὸν
2585 1379 2650 1431 ἐκ
2679 1377 2987 1448 σπέρματος
3011 1375 3174 1429 αὑτοῦ
3200 1374 3341 1430 κατὰ
3364 1373 3543 1444 σάρκα
3568 1374 3721 1443 γενό-

2154 1491 2311 1546 μενον
2343 1472 2573 1542 Χριστὸν
2611 1471 2700 1524 τὸν
2732 1470 2825 1523 τοῦ
2855 1469 2988 1523 Θεοῦ
3022 1468 3168 1521 Υἰόν·
3203 1469 3298 1539 οὐχ
3328 1466 3499 1530 οὑτως
3526 1466 3634 1537 γὰρ
3664 1468 3723 1522 ἐν

2151 1563 2457 1635 ἀνθρώποις
2507 1562 2603 1627 ὢν,
2651 1564 2745 1617 καὶ
2797 1563 2959 1633 μόνου
3003 1560 3097 1613 τοῦ
3134 1558 3347 1632 Ἰσραὴλ
3402 1557 3719 1629 βασιλεύων,

2149 1655 2426 1721 δεδόξαπο
2449 1655 2542 1709 καὶ
2577 1654 2776 1723 ὑψωτο,
2807 1654 2899 1707 καὶ
2931 1652 3165 1724 μάλιστα
3198 1650 3335 1723 μετὰ
3375 1648 3473 1721 τὴν
3518 1648 3723 1702 ἐπανά-

2153 1767 2337 1803 στασιν
2371 1746 2463 1801 τοῦ
2517 1744 2867 1816 Ἀϐεσσαλὼμ
2892 1744 2994 1816 τὴν
3035 1746 3151 1798 κατ’
3198 1741 3361 1797 αὑτοῦ
3390 1742 3685 1812 γενομένην
3705 1779 3721 1803 ,

475 1860 575 1901 nes
623 1853 957 1910 versaretur,
1013 1851 1068 1900 et
1123 1846 1299 1900 solum
1357 1845 1575 1900 lsraelis
1632 1856 1859 1911 regnum
1905 1839 2048 1895 obti-

2151 1841 2225 1904 ὡς
2246 1839 2335 1894 διὰ
2364 1840 2462 1911 τῆς
2486 1838 2755 1910 σωτηρίου
2778 1836 3095 1906 θεοφανείας
3122 1838 3186 1890 ἐκ
3213 1834 3522 1907 σπέρματος
3555 1831 3720 1886 αὑτοῦ

473 1945 648 2001 neret,
677 1937 1019 2006 maximeque
1054 1945 1180 2008 post
1224 1932 1519 1992 Absalonis
1570 1934 1945 1998 rebellionem,
1984 1932 2050 1984 il-

2148 1929 2517 2003 προελθούσης
2541 1945 2614 1983 κα
2625 1929 2682 1982 τὰ
2713 1928 2908 2000 σάρκα.

472 2027 751 2095 latumque
777 2025 1004 2091 bellum,
1035 2034 1241 2096 quanta
1281 2032 1580 2080 exornatus
1629 2030 1715 2079 est
1749 2021 1924 2094 gloria
1963 2036 2060 2090 per
2094 2020 2387 2076 salutarem
2414 2019 2507 2074 Dei
2544 2035 2609 2074 ex
2638 2019 2846 2075 semine
2873 2019 2992 2089 ejus
3016 2019 3315 2074 secundum
3373 2031 3593 2072 carnem
3624 2014 3725 2069 ad-

468 2126 711 2176 ventum.

540 2262 707 2319 Vens.
747 2263 801 2319 5.
859 2261 994 2318 Voce
1054 2278 1169 2316 mea
1226 2260 1296 2314 ad
1344 2259 1627 2315 Dominum
1689 2258 1948 2323 clamavi,
2001 2267 2050 2310 et

466 2354 736 2412 exaudivit
769 2373 849 2410 me
896 2358 960 2409 de
1013 2365 1185 2407 monte
1239 2363 1422 2407 sancto
1463 2352 1598 2422 ejus.
1628 2351 1785 2406 Hunc
1811 2357 2049 2406 montem

468 2454 735 2502 memorat
778 2446 1093 2518 pnecedcns
1116 2447 1360 2516 psalmus
1406 2462 1529 2501 cum
1565 2446 1640 2500 ait
1670 2465 1683 2500 :
1720 2444 1832 2516 Ego
1875 2453 2051 2499 autem

467 2536 783 2588 constitutus
810 2551 926 2589 sum
956 2550 1047 2589 rex
1085 2534 1149 2588 ab
1200 2551 1260 2589 eo
1298 2550 1453 2603 super
1485 2535 1617 2590 Sion
1648 2544 1875 2590 montem
1922 2551 2046 2588 san-

466 2634 609 2677 ctum
635 2625 770 2694 ejus.
803 2624 1053 2680 Christus
1081 2633 1262 2679 autem
1293 2632 1412 2679 erat
1464 2625 1661 2695 quisic
1694 2626 2048 2696 loquebatur;

468 2721 525 2770 at
555 2732 701 2771 nunc
726 2716 914 2780 David,
966 2733 1024 2772 se
1057 2732 1088 2771 a
1130 2718 1350 2773 Christo
1380 2717 1448 2772 de
1498 2725 1683 2771 monte
1710 2724 1901 2771 sancto
1928 2717 2047 2786 ejus

465 2805 865 2879 exaudiendum
901 2806 1248 2862 testiﬁcatur.
1282 2806 1459 2877 Quem.
1477 2821 1642 2875 porro
1661 2806 2046 2861 exauditurum

469 2911 529 2951 se
581 2896 736 2962 dicit,
791 2897 899 2952 nisi
947 2896 1237 2951 Dominum
1288 2896 1382 2966 qui
1424 2895 1761 2951 constitutus
1807 2903 1892 2951 est
1950 2912 2046 2950 rex

464 3000 619 3055 super
663 2984 791 3040 Sion
829 2996 1056 3041 montem
1104 2995 1346 3042 sanctum
1383 2985 1541 3055 ejus?
1589 2984 1692 3040 Per
1723 2986 1868 3039 hunc
1898 2984 2046 3040 enim

465 3078 642 3133 solum
708 3079 967 3135 credebat
1029 3096 1088 3135 se
1150 3080 1530 3135 remissionem
1591 3085 2047 3145 consecuturum;

2223 2243 2396 2314 Φωνῇ
2412 2262 2530 2313 μου
2548 2244 2697 2312 πρὸς
2717 2244 2936 2313 Κύριον
2957 2242 3273 2313 ἐκέκραξα,
3295 2246 3392 2299 καί
3415 2244 3728 2312 ἐπήκουσέ

2147 2357 2266 2409 μου
2291 2339 2359 2402 ἐξ
2389 2339 2564 2405 ὄρους
2581 2337 2751 2406 ἁγίου
2778 2336 2985 2391 αὐτοῦ.
3010 2337 3115 2390 Τοῦ
3155 2336 3311 2409 ὅρους
3354 2339 3726 2410 ἐμνημόνευσε

2152 2429 2343 2483 τούτου
2376 2430 2470 2482 καὶ
2499 2431 2527 2480 6
2556 2428 2663 2497 πρὸ
2686 2427 2875 2480 τούτου
2894 2427 3126 2499 ψαλμδς,
3148 2430 3205 2482 ἐν
3233 2423 3313 2492 οἷς
3341 2429 3542 2499 ἔλεγεν·
3579 2430 3729 2501 Ἐγὼ

2151 2523 2219 2577 δὲ
2242 2522 2618 2591 κατεστάθην
2637 2523 2939 2588 βασιλεὺς
2966 2524 3067 2577 ὑπ’
3087 2524 3272 2577 αὑτοῦ
3294 2524 3387 2577 ἐπὶ
3417 2524 3570 2578 Σιὼν
3589 2526 3728 2593 ὅρος

2153 2615 2220 2670 τὸ
2259 2615 2428 2685 ἅγιον
2474 2616 2681 2669 αὐτοῦ.
2724 2610 2832 2667 Ἦν
2880 2615 2937 2667 δέ
2987 2615 3079 2667 καὶ
3120 2617 3149 2668 6
3184 2615 3356 2684 λέγων
3401 2618 3459 2668 ἐν
3499 2617 3729 2680 ἐκείνοις

2154 2707 2327 2762 ταῦτα
2364 2711 2393 2762 6
2439 2709 2692 2780 Χριστός·
2739 2709 2833 2761 καὶ
2869 2707 2962 2762 νῦν
3000 2708 3284 2780 τοιγαροῦν
3329 2710 3729 2764 ἐπακούσεσθαι

2156 2796 2323 2851 αὑτοῦ
2354 2814 2516 2868 φησιν
2548 2800 2577 2851 6
2613 2797 2776 2851 Δαυῒδ
2807 2796 2866 2862 ἐξ
2896 2797 3053 2868 ὅρους
3085 2798 3238 2867 ἁγίου
3278 2798 3464 2855 αὑτοῦ.
3499 2800 3633 2853 Τίνα
3669 2799 3729 2852 δὲ

2155 2889 2555 2943 ἐπακούσεσθαι
2605 2889 2792 2951 αὑτοῦ,
2838 2888 2952 2942 ἀλλ’
2994 2890 3028 2961 ἢ
3070 2890 3163 2943 τὸν
3185 2890 3386 2961 Κύριον
3430 2891 3519 2943 τὸν
3563 2906 3731 2943 κατα-

2150 2982 2350 3036 στάντα
2380 2981 2599 3052 βασιλέα
2630 2982 2727 3036 ἐπί
2758 2982 2911 3036 Σιὼν
2934 2983 3071 3050 ὄρος
3096 2982 3163 3036 τὸ
3194 2983 3365 3052 ἄτιον
3382 2982 3607 3049 αὑτοὶὴ
3629 2984 3730 3038 Διά

2150 3073 2341 3129 τούτου
2375 3074 2485 3146 γὰρ
2520 3074 2678 3146 μόνου
2720 3075 2969 3145 ἀφέσεως
3007 3074 3287 3141 τεύξεσθαι
3333 3076 3727 3143 πεπίστευκεν,

464 3171 824 3240 eumdemque
851 3186 971 3226 esse
1003 3170 1229 3241 gloriam
1253 3186 1429 3234 suam,
1454 3179 1509 3224 et
1534 3170 1860 3224 exaltantem
1883 3176 2048 3238 caput

2150 3169 2311 3223 αὑτὸν
2342 3169 2398 3222 δὲ
2430 3164 2567 3223 εἶναι
2595 3167 2750 3234 δόξαν
2776 3169 2964 3233 αὑτοῦ,
3004 3171 3098 3223 καὶ
3125 3170 3215 3223 τὸν
3236 3170 3472 3240 ὑψοῦντα
3500 3170 3598 3242 τὴν
3633 3187 3728 3224 κε-

467 3277 650 3317 suum.
682 3260 818 3315 Cum
868 3262 1033 3332 igitur
1085 3264 1291 3318 diserte
1338 3263 1762 3332 ρι’ωηυηιὶοεεθι
1789 3276 1849 3316 se
1874 3261 2045 3332 g'loria

467 3352 807 3408 afficiendum
827 3396 842 3420 ,
871 3362 926 3409 et
949 3365 1112 3425 caput
1130 3371 1288 3410 suum
1313 3354 1659 3410 excitandum
1688 3370 1841 3422 esse;
1872 3369 2047 3424 quan-

465 3445 663 3501 donaui
713 3446 766 3501 id
815 3447 919 3502 sibi
955 3449 1242 3518 contigerit
1275 3448 1386 3517 jam
1434 3447 1677 3502 declarat
1711 3445 1795 3501 his
1824 3447 2041 3503 verbis:

477 3536 610 3591 Voce
643 3554 760 3592 mea
788 3537 856 3591 ad
887 3537 1173 3593 Dominum
1217 3539 1466 3605 clamavi,
1493 3547 1542 3593 et
1570 3537 1838 3592 exaudivit
1876 3554 1956 3591 me
1983 3536 2047 3592 de

467 3636 639 3683 mante
665 3636 846 3682 εαηειο
878 3646 995 3684 διιο.

535 3736 703 3795 Vsus.
736 3740 791 3795 6.
820 3738 933 3812 Ego
972 3740 1195 3796 dormivi
1220 3751 1270 3796 et
1300 3751 1579 3811 soporalus
1607 3758 1745 3807 sum,
1771 3743 2044 3797 exsurrexi
2105 3759 2112 3767 ’

464 3832 596 3901 quia
618 3830 874 3887 Dominus
925 3834 1170 3902 suscipiet
1218 3850 1317 3887 me.
1378 3832 1583 3888 Futura
1618 3833 1725 3899 hie,
1780 3842 2042 3904 tanquam

467 3925 737 3993 praeterita
770 3924 1119 3991 vaticinatur;
1148 3926 1293 3981 sicut
1312 3925 1458 3981 enim
1487 3927 1543 3981 in
1573 3928 1816 3982 secundo
1836 3928 2045 3997 psalmo

466 4017 671 4072 dictum
693 4024 779 4072 est
806 4035 819 4071 :
853 4016 1031 4083 Quare
1061 4018 1388 4086 fremuerunt
1415 4028 1621 4089 gentes,
1664 4030 1713 4074 ct
1740 4020 1921 4090 populi
1945 4036 2046 4074 me-

465 4107 625 4163 ditati
679 4116 802 4161 sunt
862 4108 1084 4164 inania?
1113 4110 1405 4163 Astiterunt
1458 4121 1507 4164 et
1554 4120 1902 4165 convenerunt
1946 4111 2045 4165 ad-

466 4213 642 4252 versus
677 4196 959 4252 Dominum
980 4206 1029 4252 et
1063 4196 1312 4252 adversus
1346 4197 1616 4253 Christum
1652 4200 1766 4269 ejus
1795 4216 1813 4253 :
1846 4207 1900 4254 et
1928 4200 2043 4254 haec

467 4297 651 4345 tamen
704 4289 772 4345 de
815 4290 1000 4344 futuro
1051 4289 1534 4359 intelligebantur;
1587 4290 1775 4345 eadem
1831 4290 2044 4345 ratione

462 4382 575 4451 jam
612 4382 747 4436 illud
774 4401 787 4436 :
813 4380 925 4454 Ego
962 4380 1186 4437 dormivi
1213 4390 1263 4435 et
1312 4391 1590 4450 soporatus
1620 4399 1759 4446 sum,
1808 4382 2043 4452 prophe-

2151 3263 2325 3335 φαλὴν
2342 3263 2526 3317 αὑτοῦ.
2560 3262 2774 3333 Σφόδρα
2800 3263 2979 3317 τοίνυν
3009 3262 3285 3334 προειπὼν
3304 3262 3735 3335 δοξασθήσεσθαι

2150 3356 2243 3408 καὶ
2272 3354 2651 3428 ὑψωθήσεσθαι
2682 3354 2780 3426 τὴν
2812 3354 3001 3409 ἑαυτοῦ
3031 3356 3293 3427 κεφαλὴν,
3326 3354 3520 3408 ὁπόθεν
3552 3357 3733 3426 ὑπῆρ-

2151 3444 2238 3510 ξεν
2283 3444 2431 3515 αὑτῷ
2473 3444 2629 3498 τοῦτο
2669 3445 2905 3500 διδάσκει
2952 3445 3146 3515 λέγων·
3189 3445 3361 3515 Φωνῇ
3410 3464 3529 3515 μου
3578 3449 3731 3516 πρὸς

2147 3537 2367 3605 Κύριον
2414 3535 2726 3605 ἐκέκραξα,
2775 3537 2874 3592 καὶ
2924 3537 3229 3605 ἐπήκουσέ
3265 3555 3384 3608 μου
3421 3539 3491 3604 ἐξ
3546 3539 3730 3608 ὄρους

2148 3630 2320 3697 ἁγίου
2352 3628 2559 3683 αὐτοῦ.

2231 3740 2378 3813 Ἐγὼ
2423 3741 2750 3811 ἐκοιμήθην
2790 3744 2887 3798 καὶ
2939 3743 3221 3808 ὕπνωσα,
3263 3744 3595 3814 ἐξηγέρθην
3638 3746 3731 3801 ὅτι

2147 3833 2360 3901 Κύριος
2397 3831 2795 3901 ἀντιλήψεται
2831 3850 2970 3902 μου.
3003 3832 3083 3886 Τὰ
3125 3832 3382 3903 μέλλοντα
3424 3836 3481 3886 ἐν
3516 3834 3729 3898 τούτοις

2146 3923 2220 3987 ὡς
2250 3926 2615 3996 παρῳχηκότα
2644 3924 2906 3988 θεσπίζει·
2936 3925 3012 3988 ὡς
3033 3925 3141 3997 γὰρ
3170 3926 3227 3977 ἐν
3255 3924 3330 3994 τῷ
3353 3925 3588 3996 δευτέρῳ
3610 3926 3729 3980 ἐλέ-

2144 4033 2298 4085 γετο·
2322 4018 2446 4070 Ἵνα
2463 4018 2518 4070 τί
2540 4016 2847 4085 ἐφρύαξαν
2871 4016 3036 4083 ἔθνη,
3065 4017 3164 4070 καὶ
3193 4017 3330 4070 λαοὶ
3353 4016 3730 4085 ἐμελέτησαν

2146 4107 2291 4163 κενά
2302 4128 2325 4172 ;
2361 4108 2765 4177 Παρέστησαν
2815 4110 2912 4161 καὶ
2964 4107 3361 4176 συνέστησαν
3416 4109 3566 4163 κατὰ
3618 4109 3728 4163 τοῦ

2145 4204 2367 4271 Κυρίου
2399 4203 2497 4256 καί
2542 4203 2690 4256 κατὰ
2742 4201 2851 4255 τοῦ
2897 4201 3154 4270 Χριστοῦ
3195 4201 3411 4263 αὑτοῦ,
3447 4201 3621 4256 ταῦτά
3667 4220 3726 4255 τε

2145 4295 2345 4347 ἐνοεῖτο
2388 4290 2752 4365 μελλητικῶς·
2782 4291 2927 4345 οὑτω
2972 4292 3068 4346 καὶ
3099 4291 3193 4346 νῦν
3236 4292 3331 4354 τὸ,
3378 4291 3526 4361 Ἐγὼ
3564 4293 3727 4347 ἐκοι-

2139 4382 2342 4453 μήθην
2366 4383 2464 4436 καὶ
2494 4383 2765 4447 ὕπνωσα,
2802 4382 3153 4454 προφητικῶς
3183 4383 3419 4454 εἴρηται,
3460 4384 3581 4437 ἀντὶ
3608 4384 3726 4446 τοῦ,

466 4476 573 4531 tice
615 4475 818 4529 dictum
849 4481 955 4538 est,
1006 4475 1273 4539 videlicet,
1306 4475 1593 4537 dormiam,
1653 4476 1956 4544 soporabor
1988 4482 2041 4532 et

2150 4475 2592 4547 Κοιμηθήσομαι
2633 4474 2732 4529 καὶ
2774 4473 3065 4538 ὺπνώσω,
3120 4474 3211 4528 καὶ
3257 4473 3725 4547 ἐξεγερθήσομαιο

464 4583 778 4639 exsurgam,
816 4568 1073 4637 quoniam
1124 4574 1205 4630 tu,
1251 4566 1498 4632 Domine,
1546 4575 1835 4637 susceptor
1889 4583 2043 4623 meus

464 4674 547 4723 es,
587 4660 759 4730 gloria
802 4674 942 4722 mea,
977 4667 1033 4714 et
1054 4659 1301 4714 exaltans
1324 4668 1490 4730 caput
1519 4675 1721 4715 meum.
1772 4659 1872 4714 llic
1898 4661 2046 4715 enim

467 4758 681 4820 tempus
720 4749 1015 4821 signiﬁcat,
1048 4765 1158 4820 quo
1205 4750 1311 4805 sibi
1370 4750 1485 4805 haec
1515 4750 1816 4805 obventura
1869 4761 2042 4806 sunt:

469 4851 756 4915 postquam
794 4842 1101 4907 dormierit,
1135 4844 1335 4914 inquit,
1364 4841 1911 4914 exsurget,quoniam
1935 4843 2044 4899 Do-

466 4933 647 4988 minus
672 4932 933 5004 suscipiet
955 4949 1103 4988 enm.
1121 4932 1225 4987 Per
1253 4931 1622 4986 dormitionem
1651 4932 1794 4987 enim
1814 4941 2045 4989 mortem

469 5021 763 5088 signiﬁcat,
798 5023 1098 5077 secundum
1129 5037 1293 5093 quam
1323 5022 1440 5077 haec
1480 5021 1583 5077 sibi
1614 5021 1799 5076 futura
1844 5022 2043 5077 vatici-

467 5114 867 5185 naturzidque
905 5115 1076 5170 refert
1126 5115 1196 5169 ad
1256 5120 1474 5183 tempus
1523 5112 1648 5167 vitae
1707 5110 2041 5179 Salvatoris,

467 5223 576 5281 qua
620 5219 835 5277 peracta
884 5209 1177 5262 terminum
1234 5206 1519 5276 prophetia
1565 5214 1866 5261 consecuta
1918 5215 2043 5274 est;

467 5297 687 5370 quando
717 5298 927 5353 scilicet
968 5296 1143 5353 Filius
1181 5296 1418 5351 hominis
1458 5295 1715 5351 Christus
1762 5296 1830 5351 ad
1874 5296 2045 5353 infer-

468 5405 597 5445 num
646 5404 821 5459 usque
868 5389 1171 5456 descendit,
1200 5396 1255 5443 et
1309 5388 1669 5457 captivorum,
1702 5391 1796 5457 qui
1836 5387 2043 5442 exitum

467 5482 881 5553 exspectabant,
921 5480 1174 5537 Salvator
1203 5486 1665 5537 commonstratus
1696 5488 1818 5546 est;
1852 5480 1927 5535 ita
1983 5487 2044 5534 ut

468 5575 886 5631 resurrectionis
947 5574 1070 5644 ejus
1132 5590 1199 5628 ex
1264 5573 1493 5628 mortuis
1556 5581 1801 5644 tempore
1871 5574 2043 5627 multa

467 5682 697 5737 corpora
754 5674 1070 5723 sanctorum
1115 5665 1209 5735 qui
1252 5664 1590 5721 dormierant
1620 5681 1728 5720 una
1757 5681 1882 5720 eum
1922 5665 2042 5736 ipso

470 5759 789 5827 revixerint,
825 5760 880 5814 in
932 5758 1087 5828 queis
1128 5756 1555 5833 verisimileest
1602 5757 1773 5815 fuisse
1804 5757 2039 5814 animam

2145 4568 2227 4621 ὅτι
2274 4569 2339 4622 σὺ
2372 4567 2577 4638 Κύριος
2627 4566 2972 4638 άντιλήπτωρ
3027 4583 3129 4631 μου
3178 4562 3247 4630 εἷ,
3299 4567 3423 4631 δόξα
3481 4584 3582 4638 μου
3631 4569 3727 4622 καὶ

2120 4659 2300 4733 ⁸ὑιίιιῖὐν
2330 4659 2428 4731 τὴν
2462 4658 2703 4730 κεφαλήν
2750 4676 2871 4730 μου.
2909 4660 2996 4711 Ἐν
3041 4659 3216 4726 τούτῳ
3259 4659 3370 4731 γὰρ
3396 4660 3486 4713 τὸν
3534 4661 3725 4732 καιρὸν

2146 4750 2569 4822 ἐπισημαίνεται
2606 4748 2725 4802 καθ’
2770 4749 2830 4802 ὃν
2857 4747 3087 4821 ὑπάρξει
3134 4750 3281 4821 αύτῷ
3328 4749 3518 4804 ταῦτα.
3567 4750 3725 4805 Μετὰ

2147 4842 2256 4915 γὰρ
2284 4842 2344 4894 τὸ
2372 4840 2699 4912 κοιμηθῆναι
2727 4842 2891 4895 αὑτὸν
2942 4842 3381 4915 ἐξεγερθήσεται,
3418 4843 3604 4915 φησὶν,
3639 4845 3724 4897 δτι

2144 4934 2347 5006 Κύριος
2369 4933 2718 5005 ἀντιλήψεται
2743 4934 2926 4988 αὑτοῦ.
2951 4935 3243 5004 Κοίμησιν
3266 4935 3323 4988 δὲ
3349 4936 3602 5006 σημαίνει
3629 4937 3723 4989 τὸν

2148 5025 2397 5091 θάνατον,
2430 5028 2551 5097 μεθ’
2583 5025 2641 5079 ὃν
2671 5025 2840 5079 ταῦτα
2874 5025 3094 5079 ἔσεσθαι
3125 5027 3251 5097 περὶ
3293 5026 3458 5081 αὑτοῦ
3504 5044 3721 5099 προφη-

2145 5114 2312 5179 τεύει,
2341 5114 2680 5186 ἀναπέμπων
2716 5115 2806 5168 ἐπὶ
2844 5115 2935 5168 τὸν
2964 5115 3153 5186 χρόνον
3191 5116 3290 5186 τῆς
3331 5114 3425 5168 τοῦ
3468 5116 3721 5186 Σωτῆρος

2148 5207 2472 5279 παρουσίας,
2509 5205 2629 5277 μεθ’
2660 5207 2720 5259 ὃν
2748 5206 2935 5267 τέλους
2962 5206 3151 5276 ἔτυχεν
3185 5207 3218 5277 ἡ
3252 5206 3584 5279 προφητείαο
3632 5207 3719 5260 ὅτε

2145 5300 2239 5353 καὶ
2286 5298 2478 5372 μέχρις
2523 5299 2649 5371 ᾅδου
2699 5300 2942 5363 καταϐάς
2985 5302 3014 5353 6
3060 5300 3189 5364 Υἱὸς
3234 5299 3327 5353 τοῦ
3358 5299 3643 5370 ἀνθρώπου
3689 5299 3718 5351 6

2143 5394 2399 5465 Χριστὸς,
2437 5394 2531 5447 καὶ
2565 5392 2671 5446 τῶν
2704 5394 2822 5445 ἐκεῖ
2863 5391 3287 5465 προσδοκώντων
3316 5392 3495 5462 ἄφιξιν
3528 5390 3718 5462 Σωτὴρ

2143 5485 2449 5557 ἐπεδείχθη,
2480 5486 2555 5549 ὠς
2590 5484 2705 5555 ἅμα
2737 5486 2803 5555 τῇ
2847 5484 3012 5538 αὐτοῦ
3065 5486 3129 5538 ἐκ
3174 5485 3379 5557 νεκρῶν
3422 5483 3717 5538 ἀναστάσει

2145 5576 2314 5631 πολλὰ
2345 5576 2572 5648 σώματα
2606 5575 2715 5629 τῶν
2771 5574 2941 5644 ἁγίων
2991 5576 3099 5629 τῶν
3130 5575 3543 5647 κεκοιμημένων
3589 5591 3716 5628 συν-

2144 5668 2439 5739 αναστῆναι
2469 5666 2638 5737 αὐτῷ,
2656 5669 2714 5721 ἐν
2744 5664 2825 5731 οἷς
2855 5666 3002 5730 εἰκὸς
3026 5666 3165 5722 εἶναι
3184 5669 3280 5722 καὶ
3310 5667 3406 5737 τὴν
3439 5666 3531 5719 τοῦ
3554 5664 3718 5720 Δαυῒδ

2142 5762 2340 5832 ψυχήν.
2369 5759 2597 5831 Θαρσῶν
2634 5760 2690 5813 δὲ
2719 5764 2783 5832 τῇ
2821 5761 3047 5831 δυνάμει
3086 5759 3185 5830 τῆς
3233 5760 3574 5822 ἀναστάσεως
3620 5756 3713 5811 τοῦ
