3948 6286
247 357 307 414 9"
1385 369 1888 428 COMMENTABIA
1932 375 1994 428 IN
2038 374 2374 432 PSALMUS.
3438 395 3508 448 98

245 484 512 554 Σωτῆρος,
555 487 624 540 δι’
675 485 742 561 ἧς
773 491 970 561 ἤμελλε
1017 492 1110 547 καὶ
1158 493 1319 556 αὐτὸς
1373 496 1658 566 κοιμηθεὶς
1712 498 1795 565 ὲξε

1928 499 2165 556 Davidis.
2209 500 2406 555 Fidens
2444 510 2622 554 autem
2652 503 2836 557 virtuti
2869 506 3287 566 resurrectionis
3320 507 3507 566 Salva-

244 574 634 646 γερθήσεσθαι,
666 583 834 652 φησίν
854 601 866 613 ·

312 758 390 808 Οὐ
421 759 839 831 φοϐηθήσομαι
855 763 971 818 ἀπὸ
997 765 1299 833 μιῬιιὶδων
1321 767 1472 820 λαοῦ
1496 766 1610 820 τῶν
1625 771 1826 836 κύκλῳ

241 852 791 920 συνεπιτιθεμένων
813 873 934 924 μοι.
984 857 1245 929 Προεώρα
1291 863 1398 932 γὰρ
1443 863 1525 915 ὅτι
1568 863 1824 935 μυριάδες

242 940 638 1010 ἀντικειμένων
689 943 970 1015 δυνάμεων
1031 947 1381 1021 βουλήσονται
1434 954 1677 1022 ἐπισχεῖν
1725 953 1821 1024 τὴν

243 1031 347 1083 τῶν
400 1033 574 1100 ἁγίων
635 1035 969 1104 ἀναϐίωσιν,
1025 1041 1477 1115 διαφθονούμεναι
1525 1050 1591 1116 τῇ
1643 1047 1820 1100 αὐτῶν

244 1124 522 1195 σωτηρίᾳο
561 1119 636 1180 ὧν
678 1127 809 1196 ἐγὼ,
841 1131 1028 1201 φησὶν,
1065 1133 1216 1202 λόγον
1271 1136 1458 1188 οὐδένα
1502 1139 1816 1208 ποιήσομαι,

241 1213 459 1287 eapse»:
485 1217 566 1287 τῷ
595 1219 974 1294 ὑπερασπιστῇ
1006 1243 1128 1294 μου,
1156 1225 1234 1296 τῷ
1270 1227 1364 1281 τοῦ
1403 1227 1632 1282 Θανάτου
1663 1247 1817 1299 νικη-

241 1311 308 1379 τῇ
329 1327 340 1338 ⁸
373 1309 434 1372 ὃς
463 1311 528 1380 δὴ
561 1311 731 1383 θύρας
759 1315 963 1384 χαλκᾶς
989 1319 1280 1389 συντρίψας
1309 1322 1398 1374 καὶ
1429 1321 1655 1392 μοχλοὺς
1674 1323 1818 1394 σιδη-

244 1399 368 1469 ροῦς
399 1402 717 1467 συνθλάσας,
741 1406 836 1468 τὰς
862 1405 920 1470 ὲξ
944 1408 1136 1473 αἰῶνος
1173 1411 1675 1482 ἀποκεκλεισμένας
1722 1414 1814 1467 τοῦ

241 1493 466 1560 θανάτου
493 1495 666 1558 πύλας
695 1497 925 1568 ἀνέῳξεν
941 1517 952 1528 ·
983 1501 1098 1554 ὁδόν
1123 1520 1179 1554 τε
1204 1504 1550 1569 ἀναστάσεως
1573 1507 1814 1577 παρέσχε

239 1591 347 1650 τοῖς
364 1589 554 1641 αὐτόθι
580 1591 875 1661 γνωρίμοις
906 1593 1088 1656 αὐτοῦ,
1120 1588 1193 1646 ὧν
1215 1591 1294 1658 εἷς
1325 1597 1500 1649 αὐτῶν
1543 1593 1609 1668 ἦν
1652 1601 1681 1650 ὁ
1711 1602 1813 1652 Δα-

237 1680 336 1731 υῖδ.
389 1681 482 1734 Διὸ
513 1685 571 1734 ἐν
612 1683 784 1754 ἑτέρῳ
810 1682 1010 1755 ψαλμῷ
1041 1686 1256 1755 ἔλεγεν·
1313 1689 1671 1758 Ἐγνώρισιίς
1711 1709 1809 1758 μοι

236 1771 411 1839 ὀδοὺς
448 1773 614 1842 ζωῆς·
651 1777 987 1843 πληρώσεις
1001 1796 1078 1847 με
1095 1782 1476 1850 εὐφροσύνης
1511 1783 1658 1853 μετὰ
1707 1783 1810 1836 τοῦ

233 1865 564 1931 προσώπου
597 1885 727 1922 σου.

316 1957 604 2024 Ἀνάστα,
635 1963 829 2029 Κύριε,
863 1962 1071 2017 σῶσόν
1091 1983 1202 2033 με,
1247 1969 1279 2019 o'
1320 1967 1462 2032 Θεός
1499 1985 1638 2036 μου.
1683 1970 1809 2022 Ὅτι

241 2050 317 2103 σὺ
345 2052 658 2120 ἐπάταξας
678 2056 906 2124 πάντας
933 2059 1074 2125 τοὺς
1105 2060 1531 2128 ἐχθραίνοντάς
1567 2080 1668 2130 μοι
1693 2082 1806 2131 μα-

242 2143 425 2208 ταίως·
465 2144 721 2213 ὀδόντας
747 2149 1110 2218 ἁμαρτωλῶν
1137 2151 1524 2220 συνέτριψας.
1568 2156 1676 2208 Τοῦ
1702 2160 1810 2209 Κυ-

227 2237 418 2304 pios-1i
456 2241 744 2306 σωτηρία,
763 2243 859 2295 καὶ
880 2244 976 2295 ἐπὶ
1012 2243 1117 2297 τὸν
1157 2245 1310 2299 λαόν
1348 2261 1463 2299 σου
1497 2249 1534 2314 ἡ
1561 2250 1809 2317 εὐλογία

224 2346 355 2383 σου.
386 2331 698 2396 Πιστεύσας
728 2337 792 2405 τῇ
821 2336 1126 2406 προγνώσει
1149 2338 1245 2408 τῆς
1267 2341 1635 2411 γενησομένης
1659 2342 1808 2413 αὐτῷ

226 2424 359 2492 μετά
403 2424 522 2492 τὴν
557 2428 840 2495 κοίμησιν
875 2416 1118 2482 τουτέστι
1170 2429 1262 2482 τοῦ
1315 2430 1545 2484 θανάτου
1585 2433 1672 2486 διά
1708 2434 1807 2503 τῆς

222 2519 494 2588 σωτηρίου
531 2519 750 2588 χάριτος
778 2522 869 2573 καὶ
902 2521 1248 2591 εὐεργεσίας·
1291 2522 1372 2575 ὃτι
1409 2539 1467 2575 τε
1497 2523 1596 2576 οὐκ
1630 2525 1804 2588 ἄλλως

211 2607 370 2662 ἔσται
408 2609 443 2679 ἢ
496 2612 595 2663 σὺν
626 2614 690 2681 τῇ
722 2611 883 2664 αὐτοῦ
906 2612 998 2666 τοῦ
1027 2615 1275 2685 Σωτῆρος
1317 2615 1632 2678 ἀναστάσει,
1677 2616 1804 2669 ἀκο-

218 2700 425 2764 λούθως
454 2703 674 2772 εὖχεται
703 2705 1024 2775 ἐπιταχῦναι
1063 2706 1158 2759 τοῦ
1192 2707 1396 2777 Κυρίου
1427 2707 1525 2778 τὴν
1567 2707 1773 2761 ἀνάστα

222 2808 321 2855 σιν,
354 2794 506 2855 ὅπως
549 2795 612 2847 δι’
651 2796 819 2865 αὐτῆς
851 2795 988 2868 τύχῃ
1029 2799 1120 2850 καὶ
1178 2798 1339 2860 αὐτὸς
1367 2800 1464 2868 τῆς
1492 2801 1762 2870 σωτηρίας
1783 2818 1796 2831 ⁸

220 2883 296 2935 διό
335 2900 528 2954 φησιν’
577 2884 845 2949 Ἀνάστα,
877 2888 1070 2953 Κύριε,
1092 2885 1300 2941 σῶσόν
1315 2905 1410 2956 με.
1444 2892 1474 2941 ό
1504 2890 1646 2953 Θεός
1658 2907 1798 2957 μου.

221 2974 463 3044 Νίκη-τὴν
489 2974 548 3026 δὲ
579 2975 668 3027 τὸν
692 2976 920 3046 Σωτῆρα
937 2975 1092 3039 εἰδὼς
1126 2977 1340 3029 πάντων
1364 2976 1474 3029 τῶν
1506 2977 1801 3030 ἐπιϐουλῶν

220 3064 307 3117 τοῦ
344 3065 456 3118 τῶν
490 3066 794 3138 ἀνθρώπων
832 3067 1054 3135 γένους,
1099 3068 1367 3137 δαιμόνων
1413 3069 1664 3139 πονηρῶν
1708 3068 1802 3122 καὶ

222 3157 497 3226 δυνάμεων
542 3158 930 3228 ἀντικειμένων
951 3199 965 3222 ,
992 3160 1157 3229 φησίν
1175 3176 1188 3188 ·
1238 3161 1357 3212 ’Ότι
1385 3160 1466 3213 σὺ
1496 3160 1800 3229 ἐπάταξας

222 3249 446 3314 πάντας
475 3251 620 3316 τοὺς
645 3249 1070 3318 ἐχθραίνοντάς
1095 3268 1196 3318 μοι
1217 3252 1500 3319 ματαίως.
1537 3250 1723 3314 Οὕτως
1737 3251 1794 3304 τὸ

234 3340 512 3410 Ἐΰραῖκίον
567 3343 643 3412 (1)
687 3344 787 3395 οὐκ
816 3342 926 3412 ἔχει
951 3381 964 3404 ,
993 3343 1276 3411 ματαίως,
1312 3341 1469 3409 ἀλλά,
1506 3343 1790 3411 σιαγόνα·

223 3432 266 3482 οἱ
293 3433 348 3485 δὲ
390 3433 817 3504 Ἑϐδομήκοντα,
844 3436 1126 3503 ματαίως,
1156 3433 1424 3499 ἐξέδωκαν
1445 3473 1458 3496 ,
1500 3433 1533 3504 ἦ
1560 3434 1700 3488 κατά
1728 3435 1795 3488 τὰ

214 3524 411 3595 τάρχαῖα
446 3517 758 3596 ἀντίγραφα
790 3526 988 3598 ἑτέρως
1011 3527 1299 3596 ἐσχηκότα,
1326 3525 1468 3579 καθὰ
1495 3528 1626 3594 φασί
1654 3544 1794 3590 τινες

222 3618 320 3670 τῶν
357 3618 660 3688 Ἐϐραίων,
687 3619 718 3687 ἢ
756 3618 855 3686 τῆς
880 3617 1077 3681 λέξεως
1109 3617 1170 3670 τὸ
1207 3617 1418 3679 εὐτελὲς
1449 3616 1790 3684 ἀποφεύγον-

222 3727 321 3773 τες.
354 3711 533 3763 Οίονεὶ
565 3709 622 3761 δὲ
658 3709 998 3779 κοιμώμενον
1015 3709 1230 3772 δεικνὺς
1256 3707 1345 3760 τὸν
1372 3708 1525 3769 Θεὸν,
1557 3708 1646 3760 ὅτε
1676 3708 1792 3760 πει-

221 3819 312 3872 ρας
345 3802 506 3855 ἕνεκα
540 3801 855 3872 παρέδωκεν
885 3802 1033 3872 ἡμᾶς
1058 3803 1177 3862 ταῖς
1195 3798 1596 3868 ἀντικειμέναις
1630 3798 1791 3851 δυνά-

221 3911 337 3963 μεσι
360 3935 374 3959 ,
405 3895 742 3964 διανίστησιν
786 3893 965 3946 αὐτόν.
1016 3893 1168 3962 Τάχα
1195 3891 1250 3945 δὲ
1295 3891 1387 3944 καὶ
1424 3894 1512 3943 ὅτε
1547 3892 1638 3944 τὸν
1680 3891 1790 3942 Σω-

217 3987 349 4060 τῆρα
371 3989 515 4059 ὑπὲρ
537 3987 693 4058 ἡμῶν
719 3988 936 4041 πάντων
968 3988 1302 4058 παρέδωκεν,
1326 3982 1612 4037 ἐκάθευδεν
1641 3980 1789 4051 αὐτῷ

216 4080 241 4129 ὁ
265 4079 455 4150 Πατήρ
474 4095 488 4108 ο
545 4077 850 4130 Ἀνίσταται
882 4075 940 4130 δὲ
970 4075 1158 4140 σώζων
1184 4075 1345 4128 αὐτὸν
1374 4073 1665 4126 πατάσσων
1689 4071 1786 4124 αὑ-

216 4172 298 4224 τοῦ
331 4173 461 4234 τοὺς
491 4171 740 4243 ἐχθροὺς,
773 4172 805 4242 ἥ
836 4172 961 4232 τοὺς
1007 4169 1314 4231 Ἰουδαίους,
1347 4167 1380 4237 ἢ
1415 4167 1539 4228 τοὺς
1566 4164 1787 4235 νοητοὺς

217 4265 415 4332 ἀλόγως
466 4264 865 4334 ὲχθραίνοντας.
929 4261 1082 4314 Μετὰ
1119 4260 1227 4330 γὰρ
1274 4258 1383 4310 τῶν
1432 4257 1729 4328 μισούντων
1757 4258 1785 4308 ὁ

216 4358 359 4426 ens;
389 4360 540 4410 ἐστιν
578 4354 869 4426 εἰρηνικὸς,
903 4352 1128 4422 ἀγαπῶν
1159 4353 1284 4413 τοὺς
1304 4349 1545 4420 ἐχθρούς*
1579 4347 1786 4418 ἀνθρω-

215 4449 486 4520 πινότερον
515 4450 544 4500 ὁ
578 4446 651 4517 μὴ
685 4445 926 4515 ματαίως
958 4443 1254 4514 ὲχθραίνων
1291 4440 1594 4511 ἀμύνεσθαι
1620 4438 1776 4491 θέλει³

213 4537 616 4607 Θεοσεὸἐστερον
639 4536 694 4588 δὲ
726 4534 813 4587 διὰ
840 4533 900 4586 τὸ
921 4532 1225 4603 ἀληθεύειν.
1259 4532 1402 4599 Ἔφη
1433 4529 1541 4600 γὰρ
1572 4529 1599 4580 ὁ
1632 4527 1779 4580 Παῦ-

211 4629 322 4692 λος·
366 4631 607 4698 Ἐχθρὸς
625 4626 766 4696 ὑμῖν
794 4625 1007 4695 γέγονα
1043 4624 1359 4692 ἀληθεύειν
1381 4623 1454 4692 (‘2)
1490 4619 1630 4690 ὑμῖν
1654 4637 1666 4649 ο
1701 4620 1783 4672 '0-

212 4726 354 4776 ποίον
371 4722 468 4775 καὶ
500 4723 559 4773 ὲν
588 4720 835 4790 Ψαλμοῖς
862 4719 942 4783 τὸ,
983 4717 1128 4785 Οὐχὶ
1158 4716 1300 4781 τοὺς
1325 4713 1656 4784 μισοῦντας
1685 4726 1779 4777 σε,

208 4813 397 4881 Κύριε,
457 4813 762 4880 ἐμίσησα;
825 4811 962 4862 Ἀλλ’
981 4809 1081 4862 οὐκ
1107 4797 1550 4873 ἐπιϐουλευτικὴν
1585 4802 1780 4873 ἔχθραν

205 4905 442 4974 νοητέον,
478 4901 614 4955 ἀλλά
641 4901 944 4971 κωλυτικὴν
965 4940 978 4962 ,
1006 4899 1265 4970 χεομὲνης
1309 4895 1503 4956 κακίας
1536 4894 1614 4956 είς
1650 4891 1780 4944 πολ-

204 4994 342 5060 λούς.
375 4995 455 5048 Δι’
471 4993 670 5047 ἑαυτοῦ
701 4993 808 5064 γὰρ
832 4993 864 5063 ἢ
887 4991 982 5046 καὶ
1010 4992 1073 5044 δι’
1097 4990 1256 5043 ἄλλου
1290 4988 1396 5058 χρὴ
1425 4986 1520 5057 τὴν
1550 4984 1781 5053 δυνατὴν

207 5091 550 5160 προσάγοντα
608 5085 854 5156 βοήθειαν
907 5083 1258 5155 ϐεραπεύειν·
1304 5080 1430 5151 ἣτὸ
1473 5079 1779 5131 τελευταῖον

203 5182 452 5253 εὖχεσοαι
495 5181 623 5251 περὶ
667 5178 761 5231 τοῦ
814 5176 1142 5246 κολασθῆναι
1169 5174 1266 5245 τὴν
1318 5170 1598 5243 μοχθηρὰν
1637 5169 1772 5233 ἕξιν,

205 5277 360 5344 ἧγουν
385 5272 752 5346 ὲκριζωθῆναι
795 5270 902 5323 ἀπὸ
940 5268 1031 5322 τοῦ
1083 5267 1324 5338 ἔχοντοςο
1369 5257 1428 5318 οὗ
1471 5262 1774 5317 διδακτικὸν

207 5368 290 5418 καὶ
319 5367 400 5430 τό,
450 5364 874 5432 Προσεύχεσθε
920 5359 1069 5428 ὑπὲρ
1122 5359 1240 5412 τῶν
1287 5354 1737 5424 ἐπηρεαζόντων
1755 5392 1770 5417 ,

205 5458 409 5521 καὶτὸ,
459 5453 755 5524 Ἀταπᾶτε
791 5450 935 5516 τοὺς
975 5448 1228 5518 ἐχθροὺς
1273 5445 1463 5516 ὑμῶν.
1517 5447 1574 5497 Ὁ
1605 5444 1660 5496 δὲ
1696 5443 1771 5513 μὴ

203 5549 359 5617 ψιλῶς
386 5549 650 5618 ἀγαπῶν,
693 5547 788 5600 καὶ
841 5545 968 5616 περὶ
1004 5543 1064 5596 τὸ
1103 5542 1282 5605 καλῶς
1322 5538 1574 5609 γενέσθαι
1625 5537 1772 5608 αὐτῷ

265 5707 326 5736 ’δ’
367 5703 512 5760 Psal.
545 5718 642 5765 xv,
674 5700 763 5755 10.
841 5697 887 5728 "
925 5695 1101 5751 Galat.
1139 5711 1222 5755 ιν,
1259 5694 1346 5750 16.

258 5864 330 5932 (l)
369 5865 428 5920 ln
462 5861 739 5920 llebraico
775 5861 989 5927 legitur,
1031 5839 1124 5920 in")
1149 5856 1293 5916 quod
1313 5859 1396 5911 est
1423 5849 1666 5904 maxilla.

1930 593 2085 660 toris,
2121 609 2216 663 per
2244 609 2408 663 quam
2449 601 2501 648 et
2532 593 2648 663 ipse
2675 594 2953 651 dormiens
2982 599 3334 658 suscitandus
3367 613 3506 669 erat,

1927 684 2005 738 ait
2039 705 2048 736 τ

1998 775 2163 832 Vens.
2196 779 2249 831 7.
2285 775 2407 830 Non
2441 777 2628 831 timebo
2671 780 2843 832 millia
2897 781 3078 849 populi
3124 784 3503 842 circumdantis

1925 882 2024 920 me.
2054 864 2389 919 Praevidebat
2412 866 2556 919 enim
2589 867 2757 918 multa
2790 866 2904 921 fore
2938 868 3373 927 adversariarum
3404 889 3502 943 po-

1924 965 2184 1012 testatum
2219 957 2407 1020 millia,
2461 973 2580 1027 qua:
2628 967 2944 1013 sanctorum
3003 964 3497 1028 resurrectionem,

1922 1067 2110 1106 eorum
2144 1051 2305 1106 saluti
2339 1051 2662 1114 invidentes,
2700 1053 3045 1122 interpellare
3079 1055 3276 1109 vellent
3304 1073 3317 1109 :
3363 1073 3500 1126 quos

1921 1161 2041 1214 ego,
2098 1144 2296 1213 inquit,
2346 1144 2502 1197 nihili
2559 1143 2781 1207 faciam,
2817 1145 3057 1200 conlisus
3109 1151 3498 1218 propugnatori

1921 1250 2062 1298 meo,
2093 1235 2285 1289 mortis
2312 1235 2542 1301 victori;
2567 1235 2657 1304 qui
2690 1236 2943 1291 contritis
2975 1238 3130 1291 aereis
3163 1238 3370 1294 foribus
3406 1255 3499 1295 ve-

1926 1325 2218 1395 ctibusque
2277 1324 2470 1380 ferreis
2533 1328 2852 1387 contractis.
2904 1327 3156 1384 occlusas
3203 1345 3232 1382 a
3295 1332 3497 1386 saeculo

1917 1424 2103 1485 portas
2128 1416 2318 1471 mortis
2338 1416 2569 1486 aperuit,
2605 1418 2856 1487 notisque
2887 1419 3003 1473 suis
3039 1419 3113 1472 ibi
3148 1420 3492 1490 degentibus,

1915 1522 1945 1560 e
1974 1521 2206 1576 quorum
2241 1522 2470 1561 numero
2511 1505 2679 1561 David
2727 1519 2876 1573 erat,
2931 1511 2998 1563 ad
3034 1512 3492 1568 resurrectionem

1914 1600 2058 1653 viam
2111 1601 2342 1669 paravit.
2406 1599 2770 1666 Quamobrem
2825 1603 2877 1655 in
2913 1595 3019 1655 alio
3065 1605 3274 1672 psalmo
3306 1605 3489 1662 dixit:

1916 1690 2088 1748 Notas
2121 1695 2248 1748 mihi
2271 1695 2443 1762 fecisti
2501 1696 2611 1748 vias
2649 1695 2767 1748 uiue
2799 1711 2816 1747 :
2845 1695 3157 1764 adimplebis
3192 1713 3272 1751 me
3302 1697 3493 1752 laztitia

1913 1802 2030 1839 cum
2064 1789 2208 1841 vultu
2240 1797 2328 1841 tuo
2356 1788 2444 1842 ⁸⁵⁵.

1994 1965 2152 2022 Vens.
2190 1967 2242 2022 8.
2275 1966 2533 2038 Exsurge,
2563 1967 2806 2032 Domine,
2849 1968 3056 2023 salvum
3101 1986 3181 2024 me
3210 1971 3317 2039 fac,
3345 1971 3489 2026 Deus

1916 2077 2084 2114 meus.
2157 2060 2418 2126 Quoniam
2467 2072 2520 2113 tu
2573 2061 2878 2129 percussisti
2923 2077 3100 2114 omnes
3150 2058 3486 2118 adversantes

1915 2151 2045 2204 mihi
2078 2151 2190 2203 sine
2224 2167 2409 2214 causa,
2445 2149 2624 2204 dentes
2655 2159 2985 2218 peccatorum
3014 2152 3331 2206 contrivisti.
3375 2153 3486 2206 Da-

1915 2242 2044 2294 mini
2093 2251 2170 2295 est
2208 2241 2377 2307 salus,
2431 2250 2481 2294 et
2511 2257 2666 2309 super
2701 2241 2952 2310 populum
2997 2253 3145 2295 tuum
3198 2242 3485 2296 benedictio

1915 2341 2028 2388 tua.
2067 2333 2208 2387 Cum
2243 2334 2584 2404 prospiceret
2618 2335 2850 2388 salutem
2886 2333 3012 2395 sibi,
3047 2341 3171 2403 post
3200 2335 3484 2388 dormitio-

1915 2445 2029 2482 nem
2077 2429 2192 2482 sive
2239 2427 2472 2488 obitum,
2509 2427 2738 2482 salutari
2782 2427 2956 2497 gratia
3001 2435 3166 2497 atque
3213 2427 3485 2482 beneﬁcio

1913 2517 2324 2584 conferendam,
2362 2518 2574 2588 ipsique
2614 2517 2772 2571 ﬁdem
2819 2518 3078 2584 haberet;
3114 2526 3297 2572 certus
3337 2518 3484 2572 hanc

1912 2610 2128 2665 nonnisi
2165 2609 2220 2663 in
2265 2609 2667 2664 resurrectione
2723 2607 3025 2664 Salvatoris
3053 2625 3214 2679 posse
3249 2611 3354 2664 sibi
3395 2611 3487 2664 ob-

1909 2703 2116 2766 venire,
2156 2709 2562 2768 consequenter
2614 2709 2880 2771 precatur
2922 2701 3214 2756 accelerari
3266 2699 3481 2756 Domini

1909 2791 2392 2853 resurrectionem,
2424 2799 2484 2844 ut
2512 2806 2606 2860 per
2635 2806 2754 2844 eam
2791 2798 2845 2844 et
2872 2791 2987 2859 ipse
3021 2791 3252 2846 salutem
3288 2806 3484 2846 conse-

1907 2892 2127 2956 quatur.
2164 2884 2531 2950 Quamobrem
2560 2883 2671 2937 ait:
2721 2881 2977 2952 Exsurge,
3002 2883 3243 2945 Domine,
3273 2883 3478 2936 salvum

1908 2994 1989 3030 me
2010 2977 2119 3043 fac,
2145 2974 2286 3029 Deus
2313 2990 2492 3029 meus:
2533 2989 2845 3044 gnarusque
2878 2973 3117 3026 futurum
3140 2971 3476 3029 Salvatorem

1908 3070 2152 3124 omnium
2207 3069 2423 3139 generis
2477 3067 2702 3121 humani
2758 3067 3105 3130 insidiarum,
3169 3068 3474 3123 daemonum

1907 3162 2034 3217 item
2085 3170 2138 3216 et
2177 3159 2616 3214 adversariarum
2676 3167 3007 3228 potestatum
3041 3160 3326 3223 victorem,
3359 3160 3471 3213 ait:

1909 3251 2175 3317 Quoniam
2203 3258 2258 3302 tu
2285 3249 2592 3317 percussisti.
2625 3263 2802 3301 omnes
2843 3245 3174 3300 adversantes
3206 3246 3334 3298 milii
3365 3245 3476 3300 site
3567 3286 3574 3294 .

1907 3359 2090 3396 causa.
2123 3339 2451 3394 Hebraicum
2501 3339 2778 3406 exemplar
2829 3354 2936 3391 non
2987 3337 3068 3392 sic
3123 3337 3306 3401 habet,
3363 3337 3477 3392 sine

1899 3451 2088 3498 causa,
2121 3434 2241 3496 sed,
2274 3433 2328 3485 in
2376 3430 2699 3493 maxillam;
2734 3428 3085 3500 Septuaginta
3133 3445 3264 3484 vero
3301 3427 3473 3484 Inter-

1899 3533 2100 3596 pretes,
2141 3525 2252 3578 sine
2280 3539 2464 3584 causa,
2496 3521 2808 3583 ediderunt,
2845 3522 2957 3575 sive
2998 3520 3126 3590 quia
3169 3521 3470 3576 vetustiora

1898 3616 2229 3686 exemplaria
2265 3615 2567 3677 variabant,
2597 3621 2655 3666 ut
2677 3613 2898 3683 quidam
2929 3612 3279 3666 Hebraeorum
3315 3615 3471 3667 testi-

1899 3706 2165 3760 ﬁcantur:
2230 3705 2343 3758 sive
2403 3712 2455 3757 ut
2516 3719 2545 3756 a
2614 3704 2767 3757 vocis
2843 3703 3049 3755 vilitate
3104 3701 3464 3756 declinarent.

1898 3796 2066 3851 Deum
2099 3811 2228 3850 vero
2265 3797 2420 3864 quasi
2455 3802 2567 3846 tum
2602 3793 2961 3848 dormientem
2987 3792 3464 3852 adumbrans.cum

1896 3889 2140 3943 tentandi
2180 3901 2347 3941 causa
2379 3886 2711 3941 adversariis
2742 3900 2842 3938 nos
2886 3883 3250 3954 potestatibus
3295 3884 3466 3937 tradi-

1895 3977 1996 4042 dit,
2055 3978 2235 4046 ipsum
2283 3989 2312 4027 a
2347 3989 2543 4030 somno
2601 3974 2827 4027 excitat.
2881 3970 2946 4023 Et
2999 3968 3251 4024 fortassis
3299 3970 3461 4023 etiam

1892 4076 2027 4121 tunc
2085 4057 2244 4119 Pater
2289 4064 2592 4127 dormierit,
2644 4079 2767 4116 cum
2827 4061 3163 4116 Salvatorem
3213 4066 3463 4114 nostrum

1893 4173 1993 4228 pro
2039 4157 2198 4211 nobis
2241 4155 2500 4210 omnibus
2541 4153 2794 4208 tradidit:
2843 4153 3114 4206 excitatur
3171 4156 3352 4204 autem
3402 4157 3463 4203 ut

1893 4251 2123 4304 salutem
2156 4249 2259 4318 ipsi
2292 4247 2562 4310 conferat,
2615 4246 2995 4316 percutiatque
3033 4243 3289 4298 inimicos
3316 4240 3459 4309 ejus,

1895 4358 2016 4397 cum
2050 4342 2286 4407 Judaeos,
2345 4353 2457 4396 tum
2519 4339 2890 4409 intelligibiles
2938 4338 3147 4404 hostes,
3206 4336 3301 4407 qui
3342 4335 3460 4390 sine

1893 4454 2058 4492 causa
2088 4438 2266 4508 ipsum
2299 4436 2551 4490 oderunt.
2587 4431 2722 4486 Nam
2749 4431 2832 4485 vel
2865 4446 2988 4485 cum
3023 4430 3092 4485 iis
3124 4429 3218 4498 qui
3253 4444 3312 4484 se
3334 4427 3460 4481 odio

1892 4532 2092 4584 habent
2123 4531 2206 4583 vir
2238 4537 2462 4582 sanctus
2495 4525 2759 4596 paciﬁcus
2816 4529 2922 4586 est,
2975 4521 3338 4589 inimicosque
3370 4519 3455 4573 di-

1890 4624 2039 4694 ligit:
2079 4623 2374 4676 humanius
2427 4630 2608 4674 autem
2647 4617 2813 4673 sentit
2867 4615 2963 4685 qui
3012 4629 3138 4670 cum
3187 4627 3297 4666 non
3333 4611 3459 4664 sino

1889 4731 2056 4770 causa
2107 4715 2270 4768 alicui
2302 4713 2558 4768 inimicus
2589 4713 2679 4777 sit,
2728 4711 2990 4764 ultionem
3045 4707 3286 4776 expelit.:
3330 4704 3454 4758 reli-

1888 4807 2096 4876 giosius
2137 4819 2302 4875 porro
2331 4805 2443 4859 veri
2487 4801 2702 4857 dicendi
2739 4813 2905 4854 causa
2959 4795 3118 4870 [tales
3157 4793 3454 4847 inimicitia

1887 4895 2314 4968 suscipiuntur.]
2379 4896 2468 4949 Ait
2518 4895 2662 4949 enim
2713 4891 2953 4946 Paulus:
3010 4887 3264 4941 Inimicus
3313 4884 3451 4940 vobis

1883 4991 2057 5060 [actus
2087 5005 2203 5041 sum
2227 5003 2403 5041 verum
2426 4985 2603 5038 dicens
2621 4984 2689 5037 ’δε
2723 4983 2883 5054 quale
2909 4980 3072 5033 etiam
3125 4977 3178 5029 in
3217 4973 3450 5030 Psalmis

1881 5079 2014 5132 illud
2043 5088 2158 5131 est:
2195 5075 2382 5128 Nonne
2409 5075 2499 5144 qui
2528 5071 2746 5126 oderunt
2771 5080 2840 5134 te,
2868 5067 3110 5130 Domine,
3141 5063 3355 5118 oderam
3370 5063 3452 5117 “i

1881 5168 1951 5222 At
1985 5183 2094 5222 non
2129 5165 2479 5222 insidiantem
2517 5161 2858 5217 inimicitiam
2912 5157 2998 5209 hic
3043 5156 3312 5224 intelligas
3354 5170 3447 5208 ve—

1881 5258 1996 5318 lim,
2030 5255 2125 5311 sed
2177 5254 2601 5324 impedientem;
2654 5246 2859 5301 malitia
2906 5243 3116 5298 scilicet
3155 5242 3211 5295 in
3245 5240 3446 5293 multos

1877 5350 2094 5404 diﬂ‘usa.
2150 5349 2245 5402 Sui
2281 5360 2518 5414 namque
2551 5343 2636 5398 vel
2683 5340 2846 5394 etiam
2884 5337 3110 5390 alterius
3157 5347 3324 5388 causa
3354 5347 3446 5385 co-

1876 5441 2069 5497 lendus
2103 5438 2586 5505 observandusque
2615 5441 2703 5488 est
2755 5432 2846 5501 qui
2877 5429 3137 5484 auxilium
3187 5431 3442 5496 praestat;

1878 5537 1993 5591 sive
2029 5535 2246 5590 demum
2277 5527 2614 5601 precandum
2643 5535 2748 5589 est,
2777 5532 2836 5578 ut
2865 5523 2932 5577 de
2967 5520 3216 5593 improbo
3248 5516 3444 5571 aﬂectu

1422 5693 1467 5724 "
1500 5691 1646 5748 Psal.
1682 5703 1956 5755 cxxxvm,
1997 5687 2078 5745 2i.

1925 5842 2010 5916 (2)
2048 5840 2211 5896 Forte
2238 5835 2527 5909 legendum
2567 5836 2866 5906 ἀληθευων.
2904 5832 3062 5887 Enn.
