3948 6286
462 333 537 390 99
1151 327 1420 389 EL’SEBII
1458 334 1942 393 CESABIENSIS
1980 332 2023 393 Ο

2173 332 2374 395 PARS.
2416 331 2501 393 Ill.
2536 336 3020 397 -—EXEGETICA.
3627 340 3722 402 100

464 454 603 510 ultio
632 463 921 519 sumatur;
953 453 1036 507 vel
1073 461 1133 505 ut
1182 453 1451 507 radicitus
1485 456 1710 510 tollatur
1749 458 1818 511 ab
1848 473 1913 511 eo
1953 474 2025 526 qu

2159 459 2423 527 συνεργεῖ,
2459 458 2553 511 καὶ
2585 456 2647 509 τὸ
2675 459 2731 510 ἐν
2755 458 2968 529 ἑϐδόμῳ
2994 457 3049 511 δὲ
3065 457 3262 530 ψαλμῷ
3289 458 3576 531 λεγόμενον
3596 477 3610 490 ·
3658 464 3725 514 Et

462 547 548 601 sic
565 545 790 601 affectus
812 554 912 601 est.
940 544 1114 612 Quam
1132 560 1244 600 rem
1263 546 1421 601 docet
1437 547 1569 601 illud
1590 566 1603 602 :
1626 547 1926 602 Precamini
1946 563 2030 616 pro

2149 547 2539 603 ἀνταπέδωκα
2577 547 2701 613 τοῖς
2729 550 3202 605 ἀνταετοδιδοῦσί
3228 570 3329 620 μοι
3354 553 3512 606 κακὰ
3536 593 3552 619 ,
3583 553 3725 607 ἀποε-

460 639 526 693 iis
564 640 652 710 qui
700 655 788 692 vos
837 638 1078 692 molestia
1126 638 1461 708 afﬁciunt";
1522 647 1576 715 et
1619 641 1791 695 illud:
1831 642 2030 711 Diiigitt

2149 640 2389 710 πέσοιμι
2424 642 2537 710 ἄρα
2576 643 2693 696 ἀπὸ
2723 642 2841 696 τῶν
2869 642 3100 712 ἐχθρῶν
3132 662 3250 714 μου
3294 646 3469 712 κενὸς
3490 686 3504 711 ,
3542 646 3724 716 σαφῶς

463 731 704 785 inimicos
750 740 951 785 uestros
982 732 1054 784 ’⁸.
1109 730 1211 796 Qui
1262 744 1431 801 porro
1477 746 1587 786 non
1639 733 1829 788 leviter
1872 744 2039 797 amat,

463 830 724 893 procurat
764 810 930 879 etiam
969 832 1027 879 ut
1082 825 1322 881 inimicis
1369 826 1510 882 bene
1550 828 1851 898 contingat.
1884 826 2041 882 lnsu-

394 923 404 933 ·
466 925 673 979 perque
710 914 839 967 illud
881 928 933 967 in
962 915 1193 984 septimo
1217 918 1429 986 psalmo
1456 920 1662 975 dictum
1693 941 1705 977 :
1736 921 1795 977 Si
1822 924 2031 978 reddidi

467 1001 870 1056 retribuentibus
892 1005 1020 1057 mihi
1043 1007 1205 1072 mala,
1230 1009 1468 1063 decidam
1494 1015 1680 1065 merito
1704 1013 1767 1067 ab
1795 1015 2026 1069 inimicis

461 1090 589 1143 meis
609 1091 782 1146 inanis
808 1095 875 1159 ",
896 1095 1178 1164 perspicue
1198 1097 1356 1156 docet
1378 1103 1650 1157 neminem
1673 1105 1798 1159 odio
1822 1105 2025 1162 haben-

468 1188 599 1242 dum
622 1204 763 1245 esse.
802 1188 914 1245 Cur
939 1191 1122 1261 itaque
1145 1192 1354 1247 dictum
1375 1202 1459 1249 est
1479 1211 1492 1248 :
1510 1191 1799 1265 Nonnequi
1819 1195 2040 1250 oderunt

465 1289 535 1343 te,
590 1280 828 1347 Domine,
873 1282 1193 1339 oderam“?
1226 1284 1338 1341 lmo
1370 1286 1555 1356 potius
1588 1287 1713 1357 quis
1751 1288 1888 1343 adeo
1934 1290 2037 1342 im-

464 1372 609 1442 pius,
650 1382 708 1427 ut
743 1390 868 1429 eum
895 1374 1023 1429 odio
1053 1375 1270 1439 habeat,
1317 1391 1476 1445 quem
1504 1374 1672 1431 Deum
1707 1376 2040 1431 arbitratur?

463 1463 567 1531 Qui
604 1466 771 1537 igitur
798 1465 1080 1523 Christum
1127 1468 1254 1522 odio
1307 1467 1510 1522 habent
1559 1483 1622 1522 ac
1673 1467 2035 1533 detestantur,

462 1555 636 1613 Deum
660 1558 898 1614 oderunt
925 1578 938 1615 :
972 1573 1124 1625 nam,
1166 1561 1257 1630 qui
1282 1576 1363 1614 me
1385 1561 1592 1630 recipit,
1623 1560 1821 1632 inquit,
1853 1561 2035 1631 recipit

461 1666 582 1705 eum
618 1652 707 1722 qui
751 1668 833 1705 me
890 1653 1032 1707 misit
1058 1653 1128 1719 ἰι
1176 1662 1250 1717 ει,
1300 1652 1388 1723 qui
1414 1653 1695 1722 conﬁtetur
1720 1649 1944 1717 Filium,
1986 1659 2037 1706 et

463 1742 685 1798 Patrem
727 1744 881 1799 habet
918 1745 984 1813 ”,
1020 1759 1084 1801 ac
1127 1744 1249 1799 vice
1296 1759 1476 1809 versa,
1525 1745 1617 1815 qui
1660 1743 1860 1798 Filium
1901 1743 2032 1811 odit,

2147 730 2386 784 διδάσκει
2413 732 2616 803 μηδένα
2639 736 2837 804 μισεῖν.
2867 735 2992 798 Πῶς
3015 731 3106 789 οὖν
3137 737 3349 808 εἴρηται
3367 753 3381 766 ·
3411 736 3559 808 Οὐχί
3589 739 3726 805 τοὺς

2143 822 2475 890 μισοῦντάς
2498 840 2593 889 σε,
2616 826 2812 894 Κύριε.
2838 826 3105 895 ἐμίσησα
3113 842 3133 891 ;
3151 827 3370 881 Μᾶλλον
3394 827 3451 882 δὲ
3477 828 3560 893 τίς
3583 830 3726 883 ἐστιν

2146 913 2318 978 οὕτως
2346 913 2523 979 ἄθεος,
2556 916 2633 980 ὡς
2667 919 2843 989 μισεῖν
2872 918 2931 971 ὃν
2963 920 3177 990 ἡγεῖται
3212 918 3378 985 Θεόν;
3421 921 3588 991 Δῆλον
3612 917 3723 987 οὖν,

2145 1007 2220 1070 ὡς
2262 1011 2311 1061 oi
2346 1009 2632 1080 μισοῦντες
2675 1013 2766 1066 καὶ
2815 1010 3339 1084 καταθεματίξοντες
3390 1012 3595 1085 Ἰησοῦν
3640 1034 3727 1087 μι-

2149 1099 2303 1156 σοῦσι
2334 1103 2425 1157 τὸν
2455 1102 2587 1158 Θεόν
2607 1121 2620 1136 ·
2665 1106 2727 1158 '0
2760 1105 2865 1178 γὰρ
2887 1106 3011 1176 ἐμὲ,
3059 1107 3233 1180 φησὶ,
3271 1106 3595 1179 δεχόμενος
3632 1110 3726 1166 δέ-

2146 1206 2314 1267 χεται
2352 1195 2459 1249 τὸν
2507 1194 2958 1253 ἀποστείλαντά
2982 1215 3086 1269 με’
3141 1200 3268 1266 καὶ,
3315 1202 3369 1253 '0
3416 1201 3727 1273 ὁμολογῶν

2163 1289 2271 1343 τὸν
2306 1287 2465 1355 Υίὸν,
2494 1289 2594 1343 καὶ
2628 1289 2735 1344 τὸν
2763 1291 2995 1360 Πατέρα
3036 1292 3159 1361 ἔχει
3179 1310 3192 1324 °
3231 1293 3422 1348 οὐκοῦν
3443 1295 3536 1347 καὶ
3567 1298 3601 1349 ὁ
3639 1306 3729 1367 μι-

2145 1383 2274 1438 σῶν
2288 1379 2394 1435 τὸν
2403 1380 2552 1445 Υίὸν,
2561 1382 2659 1435 καὶ
2678 1383 2786 1436 τὸν
2799 1386 3028 1453 Πατέρα
3036 1383 3333 1454 μισεῐ.Καὶ
3348 1386 3454 1449 πᾶς
3467 1385 3524 1438 δὲ
3546 1386 3727 1459 ἀμαρι

2142 1475 2316 1527 τάνων
2347 1477 2496 1544 μισεῖ
2514 1475 2605 1528 τὸν
2631 1474 2763 1528 Θεόν
2783 1492 2796 1505 ο
2839 1476 2986 1546 μισεῖ
3021 1476 3130 1548 γὰρ
3172 1477 3363 1547 σοφίαν
3396 1477 3490 1533 καὶ
3515 1477 3726 1533 δικαιο-

2146 1561 2334 1635 σύνην,
2368 1564 2507 1636 ἅπερ
2533 1564 2648 1617 ἐστὶ
2678 1563 2931 1634 Χριστός.
2966 1564 3077 1618 Καὶ
3103 1563 3156 1617 τί
3202 1563 3515 1635 θαυμαστὸν
3535 1602 3551 1632 ,
3586 1564 3723 1617 ὅπου

2144 1653 2335 1708 ἑαυτὸν
2368 1655 2397 1707 ὁ
2422 1649 2749 1726 ἁμαρτάνων
2777 1657 2925 1725 μισεῖ
2946 1669 2960 1720 ;
2984 1653 3139 1707 Κατὰ
3161 1654 3270 1726 γὰρ
3292 1652 3634 1727 Σολομῶνταο
3673 1655 3727 1706 ’0

2140 1742 2561 1816 ἀπωθούμενος
2614 1743 2891 1799 παιδείαν
2930 1744 3103 1814 μισεῖ
3160 1744 3397 1799 ἑαυτόν.
3444 1742 3657 1798 Οὐκοῦν
3698 1745 3728 1797 ὸ

463 1833 578 1889 odit
601 1845 648 1890 et
678 1835 897 1890 Patrem
922 1835 986 1891 ³³.
1015 1834 1275 1905 Quisquis
1300 1850 1430 1892 vero
1454 1842 1662 1907 peccat,
1688 1835 1803 1891 odit
1830 1835 1998 1891 Deum
2025 1855 2030 1890 :

2147 1837 2320 1908 μισῶν
2346 1839 2472 1902 τοὺς
2500 1837 2791 1909 μισοῦντας
2818 1837 2907 1891 τὸν
2937 1837 3069 1891 Θεὸν
3102 1836 3244 1910 πλὴν
3269 1837 3463 1908 λογίων
3493 1835 3603 1890 τῶν
3637 1836 3729 1890 εὑ*

353 1954 357 1963 ·
459 1928 575 1985 odit
602 1929 803 1999 quippe
834 1928 1164 1999 sapientiam
1193 1926 1598 1999 iustitiamque,
1628 1928 1841 1983 scilicet
1874 1925 2037 1982 Chri-

461 2037 628 2081 stum.
709 2022 917 2097 Ecquid
974 2024 1228 2081 mirum?
1271 2027 1493 2097 quando
1542 2025 1748 2097 seipse
1781 2030 2037 2096 peccator

463 2118 606 2173 odit.
658 2116 822 2184 Nam,
857 2133 924 2173 ex
976 2117 1287 2186 Salomone,
1321 2116 1411 2191 qui
1439 2116 1649 2173 deserit
1677 2118 2036 2188 disciplinam,

458 2208 570 2263 odit
606 2209 927 2278 seipsum“.
976 2206 1163 2281 itaque
1190 2209 1286 2280 qui
1319 2209 1437 2265 odit
1464 2224 1560 2265 eos
1578 2208 1673 2279 qui
1701 2207 1874 2263 Deum
1908 2207 2038 2264 ode-

462 2306 617 2364 runt,
651 2316 861 2367 omnes,
899 2302 1143 2372 exceptis
1193 2316 1326 2357 sane
1376 2300 1509 2356 viris
1557 2299 1925 2371 prudentibus
1974 2314 2040 2354 ac

458 2391 758 2463 religiosis,
811 2391 938 2447 odio
977 2392 1233 2457 habebit;
1270 2393 1380 2447 imo
1414 2392 1659 2462 seipsum
1692 2398 2033 2461 peccantem.

457 2482 645 2554 Neque
684 2500 816 2541 sane
865 2485 1189 2554 putandum,
1225 2484 1481 2541 animalia
1531 2499 1655 2539 esse
1705 2498 1828 2554 quae
1862 2481 2031 2538 Deum

457 2576 726 2632 oderunt:
787 2576 880 2633 sed
938 2580 1079 2632 mala
1133 2577 1252 2646 ipsa
1293 2576 1609 2632 hominibus
1657 2573 2028 2638 obvenienlia,

456 2669 639 2740 qualis
683 2676 767 2724 est
806 2669 1036 2735 malitia,
1077 2667 1196 2741 [Dei
1243 2670 1428 2725 odium
1472 2667 1745 2741 pariunt.]
1799 2669 2030 2738 Ipseque

456 2761 718 2832 injustus,
755 2767 1027 2833 quatenus
1094 2762 1334 2832 iniustus
1392 2771 1496 2824 est,
1553 2760 1722 2817 Deum
1776 2759 1928 2826 odit;
1977 2758 2030 2812 id

2144 1928 2482 1984 σεὸεστάτων
2511 1928 2715 1994 πάντας
2739 1931 2960 2002 μισήσει
2987 1931 3080 1984 καὶ
3102 1930 3291 1984 ἑαυτὸν
3318 1929 3723 2002 ἁμαρτάνοντα.

2144 2021 2305 2074 Ὥστε
2334 2021 2395 2074 οὐ
2434 2019 2549 2086 ζῶα
2581 2020 2863 2092 νομιστέον
2890 2021 2958 2075 τὰ
2986 2022 3247 2093 μισοῦντα
3273 2020 3365 2075 τὸν
3394 2020 3527 2077 Θεὸν
3546 2062 3561 2087 ,
3587 2021 3729 2077 ἀλλὰ

2134 2116 2247 2176 τοῖς
2278 2113 2515 2182 λογικοῖς
2543 2113 2689 2167 κακὰ
2731 2113 3138 2185 σνμϐεὸηκότα,
3162 2109 3273 2169 οἷον
3311 2116 3344 2187 ἡ
3378 2114 3559 2170 ἀδικία
3578 2132 3591 2146 ·
3625 2117 3727 2170 καὶ

2134 2206 2163 2258 ὁ
2198 2204 2379 2269 ἄδικος
2425 2205 2562 2259 καθὸ
2606 2205 2791 2269 ἄδικος
2847 2209 2995 2278 μισεῖ
3022 2207 3112 2261 τὸν
3143 2206 3310 2275 Θεὸν,
3339 2208 3441 2280 τῆς
3484 2210 3543 2262 ἐν
3569 2207 3728 2279 αὺτῷ

2135 2297 2349 2360 ἀδικίας
2371 2297 2529 2351 τοῦτο
2563 2297 2840 2369 ποιούσης.
2887 2298 2997 2351 Kal
3026 2298 3106 2351 δεῖ
3126 2298 3295 2351 ταῦτα
3325 2301 3502 2369 μισεῖν
3551 2298 3728 2370 ἐχθρὰ

2135 2389 2469 2460 τυγχάνοντα
2518 2391 2943 2461 προηγουμένως
3000 2391 3176 2463 ἡμῶν.
3228 2392 3338 2445 Kal
3384 2391 3574 2463 ὥσπερ
3607 2392 3726 2445 ἀπὸ

2134 2482 2472 2555 τελειότητος
2497 2482 2715 2555 ἔρχεται
2737 2482 3047 2556 δικαιοσύνη
3083 2483 3179 2538 καὶ
3212 2483 3554 2556 σωφροσύνη,
3577 2482 3728 2537 οὕτω

2135 2576 2230 2630 καὶ
2261 2575 2321 2628 τὸ
2348 2575 2548 2628 τοιόνδε
2578 2578 2750 2645 μῖσος.
2780 2575 2991 2629 Οὐκοῦν
3014 2576 3124 2639 πᾶς
3147 2574 3444 2647 ἐχθραίνων
3479 2575 3588 2629 τινὶ
3615 2592 3729 2646 μα-

2135 2667 2303 2731 ταίως
2351 2666 2657 2739 ἐχθραίνει·
2694 2668 2723 2722 ὃ
2760 2668 2823 2740 δὴ
2874 2667 3167 2740 προῦκειτο
3210 2667 3398 2735 δεῖξαι.
3459 2660 3729 2723 Τοιοῦτόν

2138 2760 2253 2811 ἐστι
2288 2759 2382 2813 καὶ
2408 2760 2488 2825 τὸ,
2532 2758 2866 2829 Ἐμίσησάν
2892 2777 2970 2829 με
2995 2759 3239 2829 δωρεάν.

454 2863 651 2929 agente
684 2857 891 2911 malitia
930 2871 1051 2926 qua:
1083 2855 1227 2910 inest
1274 2854 1453 2911 eidem
1483 2875 1496 2911 :
1532 2866 1696 2925 atque
1761 2853 1877 2908 haec
1905 2851 2059 2915 vitia,
2102 2857 2291 2922 utpote
2355 2852 2610 2917 inimica,‘
2640 2868 2843 2924 perosa
2897 2862 3113 2925 oportet
3156 2870 3279 2911 esse
3323 2854 3504 2926 potius
3552 2866 3728 2924 quam

455 2963 557 3005 nos
590 2950 756 3021 ipsos.
811 2948 955 3006 Sane
988 2958 1108 3005 uta
1151 2947 1487 3019 perfectione
1551 2949 1823 3013 prodeunt
1880 2946 2095 3016 iustitia
2134 2955 2189 3000 et
2219 2949 2614 3018 temperantia,
2653 2950 2730 3003 ita
2780 2950 2968 3005 odium
3020 2951 3339 3020 huiusmodi
3392 2950 3585 3007 eodem
3644 2964 3721 3005 ex

456 3045 606 3100 fonte
654 3045 922 3115 procedit.
969 3043 1231 3115 Quisquis
1272 3060 1402 3116 ergo
1431 3044 1557 3099 odio
1588 3043 1824 3112 aliquem
1859 3039 2043 3103 habet,
2086 3047 2291 3094 temere
2354 3054 2419 3094 ac
2449 3056 2586 3096 vane
2624 3041 2775 3099 odit:
2822 3043 2969 3114 quod
3021 3045 3181 3102 nobis
3228 3043 3567 3116 probandum
3632 3044 3731 3099 ina

453 3133 695 3201 cumbit;
734 3132 1051 3203 huiusmodi
1079 3135 1208 3189 item
1242 3134 1377 3189 illud
1420 3142 1525 3198 est,
1561 3132 1682 3187 odio
1729 3132 2018 3187 habuerunt
2050 3149 2130 3186 me
2146 3132 2313 3202 gratis
2335 3131 2401 3186 ⁸³.

523 3223 727 3280 Eorum
758 3237 888 3278 vero
921 3238 1088 3279 causa
1122 3225 1216 3295 qui
1249 3224 1503 3295 superius
1544 3222 1800 3278 dixerant
1833 3224 2031 3278 animae
2060 3240 2102 3297 ς,

453 3318 594 3389 ejus,
626 3334 730 3371 non
762 3325 840 3370 est
873 3316 1022 3371 salus
1045 3313 1146 3387 ipsi
1172 3317 1227 3371 in
1257 3316 1365 3371 Deo
1391 3316 1531 3386 ejus,
1564 3330 1715 3371 nunc
1739 3317 1833 3380 ait,
1887 3314 2030 3369 Den-

454 3417 535 3466 tes
587 3420 929 3477 peccatorum
988 3410 1307 3472 contrivisti,
1357 3409 1461 3463 hoc
1500 3416 1605 3472 est,
1657 3415 2031 3485 sermones‘et

453 3500 771 3572 blaSpbema
811 3500 956 3554 dicta
987 3500 1277 3557 adversum
1330 3516 1416 3555 me
1457 3501 1674 3571 prolata
1719 3500 2028 3565 abstulisti;

453 3592 566 3647 imo
591 3607 743 3659 vero,
783 3606 879 3647 eos
919 3593 1012 3662 qui
1058 3592 1188 3646 talia
1216 3592 1506 3648 adversum
1540 3607 1627 3647 me
1675 3592 2026 3664 spargebant,

452 3686 648 3756 impios
685 3684 937 3740 homines
964 3685 1159 3741 alienis
1196 3682 1359 3740 malis
1392 3684 1713 3756 gaudentes,
1760 3685 2031 3740 contrivi-

456 3777 550 3842 sti,
607 3791 882 3847 vocesque
923 3791 1113 3831 eorum
1177 3775 1499 3832 confudisti.
1548 3776 1737 3848 Neque
1770 3777 1903 3832 mihi
1937 3778 2028 3832 uni

453 3877 579 3941 post
608 3870 818 3925 obitum
848 3910 864 3935 ,
896 3870 992 3926 sed
1020 3872 1183 3926 etiam
1214 3872 1494 3935 universo,
1527 3873 1622 3942 qui
1652 3880 1781 3927 tuus
1811 3871 2029 3928 futurus

451 3969 591 4023 erat,
622 3961 820 4031 pepulo
844 3965 1305 4017 resurrectionem
1342 3962 1570 4032 parasti.
1609 3960 2027 4018 Observandum

451 4058 633 4106 autem
666 4052 913 4117 est,loco
944 4052 1090 4107 illius
1116 4053 1287 4119 vocis,
1316 4053 1485 4116 salus,
1517 4049 1840 4109 Hebraicam
1864 4064 2031 4109 usur-

451 4150 640 4214 patam
697 4159 823 4200 esse
871 4159 1083 4209 vocem,
1139 4160 1260 4215 quae
1300 4161 1498 4201 nomen
1538 4145 1672 4201 Iesu
1726 4147 2023 4218 exprimit:

450 4243 616 4306 atque
643 4237 814 4293 totius
847 4238 1043 4308 psalmi
1070 4230 1391 4304 terminum,
1415 4238 1525 4295 duo
1551 4240 1730 4310 capita
1767 4240 2029 4295 doctrinae

449 4328 775 4399 complecti;
830 4330 1090 4385 nimirum
1138 4331 1394 4387 virtutem
1457 4330 1673 4387 Domini
1726 4332 2024 4387 salutarem

448 4433 606 4487 esse;
642 4420 928 4492 ipsumque
957 4423 1156 4493 populo
1190 4439 1312 4487 suo,
1340 4422 1433 4495 qui
1456 4441 1553 4495 per
1580 4426 1757 4495 ipsum
1793 4424 2025 4479 Salutem

450 4520 784 4568 consecutus
830 4523 936 4578 est,
980 4515 1411 4571 benedictionem
1444 4518 1872 4587 impertiturum.
1926 4513 2026 4570 Be-

2217 3221 2375 3275 Ἀλλά
2398 3223 2493 3275 καὶ
2520 3221 2607 3276 διὰ
2646 3223 2770 3286 τοὺς
2811 3220 3070 3294 ἀνωτέρω
3117 3222 3412 3295 εἰρηκότας
3455 3227 3522 3298 τῇ
3566 3227 3727 3301 ψυχῇ

2133 3313 2322 3379 αὐτοῦ,
2363 3317 2485 3368 οὐκ
2516 3315 2647 3368 ἔστι
2678 3314 2943 3382 σωτηρία
2966 3312 3129 3380 αὐτῷ
3153 3315 3222 3368 ἐν
3241 3314 3320 3381 τῷ
3349 3315 3470 3382 Θεῷ
3502 3320 3728 3387 αὐτοῦ,

2132 3406 2226 3462 νῦν
2253 3418 2419 3478 φησιν
2440 3422 2454 3436 ⁸
2504 3405 2775 3472 Ὁδόντας
2793 3400 3155 3475 ἁμαρτωλῶν
3178 3405 3568 3477 συνέτριψας,
3599 3428 3732 3466 τουδ-

2130 3498 2419 3561 τέστιτοὺς
2437 3496 2627 3566 λόγους
2651 3497 2744 3550 καὶ
2771 3496 2870 3560 τὰς
2891 3497 3011 3551 κατ’
3028 3496 3163 3568 ἐμοῦ
3186 3497 3535 3572 βλασφημίας
3564 3516 3635 3556 πε
3643 3522 3734 3576 ρι.

2130 3592 2301 3657 εἴλας·
2340 3590 2477 3646 ἀλλὰ
2518 3590 2614 3644 καὶ
2646 3591 2844 3654 αὐτοὺς
2883 3592 3011 3655 τοὺς
3052 3594 3174 3646 κατ’
3208 3592 3342 3663 ἐμοῦ
3381 3594 3450 3648 τὰ
3490 3594 3730 3652 τοιαῦτα

2132 3682 2560 3754 φθεγξαμένους,
2586 3681 2803 3746 ἀσεϐεῖς
2831 3682 2993 3746 ὄντας
3034 3683 3130 3738 καὶ
3177 3684 3730 3758 ὲπιχαιρεσικάκους,

2133 3775 2481 3847 συνέτριψας,
2521 3777 2618 3830 καὶ
2644 3775 2744 3841 τὰς
2768 3774 2951 3846 φωνὰς
2983 3776 3162 3831 αὐτῶν
3187 3774 3554 3849 κατῄσχυνας.
3601 3781 3730 3835 Καὶ

2130 3867 2191 3921 οὐ
2223 3867 2383 3939 μόνον
2412 3880 2475 3937 γε
2506 3867 2627 3938 ἐμοὶ
2657 3867 2795 3939 μετὰ
2826 3867 2888 3922 τὸ
2914 3867 3247 3940 κοιμηθῆναι
3278 3871 3373 3923 καὶ
3411 3871 3726 3943 ἀναστῆναι

2130 3960 2427 4033 παρέσχου,
2453 3959 2588 4014 ἀλλὰ
2619 3961 2714 4014 καὶ
2745 3961 2909 4015 παντὶ
2930 3960 3006 4031 τῷ
3053 3960 3301 4032 μέλλοντι
3348 3964 3730 4034 χρηματίζειν

2132 4068 2227 4106 σου
2259 4052 2391 4124 λαῷ.
2442 4052 2722 4125 Τηρητέον
2763 4052 2820 4106 δὲ
2845 4092 2860 4118 ,
2895 4053 3006 4117 ὡς,
3042 4053 3164 4107 ἀντὶ
3195 4052 3291 4106 τοῦ
3323 4055 3624 4124 Σωτηρία,
3683 4058 3728 4129 ἡ

2140 4144 2402 4217 Ἐϐραῖκὴ
2435 4145 2585 4219 φωνὴ
2615 4144 2691 4218 (i)
2716 4141 2779 4198 τὸ
2826 4146 2933 4200 τοῦ
2986 4145 3182 4214 Ἰησοῦ
3225 4145 3398 4216 ὄνομα
3445 4146 3727 4220 παρείλη-

2130 4249 2262 4291 πται
2280 4254 2294 4267 ο
2327 4239 2422 4291 καὶ
2453 4237 2518 4309 δὴ
2547 4236 2609 4291 τὸ
2639 4238 3014 4311 συμπέρασμα
3038 4238 3131 4293 τοῦ
3155 4238 3356 4304 παντὸς
3390 4237 3503 4292 δύο
3524 4240 3730 4311 περιέ-

2129 4346 2213 4401 χει
2243 4329 2617 4395 διδασκαλίας·
2656 4332 2738 4385 ὅτι
2769 4348 2827 4385 τε
2858 4333 2891 4404 ή
2924 4331 3020 4385 τοῦ
3052 4333 3257 4404 Κυρίου
3279 4330 3507 4404 δύναμις
3532 4336 3727 4405 σωτήε.

2133 4422 2246 4493 ριός
2271 4423 2408 4485 ἐστι,
2441 4424 2534 4476 καὶ
2556 4423 2639 4477 ὅτι
2668 4421 2832 4487 αὐτὸς
2858 4422 2937 4494 τῷ
2964 4423 3129 4477 αὐτοῦ
3161 4422 3293 4494 λαῷ,
3330 4423 3410 4494 τῷ
3439 4423 3508 4478 δι’
3542 4425 3728 4479 αὐτοῦ

2132 4514 2478 4586 σεσωσμένῳ,
2509 4515 2610 4587 τὴν
2634 4515 2882 4583 εὐλογίαν
2913 4514 3161 4586 παρέξει.
3211 4514 3445 4585 Εὐλογία
3488 4515 3547 4568 δὲ
3575 4517 3733 4571 πάν-

450 4605 691 4661 nedictio
763 4614 943 4661 autem
991 4607 1294 4677 spiritualis
1351 4624 1578 4679 prorsus
1627 4615 1739 4670 est,
1795 4622 1864 4662 ex
1919 4607 2022 4661 hoc

2138 4624 2236 4670 τως
2279 4605 2625 4677 πνευματικὴ
2661 4606 2804 4660 κατὰ
2836 4606 2924 4659 τὸν
2966 4606 3285 4661 Ἀπόστολον
3312 4608 3533 4661 εἰπόντα
3552 4626 3565 4639 ·
3594 4612 3732 4663 Εὐ-

452 4700 697 4771 Apostoli
733 4701 918 4755 dicto:
956 4698 1271 4754 Benedictus
1320 4700 1461 4754 Deus
1494 4710 1544 4755 ct
1593 4699 1760 4754 Pater
1808 4698 2025 4753 Domini

450 4798 621 4850 nostri
646 4795 777 4850 Jesu
810 4792 1035 4861 Christi,
1057 4797 1147 4863 qui
1173 4794 1441 4849 benediait
1472 4810 1569 4849 nos
1598 4794 1657 4847 in
1688 4794 1832 4848 omni
1867 4797 2021 4848 bene-

449 4885 676 4941 dictione
699 4885 969 4957 spirituaii
995 4887 1049 4940 in
1082 4884 1376 4940 caelestibus
1407 4886 1460 4938 in
1489 4884 1702 4938 Christo
1721 4882 1786 4936 “.
1819 4880 1988 4935 Proin
2011 4910 2023 4920 -

450 4978 627 5049 deque
652 4979 708 5034 in
740 4978 945 5035 Christi
978 4986 1103 5034 ortu
1144 4977 1386 5049 Josepho
1417 4978 1625 5031 dictum
1671 4975 1774 5030 fuit
1818 4975 1887 5028 ab
1927 4989 2023 5027 an-

452 5070 604 5140 gelo:
643 5068 713 5122 Et
745 5071 958 5125 vocabis
988 5086 1177 5125 nomen
1209 5071 1323 5139 ejus
1357 5067 1564 5133 Iesum,
1597 5068 1708 5137 ipse
1741 5067 1881 5121 enim
1910 5064 2025 5120 sal-

450 5177 571 5216 uum
598 5162 759 5230 faciet
777 5163 1026 5233 populum
1054 5163 1295 5227 suum",
1328 5162 1423 5233 qui
1447 5162 1607 5219 etiam
1631 5160 1839 5231 populi,
1872 5158 2015 5213 beati

449 5261 737 5310 vocantur.
773 5254 899 5310 Haec
942 5256 1332 5326 speculationis
1365 5268 1514 5309 more
1541 5252 1687 5307 dicta
1727 5261 1876 5308 sunt.
1908 5249 2017 5304 Po-

449 5354 558 5401 test
590 5347 755 5402 etiam
789 5347 898 5402 dici
948 5349 1159 5414 isthaec,
1222 5365 1343 5420 quae
1385 5356 1568 5401 tamen
1620 5344 1940 5416 prophetice
1989 5359 2017 5397 a

451 5436 655 5493 Davide
685 5440 1043 5510 praenuntiata
1094 5440 1330 5506 fuerant,
1378 5438 1444 5494 ad
1504 5438 1741 5492 litteram
1793 5435 2016 5505 impleta

450 5528 619 5586 fuisse
657 5530 749 5585 illo
776 5541 1019 5603 tempore
1048 5547 1113 5587 ac
1144 5548 1328 5588 rerum
1359 5530 1696 5593 conditione,
1715 5543 1840 5583 cum
1871 5526 2015 5582 ﬁlius

2131 4697 2386 4767 λογητός
2417 4701 2450 4751 ό
2481 4699 2639 4764 Θεὸς,
2657 4697 2758 4751 καὶ
2787 4697 2992 4767 Πατὴρ
3014 4692 3122 4753 τοῦ
3142 4699 3367 4768 Κυρίου
3394 4698 3562 4768 ἡμῶν
3607 4701 3731 4769 ’1η-

2131 4789 2248 4844 σοῦ
2276 4790 2534 4859 Χριστοῦ
2554 4804 2567 4821 °
2593 4793 2626 4845 ὀ
2652 4790 2995 4860 εὐλογήσας
3029 4790 3188 4862 ἡμᾶς
3224 4793 3295 4846 ὲν
3331 4790 3503 4862 πάσῃ
3528 4794 3729 4848 εὐλο-

2129 4883 2228 4951 γίᾳ
2262 4882 2639 4954 πνευματικῇ
2677 4886 2747 4939 ἐν
2789 4886 2914 4952 τοῖς
2950 4886 3328 4954 ἐπουρανίοις
3358 4886 3428 4940 ἐν
3451 4886 3726 4955 Χριστῷ.

2134 4972 2324 5027 Ἔνθεν
2352 4976 2446 5029 ἐπὶ
2475 4970 2576 5047 τῆς
2620 4969 2716 5030 τοῦ
2745 4977 2996 5049 Σωτῆρος
3039 4979 3306 5047 γενέσεως
3342 4977 3591 5032 λέλεκται
3627 4979 3732 5051 τῷ

2144 5064 2339 5138 Ἰωσὴφ
2373 5067 2477 5121 ὑπὸ
2498 5061 2590 5121 τοῦ
2627 5068 2860 5138 ἀγγέλου
2882 5086 2896 5101 °
2944 5069 3058 5124 Καὶ
3091 5070 3373 5135 καλέσεις
3414 5067 3478 5123 ἑὸ
3519 5069 3731 5140 ὄνομα

2125 5156 2311 5211 αὑτοῦ
2375 5158 2610 5227 Ἰησοῦν
2631 5176 2645 5189 ο
2690 5160 2875 5228 αὐτὸς
2900 5162 3011 5231 γὰρ
3051 5161 3236 5216 σώσει
3265 5161 3375 5215 τὸν
3402 5160 3555 5215 λαὸν
3600 5166 3731 5217 αὐ-

2127 5249 2252 5314 τοῦ,
2284 5248 2376 5314 οὒς
2406 5252 2500 5304 καὶ
2534 5253 2840 5325 μακαρίους
2866 5256 2895 5307 ό
2924 5254 3081 5323 λόγος
3124 5253 3350 5324 ἔφασκε.
3389 5252 3576 5307 Ταῦτα
3607 5255 3728 5323 μὲν

2127 5336 2219 5394 οὖν
2248 5358 2330 5406 τις
2350 5343 2492 5396 κατὰ
2514 5342 2746 5415 θεωρίαν
2773 5345 2881 5399 τῶν
2920 5344 3313 5417 προκειμένων.
3368 5344 3526 5399 Εἴποι
3553 5343 3598 5396 δ’
3639 5344 3731 5397 ἄν

2126 5450 2210 5499 τις
2233 5434 2327 5487 καὶ
2356 5435 2492 5506 πρὸς
2508 5434 2654 5502 λέξιν
2687 5436 3077 5510 πεπληρῶσθαι
3121 5437 3291 5491 αὐτά·
3337 5433 3731 5507 προλεχθέντα.

2131 5524 2229 5596 μὲν
2256 5526 2359 5583 ὑπὸ
2391 5525 2486 5581 τοῦ
2503 5522 2665 5581 Δαυῒδ
2694 5529 3046 5600 προφητικῶς
3078 5531 3136 5583 ὲν
3179 5528 3358 5601 καιρῷ
3396 5526 3498 5599 τῆς
3549 5542 3727 5595 περι-

517 5644 560 5675 "
605 5642 736 5699 Luc.
770 5659 860 5707 v1,
892 5643 983 5699 28.
1059 5644 1106 5677 "
1145 5644 1335 5700 Matth.
1372 5662 1440 5707 v,
1474 5645 1565 5699 44.
1643 5644 1687 5676 ¹⁹
1726 5641 1869 5698 Psal.
1902 5656 2014 5703 vlt,
2048 5640 2101 5694 8.
2152 5639 2407 5713 διερεθι.
2442 5654 2726 5706 cxxxvm,
2752 5642 2843 5697 21.
2922 5643 2964 5675 ³¹
3002 5642 3191 5699 Matth.
3231 5643 3397 5713 x,40.
3477 5643 3525 5677 "
3565 5642 3722 5704 ibid.

457 5713 676 5768 “Joan.
703 5731 793 5773 xv.
825 5716 914 5768 23.
993 5715 1038 5747 “
1058 5714 1217 5770 Prov.
1240 5732 1327 5779 xv,
1351 5715 1438 5771 52.
1519 5716 1562 5748 ⁸⁸
1595 5713 1737 5771 Psal.
1778 5729 1962 5780 xxxiv,
1993 5713 2030 5766 l‘

2147 5710 2191 5741 ³⁸
2228 5712 2425 5782 Ephes.
2453 5729 2491 5780 ι,
2519 5720 2569 5775 5.
2637 5723 2677 5754 ³⁷
2713 5719 2901 5781 Matth.
2928 5739 2964 5788 ι,
2996 5724 3085 5788 21,

514 5804 595 5865 ιιι
623 5806 885 5863 llcbraica
919 5823 1022 5862 vox
1051 5817 1136 5866 est
1171 5802 1181 5862 Ξ
1216 5816 1411 5873 τιν-ιον.
