3948 6286
235 387 318 442 illi

1370 389 1876 448 COMMENTARIA
1919 393 1982 448 IN
2023 393 2363 450 PSALMOS.

3399 405 3502 460 102

231 506 490 570 στάσεως,
523 507 774 580 ὁπηνίκα
799 505 828 557 ὁ
853 509 968 572 υίὸς
990 507 1212 564 ἐδίωκεν
1240 512 1423 575 αὑτὸν,
1447 513 1540 566 ἐπὶ
1570 515 1742 585 πέρας
1767 515 1804 568 δὲ

1931 521 2350 584 persequeretur
2373 527 2536 580 eum;
2571 513 2666 570 sed
2695 513 2760 568 ad
2795 515 3088 570 terminum
3123 531 3234 572 non
3265 517 3496 572 multum

225 597 439 672 mum
485 599 608 669 μετ’
655 602 718 654 οὐ
773 600 906 654 πολὺ
930 641 944 667 ,
981 602 1069 654 ὅτε
1105 604 1164 654 ὲν
1191 605 1258 674 τῇ
1279 602 1374 656 τοῦ
1419 605 1656 676 πολέμου
1683 623 1820 678 συμ-

227 691 357 760 ϐολῇ
389 689 582 744 πίπτει
619 691 720 762 μὲν
749 693 778 745 ὁ
819 691 1192 764 Ἀϐεσσαλὼμ,
1231 693 1492 748 πίπτουσι
1537 695 1594 748 δὲ
1627 698 1720 750 καὶ
1771 701 1818 750 οἱ

225 783 299 834 τὰ
341 781 474 849 φίλα
521 781 676 852 αὐτῷ
703 783 1058 852 φρονοῦντες·
1111 787 1304 856 κρατεῖ
1341 784 1399 838 δὲ
1435 787 1478 856 ἰή
1511 785 1606 840 τοῦ
1657 781 1818 840 Δαυῒδ

229 875 540 946 πρόρρησις
574 877 608 945 ή
643 877 864 946 φήσασα
883 893 896 906 ·
959 876 1080 930 Ὅτι
1115 877 1196 932 σὺ
1241 877 1544 944 ἐπάταξας
1591 877 1820 945 πάντας

229 965 372 1032 τοὺς
397 965 826 1036 ἐχθραίνοντὰς
845 985 946 1036 μοι
959 969 1224 1038 ματαίως
1243 986 1258 1000 ο
1286 969 1536 1036 ὀδόντας
1559 971 1822 1040 ἀμαρτω-

225 1059 356 1112 λῶν
379 1059 776 1128 συνέτριψας.
805 1060 914 1115 Τοῦ
945 1063 1168 1130 Κυρίου
1197 1064 1234 1131 ἡ
1261 1063 1549 1132 σωτηρία,
1585 1065 1682 1118 καὶ
1719 1065 1819 1118 ἐπὶ

225 1153 338 1204 τόν
357 1153 518 1206 ,λαόν
545 1169 662 1206 σου
695 1155 734 1222 ἡ
773 1155 1018 1224 εὐλογία
1047 1169 1184 1209 σου.
1223 1155 1470 1224 Ἐλέγετο
1491 1154 1622 1224 γοῦν
1646 1155 1818 1210 ταῦτα

226 1243 610 1316 προφητικῶς,
625 1244 701 1309 ὡς
721 1244 788 1298 ἂν
817 1246 916 1318 ἥδη
947 1246 1040 1300 τοῦ
1067 1247 1196 1302 λαοῦ
1221 1247 1583 1320 σεσωσμένου,
1602 1249 1694 1304 καὶ
1715 1249 1818 1302 ὑπὸ

225 1337 324 1390 τοῦ
351 1337 520 1391 Δαυῖδ
553 1355 686 1409 γενη
697 1338 882 1408 μένου.

642 1451 974 1506 ΕΞΠΓΗΣΙΣ
1013 1453 1312 1508 ΨΑΛΜΟΥ
1355 1457 1428 1510 Δ’.

335 1559 354 1626 ί
366 1559 414 1626 ι)
445 1561 549 1625 Είς
570 1559 638 1614 τὸ
669 1559 843 1628 τέλος
874 1561 944 1616 ἐν
963 1563 1229 1634 ⁸ιζκιλμοῗς
1252 1563 1375 1634 ᾠδὴ
1401 1563 1480 1630 τῷ
1506 1565 1708 1620 Δαυτδ.

329 1677 440 1740 Είς
465 1675 534 1728 τὸ
557 1675 734 1744 τέλος
773 1675 843 1730 ὲν
869 1676 1080 1746 ὕμνοις
1107 1677 1351 1746 ψαλμὸς
1387 1678 1467 1746 τῷ
1506 1681 1705 1734 Δαυΐδ.

298 1767 516 1839 Ὥσπερ
549 1768 729 1840 πάσης
775 1770 970 1840 τέχνης
1003 1771 1094 1824 καὶ
1133 1771 1442 1842 ἐπιστήμης
1485 1773 1636 1836 τέλος
1671 1773 1816 1828 ἐστὶν

1925 619 2112 678 postea
2159 609 2414 674 deducta,
2459 623 2584 663 cum
2627 609 2684 663 in
2731 624 3032 680 congressu
3081 610 3251 681 praelii
3299 611 3500 666 cecidit

1923 701 2178 758 Absalum
2209 741 2224 766 ,
2276 702 2593 757 ceciderunt
2667 703 2872 773 pariter
2924 703 3016 772 qui
3069 703 3188 772 ejus
3249 705 3496 774 partibus

1923 793 2226 850 haerebant:
2275 795 2620 866 obtinuitque
2647 794 2927 866 praedictio
2955 797 3044 850 illa
3072 795 3290 854 Davidis
3318 791 3496 858 τριω-

1921 887 2068 938 niam
2115 895 2170 938 tu
2217 887 2528 954 percussisti
2577 903 2754 941 omnes
2811 887 3147 942 adversantes
3199 888 3328 942 mihi
3382 891 3495 944 sine

1923 995 2129 1034 causa:
2173 979 2356 1034 dentes
2408 991 2746 1050 peccatorum
2795 982 3111 1036 contrivisti.
3165 981 3378 1035 Domini
3416 993 3494 1036 est

1918 1072 2085 1136 salus,
2153 1081 2204 1126 et
2269 1089 2424 1140 super
2474 1075 2726 1144 populant
2791 1083 2940 1128 tuum
3010 1073 3302 1128 benedictio
3380 1084 3492 1128 tua.

1923 1163 2048 1219 "il'c
2079 1165 2264 1235 itaque
2313 1167 2632 1236 prophetica
2687 1166 2832 1220 dicta
2885 1175 3034 1232 sunt,
3087 1181 3152 1221 ac
3184 1168 3228 1223 si
3261 1167 3496 1238 populus

1915 1254 2028 1324 jam
2061 1257 2246 1310 salvus
2279 1264 2446 1322 esset,
2479 1264 2534 1312 et
2577 1258 2645 1312 ad
2701 1257 2922 1312 Davidis
2981 1257 3270 1328 imperium
3322 1257 3492 1314 redu-

1919 1355 2062 1404 ctus.

2287 1457 2688 1516 ENARRATIO
2731 1461 2983 1517 PSALMI
3018 1461 3106 1517 IV.

2096 1575 2148 1630 1.
2176 1573 2242 1630 In
2275 1577 2432 1646 finem
2461 1577 2518 1630 in
2545 1577 2767 1646 psalmis
2808 1579 3076 1631 canticum
3113 1575 3306 1630 David.

2167 1685 2234 1740 In
2262 1687 2418 1756 ﬁnem
2451 1688 2504 1740 in
2533 1685 2741 1757 hymnis
2776 1689 3010 1757 psalmus
3033 1687 3226 1742 David.

1991 1778 2144 1833 Sicut
2175 1779 2420 1849 cujusvis
2449 1779 2586 1836 artis
2617 1794 2681 1834 ac
2712 1782 2952 1836 scientiae
2981 1780 3105 1836 linis
3127 1788 3231 1848 est,
3259 1788 3316 1834 ut
3339 1781 3492 1852 quis-

227 1860 322 1930 (ἑ).
351 1901 366 1912 .
395 1900 408 1913 .
433 1899 446 1912 .
479 1901 494 1912 .
531 1901 546 1914 .
573 1901 590 1917 .
621 1901 634 1914 .
663 1904 676 1916 .
715 1863 1046 1933 καταντῆσαι
1078 1862 1168 1918 τὸν
1207 1865 1601 1936 μετερχόμενον
1621 1885 1632 1895 ·
1673 1866 1804 1922 οὖτα

1919 1869 2042 1938 quis
2069 1869 2238 1939 ipsam
2272 1870 2384 1924 adit
2415 1869 2479 1923 ad
2519 1869 2906 1940 perfectionem
2935 1871 3186 1925 deveniat
3216 1888 3230 1934 ;
3261 1871 3335 1926 ita
3367 1887 3488 1926 om-

223 1954 404 2023 πάσης
442 1953 671 2024 λογικῆς
701 1953 936 2024 φύσεως,
974 1955 1036 2008 τὸ
1066 1956 1124 2008 ἐν
1155 1955 1377 2028 Χριστῷ
1415 1957 1804 2030 ζωοποιηθῆναι

1919 1965 2006 2017 nis
2035 1961 2320 2018 rationalis
2348 1971 2560 2016 naturae
2591 1963 2714 2018 ﬁnis
2743 1972 2826 2018 est
2877 1973 2937 2016 ut
2986 1964 3039 2016 in
3070 1962 3291 2017 Christo
3319 1964 3488 2017 vitam

233 2047 368 2110 τέλος
397 2047 575 2110 ἐστὶν,
599 2047 674 2112 ὡς
696 2049 754 2101 ὲν
785 2051 852 2120 τῇ
885 2048 1077 2120 πρώτῃ
1110 2049 1247 2121 πρὸς
1279 2049 1594 2122 Κορινθίους
1621 2053 1649 2104 ὁ
1667 2051 1814 2105 Παῦ-

235 2137 314 2200 λὸς
337 2155 469 2208 φησι
499 2139 676 2206 λέγων
695 2138 774 2209 τῷ
801 2139 914 2210 ἰδίῳ
947 2139 1218 2210 τάγματι·
1245 2142 1402 2193 Δοκεῖ
1431 2157 1618 2212 μη.....
1756 2155 1814 2196 εν

233 2231 566 2302 ὑπογράφειν
597 2231 872 2296 ἁπάντων,
901 2231 975 2295 ὡς
1004 2234 1058 2284 αἱ
1085 2233 1313 2287 ἑκάστου
1345 2230 1812 2304 ζωοποιουμένου

227 2320 350 2390 πρὸς
379 2321 484 2393 τὴν
519 2319 678 2385 ἀξίαν
710 2321 845 2392 μετὰ.
869 2321 1150 2392 βασάνους.
1181 2325 1252 2376 Ἦ
1283 2325 1376 2378 καὶ
1411 2325 1614 2378 τούτων
1645 2327 1812 2397 χωρὶς

221 2410 592 2480 ᾇοοποιήσας
625 2415 682 2467 δὲ
728 2413 934 2478 πάντας
977 2415 1212 2486 Χριστὸς
1256 2419 1314 2470 ὲν
1353 2417 1530 2488 ἐαυτῷ
1559 2419 1684 2482 τοὺς
1733 2418 1812 2489 τῷ

229 2505 398 2575 Ἀδὰμ
418 2504 864 2577 ἀποθνήσκοντας
890 2505 1160 2576 βασιλεύει
1177 2508 1294 2562 τῶν
1317 2507 1806 2578 ζωοποιηθέντων·

217 2601 300 2667 ἐφ’
325 2599 354 2652 ὃ
377 2599 823 2671 παρεκάλειτοὺς
848 2601 1124 2664 συνιέντας
1141 2603 1275 2672 ήεὶς
1301 2601 1367 2654 τὸ
1391 2601 1564 2668 τέλος
1585 2605 1810 2676 ἐπιγρα-

218 2692 308 2763 φή.
329 2692 508 2746 Παντὶ
523 2692 580 2744 δὲ
597 2691 983 2762 ἀγωνιζομένῳ
1007 2691 1158 2756 τέλος
1179 2693 1211 2764 ἡ
1235 2693 1380 2763 νίκη.
1399 2695 1700 2766 Πολλαὶμὲν
1717 2691 1809 2750 οὖν

217 2784 270 2834 αἱ
297 2783 444 2836 κατὰ.
479 2783 648 2854 μέρος
668 2783 836 2848 νίκαι,
871 2785 964 2836 καὶ
991 2783 1140 2848 τέλος
1173 2785 1206 2855 ἢ
1255 2784 1384 2837 ποτὲ
1433 2785 1530 2856 μὲν
1563 2786 1810 2854 λέγοντος

217 2873 428 2926 Παύλου
446 2891 460 2904 ο
513 2875 617 2928 Ἑν
659 2876 891 2940 τούτοις
919 2872 1108 2930 πᾶσιν
1139 2875 1547 2946 ὑπερνικῶμεν
1577 2878 1674 2932 διὰ
1703 2879 1807 2932 τοῦ

217 2963 650 3032 ἀγαπήσαντος
671 2963 829 3034 ἡμᾶς
849 2983 862 2994 ·
896 2965 1024 3018 ποτὲ
1057 2966 1112 3018 δέ
1137 2984 1149 2996 ·
1183 2968 1295 3020 Τὸν
1323 2966 1524 3037 ἀγῶνα
1555 2968 1663 3022 τὸν
1699 2985 1807 3022 κα-

218 3054 327 3108 λέοι
351 3056 714 3126 ἠγώνισμαι,
741 3057 852 3111 τὸν
881 3057 1102 3127 δρόμον
1128 3059 1430 3122 τετέλεκα,
1461 3059 1576 3127 τὴν
1599 3065 1808 3116 πίστιν

217 3147 546 3217 τετήρηκα’
579 3151 799 3204 λοιπὸν
831 3151 1140 3204 ἀπόκειταί
1173 3168 1276 3220 μοι
1303 3153 1336 3205 ὀ
1369 3150 1475 3218 τῆς
1499 3151 1804 3207 δικαιοσύ-

217 3255 322 3304 νης
343 3239 673 3308 στέφανος,
703 3241 776 3295 ὃν
811 3242 1111 3296 ἀποδώσει
1143 3260 1246 3311 μοι
1279 3246 1312 3296 ὁ
1333 3245 1591 3312 Κύριος.
1624 3245 1686 3298 Οί
1713 3242 1806 3300 οὖν

215 3333 686 3406 ἐπιγεγραμμένοι
714 3337 801 3401 εὶς
837 3336 904 3388 τὸ
941 3336 1118 3402 τέλος
1146 3335 1226 3402 τῷ
1264 3335 1465 3400 Δαυῒδ,
1521 3336 1674 3401 τέλος
1713 3341 1807 3392 καὶ

217 3424 365 3496 νίκην
389 3426 798 3495 ἀπαγγέλλουσι
825 3429 918 3482 τοῦ
935 3429 1170 3500 Χριστοῦ
1197 3429 1490 3500 λεγομένου
1507 3431 1685 3484 Δαυῖδ·
1713 3434 1808 3487 καὶ

217 3517 332 3572 ἀντὶ
361 3517 484 3584 τοῦ,
519 3522 608 3586 είς
641 3520 836 3587 τέλος,
873 3522 1013 3575 κατὰ
1049 3522 1140 3575 τὸν
1183 3522 1436 3588 Ἀκύλαν,
1468 3524 1804 3580 νικοποιοῦ.

219 3605 382 3660 Παντὶ
429 3608 541 3680 γὰρ
589 3610 924 3682 νενικημένῳ
971 3612 1384 3682 περιποιήσεται
1436 3613 1612 3685 νίκην.
1672 3615 1806 3669 Ὑπὸ

219 3695 450 3769 Χριστοῦ
483 3701 594 3774 γάρ
637 3720 720 3767 τις
763 3701 1094 3774 νικώμενος,
1139 3703 1236 3776 τὴν
1283 3705 1480 3758 κακίαν
1527 3707 1802 3776 νενίκηκε,

217 3793 416 3864 ταύτην
461 3793 804 3862 ἐξαφανίζων
837 3795 914 3867 τῷ
969 3797 1334 3868 ὑποτετάχθαι
1371 3801 1613 3872 Χριστῷ.
1659 3802 1806 3872 Νικᾷ

217 3885 320 3958 γὰρ
349 3887 456 3940 οὐκ
482 3887 741 3955 ἄκοντας,
769 3887 904 3942 ἀλλὰ
940 3889 1144 3944 πείθων
1174 3890 1249 3953 ὡς
1277 3890 1434 3959 λόγος
1470 3892 1625 3968 Θεοῦ.
1665 3894 1804 3957 Τοὺς

217 3975 270 4030 δὲ
297 3976 572 4042 τοιούτους
610 3977 812 4048 ὕμνους
841 3979 874 4051 ἢ
905 3980 1174 4053 ψαλμοὺς,
1209 3984 1296 4048 είς
1341 3983 1408 4036 τὸ
1441 3983 1631 4049 νῖκος,
1669 3984 1803 4038 Θεο-

217 4069 396 4124 δοτίων
439 4071 752 4143 ἐπέγραψε·
803 4073 1100 4145 Σύμμαχος
1129 4075 1207 4142 δὲ,
1251 4075 1599 4142 ἐπινικίους.
1645 4077 1804 4131 Οὕτω

217 4163 269 4220 δὲ
301 4168 444 4222 νοεῖν
487 4165 729 4235 εὔλογον,
757 4165 861 4220 κᾶν
887 4168 963 4238 μὴ
989 4167 1066 4238 τῷ
1095 4167 1259 4222 Δαυῒδ
1288 4163 1420 4222 ὦσιν
1454 4169 1801 4241 ἐπιγεγραμ-

223 4261 384 4330 μένοι,
413 4260 532 4314 ἀλλ’
557 4264 645 4326 εὶς
685 4260 754 4316 τὸ
791 4260 967 4328 τέλος
1012 4261 1173 4333 τυχὸν
1221 4260 1303 4327 τῷ
1344 4261 1548 4331 Ἀσὰςρ,
1596 4263 1628 4334 ἢ
1677 4263 1801 4330 τοῖς

219 4354 358 4420 υἱοῖς
383 4353 564 4423 Κορὲ,
593 4352 672 4424 τῷ
698 4353 824 4418 τοὺς
857 4355 1047 4422 ἁγίους
1080 4353 1428 4425 ἀναδεδέχθαι
1468 4356 1675 4419 πάντας
1702 4356 1800 4428 τὴν

217 4447 394 4500 εἰκόνα
423 4445 685 4518 Χριστοῦ.
713 4446 786 4498 Τὸ
817 4445 873 4499 δὲ
901 4447 970 4500 ἐν
999 4445 1268 4516 ψαλμοῖς
1302 4447 1452 4518 παρὰ
1478 4449 1590 4510 τοῖς
1618 4447 1798 4501 Ἑϐδο-

221 4545 460 4610 μήκοντα
492 4540 588 4594 καὶ
629 4540 878 4606 Ἀκύλας,
915 4541 1032 4612 (sic)
1067 4541 1400 4612 σαφέστερον
1428 4544 1456 4594 ὁ
1483 4541 1795 4613 Σύμμαχος,

1918 2051 2188 2134 accipiat,
2227 2055 2690 2125 quemadmodum
2747 2055 3013 2125 inprima
3061 2057 3126 2110 ad
3172 2055 3489 2112 Corinthios

1917 2143 2158 2216 Epistula
2177 2149 2254 2201 ait
2281 2143 2484 2202 Paulus
2515 2145 2581 2202 ³⁸.
2627 2186 2642 2200 .
2685 2185 2699 2201 .
2745 2188 2760 2202 .
2805 2189 2818 2204 .
2866 2189 2880 2203 .
2925 2190 2938 2202 .
2981 2186 2995 2201 .
3039 2187 3053 2202 .
3097 2146 3336 2218 Singulis
3367 2155 3490 2219 post

1915 2241 2192 2294 cruciatus
2221 2256 2320 2308 pro
2351 2240 2548 2294 merito
2583 2255 2685 2294 suo
2730 2241 3027 2309 viri/icatis.
3065 2239 3361 2310 Postquam
3390 2256 3490 2294 au-

1917 2337 2020 2384 tein
2048 2329 2297 2385 Christus
2327 2346 2518 2386 omnes
2547 2331 2639 2400 qui
2671 2331 2728 2384 in
2758 2328 2966 2382 Adamo
2999 2330 3198 2382 mortui
3236 2336 3413 2394 erant,
3433 2329 3488 2381 in

1915 2423 2095 2491 seipso
2145 2421 2448 2490 viviﬁcavit,
2511 2435 2703 2492 regnat
2736 2421 2789 2475 in
2823 2421 3158 2490 viviﬁcatos:
3209 2419 3276 2474 ad
3323 2435 3486 2490 quam

1913 2529 2026 2568 rem
2053 2515 2300 2569 homines
2318 2514 2674 2584 intelligentia
2694 2515 2950 2584 praeditos
2971 2521 3161 2568 evocat
3176 2513 3484 2581 inscriptio,

1913 2605 1967 2660 in
1994 2607 2170 2676 ﬁnem.
2200 2605 2361 2662 Omni
2414 2615 2596 2662 autem
2645 2607 2913 2676 praelianti
2951 2605 3073 2660 linis
3105 2606 3333 2658 victoria
3379 2613 3484 2660 est.

1925 2699 2103 2754 Multa:
2125 2715 2290 2770 porro
2315 2707 2442 2754 sunt
2465 2699 2777 2770 singulatim
2807 2707 3044 2770 acceptae
3069 2700 3488 2768 victoria:;qua-

1911 2807 2031 2844 rum
2047 2791 2205 2846 linem
2229 2789 2731 2852 describitPaulus,
2752 2790 2913 2844 modo
2938 2789 3158 2844 dicens:
3195 2787 3258 2842 In
3277 2790 3357 2843 his
3376 2805 3489 2843 om-

1911 2883 2065 2936 nibus
2096 2899 2414 2948 superamus
2435 2891 2653 2952 propter
2671 2898 2787 2934 eum
2810 2883 2897 2952 qui
2919 2881 3104 2935 dilexit
3120 2899 3212 2934 nos
3236 2881 3302 2946 '9;
3324 2880 3488 2934 modo

1909 2983 2090 3029 autem
2111 2995 2121 3028 :
2144 2975 2348 3028 Bonum
2375 2985 2638 3027 certamen
2658 2974 2872 3036 certari,
2895 2989 3110 3026 cursum
3126 2971 3506 3035 consummavi,

1909 3071 2066 3139 [idem
2094 3069 2294 3122 servavi
2326 3083 2344 3121 :
2385 3069 2438 3122 in
2490 3067 2690 3138 reliquo
2730 3067 2956 3135 reposita
3010 3075 3086 3120 est
3129 3067 3257 3119 mihi
3287 3081 3486 3120 corona

1899 3159 2152 3230 justitiw,
2167 3177 2324 3230 quam
2344 3159 2520 3213 reddet
2543 3158 2672 3212 mihi
2691 3153 2947 3212 Dominus
2965 3157 3031 3212 ⁸ο.
3051 3155 3254 3211 Psalmi
3274 3157 3479 3226 itaque,

1833 3275 1875 3333 ε
1911 3255 1967 3306 in
1999 3253 2157 3322 ﬁnem
2215 3251 2318 3322 ipsi
2349 3251 2522 3305 David
2581 3251 2854 3320 inscripti,
2889 3251 3048 3304 tinem
3089 3248 3388 3319 praedicant
3421 3263 3486 3302 ac

1910 3347 2193 3400 victoriam
2245 3343 2450 3398 Christi
2479 3385 2492 3408 ,
2538 3343 2630 3414 qui
2666 3341 2837 3397 David
2865 3349 3108 3397 vocatur.
3152 3340 3284 3394 Vice
3305 3349 3486 3394 autem

1909 3436 2076 3500 illius,
2106 3437 2161 3490 in
2185 3435 2674 3506 ﬁnem,secundum
2703 3435 2977 3505 Aquilam,
3006 3431 3482 3496 victoris,dicitur.

1907 3527 1956 3584 ls
2008 3529 2151 3582 enim
2202 3527 2426 3582 cuilibet
2453 3527 2896 3581 victovictoriam
2928 3525 3149 3580 tribuet.
3171 3522 3304 3577 Nam
3329 3521 3485 3592 quis-

1905 3625 2028 3692 quis
2054 3639 2082 3675 a
2114 3621 2334 3676 Christo
2363 3621 2625 3683 vincitur,
2675 3619 2939 3673 malitiam
2972 3618 3160 3680 vincit,
3199 3617 3484 3686 ipsamque

1905 3715 1972 3770 de
1999 3715 2178 3768 medio
2204 3715 2365 3779 tollit,
2399 3715 2524 3784 quia
2555 3709 2845 3781 subjicitur
2867 3709 3107 3765 Christo.
3133 3707 3321 3776 Neque
3335 3708 3482 3760 enim

1907 3803 2107 3860 invitos
2141 3805 2309 3858 vincit
2341 3803 2452 3867 ille,
2480 3803 2576 3858 sed
2600 3801 2880 3864 suasione,
2915 3803 3104 3870 utpote
3121 3798 3346 3852 verbum
3365 3795 3480 3852 Dei.

1905 3896 2231 3967 Hujusmodi
2266 3912 2432 3967 porro
2479 3897 2712 3967 hymnos
2752 3895 2834 3948 vel
2881 3893 3122 3963 psalmos
3155 3890 3482 3956 Theodotio,

1903 3991 1956 4044 in
1980 3989 2281 4054 uictoriam,
2309 3985 2590 4058 inscripsit
2621 4005 2634 4053 ;
2676 3984 3058 4056 Symmachus,
3114 3980 3480 4050 triumphales.

1903 4081 2218 4152 Eademque
2281 4081 2495 4136 ratione
2553 4077 2968 4149 intelligendum
3015 4083 3100 4131 est
3131 4075 3483 4130 etiamsinon

1905 4171 2096 4224 Davidi
2125 4171 2378 4240 inscripti
2409 4168 2542 4236 sint,
2582 4168 2676 4224 sed
2707 4167 2846 4222 forte
2867 4167 2924 4219 in
2957 4165 3116 4236 ﬁnem
3149 4164 3350 4234 Asaph,
3385 4173 3481 4217 aut

1903 4265 2032 4334 ﬁliis
2060 4264 2212 4331 Core,
2245 4265 2372 4334 quia
2421 4263 2595 4318 sancti
2623 4277 2813 4317 omnes
2851 4275 2950 4330 pro
2983 4260 3219 4330 imagine
3274 4257 3480 4313 Christi

1901 4356 2194 4412 habentur.
2253 4354 2392 4408 illud
2449 4362 2624 4408 autem
2693 4353 2746 4405 in
2775 4351 2996 4419 psalmis
3045 4351 3191 4420 quod
3245 4349 3300 4404 in
3339 4347 3482 4403 LXX

1901 4459 1956 4506 et
1981 4451 2034 4504 in
2059 4449 2253 4520 Aquila
2276 4449 2496 4518 legitur,
2530 4446 2776 4516 apertius
2802 4444 3165 4516 Symmachus
3194 4441 3313 4494 cum
3339 4440 3480 4510 psal-

1904 4541 2048 4594 teriis
2099 4538 2318 4604 edidit;
2367 4539 2634 4606 docetque
2688 4551 2814 4590 cum
2863 4533 3144 4605 psalteriis
3200 4533 3478 4586 canticum

217 4631 305 4686 διὰ
337 4633 696 4702 ψαλτηρίων
718 4631 948 4696 ἐξέδωκε
977 4633 1218 4687 διδασκο.
1240 4675 1252 4688 .
1271 4676 1284 4688 .
1305 4673 1318 4686 .
1336 4671 1350 4687 .
1371 4672 1386 4686 .
1403 4673 1416 4686 .
1434 4673 1448 4687 .
1467 4671 1483 4690 .
1516 4635 1616 4704 τὴν
1650 4634 1792 4706 ᾠδὴν

1911 4631 2240 4704 persolutum
2290 4630 2480 4685 fuisse.
2548 4628 2814 4684 Psalteria
2871 4629 3070 4699 quippe
3115 4629 3478 4681 instrumenta

217 4723 526 4795 εἰρῆσθαι..
554 4761 566 4775 .
596 4763 610 4775 .
638 4763 652 4776 .
679 4761 694 4776 .
723 4761 736 4774 .
765 4761 778 4774 .
807 4761 822 4776 .
866 4723 935 4775 τὰ
965 4721 1238 4793 ψαλτήρια
1274 4721 1466 4776 πλείω.
1498 4761 1511 4774 .
1539 4760 1552 4774 .
1581 4763 1594 4776 .
1623 4761 1636 4774 .
1659 4761 1671 4773 .
1697 4765 1710 4778 .
1733 4761 1748 4778 .
1775 4763 1790 4776 .

1911 4735 2050 4788 sunt,
2093 4724 2294 4794 quibus
2321 4721 2452 4774 illud
2493 4721 2547 4773 in
2570 4721 2730 4790 finem
2763 4721 3002 4781 canitur,
3036 4718 3150 4772 sive
3177 4733 3273 4778 pro
3320 4724 3478 4784 parta

213 4815 412 4885 ὄργανα
439 4816 506 4868 δι’
541 4808 616 4868 ὧν
646 4815 828 4886 ᾅδεται
853 4815 913 4866 τὸ
945 4817 1032 4880 εις
1055 4815 1120 4867 τὸ
1147 4814 1342 4879 τέλος,
1369 4814 1402 4884 ἢ
1427 4816 1460 4867 ὁ
1480 4813 1794 4879 ἐπινίκιος,

213 4907 243 4978 ἧ
270 4908 348 4974 τῷ
377 4907 686 4973 νικοποιῷ,
716 4906 743 4958 ὃ
775 4906 970 4978 δηλοῦν
993 4906 1136 4959 ἔοικε
1169 4909 1261 4960 καὶ
1299 4907 1360 4960 τὸ
1389 4909 1476 4974 είς
1521 4907 1691 4974 νῖκος
1724 4909 1794 4962 ἐν

213 5002 416 5071 ὕμνοις
445 5001 598 5074 παρὰ
625 5000 702 5072 τῷ
734 5000 1066 5053 Θεοδοτίωνι.
1109 4999 1256 5070 Αὕτη
1289 5000 1470 5052 τοίνυν
1517 5001 1550 5070 ἡ
1593 4999 1725 5071 ᾠδὴν
1757 4999 1790 5070 ἢ

212 5095 268 5150 τὸ
295 5093 613 5166 μελῴδημα,
637 5092 672 5164 ἢ
700 5091 913 5162 ψαλμὸς
933 5093 1030 5163 τὴν
1054 5092 1348 5164 εἰρημένην
1376 5091 1514 5161 ἔχων
1537 5091 1792 5146 ὑπόθεσιν

213 5187 601 5255 ἐπαγγέλλεται
633 5184 838 5255 ταύτην
865 5184 1185 5256 κοινώτερον
1218 5184 1314 5254 μὲν
1347 5185 1404 5236 ὲν
1429 5182 1508 5254 τῷ
1533 5185 1791 5255 προφήτῃ

215 5281 386 5346 Acuti},
421 5277 830 5352 μυστικώτερω
867 5277 924 5332 δὲ
957 5277 1036 5349 τῷ
1076 5275 1326 5350 Χριστῷ,
1379 5277 1440 5330 τὸ
1492 5277 1790 5349 πρόσωπον

1900 4817 2139 4879 victoria,
2171 4815 2288 4870 sive
2326 4814 2548 4868 victori:
2581 4813 2728 4883 quod
2761 4813 2940 4882 ipsum
2980 4808 3293 4880 signiﬁcare
3319 4807 3480 4860 vide-

1901 4917 1993 4962 tur
2035 4908 2164 4962 illud
2190 4907 2246 4960 in
2292 4903 2570 4960 victoriam
2599 4904 2654 4958 in
2699 4902 2906 4972 hymnis
2957 4899 3102 4968 apud
3135 4897 3474 4952 Theodotio-

1902 5015 2048 5055 nem.
2079 4999 2196 5053 Hoc
2223 4997 2392 5069 igitur
2422 4998 2725 5060 canticum,
2757 4995 2840 5048 vel
2875 4989 3133 5054 melodia,
3163 4990 3280 5044 sive
3323 4987 3475 5062 psal-

1899 5106 2044 5154 mus,
2091 5095 2452 5144 memoratum
2508 5087 2718 5141 habens
2746 5087 3154 5154 argumentum,
3187 5081 3474 5136 victoriam

1899 5181 2207 5253 pollicetur,
2233 5195 2298 5234 ex
2317 5179 2620 5251 vulgatiore
2644 5175 2913 5232 sententia
2937 5171 3149 5237 Davidi,
3172 5171 3476 5227 secundum

1901 5289 2156 5330 arcanam
2191 5287 2319 5328 vero
2355 5269 2837 5343 signiﬁcationem,
2887 5264 3110 5322 Christo
3158 5277 3475 5321 sanctorum

279 5437 325 5472 ³⁸
363 5437 546 5496 lCor.
582 5453 686 5502 xv,
717 5434 808 5492 22.
886 5435 929 5467 ”
969 5433 1130 5488 Rom.
1164 5450 1293 5498 VIII,
1327 5433 1416 5488 57.
1491 5431 1536 5464 ‘°
1574 5431 1620 5486 ll
1649 5430 1790 5486 Tim.

1911 5431 2005 5494 ,7,
2039 5427 2092 5482 8.

279 5595 352 5668 (l)
393 5597 666 5652 Hebraica
713 5593 874 5650 lectio
921 5602 1038 5660 est;
1067 5601 1260 5652 3113172
1292 5598 1502 5651 mum
1532 5571 1724 5649 ruimh
1769 5607 1780 5640 :

215 5672 326 5748 πί)
359 5705 481 5758 quae
519 5687 604 5744 sic
644 5686 721 5758 ab
736 5685 932 5758 Aquila
962 5684 1371 5758 exprimuntur,
1404 5680 1482 5752 τῷ
1524 5679 1790 5758 νικοποιῷ

219 5751 518 5830 ἐνψακμοῖς
585 5751 886 5830 saxeam
933 5751 1309 5830 τῷέαυτᾷ-έξ
1339 5751 1665 5830 Symmache
1696 5765 1788 5830 au:

217 5819 346 5899 usui,
390 5819 658 5893 ἐπινίκίος
705 5819 832 5899 ’διὲὶί
860 5819 1178 5896 ψαλτηρίων
1208 5823 1320 5899 ipsi,
1368 5819 1462 5899 “cfp
1501 5819 1680 5899 ᾼαυῖὂ.
1741 5821 1785 5899 θ

217 5891 600 5964 Theudotioue,
640 5891 744 5962 ἐίς
785 5897 850 5951 τὸ
877 5891 1056 5959 ”νῖκος’
1110 5899 1168 5951 ὲν
1209 5891 1397 5964 ὕμνοις
1436 5891 1648 5964 ψαλμδς
1711 5891 1786 5956 τῷ

1891 5605 2075 5660 Δαυῒδ.
2109 5602 2504 5660 Theodotionis
2543 5601 2814 5656 diversam
2865 5599 3024 5656 aﬂert
3087 5597 3468 5654 Theodoretus

1893 5677 2199 5738 lectionem,
2227 5676 2504 5737 nimirum,
2523 5671 2600 5743 τῷ
2618 5671 2878 5742 νικοποιῷ
2895 5673 2950 5726 ἐν
2983 5670 3198 5743 ὕμνοις,
3215 5677 3348 5739 etc.,
3372 5667 3468 5724 scd

1893 5761 2042 5817 prior
2061 5759 2339 5817 germana.

1966 5817 2039 5887 (ε)
2071 5813 2173 5870 εἰς
2200 5816 2379 5870 lacera
2419 5821 2547 5871 sunt
2581 5813 2697 5870 haec
2738 5815 2792 5871 in
2835 5829 2967 5872 mss.
