3948 6286
461 396 560 450 10⁸5

1171 384 1438 441 EUSEBll
1475 378 1950 440 C£SARlENSIS
1971 377 2037 434 01

2156 371 2336 430 PARS
2371 371 2462 431 111.
2500 404 2571 416 ——
2607 370 3017 429 EXEGETICA.

3606 368 3704 425 104

456 529 742 571 personam
794 509 1118 574 assumcnti,
1151 509 1506 578 ipsorumque
1556 519 1829 560 aerumnas
1859 502 2017 574 quasi

2139 496 2225 550 τῶν
2259 497 2428 567 ἁγίων
2481 494 2917 566 ἀναλαμϐάνοντι
2937 531 2953 556 ,
2993 492 3094 557 τὰς
3140 490 3199 545 δὲ
3265 486 3475 560 θλίψεις
3525 486 3700 543 αὐτῶν

460 607 732 679 proprias,
758 619 969 659 necnon
995 608 1311 657 sanctorum
1341 599 1692 653 dilatationes
1714 597 1817 653 sibi
1849 596 2021 651 ascri-

2125 587 2516 661 1διοποιημένῳ
2568 587 2662 640 καὶ
2714 588 2841 648 τοὺς
2887 585 3234 654 πλατυσμοὺς
3282 581 3484 650 ἁγίων·
3536 578 3703 647 άγίων

456 671 601 753 beiiti
625 715 640 765 ;
665 706 979 753 sanctorum
1002 693 1204 765 quippe
1232 706 1336 746 vox
1357 691 1447 745 illa
1489 697 1594 755 est,
1630 688 2019 743 tribulationem

2139 681 2252 754 γὰρ,
2283 681 2436 751 φωνὴ
2468 679 2551 744 τὸ,
2585 678 2689 731 Ἐν
2717 675 2897 730 παντὶ
2925 675 3281 743 θλιϐόμενοι,
3312 671 3452 727 ἀλλ’
3475 671 3549 724 οὐ
3585 681 3704 721 σιε-

416 824 423 832 -
454 761 732 861 patientes,
759 787 851 843 sed
883 805 986 842 non
1011 761 1305 857 angustiati
1333 784 1377 817 “
1404 802 1422 851 ;
1456 782 1795 838 converteuti
1841 787 2023 835 autem

2139 777 2574 846 νοχωρούμενοι·
2599 770 2978 842 ἐπιστρέφοντι
3008 769 3064 822 δὲ
3095 767 3336 830 καὶτοὺς
3367 765 3484 818 ὅσοι
3498 761 3702 833 τυγχά-

456 897 552 937 eos
583 882 677 951 qui
708 881 858 951 gravi
911 879 1076 933 corde
1106 885 1256 941 sunt,
1295 882 1601 947 quaerentes
1631 873 1929 927 vanitatem
1973 878 2026 925 et

457 973 742 1043 loquentes
766 970 1143 1027 mendacium.‘
1163 968 1393 1025 Melodia
1426 981 1590 1039 porro
1621 974 1819 1037 praeter
1847 964 2027 1019 canti-

459 1083 584 1122 cum
614 1066 827 1121 videtur
870 1063 1098 1118 innuere
1151 1060 1397 1132 mystica:
1433 1058 1823 1114 modulationis
1854 1056 2028 1111 artifi-

459 1160 604 1214 cium
637 1177 650 1212 :
683 1167 795 1211 tum
823 1156 868 1210 si
893 1156 961 1211 ad
992 1163 1196 1210 rectam
1216 1152 1553 1224 intelligendi
1573 1165 1823 1207 normam
1856 1150 2023 1204 dedu-

460 1258 637 1316 catur,
667 1254 748 1303 est
776 1246 900 1302 vitae
925 1245 1237 1299 institutum
1266 1242 1333 1296 ad
1364 1241 1463 1297 Dei'
1486 1240 1744 1312 gloriam,
1766 1253 1892 1294 cum
1930 1239 2030 1293 do-

462 1341 639 1395 ctrina
667 1354 800 1396 sana
834 1338 1124 1408 verbisque
1178 1335 1246 1390 ad
1289 1334 1520 1388 aliorum
1564 1333 1861 1387 utilitatum
1890 1344 2027 1384 con-

462 1431 720 1486 cinnatis.

532 1521 694 1576 Vens.
710 1520 764 1574 2.
783 1519 915 1576 Cum
928 1521 1242 1579 invocarem,
1260 1513 1524 1571 exaudivit
1548 1529 1628 1569 me
1645 1513 1782 1569 Deus
1799 1512 2031 1583 justitite

460 1630 608 1677 mea,
629 1614 684 1666 in
712 1613 1048 1665 tribulatione
1064 1608 1415 1663 dilatastime.
1445 1605 1762 1661 Praecedens
1789 1606 2030 1675 psalmus

465 1709 647 1763 dictus
686 1714 770 1762 est
799 1721 922 1761 cum
946 1704 1153 1776 fugeret
1184 1701 1351 1756 David
1382 1717 1412 1756 a
1447 1701 1585 1755 facie
1608 1699 1903 1754 Absalonis
1936 1697 2030 1752 lilii

460 1800 544 1869 sui
578 1815 594 1866 ;
647 1813 887 1869 praesens
927 1810 1058 1852 vero
1090 1792 1307 1848 videtur
1355 1798 1479 1862 post
1505 1791 1655 1844 illum
1688 1790 2027 1854 enuntiatus,

2125 884 2274 921 νουσι
2298 864 2668 938 βαρυκάρδιοι,
2690 861 2816 927 τούς
2848 879 2904 915 τε
2929 859 3260 930 ἀγαπῶντας
3282 855 3352 910 τὰ
3383 855 3587 927 μάταια
3612 852 3704 906 καὶ

2126 958 2419 1031 ζητοῦντας
2440 954 2507 1009 τὸ
2532 953 2752 1025 ψεῦδος.
2773 952 2846 1005 Τὸ
2864 953 2921 1006 δὲ
2947 950 3153 1029 μελῴδη
3163 966 3239 1021 μα
3267 946 3419 1018 παρὰ
3436 946 3536 1016 τὴν
3565 943 3704 1016 ᾠδὴν

2127 1051 2267 1105 ἔοικε
2296 1048 2489 1122 δηλοῦν
2519 1048 2613 1102 καὶ
2649 1047 2708 1100 τὸ
2747 1044 2842 1098 τοῦ
2879 1042 3142 1116 μυστικοῦ
3188 1039 3396 1112 ῥυθμοῦ
3429 1033 3700 1108 τεχνικόνο

2128 1143 2271 1197 κατὰ
2298 1142 2354 1195 δὲ
2376 1139 2669 1210 ἀναγωγὴν
2713 1135 2898 1209 ὀρθὴν,
2935 1133 3180 1189 πολιτεία
3212 1131 3348 1203 πρὸς
3382 1128 3540 1194 δόξαν
3571 1126 3705 1183 Θεοῦ

2133 1235 2269 1306 μετὰ
2298 1233 2583 1304 δογμάτων
2618 1227 2787 1298 ὑγιῶν
2822 1228 2929 1283 καῖ
2943 1226 3119 1295 λόγων
3146 1223 3241 1277 καλ
3269 1221 3478 1293 ἑτέροις
3504 1214 3706 1290 ὠφελί-

2143 1345 2280 1400 μων.

2213 1502 2316 1554 Ἐν
2342 1499 2422 1566 τῷ
2457 1498 2870 1554 ἐπικαλεῖσθαί
2890 1512 2987 1566 με,
3018 1487 3341 1562 είσήκουσέ
3362 1507 3481 1561 μου
3512 1490 3546 1544 ὁ
3567 1486 3711 1556 Θεὸς

2132 1591 2241 1660 τῆς
2278 1591 2671 1659 δικαιοσύνης
2702 1609 2838 1660 μου,
2871 1590 2942 1643 ἐν
2978 1588 3180 1656 θλίψει
3232 1578 3575 1648 ἐπλάτυνιὶς
3608 1595 3709 1650 με.

2143 1679 2201 1731 '0
2229 1678 2326 1750 μὲν
2355 1678 2462 1750 πρὸ
2486 1678 2675 1733 τούτου
2708 1678 2921 1749 ψαλμὸς
2952 1677 3169 1745 ἐλέγετο
3213 1677 3271 1728 ὲν
3308 1671 3385 1743 τῷ
3417 1671 3711 1744 ἀποδιδρά-

2135 1787 2285 1823 σκειν
2308 1769 2471 1824 Δαυῖδ
2522 1770 2629 1824 ἀπὸ
2680 1768 2972 1842 προσώπου
3030 1765 3384 1836 Ἀὀεσσαλὼμ
3441 1764 3534 1818 τοῦ
3590 1761 3710 1817 υἱοῦ

463 1854 824 1960 post'partam
886 1887 1095 1943 scilicet
1143 1885 1209 1941 de
1240 1883 1515 1939 Absalone
1542 1882 1833 1939 victoriam
1868 1900 1881 1937 :
1917 1897 2027 1951 quo

2139 1863 2291 1917 αὐτοῦ
2315 1883 2328 1894 ·
2360 1865 2388 1916 ὁ
2414 1862 2470 1916 δὲ
2497 1859 2687 1935 παρὼν
2715 1863 2887 1916 ἔοικεν
2921 1862 3045 1932 ἑξῆς
3076 1861 3270 1930 ἐκείνῳ
3297 1856 3549 1930 εἰρῆσθαι
3576 1854 3714 1927 μετὰ

458 1990 630 2049 gesto,
671 1978 1074 2048 triumphalem
1113 1977 1374 2049 hymnum
1427 1975 1711 2029 victoriam
1768 1974 2029 2045 praebenti

458 2070 568 2125 Deo
597 2081 905 2134 consecrat,
933 2074 1255 2138 praesentem
1294 2064 1543 2118 videlicet
1574 2065 1846 2134 psalmum
1878 2081 1893 2130 ;
1921 2079 2031 2134 quo

459 2161 722 2218 suadetur
751 2161 912 2215 nobis
950 2172 1008 2214 ut
1041 2173 1109 2213 ne
1138 2156 1311 2213 simus
1338 2156 1578 2226 Deierga
1611 2173 1712 2212 nos
1737 2155 2029 2210 beneficio-

458 2270 578 2309 rum
637 2254 1009 2307 immemores.
1044 2248 1235 2305 Merito
1288 2250 1454 2322 igitur
1478 2251 1533 2303 in
1561 2248 1733 2318 priori
1767 2247 1982 2302 dicebat
2014 2264 2028 2300 :

461 2346 706 2409 Domine,
739 2344 865 2415 quid
894 2343 1235 2411 multiplicati
1267 2350 1390 2398 sunt
1420 2346 1507 2413 qui
1542 2342 1802 2396 tribulant
1832 2357 1912 2395 me
1943 2340 1988 2372 ⁸²
2014 2357 2029 2408 ;

464 2437 517 2491 in
543 2437 645 2491 hoc
668 2448 869 2501 autem,
898 2437 951 2489 in
982 2435 1325 2490 tribulatione
1357 2435 1604 2488 dilatasti
1635 2451 1734 2488 me.
1754 2433 1877 2489 llaec
1901 2448 2033 2488 sane

463 2526 704 2597 loquitur
733 2527 800 2581 de
824 2527 1133 2582 calamitate
1166 2543 1261 2597 per
1280 2528 1610 2583 Absalonem
1642 2525 1954 2596 importata,
1977 2525 2032 2579 in

462 2633 595 2689 qua,
620 2634 743 2672 cum
770 2618 939 2674 Deum
964 2622 1295 2687 invocasset,
1327 2621 1622 2691 propitium
1640 2627 1901 2690 expertus
1927 2627 2030 2682 est,

461 2719 536 2777 et,
572 2728 694 2768 cum
721 2723 942 2784 propter
976 2715 1231 2785 populum
1256 2721 1308 2769 et
1342 2722 1567 2784 propter
1602 2728 1787 2768 arcam
1819 2711 2033 2769 Domini

463 2806 518 2860 in
546 2808 808 2864 aerumnis
838 2808 1057 2878 degeret
1082 2848 1097 2873 ,
1130 2809 1367 2877 quietem
1398 2823 1461 2861 ac
1489 2806 1882 2873 dilatatiouem,
1913 2822 2034 2862 ces-

465 2906 623 2954 sante
657 2899 820 2964 bello,
855 2915 919 2954 ac
943 2899 1377 2971 profundissima
1410 2914 1544 2969 pace
1573 2915 1631 2955 se
1665 2911 1828 2969 atque
1858 2915 2033 2970 popu-

465 2992 577 3047 lum
618 3008 835 3049 omnem
863 2994 1201 3064 excipiente,
1254 3005 1451 3049 nactus
1497 3002 1601 3048 est.
1634 2991 1733 3046 Vel
1782 2992 2035 3046 fortassis

465 3085 581 3140 haec
610 3086 742 3139 dicit
772 3086 1065 3141 occasione
1094 3087 1280 3157 lapsus
1314 3103 1438 3141 cum
1472 3103 1640 3142 uxore
1663 3084 1828 3149 Uriae,
1859 3085 2036 3140 rebel-

465 3175 626 3230 lionis
662 3176 777 3241 lilii,
801 3185 853 3232 et
882 3180 1215 3248 reliquarum
1238 3177 1481 3232 omnium
1509 3176 1885 3231 calamitatum
1915 3189 2036 3246 qua:

466 3268 644 3338 ipsum
676 3268 823 3323 domi
853 3285 1140 3340 excepere.
1165 3268 1302 3323 Cum
1327 3270 1472 3324 enim
1519 3276 1741 3340 propter
1766 3269 1880 3323 haec
1913 3283 2032 3322 om-
2060 3294 2102 3349 ο

466 3362 558 3415 nia
588 3376 708 3416 sese
761 3360 1038 3416 alllictioni
1091 3361 1391 3416 dedidisset
1425 3401 1440 3425 ,
1473 3362 1537 3415 ad
1572 3361 1947 3431 ptenitentiam
1980 3369 2034 3415 et

466 3452 869 3507 confessionem
901 3469 1022 3508 sese
1053 3454 1327 3516 vertisset,
1357 3463 1411 3509 et
1432 3453 1593 3523 quasi
1626 3454 1872 3510 certatim
1906 3469 2037 3523 sup-

467 3544 694 3615 plicium
745 3545 800 3598 in
835 3560 893 3599 se
922 3546 989 3600 de
1015 3552 1241 3617 peccato
1267 3546 1614 3617 sumpsisset,
1642 3546 1873 3617 iustitiae
1902 3563 2036 3617 ope-
2062 3548 2064 3555 ’

466 3637 619 3692 ribus
660 3636 1041 3708 fructibusque
1090 3648 1237 3693 recte
1285 3638 1551 3693 lactorun
1603 3639 1825 3709 Optimis
1867 3637 2036 3694 Deum

466 3731 812 3801 propitiatus,
851 3731 1051 3787 bonam
1116 3740 1404 3787 assecutus
1454 3732 1898 3802 promissionem,
1931 3746 2036 3800 qua

467 3832 747 3892 permotus
776 3826 830 3878 in
863 3824 1190 3894 pragcedcnti
1228 3825 1437 3895 psalmo
1500 3824 1817 3895 prophetice
1855 3824 2034 3879 dixit:

471 3914 549 3969 Tu
577 3927 772 3981 autem,
812 3917 1049 3982 Domine,
1080 3930 1350 3988 susceptor
1386 3936 1532 3974 meus
1570 3936 1647 3983 es,
1699 3920 1874 3990 gloria
1921 3935 2037 3972 mea

467 4019 517 4063 et
545 4013 786 4064 exultans
837 4022 991 4079 caput
1030 4029 1203 4066 meum
1230 4013 1297 4080 ⁵³,
1331 4028 1394 4067 ac
1424 4022 1619 4067 caetera
1645 4053 1661 4077 ,
1696 4028 1818 4082 qure
1869 4011 2037 4082 priori

470 4116 721 4155 sermone
756 4103 918 4156 allata
949 4112 1077 4159 sunt
1112 4123 1126 4171 ;
1167 4113 1566 4175 consequenter
1599 4106 1653 4159 in
1687 4105 1835 4159 hisce
1859 4105 2040 4158 decla-

469 4200 600 4247 rat:
640 4193 772 4249 Cum
827 4195 1155 4262 invocarem,
1211 4198 1480 4252 exaudivit
1514 4215 1593 4252 me
1614 4196 1765 4257 ,Deus
1807 4196 2040 4266 justitite

469 4300 617 4347 mete,
650 4286 703 4338 in
755 4286 1095 4357 tribulatione
1118 4290 1361 4345 dilatasli
1395 4307 1496 4345 me.
1531 4289 1786 4345 Miserere
1839 4291 1962 4353 mei,
1992 4299 2041 4343 et

466 4375 660 4429 exaudi
687 4380 977 4433 orationem
1009 4398 1196 4437 meam.
1221 4382 1285 4434 Et
1318 4384 1575 4452 primum,
1607 4382 1897 4439 exauditus
1917 4397 2041 4437 cum

468 4480 745 4521 unvocaret
764 4468 1069 4537 Dominum,
1089 4489 1198 4527 non
1213 4476 1438 4544 erigitur
1454 4475 1588 4545 (95,,
1607 4491 1783 4547 neque
1798 4476 1851 4530 in
1871 4477 2044 4546 segni-

490 4558 594 4613 iem
618 4561 763 4614 cadit
799 4581 811 4616 :
845 4562 938 4618 sed
963 4566 1170 4627 statim,
1196 4567 1265 4622 de
1297 4568 1482 4623 futuro
1504 4570 1798 4632 sollicitus,
1842 4587 2039 4641 prcca-

492 4665 559 4702 ur
590 4651 810 4717 iterum,
852 4669 1050 4723 regalis
1096 4656 1265 4712 Deum
1320 4668 1580 4730 perpetuo
1609 4663 1714 4717 sibi
1758 4664 1874 4718 fore
1908 4679 2036 4734 pro-
2070 4651 2116 4709 Β

468 4742 682 4812 pitium.
706 4741 988 4814 Supplicat
1003 4757 1180 4801 autem
1204 4749 1449 4803 exaudiri
1470 4767 1528 4806 se
1550 4767 1613 4805 ex
1634 4753 2036 4818 misericordia,

470 4846 577 4885 non
611 4848 676 4887 ex
724 4834 927 4891 debito.
983 4834 1208 4893 Etiamsi
1259 4842 1405 4895 enim
1460 4837 1564 4912 ipsi
1600 4843 1791 4898 aderat
1841 4845 2042 4914 aliquis

466 4924 695 4995 justitiae
723 4926 935 4983 fructus
969 4949 983 4997 ;
1021 4941 1075 4984 at
1115 4932 1218 5002 ipsi
1266 4950 1375 4989 non
1411 4936 1688 4993 conlidere
1715 4953 1774 4994 se
1800 4938 2037 5003 dicebat,

473 5016 567 5070 sed
595 5015 687 5071 Dei
722 5020 1113 5078 misericordia
1133 5032 1187 5079 et
1223 5027 1686 5085 miserationibus.

545 5107 706 5165 Vens.
743 5112 795 5168 5.
826 5112 960 5169 Filii
989 5115 1279 5184 hominum,
1308 5134 1568 5192 usquequo
1590 5125 1742 5192 gravi
1767 5123 1947 5188 corde.
1983 5135 2041 5180 ut

471 5201 595 5270 quid
615 5203 834 5274 diligitis
865 5210 1149 5264 vanitatem
1183 5220 1234 5265 et
1268 5214 1506 5282 quaeritis
1535 5216 1865 5272 mendacium
1885 5222 1912 5276 7
1932 5219 2042 5277 Eos

473 5297 566 5365 qui
605 5311 894 5369 aggravata
927 5313 1109 5361 mente
1139 5315 1289 5373 sunt,
1333 5309 1582 5381 tardique
1612 5312 1679 5366 ad
1708 5314 1930 5369 verbum
1959 5317 2044 5372 di-

472 5391 659 5444 vinum
694 5394 1043 5460 audiendum,
1086 5414 1281 5470 graves
1313 5401 1479 5458 corde
1507 5406 1742 5472 vocavit,
1785 5406 1903 5463 sive
1943 5423 2041 5465 eos

472 5484 565 5552 qui
594 5485 930 5543 00nscientia
970 5490 1232 5560 improbis
1260 5494 1684 5566 cogitationibus
1711 5508 1911 5554 onusta
1953 5517 2043 5557 cs-

472 5584 616 5630 sent.
652 5575 802 5643 Quos
833 5582 1002 5637 verbo
1038 5584 1321 5641 incessens
1350 5588 1465 5643 ait:
1492 5588 1787 5661 Usquequo
1818 5592 1873 5646 in
1914 5608 2042 5662 pec-

471 5672 611 5726 catis
658 5678 856 5733 vestris
904 5681 1342 5750 perseverabitis,
1384 5699 1509 5738 cum
1556 5685 1927 5743 festinandum
1972 5687 2042 5743 ad

548 5829 591 5862 ⁶¹
635 5829 678 5884 11
710 5830 837 5887 Cor.
871 5850 952 5899 tv,
990 5834 1043 5891 8.
1120 5836 1164 5870 “
1204 5836 1347 5895 Psal.
1386 5854 1480 5907 tu,
1517 5842 1572 5901 2.
1646 5844 1691 5877 ”
1731 5844 1863 5901 ibid.
1901 5846 1956 5901 4.

2130 1955 2230 2025 τὴν
2260 1953 2401 2006 κατὰ
2425 1953 2519 2007 τοῦ
2546 1952 2898 2022 Ἀϐεσσαλὼμ
2918 1952 3103 2023 νίκην·
3145 1951 3263 2023 μεθ’
3293 1950 3352 2003 ὃν
3394 1947 3560 2018 ῦμνον
3591 1949 3715 2000 ἑπι-

2132 2047 2303 2100 νίκιον
2329 2045 2407 2116 τῷ
2438 2044 2696 2116 νικοποιῷ
2725 2043 2844 2116 Θεῷ
2872 2042 3156 2114 ἀνατίθησι
3189 2043 3279 2096 τὸν
3313 2040 3556 2111 παρόντα
3576 2037 3715 2108 ψαλ-

2136 2131 2255 2209 μδν,
2280 2136 2346 2189 δι’
2374 2130 2434 2190 οὗ
2464 2137 2559 2190 καὶ
2578 2139 2739 2208 ἡμεῖς
2765 2134 3127 2205 παιδευόμεθα
3150 2134 3223 2206 μὴ
3249 2133 3580 2204 ἀμνημονεῖν
3604 2130 3715 2184 τῶν

2082 2270 2089 2279 .
2133 2227 2226 2281 τοῦ
2259 2226 2393 2280 Θεοῦ
2427 2228 2503 2289 εἰς
2547 2228 2694 2297 ἡμᾶς
2725 2224 3073 2298 εὐεργεσιῶν.
3111 2225 3349 2287 Εἰκότως
3386 2219 3478 2276 οὖν
3519 2223 3575 2275 ὲν
3613 2220 3716 2293 μὲν

2131 2319 2211 2391 τῷ
2240 2319 2347 2390 πρὸ
2374 2317 2563 2371 τούτου
2593 2317 2809 2386 ἔλεγεψ
2843 2320 3040 2385 Κύριε,
3065 2317 3124 2369 τί
3150 2316 3624 2384 ἐπληθύνθησαν
3666 2314 3717 2367 Ol

2134 2406 2441 2474 θλίϐοντές
2463 2421 2578 2476 μσς
2601 2408 2657 2460 ὲν
2680 2406 2735 2459 δὲ
2758 2409 2959 2477 τούτῳ·
2999 2406 3101 2460 Ἐν
3133 2407 3336 2474 θλίψει
3370 2400 3713 2468 emtith

2128 2518 2224 2570 με.
2256 2499 2417 2568 Λέγει
2448 2499 2505 2552 δὲ
2542 2498 2714 2553 ταῦτα
2746 2499 2872 2571 περὶ
2919 2499 3015 2570 τῆς
3051 2498 3190 2551 κατὰ
3220 2497 3312 2550 τὸν
3363 2495 3720 2567 Ἀϐεσσαλὼμ

2136 2593 2450 2663 συμφορᾶς’
2482 2590 2602 2644 καθ’
2635 2591 2702 2662 ἢν
2731 2591 2823 2643 τὸν
2855 2590 2988 2645 Θεὸν
3009 2589 3499 2661 ἐπικαλεσάμενος,
3527 2588 3719 2659 ἔτυχεν

2136 2685 2298 2739 αὑτοῦ
2324 2682 2559 2756 ἐπηκόου
2579 2703 2594 2733 τ
2628 2692 2723 2739 καί
2752 2683 3042 2753 γενόμενος
3068 2684 3124 2734 ὲν
3153 2680 3328 2751 θλίψει
3346 2680 3434 2734 διὰ
3457 2679 3548 2734 τὸν
3566 2679 3717 2744 λαὸν,

2136 2773 2232 2827 καὶ
2261 2772 2357 2844 τὴν
2393 2772 2623 2826 κιϐωτὸν
2651 2772 2755 2825 τοῦ
2774 2771 2931 2836 Θεοῦ,
2967 2774 3201 2836 ἀνέσεως
3232 2772 3325 2824 καὶ
3355 2770 3718 2840 πλατυσμοῦ

2136 2864 2378 2937 ἠξιώθη,
2415 2865 2768 2936 παυσαμένου
2813 2865 2910 2935 μὲν
2943 2863 3033 2918 τοῦ
3092 2864 3361 2935 πολέμου,
3404 2864 3630 2936 εἰρήνης
3664 2862 3720 2916 δὲ

2140 2959 2446 3031 βαθυτάτης
2498 2962 2861 3033 διαλαόούσης
2906 2962 3068 3016 αὐτόν
3118 2978 3178 3014 τε
3257 2963 3350 3016 καὶ
3398 2964 3573 3015 πάντα
3628 2959 3720 3012 τὸν

2137 3052 2284 3106 λαόν.
2316 3056 2385 3106 Ἣ
2416 3053 2590 3119 ἄλλως
2620 3055 2767 3123 λέγει
2792 3054 2967 3108 ταῦτα
3000 3055 3092 3108 ἐπὶ
3125 3054 3220 3108 τοῦ
3251 3053 3592 3122 πταίσματος
3618 3050 3720 3121 τῆς

2138 3145 2233 3199 τοῦ
2264 3146 2482 3216 Οὐρίου,
2512 3148 2607 3200 καὶ
2635 3149 2668 3218 ἡ
2696 3147 2791 3200 τοῦ
2814 3147 2931 3201 υἱοῦ
2965 3147 3349 3208 ἐπανάστασις,
3385 3145 3479 3198 καὶ
3512 3144 3582 3198 τὰ
3615 3144 3723 3197 λοι·

2135 3234 2212 3289 πά
2238 3236 2415 3290 πάντα
2439 3237 2505 3292 τὰ
2527 3238 2668 3292 κατὰ
2689 3237 2779 3292 τὸν
2799 3236 2943 3292 οἷκον
2960 3237 3108 3292 κακὰ
3129 3237 3165 3291 ἃ.
3187 3236 3528 3308 συμϐέϐηκεν
3549 3234 3718 3306 αὐτῷ.

2149 3327 2272 3380 Ἐπὶ
2294 3326 2502 3392 τούτοις
2542 3330 2653 3400 γὰρ
2687 3331 2877 3384 ἑαυτὸν
2914 3329 3194 3393 κακώσας,
3228 3329 3484 3401 μετανοίᾳ
3525 3346 3586 3382 τε
3630 3328 3725 3382 καὶ

2137 3417 2518 3491 ἐξομολογήσει
2553 3420 2745 3476 ἑαυτὸν
2793 3424 3104 3496 παραδοὺς,
3163 3424 3259 3477 καὶ
3308 3421 3386 3493 τῷ
3418 3420 3725 3491 πταίσματι

2134 3512 2444 3580 ἐφαμίλλως
2473 3513 2663 3567 ἑαυτὸν
2702 3515 3179 3587 τιμωρησάμενος,
3217 3514 3400 3583 ἔργοις
3429 3529 3487 3566 τε
3519 3512 3726 3566 δικαιο-

2142 3602 2305 3673 σύνης
2344 3604 2438 3656 καὶ
2469 3606 2700 3675 καρποῖς
2724 3606 2947 3675 ἀγαθοῖς
2978 3608 3158 3676 πάσης
3189 3603 3436 3668 εὐποιίας
3465 3603 3559 3657 τὸν
3588 3603 3724 3656 Θεὸν

2140 3695 2479 3764 ἱλασάμενος,
2508 3697 2602 3749 καὶ
2631 3697 2809 3768 τυχὼν
2841 3697 3172 3771 ἐπαγγελίας
3197 3695 3428 3766 ἀγαθῆς,
3457 3694 3525 3748 δι’
3549 3694 3619 3764 ἣν
3648 3691 3727 3764 τῷ

2139 3786 2245 3857 πρὸ
2272 3786 2463 3839 τούτου
2496 3786 2694 3859 ψαλμῷ
2726 3788 3078 3861 προφητικῶς
3091 3788 3242 3856 ἔλεγε
3260 3802 3275 3820 ⁸
3303 3787 3387 3842 Σὺ
3410 3785 3497 3851 δὲ,
3522 3787 3720 3854 Κύριε,

2138 3875 2518 3953 ἀντιλήπτωρ
2560 3897 2675 3949 μου
2702 3881 2775 3947 εἴ,
2809 3880 2958 3945 δόξα
2985 3898 3104 3950 μου
3132 3879 3231 3934 καὶ
3270 3879 3445 3950 ὑψῶν
3469 3877 3582 3946 τὴν
3626 3894 3726 3932 κει

2138 3968 2346 4039 φαλήν
2366 3988 2508 4040 μου,
2531 3972 2625 4024 καὶ
2654 3972 2724 4026 τὰ
2755 3972 2916 4026 λοιπὰ
2948 3974 3050 4027 ὅσα
3072 3973 3310 4045 παρίστη
3342 3974 3371 4025 ὁ
3405 3971 3509 4044 πρὸ
3529 3970 3723 4026 τούτου

2138 4061 2315 4129 λόγος,
2349 4060 2657 4126 ἀκολούθως
2687 4063 2774 4117 διά
2816 4062 2923 4117 τῶν
2958 4064 3336 4134 προκειμένων
3372 4064 3570 4134 φησίνσ
3621 4063 3727 4118 Ἕν

2139 4149 2219 4217 τῷ
2255 4153 2668 4208 ἐπικαλεῖσθαί
2697 4171 2774 4224 με
2816 4152 3144 4220 είσήκουσέ
3191 4173 3310 4224 μου
3352 4158 3385 4209 ὁ
3424 4153 3568 4220 Θεὸς
3608 4152 3726 4219 τῆς

2139 4240 2532 4310 δικαιοσύνης
2572 4260 2724 4312 μου,
2767 4245 2837 4298 ἐν
2875 4245 3077 4314 θλίψει
3118 4244 3459 4311 ἐπλάτυνάς
3488 4261 3584 4315 με.
3631 4247 3718 4299 Οι-

2139 4331 2461 4399 κτείρησόν
2513 4349 2589 4400 με
2642 4334 2742 4388 καὶ
2788 4333 3157 4389 εἰσάκουσον
3209 4334 3321 4402 τῆς
3369 4332 3727 4404 προσευχῆς

2133 4440 2273 4492 μου.
2312 4424 2386 4477 Τὸ
2408 4424 2623 4497 πρῶτον
2651 4426 3009 4490 ὲπακουσθεὶς
3038 4428 3096 4480 ὲν
3122 4426 3202 4498 τῷ
3226 4426 3601 4480 ἐπικαλεῖσθαι
3630 4425 3728 4479 τὸν

2140 4514 2364 4587 Κύριον,
2388 4517 2489 4569 οὐκ
2521 4516 2802 4589 ἐπαίρεται
2832 4517 2953 4570 οὐδὲ
2976 4518 3387 4592 ἀπορῥᾳθυμεῖο
3419 4517 3534 4573 ἀλλ’
3557 4516 3726 4581 εὐθὺς

2145 4606 2385 4676 περὶτοῦ
2418 4606 2699 4678 μέλλοντος
2731 4609 2920 4681 χρόνου
2951 4610 3113 4663 πάλιν
3140 4609 3337 4674 δέεται,
3371 4610 3599 4664 πάντοτε
3629 4608 3727 4662 τὸν

2141 4696 2273 4749 Θεὸν
2323 4698 2558 4766 ἐπήκοον
2610 4698 2755 4769 ἔχειν
2800 4700 3162 4773 παρακαλῶν·
3203 4701 3434 4754 ἱκετεύει
3477 4717 3537 4754 τε
3595 4702 3724 4755 κατ’

2139 4784 2318 4841 οἶκτον
2360 4789 2781 4861 ἐπακουσθῆναι,
2815 4792 2876 4844 οὐ
2927 4793 3048 4846 κατ’
3091 4791 3331 4863 ὀφειλὴν.
3376 4793 3438 4845 Et
3485 4791 3594 4864 γὰρ
3625 4791 3728 4845 καὶΙ

2141 4878 2324 4949 παρῆν
2355 4895 2438 4940 τις
2470 4878 2620 4950 αὐτῷ
2666 4882 2877 4953 καρπὸς
2908 4882 3283 4953 δικαιοσύνης,
3320 4882 3434 4936 ἀλλ’
3481 4884 3582 4936 οὐκ
3625 4883 3723 4936 ἐπὶ

2138 4965 2313 5036 τούτῳ
2355 4965 2573 5038 θαρσεῖν
2616 4968 2834 5039 ἔλεγεν·
2881 4971 2994 5024 ἀλλ’
3044 4970 3137 5023 ἐπὶ
3166 4969 3243 5041 τῷ
3289 4970 3426 5043 ὲλὲῳ
3479 4970 3726 5033 καὶτοῖς

2144 5056 2449 5126 οίκτιρμοῖς
2479 5057 2577 5110 τοῦ
2612 5057 2768 5113 Θεοῦ.

2215 5146 2333 5200 Υἱοὶ
2370 5144 2712 5216 ἀνθρώπων,
2746 5147 2858 5218 ἕως
2894 5152 3041 5206 πότε
3074 5148 3466 5220 ,ϐαρυκιήοδιοι
3486 5165 3506 5215 ;
3526 5149 3628 5204 ἵνα
3664 5144 3727 5203 τί

2146 5235 2410 5307 ἀγαπᾶτε
2446 5242 2842 5309 ματαιότητα,
2882 5243 2981 5296 καὶ
3036 5239 3254 5312 ζητεῖτε
3286 5240 3546 5310 ψεῦδος-ς
3581 5239 3725 5303 Τοὺς

2146 5323 2244 5398 τὴν
2278 5328 2516 5383 διάνοιαν
2549 5332 3028 5403 πεπαχυμμένους,
3061 5334 3154 5389 καὶ
3187 5335 3315 5407 περὶ
3336 5334 3434 5406 τὴν
3472 5332 3725 5403 ὑπακοὴν

2146 5419 2241 5472 τοῦ
2266 5420 2411 5474 θείου
2456 5420 2613 5491 λόγου
2658 5422 2892 5496 βραδεῖς,
2924 5423 3321 5499 βαρυκαρδὶους
3347 5425 3649 5498 ὠνόμασεν,
3684 5423 3721 5494 ἦ

2147 5512 2272 5575 τοὺς
2306 5511 2710 5585 βεδαρημένους
2736 5517 2798 5569 τὸ
2839 5517 3076 5583 συνειδὸς
3104 5515 3210 5573 ὑπὸ
3242 5517 3532 5591 μοχθηρῶν
3569 5516 3724 5585 λογι-

2150 5603 2332 5673 σμῶψ
2377 5603 2627 5674 πλήττων
2673 5604 2731 5659 δὲ
2770 5607 2992 5673 τούτους
3031 5608 3108 5681 τῷ
3145 5606 3287 5681 λόγῳ
3330 5608 3521 5681 φησίν·
3575 5606 3726 5671 Ἕως

2148 5709 2277 5748 ποτε
2323 5697 2442 5762 ταῖς
2484 5697 2687 5752 ἑαυτῶν
2727 5700 3022 5774 ἁμαρτίαις
3061 5701 3437 5775 παραμένετε,
3470 5700 3725 5758 σπεύδειν
