3948 6286
202 393 286 450 tas
1330 400 1836 456 connmrxmx
1874 402 1944 454 in
1973 402 2305 457 PSALMOS.
3324 414 3428 468 ,με

202 508 297 562 δέον
326 507 431 562 ἐπὶ
463 510 766 580 μετάνοιαν
798 512 892 566 καὶ
934 511 1032 584 τὴν
1067 513 1227 584 φίλην
1258 514 1336 584 τῷ
1368 516 1486 586 Θεῷ
1527 516 1746 588 ὲξομολό

1879 517 2254 588 paenitentiam
2285 526 2339 574 et
2379 517 2444 573 ad
2486 516 2737 572 dilectam
2769 516 2880 570 Deo
2921 515 3317 574 confessionem
3355 534 3428 570 cs-

210 617 378 672 mow;
407 603 561 655 κατά
607 603 667 656 δὲ
719 602 818 674 τὴν
868 603 1126 675 ἱστορίαν,
1167 605 1338 658 ἔοικεν
1370 609 1398 659 6
1426 606 1587 660 Δαυῒδ
1640 607 1744 678 πρὸ

1879 610 2000 664 set?
2028 611 2184 675 Quod
2218 610 2264 666 si
2297 610 2526 665 historia
2553 616 2848 679 spectetur,
2885 607 3100 662 videtur
3131 607 3299 662 David
3338 622 3432 662 eos

213 694 314 758 τοὺς
355 693 451 746 ἐπὶ
499 697 621 757 τοῖς
660 697 985 765 πειρασμοῖς
1026 697 1119 749 καὶ
1150 699 1268 760 ταῖς
1294 700 1641 767 περιστάσεσι
1677 717 1746 753 τοι

1877 701 2098 770 alloqui,
2134 701 2230 771 qui
2273 701 2328 755 in
2360 699 2750 756 tentationibus
2775 708 2829 754 et
2864 698 2920 752 in
2950 699 3227 754 eventibus
3264 699 3430 754 variis

221 784 584 855 ραττομένους,
622 786 715 839 καὶ
745 785 1189 858 θορυόουμένους,
1225 791 1316 842 καὶ
1357 791 1534 844 πάντα
1577 792 1748 862 μᾶλλο

1874 791 2184 855 turbantur,
2230 791 2519 862 omniaque
2542 789 2718 860 potius
2750 796 2936 858 agunt,
2975 802 3137 856 quam
3169 790 3233 841 ad
3263 786 3428 841 Deum

218 876 533 945 πράττοντας
571 877 604 947 ἢ
644 878 738 929 ἐπὶ
784 878 874 931 τὸν
912 878 1042 932 Θεὸν
1091 881 1566 949 καταφεύγοντας,
1601 885 1748 938 ταῦτα

1872 881 2212 952 confugiant.
2257 881 2398 948 Quid
2449 897 2608 952 opus,
2645 881 2840 950 inquit,
2877 879 3086 934 turbari
3133 893 3196 930 ac
3226 880 3428 932 tumul-

216 971 391 1038 λέγειν.
428 971 495 1023 Τί
525 970 633 1043 γὰρ
674 973 781 1043 χρὴ
812 974 1092 1043 ταράττειν
1128 975 1220 1028 καὶ
1249 975 1626 1046 ταράττεσθαι,
1671 996 1748 1049 φη

1872 974 2013 1027 tuari
2051 988 2150 1042 pro
2178 972 2494 1027 conditione
2523 971 2864 1042 temporum?
2897 969 3039 1036 Quid
3067 969 3219 1038 juvat
3250 983 3308 1023 se
3344 983 3431 1020 va-

217 1063 299 1125 civ,
335 1063 392 1114 ὲν
440 1065 559 1124 τοῖς
600 1067 1004 1134 περιστατικοῖς
1048 1068 1292 1137 καιροῖς;
1322 1068 1384 1118 Τί
1426 1067 1482 1120 δὲ
1525 1067 1629 1140 χρὴ
1667 1088 1748 1140 μα·

1871 1064 2029 1119 nitati
2054 1064 2289 1130 tradere,
2321 1080 2354 1119 ο
2385 1065 2536 1135 gravi
2583 1065 2749 1120 corde
2785 1064 3067 1117 homines?
3094 1061 3234 1128 Quid
3278 1077 3430 1115 men-

206 1151 434 1222 ταιότητι
483 1153 711 1216 ἑαυτοὺς
762 1153 1051 1220 ἐκδιδόναι,
1086 1149 1130 1207 ὦ
1164 1156 1514 1228 βαρυκάρδιοι
1544 1159 1733 1228 ἄνδρες

1868 1152 2083 1206 dacium
2129 1168 2395 1222 quaerere,
2428 1153 2620 1208 relicta
2669 1151 2933 1206 veritate?
2959 1149 3100 1216 Quin
3141 1149 3321 1220 potius
3359 1164 3428 1202 ex

203 1242 260 1292 Τί
288 1241 343 1292 δὲ
385 1242 447 1294 τὸ
472 1241 667 1311 ψεῦδος
709 1245 970 1312 μετιέναι,
1002 1246 1066 1298 τὸ
1111 1247 1308 1317 ἀληθὲς
1342 1249 1731 1313 καταλιπόντας

1867 1243 2018 1299 hisce
2043 1242 2243 1307 edocti,
2279 1243 2447 1298 Deum
2491 1257 2554 1297 ac
2584 1241 2872 1296 Dominum
2912 1256 3034 1296 esse
3069 1242 3310 1296 omnium
3343 1241 3428 1292 in-

214 1332 362 1384 una
396 1332 507 1404 γὰρ
541 1333 790 1386 ἐντεῦθεν
836 1335 1114 1405 μαθόντες,
1149 1338 1230 1391 ὅτι
1271 1337 1401 1402 Θεὸς
1443 1340 1537 1392 καὶ
1565 1339 1748 1411 Κύριός

1868 1346 2170 1407 spectarem
2222 1351 2285 1389 ac
2335 1335 2752 1400 moderatorem,
2791 1335 2883 1404 qui
2928 1334 3135 1388 nullum
3187 1348 3424 1402 unquam

201 1426 336 1477 ἐστιν
369 1427 398 1478 6
429 1425 539 1478 τῶν
569 1425 703 1478 ὅλων
728 1425 918 1498 ἕερορος
957 1428 1048 1480 καὶ
1087 1433 1406 1506 προνοητὴς,
1439 1435 1467 1486 6
1499 1432 1748 1503 μηδέποτε

1865 1434 2181 1482 sanctorum
2222 1441 2445 1480 suorum
2491 1425 2716 1491 deserit,
2766 1424 2860 1479 sed
2907 1424 3176 1478 mirabilia
3211 1437 3427 1492 semper

201 1515 535 1568 καταλείπων
571 1516 746 1570 πάντα
787 1518 930 1570 ὅσιον
965 1517 1128 1570 αὑτοῦ
1149 1559 1163 1582 ,
1201 1519 1314 1572 ἀλλ’
1344 1521 1432 1572 ἀεὶ
1480 1519 1748 1590 Θαυμαστὲ

1862 1517 2076 1571 illorum
2109 1531 2275 1571 causa
2303 1515 2479 1581 edicit,
2509 1527 2695 1572 curate
2731 1533 2829 1573 vos
2855 1517 2957 1586 ipsi
2984 1524 3042 1570 ut
3071 1517 3242 1571 sancti
3279 1516 3422 1579 sitis,

199 1609 278 1660 ἐπ’
303 1608 452 1678 αὐτῷ
481 1608 714 1670 δεικνὺς,
760 1607 1086 1672 σπουδάζετε
1120 1611 1212 1661 καὶ
1249 1609 1401 1662 αὐτοὶ
1440 1611 1575 1662 ὅσιοι
1613 1611 1748 1678 γενέ·

1864 1606 2104 1675 apprime
2124 1607 2300 1677 gnari,
2334 1605 2621 1660 Dominum
2651 1606 2828 1671 vobis,
2859 1605 3081 1675 perinde
3107 1612 3268 1674 atque
3290 1604 3422 1657 mihi

200 1700 334 1762 σθαι,
371 1695 433 1752 εὖ
482 1700 576 1752 καὶ
620 1700 860 1772 ἀκριϐῶς
904 1700 1122 1764 ειδότες,
1149 1702 1230 1753 ὅτι
1261 1701 1352 1754 καὶ
1392 1700 1748 1777 ύμῶνβὺσπεε

1862 1697 2154 1767 propitium
2186 1696 2334 1766 fore,
2359 1697 2405 1751 si
2431 1696 2650 1767 quando
2681 1696 2747 1750 ad
2792 1697 2970 1766 ipsum
3005 1695 3331 1750 clamabitis.
3363 1693 3422 1748 Si

195 1789 280 1846 οὖν
311 1793 408 1845 καὶ
456 1792 592 1862 ἐμοῦ
636 1791 800 1846 αὐτοῦ
857 1792 1059 1863 Κύριος
1117 1793 1531 1856 είσακούσεται,
1585 1796 1641 1846 εν
1684 1794 1748 1863 τᾷ

1864 1794 2043 1840 autem
2076 1802 2172 1842 vos
2208 1785 2466 1841 Dominus
2513 1787 2838 1848 exaudierit,
2875 1787 3022 1839 nulla
3067 1787 3297 1840 ulterius
3325 1800 3422 1841 vo—

197 1883 519 1952 κεκραγέναι
554 1883 688 1952 πρὸς
715 1883 892 1935 αὐτόν.
931 1883 1362 1947 Ἑπακούσαντος
1393 1884 1449 1937 δὲ
1484 1884 1634 1954 ὑμῶν
1665 1883 1748 1938 τοῐ

1859 1877 1944 1931 bis
1973 1877 2279 1932 sollicitudo
2308 1878 2492 1944 fuerit,
2519 1893 2642 1932 cum
2671 1879 2792 1947 ejus
2817 1879 3080 1932 auxilium
3104 1879 3255 1934 vobis
3281 1879 3423 1934 scia—

197 1975 392 2044 Κυρίου
423 2013 437 2035 ,
499 1973 654 2026 οὐδὲν
692 1973 771 2026 δεῖ
822 1973 1004 2026 λοιπὸν
1067 1976 1370 2045 μεριμνᾷν,
1433 1974 1651 2044 ἔχοντας
1698 1976 1759 2029 τὸ

200 2066 422 2134 ἀσφαλὲς
451 2065 562 2118 ἀπὸ
599 2067 696 2137 τῆς
733 2067 860 2136 παρ’
895 2066 1059 2119 αὑτοῦ
1105 2066 1372 2137 βοηθείας.
1406 2067 1542 2133 Δόξα
1575 2085 1634 2120 τε
1663 2068 1756 2120 τοῦ

204 2154 330 2206 θείου
359 2155 523 2222 λόγου
572 2150 681 2207 εἷεν
709 2154 774 2208 ἂν
807 2157 854 2208 οἱ
886 2157 990 2208 υἱοὶ
1017 2156 1124 2208 τῶν
1157 2155 1456 2228 ἀνθρώπων
1488 2156 1626 2209 κατὰ
1668 2157 1757 2210 τὸν

213 2243 425 2296 Ἀκύλαν
457 2245 552 2297 καὶ
573 2244 863 2314 Σύμμαχον
893 2245 988 2315 (1)·
1014 2248 1042 2298 6
1078 2246 1174 2316 μὲν
1196 2249 1300 2318 γὰρ
1336 2247 1580 2309 Ἀκύλας·
1606 2249 1756 2315 "Ean;

195 2338 344 2400 πότε,
371 2341 427 2391 οἱ
455 2336 696 2400 ἔνδοξοί
713 2352 868 2405 pou;
896 2339 924 2388 6
944 2337 999 2390 δὲ
1027 2338 1334 2408 Σύμμαχος·
1363 2338 1513 2404 ’Έως
1537 2342 1699 2403 πότε,
1716 2341 1755 2408 ἡ

191 2425 330 2490 δόξα
347 2443 508 2496 μου;
541 2425 628 2478 διὰ
660 2424 759 2496 τὴν
795 2428 850 2478 ὲν
885 2427 1067 2491 αὐτοῖς
1101 2427 1292 2498 νοερὰν
1321 2426 1497 2499 ψυχὴν
1544 2429 1635 2481 καὶ
1669 2428 1755 2480 λο-

190 2518 340 2588 γικὴν
378 2517 479 2588 τὴν
527 2520 645 2571 κατ’
677 2519 858 2572 είκόνα
901 2520 994 2572 τοῦ
1030 2519 1163 2572 Θεοῦ
1208 2520 1597 2592 πεποιημένην.
1648 2519 1754 2584 Οὒς

189 2609 275 2660 ἐπὶ
304 2608 366 2661 τὸ
394 2612 575 2680 χεῖρον
603 2611 830 2674 ἑαυτοὺς
853 2612 1270 2683 διαστρέφοντας
1297 2614 1326 2665 6
1365 2611 1521 2681 λόγος
1546 2613 1754 2665 suovet-

188 2699 791 2769 δίζει,,ϐαρυκαρδίους
812 2702 1010 2766 καλῶν,
1027 2702 1120 2754 καὶ
1137 2702 1435 2773 ἀνθρώπων
1452 2701 1618 2765 υἱούς·
1637 2701 1753 2756 δέον

188 2788 315 2845 εἶναι
341 2793 494 2855 υἱοὺς
527 2792 684 2859 Θεοῦ,
720 2793 862 2847 κατὰ
883 2793 941 2846 τό
961 2810 973 2822 ·
1011 2792 1158 2862 Ἐγὼ
1185 2791 1390 2848 εἷπον·
1429 2795 1561 2848 Θεοί
1589 2793 1749 2859 ἐστε,

187 2881 274 2934 καί
308 2880 433 2934 υἱοὶ
473 2882 756 2950 Ὑψίστου
785 2881 1025 2948 πάντες.

247 2969 356 3022 Καὶ
385 2968 593 3039 γνῶτε,
625 2970 714 3024 ὅτι
752 2970 1174 3040 ἐθαυμάστωσε
1193 2972 1409 3040 Κύριος
1439 2972 1547 3026 τὸν
1581 2972 1753 3027 ὅσιον

187 3059 381 3112 αὐτοῦ.
421 3061 478 3112 Ὀ
510 3062 794 3132 προφήτης
824 3063 948 3134 περὶ
979 3061 1214 3134 Χριστοῦ
1244 3062 1478 3116 διδάσκει
1504 3065 1670 3134 ἡμᾶς,
1695 3065 1753 3127 ὂς

189 3150 321 3200 ἐστιν
375 3149 585 3221 ἀληθὴς
625 3151 799 3214 ὅσιος,
843 3151 984 3204 κατὰ
1037 3152 1097 3204 τὸ
1153 3152 1441 3224 εἰρημένον
1490 3153 1548 3205 ἐν
1581 3153 1658 3224 τῷ
1692 3159 1750 3206 ιε’

441 3242 537 3294 καὶ
575 3243 622 3294 οἱ
665 3241 950 3294 ἀπόστολοι
984 3243 1038 3297 δὲ
1066 3243 1486 3316 ἐμαρτύρησαν,
1521 3245 1597 3308 ὡς
1627 3245 1753 3315 περὶ

191 3334 408 3404 Χριστοῦ
442 3336 920 3406 προφητευομένου
946 3337 1194 3405 λέγοντες
1232 3337 1481 3409 είρῆσθαι
1507 3338 1599 3401 τὸ,
1633 3339 1753 3391 Οὐκ

192 3425 627 3495 ἐγκαταλείψεις
670 3425 784 3494 τὴν
831 3427 1044 3495 ψυχήν
1083 3445 1202 3497 μου
1239 3431 1325 3494 εὶς
1378 3428 1567 3496 ᾅδην,
1610 3427 1752 3483 οὐδὲ

194 3514 384 3582 δώσεις
409 3518 516 3571 τὸν
538 3517 712 3572 ὅσιόν
744 3534 858 3571 σου
888 3518 1036 3572 ἰδεῖν
1055 3519 1398 3589 διαφθοράν.
1435 3522 1664 3575 Δυνατὸν
1697 3521 1753 3575 δὲ

197 3609 276 3659 καὶ
306 3611 427 3680 περὶ
455 3609 657 3672 παντὸς
688 3609 835 3662 ὁσίου
865 3610 1212 3664 διδάσκεσθαι
1250 3613 1416 3682 ἡμᾶς.
1454 3614 1528 3667 Οὐ
1554 3613 1749 3666 ταυτὸν

196 3695 372 3750 δέὲστι
413 3699 738 3765 πιστεῦσαι,
785 3699 873 3753 ὅτι
917 3701 1341 3771 ἐθαυμάστωσε
1395 3705 1605 3772 Κύριος
1644 3704 1751 3756 τὸν

197 3789 348 3841 ὅσιον
377 3790 583 3855 αὑτοῦ,
626 3793 721 3846 καὶ
753 3792 972 3861 γνῶναι,
1012 3794 1086 3857 ὡς
1119 3794 1240 3847 οὐδὲ
1285 3795 1480 3848 ταυτόν
1532 3799 1647 3848 ἐστι
1680 3799 1746 3867 τῇ

198 3876 398 3950 ἀληθεία
432 3881 754 3945 πιστεῦσαι,
805 3883 898 3934 καὶ
943 3883 1144 3950 γνῶναι
1179 3885 1275 3954 τὴν
1309 3885 1565 3956 ἀλήθειαν
1587 3926 1600 3948 ,
1657 3887 1748 3938 καὶ

200 3967 459 4020 πιστεῦσαι
491 3967 569 4038 τῷ
589 3968 706 4039 Θεῷ
737 3971 830 4023 καὶ
851 3971 1052 4038 γνῶναι
1079 3973 1168 4024 τὸν
1189 3972 1339 4025 Θεόν.
1368 3973 1432 4025 Οἱ
1462 3972 1747 4026 ἀπόστολοι

200 4051 277 4108 οἷν
304 4061 366 4128 τῇ
395 4059 619 4130 ἀληθεία
651 4061 963 4113 ἐπίστευον·
1002 4062 1114 4115 ἀλλ’
1146 4063 1205 4115 ού
1261 4077 1475 4126 παντως
1507 4065 1596 4117 ὅτε
1628 4063 1746 4116 ἐπί-

201 4163 365 4201 στευον
404 4150 734 4217 ὲγνώκεισαν
767 4154 956 4223 αὑτήν.
1014 4153 1308 4218 Ἀπόδειξις
1355 4155 1411 4206 δὲ
1453 4154 1559 4207 τῶν
1595 4157 1746 4226 εἰρη-

202 4238 359 4305 μένων
402 4241 460 4292 τὸ
495 4241 841 4310 Εὑαγγέλιον,
885 4243 1010 4296 ἔνθα
1036 4244 1282 4316 εἴρηται⁸
1327 4245 1470 4299 Ἐὰν
1504 4247 1747 4315 μείνητε

195 4324 256 4377 ἐν
280 4327 351 4391 τῷ
383 4327 502 4397 ἐμῷ
533 4331 710 4400 λόγῳ,
752 4332 988 4401 ἀληθῶς
1018 4335 1278 4402 μαθηταί
1297 4335 1414 4403 μού
1443 4335 1613 4400 ἐστε,
1649 4338 1746 4391 καὶ

193 4419 477 4486 γνώσεσθε
505 4423 621 4490 τὴν
645 4424 953 4491 ἀλήθειαν,
991 4425 1089 4478 καὶ
1134 4427 1172 4494 η
1211 4424 1460 4492 ἀλήθεια
1511 4428 1742 4482 ἐλευθε-

1860 1970 1930 2024 tis
1975 1969 2310 2024 adfuturum.
2357 1968 2540 2025 Gloria
2593 1981 2772 2026 autem
2823 1972 2991 2026 divini
3041 1973 3191 2026 verbi
3221 1972 3423 2029 fuerint

1860 2059 1954 2113 ﬁlii
1986 2060 2290 2124 hominum,
2320 2060 2475 2130 juxta
2498 2060 2744 2131 Aquilam
2772 2069 2826 2116 et
2854 2060 3271 2132 Symmachum;
3295 2077 3421 2115 nam

1856 2149 2051 2218 Aquila
2081 2151 2158 2205 sic
2193 2151 2390 2205 habet:
2421 2149 2715 2220 Usquequo,
2745 2151 2962 2220 gloriosi
2997 2153 3140 2206 mei?
3171 2149 3422 2222 Symma-

1857 2239 1996 2295 chus
2029 2255 2194 2295 vero:
2227 2239 2519 2311 Usquequo,
2541 2240 2715 2309 gloria
2747 2242 2906 2296 mea?
2935 2239 3181 2296 videlicet
3203 2247 3422 2310 propter

1857 2329 2093 2382 animam
2138 2328 2474 2400 intelligendi
2507 2330 2556 2383 vi
2593 2328 2873 2398 praeditam
2921 2339 2975 2384 et
3020 2331 3418 2391 rationabilem,

1857 2419 1925 2474 ad
1973 2420 2265 2492 imaginem
2319 2419 2413 2476 Dei
2461 2419 2681 2476 factam.
2730 2421 2941 2488 Quibus
2989 2421 3079 2475 hic
3132 2423 3422 2491 exprobrat

1855 2507 2160 2573 Psalmista,
2196 2525 2417 2580 eosque,
2469 2517 2654 2580 utpote
2687 2511 2754 2564 ad
2810 2511 2993 2580 pejora
3028 2526 3239 2574 versos,
3270 2511 3420 2580 gravi

1855 2601 2011 2656 corde
2046 2601 2313 2665 homines,
2357 2617 2421 2656 ac
2465 2602 2603 2658 ﬁlios
2637 2602 2921 2657 hominum
2954 2613 3146 2669 vocat;
3187 2619 3324 2672 quos
3357 2603 3413 2657 fl-

1853 2692 1956 2746 lios
2003 2706 2124 2747 esse
2167 2691 2258 2747 Dei
2300 2693 2649 2761 oportuisset,
2689 2694 2846 2764 juxta
2893 2693 3024 2748 illud
3059 2713 3070 2747 :
3103 2692 3214 2764 Ego
3255 2693 3370 2747 dixi
3395 2708 3416 2746 :

1852 2783 1945 2838 Dii
1963 2785 2107 2850 estis,
2130 2795 2178 2840 et
2200 2786 2301 2855 ﬁlii
2321 2785 2531 2840 Excelsi
2562 2804 2737 2841 omnes
2759 2787 2824 2840 “.

1925 2960 2088 3016 Vens.
2121 2961 2175 3015 4.
2219 2960 2288 3014 Et
2329 2963 2516 3015 scitote
2556 2962 2804 3031 quoniam
2835 2959 3417 3030 miriﬁcavitDominus

1854 3061 2096 3108 sanctum
2116 3069 2292 3109 suum.
2335 3057 2410 3106 De
2435 3051 2657 3106 Christo
2699 3067 2800 3106 nos
2831 3050 3098 3122 Propheta
3140 3052 3414 3113 admonet,

1855 3142 1948 3212 qui
1994 3155 2155 3197 verus
2192 3149 2413 3196 sanctus
2461 3147 2567 3204 est,
2616 3148 2676 3192 ut
2717 3141 2772 3194 in
2810 3141 3020 3209 psalmo
3053 3156 3118 3193 xv
3163 3141 3414 3206 habetur,

1854 3249 2014 3303 quem
2048 3235 2226 3288 locum
2273 3232 2636 3288 testificantur
2687 3233 2916 3302 apostoli
2947 3231 3015 3286 de
3037 3233 3258 3287 Christo
3291 3248 3419 3302 pro-

1853 3327 2067 3400 phetice
2115 3326 2549 3394 intelligendum,
2591 3327 2844 3382 videlicet
2873 3345 2890 3383 z
2924 3327 3048 3381 Non
3088 3327 3414 3399 derelinques

1855 3420 2086 3472 animam
2121 3433 2289 3470 meam
2320 3419 2374 3469 in
2425 3417 2653 3486 inferno,
2699 3435 2790 3472 nec
2820 3418 2970 3472 dabis
3002 3429 3239 3473 sanctum
3266 3429 3414 3473 tuum

1851 3511 2021 3566 videre
2047 3511 2428 3578 corruptionem
2446 3511 2512 3565 “.
2539 3509 2681 3565 Fieri
2709 3519 2892 3566 tamen
2914 3519 3090 3580 potest
3111 3521 3166 3566 ut
3195 3511 3261 3566 de
3290 3528 3415 3567 san-

1851 3612 1939 3657 cto
1966 3602 2208 3672 quolibet
2245 3602 2336 3655 hic
2378 3602 2691 3657 doceamur.
2736 3603 2921 3674 Neque
2965 3611 3144 3658 tamen
3177 3605 3412 3674 idipsum

1849 3704 1934 3748 est
1975 3696 2218 3760 credere,
2248 3697 2498 3766 quoniam
2537 3697 2839 3764 miriﬁcavit
2872 3696 3129 3751 Dominus
3172 3707 3412 3752 sanctum

1850 3803 2024 3850 suum,
2077 3801 2140 3840 ac
2173 3803 2500 3858 cognoscere
2555 3803 2664 3842 non
2691 3789 2832 3843 idem
2883 3804 3005 3844 esse
3052 3790 3272 3844 credere
3323 3805 3415 3844 ve-

1848 3879 2016 3946 ritati,
2047 3887 2100 3934 et
2127 3895 2291 3935 nosse
2314 3882 2629 3947 veritatem;
2660 3888 2714 3936 et
2746 3881 2967 3937 credere
2995 3881 3126 3950 Deo,
3160 3897 3223 3937 ac
3250 3897 3415 3939 nosse

1847 3970 2036 4028 Deum.
2070 3972 2312 4042 Apo'stoli
2347 3981 2497 4028 certe
2539 3973 2755 4028 veritati
2798 3974 3122 4042 credebant;
3153 3974 3248 4031 sed
3279 3976 3411 4030 dum

1849 4066 2152 4129 crederent,
2182 4080 2288 4119 non
2323 4081 2548 4136 prorsus
2575 4067 2878 4122 noscebant
2905 4067 3074 4121 illam.
3105 4066 3236 4134 Quae
3271 4067 3408 4122 dici-

1847 4172 1969 4212 mus
1996 4157 2167 4227 probe
2187 4165 2685 4210 commonstrantur
2716 4172 2782 4212 ex
2813 4157 2918 4211 hoc
2940 4156 3216 4228 Evangelii
3249 4158 3369 4212 loco
3395 4176 3407 4212 :

1848 4245 1908 4301 Si
1937 4249 2237 4301 manseritis
2265 4249 2318 4301 in
2341 4265 2575 4302 sermone
2599 4266 2730 4312 mea,
2769 4265 2880 4302 vere
2900 4248 3147 4316 discipuli
3178 4249 3278 4303 mei
3306 4251 3413 4302 eri-

1849 4340 1937 4404 tis,
1957 4350 2006 4393 et
2028 4341 2345 4409 cognoscetis
2371 4341 2662 4400 veritatem,
2692 4349 2741 4393 et
2766 4341 2958 4394 veritas
2980 4339 3222 4394 liberabit
3241 4357 3328 4394 vos
3342 4340 3407 4395 “.

1845 4431 2086 4487 Credunt
2113 4433 2279 4498 enim,
2308 4433 2505 4502 inquit,
2542 4433 2781 4497 veritati,
2817 4443 2876 4488 ut
2902 4443 3237 4505 cognoscant
3270 4433 3412 4488 veri-

190 4511 346 4578 ρὼσει
381 4514 557 4584 ὑμᾶς.
604 4517 923 4570 Πιστεύουσι
949 4517 1056 4590 γὰρ
1090 4521 1156 4589 τῇ
1195 4519 1441 4590 ἀληθείᾳ,
1483 4522 1635 4590 φησι,
1680 4521 1740 4573 τὸ

1852 4529 2009 4577 tatem
2055 4538 2253 4587 :nam,
2325 4525 2623 4578 secundum
2697 4523 3028 4594 prophetas,
3081 4524 3410 4580 credendum

191 4605 474 4671 γνώσεσθαι
525 4609 624 4682 τὴν
653 4611 937 4682 ἀλήθειανο
973 4613 1112 4666 κατὰ
1154 4612 1264 4684 γὰρ
1310 4613 1432 4675 τοὺς
1461 4613 1742 4684 προφήτας

190 4697 460 4752 πιστεῦσαι
495 4699 577 4752 δεῖ
616 4703 746 4773 πρὶν
789 4703 1023 4755 συνιέναι
1069 4704 1162 4756 καὶ
1213 4703 1468 4774 λαλῆσαι⁸
1508 4704 1602 4756 τοῦ
1645 4704 1744 4776 μὲν

199 4785 398 4843 Ἡσαΐου
435 4792 713 4862 λέγοντοςο
767 4795 909 4848 Ἐὰν
946 4795 1030 4864 μὴ
1075 4798 1436 4864 πιστεύσητε
1455 4839 1468 4863 ,
1513 4797 1639 4851 οὐδ’
1671 4799 1742 4852 οὐ

185 4875 260 4944 μὴ
298 4881 550 4948 συνῆτε·
599 4881 693 4934 τοῦ
736 4882 792 4936 δὲ
829 4885 1019 4936 Δαυὶδο
1071 4886 1454 4952 Ἐπίστευσα,
1479 4886 1570 4940 διὸ
1602 4887 1741 4941 ἐλά-

186 4969 354 5035 λησα.
385 4973 503 5024 Ὀτι
533 4973 591 5025 δὲ
617 4973 678 5025 τὸ
722 4973 1008 5041 γινώσκειν
1039 4976 1129 5027 τὸν
1173 4975 1304 5028 Θεὸν
1335 4975 1428 5028 τοῦ
1471 4976 1742 5030 πιστεύειν

187 5059 320 5131 αὐτῷ
350 5063 617 5134 διαφέρει,
669 5065 725 5116 ὲν
770 5067 882 5127 τοῖς
934 5065 1177 5136 Ψαλμοῖς
1211 5066 1620 5136 ἀναγέγραπται
1653 5067 1740 5120 διὰ

179 5148 290 5212 τοῦ.
337 5153 690 5221 Σχολάσατε
717 5155 816 5208 καὶ
851 5153 1055 5225 γνῶτε,
1084 5157 1172 5210 ὅτι
1213 5158 1325 5228 ἐγώ
1355 5161 1470 5227 ειμι
1505 5163 1536 5213 ό
1567 5161 1740 5226 Θεός⁶

181 5240 236 5292 οὒ
261 5245 364 5314 γὰρ
388 5249 499 5311 τοῖς
529 5235 817 5301 ἀπιστοῦσί
845 5265 974 5317 φησι
996 5264 1010 5277 ⁸
1041 5249 1382 5308 Σκολάσατε
1409 5251 1508 5304 καὶ
1537 5251 1739 5319 γνῶτε,

181 5330 261 5384 ἅτι
286 5335 397 5404 ἐγώ
431 5341 550 5408 εἰμι
585 5343 619 5392 ό
648 5340 814 5404 Θεός.
853 5339 975 5392 Ἐπὶ
1005 5341 1203 5410 γνῶσιν
1231 5338 1324 5396 οῦν
1352 5344 1499 5414 ἡμᾶς
1526 5346 1554 5396 6
1586 5343 1741 5412 λόγος

183 5428 608 5500 προκαλούμενος
642 5431 932 5485 ὑποϐάλλει
972 5433 1066 5485 καὶ
1089 5432 1186 5504 τὴν
1213 5434 1356 5498 τίνος
1383 5434 1582 5503 γνῶσιν
1613 5436 1741 5490 ἀνα-

1847 4613 1999 4684 prius
2041 4622 2126 4670 est
2159 4629 2321 4684 quam
2353 4615 2722 4685 intelligamus
2763 4623 2816 4670 et
2839 4616 3150 4686 loquamur,
3195 4615 3412 4669 dicente

1845 4704 1983 4759 Isaia
2014 4725 2026 4760 :
2084 4705 2147 4761 Si
2190 4722 2295 4760 non
2341 4706 2690 4770 credideritis,
2726 4723 2885 4778 neque
2918 4707 3218 4778 intelligetis
3240 4707 3323 4771 ‘7;
3355 4713 3411 4760 et

1847 4792 2050 4850 Davide
2078 4815 2091 4850 :
2125 4793 2362 4863 Credidi,
2393 4805 2604 4865 propter
2643 4797 2780 4866 quod
2817 4797 3020 4851 locutus
3037 4811 3155 4850 sum
3169 4794 3234 4852 ‘3.
3253 4793 3408 4860 Quod

1847 4893 2026 4940 autem
2057 4885 2352 4941 discrimen
2383 4887 2456 4942 sit
2488 4886 2628 4942 inter
2654 4886 2824 4942 Deum
2865 4901 3029 4942 nosse
3057 4894 3111 4941 et
3149 4885 3259 4940 Deo
3290 4901 3409 4940 cre-

1846 4975 1993 5039 dere,
2038 4977 2092 5029 in
2125 4977 2349 5046 psalmis
2387 4978 2717 5032 describitur
2759 4979 2845 5032 his
2877 4977 3095 5032 verbis:
3139 4976 3332 5030 Vacate
3355 4987 3406 5030 et

1845 5066 2012 5120 videte
2039 5068 2285 5137 quoniam
2318 5085 2407 5138 ego
2437 5085 2552 5123 sum
2582 5067 2718 5120 Dcus
2745 5063 2790 5096 δ’
2819 5088 2832 5122 :
2866 5084 2974 5122 non
3007 5067 3151 5120 enim
3187 5068 3298 5122 hinc
3324 5069 3404 5122 lo-

1845 5158 2030 5228 quitur
2059 5175 2170 5215 non
2203 5161 2552 5217 credentibus
2583 5181 2596 5216 :
2636 5161 2826 5214 Vacatc
2865 5171 2916 5214 et
2962 5161 3124 5214 videte
3155 5162 3404 5227 quoniam

1842 5267 1932 5322 ego
1959 5267 2077 5306 sum
2120 5250 2284 5308 Deus.
2345 5255 2482 5312 Cum
2535 5255 2718 5324 itaque
2764 5268 2863 5308 nos
2900 5267 3079 5307 sermo
3108 5255 3176 5309 ad
3215 5254 3404 5323 cogni-

1842 5344 2046 5399 tionem
2075 5352 2284 5413 evocat,
2306 5345 2512 5401 indicat
2541 5347 2702 5401 simul
2734 5346 2893 5414 cujus
2927 5346 3004 5401 rei
3029 5347 3276 5400 notitiam
3304 5360 3405 5400 nos

1844 5437 2058 5509 assequi
2088 5446 2366 5510 Oporteat;
2393 5437 2644 5492 videlicet
2685 5436 2962 5491 mirabiles
2993 5435 3128 5491 ellici
3159 5443 3400 5500 sanctos,

247 5578 446 5640 “Psal.
479 5584 738 5649 Lxxxl,6.
817 5584 1017 5640 “Psal.
1051 5604 1152 5651 xv,
1189 5589 1271 5643 l0.
1317 5590 1362 5624 ⁸⁸
1383 5589 1678 5656 Joan.vm,
1709 5591 1741 5645 5

1852 5591 1890 5650 2.
1933 5595 1975 5624 ‘7
2015 5593 2116 5648 lsa.
2149 5609 2248 5658 vn,
2284 5594 2337 5648 9.
2369 5592 2414 5624 ⁸⁸
2443 5591 2588 5646 Psal.
2620 5605 2744 5656 cxv,
2771 5592 2860 5646 lO.
2923 5593 2966 5624 ⁸³
2995 5591 3267 5655 Ps:il.xt.v,
3312 5592 3400 5646 il.

244 5785 314 5853 (t)
349 5787 407 5841 ιιι
447 5787 715 5844 llebraico
743 5790 938 5860 legitur
959 5799 1129 5857 γεω,
1168 5792 1221 5848 id
1253 5801 1354 5860 est,
1390 5792 1560 5864 gloria
1591 5810 1726 5862 mea,
1755 5802 1815 5850 ut
1843 5797 2011 5867 probe
2036 5797 2394 5868 Symmachus
2417 5799 2824 5869 interpretatur.

369 5888 639 5948 Ρλτιιοι..
673 5886 789 5946 Gn.
828 5884 1056 5948 XXIII.
