3948 6286
247 403 346 456 169

1368 402 1876 456 LUMMENTARIA
1917 402 1977 452 ΙΝ
2021 400 2352 455 PSALMOS.

3383 408 3484 458 illi

239 513 397 574 αότά,
421 512 500 582 τῷ
536 513 610 584 μή
643 514 1078 583 καταυγάζεσθαι
1110 515 1186 584 τῷ
1223 516 1362 584 φωτὶ
1399 517 1488 569 τοῦ
1526 515 1803 587 προσώποι

1923 515 2108 569 vultus
2127 515 2204 568 tui
2231 515 2435 570 lumine
2459 531 2568 569 non
2601 515 2945 571 illustrantur
2973 537 2984 571 :
3011 517 3360 587 quamobrem
3386 520 3487 572 rati

240 621 368 658 cou'
411 605 492 657 διὸ
521 606 586 675 δὴ
622 607 759 675 μόνα
790 607 854 660 τά
899 605 1074 676 γεώδη
1113 606 1205 659 καὶ
1247 607 1460 680 φθαρτά
1503 608 1824 678 ὑπολαμϐά-

237 713 421 758 νοντες
447 691 589 748 εἷναι
612 697 813 764 ἀγαθὰ,
841 699 967 768 περὶ
994 697 1164 750 ταῦτα
1201 697 1553 768 ἀσχολοῦνται
1574 699 1666 750 καὶ
1694 699 1826 752 ταῦ-

234 804 302 840 τα
331 787 782 856 μεταδιώκουσιν.
817 790 878 842 Et
910 789 963 842 δέ
1001 807 1084 852 τις
1112 789 1292 852 αὐτοῖς
1320 790 1447 860 περὶ
1484 790 1590 843 τῶν
1617 787 1824 844 θειοτέ-

237 896 345 951 ρων
374 881 470 930 καὶ
499 879 839 950 ἐπουρανίων
869 880 1036 948 λέγοι,
1061 882 1269 952 ἐρωτᾷν
1296 883 1546 936 εἰώθασιν
1566 900 1578 911 ·
1610 883 1717 936 Καὶ
1737 883 1825 943 τίς

236 967 345 1040 ἆρά
381 974 534 1024 ἐστιν
588 975 616 1025 ὁ
663 973 849 1037 δείξων
896 976 1026 1044 ἡμῖν
1067 975 1270 1040 ταῦτα;
1315 975 1453 1029 Ἀλλ’
1485 978 1678 1028 ἐκεῖνοι
1723 976 1822 1044 μὲν

233 1063 468 1116 τοιοῦτοί
499 1082 663 1127 τινες.
693 1067 882 1136 Ἡμεῖς
903 1066 958 1119 δὲ
982 1068 1109 1138 παρ’
1131 1061 1211 1130 οἷς
1241 1067 1569 1135 ἐσημειώθη
1602 1065 1665 1118 τὸ
1697 1065 1822 1133 φῶς

232 1153 339 1204 τοῦ
368 1152 702 1219 προσώπου
731 1168 870 1218 σου,
893 1149 940 1208 ὦ
966 1157 1161 1223 Κύριε,
1195 1155 1288 1209 καὶ
1321 1155 1410 1208 τὸν
1455 1153 1693 1218 δείξοντα
1725 1155 1822 1208 καὶ
1870 1153 1881 1168 ⁸

233 1245 327 1296 τὸν
382 1245 633 1300 δώσοντα
681 1248 810 1317 ἡμῖν
856 1248 994 1302 αὐτὰ
1041 1247 1381 1318 ἐπιστάμεθα
1430 1247 1533 1299 ὑπὸ
1586 1245 1676 1299 τοῦ
1725 1264 1820 1298 σου

232 1337 416 1404 φωτὸς
462 1339 543 1399 είς
583 1339 680 1409 τὴν
713 1339 911 1406 γνῶσιν
944 1341 1120 1394 αὐτῶν
1160 1340 1508 1410 ἐληλυθότες·
1554 1340 1821 1406 Ἔδωκίις

234 1431 635 1496 εὐφροσύνην
665 1433 751 1497 είς
784 1432 896 1499 τὴν
921 1433 1170 1499 καρδίαν
1192 1450 1329 1501 μου.

316 1521 453 1574 Ἀπὸ
503 1525 736 1589 καρποῦ
773 1525 879 1578 τοῦ
921 1525 1094 1578 σίτου
1132 1525 1230 1577 καὶ
1269 1526 1435 1578 οἴνου
1473 1527 1569 1579 καὶ
1611 1526 1818 1579 ἐλαίου

231 1611 434 1664 αὐτῶν
463 1613 956 1681 ἐπληθύνθησαίν.
993 1616 1145 1668 Ἐπεὶ
1166 1616 1221 1668 δὲ
1257 1617 1522 1687 πολλαχοῦ
1550 1617 1655 1670 τῶν
1679 1618 1818 1687 Γρα-

237 1701 350 1770 φῶν
384 1705 443 1754 ὲν
476 1702 751 1770 εὐλογίαις
787 1708 927 1768 σῖτος
958 1705 1050 1757 καὶ
1083 1701 1219 1768 οἶνος
1245 1708 1359 1767 τοῖς
1405 1708 1579 1774 ἁγίοις
1609 1710 1816 1760 κεῖνται

231 1795 289 1846 ὲν
311 1793 645 1865 ἐπαγγελία,
675 1794 750 1858 ῶς
797 1795 888 1848 τοῦ
934 1797 1174 1850 ἐναντίου
1237 1801 1348 1862 τοῖς
1403 1799 1742 1868 ἁμαρτωλοῖς
1780 1801 1813 1870 ἡ

1929 608 2043 661 sola
2072 616 2288 662 terrena
2318 618 2372 663 et
2399 609 2774 680 corruptibilia
2809 610 2949 664 bona
2978 625 3117 673 esse,
3148 611 3216 665 iis
3245 610 3484 675 student,

1925 714 1985 753 ea
2033 710 2454 770 persequuntur.
2491 701 2646 767 Quod
2693 703 2739 756 si
2781 703 2906 772 quis
2941 718 3035 757 eos
3077 703 3145 758 de
3185 704 3382 760 divinis
3421 719 3486 758 ac

1924 791 2242 846 caalestibus
2295 792 2622 862 alloquatur,
2672 809 2865 865 rogare
2917 794 3139 850 solent:
3177 795 3309 860 Quis
3357 812 3485 865 ergo

1923 891 2006 934 est
2034 883 2126 952 qui
2175 884 2286 937 hzec
2329 885 2578 939 ostendet
2628 885 2823 940 nobis?
2853 885 2928 939 Eo
2981 886 3059 938 illi
3107 887 3266 941 modo
3309 887 3482 942 affecti

1923 982 2070 1030 sunt.
2106 974 2216 1030 Nos
2255 993 2384 1032 vero
2416 978 2561 1048 apud
2589 993 2728 1048 quos
2758 980 3023 1048 signatum
3051 988 3127 1032 est
3159 980 3329 1033 tanien
3371 981 3485 1033 cul-

1924 1075 2006 1119 tus
2035 1067 2133 1131 tui,
2164 1066 2404 1133 Domine,
2440 1070 2532 1138 qui
2561 1070 2764 1125 lumine
2798 1077 2891 1123 tuo
2924 1071 3178 1124 illustrati
3213 1071 3268 1124 in
3293 1087 3481 1126 eorum

1921 1159 2282 1227 cognitionem
2317 1161 2584 1226 venimus,
2615 1163 2784 1232 probe
2816 1162 3021 1217 scimus
3050 1170 3103 1215 et
3139 1162 3261 1231 quis
3296 1172 3480 1219 osten-

1920 1246 2015 1300 dat
2042 1257 2096 1301 ct
2127 1250 2251 1319 quis
2285 1249 2526 1304 conferat
2557 1251 2648 1304 illa
2681 1270 2694 1305 :
2731 1250 2935 1304 Dedisti
2974 1250 3214 1305 lwtitiam
3245 1251 3298 1305 in
3327 1251 3482 1306 corde

1921 1356 2051 1392 meo.

1989 1515 2154 1571 Vens.
2183 1517 2237 1571 8.
2275 1517 2318 1570 Α
2347 1519 2523 1586 fructu
2561 1520 2833 1589 frumenti,
2874 1522 2978 1576 vini
3005 1534 3054 1577 et
3085 1523 3187 1576 olei
3225 1523 3309 1578 sui
3342 1523 3482 1576 mul-

1919 1607 2143 1674 tiplicati
2187 1619 2332 1662 sunt.
2380 1609 2516 1674 Quia
2559 1611 2612 1664 in
2661 1613 2845 1667 multis
2889 1613 3295 1683 Scripturarum
3346 1614 3482 1670 locis

1917 1695 2247 1753 frumentum
2289 1707 2342 1752 et
2379 1700 2566 1754 vinum
2612 1701 2754 1756 inter
2794 1705 3188 1773 promissiones
3222 1719 3286 1758 ac
3319 1704 3484 1758 bene-

1915 1787 2182 1844 dictiones
2227 1796 2521 1859 ponuntur,
2551 1798 2716 1861 atque
2743 1808 2809 1867 ea
2845 1794 3072 1848 adverso
3102 1796 3481 1863 peccatoribus

233 1884 435 1936 τούτων
465 1885 751 1955 στέρησις·
781 1885 928 1950 ἀξιον
955 1888 1260 1957 ἀποστῆσαι
1285 1889 1382 1958 τῆς
1409 1888 1550 1942 κατά
1575 1889 1635 1941 τὸ
1655 1889 1803 1959 ρητὸι

1917 1880 2232 1934 eorumdem
2263 1880 2494 1950 privatio
2517 1882 2889 1948 denuntiatur;
2909 1884 3018 1952 jam
3043 1899 3220 1956 Operm
3245 1887 3480 1954 pretium

233 1974 379 2042 ψιλὸν
419 1975 772 2046 ὑπολήψεως,
810 1976 936 2039 τούς
961 1995 1019 2030 τε
1059 1979 1471 2050 ἀκεραιοτέρους
1507 1979 1612 2031 τῶν
1654 1997 1814 2032 πεπι-

242 2068 564 2129 στευκότων,
598 2068 840 2130 καὶτοὺς
885 2068 971 2122 διὰ
1016 2069 1115 2138 τὴν
1169 2070 1465 2140 μικρότητα
1494 2069 1593 2140 τῆς
1642 2072 1815 2140 ὲπαγ-

241 2158 411 2224 γελίας
441 2158 623 2227 ἑτέρῳ
648 2157 766 2228 Θεῷ
797 2158 1254 2230 ἀναπλαττομένῳ
1291 2161 1381 2213 ὑπ’
1409 2163 1588 2214 αὐτῶν
1625 2161 1811 2231 βουλο-

240 2249 428 2318 μένους
467 2253 830 2320 προσκυνείν“
887 2251 981 2303 καὶ
1031 2250 1406 2322 φιλοτιμητέον
1453 2254 1514 2306 τὺ
1569 2255 1812 2308 ποικίλον

234 2341 330 2392 τῶν
369 2341 708 2410 σωματικῶν
740 2341 1042 2413 βρωμάτων
1080 2344 1372 2412 ἀναγαγεῖν
1401 2346 1493 2398 ἐπὶ
1515 2346 1706 2410 ταῦτα,
1735 2341 1811 2401 ὧν

235 2433 728 2502 μεταλαμϐάνουσα
758 2437 877 2488 κατ’
923 2435 1078 2499 ἀξίαν
1111 2437 1311 2507 ἑκάστη
1352 2437 1495 2509 ψυχὴ
1529 2439 1811 2506 ἀγιάζεταί

233 2540 285 2574 τε
317 2525 415 2576 καὶ
439 2525 661 2578 εῦεκτεῖ
691 2527 786 2579 καὶ
817 2529 1230 2597 ίσχυροποιεῖται
1269 2530 1406 2601 πρὸς
1437 2531 1499 2584 τὸ
1551 2531 1808 2587 δύνασθαι

231 2609 292 2661 τά
332 2612 700 2666 ἐπιϐάλλοντα
731 2615 866 2684 αὐτῇ
917 2615 1051 2687 ἔργα
1099 2619 1382 2672 ἐπιτελεῖν·
1410 2621 1548 2689 Ἐγὼ
1581 2623 1636 2676 δὲ
1657 2620 1810 2693 οἶμαι

233 2702 366 2755 αὐτὰ
393 2705 491 2756 καὶ
526 2706 607 2767 εἰς
631 2705 720 2758 τὸν
755 2706 1014 2775 μέλλοντα
1047 2709 1220 2763 αἰῶνα
1246 2711 1559 2778 ἀνάγεσθαι.
1589 2715 1697 2768 Καὶ
1724 2715 1810 2769 ἵνα

235 2795 303 2860 μὴ
335 2796 467 2863 περὶ
517 2795 627 2847 τῶν
669 2797 998 2868 τηλικούτων
1041 2801 1370 2872 ἀμαρτύρως
1400 2802 1638 2874 δόξωμεν
1676 2807 1809 2858 ἀπο-

231 2885 542 2951 φαίνεσθαι,
581 2887 804 2958 ἀρκέσει
854 2891 982 2960 ἡμῖν
1037 2890 1244 2954 Παῦλος
1299 2893 1607 2960 σαφέστατα
1652 2894 1808 2948 τοῦτο

229 2975 494 3028 διδάσκων
545 2978 602 3032 ὲν
623 2981 689 3050 τῇ
724 2979 860 3049 πρὸς
886 2981 1274 3051 Φιλιππησίους
1299 2983 1580 3050 Ἐπιστολῇ
1601 2983 1771 3048 οὕτως
1788 3001 1803 3017 ⁶

230 3067 320 3132 Μὴ
352 3064 470 3121 οὖν
500 3086 591 3134 τις
622 3069 777 3139 ὑμᾶς
801 3072 1043 3140 κρινέτω
1079 3073 1151 3126 ἐν
1175 3073 1400 3141 βρώσει
1431 3075 1470 3142 ἢ
1508 3075 1578 3128 ἐν
1609 3077 1802 3142 πόσει,

230 3159 266 3226 ἢ
290 3160 359 3210 ἐν
377 3160 550 3226 μέρει
583 3160 798 3229 ἑορτῆς
814 3163 851 3231 ἢ
877 3165 1206 3234 νουμηνίας
1231 3164 1570 3221 σαϐϐάτων
1599 3167 1637 3223 ἅ
1673 3168 1805 3224 ἐστι

231 3251 367 3304 σκιὰ
389 3252 512 3304 τῶν
529 3255 906 3321 μελλόντων.

306 3434 402 3485 Ἐν
452 3433 664 3503 εἰρήνῃ
716 3435 813 3488 ἐπὶ
872 3436 940 3489 τὸ
1000 3437 1145 3490 αὐτὸ
1207 3439 1638 3508 κοιμηθήσομαι
1702 3442 1802 3496 καὶ

233 3524 516 3584 ὑπο-ώσω,
559 3524 648 3577 ὅτι
681 3525 783 3590 σὺ,
822 3528 1019 3595 Κύριε,
1064 3527 1212 3581 κατὰ
1246 3531 1436 3598 μόνας
1474 3531 1566 3583 ἐπ’
1603 3532 1803 3586 ἐλπίδι

235 3615 569 3682 κατῴκισάς
589 3633 685 3685 με.
717 3618 899 3670 Ἐοικε
926 3618 1112 3687 δηλοῦν
1140 3619 1238 3689 τὴν
1267 3620 1474 3691 ἀϐλαϐῆ
1496 3621 1676 3675 ἄνεσιν
1709 3623 1801 3676 καὶ

235 3704 539 3757 ἀνάπαυσιν
569 3704 668 3775 τῆς
698 3705 897 3776 ψυχῆς,
929 3706 1232 3777 συμφώνως
1259 3709 1336 3779 τῷ
1355 3709 1479 3780 θείῳ
1511 3711 1653 3782 λόγῳ
1680 3715 1800 3765 ὲσο-

236 3794 395 3864 μένην
443 3795 583 3864 μετὰ
626 3795 724 3859 τὰς
767 3796 902 3866 πρὸς
947 3797 1016 3850 τὰ
1059 3797 1316 3850 κάλλιστα
1364 3799 1610 3872 Θεωρίας.
1650 3801 1800 3872 Τάχα

231 3887 332 3958 γάρ
363 3887 422 3940 ὃν
449 3888 653 3958 τρόπον
697 3887 836 3941 κατά
871 3889 931 3941 τὸ
977 3889 1135 3961 σῶμα
1168 3893 1427 3960 φαγόντες
1467 3894 1559 3945 καὶ
1589 3893 1800 3956 πιόντες

233 3978 466 4038 ἀνέσεως
485 3978 715 4050 δεόμεθα
740 3980 839 4050 τῆς
860 3981 1000 4035 κατὰ
1032 3983 1120 4036 τὸν
1146 3984 1336 4037 ῦπνονο
1367 3984 1537 4047 οὕτως
1572 3985 1631 4036 οὐ
1666 3985 1800 4038 πάν-

231 4084 349 4120 τοτε
384 4069 660 4140 δυναμένη
685 4070 926 4140 διαρκεῖν
959 4073 990 4142 ἡ
1024 4072 1168 4145 ψυχὴ
1205 4075 1340 4144 πρὸς
1368 4075 1429 4127 τὸ
1466 4073 1709 4144 θεωρεῖν,
1741 4077 1798 4127 ἐν

232 4159 402 4230 καιρῷ
431 4160 730 4224 ὲνατενίζει
758 4165 867 4225 τοῖς
909 4164 1050 4216 κατά
1093 4165 1190 4235 τὴν
1225 4165 1423 4235 ἑαυτῆς
1462 4165 1686 4236 δύναμιν
1719 4165 1798 4236 τῷ

231 4253 515 4323 αὐτάρκει·
545 4249 661 4306 εἶτα
700 4253 1051 4308 διανάπαυσιν
1085 4256 1364 4327 ἡγούμεθα
1398 4257 1682 4326 δηλοῦσθαι
1710 4259 1794 4312 διά

229 4343 353 4394 τοῖν
401 4343 510 4395 Ἕν
555 4341 762 4411 εἰρήνῃ
798 4343 894 4396 ἐπὶ
934 4345 1000 4397 τὸ
1037 4347 1182 4398 αὐτὸ
1223 4347 1653 4417 κοιμηθήσομαι
1695 4349 1793 4403 καὶ

230 4431 505 4487 ὑπνώσω.

304 4608 535 4661 Ἐκεῖνοι
579 4610 698 4680 μὲν,
732 4612 914 4682 φησὶν,
948 4614 997 4664 οἱ
1050 4613 1236 4666 πολλοὶ
1291 4615 1385 4667 ἅτε
1433 4617 1496 4687 δὴ
1536 4617 1790 4673 πλατεῖαν

231 4698 316 4748 καὶ
346 4697 663 4768 εὐρύχωρον
696 4701 988 4765 ὁδεύοντες,
1023 4702 1088 4754 δι’
1115 4699 1183 4774 ἦς
1209 4707 1256 4756 οἱ
1288 4704 1469 4758 πολλοὶ
1498 4707 1789 4777 βαδίζουσι,

228 4787 318 4840 οὐκ
344 4788 563 4853 ἐλπίζον
577 4790 676 4854 ῐες,
717 4792 801 4855 τίς
831 4792 991 4856 δείξει
1022 4794 1204 4857 αὐτοῖς
1239 4795 1305 4849 τὰ
1346 4797 1484 4850 κατὰ
1538 4798 1791 4869 ἀλήθειαν

227 4879 419 4944 ἀγαθὰ,
454 4883 510 4932 ἐν
539 4881 665 4952 οἴνῳ
694 4885 786 4935 καὶ
820 4884 981 4954 ἐλαίῳ
1024 4886 1118 4938 καὶ
1148 4887 1279 4958 σίτῳ
1313 4888 1689 4960 πληθύνοντες,
1716 4893 1790 4955 ὡς

226 4969 442 5035 ἀγαθῶν
475 4971 678 5027 τούτων
710 4975 1000 5029 ἀπολαύειν
1025 4977 1314 5046 ἡγοῦνται·
1344 4981 1466 5050 ἐμοὶ
1505 4981 1560 5034 δὲ
1583 4982 1658 5052 τῷ
1688 5001 1787 5036 κα-

223 5060 545 5132 ταξιωμένῳ
583 5063 678 5116 τοῦ
723 5067 898 5135 φωτὸς
942 5066 1034 5119 τοῦ
1078 5067 1364 5138 προσώπου
1409 5087 1530 5135 σου,
1581 5072 1783 5142 Κύριε,

224 5147 425 5214 ἔδωκας
461 5152 796 5225 εὐφροσύνην
827 5154 1082 5226 καρδίας·
1111 5155 1224 5208 ἀλλ’
1255 5157 1375 5210 οὐδὲ
1409 5159 1624 5230 σαρκῶν
1665 5160 1785 5212 οὐδὲ

225 5244 508 5312 σωμάτων,
542 5244 638 5298 καὶ
669 5246 731 5297 οὐ
757 5245 855 5317 τὴν
896 5247 955 5312 ἐξ
992 5248 1131 5300 οἴνου
1158 5249 1250 5302 καὶ
1285 5248 1429 5303 σίτου
1472 5251 1564 5304 καὶ
1606 5250 1782 5304 ἐλαίου

224 5332 433 5404 σώμασι
490 5338 939 5410 χορηγουμένην,
982 5340 1095 5392 ἀλλ’
1129 5341 1460 5412 εὐφροσύνην
1504 5342 1602 5413 τὴν
1646 5343 1785 5396 κατά

225 5421 476 5482 διάνοιαν.
517 5427 724 5481 Μαθὼν
770 5429 878 5498 γὰρ
912 5430 1058 5502 παρὰ
1102 5431 1194 5484 τοῦ
1244 5433 1490 5503 Σωτῆρος
1528 5432 1622 5485 καὶ
1674 5432 1783 5487 τῶν

228 5513 327 5566 σῶν
365 5517 730 5586 ἐπαγγελιῶν,
757 5519 859 5584 ὅτι,
903 5523 951 5572 εί
984 5522 1078 5574 καὶ
1108 5522 1176 5574 τὰ
1223 5523 1455 5592 μάλιστα
1511 5524 1650 5576 κατὰ
1693 5525 1783 5578 τὸν

225 5596 482 5656 ἑνεστῶτα
521 5604 637 5673 βίον
676 5605 839 5659 λύπαι
873 5625 962 5677 μοι
1001 5609 1092 5660 καὶ
1134 5608 1338 5680 θλίψεις
1372 5612 1463 5665 καὶ
1492 5615 1782 5684 πειρασμοὶ

225 5689 310 5740 καὶ
338 5695 690 5758 περιστάσεις
716 5697 775 5748 οὐ
803 5696 1182 5764 διαλείπουσιν,
1216 5701 1328 5755 ἀλλ’
1359 5703 1506 5756 ἔσται
1542 5721 1630 5775 μοι
1661 5723 1777 5760 και-

284 5803 330 5833 ⁸⁶
367 5805 584 5862 Coloss.
620 5823 694 5872 ιι,
731 5808 826 5873 16,
862 5811 948 5867 17.

1915 1976 2018 2033 est,
2049 1977 2107 2023 ut
2136 1972 2470 2025 credentium
2501 1973 2882 2043 simpliciores,
2912 1991 3125 2029 necnon
3151 1991 3246 2032 eos
3278 1978 3369 2047 qui
3408 1978 3481 2032 ob

1913 2060 2294 2128 promissionis
2346 2064 2662 2118 tenuitatem
2711 2064 2870 2118 deum
2920 2065 3118 2132 alium,
3166 2081 3326 2136 quem
3377 2068 3481 2136 ipsi

1914 2150 2018 2204 sibi
2058 2152 2570 2220 comminiscuntur,
2603 2155 2832 2209 adorare
2863 2156 3074 2220 volunt,
3108 2158 3176 2212 ab
3223 2158 3480 2228 opinione

1912 2252 2076 2314 atque
2107 2245 2380 2300 sententia
2411 2246 2748 2315 huiusmodi,
2783 2262 2847 2301 ex
2883 2247 3074 2303 litterae
3105 2249 3313 2303 vilitate
3345 2265 3478 2304 con-

1911 2345 2087 2406 cepta,
2114 2337 2478 2392 retrahamus.
2512 2337 2578 2390 Et
2607 2353 2819 2393 summo
2845 2338 3062 2407 quidem
3088 2354 3250 2409 opere
3280 2355 3480 2394 curan-

1911 2427 2062 2493 dum,
2093 2435 2154 2480 ut
2184 2429 2364 2482 varios
2395 2430 2518 2484 illos
2549 2432 2861 2499 corporales
2891 2431 3044 2487 cibos
3070 2432 3136 2485 ad
3171 2431 3307 2486 alios
3332 2432 3479 2488 refc-

1910 2517 2118 2583 ramus,
2153 2521 2308 2589 queis
2356 2536 2456 2591 pro
2504 2523 2700 2576 merito
2747 2520 2952 2576 refecta
3001 2523 3184 2583 anima
3229 2539 3476 2594 qumque,

1909 2618 2096 2664 sancta
2128 2611 2381 2676 elﬁcitur,
2415 2613 2553 2667 bene
2595 2613 2756 2677 valet,
2790 2613 3042 2684 viresque
3084 2615 3282 2685 accipit
3315 2614 3382 2668 ad
3413 2629 3476 2668 ea

1909 2714 2094 2769 opera,
2126 2719 2246 2771 qua:
2291 2705 2376 2757 sui
2429 2704 2589 2758 oﬂicii
2635 2713 2763 2758 sunt
2808 2707 3174 2775 exsequenda.
3204 2706 3316 2776 Ego
3349 2720 3478 2760 vero

1907 2791 2119 2846 aestimo
2150 2793 2266 2862 ipsa
2296 2795 2456 2847 etiam
2489 2796 2552 2846 ad
2582 2795 2826 2850 futurum
2862 2797 3118 2850 saeculum
3146 2795 3474 2850 reducenda.

1906 2882 1985 2935 Ac
2030 2898 2098 2935 ne
2141 2883 2208 2936 de
2253 2885 2420 2938 tantis
2461 2886 2624 2940 rebus
2664 2887 2946 2941 videamur
2991 2889 3109 2942 sine
3157 2888 3474 2942 testimonio

1907 2974 2228 3026 sententiam
2266 2974 2428 3038 ferre,
2470 2976 2699 3032 sulliciat
2741 2977 2898 3031 nobis
2938 2976 3167 3032 Paulum
3197 2977 3390 3032 aﬂerre
3417 2979 3475 3032 in

1907 3060 2150 3131 Epistola
2202 3064 2268 3119 ad
2320 3065 2700 3138 Philippenses
2753 3069 2986 3139 idipsum
3041 3070 3326 3124 docentem
3385 3067 3475 3124 liis

1905 3155 2086 3210 verbis
2111 3176 2123 3210 :
2156 3157 2323 3212 Nemo
2349 3176 2436 3213 vos
2456 3159 2659 3228 judicet
2684 3161 2738 3214 in
2763 3160 2898 3227 cibo,
2923 3170 3015 3214 aut
3043 3163 3096 3214 in
3123 3170 3270 3229 potu,
3296 3170 3387 3214 aut
3418 3163 3474 3213 in

1904 3253 2053 3313 parte
2108 3243 2212 3299 diei
2261 3247 2383 3315 festi
2451 3261 2538 3300 aut
2587 3251 2863 3304 neomenia!
2926 3248 3299 3315 sabbatorum,
3351 3266 3469 3320 quae

1901 3345 2026 3390 sunt
2055 3337 2242 3392 umbra
2269 3339 2569 3407 futurorum
2593 3341 2660 3393 ³ο.

1972 3426 2140 3484 Vens.
2173 3431 2226 3495 9,
2253 3431 2340 3485 lt).
2386 3430 2450 3485 In
2478 3449 2605 3502 pace
2643 3434 2701 3486 in
2737 3432 2967 3503 idipsum
3011 3433 3277 3488 dormiam
3306 3441 3355 3486 et
3384 3448 3472 3485 re-

1900 3521 2203 3590 quiescam;
2243 3525 2492 3594 quoniam
2540 3534 2616 3592 tu,
2649 3525 2890 3593 Domine,
2919 3525 3258 3596 singulariter
3295 3526 3349 3578 in
3380 3540 3469 3593 spe

1901 3614 2222 3668 constituisti
2267 3633 2365 3670 me.
2408 3616 2654 3671 lndicare
2683 3617 2899 3672 videtur
2925 3617 3198 3671 innoxiam
3230 3615 3468 3686 quietem

1901 3707 2174 3778 animique
2219 3709 2618 3773 remissionem,
2655 3725 2776 3779 qua:
2818 3719 2942 3780 post
2985 3710 3468 3779 praestantissima-

1899 3814 2019 3852 rum
2048 3815 2227 3854 rerum
2257 3801 2792 3870 contemplationem,
2824 3808 2883 3855 ut
2918 3800 3104 3854 divino
3133 3800 3298 3854 verbo
3327 3815 3464 3853 con-

1899 3892 2065 3958 venit,
2099 3894 2362 3948 sumenda
2385 3903 2488 3950 est.
2517 3893 2771 3949 Fortasse
2799 3892 2945 3948 enim
2968 3893 3109 3948 sicut
3131 3902 3252 3962 post
3280 3892 3463 3946 cibum

1897 3989 2190 4054 potumque
2233 3987 2589 4054 corporalem,
2620 3987 2801 4056 quiete
2838 3984 2931 4038 illa
2973 4001 3195 4054 egemus
3219 3999 3342 4053 quae
3367 3999 3464 4053 per

1898 4088 2147 4128 somnum
2179 4075 2432 4140 sumitur,
2466 4077 2540 4129 ita
2569 4092 2692 4130 cum
2724 4090 2833 4130 non
2873 4077 3050 4131 valeat
3092 4077 3272 4130 anima
3321 4093 3464 4132 scm-

1896 4180 1992 4233 per
2035 4181 2098 4219 ac
2140 4166 2260 4220 sine
2309 4168 2712 4223 intermissione
2761 4167 3207 4238 contemplationi
3244 4182 3462 4230 vacare,

1895 4262 2046 4308 certo
2090 4257 2307 4325 quidem
2355 4265 2597 4326 tempore
2650 4256 2958 4326 spiritualia
3004 4256 3229 4326 respicit
3268 4271 3331 4310 ac
3363 4271 3463 4325 pro

1892 4347 2102 4402 viribus
2149 4349 2499 4418 speculatur;
2535 4347 2730 4403 deinde
2768 4362 2899 4402 vero
2927 4347 3218 4418 requiescit
3249 4365 3263 4402 :
3295 4362 3459 4417 quam

1890 4446 2146 4507 putamus
2171 4441 2414 4509 requiem
2445 4440 2530 4495 his
2561 4438 2858 4510 signiﬁcari
2883 4457 2895 4494 :
2916 4436 2983 4492 In
3002 4455 3128 4508 pace
3152 4439 3209 4493 in
3231 4438 3459 4508 idipsum

1819 4562 1865 4616 Β
1892 4527 2153 4582 dormiam
2181 4540 2229 4584 et
2260 4531 2598 4600 requiescam.

1962 4621 2043 4675 llli
2072 4630 2239 4685 certe,
2264 4623 2357 4687 ait,
2387 4623 2480 4692 qui
2513 4621 2667 4675 multi
2695 4636 2923 4677 numero
2949 4629 3098 4687 sunt,
3117 4621 3272 4675 multi
3302 4636 3457 4675 nam-

1893 4731 1999 4784 que
2044 4716 2100 4768 in
2143 4717 2252 4769 lata
2290 4716 2639 4786 spatiosaque
2667 4716 2754 4772 via
2784 4717 3141 4786 gradiuntur;
3189 4730 3299 4769 non
3330 4727 3453 4782 spe-

1890 4815 2076 4861 rantes
2107 4806 2297 4862 adesse
2323 4807 2653 4877 quempiam,
2683 4810 2776 4877 qui
2801 4809 3051 4864 ostendat
3076 4808 3210 4878 ipsis
3239 4821 3303 4861 ea
3331 4820 3452 4876 qua:

1889 4897 2188 4951 secundum
2217 4897 2296 4953 rei
2321 4898 2606 4953 veritatem
2647 4899 2786 4954 bona
2830 4909 2985 4967 sunt;
3018 4899 3164 4964 vino,
3194 4898 3316 4954 oleo
3365 4905 3451 4951 at-
3535 4974 3542 4978 _

1888 5003 1994 5057 que
2029 4987 2302 5043 frumento
2328 4988 2608 5044 allluentes
2628 5028 2645 5054 ,
2673 4991 2741 5044 iis
2768 5004 2827 5044 se
2852 4999 3109 5060 tanquam
3138 5003 3263 5043 vere
3289 4989 3450 5044 bonis

1885 5078 1996 5132 frui
2038 5079 2397 5137 arbitrantur.
2452 5081 2582 5137 Mihi
2615 5099 2780 5147 vero,
2814 5097 2975 5152 quem
3020 5081 3224 5136 lumine
3264 5083 3449 5137 vultus

1886 5171 1964 5223 tui
1995 5169 2250 5240 dignatus
2280 5187 2374 5237 es,
2410 5171 2672 5238 Domine,
2713 5173 2898 5227 cordis
2932 5171 3172 5227 laetitiam
3204 5172 3401 5228 dedisti
3428 5191 3452 5241 ;_

1885 5277 1994 5316 non
2045 5263 2192 5316 illam
2244 5279 2376 5318 sane
2418 5280 2538 5334 quae
2576 5264 2730 5318 carni
2778 5262 3104 5334 corporique
3155 5265 3442 5334 competit,

1887 5369 2063 5424 neque
2095 5353 2242 5408 illam
2276 5371 2398 5426 quas
2427 5355 2737 5419 frumento,
2767 5354 2895 5409 vino
2961 5363 3015 5408 et
3046 5355 3166 5411 oleo
3195 5354 3440 5420 aﬂ‘ertur,

1883 5444 1978 5499 sed
2031 5445 2270 5500 laetitiam
2318 5461 2439 5516 qua:
2480 5453 2662 5500 mente
2703 5445 3022 5516 percipitur.
3067 5446 3201 5502 Cum
3230 5448 3373 5501 enim
3408 5462 3439 5500 a

1885 5534 2167 5592 Salvatore
2191 5553 2369 5607 exque
2395 5537 2684 5606 promissis
2711 5535 2821 5590 tuis
2847 5535 3160 5591 edidicerim
3177 5577 3195 5601 ,
3226 5538 3440 5592 etiamsi

1881 5629 2014 5681 mihi
2067 5629 2314 5695 dolores,
2365 5643 2654 5697 aerumnae,
2696 5631 3052 5694 tentationes,
3104 5629 3440 5684 calamitates

1882 5719 1939 5772 in
2000 5721 2251 5789 praesenti
2298 5720 2408 5776 vita
2457 5735 2568 5778 non
2619 5721 2910 5789 deﬁciant,
2962 5719 3206 5777 futurum
3257 5729 3437 5772 tamen
