3948 6286
490 377 589 430 ill

1189 363 1456 432 EUSEBII
1496 375 1974 431 CAESARIENSIS
2011 375 2160 431 OPP.
2206 371 2384 426 PARS
2422 370 2505 425 Ill.
2547 403 2606 411 —-
2648 370 3053 428 EXEGETICA.
3117 406 3125 414 -

3607 374 3700 427 ιη

485 500 616 556 mihi
651 509 863 569 tempus
895 515 1004 570 quo
1038 514 1067 552 a
1099 514 1326 569 corpore
1376 498 1632 554 decedam
1655 541 1669 564 ,
1717 516 1778 554 ac
1823 501 1877 554 in
1917 513 2048 570 pace

2165 495 2249 567 ρὸς
2281 496 2308 547 6
2329 495 2429 565 τῆς
2453 493 2769 563 ἀπαλλαγῆς
2795 490 2888 544 τοῦ
2914 489 3178 559 σώματος,
3203 487 3325 542 καθ’
3348 488 3406 540 ὃν
3441 490 3495 541 ἐν
3524 490 3701 563 εἰρήνη

483 593 787 656 dormiam,
821 601 873 647 et.
906 608 936 646 a
965 607 1192 660 corpore
1221 592 1532 658 liberabor;
1566 609 1860 663 persuasus
1893 595 2050 664 plane

484 699 605 738 sum
645 689 782 736 tunc
820 682 954 736 mihi
997 681 1182 737 adfore
1205 682 1402 737 laetitia:
1435 684 1592 738 linem
1622 698 1685 738 ac
1712 699 2052 739 consumma-

483 775 688 829 tionem
715 792 729 841 ;
763 789 888 828 cum
920 773 1129 830 scilicet
1157 791 1243 831 me
1268 790 1436 846 sopor
1462 775 1551 830 ille
1577 777 1876 847 mortisque
1906 793 2051 832 som-

485 882 591 921 nus
623 865 1116 935 comprehenderit.
1152 867 1306 921 Tunc
1334 867 1478 921 enim
1509 874 1568 920 tu
1605 867 1752 938 ipse,
1793 867 2047 930 Domine,

484 973 574 1013 mc
606 959 702 1011 tali
734 973 827 1028 spe
871 957 1012 1013 bona
1054 959 1378 1014 instructum
1424 959 1667 1030 excipies
1708 967 1761 1013 et
1799 959 1852 1012 in
1883 961 2050 1014 cmic-

487 1049 666 1104 stibus
691 1051 1068 1106 mansionibus
1098 1052 1413 1108 collocahis.
1441 1051 1677 1107 Observa
1699 1066 1862 1120 porro
1890 1051 2050 1104 etiam

490 1137 593 1192 hoc
624 1138 745 1192 loco
774 1138 1192 1208 diapsalmatum
1223 1139 1604 1195 distinctiones
1624 1181 1637 1201 ,
1669 1155 1787 1209 qua:
1814 1140 1897 1193 vel
1929 1155 2052 1194 sen-

488 1229 676 1283 tentiae
702 1231 1061 1284 mutationem
1089 1231 1366 1295 indicant,
1395 1232 1477 1286 vel
1507 1231 1736 1286 fortasse
1765 1231 2050 1285 melodiam

489 1331 810 1374 conversam
831 1359 845 1384 ,
879 1319 993 1374 sive
1026 1320 1261 1391 denique
1292 1320 1630 1392 rhythmum.

561 1492 814 1548 Asterius
842 1499 1024 1548 autem
1051 1495 1276 1547 arianus
1302 1493 1445 1546 hunc
1474 1491 1741 1560 psalmum
1774 1491 1854 1545 sic
1885 1506 2054 1560 expo-

492 1583 642 1639 suit:
697 1581 911 1648 Quare,
958 1584 1011 1637 in
1055 1583 1210 1651 ﬁnem
1255 1584 1309 1636 in
1347 1582 1582 1652 hymnis,
1630 1581 1925 1650 inscriptus
1967 1582 2056 1636 hic

488 1675 736 1744 psalmus
785 1676 911 1730 est?
951 1675 1088 1740 Quia
1131 1675 1302 1745 probe
1342 1675 1541 1743 cmpit,
1579 1688 1642 1727 ac
1675 1673 1843 1743 probe
1889 1673 2054 1727 vitam

490 1767 626 1822 obiit
655 1786 667 1821 :
701 1768 818 1832 vel,
845 1767 972 1837 quia
1000 1767 1140 1821 male
1166 1767 1481 1835 inceperat,
1513 1779 1636 1818 cum
1667 1763 1810 1818 Uria:
1833 1780 2055 1818 uxorem

2159 590 2454 660 ποιήσομαι
2485 587 2582 658 τὴν
2611 587 2861 656 κοίμησιν
2897 584 2991 638 καὶ
3019 583 3114 654 τὴν
3148 581 3460 650 ἀπαλλαγὴν
3490 581 3578 634 τοῦ
3609 583 3704 636 σώ-

2160 697 2327 752 ματος
2347 696 2360 710 ·
2411 675 2468 732 εὖ
2506 679 2562 730 δὲ
2599 677 2839 749 ἀκριϐῶς
2867 678 3193 746 πέπεισμαι,
3223 674 3302 726 ὅτι
3335 673 3452 726 τότε
3484 689 3568 743 μοι
3605 692 3704 728 πα-

2159 773 2345 844 ρέσται
2375 771 2445 825 τὰ
2482 770 2606 842 τέλη
2633 771 2731 840 τῆς
2771 768 3123 841 εὐφροσύνης,
3159 765 3373 820 ἐπειδὰν
3405 767 3437 836 ὴ
3466 765 3706 836 κοίμησίς

2161 883 2226 936 με
2260 863 2542 936 καταλάϐῃ
2572 863 2666 916 καὶ
2713 864 2742 914 ὁ
2790 860 2930 916 κατὰ
2967 859 3057 913 τὸν
3101 859 3324 912 θάνατον
3367 857 3544 921 ὕπνος.
3584 859 3705 912 Τότε

2156 958 2264 1028 γὰρ
2297 957 2360 1008 σὺ
2409 954 2570 1018 αὐτὸς
2608 956 2656 1019 6,
2706 953 2900 1025 Κύριε,
2933 950 3070 1023 μετὰ
3119 952 3215 1022 τῆς
3257 950 3463 1019 ἀγαθῆς
3515 949 3706 1021 ταύτης

2155 1047 2370 1111 ἐλπίδος
2398 1043 2680 1100 ἀναλαϐών
2713 1063 2779 1115 με
2810 1045 3100 1106 κατοικιεῖς
3135 1045 3192 1095 ὲν
3234 1044 3350 1105 ταῖς
3384 1041 3708 1112 ἐπουρανίοις

2160 1141 2367 1211 μοναῖς.
2398 1139 2470 1208 Ση
2482 1138 2711 1208 μείωσαι
2731 1137 2786 1190 δὲ
2816 1135 3089 1190 κάνταῦθα
3118 1135 3215 1198 τὰς
3243 1134 3334 1186 ἐπὶ
3365 1136 3472 1194 τοῖς
3502 1133 3710 1202 διαψάλ-

2160 1248 2289 1301 μασι
2328 1229 2628 1293 διαστολὰς,
2661 1230 2778 1299 ἤτοι
2817 1229 2913 1298 τῆς
2953 1227 3188 1291 διανοίας
3231 1226 3524 1296 ἐναλλαγὴν
3562 1242 3710 1296 παρι-

2157 1322 2389 1385 στώσας,
2413 1322 2444 1393 ἢ
2469 1322 2608 1392 τάχα
2630 1321 2929 1392 μεταϐολὴν
2949 1318 3040 1372 τοῦ
3075 1318 3263 1390 μέλους
3295 1316 3710 1382 ὲναλλάττοντος,

2157 1411 2190 1481 ἢ
2225 1412 2313 1464 τὸν
2351 1411 2575 1482 ῥυθμόν.

2230 1505 2304 1572 (1)
2361 1504 2634 1574 Ἀστέριος
2680 1504 2736 1556 δὲ
2791 1505 2820 1556 6
2864 1504 3112 1575 ἁρειανὸς
3156 1503 3326 1566 οὕτως
3386 1503 3474 1555 τὸν
3513 1501 3713 1571 ψαλμὸν

2158 1596 2482 1668 ἐξηγήσατσ
2513 1595 2610 1648 Διὰ
2638 1595 2710 1657 τί,
2750 1597 2838 1660 είς
2870 1595 2932 1648 τὸ
2968 1595 3141 1661 τέλος
3176 1595 3245 1647 ἐν
3277 1595 3507 1662 ὕμνοις,
3537 1593 3712 1660 ἐπιγέ-

2159 1689 2456 1759 γραπταιὸ
2485 1686 2728 1757 ψαλμός;
2775 1686 2987 1757 Ἐπειδὴ
3023 1685 3203 1749 καλῶς
3233 1687 3330 1755 μὲν
3367 1686 3586 1756 ¹ἤρξατο,
3623 1703 3716 1738 κα-

2159 1779 2268 1842 λῶς
2286 1779 2340 1830 δὲ
2366 1778 2455 1830 τὸν
2489 1777 2599 1848 βίον
2626 1777 2838 1829 ἐτέλεσε
2855 1793 2868 1807 ο
2894 1777 2925 1847 ἢ
2957 1777 3139 1847 ἐπειδὴ
3166 1776 3347 1839 κακῶς
3377 1777 3473 1846 μὲν
3502 1775 3712 1846 ἤρξατο,

491 1859 801 1914 abluentem
845 1873 904 1914 se
945 1858 1327 1928 conspicatus,
1381 1857 1485 1927 ipsi
1533 1865 1782 1926 stuprum
1836 1857 2056 1923 intulit;

2165 1869 2442 1940 θεωρήσας
2477 1869 2573 1938 τὴν
2616 1867 2710 1920 τοῦ
2759 1867 2955 1938 Οὐρίου
3008 1870 3239 1935 γυναῖκα
3281 1865 3572 1936 λουομένην
3627 1863 3715 1918 καὶ

489 1951 629 2006 bene
658 1959 838 2006 autem
871 1967 929 2005 se
963 1951 1130 2022 gessit
1159 1951 1303 2020 quod
1338 1958 1556 2020 peracta
1596 1949 1914 2020 pmnitentia
1948 1951 2054 2002 vita

487 2041 710 2096 functus
743 2043 832 2096 sit.
869 2041 1133 2111 Ideoque,
1170 2043 1222 2095 in
1254 2041 1568 2111 principium
1604 2041 1658 2094 in
1681 2041 1978 2109 vituperiis,
2004 2041 2058 2094 in

487 2135 647 2202 ﬁnem
687 2135 739 2187 in
778 2135 984 2204 hymnis
1024 2134 1258 2188 dicatur.
1296 2133 1548 2187 Psalmus
1582 2131 1772 2190 Davidi
1801 2173 1816 2197 ,
1854 2132 1906 2185 id
1938 2140 2054 2195 est,

488 2228 824 2297 pmnitentiaa
877 2241 1078 2295 opera,
1126 2227 1250 2296 quia
1305 2226 1392 2279 ubi
1441 2225 1726 2279 abundavit
1773 2224 2055 2288 delictum,

491 2317 950 2385 superabundavit
985 2317 1203 2386 justitia
1250 2319 1318 2375 δί.
1368 2317 1729 2383 Quamobrem
1776 2319 1892 2372 ait:
1926 2317 2058 2392 Cum

487 2405 788 2460 invocarem
813 2408 1079 2462 exaudivit
1106 2425 1185 2462 me
1210 2407 1348 2462 Deus
1363 2409 1591 2478 justitia:
1614 2425 1763 2473 metu,
1788 2409 2058 2478 justitiam

491 2510 651 2551 suam
681 2497 850 2553 David
884 2499 1256 2569 paenitentiam
1295 2509 1474 2555 vocat.
1512 2499 1658 2554 Vidit
1695 2499 1837 2556 Deus
1868 2515 2060 2555 emun-

493 2584 675 2640 datam
725 2589 997 2653 animam,
1041 2591 1369 2661 admisitque
1407 2591 1728 2646 orationem.
1774 2590 1901 2647 Sive
1950 2591 2060 2645 for-

491 2686 640 2734 tasse
669 2680 798 2748 quia
828 2680 883 2733 in
927 2681 1244 2751 praecedenti
1296 2683 1525 2752 psalmo,
1579 2699 1703 2737 cum
1760 2683 1830 2738 ab
1882 2683 2058 2737 Ahsa-

493 2770 621 2826 lone
669 2772 811 2826 bello
863 2773 1143 2844 impetitus
1196 2775 1440 2846 lugeret,
1476 2775 1841 2831 interveniens
1889 2776 2060 2830 oratio

494 2869 790 2932 tyrannum
821 2863 888 2919 de
914 2865 1096 2920 medio
1128 2867 1352 2921 sustulit
1380 2884 1393 2932 ;
1428 2882 1526 2920 ceu
1553 2866 1921 2936 interrogatus
1951 2879 2058 2934 qua

491 2954 705 3009 ratione
769 2955 1098 3010 Absalonem
1163 2957 1497 3021 debellaret,
1561 2956 1855 3027 respondet
1905 2956 2060 3011 initio

494 3047 710 3116 psalmi.
748 3045 903 3101 Sicut
938 3051 1082 3102 enim
1108 3088 1122 3113 ,
1161 3049 1336 3120 inquit
1357 3092 1371 3116 ,
1411 3056 1532 3120 post
1565 3057 1848 3121 peccatum
1881 3064 2058 3103 meum

493 3135 638 3192 Deus
670 3139 821 3192 illum
856 3139 1144 3196 adversum
1176 3157 1262 3196 me
1303 3141 1617 3204 suscitavit,
1661 3142 1740 3196 sic
1775 3141 2058 3210 poenitenti

2160 1957 2442 2028 ἐμοίχευσε
2463 1974 2474 1986 ·
2509 1955 2688 2018 καλῶς
2725 1955 2800 2019 δὲ,
2838 1955 3191 2026 μετανοήσας,
3217 1954 3306 2006 τὸν
3339 1952 3451 2022 βίον
3475 1951 3712 2003 ἐτέλεσε·

2157 2050 2246 2103 διὰ
2276 2048 2432 2101 τοῦτο
2456 2050 2542 2114 εις
2569 2045 2685 2114 τὴν
2715 2044 2911 2114 ἀρχὴν
2943 2046 3012 2098 ἐν
3044 2048 3286 2113 ψόγοις,
3329 2045 3416 2109 εὶς
3445 2043 3510 2096 τὸ
3555 2041 3716 2107 τέλος

2159 2141 2228 2193 ὲν
2253 2140 2482 2209 ὕμνοις.
2514 2137 2758 2207 Ψαλμὸς
2785 2135 2863 2201 τῷ
2908 2135 3086 2188 Δαυῒδ
3116 2137 3148 2206 ἡ
3180 2133 3376 2204 πρᾶξις
3419 2133 3518 2202 τῆς
3563 2147 3716 2202 μετα-

2159 2233 2337 2295 νοίαςο
2379 2232 2474 2285 καὶ
2519 2231 2705 2302 ἐπειδὴ
2753 2231 2904 2284 ὅπου
2947 2229 3320 2281 ἐπλεόνασεν
3352 2228 3392 2296 ’ἡ
3438 2224 3714 2295 ἁμαρτία,

2158 2323 2749 2392 ὑπερεπερίσσευσεν
2795 2324 2833 2390 ἠ
2871 2321 3243 2387 δικαιοσύνη,
3282 2317 3372 2372 διὰ
3420 2317 3573 2370 τοῦτο
3614 2316 3718 2367 ἐλε-

2159 2434 2280 2488 γεν·
2302 2414 2489 2483 Ἐντῷ
2508 2415 2920 2470 ἐπικαλεῖσθαί
2934 2429 3009 2482 με
3053 2411 3374 2478 ῖὶσήκουσέ
3396 2429 3513 2480 μου
3537 2413 3568 2463 ό
3585 2407 3716 2472 Θεὸς

2159 2509 2270 2578 τῆς
2293 2510 2682 2577 δικαιοσύνης
2717 2525 2855 2578 μου.
2905 2505 3254 2575 Δικαιοσύνην
3293 2504 3401 2575 γὰρ
3444 2499 3604 2555 αὐτοῦ
3631 2497 3718 2553 νῦν

2159 2597 2306 2667 λέγει
2345 2599 2373 2651 6
2418 2597 2578 2650 Δαυῒδ
2613 2597 2710 2668 τὴν
2747 2596 3049 2667 μετάνοιαν.
3087 2590 3237 2646 Εἷδεν
3265 2595 3293 2646 6
3344 2592 3479 2655 Θεὸς
3524 2589 3718 2660 καθαρ-

2161 2689 2345 2744 θεῖσαν
2388 2689 2488 2760 τὴν
2527 2688 2701 2759 ψυχὴν
2723 2728 2737 2752 ,
2773 2689 2865 2740 καὶ
2906 2687 3120 2752 ἐδέξατο
3153 2686 3250 2756 τὴν
3301 2683 3624 2756 προσευχήν.
3655 2679 3718 2732 Ἢ

2163 2781 2350 2852 ἐπειδὴ
2385 2783 2442 2834 ἐν
2487 2779 2564 2851 τῷ
2599 2779 2702 2850 πρὸ
2746 2778 2934 2832 τούτου
2965 2777 3164 2848 ψαλμῷ
3217 2776 3306 2829 τὸν
3356 2775 3590 2842 διωγμὸν
3638 2770 3720 2824 τὸν

2163 2876 2266 2929 ὑπὸ
2291 2875 2385 2928 τοῦ
2437 2872 2772 2927 Ἀϐεσσαλὼν
2821 2872 3088 2943 ὼδύρετο’
3139 2864 3417 2942 προσευχὴ
3475 2868 3531 2920 δέ
3581 2881 3722 2936 μεσι-

2162 2967 2401 3022 τεύσασα
2431 2967 2521 3020 τὸν
2569 2965 2827 3036 τύραννον
2856 2963 3062 3017 ἀνεῖλεν
3080 2979 3095 2994 ο
3129 2962 3203 3024 ὼς
3223 2999 3236 3023 ,
3289 2959 3582 3030 ἐρωτηθεὶς
3612 2954 3720 3016 πῶς

2159 3061 2254 3114 τοῦ
2315 3058 2664 3129 Ἀὁεσσαλὼμ
2705 3057 2986 3127 ἐνίκησεν,
3042 3054 3379 3125 ἀπεκρίνατο
3425 3051 3522 3120 τὴν
3561 3047 3718 3119 ἀρχὴν

2162 3154 2254 3208 τοῦ
2286 3151 2519 3224 ψαλμοῦ.
2552 3153 2761 3222 ’Ὠσπερ
2792 3149 2918 3220 γὰρ,
2955 3147 3142 3218 φησὶν.
3177 3143 3556 3216 ἁμαρτήσαντί
3585 3158 3667 3212 μοι
3694 3139 3722 3190 6

492 3230 782 3284 victoriam
833 3233 1069 3300 paravit.
1119 3231 1233 3286 Cur
1274 3239 1453 3288 autem
1493 3233 1578 3288 vel
1618 3233 1737 3302 ipso
1770 3231 2056 3287 invocandi

2165 3219 2480 3308 836c'a666v
2506 3244 2626 3296 κατ’
2665 3219 2798 3311 ἐμοῦ
2830 3219 3070 3310 ἤγειρεν,
3115 3235 3288 3299 οὕτως
3342 3233 3722 3305 μετανοήσαντα.

495 3328 740 3389 tempore
769 3321 1057 3377 exauditus
1103 3331 1189 3376 est
1239 3321 1452 3377 David?
1497 3321 1637 3388 Quia
1687 3322 1998 3392 increpatus
2031 3336 2060 3375 a

493 3410 707 3466 Nathan
735 3413 984 3482 protinus
1016 3413 1083 3468 ad
1118 3414 1493 3483 paenitentiam
1535 3430 1728 3470 versus
1769 3421 1892 3470 est:
1927 3430 2061 3484 qua-

495 3511 719 3572 pr0pter
747 3517 871 3556 cum
902 3513 1239 3572 precaretur,
1268 3505 1448 3560 subito
1475 3505 1764 3560 exauditus
1794 3514 1894 3562 est.
1924 3504 2058 3558 Nam

496 3593 676 3658 Deus,
733 3595 827 3666 qui
885 3598 1064 3651 omnia
1104 3614 1425 3668 quacunque
1469 3596 1577 3652 vult
1618 3598 1747 3667 facit
1778 3598 1845 3662 ",
1875 3599 2061 3652 statim

496 3687 759 3754 exaudit;
809 3696 863 3744 et
913 3689 1092 3745 adhuc
1144 3691 1404 3761 loquente
1449 3690 1674 3746 homine
1721 3689 1892 3746 dicit:
1927 3689 2062 3744 Ecce

498 3778 686 3832 adsum
720 3780 786 3832 ⁵³.

565 3953 770 4011 Deinde
798 3972 927 4012 vero
959 3967 1247 4030 postquam
1277 3960 1638 4017 familiaribus
1670 3962 1901 4016 dixisset
1949 3977 2059 4031 quo

499 4055 659 4115 pacto
692 4049 877 4102 statim
907 4051 1196 4107 exauditus
1238 4060 1404 4120 esset,
1462 4067 1773 4108 sermonem
1800 4054 1962 4107 vertit
1991 4053 2057 4106 ad

499 4137 689 4203 Deum,
751 4141 1178 4214 propitiantique
1206 4144 1308 4201 sibi
1342 4145 1545 4216 gratias
1577 4145 1721 4215 agit,
1753 4146 1808 4198 in
1837 4144 2063 4198 tribula-

499 4231 642 4284 tione
697 4230 944 4287 dilatasti
985 4235 1135 4288 mihi.
1171 4235 1562 4290 Erunmarum
1609 4235 1830 4301 ﬂuctus,
1861 4236 2058 4306 inquit,

499 4325 783 4392 repentina
815 4327 1185 4396 tranquillitas
1230 4328 1570 4399 compescuit
1605 4345 1618 4381 :
1651 4328 1900 4397 fameque
1930 4343 2061 4382 con-

498 4411 700 4468 fectum
729 4431 814 4471 me
845 4417 1028 4472 fructu
1049 4418 1329 4484 frumenti,
1353 4419 1467 4474 vini
1496 4429 1549 4474 et
1580 4421 1682 4476 olei
1703 4420 1944 4475 dilatasti
1965 4438 1980 4487 ;
2004 4429 2062 4474 ut

499 4525 609 4565 non
667 4511 816 4565 solus
853 4527 952 4582 ego
974 4551 989 4576 ,
1053 4513 1146 4568 sed
1179 4528 1370 4568 omnes
1421 4513 1625 4570 subditi
1681 4513 1786 4568 mei
1816 4529 1878 4569 ea
1905 4514 2062 4585 copia

498 4602 833 4659 fruerentur.
865 4605 1224 4670 Quamobrem
1268 4607 1382 4660 haec
1425 4605 1654 4662 inferius
1698 4606 1996 4678 subjungit,
2029 4622 2062 4658 a

499 4695 678 4763 fructu
731 4695 1000 4763 frumenti,
1030 4697 1138 4750 vini
1179 4706 1227 4751 et
1271 4699 1373 4752 olei
1403 4700 1486 4751 sui
1530 4699 1868 4768 multiplicati
1919 4708 2068 4754 sunt:

502 4788 740 4852 illorum,
771 4788 970 4858 inquit,
1003 4789 1332 4844 abundantia
1363 4791 1547 4846 cordis
1577 4792 1706 4846 mihi
1731 4791 1914 4845 laetitia
1940 4792 2060 4846 fuit.

491 4878 638 4935 Illud
668 4889 847 4936 autem
883 4882 952 4937 ab
984 4884 1100 4952 ipsa
1131 4884 1360 4939 historia
1395 4885 1711 4941 ediscimus.
1753 4885 1886 4940 Nam
1939 4902 2063 4940 cum

501 4967 644 5023 bello
672 4970 952 5041 impetitus
979 4974 1046 5027 ab
1072 4974 1346 5030 Absalone
1377 4975 1588 5046 fugeret
1617 4976 1673 5030 in
1708 4976 1925 5031 deserta
1985 4985 2066 5031 at-

501 5074 608 5128 que
659 5071 894 5130 montes,
932 5064 1074 5120 fame
1107 5080 1172 5120 ac
1211 5082 1392 5121 rerum
1429 5068 1675 5137 penuria,
1717 5083 1782 5123 co
1824 5077 2067 5137 tempore

504 5151 848 5218 calamitatis,
887 5156 1177 5212 alllictatus
1205 5199 1218 5221 ,
1269 5158 1390 5228 ejus
1437 5161 1718 5230 angustias
1757 5160 1899 5215 Deus
1935 5175 2064 5214 con-

505 5242 734 5299 solatur.
770 5245 984 5304 Primus
1017 5251 1159 5303 enim
1194 5248 1354 5315 Siba,
1386 5266 1453 5306 ex
1485 5251 1646 5307 domo
1680 5251 1860 5307 Saulis
1886 5251 2064 5305 lamu-

505 5333 614 5399 lus,
644 5336 823 5391 attulit
853 5337 954 5408 ipsi
979 5354 1146 5410 panes
1175 5342 1461 5407 ducentos,
1488 5343 1698 5407 vinum,
1733 5343 1981 5413 palathas
2011 5353 2060 5397 et

505 5437 640 5479 uvas
665 5441 859 5496 passas
895 5447 906 5481 :
979 5436 1163 5499 postea
1194 5446 1322 5486 vero
1369 5430 1596 5488 Berzelli
1630 5430 1940 5488 Galaadites
1969 5431 2064 5486 0b-

2159 3337 2257 3408 τὴν
2291 3337 2409 3389 κατ’
2448 3333 2611 3386 αὐτοῦ
2645 3332 2952 3404 ἐδωρήσατο
2984 3329 3158 3399 νίκην.
3206 3325 3303 3379 Διὰ
3335 3325 3392 3378 τί
3414 3326 3458 3378 δ’
3499 3325 3556 3376 ἐν
3585 3318 3730 3390 αὐτῷ

2158 3426 2237 3497 τῷ
2263 3422 2632 3478 ἐπικαλεῖσθαι
2657 3420 2982 3491 εἰσηκούσθη
3011 3420 3040 3472 6
3069 3417 3263 3483 Δαυῒδ;
3311 3414 3550 3486 Ἐπειδὴ,
3581 3411 3725 3479 ὲλεγο

2160 3516 2385 3588 χόμενος
2418 3514 2522 3567 ὑπὸ
2549 3513 2643 3566 τοῦ
2688 3511 2894 3578 Νάθαν,
2918 3510 3078 3573 εὐθὺς
3111 3511 3189 3572 είς
3237 3508 3527 3578 μετάνοιαν
3568 3503 3726 3572 ἐκάμ-

2163 3607 2291 3678 φθη,
2322 3605 2410 3660 διὰ
2438 3602 2594 3658 τοῦτο
2634 3603 2790 3665 εὐθὺς
2835 3601 3264 3673 προσευχόμενος
3292 3596 3638 3669 εἰσηκούσθη.
3672 3592 3724 3644 '0

2161 3699 2270 3768 γὰρ
2290 3695 2483 3750 πάντα
2505 3695 2691 3749 ποιῶν
2713 3694 2828 3748 ὅσα
2850 3693 3156 3757 βούλεται,
3183 3692 3211 3741 6
3227 3690 3384 3753 Θεὸς,
3405 3686 3723 3741 ὑπακούεται

2163 3789 2501 3861 παραχρῆμα
2523 3828 2537 3851 ,
2569 3787 2663 3840 καὶ
2696 3786 2776 3838 ἔτι
2809 3783 3092 3846 λαλοῦντος
3135 3783 3251 3853 ἐρεῖ
3293 3783 3321 3834 6
3368 3780 3502 3843 Θεός
3523 3796 3536 3810 ⁸
3586 3772 3720 3830 Ἰδοὺ

2165 3874 2417 3944 πάρειμι.

2233 3962 2365 4019 Εἶτα
2393 3964 2625 4038 εἰρηκὼς
2663 3966 2774 4028 τοῖς
2817 3963 3043 4036 πλησίον
3085 3963 3234 4023 ὅπως
3265 3961 3455 4030 τάχιον
3484 3952 3724 4027 εἰσηκού-

2165 4056 2286 4129 σθη,
2318 4057 2509 4130 τρέπει
2554 4058 2644 4109 τὸν
2686 4055 2840 4123 λόγον
2893 4055 3028 4124 πρὸς
3056 4053 3146 4106 τὸν
3172 4051 3322 4116 Θεὸν,
3360 4051 3455 4103 καὶ
3482 4049 3558 4120 τῷ
3587 4048 3726 4099 εἱσα-

2162 4149 2418 4204 κούσαντι
2472 4149 2810 4220 εὐχαριστεῖο
2871 4147 2967 4200 Ἐν
3008 4146 3209 4213 θλίψει
3244 4141 3721 4208 ἐπλάτυνάςμοι.

2161 4242 2243 4294 Τὰ
2264 4241 2329 4294 κύ
2339 4257 2480 4310 ματα
2502 4239 2608 4293 τῶν
2627 4239 2874 4308 θλίψεων,
2899 4238 3080 4308 φησὶν,
3111 4237 3144 4307 ἡ
3175 4237 3365 4304 ταχεῖα
3395 4233 3600 4303 γαλήνη
3623 4229 3724 4284 διέ-

2161 4332 2308 4395 λυσε,
2330 4332 2422 4385 καὶ
2443 4331 2585 4402 λιμῷ
2617 4347 2684 4402 με
2735 4330 3034 4401 τηκόμενον
3074 4326 3181 4380 ἀπὸ
3213 4323 3428 4396 καρποῦ
3464 4323 3609 4375 σίτου
3642 4317 3728 4372 καὶ

2160 4424 2300 4477 οἴνου
2327 4423 2418 4475 καὶ
2447 4422 2624 4476 ἐλαίου
2654 4420 2991 4482 ἐπλούτισας,
3021 4418 3096 4480 ὡς
3136 4416 3210 4487 μὴ
3246 4416 3405 4486 μόνον
3447 4414 3568 4484 ἐμὲ,
3601 4407 3730 4464 ἀλλὰ

2163 4514 2255 4567 καὶ
2281 4514 2488 4576 πάντας
2517 4513 2641 4574 τοὺς
2669 4511 2758 4563 ὑπ’
2783 4511 2883 4580 ἐμὲ
2903 4505 3223 4562 ἀπολαῦσαι.
3250 4504 3341 4556 Διὸ
3367 4499 3726 4560 ὑπωκαταὸὰς

2167 4604 2368 4673 ἐλεγενο
2409 4603 2551 4658 Ἀπὸ
2604 4601 2833 4670 καρποῦ
2871 4601 3041 4654 σίτου
3073 4598 3167 4651 καὶ
3201 4597 3372 4650 οἴνου
3402 4596 3499 4648 καί
3529 4593 3730 4648 ἐλαίου

2167 4697 2364 4752 αὐτῶν
2389 4695 2871 4762 ἐπληθύνθησαν.
2910 4693 2974 4745 Ἠ
3006 4691 3227 4743 ἐκείνων
3255 4687 3508 4740 συνουσία
3538 4686 3729 4754 εὐφρο-

2172 4790 2305 4860 σύνη
2332 4788 2556 4858 καρδίας
2591 4804 2680 4857 μοι
2703 4785 2940 4854 γέγονεν.
2975 4782 3143 4835 Τοῦτο
3185 4781 3240 4834 δὲ
3274 4779 3617 4852 μανθάνομεν
3642 4771 3730 4827 ἀπ’

2167 4881 2338 4952 αὐτῆς
2368 4880 2464 4950 τῆς
2500 4879 2757 4950 ἱστορίας.
2782 4879 2907 4932 Ὅτε
2925 4875 3030 4948 γὰρ
3065 4873 3470 4945 πολεμούμενος
3497 4871 3601 4924 ὑπὸ
3640 4865 3730 4920 τοῦ

2181 4970 2530 5041 ’Λϐεσσαλὼμ
2553 4971 2746 5039 ἔφυγεν
2772 4971 2829 5024 ἐν
2865 4971 2982 5031 ταῖς
3007 4967 3234 5037 ἐρήμοις
3261 4963 3353 5017 καὶ
3379 4965 3437 5016 ἐν
3469 4965 3581 5026 τοῖς
3615 4961 3732 5030 δρε-

2171 5082 2276 5128 σιν,
2305 5063 2446 5135 λιμῷ
2469 5066 2563 5118 καὶ
2585 5063 2797 5135 ἀνάγκῃ
2830 5060 2905 5124 ὡς
2938 5061 2996 5112 ἐν
3023 5056 3243 5128 διωγμῷ
3272 5054 3551 5126 ἐκρατήθη
3576 5070 3590 5086 ο
3623 5049 3731 5104 ἀλλ’

2171 5156 2352 5220 δθεὸς
2395 5155 2558 5210 αὐτοῦ
2601 5156 2698 5226 τὴν
2737 5153 2977 5222 ἀνάγκην
3019 5148 3466 5220 παρεμυθήσατο.
3519 5144 3733 5214 Πρῶτος

2170 5247 2277 5318 γὰρ
2304 5249 2332 5299 6
2356 5246 2485 5299 Σίὸα
2514 5249 2542 5299 6
2573 5247 2636 5298 ἐκ
2682 5243 2774 5296 τοῦ
2819 5243 2965 5297 οἴκου
2996 5241 3090 5293 τοῦ
3118 5238 3287 5292 Σαοὺλ
3330 5237 3564 5306 ἤνεγκεν
3593 5229 3734 5298 αὐτῷ

2173 5340 2364 5409 ἄρτους
2383 5336 2702 5401 διακοσίους,
2742 5335 2836 5388 καὶ
2870 5329 3006 5388 οἶνον
3036 5333 3128 5385 καὶ
3154 5329 3402 5391 παλάθας
3436 5328 3532 5382 καὶ
3555 5319 3737 5391 σταφί-

2171 5432 2266 5496 δας
2288 5449 2301 5462 ο
2353 5427 2470 5484 εἶτα
2509 5429 2645 5501 μετὰ
2696 5427 2883 5481 τοῦτον
2918 5425 3170 5497 Βερζελλὶ
3197 5426 3224 5476 ὁ
3256 5419 3611 5490 Γαλααδίτης,
3645 5412 3734 5470 καὶ

575 5607 618 5638 ⁸¹
663 5608 820 5664 Rom.
858 5626 924 5674 ν,
961 5611 1048 5664 20.
1127 5613 1170 5644 ⁸⁸
1213 5611 1355 5668 Psal.
1389 5628 1556 5677 cxm,
1591 5614 1644 5668 5.
1720 5612 1766 5644 ⁸³
1806 5610 1907 5667 lsa.
1945 5627 2103 5676 Lvm,
2137 5611 2190 5665 9.

577 5782 662 5851 (li
698 5781 822 5836 llaec
865 5782 916 5835 in
940 5783 1127 5840 codice
1161 5783 1484 5843 Taurincnsi
1516 5789 1583 5844 ab
1621 5805 1949 5847 amanuense
1979 5790 2229 5856 adjuncta
2270 5793 2419 5852 sunt,
2455 5801 2552 5840 nec
2577 5784 2842 5840 habentur
2873 5783 2928 5837 in
2953 5779 3074 5835 aliis
3107 5793 3238 5834 mss.
