3948 6286
265 287 362 344 115

1401 302 1537 358 COM
1549 301 1903 359 MENTARIA
1943 302 2009 357 ΙΝ
2049 303 2386 364 PSALMOS.

3413 314 3512 370 HL

263 401 422 466 αὐτὸς
443 404 599 476 αὐτῷ
625 409 963 480 προσήνεγκε
991 412 1121 466 δέκα
1143 413 1346 478 κοίτας,
1370 414 1455 468 ἵνα
1478 415 1550 486 μὴ
1579 418 1834 488 χαμευνῇ,

1955 419 2076 473 tulit
2107 422 2208 493 ipsi
2237 421 2423 478 decem
2452 422 2622 478 lectos
2657 439 2722 480 ne
2749 425 2898 480 humi
2932 427 3188 493 cubaret,
3217 441 3270 483 et
3303 431 3514 500 amphi-

262 496 357 552 καὶ
385 499 804 572 ἀμφιτάπητας,
839 504 966 568 τοὺς
1014 505 1379 576 καλουμένους
1414 505 1509 560 νῦν
1536 508 1842 579 τυλοτάπη-

261 606 381 652 τας,
410 590 507 642 καὶ
531 589 680 645 οἴνου
713 595 953 667 κεράμια
1005 596 1099 649 καὶ
1140 599 1347 670 πυροὺς
1382 601 1475 654 καὶ
1515 601 1709 673 κριθὰς
1749 604 1844 656 καὶ

262 681 494 753 ἄλευρον
521 683 617 737 καὶ
640 684 849 757 κύαμον
865 688 958 740 καὶ
986 689 1173 756 φακὸν,
1193 691 1286 742 καὶ
1311 691 1429 762 μέλι
1455 693 1548 746 καὶ
1565 692 1839 766 βούτυρον,

261 773 354 827 καὶ
384 773 656 845 πρόϐατα,
714 778 808 831 καὶ
845 777 1124 851 γαλαθηνὰ
1169 782 1456 854 μοσχάρια·
1494 784 1843 855 Εύχαριστῶν

255 860 351 918 οὖν
377 866 472 918 ἐπὶ
495 866 706 931 τούτοις
732 869 924 940 φησίν·
972 872 1074 927 Ἐν
1113 874 1311 942 θλίψει
1340 875 1686 943 ἐπλάτυνάς
1719 895 1838 947 μοι.

328 955 397 1008 Τί
431 956 511 1022 δὲ,
563 956 737 1025 λέγων
782 961 1159 1033 είσηκούσθην,
1193 964 1266 1036 μή
1315 965 1521 1036 μακρὸν
1553 967 1842 1034 κατέτονας

255 1045 414 1114 λόγον
439 1063 454 1110 ;
488 1046 581 1118 Μὴ
611 1048 818 1103 πλατὺν
846 1051 1124 1123 ὀνομάτων
1153 1053 1246 1108 καὶ
1282 1053 1541 1125 ῥημάτων
1572 1057 1841 1131 κατέγρα-

251 1139 361 1210 ψας
381 1138 623 1206 πίνακα;
650 1142 935 1214 Οὐδαμῶς,
969 1147 1133 1217 φησιν
1158 1149 1186 1200 6
1211 1149 1370 1201 Δαυῖδ
1388 1166 1401 1180 ·
1436 1150 1494 1203 οὐ
1525 1149 1634 1222 γὰρ
1653 1151 1842 1224 χρῄζει

253 1232 585 1297 πολυλογίας
617 1235 646 1287 ό
676 1233 828 1300 Θεὸς,
871 1237 900 1288 6
937 1237 1028 1291 καὶ
1061 1239 1204 1310 μόνῳ
1238 1242 1526 1314 στεναγμῷ
1566 1244 1840 1315 άρχούμε-

254 1343 364 1388 νος.
399 1324 573 1380 Τοῦτο
600 1327 760 1398 μόνον
792 1329 976 1398 ἔλεγον
1014 1335 1449 1406 προσευχόμενος
1473 1353 1486 1366 ·
1545 1338 1840 1406 Οικτείρη-

251 1432 391 1482 σον,
429 1419 532 1496 καί
573 1419 945 1477 εἰσάκουσον
981 1423 1092 1493 τῆς
1122 1427 1468 1496 προσευχῆς
1505 1447 1644 1498 μου.
1685 1429 1841 1483 Εἴποι

251 1508 308 1561 δὲ
336 1509 516 1562 ταῦτα
547 1510 641 1564 καὶ
673 1512 702 1564 6
733 1511 934 1584 λῃστὴς
976 1515 1033 1567 ὲν
1068 1499 1157 1586 τῷ’
1189 1517 1405 1589 σταυρῷ
1437 1519 1571 1589 πρὸς
1599 1519 1690 1573 τὸν
1728 1520 1841 1573 Κύ-

254 1619 398 1673 ριον·
430 1603 603 1656 εἰπὼν
649 1605 759 1677 γὰρ
808 1607 902 1660 καὶ
955 1607 1418 1681 ἐπικαλεσάμενος
1462 1612 1521 1665 ὲν
1567 1615 1632 1684 τῇ
1676 1613 1841 1667 αὑτοῦ

251 1693 463 1764 θλίψει·
528 1695 850 1767 Μνήσθητι
874 1716 1016 1768 μου,
1061 1701 1254 1769 Κύριε,
1291 1702 1437 1757 ὅταν
1464 1704 1649 1773 ἔλθῃς
1669 1706 1740 1760 ἐν
1767 1704 1842 1774 τῇ

1949 513 2149 581 tapetia
2183 529 2307 582 qua:
2333 514 2445 584 jam
2499 516 2818 586 tylotapetia
2871 527 3136 573 vocantur
3169 560 3182 585 ,
3217 519 3329 573 vini
3384 535 3515 575 vasa

1949 605 2154 676 ﬁglina,
2191 605 2545 672 frumentum,
2596 607 2900 674 hordeum,
2950 609 3203 678 farinam,
3253 609 3407 668 fabas
3462 618 3518 666 et

1947 699 2144 762 lentes,
2179 701 2284 754 mel
2305 709 2359 756 et
2389 701 2666 772 butyrum,
2730 718 2858 759 oves
2880 712 2933 759 et
2957 705 3162 759 lacteos
3184 705 3403 761 vitulos.
3440 706 3512 762 De

1946 791 2031 846 his
2066 793 2249 863 itaque
2270 794 2474 863 gratias
2500 809 2666 866 agens
2685 795 2784 862 ait,
2811 797 2862 849 in
2881 796 3216 851 tribulatione
3272 799 3514 854 dilatasti

1948 881 2095 937 mihi.

2013 975 2129 1031 Cur
2159 986 2340 1032 autem
2369 993 2491 1032 cum
2521 985 2572 1032 te
2601 979 2915 1033 exauditum
2950 980 3053 1045 ais,
3085 995 3192 1034 non
3242 981 3512 1050 prolixum

1946 1079 2258 1121 sermonem
2316 1067 2694 1122 contexuisti‘l
2740 1067 2922 1134 Quare
2949 1085 3058 1125 non
3097 1071 3312 1141 longam
3342 1073 3514 1125 nomi-

1946 1173 2074 1210 num
2105 1158 2507 1230 verborumque
2538 1161 2790 1230 paginam
2835 1163 3118 1217 exarasti?
3170 1162 3513 1229 Nullatcnus,

1947 1249 2124 1320 inquit
2161 1250 2328 1307 David
2363 1296 2378 1320 ,
2404 1268 2581 1323 neque
2606 1256 2778 1310 multo
2807 1271 3058 1312 sermone
3097 1271 3236 1327 Opus
3268 1256 3379 1312 Deo
3409 1264 3514 1323 est,

1944 1343 2034 1397 cui
2085 1343 2168 1398 vel
2216 1345 2368 1400 solus
2399 1348 2631 1412 gemitus
2679 1347 2751 1402 sit
2781 1349 2937 1414 _satis
2975 1367 2988 1402 :
3037 1349 3169 1403 illud
3219 1357 3428 1404 tantum
3461 1352 3515 1405 in

1946 1434 2197 1490 oratione
2210 1434 2345 1500 dixi,
2367 1433 2612 1494 Miserere
2646 1441 2767 1504 mei,
2799 1450 2846 1494 et
2872 1439 3069 1494 exaudi
3097 1440 3385 1494 orationem
3403 1458 3514 1495 me-

1945 1543 2052 1580 am.
2098 1525 2234 1582 lllud
2269 1529 2433 1583 etiam
2463 1529 2692 1586 Domino
2737 1533 2942 1588 dixerit
2969 1533 3026 1588 in
3060 1549 3226 1589 cruce
3272 1534 3517 1604 pendens

1948 1621 2109 1687 latro,
2145 1622 2239 1692 qui
2269 1623 2321 1677 in
2357 1625 2604 1679 cruciatu
2635 1625 2814 1695 ipsum
2856 1627 3126 1682 invocavit
3171 1628 3258 1684 his
3285 1629 3467 1684 verbis
3501 1645 3514 1680 :

1949 1715 2210 1770 Memento
2226 1717 2346 1781 mei,
2367 1716 2608 1783 Domine,
2626 1735 2744 1772 cum
2758 1721 2955 1775 veneris
2972 1722 3028 1775 in
3049 1738 3260 1792 regnum
3285 1731 3431 1777 tuum
3449 1725 3515 1779 “.

247 1784 543 1852 ,ϐασιλείᾳ
591 1801 730 1852 σου,
787 1788 1136 1860 εἰσηκούσθη,
1182 1793 1276 1845 καὶ
1326 1793 1448 1846 ἀντὶ
1478 1795 1710 1866 σταυροῦ
1751 1795 1834 1850 τὸν

1943 1805 1993 1862 Is
2028 1808 2157 1863 item
2218 1809 2506 1865 exauditus
2536 1817 2656 1876 est,
2689 1825 2752 1865 ac
2785 1812 2966 1868 crucis
3017 1813 3138 1869 loco
3199 1815 3516 1883 paradisum

252 1876 589 1948 παράδεισον
620 1877 824 1950 ᾤκησε,
857 1881 951 1934 καὶ
983 1881 1205 1953 πολίτης
1234 1884 1426 1953 γέγονε
1462 1885 1558 1939 τοῦ
1585 1886 1837 1958 οὐρανοῦ.

251 1971 421 2033 Αὐτὸς
449 1971 554 2024 καὶ
586 1971 724 2042 πρὸς
768 1973 894 2036 τοὺς
947 1973 1231 2038 Ἰουδαίους
1257 1975 1509 2047 βοήσεται
1529 1995 1541 2008 ·
1590 1980 1706 2032 Υἱοὶ
1733 1980 1839 2034 ἀν-

256 2061 522 2128 θρώπων,
542 2062 653 2128 ἕως
669 2065 814 2117 πότε
822 2064 1212 2134 βαρυκιίρδιοι
1230 2082 1248 2129 ;
1275 2066 1540 2120 θεάσασθε
1553 2068 1650 2139 τὴν
1663 2070 1838 2123 κτίσιν

255 2157 324 2226 τῷ
340 2158 544 2228 κτίστῃ
574 2158 1023 2229 συμπάσχουσαν.
1045 2160 1128 2223 El,
1152 2160 1242 2212 τὸν
1261 2159 1511 2232 Λάζαρον
1538 2165 1736 2235 τετραή
1746 2181 1840 2234 με-

255 2267 339 2318 ρον
355 2249 466 2303 ἀπὸ
485 2249 585 2304 τοῦ
606 2251 779 2320 τάφου
801 2252 1062 2322 τρέχοντα
1086 2252 1301 2318 ίδόντες,
1334 2253 1433 2306 οὐκ
1460 2255 1837 2322 ἐπιστεύσατε,

248 2339 337 2391 νῦν
370 2339 509 2408 γοῦν
543 2343 961 2412 προσκυνήσατε
994 2341 1086 2394 τοῦ
1120 2343 1532 2414 Σταυρωθέντος
1555 2344 1651 2418 τὴν
1675 2345 1836 2400 δύνα-

249 2449 336 2502 μιν
364 2449 376 2460 ·
413 2432 650 2503 νεκροὺς
701 2431 731 2483 ό
785 2434 1006 2502 σεισμὸς
1057 2433 1373 2506 ἀνέστησεν,
1419 2435 1515 2489 καὶ
1561 2437 1720 2508 ὑμεῖς
1769 2441 1836 2512 τῇ

245 2525 474 2595 ἀπιστίᾳ
505 2524 822 2579 καθεύδετε.
885 2525 984 2579 Διὰ
1025 2527 1075 2579 τί
1115 2527 1496 2601 βαρυκάρδιοι;
1533 2531 1702 2604 Τοῦτο
1739 2533 1838 2604 μὲν

242 2615 327 2668 διά
350 2616 412 2669 τ’)
436 2618 514 2689 μὴ
542 2619 911 2690 κατανυγῆναι
937 2621 1048 2685 τοῖς
1076 2619 1368 2692 θαύμασιν,
1405 2603 1640 2678 τοῦτοδὲ
1656 2603 1750 2679 διά
1775 2625 1837 2680 τὸ

244 2706 302 2771 ἐξ
333 2708 655 2780 ἀφροσύνης
699 2710 909 2781 βαρέως
960 2713 1101 2768 κατὰ
1127 2715 1221 2768 τοῦ
1254 2717 1491 2789 Χριστοῦ
1531 2719 1833 2790 ὀργίζεσθε.

243 2803 472 2874 Μάρτυς
505 2806 542 2876 ή
567 2805 758 2877 Γραφὴ
780 2805 1009 2862 εἰποῦσα
1029 2824 1043 2838 ⁸
1080 2808 1241 2877 Βαρὺ
1273 2811 1443 2877 λίθος
1473 2810 1573 2865 καὶ
1611 2810 1836 2866 δυσϐά-

243 2910 509 2962 στιικτος
557 2895 776 2967 ἀμμοςο
814 2898 958 2968 ὀργὴ
986 2899 1054 2952 δὲ
1088 2900 1350 2970 ἄφρονος
1385 2902 1720 2972 βαρυτέρα·
1754 2904 1836 2958 ὅτι

244 2985 364 3039 οὔτε
414 2987 674 3060 νουθεσίᾳ
730 2989 1000 3060 θέλγεται,
1030 2992 1122 3045 καὶ
1166 2991 1419 3064 θαύματα
1443 2993 1656 3064 βλέπων
1685 2993 1836 3066 ὀργί-

243 3077 390 3141 ζεται
401 3119 413 3131 .

1945 1899 2157 1965 incolit,
2191 1906 2354 1970 atque
2387 1901 2532 1956 inter
2561 1903 2708 1958 cives
2736 1904 2863 1958 coeli
2905 1905 3200 1974 ascriptus,
3236 1906 3318 1962 sic
3338 1905 3518 1961 Judae-

1943 2004 2005 2044 os
2039 1989 2287 2045 clamans
2335 1991 2683 2060 compellabit
2713 2011 2726 2046 :
2770 1990 2902 2045 Filii
2929 1993 3221 2060 hominum,
3251 2009 3516 2064 usquequo

1943 2081 2092 2151 gravi
2118 2081 2295 2146 corde,
2320 2097 2412 2137 res
2437 2089 2653 2139 creatas
2681 2084 3000 2154 conspicitis
3031 2084 3280 2140 Creatori
3311 2087 3516 2140 condo—

1941 2173 2154 2228 lentes?
2184 2172 2240 2228 Si
2270 2173 2698 2243 quatriduanum
2736 2173 3003 2230 Lazarum
3037 2190 3068 2232 e
3109 2176 3362 2246 sepulcro
3387 2192 3515 2231 cur-

1939 2273 2146 2317 rentem
2171 2278 2295 2318 cum
2319 2263 2596 2330 videretis,
2626 2281 2735 2321 non
2765 2266 3096 2331 credidistis,
3136 2276 3190 2321 at
3228 2283 3375 2322 nunc
3404 2269 3513 2323 sal—

1940 2359 2049 2407 tem
2085 2354 2343 2410 Crucitixi
2379 2344 2700 2426 potestatem
2757 2356 2981 2413 adoiate
3010 2377 3024 2412 :
3052 2367 3299 2415 mortuos
3353 2368 3514 2415 terra:

1939 2451 2122 2500 motus
2157 2445 2436 2512 excitavit,
2473 2453 2525 2501 et
2547 2462 2646 2502 vos
2677 2447 2731 2500 in
2766 2447 3083 2503 inﬁdelitate
3109 2459 3291 2504 vestra
3306 2449 3514 2504 dormi-

1941 2537 2034 2591 tis.
2061 2536 2242 2603 Quare
2259 2537 2410 2610 gravi
2439 2539 2604 2595 corde
2627 2541 2840 2611 praediti
2869 2543 2893 2595 ?
2925 2542 3149 2598 Scilicet
3173 2543 3298 2613 quia
3327 2545 3394 2598 ob
3410 2545 3515 2598 mi-

1937 2629 2134 2684 rabilia
2179 2640 2331 2701 gesta
2360 2647 2472 2686 non
2506 2633 2937 2703 compungimini
2977 2653 2992 2701 ;
3041 2635 3154 2690 sive
3181 2651 3244 2690 ex
3280 2636 3513 2691 stultitia

1935 2721 2174 2791 graviter
2196 2720 2418 2777 Christo
2438 2724 2800 2778 succensetis.
2829 2723 3070 2794 Hujusce
3118 2726 3196 2779 rei
3240 2726 3396 2781 tesds
3427 2734 3513 2782 est

1938 2811 2224 2884 Scriptura
2258 2830 2379 2885 qua:
2413 2817 2492 2872 sic
2525 2816 2686 2872 habet
2717 2837 2728 2871 :
2766 2815 2934 2871 Grave
2966 2828 3042 2871 est
3071 2833 3282 2884 saxum,
3310 2829 3358 2873 et
3387 2836 3512 2873 one-

1937 2923 2062 2961 rosa
2108 2924 2273 2962 arena
2303 2926 2320 2963 :
2347 2908 2437 2964 sed
2475 2910 2560 2964 ira
2587 2911 2740 2966 stulti
2770 2911 2986 2976 gravior
3028 2910 3074 2942 ⁵⁸
3103 2928 3118 2976 ;
3159 2911 3288 2981 quia
3334 2928 3510 2983 neque

1937 2999 2162 3055 monitis
2192 3001 2450 3069 allicitur,
2478 3011 2533 3060 et
2561 3003 2832 3058 miracula
2858 3020 2982 3058 cum
3009 3001 3174 3067 videt,
3209 3003 3344 3058 iram
3375 3021 3509 3060 con-

1937 3088 2090 3160 cipit.

311 3196 440 3248 Ἰνα
473 3197 536 3248 τί
579 3193 847 3266 ἀγαπᾶτε
872 3199 1254 3268 ματαιότητα,
1291 3199 1382 3253 τὸν
1409 3199 1702 3273 Βαραῶὰν
1734 3200 1827 3257 τοῦ

2010 3201 2077 3258 Ut
2094 3205 2220 3276 quid
2240 3205 2462 3278 diligitis
2496 3209 2781 3262 vanitatem
2806 3210 2935 3279 ;qui
2969 3210 3267 3267 Barabbam
3289 3211 3512 3268 Christo

244 3288 481 3359 Χριστοῦ
531 3290 993 3360 προτιμήσαντες,
1041 3293 1132 3346 τὸν
1179 3293 1344 3362 φονέα
1397 3293 1538 3366 ὑπὲρ
1577 3294 1668 3350 τὸν
1697 3292 1829 3358 ζωο-

245 3381 392 3434 ποιὺν
420 3420 434 3443 ,
463 3379 565 3452 τὴν
596 3380 873 3452 βασιλείαν
925 3383 1017 3437 τοῦ
1061 3384 1339 3456 Καίσαρος
1380 3385 1521 3456 ὑπὲρ
1553 3386 1652 3458 τὴν
1677 3385 1830 3457 βασιο

245 3472 390 3526 λείαν
423 3473 533 3526 τῶν
564 3474 832 3546 οὐρανῶν,
864 3477 964 3548 τὴν
1007 3478 1280 3548 ἁμαρτίαν
1311 3478 1411 3550 τὴν
1440 3478 1626 3550 ἄμμου
1655 3497 1830 3551 παρα-

245 3561 360 3626 λίας
390 3563 705 3636 βαρυτέραν
736 3566 876 3639 ὑπὲρ
894 3567 992 3639 τὴν
1025 3567 1393 3640 δικαιοσύνην,
1431 3571 1498 3624 τὰ
1521 3571 1831 3643 πρόσκαιρα

246 3656 382 3727 ὑπὲρ
411 3655 484 3709 τὰ
534 3654 750 3720 αίὼνια,
799 3658 897 3731 τὴν
933 3658 1139 3730 φθοράν
1185 3661 1327 3733 ὑπὲρ
1358 3661 1456 3732 τὴν
1491 3660 1828 3732 ἀφθαρσίαν;

255 3749 415 3803 Ἀλλὰ
439 3751 578 3821 πρὸς
589 3751 801 3815 τούτοις
825 3753 917 3806 καὶ
951 3751 1210 3824 ζητεῖσθε
1233 3753 1482 3824 ¹ψεῦδος,
1522 3753 1832 3826 ψευδομάρ-

244 3859 410 3914 τυρας
465 3843 824 3915 ἐξωνούμενοι
879 3845 1024 3900 κατὰ
1092 3846 1193 3917 τῆς
1240 3845 1490 3918 ἀληθείας
1541 3845 1827 3914 λέγονταςο

250 3935 469 3988 Τοῦτον
495 3934 750 4003 εὕρομεν
794 3935 1230 4006 διαστρέφοντα
1272 3937 1338 3991 τὸ
1370 3937 1566 4004 ἔθνος,
1599 3937 1693 3991 καὶ
1717 3955 1830 3991 κω-

241 4028 470 4079 λύοντα
493 4024 575 4090 τῷ
599 4027 854 4095 Καίσαρι
882 4029 1072 4098 φόρον
1108 4027 1356 4084 διδόναι.
1408 4029 1692 4084 Ἀνασείει
1725 4029 1832 4082 τὸν

242 4117 392 4170 λαὸν
427 4115 755 4172 διδάσκων.
787 4121 856 4172 El
881 4119 968 4188 μὴ
1006 4114 1086 4189 ἦν
1116 4115 1295 4186 οὗτος
1338 4118 1678 4185 κακοποιὸς,
1719 4121 1831 4174 οὐκ

245 4207 316 4260 ἄν
347 4223 452 4262 σοι
477 4208 905 4280 παρεδώκαμεν
936 4211 1141 4264 αὐτόν.
1167 4211 1278 4264 Καὶ
1316 4211 1368 4264 τί
1402 4209 1829 4282 ὲκακοποίησεν;

244 4300 321 4352 ὃτι
343 4299 640 4364 νοσοῦντας
685 4302 894 4368 ίάσατο,
925 4303 1007 4357 ὅτι
1051 4303 1312 4374 δαίμονας
1337 4305 1724 4374 ἐφυγάδευσεν,
1750 4306 1833 4358 ὅτι

245 4392 473 4463 νεκροὺς
533 4392 753 4463 ἤγειρεν
779 4433 794 4458 ,
837 4395 919 4448 ὅτι
959 4397 1024 4449 ὲκ
1084 4396 1245 4450 πέντε
1289 4395 1469 4467 ἄρτων
1513 4395 1834 4468 ἰσαρίθμους

247 4484 490 4554 χιλιάδας
529 4484 588 4537 ὲν
611 4485 802 4557 ἐρήμῳ
827 4486 936 4540 διέθ
947 4487 1074 4558 ρεψε
1109 4486 1279 4558 χωρὶς
1299 4488 1572 4555 γυναικῶν
1595 4489 1686 4540 καὶ
1708 4488 1832 4541 παί-

245 4577 375 4643 δων;
405 4578 533 4631 Ἔτι
554 4579 586 4648 ή
611 4577 786 4650 τροφὴ
830 4580 888 4631 ἐν
939 4579 1016 4650 τῷ
1061 4580 1296 4652 λάρυγγι
1341 4580 1436 4633 καὶ
1463 4579 1524 4632 τὸ
1550 4579 1745 4648 ψεῦδος
1774 4581 1832 4634 ὲν

246 4668 318 4739 τῷ
339 4670 594 4740 στόματι.
636 4671 747 4724 Καὶ
788 4673 902 4734 τοῖς
941 4671 1020 4741 τῷ
1061 4672 1417 4744 Ἀϐεσσαλὼμ
1458 4671 1831 4736 συναποξενω-

246 4764 414 4818 θεῖσιν
447 4764 634 4832 ἔλεγεν
669 4765 697 4816 ὁ
729 4765 919 4817 Δαυῒδο
957 4764 1022 4817 Τί
1052 4763 1129 4836 τῷ
1153 4765 1373 4836 ἀτάκτῳ
1412 4764 1563 4819 παιδὶ
1591 4765 1830 4836 συναπή-

245 4855 447 4928 χθητε;
496 4855 563 4908 Τί
604 4856 697 4909 τὸν
745 4857 871 4911 Υίὸν
904 4857 1049 4911 κατὰ
1081 4857 1285 4930 πατρὸς
1325 4858 1609 4926 disicere;
1648 4857 1712 4910 Τί
1758 4859 1824 4929 τῇ

248 4949 454 5021 ματαία
491 4949 654 5021 βουλῇ
689 4948 785 5002 τοῦ
853 4950 1129 5021 Ἀχιτόφελ
1174 4951 1609 5022 ἠκολουθήσατε;
1675 4950 1738 5003 Et
1797 4951 1825 5003 6

248 5040 566 5109 κακολογῶν
599 5041 813 5113 πατέρα
840 5042 874 5113 ἢ
905 5042 1120 5115 μητέρα
1167 5042 1395 5097 θανάτου
1427 5041 1594 5108 ἄξιος,
1625 5043 1653 5096 6
1682 5041 1824 5097 κατὰ

247 5133 451 5204 πατρὸς
477 5134 690 5188 ἀκονῶν
730 5133 882 5204 ξίφος
913 5135 1029 5199 υἱὸς
1071 5133 1301 5198 ποσάκις
1335 5135 1484 5187 ἐστὶν
1508 5133 1658 5199 ἄξιος
1691 5133 1826 5187 ἀπο-

245 5226 460 5292 θανεῖν;
516 5228 643 5282 Ἵνα
683 5227 742 5281 τι
789 5222 882 5281 οὖν
918 5225 1184 5297 ἀγαπᾶτε
1206 5228 1572 5298 ματαιότητα
1597 5225 1696 5280 καὶ
1738 5224 1827 5294 ζη-

248 5317 391 5372 τεῖτε
451 5317 720 5396 ψεῦδος-ς
777 5318 988 5382 Ψεῦδος
1044 5319 1192 5390 λέγει
1268 5317 1364 5373 νῦν
1424 5320 1532 5373 πᾶν
1592 5321 1826 5390 πρᾶγμα

255 5407 496 5478 μάταιον,
547 5412 772 5480 ταχεῖαν
824 5410 924 5480 τὴν
968 5411 1174 5463 πτῶσιν
1217 5411 1310 5464 καὶ
1347 5409 1648 5481 μεταϐολὴν
1681 5409 1832 5480 ἔχονι

253 5501 416 5568 Πλὴν
429 5501 673 5571 μάταιοι
704 5505 758 5556 οἱ
788 5502 908 5557 υἱοὶ
946 5500 1064 5557 τῶν
1094 5503 1437 5571 ἀνθρώπων,
1483 5502 1729 5571 ψευδεῖς
1769 5505 1827 5557 οἱ

252 5593 359 5646 υἱοί
387 5593 508 5646 τῶν
544 5593 882 5664 ἀνθρώπων
903 5594 974 5648 ἐν
994 5593 1208 5665 ζυγοῖς,
1239 5595 1350 5649 τοῦ
1394 5594 1696 5664 ἀδικῆσαι.

319 5774 366 5808 ⁸⁸
402 5775 540 5832 Luc.
573 5793 708 5832 mn
733 5817 746 5840 ,
790 5777 881 5830 42..
953 5778 994 5807 ⁵⁸⁵
1037 5776 1195 5832 Prov.
1232 5794 1411 5842 uvn,
1443 5779 1495 5833 5.

1929 3297 2268 3366 przetulistis,
2287 3298 2615 3354 homicidam
2634 3303 2757 3354 vitae
2775 3303 3004 3366 auctori,
3031 3320 3257 3374 regnum
3279 3304 3512 3359 Caesaris

1932 3403 2099 3460 regno
2113 3390 2400 3454 caelorum,
2424 3401 2706 3461 peccatum
2725 3408 2888 3448 arena
2906 3395 3074 3450 maris
3103 3395 3325 3466 gravius
3356 3395 3514 3465 justi-

1932 3479 2040 3542 tias,
2093 3485 2442 3548 temporanea
2491 3480 2731 3543 aeternis,
2769 3483 3176 3550 corruptionem
3226 3482 3515 3552 incorrup-

1930 3568 2094 3641 tioni?‘
2105 3567 2210 3624 Sed
2224 3570 2509 3640 etinsuper
2520 3572 2757 3642 queritis
2775 3572 3127 3634 mendacium,
3144 3571 3417 3643 falsosque
3433 3579 3512 3627 te-

1932 3669 2043 3716 stes
2065 3670 2255 3716 contra
2274 3663 2557 3717 veritatem
2596 3663 2902 3719 conducitis
2922 3665 3035 3718 haec
3051 3664 3294 3720 dicentes
3321 3684 3332 3717 :
3356 3663 3520 3718 Hunc-

1931 3751 2222 3804 invenimus
2284 3749 2663 3804 subvertentem
2723 3752 2995 3820 populum,
3053 3759 3104 3805 et
3155 3749 3510 3819 prohibentem

1933 3841 2132 3894 tributa
2155 3841 2285 3895 dare
2315 3839 2544 3896 Ccesari.
2601 3839 2902 3896 Commovet
2945 3842 3193 3911 populum
3223 3840 3412 3895 docens
3440 3842 3508 3896 ⁵⁸.

1934 3933 2060 3988 Nisi
2093 3941 2228 3988 esset
2255 3934 2338 3986 hic
2362 3933 2700 4002 malefactor,
2726 3950 2830 3987 non
2849 3931 2942 3986 tibi
2967 3931 3375 3986 tradidissemus
3392 3947 3513 3985 eum

1933 4027 2000 4082 ⁸⁷.
2029 4026 2172 4096 Quid
2202 4035 2386 4081 autem
2427 4027 2564 4081 mali
2596 4025 2724 4082 fecit
2752 4027 2775 4080 ’ί
2803 4041 2871 4079 an
2913 4026 3042 4095 quia
3071 4039 3249 4096 aegros
3273 4025 3509 4089 curavit,

1932 4117 2214 4172 daemones
2246 4115 2470 4187 fugavit,
2516 4124 2765 4171 mortuos
2803 4115 3093 4171 suscitavit
3125 4115 3148 4168 ?
3179 4131 3246 4168 an
3281 4115 3408 4185 quia
3444 4131 3511 4169 ex

1937 4210 2184 4280 quinque
2211 4208 2445 4278 panibus
2473 4207 2700 4262 totidem
2738 4208 2908 4262 millia
2928 4207 3212 4261 hominum
3248 4207 3300 4260 in
3329 4223 3510 4261 eremo

1935 4302 2156 4357 satiavit
2184 4302 2429 4371 exceptis
2449 4301 2771 4356 mulieribus
2792 4308 2846 4356 et
2869 4300 3154 4371 parvulis?
3171 4299 3363 4355 Adhuc
3384 4316 3511 4356 esca

1935 4395 1990 4447 in
2025 4401 2246 4466 gutture
2293 4394 2538 4464 ipsorum
2569 4402 2708 4458 erat,
2747 4392 2878 4447 dum
2917 4392 3266 4448 mendacium
3303 4393 3358 4447 in
3393 4407 3508 4447 ore.

1935 4486 2113 4558 Atque
2143 4485 2211 4541 iis
2238 4488 2332 4557 qui
2360 4486 2428 4541 ad
2462 4487 2793 4542 Absalonem
2819 4485 3164 4541 desciverant
3199 4485 3378 4540 aiebat
3407 4483 3511 4536 Da-

1936 4579 2026 4633 vid
2060 4600 2072 4634 :
2101 4578 2214 4634 Cur
2243 4595 2367 4635 cum
2391 4580 2642 4650 improbo
2688 4579 2798 4632 lilio
2831 4577 3159 4632 defecistis?
3190 4575 3302 4631 Cur
3337 4575 3510 4628 tilium

1936 4671 2200 4728 adversus
2229 4681 2447 4742 patrem
2479 4670 2814 4742 concitatis?
2869 4669 3055 4738 Quare
3099 4668 3256 4723 vanis
3283 4666 3509 4723 Achito-

1938 4763 2112 4835 pbclis
2145 4739 2393 4820 consiliis
2451 4780 2656 4820 morem
2691 4739 2885 4836 gchtis
2913 4766 2936 4819 ?
2966 4764 3023 4819 Si
3063 4764 3108 4818 is
3152 4763 3244 4832 qui
3282 4760 3490 4814 maledi-

1938 4856 2077 4910 xerit
2100 4856 2241 4925 patri
2271 4856 2355 4910 v'cl
2386 4856 2548 4910 matri
2597 4869 2773 4912 morte
2795 4856 2995 4928 dignus
3023 4865 3106 4911 est
3140 4893 3156 4920 ,
3191 4853 3284 4924 qui
3316 4861 3505 4906 contra

1935 4959 2142 5020 patrem
2177 4950 2414 5020 gladium
2456 4950 2604 5003 acuit
2662 4959 2797 5020 quot
2827 4949 3098 5003 mortibus
3132 4961 3196 5001 ac
3226 4946 3506 5016 suppliciis

1931 5043 2134 5114 dignus
2161 5046 2184 5098 ’ἒ
2236 5041 2303 5097 Ut
2329 5043 2454 5115 quid
2496 5043 2662 5114 igitur
2693 5043 2915 5113 diligitis
2944 5042 3230 5095 vanitatem
3275 5049 3327 5094 et
3364 5058 3513 5111 qum-

1934 5135 2052 5188 ritis
2107 5134 2440 5190 mendacium
2474 5136 2499 5188 ?
2559 5135 2900 5190 Mendacium
2932 5140 3090 5186 vocat
3139 5133 3506 5203 quodcunque

1934 5240 2133 5279 vanum
2157 5242 2316 5296 opus,
2336 5227 2494 5296 cujus
2520 5233 2769 5296 prompta
2800 5223 2982 5286 ruina,
3019 5225 3300 5293 repentina
3326 5232 3505 5277 muta-

1933 5319 2028 5373 tio.
2078 5318 2443 5373 Verumtamen
2472 5321 2594 5372 vani
2625 5318 2727 5388 ﬁlii
2759 5317 3051 5388 hominum,
3085 5317 3358 5372 mendaces
3403 5315 3504 5386 ﬁlii

1931 5413 2201 5468 hominum
2235 5415 2289 5468 in
2312 5414 2546 5477 stateris,
2586 5421 2640 5465 ut
2667 5412 2859 5482 injuste
2887 5423 3049 5484 agant
3079 5413 3142 5469 ⁸⁸.

1573 5779 1619 5814 ⁵⁸
1665 5777 1789 5836 Luc.
1828 5795 1996 5843 unt.
2030 5778 2084 5833 ξ’.
2166 5778 2208 5810 ⁵⁷
2251 5776 2407 5832 Joan.
2447 5791 2597 5842 xvn,
2630 5779 2716 5834 30.
2793 5776 2837 5808 ⁵³
2879 5774 3024 5832 Psal.
3057 5789 3145 5830 ut
3171 5813 3185 5838 ,
3221 5773 3307 5830 10.
