3948 6286
467 236 575 294 “5

782 351 1338 412 INTERPRETATIO
1375 355 1626 413 PSALMI
1662 357 1727 414 Υ.

465 479 520 536 5.
537 479 605 537 In
633 482 790 552 ﬁnem
817 498 912 550 pro
934 499 997 538 ea
1025 501 1142 555 quw
1157 485 1519 561 hereditatem
1541 491 1877 561 consequitur
1897 491 2034 559 psal-

1082 572 1198 611 mus
1228 557 1421 614 David.

531 661 591 720 In
615 664 775 722 linem
802 666 1042 740 hymnus
1068 669 1372 740 gratiarum
1412 671 1647 729 actionis
1676 674 1894 728 canitur
1932 689 2033 745 pro

462 757 643 812 anima
669 759 784 815 sive
814 775 916 831 pro
937 760 1206 826 Ecclesia,
1233 778 1355 833 quae
1388 762 1445 817 in
1463 764 1705 819 divinam
1746 765 2032 820 hteredita~

460 859 569 903 tem
608 847 701 904 Dei
734 848 955 907 famulis
1007 862 1369 922 praeparatam
1427 853 1670 909 ducitur.
1703 853 1800 911 Est
1828 855 2031 925 quippe

460 942 752 998 haereditas
774 941 948 999 Deum
967 944 1297 1001 .colentibus
1330 957 1551 1016 parata,
1584 955 1640 1003 et
1666 947 1782 1003 haec
1812 947 2030 1018 quidem

457 1050 570 1090 non
594 1036 995 1107 corruptibilis,
1026 1052 1205 1109 neque
1234 1038 1289 1092 in
1321 1039 1533 1097 divitiis
1565 1055 1786 1096 sensum
1816 1055 2032 1095 moven-

456 1127 606 1182 tibus
636 1126 913 1183 consistit.
944 1127 1159 1183 Dicitur
1191 1129 1339 1186 enim
1390 1128 1733 1187 inducendos
1785 1131 2029 1188 haeredes

456 1216 632 1288 ipsius
649 1233 794 1283 esse,
824 1219 878 1273 in
892 1219 1258 1276 Ittereditatem
1282 1221 1759 1291 incorruptibilem,
1784 1225 2029 1278 inconta-

456 1312 740 1376 minatam,
767 1312 1282 1377 immarcescibilem,
1319 1324 1685 1369 conservatam
1713 1316 1768 1370 in
1795 1315 1937 1370 catis
1954 1317 2024 1370 ⁸⁸.

455 1400 515 1456 lu
546 1402 693 1457 illam
730 1418 828 1461 eos
867 1403 963 1474 qui
997 1404 1149 1476 digni
1187 1413 1331 1465 .sunt
1371 1420 1608 1461 evocans
1639 1405 1889 1462 Salvator
1910 1406 2021 1460 ait:

462 1495 645 1551 Venite
676 1498 766 1569 qui
797 1514 831 1551 a
854 1496 1058 1553 dextris
1084 1500 1214 1553 meis
1238 1499 1388 1564 estis,
1422 1499 1676 1555 benedicti
1706 1500 1888 1554 Patris
1902 1501 2022 1564 mei,

451 1587 713 1657 possidete
730 1598 981 1658 paratum
1008 1590 1153 1645 vobis
1188 1606 1406 1660 regnum
1432 1592 1500 1648 °°.
1532 1588 1709 1658 Hujus
1729 1605 1914 1646 amore
1932 1605 2026 1645 ca-

1133 236 1403 294 EUSEBII
1443 240 1923 298 CESARIENSIS
1958 243 2109 299 OPP.
2151 242 2331 299 PARS
2369 242 2455 299 Ill.
2488 272 2561 286 -—
2596 240 3005 297 EXEGETICA.

3592 246 3687 302 Ηθ

2520 361 2712 415 ΕΡΜΙῘ
2720 362 2876 414 ΝΕῘΛ
2902 359 3203 414 ΨΑΛΜΟΥ
3234 361 3310 414 E'.

2135 493 2239 562 Είς
2273 495 2337 550 τὸ
2370 495 2548 563 τέλος
2587 491 3421 618 ὑπὲρτέἦῖἔέἔὲρονομούσης
3459 495 3688 565 ψαλμὸς

2751 582 2831 630 τῳ
2875 582 3073 618 Δαυιο.

2202 679 2296 742 Εἰς
2328 677 2393 732 τὸ
2440 677 2591 741 τέλος
2644 678 2995 750 χαριστήριος
3021 676 3188 749 ὕμνος
3216 676 3400 748 ᾅδεται
3440 677 3576 749 ὑπὲρ
3593 677 3688 750 τῆς

2130 769 2403 841 ἀγομένης
2432 769 2629 840 ψυχῆς,
2663 770 2785 841 ἦτοι
2830 769 3177 841 Ἐκκλησίας,
3205 772 3284 833 είς
3318 768 3467 822 θείαν
3498 768 3686 841 κληρο-

2129 862 2318 933 νομίαν
2336 863 2745 934 ἡτοιμασμένην
2764 865 2875 926 τοῖς
2888 862 2980 916 τοῦ
2995 862 3128 916 Θεοῦ
3147 862 3521 934 θεραπευταῖς.
3548 864 3688 920 Ἐστι

2128 953 2236 1026 γὰρ
2268 954 2597 1026 κληρονομία
2650 958 2760 1019 τοῖς
2813 953 3171 1026 θεραπεύουσι
3194 954 3425 1026 Κύριονο
3460 956 3611 1008 Ἔστι
3633 956 3686 1008 δὲ

2128 1045 2264 1118 αὕτη
2287 1047 2349 1100 οὐ
2380 1047 2590 1119 φθαρτὴ
2610 1049 2704 1100 καὶ
2728 1049 2786 1101 ἐν
2810 1046 3051 1118 αἰσθητῷ
3069 1047 3282 1117 πλούτῳ
3310 1046 3507 1117 ἔχουσα
3534 1043 3684 1102 εἶναι.

2126 1138 2354 1211 Εἴρηται
2390 1132 2498 1211 γὰρ
2547 1140 2860 1209 εἰσάγεσθαι
2908 1141 3034 1203 τοὺς
3072 1138 3273 1209 ταύτης
3330 1138 3687 1211 κληρονόμους

2125 1232 2213 1296 είς
2232 1231 2634 1301 κληρονομίαν
2659 1231 2961 1300 ἄφθαρτον
2987 1230 3085 1285 καί
3104 1231 3394 1299 ἀμίαντον
3424 1230 3522 1283 καὶ
3551 1229 3690 1300 ἀμά-

2118 1340 2364 1391 ραντον,
2386 1324 2789 1393 τετηρημένην
2805 1324 2874 1377 ἐν
2890 1323 3189 1393 οὐρανοῖς.
3220 1323 3312 1387 Εἰς
3342 1321 3546 1395 ταύτην
3571 1324 3689 1388 τοὺς

2126 1414 2309 1480 ἀξίους
2331 1415 2510 1468 καλῶν
2541 1418 2569 1469 ὁ
2591 1415 2780 1486 Σωτήρ
2798 1431 2811 1443 ·
2840 1412 3017 1468 Δεῦτε
3043 1413 3112 1466 ἐκ
3134 1410 3348 1477 δεξιῶν
3362 1429 3503 1481 μου,
3535 1407 3691 1480 εἴπερ

2125 1509 2243 1579 (sic)
2281 1512 2336 1562 οἱ
2380 1508 2772 1578 εὐλογημένοι
2816 1505 2921 1560 τοῦ
2972 1506 3202 1573 Πατρός
3234 1523 3378 1574 μου,
3415 1507 3692 1571 κληρονο-

2116 1601 2352 1670 μήσατε
2372 1600 2487 1668 τὴν
2501 1599 2947 1669 ἡτοιμασμένην
2961 1597 3105 1667 ὑμῖν
3119 1597 3468 1662 βασιλείαν.
3483 1595 3693 1667 Ταύτης

451 1686 581 1750 ptus
637 1682 731 1752 qui
797 1689 1118 1750 praesentem
1174 1682 1443 1752 psalmum
1511 1683 1723 1745 recitat,
1773 1682 1882 1736 Deo
1930 1682 2017 1753 qui

2125 1690 2301 1761 ἔρωτα
2332 1690 2558 1761 λαϐὼνρ
2583 1691 2674 1743 τὸν
2699 1691 3014 1759 ἐγκείμενον
3051 1688 3265 1760 ψαλμὸν
3305 1687 3502 1756 λέγων,
3536 1688 3693 1758 εὐχὴν

452 1773 630 1845 ipsam
653 1775 975 1844 praeparavit
1001 1774 1303 1829 orationem
1320 1775 1538 1839 emittit,
1557 1783 1616 1830 ut
1632 1776 1831 1848 dignus
1862 1775 2017 1830 habe-

2125 1784 2435 1855 ἀναπέμπει
2477 1784 2554 1854 τῷ
2598 1784 2975 1855 εὐτρεπίσαντι
3001 1784 3172 1856 αὐτὴν
3205 1782 3347 1853 Θεῷ,
3380 1784 3471 1837 ἶνα
3495 1781 3693 1854 ἀξιωθῇ

450 1874 573 1920 atur
597 1866 691 1936 qui
719 1881 842 1923 eam
870 1868 1172 1923 secundum
1221 1876 1608 1924 testamentum
1642 1884 1846 1923 novum
1885 1884 2020 1924 con-

448 1965 732 2028 sequatur,
763 1958 839 2012 ita
867 1967 927 2013 ut
950 1958 1310 2029 inscriptione
1343 1958 1457 2024 illa,
1487 1976 1583 2029 pro
1620 1976 1683 2014 ea
1711 1976 1829 2031 qua:
1853 1960 2019 2015 luere-

446 2048 669 2104 ditatem
717 2050 1075 2121 consequitur,
1106 2063 1263 2105 suam
1317 2049 1494 2120 ipsam
1543 2052 1780 2105 animam
1841 2052 2016 2123 signi-

447 2139 596 2195 licet.

432 2265 440 2279 -
515 2233 685 2291 Vnus.
708 2234 766 2292 2.
804 2234 975 2290 Verba
1003 2251 1119 2290 mea
1146 2234 1366 2291 auribus
1403 2237 1626 2307 percipe,
1656 2235 1897 2303 Domine,
1932 2238 2017 2293 in-

446 2328 620 2400 tellige
650 2329 933 2384 clamorem
965 2345 1157 2383 meum.
1192 2328 1336 2385 Sane
1361 2330 1525 2386 verba
1554 2345 1650 2385 ore
1682 2331 1893 2400 prolata
1920 2346 2018 2386 au-

442 2416 600 2471 ribus
649 2417 1028 2488 percipiuntur
1056 2424 1112 2473 et
1140 2417 1441 2474 audiuntur
1491 2438 1506 2474 :
1561 2420 1769 2476 clamor
1812 2428 2014 2487 autem,

441 2522 552 2562 non
586 2507 807 2577 quidem
835 2508 1042 2574 verbis,
1094 2508 1308 2565 etiamsi
1341 2511 1447 2580 ipsi
1478 2510 1865 2567 dican°tDeum
1896 2513 2019 2568 uni-

440 2614 725 2656 versorum
759 2615 820 2657 se
845 2615 1199 2673 cognoscere,
1222 2617 1287 2657 ac
1314 2602 1475 2659 labiis
1503 2603 1790 2671 conﬁteri;
1828 2604 1926 2661 sed
1960 2605 2018 2660 in

440 2690 628 2754 corde,
677 2691 793 2746 sive
837 2691 894 2746 in
920 2699 1102 2748 mente
1146 2707 1335 2748 eorum
1368 2693 1584 2749 exsistit
1623 2712 1639 2750 :
1691 2709 1757 2749 ac
1792 2711 1861 2750 ne
1907 2711 2016 2751 una

437 2782 660 2853 quidem
686 2797 815 2838 vera
847 2783 916 2839 de
937 2782 1047 2840 Deo
1078 2783 1340 2854 cogitatio
1362 2791 1498 2839 erat.
1530 2783 1856 2857 Huiusmodi
1888 2801 2016 2857 pro-

436 2873 580 2931 fecto
601 2883 721 2930 erat
751 2881 877 2931 ante
893 2874 1191 2932 Salvatoris
1207 2876 1498 2950 adventum
1525 2884 1699 2933 totum
1731 2877 2014 2933 hominum

436 2982 630 3036 genus.
657 2964 926 3037 [nsipiens
966 2975 1147 3023 autem
1188 2967 1480 3023 admodum
1505 2983 1635 3022 vere
1662 2982 1726 3023 ac
1755 2983 2014 3039 germane

2121 1873 2455 1946 κληρονόμος
2518 1875 2685 1945 αὐτῆς
2742 1875 2882 1928 κατὰ
2908 1873 3007 1945 τὴν
3038 1874 3229 1945 καινὴν
3269 1872 3536 1945 διαθήκην
3566 1872 3691 1925 ἀνα-

2118 1965 2394 2037 δειχθῆναι
2417 1984 2431 1999 ο
2462 1967 2538 2030 ὼς
2576 1966 2670 2020 καὶ
2736 1968 2866 2039 περὶ
2912 1966 3012 2036 τῆς
3037 1965 3201 2020 αὑτοῦ
3238 1964 3420 2037 ψυχῆς
3449 1963 3694 2036 σημαίνει

2118 2059 2217 2131 τὴν
2249 2059 2557 2130 ἐπιγραφὴν
2588 2058 2687 2130 τὴν
2712 2057 2864 2128 ὑπὲρ
2892 2056 3003 2126 τῆς
3039 2058 3564 2127 κληρονομούσης.

2193 2236 2270 2292 Τὰ
2314 2235 2554 2306 ῥήματά
2602 2254 2722 2305 μου
2779 2235 3078 2299 ἐνωτίσαι,
3124 2236 3300 2304 Κύριε
3326 2275 3342 2301 ,
3390 2236 3574 2301 σύνες
3623 2231 3695 2301 τῇ

2116 2327 2349 2398 κραυγῇ
2396 2345 2537 2399 μου.
2582 2328 2664 2382 Τὰ
2719 2326 2820 2399 μὲν
2868 2322 2961 2381 οὖν
3019 2327 3236 2399 ῥήματα
3287 2326 3385 2380 διὰ
3436 2326 3696 2396 στόματος

2116 2418 2557 2490 ἐπαγγελλόμενα
2593 2417 2725 2470 ὠσὶν
2771 2415 3024 2470 ἀκούεται
3070 2418 3160 2470 καὶ
3186 2415 3505 2481 ἐνωτίζεται
3526 2433 3540 2446 ·
3570 2417 3601 2484 ἡ
3634 2413 3694 2468 δὲ

2117 2508 2329 2580 κραυγὴ
2376 2509 2437 2563 οὐ
2490 2508 2577 2563 διὰ
2607 2507 2715 2562 τῶν
2765 2507 2958 2578 λόγων,
3002 2506 3104 2561 κᾶν
3150 2508 3307 2561 αὐτοὶ
3355 2499 3690 2560 εἰδέναιὲκαὶ

2115 2602 2392 2673 ὁμολογεῖν
2418 2600 2509 2654 τὸν
2529 2601 2623 2654 ἐπὶ
2654 2601 2870 2657 πάντων
2887 2601 3020 2655 Θεὸν
3039 2601 3151 2664 τοῖς
3167 2599 3373 2671 χείλεσι
3400 2600 3684 2669 φάσκοιεν-ο

2115 2695 2228 2749 ἀλλ’
2250 2696 2306 2747 ἐν
2335 2697 2402 2765 τῇ
2434 2694 2633 2765 καρδίᾳ
2688 2692 2919 2758 ἑαυτῶν,
2954 2691 3231 2747 τουτέστιν
3266 2693 3333 2744 ἐν
3357 2692 3422 2761 τῇ
3448 2686 3687 2761 διιανοίᾳο

2114 2786 2233 2840 οὐδὲ
2291 2785 2387 2857 μία
2438 2804 2521 2850 τις
2574 2785 2781 2857 ἀληθὴς
2836 2784 2966 2857 περὶ
3014 2782 3150 2838 Θεοῦ
3198 2783 3450 2855 ὑπῆρχεν
3496 2780 3685 2833 ἔννοια.

2114 2879 2363 2944 Τοιοῦτος
2397 2879 2493 2950 μὲν
2533 2872 2625 2933 οὗν
2678 2877 2974 2950 ἐτύγχανεν
2994 2879 3101 2941 πᾶς
3134 2876 3164 2928 ὁ
3186 2875 3293 2947 πρὸ
3325 2875 3428 2945 τῆς
3456 2872 3550 2926 τοῦ
3584 2872 3691 2925 Σω-

2111 2968 2274 3042 τῆρος
2297 2967 2451 3040 ἡμῶν
2473 2968 2771 3040 παρουσίας
2794 2967 2924 3038 βίος.
2946 2968 3021 3037 (ι)
3041 2966 3260 3037 Ἄφρων
3271 2964 3331 3017 δέ
3356 2963 3691 3035 ἀληθέστατα

436 3059 640 3115 dicitur
666 3060 761 3131 qui
788 3068 952 3132 negat
996 3059 1186 3115 Deum.
1211 3058 1350 3114 Nam
1404 3060 1452 3115 si
1488 3060 1703 3114 initium
1743 3061 2015 3129 sapientia:

2125 3061 2208 3113 καὶ
2261 3058 2614 3135 φυσικώτατα
2654 3061 2683 3112 ὁ
2726 3059 3046 3130 ἀρνησίθεος
3093 3057 3434 3127 ὠνόμασται.
3484 3056 3548 3108 Ei
3587 3052 3693 3124 γὰρ

438 3154 598 3208 timor
619 3153 834 3211 Domini
851 3155 921 3216 ⁸³,
954 3152 1237 3223 despectio
1268 3168 1333 3208 ac
1377 3159 1726 3224 contemptus
1754 3152 1870 3219 Dei,
1915 3169 2014 3225 op-

434 3247 648 3316 positus
680 3245 959 3317 sapientiae
982 3244 1165 3300 fuerit.

507 3333 675 3393 Vsus.
703 3336 758 3392 4.
795 3335 1061 3403 Quoniam
1093 3334 1162 3389 ad
1219 3343 1266 3390 te
1314 3334 1498 3402 orabo,
1544 3334 1800 3400 Domine,
1861 3351 2014 3389 mane

434 3427 685 3484 exaudies
710 3445 882 3483 vocem
915 3445 1086 3482 meam
1111 3445 1130 3483 :
1158 3445 1310 3484 mane
1343 3428 1565 3487 adstabo
1596 3428 1689 3482 tibi
1719 3438 1769 3483 et
1816 3429 2013 3483 videbis

434 3536 535 3575 me.
564 3517 660 3575 His
715 3518 944 3575 docetur
974 3519 1156 3573 anima
1188 3534 1311 3589 quae
1366 3518 1740 3575 haereditatem
1789 3522 2013 3591 accipit,

433 3612 759 3668 diurnorum
812 3627 1040 3682 operum
1092 3610 1367 3682 primitias
1416 3611 1602 3669 divino
1663 3629 1784 3670 esse
1833 3618 2006 3670 cultui

432 3702 839 3760 consecrandas
872 3722 886 3757 :
920 3701 1063 3773 quod
1098 3701 1288 3772 utique
1332 3716 1444 3757 non
1474 3701 1699 3769 faceret,
1735 3704 1782 3758 si
1812 3703 1867 3758 in
1892 3704 2010 3775 ipso

431 3795 600 3850 cubili
639 3795 696 3850 in
726 3794 846 3865 ejus
879 3794 1206 3850 oblivionem
1241 3796 1468 3851 veniret.

501 3884 671 3941 Vnus.
703 3885 757 3950 5,
786 3885 841 3941 6.
868 3885 1133 3952 Quoniam
1163 3902 1269 3940 non
1292 3884 1436 3940 Deus
1463 3887 1636 3940 volens
1680 3886 2011 3958 iniquitatem

432 3987 490 4030 tu
516 3993 571 4032 es
602 3993 622 4031 :
651 3992 812 4047 neque
838 3975 1098 4031 habitabit
1112 3977 1276 4046 juxta
1316 3986 1364 4031 te
1388 3979 1676 4047 malignus,
1707 3995 1868 4050 neque
1895 3995 2013 4049 per-

428 4068 713 4123 manebunt
733 4068 919 4138 injusti
946 4078 1066 4124 ante
1092 4068 1270 4123 oculos
1302 4077 1441 4124 tuos.
1479 4067 1674 4139 Utpote
1701 4050 2012 4142 quzedigua

429 4158 615 4215 habita
668 4160 740 4216 sit
773 4174 893 4230 quae
925 4159 1318 4229 promissorum
1347 4160 1614 4214 bonorum
1640 4161 2009 4216 haereditatem

429 4252 724 4322 acciperet,
757 4251 976 4323 iniquos
1012 4251 1118 4308 sibi
1171 4251 1346 4307 oculis
1383 4251 1622 4321 subjicit.
1656 4252 1834 4322 Iniqui
1863 4252 2010 4308 enim

426 4344 644 4429 etiamsi
669 4349 961 4429 antequam
1010 4343 1502 4416 praevaricareutur
1528 4343 1685 4413 juxta
1714 4351 1767 4398 te
1796 4344 2011 4399 habita-

2113 3153 2333 3224 σοφίας
2361 3152 2517 3223 ἁρχὴ
2539 3154 2719 3223 φόϐος
2745 3151 2913 3218 Θεοῦ,
2939 3148 3138 3220 ἀφοϐία
3161 3147 3255 3202 καὶ
3288 3148 3549 3219 ἀθέτησις
3575 3144 3696 3198 τού-

2114 3245 2321 3300 ναντίον
2344 3244 2409 3299 ἂν
2446 3245 2651 3314 γένοιτο
2681 3243 2779 3314 τῆς
2810 3243 3019 3312 σοφίας.

2186 3338 2305 3390 Ὅτι
2330 3335 2478 3406 πρὸς
2505 3336 2579 3390 σὲ
2616 3334 3038 3405 προσεύξομαι,
3059 3334 3253 3402 Κύριε,
3298 3333 3365 3387 τὸ
3392 3330 3547 3402 πρωῒ
3575 3329 3694 3384 eld-

2113 3431 2346 3501 ακούση
2409 3430 2520 3499 τῆς
2566 3427 2771 3499 φωνῆς
2784 3443 2932 3497 μου·
2958 3425 3025 3480 τὸ
3052 3427 3201 3495 πρωῒ
3229 3418 3696 3495 παραστήσομαι

2112 3540 2212 3577 σοι
2238 3524 2336 3577 καί
2365 3521 2565 3592 ἐπόψῃ
2587 3538 2683 3592 με.
2718 3521 3041 3576 Παιδεύεται
3077 3520 3165 3574 διά
3193 3520 3404 3573 τούτων
3438 3520 3472 3591 ἡ
3504 3518 3696 3589 κληρο-

2111 3612 2350 3683 νομοῦσα
2392 3612 2491 3682 τὴν
2533 3611 2786 3681 ἀπαρχὴν
2835 3609 2941 3663 τῶν
2997 3605 3275 3681 ἡμερινῶν
3321 3605 3584 3681 πράξεων
3638 3603 3694 3671 τῇ

2114 3705 2247 3776 πρὸς
2271 3687 2403 3757 Θεὸν
2431 3703 2736 3757 ἀνατιθέναι
2754 3700 2980 3774 λατρεία
2997 3716 3010 3730 ο
3032 3701 3169 3770 ὅπερ
3190 3698 3291 3751 οὐκ
3313 3697 3382 3752 ἂν
3417 3696 3591 3773 ἐποίει
3621 3691 3695 3764 μὴ

2113 3795 2206 3847 καὶ
2236 3793 2345 3847 ἀπὸ
2374 3793 2561 3865 κοίτης
2594 3792 2791 3865 ἐχουσα
2818 3789 2916 3861 τὴν
2946 3787 3239 3858 ἀγνωσίαν.

2186 3888 2313 3941 Ὅτι
2343 3887 2478 3956 οὐχί
2504 3885 2645 3951 Θεὸς
2680 3884 2871 3939 θέλων
2887 3879 3142 3951 ἀνομίαν
3161 3879 3242 3933 σὺ
3273 3875 3353 3934 εἴ·
3395 3880 3469 3933 οὐ
3503 3893 3698 3947 παροιρ

2089 3957 2289 4048 ’κήσει
2308 3996 2408 4034 σοι
2434 3979 2934 4047 πονηρευόμενος,
2969 3973 3111 4051 οὐδέ
3130 3972 3491 4041 διαμενοῦσι
3514 3966 3699 4040 παρά-

2112 4089 2279 4140 νομοι
2304 4070 2618 4124 κατέναντι
2638 4068 2756 4122 τῶν
2783 4065 3106 4136 ὀφθαλμῶν
3133 4078 3270 4119 σου.
3330 4064 3421 4127 Ὠς
3454 4063 3522 4117 ἂν
3545 4060 3696 4133 ἠξιω-

2116 4162 2249 4233 μένη
2286 4162 2392 4215 τῶν
2445 4160 2868 4232 ἐπηγγελμένων
2909 4156 3126 4227 ἀγαθῶν
3171 4157 3205 4226 ἠ
3250 4152 3693 4229 κληρονομοῦσα,

2110 4256 2237 4317 τοὺς
2265 4254 2500 4324 ἀνόμους
2528 4252 2889 4306 ἐπιδείκνυσιν
2919 4251 3107 4320 ἐαυτῇ.
3130 4249 3192 4301 Οἱ
3214 4247 3327 4319 γὰρ
3365 4248 3693 4320 παράνομοι,

2113 4347 2161 4399 εἰ
2191 4347 2285 4399 καὶ
2308 4345 2414 4418 πρὸ
2460 4345 2554 4398 τοῠ
2605 4343 2987 4416 παρανομῆσαι
3029 4339 3374 4410 παρῴκησαν
3419 4339 3508 4392 σοί
3546 4352 3695 4398 ποτε,

427 4424 625 4503 veriut,
672 4424 1130 4509 quemadmodum
1185 4436 1225 4490 ii
1272 4435 1365 4505 qui
1397 4434 1600 4507 Moysis
1634 4436 1807 4506 legem
1848 4450 2004 4492 acce-

2125 4437 2361 4508 ιαθάπερ
2412 4439 2461 4490 οἱ
2492 4438 2589 4490 τὸν·
2633 4435 2909 4497 Μωῦσέως
2963 4432 3243 4503 δεξάμενοι
3296 4431 3505 4502 νόμον,
3563 4427 3696 4494 ἀλλά

425 4548 586 4604 pere;
617 4537 672 4586 at
698 4537 986 4602 postquam
1038 4530 1377 4601 praevaricati
1406 4537 1556 4594 sunt,
1598 4529 1912 4585 nullatenus
1945 4529 1999 4584 in

2125 4527 2421 4600 παραϐάται
2445 4525 2727 4596 γεγονότες
2747 4526 2808 4578 οὐ
2839 4525 3106 4597 μένουσιν.
3128 4523 3334 4584 Μισεϊς-
3366 4520 3428 4575 δὲ
3453 4522 3552 4574 καὶ
3572 4519 3697 4581 τοὺς

427 4624 662 4696 pristino
681 4623 803 4678 loco
824 4628 1050 4676 manent
1086 4639 1101 4675 :
1134 4627 1193 4675 tu
1231 4637 1361 4678 vero
1383 4620 1566 4677 oderis
1589 4636 1684 4676 eos
1711 4621 1807 4692 qui
1837 4636 1870 4675 a
1904 4619 2002 4675 Dei

2125 4618 2214 4684 ἔξω
2238 4620 2337 4691 τῆς
2368 4618 2677 4682 θεοσεϐείας
2716 4619 2775 4673 ἐν
2802 4618 2910 4688 ὅσῳ
2956 4616 3149 4687 μίσους
3177 4615 3305 4681 ἄξια
3334 4616 3693 4686 πράττουσιν.

425 4715 578 4770 cultu
606 4728 884 4770 recessere
903 4751 920 4777 ,
950 4719 1158 4783 quanto
1188 4720 1429 4783 tempore
1460 4712 1495 4767 ii
1526 4711 1651 4768 odio
1684 4712 1846 4783 digna
1875 4727 2000 4783 per-

426 4815 659 4877 petrant.

501 4898 667 4954 Vsus.
700 4900 752 4963 7,
789 4897 843 4954 8.
874 4896 1072 4961 Odisti,
1114 4894 1358 4960 Domine,
1393 4911 1570 4949 omnes
1604 4894 1697 4965 qui
1722 4903 2004 4964 operantur

427 4991 778 5061 iniquitatem,
803 4990 985 5060 perdes
1008 5005 1184 5043 omnes
1220 4988 1310 5058 qui
1340 4987 1623 5057 loquuntur
1649 4986 2003 5041 mendacium.

439 5082 622 5136 Virum
646 5083 962 5153 sanguinum
990 5092 1041 5136 et
1077 5080 1321 5135 dolosam
1359 5079 1696 5134 abominetur
1723 5078 2002 5133 Dominus.

427 5172 547 5228 Non
579 5173 754 5229 solum
812 5188 906 5229 eos
960 5172 1055 5243 qui
1093 5172 1248 5236 olim,
1284 5168 1381 5226 sed
1414 5170 1577 5225 etiam
1621 5185 1717 5227 eos
1750 5170 1843 5241 qui
1889 5169 2003 5239 jam

427 5270 726 5333 operantur
749 5264 1112 5334 iniquitatem,
1159 5264 1206 5319 si
1237 5262 1453 5334 quidem
1483 5263 1539 5316 in
1572 5262 1781 5317 malitia
1813 5278 1997 5334 perse-

427 5363 639 5420 verent,
675 5355 791 5411 odit
823 5355 965 5412 Deus
995 5375 1009 5412 :
1046 5371 1110 5410 ae
1130 5372 1242 5427 prae
1261 5355 1519 5412 omnibus
1550 5355 1810 5425 perniciei
1837 5355 2002 5410 tradit

498 5512 547 5545 ”
587 5510 607 5566 l
636 5509 784 5566 Petr.
817 5527 874 5576 ι,
903 5511 958 5566 4.
1036 5511 1083 5542 ⁸⁸
1124 5510 1314 5568 Matth.
1342 5529 1486 5579 xxv,
1520 5512 1608 5569 '54.
1689 5511 1730 5543 ⁶¹
1769 5509 1917 5567 Psal.
1953 5525 2021 5565 cx
2044 5550 2059 5575 ,

502 5697 577 5768 (l)
616 5695 753 5754 Vide
782 5704 968 5753 notam
999 5695 1052 5751 in
1080 5693 1217 5768 psal.
1249 5709 1377 5750 xvu.

2187 4898 2539 4968 Ἔμίσησας,
2581 4896 2780 4965 Κύριε,
2813 4893 3042 4958 πάντας
3073 4891 3215 4957 τοὺς
3252 4889 3697 4961 ἐργαζομένους

2102 4990 2219 5060 τὴν
2245 4992 2519 5061 ἀνομίαν,
2549 4989 2796 5055 ἀπολεῖς
2815 4987 3042 5053 πάντας
3071 4985 3213 5051 τοὺς
3240 4984 3599 5050 λαλοῦντας
3635 4983 3696 5035 τὸ

2104 5085 2351 5155 ψεῦδος.
2389 5083 2605 5152 Ἄνδρα
2631 5081 2892 5152 αἱμάτων
2917 5080 3014 5134 καὶ
3041 5078 3247 5132 δόλιον
3267 5077 3700 5140 ,ϐδελύσσεται

2105 5177 2338 5244 Κύριος.
2366 5177 2441 5229 Οὐ
2464 5174 2589 5239 τούς
2630 5191 2762 5228 ποτε
2808 5170 3233 5244 ἐργασαμένους,
3257 5167 3404 5222 ἀλλὰ
3442 5168 3541 5223 καὶ
3574 5168 3700 5228 τοὺς

2106 5264 2185 5318 ἔτι
2244 5265 2339 5318 καὶ
2387 5264 2482 5317 νῦν
2521 5256 2935 5335 ἐργαζομένους,
2979 5261 3055 5323 ὡς
3096 5259 3163 5313 ἂν
3208 5257 3584 5328 ἐπιμένοντας
3627 5255 3694 5326 τῇ

2108 5355 2299 5427 κακίᾳ,
2340 5353 2542 5426 μισεῖό
2576 5352 2726 5417 Θεός.
2781 5350 2940 5423 Παρά
2967 5352 3173 5414 πάντας
3195 5348 3253 5402 δὲ
3286 5348 3525 5414 τούτους
3547 5349 3699 5403 ἀπω-

2100 5510 2188 5566 10.
