3948 6286
320 229 416 287 ll?

1450 231 1950 289 COMMENTARIA
1981 231 2050 286 lN
2090 230 2423 286 PSALMOS.

3456 226 3557 283 118

310 350 429 422 λείᾳ.
488 353 822 425 παραδίδωσι
856 357 978 420 τοὺς
1026 355 1099 427 μὴ
1131 356 1290 427 μόνον
1331 355 1469 410 κατὰ
1502 356 1716 426 ἀπάτην
1738 355 1880 424 λογι-

1988 369 2103 419 eos,
2136 354 2226 423 qui
2276 369 2387 407 non
2439 349 2600 406 modo
2629 364 2725 420 per
2779 348 3045 404 fallaciam
3093 347 3374 403 mendacia
3406 349 3560 419 cogi-

311 443 568 517 ξομὲνους
611 447 681 501 τά
703 447 896 519 ψευδῆ,
923 448 1057 502 ἀλλὰ
1098 449 1193 503 καὶ
1230 448 1521 513 λαλοῦντας
1582 449 1741 513 αὐτὰ,
1793 450 1886 502 καὶ

311 538 515 609 ἑτέροις
541 538 1008 611 διακονουμένους,
1036 542 1214 596 ὁποῖοι
1260 543 1618 612 τυγχάνουσιν
1640 543 1688 594 οἱ
1718 541 1884 604 ἄθεοι,

307 632 431 702 αίρρ
441 630 648 685 σιῶται.
679 634 788 687 Kal.
813 635 905 686 ἐπὶ
926 634 1064 688 πᾶσι
1076 635 1284 700 τούτοις
1304 635 1410 688 τὸν
1428 635 1615 703 ἄνδρα
1629 635 1887 704 αἱμάτων

302 714 712 801 βδελύσσεται
727 718 961 786 Κύριος,
987 724 1081 778 καὶ
1109 726 1166 778 ὲν
1196 730 1261 798 τῇ
1296 724 1386 797 ἴσῃ
1425 725 1599 797 τούτῳ
1646 725 1886 796 τιμωρίᾳ

308 812 404 863 καὶ
449 812 548 865 τὸν
592 812 766 866 δόλιον
813 813 1042 886 τίθησιν.
1091 817 1150 871 ’0
1194 817 1250 872 δὲ
1290 817 1583 888 βδελυγμὺς
1616 818 1887 891 ὑπερϐάλ-

307 899 504 954 λουσαν
559 902 930 978 ἀποστροφήν,
978 907 1054 971 ὼς
1098 909 1190 962 ἐπὶ
1231 909 1450 980 μεγάλῳ
1489 909 1770 982 βιάσματι,
1788 908 1884 963 τοῦ

309 992 734 1066 βδελυσσομένου
767 997 902 1070 πρὸς
918 999 1008 1052 τὸν
1043 1000 1328 1070 βδελυκτὸν
1362 1001 1679 1073 παρίστησι.

375 1087 578 1155 Κύριε,
598 1087 906 1158 ὀδήγησόν
910 1108 987 1160 με
1001 1091 1153 1160 ἐντῇ
1171 1091 1526 1162 δικαιοσύνῃ
1545 1108 1660 1148 σου
1675 1109 1687 1124 '
1708 1094 1885 1148 ἕνεκα

304 1177 425 1230 τῶν
476 1178 709 1248 ἐχθρῶν
746 1199 866 1251 μου
920 1185 1286 1240 κατεύθυνον
1326 1184 1583 1240 ἐνώπιόν
1623 1204 1740 1241 σου
1773 1186 1886 1256 τὴν

306 1269 454 1323 ὀδόν
475 1288 620 1339 μου.
653 1273 888 1344 Χριστὸς
905 1274 961 1327 δὲ
988 1277 1020 1346 ἡ
1055 1274 1367 1347 δικαιοσύνη
1388 1293 1403 1306 ο
1441 1277 1607 1340 αὐτὸς
1633 1277 1741 1347 γὰρ
1767 1278 1886 1346 ἐγε-

306 1364 443 1434 νήθη
474 1365 642 1434 σοφία
671 1367 802 1438 ήμῖν
853 1368 961 1422 ἀπὸ
1000 1367 1156 1434 Θεοῦ,
1185 1369 1498 1442 δικαιοσύνη
1524 1387 1583 1423 τε
1607 1371 1703 1424 καὶ
1727 1371 1883 1439 ἁγια-

307 1455 444 1526 σμὸς
465 1459 561 1511 καὶ
585 1459 982 1532 ἀπολύτρωσις.

375 1547 506 1604 Ὅτι
541 1554 653 1606 οὐκ
696 1552 868 1606 ἐστιν
901 1554 971 1608 ἐν
1009 1554 1090 1620 τῷ
1118 1557 1367 1626 στόματι
1393 1556 1592 1612 αὐτῶν
1612 1556 1878 1624 ἀλήθεια,

301 1639 340 1708 ἡ
370 1642 591 1710 καρδία
649 1644 848 1700 αὐτῶν
885 1648 1125 1716 ματαία.
1157 1649 1372 1703 Ματαία
1412 1650 1470 1703 δὲ
1509 1651 1604 1704 καὶ
1642 1649 1748 1703 τῶν
1777 1649 1880 1716 ἔξω

301 1734 479 1802 σοφῶν
505 1736 539 1806 ή
575 1737 773 1808 καρδία
804 1739 932 1812 περὶ
981 1734 1058 1794 ὧν
1091 1741 1302 1813 εἴρηται
1326 1760 1337 1772 ·
1365 1743 1578 1810 Κύριος
1607 1741 1882 1810 γινώσκει
1909 1717 1954 1771 Β

298 1826 439 1891 τοὺς
476 1825 917 1898 διαλογισμοὺς
951 1831 1070 1886 τῶν
1107 1831 1335 1902 σοφῶν,
1361 1833 1448 1886 ὅτι
1470 1834 1589 1887 εἰσὶ
1604 1833 1840 1903 μάταιοι
1864 1851 1877 1864 ·

294 1913 366 1971 ῶν
397 1922 425 1974 6
460 1919 674 1991 λάρυγξ
715 1921 944 1976 ἀπέπνει
989 1923 1160 1994 νεκρὰ
1197 1923 1462 1993 δόγματα,
1496 1923 1585 1976 τὸν
1621 1923 1882 1986 ζωοποιὸν

300 2010 384 2064 τοῦ
408 2012 552 2065 Θεοῦ
581 2013 739 2081 λόγον
765 2013 838 2085 μή
864 2014 1240 2078 διδασκόντων,
1275 2014 1366 2068 τὸν
1398 2015 1454 2067 δὲ
1484 2014 1649 2086 ψευδῆ
1674 2015 1768 2068 καὶ
1791 2033 1882 2068 νε-

303 2103 420 2173 κρόν
442 2117 456 2131 ο
484 2102 714 2171 Κρῒνσν
763 2104 1005 2171 αὐτοὺς.
1035 2107 1068 2159 ὀ
1095 2107 1260 2170 Θεὸς,
1287 2105 1415 2168 τοὺς
1437 2103 1883 2169 ἐπιϐουλεύοντάς

301 2212 395 2264 μου
415 2197 543 2259 ταῖς
575 2197 700 2266 περὶ
731 2196 830 2268 τῆς
851 2196 1211 2269 κληρονομίας
1239 2196 1450 2250 ἐλπίσιν
1468 2215 1481 2227 ο
1518 2191 1663 2252 οῦτοι
1691 2197 1798 2270 γάρ
1821 2215 1881 2252 σε

297 2288 824 2360 παραπικραινοῦσι.
850 2288 1073 2357 Κρῗνον
1091 2307 1104 2320 ·
1161 2288 1255 2344 σοῦ
1279 2290 1388 2358 γὰρ
1418 2289 1610 2354 σώζειν
1661 2291 1883 2346 σπουδά-

297 2378 500 2444 ζοντος,
531 2381 863 2452 πολεμοῦσιν
905 2383 1365 2447 ἐπιϐουλεύοντες.
1412 2382 1668 2437 Βούλεται
1700 2383 1757 2438 δὲ
1787 2384 1882 2438 καὶ

297 2475 492 2538 αὐτοὺς
547 2475 798 2530 ἐντεῦθεν
858 2477 960 2548 ήδη
1017 2477 1327 2546 κριθέντας
1377 2478 1742 2550 ὠφεληθῆναι,
1783 2477 1880 2532 τοῦ

297 2565 536 2638 πλήθους
554 2566 668 2621 τῶν
699 2567 1064 2640 ἀσεϐημάτων
1088 2567 1193 2636 ἔξω
1219 2570 1634 2643 γεγενημένους.

362 2744 480 2798 Kal
499 2745 1016 2814 εὐφρανθήτωσαν
1045 2747 1266 2816 πάντες
1317 2750 1371 2803 ol
1403 2747 1748 2816 ἐλπίζοντες
1779 2749 1878 2804 ἐπὶ

296 2834 387 2898 σὲ,
420 2837 513 2902 εἰς
553 2835 743 2890 αιῶνα
770 2836 837 2906 άγ
847 2836 1244 2892 αλλιάσονται
1269 2837 1367 2893 καὶ
1392 2837 1882 2906 κατασκηνώσεις

297 2927 363 2979 ἑν
388 2925 619 2994 αὐτοῖς.
655 2926 812 2980 Ἀλλὰ
836 2930 931 2981 καὶ
957 2928 1049 2980 ἐπὶ
1069 2929 1167 3000 τῆς
1194 2927 1289 2981 τοῦ
1309 2928 1561 3000 Σωτῆρος
1589 2926 1878 2998 ἐπιδημίας

1986 452 2134 509 tant;
2160 445 2255 499 sed
2278 444 2439 500 etiam
2471 444 2560 496 illa
2592 441 2895 512 proferunt,
2930 440 3157 510 aliisque
3185 457 3246 496 ea
3283 441 3334 494 in
3369 455 3427 494 re
3457 441 3558 494 ad-

1987 538 2223 593 ministri
2275 544 2447 593 sunt:
2485 534 2794 604 cujusmodi
2844 541 2972 588 sunt
3019 534 3159 588 ιιιὲιεί
3201 545 3254 589 et
3293 534 3554 588 haeretici.

1988 630 2091 684 Sed
2127 631 2247 702 plus
2274 645 2435 700 quam
2484 645 2579 684 eos
2609 642 2818 689 omnes,
2868 627 3034 680 virum
3081 627 3393 696 sanguimtm
3427 625 3558 680 abo-

1986 724 2220 776 minatur
2252 720 2524 785 Dominus,
2592 734 2655 772 ac
2681 718 2798 773 viro
2838 718 2963 773 item
2991 717 3178 773 doloso
3217 735 3312 788 par
3351 718 3561 789 suppli-

1985 817 2128 872 cium
2157 815 2412 870 destinat.
2433 812 2777 867 Abominatio
2810 819 2990 866 autem
3027 820 3319 867 extremam
3353 813 3556 868 abomi-

1984 909 2164 964 nanlis
2202 909 2254 962 in
2282 907 2650 962 abominatum
2681 904 3041 972 aversionem,
3073 912 3255 976 utpote
3281 906 3334 961 in
3369 906 3558 962 foedis-

1984 998 2124 1052 simo
2156 997 2377 1059 scelere,
2414 996 2702 1067 signiﬁcat.

2056 1090 2223 1145 Vens.
2297 1089 2352 1144 9.
2391 1089 2652 1153 Domine,
2706 1089 2875 1144 deduc
2903 1107 2982 1144 me
3035 1089 3089 1144 in
3145 1089 3352 1154 iustitia
3409 1101 3500 1145 tua
3535 1106 3555 1145 :

1981 1192 2189 1251 propter
2227 1183 2467 1236 inimicos
2497 1199 2636 1236 meos
2667 1182 2835 1253 dirige
2869 1182 2924 1236 in
2967 1191 3243 1253 conspectu
3289 1193 3376 1237 tuo
3417 1189 3556 1238 viam

1984 1294 2172 1331 meam.
2207 1276 2461 1331 Christus
2493 1290 2624 1329 sane
2650 1275 2861 1345 justitia
2889 1284 3004 1342 est;
3048 1275 3164 1349 ipse
3193 1292 3425 1346 namque
3457 1294 3558 1332 no-

1983 1370 2067 1424 his
2094 1384 2122 1423 a
2145 1368 2254 1424 Deo
2284 1368 2460 1423 factus
2487 1377 2573 1424 est
2604 1369 2892 1440 sapientia,
2920 1368 3131 1439 justitia
3166 1369 3316 1436 item,
3349 1372 3555 1426 sancti-

1986 1459 2164 1514 licatio
2194 1469 2248 1514 et
2278 1460 2596 1530 redemptio.

2051 1551 2214 1607 Vens.
2277 1551 2367 1616 10,
2426 1553 2510 1608 ii.
2577 1551 2838 1622 Quoniam
2901 1570 3006 1608 non
3061 1555 3216 1609 estin
3251 1572 3338 1609 ore
3372 1572 3554 1610 eorum

1984 1642 2191 1707 ve‘itas,
2211 1658 2301 1696 cor
2329 1658 2510 1696 eorum
2545 1658 2732 1695 vanum
2753 1653 2852 1700 est.
2870 1640 3084 1696 Vanum
3114 1657 3328 1714 quoque
3357 1650 3442 1698 est
3462 1658 3557 1696 cor

1981 1735 2315 1789 exoticorum
2344 1734 2908 1805 philosophorum,_de
2925 1735 3126 1806 quibus
3159 1735 3358 1791 dicitur
3395 1754 3407 1789 :
3447 1734 3557 1788 Do-

1983 1826 2154 1880 minus
2205 1827 2347 1882 novit
2397 1827 2738 1897 cogitationes
2771 1829 3087 1898 sapientum,
3134 1829 3381 1899 quoniam
3410 1845 3557 1882 vanae

1983 1927 2103 1972 sunt
2131 1919 2178 1951 “
2203 1937 2217 1973 :
2260 1933 2490 1990 quorum
2521 1928 2706 1989 guttur
2736 1919 3015 1974 mortifera
3035 1920 3253 1976 exhalat
3279 1919 3553 1990 dogmata,

1982 2023 2106 2063 cum
2152 2023 2262 2062 non
2303 2010 2574 2065 viviﬁcum
2607 2009 2702 2065 Dei
2751 2011 2976 2066 verbum
3008 2010 3235 2074 doceat,
3269 2011 3361 2067 sed
3403 2028 3557 2066 men-

1982 2101 2145 2157 dacia.
2164 2109 2217 2158 et
2250 2109 2465 2158 mortua
2491 2101 2735 2173 proferat
2762 2103 2949 2159 verba.
2987 2101 3184 2158 Indica
3216 2103 3361 2166 illos,
3392 2102 3550 2167 Deus,

1980 2195 2076 2266 qui
2127 2211 2259 2252 meae
2287 2195 2355 2252 de
2395 2195 2579 2251 futura
2633 2196 2950 2254 haereditate
3011 2197 3125 2268 spei
3175 2197 3552 2252 insidiantur:

1982 2303 2108 2342 nam
2142 2289 2179 2343 ii
2209 2297 2261 2346 te
2287 2305 2498 2347 summe
2523 2289 2760 2346 irritant.
2788 2289 3012 2356 Judica,
3055 2299 3106 2346 te
3144 2305 3378 2360 namque
3410 2291 3556 2345 salu-

1982 2389 2089 2438 tem
2119 2391 2363 2441 nostram
2393 2393 2742 2457 procurante,
2770 2386 3090 2442 insidiosum
3114 2386 3189 2440 illi
3221 2385 3420 2440 bellum
3457 2402 3554 2455 pa.

1981 2485 2123 2531 rant.
2147 2475 2403 2548 Peroptat
2438 2476 2604 2532 etiam
2636 2476 2902 2534 Dominus
2939 2477 3087 2547 ipsos
3113 2477 3196 2532 vel
3215 2477 3326 2542 jam
3344 2475 3558 2544 judica-

1983 2575 2062 2623 tos
2094 2567 2219 2623 inde
2243 2569 2444 2639 juvari,
2465 2570 2512 2625 si
2538 2570 2755 2640 quidem
2786 2585 2816 2623 a
2842 2568 3189 2626 multitudine
3222 2570 3558 2640 impietatum

1982 2658 2299 2716 abscedant.

2053 2749 2219 2807 Vens.
2255 2751 2353 2806 12.
2381 2751 2448 2806 Ει
2473 2752 2717 2806 ίωιεηειιν
2750 2769 2928 2806 omnes
2957 2753 3047 2822 qui
3080 2761 3291 2822 sperant
3313 2750 3368 2805 in
3404 2763 3470 2813 te.
3502 2753 3557 2805 in

1981 2852 2232 2898 aeternum
2254 2844 2592 2898 exsultabant
2621 2851 2672 2898 et
2705 2843 2972 2898 habitabis
3006 2844 3061 2895 in
3084 2843 3179 2897 eis.
3205 2844 3264 2896 ln
3290 2843 3406 2912 ipso
3433 2842 3554 2895 Sal-

1981 2933 2184 2988 vatoris
2211 2933 2446 2988 adventu
2477 2933 2642 2988 laetati
2675 2940 2812 2992 sunt,
2835 2932 2873 2986 ii
2921 2933 3025 3003 qui.
3054 2933 3174 3003 ejus
3224 2932 3557 2988 incarnatio-

299 3017 692 3089 ηὐφράνθησαν
724 3019 770 3071 οἱ
797 3018 896 3089 τὴν
919 3019 1084 3074 αὑτοῦ
1110 3020 1586 3092 καραδοκήσαντες
1609 3022 1880 3095 ὲνανθρώ-

1987 3038 2104 3076 nem
2137 3023 2526 3092 exspectabant
2560 3042 2572 3077 :
2602 3038 2724 3093 qua:
2753 3022 2972 3095 quidem
3027 3039 3154 3093 spes
3197 3021 3476 3092 prophetis
3501 3029 3558 3076 et

298 3128 460 3183 πησιν
479 3129 492 3141 ·
519 3112 646 3182 ἣτις
691 3114 807 3176 τοῖς
853 3115 1158 3187 προφήταις
1192 3116 1287 3169 καὶ
1316 3119 1428 3180 τοῖς
1451 3115 1630 3173 νοοῦσι
1653 3119 1722 3174 τὰ
1755 3119 1881 3173 τού-

299 3221 399 3256 των
426 3204 713 3272 ἠλπίζετο.
771 3205 1114 3278 Ἐπεδήμησε
1143 3207 1252 3281 γὰρ
1283 3210 1311 3262 6
1347 3209 1477 3274 Θεὸς
1529 3211 1700 3280 Λόγος
1745 3211 1881 3284 σὰρξ

300 3296 556 3365 γεγονὼς,
584 3297 885 3369 προσλήψει
928 3300 1147 3370 σαρκὸς,
1167 3300 1254 3353 ἵνα
1290 3300 1542 3373 σκηνώσῃ
1573 3305 1631 3356 ὲν
1654 3305 1766 3367 τοῖς
1792 3319 1883 3356 πε-

301 3388 650 3442 πιστευκόσιν
675 3388 844 3460 αὐτῷ,
875 3389 1016 3444 κατὰ
1036 3390 1115 3454 τὸ,
1155 3391 1210 3444 '0
1245 3395 1436 3464 Λόγος
1461 3393 1616 3462 σὰρξ⁹
1642 3395 1878 3465 ἐγένετο

301 3482 396 3536 καὶ
437 3480 797 3548 ἐσκήνωσεν
823 3483 894 3536 ἐν
913 3483 1057 3552 ἡμῖν
1087 3501 1100 3514 °
1134 3484 1183 3538 οἳ
1207 3485 1301 3539 καὶ
1326 3488 1406 3550 εἰς
1430 3477 1602 3541 αἰῶνα
1621 3487 1881 3556 ἀγαλλιά-

304 3589 502 3641 σονται,
538 3574 776 3645 ὁρῶντες
802 3574 896 3628 τοῦ
924 3577 1295 3648 σαρκωθέντος
1321 3577 1490 3648 Λόγου
1531 3579 1643 3648 τὴν
1667 3579 1876 3645 δόξαν,

302 3665 378 3731 ὠς
421 3668 810 3735 Μονογενοῦς
865 3670 1026 3738 παρὰ
1080 3670 1332 3738 Πατρός,
1373 3674 1609 3750 πλήρης
1641 3673 1880 3742 χάριτος

303 3761 395 3812 καὶ
414 3760 704 3827 ἀληθείας
755 3758 806 3812 οἵ
835 3760 928 3813 καί
947 3777 1110 3830 φασιν
1135 3780 1146 3791 ·
1168 3764 1236 3814 El
1257 3762 1355 3817 καὶ
1372 3763 1878 3834 ἐγνώκαμενκατίι

304 3850 502 3918 σάρκα
549 3851 828 3920 Χριστὸν,
887 3853 1047 3906 ἀλλὰ
1087 3853 1205 3908 νῦν
1235 3854 1435 3908 οὐκέτι
1483 3856 1876 3927 γινώσκομεν,

307 3942 516 4013 ἔχοντες
541 3942 775 4014 Θεωρίαν
806 3945 903 4016 τῆς
931 3942 1088 4016 δόξης
1101 3946 1288 4011 αὑτοῦ,
1321 3946 1441 4000 καθ’
1478 3949 1544 4020 ἢν
1568 3948 1880 4022 Μονογενής

304 4034 450 4105 παρὰ
483 4035 700 4106 Πατρός
730 4037 899 4090 ἐστιν.

368 4125 478 4178 Καὶ
509 4124 922 4193 καυχήσονται
945 4127 1015 4182 ἐν
1038 4129 1135 4182 σοί
1155 4132 1208 4182 οἱ
1229 4129 1576 4200 ἀγαπῶντες
1602 4131 1666 4186 τὸ
1694 4133 1881 4203 ὄνομά

303 4231 433 4278 σου,
456 4216 547 4269 ὅτι
561 4217 643 4268 σὺ
664 4217 1020 4286 εὑλογήσεις
1046 4220 1278 4276 δίκαιον
1299 4261 1312 4274 .
1346 4220 1528 4295 Οῦσης
1555 4223 1713 4293 λόγου
1734 4241 1873 4279 καυ-

289 4306 681 4376 χήσεως,περ“ι
704 4301 771 4378 ῆς
795 4309 824 4360 ὁ
847 4307 1056 4373 Παῦλός
1082 4327 1246 4382 φησιν
1269 4327 1282 4340 ·
1313 4311 1533 4380 Μηδεὶς
1554 4311 1875 4380 καυχάσθω

1987 3113 2056 3168 iis
2085 3115 2176 3184 qui
2208 3115 2360 3184 paria
2419 3114 2726 3170 sentiebant
2785 3115 2980 3170 inerat.
3032 3114 3265 3169 Advenit
3323 3129 3559 3183 namque

1983 3203 2127 3261 Deus
2155 3203 2393 3261 Verbum
2415 3221 2539 3260 cum
2566 3222 2696 3261 caro
2726 3206 2925 3261 factum
2953 3213 3057 3273 est,
3080 3214 3358 3277 assumpta
3391 3221 3558 3261 carne

1981 3303 2040 3352 ut
2060 3312 2184 3354 cum
2213 3296 2462 3355 ﬁdelibus
2486 3298 2601 3353 suis
2625 3298 2917 3363 habitaret,
2931 3297 3087 3369 juxta
3121 3299 3252 3353 illud
3279 3318 3291 3353 :
3333 3298 3557 3351 Verbum

1980 3407 2104 3446 caro
2130 3389 2328 3460 factum
2359 3400 2438 3445 est
2468 3400 2518 3445 et
2547 3391 2802 3446 habitavit
2849 3392 2903 3444 in
2934 3390 3080 3446 nobis
3117 3391 3182 3445 ⁸³.
3212 3391 3252 3445 li
3287 3399 3465 3445 autem
3501 3390 3556 3443 in

1979 3489 2240 3537 aeternum
2295 3484 2688 3547 exsultabunt,
2743 3483 2991 3538 videntes
3057 3482 3322 3536 incarnati
3391 3480 3557 3536 Verbi

1978 3575 2205 3645 gloriam
2244 3577 2399 3645 quasi
2439 3574 2704 3648 Unigeniti
2736 3593 2767 3628 a
2803 3575 2987 3639 Patre,
3042 3575 3250 3642 plenum
3293 3574 3479 3644 gratia:
3507 3582 3557 3626 et

1979 3669 2212 3721 veritatis
2245 3669 2310 3723 “.
2351 3668 2456 3734 Qui
2509 3668 2698 3722 dicunt
2744 3669 2954 3722 etiam:
3001 3665 3119 3720 Etsi
3169 3666 3575 3736 cognoverimus.

1981 3755 2248 3812 Christum
2273 3756 2556 3812 secundum
2584 3773 2820 3817 carnem,
2856 3771 2973 3824 jam
3003 3771 3105 3807 non
3137 3753 3280 3805 ultra
3322 3752 3572 3804 novimus;

1979 3867 2097 3904 eum
2127 3850 2197 3915 ⁸⁸,
2230 3850 2494 3907 habentes
2522 3849 3032 3918 contemplationem
3066 3846 3250 3917 gloriae
3287 3844 3427 3913 ejus,
3470 3859 3555 3898 se»

1980 3941 2219 3996 cundum
2244 3957 2406 4012 quam
2439 3950 2524 3997 est
2549 3939 2873 4012 Unigenitus
2897 3955 2926 3994 a
2954 3937 3135 3995 Patre.

2051 4114 2216 4174 Vens.
2257 4117 2343 4172 15.
2377 4114 2446 4170 Et
2493 4115 2864 4189 gloriabuntur
2909 4119 2962 4172 in
3003 4126 3049 4171 te
3081 4117 3171 4188 qui
3206 4116 3432 4187 diligunt
3463 4133 3550 4170 no-

1981 4225 2094 4262 men
2149 4217 2318 4270 tuum,
2349 4212 2598 4281 quoniam
2651 4219 2705 4263 tu
2749 4208 3012 4263 benedices
3044 4208 3214 4278 justo.
3246 4207 3382 4262 Cum
3443 4207 3546 4276 glo-

1979 4300 2224 4353 riationis
2253 4301 2480 4355 verbum
2517 4301 2624 4368 sit,
2672 4300 2740 4356 de
2780 4315 2889 4371 quo
2927 4301 3134 4354 Paulus
3171 4299 3246 4354 ait
3284 4318 3299 4354 :
3359 4297 3552 4353 Nullus

303 4393 367 4445 ἐν
401 4395 755 4484 ἀνθρώποις,
798 4399 892 4452 καὶ
933 4399 962 4452 6
994 4402 1278 4474 προφήτης
1299 4419 1312 4431 ’
1361 4402 1456 4470 Μὴ
1495 4404 1815 4473 καυχάσθω
1841 4406 1880 4456 ὁ

1987 4388 2231 4458 glarietur
2259 4391 2313 4444 in
2334 4391 2631 4446 hominibus
2670 4392 2745 4460 5°;
2774 4401 2829 4447 et
2855 4393 3116 4462 propheta
3143 4411 3154 4445 :
3199 4389 3280 4445 Ne
3302 4391 3552 4462 glorietur

303 4483 489 4551 σοφὸς
516 4468 693 4552 ἐν’τῇ
717 4486 903 4554 σοφίᾳ
929 4468 1134 4552 αὐτοῦ,
1284 4487 1353 4541 τὰ
1377 4468 1504 4560 ἑξῆς
1523 4508 1536 4521 ·
1562 4468 1893 4565 ούττοιαύτηη

303 4576 555 4646 τυγχάνει
583 4577 617 4646 ἡ
642 4575 736 4630 τοῦ
764 4576 1012 4646 λῲίοντος
1031 4597 1044 4609 ·
1085 4580 1246 4650 Ἐμοὶ
1264 4581 1332 4634 δὲ
1357 4582 1437 4652 μὴ
1468 4582 1702 4654 γένοιτο
1734 4602 1876 4645 καυ-

302 4666 522 4736 χᾶσθαι
561 4670 614 4721 εὶ
658 4667 746 4738 μὴ
790 4670 860 4723 ἐν
893 4669 972 4738 τῷ
1013 4672 1253 4742 σταυρῷ
1294 4675 1402 4729 τοῦ
1443 4675 1666 4744 Κυρίου
1708 4675 1878 4745 ’ἡμῶν

315 4759 516 4827 Ἰησοῦ
541 4761 831 4828 Χριστοῦ’
879 4763 1011 4827 ’καὶ,
1053 4763 1107 4816 Ὁ
1146 4764 1550 4836 καυχώμενος,
1579 4766 1650 4826 ἐν
1678 4767 1878 4836 Κυρίῳ

303 4851 644 4920 καυχάσθω.
677 4853 918 4907 Τοιοῦτοι
969 4856 1098 4925 περὶ
1146 4848 1222 4910 ὧν
1248 4857 1277 4909 ὁ
1306 4835 1484 4924 λέἧνος,
1510 4835 1876 4929 ήγαπηκότων

301 4945 460 5004 αὑτοῦ
505 4944 570 4997 τὸ
621 4944 814 5016 ὄνομα.
859 4946 1181 5018 Προαιρέσει
1220 4947 1876 5022 γὰρ,οὐ,φὸϐῳ,τετιμη-

303 5036 454 5099 κότες
513 5035 844 5106 ὲκαυχῶντο.
875 5037 1055 5092 Αἴτιον
1077 5039 1133 5092 δὲ
1165 5038 1274 5107 τῆς
1298 5039 1652 5111 καυχήσεως
1676 5041 1746 5094 τὸ·
1763 5041 1874 5094 τῶν

302 5128 634 5199 ἐπουρανίων
680 5130 968 5200 τυγχάνειν
1016 5130 1272 5201 εὐλογιῶν
1298 5149 1311 5162 °
1356 5134 1485 5204 περὶ
1531 5126 1607 5187 ὧν
1647 5151 1810 5206 φησιν
1846 5137 1876 5188 6

314 5221 630 5284 Ἀπόστολος
647 5238 660 5251 °
680 5221 1025 5291 Εὐλογητὸς
1056 5226 1090 5277 ό
1117 5222 1260 5289 Θεὸς
1290 5226 1323 5283 0'.
1352 5222 1694 5293 εὐλογήσας
1719 5224 1876 5294 ἡμᾶς

301 5309 367 5364 ἐν
389 5311 557 5381 πάσῃ
577 5313 823 5382 εὐλογίᾳ
847 5315 1217 5385 πνευματικῇ
1237 5317 1306 5370 ἐν
1330 5316 1455 5383 τοῖς
1473 5317 1870 5386 ἐπουρανίοις.

304 5402 408 5457 Καὶ
438 5403 592 5467 τέλος
635 5403 691 5456 δὲ
733 5404 953 5473 ἀγαθῶν
990 5406 1091 5478 τῆς
1125 5406 1484 5481 ἐλπιζομένης
1508 5409 1874 5482 κληρονομίας

370 5582 600 5654 “hPsal.
641 5598 816 5654 xcru,
845 5584 930 5638 il.
1007 5586 1052 5618 ⁸³
1083 5583 1240 5642 Joan.
1277 5603 1329 5651 1,
1366 5587 1453 5643 Η.
1533 5589 1578 5622 ⁸⁸
1617 5590 1749 5647 ibid.
1827 5589 1872 5621 ⁸³

1987 5589 2111 5647 Cor.
2152 5607 2182 5645 χ
2209 5629 2224 5654 ,
2263 5590 2348 5645 16.
2427 5589 2472 5622 ⁶⁶
2512 5590 2530 5644 l
2565 5590 2692 5646 Cor.
2730 5607 2820 5654 ιη,
2856 5592 2947 5647 2|.

312 5650 377 5685 ⁶³⁹
412 5652 588 5710 Galat.
625 5670 680 5708 vl
705 5695 720 5721 ,
762 5653 846 5710 l4.
922 5655 966 5688 ⁸⁸
1004 5656 1024 5710 1
1059 5658 1278 5724 Conv,
1313 5650 1402 5714 Si.

1980 4484 2187 4550 sapiens
2223 4484 2278 4536 in
2329 4485 2592 4553 sapientia
2623 4501 2722 4538 sua
2753 4485 2831 4550 ⁸⁷,
2867 4495 2921 4538 et
2955 4485 3193 4554 reliqua;
3218 4499 3326 4544 non
3364 4483 3549 4551 hujus.

1981 4576 2127 4630 modi
2154 4591 2287 4630 sane
2308 4575 2482 4647 gloria
2525 4577 2646 4646 ejus
2693 4584 2797 4642 est,
2820 4576 2913 4647 qui
2953 4578 3032 4632 sic
3064 4578 3138 4631 ait
3175 4575 3348 4630 :Mihi
3382 4586 3552 4629 autem

1981 4666 2119 4720 absit
2166 4667 2423 4738 gloriari,
2465 4669 2569 4721 nisi
2610 4670 2664 4722 in
2724 4685 2875 4722 cruce
2928 4667 3139 4722 Domini
3195 4667 3363 4721 nostri
3425 4663 3552 4719 Jesu

1981 4757 2179 4814 Christi
2210 4761 2300 4828 ‘7';
2324 4767 2378 4815 et
2408 4780 2420 4815 :
2450 4761 2556 4828 Qui
2588 4762 2850 4834 gloriatur
2870 4763 2926 4816 in
2955 4761 3182 4816 Dommo
3217 4759 3470 4829 glorietur
3488 4759 3551 4812 ⁸³.

1981 4851 2141 4910 Tales
2169 4854 2206 4909 ii
2239 4865 2366 4910 sunt
2405 4855 2472 4910 de
2499 4856 2700 4927 quibus
2716 4856 2828 4926 jam
2865 4871 3044 4912 sermo
3077 4860 3180 4916 est,
3208 4851 3316 4922 qui
3347 4853 3552 4907 scilicet

1981 4945 2290 5002 dilexerunt
2326 4964 2523 5009 nomen
2575 4948 2718 5018 ejus.
2780 4947 3008 5017 PrOprio
3059 4945 3205 5000 enim
3257 4944 3552 5002 voluntatis

1977 5039 2213 5106 delectu,
2249 5057 2358 5095 non
2387 5051 2565 5096 autem
2602 5042 2818 5107 timore,
2856 5039 3023 5092 Deum
3077 5037 3318 5092 colentes
3353 5037 3550 5108 gloria-

1978 5131 2196 5186 bantur.
2233 5132 2403 5188 Porro
2432 5129 3101 5204 gloriationis‘hujusmodi
3125 5144 3302 5184 causa
3329 5145 3359 5184 a
3387 5130 3545 5185 cccle-

1977 5227 2150 5282 stibus
2188 5227 2832 5296 benedictionibusquas
2866 5225 3225 5280 consecuturi
3257 5233 3386 5278 sunt
3416 5223 3546 5293 peti-

1976 5326 2099 5387 tur;
2131 5319 2198 5375 de
2226 5321 2427 5394 quibus
2455 5320 2530 5373 ait
2556 5319 2850 5389 Apostolus
2882 5338 2896 5372 ι
2932 5316 3246 5372 Benedictus
3274 5316 3550 5377 Dominus.

1975 5413 2062 5484 qui
2087 5411 2349 5469 benedixit
2382 5431 2475 5468 nos
2515 5415 2571 5468 in
2617 5413 2760 5466 omni
2811 5412 3164 5468 benedictione
3189 5410 3457 5481 spirituali
3500 5412 3550 5465 in

3047 5591 3089 5623 ⁵⁷
3115 5587 3314 5645 Jercm.
3350 5601 3426 5648 ιι,
3457 5582 3578 5649 ἓὸιι
