3948 6286
451 284 557 341 119

1145 281 1416 338 EUSEBII
1452 281 1933 338 CAESARIENSIS
1971 279 2320 338 0PP.PARS
2358 280 2446 337 III.
2485 310 2557 323 —
2592 279 2998 337 EXEGETICA.

3587 287 3686 343 120

451 395 836 451 ca’leslibus“.
895 394 1046 450 Finis
1108 406 1286 450 autem
1334 397 1600 452 bonorum
1653 398 1706 450 in
1763 413 1826 450 ea
1864 412 2002 466 quan

2131 397 2159 448 ὁ
2187 396 2287 467 τῆς
2332 395 2676 466 δικαιοσύνης
2723 395 3002 464 στέφανος,
3043 390 3103 451 οὗ
3149 397 3425 464 τεύξονται
3467 402 3514 454 οἱ
3555 405 3688 460 κατὰ

450 503 733 557 speramus
785 486 1130 556 luereditate,
1169 495 1253 543 est
1297 505 1504 544 corona
1560 489 1812 558 justitiaa,
1860 505 2018 559 quam

449 587 846 634 consecuturus
873 587 955 634 est
988 579 1239 651 quisquis
1269 597 1389 635 cum
1420 581 1589 637 Paulo
1613 583 1794 638 dicere
1826 584 1969 638 valet
2006 603 2018 637 :

449 667 518 724 In
548 671 745 740 reliquo
778 672 1007 740 reposita
1039 681 1116 725 est
1149 674 1279 726 mihi
1308 690 1502 727 corona
1524 674 1752 743 justitia.’
1779 675 1824 706 7°
1865 690 1879 728 :
1916 687 2023 743 quo

447 776 645 830 genere
677 776 954 818 armorum
976 763 1053 817 uti
1079 762 1226 819 Deus
1254 766 1447 831 voluit,
1483 777 1540 820 ut
1579 782 1709 822 suos
1728 781 1757 820 a
1783 765 2024 838 quolibet

446 851 632 908 hostili
669 853 1013 909 inimicorum
1044 856 1267 912 incursu
1296 857 1630 913 defenderet.

929 963 1257 1023 PSALMUS
1289 967 1500 1022 DAVID
1532 968 1616 1024 VI.

734 1076 786 1130 1.
820 1075 887 1132 In
910 1078 1069 1148 ﬁnem
1099 1079 1154 1134 in
1187 1080 1416 1152 hymnis,
1447 1098 1543 1152 pro
1571 1094 1774 1141 octava.

511 1211 717 1270 Octava
748 1223 833 1272 est
861 1216 1117 1274 salutaris
1143 1223 1566 1279 resurrectionis
1595 1224 1802 1282 Christi
1834 1224 2022 1282 Domi-

441 1306 564 1360 nica
593 1307 732 1373 dies,
766 1308 822 1362 in
851 1324 959 1380 qua
991 1318 1341 1380 peccatorum
1373 1316 1614 1370 omnium
1647 1319 2019 1390 purgationem

439 1412 563 1454 esse
595 1400 902 1472 credimus;
930 1403 986 1458 in
1016 1421 1124 1475 qua
1147 1406 1446 1477 symbolice
1477 1401 1695 1480 quidem
1731 1415 2019 1469 circumci-

443 1487 708 1545 debantur
727 1506 915 1548 omnes
947 1492 1205 1559 infantes,
1242 1494 1340 1550 sed
1371 1512 1559 1552 revera
1592 1513 1688 1568 per
1725 1515 2015 1570 regenera-

437 1581 643 1638 tionem
696 1591 962 1655 purgatur
1017 1586 1200 1641 anima
1255 1589 1513 1658 quaalibet
1568 1589 1621 1644 in
1669 1589 1777 1645 Deo
1812 1593 2014 1663 genita.

437 1674 626 1746 Usque
651 1677 783 1732 adeo
827 1686 1009 1732 autem
1059 1681 1410 1748 praestantior
1442 1690 1526 1737 est
1554 1683 1642 1738 die
1673 1685 1921 1753 septima,
1957 1691 2017 1737 ut

438 1767 495 1822 in
540 1784 602 1824 ea
651 1771 896 1826 solvatur
922 1772 1003 1831 lex
1045 1771 1292 1838 Sabbati,
1328 1773 1375 1829 si
1405 1789 1530 1828 cum
1570 1783 1763 1829 octava
1788 1773 2014 1830 infantis

436 1859 525 1916 die
552 1860 756 1916 incidat
785 1863 1009 1920 Sabbati
1041 1863 1159 1922 dies
1193 1885 1204 1920 :
1243 1866 1407 1922 homo
1436 1866 1636 1937 quippe
1670 1867 1756 1923 vel
1787 1871 1840 1922 in
1877 1864 2015 1922 Sab-

434 1949 562 2011 bato
599 1947 1028 2012 circmuCiditur.

508 2042 672 2101 Vens.
739 2045 859 2102 2-4.
921 2046 1160 2112 Domine,
1236 2063 1298 2100 ne
1353 2047 1624 2118 infurore
1678 2057 1766 2103 tuo
1818 2065 2012 2120 arguas

432 2149 534 2200 me,
556 2152 716 2206 neque
737 2136 789 2190 in
819 2137 904 2190 ira
935 2145 1025 2190 tua
1047 2137 1304 2207 corripias
1335 2155 1438 2192 me.
1471 2137 1724 2194 Miserere
1747 2141 1867 2208 mei,
1896 2141 2009 2196 Do-

432 2229 590 2296 mine,
648 2231 897 2300 quoniam
934 2232 1176 2302 inﬁrmus
1235 2248 1391 2300 sum;
1449 2249 1583 2287 sana
1639 2250 1739 2299 me,
1768 2233 2006 2303 Domine,

430 2323 678 2392 quoniam
708 2324 1024 2378 conturbata
1058 2331 1181 2378 sunt
1215 2339 1336 2378 ossa
1381 2341 1519 2378 mea.
1549 2324 1685 2380 Nam
1728 2341 1888 2382 omne
1915 2327 2010 2386 de-

431 2416 620 2471 lictum
649 2433 713 2473 ex
748 2417 1064 2472 infirmitate
1095 2417 1291 2484 oritur,
1329 2417 1457 2488 quia
1481 2419 1664 2472 anima
1708 2419 1775 2473 ad
1811 2436 2008 2491 pravos

433 2521 646 2578 semper
667 2507 891 2564 affectus
912 2509 1209 2565 inclinatur
1239 2527 1252 2563 :
1287 2519 1620 2580 quapropter
1656 2510 1722 2564 ad
1757 2509 2011 2567 Servato-

430 2612 543 2651 rem
567 2605 620 2652 et
643 2598 933 2667 medicum,
968 2599 1060 2655 Dei
1093 2601 1300 2657 scilicet
1334 2599 1555 2668 Filium,
1587 2601 1849 2673 confugit.
1875 2603 2007 2658 Nam

428 2703 553 2743 cum
597 2690 650 2743 in
686 2691 924 2748 animam
972 2693 1348 2748 rationabilem
1400 2695 1636 2758 advenit,
1670 2702 1853 2764 utpote
1887 2712 2004 2751 ver-

426 2779 553 2834 bum
606 2789 659 2836 et
690 2783 830 2838 ratio
859 2783 977 2847 Dei,
1025 2785 1145 2854 ejus
1177 2785 1581 2841 irrationabiles
1611 2796 1794 2842 motus
1831 2789 2008 2842 elimi-

425 2879 558 2948 nat;
593 2881 651 2927 ut
681 2875 968 2944 sapientia,
1004 2876 1072 2930 ab
1104 2877 1422 2948 insipientia
1459 2878 1631 2948 ipsam
1677 2879 1890 2942 liberat,
1949 2887 2006 2934 ut

422 2947 634 3034 jns‘titia
664 2966 731 3019 ab
764 2965 1058 3037 iniustitia,
1111 2975 1172 3021 ut
1212 2947 1412 3023 veritas
1455 2947 1496 3022 a7
1530 2969 1836 3024 mendacio.
1896 2969 2006 3026 Ro-

421 3059 612 3115 bustas
658 3075 823 3131 porro
852 3060 1019 3115 animi
1067 3061 1212 3117 vires
1242 3061 1576 3125 subindicat,
1623 3078 1746 3115 cum
1773 3063 1847 3115 ait
1871 3078 2005 3118 con-

2129 489 2341 543 Ιῖαῦλον
2373 488 2550 558 λέγειν
2585 489 2898 560 δυνάμενοι·
2933 489 3156 545 Λοιπὸν
3186 492 3493 548 ἀπόκειταί
3519 513 3618 565 μοι
3657 500 3689 554 ὀ

2124 579 2235 648 τῆς
2254 581 2640 650 δικαιοσύνης
2659 582 2956 651 στέφανος
2975 601 2987 615 ·
3018 577 3170 656 ᾧπερ
3194 586 3487 657 ηὐδόκησεν
3515 590 3542 641 ὁ
3561 589 3689 657 Θεὸς

2123 671 2276 740 ὅπλῳ
2305 671 2610 743 χρήσασθαι
2645 673 2955 744 φυλακτικῷ
2984 673 3164 744 πάσης
3207 675 3394 744 ἐφόδου
3425 676 3688 750 πολεμίων

2132 759 2394 832 ἐπιούσης
2420 761 2563 814 κατὰ
2586 762 2694 817 τῶν
2717 764 2929 816 οἰκείων
2955 762 3142 818 αὐτοῦ.

2508 965 2804 1019 ΨΑΛΜΟΣ
2846 965 2933 1019 τα
2979 966 3178 1020 ΔΑΥιΔ
3213 969 3304 1035 ς’.

2225 1079 2333 1144 Εἰς
2368 1077 2436 1132 τὸ
2468 1076 2642 1146 τέλος
2669 1079 2738 1132 ὲν
2781 1079 2992 1148 ὕμνοις
3021 1078 3174 1148 ὑπὲρ
3197 1079 3310 1150 τῆς
3347 1082 3584 1152 ὀγδόης.

2203 1209 2391 1283 Ὀγδόη
2412 1212 2445 1282 ἡ
2463 1211 2828 1282 ἀναστάσιμος
2841 1212 2935 1266 τοῦ
2963 1213 3113 1284 Σωτῆ
3124 1231 3213 1285 ρος
3237 1215 3420 1288 ἡμέρα
3453 1219 3686 1292 κυριακὴ

2124 1305 2418 1377 σωτήριος,
2442 1308 2499 1360 ὲν
2579 1307 2795 1360 πάντων
2817 1309 3227 1382 ἁμαρτημάτων
3242 1309 3533 1382 καθάρσιον
3555 1308 3687 1366 εἶναι

2119 1399 2448 1471 πιστεύομεν
2466 1417 2479 1430 ·
2507 1403 2565 1455 ὲν
2650 1401 2989 1472 συμϐολικῶς
3017 1403 3113 1473 μὲν
3135 1403 3278 1457 ἅπαν
3308 1405 3688 1476 περιετέμνετο

2119 1491 2340 1563 βρέφος,
2375 1492 2516 1546 κατά
2544 1492 2600 1546 δὲ
2626 1493 2687 1546 τὸ
2710 1494 2908 1565 ἀληθὲς
2949 1494 3269 1567 καθαίρεται
3299 1496 3366 1550 δι’
3399 1497 3688 1568 ἀναγεννή-

2119 1601 2257 1648 σεως
2287 1587 2438 1639 πᾶσα
2488 1586 2548 1640 ὲν
2601 1585 2720 1656 Θεῷ
2755 1586 2900 1658 ψυχὴ
2952 1588 3283 1658 γεννωμένη.
3328 1587 3592 1641 Τοσοῦτον
3634 1588 3688 1642 δὲ

2117 1679 2366 1745 κρεῖττον
2420 1675 2558 1747 αὑτὴ
2591 1677 2690 1746 τῆς
2713 1677 2964 1748 ἑϐδόμης,
2986 1678 3062 1740 ὡς
3082 1680 3140 1730 ὲν
3166 1678 3300 1749 αὐτῇ
3351 1677 3570 1732 λύεσθαι
3593 1677 3688 1748 τὴν

2117 1766 2245 1837 περὶ
2294 1766 2387 1820 τοῦ
2451 1766 2718 1822 σαϐϐάτου
2772 1767 3109 1838 νομοθεσίαν,
3156 1770 3206 1820 εἰ
3240 1767 3533 1820 καταλάϐοι
3569 1768 3688 1820 κατ’

2043 1829 2086 1886 Β
2117 1829 2283 1930 αὐτὴν
2308 1859 2450 1930 ἡτοῦ
2478 1859 2708 1931 βρέφους
2730 1829 2888 1931 ὀγδόη
2906 1876 2918 1890 ·
2951 1829 3332 1932 περιτέμνεται
3351 1859 3459 1930 γὰρ
3483 1857 3687 1930 ἄνθρω-

2114 1968 2212 2014 πος
2237 1952 2294 2004 ὲν
2327 1951 2596 2022 σαϐϐάτῳ.

2183 2045 2380 2112 Κύριε,
2419 2045 2506 2114 μὴ
2556 2043 2638 2109 τῷ
2667 2042 2831 2114 θυμῷ
2876 2059 2991 2098 σου
3013 2043 3268 2113 ἐλέγξῃς
3303 2061 3398 2113 με,
3422 2041 3580 2112 μηδὲ
3613 2038 3687 2110 τῇ

2112 2135 2260 2208 ὀργῆ
2290 2153 2407 2192 σου
2429 2138 2760 2205 παιδεύσῃς
2774 2153 2872 2206 με.
2925 2136 3217 2204 Ἐλέησόν
3239 2153 3336 2205 με,
3369 2136 3564 2202 Κύριε,
3598 2132 3687 2186 ὅτι

2111 2228 2378 2296 ἀσθενής
2424 2232 2573 2299 ειμι·
2609 2230 2777 2284 ἷασαί
2814 2247 2909 2299 με,
2937 2229 3135 2296 Κύριε,
3170 2227 3260 2281 ὅτι
3284 2226 3582 2307 ἐταράχθη
3615 2225 3686 2280 τὰ

2112 2319 2262 2376 ὀστᾶ
2277 2339 2417 2390 μου.
2463 2321 2549 2386 Ἐξ
2583 2322 2862 2384 ἀσθενείας
2896 2319 3004 2391 γὰρ
3033 2319 3178 2374 ἅπαν
3204 2319 3507 2391 ἁμάρτημα
3533 2319 3684 2386 γίνε-

2109 2431 2221 2478 ται,
2262 2414 2400 2485 πρὸς
2444 2413 2504 2467 τὸ
2533 2413 2702 2479 πάθος
2733 2413 2821 2467 ἀεὶ
2869 2414 2969 2484 τῆς
2999 2413 3176 2484 ψυχῆς
3219 2411 3557 2482 ὲνδιδούσης’
3607 2409 3686 2462 διὸ

2107 2505 2444 2576 καταφεύγει
2470 2507 2605 2576 πρὸς
2648 2508 2738 2561 τὸν
2772 2506 3000 2577 Σωτῆρα
3056 2506 3147 2559 καὶ
3175 2505 3376 2576 ἰατρὸν,
3417 2503 3510 2555 τὸν
3555 2502 3685 2555 Υίὺν

2108 2599 2201 2653 τοῦ
2232 2599 2389 2654 Θεοῦ.
2430 2599 2815 2670 Ἐγγενόμενος
2838 2598 2948 2671 γάρ
2970 2597 3114 2669 ψυχῇ
3150 2600 3215 2668 τῇ
3239 2597 3451 2667 λογικῇ,
3479 2595 3554 2658 ὡς
3585 2594 3683 2666 μὲν

2106 2691 2259 2761 λόγος
2285 2692 2419 2746 Θεοῦ
2454 2691 2551 2764 τὴν
2580 2691 2802 2761 ἀλογίαν
2829 2691 2997 2762 αὐτῆς
3017 2693 3360 2761 ἀφαιρεῖταιο
3396 2687 3471 2751 ὡς
3505 2686 3560 2739 δὲ
3597 2703 3683 2738 σο-

2109 2787 2205 2858 φία
2231 2787 2329 2858 τῆς
2358 2785 2665 2858 ἀφροσύνης
2687 2785 2856 2856 αὐτὴν
2884 2783 3231 2846 ἀπαλλάττει,
3259 2781 3353 2834 καὶ
3381 2780 3456 2843 ὡς
3482 2779 3684 2831 δικαιο-

2109 2877 2240 2948 σύνη
2271 2879 2370 2949 τῆς
2397 2877 2628 2944 ἀδικίας,
2651 2878 2745 2931 καὶ
2787 2877 2861 2941 ὡς
2904 2875 3128 2947 ἀλήθεια
3153 2874 3246 2929 τοῦ
3277 2873 3504 2944 ψεύδους
3531 2875 3682 2927 ἐλευ-

2107 2973 2272 3048 θεροῖ.
2303 2975 2414 3040 Τὰς
2447 2975 2701 3040 νεανικὰς
2736 2975 2792 3028 δὲ
2835 2975 2934 3044 τῆς
2971 2974 3148 3045 ψυχῆς
3195 2973 3480 3042 ὑποφαίνει
3523 2973 3682 3028 δυνά-

2108 3085 2249 3139 μεις,
2271 3067 2600 3139 τεταράχθαι
2625 3067 2802 3137 φήσας
2833 3065 2996 3119 αὐτοῦ
3023 3065 3092 3118 τὰ
3115 3065 3268 3128 ὀστᾶ,
3297 3065 3363 3117 δι’
3387 3058 3461 3117 ὧν
3489 3064 3680 3118 εἴωθεν

422 3152 639 3206 turbata
679 3167 802 3206 esse
853 3166 980 3207 ossa
1032 3167 1166 3216 sua,
1218 3153 1419 3222 quibus
1463 3154 1695 3209 viriliter
1749 3152 2002 3208 violentis

2111 3156 2433 3212 ἀντιϐαίνειν
2462 3160 2572 3222 τοῖς
2600 3156 2829 3212 πάθεσιν
2873 3155 3142 3228 ἀνδρικῶς
3167 3173 3182 3186 ο
3217 3155 3245 3208 ὃ
3277 3155 3340 3226 δὴ
3366 3142 3681 3226 σαφηνίζων

422 3243 586 3297 animi
611 3244 850 3298 motibus
877 3244 1146 3300 obsistere
1191 3245 1440 3312 solebat;
1470 3246 1614 3315 quod
1666 3246 1719 3300 in
1773 3260 2007 3316 sequen-

421 3336 567 3391 tibus
597 3336 838 3389 declarat
892 3336 979 3391 his
1007 3337 1186 3392 verbis
1221 3355 1234 3392 :
1288 3335 1360 3389 Et
1399 3339 1577 3394 anima
1637 3355 1750 3392 mea
1794 3337 2006 3392 turbata

419 3441 496 3483 est
527 3429 697 3484 valde.
736 3429 943 3485 Medela
977 3439 1157 3486 autem
1198 3448 1297 3502 pro
1325 3432 1641 3490 infirmitate
1673 3436 1889 3502 animae,
1924 3449 2005 3492 est

420 3537 450 3574 a
483 3520 594 3577 Deo
624 3522 821 3577 collata
867 3524 1076 3588 virtus,
1106 3538 1272 3594 quam
1325 3526 1581 3596 quisquis
1630 3527 1840 3584 obtinet
1868 3528 1943 3583 ait
1985 3548 1999 3584 :

421 3613 625 3670 Omnia'
646 3631 860 3684 possum
899 3619 955 3671 in
983 3615 1194 3673 Christo
1224 3620 1312 3688 qui
1351 3635 1431 3672 me
1462 3619 1727 3689 confortat
1748 3622 1814 3674 ⁷¹.
1845 3621 2001 3689 Quod

417 3713 596 3762 mitem
622 3722 731 3761 non
757 3707 824 3763 de
852 3709 1206 3766 sensibilibus
1254 3711 1477 3766 ossibus
1515 3711 1790 3781 loquatur,
1820 3715 2000 3784 palam

417 3797 546 3852 facit
571 3799 702 3854 illud
734 3817 747 3855 :
779 3799 972 3854 Omnia
1021 3788 1158 3856 ossa
1196 3820 1311 3856 mea
1352 3803 1527 3856 dicent
1558 3821 1576 3858 .'
1606 3803 1849 3870 Domine,
1883 3807 1999 3877 quis

414 3889 605 3942 similis
635 3889 731 3943 tibi
761 3890 845 3942 7’?
873 3898 925 3946 et
956 3892 1088 3946 illud
1131 3909 1349 3964 quoque
1375 3912 1388 3948 :
1415 3892 1689 3963 Dissipata
1721 3905 1844 3949 sunt
1877 3912 1999 3950 ossa

414 3989 598 4031 nostra
634 3996 782 4034 secus
814 3981 1078 4050 infernum
1101 3985 1167 4035 ⁷³.

486 4069 552 4122 Et
594 4081 671 4134 tu,
738 4071 982 4140 Domine,
1018 4079 1326 4146 usquequo?
1358 4076 1682 4132 Diuturnum
1728 4077 1999 4148 ptcniten-

415 4161 502 4214 tia:
543 4177 656 4216 sure
693 4169 906 4233 tempus
932 4166 1205 4221 enuntiat.
1254 4166 1467 4222 Etenim
1508 4169 1724 4238 sapiens
1760 4169 1849 4224 ille
1877 4169 1998 4222 ani-

411 4267 624 4306 marum
666 4255 934 4321 medicus,
991 4273 1100 4311 non
1152 4260 1356 4322 statim,
1409 4276 1584 4330 neque
1645 4259 1712 4314 ad
1764 4261 1993 4330 primam

409 4345 846 4416 elllagitationem
879 4351 1277 4421 supplicantem
1306 4354 1545 4415 exaudit,
1569 4361 1629 4407 ut
1657 4354 1710 4406 in
1735 4354 1828 4407 illo
1853 4352 1993 4423 ω(ιυί

409 4437 648 4508 bonique
691 4439 886 4495 aﬂ‘ectu
932 4442 1142 4498 diutius
1171 4452 1510 4513 permaneat,
1543 4460 1606 4499 ac
1637 4445 1847 4499 firmam
1879 4457 1992 4500 sta-

2109 3251 2385 3322 ὲπήγαγε’
2421 3251 2530 3304 Καὶ
2554 3251 2593 3319 ἠ
2629 3249 2799 3319 ψυχή
2831 3247 3265 3329 μουγὲτσράχθη
3283 3247 3534 3317 σφόδρα.
3565 3248 3681 3302 Ἴα-

2109 3363 2192 3408 σις
2223 3345 2280 3398 δὲ
2306 3343 2587 3406 ἀσθενείας
2610 3343 2841 3415 ψυχῆςή
2876 3345 2939 3396 ἐκ
2974 3343 3109 3396 Θεοῦ
3146 3342 3370 3413 δύναμις
3389 3360 3402 3373 ·
3434 3337 3501 3414 ἦς
3531 3343 3558 3394 ὁ
3584 3358 3680 3395 τυ-

2107 3434 2214 3506 χών
2239 3453 2402 3507 φησι·
2438 3435 2641 3489 Πάντα
2685 3436 2874 3505 ἰσχύω
2904 3435 2974 3488 ἐν
3000 3433 3079 3500 τῷ
3113 3433 3550 3502 ἐνδυναμοῦντί
3601 3449 3680 3502 με

2103 3526 2350 3599 Χριστῷ.
2389 3527 2506 3581 Ὅτι
2543 3527 2599 3580 δὲ
2627 3527 2700 3600 μὴ
2739 3528 2956 3591 πάντως
2980 3525 3212 3598 αἰσθητά
3247 3525 3315 3578 τὰ
3349 3527 3501 3588 ὀστᾶ,
3528 3525 3680 3596 δηλοῖ

2103 3622 2186 3688 τὸ,
2214 3620 2502 3676 Πάντατά
2519 3618 2670 3676 ὀστᾶ
2688 3637 2806 3690 μου
2836 3620 3108 3689 ἑροῦσιν’
3143 3621 3338 3687 Κύριε,
3366 3619 3458 3684 τίς
3476 3617 3679 3687 ὅμοιός

2101 3728 2199 3768 σοι
2217 3730 2237 3779 ;
2296 3715 2406 3767 Καὶ
2439 3712 2520 3779 τὸ,
2550 3714 2985 3784 Διεσκορπίσθη
3008 3711 3082 3766 τὰ
3105 3711 3257 3768 ὀστᾶ
3294 3710 3464 3783 ἡμῶν
3515 3708 3678 3779 παρὰ

2099 3807 2205 3860 τὸν
2233 3806 2406 3873 ᾅδην.

2169 4075 2278 4130 Καὶ
2330 4074 2435 4138 σὺ,
2482 4077 2699 4143 Κύριε,
2763 4072 2872 4137 ἕως
2938 4071 3113 4135 πότε;
3173 4071 3285 4142 Τὴν
3335 4070 3426 4122 ἐπὶ
3476 4067 3676 4139 μακρῷ

2097 4167 2273 4238 χρόνῳ
2311 4167 2617 4240 παράτασιν
2670 4167 2769 4236 τῆς
2815 4164 3008 4218 ἑαυτοῦ
3067 4163 3354 4235 μετανοίας
3393 4160 3671 4232 ἐμφαίνει.

2107 4261 2164 4314 '0
2193 4261 2298 4330 γάρ
2323 4276 2405 4312 τοι
2451 4260 2612 4328 σοφὸς
2644 4258 2753 4312 τῶν
2796 4257 2982 4328 ψυχῶν
3023 4257 3204 4328 ἰατρὸς
3237 4257 3296 4309 οὐ
3332 4255 3673 4325 παραχρῆμα

2094 4352 2235 4408 κατά
2259 4351 2356 4424 τὴν
2387 4351 2608 4423 πρώτην
2631 4350 2963 4422 ἐπιστροφὴν
2992 4349 3248 4402 ἐπακούει
3268 4349 3361 4401 τοῦ
3390 4348 3667 4418 δεομένου,

2094 4444 2169 4509 ὡς
2189 4446 2248 4498 ὲν
2278 4443 2392 4510 ἕξει
2421 4445 2724 4516 παραμόνῳ
2769 4444 2994 4514 γένηται
3024 4440 3280 4510 τάγαθοῦ,
3312 4441 3532 4512 βεϐαίαν
3557 4440 3672 4494 δείυ

411 4527 683 4599 bilemque
698 4530 950 4586 exhibeat
979 4534 1387 4604 pmnitentiam;
1419 4538 1512 4592 sed
1531 4548 1655 4606 post
1681 4552 1988 4607 congruen-

2111 4541 2187 4606 ξας
2216 4539 2502 4610 μετάνοιαν
2526 4554 2541 4568 ⁸
2600 4540 2695 4591 καὶ
2725 4537 2862 4609 μετά
2902 4535 2997 4604 τὴν
3041 4535 3227 4607 ἱκανὴν
3253 4535 3548 4606 καρτερίαν
3569 4533 3671 4604 τὴν

409 4631 514 4677 tem
569 4625 621 4678 in
671 4625 978 4683 confitendo
1029 4633 1488 4699 perseverantiam
1545 4651 1558 4686 :
1628 4632 1732 4696 Me,
1789 4634 1984 4705 inquit,

409 4715 666 4777 exorasti,
692 4724 921 4785 tempore
945 4729 1154 4789 accepto
1180 4722 1426 4776 exaudiui
1457 4732 1503 4777 te
1527 4723 1595 4778 7".
1626 4722 1763 4777 Nam
1792 4725 1859 4780 iis
1892 4725 1986 4796 qui

407 4818 514 4857 non
541 4805 593 4860 in
620 4815 844 4876 peccato
876 4809 1054 4879 ipsum
1088 4811 1346 4867 invocant
1374 4813 1521 4869 dicet
1555 4832 1566 4868 :
1608 4814 1802 4869 Adhuc
1828 4825 1882 4871 te
1911 4815 1986 4869 lo-

405 4905 625 4962 quente,
657 4896 793 4954 Ecce
820 4899 1009 4955 adsum
1033 4901 1099 4956 ⁷⁵.

475 4987 644 5044 Vens.
691 4993 808 5049 5-9.
850 4994 1117 5061 Quoniam
1166 5014 1270 5052 non
1334 5008 1413 5053 est
1454 4999 1510 5053 in
1551 5009 1718 5054 morte
1751 5001 1842 5071 qui
1876 5018 1984 5076 mef-

405 5099 521 5136 mor
546 5085 615 5137 sit
655 5087 768 5149 tui;
798 5087 853 5141 in
876 5088 1082 5158 inferno
1123 5101 1298 5146 autent
1331 5093 1450 5162 quis
1481 5094 1818 5162 conﬁtebitur
1847 5094 1982 5150 tibi?

405 5173 664 5230 Laboraui
706 5180 758 5231 in
791 5183 985 5249 gemitu
1019 5201 1155 5248 meo,
1194 5183 1378 5238 lavabo
1410 5201 1501 5254 per
1535 5186 1774 5255 singulas
1805 5195 1980 5240 noctes

401 5268 588 5322 lectum
636 5287 807 5324 meum
827 5312 842 5338 ,
884 5275 1134 5346 lacrymis
1163 5278 1289 5331 meis
1313 5286 1541 5331 stratum
1582 5293 1751 5330 meum
1777 5277 1977 5348 rigabo.

353 5374 356 5378 '
401 5357 631 5430 Sapiens
659 5378 784 5416 cum
815 5375 959 5422 esset
990 5367 1179 5434 David,
1234 5385 1342 5424 non
1377 5369 1666 5441 ignorabat
1697 5372 1981 5440 praesentis

395 5454 522 5508 vitae
550 5461 783 5527 tempus,
820 5460 1039 5515 medelzr
1062 5477 1186 5517 esse.
1207 5469 1614 5532 Opportunum;
1645 5479 1755 5533 quo
1793 5463 1980 5532 elapso

395 5559 558 5600 nemo
620 5559 767 5604 recte
795 5565 957 5621 agere
1009 5553 1178 5607 valet.
1236 5552 1491 5626 Nihilque
1541 5569 1653 5609 non
1673 5555 1782 5622 agit
1803 5561 1861 5608 ut
1885 5569 1969 5609 sa-

471 5657 516 5691 "
553 5657 751 5737 Ephes.
789 5664 926 5737 t_,_5_.
1003 5665 1051 5696 "°
1091 5663 1133 5716 ll
1167 5662 1310 5737 Tim.
1345 5681 1419 5735 ιν,
1454 5666 1506 5722 8.
1587 5668 1630 5699 '“
1671 5664 1907 5737 Philipp.
1941 5681 2029 5732 tv,
2067 5663 2155 5720 15.

398 5726 527 5783 Cor.
560 5726 649 5797 vi,
679 5731 734 5787 2.
811 5735 857 5766 ⁷⁵
899 5732 1002 5790 Isa.
1035 5750 1166 5791 Lvm
1187 5775 1202 5796 .
1235 5735 1287 5790 9.

2093 4633 2150 4684 ὲν
2195 4629 2608 4701 ἐξομολογήσει·
2662 4629 2828 4698 φησιν
2886 4628 3199 4690 ὲνέπεισας·
3248 4626 3429 4693 καιρῷ
3480 4624 3670 4691 δεκτῷ

2091 4719 2405 4788 ἐπήκουσά
2451 4735 2588 4776 σου.
2651 4721 2775 4783 Τοῖς
2819 4718 2928 4790 γὰρ
2981 4719 3055 4790 μὴ
3089 4716 3148 4781 ἐξ
3190 4717 3458 4788 ἁμαρτίας
3503 4717 3668 4770 αὑτὸν

2091 4809 2540 4882 ἐπικαλουμένοις
2611 4811 2755 4881 ἐρεῖ·
2825 4811 2944 4862 Ἔτι
3008 4807 3291 4872 λαλοῦντός
3343 4826 3470 4873 σου,
3516 4804 3664 4864 Ἰδοὺ

2087 4903 2347 4972 πάρειμι.

2164 4996 2286 5048 ’Ὁτι
2322 4995 2433 5048 οὐκ
2484 4993 2654 5048 ἔστιν
2709 4995 2778 5047 ἐν
2814 4993 2895 5059 τῷ
2927 4991 3158 5060 θανάτῳ
3204 4995 3236 5046 ὀ
3272 4992 3664 5062 μνημονεύων

2088 5103 2226 5150 σου,
2251 5089 2321 5142 ἐν
2345 5087 2412 5141 δὲ
2439 5088 2518 5153 τῷ
2541 5087 2655 5156 ᾄδῃ
2690 5088 2782 5154 τίς
2804 5085 3310 5156 ὲξομολογήσεταί
3342 5100 3468 5148 σοι;
3505 5086 3662 5137 Ἑκο-

2088 5181 2281 5234 alarm
2332 5181 2401 5234 ἐν
2448 5180 2760 5252 στεναγμῷ
2812 5198 2952 5250 μου,
2985 5180 3188 5234 λούσω
3228 5178 3355 5233 καθ’
3394 5176 3662 5244 ἑκάστην

2088 5272 2278 5326 νύκτα
2303 5271 2417 5341 τὴν
2443 5273 2662 5340 κλίνην
2685 5289 2826 5340 μου,
2857 5269 3193 5339 ἐνδάκρυσί
3207 5287 3326 5339 μου
3345 5267 3459 5336 τὴν
3476 5284 3659 5336 στρω-

2080 5364 2246 5434 μνήν
2270 5383 2388 5435 μου
2415 5365 2631 5433 βρέξω.
2669 5365 2837 5434 Σοφδς
2869 5363 2943 5418 ὣν
2966 5364 2994 5415 ὁ
3021 5362 3182 5416 Δαυῖδ
3220 5363 3319 5415 οὐκ
3345 5360 3528 5431 ἠγνόει
3561 5358 3652 5429 τὴν

2086 5455 2366 5527 παροῦσαν
2395 5455 2540 5526 ζωὴν
2581 5455 2874 5526 θεραπείας
2912 5451 3050 5509 εἷναι
3085 5454 3296 5526 καιρδν,
3331 5453 3445 5524 μεθ’
3478 5452 3536 5504 ὃν
3566 5450 3625 5503 οὐ

2073 5549 2184 5610 δεὶς
2214 5547 2499 5620 κατορθοῖ·
2531 5547 2624 5600 καὶ
2646 5547 2826 5601 πάντα
2851 5549 3080 5616 πράττει
3103 5545 3500 5618 θεραπευθῆναι
3533 5544 3649 5613 βουιι

2254 5663 2301 5695 ”
2337 5661 2486 5719 Psal.
2527 5677 2727 5729 xxxnv,
2766 5661 2851 5719 10.
2929 5661 2975 5694 ’³
3013 5659 3156 5717 Psal.
3189 5674 3326 5726 cn,
3364 5657 3414 5713 7.
3525 5658 3570 5687 7"
3606 5653 3648 5709 ll
