3948 6286
241 365 331 420 121

1378 356 1879 416 COMMENTARIA
1920 356 1984 411 IN
2023 356 2361 423 PSALMOS.

3385 357 3492 414 I22

244 486 487 556 λύμηνος,
548 483 683 554 πρὶν
729 481 833 534 ὑπὸ
883 480 975 533 τοῦ
1037 484 1215 538 κοινοῦ
1258 477 1681 547 καταληφθῆναι.
1728 478 1801 527 Δια

1926 471 2148 527 nitatem
2197 474 2471 537 obtineat,
2518 474 2834 544 priusquam
2912 486 2943 525 ιι
2996 464 3273 527 communi
3308 460 3494 525 debito

250 596 405 650 φησιν
427 596 441 608 ο
514 577 664 628 Ἀντί
713 578 839 647 μιᾶς
870 575 1059 638 νυκτὸς
1096 574 1214 627 καθ’
1250 572 1317 644 ἣν
1347 573 1609 645 ἥμαρτον,
1641 570 1819 633 πάσας

252 670 675 741 ἐξομολογοῦμαι
738 669 837 733 τὰς
883 671 1104 732 νύκτας,
1132 665 1437 720 ἀποπλῦναι
1484 663 1820 735 πειρώμενος

251 765 501 836 ἐμαυτὸν.
527 765 623 817 καὶ
651 763 749 836 τὴν
777 764 861 832 ἐφ’
884 763 949 833 ἢν
977 762 1219 833 ἥμαρτον
1252 759 1436 829 κλίνην
1469 758 1695 830 δᾶκρυσι
1723 774 1819 827 με-

249 859 482 922 τανοίας,
529 854 660 911 Οἶδα
711 856 817 929 γὰρ
852 856 908 909 δέ
946 854 1048 910 κᾶν
1084 852 1224 926 τύχῃ
1250 852 1346 924 τῆς
1370 850 1615 919 ἀφέσεως
1652 850 1819 917 ἐπαγ-

251 952 525 1023 γέλληται,
556 953 807 1024 δακρύων
838 955 1006 1027 πέρας
1034 956 1130 1026 οὑχ
1158 956 1316 1020 ἐξειν.
1350 955 1422 1007 Τὸ
1447 954 1523 1019 δέ,
1576 952 1672 1017 Τίς
1713 948 1812 1014 ἐξ·

251 1044 687 1115 ομολοτήσεται
732 1064 862 1109 σοι;
912 1048 1031 1101 ἀντὶ
1067 1048 1183 1114 τοῦ,
1211 1046 1429 1113 οὐδείς,
1462 1046 1666 1098 κεῖται·
1714 1040 1811 1097 νῦν

250 1137 353 1209 γὰρ
386 1138 447 1192 οὐ
486 1138 739 1210 σημαίνει
765 1140 828 1193 τὸ
853 1140 1090 1195 σπάνιον.

321 1394 646 1465 Ἐταράχθη
699 1393 818 1449 ἀπὸ
868 1393 1058 1465 θυμοῦ
1088 1397 1121 1449 ό
1164 1394 1471 1464 ὀφθαλμός
1497 1410 1638 1463 μου,
1670 1392 1813 1447 ἐπα-

242 1484 505 1555 λαιὼθην
547 1487 619 1539 ἑν
674 1486 825 1542 πᾶσι
859 1487 983 1553 τοῖς
1034 1486 1267 1557 ἐχθροῖς
1300 1505 1440 1557 μου.
1483 1487 1548 1540 Ἦ
1599 1487 1810 1558 μνήμη,

240 1580 391 1650 φησι,
413 1579 509 1632 τοῦ
535 1579 707 1650 θυμοῦ
726 1597 815 1633 σου
850 1582 943 1634 καὶ
972 1580 1071 1651 τῆς
1115 1580 1283 1652 ὀργῆς
1311 1580 1402 1633 τὸν
1428 1579 1559 1651 ἐμὸν
1584 1578 1812 1651 ἐτάραξε

240 1673 359 1726 νοῦν
375 1691 389 1702 ·
420 1674 524 1745 ὃδὴ
550 1673 818 1727 διδάσκων
846 1676 874 1727 ὁ
890 1675 1042 1745 Σωτὴ
1052 1692 1080 1746 ρ
1104 1674 1287 1743 ἔλεγεν
1308 1692 1320 1705 ⁸
1357 1666 1422 1721 Ὅ
1447 1675 1677 1743 λύχνος
1704 1673 1811 1727 τοῦ

235 1766 509 1835 σώματος
554 1767 727 1821 ἐστὶν
770 1771 804 1821 ὀ
846 1769 1169 1837 ὀφθαλμός.
1208 1767 1281 1821 Ob
1309 1768 1416 1840 γὰρ
1462 1768 1694 1839 ἐγχωρεῖ
1716 1767 1809 1821 ἕνα

230 1860 335 1910 τῶν
364 1860 514 1913 δυεῖν
546 1858 838 1930 ὀφθαλμῶν
862 1860 953 1914 τοῦ
983 1858 1231 1931 σώματος
1269 1860 1458 1930 λύχνον
1489 1855 1622 1913 εἶναι
1650 1876 1663 1890 ⁸
1693 1859 1806 1912 ἀλλ’

230 1951 342 2004 οὐδὲ
375 1952 692 2022 σωματικδς
716 1952 989 2023 ὀφθαλμὸς
1015 1953 1121 2006 ὑπὸ
1151 1952 1321 2023 θυμοῦ
1355 1954 1684 2023 ταράσσεται
1712 1951 1805 2005 τοῦ

235 2043 380 2099 Θεοῦ.
450 2046 599 2098 ’Δντὶ
646 2045 1067 2117 κατορθώματος
1129 2046 1186 2099 δὲ
1237 2044 1652 2117 καταριθμεῖται
1707 2046 1806 2109 τὰς

243 2136 364 2199 ἰδίας
417 2138 790 2202 κακοπαθείας
812 2156 825 2169 ·
864 2141 920 2191 ἐν
954 2134 1041 2202 αἷς
1072 2140 1165 2193 καὶ
1214 2140 1311 2210 τὴν
1343 2138 1582 2193 κάκωσιν
1614 2157 1673 2192 τε
1711 2140 1806 2193 καὶ

239 2230 578 2295 ταπείνωσιν,
602 2231 668 2301 ἢν
691 2231 781 2284 ἐπὶ
802 2230 1048 2285 πλεῖστον
1063 2230 1252 2304 χρόνον
1280 2232 1336 2284 ἐν
1363 2231 1549 2302 μέσοις
1573 2233 1806 2286 ἐποιεῖτο

234 2327 337 2387 τοῖς
366 2324 523 2387 ἰδίοις
555 2325 788 2395 ἐχθροῖς.

302 2416 628 2484 Ἀπόστητε
653 2417 753 2471 ἀπ’
782 2415 949 2485 ἐμοῦ,
975 2416 1196 2481 πάντες
1212 2418 1265 2470 οἱ
1295 2414 1665 2485 ἐργαζόμενοι
1691 2414 1807 2484 τὴν

228 2507 499 2577 ἀνομίαν,
548 2509 637 2562 ὅτι
698 2507 1027 2575 είσὴκουσε
1067 2512 1280 2577 Κύριος
1315 2508 1423 2578 τῆς
1452 2507 1658 2578 φωνῆς
1696 2508 1804 2563 τοῦ

230 2600 538 2669 κλαυθμοῦ
571 2618 711 2668 μου.
760 2598 1102 2665 Εὶσήκουσε
1132 2602 1346 2669 Κύριος
1372 2600 1480 2670 τῆς
1541 2600 1805 2668 δεήσεως

225 2710 360 2761 μου,
408 2694 631 2761 Κύριος
690 2691 806 2762 τὴν
834 2692 1188 2761 προσευχήν
1219 2711 1338 2763 μου
1376 2693 1800 2762 προσεδέξατο.

229 2786 716 2856 Αἰσχυνθείησαν
784 2786 885 2841 καί
947 2786 1393 2855 ταραχθείησαν
1462 2786 1681 2854 πάντες
1748 2791 1803 2843 ol

229 2879 423 2948 ἐχθροί
447 2897 591 2949 μου,
639 2880 1154 2951 ἐπιστραφείησαν
1195 2882 1295 2935 καὶ
1326 2874 1807 2950 αἱσχυνθείησὰν

228 2970 457 3039 σφόδρα
510 2971 611 3027 διὰ
656 2970 897 3040 τάχους.
965 2974 1233 3045 Ἐπηκόου
1286 2973 1462 3045 τυχὼν
1502 2972 1596 3026 τοῦ
1643 2972 1799 3039 Θεοῦ,

229 3063 544 3133 ἐπιστρέφει
591 3062 753 3116 πάλιν
782 3064 918 3135 πρὸς
954 3064 1116 3119 αὑτὸν
1140 3065 1239 3135 τὴν
1268 3066 1453 3135 εὐχὴν,
1487 3066 1581 3118 καὶ
1620 3081 1799 3136 παρα-

1894 596 1897 599 ν
1923 565 2435 635 comprehendatur.
2456 563 2818 632 Quamobrem
2839 562 2913 617 ait
2933 582 2945 617 :
2963 560 3070 618 Pro
3087 578 3192 617 una
3211 568 3369 617 nocte
3386 577 3494 632 qua

1919 666 2199 728 peccatum
2231 658 2445 721 admisi,
2486 673 2582 728 per
2620 656 2863 727 singulas
2896 662 3083 710 noctes
3120 654 3401 720 conﬁteor,
3438 654 3493 710 id

1920 759 2171 820 satagens
2202 760 2260 805 ut
2304 750 2569 820 meipsum
2620 756 2673 805 et
2728 749 2925 803 lectum
2978 748 3034 802 in
3084 763 3190 817 quo
3246 747 3489 817 peccavi,

1918 842 2251 913 ptmnitentitn
2305 842 2558 913 lacryniis
2610 841 2848 895 abluam.
2900 838 3077 894 Probe
3130 837 3246 893 scio
3304 838 3488 901 enim,

1916 936 2129 992 etiamsi
2188 935 2566 990 remissionem
2616 934 2962 1005 polliceatur,
2999 947 3086 987 me
3155 930 3492 1001 lacrymandi

1916 1036 2098 1084 tamen
2158 1027 2315 1083 ﬁnem
2378 1042 2659 1098 nunquam
2724 1025 3018 1080 facturum.
3061 1022 3200 1077 Illud
3252 1031 3487 1077 autem:

1915 1119 2047 1187 Quis
2080 1119 2409 1189 conﬁtebitur
2452 1118 2589 1173 tibi?
2636 1118 2757 1172 loco
2786 1117 2960 1183 verbi,
3001 1116 3200 1179 nullus,
3254 1115 3493 1184 positum

1913 1220 2019 1279 est,
2050 1228 2226 1284 neque
2260 1213 2407 1268 enim
2441 1213 2770 1284 paucitatem
2802 1208 3178 1266 conﬁtentium
3223 1224 3371 1262 nunc
3416 1207 3494 1264 si-

1913 1304 2153 1377 gniﬁcat.

1984 1394 2150 1454 Vsus.
2184 1396 2237 1453 8.
2277 1395 2539 1451 Turbatus
2567 1404 2645 1450 est
2675 1412 2708 1449 a
2740 1395 2920 1465 furore
2953 1392 3135 1448 oculus
3184 1409 3328 1448 meus
3367 1407 3387 1447 :
3419 1393 3494 1447 in-

1914 1490 2137 1543 veteravi
2169 1490 2304 1543 inter
2356 1504 2532 1543 omnes
2582 1488 2824 1542 inimicos
2876 1504 3037 1543 meos.
3076 1487 3356 1551 Memoria,
3408 1489 3494 1542 in-

1912 1584 2052 1654 quit,
2084 1582 2284 1639 furoris
2332 1582 2530 1651 iraeque
2561 1590 2665 1636 tute
2698 1591 2935 1636 mentem
2980 1596 3154 1636 meam
3203 1581 3439 1635 turbavit
3473 1600 3487 1637 :

1913 1674 2056 1745 quod
2086 1675 2264 1744 ipsum
2318 1672 2570 1729 Salvator
2616 1673 2704 1729 his
2747 1673 2929 1729 verbis
2979 1673 3167 1728 docuit
3201 1690 3216 1729 :
3248 1672 3489 1727 Lucerna

1913 1769 2147 1835 corporis
2200 1768 2275 1821 tui
2335 1774 2412 1820 est
2463 1765 2643 1819 oculus
2680 1776 2800 1820 tuus
2841 1767 2912 1820 ⁸⁷⁸.
2947 1765 3135 1837 Neque
3175 1767 3321 1821 enim
3371 1764 3488 1821 ﬁeri

1910 1866 2109 1929 potest,
2139 1869 2199 1913 ut
2233 1877 2373 1915 unus
2410 1866 2620 1913 tantum
2651 1875 2717 1914 ex
2742 1859 2958 1916 duobus
2984 1860 3161 1915 oculis
3194 1860 3264 1914 sit
3293 1874 3490 1929 corpo-

1908 1956 1986 2010 ris
2035 1954 2256 2007 lucerna
2290 1972 2303 2007 :
2341 1958 2395 2005 at
2428 1967 2605 2021 neque
2648 1968 2949 2022 corporeus
3006 1952 3201 2006 oculus
3234 1967 3264 2005 a
3303 1950 3490 2007 furore

1907 2044 2003 2101 Dei
2026 2045 2300 2100 turbatur.
2338 2040 2486 2096 Inter
2519 2048 2668 2096 recte
2699 2040 2841 2095 facta
2889 2056 3020 2096 vero
3064 2039 3404 2094 calamitates
3432 2044 3488 2092 et

1905 2153 2177 2194 aerumnas
2205 2152 2335 2190 suas
2364 2141 2684 2212 enumerat;
2728 2134 2783 2187 in
2813 2133 3014 2203 quibus
3044 2129 3376 2187 recensenda
3404 2135 3489 2184 est

1906 2228 2127 2284 amictio
2154 2228 2245 2282 illa
2280 2234 2333 2281 et
2364 2226 2620 2295 abjcctio,
2656 2240 2816 2295 quam
2846 2224 3108 2278 diuturno
3141 2232 3381 2291 tempore
3404 2220 3489 2273 in--

1906 2332 1986 2377 ter
2018 2319 2228 2375 medios
2259 2317 2513 2373 inimicos
2541 2331 2836 2387 perpessus
2858 2322 2961 2370 est.

1974 2413 2140 2470 Vsus.
2202 2411 2359 2466 9-H.
2422 2408 2684 2463 Discedite
2738 2425 2771 2461 a
2826 2424 2926 2471 me,
2976 2422 3152 2461 omnes
3190 2404 3278 2474 qui
3304 2418 3488 2471 opera-

1904 2506 2034 2560 mini
2062 2494 2414 2576 iniquitatem,
2454 2502 2703 2573 quoniam
2731 2499 2996 2554 exaudivit
3032 2497 3288 2551 Dominus
3316 2510 3488 2549 vocem

1902 2598 2057 2668 fletus
2092 2597 2214 2650 mei.
2251 2593 2536 2648 Exaudivit
2563 2590 2820 2645 Dominus
2853 2589 3269 2660 deprecationem
3295 2603 3487 2652 meam,

1906 2690 2162 2743 Dominus
2215 2688 2506 2741 orationem
2542 2701 2712 2739 meam
2754 2683 3003 2750 suscepit.
3071 2679 3399 2733 Erubescant
3440 2686 3491 2731 et

1904 2778 2276 2834 conturbentur
2341 2795 2518 2832 omnes
2567 2777 2772 2830 inimici
2833 2775 2957 2837 mei,
3011 2770 3406 2841 confundantur
3438 2782 3491 2825 et

1902 2872 2207 2929 erubescant
2242 2869 2393 2924 valde
2425 2868 2686 2923 velociter.
2739 2866 2878 2922 Cum
2930 2865 3102 2920 Deum
3162 2863 3265 2917 sibi
3303 2861 3488 2932 propi-

1903 2970 2039 3024 tium
2070 2974 2264 3023 nactus
2293 2967 2384 3031 sit,
2420 2964 2488 3019 ad
2533 2964 2710 3033 ipsum
2764 2959 2946 3014 denuo
2995 2955 3297 3012 orationem
3331 2968 3487 3008 suam

1902 3062 2207 3128 convertit;
2269 3065 2533 3129 rogatque
2566 3062 2627 3109 ut
2673 3051 2933 3109 recedant
2974 3056 3030 3104 et
3081 3045 3488 3103 confundantur

227 3154 374 3207 καλεῖ
427 3154 567 3224 πρὸς
599 3153 660 3207 τὸ
713 3155 1063 3227 ἀναχωρῆσαι
1095 3156 1190 3209 καὶ
1230 3156 1585 3227 αἰσχυνθῆναι
1630 3154 1795 3209 αὐτοῦ

1909 3154 2107 3213 inimici
2133 3154 2238 3215 sui,
2277 3157 2563 3223 postquam
2590 3145 2801 3203 insidiae
2820 3145 3086 3215 ipsorum,
3117 3139 3228 3195 Deo
3259 3138 3362 3195 sibi
3389 3153 3487 3209 per

226 3248 342 3310 τοὺς
367 3247 619 3317 ἐχθροὺς,
672 3247 1041 3316 ἀποτυχόντας
1074 3250 1131 3301 ἐν
1168 3242 1249 3311 οἷς
1278 3246 1695 3310 ἐπεϐούλευσαν,
1732 3246 1798 3300 δι’

228 3334 295 3394 ὧν
320 3341 471 3411 αὐτῷ
494 3341 626 3405 Θεὸς
648 3339 745 3411 τὴν
780 3340 1054 3412 σωτηρίαν
1080 3340 1402 3411 παρέσχετο.
1444 3338 1607 3405 Ἀξιοῖ
1630 3340 1684 3393 δὲ
1706 3341 1801 3394 καὶ

233 3434 337 3487 Δίαν
391 3434 591 3497 αὐτοὺς
622 3432 989 3505 ταραχθῆναι·
1022 3432 1050 3485 ὃ
1084 3433 1149 3504 δὴ
1180 3434 1394 3496 πάντως
1427 3432 1622 3497 αὐτοὺς
1659 3431 1802 3486 κατὰ

233 3526 311 3580 τὸν
342 3528 533 3600 καιρὸν
579 3527 679 3597 τῆς
728 3526 822 3580 τοῦ
864 3526 996 3579 Θεοῦ
1060 3525 1454 3597 δικαιοκρισίας
1501 3524 1796 3590 ἐκδέξεται.

640 3644 932 3698 ΨΑΛΜΟΣ
958 3644 1044 3696 ΤΩ
1076 3643 1274 3695 ΔΑΥΙΔ
1308 3644 1382 3695 Z’.

246 3754 334 3808 Ὃν
356 3749 471 3827 ᾖσε
493 3754 579 3822 τῷ
629 3757 828 3825 Κυρίῳ
875 3755 1029 3824 ὑπὲρ
1069 3755 1188 3827 τῷν
1224 3757 1423 3825 λόγων
1443 3754 1633 3809 Χουσὶ
1662 3752 1798 3809 υἱοῦ

890 3826 1141 3896 Ἰεμενεῐ.

300 3942 465 4009 Κύριε
487 3945 521 3996 ό
557 3942 702 4008 Θεός
724 3959 865 4013 μου,
900 3941 999 3996 ἐπὶ
1030 3942 1128 3996 σοὶ
1166 3941 1400 4011 ἤλπισα
1424 3958 1436 3970 ·
1484 3937 1692 3994 σῶσόν
1718 3956 1797 4009 με

238 4030 297 4086 ἐκ
320 4034 555 4088 πάντων
591 4037 715 4091 τῶν
752 4035 1085 4089 διωκόντων
1102 4052 1198 4104 με,
1237 4033 1333 4087 καί
1353 4028 1648 4101 penam,
1678 4030 1795 4101 μή-

238 4139 365 4179 ποτε
391 4126 632 4196 ἁρπάσῃ
666 4126 747 4193 ὡς
778 4125 933 4180 λέων
960 4125 1074 4195 τὴν
1107 4125 1318 4194 ψυχήν
1341 4143 1481 4195 μου,
1508 4123 1594 4193 μὴ
1623 4124 1796 4190 ὄντος

236 4219 651 4289 λυτρουμένου,
678 4218 832 4289 μηδὲ
863 4218 1171 4284 σώζοντος.
1206 4218 1319 4271 Ούκ
1348 4219 1433 4270 ἐπ’
1466 4215 1792 4289 ἀνθρώποις,

238 4312 341 4364 ούδέ
373 4313 699 4383 συμϐουλαῖς
750 4311 1079 4385 ἀνθρώπων,
1120 4311 1153 4380 ἢ
1210 4310 1440 4382 στρατοῦ
1469 4309 1662 4380 πλήθει
1695 4310 1795 4377 τὰς

237 4404 360 4473 ἐμὰς
397 4406 617 4469 ἐλπίδας
670 4407 1003 4478 ἀπήρτησαο
1045 4404 1137 4457 Διό
1190 4421 1256 4475 με
1310 4403 1468 4474 ῥῦσαι
1519 4403 1794 4473 πολεμίων

1900 3264 1994 3305 eas
2036 3248 2265 3305 salutem
2319 3242 2655 3306 conferente,
2686 3240 2826 3294 male
2855 3242 3161 3292 cesserunt.
3224 3230 3484 3287 Precatu:

1901 3347 2103 3405 autem,
2140 3346 2202 3393 ut
2255 3336 2604 3393 vehementer
2656 3328 3097 3387 conturbentur:
3155 3323 3302 3395 quod
3352 3322 3487 3393 ipsis

1900 3433 2185 3505 sane'justi
2211 3431 2307 3487 Dei
2333 3428 2528 3503 judicii
2563 3436 2810 3497 tempore
2850 3429 3172 3477 eventurum
3203 3424 3310 3473 est.

2298 3625 2623 3683 PSALMUS
2660 3620 2873 3677 DAVID
2913 3618 3028 3674 VII.

1899 3746 1952 3800 I.
2013 3744 2177 3810 Quem
2232 3744 2465 3797 cantavit
2513 3739 2738 3810 Domino
2779 3751 2881 3810 pro
2932 3733 3106 3788 verbis
3161 3730 3328 3786 Cltusi
3384 3727 3486 3796 ﬁlii

2589 3808 2618 3861 J
2628 3808 2809 3862 emini.

1964 3929 2130 3985 Vens.
2160 3928 2216 3994 2,
2246 3928 2300 3982 5.
2336 3926 2558 3980 Domine
2604 3922 2746 3976 Deus
2804 3936 2975 3985 meus,
3023 3919 3081 3972 in
3136 3925 3182 3970 te
3215 3913 3422 3985 speravi
3452 3932 3474 3968 .-

1895 4026 2098 4078 salvum
2165 4038 2245 4075 me
2306 4019 2393 4089 fac
2451 4033 2515 4071 ex
2576 4014 2817 4069 omnibus
2870 4009 3300 4083 persequentibus
3364 4024 3481 4074 me,

1893 4128 1943 4170 et
1978 4114 2140 4169 libera
2171 4129 2272 4166 me.
2298 4108 2593 4180 Nequando
2625 4107 2801 4177 rapiat
2831 4115 2888 4159 ut
2917 4104 2997 4159 leo
3028 4104 3261 4156 animam
3290 4115 3481 4165 meam,

1894 4207 2019 4261 dum
2064 4223 2167 4260 non
2214 4212 2291 4259 est
2319 4205 2407 4274 qui
2463 4201 2712 4262 redimat,
2746 4214 2907 4263 neque
2934 4196 3024 4267 qui
3064 4192 3266 4248 s‘alvum
3293 4191 3480 4260 faciat.

1892 4300 2248 4371 Nequaquam
2280 4298 2334 4351 in
2368 4294 2720 4357 hominibus,
2757 4303 2936 4359 neque
2966 4288 3020 4341 in
3074 4283 3323 4341 consiliis
3377 4282 3480 4336 bo-

1897 4393 2127 4458 minum,
2158 4403 2333 4458 neque
2366 4388 2418 4440 in
2450 4385 2725 4439 exercitus
2776 4381 2950 4451 copiis
2984 4391 3135 4447 spem
3165 4389 3340 4430 meam
3392 4389 3482 4428 re-

241 4510 317 4563 μοι
337 4497 599 4551 τοσούτων
646 4498 1008 4568 ἐπικειμένων
1038 4496 1125 4549 διὰ
1153 4496 1373 4559 παντός.
1397 4496 1471 4549 Ού
1510 4496 1667 4566 μόνον
1701 4494 1794 4548 νῦν

1909 4483 2056 4552 posui
2095 4501 2106 4534 :
2142 4485 2473 4550 quapropter
2506 4490 2535 4528 a
2559 4481 2639 4528 tot
2674 4486 2891 4542 semper
2920 4467 3257 4524 instantibus
3297 4465 3481 4520 inimi-

248 4587 601 4661 Ἀὁεσσαλὼμ,
662 4591 753 4643 καὶ
798 4589 1096 4659 Ἀχιτόφελ,
1131 4589 1223 4642 καὶ
1264 4587 1372 4639 τῶν
1424 4588 1522 4640 σὺν
1567 4587 1787 4649 αὐτοῖς’

233 4678 356 4731 ἀλλὰ
384 4681 474 4733 καὶ
492 4681 660 4735 παλαι
690 4680 795 4751 νέῳ
822 4680 933 4733 ὄντι
968 4680 1138 4733 Σαούλ
1176 4697 1235 4732 τε
1268 4678 1360 4732 καὶ
1389 4677 1655 4731 πλείστων
1683 4676 1791 4730 τῶν

230 4786 283 4822 τε
302 4771 365 4824 δι’
388 4774 564 4826 αὐτῶν
590 4774 810 4843 ἀφανῶς
846 4790 934 4844 μοι
966 4772 1343 4842 πολεμούντων
1375 4770 1646 4841 δαιμόνων
1670 4786 1683 4800 ⁸
1715 4764 1791 4823 ὧν

230 4864 349 4935 περὶ
372 4865 459 4919 τοῦ
490 4867 747 4939 ἄρχοντος
770 4867 980 4938 εἴρηται
1000 4883 1013 4896 ο
1061 4866 1113 4918 Ὁ
1141 4865 1440 4931 ἀντίδικος
1480 4862 1648 4933 ὑμῶν
1667 4861 1793 4915 διά·-

231 4957 396 5024 εολος
439 4966 526 5025 ὡς
575 4956 735 5013 λέων
785 4956 1120 5027 ὠρυόμενος
1176 4958 1541 5028 περιέρχεται
1604 4953 1793 5025 ζητῶν

226 5050 355 5105 τίνα
402 5054 662 5122 καταπίῃ
688 5071 701 5084 ·
738 5052 796 5119 ἐξ
819 5047 879 5108 οὗ
906 5053 1139 5124 μάλιστα
1172 5053 1433 5125 ρυσθῆναι
1465 5052 1787 5124 παρακαλῶ.

290 5328 457 5395 Κύριε
485 5329 518 5382 ὁ
548 5328 689 5393 Θεός
726 5344 865 5396 μου,
900 5327 950 5379 εἱ
992 5324 1247 5392 ἐποίησα
1294 5325 1488 5385 τοῦτο,
1531 5326 1582 5377 εί
1622 5324 1794 5377 ἔστιν

222 5418 415 5475 ἀδικία
444 5422 515 5475 ἐν
547 5422 722 5491 χερσί
747 5438 888 5491 μου,
926 5422 979 5473 εὶ
1018 5418 1404 5475 ἀνταπέδωκα
1450 5417 1573 5483 τοῖς
1610 5418 1791 5471 ἀντα-

223 5511 532 5567 ποδιδοῦσι
574 5530 677 5582 μοι
726 5512 914 5576 κακὰ,
954 5511 1310 5579 ἀποπέσοιμι
1354 5509 1467 5577 ἄρα
1514 5508 1632 5563 ἀπὸ
1675 5508 1793 5562 τῶν

222 5600 442 5671 ἐχθρῶν
462 5625 583 5675 μου
612 5607 988 5677 κενός.”οσην
1009 5604 1128 5673 ἄγει
1151 5602 1460 5676 παρρησίαν
1483 5603 1573 5655 ἐπὶ
1605 5601 1681 5673 τῷ
1713 5601 1787 5672 μὴ

226 5703 599 5767 μνησικακεῖνῑ
651 5700 955 5770 Ἐξαίρετον
994 5699 1102 5768 γὰρ
1139 5694 1298 5751 τοῦτο
1334 5695 1663 5766 κατόρθωμα
1692 5692 1786 5747 τοῦ

287 5862 329 5892 ⁷⁵
370 5862 558 5917 Muttn.
594 5876 673 5927 vr,
716 5856 807 5911 92.
886 5857 929 5885 ⁷³
973 5855 988 5907 1
1023 5852 1165 5908 Petr.
1202 5869 1232 5904 v
1258 5892 1271 5907 .
1304 5853 1356 5906 8.

1899 4577 1980 4629 cis
2012 4574 2162 4643 eripe
2214 4586 2318 4624 me.
2354 4567 2541 4637 Neque
2596 4566 2771 4621 solum
2802 4563 2947 4616 enim
3000 4560 3068 4614 ab
3109 4558 3382 4613 Absalone
3424 4564 3481 4609 et

1897 4665 2251 4735 Achitophele
2308 4675 2606 4729 eorumque
2663 4653 2996 4726 sequacibus
3059 4651 3153 4722 qui
3210 4664 3298 4703 me
3331 4661 3478 4701 nunc

1900 4760 2259 4822 adoriuntur;
2297 4754 2394 4809 sed
2438 4752 2551 4823 jam
2590 4750 2723 4806 olim
2770 4744 2991 4816 juvenis
3020 4756 3146 4797 cum
3185 4753 3386 4800 essem,
3443 4750 3476 4790 a

1902 4855 2087 4913 Saule,
2124 4861 2177 4906 et
2203 4867 2231 4904 a
2260 4848 2445 4903 multis
2475 4846 2567 4915 qui
2599 4858 2686 4898 me
2719 4841 2894 4911 ipsius
2920 4850 3084 4909 opera
3118 4832 3258 4888 clam
3297 4829 3476 4899 impu-

1898 4946 2139 5018 gnabant
2188 4939 2549 5000 daemonibus,
2596 4935 2664 4991 de
2714 4945 2946 5003 quorum
2978 4924 3221 4995 principe
3266 4920 3473 5018 dictum

1899 5011 2392 5093 esttAdversarius
2443 5039 2609 5083 vester
2658 5021 2923 5083 diabolus,
2962 5025 3212 5085 tanquam
3269 5011 3347 5064 leo
3380 5026 3476 5063 ru-

1897 5136 2041 5201 giens
2062 5128 2247 5182 circuit
2267 5140 2506 5195 quccrens
2529 5137 2679 5191 quem
2714 5116 2920 5184 devoret
2946 5111 3012 5163 ⁷⁷.
3045 5109 3089 5162 Α
3110 5123 3219 5178 quo
3241 5121 3472 5177 praeser-

1899 5227 1991 5279 tim
2016 5240 2102 5277 me
2125 5222 2322 5275 liberes
2348 5233 2499 5287 rogo.
3406 5205 3418 5213 ’

1952 5316 2119 5369 Vnus.
2153 5315 2207 5375 4,
2234 5313 2287 5367 5.
2318 5310 2539 5365 Domine
2567 5306 2699 5359 Deus
2736 5316 2898 5361 meus,
2918 5297 2964 5352 si
2993 5296 3091 5367 feci
3120 5296 3284 5359 istud,
3321 5294 3367 5347 si
3390 5300 3468 5346 est

1898 5410 2152 5481 iniquitas
2198 5407 2251 5460 in
2288 5403 2530 5457 manibus
2575 5397 2702 5451 meis
2737 5410 2755 5448 :
2792 5394 2840 5448 si
2877 5390 3082 5445 reddidi
3128 5383 3466 5442 retribuenti-

1899 5479 1999 5560 bus
2032 5503 2160 5557 mihi
2212 5498 2379 5561 mala,
2412 5490 2654 5549 decidam
2708 5486 2895 5541 merito
2936 5484 3001 5538 ab
3058 5479 3286 5536 inimicis
3334 5490 3465 5532 mets

1895 5597 2093 5651 inanis.
2144 5592 2416 5658 Quantam
2440 5600 2507 5640 ex
2546 5580 2823 5637 oblivione
2866 5575 3188 5646 iniuriarum
3238 5584 3302 5623 ac
3329 5565 3466 5621 tole-

1893 5689 2071 5744 rantia
2102 5656 2353 5739 ﬁduciam
2387 5673 2559 5731 David
2587 5670 2839 5730 exhibet!
2875 5667 3001 5723 Haec
3030 5677 3160 5722 sane
3189 5656 3464 5730 praecipua
