3948 6286
456 269 562 326 125

1098 265 1371 323 EUSEBII
1403 265 1882 324 CIESARIENSLS
1919 266 2068 323 OPP.
2108 266 2290 321 PARS
2326 264 2412 320 ΙΙΙ.
2453 292 2522 303 -
2552 261 2959 321 EXEGETICA.

3589 252 3688 309 124

457 393 580 461 ejus
612 391 787 447 virtus
810 397 926 456 est,
955 394 1015 444 ut
1062 386 1266 459 Moysis
1307 360 1697 445 mansuetudo:
1728 388 1860 442 Erat
1889 389 2027 442 enim

2144 386 2317 439 ὶαυῖδ·
2360 387 2434 450 ὡς
2462 384 2554 438 τοῦ
2588 386 2683 455 μὲν
2710 385 2984 447 Μωῦσέως
3023 382 3084 436 τὸ
3126 383 3324 454 πρᾶοψ
3357 378 3552 448 Πρᾶος
3582 377 3689 447 γὰρ

459 482 767 537 mitissimus
799 496 953 550 super
986 498 1162 536 omnes
1211 479 1443 535 homines
1481 482 1571 551 qui
1600 480 1945 536 morabantur
1969 481 2023 534 in

482 585 623 631 terra
641 575 716 638 7‘;
743 573 1036 627 Abrahami
1071 572 1237 628 fides:
1268 572 1505 628 Credidit
1532 573 1678 628 enim
1714 573 1843 638 Deo,
1875 583 1923 627 et
1942 590 2024 627 re-

459 677 701 738 putatum
734 674 811 721 est
840 667 889 721 ei
911 667 967 721 in
984 666 1256 736 justitiam
1270 667 1354 733 7°;
1386 665 1508 721 Jobi
1540 666 1821 737 patientia.
1870 662 2025 719 Jose—

459 759 552 830 phi
599 758 956 821 continentia,
1005 756 1315 813 Salomonis
1356 758 1645 829 sapientia.
1688 756 1848 813 Certe
1897 771 2025 812 san-

459 857 673 904 ctorum
705 850 924 921 egregia
969 849 1173 915 virtus,
1219 865 1329 906 non
1361 850 1419 904 in
1446 849 1611 905 rebus
1649 849 1840 905 iisdem
1868 849 2025 903 testi-

459 942 704 995 monium
755 942 1005 1013 accepit;
1057 942 1149 997 sed
1202 942 1259 996 in
1309 956 1415 1013 quo
1467 942 1781 997 certaminis
1831 955 2027 1011 genere

460 1033 822 1105 praecellebat.
860 1032 1029 1089 David
1073 1034 1240 1104 igitur
1284 1033 1379 1105 qui
1421 1049 1638 1105 semper
1682 1034 2026 1088 tolerantiam

459 1125 897 1196 oblivionemque
941 1124 1269 1195 injuriarum
1302 1126 1560 1195 expetiit,
1593 1125 1642 1179 id
1675 1123 1816 1193 apud
1858 1123 2024 1179 Deum

461 1216 744 1272 contendit
772 1226 830 1272 ut
853 1218 1006 1287 paria
1029 1226 1420 1288 consequatur.
1464 1216 1598 1271 Nam
1635 1231 1666 1270 a
1706 1216 1909 1287 Spiritu
1943 1217 2028 1271 di-

461 1309 590 1364 vino
626 1309 923 1366 edidicerat
947 1309 1188 1365 futuram
1211 1310 1358 1364 illam
1390 1309 1688 1364 Salvatoris
1715 1309 2031 1380 promissio-

464 1417 627 1457 nem:
681 1401 741 1458 Si
773 1403 1086 1458 dimiseritis
1116 1401 1415 1456 hominibus
1461 1410 1677 1470 peccata
1707 1418 1907 1466 eorum,
1941 1401 2027 1455 di-

2128 473 2206 548 ἦν
2232 477 2391 545 παρὰ
2416 477 2643 542 πάντας
2666 475 2807 542 τοὺς
2835 474 3181 544 ἀνθρώπους
3205 473 3345 539 τοὺς
3377 472 3553 536 ὄντας
3592 468 3690 521 ἐπὶ

2129 568 2238 638 τῆς
2273 567 2414 639 τῆς·
2464 566 2557 620 τοῦ
2604 566 2853 640 Ἀϐραὰμ
2898 567 2955 619 δὲ
2996 568 3030 638 ή
3078 566 3256 628 πίστις
3274 582 3293 594 ἠ
3337 563 3692 617 Ἐπίστευσε

2128 662 2235 733 γὰρ
2273 660 2353 726 τῷ
2385 659 2524 724 Θεῷ,
2552 660 2646 713 καὶ
2670 658 2954 728 ἐλογίσθη
2977 656 3137 723 αὐτῷ
3154 659 3240 723 εις
3266 654 3690 719 δικαιοσύνην.

2131 754 2226 807 καὶ
2265 752 2358 806 τοῦ
2398 750 2517 805 Ἰὼϐ
2550 754 2583 823 ἡ
2617 750 2898 823 καρτερία,
2928 751 3021 803 καὶ
3060 749 3257 820 Ἰωσὴφ
3286 749 3318 818 ἡ
3351 744 3693 817 σωφροσύνη,

2131 844 2225 898 καὶ
2260 847 2294 916 ἡ
2346 845 2505 914 σοφία
2551 842 2645 896 τοῦ
2697 842 3064 914 Σαλομῶντος.
3102 841 3212 895 Καὶ
3238 838 3299 892 τὸ
3335 836 3558 909 στεῤῥδν
3590 833 3697 887 τῶν

2134 935 2302 1005 ἁγίων
2329 936 2427 990 οὐκ
2460 934 2552 989 ἐπὶ
2577 938 2690 998 τοῖς
2722 937 2903 997 αὐτοῖς
2936 932 3379 1005 μεμαρτύρηταιο
3417 926 3533 982 ἀλλ’
3565 928 3622 978 ὲν
3653 919 3698 993 ᾦ

2132 1032 2323 1101 κρατεῖ
2345 1028 2626 1101 παραδόξῳ
2648 1028 3004 1099 παλαίσματι·.
3027 1025 3188 1079 Δαυῒδ
3206 1024 3385 1078 τοίνυν
3406 1024 3434 1075 6
3454 1020 3541 1074 διὰ
3566 1035 3700 1071 παν-

2132 1123 2222 1186 τὸς
2250 1121 2622 1193 ἀμνησίκακον
2654 1120 2841 1192 ᾔτησε,
2879 1118 3146 1190 προτείνει
3173 1108 3301 1180 Θεῷ
3346 1113 3452 1166 τῶν
3480 1110 3610 1163 item
3642 1106 3703 1172 ἐξ

2134 1214 2298 1270 αὐτοῦ
2342 1216 2521 1284 τυχεῖν
2569 1211 3129 1282 ὲξαιτούμενος.⁹ῌδει
3158 1206 3264 1279 γὰρ
3308 1208 3372 1258 ὲκ
3417 1202 3510 1255 τοῦ
3555 1201 3701 1255 θείου

2134 1307 2446 1377 Πνεῦματος
2486 1305 2582 1377 τὴν
2630 1304 2923 1376 μέλλουσαν
2963 1302 3057 1355 τοῦ
3095 1299 3351 1370 Σωτῆρος,
3373 1292 3703 1364 ἐπαγγελίαν

2132 1402 2253 1474 τὴν,
2271 1400 2411 1455 Ἐὰν
2435 1397 2624 1469 ἀφῆτε
2656 1398 2779 1464 τοῖς
2808 1393 3136 1463 ἀνθρώποις
3167 1389 3239 1444 τὰ
3266 1385 3706 1457 παραπτώματα

464 1496 635 1550 mittet
661 1505 708 1550 et
738 1496 879 1550 vobis
910 1495 1077 1550 Pater
1101 1503 1266 1550 uester
1295 1495 1520 1549 caelestis
1543 1494 1735 1549 delicta
1763 1503 1935 1548 vestra
1956 1494 2024 1548 ³ο.

2144 1494 2350 1563 αὐτῶν,
2375 1491 2595 1563 ἀφήσει
2622 1489 2721 1545 καὶ
2743 1487 2884 1558 ὑμῖν
2910 1489 2942 1539 ὁ
2965 1483 3169 1552 Πατὴρ
3193 1480 3404 1551 ὑμῶνό
3428 1476 3707 1565 οἰιράνιος

464 1581 648 1648 Quare
692 1599 817 1638 cum
878 1592 1268 1654 congruentem
1318 1584 1580 1641 edidisset
1629 1583 2026 1655 pmnitentiam,

2144 1585 2207 1640 τὰ
2238 1562 2675 1652 παραπτώματα
2707 1577 2891 1648 ὑμῶν.
2915 1573 3006 1627 Διὸ
3033 1570 3171 1645 μετὰ
3193 1569 3289 1640 τήν
3320 1567 3506 1638 ἱκανὴν
3536 1562 3706 1635 μετά-

463 1675 676 1729 veniam
703 1684 1035 1732 consecutus
1065 1684 1170 1732 est.

2144 1692 2286 1729 νοιαν
2320 1674 2477 1745 ἔτυχε
2511 1673 2610 1744 τῆς
2649 1671 2916 1740 ἀφέσεως.

538 1765 707 1821 Vens.
737 1768 792 1821 6.
835 1766 1191 1839 Persequatur
1230 1768 1475 1822 inimicus
1506 1769 1742 1823 animam
1770 1785 1959 1831 meam,
1983 1778 2031 1821 et

2201 1766 2563 1831 Καταδιώξαι
2602 1765 2714 1834 ἄρα
2739 1767 2771 1817 ό
2797 1760 3009 1832 ἐχθρὸς
3043 1757 3156 1827 τὴν
3188 1757 3399 1825 ψυχήν
3418 1769 3558 1823 μου,
3605 1748 3710 1802 καὶ

463 1857 890 1926 comprehendat,
922 1868 972 1913 et
1000 1860 1273 1915 conculcet
1305 1862 1359 1913 in
1392 1869 1539 1913 terra
1566 1862 1730 1915 vitam
1756 1877 1948 1926 meam,
1980 1869 2031 1913 et

2144 1856 2451 1911 καταλάϐοι
2497 1857 2596 1910 καὶ
2646 1851 3062 1918 καταπατῆσαι
3102 1850 3189 1913 εἷς
3223 1845 3342 1917 γῆν
3385 1842 3501 1912 τὴν
3554 1839 3710 1907 ζωήν

464 1951 693 2021 gloriam
745 1969 917 2005 meam
959 1953 1015 2005 in
1044 1952 1306 2021 pulverem
1353 1952 1602 2006 deducat.
1653 1953 1912 2008 Pluribus
1958 1952 2033 2007 ita

2144 1968 2266 2015 μου,
2301 1949 2397 2003 καὶ
2436 1947 2549 2016 τὴν
2577 1947 2762 2011 δόξαν
2785 1963 2903 2013 μου
2931 1945 3019 2008 εὶς
3044 1938 3195 2010 χοῦν
3223 1931 3708 2001 κατασκηνώσειι.

465 2041 649 2097 verbis
677 2041 941 2099 insistens
970 2044 1079 2098 ait:
1120 2042 1176 2097 Si
1201 2059 1321 2099 eam
1346 2060 1461 2098 rem
1496 2061 1607 2100 non
1635 2045 1806 2115 probe
1827 2046 2031 2116 egerim

465 2149 535 2188 ne
563 2149 592 2186 a
623 2143 847 2203 peccato
897 2142 1024 2190 ante
1071 2135 1283 2189 obitum
1330 2135 1549 2205 eripiar,
1596 2152 1775 2208 neque
1805 2137 2034 2209 gloriam

465 2240 641 2280 meam
681 2225 973 2295 recipiam;
1005 2225 1101 2281 sed
1133 2226 1186 2279 in
1220 2226 1355 2296 ipsis
1373 2226 1583 2283 delictis
1598 2229 2046 2301 comprehendar,

465 2324 528 2370 ut
559 2316 816 2371 inimicus
851 2331 1027 2381 meus,
1076 2318 1303 2386 perinde
1347 2327 1510 2387 atque
1542 2319 1595 2373 in
1624 2323 1746 2388 ipso
1773 2320 2033 2390 peccandi

464 2416 731 2475 tempore,
760 2406 999 2461 animam
1047 2424 1222 2463 meam
1263 2424 1479 2479 semper
1510 2410 1819 2477 conculcet,
1861 2411 2036 2465 donec

463 2510 532 2550 ea
565 2496 620 2550 in
652 2497 927 2567 pulverem
954 2498 1148 2554 mortis
1182 2507 1508 2555 revertatur.
1536 2499 1634 2555 Sin
1663 2510 1853 2556 contra
1873 2503 2037 2572 probe

466 2600 556 2641 me
579 2586 861 2656 gesserim,
896 2587 1210 2658 redemptus
1234 2605 1296 2644 ea
1325 2606 1447 2659 qua:
1463 2605 1560 2661 par
1588 2598 1673 2647 est
1702 2607 2034 2662 consequar,

465 2692 646 2747 neque
676 2677 731 2732 in
761 2679 1038 2749 pulverem
1081 2683 1291 2750 peccati
1323 2683 1583 2747 carnalis,
1613 2683 1667 2737 in
1698 2700 1858 2754 quem
1889 2684 2039 2738 dela-

466 2785 604 2840 psus
629 2787 771 2836 sum,
802 2785 1171 2841 permaneam.
1209 2769 1331 2826 Vita
1356 2772 1477 2842 ejus
1503 2775 1598 2843 qui
1625 2774 1828 2828 terreni
1862 2774 2039 2827 homi-

470 2861 560 2916 nis
590 2862 878 2932 imaginem
909 2863 1066 2934 gerit,
1098 2863 1166 2916 ab
1201 2863 1425 2919 inimico
1459 2865 1517 2919 in
1547 2873 1692 2920 terra
1718 2866 2039 2920 conculcata

465 2960 572 3007 est.
640 2951 1002 3019 Quamobrem
1050 2953 1161 3019 ille,
1193 2954 1406 3010 etiamsi
1455 2955 1701 3010 videatur
1748 2956 2040 3026 aliquando

467 3044 643 3113 gloria
670 3043 829 3110 allici,
874 3054 1113 3101 attamen
1154 3047 1327 3118 gloria
1346 3047 1467 3117 ejus
1497 3048 1555 3102 in
1599 3048 1821 3118 pulvere
1853 3048 2035 3117 jacet;

469 3135 662 3203 quales
694 3145 822 3190 sunt
868 3138 962 3206 qui
1003 3138 1189 3207 gloriae
1223 3153 1392 3193 causa
1433 3146 1623 3210 agunt,
1655 3138 1846 3194 laudes
1876 3155 2038 3209 expe-

469 3230 615 3285 tunt,
662 3225 743 3279 vel
776 3226 1079 3280 mercedem
1113 3227 1181 3281 ab
1209 3227 1525 3283 hominibus
1567 3238 1931 3300 aucupantur.

545 3312 711 3368 Vnus.
733 3314 784 3379 7,
812 3315 864 3370 8.
897 3314 1158 3387 Exsurge,
1183 3317 1495 3383 Domine,in
1511 3319 1594 3373 ira
1609 3328 1702 3373 tua
1730 3329 1779 3374 et
1809 3322 2045 3376 exaltare

467 3404 528 3458 in
569 3405 763 3473 ﬁnibus
817 3406 1152 3462 inimicorum
1225 3420 1453 3464 tuorum.
1514 3410 1774 3483 Exsurge,
1824 3413 2046 3468 Domine

474 3496 612 3551 Deus
646 3513 812 3561 meus,
843 3499 897 3552 in
927 3510 1186 3569 prteccpto
1218 3503 1356 3571 quod
1382 3502 1673 3568 mandasti,
1705 3516 1753 3558 et
1778 3522 2046 3578 synagoga

472 3587 791 3658 populorum
837 3589 1185 3643 circumdabit
1239 3600 1307 3646 te.
1350 3591 1639 3647 Dominum
1670 3594 1941 3658 hortatur,
1986 3604 2044 3651 ut

472 3680 643 3736 veluti
674 3680 784 3734 dux
829 3682 1104 3738 exercitus
1147 3697 1271 3737 cum
1333 3682 1707 3754 indignatione
1745 3695 2044 3758 consurgat

473 3772 739 3828 adversus
764 3772 1064 3842 principem
1092 3773 1367 3829 exercitus
1400 3774 1756 3831 invisibilium
1794 3778 2044 3833 inimico-

473 3876 619 3925 rum,
647 3863 727 3917 sic
765 3876 890 3916 eum
923 3862 1295 3932 compellans:
1342 3861 1424 3918 Tu
1460 3865 1598 3934 ipse,
1625 3867 1718 3936 qui
1754 3867 1917 3923 nobis
1947 3867 2045 3921 ho-

474 3952 716 4007 minibus
762 3952 1068 4022 praecepisti
1123 3961 1184 4008 ut
1220 3964 1625 4020 concertemus,
1674 3956 1913 4028 idipsum
1961 3956 2045 4012 fa-

475 4045 604 4099 cito.
661 4042 732 4098 lis
759 4043 903 4097 enim
937 4043 1034 4097 abs
1063 4052 1114 4098 te
1146 4043 1347 4114 fugatis
1373 4060 1437 4100 ac
1470 4047 1687 4115 deletis,
1721 4064 1822 4120 ego
1858 4051 2043 4106 salvus

473 4150 611 4200 ero;
644 4149 820 4204 neque
849 4136 1023 4199 solus,
1070 4137 1163 4191 sed
1197 4138 1359 4192 etiam
1400 4137 1644 4197 Ecclesia
1682 4158 1750 4196 ex
1788 4144 2045 4214 gentibus

473 4223 837 4278 circumdabit
871 4231 946 4289 te,
990 4224 1269 4281 eliminato
1297 4227 1508 4284 scilicet
1534 4231 1682 4284 omni
1730 4232 2042 4287 daemonum

474 4329 681 4370 errore.
738 4312 795 4368 In
835 4315 925 4369 illa
956 4330 1087 4371 sane
1113 4319 1263 4373 velut
1308 4317 1364 4372 in
1394 4318 1567 4373 choro
1608 4320 1822 4377 medius
1851 4325 2040 4379 consi—

2132 2040 2535 2109 Διατεινόμενος
2560 2038 2615 2090 δέ
2644 2052 2806 2106 φησιν
2827 2052 2841 2065 ³
2867 2034 2931 2087 El
2961 2033 3034 2104 μὴ
3068 2027 3404 2099 κατώρθωσα
3429 2024 3608 2086 τοῦτο,
3634 2021 3712 2092 μὴ

2135 2128 2554 2200 ὲλευθερωθείην
2584 2126 2690 2198 πρὸ
2711 2125 2805 2179 τοῦ
2835 2123 3066 2177 θανάτου
3097 2121 3198 2190 τῆς
3234 2115 3531 2190 ἁμαρτίας,
3567 2112 3712 2184 μηδὲ

2133 2221 2229 2292 τὴν
2263 2220 2400 2292 ἐμὴν
2421 2218 2743 2289 ἀπολάϐοιμι
2759 2217 2933 2282 δόξαν,
2961 2217 3018 2268 ὲν
3046 2215 3234 2276 αὐταῖς
3263 2211 3320 2264 δέ
3351 2227 3450 2281 μου
3472 2205 3716 2275 καταλη-

2137 2315 2327 2384 φθείην
2353 2315 2473 2376 ταῖς
2503 2311 2817 2383 ἁμαρτίαις,
2854 2308 2920 2362 ἵν’
2957 2308 3033 2371 ὡς
3063 2309 3152 2361 ὅτε
3177 2307 3420 2377 ἥμαρτον
3444 2300 3587 2354 οὕτω
3615 2299 3716 2370 μέ.

2135 2425 2226 2480 χρι
2259 2404 2453 2468 παντὸς
2481 2403 2578 2474 τὴν
2613 2402 2750 2474 ἐμὴν
2776 2404 2805 2455 6
2833 2398 3099 2472 δυσμενὴς
3131 2396 3488 2465 καταπατήσῃ
3508 2391 3714 2463 ψυχὴν,

2141 2497 2300 2569 μέχρι
2352 2494 2446 2549 τοῦ
2492 2496 2572 2559 είς
2619 2493 2747 2565 χοῦν
2774 2490 3112 2563 ὑποστρέψαι
3146 2487 3393 2542 θανάτου.
3429 2485 3492 2536 Ei
3523 2482 3581 2535 δὲ
3609 2499 3725 2535 κα-

2136 2588 2420 2661 τώρθωσα,
2449 2588 2664 2657 τύχοιμι
2705 2585 2814 2638 τῶν
2845 2584 2973 2637 ἴσων
2999 2580 3376 2654 λυτρούμενος,
3408 2577 3500 2631 καὶ
3533 2574 3608 2645 μὴ
3634 2574 3725 2637 εἰς

2138 2680 2197 2733 ὃν
2231 2679 2290 2746 ἐξ
2329 2678 2602 2750 ἁμαρτίας
2628 2677 2907 2730 κατέπεσα
2940 2673 3069 2746 χοῦν
3097 2670 3367 2742 ἐπιμένων
3395 2667 3497 2737 τῆς
3530 2675 3739 2736 capt!»

2140 2773 2243 2842 κῆς
2287 2773 2580 2842 ἁμαρτίας.
2598 2771 2660 2825 Ἡ
2689 2769 2801 2841 ζωὴ
2830 2768 2925 2822 τοῦ
2952 2767 3029 2821 ἔτι
3058 2766 3157 2835 τὴν
3196 2762 3375 2817 εἰκόνα
3405 2758 3498 2813 τοῦ
3528 2755 3720 2829 χοϊκοῦ

2141 2861 2431 2932 φοροῦντος
2483 2860 2937 2930 καταπεπάτηται
2983 2855 3088 2909 ὑπὸ
3116 2854 3209 2908 τοῦ
3245 2850 3438 2924 ἐχθροῦ
3464 2853 3544 2913 εἰς
3571 2848 3683 2918 γῆν
3703 2865 3715 2877 ·

2141 2948 2290 3016 οὗτος
2315 2953 2393 3018 δὲ,
2423 2951 2525 3006 κᾶν
2569 2949 2884 3018 δοξάζεσθαι
2936 2947 3068 3001 ποτὲ
3118 2946 3268 3016 δοκῇ,
3304 2942 3723 3012 κατεσκήνωσεν

2143 3045 2307 3099 αὑτοῦ
2339 3049 2372 3118 ἡ
2400 3046 2527 3112 δόξα
2560 3046 2640 3108 εἱς
2667 3043 2816 3115 χοῦν,
2845 3043 2921 3106 ὡς
2947 3041 3056 3095 τῶν
3083 3038 3374 3092 ποιούντων
3411 3035 3501 3089 διὰ
3534 3032 3720 3097 δόξαν,

2147 3142 2239 3195 καὶ
2267 3141 2357 3195 τὸν
2386 3138 2515 3212 παρ’
2546 3137 2724 3192 αὐτῶν
2753 3136 2993 3198 ἔπαινον,
3027 3133 3061 3204 ἢ
3091 3133 3188 3203 τὴν
3214 3131 3341 3201 παρ’
3371 3128 3551 3190 αὐτοῖς
3576 3128 3722 3179 ἀπο-

2143 3224 2323 3306 δοχὴν.

2230 3327 2556 3393 Ἀνάστηθι,
2591 3324 2791 3392 Κύριε,
2812 3321 2883 3376 ἐν
2911 3319 2990 3389 τῇ
3022 3318 3167 3390 ὀργῇ
3194 3332 3331 3380 σου,
3354 3313 3619 3385 ὑψώθητι
3646 3311 3725 3365 ἐν

2145 3417 2268 3483 τοῖς
2294 3416 2507 3485 πέρασι
2528 3413 2648 3469 τῶν
2673 3412 2902 3483 ἐχθρῶν
2924 3428 3060 3467 σου.
3078 3408 3465 3480 Ἐξεγέρθητι,
3487 3406 3663 3473 Κύριε
3690 3405 3725 3457 ὁ

2149 3509 2292 3575 Θεός
2317 3525 2456 3576 μου,
2495 3507 2566 3561 ἐν
2597 3503 3003 3574 προστάγματι
3026 3495 3075 3569 ᾧ
3109 3501 3404 3561 ἑνετείλω,
3435 3497 3532 3551 καὶ
3570 3510 3726 3549 συν-

2146 3600 2344 3673 αγωγὴ
2376 3598 2541 3654 λαῶν
2569 3596 2870 3652 κυκλώσει
2896 3611 2989 3651 σε.
3021 3589 3123 3649 Οἴα
3164 3593 3228 3665 δὴ
3269 3590 3569 3663 στρατηγὸν
3597 3589 3723 3642 δια-

2146 3695 2407 3764 ναστῆναι
2458 3692 2553 3745 σὺν
2606 3689 2974 3759 ἀγανακτήσει
3004 3685 3147 3739 κατὰ
3178 3683 3271 3737 τοῦ
3315 3682 3423 3735 τῶν
3471 3681 3724 3752 ἀοράτων

2147 3785 2420 3857 πολεμίων
2446 3783 2702 3853 ἄρχοντος
2737 3778 3121 3851 στρατοπέδου,
3156 3775 3329 3843 λέγων
3353 3791 3367 3804 ο
3402 3775 3466 3826 Ὃ
3487 3775 3600 3834 τοῖς
3624 3772 3725 3825 ἀν-

2148 3879 2386 3953 θρώποις
2441 3878 2571 3948 ἡμῖν
2624 3872 2961 3946 προσέταξας
3010 3867 3370 3938 ἀγωνίζεσθαι
3416 3864 3556 3919 κατὰ
3610 3863 3725 3917 τῶν

2148 3973 2391 4045 ἀοράτων
2414 3967 2716 4038 δυνάμεων,
2743 3964 2901 4017 τοῦτο
2933 3962 3127 4034 δρᾶσον
3159 3960 3338 4024 αὐτὸς.
3368 3957 3582 4010 Τούτων
3608 3954 3723 4026 γὰρ

2148 4066 2252 4120 ὑπὸ
2291 4063 2387 4117 σοῦ
2420 4057 2834 4132 καθῃρημένων,
2869 4054 3022 4123 κάγὼ
3069 4052 3403 4122 σωθήσομαι,
3432 4048 3491 4101 οὐ
3534 4048 3721 4118 μόνος,

2147 4155 2415 4213 ἀλλὰκαὶ
2461 4156 2496 4224 ἡ
2525 4151 2632 4205 τῶν
2666 4148 2834 4202 ἐθνῶν
2872 4145 3165 4215 Ἐκκλησία
3200 4141 3467 4196 κυκλώσει
3500 4157 3578 4203 σε,
3613 4139 3725 4192 πά-

2149 4267 2247 4321 σης
2271 4246 2536 4318 δαιμόνων
2563 4243 2769 4312 πλάνης
2795 4237 3210 4306 ἁπελασθείσης.
3239 4233 3454 4306 Ταύτης
3476 4233 3532 4285 δὲ
3555 4230 3726 4285 καθὰ-

2148 4358 2254 4412 περ
2278 4337 2438 4411 χοροῦ
2474 4337 2636 4409 μέσος
2662 4334 2951 4403 γενόμενος
2978 4329 3144 4398 ὕμνον
3189 4327 3531 4397 ἀναπέμψεις
3580 4324 3722 4395 πρέ-

476 4418 629 4465 stens
669 4408 929 4478 hymnum
978 4411 1195 4466 emittes
1224 4409 1372 4467 Patri
1425 4420 1541 4477 tuo,
1573 4416 2035 4484 quemadmodum

2144 4408 2311 4488 ποντα
2446 4408 2619 4500 Πατρὶ
2647 4426 2896 4496 καθάπερ
2926 4423 3060 4493 ἔφης
3082 4438 3096 4452 ·
3144 4417 3474 4490 Ἀπαγγελῶ
3495 4419 3560 4472 τὸ
3585 4418 3724 4471 ὅνο-

473 4501 699 4558 dixisti:
750 4500 999 4555 Narrabo
1058 4520 1247 4557 nomen
1295 4512 1443 4557 tuum
1492 4505 1751 4573 fratribus
1800 4509 1951 4574 meis,
1985 4511 2035 4564 in

2144 4525 2227 4595 μά
2264 4500 2400 4577 σου-
2421 4522 2544 4588 τοῖς
2582 4517 2865 4587 ἀδελφοῖς
2888 4533 3027 4586 μου,
3060 4514 3130 4567 ἐν
3153 4512 3323 4581 μέσῳ
3363 4511 3724 4578 Ἐκκλησίας

475 4594 648 4650 medio
676 4592 928 4647 Ecclesia:
960 4593 1195 4648 laudabo
1227 4596 1358 4648 te“.

550 4705 717 4760 Vens.
742 4704 796 4759 9.
833 4703 899 4757 Et
921 4712 1133 4774 propter
1163 4704 1297 4759 hanc
1326 4707 1379 4758 in
1412 4705 1578 4760 altum
1602 4708 1887 4776 regredere,
1934 4711 2045 4766 Do-

478 4801 654 4854 minus
693 4798 959 4867 judicabit
996 4798 1235 4867 populos.
1276 4798 1476 4854 Judica
1524 4818 1625 4864 me,
1667 4802 1913 4869 Domine,
1959 4822 2043 4860 se-

481 4891 710 4947 cundum
745 4891 1015 4960 justitiam
1062 4900 1229 4955 tuam,
1262 4901 1313 4945 et
1349 4892 1635 4946 secundum
1684 4896 2043 4953 innocentiam

481 4997 651 5036 meam
673 4997 827 5050 super
858 4998 961 5035 me.
997 4980 1266 5047 Quoniam
1311 4996 1500 5037 omnes
1547 4992 1830 5040 creaturas
1872 4988 2045 5044 addu-

484 5081 570 5128 cet
608 5072 750 5128 Deus
793 5074 847 5128 in
876 5074 1164 5144 judicium,
1212 5084 1540 5146 oportetque
1584 5076 1872 5135 universos
1919 5091 2046 5137 ante

484 5161 685 5216 Christi
714 5163 952 5217 tribunal
987 5165 1135 5228 sisti,
1187 5180 1311 5222 cum
1354 5166 1638 5222 didicisset
1670 5166 1841 5223 David
1892 5169 2041 5225 futu-

484 5266 603 5307 rum
635 5269 757 5307 esse
790 5261 848 5306 ut
886 5256 1149 5311 mundum
1181 5257 1391 5327 judicet
1431 5259 1485 5313 in
1511 5258 1747 5329 justitia,
1779 5269 1833 5316 et
1868 5278 2045 5333 popu-

487 5342 567 5398 los
599 5342 654 5395 in
689 5343 963 5411 aequitate,
995 5344 1117 5412 jure
1154 5347 1266 5402 ait:
1309 5344 1414 5402 Mei
1451 5362 1668 5417 quoque
1695 5346 1862 5417 judex
1898 5358 2040 5417 esto,

486 5434 735 5497 Domine,
771 5449 878 5487 non
909 5437 1205 5491 secundum
1240 5439 1479 5510 reliquas
1502 5441 1847 5509 operationes
1871 5456 2040 5505 meas,

487 5525 583 5583 sed
613 5525 911 5582 secundum
935 5524 1339 5598 simplicitatem
1365 5542 1420 5589 et
1453 5530 1724 5602 justitiam
1752 5545 1969 5599 meam.;

2146 4616 2398 4686 ὑμνήσω
2427 4630 2520 4669 σε.

2217 4705 2328 4760 Καὶ
2348 4704 2498 4771 ὑπὲρ
2526 4703 2746 4769 ταύτης
2774 4704 2860 4767 εὶς
2884 4701 3041 4769 ὕψος
3082 4700 3464 4767 ἐπίστρεφον,
3500 4696 3722 4763 Κύριος

2147 4796 2338 4866 κρινεῖ
2355 4796 2561 4861 λαούς.
2591 4793 2807 4863 Κρῖνόν
2834 4810 2936 4863 με,
2953 4794 3149 4861 Κύριε,
3184 4789 3332 4844 κατὰ
3362 4787 3476 4856 τὴν
3499 4786 3723 4841 δικαιο-

2147 4891 2345 4955 σύνην
2384 4903 2521 4949 σου,
2543 4884 2643 4938 καὶ
2682 4884 2831 4938 κατὰ
2871 4882 2986 4952 τὴν
3024 4882 3282 4937 ἀκακίαν
3317 4896 3436 4950 μου
3476 4876 3716 4947 ἐπ’ἑμέ.

2155 4978 2369 5050 Ἐπειδὴ
2417 4979 2524 5030 πᾶν
2570 4978 2631 5031 τὸ
2674 4976 2882 5047 ποίημα
2915 4974 3030 5041 ἄξει
3063 4977 3091 5028 6
3118 4974 3246 5036 Θεὸς
3280 4974 3357 5035 είς
3386 4971 3585 5040 κρίσιν,
3621 4968 3730 5025 καὶ.

2140 5073 2266 5133 τοὺς
2296 5070 2501 5133 πάντας
2523 5069 2602 5121 δεῖ
2628 5068 2971 5139 παραστῆναι
2999 5065 3078 5135 τῷ
3107 5066 3309 5138 βήματι
3333 5063 3428 5117 τοῦ
3454 5062 3715 5135 Χριστοῦ,

2143 5163 2365 5224 εἰκότως
2389 5159 2576 5232 μαθὼν
2602 5163 2629 5213 ὁ
2661 5158 2844 5222 Δαυτδ,
2875 5160 2954 5211 ὅτι
2983 5159 3162 5229 μέλλει
3184 5157 3388 5228 κρίνειν
3416 5155 3514 5226 τὴν
3539 5157 3745 5209 οἰκου-⁹

2147 5254 2312 5325 μένην
2346 5255 2401 5305 sv
2434 5251 2748 5323 δικαιοσύνῃ
2796 5250 2890 5302 καὶ
2936 5248 3097 5311 λαοὺς
3127 5250 3183 5301 ὲν
3209 5246 3491 5316 εὐθύτητι’
3529 5244 3713 5308 Γενοῦ,

2147 5346 2300 5417 φησι,
2335 5344 2513 5414 κάμοῦ
2543 5342 2757 5415 κριτὴς,
2786 5334 2830 5394 ὦ
2874 5339 3067 5410 Κύριε,
3102 5337 3176 5410 μὴ
3223 5337 3363 5391 κατὰ
3395 5336 3493 5400 τὰς
3523 5336 3716 5399 λοιπάς

2149 5455 2248 5508 μου
2274 5436 2520 5508 πράξεις,
2539 5434 2674 5489 ἀλλὰ
2694 5432 2840 5489 κατὰ
2859 5431 2956 5504 τὴν
2977 5430 3255 5505 ἁπλότητα
3282 5446 3382 5500 μου
3403 5429 3497 5483 καὶ
3522 5428 3721 5483 δικαιο-

2146 5545 2329 5599 συνην.

587 5727 634 5760 ⁷⁸
672 5723 833 5781 Num.
868 5711 983 5795 In,
1017 5724 1068 5780 5.
1143 5725 1188 5758 ⁷⁸
1225 5722 1357 5783 Gen.
1394 5744 1495 5793 xv,
1533 5729 1584 5784 6.
1664 5728 1708 5761 ⁸ο
1751 5726 1935 5781 Matth.
1973 5743 2024 5781 vi
2048 5766 2062 5791 ,
2098 5726 2183 5782 μ.
2264 5725 2308 5758 ⁸⁸
2351 5724 2493 5782 Psal.
2530 5737 2651 5788 xxi,
2687 5722 2774 5780 23.
