3948 6286
211 339 240 399 ’ἰ
247 340 320 398 9.3

1349 335 1855 396 COMMENTABIA
1896 333 1964 389 ΙΝ
1996 334 2338 392 PSALMOS.

3365 339 3469 396 126

295 455 766 522 Συντελεσθήτω
792 456 866 524 δὴ
895 454 1149 524 ποηιρία
1182 454 1536 523 ἁμαρτωλῶν
1572 453 1670 508 καὶ
1709 468 1812 506 κα-

1989 449 2154 506 Vnns.
2192 452 2281 516 l0,
2321 450 2408 505 11.
2438 449 2794 504 Cansumatur
2815 451 3045 519 nequitia
3070 458 3397 504 peccatorum
3423 461 3475 505 et

221 547 532 615 τευθυνεῖς
572 548 826 612 δίκαιον,
849 548 1064 608 ἐτάζὶυν
1088 547 1332 616 καρδίας
1361 547 1458 601 καί
1487 546 1743 616 νεφροὺς
1774 548 1806 599 ὁ

231 641 866 711 Θεός.Ἐπιστημονικὸν
907 640 1000 692 καὶ
1047 640 1187 710 μέγα
1221 638 1282 692 τὸ
1324 637 1499 711 πέρας
1540 637 1808 692 αἰτεῖσθαι

226 731 483 801 γενέσθαι
521 733 742 796 κακίας,
780 731 1106 803 κυϐέρνησιν
1149 731 1205 785 δὲ
1245 729 1322 801 τῷ
1355 731 1547 801 δικαίῳ
1579 724 1712 801 πρὸς
1749 729 1811 782 τὸ

231 825 436 896 μηκέτι
489 824 864 896 χειμάζεσθαι.
895 825 1025 895 Περὶ
1075 824 1468 896 δικαιοκρισίας
1516 821 1684 877 εἰπὼν
1712 820 1808 874 τοῦ

227 915 391 975 Θεοῦ,
421 915 581 985 μόνον
619 915 826 967 δίκαιον
857 913 1143 982 ἀποφαίνει
1186 913 1398 982 κριτὴν,
1421 912 1494 975 ὡς
1525 911 1809 982 καὶομόνον

227 1009 446 1081 ὁρῶντα
471 1007 694 1078 καρδίας
714 1024 728 1037 ο
759 1007 919 1070 αὐτὸς
948 1005 1057 1077 γὰρ
1088 1005 1407 1059 ἀποδίδωσιν
1433 1004 1644 1073 ἑκάστῳ
1667 1001 1810 1056 κατὰ

231 1104 300 1155 τὰ
337 1101 480 1172 ἔργα
512 1099 1045 1167 αὑτοῦ.Ἀνθρωπος
1082 1097 1180 1167 μὲν
1213 1097 1320 1167 γὰρ
1363 1097 1451 1161 είς
1498 1096 1641 1163 ὄψιν
1663 1091 1805 1164 ὁρᾷς

229 1193 399 1256 αὐτὸς
424 1193 482 1246 δὲ
510 1190 756 1264 κριτικὸς
777 1191 924 1242 ἐστιν
950 1188 1295 1260 ἐνθυμήσεων
1320 1187 1414 1240 καὶ⁸
1432 1187 1648 1239 ἐννοιῶν
1676 1204 1811 1258 καρ-

228 1284 353 1348 δίας
372 1302 386 1314 ·
424 1286 524 1337 οὐκ
552 1283 665 1336 ἔστι
699 1283 879 1353 κρίσις
909 1280 1117 1350 ἀφανὴς
1144 1279 1372 1332 ἐνώπιον
1403 1278 1589 1332 αὐτοῦ.
1620 1277 1809 1331 Τοιοῦ-

230 1393 326 1428 τον
350 1374 529 1440 δείξας
556 1375 646 1428 τὸν
673 1374 824 1437 Θεὸν,
854 1371 1391 1444 πεπαρρησιασμένῳ
1421 1371 1678 1423 συνειδότι
1707 1386 1810 1440 φη-

235 1467 320 1520 σίν
337 1485 350 1498 ο
398 1468 460 1522 Ἡ
479 1466 731 1532 βοήθειὰ
756 1484 874 1536 μου
905 1464 1062 1532 παρὰ
1089 1463 1196 1517 τοῦ
1227 1463 1374 1516 Θεοῦ
1399 1463 1504 1516 τοῦ
1525 1461 1813 1528 σώζοντος

233 1560 380 1626 τοὺς
418 1559 613 1625 εὐθεῒς
638 1559 710 1626 τῇ
735 1557 964 1626 καρδίᾳ.
987 1557 1212 1629 Χρηστὰ
1242 1556 1351 1627 γὰρ
1379 1553 1586 1619 ἐλπίζει
1610 1555 1697 1608 διὰ
1722 1555 1814 1608 τὸν

235 1646 498 1716 ὲτᾶτζοντα
531 1647 756 1717 καρδίας
795 1648 887 1700 καὶ
921 1648 1172 1717 νεφροὺς,
1219 1645 1292 1710 ὡς
1329 1646 1392 1717 δὴ
1435 1645 1644 1698 σκολιὸν
1677 1645 1815 1716 ἔχων

234 1739 387 1792 οὐδὲν
416 1741 474 1792 ἐν
505 1739 717 1810 καρδίᾳ.

320 1831 463 1885 Ἐὰν
507 1831 594 1900 μὴ
640 1831 1066 1902 ἐπιστραφῆτε,
1118 1834 1234 1902 τὴν
1273 1832 1577 1902 ῥομφαίαν
1624 1831 1812 1882 αὐτοῦ

236 1923 560 1977 ﬂammast
584 1942 597 1952 ·
650 1924 716 1976 τὸ
759 1925 937 1988 τόξον
959 1926 1144 1980 αὐτοῦ
1168 1925 1423 1978 ἐνέτεινε
1449 1924 1544 1977 καὶ
1572 1923 1813 1990 ἡτοίμα-

239 2033 345 2068 σεν
388 2018 559 2069 αὑτό.
596 2018 819 2087 Μήποτε
868 2017 1448 2088 παρασεσιωπημένως
1487 2014 1657 2068 ταῦτα
1687 2013 1814 2084 περὶ

243 2109 325 2162 τοῦ
373 2109 630 2162 διαϐόλου
672 2110 920 2178 λέγεται·
953 2104 1106 2174 οὗτος
1148 2108 1254 2180 γὰρ
1301 2108 1438 2179 πρὸς
1475 2107 1696 2169 τούτους
1725 2105 1816 2159 καὶ

244 2203 500 2273 ὠδίνησεν
531 2202 766 2266 ἀδικίαν,
805 2204 896 2256 καὶ
921 2202 988 2255 τὰ
1021 2201 1165 2272 ἑξῆς.

316 2295 464 2348 Ἰδοὺ
504 2294 803 2362 ὠδίνησεν
842 2294 1096 2360 ἀδικίαν,
1141 2294 1440 2349 συνέλαϐε
1476 2296 1685 2358 πόνον,
1719 2293 1816 2346 καὶ

236 2386 439 2439 ἔτεκεν
489 2385 767 2453 ἀνομίαν.
801 2383 1038 2438 Λάκκον
1090 2384 1280 2452 ὤρυξε
1329 2384 1427 2438 καὶ
1469 2383 1819 2452 ἀνέσκαψεν

237 2477 442 2540 αὐτὸν,
480 2476 950 2546 καίέμπεσεῖται
986 2479 1072 2542 εὶς
1098 2477 1326 2544 βόθρον
1370 2475 1442 2530 ὃν
1481 2474 1814 2546 εἰργάσατο.

248 2569 627 2637 Ἑπιστρέψει
661 2571 693 2621 ὁ
723 2570 909 2634 πόνος
939 2568 1123 2622 αὑτοῦ
1167 2571 1252 2634 είς
1293 2567 1568 2638 κεφαλὴν
1611 2567 1816 2632 αὐτοῦ,

237 2662 334 2713 καὶ
367 2662 466 2714 ἐπὶ
510 2661 788 2730 κορυφὴν
813 2660 999 2714 αὐτοῦ
1035 2662 1073 2729 ἡ
1103 2661 1305 2715 ἀδικία
1334 2662 1520 2716 αὐτοῦ
1564 2659 1820 2726 καταϐή-

235 2769 426 2807 σεται.
468 2753 658 2806 Ταῦτα
729 2753 905 2824 ῥητῶς
968 2753 1054 2806 ἐπ’
1100 2747 1380 2824 Ἀχίτόερελ
1446 2753 1818 2824 πεπλήρωται.

236 2847 744 2918 Παρευδοκιμηθεὶς
787 2847 894 2917 γὰρ
937 2847 1042 2900 ὑπὸ
1086 2847 1181 2899 τοῦ
1210 2846 1403 2910 Χουσὶ,
1435 2847 1527 2899 καὶ
1567 2845 1636 2897 τὰ
1679 2844 1820 2913 πρά-

236 2957 423 3010 γματα
454 2939 553 2992 τοῦ
593 2938 964 3010 Ἀϐεσσαλὼμ,
996 2939 1072 3003 ὡς
1099 2940 1164 3012 δὴ
1199 2939 1380 3009 σοφὸς,
1415 2937 1703 3006 ἀπογνοὺς,
1729 2935 1824 2988 καὶ

240 3031 332 3102 τὴν
389 3032 693 3102 μέλλουσαν
742 3033 807 3083 ὲκ
853 3029 944 3083 τοῦ
981 3029 1140 3082 Δαυῖδ
1172 3029 1504 3099 φοϐούμενος
1541 3027 1716 3097 δίκην,
1743 3023 1852 3092 οῖσι

1784 1801 1886 1855 :B

1908 541 2098 612 dirigas
2112 541 2340 611 justum,
2366 552 2609 596 scrutans
2637 540 2798 594 corda
2815 550 2863 596 et
2881 558 3045 606 renes,
3072 542 3227 598 Deus.
3263 539 3475 596 Scitum

1908 651 2280 708 magnumque
2305 641 2390 690 est
2428 635 2708 705 postulare
2741 642 2802 688 ut
2831 634 2958 690 ﬁnis
2991 635 3060 690 sit
3099 635 3354 702 malitia);
3389 642 3485 688 ut-

1910 746 2012 799 que
2031 730 2216 798 justus
2244 729 2319 782 ita
2347 727 2636 796 dirigatur,
2669 734 2733 780 ut-
2760 741 3036 796 nunquam
3061 726 3208 781 ultro
3229 726 3474 782 lluctuet.

1909 822 2045 877 Cum
2079 830 2258 876 autem
2283 821 2352 876 de
2395 821 2656 875 tribunali
2690 819 2782 875 Dei
2825 819 3090 889 loquitur,
3136 820 3310 874 solum
3349 834 3478 874 eum

1909 929 2031 969 esse
2065 913 2275 983 justum
2325 911 2562 983 judicem
2592 912 2933 983 pronutiat,
2962 919 3150 979 utpote
3199 912 3292 981 qui
3326 912 3477 967 solus

1909 1009 2077 1065 corda
2105 1009 2305 1064 videat.
2355 1007 2477 1077 lpse
2503 1023 2739 1079 namque
2778 1009 2960 1064 reddit
2987 1008 3286 1078 unicuique
3319 1007 3480 1078 juxta

1911 1117 2077 1172 opera
2103 1116 2222 1156 sua.
2270 1100 2441 1156 Homo
2464 1101 2666 1172 quippe
2697 1101 2833 1156 videt
2859 1103 2914 1154 in
2937 1101 3073 1170 facie
3093 1101 3138 1131 δ’
3166 1118 3180 1167 ;
3215 1101 3332 1171 ipse
3351 1115 3479 1154 vero

1907 1195 2074 1264 judex
2108 1194 2504 1266 cegitationum
2532 1203 2616 1250 est
2644 1201 2698 1250 et
2726 1195 2894 1248 animi
2926 1195 3223 1260 sensuumf:
3269 1192 3480 1246 nullum

1907 1286 2177 1357 judicium
2207 1285 2482 1340 occultum
2518 1284 2621 1353 ipsi
2654 1293 2756 1340 est.
2797 1283 2933 1337 Cum
2963 1285 3126 1338 talem
3165 1298 3286 1338 esse
3310 1280 3479 1336 Deum

1912 1377 2268 1441 declarasset,
2312 1376 2593 1432 conﬁdens
2627 1392 2690 1431 ac
2726 1377 3066 1432 conscientia
3100 1391 3204 1430 sua.
3249 1389 3480 1430 securus

1913 1470 2078 1526 dicit:
2114 1469 2451 1537 Adjutorium
2481 1484 2650 1521 meum
2677 1485 2710 1521 a
2746 1467 2878 1533 Deo,
2912 1469 3003 1537 qui
3033 1467 3206 1521 salvos
3236 1466 3365 1535 facit
3399 1482 3480 1520 re-

1913 1571 2022 1616 ctos
2055 1561 2228 1615 corde.
2272 1559 2419 1614 Bona
2457 1559 2656 1613 etenim
2689 1567 2872 1628 sperat
2910 1558 2979 1613 ab
2997 1573 3062 1613 eo
3086 1558 3176 1627 qui
3204 1563 3482 1612 scrutatur

1913 1655 2078 1710 corda
2102 1661 2154 1708 et
2181 1668 2360 1718 renes,
2402 1651 2549 1722 quod
2585 1651 2722 1705 nihil
2751 1657 3062 1706 tortuosum
3102 1649 3156 1703 in
3185 1649 3348 1703 corde
3381 1649 3482 1702 lia-

1915 1747 2061 1801 beat.

1984 1836 2153 1892 Vens.
2198 1837 2284 1890 l3.
2331 1834 2456 1888 Nisi
2511 1835 2741 1888 conversi
2787 1833 3014 1902 fueritis,
3046 1833 3283 1904 gladium
3329 1847 3483 1885 suum

1915 1929 2176 1984 uibrabit:
2228 1944 2411 1981 arcum
2479 1943 2631 1980 suum
2686 1925 2902 1980 tetendit
2949 1933 2997 1977 et
3046 1925 3253 1992 pararit
3305 1925 3482 1978 illum.

1914 2020 2054 2076 Num
2087 2021 2201 2076 haec
2244 2021 2406 2074 tacite
2461 2026 2517 2074 et
2551 2018 2786 2073 obscure
2819 2016 2887 2070 de
2929 2015 3146 2070 diabolo
3190 2015 3481 2072 dicuntur:

1916 2129 2044 2169 nam
2109 2115 2158 2168 i's
2223 2113 2486 2167 adversus
2536 2110 2785 2166 homines
2813 2108 3087 2180 {parturiit
3134 2108 3482 2180 iniustitiam,

1916 2215 1971 2262 ει
1992 2216 2183 2261 caetera
2195 2247 2210 2262 .

1988 2299 2156 2354 Vens.
2191 2299 2260 2353 15
2286 2329 2312 2338 -
2341 2298 2428 2354 l7.
2488 2295 2619 2350 Ecce
2656 2295 2910 2363 parturiit
2961 2294 3300 2362 injustitiam,
3356 2309 3487 2346 con-

1919 2393 2051 2459 cepit
2079 2389 2314 2443 dolorem
2340 2398 2390 2443 et
2415 2390 2610 2458 peperit
2649 2386 3002 2456 iniquitatem.
3051 2383 3250 2438 Lacum
3283 2385 3488 2453 aperuit

1919 2494 1969 2538 et
1989 2482 2170 2552 eﬂ'odit
2190 2498 2330 2544 eum,
2359 2490 2406 2535 et
2429 2479 2625 2534 incidet
2649 2480 2707 2533 in
2741 2479 2944 2547 foveam
2972 2494 3129 2548 quam
3158 2477 3303 2546 fecit.
3345 2475 3488 2532 Con-

1920 2584 2148 2632 vertetur
2193 2576 2347 2628 dolor
2393 2573 2507 2643 ejus
2554 2573 2610 2626 in
2651 2580 2806 2640 caput
2858 2570 2995 2640 ejus,
3039 2580 3087 2623 et
3140 2571 3195 2623 in
3247 2571 3490 2624 verticem

1922 2671 2087 2736 ipsius
2124 2670 2373 2739 iniquitas
2417 2667 2530 2736 ejus
2579 2664 2872 2720 descendet.
2917 2664 3044 2719 llaec
3075 2664 3143 2717 ad
3177 2664 3402 2718 verbum
3432 2662 3492 2717 in

1922 2761 2276 2831 Achitophele
2320 2761 2590 2829 completa
2653 2768 2802 2813 sunt.
2871 2756 3007 2812 Nam
3043 2773 3073 2811 a
3111 2757 3282 2811 Cliusi
3328 2771 3493 2825 supe-

1927 2860 2104 2917 ratus,
2133 2867 2257 2908 cum
2292 2853 2359 2907 de
2384 2851 2552 2906 rebus
2575 2851 2888 2913 Absalonis,
2913 2856 3100 2918 utpote
3123 2849 3205 2902 vir
3227 2847 3487 2917 prudens,

1925 2945 2262 3015 desperaret,
2320 2942 2672 3012 futuramque
2720 2940 2940 2996 Davidis
2977 2939 3275 2994 vindictam
3322 2938 3492 3008 perti-

1925 3045 2212 3102 mesceret,
2244 3036 2301 3090 in
2329 3036 2548 3090 domum
2593 3034 2855 3090 secedens
2885 3049 3005 3088 sese
3035 3033 3231 3102 laqueo
3259 3046 3494 3100 suspen-

241 3125 369 3178 καδε
422 3125 790 3195 ἀναχωρήσας
836 3123 1136 3196 ἀπήγξατο,
1181 3121 1369 3175 παθὼν
1414 3121 1557 3191 ἅπερ
1597 3117 1825 3171 ἐπεϐού-

1931 3127 2031 3190 dit,
2061 3141 2124 3180 ea
2154 3140 2470 3196 perpessus,
2497 3139 2618 3194 quae
2657 3123 3118 3178 machinamentis
3156 3121 3272 3175 suis
3302 3119 3494 3174 Davidi

242 3218 360 3270 λευε
414 3218 610 3271 παθεῖν
650 3219 742 3270 τὸν
777 3218 956 3282 Δαυῒδ,
987 3218 1081 3270 καὶ
1126 3216 1226 3288 τὴν
1271 3213 1391 3267 κατ’
1424 3210 1588 3265 αὐτοῦ
1631 3211 1828 3265 κακίαν

246 3311 334 3363 ἐπὶ
369 3310 471 3381 τὴν
505 3310 674 3364 αὐτοῦ
708 3311 950 3382 κεφαλὴν
984 3307 1324 3379 ἀπεμάξατο.
1375 3306 1485 3359 Καὶ
1514 3304 1740 3358 καθόλου
1773 3303 1830 3355 δὲ

249 3403 351 3465 πᾶς
385 3402 450 3453 δι’
481 3395 557 3455 ὧν
584 3401 874 3474 εἰργάσατο
905 3401 1090 3456 κακῶν
1126 3401 1244 3454 καθ’
1275 3397 1468 3452 ἑαυτοῦ
1507 3396 1605 3468 τὴν
1645 3395 1830 3466 ψῆφον

251 3493 303 3544 ἐν
333 3493 518 3563 ἡμέρᾳ
553 3493 789 3562 κρίσεως
818 3492 991 3565 φέρει.

329 3582 880 3651 Ἐξομολογήσομαι
913 3581 993 3646 τῷ
1033 3581 1229 3649 Κιιοίῳ
1261 3579 1411 3634 κατὰ
1454 3576 1568 3645 τὴν
1612 3575 1834 3629 δικαιο-

252 3675 448 3741 σύνην
475 3673 687 3736 αὐτοῦ,
723 3672 898 3742 ψαλῶ
926 3673 1004 3738 τῷ
1034 3673 1276 3741 ὀνόματι
1302 3672 1524 3738 Κυρίου
1550 3670 1655 3723 τοῦ
1679 3668 1832 3736 Ὑψί-

253 3782 420 3819 στου.
439 3766 527 3828 Ὡς
553 3765 611 3817 δὲ
647 3764 830 3836 μηδενὶ
858 3765 1016 3828 αὐτὸς
1043 3763 1449 3827 ἐπιϐουλεύσας,
1479 3762 1611 3834 μηδὲ
1633 3761 1833 3814 λάκκον

254 3858 468 3928 ὀρύξας,
512 3857 768 3929 παρορῶν
817 3858 875 3910 δὲ
920 3859 1046 3921 τοὺς
1094 3855 1413 3920 ἀδικοῦντας
1464 3854 1570 3908 τῶν
1622 3853 1832 3908 ἀσεϐῶν

255 3949 641 4020 ἀπολλυμένων
690 3950 747 4001 ὲν
801 3949 978 4020 κρίσει
1003 3988 1018 4013 ,
1053 3947 1631 4017 Ἑξομολογήσομαι,
1678 3945 1831 4016 φησὶ,

257 4042 331 4108 τῷ
351 4044 550 4110 Κυρίῳ
571 4043 722 4096 κατὰ
748 4041 861 4110 τὴν
879 4042 1275 4109 δικαιοσύνην
1298 4041 1486 4094 αὐτοῦ
1511 4058 1524 4070 ·
1553 4040 1634 4093 Τὰ
1661 4040 1833 4109 ἐμαυ-

257 4132 344 4186 τοῦ
374 4134 559 4186 δίκαια
599 4132 847 4204 καθάπερ
878 4135 934 4186 ὲν
958 4133 1292 4204 δικαστηρίῳ
1321 4131 1543 4205 προθείς
1563 4147 1575 4160 ⁸
1610 4129 1706 4184 καί
1729 4131 1836 4196 ψα-

259 4221 340 4277 λῶ
382 4224 452 4277 δὲ
491 4223 573 4290 τῷ
599 4225 839 4293 ὀνόματι
867 4226 1086 4293 Κυρίου
1109 4225 1214 4278 τοῦ
1241 4226 1535 4293 ὑψίστου·
1567 4219 1836 4274 πιστεύων

264 4317 762 4389 καταξιωθήσεσθαι
788 4317 878 4370 τοῦ
907 4316 1067 4389 χοροῦ
1095 4315 1202 4371 τῶν
1234 4318 1362 4386 παρ’
1395 4311 1560 4370 αὑτοῦ
1593 4309 1833 4381 σωζομέ-

265 4426 381 4461 νων.

659 4521 952 4577 ΨΑΛΜΟΣ
989 4523 1076 4576 ΤΩ
1113 4521 1310 4575 ΔΑΥΙΔ
1349 4522 1431 4576 H’.

548 4638 652 4702 Εἰς
689 4638 756 4690 τὸ
786 4637 960 4704 τέλος
997 4637 1151 4706 ὑπὲρ
1184 4637 1301 4690 τῶν
1330 4634 1556 4707 ληνῶν.

332 4754 409 4806 Τὰ
437 4754 533 4806 ἐπὶ
572 4757 641 4825 τῇ
675 4753 954 4824 συντελείᾳ.
983 4754 1079 4807 νῦν
1115 4756 1221 4806 τῶν
1253 4751 1463 4807 αἰώνων
1509 4753 1839 4824 προφητευό-

274 4864 396 4916 μενα
428 4847 527 4918 τὴν
555 4848 885 4918 ἐπιγραφὴν,
920 4849 1006 4911 εἰς
1047 4846 1112 4899 τὸ
1155 4848 1344 4911 τέλος,
1377 4842 1732 4915 ὲποίησεν.Ὑ
1729 4843 1839 4915 πὲρ

268 4939 321 4992 δὲ
347 4939 460 4992 τῶν
487 4938 694 5007 ληνῶν
720 4939 807 4992 διὰ
836 4939 935 5002 τὰς
969 4940 1025 4991 ὲν
1057 4938 1203 5009 πάσῃ
1223 4941 1288 5009 τῇ
1314 4941 1384 5009 γῇ
1413 4939 1681 5002 συστάσας
1721 4938 1842 4991 Ἐκ-

271 5031 516 5102 κλησίας,
565 5029 893 5102 ἀλληγορίας
945 5030 1092 5100 νόμῳ
1141 5029 1436 5100 λεγομένας
1493 5029 1841 5100 ληνούς.”οτε

274 5124 364 5190 μὲν
396 5118 476 5187 εἷς
505 5119 574 5192 ἦν
604 5123 730 5185 λαός
749 5140 763 5151 ·
798 5118 864 5192 ἦν
889 5123 946 5174 δὲ
975 5117 1127 5185 οὗτος
1170 5121 1408 5192 Ἰσραὴλ,
1441 5115 1485 5190 ᾧ
1510 5121 1842 5194 ἐχρημάτιζε

272 5213 358 5263 καὶ
387 5212 597 5283 πύργος
626 5215 654 5265 ὁ
695 5212 842 5284 παρὰ
868 5212 1078 5275 τούτοις
1118 5211 1270 5276 νεὼς,
1300 5214 1392 5266 καὶ
1426 5213 1758 5280 προλήνιον
1784 5213 1846 5266 τὸ

276 5302 374 5371 πρὸ
399 5304 495 5355 τοῦ
528 5303 660 5356 ναοῦ
686 5304 1068 5375 θυσιαστήριον
1095 5304 1237 5358 κατὰ
1262 5305 1361 5376 τὴν
1392 5305 1613 5358 Ἡσαΐου
1640 5307 1842 5376 φωνήν.

275 5389 341 5441 Τὸ
363 5392 418 5443 δὲ
454 5392 660 5463 πλῆθος
702 5394 820 5445 νυνὶ
866 5393 975 5447 τῶν
1016 5394 1193 5464 ληνῶν
1229 5394 1298 5447 τὰ
1333 5394 1502 5446 πολλὰ
1538 5394 1731 5465 μηνύει
1762 5395 1847 5447 θυ-

279 5485 583 5554 σιαστήρια,
611 5486 734 5547 ταῖς
776 5484 920 5538 κατὰ
963 5485 1127 5556 μέρος
1170 5485 1485 5556 ἐκκλησίαις
1514 5484 1848 5554 συνδιαιρούο

281 5591 426 5644 μενα.
459 5577 548 5630 Διὸ
596 5578 694 5630 καὶ
735 5580 792 5630 ὲν
832 5584 921 5647 πγ¹
948 5578 1145 5650 ψαλμῷ
1186 5580 1276 5633 τὸν
1304 5579 1466 5632 αὐτὸν
1492 5577 1850 5648 ἐπιγραφέντι

343 5756 388 5786 ⁸²
427 5757 445 5810 l
481 5756 615 5829 Reg.
655 5774 780 5823 xvr,
814 5756 868 5811 7.

1863 4493 1909 4548 D

1931 3222 2240 3289 paraverat,
2286 3231 2553 3286 suamque
2610 3215 2874 3269 adversus
2913 3227 3039 3266 eum
3086 3210 3385 3279 nequitiam
3438 3209 3496 3262 in

1931 3319 2088 3380 caput
2125 3308 2242 3378 ipse
2277 3323 2437 3364 suum
2469 3306 2759 3377 expressit.
2802 3303 2867 3358 Et
2899 3319 3028 3358 vero
3055 3318 3245 3357 omnes
3270 3315 3499 3372 prorsus

1933 3401 2205 3464 homines,
2247 3415 2313 3454 ex
2350 3399 2512 3453 editis
2555 3397 2835 3467 operibus,
2867 3409 3022 3449 suam
3072 3394 3129 3447 in
3171 3391 3260 3447 die
3303 3390 3498 3462 judicii

1935 3491 2123 3547 ferunt
2157 3489 2508 3546 sententiam.

2003 3581 2170 3636 Vens.
2198 3581 2283 3636 18.
2320 3577 2620 3649 Conﬁtebor
2648 3578 2873 3630 Domino
2913 3576 3198 3630 secundum
3229 3574 3499 3642 justitiam

1932 3674 2069 3742 ejus,
2097 3672 2330 3741 psallam
2366 3672 2564 3726 nomini
2600 3670 2884 3724 Altissimi.
2933 3667 3132 3736 Utpote
3169 3665 3260 3734 qui
3295 3662 3496 3718 nemini

1934 3765 2165 3819 insidias
2191 3764 2473 3827 struxerit,
2508 3765 2710 3819 nemini
2748 3764 2925 3816 lacum
2966 3760 3247 3824 ell‘oderit;
3281 3757 3499 3826 iniquos

1935 3873 2060 3913 cum
2091 3857 2422 3926 despiceret,
2457 3869 2660 3926 gnarus
2689 3854 2859 3908 futuri
2889 3853 2946 3906 in
2971 3851 3180 3921 judicio
3208 3849 3500 3918 impiorum

1935 3950 2086 4007 exitii
2112 3968 2126 4004 :
2154 3947 2454 4018 Conﬁtebor
2476 3986 2490 4011 ,
2529 3945 2731 4015 inquit,
2754 3944 2982 3997 Domino
3015 3940 3300 3996 secundum
3336 3939 3503 4008 justi«

1938 4044 2067 4096 tiam
2092 4041 2243 4110 ejus;
2286 4039 2451 4109 justis
2494 4039 2631 4093 meis
2683 4037 2943 4107 operibus
2970 4035 3118 4089 velut
3149 4034 3203 4086 in
3241 4029 3503 4084 tribunali

1935 4133 2249 4204 productis;
2282 4141 2330 4186 et
2352 4131 2582 4201 psallam
2612 4129 2810 4184 nomini
2830 4127 3046 4182 Domini
3096 4124 3374 4187 altissimi,
3402 4121 3505 4176 fre-

1937 4239 2027 4285 tus
2056 4244 2152 4300 Spe
2180 4244 2265 4282 me
2289 4229 2344 4282 in
2381 4227 2552 4280 choro
2582 4240 2769 4281 eorum
2801 4224 2894 4294 qui
2923 4237 3020 4293 per
3051 4221 3230 4290 ipsum
3272 4218 3504 4274 salutem

1939 4327 2369 4391 consequentur,
2413 4317 2533 4388 ejus
2567 4315 2884 4388 dignatione
2927 4311 3310 4382 recipiendum
3355 4324 3498 4364 esse.

2339 4518 2659 4575 PSALMUS
2701 4514 2907 4570 DAVID
2959 4512 3090 4568 Vlll.

2288 4638 2340 4691 l.
2382 4634 2449 4689 In
2481 4635 2636 4706 ﬁnem
2660 4648 2754 4702 pro
2785 4627 3157 4685 torcularibus.

2009 4749 2142 4816 Quae,
2180 4749 2270 4803 hic
2305 4748 2374 4803 de
2413 4745 2890 4802 consummatione
2921 4741 3243 4800 saeculorum
3273 4733 3510 4805 prophe-

1940 4839 2048 4894 tice
2085 4839 2459 4902 enuntiantur,
2509 4839 2566 4890 in
2612 4851 2780 4892 causa
2821 4834 2973 4888 fuere
3025 4828 3166 4900 quod
3201 4824 3507 4893 inscriptio,

1940 4932 1996 4982 in
2022 4931 2200 4999 ﬁnem,
2237 4935 2624 4999 apponeretur.
2670 4927 2779 4980 Pro
2813 4919 3164 4978 torcularibus
3204 4925 3385 4971 autem
3427 4915 3510 4970 di-

1941 5022 2086 5074 citur
2138 5020 2507 5076 Ecclesiarum
2554 5019 2753 5090 gratia,
2793 5031 2914 5086 quae
2946 5029 3042 5083 per
3071 5010 3382 5064 universam
3408 5017 3511 5062 ter-

1943 5127 2061 5165 ram
2103 5112 2396 5174 exsistunt,
2424 5117 2480 5165 et
2523 5108 2812 5180 allegorice
2873 5102 3169 5159 toreularia
3217 5107 3507 5155 vocantur.

1946 5204 2179 5270 Quando
2209 5205 2355 5258 enim
2409 5217 2552 5255 unus
2581 5207 2696 5254 erat
2729 5197 2985 5268 populus,
3028 5195 3240 5249 scilicet
3267 5192 3509 5256 lsraelis,

1947 5297 2073 5350 huic
2114 5303 2232 5352 erat
2266 5294 2461 5358 turris,
2487 5293 2749 5362 templum
2793 5289 2935 5359 apud
2975 5289 3126 5358 ipsos
3165 5291 3510 5355 nuncupata:

1947 5393 2002 5440 et
2043 5385 2398 5452 protorcular,
2453 5383 2662 5437 scilicet
2711 5380 2882 5434 altare
2936 5393 3035 5448 pro
3083 5377 3269 5447 templi
3325 5375 3514 5431 limine

1945 5478 2100 5547 juxta
2149 5475 2300 5532 Isaia:
2325 5489 2532 5529 vocem.
2568 5470 2686 5525 Jam
2733 5486 2862 5525 vero
2893 5469 3292 5524 multitudinem
3325 5475 3513 5524 torcu-

1953 5570 2149 5624 larium
2179 5568 2348 5624 multa
2372 5565 2656 5621 declarant
2689 5563 2882 5620 altaria
2943 5564 2999 5617 in
3029 5561 3262 5619 diversis
3291 5577 3386 5632 per
3424 5573 3517 5614 or:
