  <div class='ocr_page' id='page_1' title='image "/cluster/home/n/w/nwhite01/storage/ocr_20150623/23/mdp.39015078384396/071.png"; bbox 0 0 3948 6286; ppageno 0'>
   <div class='ocr_carea' id='block_1_1' title="bbox 499 312 604 370">
    <p class='ocr_par' dir='ltr' id='par_1_1' title="bbox 499 312 604 370">
     <span class='ocr_line' id='line_1_1' title="bbox 499 312 604 370; baseline -0.019 0"><span class='ocrx_word' id='word_1_1' title='bbox 499 312 604 370; x_wconf 67' lang='grc'><strong>127</strong></span> 
     </span>
    </p>
   </div>
   <div class='ocr_carea' id='block_1_2' title="bbox 1188 308 3048 369">
    <p class='ocr_par' dir='ltr' id='par_1_2' title="bbox 1188 308 3048 369">
     <span class='ocr_line' id='line_1_2' title="bbox 1188 308 3048 369; baseline 0.001 -4"><span class='ocrx_word' id='word_1_2' title='bbox 1188 308 1458 366; x_wconf 82' lang='lat' dir='ltr'><strong>EUSEBII</strong></span> <span class='ocrx_word' id='word_1_3' title='bbox 1493 310 1971 369; x_wconf 70' lang='lat' dir='ltr'><strong>CASSARIENSIS</strong></span> <span class='ocrx_word' id='word_1_4' title='bbox 2005 311 2154 369; x_wconf 77' lang='lat' dir='ltr'><strong>OPP.</strong></span> <span class='ocrx_word' id='word_1_5' title='bbox 2193 311 2372 366; x_wconf 78' lang='lat' dir='ltr'><strong>PARS</strong></span> <span class='ocrx_word' id='word_1_6' title='bbox 2412 311 2498 367; x_wconf 87' lang='lat' dir='ltr'><strong>Ill.</strong></span> <span class='ocrx_word' id='word_1_7' title='bbox 2540 342 2606 352; x_wconf 91' lang='lat'><strong>—-</strong></span> <span class='ocrx_word' id='word_1_8' title='bbox 2644 308 3048 367; x_wconf 74' lang='lat' dir='ltr'><strong>EXEGETICA.</strong></span> 
     </span>
    </p>
   </div>
   <div class='ocr_carea' id='block_1_3' title="bbox 3622 309 3723 365">
    <p class='ocr_par' dir='ltr' id='par_1_3' title="bbox 3622 309 3723 365">
     <span class='ocr_line' id='line_1_3' title="bbox 3622 309 3723 365; baseline 0.01 -1"><span class='ocrx_word' id='word_1_9' title='bbox 3622 309 3723 365; x_wconf 74' lang='grc'><strong>128</strong></span> 
     </span>
    </p>
   </div>
   <div class='ocr_carea' id='block_1_4' title="bbox 496 427 2043 506">
    <p class='ocr_par' dir='ltr' id='par_1_4' title="bbox 496 427 2040 505">
     <span class='ocr_line' id='line_1_4' title="bbox 496 427 2040 505; baseline 0 -17"><span class='ocrx_word' id='word_1_10' title='bbox 496 433 618 488; x_wconf 83' lang='lat' dir='ltr'><strong>hem</strong></span> <span class='ocrx_word' id='word_1_11' title='bbox 653 429 902 487; x_wconf 84' lang='lat' dir='ltr'><strong>ecclesiis</strong></span> <span class='ocrx_word' id='word_1_12' title='bbox 927 427 1143 486; x_wconf 82' lang='lat' dir='ltr'><strong>dissita.</strong></span> <span class='ocrx_word' id='word_1_13' title='bbox 1183 429 1363 496; x_wconf 84' lang='lat' dir='ltr'><strong>Quare</strong></span> <span class='ocrx_word' id='word_1_14' title='bbox 1390 431 1446 485; x_wconf 91' lang='lat' dir='ltr'><strong>in</strong></span> <span class='ocrx_word' id='word_1_15' title='bbox 1479 433 1690 502; x_wconf 80' lang='lat' dir='ltr'><strong>psalmo</strong></span> <span class='ocrx_word' id='word_1_16' title='bbox 1721 449 1931 490; x_wconf 75' lang='lat' dir='ltr'><strong>uuln</strong></span> <span class='ocrx_word' id='word_1_17' title='bbox 1971 451 2040 505; x_wconf 90' lang='lat' dir='ltr'><strong>qu</strong></span> 
     </span>
    </p>
   </div>
   <div class='ocr_carea' id='block_1_5' title="bbox 2151 427 3725 506">
    <p class='ocr_par' dir='ltr' id='par_1_5' title="bbox 2164 430 3725 506">
     <span class='ocr_line' id='line_1_5' title="bbox 2164 430 3725 506; baseline -0.003 -18"><span class='ocrx_word' id='word_1_18' title='bbox 2164 434 2361 506; x_wconf 82' lang='grc' dir='ltr'><strong>τρόπον</strong></span> <span class='ocrx_word' id='word_1_19' title='bbox 2393 435 2560 487; x_wconf 86' lang='grc' dir='ltr'>πολλὰ</span> <span class='ocrx_word' id='word_1_20' title='bbox 2589 434 2943 506; x_wconf 86' lang='grc' dir='ltr'>Θυσιαστήρια</span> <span class='ocrx_word' id='word_1_21' title='bbox 2974 434 3068 486; x_wconf 81' lang='grc' dir='ltr'>καὶ</span> <span class='ocrx_word' id='word_1_22' title='bbox 3093 430 3422 503; x_wconf 79' lang='grc' dir='ltr'><strong>σκηνώματα</strong></span> <span class='ocrx_word' id='word_1_23' title='bbox 3447 431 3725 497; x_wconf 78' lang='grc' dir='ltr'>θεσπίζου-</span> 
     </span>
    </p>
   </div>
   <div class='ocr_carea' id='block_1_6' title="bbox 492 523 2052 603">
    <p class='ocr_par' dir='ltr' id='par_1_6' title="bbox 492 523 2052 603">
     <span class='ocr_line' id='line_1_6' title="bbox 492 523 2052 603; baseline -0.001 -18"><span class='ocrx_word' id='word_1_24' title='bbox 492 544 679 603; x_wconf 86' lang='lat' dir='ltr'><strong>parem</strong></span> <span class='ocrx_word' id='word_1_25' title='bbox 713 541 837 581; x_wconf 91' lang='lat' dir='ltr'><strong>cum</strong></span> <span class='ocrx_word' id='word_1_26' title='bbox 866 524 1118 595; x_wconf 68' lang='lat' dir='ltr'><strong>praesenti</strong></span> <span class='ocrx_word' id='word_1_27' title='bbox 1148 523 1251 579; x_wconf 82' lang='lat' dir='ltr'><strong>fert</strong></span> <span class='ocrx_word' id='word_1_28' title='bbox 1280 527 1714 597; x_wconf 74' lang='lat' dir='ltr'><strong>inscriptionem,</strong></span> <span class='ocrx_word' id='word_1_29' title='bbox 1751 530 1921 584; x_wconf 88' lang='lat' dir='ltr'><strong>multa</strong></span> <span class='ocrx_word' id='word_1_30' title='bbox 1970 531 2052 584; x_wconf 87' lang='lat' dir='ltr'><strong>al-</strong></span> 
     </span>
    </p>
   </div>
   <div class='ocr_carea' id='block_1_7' title="bbox 494 615 2053 690">
    <p class='ocr_par' dir='ltr' id='par_1_7' title="bbox 494 615 2053 690">
     <span class='ocr_line' id='line_1_7' title="bbox 494 615 2053 690; baseline 0 -16"><span class='ocrx_word' id='word_1_31' title='bbox 494 619 652 684; x_wconf 88' lang='lat' dir='ltr'><strong>taria,</strong></span> <span class='ocrx_word' id='word_1_32' title='bbox 679 615 1050 678; x_wconf 86' lang='lat' dir='ltr'><strong>tabernacula,</strong></span> <span class='ocrx_word' id='word_1_33' title='bbox 1075 615 1212 670; x_wconf 89' lang='lat' dir='ltr'><strong>atria</strong></span> <span class='ocrx_word' id='word_1_34' title='bbox 1237 615 1293 671; x_wconf 91' lang='lat' dir='ltr'><strong>in</strong></span> <span class='ocrx_word' id='word_1_35' title='bbox 1321 618 1580 673; x_wconf 85' lang='lat' dir='ltr'><strong>vaticinio</strong></span> <span class='ocrx_word' id='word_1_36' title='bbox 1598 618 1872 685; x_wconf 81' lang='lat' dir='ltr'><strong>feruntur,</strong></span> <span class='ocrx_word' id='word_1_37' title='bbox 1896 624 2053 690; x_wconf 80' lang='lat' dir='ltr'><strong>juxta</strong></span> 
     </span>
    </p>
   </div>
   <div class='ocr_carea' id='block_1_8' title="bbox 492 707 2056 779">
    <p class='ocr_par' dir='ltr' id='par_1_8' title="bbox 492 707 2056 779">
     <span class='ocr_line' id='line_1_8' title="bbox 492 707 2056 779; baseline -0.003 -10"><span class='ocrx_word' id='word_1_38' title='bbox 492 712 656 769; x_wconf 86' lang='lat' dir='ltr'><strong>illud:</strong></span> <span class='ocrx_word' id='word_1_39' title='bbox 695 711 868 778; x_wconf 89' lang='lat' dir='ltr'><strong>Quam</strong></span> <span class='ocrx_word' id='word_1_40' title='bbox 889 709 1082 763; x_wconf 86' lang='lat' dir='ltr'><strong>dilecta</strong></span> <span class='ocrx_word' id='word_1_41' title='bbox 1104 707 1442 764; x_wconf 87' lang='lat' dir='ltr'><strong>tabernacula</strong></span> <span class='ocrx_word' id='word_1_42' title='bbox 1473 719 1585 779; x_wconf 88' lang='lat' dir='ltr'><strong>tua,</strong></span> <span class='ocrx_word' id='word_1_43' title='bbox 1618 711 1845 768; x_wconf 86' lang='lat' dir='ltr'><strong>Domine</strong></span> <span class='ocrx_word' id='word_1_44' title='bbox 1888 715 2056 768; x_wconf 82' lang='lat' dir='ltr'><strong>virtu-</strong></span> 
     </span>
    </p>
   </div>
   <div class='ocr_carea' id='block_1_9' title="bbox 494 799 2058 870">
    <p class='ocr_par' dir='ltr' id='par_1_9' title="bbox 494 799 2058 870">
     <span class='ocr_line' id='line_1_9' title="bbox 494 799 2058 870; baseline -0.001 -12"><span class='ocrx_word' id='word_1_45' title='bbox 494 815 602 858; x_wconf 90' lang='lat' dir='ltr'><strong>tum</strong></span> <span class='ocrx_word' id='word_1_46' title='bbox 626 803 646 857; x_wconf 72' lang='grc' dir='ltr'>,ν</span> <span class='ocrx_word' id='word_1_47' title='bbox 678 801 998 870; x_wconf 79' lang='lat' dir='ltr'><strong>concupiscit</strong></span> <span class='ocrx_word' id='word_1_48' title='bbox 1039 809 1089 854; x_wconf 89' lang='lat' dir='ltr'><strong>et</strong></span> <span class='ocrx_word' id='word_1_49' title='bbox 1133 799 1312 870; x_wconf 83' lang='lat' dir='ltr'><strong>de/icit</strong></span> <span class='ocrx_word' id='word_1_50' title='bbox 1343 802 1523 856; x_wconf 90' lang='lat' dir='ltr'><strong>anima</strong></span> <span class='ocrx_word' id='word_1_51' title='bbox 1552 820 1666 856; x_wconf 87' lang='lat' dir='ltr'><strong>mea</strong></span> <span class='ocrx_word' id='word_1_52' title='bbox 1695 805 1750 857; x_wconf 91' lang='lat' dir='ltr'><strong>in</strong></span> <span class='ocrx_word' id='word_1_53' title='bbox 1781 805 1920 858; x_wconf 88' lang='lat' dir='ltr'><strong>atria</strong></span> <span class='ocrx_word' id='word_1_54' title='bbox 1946 803 2058 856; x_wconf 86' lang='lat' dir='ltr'><strong>Do-</strong></span> 
     </span>
    </p>
   </div>
   <div class='ocr_carea' id='block_1_10' title="bbox 493 893 2057 966">
    <p class='ocr_par' dir='ltr' id='par_1_10' title="bbox 493 893 2057 966">
     <span class='ocr_line' id='line_1_10' title="bbox 493 893 2057 966; baseline -0.002 -14"><span class='ocrx_word' id='word_1_55' title='bbox 493 898 622 952; x_wconf 87' lang='lat' dir='ltr'><strong>mini</strong></span> <span class='ocrx_word' id='word_1_56' title='bbox 642 896 724 961; x_wconf 79' lang='lat'><strong>”;</strong></span> <span class='ocrx_word' id='word_1_57' title='bbox 753 893 951 952; x_wconf 89' lang='lat' dir='ltr'><strong>deinde</strong></span> <span class='ocrx_word' id='word_1_58' title='bbox 979 908 1106 949; x_wconf 88' lang='lat' dir='ltr'><strong>vero</strong></span> <span class='ocrx_word' id='word_1_59' title='bbox 1137 893 1420 966; x_wconf 73' lang='lat' dir='ltr'><strong>subjungit</strong></span> <span class='ocrx_word' id='word_1_60' title='bbox 1439 933 1455 960; x_wconf 90' lang='lat'><strong>,</strong></span> <span class='ocrx_word' id='word_1_61' title='bbox 1486 895 1700 949; x_wconf 84' lang='lat' dir='ltr'><strong>Altaria</strong></span> <span class='ocrx_word' id='word_1_62' title='bbox 1728 905 1842 964; x_wconf 84' lang='lat' dir='ltr'><strong>tua,</strong></span> <span class='ocrx_word' id='word_1_63' title='bbox 1871 895 2057 949; x_wconf 86' lang='lat' dir='ltr'><strong>Domi-</strong></span> 
     </span>
    </p>
   </div>
   <div class='ocr_carea' id='block_1_11' title="bbox 493 985 914 1043">
    <p class='ocr_par' dir='ltr' id='par_1_11' title="bbox 493 985 914 1043">
     <span class='ocr_line' id='line_1_11' title="bbox 493 985 914 1043; baseline -0.002 0"><span class='ocrx_word' id='word_1_64' title='bbox 493 1005 555 1043; x_wconf 93' lang='lat' dir='ltr'><strong>ne</strong></span> <span class='ocrx_word' id='word_1_65' title='bbox 578 989 830 1042; x_wconf 85' lang='lat' dir='ltr'><strong>virtutum</strong></span> <span class='ocrx_word' id='word_1_66' title='bbox 847 985 914 1042; x_wconf 70' lang='lat'><strong>“.</strong></span> 
     </span>
    </p>
   </div>
   <div class='ocr_carea' id='block_1_12' title="bbox 561 1078 2058 1149">
    <p class='ocr_par' dir='ltr' id='par_1_12' title="bbox 561 1078 2058 1149">
     <span class='ocr_line' id='line_1_12' title="bbox 561 1078 2058 1149; baseline -0.001 -15"><span class='ocrx_word' id='word_1_67' title='bbox 561 1079 723 1138; x_wconf 71' lang='lat' dir='ltr'><strong>Vens.</strong></span> <span class='ocrx_word' id='word_1_68' title='bbox 759 1081 814 1144; x_wconf 77' lang='lat'><strong>2,</strong></span> <span class='ocrx_word' id='word_1_69' title='bbox 843 1080 896 1135; x_wconf 83' lang='grc'><strong>5.</strong></span> <span class='ocrx_word' id='word_1_70' title='bbox 929 1078 1152 1134; x_wconf 81' lang='lat' dir='ltr'><strong>Domine</strong></span> <span class='ocrx_word' id='word_1_71' title='bbox 1176 1079 1436 1135; x_wconf 78' lang='lat' dir='ltr'><strong>Dominus</strong></span> <span class='ocrx_word' id='word_1_72' title='bbox 1468 1089 1663 1144; x_wconf 86' lang='lat' dir='ltr'><strong>noster,</strong></span> <span class='ocrx_word' id='word_1_73' title='bbox 1692 1096 1852 1149; x_wconf 88' lang='lat' dir='ltr'><strong>quam</strong></span> <span class='ocrx_word' id='word_1_74' title='bbox 1882 1078 2058 1132; x_wconf 89' lang='lat' dir='ltr'><strong>admi-</strong></span> 
     </span>
    </p>
   </div>
   <div class='ocr_carea' id='block_1_13' title="bbox 487 1172 2054 1240">
    <p class='ocr_par' dir='ltr' id='par_1_13' title="bbox 487 1172 2054 1240">
     <span class='ocr_line' id='line_1_13' title="bbox 487 1172 2054 1240; baseline 0.001 -13"><span class='ocrx_word' id='word_1_75' title='bbox 487 1175 654 1229; x_wconf 86' lang='lat' dir='ltr'><strong>rabile</strong></span> <span class='ocrx_word' id='word_1_76' title='bbox 685 1185 762 1229; x_wconf 86' lang='lat' dir='ltr'><strong>est</strong></span> <span class='ocrx_word' id='word_1_77' title='bbox 793 1191 978 1229; x_wconf 80' lang='lat' dir='ltr'><strong>nomen</strong></span> <span class='ocrx_word' id='word_1_78' title='bbox 1011 1183 1160 1228; x_wconf 84' lang='lat' dir='ltr'><strong>tuum</strong></span> <span class='ocrx_word' id='word_1_79' title='bbox 1193 1176 1249 1230; x_wconf 86' lang='lat' dir='ltr'><strong>in</strong></span> <span class='ocrx_word' id='word_1_80' title='bbox 1275 1175 1521 1230; x_wconf 86' lang='lat' dir='ltr'><strong>universa</strong></span> <span class='ocrx_word' id='word_1_81' title='bbox 1563 1175 1747 1228; x_wconf 88' lang='lat' dir='ltr'><strong>terra!</strong></span> <span class='ocrx_word' id='word_1_82' title='bbox 1788 1172 2054 1240; x_wconf 82' lang='lat' dir='ltr'><strong>Quoniam</strong></span> 
     </span>
    </p>
   </div>
   <div class='ocr_carea' id='block_1_14' title="bbox 485 1263 2056 1339">
    <p class='ocr_par' dir='ltr' id='par_1_14' title="bbox 485 1263 2056 1339">
     <span class='ocr_line' id='line_1_14' title="bbox 485 1263 2056 1339; baseline -0.001 -18"><span class='ocrx_word' id='word_1_83' title='bbox 485 1270 686 1321; x_wconf 86' lang='lat' dir='ltr'><strong>elevata</strong></span> <span class='ocrx_word' id='word_1_84' title='bbox 724 1276 803 1322; x_wconf 90' lang='lat' dir='ltr'><strong>est</strong></span> <span class='ocrx_word' id='word_1_85' title='bbox 845 1267 1241 1339; x_wconf 83' lang='lat' dir='ltr'><strong>magniﬁcentia</strong></span> <span class='ocrx_word' id='word_1_86' title='bbox 1284 1277 1378 1320; x_wconf 90' lang='lat' dir='ltr'><strong>tua</strong></span> <span class='ocrx_word' id='word_1_87' title='bbox 1417 1283 1578 1336; x_wconf 82' lang='lat' dir='ltr'><strong>super</strong></span> <span class='ocrx_word' id='word_1_88' title='bbox 1612 1266 1789 1320; x_wconf 67' lang='lat' dir='ltr'><strong>caelos.</strong></span> <span class='ocrx_word' id='word_1_89' title='bbox 1844 1263 1927 1318; x_wconf 79' lang='lat' dir='ltr'><strong>Ea:</strong></span> <span class='ocrx_word' id='word_1_90' title='bbox 1966 1282 2056 1320; x_wconf 88' lang='lat' dir='ltr'><strong>ore</strong></span> 
     </span>
    </p>
   </div>
   <div class='ocr_carea' id='block_1_15' title="bbox 485 1355 2055 1429">
    <p class='ocr_par' dir='ltr' id='par_1_15' title="bbox 485 1355 2055 1429">
     <span class='ocr_line' id='line_1_15' title="bbox 485 1355 2055 1429; baseline -0.001 -18"><span class='ocrx_word' id='word_1_91' title='bbox 485 1359 776 1429; x_wconf 77' lang='lat' dir='ltr'><strong>infantium</strong></span> <span class='ocrx_word' id='word_1_92' title='bbox 820 1367 867 1413; x_wconf 85' lang='lat' dir='ltr'><strong>et</strong></span> <span class='ocrx_word' id='word_1_93' title='bbox 919 1358 1227 1412; x_wconf 86' lang='lat' dir='ltr'><strong>lactentium</strong></span> <span class='ocrx_word' id='word_1_94' title='bbox 1267 1357 1534 1428; x_wconf 73' lang='lat' dir='ltr'><strong>perfecisti</strong></span> <span class='ocrx_word' id='word_1_95' title='bbox 1583 1355 1796 1410; x_wconf 88' lang='lat' dir='ltr'><strong>laudem</strong></span> <span class='ocrx_word' id='word_1_96' title='bbox 1844 1365 2055 1424; x_wconf 78' lang='lat' dir='ltr'><strong>propter</strong></span> 
     </span>
    </p>
   </div>
   <div class='ocr_carea' id='block_1_16' title="bbox 485 1445 2054 1513">
    <p class='ocr_par' dir='ltr' id='par_1_16' title="bbox 485 1445 2054 1513">
     <span class='ocr_line' id='line_1_16' title="bbox 485 1445 2054 1513; baseline -0.002 -11"><span class='ocrx_word' id='word_1_97' title='bbox 485 1449 724 1504; x_wconf 83' lang='lat' dir='ltr'><strong>inimicos</strong></span> <span class='ocrx_word' id='word_1_98' title='bbox 768 1459 908 1513; x_wconf 87' lang='lat' dir='ltr'><strong>tuos,</strong></span> <span class='ocrx_word' id='word_1_99' title='bbox 955 1458 1012 1503; x_wconf 91' lang='lat' dir='ltr'><strong>ut</strong></span> <span class='ocrx_word' id='word_1_100' title='bbox 1053 1448 1296 1503; x_wconf 85' lang='lat' dir='ltr'><strong>destruas</strong></span> <span class='ocrx_word' id='word_1_101' title='bbox 1341 1447 1618 1500; x_wconf 88' lang='lat' dir='ltr'><strong>inimicum</strong></span> <span class='ocrx_word' id='word_1_102' title='bbox 1650 1456 1700 1501; x_wconf 90' lang='lat' dir='ltr'><strong>et</strong></span> <span class='ocrx_word' id='word_1_103' title='bbox 1735 1445 1977 1500; x_wconf 86' lang='lat' dir='ltr'><strong>ultorem.</strong></span> <span class='ocrx_word' id='word_1_104' title='bbox 2007 1445 2054 1477; x_wconf 79' lang='grc'><strong>³⁸</strong></span> 
     </span>
    </p>
   </div>
   <div class='ocr_carea' id='block_1_17' title="bbox 485 1529 2053 1602">
    <p class='ocr_par' dir='ltr' id='par_1_17' title="bbox 485 1529 2053 1602">
     <span class='ocr_line' id='line_1_17' title="bbox 485 1529 2053 1602; baseline 0 -10"><span class='ocrx_word' id='word_1_105' title='bbox 485 1537 604 1593; x_wconf 90' lang='lat' dir='ltr'><strong>Non</strong></span> <span class='ocrx_word' id='word_1_106' title='bbox 637 1539 767 1593; x_wconf 90' lang='lat' dir='ltr'><strong>olim</strong></span> <span class='ocrx_word' id='word_1_107' title='bbox 807 1537 1128 1593; x_wconf 88' lang='lat' dir='ltr'><strong>admirabile</strong></span> <span class='ocrx_word' id='word_1_108' title='bbox 1175 1538 1274 1593; x_wconf 79' lang='lat' dir='ltr'><strong>fuit</strong></span> <span class='ocrx_word' id='word_1_109' title='bbox 1317 1539 1373 1592; x_wconf 90' lang='lat' dir='ltr'><strong>in</strong></span> <span class='ocrx_word' id='word_1_110' title='bbox 1421 1529 1677 1592; x_wconf 76' lang='lat' dir='ltr'><strong>universa</strong></span> <span class='ocrx_word' id='word_1_111' title='bbox 1730 1545 1913 1602; x_wconf 85' lang='lat' dir='ltr'><strong>terra;</strong></span> <span class='ocrx_word' id='word_1_112' title='bbox 1956 1535 2053 1592; x_wconf 88' lang='lat' dir='ltr'><strong>sed</strong></span> 
     </span>
    </p>
   </div>
   <div class='ocr_carea' id='block_1_18' title="bbox 484 1625 2051 1699">
    <p class='ocr_par' dir='ltr' id='par_1_18' title="bbox 484 1625 2051 1699">
     <span class='ocr_line' id='line_1_18' title="bbox 484 1625 2051 1699; baseline -0.001 -17"><span class='ocrx_word' id='word_1_113' title='bbox 484 1636 608 1699; x_wconf 87' lang='lat' dir='ltr'><strong>post</strong></span> <span class='ocrx_word' id='word_1_114' title='bbox 663 1626 964 1684; x_wconf 87' lang='lat' dir='ltr'><strong>Salvatoris</strong></span> <span class='ocrx_word' id='word_1_115' title='bbox 1020 1628 1316 1683; x_wconf 83' lang='lat' dir='ltr'><strong>adventum</strong></span> <span class='ocrx_word' id='word_1_116' title='bbox 1380 1627 1631 1682; x_wconf 86' lang='lat' dir='ltr'><strong>mirabile</strong></span> <span class='ocrx_word' id='word_1_117' title='bbox 1686 1625 1887 1680; x_wconf 84' lang='lat' dir='ltr'><strong>factum</strong></span> <span class='ocrx_word' id='word_1_118' title='bbox 1945 1634 2051 1694; x_wconf 89' lang='lat' dir='ltr'><strong>est,</strong></span> 
     </span>
    </p>
   </div>
   <div class='ocr_carea' id='block_1_19' title="bbox 484 1722 2046 1795">
    <p class='ocr_par' dir='ltr' id='par_1_19' title="bbox 484 1722 2046 1795">
     <span class='ocr_line' id='line_1_19' title="bbox 484 1722 2046 1795; baseline -0.002 -16"><span class='ocrx_word' id='word_1_119' title='bbox 484 1723 703 1795; x_wconf 80' lang='lat' dir='ltr'><strong>quando</strong></span> <span class='ocrx_word' id='word_1_120' title='bbox 765 1722 1048 1794; x_wconf 78' lang='lat' dir='ltr'><strong>Synagoga</strong></span> <span class='ocrx_word' id='word_1_121' title='bbox 1103 1724 1428 1794; x_wconf 90' lang='lat' dir='ltr'><strong>populorum</strong></span> <span class='ocrx_word' id='word_1_122' title='bbox 1487 1722 1844 1778; x_wconf 85' lang='lat' dir='ltr'><strong>circumdedit</strong></span> <span class='ocrx_word' id='word_1_123' title='bbox 1892 1738 2046 1792; x_wconf 92' lang='lat' dir='ltr'><strong>eum;</strong></span> 
     </span>
    </p>
   </div>
   <div class='ocr_carea' id='block_1_20' title="bbox 2162 522 3727 595">
    <p class='ocr_par' dir='ltr' id='par_1_20' title="bbox 2162 522 3727 595">
     <span class='ocr_line' id='line_1_20' title="bbox 2162 522 3727 595; baseline -0.002 -15"><span class='ocrx_word' id='word_1_124' title='bbox 2162 545 2250 581; x_wconf 88' lang='grc' dir='ltr'><strong>ται</strong></span> <span class='ocrx_word' id='word_1_125' title='bbox 2276 530 2366 582; x_wconf 78' lang='grc' dir='ltr'>καὶ</span> <span class='ocrx_word' id='word_1_126' title='bbox 2395 529 2575 591; x_wconf 75' lang='grc' dir='ltr'>αὐλαὶ,</span> <span class='ocrx_word' id='word_1_127' title='bbox 2603 528 2744 581; x_wconf 81' lang='grc' dir='ltr'>κατὰ</span> <span class='ocrx_word' id='word_1_128' title='bbox 2765 527 2846 589; x_wconf 84' lang='grc' dir='ltr'><strong>τὸ,</strong></span> <span class='ocrx_word' id='word_1_129' title='bbox 2862 537 2952 592; x_wconf 84' lang='grc' dir='ltr'><strong>Ὠς</strong></span> <span class='ocrx_word' id='word_1_130' title='bbox 2973 525 3245 595; x_wconf 73' lang='grc' dir='ltr'><em>ἀγαπητὰ</em></span> <span class='ocrx_word' id='word_1_131' title='bbox 3272 523 3342 579; x_wconf 82' lang='grc' dir='ltr'><strong>τὰ</strong></span> <span class='ocrx_word' id='word_1_132' title='bbox 3365 522 3727 594; x_wconf 61' lang='grc' dir='ltr'><em>σκηνώματά</em></span> 
     </span>
    </p>
   </div>
   <div class='ocr_carea' id='block_1_21' title="bbox 2161 617 3725 691">
    <p class='ocr_par' dir='ltr' id='par_1_21' title="bbox 2161 617 3725 691">
     <span class='ocr_line' id='line_1_21' title="bbox 2161 617 3725 691; baseline -0.004 -15"><span class='ocrx_word' id='word_1_133' title='bbox 2161 638 2297 686; x_wconf 88' lang='grc' dir='ltr'>σου,</span> <span class='ocrx_word' id='word_1_134' title='bbox 2328 624 2505 691; x_wconf 85' lang='grc' dir='ltr'><strong>Κύριε</strong></span> <span class='ocrx_word' id='word_1_135' title='bbox 2536 621 2654 675; x_wconf 90' lang='grc' dir='ltr'><strong>τῶν</strong></span> <span class='ocrx_word' id='word_1_136' title='bbox 2693 619 3034 690; x_wconf 69' lang='grc' dir='ltr'><em>δυνάμεων]</em></span> <span class='ocrx_word' id='word_1_137' title='bbox 3061 619 3328 673; x_wconf 85' lang='grc' dir='ltr'><em>ἐπιποθεῖ</em></span> <span class='ocrx_word' id='word_1_138' title='bbox 3377 618 3474 671; x_wconf 79' lang='grc' dir='ltr'><strong>καὶ</strong></span> <span class='ocrx_word' id='word_1_139' title='bbox 3527 617 3725 678; x_wconf 71' lang='grc' dir='ltr'><em>ἐκλεί-</em></span> 
     </span>
    </p>
   </div>
   <div class='ocr_carea' id='block_1_22' title="bbox 2159 709 3727 784">
    <p class='ocr_par' dir='ltr' id='par_1_22' title="bbox 2159 709 3727 784">
     <span class='ocr_line' id='line_1_22' title="bbox 2159 709 3727 784; baseline -0.001 -18"><span class='ocrx_word' id='word_1_140' title='bbox 2159 729 2255 768; x_wconf 88' lang='grc' dir='ltr'><em>πει</em></span> <span class='ocrx_word' id='word_1_141' title='bbox 2297 716 2334 782; x_wconf 82' lang='grc' dir='ltr'><strong><em>ἡ</em></strong></span> <span class='ocrx_word' id='word_1_142' title='bbox 2373 713 2541 783; x_wconf 71' lang='grc' dir='ltr'><strong>ψυχή</strong></span> <span class='ocrx_word' id='word_1_143' title='bbox 2567 731 2686 784; x_wconf 83' lang='grc' dir='ltr'><strong>μου</strong></span> <span class='ocrx_word' id='word_1_144' title='bbox 2713 715 2800 778; x_wconf 82' lang='grc' dir='ltr'><em>εὶς</em></span> <span class='ocrx_word' id='word_1_145' title='bbox 2824 713 2930 778; x_wconf 82' lang='grc' dir='ltr'><em>τὰς</em></span> <span class='ocrx_word' id='word_1_146' title='bbox 2956 711 3146 777; x_wconf 76' lang='grc' dir='ltr'><em>αὐλὰς</em></span> <span class='ocrx_word' id='word_1_147' title='bbox 3183 710 3288 764; x_wconf 87' lang='grc' dir='ltr'><em>τοῦ</em></span> <span class='ocrx_word' id='word_1_148' title='bbox 3318 711 3564 779; x_wconf 80' lang='grc' dir='ltr'><strong>Κυρίου·</strong></span> <span class='ocrx_word' id='word_1_149' title='bbox 3606 709 3727 780; x_wconf 81' lang='grc' dir='ltr'>μεθ’</span> 
     </span>
    </p>
   </div>
   <div class='ocr_carea' id='block_1_23' title="bbox 2159 802 3724 874">
    <p class='ocr_par' dir='ltr' id='par_1_23' title="bbox 2159 802 3724 874">
     <span class='ocr_line' id='line_1_23' title="bbox 2159 802 3724 874; baseline -0.002 -12"><span class='ocrx_word' id='word_1_150' title='bbox 2159 807 2195 862; x_wconf 80' lang='grc' dir='ltr'><strong>ἃ.</strong></span> <span class='ocrx_word' id='word_1_151' title='bbox 2224 806 2444 874; x_wconf 81' lang='grc' dir='ltr'><strong>ἐπάγει·</strong></span> <span class='ocrx_word' id='word_1_152' title='bbox 2480 806 2555 860; x_wconf 86' lang='grc' dir='ltr'><strong>Τὰ</strong></span> <span class='ocrx_word' id='word_1_153' title='bbox 2581 802 2976 872; x_wconf 80' lang='grc' dir='ltr'><em>θυσιαστήριά</em></span> <span class='ocrx_word' id='word_1_154' title='bbox 3000 819 3136 870; x_wconf 91' lang='grc' dir='ltr'>σου,</span> <span class='ocrx_word' id='word_1_155' title='bbox 3167 805 3345 874; x_wconf 85' lang='grc' dir='ltr'><strong>Κύριε</strong></span> <span class='ocrx_word' id='word_1_156' title='bbox 3385 803 3504 860; x_wconf 88' lang='grc' dir='ltr'><strong>τῶν</strong></span> <span class='ocrx_word' id='word_1_157' title='bbox 3538 804 3724 860; x_wconf 77' lang='grc' dir='ltr'><em>δυνά-</em></span> 
     </span>
    </p>
   </div>
   <div class='ocr_carea' id='block_1_24' title="bbox 2153 916 2334 968">
    <p class='ocr_par' dir='ltr' id='par_1_24' title="bbox 2153 916 2334 968">
     <span class='ocr_line' id='line_1_24' title="bbox 2153 916 2334 968; baseline 0.006 -16"><span class='ocrx_word' id='word_1_158' title='bbox 2153 916 2334 968; x_wconf 79' lang='grc' dir='ltr'><em>μεων.</em></span> 
     </span>
    </p>
   </div>
   <div class='ocr_carea' id='block_1_25' title="bbox 2225 1073 3728 1146">
    <p class='ocr_par' dir='ltr' id='par_1_25' title="bbox 2225 1073 3728 1146">
     <span class='ocr_line' id='line_1_25' title="bbox 2225 1073 3728 1146; baseline 0.001 -18"><span class='ocrx_word' id='word_1_159' title='bbox 2225 1075 2402 1143; x_wconf 83' lang='grc' dir='ltr'><em>Κύριε</em></span> <span class='ocrx_word' id='word_1_160' title='bbox 2435 1077 2468 1128; x_wconf 90' lang='grc' dir='ltr'><strong>ό</strong></span> <span class='ocrx_word' id='word_1_161' title='bbox 2490 1075 2703 1144; x_wconf 84' lang='grc' dir='ltr'><strong>Κύριος</strong></span> <span class='ocrx_word' id='word_1_162' title='bbox 2735 1073 2925 1144; x_wconf 77' lang='grc' dir='ltr'><em>ἡμῶν,</em></span> <span class='ocrx_word' id='word_1_163' title='bbox 2953 1075 3032 1142; x_wconf 87' lang='grc' dir='ltr'><strong>ὠς</strong></span> <span class='ocrx_word' id='word_1_164' title='bbox 3066 1075 3410 1146; x_wconf 81' lang='grc' dir='ltr'><em>θαυμαστὸν</em></span> <span class='ocrx_word' id='word_1_165' title='bbox 3438 1075 3504 1130; x_wconf 87' lang='grc' dir='ltr'><em>τὸ</em></span> <span class='ocrx_word' id='word_1_166' title='bbox 3537 1073 3728 1146; x_wconf 76' lang='grc' dir='ltr'><em>ὄνομά</em></span> 
     </span>
    </p>
   </div>
   <div class='ocr_carea' id='block_1_26' title="bbox 2155 1166 3725 1241">
    <p class='ocr_par' dir='ltr' id='par_1_26' title="bbox 2155 1166 3725 1241">
     <span class='ocr_line' id='line_1_26' title="bbox 2155 1166 3725 1241; baseline 0 -19"><span class='ocrx_word' id='word_1_167' title='bbox 2155 1182 2271 1222; x_wconf 90' lang='grc' dir='ltr'><em>σου</em></span> <span class='ocrx_word' id='word_1_168' title='bbox 2300 1168 2370 1221; x_wconf 86' lang='grc' dir='ltr'><strong>ἐν</strong></span> <span class='ocrx_word' id='word_1_169' title='bbox 2404 1167 2570 1238; x_wconf 78' lang='grc' dir='ltr'><em>πάσῃ</em></span> <span class='ocrx_word' id='word_1_170' title='bbox 2601 1166 2674 1236; x_wconf 79' lang='grc' dir='ltr'><em>τῇ</em></span> <span class='ocrx_word' id='word_1_171' title='bbox 2707 1167 2820 1239; x_wconf 70' lang='grc' dir='ltr'>γῇί</span> <span class='ocrx_word' id='word_1_172' title='bbox 2855 1169 2972 1222; x_wconf 84' lang='grc' dir='ltr'><strong>Ὅτι</strong></span> <span class='ocrx_word' id='word_1_173' title='bbox 3013 1166 3240 1237; x_wconf 83' lang='grc' dir='ltr'><strong>ἐπήρθη</strong></span> <span class='ocrx_word' id='word_1_174' title='bbox 3283 1170 3323 1237; x_wconf 75' lang='grc' dir='ltr'>ἡ</span> <span class='ocrx_word' id='word_1_175' title='bbox 3355 1170 3725 1241; x_wconf 72' lang='grc' dir='ltr'><strong>μεγαλοπρέ-</strong></span> 
     </span>
    </p>
   </div>
   <div class='ocr_carea' id='block_1_27' title="bbox 2156 1259 3726 1329">
    <p class='ocr_par' dir='ltr' id='par_1_27' title="bbox 2156 1259 3726 1329">
     <span class='ocr_line' id='line_1_27' title="bbox 2156 1259 3726 1329; baseline 0 -16"><span class='ocrx_word' id='word_1_176' title='bbox 2156 1259 2291 1314; x_wconf 83' lang='grc' dir='ltr'><em>πειά</em></span> <span class='ocrx_word' id='word_1_177' title='bbox 2312 1270 2427 1313; x_wconf 85' lang='grc' dir='ltr'><em>σου</em></span> <span class='ocrx_word' id='word_1_178' title='bbox 2448 1259 2720 1328; x_wconf 79' lang='grc' dir='ltr'><strong>ὑπεράνω</strong></span> <span class='ocrx_word' id='word_1_179' title='bbox 2743 1260 2861 1314; x_wconf 88' lang='grc' dir='ltr'><strong>τῶν</strong></span> <span class='ocrx_word' id='word_1_180' title='bbox 2881 1259 3169 1328; x_wconf 82' lang='grc' dir='ltr'><strong>οὐρανῶν.</strong></span> <span class='ocrx_word' id='word_1_181' title='bbox 3189 1261 3289 1314; x_wconf 82' lang='grc' dir='ltr'>Ἐκ</span> <span class='ocrx_word' id='word_1_182' title='bbox 3311 1261 3608 1329; x_wconf 83' lang='grc' dir='ltr'><em>στόματος</em></span> <span class='ocrx_word' id='word_1_183' title='bbox 3629 1277 3726 1327; x_wconf 78' lang='grc' dir='ltr'><em>νη·</em></span> 
     </span>
    </p>
   </div>
   <div class='ocr_carea' id='block_1_28' title="bbox 2155 1347 3725 1421">
    <p class='ocr_par' dir='ltr' id='par_1_28' title="bbox 2155 1347 3725 1421">
     <span class='ocr_line' id='line_1_28' title="bbox 2155 1347 3725 1421; baseline -0.001 -15"><span class='ocrx_word' id='word_1_184' title='bbox 2155 1352 2307 1406; x_wconf 87' lang='grc' dir='ltr'><em>πίων</em></span> <span class='ocrx_word' id='word_1_185' title='bbox 2331 1353 2427 1406; x_wconf 79' lang='grc' dir='ltr'><strong>καὶ</strong></span> <span class='ocrx_word' id='word_1_186' title='bbox 2461 1351 2835 1420; x_wconf 78' lang='grc' dir='ltr'><strong>θηλαζόντων</strong></span> <span class='ocrx_word' id='word_1_187' title='bbox 2855 1352 3189 1421; x_wconf 80' lang='grc' dir='ltr'><strong>κατηρτίσω</strong></span> <span class='ocrx_word' id='word_1_188' title='bbox 3217 1347 3388 1406; x_wconf 80' lang='grc' dir='ltr'><em>αἶνον</em></span> <span class='ocrx_word' id='word_1_189' title='bbox 3407 1350 3586 1404; x_wconf 77' lang='grc' dir='ltr'><em>ἕνεκα</em></span> <span class='ocrx_word' id='word_1_190' title='bbox 3605 1349 3725 1404; x_wconf 87' lang='grc' dir='ltr'><strong>τῶν</strong></span> 
     </span>
    </p>
   </div>
   <div class='ocr_carea' id='block_1_29' title="bbox 2153 1440 3719 1513">
    <p class='ocr_par' dir='ltr' id='par_1_29' title="bbox 2153 1440 3719 1513">
     <span class='ocr_line' id='line_1_29' title="bbox 2153 1440 3719 1513; baseline -0.001 -16"><span class='ocrx_word' id='word_1_191' title='bbox 2153 1441 2382 1512; x_wconf 82' lang='grc' dir='ltr'><em>ἐχθρῶν</em></span> <span class='ocrx_word' id='word_1_192' title='bbox 2397 1459 2532 1508; x_wconf 86' lang='grc' dir='ltr'>σου,</span> <span class='ocrx_word' id='word_1_193' title='bbox 2544 1442 2650 1498; x_wconf 87' lang='grc' dir='ltr'><em>τοῦ</em></span> <span class='ocrx_word' id='word_1_194' title='bbox 2665 1444 2998 1499; x_wconf 65' lang='grc' dir='ltr'><em>καταλῦσαι</em></span> <span class='ocrx_word' id='word_1_195' title='bbox 3011 1443 3227 1513; x_wconf 85' lang='grc' dir='ltr'><em>ἐχθρὸν</em></span> <span class='ocrx_word' id='word_1_196' title='bbox 3249 1442 3346 1496; x_wconf 76' lang='grc' dir='ltr'><strong>καὶ</strong></span> <span class='ocrx_word' id='word_1_197' title='bbox 3367 1440 3719 1508; x_wconf 70' lang='grc' dir='ltr'><strong>ἐκδικητὴν.</strong></span> 
     </span>
    </p>
   </div>
   <div class='ocr_carea' id='block_1_30' title="bbox 2155 1517 3722 1610">
    <p class='ocr_par' dir='ltr' id='par_1_30' title="bbox 2155 1517 3722 1610">
     <span class='ocr_line' id='line_1_30' title="bbox 2155 1517 3722 1610; baseline -0.001 -23"><span class='ocrx_word' id='word_1_198' title='bbox 2155 1534 2230 1587; x_wconf 84' lang='grc' dir='ltr'><em>οὐ</em></span> <span class='ocrx_word' id='word_1_199' title='bbox 2259 1535 2424 1588; x_wconf 71' lang='grc' dir='ltr'>παλαι</span> <span class='ocrx_word' id='word_1_200' title='bbox 2448 1535 2756 1606; x_wconf 82' lang='grc' dir='ltr'>Θαυμαστὸν</span> <span class='ocrx_word' id='word_1_201' title='bbox 2782 1537 2837 1589; x_wconf 79' lang='grc' dir='ltr'><em>ἐν</em></span> <span class='ocrx_word' id='word_1_202' title='bbox 2862 1517 3008 1610; x_wconf 72' lang='grc' dir='ltr'><strong>πάισῂ</strong></span> <span class='ocrx_word' id='word_1_203' title='bbox 3034 1539 3098 1608; x_wconf 84' lang='grc' dir='ltr'>τῇ</span> <span class='ocrx_word' id='word_1_204' title='bbox 3122 1539 3190 1607; x_wconf 83' lang='grc' dir='ltr'>γῇ</span> <span class='ocrx_word' id='word_1_205' title='bbox 3211 1553 3223 1566; x_wconf 72' lang='grc' dir='ltr'><strong><em>ο</em></strong></span> <span class='ocrx_word' id='word_1_206' title='bbox 3263 1535 3400 1608; x_wconf 63' lang='grc' dir='ltr'>μετὰ</span> <span class='ocrx_word' id='word_1_207' title='bbox 3428 1535 3483 1588; x_wconf 83' lang='grc' dir='ltr'><strong>δὲ</strong></span> <span class='ocrx_word' id='word_1_208' title='bbox 3506 1535 3607 1606; x_wconf 82' lang='grc' dir='ltr'>τὴν</span> <span class='ocrx_word' id='word_1_209' title='bbox 3631 1533 3722 1586; x_wconf 77' lang='grc' dir='ltr'>τοῦ</span> 
     </span>
    </p>
   </div>
   <div class='ocr_carea' id='block_1_31' title="bbox 2156 1625 3724 1700">
    <p class='ocr_par' dir='ltr' id='par_1_31' title="bbox 2156 1625 3724 1700">
     <span class='ocr_line' id='line_1_31' title="bbox 2156 1625 3724 1700; baseline 0 -20"><span class='ocrx_word' id='word_1_210' title='bbox 2156 1627 2405 1698; x_wconf 80' lang='grc' dir='ltr'>Σωτῆρος</span> <span class='ocrx_word' id='word_1_211' title='bbox 2438 1627 2738 1700; x_wconf 82' lang='grc' dir='ltr'>παρουσίαν</span> <span class='ocrx_word' id='word_1_212' title='bbox 2767 1628 2999 1696; x_wconf 81' lang='grc' dir='ltr'>ἐγένετο,</span> <span class='ocrx_word' id='word_1_213' title='bbox 3027 1629 3114 1681; x_wconf 84' lang='grc' dir='ltr'><strong>ὅτε</strong></span> <span class='ocrx_word' id='word_1_214' title='bbox 3147 1628 3239 1681; x_wconf 78' lang='grc' dir='ltr'>καὶ</span> <span class='ocrx_word' id='word_1_215' title='bbox 3264 1627 3551 1698; x_wconf 80' lang='grc' dir='ltr'>συναγωγὴ</span> <span class='ocrx_word' id='word_1_216' title='bbox 3577 1625 3724 1680; x_wconf 87' lang='grc' dir='ltr'>λαῶν</span> 
     </span>
    </p>
   </div>
   <div class='ocr_carea' id='block_1_32' title="bbox 2156 1716 3721 1788">
    <p class='ocr_par' dir='ltr' id='par_1_32' title="bbox 2156 1716 3721 1788">
     <span class='ocr_line' id='line_1_32' title="bbox 2156 1716 3721 1788; baseline 0.001 -19"><span class='ocrx_word' id='word_1_217' title='bbox 2156 1716 2462 1772; x_wconf 82' lang='grc' dir='ltr'>ὲκύκλωσεν</span> <span class='ocrx_word' id='word_1_218' title='bbox 2496 1717 2688 1770; x_wconf 79' lang='grc' dir='ltr'>αὐτόν·</span> <span class='ocrx_word' id='word_1_219' title='bbox 2725 1717 3024 1788; x_wconf 77' lang='grc' dir='ltr'><strong>συμφώνως</strong></span> <span class='ocrx_word' id='word_1_220' title='bbox 3069 1718 3146 1788; x_wconf 88' lang='grc' dir='ltr'>τῷ</span> <span class='ocrx_word' id='word_1_221' title='bbox 3188 1717 3282 1770; x_wconf 82' lang='grc' dir='ltr'><strong>νῦν</strong></span> <span class='ocrx_word' id='word_1_222' title='bbox 3321 1717 3570 1788; x_wconf 80' lang='grc' dir='ltr'><strong>ῥηθέντι·</strong></span> <span class='ocrx_word' id='word_1_223' title='bbox 3620 1717 3721 1771; x_wconf 81' lang='grc' dir='ltr'>Ἐκ</span> 
     </span>
    </p>
   </div>
   <div class='ocr_carea' id='block_1_33' title="bbox 483 1808 2043 1887">
    <p class='ocr_par' dir='ltr' id='par_1_33' title="bbox 483 1815 2043 1887">
     <span class='ocr_line' id='line_1_33' title="bbox 483 1815 2043 1887; baseline 0 -17"><span class='ocrx_word' id='word_1_224' title='bbox 483 1816 626 1887; x_wconf 90' lang='lat' dir='ltr'><strong>quod</strong></span> <span class='ocrx_word' id='word_1_225' title='bbox 655 1831 786 1871; x_wconf 86' lang='lat' dir='ltr'><strong>sane</strong></span> <span class='ocrx_word' id='word_1_226' title='bbox 821 1831 1121 1872; x_wconf 87' lang='lat' dir='ltr'><strong>consonum</strong></span> <span class='ocrx_word' id='word_1_227' title='bbox 1158 1817 1283 1870; x_wconf 90' lang='lat' dir='ltr'><strong>huic</strong></span> <span class='ocrx_word' id='word_1_228' title='bbox 1332 1815 1531 1887; x_wconf 85' lang='lat' dir='ltr'><strong>psalmi</strong></span> <span class='ocrx_word' id='word_1_229' title='bbox 1576 1816 1859 1885; x_wconf 65' lang='lat' dir='ltr'><strong>praesentis</strong></span> <span class='ocrx_word' id='word_1_230' title='bbox 1903 1815 2043 1870; x_wconf 89' lang='lat' dir='ltr'><strong>dicto</strong></span> 
     </span>
    </p>
   </div>
   <div class='ocr_carea' id='block_1_34' title="bbox 2151 1808 3721 1887">
    <p class='ocr_par' dir='ltr' id='par_1_34' title="bbox 2151 1808 3721 1882">
     <span class='ocr_line' id='line_1_34' title="bbox 2151 1808 3721 1882; baseline -0.002 -18"><span class='ocrx_word' id='word_1_231' title='bbox 2151 1810 2443 1879; x_wconf 85' lang='grc' dir='ltr'><em>στόματος</em></span> <span class='ocrx_word' id='word_1_232' title='bbox 2491 1809 2742 1878; x_wconf 84' lang='grc' dir='ltr'><em>νηπίων.</em></span> <span class='ocrx_word' id='word_1_233' title='bbox 2767 1811 2861 1862; x_wconf 76' lang='grc' dir='ltr'>καὶ</span> <span class='ocrx_word' id='word_1_234' title='bbox 2894 1810 2961 1863; x_wconf 82' lang='grc' dir='ltr'>τὰ</span> <span class='ocrx_word' id='word_1_235' title='bbox 2995 1809 3138 1882; x_wconf 79' lang='grc' dir='ltr'>ἑξῆς.</span> <span class='ocrx_word' id='word_1_236' title='bbox 3173 1809 3281 1880; x_wconf 84' lang='grc' dir='ltr'>Τὴν</span> <span class='ocrx_word' id='word_1_237' title='bbox 3325 1809 3433 1880; x_wconf 82' lang='grc' dir='ltr'>γὰρ</span> <span class='ocrx_word' id='word_1_238' title='bbox 3460 1808 3587 1861; x_wconf 85' lang='grc' dir='ltr'>νέαν</span> <span class='ocrx_word' id='word_1_239' title='bbox 3627 1809 3721 1862; x_wconf 77' lang='grc' dir='ltr'>καὶ</span> 
     </span>
    </p>
   </div>
   <div class='ocr_carea' id='block_1_35' title="bbox 481 1895 2044 1975">
    <p class='ocr_par' dir='ltr' id='par_1_35' title="bbox 481 1895 2044 1975">
     <span class='ocr_line' id='line_1_35' title="bbox 481 1895 2044 1975; baseline -0.001 -15"><span class='ocrx_word' id='word_1_240' title='bbox 481 1923 544 1960; x_wconf 80' lang='lat' dir='ltr'><strong>ea:</strong></span> <span class='ocrx_word' id='word_1_241' title='bbox 593 1921 679 1959; x_wconf 91' lang='lat' dir='ltr'><strong>ore</strong></span> <span class='ocrx_word' id='word_1_242' title='bbox 729 1905 1011 1974; x_wconf 81' lang='lat' dir='ltr'><strong>infantium</strong></span> <span class='ocrx_word' id='word_1_243' title='bbox 1059 1914 1108 1960; x_wconf 87' lang='lat' dir='ltr'><strong>et</strong></span> <span class='ocrx_word' id='word_1_244' title='bbox 1142 1905 1450 1960; x_wconf 86' lang='lat' dir='ltr'><strong>lactentium</strong></span> <span class='ocrx_word' id='word_1_245' title='bbox 1501 1904 1766 1975; x_wconf 78' lang='lat' dir='ltr'><strong>perfeciin</strong></span> <span class='ocrx_word' id='word_1_246' title='bbox 1815 1895 2044 1973; x_wconf 79' lang='lat' dir='ltr'><strong>laudem,</strong></span> 
     </span>
    </p>
   </div>
   <div class='ocr_carea' id='block_1_36' title="bbox 478 1996 2050 2068">
    <p class='ocr_par' dir='ltr' id='par_1_36' title="bbox 478 1996 2050 2068">
     <span class='ocr_line' id='line_1_36' title="bbox 478 1996 2050 2068; baseline 0.001 -16"><span class='ocrx_word' id='word_1_247' title='bbox 478 2007 532 2052; x_wconf 89' lang='lat' dir='ltr'><strong>et</strong></span> <span class='ocrx_word' id='word_1_248' title='bbox 557 2005 770 2053; x_wconf 71' lang='lat' dir='ltr'><strong>caetera.</strong></span> <span class='ocrx_word' id='word_1_249' title='bbox 797 1996 1002 2050; x_wconf 80' lang='lat' dir='ltr'><strong>Novam</strong></span> <span class='ocrx_word' id='word_1_250' title='bbox 1032 1998 1177 2052; x_wconf 91' lang='lat' dir='ltr'><strong>enim</strong></span> <span class='ocrx_word' id='word_1_251' title='bbox 1202 2013 1533 2068; x_wconf 79' lang='lat' dir='ltr'><strong>synagogam</strong></span> <span class='ocrx_word' id='word_1_252' title='bbox 1565 2009 1690 2067; x_wconf 89' lang='lat' dir='ltr'><strong>post</strong></span> <span class='ocrx_word' id='word_1_253' title='bbox 1716 1999 2050 2068; x_wconf 81' lang='lat' dir='ltr'><strong>assumptio-</strong></span> 
     </span>
    </p>
   </div>
   <div class='ocr_carea' id='block_1_37' title="bbox 478 2085 2048 2158">
    <p class='ocr_par' dir='ltr' id='par_1_37' title="bbox 478 2085 2048 2158">
     <span class='ocr_line' id='line_1_37' title="bbox 478 2085 2048 2158; baseline 0.001 -16"><span class='ocrx_word' id='word_1_254' title='bbox 478 2103 599 2142; x_wconf 84' lang='lat' dir='ltr'><strong>nem</strong></span> <span class='ocrx_word' id='word_1_255' title='bbox 633 2087 750 2158; x_wconf 91' lang='lat' dir='ltr'><strong>ejus</strong></span> <span class='ocrx_word' id='word_1_256' title='bbox 785 2088 840 2141; x_wconf 89' lang='lat' dir='ltr'><strong>iu</strong></span> <span class='ocrx_word' id='word_1_257' title='bbox 871 2089 1041 2142; x_wconf 90' lang='lat' dir='ltr'><strong>altum</strong></span> <span class='ocrx_word' id='word_1_258' title='bbox 1075 2104 1140 2141; x_wconf 82' lang='lat' dir='ltr'><strong>ex</strong></span> <span class='ocrx_word' id='word_1_259' title='bbox 1169 2087 1459 2142; x_wconf 88' lang='lat' dir='ltr'><strong>animabus</strong></span> <span class='ocrx_word' id='word_1_260' title='bbox 1495 2087 1549 2140; x_wconf 92' lang='lat' dir='ltr'><strong>in</strong></span> <span class='ocrx_word' id='word_1_261' title='bbox 1583 2085 1815 2141; x_wconf 81' lang='lat' dir='ltr'><strong>infantia</strong></span> <span class='ocrx_word' id='word_1_262' title='bbox 1847 2087 2048 2158; x_wconf 81' lang='lat' dir='ltr'><strong>degen-</strong></span> 
     </span>
    </p>
   </div>
   <div class='ocr_carea' id='block_1_38' title="bbox 478 2178 2047 2250">
    <p class='ocr_par' dir='ltr' id='par_1_38' title="bbox 478 2178 2047 2250">
     <span class='ocr_line' id='line_1_38' title="bbox 478 2178 2047 2250; baseline 0.002 -18"><span class='ocrx_word' id='word_1_263' title='bbox 478 2179 626 2235; x_wconf 89' lang='lat' dir='ltr'><strong>tibus</strong></span> <span class='ocrx_word' id='word_1_264' title='bbox 655 2180 972 2234; x_wconf 84' lang='lat' dir='ltr'><strong>constitisse</strong></span> <span class='ocrx_word' id='word_1_265' title='bbox 1003 2178 1182 2243; x_wconf 86' lang='lat' dir='ltr'><strong>docet,</strong></span> <span class='ocrx_word' id='word_1_266' title='bbox 1211 2188 1432 2249; x_wconf 83' lang='lat' dir='ltr'><strong>propter</strong></span> <span class='ocrx_word' id='word_1_267' title='bbox 1465 2180 1940 2250; x_wconf 81' lang='lat' dir='ltr'><strong>regenerationem</strong></span> <span class='ocrx_word' id='word_1_268' title='bbox 1991 2181 2047 2236; x_wconf 93' lang='lat' dir='ltr'><strong>in</strong></span> 
     </span>
    </p>
   </div>
   <div class='ocr_carea' id='block_1_39' title="bbox 475 2271 2044 2344">
    <p class='ocr_par' dir='ltr' id='par_1_39' title="bbox 475 2271 2044 2344">
     <span class='ocr_line' id='line_1_39' title="bbox 475 2271 2044 2344; baseline 0.001 -17"><span class='ocrx_word' id='word_1_269' title='bbox 475 2271 698 2328; x_wconf 90' lang='lat' dir='ltr'><strong>Christo</strong></span> <span class='ocrx_word' id='word_1_270' title='bbox 728 2282 841 2327; x_wconf 95' lang='lat' dir='ltr'><strong>tum</strong></span> <span class='ocrx_word' id='word_1_271' title='bbox 872 2273 1095 2342; x_wconf 89' lang='lat' dir='ltr'><strong>ubique,</strong></span> <span class='ocrx_word' id='word_1_272' title='bbox 1130 2281 1254 2341; x_wconf 91' lang='lat' dir='ltr'><strong>post</strong></span> <span class='ocrx_word' id='word_1_273' title='bbox 1296 2273 1417 2342; x_wconf 90' lang='lat' dir='ltr'><strong>ejus</strong></span> <span class='ocrx_word' id='word_1_274' title='bbox 1465 2272 1676 2327; x_wconf 89' lang='lat' dir='ltr'><strong>scilicet</strong></span> <span class='ocrx_word' id='word_1_275' title='bbox 1711 2275 2044 2344; x_wconf 82' lang='lat' dir='ltr'><strong>assumptio-</strong></span> 
     </span>
    </p>
   </div>
   <div class='ocr_carea' id='block_1_40' title="bbox 477 2364 2045 2435">
    <p class='ocr_par' dir='ltr' id='par_1_40' title="bbox 477 2364 2045 2435">
     <span class='ocr_line' id='line_1_40' title="bbox 477 2364 2045 2435; baseline 0.001 -17"><span class='ocrx_word' id='word_1_276' title='bbox 477 2379 623 2429; x_wconf 91' lang='lat' dir='ltr'><strong>nem,</strong></span> <span class='ocrx_word' id='word_1_277' title='bbox 669 2381 766 2435; x_wconf 88' lang='lat' dir='ltr'><strong>per</strong></span> <span class='ocrx_word' id='word_1_278' title='bbox 816 2366 1006 2421; x_wconf 88' lang='lat' dir='ltr'><strong>orbem</strong></span> <span class='ocrx_word' id='word_1_279' title='bbox 1055 2373 1395 2435; x_wconf 87' lang='lat' dir='ltr'><strong>usurpatam.</strong></span> <span class='ocrx_word' id='word_1_280' title='bbox 1444 2364 1810 2432; x_wconf 86' lang='lat' dir='ltr'><strong>Quamobrem</strong></span> <span class='ocrx_word' id='word_1_281' title='bbox 1865 2367 2045 2421; x_wconf 85' lang='lat' dir='ltr'><strong>accla-</strong></span> 
     </span>
    </p>
   </div>
   <div class='ocr_carea' id='block_1_41' title="bbox 476 2455 2048 2528">
    <p class='ocr_par' dir='ltr' id='par_1_41' title="bbox 476 2455 2048 2528">
     <span class='ocr_line' id='line_1_41' title="bbox 476 2455 2048 2528; baseline 0.002 -19"><span class='ocrx_word' id='word_1_282' title='bbox 476 2456 753 2512; x_wconf 88' lang='lat' dir='ltr'><strong>mantibus</strong></span> <span class='ocrx_word' id='word_1_283' title='bbox 784 2456 886 2527; x_wconf 90' lang='lat' dir='ltr'><strong>ipsi</strong></span> <span class='ocrx_word' id='word_1_284' title='bbox 926 2456 1132 2528; x_wconf 81' lang='lat' dir='ltr'><strong>pueris,</strong></span> <span class='ocrx_word' id='word_1_285' title='bbox 1168 2455 1424 2513; x_wconf 82' lang='lat' dir='ltr'><strong>Hosanna</strong></span> <span class='ocrx_word' id='word_1_286' title='bbox 1459 2459 1512 2511; x_wconf 87' lang='lat' dir='ltr'><strong>in</strong></span> <span class='ocrx_word' id='word_1_287' title='bbox 1557 2459 1798 2523; x_wconf 72' lang='lat' dir='ltr'><strong>excelsis,</strong></span> <span class='ocrx_word' id='word_1_288' title='bbox 1837 2458 2048 2513; x_wconf 51' lang='lat' dir='ltr'><strong>benedh</strong></span> 
     </span>
    </p>
   </div>
   <div class='ocr_carea' id='block_1_42' title="bbox 474 2544 2044 2617">
    <p class='ocr_par' dir='ltr' id='par_1_42' title="bbox 474 2544 2044 2617">
     <span class='ocr_line' id='line_1_42' title="bbox 474 2544 2044 2617; baseline 0.006 -23"><span class='ocrx_word' id='word_1_289' title='bbox 474 2550 589 2596; x_wconf 85' lang='lat' dir='ltr'><strong>ctus</strong></span> <span class='ocrx_word' id='word_1_290' title='bbox 623 2545 712 2612; x_wconf 86' lang='lat' dir='ltr'><strong>qui</strong></span> <span class='ocrx_word' id='word_1_291' title='bbox 743 2545 879 2597; x_wconf 81' lang='lat' dir='ltr'><strong>venit</strong></span> <span class='ocrx_word' id='word_1_292' title='bbox 940 2544 996 2598; x_wconf 87' lang='lat' dir='ltr'><strong>in</strong></span> <span class='ocrx_word' id='word_1_293' title='bbox 1031 2544 1239 2599; x_wconf 85' lang='lat' dir='ltr'><strong>nomine</strong></span> <span class='ocrx_word' id='word_1_294' title='bbox 1272 2544 1508 2610; x_wconf 86' lang='lat' dir='ltr'><strong>Domini,</strong></span> <span class='ocrx_word' id='word_1_295' title='bbox 1545 2547 1765 2617; x_wconf 81' lang='lat' dir='ltr'><strong>indigne</strong></span> <span class='ocrx_word' id='word_1_296' title='bbox 1812 2548 2044 2604; x_wconf 79' lang='lat' dir='ltr'><strong>ferentes</strong></span> 
     </span>
    </p>
   </div>
   <div class='ocr_carea' id='block_1_43' title="bbox 473 2634 2044 2708">
    <p class='ocr_par' dir='ltr' id='par_1_43' title="bbox 473 2634 2044 2708">
     <span class='ocr_line' id='line_1_43' title="bbox 473 2634 2044 2708; baseline 0.003 -21"><span class='ocrx_word' id='word_1_297' title='bbox 473 2634 686 2703; x_wconf 87' lang='lat' dir='ltr'><strong>aliquos</strong></span> <span class='ocrx_word' id='word_1_298' title='bbox 724 2635 804 2690; x_wconf 90' lang='lat' dir='ltr'><strong>sic</strong></span> <span class='ocrx_word' id='word_1_299' title='bbox 840 2635 1174 2706; x_wconf 88' lang='lat' dir='ltr'><strong>alloquitur:</strong></span> <span class='ocrx_word' id='word_1_300' title='bbox 1219 2634 1510 2706; x_wconf 88' lang='lat' dir='ltr'><strong>Nunquam</strong></span> <span class='ocrx_word' id='word_1_301' title='bbox 1559 2637 1780 2707; x_wconf 80' lang='lat' dir='ltr'><strong>legistis,</strong></span> <span class='ocrx_word' id='word_1_302' title='bbox 1813 2639 1937 2708; x_wconf 90' lang='lat' dir='ltr'><strong>quia</strong></span> <span class='ocrx_word' id='word_1_303' title='bbox 1962 2637 2044 2692; x_wconf 77' lang='lat' dir='ltr'><strong>Ea:</strong></span> 
     </span>
    </p>
   </div>
   <div class='ocr_carea' id='block_1_44' title="bbox 471 2726 2044 2797">
    <p class='ocr_par' dir='ltr' id='par_1_44' title="bbox 471 2726 2044 2797">
     <span class='ocr_line' id='line_1_44' title="bbox 471 2726 2044 2797; baseline 0.002 -17"><span class='ocrx_word' id='word_1_304' title='bbox 471 2741 563 2780; x_wconf 85' lang='lat' dir='ltr'><strong>ore</strong></span> <span class='ocrx_word' id='word_1_305' title='bbox 619 2727 908 2796; x_wconf 78' lang='lat' dir='ltr'><strong>infantium</strong></span> <span class='ocrx_word' id='word_1_306' title='bbox 957 2735 1008 2780; x_wconf 90' lang='lat' dir='ltr'><strong>et</strong></span> <span class='ocrx_word' id='word_1_307' title='bbox 1057 2726 1365 2780; x_wconf 72' lang='lat' dir='ltr'><strong>laetantium</strong></span> <span class='ocrx_word' id='word_1_308' title='bbox 1411 2727 1678 2797; x_wconf 78' lang='lat' dir='ltr'><strong>perfecisti</strong></span> <span class='ocrx_word' id='word_1_309' title='bbox 1729 2728 1940 2782; x_wconf 87' lang='lat' dir='ltr'><strong>laudem</strong></span> <span class='ocrx_word' id='word_1_310' title='bbox 1963 2729 2044 2783; x_wconf 63' lang='lat'><strong>3°?</strong></span> 
     </span>
    </p>
   </div>
   <div class='ocr_carea' id='block_1_45' title="bbox 470 2819 2043 2890">
    <p class='ocr_par' dir='ltr' id='par_1_45' title="bbox 470 2819 2043 2890">
     <span class='ocr_line' id='line_1_45' title="bbox 470 2819 2043 2890; baseline 0.002 -16"><span class='ocrx_word' id='word_1_311' title='bbox 470 2834 824 2889; x_wconf 82' lang='lat' dir='ltr'><strong>nunquamne</strong></span> <span class='ocrx_word' id='word_1_312' title='bbox 878 2819 1053 2875; x_wconf 90' lang='lat' dir='ltr'><strong>illud:</strong></span> <span class='ocrx_word' id='word_1_313' title='bbox 1130 2820 1358 2890; x_wconf 88' lang='lat' dir='ltr'><strong>Propter</strong></span> <span class='ocrx_word' id='word_1_314' title='bbox 1428 2821 1669 2875; x_wconf 87' lang='lat' dir='ltr'><strong>inimicos</strong></span> <span class='ocrx_word' id='word_1_315' title='bbox 1727 2825 1886 2877; x_wconf 85' lang='lat' dir='ltr'><strong>tuos?</strong></span> <span class='ocrx_word' id='word_1_316' title='bbox 1918 2821 2043 2877; x_wconf 82' lang='lat' dir='ltr'><strong>Haec</strong></span> 
     </span>
    </p>
   </div>
   <div class='ocr_carea' id='block_1_46' title="bbox 469 2912 2044 2986">
    <p class='ocr_par' dir='ltr' id='par_1_46' title="bbox 469 2912 2044 2986">
     <span class='ocr_line' id='line_1_46' title="bbox 469 2912 2044 2986; baseline 0.004 -20"><span class='ocrx_word' id='word_1_317' title='bbox 469 2927 600 2966; x_wconf 87' lang='lat' dir='ltr'><strong>vero</strong></span> <span class='ocrx_word' id='word_1_318' title='bbox 649 2919 870 2983; x_wconf 89' lang='lat' dir='ltr'><strong>propter</strong></span> <span class='ocrx_word' id='word_1_319' title='bbox 931 2912 1278 2968; x_wconf 88' lang='lat' dir='ltr'><strong>sacerdotum</strong></span> <span class='ocrx_word' id='word_1_320' title='bbox 1350 2914 1652 2984; x_wconf 83' lang='lat' dir='ltr'><strong>principes,</strong></span> <span class='ocrx_word' id='word_1_321' title='bbox 1709 2921 1764 2970; x_wconf 92' lang='lat' dir='ltr'><strong>et</strong></span> <span class='ocrx_word' id='word_1_322' title='bbox 1823 2923 2044 2986; x_wconf 91' lang='lat' dir='ltr'><strong>propter</strong></span> 
     </span>
    </p>
   </div>
   <div class='ocr_carea' id='block_1_47' title="bbox 356 2999 2037 3078">
    <p class='ocr_par' dir='ltr' id='par_1_47' title="bbox 356 2999 2037 3078">
     <span class='ocr_line' id='line_1_47' title="bbox 356 2999 2037 3078; baseline 0.002 -22"><span class='ocrx_word' id='word_1_323' title='bbox 356 2999 369 3022; x_wconf 83' lang='lat'><strong><em>&#39;</em></strong></span> <span class='ocrx_word' id='word_1_324' title='bbox 469 3002 774 3060; x_wconf 67' lang='lat' dir='ltr'><strong>Pharisteos</strong></span> <span class='ocrx_word' id='word_1_325' title='bbox 825 3005 1030 3076; x_wconf 90' lang='lat' dir='ltr'><strong>scripta</strong></span> <span class='ocrx_word' id='word_1_326' title='bbox 1067 3013 1236 3061; x_wconf 91' lang='lat' dir='ltr'><strong>sunt:</strong></span> <span class='ocrx_word' id='word_1_327' title='bbox 1294 3004 1361 3062; x_wconf 89' lang='lat' dir='ltr'><strong>de</strong></span> <span class='ocrx_word' id='word_1_328' title='bbox 1410 3007 1479 3062; x_wconf 88' lang='lat' dir='ltr'><strong>iis</strong></span> <span class='ocrx_word' id='word_1_329' title='bbox 1525 3022 1762 3078; x_wconf 90' lang='lat' dir='ltr'><strong>namque</strong></span> <span class='ocrx_word' id='word_1_330' title='bbox 1814 3007 2037 3069; x_wconf 88' lang='lat' dir='ltr'><strong>dicitur,</strong></span> 
     </span>
    </p>
   </div>
   <div class='ocr_carea' id='block_1_48' title="bbox 469 3095 2042 3168">
    <p class='ocr_par' dir='ltr' id='par_1_48' title="bbox 469 3095 2042 3168">
     <span class='ocr_line' id='line_1_48' title="bbox 469 3095 2042 3168; baseline 0.003 -21"><span class='ocrx_word' id='word_1_331' title='bbox 469 3095 731 3161; x_wconf 80' lang='lat' dir='ltr'><strong>inimicus,</strong></span> <span class='ocrx_word' id='word_1_332' title='bbox 762 3095 923 3160; x_wconf 88' lang='lat' dir='ltr'><strong>ultor,</strong></span> <span class='ocrx_word' id='word_1_333' title='bbox 958 3105 1014 3151; x_wconf 91' lang='lat' dir='ltr'><strong>et</strong></span> <span class='ocrx_word' id='word_1_334' title='bbox 1041 3097 1097 3151; x_wconf 89' lang='lat' dir='ltr'><strong>in</strong></span> <span class='ocrx_word' id='word_1_335' title='bbox 1123 3098 1447 3166; x_wconf 65' lang='lat' dir='ltr'><strong>praecedenti</strong></span> <span class='ocrx_word' id='word_1_336' title='bbox 1484 3100 1715 3168; x_wconf 88' lang='lat' dir='ltr'><strong>psalmo,</strong></span> <span class='ocrx_word' id='word_1_337' title='bbox 1753 3098 1852 3152; x_wconf 83' lang='lat' dir='ltr'><strong>leo.</strong></span> <span class='ocrx_word' id='word_1_338' title='bbox 1883 3097 2042 3164; x_wconf 81' lang='lat' dir='ltr'><strong>Quod</strong></span> 
     </span>
    </p>
   </div>
   <div class='ocr_carea' id='block_1_49' title="bbox 2150 1899 3716 1973">
    <p class='ocr_par' dir='ltr' id='par_1_49' title="bbox 2150 1899 3716 1973">
     <span class='ocr_line' id='line_1_49' title="bbox 2150 1899 3716 1973; baseline 0 -19"><span class='ocrx_word' id='word_1_339' title='bbox 2150 1901 2339 1973; x_wconf 80' lang='grc' dir='ltr'>καινὴν</span> <span class='ocrx_word' id='word_1_340' title='bbox 2369 1902 2685 1973; x_wconf 79' lang='grc' dir='ltr'>συναγωγὴν</span> <span class='ocrx_word' id='word_1_341' title='bbox 2713 1901 2848 1972; x_wconf 79' lang='grc' dir='ltr'>μετὰ</span> <span class='ocrx_word' id='word_1_342' title='bbox 2881 1901 2978 1973; x_wconf 80' lang='grc' dir='ltr'><strong>τὴν</strong></span> <span class='ocrx_word' id='word_1_343' title='bbox 3002 1904 3080 1964; x_wconf 82' lang='grc' dir='ltr'>εἰς</span> <span class='ocrx_word' id='word_1_344' title='bbox 3107 1900 3235 1971; x_wconf 65' lang='grc' dir='ltr'>ὕψος</span> <span class='ocrx_word' id='word_1_345' title='bbox 3261 1899 3522 1971; x_wconf 69' lang='grc' dir='ltr'>ἀνάληψιν</span> <span class='ocrx_word' id='word_1_346' title='bbox 3553 1899 3716 1954; x_wconf 77' lang='grc' dir='ltr'>αὐτοῦ</span> 
     </span>
    </p>
   </div>
   <div class='ocr_carea' id='block_1_50' title="bbox 2149 1991 3718 2064">
    <p class='ocr_par' dir='ltr' id='par_1_50' title="bbox 2149 1991 3718 2064">
     <span class='ocr_line' id='line_1_50' title="bbox 2149 1991 3718 2064; baseline -0.001 -18"><span class='ocrx_word' id='word_1_347' title='bbox 2149 1993 2214 2046; x_wconf 80' lang='grc' dir='ltr'>ὲκ</span> <span class='ocrx_word' id='word_1_348' title='bbox 2257 1993 2462 2064; x_wconf 81' lang='grc' dir='ltr'><em>νηπίων</em></span> <span class='ocrx_word' id='word_1_349' title='bbox 2503 1994 2742 2047; x_wconf 80' lang='grc' dir='ltr'><strong>διδάσκει</strong></span> <span class='ocrx_word' id='word_1_350' title='bbox 2783 1994 3101 2047; x_wconf 81' lang='grc' dir='ltr'><strong>συνεστάναι</strong></span> <span class='ocrx_word' id='word_1_351' title='bbox 3127 1993 3313 2064; x_wconf 61' lang='grc' dir='ltr'>ψυχῶν</span> <span class='ocrx_word' id='word_1_352' title='bbox 3343 1991 3430 2046; x_wconf 77' lang='grc' dir='ltr'><strong>διὰ</strong></span> <span class='ocrx_word' id='word_1_353' title='bbox 3461 1993 3561 2064; x_wconf 82' lang='grc' dir='ltr'><strong>τὴν</strong></span> <span class='ocrx_word' id='word_1_354' title='bbox 3589 1993 3718 2045; x_wconf 86' lang='grc' dir='ltr'>ἀνα-</span> 
     </span>
    </p>
   </div>
   <div class='ocr_carea' id='block_1_51' title="bbox 2147 2083 3718 2157">
    <p class='ocr_par' dir='ltr' id='par_1_51' title="bbox 2147 2083 3718 2157">
     <span class='ocr_line' id='line_1_51' title="bbox 2147 2083 3718 2157; baseline -0.001 -19"><span class='ocrx_word' id='word_1_355' title='bbox 2147 2087 2395 2157; x_wconf 80' lang='grc' dir='ltr'><strong>γέννησιν</strong></span> <span class='ocrx_word' id='word_1_356' title='bbox 2427 2087 2524 2157; x_wconf 79' lang='grc' dir='ltr'>τὴν</span> <span class='ocrx_word' id='word_1_357' title='bbox 2554 2089 2612 2140; x_wconf 86' lang='grc' dir='ltr'>ὲν</span> <span class='ocrx_word' id='word_1_358' title='bbox 2653 2085 2730 2157; x_wconf 83' lang='grc' dir='ltr'>τῷ</span> <span class='ocrx_word' id='word_1_359' title='bbox 2762 2085 2980 2157; x_wconf 81' lang='grc' dir='ltr'>Χριστῷ</span> <span class='ocrx_word' id='word_1_360' title='bbox 3013 2084 3284 2155; x_wconf 80' lang='grc' dir='ltr'>πανταχοῦ</span> <span class='ocrx_word' id='word_1_361' title='bbox 3313 2086 3582 2138; x_wconf 79' lang='grc' dir='ltr'>συστᾶσαν</span> <span class='ocrx_word' id='word_1_362' title='bbox 3620 2083 3718 2154; x_wconf 84' lang='grc' dir='ltr'>τῆς</span> 
     </span>
    </p>
   </div>
   <div class='ocr_carea' id='block_1_52' title="bbox 2147 2174 3718 2250">
    <p class='ocr_par' dir='ltr' id='par_1_52' title="bbox 2147 2174 3718 2250">
     <span class='ocr_line' id='line_1_52' title="bbox 2147 2174 3718 2250; baseline -0.002 -20"><span class='ocrx_word' id='word_1_363' title='bbox 2147 2179 2468 2250; x_wconf 80' lang='grc' dir='ltr'><strong>οἰκουμένης</strong></span> <span class='ocrx_word' id='word_1_364' title='bbox 2524 2178 2662 2249; x_wconf 82' lang='grc' dir='ltr'>μετὰ</span> <span class='ocrx_word' id='word_1_365' title='bbox 2706 2178 2803 2249; x_wconf 84' lang='grc' dir='ltr'>τὴν</span> <span class='ocrx_word' id='word_1_366' title='bbox 2850 2177 3114 2248; x_wconf 71' lang='grc' dir='ltr'><strong>ἀνάληψιν</strong></span> <span class='ocrx_word' id='word_1_367' title='bbox 3164 2176 3262 2248; x_wconf 83' lang='grc' dir='ltr'>τὴν</span> <span class='ocrx_word' id='word_1_368' title='bbox 3291 2175 3476 2231; x_wconf 79' lang='grc' dir='ltr'>αὐτοῦ.</span> <span class='ocrx_word' id='word_1_369' title='bbox 3508 2175 3598 2228; x_wconf 84' lang='grc' dir='ltr'><strong>Διὸ</strong></span> <span class='ocrx_word' id='word_1_370' title='bbox 3625 2174 3718 2228; x_wconf 77' lang='grc' dir='ltr'><strong>καὶ</strong></span> 
     </span>
    </p>
   </div>
   <div class='ocr_carea' id='block_1_53' title="bbox 2149 2265 3719 2343">
    <p class='ocr_par' dir='ltr' id='par_1_53' title="bbox 2149 2265 3719 2343">
     <span class='ocr_line' id='line_1_53' title="bbox 2149 2265 3719 2343; baseline -0.004 -18"><span class='ocrx_word' id='word_1_371' title='bbox 2149 2270 2394 2343; x_wconf 71' lang='grc' dir='ltr'>βοιῖἱντων</span> <span class='ocrx_word' id='word_1_372' title='bbox 2443 2269 2592 2340; x_wconf 81' lang='grc' dir='ltr'>αὐτῷ</span> <span class='ocrx_word' id='word_1_373' title='bbox 2637 2269 2745 2322; x_wconf 87' lang='grc' dir='ltr'>τῶν</span> <span class='ocrx_word' id='word_1_374' title='bbox 2787 2267 3284 2336; x_wconf 75' lang='grc' dir='ltr'><strong>παίδων,⁹Ωσαννέι</strong></span> <span class='ocrx_word' id='word_1_375' title='bbox 3312 2269 3381 2321; x_wconf 84' lang='grc' dir='ltr'><strong>ἐν</strong></span> <span class='ocrx_word' id='word_1_376' title='bbox 3414 2266 3536 2332; x_wconf 83' lang='grc' dir='ltr'><em>τοῖς</em></span> <span class='ocrx_word' id='word_1_377' title='bbox 3573 2265 3719 2334; x_wconf 67' lang='grc' dir='ltr'><em>ὐψίε</em></span> 
     </span>
    </p>
   </div>
   <div class='ocr_carea' id='block_1_54' title="bbox 2145 2360 3718 2433">
    <p class='ocr_par' dir='ltr' id='par_1_54' title="bbox 2145 2360 3718 2433">
     <span class='ocr_line' id='line_1_54' title="bbox 2145 2360 3718 2433; baseline -0.004 -16"><span class='ocrx_word' id='word_1_378' title='bbox 2145 2379 2334 2428; x_wconf 84' lang='grc' dir='ltr'>στοις,</span> <span class='ocrx_word' id='word_1_379' title='bbox 2375 2362 2782 2433; x_wconf 76' lang='grc' dir='ltr'><strong>εὐλογημένος</strong></span> <span class='ocrx_word' id='word_1_380' title='bbox 2813 2365 2846 2416; x_wconf 85' lang='grc' dir='ltr'><strong>ό</strong></span> <span class='ocrx_word' id='word_1_381' title='bbox 2871 2362 3190 2430; x_wconf 78' lang='grc' dir='ltr'><strong>ἐρχόμενος</strong></span> <span class='ocrx_word' id='word_1_382' title='bbox 3221 2361 3291 2413; x_wconf 89' lang='grc' dir='ltr'><strong>ἐν</strong></span> <span class='ocrx_word' id='word_1_383' title='bbox 3323 2360 3564 2428; x_wconf 81' lang='grc' dir='ltr'><em>ὀνόματι</em></span> <span class='ocrx_word' id='word_1_384' title='bbox 3595 2360 3718 2411; x_wconf 87' lang='grc' dir='ltr'><strong>Κυ-</strong></span> 
     </span>
    </p>
   </div>
   <div class='ocr_carea' id='block_1_55' title="bbox 2138 2449 3720 2523">
    <p class='ocr_par' dir='ltr' id='par_1_55' title="bbox 2138 2449 3720 2523">
     <span class='ocr_line' id='line_1_55' title="bbox 2138 2449 3720 2523; baseline -0.004 -15"><span class='ocrx_word' id='word_1_385' title='bbox 2138 2455 2296 2522; x_wconf 86' lang='grc' dir='ltr'><em>ρίου,</em></span> <span class='ocrx_word' id='word_1_386' title='bbox 2327 2453 2690 2522; x_wconf 73' lang='grc' dir='ltr'>ἀγανακτοῦσι</span> <span class='ocrx_word' id='word_1_387' title='bbox 2736 2468 2920 2523; x_wconf 78' lang='grc' dir='ltr'>φησινο</span> <span class='ocrx_word' id='word_1_388' title='bbox 2957 2451 3252 2506; x_wconf 79' lang='grc' dir='ltr'><strong>Οὐδέποτε</strong></span> <span class='ocrx_word' id='word_1_389' title='bbox 3283 2450 3600 2520; x_wconf 78' lang='grc' dir='ltr'><em>ἀνέγνωτε,</em></span> <span class='ocrx_word' id='word_1_390' title='bbox 3630 2449 3720 2502; x_wconf 81' lang='grc' dir='ltr'><strong>ὅτι</strong></span> 
     </span>
    </p>
   </div>
   <div class='ocr_carea' id='block_1_56' title="bbox 2158 2540 3720 2615">
    <p class='ocr_par' dir='ltr' id='par_1_56' title="bbox 2158 2540 3720 2615">
     <span class='ocr_line' id='line_1_56' title="bbox 2158 2540 3720 2615; baseline -0.001 -19"><span class='ocrx_word' id='word_1_391' title='bbox 2158 2546 2252 2598; x_wconf 80' lang='grc' dir='ltr'>Ἐκ</span> <span class='ocrx_word' id='word_1_392' title='bbox 2281 2546 2579 2615; x_wconf 84' lang='grc' dir='ltr'><em>στόματος</em></span> <span class='ocrx_word' id='word_1_393' title='bbox 2594 2545 2824 2612; x_wconf 81' lang='grc' dir='ltr'><em>νηπίων</em></span> <span class='ocrx_word' id='word_1_394' title='bbox 2863 2543 2957 2596; x_wconf 84' lang='grc' dir='ltr'><strong>καὶ</strong></span> <span class='ocrx_word' id='word_1_395' title='bbox 2977 2540 3352 2612; x_wconf 78' lang='grc' dir='ltr'><em>θηλαζόντων</em></span> <span class='ocrx_word' id='word_1_396' title='bbox 3382 2540 3720 2609; x_wconf 84' lang='grc' dir='ltr'><em>κατηρτίσω</em></span> 
     </span>
    </p>
   </div>
   <div class='ocr_carea' id='block_1_57' title="bbox 2144 2631 3722 2707">
    <p class='ocr_par' dir='ltr' id='par_1_57' title="bbox 2144 2631 3722 2707">
     <span class='ocr_line' id='line_1_57' title="bbox 2144 2631 3722 2707; baseline 0 -17"><span class='ocrx_word' id='word_1_397' title='bbox 2144 2633 2350 2700; x_wconf 65' lang='lat' dir='ltr'><strong>alr-or;</strong></span> <span class='ocrx_word' id='word_1_398' title='bbox 2381 2638 2474 2690; x_wconf 78' lang='grc' dir='ltr'><strong>καὶ</strong></span> <span class='ocrx_word' id='word_1_399' title='bbox 2523 2637 2731 2707; x_wconf 80' lang='grc' dir='ltr'>μήποτε</span> <span class='ocrx_word' id='word_1_400' title='bbox 2781 2635 2872 2689; x_wconf 90' lang='grc' dir='ltr'><strong>τό·</strong></span> <span class='ocrx_word' id='word_1_401' title='bbox 2905 2635 3117 2687; x_wconf 84' lang='grc' dir='ltr'>Ἕνεκα</span> <span class='ocrx_word' id='word_1_402' title='bbox 3154 2634 3270 2687; x_wconf 87' lang='grc' dir='ltr'><strong>τῶν</strong></span> <span class='ocrx_word' id='word_1_403' title='bbox 3305 2631 3532 2702; x_wconf 83' lang='grc' dir='ltr'><strong>ἐχθρῶν</strong></span> <span class='ocrx_word' id='word_1_404' title='bbox 3576 2647 3722 2690; x_wconf 74' lang='grc' dir='ltr'><em>σου.</em></span> 
     </span>
    </p>
   </div>
   <div class='ocr_carea' id='block_1_58' title="bbox 2145 2725 3712 2800">
    <p class='ocr_par' dir='ltr' id='par_1_58' title="bbox 2145 2725 3712 2800">
     <span class='ocr_line' id='line_1_58' title="bbox 2145 2725 3712 2800; baseline -0.003 -16"><span class='ocrx_word' id='word_1_405' title='bbox 2145 2732 2255 2784; x_wconf 71' lang='grc' dir='ltr'><strong>Καὶ</strong></span> <span class='ocrx_word' id='word_1_406' title='bbox 2305 2729 2394 2784; x_wconf 75' lang='grc' dir='ltr'>διὰ</span> <span class='ocrx_word' id='word_1_407' title='bbox 2448 2730 2572 2793; x_wconf 75' lang='grc' dir='ltr'>τοὺς</span> <span class='ocrx_word' id='word_1_408' title='bbox 2622 2730 2897 2800; x_wconf 85' lang='grc' dir='ltr'>ἀρχιερεῖς</span> <span class='ocrx_word' id='word_1_409' title='bbox 2944 2727 3159 2796; x_wconf 84' lang='grc' dir='ltr'>λέγεται</span> <span class='ocrx_word' id='word_1_410' title='bbox 3211 2727 3305 2780; x_wconf 78' lang='grc' dir='ltr'>καὶ</span> <span class='ocrx_word' id='word_1_411' title='bbox 3350 2725 3712 2797; x_wconf 82' lang='grc' dir='ltr'>Φαρισαίουςο</span> 
     </span>
    </p>
   </div>
   <div class='ocr_carea' id='block_1_59' title="bbox 2145 2815 3716 2891">
    <p class='ocr_par' dir='ltr' id='par_1_59' title="bbox 2145 2815 3716 2891">
     <span class='ocr_line' id='line_1_59' title="bbox 2145 2815 3716 2891; baseline -0.004 -16"><span class='ocrx_word' id='word_1_412' title='bbox 2145 2821 2354 2890; x_wconf 57' lang='grc' dir='ltr'><em>ἐχθρὲς</em></span> <span class='ocrx_word' id='word_1_413' title='bbox 2383 2823 2476 2874; x_wconf 76' lang='grc' dir='ltr'>καὶ</span> <span class='ocrx_word' id='word_1_414' title='bbox 2506 2818 2830 2888; x_wconf 76' lang='grc' dir='ltr'><em>ἐκδικητὴς</em></span> <span class='ocrx_word' id='word_1_415' title='bbox 2861 2821 2889 2872; x_wconf 99' lang='lat'><strong>6</strong></span> <span class='ocrx_word' id='word_1_416' title='bbox 2925 2819 3060 2871; x_wconf 78' lang='grc' dir='ltr'>λέων</span> <span class='ocrx_word' id='word_1_417' title='bbox 3090 2819 3378 2891; x_wconf 75' lang='grc' dir='ltr'>εἰρημένος</span> <span class='ocrx_word' id='word_1_418' title='bbox 3411 2820 3467 2872; x_wconf 83' lang='grc' dir='ltr'><strong>ἐν</strong></span> <span class='ocrx_word' id='word_1_419' title='bbox 3501 2818 3578 2887; x_wconf 83' lang='grc' dir='ltr'>τῷ</span> <span class='ocrx_word' id='word_1_420' title='bbox 3609 2815 3716 2888; x_wconf 84' lang='grc' dir='ltr'><strong>πρὸ</strong></span> 
     </span>
    </p>
   </div>
   <div class='ocr_carea' id='block_1_60' title="bbox 2142 2907 3718 2982">
    <p class='ocr_par' dir='ltr' id='par_1_60' title="bbox 2142 2907 3718 2982">
     <span class='ocr_line' id='line_1_60' title="bbox 2142 2907 3718 2982; baseline -0.003 -16"><span class='ocrx_word' id='word_1_421' title='bbox 2142 2911 2330 2966; x_wconf 84' lang='grc' dir='ltr'>τούτου</span> <span class='ocrx_word' id='word_1_422' title='bbox 2371 2911 2587 2982; x_wconf 74' lang='grc' dir='ltr'>ψαλμῷ.</span> <span class='ocrx_word' id='word_1_423' title='bbox 2625 2911 2696 2964; x_wconf 89' lang='grc' dir='ltr'><strong>Τὸ</strong></span> <span class='ocrx_word' id='word_1_424' title='bbox 2723 2907 2814 2964; x_wconf 73' lang='grc' dir='ltr'><strong>οὖν</strong></span> <span class='ocrx_word' id='word_1_425' title='bbox 2851 2910 3105 2980; x_wconf 84' lang='grc' dir='ltr'>μέγιστον</span> <span class='ocrx_word' id='word_1_426' title='bbox 3137 2909 3338 2980; x_wconf 83' lang='grc' dir='ltr'>Θαῦμα,</span> <span class='ocrx_word' id='word_1_427' title='bbox 3365 2910 3445 2963; x_wconf 83' lang='grc' dir='ltr'>ὅτι</span> <span class='ocrx_word' id='word_1_428' title='bbox 3474 2912 3502 2962; x_wconf 97' lang='lat'><strong>6</strong></span> <span class='ocrx_word' id='word_1_429' title='bbox 3529 2909 3718 2962; x_wconf 79' lang='grc' dir='ltr'>τοσοῦ-</span> 
     </span>
    </p>
   </div>
   <div class='ocr_carea' id='block_1_61' title="bbox 2143 3001 3712 3076">
    <p class='ocr_par' dir='ltr' id='par_1_61' title="bbox 2143 3001 3712 3076">
     <span class='ocr_line' id='line_1_61' title="bbox 2143 3001 3712 3076; baseline -0.003 -19"><span class='ocrx_word' id='word_1_430' title='bbox 2143 3023 2252 3070; x_wconf 88' lang='grc' dir='ltr'>τος,</span> <span class='ocrx_word' id='word_1_431' title='bbox 2287 3004 2478 3076; x_wconf 81' lang='grc' dir='ltr'><em>ἐχθρός</em></span> <span class='ocrx_word' id='word_1_432' title='bbox 2505 3021 2564 3057; x_wconf 87' lang='grc' dir='ltr'><strong>τε</strong></span> <span class='ocrx_word' id='word_1_433' title='bbox 2596 3004 2690 3056; x_wconf 69' lang='grc' dir='ltr'>καὶ</span> <span class='ocrx_word' id='word_1_434' title='bbox 2723 3001 2882 3066; x_wconf 80' lang='grc' dir='ltr'>λέων,</span> <span class='ocrx_word' id='word_1_435' title='bbox 2910 3003 2937 3054; x_wconf 94' lang='lat'><strong>6</strong></span> <span class='ocrx_word' id='word_1_436' title='bbox 2969 3001 3150 3074; x_wconf 81' lang='grc' dir='ltr'>ἄρχων</span> <span class='ocrx_word' id='word_1_437' title='bbox 3173 3001 3264 3056; x_wconf 79' lang='grc' dir='ltr'>τοῦ</span> <span class='ocrx_word' id='word_1_438' title='bbox 3296 3002 3487 3065; x_wconf 73' lang='grc' dir='ltr'>αἰῶνος</span> <span class='ocrx_word' id='word_1_439' title='bbox 3501 3001 3712 3063; x_wconf 84' lang='grc' dir='ltr'>τούτου,</span> 
     </span>
    </p>
   </div>
   <div class='ocr_carea' id='block_1_62' title="bbox 2142 3092 3718 3166">
    <p class='ocr_par' dir='ltr' id='par_1_62' title="bbox 2142 3092 3718 3166">
     <span class='ocr_line' id='line_1_62' title="bbox 2142 3092 3718 3166; baseline -0.003 -17"><span class='ocrx_word' id='word_1_440' title='bbox 2142 3094 2231 3149; x_wconf 79' lang='grc' dir='ltr'><strong>διὰ</strong></span> <span class='ocrx_word' id='word_1_441' title='bbox 2259 3094 2466 3166; x_wconf 86' lang='grc' dir='ltr'><em>νηπίων</em></span> <span class='ocrx_word' id='word_1_442' title='bbox 2500 3095 2591 3146; x_wconf 76' lang='grc' dir='ltr'><strong>καὶ</strong></span> <span class='ocrx_word' id='word_1_443' title='bbox 2631 3093 2967 3166; x_wconf 83' lang='grc' dir='ltr'><em>θηλαζόντων</em></span> <span class='ocrx_word' id='word_1_444' title='bbox 2999 3092 3338 3165; x_wconf 80' lang='grc' dir='ltr'>καθῄρηται·</span> <span class='ocrx_word' id='word_1_445' title='bbox 3372 3093 3490 3163; x_wconf 84' lang='grc' dir='ltr'>μεθ’</span> <span class='ocrx_word' id='word_1_446' title='bbox 3522 3092 3550 3145; x_wconf 83' lang='grc' dir='ltr'><strong>ὃ</strong></span> <span class='ocrx_word' id='word_1_447' title='bbox 3582 3109 3718 3146; x_wconf 85' lang='grc' dir='ltr'>παν-</span> 
     </span>
    </p>
   </div>
   <div class='ocr_carea' id='block_1_63' title="bbox 471 3157 2043 3259">
    <p class='ocr_par' dir='ltr' id='par_1_63' title="bbox 471 3186 2032 3244">
     <span class='ocr_line' id='line_1_63' title="bbox 471 3186 2032 3244; baseline 0.004 -8"><span class='ocrx_word' id='word_1_448' title='bbox 471 3194 652 3238; x_wconf 86' lang='lat' dir='ltr'><strong>autem</strong></span> <span class='ocrx_word' id='word_1_449' title='bbox 692 3186 928 3241; x_wconf 82' lang='lat' dir='ltr'><strong>maxime</strong></span> <span class='ocrx_word' id='word_1_450' title='bbox 961 3186 1270 3241; x_wconf 84' lang='lat' dir='ltr'><strong>mirandum</strong></span> <span class='ocrx_word' id='word_1_451' title='bbox 1299 3197 1383 3242; x_wconf 92' lang='lat' dir='ltr'><strong>est</strong></span> <span class='ocrx_word' id='word_1_452' title='bbox 1429 3188 1592 3242; x_wconf 90' lang='lat' dir='ltr'><strong>talem</strong></span> <span class='ocrx_word' id='word_1_453' title='bbox 1642 3189 1925 3242; x_wconf 89' lang='lat' dir='ltr'><strong>inimicum</strong></span> <span class='ocrx_word' id='word_1_454' title='bbox 1973 3195 2032 3244; x_wconf 90' lang='lat' dir='ltr'><strong>et</strong></span> 
     </span>
    </p>
   </div>
   <div class='ocr_carea' id='block_1_64' title="bbox 2151 3157 3717 3259">
    <p class='ocr_par' dir='ltr' id='par_1_64' title="bbox 2151 3157 3717 3259">
     <span class='ocr_line' id='line_1_64' title="bbox 2151 3157 3717 3259; baseline 0 -20"><span class='ocrx_word' id='word_1_455' title='bbox 2151 3157 2322 3258; x_wconf 43' lang='grc' dir='ltr'>ταχοῦ.</span> <span class='ocrx_word' id='word_1_456' title='bbox 2349 3187 2480 3251; x_wconf 82' lang='grc' dir='ltr'>Θεὸς</span> <span class='ocrx_word' id='word_1_457' title='bbox 2511 3187 2570 3240; x_wconf 81' lang='grc' dir='ltr'>ὲν</span> <span class='ocrx_word' id='word_1_458' title='bbox 2599 3157 2730 3241; x_wconf 79' lang='grc' dir='ltr'><strong>πᾶσι</strong></span> <span class='ocrx_word' id='word_1_459' title='bbox 2762 3157 3354 3259; x_wconf 30' lang='grc' dir='ltr'>ΘαυμάζεταιίἚέφρὸς</span> <span class='ocrx_word' id='word_1_460' title='bbox 3373 3157 3445 3240; x_wconf 39' lang='grc' dir='ltr'><strong>’δὲ</strong></span> <span class='ocrx_word' id='word_1_461' title='bbox 3483 3185 3557 3241; x_wconf 82' lang='grc' dir='ltr'>ὢν</span> <span class='ocrx_word' id='word_1_462' title='bbox 3604 3189 3717 3239; x_wconf 77' lang='grc' dir='ltr'>ἐνε-</span> 
     </span>
    </p>
   </div>
   <div class='ocr_carea' id='block_1_65' title="bbox 470 3273 2035 3348">
    <p class='ocr_par' dir='ltr' id='par_1_65' title="bbox 470 3273 2035 3348">
     <span class='ocr_line' id='line_1_65' title="bbox 470 3273 2035 3348; baseline 0.004 -22"><span class='ocrx_word' id='word_1_463' title='bbox 470 3273 700 3339; x_wconf 90' lang='lat' dir='ltr'><strong>leonem,</strong></span> <span class='ocrx_word' id='word_1_464' title='bbox 737 3275 1036 3344; x_wconf 90' lang='lat' dir='ltr'><strong>principem</strong></span> <span class='ocrx_word' id='word_1_465' title='bbox 1069 3276 1234 3346; x_wconf 87' lang='lat' dir='ltr'><strong>hujus</strong></span> <span class='ocrx_word' id='word_1_466' title='bbox 1279 3278 1490 3341; x_wconf 56' lang='lat' dir='ltr'><strong>saeculi,</strong></span> <span class='ocrx_word' id='word_1_467' title='bbox 1550 3293 1647 3348; x_wconf 87' lang='lat' dir='ltr'><strong>per</strong></span> <span class='ocrx_word' id='word_1_468' title='bbox 1679 3277 1919 3334; x_wconf 85' lang='lat' dir='ltr'><strong>infantes</strong></span> <span class='ocrx_word' id='word_1_469' title='bbox 1952 3285 2035 3332; x_wconf 85' lang='lat' dir='ltr'><strong>at-</strong></span> 
     </span>
    </p>
   </div>
   <div class='ocr_carea' id='block_1_66' title="bbox 467 3367 2034 3442">
    <p class='ocr_par' dir='ltr' id='par_1_66' title="bbox 467 3367 2034 3442">
     <span class='ocr_line' id='line_1_66' title="bbox 467 3367 2034 3442; baseline 0.002 -20"><span class='ocrx_word' id='word_1_470' title='bbox 467 3383 577 3438; x_wconf 91' lang='lat' dir='ltr'><strong>que</strong></span> <span class='ocrx_word' id='word_1_471' title='bbox 618 3368 878 3424; x_wconf 89' lang='lat' dir='ltr'><strong>lactentes</strong></span> <span class='ocrx_word' id='word_1_472' title='bbox 910 3367 979 3424; x_wconf 90' lang='lat' dir='ltr'><strong>de</strong></span> <span class='ocrx_word' id='word_1_473' title='bbox 1016 3369 1198 3425; x_wconf 92' lang='lat' dir='ltr'><strong>medio</strong></span> <span class='ocrx_word' id='word_1_474' title='bbox 1228 3369 1501 3425; x_wconf 87' lang='lat' dir='ltr'><strong>sublatum</strong></span> <span class='ocrx_word' id='word_1_475' title='bbox 1533 3385 1696 3428; x_wconf 87' lang='lat' dir='ltr'><strong>esse:</strong></span> <span class='ocrx_word' id='word_1_476' title='bbox 1728 3386 1836 3442; x_wconf 89' lang='lat' dir='ltr'><strong>quo</strong></span> <span class='ocrx_word' id='word_1_477' title='bbox 1872 3387 2034 3442; x_wconf 85' lang='lat' dir='ltr'><strong>pera-</strong></span> 
     </span>
    </p>
   </div>
   <div class='ocr_carea' id='block_1_67' title="bbox 2139 3279 3716 3352">
    <p class='ocr_par' dir='ltr' id='par_1_67' title="bbox 2139 3279 3716 3352">
     <span class='ocr_line' id='line_1_67' title="bbox 2139 3279 3716 3352; baseline -0.001 -19"><span class='ocrx_word' id='word_1_478' title='bbox 2139 3279 2320 3350; x_wconf 84' lang='grc' dir='ltr'>δρεύει</span> <span class='ocrx_word' id='word_1_479' title='bbox 2362 3279 2498 3350; x_wconf 85' lang='grc' dir='ltr'>πρὸς</span> <span class='ocrx_word' id='word_1_480' title='bbox 2531 3279 2803 3352; x_wconf 83' lang='grc' dir='ltr'>ἁμαρτίαν</span> <span class='ocrx_word' id='word_1_481' title='bbox 2835 3280 3223 3345; x_wconf 73' lang='grc' dir='ltr'><strong>ὑποσκελίζων,</strong></span> <span class='ocrx_word' id='word_1_482' title='bbox 3253 3280 3348 3333; x_wconf 72' lang='grc' dir='ltr'><strong>καὶ</strong></span> <span class='ocrx_word' id='word_1_483' title='bbox 3377 3281 3503 3343; x_wconf 81' lang='grc' dir='ltr'>τοὺς</span> <span class='ocrx_word' id='word_1_484' title='bbox 3529 3282 3716 3351; x_wconf 77' lang='grc' dir='ltr'>ἡμαρ-</span> 
     </span>
    </p>
   </div>
   <div class='ocr_carea' id='block_1_68' title="bbox 2140 3371 3016 3443">
    <p class='ocr_par' dir='ltr' id='par_1_68' title="bbox 2140 3371 3016 3443">
     <span class='ocr_line' id='line_1_68' title="bbox 2140 3371 3016 3443; baseline 0.003 -19"><span class='ocrx_word' id='word_1_485' title='bbox 2140 3371 2377 3443; x_wconf 84' lang='grc' dir='ltr'>τηκότας</span> <span class='ocrx_word' id='word_1_486' title='bbox 2411 3372 2546 3443; x_wconf 83' lang='grc' dir='ltr'>μετὰ</span> <span class='ocrx_word' id='word_1_487' title='bbox 2576 3372 2748 3426; x_wconf 80' lang='grc' dir='ltr'>ταῦτα</span> <span class='ocrx_word' id='word_1_488' title='bbox 2781 3372 3016 3437; x_wconf 79' lang='grc' dir='ltr'><strong>κολάζει.</strong></span> 
     </span>
    </p>
   </div>
   <div class='ocr_carea' id='block_1_69' title="bbox 468 3459 3716 3536">
    <p class='ocr_par' dir='ltr' id='par_1_69' title="bbox 468 3459 3716 3536">
     <span class='ocr_line' id='line_1_69' title="bbox 468 3459 3716 3536; baseline 0.001 -21"><span class='ocrx_word' id='word_1_489' title='bbox 468 3469 559 3515; x_wconf 90' lang='lat' dir='ltr'><strong>cto</strong></span> <span class='ocrx_word' id='word_1_490' title='bbox 619 3459 762 3516; x_wconf 89' lang='lat' dir='ltr'><strong>Deus</strong></span> <span class='ocrx_word' id='word_1_491' title='bbox 807 3461 1010 3532; x_wconf 64' lang='lat' dir='ltr'><strong>diique</strong></span> <span class='ocrx_word' id='word_1_492' title='bbox 1056 3469 1326 3517; x_wconf 83' lang='lat' dir='ltr'><strong>terrarum</strong></span> <span class='ocrx_word' id='word_1_493' title='bbox 1375 3462 1516 3532; x_wconf 89' lang='lat' dir='ltr'><strong>apud</strong></span> <span class='ocrx_word' id='word_1_494' title='bbox 1565 3477 1756 3518; x_wconf 92' lang='lat' dir='ltr'><strong>omnes</strong></span> <span class='ocrx_word' id='word_1_495' title='bbox 1813 3462 2080 3519; x_wconf 90' lang='lat' dir='ltr'><strong>mirabilis</strong></span> <span class='ocrx_word' id='word_1_496' title='bbox 2117 3462 2470 3534; x_wconf 65' lang='lat' dir='ltr'><strong>praedicatur,</strong></span> <span class='ocrx_word' id='word_1_497' title='bbox 2538 3466 2631 3534; x_wconf 90' lang='lat' dir='ltr'><strong>qui</strong></span> <span class='ocrx_word' id='word_1_498' title='bbox 2677 3465 2932 3535; x_wconf 89' lang='lat' dir='ltr'><strong>princeps</strong></span> <span class='ocrx_word' id='word_1_499' title='bbox 2972 3465 3139 3536; x_wconf 90' lang='lat' dir='ltr'><strong>hujus</strong></span> <span class='ocrx_word' id='word_1_500' title='bbox 3199 3464 3410 3526; x_wconf 45' lang='lat' dir='ltr'><strong>saeculi,</strong></span> <span class='ocrx_word' id='word_1_501' title='bbox 3460 3462 3716 3519; x_wconf 83' lang='lat' dir='ltr'><strong>inimicus</strong></span> 
     </span>
    </p>
   </div>
   <div class='ocr_carea' id='block_1_70' title="bbox 467 3553 3342 3628">
    <p class='ocr_par' dir='ltr' id='par_1_70' title="bbox 467 3553 3342 3628">
     <span class='ocr_line' id='line_1_70' title="bbox 467 3553 3342 3628; baseline 0 -20"><span class='ocrx_word' id='word_1_502' title='bbox 467 3568 593 3608; x_wconf 89' lang='lat' dir='ltr'><strong>cum</strong></span> <span class='ocrx_word' id='word_1_503' title='bbox 617 3553 708 3618; x_wconf 85' lang='lat' dir='ltr'><strong>sit,</strong></span> <span class='ocrx_word' id='word_1_504' title='bbox 726 3553 954 3609; x_wconf 84' lang='lat' dir='ltr'><strong>insidias</strong></span> <span class='ocrx_word' id='word_1_505' title='bbox 982 3561 1135 3623; x_wconf 89' lang='lat' dir='ltr'><strong>parat</strong></span> <span class='ocrx_word' id='word_1_506' title='bbox 1167 3561 1228 3608; x_wconf 92' lang='lat' dir='ltr'><strong>ut</strong></span> <span class='ocrx_word' id='word_1_507' title='bbox 1253 3555 1567 3624; x_wconf 89' lang='lat' dir='ltr'><strong>supplantet</strong></span> <span class='ocrx_word' id='word_1_508' title='bbox 1590 3563 1644 3608; x_wconf 91' lang='lat' dir='ltr'><strong>et</strong></span> <span class='ocrx_word' id='word_1_509' title='bbox 1673 3554 1727 3607; x_wconf 93' lang='lat' dir='ltr'><strong>in</strong></span> <span class='ocrx_word' id='word_1_510' title='bbox 1751 3563 2033 3625; x_wconf 87' lang='lat' dir='ltr'><strong>peccatum</strong></span> <span class='ocrx_word' id='word_1_511' title='bbox 2072 3554 2332 3626; x_wconf 86' lang='lat' dir='ltr'><strong>dejiciat;</strong></span> <span class='ocrx_word' id='word_1_512' title='bbox 2369 3562 2483 3610; x_wconf 89' lang='lat' dir='ltr'><strong>tum</strong></span> <span class='ocrx_word' id='word_1_513' title='bbox 2517 3565 2832 3626; x_wconf 88' lang='lat' dir='ltr'><strong>peccatores</strong></span> <span class='ocrx_word' id='word_1_514' title='bbox 2861 3559 3128 3628; x_wconf 89' lang='lat' dir='ltr'><strong>supplicio</strong></span> <span class='ocrx_word' id='word_1_515' title='bbox 3163 3557 3342 3611; x_wconf 60' lang='lat' dir='ltr'><strong>allii-it.</strong></span> 
     </span>
    </p>
   </div>
   <div class='ocr_carea' id='block_1_71' title="bbox 538 3643 2040 3713">
    <p class='ocr_par' dir='ltr' id='par_1_71' title="bbox 538 3643 2040 3713">
     <span class='ocr_line' id='line_1_71' title="bbox 538 3643 2040 3713; baseline 0.003 -15"><span class='ocrx_word' id='word_1_516' title='bbox 538 3643 655 3712; x_wconf 86' lang='lat' dir='ltr'><strong>Qua</strong></span> <span class='ocrx_word' id='word_1_517' title='bbox 684 3647 896 3701; x_wconf 89' lang='lat' dir='ltr'><strong>ratione</strong></span> <span class='ocrx_word' id='word_1_518' title='bbox 940 3655 1122 3701; x_wconf 86' lang='lat' dir='ltr'><strong>autem</strong></span> <span class='ocrx_word' id='word_1_519' title='bbox 1149 3661 1348 3702; x_wconf 89' lang='lat' dir='ltr'><strong>nomen</strong></span> <span class='ocrx_word' id='word_1_520' title='bbox 1383 3646 1618 3713; x_wconf 90' lang='lat' dir='ltr'><strong>Domini,</strong></span> <span class='ocrx_word' id='word_1_521' title='bbox 1658 3647 1789 3702; x_wconf 91' lang='lat' dir='ltr'><strong>olim</strong></span> <span class='ocrx_word' id='word_1_522' title='bbox 1835 3648 2040 3704; x_wconf 92' lang='lat' dir='ltr'><strong>nemini</strong></span> 
     </span>
    </p>
   </div>
   <div class='ocr_carea' id='block_1_72' title="bbox 469 3739 2034 3813">
    <p class='ocr_par' dir='ltr' id='par_1_72' title="bbox 469 3739 2034 3813">
     <span class='ocr_line' id='line_1_72' title="bbox 469 3739 2034 3813; baseline 0.002 -20"><span class='ocrx_word' id='word_1_523' title='bbox 469 3749 678 3804; x_wconf 87' lang='lat' dir='ltr'><strong>notum,</strong></span> <span class='ocrx_word' id='word_1_524' title='bbox 731 3739 1049 3796; x_wconf 85' lang='lat' dir='ltr'><strong>admirabile</strong></span> <span class='ocrx_word' id='word_1_525' title='bbox 1087 3741 1348 3803; x_wconf 87' lang='lat' dir='ltr'><strong>evaserit,</strong></span> <span class='ocrx_word' id='word_1_526' title='bbox 1379 3741 1621 3797; x_wconf 88' lang='lat' dir='ltr'><strong>declarat</strong></span> <span class='ocrx_word' id='word_1_527' title='bbox 1663 3742 1718 3798; x_wconf 92' lang='lat' dir='ltr'><strong>in</strong></span> <span class='ocrx_word' id='word_1_528' title='bbox 1751 3742 2034 3813; x_wconf 88' lang='lat' dir='ltr'><strong>sequenti-</strong></span> 
     </span>
    </p>
   </div>
   <div class='ocr_carea' id='block_1_73' title="bbox 472 3831 2039 3905">
    <p class='ocr_par' dir='ltr' id='par_1_73' title="bbox 472 3831 2039 3905">
     <span class='ocr_line' id='line_1_73' title="bbox 472 3831 2039 3905; baseline 0.004 -23"><span class='ocrx_word' id='word_1_529' title='bbox 472 3831 572 3885; x_wconf 90' lang='lat' dir='ltr'><strong>bus</strong></span> <span class='ocrx_word' id='word_1_530' title='bbox 617 3831 703 3885; x_wconf 88' lang='lat' dir='ltr'><strong>his</strong></span> <span class='ocrx_word' id='word_1_531' title='bbox 747 3831 950 3897; x_wconf 83' lang='lat' dir='ltr'><strong>verbis,</strong></span> <span class='ocrx_word' id='word_1_532' title='bbox 1001 3833 1252 3903; x_wconf 87' lang='lat' dir='ltr'><strong>quoniam</strong></span> <span class='ocrx_word' id='word_1_533' title='bbox 1288 3832 1492 3888; x_wconf 84' lang='lat' dir='ltr'><strong>elevata</strong></span> <span class='ocrx_word' id='word_1_534' title='bbox 1537 3843 1614 3889; x_wconf 87' lang='lat' dir='ltr'><strong>est</strong></span> <span class='ocrx_word' id='word_1_535' title='bbox 1646 3835 2039 3905; x_wconf 80' lang='lat' dir='ltr'><strong>magniﬁcentia</strong></span> 
     </span>
    </p>
   </div>
   <div class='ocr_carea' id='block_1_74' title="bbox 472 3924 2034 3998">
    <p class='ocr_par' dir='ltr' id='par_1_74' title="bbox 472 3924 2034 3998">
     <span class='ocr_line' id='line_1_74' title="bbox 472 3924 2034 3998; baseline 0.004 -24"><span class='ocrx_word' id='word_1_536' title='bbox 472 3933 562 3975; x_wconf 89' lang='lat' dir='ltr'><strong>tua</strong></span> <span class='ocrx_word' id='word_1_537' title='bbox 597 3939 746 3991; x_wconf 86' lang='lat' dir='ltr'><strong>super</strong></span> <span class='ocrx_word' id='word_1_538' title='bbox 777 3924 963 3979; x_wconf 79' lang='lat' dir='ltr'><strong>caelos:</strong></span> <span class='ocrx_word' id='word_1_539' title='bbox 983 3933 1146 3995; x_wconf 85' lang='lat' dir='ltr'><strong>atque</strong></span> <span class='ocrx_word' id='word_1_540' title='bbox 1174 3925 1396 3980; x_wconf 91' lang='lat' dir='ltr'><strong>tertium</strong></span> <span class='ocrx_word' id='word_1_541' title='bbox 1432 3926 1566 3982; x_wconf 82' lang='lat' dir='ltr'><strong>illud</strong></span> <span class='ocrx_word' id='word_1_542' title='bbox 1594 3925 2034 3998; x_wconf 87' lang='lat' dir='ltr'><strong>superadditum,</strong></span> 
     </span>
    </p>
   </div>
   <div class='ocr_carea' id='block_1_75' title="bbox 467 4014 2037 4088">
    <p class='ocr_par' dir='ltr' id='par_1_75' title="bbox 467 4014 2037 4088">
     <span class='ocr_line' id='line_1_75' title="bbox 467 4014 2037 4088; baseline 0.001 -21"><span class='ocrx_word' id='word_1_543' title='bbox 467 4029 532 4067; x_wconf 76' lang='lat' dir='ltr'><strong>ea;</strong></span> <span class='ocrx_word' id='word_1_544' title='bbox 563 4030 650 4068; x_wconf 92' lang='lat' dir='ltr'><strong>ore</strong></span> <span class='ocrx_word' id='word_1_545' title='bbox 692 4014 976 4083; x_wconf 76' lang='lat' dir='ltr'><strong>infantium</strong></span> <span class='ocrx_word' id='word_1_546' title='bbox 1023 4025 1073 4070; x_wconf 90' lang='lat' dir='ltr'><strong>et</strong></span> <span class='ocrx_word' id='word_1_547' title='bbox 1121 4016 1430 4070; x_wconf 88' lang='lat' dir='ltr'><strong>lactentium</strong></span> <span class='ocrx_word' id='word_1_548' title='bbox 1473 4018 1741 4088; x_wconf 79' lang='lat' dir='ltr'><strong>perfecisti</strong></span> <span class='ocrx_word' id='word_1_549' title='bbox 1789 4017 2037 4083; x_wconf 88' lang='lat' dir='ltr'><strong>laudem,</strong></span> 
     </span>
    </p>
   </div>
   <div class='ocr_carea' id='block_1_76' title="bbox 469 4107 2038 4180">
    <p class='ocr_par' dir='ltr' id='par_1_76' title="bbox 469 4107 2038 4180">
     <span class='ocr_line' id='line_1_76' title="bbox 469 4107 2038 4180; baseline 0.002 -20"><span class='ocrx_word' id='word_1_550' title='bbox 469 4107 712 4176; x_wconf 88' lang='lat' dir='ltr'><strong>aliquam</strong></span> <span class='ocrx_word' id='word_1_551' title='bbox 743 4122 875 4161; x_wconf 90' lang='lat' dir='ltr'><strong>sane</strong></span> <span class='ocrx_word' id='word_1_552' title='bbox 904 4107 1070 4162; x_wconf 90' lang='lat' dir='ltr'><strong>habet</strong></span> <span class='ocrx_word' id='word_1_553' title='bbox 1098 4108 1415 4163; x_wconf 79' lang='lat' dir='ltr'><strong>aﬂinitatem</strong></span> <span class='ocrx_word' id='word_1_554' title='bbox 1447 4124 1569 4164; x_wconf 90' lang='lat' dir='ltr'><strong>cum</strong></span> <span class='ocrx_word' id='word_1_555' title='bbox 1621 4111 1738 4174; x_wconf 92' lang='lat' dir='ltr'><strong>illo,</strong></span> <span class='ocrx_word' id='word_1_556' title='bbox 1770 4126 2038 4180; x_wconf 71' lang='lat' dir='ltr'><strong>synagoga</strong></span> 
     </span>
    </p>
   </div>
   <div class='ocr_carea' id='block_1_77' title="bbox 467 4198 2038 4272">
    <p class='ocr_par' dir='ltr' id='par_1_77' title="bbox 467 4198 2038 4272">
     <span class='ocr_line' id='line_1_77' title="bbox 467 4198 2038 4272; baseline 0.001 -17"><span class='ocrx_word' id='word_1_557' title='bbox 467 4198 777 4271; x_wconf 88' lang='lat' dir='ltr'><strong>populorum</strong></span> <span class='ocrx_word' id='word_1_558' title='bbox 807 4199 1156 4255; x_wconf 82' lang='lat' dir='ltr'><strong>circumdabit</strong></span> <span class='ocrx_word' id='word_1_559' title='bbox 1189 4211 1254 4258; x_wconf 88' lang='lat' dir='ltr'><strong>te.</strong></span> <span class='ocrx_word' id='word_1_560' title='bbox 1300 4201 1467 4257; x_wconf 86' lang='lat' dir='ltr'><strong>Docet</strong></span> <span class='ocrx_word' id='word_1_561' title='bbox 1521 4203 1664 4256; x_wconf 84' lang='lat' dir='ltr'><strong>enim</strong></span> <span class='ocrx_word' id='word_1_562' title='bbox 1711 4216 1908 4256; x_wconf 88' lang='lat' dir='ltr'><strong>novam</strong></span> <span class='ocrx_word' id='word_1_563' title='bbox 1948 4217 2038 4272; x_wconf 87' lang='lat' dir='ltr'><strong>sy-</strong></span> 
     </span>
    </p>
   </div>
   <div class='ocr_carea' id='block_1_78' title="bbox 469 4291 2036 4364">
    <p class='ocr_par' dir='ltr' id='par_1_78' title="bbox 469 4291 2036 4364">
     <span class='ocr_line' id='line_1_78' title="bbox 469 4291 2036 4364; baseline -0.001 -16"><span class='ocrx_word' id='word_1_564' title='bbox 469 4307 757 4363; x_wconf 73' lang='lat' dir='ltr'><strong>nagogam,</strong></span> <span class='ocrx_word' id='word_1_565' title='bbox 797 4308 918 4363; x_wconf 68' lang='lat' dir='ltr'><strong>qua:</strong></span> <span class='ocrx_word' id='word_1_566' title='bbox 977 4291 1141 4348; x_wconf 90' lang='lat' dir='ltr'><strong>Deum</strong></span> <span class='ocrx_word' id='word_1_567' title='bbox 1193 4293 1570 4348; x_wconf 87' lang='lat' dir='ltr'><strong>circumdabat</strong></span> <span class='ocrx_word' id='word_1_568' title='bbox 1643 4301 1767 4364; x_wconf 91' lang='lat' dir='ltr'><strong>post</strong></span> <span class='ocrx_word' id='word_1_569' title='bbox 1817 4293 1937 4364; x_wconf 88' lang='lat' dir='ltr'><strong>ejus</strong></span> <span class='ocrx_word' id='word_1_570' title='bbox 1979 4294 2036 4348; x_wconf 88' lang='lat' dir='ltr'><strong>in</strong></span> 
     </span>
    </p>
   </div>
   <div class='ocr_carea' id='block_1_79' title="bbox 469 4383 2035 4454">
    <p class='ocr_par' dir='ltr' id='par_1_79' title="bbox 469 4383 2035 4454">
     <span class='ocr_line' id='line_1_79' title="bbox 469 4383 2035 4454; baseline 0 -14"><span class='ocrx_word' id='word_1_571' title='bbox 469 4387 638 4440; x_wconf 90' lang='lat' dir='ltr'><strong>altum</strong></span> <span class='ocrx_word' id='word_1_572' title='bbox 667 4385 1114 4454; x_wconf 83' lang='lat' dir='ltr'><strong>assumptionem,</strong></span> <span class='ocrx_word' id='word_1_573' title='bbox 1151 4398 1217 4438; x_wconf 81' lang='lat' dir='ltr'><strong>ex</strong></span> <span class='ocrx_word' id='word_1_574' title='bbox 1247 4383 1573 4448; x_wconf 81' lang='lat' dir='ltr'><strong>infantibus,</strong></span> <span class='ocrx_word' id='word_1_575' title='bbox 1615 4385 1797 4440; x_wconf 89' lang='lat' dir='ltr'><strong>animo</strong></span> <span class='ocrx_word' id='word_1_576' title='bbox 1825 4385 2035 4440; x_wconf 79' lang='lat' dir='ltr'><strong>scilicet</strong></span> 
     </span>
    </p>
   </div>
   <div class='ocr_carea' id='block_1_80' title="bbox 2215 3649 3706 3723">
    <p class='ocr_par' dir='ltr' id='par_1_80' title="bbox 2215 3649 3706 3723">
     <span class='ocr_line' id='line_1_80' title="bbox 2215 3649 3706 3723; baseline 0.001 -21"><span class='ocrx_word' id='word_1_577' title='bbox 2215 3649 2326 3704; x_wconf 85' lang='lat' dir='ltr'><strong>Kal.</strong></span> <span class='ocrx_word' id='word_1_578' title='bbox 2355 3649 2471 3713; x_wconf 82' lang='grc' dir='ltr'><strong>πῶς</strong></span> <span class='ocrx_word' id='word_1_579' title='bbox 2497 3651 2555 3703; x_wconf 85' lang='grc' dir='ltr'><strong>ὲν</strong></span> <span class='ocrx_word' id='word_1_580' title='bbox 2593 3651 2739 3722; x_wconf 83' lang='grc' dir='ltr'><strong>πάσῃ</strong></span> <span class='ocrx_word' id='word_1_581' title='bbox 2769 3654 2835 3723; x_wconf 86' lang='grc' dir='ltr'>τῇ</span> <span class='ocrx_word' id='word_1_582' title='bbox 2862 3655 2931 3722; x_wconf 84' lang='grc' dir='ltr'>γῇ</span> <span class='ocrx_word' id='word_1_583' title='bbox 2965 3652 3026 3704; x_wconf 86' lang='grc' dir='ltr'><strong>τὸ</strong></span> <span class='ocrx_word' id='word_1_584' title='bbox 3057 3651 3221 3704; x_wconf 83' lang='grc' dir='ltr'>πάλαι</span> <span class='ocrx_word' id='word_1_585' title='bbox 3245 3651 3430 3722; x_wconf 65' lang='grc' dir='ltr'><strong>μηδενὶ¹</strong></span> <span class='ocrx_word' id='word_1_586' title='bbox 3455 3649 3706 3719; x_wconf 82' lang='grc' dir='ltr'>γινωσκό-</span> 
     </span>
    </p>
   </div>
   <div class='ocr_carea' id='block_1_81' title="bbox 2147 3743 3688 3816">
    <p class='ocr_par' dir='ltr' id='par_1_81' title="bbox 2147 3743 3688 3816">
     <span class='ocr_line' id='line_1_81' title="bbox 2147 3743 3688 3816; baseline 0 -20"><span class='ocrx_word' id='word_1_587' title='bbox 2147 3759 2304 3813; x_wconf 84' lang='grc' dir='ltr'>μενον</span> <span class='ocrx_word' id='word_1_588' title='bbox 2330 3743 2499 3813; x_wconf 80' lang='grc' dir='ltr'>ὖνομα</span> <span class='ocrx_word' id='word_1_589' title='bbox 2520 3743 2614 3796; x_wconf 81' lang='grc' dir='ltr'>τοῦ</span> <span class='ocrx_word' id='word_1_590' title='bbox 2637 3745 2841 3816; x_wconf 84' lang='grc' dir='ltr'>Κυρίου</span> <span class='ocrx_word' id='word_1_591' title='bbox 2873 3745 2966 3798; x_wconf 79' lang='grc' dir='ltr'><strong>καὶ</strong></span> <span class='ocrx_word' id='word_1_592' title='bbox 2994 3744 3299 3815; x_wconf 77' lang='grc' dir='ltr'>θαυμαστὸν</span> <span class='ocrx_word' id='word_1_593' title='bbox 3321 3743 3578 3814; x_wconf 84' lang='grc' dir='ltr'>κατέστη,</span> <span class='ocrx_word' id='word_1_594' title='bbox 3601 3744 3688 3796; x_wconf 90' lang='grc' dir='ltr'><strong>δια</strong></span> 
     </span>
    </p>
   </div>
   <div class='ocr_carea' id='block_1_82' title="bbox 2145 3824 3714 3906">
    <p class='ocr_par' dir='ltr' id='par_1_82' title="bbox 2145 3824 3714 3906">
     <span class='ocr_line' id='line_1_82' title="bbox 2145 3824 3714 3906; baseline 0.002 -20"><span class='ocrx_word' id='word_1_595' title='bbox 2145 3837 2306 3903; x_wconf 82' lang='grc' dir='ltr'>σαφεῖ</span> <span class='ocrx_word' id='word_1_596' title='bbox 2337 3834 2507 3904; x_wconf 85' lang='grc' dir='ltr'>λέγων</span> <span class='ocrx_word' id='word_1_597' title='bbox 2548 3835 2706 3906; x_wconf 74' lang='grc' dir='ltr'><strong>ἐξῆςο</strong></span> <span class='ocrx_word' id='word_1_598' title='bbox 2743 3837 2862 3889; x_wconf 88' lang='grc' dir='ltr'><strong>Ὅτι</strong></span> <span class='ocrx_word' id='word_1_599' title='bbox 2893 3836 3118 3905; x_wconf 82' lang='grc' dir='ltr'><em>ἐπῄρθη</em></span> <span class='ocrx_word' id='word_1_600' title='bbox 3159 3838 3196 3903; x_wconf 80' lang='grc' dir='ltr'>ἡ</span> <span class='ocrx_word' id='word_1_601' title='bbox 3234 3824 3714 3906; x_wconf 58' lang='grc' dir='ltr'><em>μεγαλοπρέπειά</em></span> 
     </span>
    </p>
   </div>
   <div class='ocr_carea' id='block_1_83' title="bbox 2141 3926 3712 3998">
    <p class='ocr_par' dir='ltr' id='par_1_83' title="bbox 2141 3926 3712 3998">
     <span class='ocr_line' id='line_1_83' title="bbox 2141 3926 3712 3998; baseline 0.001 -19"><span class='ocrx_word' id='word_1_602' title='bbox 2141 3942 2257 3980; x_wconf 86' lang='grc' dir='ltr'><em>σου</em></span> <span class='ocrx_word' id='word_1_603' title='bbox 2289 3926 2562 3996; x_wconf 76' lang='grc' dir='ltr'><em>ὑπεράνω</em></span> <span class='ocrx_word' id='word_1_604' title='bbox 2592 3927 2707 3981; x_wconf 84' lang='grc' dir='ltr'><strong>τῶν</strong></span> <span class='ocrx_word' id='word_1_605' title='bbox 2735 3928 3038 3995; x_wconf 57' lang='grc' dir='ltr'><em>οὐρανῶν</em></span> <span class='ocrx_word' id='word_1_606' title='bbox 3080 3928 3171 3981; x_wconf 78' lang='grc' dir='ltr'>καὶ</span> <span class='ocrx_word' id='word_1_607' title='bbox 3221 3927 3282 3980; x_wconf 81' lang='grc' dir='ltr'>τὸ</span> <span class='ocrx_word' id='word_1_608' title='bbox 3331 3927 3712 3998; x_wconf 63' lang='grc' dir='ltr'>ἐπιλεγόμενον</span> 
     </span>
    </p>
   </div>
   <div class='ocr_carea' id='block_1_84' title="bbox 2139 4016 3708 4090">
    <p class='ocr_par' dir='ltr' id='par_1_84' title="bbox 2139 4016 3708 4090">
     <span class='ocr_line' id='line_1_84' title="bbox 2139 4016 3708 4090; baseline 0 -20"><span class='ocrx_word' id='word_1_609' title='bbox 2139 4016 2195 4070; x_wconf 84' lang='grc' dir='ltr'>δὲ</span> <span class='ocrx_word' id='word_1_610' title='bbox 2224 4017 2403 4090; x_wconf 84' lang='grc' dir='ltr'>τρίτον</span> <span class='ocrx_word' id='word_1_611' title='bbox 2435 4020 2492 4072; x_wconf 83' lang='grc' dir='ltr'><strong>ὲν</strong></span> <span class='ocrx_word' id='word_1_612' title='bbox 2527 4017 2628 4088; x_wconf 83' lang='grc' dir='ltr'><strong>τῷ,</strong></span> <span class='ocrx_word' id='word_1_613' title='bbox 2648 4019 2747 4072; x_wconf 82' lang='grc' dir='ltr'>Ἐκ</span> <span class='ocrx_word' id='word_1_614' title='bbox 2774 4019 3070 4088; x_wconf 83' lang='grc' dir='ltr'><em>στόματος</em></span> <span class='ocrx_word' id='word_1_615' title='bbox 3099 4018 3333 4085; x_wconf 85' lang='grc' dir='ltr'><em>νηπίων</em></span> <span class='ocrx_word' id='word_1_616' title='bbox 3376 4017 3474 4071; x_wconf 79' lang='grc' dir='ltr'><strong>καὶ</strong></span> <span class='ocrx_word' id='word_1_617' title='bbox 3525 4021 3708 4085; x_wconf 76' lang='grc' dir='ltr'><em>θηλα-</em></span> 
     </span>
    </p>
   </div>
   <div class='ocr_carea' id='block_1_85' title="bbox 2141 4108 3707 4182">
    <p class='ocr_par' dir='ltr' id='par_1_85' title="bbox 2141 4108 3707 4182">
     <span class='ocr_line' id='line_1_85' title="bbox 2141 4108 3707 4182; baseline 0 -19"><span class='ocrx_word' id='word_1_618' title='bbox 2141 4108 2356 4170; x_wconf 80' lang='grc' dir='ltr'><em>ζόντων</em></span> <span class='ocrx_word' id='word_1_619' title='bbox 2393 4113 2730 4180; x_wconf 77' lang='grc' dir='ltr'><em>κατηρτίσω</em></span> <span class='ocrx_word' id='word_1_620' title='bbox 2756 4108 2947 4176; x_wconf 78' lang='grc' dir='ltr'><em>αἶνον,</em></span> <span class='ocrx_word' id='word_1_621' title='bbox 2982 4111 3092 4182; x_wconf 78' lang='grc' dir='ltr'><strong>ἔχοι</strong></span> <span class='ocrx_word' id='word_1_622' title='bbox 3129 4111 3192 4165; x_wconf 83' lang='grc' dir='ltr'>ἂν</span> <span class='ocrx_word' id='word_1_623' title='bbox 3229 4112 3543 4180; x_wconf 70' lang='grc' dir='ltr'>συμφωνίαν</span> <span class='ocrx_word' id='word_1_624' title='bbox 3576 4111 3707 4182; x_wconf 74' lang='grc' dir='ltr'>πρὸς</span> 
     </span>
    </p>
   </div>
   <div class='ocr_carea' id='block_1_86' title="bbox 2137 4199 3710 4275">
    <p class='ocr_par' dir='ltr' id='par_1_86' title="bbox 2137 4199 3710 4275">
     <span class='ocr_line' id='line_1_86' title="bbox 2137 4199 3710 4275; baseline 0.001 -20"><span class='ocrx_word' id='word_1_625' title='bbox 2137 4203 2230 4256; x_wconf 74' lang='grc' dir='ltr'><strong>τὸο</strong></span> <span class='ocrx_word' id='word_1_626' title='bbox 2260 4204 2584 4275; x_wconf 70' lang='grc' dir='ltr'>Συναγωγή</span> <span class='ocrx_word' id='word_1_627' title='bbox 2644 4199 2795 4265; x_wconf 69' lang='grc' dir='ltr'><em>ὶιῶν</em></span> <span class='ocrx_word' id='word_1_628' title='bbox 2841 4203 3137 4258; x_wconf 69' lang='grc' dir='ltr'>κυκλώσει</span> <span class='ocrx_word' id='word_1_629' title='bbox 3176 4220 3266 4262; x_wconf 83' lang='grc' dir='ltr'><em>σε.</em></span> <span class='ocrx_word' id='word_1_630' title='bbox 3307 4205 3379 4258; x_wconf 85' lang='grc' dir='ltr'>Τὸ</span> <span class='ocrx_word' id='word_1_631' title='bbox 3420 4204 3528 4273; x_wconf 80' lang='grc' dir='ltr'>γὰρ</span> <span class='ocrx_word' id='word_1_632' title='bbox 3588 4203 3710 4257; x_wconf 87' lang='grc' dir='ltr'>νέαν</span> 
     </span>
    </p>
   </div>
   <div class='ocr_carea' id='block_1_87' title="bbox 2138 4293 3708 4367">
    <p class='ocr_par' dir='ltr' id='par_1_87' title="bbox 2138 4293 3708 4367">
     <span class='ocr_line' id='line_1_87' title="bbox 2138 4293 3708 4367; baseline -0.001 -20"><span class='ocrx_word' id='word_1_633' title='bbox 2138 4295 2230 4348; x_wconf 80' lang='grc' dir='ltr'><strong>καὶ</strong></span> <span class='ocrx_word' id='word_1_634' title='bbox 2255 4296 2446 4367; x_wconf 81' lang='grc' dir='ltr'>καινὴν</span> <span class='ocrx_word' id='word_1_635' title='bbox 2481 4295 2796 4366; x_wconf 86' lang='grc' dir='ltr'>συναγωγὴν</span> <span class='ocrx_word' id='word_1_636' title='bbox 2826 4296 2931 4348; x_wconf 86' lang='grc' dir='ltr'>τῶν</span> <span class='ocrx_word' id='word_1_637' title='bbox 2969 4293 3307 4348; x_wconf 80' lang='grc' dir='ltr'>κυκλούντων</span> <span class='ocrx_word' id='word_1_638' title='bbox 3334 4295 3426 4347; x_wconf 82' lang='grc' dir='ltr'><strong>τὸν</strong></span> <span class='ocrx_word' id='word_1_639' title='bbox 3455 4294 3586 4347; x_wconf 81' lang='grc' dir='ltr'>Θεὸν</span> <span class='ocrx_word' id='word_1_640' title='bbox 3616 4311 3708 4366; x_wconf 81' lang='grc' dir='ltr'>με·</span> 
     </span>
    </p>
   </div>
   <div class='ocr_carea' id='block_1_88' title="bbox 2136 4384 3710 4458">
    <p class='ocr_par' dir='ltr' id='par_1_88' title="bbox 2136 4384 3710 4458">
     <span class='ocr_line' id='line_1_88' title="bbox 2136 4384 3710 4458; baseline 0 -20"><span class='ocrx_word' id='word_1_641' title='bbox 2136 4384 2204 4438; x_wconf 78' lang='grc' dir='ltr'><strong>τὰ</strong></span> <span class='ocrx_word' id='word_1_642' title='bbox 2233 4385 2328 4457; x_wconf 81' lang='grc' dir='ltr'>τὴν</span> <span class='ocrx_word' id='word_1_643' title='bbox 2355 4387 2432 4448; x_wconf 89' lang='grc' dir='ltr'><strong>είς</strong></span> <span class='ocrx_word' id='word_1_644' title='bbox 2462 4385 2594 4456; x_wconf 73' lang='grc' dir='ltr'>ὕψος</span> <span class='ocrx_word' id='word_1_645' title='bbox 2614 4387 2879 4456; x_wconf 68' lang='grc' dir='ltr'>ἀνάληψιν</span> <span class='ocrx_word' id='word_1_646' title='bbox 2901 4387 3065 4440; x_wconf 79' lang='grc' dir='ltr'>αὐτοῦ</span> <span class='ocrx_word' id='word_1_647' title='bbox 3095 4389 3158 4440; x_wconf 83' lang='grc' dir='ltr'>ὲκ</span> <span class='ocrx_word' id='word_1_648' title='bbox 3186 4385 3392 4458; x_wconf 86' lang='grc' dir='ltr'><em>νηπίων</em></span> <span class='ocrx_word' id='word_1_649' title='bbox 3415 4385 3591 4457; x_wconf 76' lang='grc' dir='ltr'>ψυχῆς</span> <span class='ocrx_word' id='word_1_650' title='bbox 3616 4387 3710 4440; x_wconf 73' lang='grc' dir='ltr'><strong>καὶ</strong></span> 
     </span>
    </p>
   </div>
   <div class='ocr_carea' id='block_1_89' title="bbox 466 4475 2043 4548">
    <p class='ocr_par' dir='ltr' id='par_1_89' title="bbox 466 4475 2034 4546">
     <span class='ocr_line' id='line_1_89' title="bbox 466 4475 2034 4546; baseline -0.003 -12"><span class='ocrx_word' id='word_1_651' title='bbox 466 4485 522 4534; x_wconf 90' lang='lat' dir='ltr'><strong>et</strong></span> <span class='ocrx_word' id='word_1_652' title='bbox 555 4475 904 4539; x_wconf 85' lang='lat' dir='ltr'><strong>lactentibus,</strong></span> <span class='ocrx_word' id='word_1_653' title='bbox 935 4475 1253 4530; x_wconf 87' lang='lat' dir='ltr'><strong>collectam:</strong></span> <span class='ocrx_word' id='word_1_654' title='bbox 1291 4482 1453 4545; x_wconf 88' lang='lat' dir='ltr'><strong>atque</strong></span> <span class='ocrx_word' id='word_1_655' title='bbox 1482 4475 1554 4528; x_wconf 92' lang='lat' dir='ltr'><strong>ita</strong></span> <span class='ocrx_word' id='word_1_656' title='bbox 1599 4481 1758 4529; x_wconf 83' lang='lat' dir='ltr'><strong>vocat</strong></span> <span class='ocrx_word' id='word_1_657' title='bbox 1799 4475 2034 4546; x_wconf 90' lang='lat' dir='ltr'><strong>populos</strong></span> 
     </span>
    </p>
   </div>
   <div class='ocr_carea' id='block_1_90' title="bbox 2151 4475 3712 4548">
    <p class='ocr_par' dir='ltr' id='par_1_90' title="bbox 2151 4477 3712 4548">
     <span class='ocr_line' id='line_1_90' title="bbox 2151 4477 3712 4548; baseline 0.003 -18"><span class='ocrx_word' id='word_1_658' title='bbox 2151 4477 2476 4548; x_wconf 67' lang='grc' dir='ltr'>ὶηλαζόντων</span> <span class='ocrx_word' id='word_1_659' title='bbox 2525 4481 2841 4533; x_wconf 77' lang='grc' dir='ltr'>συνεστάναι</span> <span class='ocrx_word' id='word_1_660' title='bbox 2883 4480 3146 4534; x_wconf 73' lang='grc' dir='ltr'>διδάσκειο</span> <span class='ocrx_word' id='word_1_661' title='bbox 3178 4479 3320 4533; x_wconf 78' lang='grc' dir='ltr'>οὕτω</span> <span class='ocrx_word' id='word_1_662' title='bbox 3364 4478 3541 4533; x_wconf 87' lang='grc' dir='ltr'>καλῶν</span> <span class='ocrx_word' id='word_1_663' title='bbox 3584 4482 3712 4543; x_wconf 76' lang='grc' dir='ltr'>τοὺς</span> 
     </span>
    </p>
   </div>
   <div class='ocr_carea' id='block_1_91' title="bbox 465 4563 2030 4636">
    <p class='ocr_par' dir='ltr' id='par_1_91' title="bbox 465 4563 2030 4636">
     <span class='ocr_line' id='line_1_91' title="bbox 465 4563 2030 4636; baseline -0.002 -13"><span class='ocrx_word' id='word_1_664' title='bbox 465 4569 523 4624; x_wconf 91' lang='lat' dir='ltr'><strong>in</strong></span> <span class='ocrx_word' id='word_1_665' title='bbox 579 4566 798 4622; x_wconf 78' lang='lat' dir='ltr'><strong>Christo</strong></span> <span class='ocrx_word' id='word_1_666' title='bbox 841 4573 1218 4636; x_wconf 77' lang='lat' dir='ltr'><strong>regeneratos.</strong></span> <span class='ocrx_word' id='word_1_667' title='bbox 1257 4563 1391 4618; x_wconf 83' lang='lat' dir='ltr'><strong>Nam</strong></span> <span class='ocrx_word' id='word_1_668' title='bbox 1431 4574 1722 4635; x_wconf 84' lang='lat' dir='ltr'><strong>postquam</strong></span> <span class='ocrx_word' id='word_1_669' title='bbox 1775 4565 1829 4618; x_wconf 92' lang='lat' dir='ltr'><strong>in</strong></span> <span class='ocrx_word' id='word_1_670' title='bbox 1860 4567 2030 4620; x_wconf 91' lang='lat' dir='ltr'><strong>altum</strong></span> 
     </span>
    </p>
   </div>
   <div class='ocr_carea' id='block_1_92' title="bbox 467 4656 2028 4729">
    <p class='ocr_par' dir='ltr' id='par_1_92' title="bbox 467 4656 2028 4729">
     <span class='ocr_line' id='line_1_92' title="bbox 467 4656 2028 4729; baseline -0.001 -14"><span class='ocrx_word' id='word_1_671' title='bbox 467 4659 733 4722; x_wconf 86' lang='lat' dir='ltr'><strong>ascendit,</strong></span> <span class='ocrx_word' id='word_1_672' title='bbox 759 4667 882 4729; x_wconf 88' lang='lat' dir='ltr'><strong>post</strong></span> <span class='ocrx_word' id='word_1_673' title='bbox 902 4657 1210 4728; x_wconf 81' lang='lat' dir='ltr'><strong>ingressum</strong></span> <span class='ocrx_word' id='word_1_674' title='bbox 1233 4667 1391 4711; x_wconf 86' lang='lat' dir='ltr'><strong>suum</strong></span> <span class='ocrx_word' id='word_1_675' title='bbox 1421 4657 1474 4710; x_wconf 91' lang='lat' dir='ltr'><strong>in</strong></span> <span class='ocrx_word' id='word_1_676' title='bbox 1494 4657 1714 4724; x_wconf 69' lang='lat' dir='ltr'><strong>coelum,</strong></span> <span class='ocrx_word' id='word_1_677' title='bbox 1740 4656 2028 4724; x_wconf 90' lang='lat' dir='ltr'><strong>Dominus,</strong></span> 
     </span>
    </p>
   </div>
   <div class='ocr_carea' id='block_1_93' title="bbox 466 4747 2029 4822">
    <p class='ocr_par' dir='ltr' id='par_1_93' title="bbox 466 4747 2029 4822">
     <span class='ocr_line' id='line_1_93' title="bbox 466 4747 2029 4822; baseline -0.001 -17"><span class='ocrx_word' id='word_1_678' title='bbox 466 4751 560 4821; x_wconf 92' lang='lat' dir='ltr'><strong>qui</strong></span> <span class='ocrx_word' id='word_1_679' title='bbox 593 4767 688 4822; x_wconf 89' lang='lat' dir='ltr'><strong>per</strong></span> <span class='ocrx_word' id='word_1_680' title='bbox 711 4749 1046 4821; x_wconf 89' lang='lat' dir='ltr'><strong>prophetiam</strong></span> <span class='ocrx_word' id='word_1_681' title='bbox 1077 4747 1682 4813; x_wconf 82' lang='lat' dir='ltr'><strong>enuntiatur,.adscivit</strong></span> <span class='ocrx_word' id='word_1_682' title='bbox 1721 4748 1823 4803; x_wconf 89' lang='lat' dir='ltr'><strong>sibi</strong></span> <span class='ocrx_word' id='word_1_683' title='bbox 1857 4764 2029 4819; x_wconf 87' lang='lat' dir='ltr'><strong>popu-</strong></span> 
     </span>
    </p>
   </div>
   <div class='ocr_carea' id='block_1_94' title="bbox 467 4839 2034 4914">
    <p class='ocr_par' dir='ltr' id='par_1_94' title="bbox 467 4839 2034 4914">
     <span class='ocr_line' id='line_1_94' title="bbox 467 4839 2034 4914; baseline -0.002 -16"><span class='ocrx_word' id='word_1_684' title='bbox 467 4843 642 4898; x_wconf 89' lang='lat' dir='ltr'><strong>lorum</strong></span> <span class='ocrx_word' id='word_1_685' title='bbox 671 4855 1023 4914; x_wconf 76' lang='lat' dir='ltr'><strong>synagogam,</strong></span> <span class='ocrx_word' id='word_1_686' title='bbox 1052 4841 1109 4896; x_wconf 91' lang='lat' dir='ltr'><strong>in</strong></span> <span class='ocrx_word' id='word_1_687' title='bbox 1139 4847 1284 4897; x_wconf 88' lang='lat' dir='ltr'><strong>terra</strong></span> <span class='ocrx_word' id='word_1_688' title='bbox 1317 4856 1385 4896; x_wconf 81' lang='lat' dir='ltr'><strong>ex</strong></span> <span class='ocrx_word' id='word_1_689' title='bbox 1415 4839 1720 4896; x_wconf 81' lang='lat' dir='ltr'><strong>infantibus</strong></span> <span class='ocrx_word' id='word_1_690' title='bbox 1741 4849 1795 4896; x_wconf 90' lang='lat' dir='ltr'><strong>et</strong></span> <span class='ocrx_word' id='word_1_691' title='bbox 1820 4843 2034 4898; x_wconf 36' lang='lat' dir='ltr'><strong>lactens</strong></span> 
     </span>
    </p>
   </div>
   <div class='ocr_carea' id='block_1_95' title="bbox 465 4935 917 5006">
    <p class='ocr_par' dir='ltr' id='par_1_95' title="bbox 465 4935 917 5006">
     <span class='ocr_line' id='line_1_95' title="bbox 465 4935 917 5006; baseline 0 -17"><span class='ocrx_word' id='word_1_692' title='bbox 465 4935 615 4990; x_wconf 87' lang='lat' dir='ltr'><strong>tibus</strong></span> <span class='ocrx_word' id='word_1_693' title='bbox 645 4943 888 5006; x_wconf 89' lang='lat' dir='ltr'><strong>paratam</strong></span> <span class='ocrx_word' id='word_1_694' title='bbox 904 4983 917 4997; x_wconf 83' lang='lat'><strong><em>.</em></strong></span> 
     </span>
    </p>
   </div>
   <div class='ocr_carea' id='block_1_96' title="bbox 536 5025 2027 5097">
    <p class='ocr_par' dir='ltr' id='par_1_96' title="bbox 536 5025 2027 5097">
     <span class='ocr_line' id='line_1_96' title="bbox 536 5025 2027 5097; baseline 0.001 -17"><span class='ocrx_word' id='word_1_695' title='bbox 536 5026 702 5082; x_wconf 71' lang='lat' dir='ltr'><strong>Vens.</strong></span> <span class='ocrx_word' id='word_1_696' title='bbox 737 5029 792 5093; x_wconf 75' lang='grc'>4,</span> <span class='ocrx_word' id='word_1_697' title='bbox 827 5028 881 5084; x_wconf 84' lang='grc'><strong>5.</strong></span> <span class='ocrx_word' id='word_1_698' title='bbox 915 5027 1180 5094; x_wconf 87' lang='lat' dir='ltr'><strong>Quoniam</strong></span> <span class='ocrx_word' id='word_1_699' title='bbox 1206 5027 1386 5082; x_wconf 84' lang='lat' dir='ltr'><strong>videbo</strong></span> <span class='ocrx_word' id='word_1_700' title='bbox 1415 5027 1594 5092; x_wconf 80' lang='lat' dir='ltr'><strong>ccelos,</strong></span> <span class='ocrx_word' id='word_1_701' title='bbox 1625 5041 1782 5095; x_wconf 90' lang='lat' dir='ltr'><strong>opera</strong></span> <span class='ocrx_word' id='word_1_702' title='bbox 1831 5025 2027 5097; x_wconf 89' lang='lat' dir='ltr'><strong>digito-</strong></span> 
     </span>
    </p>
   </div>
   <div class='ocr_carea' id='block_1_97' title="bbox 2135 4569 3707 4642">
    <p class='ocr_par' dir='ltr' id='par_1_97' title="bbox 2135 4569 3707 4642">
     <span class='ocr_line' id='line_1_97' title="bbox 2135 4569 3707 4642; baseline 0.003 -21"><span class='ocrx_word' id='word_1_703' title='bbox 2135 4569 2606 4640; x_wconf 84' lang='grc' dir='ltr'>ἀναγεννωμένους</span> <span class='ocrx_word' id='word_1_704' title='bbox 2630 4573 2686 4622; x_wconf 83' lang='grc' dir='ltr'>ὲν</span> <span class='ocrx_word' id='word_1_705' title='bbox 2709 4570 2928 4642; x_wconf 83' lang='grc' dir='ltr'>Χριστῷ</span> <span class='ocrx_word' id='word_1_706' title='bbox 2955 4570 3135 4634; x_wconf 81' lang='grc' dir='ltr'>λαούς.</span> <span class='ocrx_word' id='word_1_707' title='bbox 3153 4572 3247 4634; x_wconf 82' lang='grc' dir='ltr'><strong>Εἰς</strong></span> <span class='ocrx_word' id='word_1_708' title='bbox 3277 4570 3408 4641; x_wconf 69' lang='grc' dir='ltr'>ὕψος</span> <span class='ocrx_word' id='word_1_709' title='bbox 3436 4570 3544 4642; x_wconf 74' lang='grc' dir='ltr'>γὰρ</span> <span class='ocrx_word' id='word_1_710' title='bbox 3574 4572 3707 4625; x_wconf 86' lang='grc' dir='ltr'>ἀνα-</span> 
     </span>
    </p>
   </div>
   <div class='ocr_carea' id='block_1_98' title="bbox 2135 4659 3711 4735">
    <p class='ocr_par' dir='ltr' id='par_1_98' title="bbox 2135 4659 3711 4735">
     <span class='ocr_line' id='line_1_98' title="bbox 2135 4659 3711 4735; baseline 0.001 -22"><span class='ocrx_word' id='word_1_711' title='bbox 2135 4659 2234 4723; x_wconf 81' lang='grc' dir='ltr'><strong>ϐὰς</strong></span> <span class='ocrx_word' id='word_1_712' title='bbox 2270 4661 2405 4732; x_wconf 75' lang='grc' dir='ltr'>μετὰ</span> <span class='ocrx_word' id='word_1_713' title='bbox 2435 4661 2532 4733; x_wconf 81' lang='grc' dir='ltr'>τὴν</span> <span class='ocrx_word' id='word_1_714' title='bbox 2566 4665 2643 4726; x_wconf 89' lang='grc' dir='ltr'>εἰς</span> <span class='ocrx_word' id='word_1_715' title='bbox 2674 4663 2894 4735; x_wconf 78' lang='grc' dir='ltr'>οὐρανὸν</span> <span class='ocrx_word' id='word_1_716' title='bbox 2920 4663 2994 4734; x_wconf 79' lang='grc'><strong>(1)</strong></span> <span class='ocrx_word' id='word_1_717' title='bbox 3023 4662 3268 4726; x_wconf 81' lang='grc' dir='ltr'>κάθοδον,</span> <span class='ocrx_word' id='word_1_718' title='bbox 3305 4665 3333 4717; x_wconf 91' lang='lat'><strong>6</strong></span> <span class='ocrx_word' id='word_1_719' title='bbox 3357 4660 3445 4715; x_wconf 84' lang='grc' dir='ltr'><strong>διὰ</strong></span> <span class='ocrx_word' id='word_1_720' title='bbox 3469 4663 3566 4732; x_wconf 84' lang='grc' dir='ltr'>τῆς</span> <span class='ocrx_word' id='word_1_721' title='bbox 3579 4679 3711 4734; x_wconf 87' lang='grc' dir='ltr'><em>προ-</em></span> 
     </span>
    </p>
   </div>
   <div class='ocr_carea' id='block_1_99' title="bbox 2135 4752 3709 4827">
    <p class='ocr_par' dir='ltr' id='par_1_99' title="bbox 2135 4752 3709 4827">
     <span class='ocr_line' id='line_1_99' title="bbox 2135 4752 3709 4827; baseline 0.001 -23"><span class='ocrx_word' id='word_1_722' title='bbox 2135 4754 2357 4823; x_wconf 85' lang='grc' dir='ltr'>φητείας</span> <span class='ocrx_word' id='word_1_723' title='bbox 2374 4752 2783 4826; x_wconf 83' lang='grc' dir='ltr'>παριστώμενος</span> <span class='ocrx_word' id='word_1_724' title='bbox 2811 4754 3012 4827; x_wconf 84' lang='grc' dir='ltr'>Κύριος</span> <span class='ocrx_word' id='word_1_725' title='bbox 3029 4756 3394 4826; x_wconf 87' lang='grc' dir='ltr'>κατηρτίσατο</span> <span class='ocrx_word' id='word_1_726' title='bbox 3424 4753 3599 4822; x_wconf 81' lang='grc' dir='ltr'>ἑαυτῷ</span> <span class='ocrx_word' id='word_1_727' title='bbox 3618 4755 3709 4807; x_wconf 69' lang='grc' dir='ltr'><em>ἐπὶ</em></span> 
     </span>
    </p>
   </div>
   <div class='ocr_carea' id='block_1_100' title="bbox 2141 4843 3708 4917">
    <p class='ocr_par' dir='ltr' id='par_1_100' title="bbox 2141 4843 3708 4917">
     <span class='ocr_line' id='line_1_100' title="bbox 2141 4843 3708 4917; baseline -0.001 -19"><span class='ocrx_word' id='word_1_728' title='bbox 2141 4843 2238 4913; x_wconf 81' lang='grc' dir='ltr'>τῆς</span> <span class='ocrx_word' id='word_1_729' title='bbox 2256 4846 2358 4914; x_wconf 85' lang='grc' dir='ltr'>γῆς</span> <span class='ocrx_word' id='word_1_730' title='bbox 2378 4845 2472 4916; x_wconf 81' lang='grc' dir='ltr'>τὴν</span> <span class='ocrx_word' id='word_1_731' title='bbox 2499 4844 2604 4898; x_wconf 88' lang='grc' dir='ltr'>τῶν</span> <span class='ocrx_word' id='word_1_732' title='bbox 2633 4845 2777 4900; x_wconf 88' lang='grc' dir='ltr'>λαῶν</span> <span class='ocrx_word' id='word_1_733' title='bbox 2802 4847 3139 4917; x_wconf 79' lang='grc' dir='ltr'>συναγωγὴν,</span> <span class='ocrx_word' id='word_1_734' title='bbox 3162 4848 3227 4900; x_wconf 81' lang='grc' dir='ltr'>ὲκ</span> <span class='ocrx_word' id='word_1_735' title='bbox 3259 4845 3466 4916; x_wconf 90' lang='grc' dir='ltr'><em>νηπίων</em></span> <span class='ocrx_word' id='word_1_736' title='bbox 3496 4847 3592 4898; x_wconf 77' lang='grc' dir='ltr'>καὶ</span> <span class='ocrx_word' id='word_1_737' title='bbox 3620 4845 3708 4917; x_wconf 79' lang='grc' dir='ltr'><strong>Θη-</strong></span> 
     </span>
    </p>
   </div>
   <div class='ocr_carea' id='block_1_101' title="bbox 2141 4934 3058 5010">
    <p class='ocr_par' dir='ltr' id='par_1_101' title="bbox 2141 4934 3058 5010">
     <span class='ocr_line' id='line_1_101' title="bbox 2141 4934 3058 5010; baseline 0.005 -23"><span class='ocrx_word' id='word_1_738' title='bbox 2141 4934 2406 4999; x_wconf 84' lang='grc' dir='ltr'>λαζόντων</span> <span class='ocrx_word' id='word_1_739' title='bbox 2433 4937 2602 5010; x_wconf 81' lang='grc' dir='ltr'>αὐτὴν</span> <span class='ocrx_word' id='word_1_740' title='bbox 2637 4939 3058 5008; x_wconf 85' lang='grc' dir='ltr'>συστησάμενος.</span> 
     </span>
    </p>
   </div>
   <div class='ocr_carea' id='block_1_102' title="bbox 2211 5027 3706 5102">
    <p class='ocr_par' dir='ltr' id='par_1_102' title="bbox 2211 5027 3706 5102">
     <span class='ocr_line' id='line_1_102' title="bbox 2211 5027 3706 5102; baseline 0.002 -23"><span class='ocrx_word' id='word_1_741' title='bbox 2211 5028 2331 5080; x_wconf 88' lang='grc' dir='ltr'><strong>’Ότι</strong></span> <span class='ocrx_word' id='word_1_742' title='bbox 2360 5027 2579 5099; x_wconf 75' lang='grc' dir='ltr'><strong>ὄψομαι</strong></span> <span class='ocrx_word' id='word_1_743' title='bbox 2611 5031 2753 5097; x_wconf 87' lang='grc' dir='ltr'><em>τοὺς</em></span> <span class='ocrx_word' id='word_1_744' title='bbox 2772 5031 3063 5099; x_wconf 83' lang='grc' dir='ltr'><em>οὐρανοὺς</em></span> <span class='ocrx_word' id='word_1_745' title='bbox 3088 5031 3232 5102; x_wconf 58' lang='grc' dir='ltr'><strong>ἔργα</strong></span> <span class='ocrx_word' id='word_1_746' title='bbox 3249 5030 3370 5085; x_wconf 87' lang='grc' dir='ltr'><strong>τῶν</strong></span> <span class='ocrx_word' id='word_1_747' title='bbox 3390 5030 3706 5083; x_wconf 69' lang='grc' dir='ltr'><em>δακτύλων</em></span> 
     </span>
    </p>
   </div>
   <div class='ocr_carea' id='block_1_103' title="bbox 468 5119 2043 5191">
    <p class='ocr_par' dir='ltr' id='par_1_103' title="bbox 468 5119 2026 5190">
     <span class='ocr_line' id='line_1_103' title="bbox 468 5119 2026 5190; baseline 0 -18"><span class='ocrx_word' id='word_1_748' title='bbox 468 5136 585 5173; x_wconf 87' lang='lat' dir='ltr'><strong>rum</strong></span> <span class='ocrx_word' id='word_1_749' title='bbox 621 5128 846 5185; x_wconf 86' lang='lat' dir='ltr'><strong>tuorum,</strong></span> <span class='ocrx_word' id='word_1_750' title='bbox 869 5121 1048 5175; x_wconf 89' lang='lat' dir='ltr'><strong>lunam</strong></span> <span class='ocrx_word' id='word_1_751' title='bbox 1077 5131 1127 5175; x_wconf 92' lang='lat' dir='ltr'><strong>et</strong></span> <span class='ocrx_word' id='word_1_752' title='bbox 1155 5119 1340 5175; x_wconf 84' lang='lat' dir='ltr'><strong>stellas</strong></span> <span class='ocrx_word' id='word_1_753' title='bbox 1363 5136 1483 5190; x_wconf 71' lang='lat' dir='ltr'><strong>qua:</strong></span> <span class='ocrx_word' id='word_1_754' title='bbox 1515 5129 1570 5173; x_wconf 89' lang='lat' dir='ltr'><strong>tu</strong></span> <span class='ocrx_word' id='word_1_755' title='bbox 1594 5119 1856 5190; x_wconf 80' lang='lat' dir='ltr'><strong>fundasti.</strong></span> <span class='ocrx_word' id='word_1_756' title='bbox 1887 5120 2026 5185; x_wconf 85' lang='lat' dir='ltr'><strong>Quid</strong></span> 
     </span>
    </p>
   </div>
   <div class='ocr_carea' id='block_1_104' title="bbox 2151 5119 3706 5191">
    <p class='ocr_par' dir='ltr' id='par_1_104' title="bbox 2151 5120 3706 5191">
     <span class='ocr_line' id='line_1_104' title="bbox 2151 5120 3706 5191; baseline 0.001 -18"><span class='ocrx_word' id='word_1_757' title='bbox 2151 5133 2272 5183; x_wconf 79' lang='grc' dir='ltr'>γου,</span> <span class='ocrx_word' id='word_1_758' title='bbox 2304 5120 2574 5190; x_wconf 75' lang='grc' dir='ltr'><em>σελήνην</em></span> <span class='ocrx_word' id='word_1_759' title='bbox 2610 5124 2707 5176; x_wconf 77' lang='grc' dir='ltr'>καί</span> <span class='ocrx_word' id='word_1_760' title='bbox 2738 5123 2996 5191; x_wconf 80' lang='grc' dir='ltr'><strong>ἀστέρας</strong></span> <span class='ocrx_word' id='word_1_761' title='bbox 3025 5122 3063 5176; x_wconf 82' lang='grc' dir='ltr'><em>ἀ</em></span> <span class='ocrx_word' id='word_1_762' title='bbox 3088 5123 3169 5177; x_wconf 89' lang='grc' dir='ltr'><em>σὺ</em></span> <span class='ocrx_word' id='word_1_763' title='bbox 3197 5123 3613 5191; x_wconf 81' lang='grc' dir='ltr'><em>ἐθεμελίωσας.</em></span> <span class='ocrx_word' id='word_1_764' title='bbox 3645 5122 3706 5174; x_wconf 89' lang='grc' dir='ltr'><em>Τί</em></span> 
     </span>
    </p>
   </div>
   <div class='ocr_carea' id='block_1_105' title="bbox 466 5213 2043 5286">
    <p class='ocr_par' dir='ltr' id='par_1_105' title="bbox 466 5215 2030 5286">
     <span class='ocr_line' id='line_1_105' title="bbox 466 5215 2030 5286; baseline 0.001 -16"><span class='ocrx_word' id='word_1_765' title='bbox 466 5225 543 5270; x_wconf 86' lang='lat' dir='ltr'><strong>est</strong></span> <span class='ocrx_word' id='word_1_766' title='bbox 564 5215 716 5268; x_wconf 84' lang='lat' dir='ltr'><strong>homo</strong></span> <span class='ocrx_word' id='word_1_767' title='bbox 749 5217 885 5286; x_wconf 89' lang='lat' dir='ltr'><strong>quod</strong></span> <span class='ocrx_word' id='word_1_768' title='bbox 937 5233 1136 5272; x_wconf 90' lang='lat' dir='ltr'><strong>memor</strong></span> <span class='ocrx_word' id='word_1_769' title='bbox 1185 5232 1240 5271; x_wconf 87' lang='lat' dir='ltr'><strong>es</strong></span> <span class='ocrx_word' id='word_1_770' title='bbox 1282 5216 1417 5286; x_wconf 88' lang='lat' dir='ltr'><strong>ejus,</strong></span> <span class='ocrx_word' id='word_1_771' title='bbox 1463 5224 1556 5269; x_wconf 93' lang='lat' dir='ltr'><strong>aut</strong></span> <span class='ocrx_word' id='word_1_772' title='bbox 1607 5216 1752 5285; x_wconf 80' lang='lat' dir='ltr'><strong>ﬁlius</strong></span> <span class='ocrx_word' id='word_1_773' title='bbox 1804 5215 2030 5272; x_wconf 85' lang='lat' dir='ltr'><strong>hominis</strong></span> 
     </span>
    </p>
   </div>
   <div class='ocr_carea' id='block_1_106' title="bbox 2151 5213 3704 5286">
    <p class='ocr_par' dir='ltr' id='par_1_106' title="bbox 2151 5213 3704 5286">
     <span class='ocr_line' id='line_1_106' title="bbox 2151 5213 3704 5286; baseline 0.001 -21"><span class='ocrx_word' id='word_1_774' title='bbox 2151 5213 2303 5267; x_wconf 64' lang='lat' dir='ltr'><strong>iactr</strong></span> <span class='ocrx_word' id='word_1_775' title='bbox 2339 5213 2664 5282; x_wconf 77' lang='grc' dir='ltr'><em>ἄνθρωπος,</em></span> <span class='ocrx_word' id='word_1_776' title='bbox 2689 5215 2777 5268; x_wconf 81' lang='grc' dir='ltr'><strong>ὅτι</strong></span> <span class='ocrx_word' id='word_1_777' title='bbox 2797 5215 3107 5286; x_wconf 76' lang='grc' dir='ltr'><strong>μιμνήσκῃ</strong></span> <span class='ocrx_word' id='word_1_778' title='bbox 3130 5214 3352 5278; x_wconf 87' lang='grc' dir='ltr'><em>αὐτοῦ;</em></span> <span class='ocrx_word' id='word_1_779' title='bbox 3383 5213 3421 5283; x_wconf 78' lang='grc' dir='ltr'><strong><em>ἣ</em></strong></span> <span class='ocrx_word' id='word_1_780' title='bbox 3447 5213 3577 5280; x_wconf 72' lang='grc' dir='ltr'><em>υίὸς</em></span> <span class='ocrx_word' id='word_1_781' title='bbox 3601 5213 3704 5267; x_wconf 84' lang='grc' dir='ltr'><strong>ἁν-</strong></span> 
     </span>
    </p>
   </div>
   <div class='ocr_carea' id='block_1_107' title="bbox 465 5303 2043 5380">
    <p class='ocr_par' dir='ltr' id='par_1_107' title="bbox 465 5308 2026 5380">
     <span class='ocr_line' id='line_1_107' title="bbox 465 5308 2026 5380; baseline 0.003 -20"><span class='ocrx_word' id='word_1_782' title='bbox 465 5308 716 5380; x_wconf 85' lang='lat' dir='ltr'><strong>quoniam</strong></span> <span class='ocrx_word' id='word_1_783' title='bbox 758 5308 942 5362; x_wconf 86' lang='lat' dir='ltr'><strong>visitas</strong></span> <span class='ocrx_word' id='word_1_784' title='bbox 985 5312 1140 5366; x_wconf 77' lang='lat' dir='ltr'><strong>eum?</strong></span> <span class='ocrx_word' id='word_1_785' title='bbox 1201 5308 1448 5373; x_wconf 89' lang='lat' dir='ltr'><strong>Etiamsi,</strong></span> <span class='ocrx_word' id='word_1_786' title='bbox 1499 5309 1699 5380; x_wconf 92' lang='lat' dir='ltr'><strong>inquit,</strong></span> <span class='ocrx_word' id='word_1_787' title='bbox 1751 5309 2026 5365; x_wconf 89' lang='lat' dir='ltr'><strong>mirabilia</strong></span> 
     </span>
    </p>
   </div>
   <div class='ocr_carea' id='block_1_108' title="bbox 2151 5303 3704 5380">
    <p class='ocr_par' dir='ltr' id='par_1_108' title="bbox 2151 5303 3704 5376">
     <span class='ocr_line' id='line_1_108' title="bbox 2151 5303 3704 5376; baseline 0.001 -21"><span class='ocrx_word' id='word_1_788' title='bbox 2151 5303 2386 5372; x_wconf 66' lang='lat' dir='ltr'><strong>iptbazov,</strong></span> <span class='ocrx_word' id='word_1_789' title='bbox 2411 5305 2500 5360; x_wconf 84' lang='grc' dir='ltr'><strong>ὅτι</strong></span> <span class='ocrx_word' id='word_1_790' title='bbox 2538 5307 2870 5376; x_wconf 80' lang='grc' dir='ltr'><em>ἐπισκέπτῃ</em></span> <span class='ocrx_word' id='word_1_791' title='bbox 2909 5309 3128 5371; x_wconf 81' lang='grc' dir='ltr'><em>αὐτόν;</em></span> <span class='ocrx_word' id='word_1_792' title='bbox 3173 5307 3237 5359; x_wconf 80' lang='lat' dir='ltr'><strong>Ei</strong></span> <span class='ocrx_word' id='word_1_793' title='bbox 3279 5307 3373 5359; x_wconf 74' lang='grc' dir='ltr'><strong>καὶ</strong></span> <span class='ocrx_word' id='word_1_794' title='bbox 3418 5303 3704 5376; x_wconf 77' lang='grc' dir='ltr'>θαυμαστά</span> 
     </span>
    </p>
   </div>
   <div class='ocr_carea' id='block_1_109' title="bbox 467 5395 2043 5473">
    <p class='ocr_par' dir='ltr' id='par_1_109' title="bbox 467 5398 2024 5470">
     <span class='ocr_line' id='line_1_109' title="bbox 467 5398 2024 5470; baseline -0.002 -15"><span class='ocrx_word' id='word_1_795' title='bbox 467 5406 596 5455; x_wconf 81' lang='lat' dir='ltr'><strong>sunt</strong></span> <span class='ocrx_word' id='word_1_796' title='bbox 617 5398 827 5468; x_wconf 82' lang='lat' dir='ltr'><strong>opiﬁcia</strong></span> <span class='ocrx_word' id='word_1_797' title='bbox 855 5407 971 5464; x_wconf 90' lang='lat' dir='ltr'><strong>tua,</strong></span> <span class='ocrx_word' id='word_1_798' title='bbox 1001 5401 1200 5456; x_wconf 71' lang='lat' dir='ltr'><strong>cmlum</strong></span> <span class='ocrx_word' id='word_1_799' title='bbox 1228 5407 1282 5455; x_wconf 93' lang='lat' dir='ltr'><strong>et</strong></span> <span class='ocrx_word' id='word_1_800' title='bbox 1309 5414 1428 5470; x_wconf 79' lang='lat' dir='ltr'><strong>qua:</strong></span> <span class='ocrx_word' id='word_1_801' title='bbox 1452 5399 1504 5454; x_wconf 93' lang='lat' dir='ltr'><strong>in</strong></span> <span class='ocrx_word' id='word_1_802' title='bbox 1531 5414 1596 5454; x_wconf 92' lang='lat' dir='ltr'><strong>eo</strong></span> <span class='ocrx_word' id='word_1_803' title='bbox 1635 5407 1784 5466; x_wconf 86' lang='lat' dir='ltr'><strong>sunt,</strong></span> <span class='ocrx_word' id='word_1_804' title='bbox 1814 5415 1934 5470; x_wconf 64' lang='lat' dir='ltr'><strong>qua:</strong></span> <span class='ocrx_word' id='word_1_805' title='bbox 1962 5407 2024 5453; x_wconf 91' lang='lat' dir='ltr'><strong>tu</strong></span> 
     </span>
    </p>
   </div>
   <div class='ocr_carea' id='block_1_110' title="bbox 2151 5395 3702 5473">
    <p class='ocr_par' dir='ltr' id='par_1_110' title="bbox 2151 5395 3702 5473">
     <span class='ocr_line' id='line_1_110' title="bbox 2151 5395 3702 5473; baseline 0 -23"><span class='ocrx_word' id='word_1_806' title='bbox 2151 5413 2246 5462; x_wconf 70' lang='grc' dir='ltr'>που,</span> <span class='ocrx_word' id='word_1_807' title='bbox 2283 5398 2435 5470; x_wconf 71' lang='grc' dir='ltr'>φησὶ,</span> <span class='ocrx_word' id='word_1_808' title='bbox 2477 5400 2930 5472; x_wconf 83' lang='grc' dir='ltr'>δημιουργήματα</span> <span class='ocrx_word' id='word_1_809' title='bbox 2965 5401 3189 5473; x_wconf 79' lang='grc' dir='ltr'><em>οὐρανὸς</em></span> <span class='ocrx_word' id='word_1_810' title='bbox 3223 5401 3316 5454; x_wconf 76' lang='grc' dir='ltr'>καὶ</span> <span class='ocrx_word' id='word_1_811' title='bbox 3345 5399 3416 5454; x_wconf 72' lang='grc' dir='ltr'>τὰ</span> <span class='ocrx_word' id='word_1_812' title='bbox 3461 5401 3516 5451; x_wconf 78' lang='grc' dir='ltr'>ὲν</span> <span class='ocrx_word' id='word_1_813' title='bbox 3553 5395 3702 5468; x_wconf 78' lang='grc' dir='ltr'><strong>αὐτῷ</strong></span> 
     </span>
    </p>
   </div>
   <div class='ocr_carea' id='block_1_111' title="bbox 466 5488 2043 5564">
    <p class='ocr_par' dir='ltr' id='par_1_111' title="bbox 466 5491 2021 5562">
     <span class='ocr_line' id='line_1_111' title="bbox 466 5491 2021 5562; baseline -0.003 -14"><span class='ocrx_word' id='word_1_814' title='bbox 466 5491 705 5548; x_wconf 79' lang='lat' dir='ltr'><strong>fundasti</strong></span> <span class='ocrx_word' id='word_1_815' title='bbox 732 5498 791 5545; x_wconf 90' lang='lat' dir='ltr'><strong>ut</strong></span> <span class='ocrx_word' id='word_1_816' title='bbox 820 5508 913 5562; x_wconf 90' lang='lat' dir='ltr'><strong>per</strong></span> <span class='ocrx_word' id='word_1_817' title='bbox 947 5508 1108 5549; x_wconf 88' lang='lat' dir='ltr'><strong>omne</strong></span> <span class='ocrx_word' id='word_1_818' title='bbox 1153 5493 1414 5549; x_wconf 68' lang='lat' dir='ltr'><strong>saeculum</strong></span> <span class='ocrx_word' id='word_1_819' title='bbox 1454 5492 1862 5556; x_wconf 85' lang='lat' dir='ltr'><strong>consisterent;</strong></span> <span class='ocrx_word' id='word_1_820' title='bbox 1895 5505 2021 5544; x_wconf 89' lang='lat' dir='ltr'><strong>nam</strong></span> 
     </span>
    </p>
   </div>
   <div class='ocr_carea' id='block_1_112' title="bbox 2151 5488 3694 5564">
    <p class='ocr_par' dir='ltr' id='par_1_112' title="bbox 2151 5490 3694 5564">
     <span class='ocr_line' id='line_1_112' title="bbox 2151 5490 3694 5564; baseline 0.001 -22"><span class='ocrx_word' id='word_1_821' title='bbox 2151 5505 2268 5563; x_wconf 81' lang='grc' dir='ltr'>ιπερ</span> <span class='ocrx_word' id='word_1_822' title='bbox 2297 5492 2542 5564; x_wconf 75' lang='grc' dir='ltr'>ἦδρασας</span> <span class='ocrx_word' id='word_1_823' title='bbox 2578 5492 2644 5545; x_wconf 81' lang='grc' dir='ltr'><strong>δι’</strong></span> <span class='ocrx_word' id='word_1_824' title='bbox 2673 5493 2796 5547; x_wconf 84' lang='grc' dir='ltr'>ὅλου</span> <span class='ocrx_word' id='word_1_825' title='bbox 2823 5492 2922 5546; x_wconf 80' lang='grc' dir='ltr'>τοῦ</span> <span class='ocrx_word' id='word_1_826' title='bbox 2947 5491 3145 5556; x_wconf 86' lang='grc' dir='ltr'>αἰῶνος</span> <span class='ocrx_word' id='word_1_827' title='bbox 3176 5491 3400 5547; x_wconf 79' lang='grc' dir='ltr'>ἑστάναι</span> <span class='ocrx_word' id='word_1_828' title='bbox 3424 5508 3437 5520; x_wconf 91' lang='grc'><strong>·</strong></span> <span class='ocrx_word' id='word_1_829' title='bbox 3466 5490 3694 5557; x_wconf 74' lang='grc' dir='ltr'><em>ἔστησε</em></span> 
     </span>
    </p>
   </div>
   <div class='ocr_carea' id='block_1_113' title="bbox 532 5626 2043 5698">
    <p class='ocr_par' dir='ltr' id='par_1_113' title="bbox 532 5626 2040 5698">
     <span class='ocr_line' id='line_1_113' title="bbox 532 5626 2040 5698; baseline -0.003 -12"><span class='ocrx_word' id='word_1_830' title='bbox 532 5634 579 5668; x_wconf 84' lang='grc'>⁸⁸</span> <span class='ocrx_word' id='word_1_831' title='bbox 615 5631 756 5687; x_wconf 88' lang='lat' dir='ltr'><strong>Psal.</strong></span> <span class='ocrx_word' id='word_1_832' title='bbox 794 5642 1030 5692; x_wconf 78' lang='lat' dir='ltr'><strong>Lxxxul,</strong></span> <span class='ocrx_word' id='word_1_833' title='bbox 1057 5626 1186 5698; x_wconf 79' lang='lat'><strong>2,3.</strong></span> <span class='ocrx_word' id='word_1_834' title='bbox 1223 5628 1270 5662; x_wconf 78' lang='lat'><strong>“</strong></span> <span class='ocrx_word' id='word_1_835' title='bbox 1307 5627 1440 5686; x_wconf 85' lang='lat' dir='ltr'><strong>ibid.</strong></span> <span class='ocrx_word' id='word_1_836' title='bbox 1473 5630 1532 5691; x_wconf 74' lang='grc'><strong>4.</strong></span> <span class='ocrx_word' id='word_1_837' title='bbox 1605 5630 1652 5663; x_wconf 84' lang='grc'><strong>⁸⁸</strong></span> <span class='ocrx_word' id='word_1_838' title='bbox 1692 5628 1880 5684; x_wconf 77' lang='lat' dir='ltr'><strong>Matth.</strong></span> <span class='ocrx_word' id='word_1_839' title='bbox 1913 5642 2040 5695; x_wconf 69' lang='lat' dir='ltr'><strong>xxx,</strong></span> 
     </span>
    </p>
   </div>
   <div class='ocr_carea' id='block_1_114' title="bbox 2151 5626 2554 5698">
    <p class='ocr_par' dir='ltr' id='par_1_114' title="bbox 2211 5631 2554 5691">
     <span class='ocr_line' id='line_1_114' title="bbox 2211 5631 2554 5691; baseline 0.003 -5"><span class='ocrx_word' id='word_1_840' title='bbox 2211 5631 2259 5662; x_wconf 79' lang='lat'><strong>&#39;°</strong></span> <span class='ocrx_word' id='word_1_841' title='bbox 2299 5631 2430 5691; x_wconf 86' lang='lat' dir='ltr'><strong>ibid.</strong></span> <span class='ocrx_word' id='word_1_842' title='bbox 2471 5631 2554 5687; x_wconf 74' lang='grc'><strong>16.</strong></span> 
     </span>
    </p>
   </div>
   <div class='ocr_carea' id='block_1_115' title="bbox 536 5745 982 5826">
    <p class='ocr_par' dir='ltr' id='par_1_115' title="bbox 536 5745 982 5826">
     <span class='ocr_line' id='line_1_115' title="bbox 536 5745 982 5826; baseline -0.002 -21"><span class='ocrx_word' id='word_1_843' title='bbox 536 5750 611 5826; x_wconf 78' lang='grc'><strong>(1)</strong></span> <span class='ocrx_word' id='word_1_844' title='bbox 641 5748 803 5805; x_wconf 80' lang='lat' dir='ltr'><strong>Forte</strong></span> <span class='ocrx_word' id='word_1_845' title='bbox 829 5745 982 5818; x_wconf 65' lang='grc' dir='ltr'><em>ᾅδην.</em></span> 
     </span>
    </p>
   </div>
  </div>
