3948 6286
251 398 364 453 RE)

1403 394 1900 453 COMMENTARIA
1936 394 2001 449 ΙΝ
2040 393 2380 449 PSALMOS.

3406 392 3507 447 130

263 512 371 583 γὰρ
399 511 556 568 αὐτὰ
600 515 693 579 εις
733 514 839 567 τὸν
880 512 1082 579 αἰῶνα,
1114 514 1257 569 καθά
1306 533 1470 587 φησιν
1514 518 1572 569 ὲν
1617 516 1829 587 ἑτέροις,

1947 512 2135 565 statuit
2163 528 2225 565 ea
2271 512 2324 564 in
2349 517 2624 571 mternum,
2655 516 2715 563 ut
2744 510 2851 563 alio
2892 510 3011 565 loco
3048 509 3261 574 dicit",
3312 526 3508 580 prame-

263 603 371 656 καὶ
411 604 771 673 πρόσταγμα
809 607 997 669 ἔθετο,
1030 609 1127 661 καὶ
1171 610 1242 662 οὺ
1282 610 1744 677 παρελεύσεται·
1778 610 1839 663 οὑ

266 697 379 767 μήν
406 712 490 747 σοι
522 697 735 766 μεγάλα
778 700 912 771 πρὸς
940 699 1191 772 ὕπαρξιν,
1218 700 1353 754 ἀλλὰ
1382 701 1638 773 βραχείας
1684 702 1840 756 δυνά-

263 804 418 858 μεως
445 788 733 853 δακτύλοις
761 791 1148 863 ἅναλογούσης·
1180 792 1321 846 οὑτω
1359 794 1465 865 γὰρ
1502 794 1600 857 τὰς
1642 794 1841 867 μικρὰς

257 883 528 953 δυνάμεις
559 884 784 937 ἐκάλεσε
816 886 908 938 τοῦ
937 885 1093 941 Θεοῦ.
1120 888 1227 940 Καὶ
1253 887 1423 941 ταῦτα
1447 889 1545 957 μὲν
1573 889 1842 961 ἡδρασμέ-

257 990 324 1026 να
369 973 525 1042 μένει
552 990 565 1001 ·
605 975 884 1047 ἄνθρωπον
925 978 981 1030 δὲ
1026 977 1114 1031 τὸν
1159 979 1279 1031 καθ’
1308 979 1402 1032 ἕνα
1434 981 1839 1052 παρερχόμενον

256 1060 662 1131 ἐκπέπληγμαι
709 1062 945 1135 θεωρῶν,
983 1067 1129 1130 ὅπως
1174 1069 1267 1122 καὶ
1321 1068 1590 1141 μέμνησαι
1624 1073 1835 1135 τούτου,

256 1152 355 1202 καὶ
392 1156 597 1224 προνοῇ
624 1170 637 1184 ο
682 1155 818 1228 ὅπερ
861 1174 960 1210 ουκ
991 1157 1055 1212 ἂν
1086 1159 1325 1231 ὑπῆρξεν
1365 1163 1411 1213 εἰ
1445 1160 1635 1234 μικρόν
1663 1181 1714 1215 τι
1745 1165 1838 1217 καὶ

254 1244 506 1315 φθαρτὸν
534 1246 793 1317 ἐτύγχανε
824 1250 958 1312 ζῶον
976 1267 989 1281 ·
1011 1251 1151 1306 οὕτω
1178 1252 1232 1305 δὲ
1252 1254 1429 1324 τίμιον
1457 1256 1531 1319 ὠς
1552 1257 1615 1307 ὲκ
1642 1256 1840 1326 στόμα-

252 1354 349 1401 τος
374 1339 592 1407 νηπίων
625 1342 716 1395 καὶ
742 1342 1078 1414 θηλαζόντων
1108 1346 1272 1418 ὕμνον
1290 1348 1437 1420 αὑτῷ
1460 1349 1834 1421 κατηρτίσθαι.

256 1428 319 1479 Ei
352 1430 451 1482 καὶ
481 1433 715 1503 σμικρὸς
742 1436 920 1489 τοίνυν
942 1438 1084 1492 κατὰ
1108 1438 1169 1492 τὸ
1204 1439 1359 1511 σῶμα
1376 1457 1387 1469 ·
1415 1440 1549 1495 ἀλλὰ
1574 1440 1713 1494 κατὰ
1739 1442 1839 1511 ψυ-

253 1518 359 1587 χὴν
379 1520 482 1589 τὴν
507 1525 628 1575 κατ’
658 1525 839 1578 εἰκόνα
860 1528 1145 1599 τετίμηται
1165 1547 1179 1560 ο
1220 1530 1359 1584 ὥστε
1388 1530 1477 1584 διὰ
1494 1532 1681 1585 τούτου
1704 1532 1835 1587 θαυ-

254 1610 472 1675 μαστόν
508 1629 603 1665 σου
639 1617 970 1687 καταστῆναι
999 1620 1059 1671 τὸ
1087 1619 1255 1692 δνομα
1280 1624 1338 1676 ὲν
1370 1622 1515 1694 πάσῃ
1547 1625 1613 1693 τῇ
1647 1626 1737 1695 γῇ.

338 1785 748 1858 Ἀποθαυμάζει
803 1791 863 1845 τὸ
905 1790 1047 1846 θεῖον
1092 1793 1313 1865 Πνεῦμα
1349 1796 1442 1848 καὶ
1483 1794 1696 1865 εὔχεται
1742 1796 1835 1851 τοῦ

1944 612 2088 673 ptum
2123 604 2296 672 posuit
2331 612 2380 655 et
2436 618 2536 655 non
2578 602 2906 667 prateribit:
2950 618 3064 656 non
3100 611 3283 657 tamen
3314 620 3506 673 magna

1943 694 2041 748 tibi
2077 700 2423 763 reputantur,
2457 692 2551 748 sed
2580 708 2680 746 ceu
2712 694 2903 762 exigua
2938 694 3138 748 virtute
3163 694 3345 764 digitis
3376 710 3508 749 con-

1943 786 2181 844 cinnata,
2220 788 2305 839 sic
2343 784 2488 837 enim
2523 783 2762 839 minores
2792 782 2885 839 Dei
2930 784 3157 839 virtutes
3208 796 3503 855 nuncupat.

1946 879 2007 935 Et
2039 881 2154 935 hac
2202 881 2422 952 quidem
2474 879 2700 934 fundata
2748 894 2813 935 ac
2854 878 3009 933 ﬁrma
3050 892 3403 950 permanent;
3451 890 3506 934 at

1943 971 2244 1032 hominem,
2273 972 2593 1044 singulatim
2627 972 2811 1026 omnia
2855 986 3205 1042 percurrens,
3250 987 3358 1026 non
3390 974 3507 1026 sine

1942 1074 2167 1134 stupore
2211 1065 2552 1136 contemplor
2580 1102 2594 1129 ,
2626 1080 2735 1134 quo
2784 1072 2945 1135 pacto
2983 1065 3191 1118 scilicet
3218 1064 3362 1120 illius
3393 1080 3508 1118 me-

1941 1155 2186 1221 mineris,
2243 1166 2403 1226 atque
2449 1156 2622 1226 ipsius
2669 1170 2855 1210 curam
2881 1156 3107 1222 habeas,
3132 1156 3275 1225 quod
3320 1154 3509 1225 utique

1940 1260 2048 1299 non
2084 1245 2316 1309 faceres,
2357 1248 2401 1301 si
2434 1262 2660 1315 parvum
2707 1254 2762 1301 et
2788 1246 3146 1316 corruptibile
3188 1246 3387 1299 animal
3418 1261 3506 1301 es-

1941 1344 2059 1403 set;
2101 1337 2196 1394 sed
2228 1347 2380 1393 tanto
2412 1340 2619 1395 honore
2646 1338 2847 1409 dignus
2875 1350 2980 1403 est,
3014 1345 3074 1392 ut
3099 1354 3162 1393 ex
3193 1353 3289 1393 ore
3327 1337 3508 1391 infan-

1940 1431 2074 1484 tium
2109 1439 2163 1485 et
2194 1430 2511 1486 lactentium
2540 1432 2756 1503 hymnis
2786 1432 3106 1487 celebretur.
3154 1431 3379 1486 Etiamsi
3407 1431 3509 1501 igi-

1938 1528 2031 1575 tur
2062 1536 2295 1592 corpore
2328 1538 2532 1594 parvus
2574 1522 2666 1587 sit,
2714 1522 3020 1577 secundum
3052 1522 3287 1575 animam
3325 1521 3393 1575 ad
3430 1521 3507 1577 si-

1937 1612 2300 1667 militudinem
2326 1614 2416 1669 Dei
2442 1612 2642 1667 factam
2674 1614 2994 1679 honoratur,
3020 1613 3093 1667 ita
3123 1623 3181 1668 ut
3202 1629 3297 1685 per
3327 1613 3506 1682 ipsum

1936 1703 2255 1760 admirabile
2283 1706 2354 1761 sit
2384 1722 2580 1761 nomen
2607 1713 2759 1761 tuum
2794 1710 2848 1761 in
2881 1708 3134 1763 universa
3161 1716 3327 1762 terra.

2007 1795 2327 1852 Admiratur
2361 1798 2599 1869 Spiritus
2634 1799 2873 1866 divinus,
2904 1806 2957 1855 et
3005 1800 3060 1854 in
3102 1800 3220 1869 ipsa
3269 1800 3503 1855 admira-

248 1874 435 1945 θαυμα
448 1876 589 1946 σμοῦ
623 1878 825 1947 λέγων’
858 1882 1129 1955 Οὑρανοὺς
1163 1883 1259 1953 μὲν
1288 1885 1399 1955 ὁρῶ
1434 1886 1559 1949 τοὺς
1586 1886 1675 1939 τὸν
1703 1886 1829 1957 σύμ-

1939 1888 2085 1944 tione
2127 1890 2414 1960 gloriatur,
2463 1892 2688 1947 dicens:
2739 1892 2922 1947 Ctelos
2962 1893 3183 1963 quidem
3229 1892 3383 1947 video
3412 1892 3506 1961 qui

253 1984 433 2020 πάντα
461 1968 670 2038 κόσμον
699 1970 1077 2041 περιέχονταςδ
1114 1974 1224 2045 ὁρῶ
1255 1974 1311 2027 δὲ
1349 1975 1442 2028 καὶ
1480 1974 1708 2046 σελήνην
1743 1977 1834 2030 καὶ

258 2057 451 2128 ἄστρα,
487 2060 585 2112 καὶ
618 2058 787 2114 ταῦτα
814 2063 988 2116 πάντα
1021 2064 1270 2136 γνωρίζω
1296 2070 1361 2139 τῇ
1402 2067 1559 2138 φύσει
1582 2069 1709 2122 ὄντα
1740 2088 1834 2140 με-

262 2148 391 2216 γάλα
424 2150 526 2201 καὶ
554 2148 838 2219 θαυμαστά
867 2153 965 2223 τῆς
986 2154 1113 2225 ὅλης
1133 2155 1484 2227 δημιουργίας
1516 2158 1655 2230 μέρη
1674 2176 1687 2189 ο
1720 2160 1831 2214 ἀλλ’

256 2240 420 2309 ὅμως,
453 2243 664 2314 καίπερ
686 2245 813 2298 ὄντα
840 2246 1086 2312 τοιαῦτα,
1118 2244 1253 2312 οἶδα,
1274 2256 1361 2310 ὅτι
1393 2250 1704 2321 βραχύτατα
1727 2254 1834 2307 τῶν

254 2332 357 2384 σῶν
394 2332 581 2404 ἔργων
607 2337 1069 2410 τυγχάνει.Ἐργα
1097 2339 1227 2408 γοῦν
1259 2342 1375 2395 ἐστι
1395 2344 1567 2396 ταῦτα
1589 2343 1698 2397 τῶν
1726 2344 1834 2398 σῶν

248 2424 561 2479 δακτύλων
604 2430 725 2498 οὑχὶ
749 2428 805 2481 δὲ
832 2430 1052 2499 χειρῶν,
1078 2431 1197 2485 οὐδὲ
1226 2434 1465 2505 μεγάλης
1500 2436 1643 2501 τινὸς
1680 2437 1835 2491 δυνά-

254 2533 429 2586 μεως·
471 2519 615 2583 ἀλλ’,
644 2521 719 2583 ὡς
751 2522 817 2574 ἂν
848 2521 993 2577 εἴποι
1023 2541 1127 2588 τις,
1164 2525 1346 2595 ἄκρων
1374 2526 1671 2593 δακτύλων,
1706 2546 1831 2601 τρο-

250 2610 431 2674 πικῶς
460 2611 638 2675 οὕτως
660 2614 766 2667 τῶν
800 2613 1078 2686 δυνάμεων
1108 2616 1520 2690 ὀνομαζομένων
1551 2620 1645 2674 τοῦ
1674 2622 1829 2688 Θεοῦ,

250 2701 318 2753 δι⁸
348 2696 421 2756 ὧν
446 2704 519 2758 τὰ
545 2704 779 2776 αἰσθητά
808 2709 902 2761 καὶ
930 2708 1181 2780 ὁρώμενα
1212 2710 1667 2785 δημιουργήματα
1705 2732 1832 2770 συν-

248 2796 541 2866 εστήσατο.

332 2886 716 2957 Ἠλάττωσας
778 2894 960 2947 αὐτὸν
999 2894 1200 2964 ,βραχύ
1241 2912 1297 2949 τι
1350 2899 1487 2965 παρ’
1520 2897 1829 2967 ἀγγέλους,

248 2977 394 3047 δόξῃ
438 2982 543 3035 καὶ
582 2983 723 3053 τιμῇ
754 2985 1180 3055 ἐστεφάνωσας
1213 2990 1416 3043 αὐτόν.
1447 2991 1556 3045 Καὶ
1588 2991 1692 3062 μὴν
1719 2992 1835 3045 ἑτέ-

250 3088 359 3143 ρως
410 3074 545 3147 δόξῃ
594 3079 690 3131 καὶ
739 3083 873 3150 τιμῇ
916 3080 1006 3133 τὸν
1062 3080 1347 3154 ἄνθρωπον
1402 3083 1775 3152 ἐστεφάνωσεν
1804 3087 1832 3138 ὁ

245 3163 397 3230 ὃεὸς,
427 3168 525 3220 ἐπὶ
572 3168 733 3238 μόνου
772 3170 864 3224 τοῦ
899 3172 1187 3243 ἀνθρώπου
1232 3176 1405 3246 φήσας
1428 3191 1442 3204 ο
1483 3174 1831 3245 Ποιήσωμεν

244 3256 568 3326 ἄνθρωπον
601 3265 728 3315 κατ’
759 3265 963 3319 εἰκόνα
1001 3266 1293 3335 ἡμετέραν
1324 3268 1420 3322 καὶ
1454 3269 1582 3322 καθ’
1622 3270 1829 3337 ὁμοίω·
1859 3253 1900 3310 C

248 3366 368 3415 air,
409 3354 504 3405 καὶ
540 3354 811 3426 διαφόρως
834 3361 945 3421 τοῖς
987 3359 1162 3427 ἁγίοις
1191 3360 1497 3433 ἀνθρώποις
1526 3362 1826 3430 ἐπιφανεὶς,

248 3445 337 3495 καὶ
372 3445 695 3516 Πνεύματος
738 3449 913 3517 ἁγίου,
948 3451 1040 3505 καὶ
1079 3452 1357 3524 δυνάμεως
1387 3455 1637 3525 οὐρανίου
1669 3472 1833 3525 μετα-

248 3532 389 3597 δοὺς,
421 3536 500 3598 ὡς
532 3536 596 3588 τὸ
630 3537 820 3607 μέλλον
853 3541 1072 3607 εἰδέναι,
1109 3543 1201 3597 καὶ
1223 3544 1411 3608 νόσους
1437 3544 1700 3611 ἐλαύνειν,
1736 3545 1831 3599 καὶ

250 3628 475 3697 νεκροὺς
510 3629 766 3702 ἀνιστᾷν·
804 3634 899 3687 καὶ
931 3634 993 3686 τὸ
1035 3635 1288 3705 μέγιστον
1317 3637 1591 3701 ἁπάντων,
1626 3641 1690 3709 τῇ
1736 3638 1829 3691 τοῦ

250 3718 593 3786 Μονογενοῦς
620 3724 857 3794 τιμήσας
892 3726 1054 3779 αὑτὸν
1088 3729 1382 3801 παρουσίᾳ.

315 3812 470 3880 Δόξῃ
522 3814 621 3867 καὶ
656 3814 791 3885 τιμῇ
822 3817 1251 3887 ἐστεφάνωσας
1291 3822 1497 3887 αὐτὸν,
1534 3823 1635 3875 καί
1689 3840 1829 3876 κατ-

249 3899 519 3968 έστησας
572 3905 759 3959 αὐτὸν
807 3907 904 3961 ἐπὶ
956 3909 1029 3962 τὰ
1079 3910 1224 3979 ἔργα
1278 3911 1397 3964 τῶν
1440 3911 1655 3981 χειρῶν
1688 3930 1824 3969 σου.

248 3994 452 4048 Πάντα
510 3996 815 4065 ὑπέταξας
870 4002 1151 4056 ὑποκάτω
1199 4001 1319 4056 τῶν
1368 4003 1571 4059 ποδῶν
1621 4007 1827 4071 αὐτοῦ,

250 4089 513 4153 πρόϐατα
563 4090 662 4143 καὶ
715 4092 872 4158 ,ϐόας
916 4093 1141 4161 πάσας,
1175 4094 1263 4148 ἔτι
1293 4094 1363 4148 δὲ
1406 4096 1503 4149 καὶ
1534 4097 1607 4149 τὰ
1639 4098 1827 4165 κτήνη

246 4180 349 4232 τοῦ
401 4182 638 4247 πεδίου,
676 4184 749 4237 τὰ
796 4188 1036 4241 πετεινὰ
1066 4187 1173 4241 τοῦ
1218 4189 1497 4257 οὐρανοῦ,
1545 4189 1645 4244 καὶ
1688 4191 1831 4258 τοὺς

250 4276 459 4343 ιχθύας
492 4274 602 4344 τῆς
636 4280 973 4348 θαλάσσης,
1004 4281 1075 4334 τὰ
1099 4281 1570 4352 διαπορευόμενα
1592 4286 1831 4353 τρίϐους

248 4369 601 4427 θαλασσῶν.
637 4371 715 4442 Τῇ
764 4371 869 4443 γὰρ
922 4372 1111 4446 λογικῇ
1164 4375 1343 4443 φύσει,
1385 4376 1459 4439 ὡς
1506 4376 1572 4430 ἂν
1617 4377 1833 4447 ὡμοιω-

251 4461 386 4534 μένῃ
439 4461 582 4532 Θεῷ,
629 4465 726 4533 τὴν
778 4465 918 4519 κατὰ
974 4467 1190 4521 πάντων
1239 4469 1413 4539 ἀρχὴν
1461 4471 1554 4523 καὶ
1601 4470 1829 4541 δύναμιν

249 4553 581 4625 ἐδωρήσατο.
625 4557 684 4609 '0
713 4557 1018 4629 ἄνθρωπος,
1047 4562 1147 4632 τῆς
1174 4560 1361 4631 θεῖκῆς
1391 4552 1597 4625 εἰκόνος
1624 4562 1825 4629 λαϐὼν,

247 4644 318 4708 ὡς
369 4646 631 4715 βασιλεὺς
675 4650 927 4705 ἁπάντων
961 4654 1107 4706 ἐστὶν
1148 4656 1177 4707 ὀ
1219 4654 1369 4717 Θεὸς,
1419 4652 1589 4718 οὕτως
1643 4655 1826 4726 ἄρχων

248 4740 483 4811 κατέστη
518 4742 627 4793 τῶν
661 4743 753 4795 ἐπὶ
774 4743 895 4813 γῆς.
928 4744 990 4796 Εἰ
1016 4745 1073 4797 δὲ
1103 4744 1404 4808 καθολικῶς
1436 4745 1684 4817 εἴρηται·
1714 4748 1824 4801 Καὶ

247 4831 629 4898 κατέστησας
673 4834 860 4888 αὐτὸν
890 4836 987 4888 ἐπὶ
1014 4837 1085 4889 τὰ
1113 4838 1255 4905 ἔργα
1282 4836 1400 4889 τῶν
1433 4837 1648 4909 χειρῶν
1672 4853 1787 4892 σου
1810 4856 1823 4868 ·

248 4921 390 4991 λέγει
423 4924 482 4975 δὲ
528 4924 793 4996 άλλαχοῦο
829 4927 941 4980 Καὶ
981 4928 1054 4981 τὰ
1097 4928 1241 4997 ἔργα
1288 4929 1409 4981 τῶν
1454 4929 1668 4999 χειρῶν
1710 4945 1826 4985 σου

246 5018 406 5071 εἰσὶν
432 5020 487 5071 οἱ
529 5020 792 5087 οὐρανοί,
828 5021 984 5094 δῆλον
1024 5022 1099 5085 ὼς
1141 5023 1236 5076 καὶ
1276 5024 1368 5075 ἐπὶ
1407 5025 1533 5087 τοὺς
1565 5025 1826 5095 οὐρανοὺς

249 5112 584 5183 κατέστησεν
632 5113 817 5168 αὑτόν.
856 5116 966 5168 Καὶ
1016 5117 1222 5187 μήποτε
1270 5117 1596 5187 ἀπορῤήτως
1636 5116 1736 5187 τὴν
1775 5118 1832 5170 ὲν

249 5204 458 5275 οὐρανῷ
484 5205 769 5277 διατριϐὴν
794 5207 1067 5278 σημαίνει,
1093 5208 1200 5261 τῶν
1226 5209 1334 5261 ἀπὸ
1354 5209 1458 5278 γῆς
1490 5210 1667 5261 ἐκεῖσε
1702 5208 1832 5280 μεθ-

251 5298 573 5369 ισταμένων,
606 5299 693 5351 ὅτε
745 5298 996 5369 μέλλουσι
1032 5300 1308 5370 βασιλείαν
1354 5300 1708 5370 κληρονομεῖν
1737 5300 1830 5352 οὑ-

252 5390 423 5459 ρανῶν
457 5391 536 5453 ὡς
581 5391 936 5463 ἐπήγγελται.
968 5392 1129 5460 Λέγει
1162 5392 1218 5445 δὲ
1265 5394 1293 5445 ὁ
1324 5392 1534 5455 Παῦλος
1554 5408 1567 5421 ·
1604 5396 1832 5460 Κληρο-

250 5484 410 5551 νόμοι
470 5483 591 5552 μὲν
647 5485 829 5547 Θεοῦ,
885 5487 1365 5555 συγκληρονόμοι
1423 5485 1492 5538 δὲ
1545 5485 1822 5552 Χριστοῦ.

1859 4605 1906 4661 D

1937 1988 2112 2034 totum
2143 1981 2407 2035 mundum
2456 1984 3014 2054 circumplectuntur;
3060 1985 3219 2039 video
3256 1985 3383 2039 item
3422 1985 3505 2037 lu-

1935 2089 2063 2128 nam
2090 2081 2144 2128 et
2173 2077 2385 2135 stellas.
2423 2085 2478 2131 et
2504 2077 2665 2145 plane
2694 2092 2866 2132 nosco
2905 2079 3019 2131 htec
3050 2079 3233 2131 omnia
3278 2092 3505 2148 magnas

1934 2165 2323 2237 mirabilesque
2347 2167 2585 2221 universi
2614 2168 2816 2238 Opilicii
2850 2176 3031 2239 partes
3059 2184 3181 2224 esse
3208 2188 3220 2223 :
3264 2177 3506 2222 attamen

1935 2256 2037 2311 etsi
2086 2258 2216 2311 talia
2266 2266 2410 2325 sunt,
2466 2260 2591 2314 novi
2631 2275 2695 2314 ea
2744 2260 2965 2313 minima
3014 2276 3239 2331 operum
3285 2270 3505 2315 tuorum

1933 2365 2074 2407 esse.
2114 2350 2239 2406 Haec
2286 2353 2469 2423 itaque
2513 2361 2642 2408 sunt
2692 2353 2986 2425 digitorum
3031 2363 3250 2410 tuorum
3300 2371 3503 2427 Opera;

1932 2458 2043 2498 non
2074 2459 2204 2498 vero
2237 2460 2519 2506 manuum,
2553 2461 2732 2516 neque
2762 2462 2971 2518 magna:
2998 2447 3285 2517 cujusdam
3315 2454 3507 2518 poten-

1936 2537 2025 2592 tia;
2050 2546 2187 2605 tuaa;
2243 2539 2361 2602 sed,
2400 2548 2461 2592 ut
2518 2538 2593 2593 ita
2648 2540 2850 2604 dicam,
2902 2550 3269 2595 extremorum
3306 2539 3501 2611 digito-

1933 2644 2085 2685 rum:
2121 2630 2194 2684 ita
2242 2630 2493 2685 videlicet
2542 2632 2752 2700 tropice
2787 2639 3055 2687 vocantur
3103 2632 3332 2687 virtutes
3385 2632 3501 2697 Dei,

1932 2723 2133 2793 quibus
2166 2724 2451 2779 sensibilia
2481 2725 2825 2795 visibiliaque
2859 2740 3025 2795 opera
3056 2725 3362 2780 constituit.

2006 2897 2174 2954 Vens.
2207 2900 2260 2955 6.
2296 2898 2543 2953 Hinuisti
2583 2916 2701 2953 eum
2742 2899 2903 2968 paulo
2937 2899 3110 2952 minus
3162 2899 3227 2951 ab
3282 2898 3505 2967 angelis,

1933 2988 2103 3058 gloria
2128 2999 2177 3042 et
2208 2990 2403 3044 honore
2432 2990 2702 3043 coronasti
2732 3006 2875 3044 eum.
2910 2990 2976 3044 Et
3003 3005 3135 3045 sane
3162 2991 3267 3044 alia
3296 2992 3507 3045 ratione

1935 3081 2210 3137 hominem
2244 3083 2416 3152 gloria
2449 3093 2502 3137 et
2532 3082 2740 3137 honore
2774 3083 3058 3137 coronavit
3088 3081 3231 3135 Deus
3256 3101 3270 3149 ;
3301 3082 3369 3136 de
3390 3084 3507 3137 solo

1933 3178 2135 3247 quippe
2162 3178 2383 3231 homine
2413 3176 2584 3231 dixit:
2638 3174 2931 3229 Faciamus
2970 3175 3233 3228 hominem
3270 3173 3339 3228 ad
3370 3176 3508 3228 inta-

1933 3270 2106 3339 ginem
2129 3278 2177 3323 et
2204 3269 2605 3323 similitudinem
2632 3268 2946 3322 nostram”.
2986 3267 3320 3337 Diversoque
3346 3267 3508 3322 modo

1931 3362 2137 3415 sanctis
2154 3360 2464 3415 hominibus
2478 3360 2747 3430 apparuit,
2771 3358 3143 3430 Spiritumque
3160 3369 3407 3414 sanctum
3444 3376 3511 3414 ac

1933 3453 2216 3509 caelestem
2252 3460 2579 3522 potestatem
2616 3453 2834 3517 indidit,
2886 3459 2945 3506 ut
2989 3452 3172 3506 futura
3202 3467 3507 3522 praenosce-

1934 3552 2077 3609 rent,
2130 3546 2353 3601 morbos
2407 3546 2690 3614 pellerent,
2739 3553 2987 3601 mortuos
3034 3546 3404 3599 suscitarent:
3454 3554 3507 3599 et

1932 3638 2081 3708 quod
2132 3639 2377 3694 omnium
2409 3639 2951 3709 praestantissimum,
2996 3638 3275 3693 hominem
3309 3636 3503 3707 Unige-

1934 3730 2034 3785 niti
2060 3732 2144 3785 sui
2176 3730 2410 3786 adventu
2445 3732 2755 3785 honoravit.

2004 3820 2173 3877 Vens.
2212 3820 2325 3875 7-9.
2364 3821 2547 3875 Gloria
2602 3830 2651 3875 et
2716 3822 2911 3874 honore
2972 3822 3240 3875 coronasti
3269 3839 3406 3888 eum,
3456 3834 3505 3876 et

1932 3914 2258 3967 constituisti
2292 3930 2410 3967 eum
2456 3930 2612 3982 super
2638 3929 2795 3981 opera
2831 3931 3081 3967 manuum
3108 3924 3340 3970 tuarum.
3377 3914 3507 3971 0m—

1931 4006 2024 4060 nia
2050 4005 2320 4074 subjecisti
2350 4005 2444 4059 sub
2472 4005 2691 4074 pedibus
2723 4006 2859 4075 ejus,
2885 4022 3001 4060 oves
3031 4016 3078 4060 et
3125 4007 3271 4061 boves
3302 4008 3506 4062 univer-

1931 4116 2044 4163 sas,
2078 4100 2292 4168 insuper
2318 4109 2367 4152 et
2395 4115 2586 4167 pecora
2609 4102 2805 4170 campi,
2828 4100 3063 4154 volucres
3096 4100 3213 4153 caeli
3250 4110 3297 4154 et
3338 4105 3505 4170 pisces

1931 4193 2121 4255 maris,
2153 4193 2241 4261 qui
2281 4192 2651 4260 perambulant
2686 4194 2902 4248 semitas
2952 4194 3135 4246 maris.
3174 4192 3505 4248 Ralionabili

1931 4285 2078 4339 enim
2110 4292 2339 4348 naturae,
2375 4293 2565 4355 utpote
2607 4284 2675 4338 ad
2727 4284 3142 4340 similitudinem
3180 4284 3275 4340 Dei
3324 4285 3501 4350 factae,

1931 4376 2271 4433 dominatum
2315 4384 2751 4447 potestatemque
2781 4377 2835 4431 in
2870 4378 3053 4431 omnia
3084 4378 3294 4434 tribuit.
3332 4376 3505 4432 Homo

1931 4487 2063 4529 sane
2094 4472 2187 4527 Dei
2218 4473 2507 4542 imaginem
2544 4473 2771 4543 accepit,
2805 4488 2868 4526 ac
2894 4480 2953 4527 ut
2984 4489 3080 4529 rex
3096 4473 3339 4527 omnium
3361 4471 3504 4528 Deus

1932 4578 2037 4630 est,
2079 4567 2161 4621 sic
2206 4565 2321 4636 ipse
2381 4566 2639 4637 princeps
2669 4573 3017 4621 terrenarum
3050 4568 3291 4621 omnium
3321 4580 3503 4619 rerum

1931 4658 2264 4712 constitutus
2294 4665 2398 4714 est.
2436 4657 2593 4725 Quod
2625 4659 2671 4713 si
2697 4658 2995 4729 generatim
3026 4658 3139 4713 haec
3162 4658 3334 4727 posita
3352 4664 3500 4714 sunt.

1933 4749 2001 4804 Et
2032 4740 2356 4804 constituisti
2399 4766 2517 4804 eum
2560 4766 2716 4818 super
2751 4767 2912 4820 opera
2952 4765 3205 4804 manuum
3239 4755 3450 4799 tuarum
3480 4760 3502 4800 :

1932 4858 2057 4897 cum
2111 4843 2241 4897 alibi
2288 4843 2525 4909 dicatur,
2562 4842 2629 4896 Et
2663 4859 2821 4911 opera
2851 4859 3107 4898 manuum
3139 4850 3347 4894 tuarum
3378 4851 3499 4893 sunt

1932 4936 2048 4989 caeli
2075 4935 2143 5000 ⁸⁸,
2196 4935 2323 4990 hinc
2356 4936 2733 5005 consequitur,
2766 4936 2927 4990 etiam
2980 4949 3142 5004 super
3171 4932 3338 4987 cmlos
3369 4946 3501 4986 con-

1933 5028 2184 5084 stitutum
2210 5042 2241 5081 a
2272 5026 2383 5082 Deo
2416 5026 2608 5083 fuisse.
2660 5029 2730 5083 Ac
2762 5040 3041 5097 nunquam
3071 5039 3257 5079 eorum
3302 5024 3395 5094 qui
3432 5023 3501 5078 ad

1932 5132 2199 5189 supernas
2231 5118 2392 5174 sedes
2420 5118 2837 5183 transferentur,
2869 5116 3257 5172 habitationem
3281 5117 3333 5169 in
3361 5115 3501 5170 ctelo

1931 5210 2172 5264 futuram
2203 5210 2419 5265 occulte
2446 5216 2861 5274 commemorat,
2905 5208 2993 5263 ubi
3026 5206 3353 5278 promissum
3392 5205 3499 5261 sibi

1930 5300 2198 5354 caelorum
2249 5315 2477 5371 regnum
2512 5298 2823 5369 possessuri
2870 5305 3034 5365 sunt;
3071 5299 3145 5352 ait
3174 5297 3318 5353 enim
3355 5295 3500 5351 Pau-

1932 5390 2018 5444 lus
2056 5408 2068 5443 :
2111 5387 2361 5443 Han-edes
2407 5390 2614 5458 quidem
2654 5389 2771 5454 Dei,
2815 5387 3106 5443 cohwredes
3137 5397 3310 5442 autem
3345 5388 3499 5443 Chri-

1930 5481 2081 5536 sti".
2110 5480 2200 5536 Sic
2230 5482 2385 5545 illud.
2419 5486 2613 5543 Omnia
2671 5482 2907 5552 subjecit
2938 5482 3039 5538 sub
3066 5481 3292 5551 pedibus
3358 5475 3499 5545 eius.

252 5572 400 5627 Οὕτω
437 5576 534 5629 καὶ
569 5576 652 5639 τὸ,
689 5576 872 5630 Πάντα
908 5577 1173 5643 ὑπέταξεν
1206 5577 1464 5630 ὑποκάτω
1502 5574 1612 5629 τῶν
1646 5576 1823 5629 ποδῶν

1939 5574 2039 5640 iam
2071 5573 2482 5641 intelligendum
2506 5575 2574 5628 de
2602 5573 2933 5628 animalibus
2972 5592 2985 5628 :
3028 5580 3084 5627 at
3109 5573 3235 5642 quia
3270 5568 3502 5624 homini-

253 5664 428 5732 αὑτοῦ,
464 5669 688 5739 νοητέον
723 5668 818 5721 νῦν
853 5670 950 5740 μὲν
984 5668 1051 5721 τὰ
1080 5668 1226 5733 ζῶα·
1264 5668 1448 5740 ἐπειδὴ
1482 5668 1539 5722 δὲ
1582 5670 1676 5721 καὶ
1706 5667 1823 5737 βίος

1931 5668 2034 5722 bus
2062 5667 2115 5719 in
2150 5666 2289 5720 cmlo
2324 5680 2420 5735 par
2447 5666 2702 5737 angelica:
2734 5667 2839 5722 vita
2868 5667 3108 5740 reposita
3142 5671 3245 5730 est,
3278 5676 3403 5718 cum
3432 5661 3502 5717 ιιι.

308 5848 350 5881 ⁸⁷
389 5848 541 5906 Psal.
578 5864 710 5915 vm,
750 5849 841 5905 45.
918 5850 962 5883 ⁸⁸
1002 5849 1197 5906 Gcnes.
1233 5864 1289 5913 ι,
1325 5848 1415 5903 26.
1495 5848 1539 5881 ⁸9
1576 5846 1818 5915 Psal.cr,

1939 5889 1947 5903 .
2024 5848 2069 5879 ’°
2110 5845 2269 5904 Rom.
2309 5863 2436 5917 vm,
2472 5849 2561 5906 47.
