3948 6286
474 386 567 439 151

1164 379 1428 436 EUSEBII
1467 370 1940 439 CESARIENSIS
1972 384 2123 441 opp.
2162 382 2341 438 PARS
2377 381 2466 439 ut.
2496 414 2566 424 —
2586 379 2990 438 EXEGETICA.

3588 381 3689 434 132

473 503 544 557 lic
572 501 898 557 constitutus
928 497 1094 553 fuerit
1137 515 1302 570 super
1351 516 1516 571 opera
1572 517 1832 558 manuum
1884 504 2025 574 ejus,

2154 503 2413 572 σάγγελος
2445 502 2730 555 ἀπόκειται
2763 505 2874 564 τοῖς
2907 498 3212 570 ἀνθρώποις
3237 499 3293 551 ὲν
3319 498 3554 571 οὐρανῷ,
3578 483 3694 550 ἐκεῖ

471 593 640 647 caelos
669 598 722 645 et
769 589 951 643 omnia
984 605 1105 659 quae
1137 590 1190 643 in
1238 591 1318 644 eis
1365 598 1494 647 sunt
1553 593 2026 664 contemplabitur.

472 684 669 737 Beatus
697 691 875 735 autem
905 681 1106 734 Paulus
1140 681 1243 735 hoc
1272 681 1338 735 de
1375 681 1658 740 Salvatore
1691 687 1919 754 accepit,
1953 693 2035 738 ut-

472 781 597 842 pote
638 771 784 841 quod
837 769 941 839 ipsi
988 769 1045 822 in
1093 769 1276 823 futuro
1320 771 1518 826 saeculo
1550 773 1910 827 obventurum
1940 773 2031 829 sit.

467 864 811 934 Quapropter
841 863 917 914 ait
949 862 1026 915 illi
1054 860 1215 915 Pater
1243 879 1257 914 :
1290 859 1424 915 Sede
1453 879 1486 915 α
1531 862 1731 917 dextris
1769 865 1918 926 meis,
1947 863 2038 916 do-

466 968 561 1004 nec
588 967 777 1020 ponam
801 951 1039 1004 inimicos
1061 959 1177 1003 tuos
1204 950 1489 1005 scabellum
1512 953 1702 1020 pedum
1730 962 1940 1008 tuorum
1966 955 2032 1010 9‘.

900 1141 1220 1198 PSALMUS
1257 1142 1464 1196 DAVID
1501 1143 1592 1199 IX.

785 1236 831 1290 i'.
861 1236 927 1290 In
954 1239 1109 1306 ﬁnem
1147 1253 1241 1306 pro
1274 1237 1490 1290 occultis
1515 1235 1666 1289 Filii.

545 1327 708 1382 Multa
744 1339 898 1384 erant
925 1345 1047 1399 quae
1079 1330 1195 1398 ipse
1222 1329 1436 1384 occulte
1478 1335 1781 1397 peregerat,
1814 1343 2038 1397 genera-

475 1423 548 1475 tio
584 1423 791 1477 scilicet
824 1438 890 1476 ex
923 1421 1144 1491 Virgine
1176 1420 1475 1475 secundum
1509 1433 1728 1474 carnem
1777 1436 1874 1489 per
1917 1420 2042 1492 Spi-

474 1515 638 1566 ritum
667 1519 936 1576 sanctum,
961 1512 1240 1581 stupendae
1269 1511 1373 1563 illae
1399 1510 1625 1565 virtutes
1654 1511 1852 1579 quibus
1876 1512 2043 1565 mira~

475 1603 603 1656 bilia
633 1604 844 1669 edebat,
876 1620 1025 1658 mors
1069 1604 1270 1673 cjuset
1317 1601 1617 1658 descensus
1647 1605 1702 1658 in
1746 1603 2040 1668 infernum,

473 1709 536 1746 ac
568 1694 898 1748 resurrectio
927 1709 990 1750 ex
1023 1695 1270 1750 mortuis.
1305 1694 1450 1760 Haec,
1482 1696 1725 1765 inquam,
1758 1695 1940 1749 omnia
1963 1696 2044 1749 la-

473 1793 650 1840 tenter
691 1788 759 1842 ab
807 1788 925 1857 ipso
973 1795 1301 1858 perpetrata.
1347 1788 1482 1842 Nam
1535 1789 1650 1843 haec
1703 1787 2043 1858 principibus

2133 594 2405 657 καταστὰς
2437 596 2529 646 ἐπὶ
2571 593 2640 648 τὰ
2686 593 2824 664 ἔργα
2862 592 2967 646 τῶν
3013 593 3207 663 χειρῶν
3259 589 3445 655 αὑτοῦ,
3495 589 3694 660 θεωρὸς

2133 687 2375 758 οὐρανῶν
2405 687 2554 740 ἔσται
2591 687 2684 740 καὶ
2731 686 2838 739 τῶν
2879 688 2937 739 ὲν
2983 686 3182 748 αὐτοῖς.
3231 685 3288 738 Ὁ
3326 683 3383 736 δὲ
3430 682 3696 754 μακάριος

2133 780 2343 844 Παῦλος
2386 779 2479 833 καὶ
2525 780 2682 832 τοῦτο
2728 779 2854 851 περὶ
2899 778 2990 832 τοῦ
3032 779 3280 849 Σωτῆρος
3319 775 3589 843 ἐξέλαϐεν,
3637 777 3696 827 ὲν

2135 870 2288 922 αἰῶνι
2318 869 2395 941 τῷ
2429 870 2671 940 μέλλοντι
2704 870 3083 942 γενησόμενον.
3125 870 3215 922 Διό
3255 885 3386 939 φησι
3427 867 3562 939 πρὸς
3597 867 3694 920 αὒ-

2134 962 2225 1016 τὸν
2257 965 2286 1015 ὁ
2329 963 2550 1034 Πατήρ’
2587 962 2783 1017 Κάθου
2824 962 2892 1015 ἐκ
2935 961 3147 1027 δεξιῶν
3169 979 3310 1031 μου,
3353 960 3461 1025 ἕως
3502 958 3577 1013 ἂν
3616 956 3698 1013 θῶ

2134 1055 2276 1122 τοὺς
2307 1056 2556 1125 ἐχθρούς
2582 1072 2700 1110 σου
2729 1055 3060 1110 ὑποπόδιον
3083 1053 3203 1108 τῶν
3227 1052 3430 1107 ποδῶν
3454 1068 3591 1106 σου.

2545 1148 2834 1201 ΨΑΛΜΟΣ
2865 1147 2952 1199 ΤΩ
2983 1146 3178 1198 ΔΑΥΙΔ
3205 1145 3285 1201 8’.

2243 1245 2348 1307 Εἰς
2381 1240 2447 1294 τὸ
2479 1239 2653 1305 τέλος
2682 1238 2834 1306 ὑπὲρ
2858 1235 2975 1291 τῶν
3003 1237 3266 1305 κρυφίων
3293 1236 3401 1289 τοῦ
3438 1236 3594 1291 Υίοῦ.

2208 1334 2387 1387 Πολλὰ
2427 1333 2484 1384 δὲ
2521 1327 2588 1403 ἦν
2617 1330 2766 1400 αὐτῷ
2797 1330 2866 1384 τά
2900 1329 3144 1402 κρυφίως
3176 1328 3542 1399 πεπραγμένα
3574 1328 3610 1398 ἦ
3647 1344 3704 1381 τε

2141 1428 2205 1479 ὲκ
2237 1425 2514 1498 Παρθένου
2555 1423 2642 1476 διὰ
2674 1423 2985 1493 Πνεύματος
3017 1422 3170 1490 ἁγίου
3194 1421 3333 1474 κατὰ
3367 1421 3545 1492 σάρκα
3579 1421 3705 1488 γέν-

2141 1534 2314 1588 νησις,
2346 1515 2400 1568 αἳ
2436 1531 2495 1567 τε
2540 1513 2824 1584 παράδοξοι
2857 1513 2950 1566 καὶ
2986 1510 3386 1581 θαυματουργοὶ
3427 1510 3703 1581 δυνάμεις,

2142 1607 2169 1659 ὃ
2198 1623 2256 1659 τε
2285 1605 2508 1667 θάνατος
2546 1604 2706 1666 αὐτὸς
2735 1604 2827 1656 καὶ
2855 1605 2888 1672 ὴ
2923 1604 3002 1664 εἰς
3035 1601 3164 1672 ᾅδου
3201 1600 3422 1662 κάθοδος
3455 1600 3549 1652 καὶ
3579 1601 3612 1669 ἡ
3646 1601 3707 1650 ἐκ

2143 1698 2348 1769 νεκρῶν
2382 1696 2693 1759 ἁναδίωσις,
2725 1693 2909 1748 Ταῦτα
2936 1693 3043 1764 γὰρ
3076 1691 3223 1763 αὐτῷ
3257 1691 3434 1745 πάντα
3465 1689 3708 1760 κρυφίως

2145 1791 2477 1863 πέπρακται.
2521 1787 2833 1858 Ἀπὲκρυψε
2866 1786 2973 1856 γὰρ
3005 1786 3144 1838 αὐτὰ
3173 1785 3266 1838 καί¹
3295 1785 3417 1846 τοὺς
3449 1784 3710 1852 ἄρχοντας

472 1879 636 1948 hujus
685 1882 872 1935 mundi
908 1881 1227 1935 abscondita
1269 1882 1462 1938 voluit.
1521 1880 1597 1938 De
1629 1881 1716 1938 bis
1751 1895 1916 1952 porro
1948 1895 2042 1935 oc-

2152 1883 2234 1937 τοῦ
2278 1881 2480 1952 κόσμου
2512 1879 2718 1934 τούτου.
2758 1878 2927 1949 ’Υπὲρ
2953 1877 3018 1948 δὴ
3051 1876 3252 1930 τούτων
3278 1875 3385 1928 τῶν
3413 1873 3658 1945 κρυφίων
3683 1873 3712 1924 ό

470 1973 634 2027 cultis
669 1973 743 2025 ait
773 1971 1041 2042 Propheta
1070 1992 1085 2028 :

547 2062 710 2120 Vens.
741 2063 794 2117 2.
841 2064 1145 2135 Conﬁtebor
1186 2065 1302 2130 tibi,
1361 2065 1606 2129 Domine,
1653 2066 1707 2120 in
1740 2074 1848 2120 toto
1884 2063 2039 2119 corde

472 2170 605 2218 meo,
638 2157 866 2210 narrabo
897 2159 1073 2210 omnia
1107 2157 1376 2210 mirabilia
1409 2167 1520 2213 tua.
1567 2157 1777 2212 Similia
1809 2157 1926 2227 ipse
1963 2155 2040 2209 ait

473 2246 527 2300 in
559 2247 870 2318 Evangeliis
900 2251 946 2281 θ’
969 2268 980 2303 :
1007 2249 1312 2318 Conﬁtebor
1334 2249 1449 2315 tibi,
1474 2249 1656 2314 Pater,
1677 2249 1898 2302 Domine
1924 2247 2040 2302 caeli

467 2349 517 2392 et
550 2347 721 2402 terrm,
751 2341 876 2408 quia
923 2340 1247 2396 abscondisti
1275 2342 1384 2397 Izwc
1422 2361 1454 2398 a
1486 2341 1807 2412 sapientibus
1836 2351 1884 2395 et
1907 2357 2040 2410 pru-

469 2427 732 2494 dentibus,
764 2440 812 2484 et
842 2433 1084 2485 revelasti
1119 2450 1182 2486 ea
1203 2434 1458 2503 parvulis.
1489 2433 1548 2488 In
1583 2435 1794 2504 psalmo
1823 2448 2040 2503 quoch

470 2522 536 2574 de
564 2523 793 2578 occultis
819 2526 1023 2594 gratias
1054 2526 1185 2596 agit,
1242 2537 1295 2582 et
1342 2535 1466 2598 post
1515 2527 1811 2598 gratiarum
1863 2529 2036 2580 actio-

470 2627 618 2674 nem,
647 2629 808 2683 quam
841 2631 940 2684 pro
969 2617 1143 2671 salute
1182 2626 1372 2673 nostra
1401 2619 1595 2684 edidit,
1628 2634 1729 2673 nos
1760 2618 1828 2673 de
1873 2618 2040 2672 mira-

470 2704 670 2758 bilibus
702 2703 880 2762 Patris
911 2709 994 2762 sui
1023 2707 1344 2764 edocturum
1376 2725 1455 2775 se,
1482 2710 1548 2765 de
1567 2711 1684 2780 ipsa
1708 2709 1887 2766 Patris
1917 2726 2041 2765 con-

470 2798 820 2866 templatione
850 2801 1155 2865 exsultans,
1205 2803 1512 2872 pollicetur.
1551 2802 1694 2858 Sane
1733 2812 1922 2874 utpote
1950 2801 2042 2858 Fi-

469 2887 543 2940 lio
574 2889 750 2943 inerat
782 2891 883 2960 ipsi
909 2895 1150 2964 cognitio
1179 2895 1418 2951 nominis
1451 2895 1597 2965 quod
1636 2895 1827 2950 deitati
1860 2894 2042 2951 Patris

469 2982 575 3044 sui,
610 2983 756 3036 nulla
785 3000 916 3040 voce
950 2987 1207 3057 nulloque
1246 2987 1470 3042 nomine
1507 2986 1861 3057 explicandae,
1893 3002 2043 3041 com-

469 3073 708 3142 petebat.
759 3071 884 3130 Hatc
950 3077 1206 3141 maxime,
1261 3076 1458 3145 inquit,
1514 3074 1711 3130 faciam
1748 3085 2040 3146 postquam

467 3163 745 3220 inimicam
799 3168 923 3221 vita:
975 3177 1203 3224 mortem
1242 3170 1446 3232 vicero,
1494 3168 1562 3222 de
1609 3184 1716 3237 qua
1770 3167 1972 3223 dicitur
2023 3184 2038 3222 :

2145 1977 2433 2047 Προφήτης
2456 1973 2636 2041 λέγει·

2227 2062 2774 2134 Ἐξομολογήσομαί
2823 2074 2943 2125 σοι,
2993 2061 3188 2128 Κύριε,
3228 2058 3298 2111 ἐν
3337 2057 3448 2127 ὅλῃ
3494 2053 3714 2124 καρδίᾳ

2138 2173 2281 2226 μου,
2312 2154 2671 2224 διηγήσομαι
2719 2151 2916 2206 πάντα
2952 2153 3024 2206 τὰ
3063 2149 3364 2220 θαυμάσιοί
3409 2163 3544 2202 σου.
3589 2148 3714 2200 Τοι-

2144 2246 2283 2300 αῦτα
2310 2245 2400 2298 καὶ
2429 2244 2589 2308 αὐτὸς
2613 2244 2670 2296 ὲν
2688 2241 3034 2311 Εὑαγγελίοις
3060 2241 3222 2312 φησίν
3238 2257 3253 2270 ο
3291 2236 3716 2307 Ἐξομολογοῦ-

2140 2336 2250 2406 μαί
2276 2350 2395 2400 σοι,
2435 2332 2647 2401 Πάτερ,
2677 2333 2858 2399 Κύριε
2889 2331 2994 2385 τοῦ
3019 2329 3277 2398 οὐρανοῦ
3317 2327 3416 2382 καὶ
3441 2327 3553 2396 τῆς
3580 2324 3715 2397 γῆς,

2145 2429 2236 2482 ὅτι
2282 2427 2637 2496 ἀπέκρυψας
2675 2426 2860 2479 ταῦτα
2895 2424 3014 2479 ἀπὸ
3045 2423 3251 2492 σοφῶν
3295 2423 3392 2476 καὶ
3419 2419 3719 2484 συνετῶν,

2144 2521 2244 2575 καὶ
2268 2518 2667 2587 ἀπεκάλυψας
2691 2517 2876 2572 ταῦτα
2907 2518 3164 2586 νηπίοις.
3191 2515 3300 2571 Καὶ
3327 2518 3384 2570 ὲν
3414 2515 3492 2586 τῷ
3519 2513 3720 2584 ψαλμῷ

2145 2615 2254 2687 γὰρ
2287 2600 2415 2686 περὶ
2451 2613 2558 2668 τῶν
2594 2612 2839 2684 κρυφίων
2871 2612 3194 2683 εὐχαριστεῖ.
3231 2611 3384 2664 Μετὰ
3414 2609 3469 2661 δὲ
3509 2609 3607 2678 τὴν
3641 2609 3722 2659 εὑ-

2145 2705 2450 2779 χαριστίαν,
2486 2705 2546 2778 ἣν
2577 2705 2716 2776 ὑπὲρ
2754 2705 2852 2775 τῆς
2891 2703 3167 2775 ἡμετέρας
3211 2702 3503 2773 ἐποιήσατο
3549 2716 3723 2770 σωτην

2150 2801 2288 2872 ρίας,
2321 2799 2447 2870 περί
2470 2796 2578 2850 τῶν
2611 2795 2928 2866 θαυμασίων
2956 2795 3049 2849 τοῦ
3074 2795 3287 2866 Πατρὺς
3311 2794 3545 2858 διδάξειν
3572 2795 3724 2864 ἡμᾶς

2147 2891 2540 2961 ἐπαγγέλλεται
2564 2893 2630 2961 τῇ
2669 2888 2763 2943 τοῦ
2794 2889 3005 2961 Πατρὸς
3031 2888 3455 2958 ὲναγαλλόμενος
3481 2886 3598 2958 θέᾳ.
3637 2886 3724 2948 Ὧς

2145 2984 2202 3038 δὲ
2235 2984 2351 3054 Υίῷ
2379 2985 2471 3037 καὶ
2499 2985 2532 3054 ἡ
2562 2982 2759 3052 γνῶσις
2791 2982 2971 3053 παρῆν
3001 2981 3095 3035 τοῦ
3129 2981 3387 3051 ὀνόματος
3413 2980 3512 3050 τῆς
3537 2977 3724 3047 θεότη-

2146 3095 2237 3141 τος
2264 3077 2356 3131 τοῦ
2391 3077 2629 3150 ἀρρήτου
2663 3077 2755 3130 καὶ
2785 3075 3226 3146 ἀκατονομάστου
3259 3073 3489 3145 Πατρός.
3537 3069 3726 3124 Ταῦτα

2147 3170 2204 3224 δὲ
2259 3171 2509 3240 μάλιστα,
2553 3169 2706 3240 φησι,
2759 3169 2968 3240 ποιήσω
3016 3167 3108 3219 τὸν
3158 3167 3255 3236 τῆς
3309 3165 3453 3235 ζωῆς
3495 3164 3726 3232 νικήσας

469 3257 776 3312 Novissima
809 3261 1025 3313 inimica
1065 3259 1365 3314 destruetur
1395 3277 1535 3314 mors
1560 3261 1628 3314 ⁸³.
1665 3260 1800 3315 Nam
1834 3270 2042 3315 retror-

2152 3263 2336 3336 ἐχθρὸν
2365 3264 2612 3329 θάνατον,
2644 3263 2773 3335 περὶ
2803 3257 2864 3316 οῦ
2885 3262 3163 3316 λέλεκται·
3198 3262 3488 3329 Ἔσχατος
3513 3257 3727 3325 ἐχθρὸς

471 3365 592 3404 sum
622 3356 994 3415 convertetur,
1027 3352 1078 3405 id
1111 3361 1216 3414 est,
1250 3352 1304 3406 in
1339 3353 1628 3422 pristinam
1665 3369 1822 3407 suam
1853 3353 2044 3408 condi-

471 3442 694 3505 tionem,
727 3459 835 3512 qua
879 3459 986 3497 non
1017 3444 1316 3499 exsistebat
1361 3464 1374 3498 :
1430 3444 1572 3498 Deus
1622 3447 1767 3501 enim
1824 3457 2045 3503 mortem

471 3551 575 3586 non
610 3534 729 3602 fecit
775 3535 842 3602 ⁸⁸,
892 3535 986 3591 sed
1037 3535 1238 3589 invidia
1291 3536 1494 3591 diaboli
1542 3554 1684 3591 mors
1736 3539 1955 3594 intravit
1988 3541 2044 3594 in

472 3627 726 3680 mundum
749 3629 815 3681 9'.
849 3627 977 3693 Qua:
1009 3645 1132 3682 cum
1161 3628 1465 3694 evenerint,
1500 3630 1694 3700 reliqui
1737 3632 1899 3685 etiam
1929 3647 2045 3686 om-

471 3734 568 3773 nes
602 3720 752 3774 verbi
783 3721 860 3775 tui
902 3721 1131 3788 inimici,
1162 3720 1361 3775 infirmi
1411 3721 1642 3777 evadent
1673 3738 1737 3778 ac
1776 3723 1830 3777 in
1861 3723 2045 3794 perni-

474 3809 609 3866 ciem
645 3812 819 3866 ibunt.

548 3985 710 4041 Vens.
742 3988 794 4041 9.
844 3986 909 4039 Et
949 3987 1058 4056 ipse
1093 3987 1359 4056 judicabit
1399 3972 1576 4043 orbeni
1607 3998 1760 4044 terra:
1793 3989 1847 4042 in
1877 3994 2045 4064 justi-

481 4079 578 4147 tia,
614 4079 879 4148 judicabit
900 4081 1119 4149 populos
1143 4082 1197 4135 in
1220 4082 1556 4154 (equitate.Si
1580 4083 1617 4137 ii
1646 4084 1738 4153 qui
1761 4083 1814 4137 in
1844 4083 2046 4137 mundo

471 4179 780 4231 versantur,
815 4187 923 4224 non
957 4173 1158 4226 similia
1203 4189 1369 4242 opera
1426 4176 1748 4240 edidissent,
1779 4175 2046 4245 judicium

475 4259 568 4314 Dei
603 4262 812 4329 justum
844 4279 954 4318 non
987 4272 1172 4331 esset;
1208 4265 1301 4334 qui
1334 4267 1451 4335 pari
1483 4267 1695 4321 ratione
1732 4276 2047 4336 peccatores

474 4353 763 4422 supplicio,
792 4355 970 4421 justos
1005 4356 1177 4425 gloria
1200 4355 1382 4411 allicit.
1415 4357 1692 4411 Judicabit
1735 4360 1956 4428 populos
1991 4362 2047 4413 in

473 4449 738 4516 (equitate.
769 4445 965 4502 Orbem
993 4456 1151 4504 terra:
1186 4459 1344 4528 vocat
1377 4450 1696 4517 Ecclesiam,
1739 4469 1860 4522 quae
1892 4454 2048 4507 inha—

474 4541 678 4594 bitalur
707 4555 736 4593 a
767 4539 948 4608 Patre,
1009 4540 1148 4597 Filio
1191 4553 1244 4598 et
1288 4542 1496 4612 Spiritu
1531 4553 1743 4606 sancto,
1792 4545 1948 4613 juxta
1983 4546 2048 4598 il-

2146 3356 2579 3427 καταργήσεται
2605 3359 2637 3410 ὁ
2664 3353 2940 3422 θάνατος.
2979 3355 3480 3426 Ἀποστραφήσεται
3506 3349 3614 3420 γάρ
3649 3351 3728 3411 εἰς

2143 3448 2213 3501 τά
2253 3449 2447 3514 ὀπίσω,
2481 3448 2729 3501 τουτέστι
2759 3447 2857 3519 τὴν
2902 3446 3124 3519 πρώτην
3176 3445 3339 3499 αὑτοῦ
3373 3443 3726 3505 κατάστασιν,

2145 3543 2232 3595 ὅτε
2263 3541 2336 3612 μὴ
2359 3542 2674 3612 ὑφεστήκει.
2714 3543 2774 3594 Ὁ
2799 3541 2908 3614 γάρ
2947 3541 3092 3606 Θεὸς
3121 3539 3380 3595 θάνατον
3398 3539 3510 3591 οὐκ
3534 3536 3727 3601 ἐποίη-

2145 3651 2283 3689 σεν·
2329 3639 2529 3705 φθόνῳ
2577 3636 2637 3689 δὲ
2684 3636 2964 3691 διαϐόλου
3010 3637 3265 3701 θάνατος
3315 3633 3600 3702 εἰσῆλθεν
3639 3633 3728 3697 είς

2146 3727 2252 3780 τὸν
2283 3729 2515 3796 κόσμον
2536 3745 2548 3757 ·
2581 3721 2643 3781 οῦ
2685 3728 2748 3801 δὴ
2778 3728 3060 3798 γεγονότος
3100 3729 3195 3781 καὶ
3223 3730 3272 3780 οἱ
3307 3726 3484 3780 λοιποὶ
3526 3725 3728 3786 πάντες

2146 3817 2331 3888 ἐχθροὶ
2379 3817 2471 3870 τοῦ
2526 3817 2684 3887 λόγου
2739 3833 2833 3870 σου
2883 3817 2977 3870 καὶ
3031 3815 3280 3886 πολέμιοι
3330 3812 3726 3884 ἀσθενήσαντες

2147 3907 2492 3962 ἀπολοῦνται.

2216 4001 2327 4055 Καὶ
2385 4001 2568 4067 αὐτὸς
2613 4001 2802 4070 κρινεῖ
2842 4001 2958 4070 τὴν
3005 4001 3361 4069 οἰκουμένην
3395 3999 3464 4052 ἐν
3507 3996 3727 4050 δικαιο-

2147 4094 2328 4161 σύνῃ,
2358 4093 2551 4172 κρινεῖ
2592 4093 2781 4159 λασὺς
2816 4093 2885 4146 ἐν
2915 4093 3210 4160 εὐθύτητι.
3259 4091 3323 4143 Ei
3367 4092 3414 4143 oi
3446 4090 3505 4140 ἐν
3545 4090 3613 4158 τῇ
3647 4088 3727 4141 oi-

2149 4203 2244 4238 κου
2253 4186 2385 4255 μένῃ
2420 4187 2518 4237 οὐκ
2543 4187 2599 4237 ὲν
2621 4185 2826 4255 ὁμοίοις
2841 4185 2978 4237 εἰσὶν
3004 4183 3205 4255 ἔργοις,
3226 4183 3326 4235 οὐκ
3345 4181 3408 4236 ἂν
3425 4177 3532 4233 εἷεν
3550 4179 3628 4250 (1)
3651 4177 3726 4232 δι-

2149 4277 2407 4349 καιοσύνη
2449 4279 2482 4349 ἡ
2520 4279 2701 4350 κρίσις
2733 4278 2828 4331 τοῦ
2875 4276 3044 4330 Θεοῦ·
3083 4275 3282 4346 ὁμοίως
3314 4276 3441 4338 τοὺς
3479 4269 3727 4343 ἁμαρτά-

2149 4385 2336 4430 νοντας
2385 4368 2624 4434 κολάζει,
2675 4367 2708 4440 ἦ
2759 4370 2884 4432 τοὺς
2939 4368 3179 4430 δικαίους
3235 4365 3464 4431 δοξάζει.
3526 4363 3729 4432 Κρινεῖ

2149 4462 2338 4527 λαοὺς
2361 4462 2430 4514 ἐν
2449 4464 2743 4529 εὐθύτητι.
2773 4465 2935 4515 Οἰκου
2945 4463 3111 4533 μένην
3139 4462 3235 4532 μὲν
3256 4461 3355 4531 τὴν
3382 4458 3726 4528 Ἐκκλησίαν,

2150 4552 2271 4622 ἥτις
2302 4555 2527 4605 οἰκεῖται
2557 4553 2660 4604 ὑπὸ
2695 4553 2787 4605 τοῦ
2815 4554 3026 4625 Πατρὸς
3059 4553 3152 4606 καὶ
3202 4551 3296 4604 τοῦ
3326 4549 3479 4615 Υἱοῦ,
3512 4548 3605 4602 καὶ
3630 4547 3725 4600 τοῦ

475 4631 564 4683 lud
596 4651 607 4684 :
647 4630 758 4702 Ego
780 4641 834 4686 et
861 4631 1022 4688 Pater
1054 4635 1123 4687 ad
1153 4652 1272 4688 eum
1317 4637 1602 4700 veniemus,
1639 4645 1688 4689 et
1720 4639 2042 4691 mansionem

2155 4621 2309 4712 ἁγίου
2345 4645 2678 4714 Πνεύματος,
2711 4646 2852 4699 κατὰ
2881 4621 2975 4698 τόν·
3013 4645 3153 4714 Ἐγὼ
3178 4646 3272 4698 καὶ
3303 4645 3330 4696 ὁ
3356 4644 3544 4715 Πατὴρ
3567 4643 3728 4695 ἐλευ-

477 4723 614 4791 apud
632 4741 750 4778 eum
780 4725 1034 4794 faciemus
1058 4727 1124 4781 ’⁸.
1149 4727 1388 4798 Populos
1409 4738 1590 4784 autent
1619 4729 1856 4799 appellat
1885 4738 2049 4784 caete-

475 4831 568 4871 ros
599 4833 788 4873 omnes
822 4821 914 4889 qui
960 4825 1114 4874 extra
1144 4819 1445 4876 Ecclesiam
1480 4830 1794 4886 versantur,
1832 4828 1926 4874 aut
1953 4823 2044 4892 qui

477 4921 544 4960 ex
579 4908 998 4966 circumcisione
1027 4918 1178 4966 sunt.
1216 4911 1484 4981 Quotquot
1513 4913 1653 4965 enim
1685 4912 1744 4965 in
1782 4913 1890 4983 lege
1927 4928 2048 4981 pec-

477 5011 746 5067 caverunt,
772 5019 862 5071 per
892 5005 1052 5076 legem
1075 5005 1500 5076 jttdicabuntur;
1530 5007 1619 5076 qui
1650 5023 1768 5060 vero
1799 5008 1912 5060 sine
1938 5007 2046 5077 lege

479 5097 794 5163 transgressi
818 5107 959 5162 sunt,
989 5099 1105 5152 sine
1140 5099 1249 5168 lege
1277 5099 1519 5167 peribunt
1556 5099 1628 5158 ⁸⁷.

551 5185 717 5242 Vens.
762 5188 969 5252 10,11.
1015 5189 1084 5243 Et
1134 5191 1309 5260 factus
1349 5202 1426 5246 est
1475 5191 1734 5245 Dominus
1784 5191 2047 5262 refugium

477 5279 713 5345 pauperi,
746 5279 960 5346 adjutor
983 5281 1039 5334 in
1070 5283 1574 5353 opportunitatibus,
1599 5283 2045 5340 iit-tribulatione.

481 5371 548 5423 Et
579 5382 783 5439 sperent
811 5374 864 5426 in
903 5385 949 5428 te
979 5379 1067 5444 qui
1098 5387 1348 5431 noverunt
1379 5393 1564 5431 nomen
1599 5386 1768 5440 tuum,
1796 5377 2046 5446 quoniam

480 5480 583 5516 non
622 5463 946 5532 dereliquisti
974 5479 1262 5535 qurerentes
1312 5478 1380 5532 te,
1412 5467 1655 5523 Domine.
1688 5467 1788 5523 Cui
1823 5472 2046 5538 pauperi

475 5554 641 5624 judex
673 5556 940 5626 refugium
967 5557 1140 5615 factus
1163 5571 1269 5619 est.
1298 5561 1406 5615 nisi
1430 5562 1485 5616 in
1514 5563 1691 5632 primo
1721 5563 1844 5616 vita!
1866 5562 2044 5616 curri,

2153 4737 2379 4804 σόμεθα
2406 4738 2555 4804 πρὸς
2599 4737 2803 4803 αὐτὸν,
2849 4737 2947 4790 καὶ
2975 4737 3176 4805 μονὴν
3220 4739 3356 4804 παρ’
3381 4735 3540 4800 αὐτῷ
3569 4751 3728 4801 ποιη-

2153 4830 2378 4896 σόμεθα
2402 4845 2414 4857 ·
2457 4829 2619 4891 λαοὺς
2654 4828 2711 4880 δὲ
2749 4829 2874 4891 τοὺς
2904 4829 3121 4893 λοιποὺς
3165 4829 3315 4900 παρὰ
3357 4828 3454 4897 τὴν
3498 4825 3726 4896 Ἐκκλη-

2169 4912 2322 4977 σίαν,
2371 4911 2404 4981 ἢ
2451 4912 2577 4976 τοὺς
2619 4913 2684 4964 ὲκ
2728 4915 3044 4984 περιτομῆς.
3095 4915 3259 4966 Ὅσοι
3301 4913 3412 4980 γὰρ
3458 4911 3527 4963 ἐν
3571 4909 3733 4977 νόμῳ

2169 5003 2466 5072 ἥμαρτον,
2507 5003 2603 5057 διὰ
2639 5006 2827 5074 νόμου
2876 5005 3290 5072 κριθήσονται,
3337 5001 3456 5056 τῶν
3500 4999 3732 5070 ἀνόμως

2167 5095 2627 5165 ἁμαρτανόντων
2652 5099 2883 5166 ἀνόμως
2915 5096 3367 5164 ἀπολλυμένων.

2220 5195 2330 5249 Καὶ
2353 5193 2588 5264 ἐγένετο
2613 5196 2825 5264 Κύριος
2855 5195 3168 5265 καταφυγὴ
3211 5192 3291 5258 τῷ
3323 5191 3552 5258 πένητι,
3573 5189 3725 5256 ,βοη-

2153 5287 2255 5354 θὸς
2294 5288 2364 5341 ἐν
2409 5289 2756 5357 εὐκαιρίαις,
2788 5290 2858 5342 ἐν
2902 5289 3124 5356 θλίψει.
3173 5287 3283 5340 Καὶ
3327 5282 3726 5344 ἐλπιζέτωσαν

2152 5379 2249 5433 ἐπὶ
2289 5380 2364 5432 σὲ
2411 5384 2466 5434 οἱ
2510 5379 2905 5451 γινώσκοντες
2950 5379 3016 5432 τὸ
3071 5377 3259 5448 ὄνομά
3300 5392 3438 5440 σου,
3484 5373 3575 5428 ὅτι
3613 5375 3725 5428 οὐκ

2151 5469 2537 5539 ἐγκατέλιπες
2569 5471 2711 5536 τοὺς
2753 5467 3151 5538 ἐκζητοῦντάς
3186 5483 3280 5530 σε,
3333 5465 3529 5531 Κύριε.
3579 5460 3726 5530 Ποίῳ

2151 5564 2208 5616 δὲ
2259 5565 2451 5634 πένητι
2499 5564 2788 5634 καταφυγὴ
2833 5563 3050 5640 γέγονεν
3089 5563 3117 5614 ό
3161 5560 3373 5630 κριτὴς,
3413 5554 3594 5625 ἀλλ’ἢ
3648 5551 3726 5622 τῷ

471 5675 588 5754 .h_"
631 5673 774 5754 Psa‘l.
808 5691 895 5730 cxx
920 5715 934 5732 .
967 5677 1140 5754 LM”
1183 5679 1368 5732 Matth.
1409 5696 1483 5735 XI.
1515 5680 1605 5736 25.
1683 5680 1730 5712 ’³
1769 5679 1788 5733 1
1820 5680 1948 5737 Cor.
1982 5698 2042 5737 xv

2152 5683 2204 5739 6.
2281 5683 2327 5717 ”
2367 5682 2496 5754 Sap.
2531 5698 2570 5748 ι,
2609 5683 2694 5736 15.
2773 5681 2818 5714 ⁵⁸
2893 5690 3021 5750 bap.
3058 5694 3130 5745 ιι,
3166 5676 3256 5731 24.
3331 5674 3377 5708 ⁸⁸
3415 5671 3572 5728 Joan.
3615 5684 3724 5734 xw,

478 5745 564 5799 25.
641 5747 689 5830 9:
725 5744 882 5800 Rom.
919 5762 992 5812 II,
1029 5747 1113 5800 12.

553 5837 794 5908 (1)Εἴεν.
824 5839 986 5898 Forte
1011 5841 1122 5896 εῖν.
1150 5841 1310 5898 Enn.
