3948 6286
259 384 356 438 Ιῖιδ

1389 375 1887 438 ΕΟΜΜΕΝΤΑΒΙᾹ
1924 372 1988 426 ΙΝ
2026 371 2363 427 PSALMOS.

3387 373 3488 434 134

252 495 396 548 κατᾶ
452 496 550 549 τὸν
609 500 824 570 πρῶτον
873 499 979 569 βίον
1037 501 1134 569 τὴν
1183 499 1370 571 στενὴν
1421 499 1678 551 ὡδευκότι
1739 493 1832 548 καὶ

1947 489 2079 553 :ulo,
2129 490 2181 543 in
2211 496 2438 559 angusta
2488 496 2541 543 et
2575 499 2723 544 arcta
2768 491 2851 544 via
2906 490 3222 558 incesserit;
3278 507 3487 548 necnon

248 585 647 659 τεθλιμμένην,
680 591 771 643 καὶ
798 590 872 660 τῷ
903 590 1320 661 μακαριζομένῳ
1349 590 1563 660 πτωχῷ,
1592 590 1829 660 δηλονότι

249 675 326 744 τῷ
371 677 643 748 πνεύματι
672 698 684 745 ;
715 679 883 733 Τοῦτο
905 681 959 733 δὲ
999 670 1258 750 μαθόντες
1294 682 1342 733 οἱ
1383 681 1736 750 γινώσκοντες
1772 682 1832 734 τὸ

247 765 430 834 ὄνομά
467 783 584 832 σου,
629 771 724 821 καὶ
761 771 838 822 δτι
882 771 937 821 ἐν
979 770 1056 840 τῷ
1093 772 1188 840 τῆς
1221 770 1612 840 δικαιοκρισίας
1658 769 1833 840 καιρῷ

245 861 388 922 τοὺς
413 860 776 931 ἐκζητοῦντάς
806 879 862 914 σε
892 863 983 915 νῦν
1006 864 1106 915 οὐκ
1130 863 1559 930 ἐγκαταλείψεις,
1587 861 1834 915 ἐντεῦθεν

248 949 633 1014 ἐλπιζέτωσαν
683 954 777 1005 ἐπὶ
817 954 877 1006 σὲ
907 955 1080 1008 πάντα
1105 955 1191 1009 διὰ
1231 953 1328 1018 τὰς
1361 954 1589 1024 ἀμοιϐὰς
1631 953 1835 1024 ὑπομέ-

246 1057 462 1104 νοντες.
509 1054 534 1074 ο

335 1134 845 1203 Ἀγιιλλιασόμεθα
873 1135 970 1189 ἐπὶ
1012 1136 1092 1202 τῷ
1127 1137 1396 1205 σωτηρίῳ
1434 1152 1570 1197 σου,
1620 1133 1832 1187 ἐνεπά-

246 1241 463 1292 τησαν
491 1226 634 1294 ἔθνη
664 1227 734 1280 ὲν
760 1227 1044 1296 διαφθορᾷ
1153 1230 1466 1296 ἐποίησαν.
1511 1229 1606 1279 Ἐν
1634 1226 1835 1295 παγίδι

245 1318 450 1384 ταύτῃ
475 1312 514 1387 ᾖ
554 1319 827 1386 ἔκρυψαν
852 1319 1204 1389 συνελήφθη
1242 1324 1274 1373 ό
1305 1321 1456 1386 ποῦς
1486 1319 1702 1373 αὐτῶν.
1739 1321 1836 1371 Γι-

247 1407 558 1461 νώσκεται
582 1412 793 1478 Κύριος
829 1411 1080 1481 κρίματα
1117 1411 1320 1466 ποιῶν.
1366 1413 1461 1464 Ἐν
1491 1411 1612 1476 τοῖς
1645 1411 1835 1479 ἔργοις

245 1498 380 1551 τῶν
413 1500 629 1568 χειρῶν
650 1502 835 1557 αὑτοῦ
857 1502 1208 1572 συνελήφθη
1238 1507 1269 1556 ό
1293 1503 1657 1572 άμαρτωίίῖς.
1703 1501 1834 1573 ᾨδὴ

246 1591 696 1661 διαψὰλματος.
743 1593 900 1646 Ἀλλὰ
932 1594 1025 1646 καὶ
1057 1595 1167 1656 τοῖς
1211 1592 1489 1646 εὐσεϐέσιν
1526 1591 1837 1645 ἐπιϐουλεύ-

249 1699 478 1745 σαντες,
540 1685 764 1747 ἑαυτοὺς
816 1685 1171 1756 περιέπειραν
1236 1684 1500 1754 ἀπωλείᾳ.
1559 1685 1691 1737 Τότε
1745 1684 1837 1736 καὶ

246 1775 636 1846 γνωσθήσεται
665 1776 844 1846 δικαία
878 1777 1055 1848 κρίσει
1085 1775 1362 1847 χρώμενος
1386 1778 1413 1829 6
1441 1776 1588 1838 Θεὸς.
1635 1775 1753 1846 ’ῼδὴ
1780 1775 1835 1828 δὲ

1935 583 2181 636 mendico
2227 591 2280 634 et
2334 582 2578 652 pauperi,
2635 583 2828 652 spiritu
2883 583 3111 647 scilicet,
3162 585 3252 653 qui
3299 585 3490 641 beatus

1934 671 2294 740 praedicatur?
2322 670 2433 724 lloc
2468 687 2589 725 cum
2620 673 2944 727 edidicerint
2972 675 3064 743 qui
3107 682 3371 728 noverunt
3392 690 3491 730 no-

1936 779 2057 817 men
2092 772 2265 825 tuuin,
2315 764 2469 832 gnari
2512 780 2728 834 quoque
2760 775 2812 819 te
2837 766 2967 834 justi
3013 766 3202 835 judicii
3254 778 3492 838 tempore

1935 870 2045 907 non
2076 856 2390 909 relicturum
2414 871 2510 910 eos
2535 857 2626 925 qui
2649 872 2796 911 nunc
2817 865 3066 927 quaerunt
3091 866 3176 922 te;
3210 859 3335 914 inde
3356 860 3492 915 bene

1935 956 2156 1015 sperent
2186 948 2238 1000 in
2265 955 2338 1010 te,
2373 949 2687 1017 patientiam
2733 950 2788 1002 in
2828 950 3082 1006 omnibus
3120 950 3381 1007 habentes
3423 953 3493 1008 ob

1935 1046 2178 1108 paratam
2211 1040 2644 1094 retributionem.

2008 1127 2174 1181 Vens.
2210 1129 2298 1192 l6,
2335 1130 2422 1184 Π.
2473 1129 2873 1184 Εσδιιίιαὺ-ίηιιιε
2914 1133 2968 1184 in
3019 1134 3247 1187 salutari
3261 1130 3380 1200 ἰιι-ο,
3408 1137 3494 1188 in-

1937 1219 2058 1287 ﬁxa:
2085 1229 2206 1273 sunt
2229 1230 2400 1289 gentes
2432 1223 2484 1274 in
2516 1223 2730 1276 interitu
2757 1240 2907 1292 quem
2939 1224 3187 1285 fecerunt.
3225 1226 3289 1279 In
3312 1229 3494 1298 laqueo

1938 1309 2037 1361 isto
2062 1326 2210 1379 quem
2235 1311 2638 1373 absconderunt,
2666 1315 3062 1380 comprehensus
3084 1325 3160 1368 est
3181 1332 3267 1383 pes
3291 1333 3492 1373 eorum.

1938 1401 2291 1471 Cognoscetur
2331 1403 2589 1457 Dominus
2628 1405 2839 1474 judicia
2887 1406 3103 1474 faciens.
3142 1405 3208 1460 In
3253 1411 3496 1477 operibus

1938 1511 2185 1547 manuum
2204 1513 2420 1549 suarum
2439 1498 2830 1566 comprehensus
2850 1509 2926 1552 est
2945 1509 3200 1568 peccator.
3221 1499 3498 1555 Canticum

1938 1585 2329 1654 diapsalmalis.
2362 1587 2473 1642 lmo
2503 1605 2632 1644 vero
2655 1589 2782 1642 dum
2812 1590 2916 1659 piis
2938 1591 3248 1646 hominibus
3271 1592 3499 1647 insidias

1939 1685 2234 1741 struerent,
2272 1695 2390 1734 sese
2424 1680 2477 1733 in
2514 1680 2809 1750 perniciem
2840 1689 2893 1734 et
2936 1682 3214 1736 interitum
3249 1685 3498 1753 conjece-

1939 1778 2084 1824 runt.
2131 1770 2282 1826 Tune
2313 1781 2492 1826 autem
2527 1780 2884 1843 cognoscetur
2926 1773 3070 1829 Deus
3113 1776 3260 1844 justo
3287 1776 3498 1845 judicio

246 1868 664 1938 διαψὰλματος·
709 1869 784 1932 ὼς
832 1869 896 1922 ἂν
947 1869 1248 1940 μεταϐολῆς
1301 1869 1670 1939 γεγενημένης
1716 1869 1834 1938 ἦτοι

1947 1880 2089 1920 usus.
2139 1864 2424 1919 Canticum
2459 1867 2832 1936 diapsalmatis
2861 1867 3083 1931 dicitur,
3117 1875 3174 1922 ut
3206 1867 3346 1922 facta
3379 1884 3500 1922 mu-

251 1960 461 2028 μέλους
494 1960 636 2013 κατὰ
664 1960 758 2030 τὴν
800 1961 1053 2032 Ἐϐραῒδα
1084 1961 1283 2031 φωνὴν,
1312 1960 1345 2030 ἢ
1382 1960 1663 2031 μελῳδίας,
1688 1960 1720 2030 ἢ
1745 1961 1836 2012 καὶ⁹

248 2053 351 2123 τῆς
389 2053 630 2116 διανοίας
668 2054 837 2123 αὐτῆς
880 2053 985 2106 τῶν
1022 2052 1356 2123 λελεγμένων
1390 2055 1473 2123 ἐφ’
1501 2053 1686 2123 ἕτερον
1715 2051 1836 2106 νοῦν

258 2145 710 2214 μεταϐαλλόντων
744 2146 833 2198 τὸν
858 2146 1035 2214 λόγον.

336 2236 924 2305 Ἀποστραςρήτωσαν
955 2239 1008 2288 οἱ
1039 2237 1368 2304 ἁμαρτωλοί
1400 2238 1486 2301 εὶς
1524 2237 1628 2290 τὸν
1661 2235 1832 2302 ᾅδην,

252 2329 457 2383 πάντα
488 2329 561 2382 τὰ
593 2330 734 2397 ἔθνη
774 2331 846 2384 τὰ
876 2331 1393 2398 ἐπιλιινθιινόμενιι
1436 2329 1542 2382 τοῦ
1579 2329 1744 2382 Θεοῦ.
1775 2331 1838 2382 Et

250 2421 365 2492 γὰρ
400 2423 499 2474 καὶ
534 2421 627 2473 νῦν
660 2420 1064 2490 ἀκιαισθητοῦσι,
1111 2419 1223 2472 ἀλλ’
1254 2419 1372 2489 ἣξει
1406 2419 1506 2487 τῆς
1549 2420 1779 2489 κρίσεως
1810 2420 1838 2471 6

253 2513 472 2584 ναιρός.
512 2513 644 2566 Θεοῦ
687 2514 743 2567 δὲ
788 2513 1088 2583 ἄνθρωπος,
1121 2511 1221 2565 κᾶν
1253 2511 1380 2582 δοκῇ
1428 2513 1840 2583 καταπεφρονῆ-

256 2605 384 2657 σθαι
414 2607 565 2675 παρὰ
591 2606 745 2668 Θεοῦ,
773 2604 850 2674 τῷ
881 2603 1030 2674 παρὰ
1062 2603 1168 2656 τῶν
1203 2602 1534 2674 ἁμαρτωλῶν
1568 2605 1840 2672 ἀνήκεστα
1878 2601 1884 2606 ’

255 2699 529 2767 πάσχειν·
570 2698 683 2750 ἀλλ’
731 2699 789 2750 οὐ
827 2697 1176 2768 παραδέδοται
1207 2696 1363 2766 λήθῃ.
1399 2696 1471 2748 Οὐ
1514 2694 1622 2766 γὰρ
1669 2698 1747 2758 εἰς
1781 2695 1840 2747 τὸ

253 2791 413 2852 τέλος
451 2790 873 2861 ὲπιλησθήσεται
907 2791 934 2842 6
968 2789 1180 2859 πτωχὸς
1206 2788 1283 2858 τῷ
1315 2788 1618 2858 πνεύματι·
1654 2787 1763 2851 ’ἑξει
1785 2787 1840 2840 δὲ

255 2882 475 2952 καρπὸν
520 2884 611 2934 καὶ
641 2883 792 2946 τέλος
828 2881 1026 2950 ἀγαθὸν
1061 2881 1149 2934 διὰ
1191 2882 1290 2952 τὴν
1321 2882 1378 2934 ὲν
1423 2883 1534 2946 τοῖς
1579 2879 1840 2952 παροῦσιν

254 2975 564 3044 ὑπομονήν.

338 3067 687 3135 Ἀνάστηθι,
719 3067 911 3134 Κύριε,
938 3066 1024 3134 μὴ
1056 3066 1464 3133 κραταιούσθω
1510 3063 1838 3133 ἅνθρωπος,

255 3155 646 3224 κριθήτωσαν
676 3156 816 3223 ἔθνη
844 3156 1100 3209 ἐνώπιόν
1123 3172 1257 3209 σου.
1287 3153 1702 3224 Κατάστησον,
1726 3159 1842 3210 Κύ-

1937 1959 2159 2023 tatione,
2207 1959 2321 2013 sive
2374 1960 2556 2023 metri,
2607 1959 2904 2014 secundum
2935 1959 3258 2016 Hebraicam
3285 1975 3498 2026 vocem,

1937 2051 2050 2105 sive
2084 2051 2349 2116 melodize,
2385 2053 2498 2107 sive
2527 2052 2818 2107 verborum
2842 2054 3108 2108 sententia
3142 2055 3197 2108 in
3227 2055 3386 2109 aliam
3419 2055 3496 2110 si-

1937 2141 2334 2212 gniﬁcationem
2357 2143 2641 2198 translata.

2011 2232 2179 2288 Vens.
2220 2235 2304 2289 18.
2349 2234 2735 2290 Convertuntur
2756 2246 3051 2304 peccatores
3103 2239 3158 2290 in
3209 2237 3495 2307 infernum,

1938 2341 2114 2379 omnes
2144 2336 2316 2395 gentes
2362 2344 2478 2396 qua:
2509 2328 2887 2382 obliviscuntur
2917 2329 3100 2384 Deum.
3135 2329 3358 2383 Etiamsi
3388 2330 3499 2398 jam

1939 2419 2089 2472 nullo
2128 2435 2290 2475 sensu
2320 2428 2623 2489 moventur,
2655 2429 2710 2475 at
2733 2422 2911 2476 ve'niet
2938 2421 3128 2490 judicii
3153 2432 3387 2492 tempus.
3416 2421 3503 2475 ln-

1941 2513 2100 2566 terim
2137 2513 2298 2567 homo
2322 2512 2438 2577 Dei,
2461 2515 2564 2569 etsi
2594 2513 2844 2568 videatur
2885 2513 2952 2566 ab
2981 2515 3100 2583 ipso
3136 2513 3245 2569 Deo
3278 2515 3498 2584 negligi,

1941 2605 2070 2658 dum
2112 2605 2467 2660 intolerandis
2513 2622 2543 2660 a
2594 2605 2975 2676 peccatoribus
3025 2604 3256 2660 alﬁcitur
3300 2608 3500 2672 malis,

1941 2695 2283 2767 nequaqua’m
2315 2698 2368 2751 in
2398 2698 2726 2752 oblivionem
2758 2699 2924 2752 venit.
2975 2696 3092 2750 Non
3138 2698 3282 2751 enim
3330 2713 3504 2767 usque

1943 2786 1998 2840 in
2045 2789 2207 2841 tinem
2233 2802 2439 2857 pauper
2463 2789 2658 2858 spiritu
2694 2803 2723 2841 a
2755 2787 2864 2842 Deo
2891 2789 3277 2859 negligendus;
3313 2789 3404 2844 sed
3433 2786 3507 2843 ob

1943 2887 2264 2948 praesentem
2293 2879 2629 2948 patientiam,
2676 2886 2730 2934 et
2765 2879 3001 2934 fructum
3033 2895 3190 2934 suum
3221 2888 3275 2934 et
3301 2880 3504 2934 bonum

1943 2969 2106 3024 ﬁnem
2133 2975 2517 3038 consequetur.

2014 3059 2181 3115 Vens.
2213 3061 2305 3124 20,
2340 3061 2430 3115 21.
2472 3060 2734 3134 Exsurge,
2768 3061 3012 3128 Domine,
3043 3079 3143 3115 non
3177 3061 3503 3131 confortetur

1945 3152 2118 3215 homo,
2137 3152 2446 3222 judicentur
2477 3163 2649 3222 gentes
2683 3155 2738 3207 in
2770 3165 3045 3221 conspectu
3076 3162 3184 3207 tuo.
3211 3153 3502 3217 Constitue,

251 3208 370 3314 pie,
418 3208 750 3314 νομοθέτην
780 3208 870 3299 ἐπ’
899 3247 1120 3313 αὐτούς
1139 3265 1151 3277 ·
1190 3245 1510 3316 γνώτωσαν
1537 3208 1705 3315 ὲθνη,
1753 3249 1840 3302 ὅτι

1947 3246 2187 3311 Domine,
2226 3247 2578 3316 legislatorem
2607 3263 2761 3316 super
2800 3263 2928 3301 eos:
2959 3247 3130 3300 sciant
3161 3256 3332 3317 gentes
3373 3263 3505 3316 quo-

253 3335 566 3403 ἂνθρωποι
591 3339 735 3390 εἰσι.
781 3337 1044 3407 Διεγείρει
1084 3335 1175 3388 τὸν
1219 3335 1352 3389 Θεὸν
1392 3335 1467 3399 ὡς
1514 3335 1615 3405 τῆς
1646 3336 1841 3405 ἀνοχῆς

258 3429 426 3480 αὑτοῦ
464 3429 559 3481 καὶ
584 3429 677 3481 τοῦ
708 3429 936 3482 πλούτου
969 3429 1066 3500 τῆς
1101 3427 1465 3499 χρηστότητος
1495 3428 1588 3481 καὶ
1615 3427 1711 3498 τῆς
1743 3444 1843 3497 μα-

261 3519 589 3590 κῳθυμίας,
626 3521 892 3592 ἀναϐολὴν
933 3521 1030 3591 μὲν
1073 3519 1405 3590 ἐμποιούσης
1438 3519 1603 3589 αὐτῷ,
1635 3520 1845 3590 ἐπιτρι-

259 3613 362 3682 δὴν
401 3613 459 3665 δὲ
513 3617 626 3676 τοῖς
668 3613 920 3665 ἀσεϐέσιν
964 3611 1290 3683 ἀνθρώποις.
1325 3609 1634 3681 Εὑξάμενος
1664 3610 1720 3663 δὲ
1760 3613 1846 3663 ὲν-

267 3705 432 3758 ώπιον
448 3706 544 3758 τοῦ
575 3706 710 3758 Θεοῦ
734 3706 983 3777 κριθῆναι
1018 3704 1086 3758 τὰ
1108 3704 1255 3775 ἔθνη,
1282 3703 1376 3756 νῦν
1405 3702 1711 3766 ἀκολούθως
1738 3703 1845 3775 πρὸ

267 3798 361 3869 τῆς
391 3799 694 3871 μελλούσης
733 3799 965 3870 κρίσεως
997 3799 1136 3864 ἀξιοῖ
1165 3797 1381 3867 δοθῆναι
1415 3799 1525 3858 τοῖς
1555 3795 1732 3849 ἔθνεσι
1760 3812 1845 3848 νο-

274 3891 524 3962 μοθέτην,
558 3893 643 3944 ἵνα
688 3891 950 3954 μάθωσιν,
985 3890 1059 3953 ὡς
1091 3890 1226 3941 εἰσὶν
1271 3888 1564 3959 ἄνθρωποι,
1593 3887 1705 3940 ἀλλ’
1745 3885 1846 3939 οὐκ

270 3983 434 4051 ἄλογα
470 3984 587 4047 ζῶα
611 4001 624 4013 ο
659 4002 719 4036 ου
745 3984 853 4054 γὰρ
884 3982 1094 4050 ἀλόγοις
1123 3981 1322 4033 δίδοται
1353 3981 1530 4050 νόμος.
1563 3980 1676 4032 Οὐκ
1700 3978 1765 4032 ἂν
1788 3978 1844 4030 δὲ

271 4073 412 4141 λέγοι
457 4075 701 4144 Μωῦσῆν
743 4075 832 4127 τὸν
884 4075 941 4140 ἐξ
980 4073 1280 4144 ἀνθρώπων
1327 4073 1492 4126 πάλαι
1542 4071 1844 4142 γεγενημέ-

270 4180 374 4224 νον,
406 4163 530 4216 οὐδὲ
561 4164 720 4232 νόμον
761 4165 852 4215 τὸν
897 4162 1076 4233 μόνοις
1118 4161 1338 4214 τεθέντα
1381 4164 1491 4223 τοῖς
1533 4160 1802 4223 Ἰουδαίοις
1827 4177 1841 4192 ο

272 4251 378 4304 ἀλλ’
406 4252 531 4304 οὐδὲ
558 4252 863 4322 προσδοκᾷν
887 4252 1071 4322 ἕτερον
1118 4247 1276 4312 εἶναι,
1308 4251 1369 4302 τὸ
1413 4249 1501 4302 διὰ
1541 4250 1720 4319 πάσης
1758 4248 1846 4300 έλ-

274 4342 378 4398 θεῖν
410 4349 511 4414 τῆς
540 4343 864 4413 οἰκουμένης
888 4344 983 4412 τῆς
1011 4343 1214 4412 Καινῆς
1240 4341 1508 4411 Διαθήκης
1539 4341 1628 4394 τὸν
1661 4341 1841 4411 νόμον.

274 4436 505 4508 Χριστὸς
557 4437 664 4508 γὰρ
694 4439 720 4489 6
763 4435 1074 4506 νομοθέτης,
1120 4435 1212 4487 καὶ
1261 4431 1354 4485 τοῦ
1404 4431 1738 4500 Εὐαγγελίου
1787 4432 1846 4484 τὸ

1944 3340 2087 3392 niam
2105 3337 2336 3392 homines
2368 3347 2511 3393 sunt.
2538 3337 2708 3393 Deum
2735 3339 2958 3402 excitat,
2994 3345 3054 3392 ut
3087 3339 3176 3408 qui
3221 3339 3510 3393 tolerantia

1945 3445 2066 3494 sua,
2095 3437 2257 3500 atque
2285 3431 2337 3484 vi
2361 3431 2661 3485 clementiae
2714 3437 2768 3484 et
2815 3430 3106 3500 patientiae,
3156 3429 3257 3484 sibi
3289 3429 3506 3500 quidem

1942 3537 2310 3578 aerumnarum
2340 3522 2772 3586 diuturnitatem,
2805 3521 2987 3592 impiis
3033 3537 3160 3576 vero
3197 3521 3510 3575 hominibus

1943 3613 2176 3669 vexandi
2201 3621 2416 3684 tempus
2438 3614 2666 3668 tribuat.
2700 3612 2993 3684 Postquam
3035 3624 3212 3667 autem
3253 3621 3508 3683 precatus

1942 3713 2050 3774 est,
2081 3713 2142 3760 ut
2170 3707 2482 3777 judicentur
2511 3711 2698 3773 gentes
2723 3702 2779 3756 in
2805 3711 3100 3772 conspectu
3123 3699 3238 3767 Dei,
3261 3702 3374 3770 jam
3418 3719 3510 3757 ro-

1943 3806 2034 3871 gat
2064 3806 2123 3852 ut
2155 3805 2282 3853 ante
2325 3797 2570 3852 futurum
2623 3794 2891 3864 judicium
2927 3795 3177 3864 gentibus
3232 3794 3509 3864 legislator

1944 3891 2337 3952 constituatur,
2361 3895 2420 3942 ut
2458 3887 2673 3942 discant
2701 3901 2760 3940 se
2787 3886 3056 3950 homines,
3083 3901 3190 3941 non
3213 3886 3372 3940 bruta
3401 3888 3512 3940 ani-

1944 3982 2130 4046 malia,
2160 3995 2282 4036 esse
2311 3997 2323 4033 :
2353 3993 2478 4032 nam
2526 3977 2705 4033 brutis
2759 3976 3088 4031 animalibus
3148 3977 3234 4030 lex
3287 3977 3512 4031 minime

1945 4073 2125 4128 datur.
2151 4071 2418 4126 Caeterum
2445 4085 2554 4124 non
2583 4068 2673 4123 hic
2698 4069 2765 4124 de
2780 4067 2963 4138 Moyse
2979 4067 3109 4139 agit,
3131 4068 3225 4138 qui
3244 4067 3354 4136 jam
3380 4067 3509 4122 olim

1946 4165 2014 4220 de
2041 4165 2221 4219 medio
2244 4163 2525 4217 hominum
2561 4161 2814 4217 sublatus
2842 4158 3050 4220 fuerat;
3096 4173 3274 4228 neque
3297 4159 3364 4214 de
3396 4159 3512 4228 lege

1945 4272 2067 4326 quae
2095 4256 2227 4311 solis
2259 4253 2465 4309 Judaais
2491 4254 2617 4309 data
2649 4253 2848 4315 fuerat,
2875 4266 3050 4320 neque
3081 4251 3198 4304 vult
3229 4251 3389 4304 aliam
3416 4265 3512 4304 ex-

1948 4349 2186 4418 spectari
2230 4348 2423 4418 legem,
2472 4357 2531 4400 ut
2570 4344 2705 4399 Novi
2734 4343 3069 4401 Testamenti
3104 4344 3190 4398 lex
3225 4351 3394 4396 totum
3422 4357 3514 4395 or-

1947 4444 2069 4497 bem
2109 4441 2386 4512 pervadat.
2420 4439 2671 4494 Christus
2699 4439 2846 4492 enim
2878 4439 3176 4510 legislator,
3207 4434 3514 4504 Evangelii-

275 4533 535 4602 κήρυγμα
581 4531 890 4600 κεκράτηκε
950 4528 1056 4581 τῶν
1102 4526 1290 4580 ἐθνῶν.
1350 4525 1484 4596 Περὶ
1528 4519 1588 4577 οὗ
1620 4523 1708 4576 διὰ
1748 4522 1841 4574 τοῦ

1947 4548 2053 4602 que
2102 4532 2415 4602 praedicatio
2461 4531 2514 4584 in
2565 4531 2816 4602 gentibus
2863 4529 3120 4584 obtinuit.
3166 4527 3242 4582 De
3281 4541 3391 4596 quo
3417 4541 3512 4595 per

278 4625 556 4693 προφήτου
616 4623 778 4692 φησὶν
829 4623 856 4674 6
905 4620 1129 4690 Πατήρ·
1175 4616 1318 4671 Ἰδοὺ
1365 4619 1396 4669 ό
1431 4615 1570 4680 παῖς
1609 4633 1728 4683 μου
1771 4614 1843 4666 ὂν

276 4716 541 4782 ᾑρέτισα,
597 4717 628 4766 ὁ
668 4713 948 4778 ἐκλεκτός
993 4728 1111 4779 μου
1159 4712 1244 4774 είς
1296 4706 1367 4760 ὃν
1418 4705 1750 4772 εὐδόκησεν
1805 4706 1843 4772 ἡ

274 4807 438 4876 ψυχή
489 4823 630 4874 μου.
682 4806 896 4873 Κρίσιν
950 4803 1075 4869 τοῖς
1123 4803 1364 4854 ἔθνεσιν
1412 4798 1655 4862 ἐξοίσει.
1723 4799 1844 4850 Οὐκ

277 4901 479 4968 ἐρίσει,
538 4899 680 4952 οὐδὲ
726 4897 1068 4966 κραυγάσει,
1123 4892 1264 4947 οὐδὲ
1318 4889 1762 4956 ἀκουσθήσεται
1808 4888 1846 4955 η

279 4992 440 5059 φωνὴ
472 4988 680 5044 αὐτοῦ.
722 4988 1003 5057 Κάλαμον
1034 4981 1560 5051 συντεθλασμένον
1598 4981 1668 5033 οὐ
1698 4995 1849 5032 συν-

280 5086 490 5152 τρίψει,
539 5083 638 5136 καὶ
679 5083 854 5135 λίνον
903 5081 1241 5148 τυφόμενον
1297 5075 1368 5129 οὐ
1415 5073 1656 5127 σϐέσειο
1711 5070 1848 5124 ἀλλ’

282 5182 362 5244 είς
403 5176 695 5246 ἀλήθειαν
719 5175 940 5238 ἐξοίσει
978 5172 1195 5239 κρίσιν.
1243 5167 1626 5235 Ἀναλάμψει,
1650 5165 1746 5218 καὶ
1781 5166 1852 5217 οὐ

284 5267 740 5337 θραυσθήσεται,
764 5265 872 5331 ἕως
895 5263 972 5318 ἂν
999 5262 1190 5330 θῇεὲπὶ
1233 5259 1342 5328 τῆς
1364 5258 1475 5327 γῆς
1506 5258 1727 5325 κρίσιν,
1753 5257 1851 5310 καὶ

283 5362 358 5426 τῷ
412 5363 658 5430 ὀνόματι
715 5358 901 5412 αὐτοῦ
955 5355 1096 5424 ἔθνη
1148 5353 1466 5407 ἐλπιοῦσιν
1526 5352 1622 5423 (Ι).
1673 5352 1744 5403 Τὸ
1793 5351 1850 5404 δὲ

295 5454 576 5524 Ἐϐραῖκδν
610 5453 706 5504 καὶ
728 5467 778 5503 οι
805 5449 980 5503 λοιποὶ
1006 5447 1205 5508 πάντες
1243 5444 1594 5516 έρμηνευταὶ,
1625 5442 1734 5496 Καὶ
1767 5441 1848 5507 τῷ

284 5548 436 5612 νόμῳ
473 5544 662 5599 αὐτοῦ
702 5543 844 5610 ἔθνη
870 5541 1210 5604 ἐλπιοῦσιν,
1245 5537 1534 5604 ἐξέδωκαν.

349 5665 393 5696 ’⁸
432 5665 537 5720 lsa.
576 5680 688 5718 χιιι
713 5703 728 5729 ,
771 5662 886 5718 1-4.

1950 4624 2272 4694 prophetam
2307 4623 2386 4677 ait
2428 4621 2590 4678 Pater
2623 4641 2635 4676 :
2673 4622 2804 4677 Ecce
2833 4638 2961 4690 puer
2988 4637 3151 4684 meus,
3173 4635 3322 4688 quem
3357 4619 3508 4688 elegi,

1951 4717 2142 4768 electus
2165 4732 2344 4779 meus;
2381 4715 2698 4785 complacuit
2721 4715 2821 4768 sibi
2841 4717 2895 4768 in
2916 4714 3008 4768 illo
3041 4713 3220 4765 anima
3242 4726 3375 4763 mea.
3410 4708 3514 4762 Ju-

1953 4807 2150 4861 dicium
2182 4806 2422 4878 gentibus
2455 4807 2704 4877 proferet.
2732 4806 2854 4862 Non
2877 4804 3166 4868 contendet,
3204 4818 3363 4871 neque
3393 4801 3510 4856 cla-

1951 4898 2138 4962 mabit,
2163 4913 2322 4967 neque
2346 4897 2590 4953 audietur
2612 4915 2711 4953 vox
2738 4900 2870 4968 ejus.
2905 4897 3183 4951 Calamum
3205 4904 3512 4963 quassatum

1954 5008 2057 5044 non
2090 5000 2342 5055 conteret,
2367 5001 2416 5045 et
2457 4993 2623 5045 linum
2656 4993 2919 5061 fumigans
2945 5005 3045 5042 non
3073 4990 3392 5056 exstinguet;
3419 4987 3510 5040 sed

1953 5084 2008 5136 in
2038 5083 2254 5137 veritate
2279 5082 2459 5136 educet
2487 5083 2768 5151 judicium.
2797 5079 3154 5149 Resplendebit
3182 5086 3230 5131 et
3267 5093 3369 5130 non
3401 5079 3512 5131 col-

1957 5173 2168 5238 lidetur,
2197 5171 2360 5248 donec
2389 5184 2552 5242 ponat
2585 5174 2639 5226 in
2682 5181 2824 5226 terra
2847 5168 3130 5238 judicium,
3161 5176 3211 5222 et
3243 5168 3298 5220 in
3327 5184 3512 5222 nomen

1953 5265 2066 5334 ejus
2095 5276 2269 5336 gentes
2301 5264 2581 5334 sperabunt
2611 5264 2678 5315 ’⁸.
2714 5260 3039 5314 llebraicum
3083 5268 3262 5314 autem
3293 5267 3347 5313 et
3386 5259 3514 5311 reli-

1954 5359 2045 5427 qui
2072 5373 2263 5413 omnes
2285 5359 2608 5427 interpretes
2639 5353 2967 5410 ediderunt:
3003 5351 3071 5405 Et
3113 5354 3168 5407 in
3204 5353 3365 5423 legem
3396 5351 3514 5422 ejus

1954 5460 2127 5520 gentes
2154 5449 2452 5518 sperabunt.

352 5786 422 5854 (1)
453 5786 506 5837 In
535 5779 805 5839 llebraico
838 5782 1035 5852 legitur
1066 5760 1201 5841 π’πιττ
1227 5785 1356 5837 ουκ
1383 5754 1624 5843 mnu-1'71,
1659 5771 1709 5828 id
1734 5780 1816 5829 est

1947 5767 2154 5837 lulgata
2184 5765 2593 5832 interpretatur,
2643 5757 2711 5813 Et
2757 5759 2808 5816 in
2847 5758 3006 5828 legem
3053 5754 3166 5824 ejus
3197 5746 3383 5805 insulx
3413 5759 3510 5800 ea:-

284 5857 609 5924 spectabunt.

1947 5946 1952 5952 ι
1989 5944 2020 5952 .4.
2031 5945 2038 5951 ο
