3948 6286
468 341 570 394 135

1171 339 1440 396 EUSEBII
1478 337 1954 395 CASSABIENSIS
1990 337 2140 395 OPP.
2183 336 2362 394 PARS
2400 337 2487 394 Ill.
2527 371 2594 379 —
2643 337 3053 394 EXEGETlCA.

3580 350 3671 405 156

1415 435 1754 492 PSALMUS
1794 435 1846 491 X
1903 433 2309 492 SECUNDUM
2354 433 2736 490 IIEBR/EOS.

537 527 702 583 Vens.
751 528 801 593 1,
848 527 902 582 2.
947 526 1017 582 Ut
1066 530 1211 601 quid,
1265 529 1508 596 Domine,
1554 531 1815 586 recessisti
1857 531 2022 600 longe,
2055 535 2100 591 Α

465 623 687 678 despicis
726 622 782 675 in
820 624 1321 690 opportunitatibus,
1366 624 1423 677 in
1467 623 1846 680 tribulatione?
1883 623 2022 677 Dum

470 715 701 783 superbit
730 717 944 779 impius,
981 716 1278 769 incenditur
1318 732 1553 784 pauper:
1580 717 2023 786 comprehendun-

467 817 552 862 tur
581 811 634 862 in
661 808 896 862 consiliis
929 806 1114 879 quibus
1149 808 1400 877 cogitant.
1444 811 1527 863 An
1568 809 1695 879 quia
1749 808 1890 864 Deus
1918 817 2021 876 est,

466 899 766 955 secundum
795 899 1138 968 Apostolum,
1171 902 1264 967 qui
1305 899 1722 968 comprehendit
1748 899 2022 969 sapientes

465 990 519 1044 in
571 991 772 1047 astutia
806 1005 926 1054 sua,
975 989 1210 1060 idipsum
1241 989 1353 1058 jam
1397 989 1513 1044 ﬁeri
1564 989 1842 1060 postulat?
1871 987 2023 1041 Multi

464 1086 606 1140 enim
639 1100 764 1139 cum
798 1084 1017 1139 videant
1038 1098 1117 1147 se,
1147 1083 1251 1138 etsi
1281 1083 1334 1136 in
1361 1082 1732 1152 impietatibus
1774 1081 2024 1152 plurimis

463 1185 769 1243 versantes,
806 1192 1067 1250 prospere
1119 1192 1299 1248 agere,
1331 1191 1394 1231 ac
1428 1176 1482 1230 in
1512 1177 1851 1232 calamitates
1886 1176 2026 1230 inci-

467 1269 596 1323 dere
623 1270 829 1332 nullas,
859 1285 980 1325 sese
1021 1270 1211 1325 beatos
1253 1278 1307 1325 et
1336 1269 1494 1323 laude
1523 1269 1720 1340 dignos
1750 1269 2024 1323 arbitran-

464 1369 578 1416 tur.
603 1363 671 1415 At
708 1369 822 1416 tum
868 1362 993 1433 ipsi,
1039 1372 1153 1417 tum
1197 1363 1561 1433 improbitatis
1589 1363 1790 1428 azmuli,
1819 1363 2024 1434 ingenti

463 1455 776 1509 adiciuntur
803 1454 1152 1509 detrimento.

533 1544 699 1601 Vens.
754 1545 870 1600 5-5.
913 1544 1176 1610 Quoniam
1236 1546 1487 1600 laudatur
1539 1556 1778 1614 peccator
1813 1547 1873 1600 in
1937 1545 2025 1600 de-

459 1636 676 1692 sideriis
717 1638 909 1691 anima:
934 1643 1078 1702 sum,
1107 1646 1157 1691 et
1179 1638 1388 1707 iniquus
1418 1637 1758 1692 benedicitur.
1791 1637 2023 1692 Exacer-

463 1728 599 1782 bavit
643 1728 922 1783 Dominum
965 1739 1208 1798 peccator
1253 1745 1271 1782 :
1321 1730 1605 1784 secundum
1636 1730 2024 1786 multitudinem

461 1820 560 1874 ira:
592 1837 702 1875 sua:
727 1838 829 1874 non
851 1829 1067 1890 qureret.
1093 1820 1219 1875 Non
1249 1829 1325 1876 est
1347 1821 1488 1876 Deus
1508 1823 1562 1876 in
1590 1833 1863 1893 conspectu
1885 1824 2020 1892 ejus,

2210 528 2401 593 'Iratl,
2431 529 2623 596 Κύριε,
2660 526 3008 596 ἀφέστηκας
3039 525 3358 596 μακρόθεν,
3391 529 3675 600 ὑπερορᾷς

2121 619 2190 674 έν
2210 621 2630 696 εὐκαιρίαιςρν
2652 619 2889 688 θλίψει;
2922 622 3016 674 Ἐν
3035 620 3115 684 τῷ
3138 621 3677 688 ὑπερηφανεύεσθαι

2121 712 2228 766 τὸν
2255 709 2444 779 ἀσεϐῆ
2479 710 2844 780 ἑμπυρίζεται
2882 714 2914 764 ό
2937 710 3170 780 πτωχός
3193 727 3207 740 ’
3240 710 3678 780 συλλαμϐάνον-

2117 823 2220 863 ται
2254 805 2323 859 έν
2349 803 2709 869 διαϐουλίοις
2734 798 2825 870 οἷς
2866 799 3309 873 διαλογίζονται.
3339 799 3416 856 Ἦ
3449 805 3627 876 ἐπειδὴ
3651 807 3676 860 ὁ

2121 897 2254 962 Θεὸς
2285 898 2313 950 ὁ
2343 898 2707 969 δρασσόμενός
2736 899 2852 950 ἐστι
2882 897 3006 960 τοὺς
3050 897 3244 966 σοφοὺς
3273 897 3330 949 ὲν
3367 898 3433 968 τῇ
3460 914 3678 968 πανουρ-

2121 989 2217 1061 γίᾳ.
2243 989 2440 1054 αὐτῶν,
2468 989 2606 1044 κατὰ
2626 989 2715 1042 τὸν
2740 989 3076 1053 Ἀπόστολον,
3102 988 3258 1042 τοῦτο
3275 988 3408 1041 αὐτὸ
3426 988 3523 1060 ἤδη
3546 989 3677 1058 γενέο

2125 1077 2247 1130 σθαι
2278 1077 2616 1149 παρακαλεῖ;
2662 1077 2784 1132 Ἐπὶ
2817 1077 3037 1142 πολλαῖς
3067 1077 3176 1150 γὰρ
3217 1077 3493 1141 ἀσεϐείαις
3520 1079 3676 1149 ὁρῶν-

2121 1187 2212 1234 τες
2247 1171 2442 1234 αὐτοὺς
2480 1173 2528 1225 οἱ
2575 1171 2760 1225 πολλοὶ
2798 1171 3222 1242 εὐθυνουμένους
3267 1189 3326 1224 τε
3368 1172 3462 1225 καὶ
3502 1172 3679 1243 μηδενὶ

2121 1262 2347 1335 λυπηρῷ
2405 1264 2847 1334 περιπίπτοντας,
2905 1264 3205 1336 μακαρίους
3255 1265 3450 1326 αὐτοὺς
3499 1262 3679 1334 ἡγοῦν-

2121 1372 2209 1409 ται
2235 1356 2328 1408 καὶ
2356 1355 2587 1409 ἐπαίνων
2612 1355 2812 1421 ἀξίους.
2835 1357 3092 1412 Κάκεῖνοί
3113 1375 3173 1410 τε
3206 1356 3415 1426 μεγάλα
3438 1355 3679 1425 βλάπτον-

2121 1463 2208 1501 ται
2236 1447 2329 1501 καὶ
2350 1449 2398 1500 οἱ
2429 1447 2664 1519 ζηλωταὶ
2692 1449 2791 1520 τῆς
2815 1449 3011 1513 κακίας
3039 1449 3336 1520 γενόμενοι.

2197 1541 2317 1592 Ὅτι
2366 1540 2690 1594 ἐπαινεῖται
2735 1543 2768 1594 ό
2816 1540 3162 1610 ἁμαρτωλὸς
3206 1541 3275 1594 ἐν
3320 1539 3448 1606 ταῖς
3491 1540 3680 1594 ἐπιθυ-

2116 1632 2280 1700 μίαις
2317 1631 2428 1701 τῆς
2455 1632 2664 1702 ψυχῆς
2695 1634 2899 1697 αὑτοῦ,
2933 1633 3030 1687 καὶ
3053 1637 3084 1688 ό
3109 1632 3329 1688 ἀδικῶν
3365 1633 3681 1703 ἐνευλογεῐ-

2122 1741 2236 1782 ται.
2279 1724 2598 1793 Παρώξυνε
2644 1726 2750 1779 τὸν
2791 1727 3010 1794 Κύριον
3049 1729 3082 1780 ό
3124 1726 3506 1794 ἁμαρτωλόςο
3543 1726 3680 1781 κατὰ

2122 1817 2188 1871 τὸ
2221 1817 2455 1886 πλῆθος
2484 1818 2594 1887 τῆς
2636 1817 2817 1888 ὀργῆς
2843 1820 3028 1874 αὐτοῦ
3063 1822 3172 1874 οὐκ
3199 1819 3526 1888 ἐκζητήσει.
3567 1821 3678 1872 Οὐκ

460 1912 748 1981 inquinata:
790 1921 912 1966 sunt
949 1914 1043 1967 via:
1091 1913 1241 1968 illius
1289 1914 1344 1968 in
1379 1916 1521 1969 omni
1581 1927 1827 1985 tempore.
1861 1915 2024 1984 Aule-

2129 1907 2292 1962 ἔστιν
2339 1911 2371 1961 ό
2426 1907 2568 1974 Θεὸς
2621 1907 2877 1962 ἐνώπιον
2921 1910 3126 1977 αὑτοῦ,
3174 1910 3573 1978 ,βεϐηλοῦνται
3625 1912 3678 1962 al

460 2015 650 2053 runtur
671 1999 882 2069 judicia
915 2010 1008 2054 tua
1039 2020 1071 2056 a
1095 2002 1231 2071 facie
1251 2003 1386 2074 ejus,
1415 2007 1648 2060 omnium
1685 2007 2023 2062 inimicorum

458 2109 672 2146 suorum
710 2092 1093 2150 dominabitur.
1125 2095 1454 2152 Prmsentem
1500 2099 1788 2169 impiorum
1831 2101 2023 2156 condi-

459 2184 664 2238 tionem
698 2184 1022 2252 insectatur,
1067 2194 1126 2241 ut
1182 2187 1350 2243 futuri
1395 2190 1590 2260 judicii
1637 2194 2021 2249 necessitatem

457 2279 792 2348 comprobet.
850 2279 988 2335 Illud
1039 2296 1224 2351 porro,
1273 2283 1625 2350 exacerbavit,
1656 2287 1874 2357 Aquila,
1909 2295 2022 2340 tra-

457 2370 630 2434 duxit,
660 2370 1048 2442 interpretatus
1077 2381 1180 2430 est.
1209 2371 1499 2431 Sermones
1522 2376 1722 2448 quippe
1745 2378 1813 2434 de
1836 2377 2021 2433 futuro

459 2461 552 2517 Dei
579 2462 788 2533 judicio
839 2463 941 2534 ipsi
992 2479 1181 2520 revera
1212 2466 1529 2524 traducunt.
1565 2466 1702 2523 Dum
1737 2485 1868 2525 vero
1897 2470 2021 2541 quis

457 2550 514 2606 in
542 2554 782 2622 peccatis
803 2563 1134 2625 perseverat,
1158 2556 1206 2612 is
1239 2557 1535 2626 impeditur
1566 2560 1859 2632 quominus
1880 2577 2022 2632 quaa-

455 2651 544 2696 rat
559 2641 750 2711 Deum,
769 2660 834 2700 ac
853 2646 960 2701 vim
989 2649 1085 2702 ira:
1109 2663 1359 2720 magnam
1381 2651 1485 2706 sibi
1502 2661 1799 2722 comparat.
1819 2653 2022 2720 Quam-

455 2735 646 2792 obrem
695 2752 766 2793 ne
809 2738 982 2794 nimio
1035 2740 1224 2796 labore
1271 2750 1326 2799 et
1355 2743 1629 2800 anxietate
1659 2747 1886 2804 notitias
1922 2747 2020 2803 Dei

457 2829 738 2885 naturales
766 2831 1078 2901 expetieris,
1131 2832 1261 2888 dum
1287 2837 1425 2911 uita:
1465 2843 1573 2891 ture
1598 2837 1700 2892 viae
1727 2837 2022 2908 inquinata:

362 2967 364 2972 .
457 2927 586 2976 sunt
618 2941 631 2977 :
664 2921 828 2993 idque
859 2938 920 2978 ea
950 2925 1185 2981 maxime
1209 2925 1276 2981 de
1305 2943 1494 2993 causa,
1519 2927 1664 2999 quod
1691 2929 1896 3000 judicia
1924 2929 2022 2988 Dei

455 3029 568 3070 non
625 3017 808 3070 animo
859 3027 1102 3093 reputes.
1151 3033 1276 3074 cum
1325 3021 1560 3076 maxime
1596 3035 1895 3080 concessus
1921 3023 2021 3080 tibi

456 3105 770 3162 dominatus
801 3108 964 3164 fuerit
988 3110 1043 3164 in
1063 3125 1253 3166 omnes
1274 3110 1526 3169 inimicos
1550 3119 1698 3170 tuos.

2128 1997 2252 2051 όδοὶ
2299 1998 2485 2052 αὐτοῦ
2531 1999 2603 2052 ἐν
2652 2000 2830 2053 παντὶ
2883 2001 3081 2069 καιρῷ.
3134 2001 3575 2070 Ἀνταναιρεῖτιιι
3615 2000 3679 2052 τὰ

2126 2089 2379 2160 κρίματὰ
2413 2106 2529 2144 σου
2570 2091 2688 2145 ἀπὸ
2726 2093 3048 2160 προσώπου
3076 2095 3280 2160 αὑτοῦ,
3303 2094 3539 2148 πάντων
3573 2091 3680 2145 τῶν

2125 2185 2351 2255 ἐχθρῶν
2402 2187 2586 2243 αὐτοῦ
2633 2187 3103 2254 κατακυριεύσει.
3153 2187 3232 2258 Τῇ
3288 2187 3532 2259 παρούσῃ
3580 2185 3679 2237 τῶν

2125 2277 2336 2332 ἀσεϐῶν
2363 2278 2715 2351 ἐπεξέρχεται
2746 2279 3096 2341 καταστάσει,
3122 2277 3218 2350 τὴν
3255 2278 3545 2350 μέλλουσαν
3574 2276 3680 2347 κρί-

2126 2388 2210 2424 σιν
2240 2371 2540 2440 ἀναγκαίαν
2565 2370 2732 2436 δεῖξαι
2769 2371 3107 2443 βουλόμενος.
3163 2371 3235 2424 Τὸ
3261 2371 3319 2423 δὲ
3361 2367 3676 2436 παρώξυνεν

2125 2460 2402 2530 διέσυρεν
2449 2462 2677 2526 Ἀκύλας
2710 2462 3041 2534 ἡρμήνευσε.
3074 2460 3210 2521 Τοὺς
3260 2459 3390 2530 περὶ
3422 2455 3551 2510 Θεοῦ
3581 2455 3679 2524 γὰρ

2126 2554 2359 2626 κρίσεως
2404 2553 2594 2623 λόγους
2633 2555 2846 2626 ἀληθῶς
2885 2553 3250 2626 διασύρουσιν.
3288 2551 3586 2622 Ἐπιμὲνων
3628 2544 3680 2599 δέ

2125 2667 2210 2713 τις
2263 2649 2578 2720 ἁμαρτίαις,
2615 2648 2752 2720 πρὸς
2797 2647 2858 2700 τὸ
2909 2646 3041 2700 Θεὸν
3094 2646 3274 2715 ζητεῖν
3325 2641 3677 2715 ὲμποδίζεται,

2127 2740 2373 2810 συνάγων
2405 2739 2580 2811 ἑαυτῷ
2613 2739 2815 2810 πλῆθος
2833 2738 3021 2811 ὀργῆς.
3057 2737 3147 2790 Διὸ
3181 2737 3254 2808 μὴ
3294 2735 3446 2808 ζήτει
3474 2733 3562 2787 καὶ
3591 2727 3679 2792 τὰς

2126 2833 2254 2907 περὶ
2285 2832 2420 2888 Θεοῦ
2460 2831 2694 2902 φυσικὰς
2723 2829 2928 2894 ἐννοίας
2965 2828 3448 2899 περικοπτόμενος,
3484 2823 3571 2878 καὶ
3595 2818 3678 2874 τοῦ

2125 2924 2242 2998 βίου
2283 2925 2383 2990 τὰς
2416 2925 2568 2988 ὀδοὺς
2615 2923 2957 2992 ἀκαθάρτους
2997 2921 3163 2992 ἔχων’
3207 2918 3401 2974 τούτου
3435 2935 3496 2986 γε
3537 2915 3680 2985 χάριν

2124 3019 2212 3074 διὰ
2241 3019 2441 3083 παντὸς
2473 3017 2567 3072 καὶ
2596 3015 2689 3070 τοῦ
2726 3015 2861 3069 Θεοῦ
2905 3015 2975 3070 τὰ
3019 3017 3260 3089 κρίματα
3294 3015 3372 3086 μὴ
3412 3010 3680 3083 λαμϐάνων

2124 3113 2205 3179 εἰς
2232 3110 2376 3179 νοῦν,
2413 3113 2470 3166 ὲν
2502 3111 2579 3183 τῷ
2623 3110 3019 3183 συγχωρεῖσθαι
3065 3111 3294 3182 μάλιστα
3341 3101 3681 3176 κατακυριεῦ-

2128 3217 2215 3254 σαι
2243 3201 2350 3257 τῶν
2379 3201 2471 3272 exe
2479 3201 2608 3272 ρῶν.

527 3282 692 3339 Vens.
729 3284 779 3341 7.
805 3284 969 3356 Cujus
994 3287 1359 3343 maledictione
1384 3305 1441 3344 os
1469 3289 1679 3360 plenum
1704 3300 1781 3346 est
1802 3302 1851 3347 et
1871 3309 2024 3347 ama-

2197 3290 2279 3350 Οὖ
2307 3293 2458 3363 ἀρᾶς
2482 3294 2550 3348 τὸ
2577 3295 2772 3364 στόμα
2797 3293 2985 3350 αὐτοῦ
3017 3291 3177 3366 γέμει
3205 3293 3306 3348 καὶ
3341 3291 3574 3360 πικρίας
3593 3284 3680 3338 και

457 3377 686 3431 ritudine
715 3388 766 3433 et
792 3378 953 3443 dolo;
976 3380 1073 3435 sub
1107 3381 1291 3451 lingua
1319 3381 1434 3450 ejus
1462 3381 1616 3437 labor
1642 3392 1691 3438 et
1728 3384 1902 3439 dolor.
1937 3383 2024 3439 Si-

456 3469 674 3539 quidem
717 3471 1176 3527 beterodoxorum
1225 3489 1288 3528 os
1339 3473 1726 3531 maledictione
1759 3477 2021 3547 repletur,

457 3567 644 3630 utpote
669 3562 760 3632 qui
789 3563 1104 3618 Creatorem
1138 3563 1404 3618 conviciis
1435 3564 1732 3632 incessant,
1770 3569 1914 3638 quod
1937 3569 2026 3623 iti-

457 3654 580 3709 dem
615 3655 864 3711 maledici
895 3653 1104 3710 faciunt
1138 3676 1150 3711 :
1185 3671 1249 3711 os
1287 3656 1412 3712 item
1460 3658 1850 3714 iracundorum
1877 3676 2028 3717 ama-

457 3747 720 3811 ritudine,
745 3746 1059 3803 dolosorum
1085 3747 1230 3816 dolo,
1263 3750 1483 3820 plenum
1511 3759 1616 3805 est.

531 3835 694 3892 Vens.
727 3837 781 3892 8.
827 3837 985 3893 Sedet
1016 3839 1072 3892 in
1107 3840 1316 3894 insidiis
1348 3857 1466 3895 cum
1494 3841 1745 3897 divitibus
1772 3845 1828 3899 in
1849 3844 2027 3898 occul-

461 3928 550 3992 tis,
583 3937 640 3982 ut
676 3929 962 3998 interﬁciat
1004 3931 1350 3986 innocentem.
1400 3932 1539 3987 Dum
1571 3943 1751 3990 autem
1798 3937 1852 3992 id
1888 3938 2022 4009 agit,

459 4022 698 4091 seipsum
722 4023 945 4096 decipit,
979 4026 1138 4096 quasi
1160 4027 1369 4082 scilicet
1392 4027 1528 4081 nihil
1554 4028 1732 4083 videat
1753 4027 1919 4085 Deus.

531 4112 698 4170 Vsus.
734 4116 823 4170 11.
866 4117 1017 4171 Dixit
1059 4119 1197 4172 enim
1240 4119 1295 4172 in
1335 4119 1490 4174 corde
1530 4136 1626 4174 suo
1657 4137 1676 4174 .'
1711 4120 1918 4177 Oblitus
1947 4131 2025 4176 est

458 4204 620 4272 Deus,
651 4208 835 4260 avertit
862 4207 1052 4278 faciem
1085 4226 1238 4263 suam
1268 4227 1330 4264 ne
1369 4211 1540 4266 uideat
1587 4213 1644 4266 in
1687 4213 1865 4282 ﬁnem.
1900 4212 2027 4268 Haec

460 4300 643 4352 omnia
679 4301 787 4372 agit
820 4301 1020 4373 impius
1049 4304 1315 4360 adversus
1346 4304 1441 4360 Dei
1475 4321 1764 4376 pauperes,
1814 4307 2028 4378 sibique

460 4387 578 4459 ipse
617 4390 950 4458 ludiﬁcatur,
977 4393 1109 4450 dum
1142 4397 1258 4452 suis
1305 4396 1410 4453 sibi
1441 4397 1867 4469 cogitationibus
1894 4413 2028 4452 con-

463 4481 622 4553 lingit
655 4499 765 4539 non
793 4501 918 4543 esse
944 4485 1116 4543 Deum
1147 4489 1534 4560 inspectorem.

2123 3387 2329 3451 δόλου,
2356 3388 2475 3442 ὑπὸ
2497 3387 2613 3456 τὴν
2639 3387 2906 3458 γλῶτταν
2931 3388 3117 3442 αὐτοῦ
3143 3390 3332 3453 κόπος
3364 3385 3460 3440 καὶ
3492 3383 3592 3434 ads
3604 3397 3680 3442 οςο

2125 3479 2246 3532 Τῶν
2273 3479 2384 3549 γὰρ
2429 3480 2748 3552 ἑτεροδόξων
2777 3480 2839 3534 τὸ
2869 3481 3042 3552 στόμα
3078 3483 3217 3553 ἀρᾶς
3267 3481 3448 3552 γέμει,
3479 3471 3683 3532 κακολο-

2125 3571 2364 3640 γούντων
2393 3571 2483 3626 τὸν
2512 3575 2870 3645 Δημιουργὸν,
2901 3575 2994 3627 καὶ
3016 3572 3122 3627 τῶν
3152 3574 3408 3645 λοιδόρων
3428 3589 3442 3602 ·
3480 3566 3681 3638 πικρίας

2124 3663 2180 3718 δὲ
2201 3663 2308 3718 τῶν
2330 3663 2598 3736 θυμικῶν,
2630 3665 2781 3718 δόλου
2812 3665 2918 3720 τῶν
2943 3665 3147 3719 δολίων.

2209 3839 2550 3910 Ἑγκάθηται
2588 3841 2799 3910 ἐνέδρᾳ
2824 3841 2976 3912 μετὰ
3001 3844 3314 3897 πλουσίων
3337 3844 3406 3896 ἐν
3434 3831 3678 3902 ἀποκρύ-

2125 3952 2281 4004 φοις’
2329 3933 2435 3988 τοῦ
2475 3934 2821 3994 ἀποκτεῖναι
2855 3935 3071 3993 ἀθῶον.
3112 3935 3222 3988 Καὶ
3254 3936 3428 3989 ταῦτα
3469 3929 3678 4000 πράττει

2126 4027 2624 4098 παραλογιζόμενος
2650 4028 2861 4092 ἑαυτὸν,
2895 4028 2970 4092 ὡς
2993 4029 3091 4098 οὐχ
3116 4027 3349 4098 ὁρῶντος
3380 4023 3531 4078 Θεοῦ.

2195 4114 2344 4171 Elui?
2393 4119 2506 4187 γὰρ
2550 4117 2619 4170 ἐν
2671 4116 2883 4186 καρδίᾳ
2933 4116 3146 4170 αὐτοῦ’
3201 4113 3606 4178 Ἐπιλέλησται
3649 4102 3680 4154 ὁ

2129 4208 2291 4276 Θεὸς,
2333 4210 2676 4278 ἀπέστρεψε
2700 4208 2766 4262 τὸ
2801 4210 3124 4277 πρόσωπον
3152 4205 3342 4260 αὑτοῦ
3375 4203 3479 4258 τοῦ
3511 4197 3592 4269 μὴ
3612 4193 3677 4248 εἶ·

2127 4299 2253 4353 δεῖν
2274 4303 2359 4366 εὶς
2385 4299 2576 4366 τέλος.
2615 4299 2796 4353 Ταῦτα
2829 4299 2886 4353 δὲ
2919 4301 3092 4354 πάντα
3121 4301 3148 4352 ὁ
3181 4299 3384 4370 ἀσεϐὴς
3413 4290 3548 4347 κατὰ
3582 4283 3680 4339 τῶν

2128 4393 2373 4462 πενήτων
2395 4390 2487 4445 τοῦ
2519 4392 2654 4445 Θεοῦ
2683 4392 3092 4467 διαπράττεται,
3124 4391 3317 4447 ἑαυτὸν
3350 4382 3565 4443 ἀπατῶν
3597 4376 3678 4467 καὶ

2128 4488 2238 4548 τοῖς
2274 4485 2466 4538 ἑαυτοῦ
2499 4484 2780 4555 λογισμοῖς
2922 4481 3060 4538 εἶναι
3092 4483 3223 4538 Θεὸν
3247 4484 3439 4554 ἔφορον
3463 4465 3657 4529 διανοοῦ

2133 4592 2310 4646 μενος.

527 4665 696 4722 Vens.
731 4667 918 4724 12-15.
959 4667 1219 4739 Exsurge,
1255 4669 1478 4726 Domine
1515 4669 1656 4725 Deus
1688 4687 1852 4736 meus,
1877 4672 2025 4727 exal-

2136 4645 2144 4646 7
2211 4666 2538 4738 Ἀνάστηθι,
2573 4667 2748 4734 Κύριε
2773 4667 2806 4718 ό
2839 4665 2982 4732 Θεός
3007 4683 3146 4736 μου,
3179 4662 3472 4734 ὑψωθήτω
3499 4656 3536 4722 71
3565 4645 3680 4719 χείρ

463 4766 600 4812 tetur
654 4777 842 4815 manus
911 4770 1024 4825 tua,
1071 4778 1137 4816 ne
1180 4761 1508 4818 obliviscaris
1566 4779 1853 4834 pauperum
1907 4772 2011 4818 tuo.

383 4860 386 4864 ί
463 4866 584 4921 runt
617 4851 670 4906 in
719 4853 894 4922 ﬁnem.
944 4853 1376 4926 Videsquoniam
1433 4867 1488 4910 tu
1522 4855 1754 4911 laborem
1783 4867 1834 4912 et
1875 4856 2025 4911 dolo-

463 4957 574 4996 rem
611 4944 937 5011 consideras,
973 4955 1047 5014 ιιιΙ
1075 4947 1260 5002 tradas
1290 4964 1379 5002 eos
1416 4949 1473 5002 in
1501 4965 1689 5003 manus
1729 4957 1869 5003 tuas.
1907 4947 2026 5003 Tibi

465 5029 746 5089 derelictus
773 5044 850 5090 est
872 5051 1085 5106 pauper,
1117 5038 1350 5106 orphano
1388 5048 1444 5092 tu
1473 5055 1592 5094 eras
1622 5039 1856 5109 adjutor.
1887 5037 2029 5093 Con—

469 5135 574 5180 tere
602 5127 870 5182 brachium
900 5133 1185 5198 peccatoris
1207 5139 1257 5186 et
1279 5133 1538 5204 maligni:
1562 5144 1828 5203 queretur
1841 5148 2028 5201 pecca-

471 5224 582 5270 tum
608 5217 744 5286 ejus,
780 5229 829 5272 et
850 5237 955 5277 non
984 5221 1290 5277 invenietur.
1323 5222 1418 5280 Dei
1447 5204 1794 5278 tolerantiam
1827 5222 2028 5277 excitat

471 5309 539 5363 ad
569 5310 836 5380 judicium
863 5311 931 5367 de
963 5313 1143 5384 impiis
1173 5313 1476 5371 ferendum.
1525 5315 1629 5370 Per
1659 5329 1878 5369 manum
1930 5329 2029 5369 au-

470 5408 578 5455 tem
604 5403 918 5468 exaltatam,
938 5403 1046 5457 vim
1072 5404 1384 5474 iudicialem
1408 5407 1860 5480 significat.Dum
1879 5407 2025 5462 enim

472 5491 588 5562 ipsa
621 5492 817 5563 impios
845 5508 956 5548 non
986 5495 1289 5563 ulciscitur,
1323 5513 1423 5554 ceu
1443 5499 1587 5554 victa
1621 5498 1793 5554 videri
1821 5504 2023 5568 potest.

470 5583 700 5650 Quando
741 5599 867 5639 vero
914 5586 1206 5658 unicuique
1252 5591 1430 5645 reddit
1478 5591 1624 5662 quod
1667 5605 1880 5660 aaquum
1914 5596 2025 5652 est,

471 5678 697 5734 exaltari
745 5677 966 5746 dicitur,
1017 5695 1284 5752 nemoque
1335 5683 1509 5752 ipsam
1569 5681 1808 5753 eﬂ‘ugere
1857 5681 2024 5737 valet.

2129 4777 2265 4824 σου,
2312 4759 2398 4830 μὴ
2436 4760 2690 4837 ἐπιλάϐῃ
2735 4758 2854 4816 τῶν
2893 4759 3166 4830 πενήτων
3205 4774 3320 4813 σου
3365 4756 3452 4818 εὶς
3499 4743 3678 4836 τέλοοξ

2129 4851 2402 4918 Βλέπεις,
2435 4852 2524 4905 ὅτι
2554 4851 2635 4906 σὺ
2660 4854 2851 4906 πόνον
2888 4852 2987 4906 καὶ
3020 4851 3210 4922 θυμὸν
3236 4838 3556 4904 κατανοεῖς,
3585 4843 3679 4884 του

2133 4942 2498 5011 παραδοῦναι
2535 4945 2755 5012 αὐτοὺς
2791 4948 2878 5011 εὶς
2913 4943 3115 5014 χεῖράς
3147 4958 3285 4996 σου.
3317 4937 3418 4994 Σοὶ
3450 4933 3678 5014 ἐγκατξν

2131 5035 2437 5089 λέλειπται
2467 5038 2500 5090 ό
2544 5035 2798 5105 πτωχὸς,
2851 5012 3087 5104 (Sp—gemui)
3125 5033 3206 5087 σὺ
3252 5028 3410 5102 ἦσθα
3447 5012 3677 5087 βοηθός·

2135 5129 2471 5198 Σύντριψον
2502 5127 2609 5182 τὸν
2639 5129 2939 5198 ,βραχίονα
2966 5127 3070 5180 τοῦ
3098 5117 3444 5196 ἀμαρτωλοῦ
3473 5109 3564 5210 καί
3587 5117 3672 5210 πο.

2133 5219 2348 5288 νηΡ⁰ῧ’
2406 5221 2793 5289 ζητηθήσεται
2838 5222 2877 5290 ἠ
2921 5220 3174 5289 ἁμαρτία
3223 5212 3422 5274 αὐτοῦ,
3473 5201 3566 5259 καὶ
3617 5201 3678 5290 οὐ

2129 5287 2217 5382 μὴ
2241 5287 2473 5382 εὑρεθῆ.
2527 5287 2713 5376 Οὕτως
2741 5314 2834 5366 ἐπὶ
2866 5287 2970 5383 ’τὴν
3002 5287 3111 5366 τῶν
3147 5307 3355 5365 ἀσεϐῶν
3395 5299 3567 5373 κρίσιν
3589 5381 3595 5383 _
3616 5287 3677 5338 δι’

2133 5407 2334 5478 εγείρει
2359 5381 2543 5460 λοιπὸν
2563 5405 2660 5478 τὴν
2685 5408 2882 5477 ἀνοχὴν
2913 5381 3005 5458 τοῦ
3036 5404 3192 5459 Θεοῦ.
3229 5405 3291 5458 Ἡ
3315 5399 3372 5453 δὲ
3395 5393 3510 5490 xei?
3543 5381 3684 5490 ὑίξωξ

2139 5469 2272 5573 ibi-V1.1
2309 5501 2534 5572 δύναμιν
2577 5469 2814 5572 ἐδήλωσε
2839 5469 3113 5573 κριτικήν.
3157 5501 3242 5553 Ἐν
3275 5501 3384 5564 ὅσῳ
3425 5486 3533 5573 γὰρ
3559 5469 3683 5573 αἱ)ξῆ

2238 5561 2694 5662 τίμωρεὶταιτούς
2720 5561 2954 5657 ἀσεϐείς,
2982 5561 3398 5661 τετιμιυρεῖσθάι
3419 5561 3680 5663 (η-δοκῗῖ.

2133 5645 2457 5735 ἀποδιδοῦσαν
2477 5682 2534 5736 δὲ
2558 5645 2773 5752 ἑκάστῳ
2811 5645 2953 5736 κατέ
2981 5681 3050 5755 τὸ.
3069 5645 3290 5741 δίκαιον,
3321 5645 3573 5741 ὑψοῦσθαι
3603 5645 3681 5700 λιν

542 5795 619 5868 (1)
654 5795 1117 5871 Τετιμψεῒσθαι.
1145 5799 1252 5858 Pro
1273 5801 1698 5872 τετιμωρῆσθαι,
1725 5809 1780 5858 ﬁt
1797 5812 1850 5860 et
1876 5802 2023 5858 alibi.
2055 5796 2211 5856 Εοιτο
