3948 6286
238 334 346 393 137

1366 326 1876 397 COMMENTARIA
1918 335 1983 391 ΙΝ
2015 332 2354 391 PSALMOS.

3396 338 3499 394 158

228 448 410 501 γεται,
437 431 531 486 καὶ
562 431 763 506 ταύτην
787 433 962 499 οὐδεὶς
986 418 1368 507 ἀποδράσεται.
1404 438 1493 489 Διό
1521 454 1651 506 φησι
1673 455 1685 468 ·
1710 436 1800 490 Τοῐ

1924 432 2289 500 Quamobrem
2324 433 2399 485 ait
2434 429 2761 487 tradendum
2795 446 2917 489 esse
2950 433 3173 504 impium
3212 432 3265 487 in
3301 448 3499 491 manus

231 522 571 597 παραδοῦναι
620 524 778 578 αὑτὸν
828 528 909 590 εἰς
955 526 1112 599 χεῖρά
1154 544 1267 582 σου.
1311 526 1612 598 Τοιγαροῦν
1652 530 1680 580 ὁ
1727 526 1800 590 σὸς

1923 541 2073 583 suas.
2127 524 2421 580 Enimvero
2469 539 2675 595 pauper
2710 524 2801 580 ille
2825 534 2955 581 tuus
2988 526 3101 581 haec
3123 526 3289 581 verba
3322 528 3421 584 abs
3448 537 3502 584 te

228 618 448 687 πτωχὸς
493 618 736 682 ἀκούσας
786 619 893 671 τῶν
936 619 1044 672 σῶν
1088 620 1261 689 λόγων
1318 621 1631 689 φασκόντων
1656 638 1667 651 ·
1723 622 1800 676 Mi

1920 620 2133 691 prolata
2165 619 2373 674 audivit
2417 638 2431 674 :
2462 619 2585 674 Non
2617 621 2957 687 vosmetipsos
2986 621 3341 690 defendentes,
3374 623 3501 678 cha-

228 708 487 776 ἑαυτοὺς
523 710 921 777 ἐκδικοῦντες,
967 712 1263 781 ἀγαπητοί
1283 729 1297 743 ⁸
1341 713 1501 767 ἀλλὰ
1532 713 1666 767 δότε
1717 715 1815 767 τό-

225 812 346 851 πον
374 798 451 867 τῇ
478 799 643 870 ὀργῇ.
694 803 848 871 Ἐμοὶ
888 802 1219 871 ἐκδίκησις,
1252 802 1367 873 ἐγὼ
1389 804 1813 871 ἀνταποδώσω,

222 889 384 961 λέγει
410 893 622 959 Κύριος
638 934 651 946 .

370 985 486 1036 ΕΙΣ
525 986 611 1039 ΤΟ
652 986 873 1039 ΤΕΛΟΣ
908 987 1202 1042 ΨᾹΛΜΟΣ
1239 989 1327 1041 ΤΩ
1365 990 1564 1043 ΔΑΥΙΔ
1606 992 1661 1043 I'.

304 1076 533 1148 Ἐπειδὴ
572 1078 665 1130 καὶ
711 1080 791 1147 τῷ
832 1079 1015 1133 Δαυῒδ
1048 1081 1136 1143 εἰς
1160 1079 1223 1133 τὸ
1251 1079 1426 1146 τέλος
1472 1080 1810 1154 γέγραπται*

1919 714 2120 767 rissimi
2138 729 2154 777 ;
2183 713 2271 767 sed
2293 713 2413 767 date
2443 714 2615 767 locum
2644 716 2738 768 ira:
2770 734 2785 768 :
2828 713 2979 768 Mihi
3003 716 3256 782 vindicta,
3292 735 3382 789 ego
3417 734 3500 771 re-

1919 806 2173 871 tribuam,
2206 806 2335 859 dicit
2364 805 2621 862 Dominus
2650 808 2716 862 θ’.

2144 986 2196 1041 1.
2244 985 2309 1040 ιΝ
2354 982 2565 1040 FINEM
2603 984 2928 1043 PSALMUS
2967 988 3176 1043 DAVID
3214 988 3279 1045 Χ.

1986 1076 2437 1147 Quandoquidem
2468 1077 2660 1131 Davidi
2696 1080 2752 1132 iu
2793 1081 2970 1148 ﬁnem,
3022 1082 3326 1152 inscriptus
3374 1090 3493 1151 est;

221 1168 313 1221 καὶ
356 1169 508 1222 κατὰ
550 1170 639 1223 τὸν
690 1170 939 1235 ’Δκύλαν,
988 1170 1068 1237 τῷ
1104 1173 1411 1240 νιχοποιῷ,
1446 1176 1585 1228 κατὰ
1624 1176 1679 1228 δὲ
1722 1176 1800 1229 τοι

1914 1175 1969 1225 et
2018 1169 2173 1239 juxta
2233 1170 2519 1240 Aquilam,
2580 1172 2802 1234 victori;
2854 1172 3010 1241 juxta
3072 1171 3493 1245 Symmachum.

219 1258 544 1331 Σύμμαχον,
573 1260 864 1328 ἐπινίκιος
893 1262 999 1315 τοῦ
1030 1262 1232 1327 Δαυῒδ,
1275 1266 1488 1336 φήσεις,
1534 1267 1615 1319 ὅτι
1660 1268 1754 1320 καὶ
1785 1268 1814 1321 ὁ

218 1349 378 1402 Δαυῒδ
408 1352 552 1420 μετὰ
584 1354 683 1423 τὴν
718 1354 1000 1423 συμϐᾶσαν
1026 1356 1175 1428 αὑτῷ
1199 1357 1483 1429 συμφορὰν
1517 1357 1720 1426 ἔφασκε
1746 1360 1813 1413 τὰ

220 1443 588 1513 προκείμενα.

193 1586 204 1607 ε
298 1535 425 1587 Ἐπὶ
472 1535 555 1601 τῷ
599 1539 794 1605 Κυρίῳ
828 1541 1117 1597 πέποιθα·
1158 1543 1285 1610 πῶς
1318 1544 1504 1613 ἐρεῖτε
1535 1544 1608 1615 τῇ
1638 1546 1812 1617 ψυχῇ

210 1639 358 1689 μου·
407 1627 877 1683 Μεταναστεύου
916 1632 1014 1684 ἐπὶ
1064 1632 1135 1686 τὰ
1172 1633 1278 1701 ὄρη
1324 1634 1406 1701 ὡς
1456 1638 1810 1703 στρουθίον;

214 1714 431 1767 Τελείου
471 1718 645 1789 φωνὴ,
679 1721 773 1774 καὶ
804 1724 945 1777 κατὰ
969 1724 1059 1779 τὸν
1096 1728 1414 1782 Ἀπόστολον
1449 1732 1619 1783 εἰπεῖν
1650 1731 1809 1785 δυνα-

216 1807 398 1876 μένου,
460 1812 559 1877 Τίς
610 1812 768 1881 ἡμᾶς
813 1819 1055 1885 χωρίσει
1097 1818 1215 1874 ἀπὸ
1266 1821 1372 1891 τῆς
1418 1821 1654 1894 ἀγάπης
1700 1827 1806 1880 τοῦ

213 1901 357 1953 Θεοῦ
383 1918 401 1964 ;
435 1905 517 1955 Οὐ
551 1906 691 1959 κατὰ
721 1907 810 1961 τὸν
843 1910 1009 1981 ἀτελῆ
1039 1911 1131 1965 τὸν
1162 1915 1305 1986 φυγῇ
1344 1918 1807 1987 μεταναστεύοντα

208 1991 369 2045 τόπον
408 1996 480 2047 ὲκ
526 1996 715 2059 τόπου,
760 2000 851 2052 καὶ
898 2002 1298 2072 περιφεύγοντα
1328 2007 1452 2070 τοὺς
1492 2006 1801 2072 διώκοντας.

211 2083 365 2136 Καθὰ
398 2085 469 2157 δὴ
508 2088 784 2159 στρουθίον
822 2093 948 2155 τοὺς
990 2093 1336 2165 Οηρεύοντας,
1366 2097 1445 2161 ὃς,
1488 2097 1589 2151 κᾶν
1618 2098 1807 2169 διαφύ-

211 2190 312 2242 γοι,
342 2176 503 2246 λέγοι
530 2179 596 2233 ἄν
619 2197 631 2209 ·
690 2182 750 2236 Ἡ
778 2185 950 2252 ψυχὴ
975 2186 1144 2255 ἡμῶν
1175 2188 1255 2254 ὡς
1295 2191 1614 2256 στρουθίον
1637 2192 1807 2259 ἐρρύ-

212 2272 321 2335 σθη
367 2271 440 2323 ἐκ
475 2271 590 2341 τῆς
613 2275 863 2344 παγίδος
892 2276 1011 2331 τῶν
1047 2282 1441 2348 θηρευόντων.

282 2362 401 2415 Ὀτι
453 2362 497 2417 ἆ
539 2370 876 2435 κατηρτίσω
918 2373 1227 2428 καθεῖλον
1282 2380 1316 2430 ό
1361 2378 1431 2431 δὲ
1476 2378 1705 2449 δίκαιος
1750 2384 1807 2437 τί

210 2450 500 2522 ἑποίησε;
532 2460 749 2527 Κύριος
791 2463 861 2516 ἐν
899 2464 1025 2531 ναῷ
1053 2467 1199 2536 ἁγίῳ
1241 2472 1449 2535 αὑτοῦ,
1486 2475 1701 2541 Κύριος
1735 2477 1805 2530 ἐν

212 2546 448 2612 οὐρανῷ
479 2551 515 2601 ό
554 2553 770 2618 θρόνος
807 2556 1016 2611 αὐτοῦ.
1061 2562 1127 2612 Ol
1158 2562 1451 2631 ὀφθαλμοὶ
1495 2566 1681 2621 αὐτοῦ
1716 2570 1804 2635 εὶς

211 2637 317 2689 τὸν
374 2640 615 2710 ,πένητα
662 2645 1100 2716 ἀποϐλέπουσι,
1150 2652 1221 2707 τὰ
1274 2655 1559 2725 ,βλέφαρα
1615 2661 1803 2715 αὐτοῦ

211 2728 471 2791 ἐξετάζει
520 2734 663 2802 τοὺς
708 2740 879 2804 υἱοὺς
921 2740 1041 2793 τῶν
1073 2744 1417 2812 ἀνθρώ-των.
1456 2751 1671 2817 Κύριος
1701 2752 1801 2817 ἐξ·

210 2820 393 2881 ετάζὲι
430 2823 539 2877 τὸν
563 2826 796 2882 δίκαιον
825 2832 1052 2885 καὶτὸν
1082 2833 1285 2903 ἀσεϐῆ.
1332 2838 1390 2890 Ὀ
1421 2840 1578 2909 μόνος
1598 2843 1802 2910 δίκαιος

212 2915 542 3007 καὶνκριτὴς
578 2918 729 2985 Θεὸς,
779 2923 905 2986 τοὺς
930 2924 1125 2979 ἑαυτοῦ
1156 2927 1594 3001 πολεμουμένους
1636 2937 1800 3007 ὀρῶν,

211 3003 259 3054 τί
306 3006 605 3077 ἐποίησεν;
662 3011 749 3064 Ἐν
796 3013 1008 3086 οὐρανῷ
1057 3020 1326 3074 κατοικῶν
1380 3023 1474 3075 καὶ
1527 3024 1803 3094 βασιλείαν

1917 1264 2250 1332 triumphalis
2280 1263 2499 1318 Davidis
2523 1281 2541 1317 :
2565 1266 2734 1334 probe
2770 1265 2996 1329 inferas,
3024 1266 3284 1324 Davidem
3310 1270 3499 1325 isthmc

1912 1366 2039 1429 post
2069 1360 2277 1413 illatam
2312 1359 2415 1414 sibi
2449 1359 2814 1415 calamitatem
2846 1363 3255 1431 pronuntiasse.

1985 1536 2155 1594 Vens.
2208 1539 2263 1597 2.
2308 1537 2373 1592 In
2422 1538 2650 1592 Domino
2704 1538 2964 1607 conﬁdo:
3010 1540 3270 1611 quomodo
3318 1540 3495 1595 dicitis

1915 1634 2105 1687 animae
2147 1648 2275 1686 mea:
2310 1649 2326 1685 :
2359 1632 2705 1703 Transmigra
2746 1634 2803 1687 in
2852 1644 3051 1687 montes
3102 1636 3238 1689 sicut
3276 1640 3499 1704 passer?

1914 1724 2039 1780 Haec
2068 1726 2172 1780 viri
2215 1724 2443 1795 perfecti
2489 1740 2594 1780 vox
2636 1732 2741 1787 est,
2783 1726 2875 1796 qui
2906 1728 3209 1781 secundum
3259 1728 3496 1799 Aposto-

1912 1819 2023 1871 lum
2065 1817 2247 1873 dicere
2284 1817 2462 1870 valeat
2496 1836 2509 1870 :
2546 1816 2679 1882 Quis
2712 1834 2805 1870 nos
2861 1818 3131 1886 separabit
3167 1836 3199 1871 a
3231 1819 3496 1874 charitatc

1917 1908 2014 1964 Dei
2078 1906 2093 1935 ¹
2128 1910 2151 1959 ‘t
2222 1907 2341 1962 Non
2373 1923 2527 1962 more
2552 1906 2856 1977 imperfecti
2887 1909 3148 1974 hominis,
3184 1912 3275 1979 qui
3307 1927 3496 1980 persc-

1911 2001 2204 2073 quentibus
2229 2009 2286 2054 ut
2318 2016 2376 2054 se
2416 1999 2704 2069 proripiat,
2741 1999 2808 2053 de
2842 2000 2963 2054 loco
3007 2001 3062 2054 in
3094 2002 3275 2055 locum
3310 2011 3494 2059 trans-

1908 2094 2126 2164 migrat.
2159 2091 2263 2157 Qui
2300 2091 2367 2154 si,
2421 2098 2481 2144 ut
2532 2105 2726 2159 passer
2761 2099 3076 2156 venatores,
3123 2091 3363 2162 effugere
3396 2108 3493 2146 va-

1909 2187 2036 2249 leat,
2069 2186 2191 2255 jure
2217 2184 2418 2239 dixerit
2448 2204 2461 2236 :
2496 2185 2695 2237 Anima
2733 2193 2918 2237 nostra
2944 2186 3078 2238 sicut
3110 2201 3293 2255 passer
3314 2198 3493 2254 erepta

1906 2287 1984 2332 est
2012 2277 2075 2331 de
2106 2277 2291 2347 laqueo
2322 2276 2681 2331 venantium’.

1980 2370 2145 2425 Vens.
2202 2368 2324 2424 4-6.
2394 2367 2659 2434 Quoniam
2717 2383 2833 2437 qua:
2894 2368 3158 2435 perfecisti
3216 2370 3493 2423 destruxe-

1907 2471 2053 2527 runt,
2062 2464 2241 2533 justus
2257 2471 2431 2517 autem
2448 2462 2572 2533 quid
2588 2462 2706 2531 fecit
2723 2464 2746 2515 ?
2762 2460 3021 2515 Dominus
3036 2462 3087 2513 in
3108 2462 3297 2531 templo
3311 2473 3496 2517 sancto

1906 2573 2024 2620 suo,
2058 2555 2335 2633 Dominus
2356 2556 2411 2607 in
2436 2556 2563 2607 coelo
2591 2553 2736 2607 sedes
2769 2552 2906 2621 ejus.
2946 2551 3102 2608 Oculi
3134 2552 3248 2621 ejus
3280 2554 3332 2605 in
3353 2568 3491 2621 pau-

1904 2664 2079 2718 perem
2124 2648 2444 2716 respiciunt,
2495 2646 2759 2716 palpebrw
2802 2646 2919 2713 ejus
2971 2646 3296 2716 interrogant
3346 2646 3491 2715 ﬁlios

1906 2743 2197 2796 hominum.
2223 2740 2477 2793 Dominus
2502 2739 3017 2810 interrogatjustum
3040 2748 3088 2792 et
3116 2740 3359 2809 impium,
3379 2748 3489 2793 etc.

1906 2833 2052 2890 Deus
2085 2834 2176 2906 qui
2227 2834 2377 2889 solus
2399 2833 2586 2903 justus
2625 2846 2677 2886 et
2703 2832 2871 2901 judex
2921 2839 3025 2895 est,
3060 2847 3183 2885 cum
3233 2847 3365 2886 suos
3394 2846 3493 2900 op—

1905 2926 2138 2998 pugnari
2177 2932 2447 2989 cerneret,
2494 2924 2622 2994 quid
2664 2923 2827 2977 fecit?
2854 2922 2906 2977 ls
2936 2937 3071 2977 sane
3098 2922 3199 2976 etsi
3238 2922 3295 2975 in
3346 2923 3490 2976 cmlo

1906 3019 2140 3083 habitet,
2175 3032 2239 3072 ac
2268 3016 2486 3072 lirmum
2521 3015 2914 3085 immobileque
2957 3030 3187 3086 regnum
3219 3014 3486 3079 obtineat,

210 3090 338 3163 ἔχων
372 3097 697 3165 ἀσάλευτον,
732 3102 882 3157 οὐδὲν
915 3105 1024 3159 τῶν
1055 3108 1148 3161 ἐπὶ
1180 3110 1285 3179 γῆς
1318 3090 1552 3187 παρορᾷ..
1579 3119 1800 3191 Χαρίξε-

1910 3114 2114 3168 nullam
2149 3119 2491 3167 terrenarum
2524 3123 2708 3163 rerum
2748 3108 2994 3179 negligit.
3027 3106 3264 3179 Pauperi
3302 3116 3486 3161 autem

208 3201 292 3238 ται
320 3188 383 3241 δὲ
432 3189 510 3260 τῷ
550 3192 744 3265 πένητι
776 3196 886 3249 τῶν
921 3199 1286 3272 εὐεργετικῶν
1324 3206 1488 3261 αὑτοῦ
1521 3209 1803 3283 δυνάμεων

352 3281 693 3355 ἐπισκοπὴν,
750 3287 817 3351 ἃς
870 3307 1035 3361 φησιν
1083 3294 1426 3367 ὀφθαλμούς·
1467 3276 1669 3376 ὥσπερ*
1709 3303 1802 3363 οὖν

211 3368 463 3470 βλέφαρα
504 3376 605 3448 τὴν
652 3380 904 3453 κριτικὴν
942 3386 1106 3439 αὐτοῦ
1143 3389 1236 3441 καὶ
1278 3391 1454 3447 πάντα
1500 3368 1803 3470 διακρίνουο

212 3479 302 3553 σαν
326 3467 619 3537 πρόνοιαν.
646 3470 747 3523 Διὰ
775 3473 1123 3549 δικαιοσύνην
1155 3479 1210 3533 δὲ
1239 3486 1417 3553 κρινεῖ
1447 3487 1540 3540 καὶ
1571 3467 1697 3553 τοὺς
1723 3492 1803 3545 δι-

210 3550 424 3619 καίους,
467 3557 541 3627 μή
570 3573 624 3610 τι
650 3560 745 3613 καὶ
772 3562 935 3628 αὐτὸς
964 3550 1443 3641 πεπλημμέληται.

286 3732 619 3826 Ἐπιϐρέξει
658 3739 759 3793 ἐπὶ
799 3742 1188 3815 ἁμαρτωλοὺς
1226 3752 1503 3822 παγίδας,
1536 3757 1657 3826 πῦρ
1697 3760 1798 3815 καὶ

208 3822 389 3921 θεῖον,
436 3829 533 3882 καὶ
559 3832 796 3901 πνεῦμα
827 3840 1167 3908 καταιγίδος
1198 3844 1236 3911 ἠ
1272 3845 1443 3914 μερὶς
1476 3849 1582 3903 τοῦ
1616 3822 1799 3921 stom-

199 3916 332 4014 plov
366 3920 592 4014 αὐτῶν.
625 3924 736 3988 Τὰς
768 3930 1062 3994 ἐπιπόνους
1094 3934 1345 4000 κολάσεις
1376 3939 1617 4014 πολλαχῆ
1648 3916 1798 4014 δηλοῖ

294 4013 579 4084 ποτήριον,
612 4021 688 4080 ὡς
716 4021 773 4071 ἐν
818 4021 1045 4094 Ἡσαΐᾳ·
1089 4025 1437 4098 Ἐξεγείρου,
1470 4008 1794 4105 ἐξεγείρου,

217 4098 670 4202 Ἰεροοσαλὴμ,ἠ
688 4112 912 4167 πιοῦσα
925 4116 990 4169 τὸ
1005 4120 1289 4188 ποτήριον
1300 4098 1675 4195 εὶσπτώσεωξ
1695 4132 1739 4202 (Ι
1754 4098 1793 4201 ),

208 4194 523 4298 ἷὸικόνδο-
542 4202 682 4298 τοῦᾳ
705 4209 917 4275 θυμοῦ.
974 4212 1137 4281 Λέγει
1182 4215 1241 4268 δὲ
1287 4218 1379 4273 καὶ
1424 4220 1503 4291 τῷ
1557 4194 1796 4298 Ἱερεμίᾷ

208 4282 332 4351 Θεὸς
349 4304 361 4316 ·
393 4288 549 4343 Λάϐε
577 4292 686 4346 τοῦ
714 4296 884 4350 οἴνου
909 4298 1015 4352 τοῦ
1042 4300 1305 4369 ἀκράτου
1330 4305 1398 4358 ἐκ
1433 4282 1792 4380 χειρόςθμουι,

209 4379 301 4467 καὶ
334 4382 608 4449 ποτίσεις
638 4386 784 4439 αὐτὸ
828 4387 1027 4445 πάντα
1056 4393 1127 4446 τὰ
1158 4394 1325 4463 ἔθνη,
1365 4398 1515 4467 πρὸς
1545 4379 1793 4467 οὒςνέγώ

210 4465 523 4526 ἀποστελῶ
553 4492 648 4529 σε.
688 4478 901 4532 Ὀποῖον
930 4481 989 4535 τὸ
1018 4486 1379 4556 προκείμενον
1419 4492 1699 4563 ποτήριον,
1734 4488 1794 4548 οὗ
1825 4476 1871 4531 D

209 4557 266 4653 rb
298 4560 572 4635 πλήρωμα
615 4568 727 4641 πῦρ
761 4573 855 4625 καί
881 4574 1042 4639 Θεῖον,
1077 4580 1171 4631 καὶ
1202 4580 1421 4652 πνεῦμα
1450 4586 1793 4653 καταιγίδοςο

400 4656 642 4749 συμϐολα
664 4663 731 4715 τὰ
763 4666 906 4719 κατὰ
943 4667 1191 4739 Σοδόμων
1232 4643 1799 4749 ἐπενεχθέντωληλοῖ

210 4739 263 4837 δὲ
287 4742 499 4837 τὺᾲπῦρ
532 4750 631 4822 τὴν
673 4751 1015 4821 διακαύσεως
1044 4759 1295 4832 ἀπειλὴν,
1326 4739 1483 4815 sese
1525 4763 1667 4817 Θεῖον

209 4828 574 4905 διεγείρουσαν
625 4840 706 4895 ἔτι
760 4844 960 4912 μᾶλλον
1018 4848 1077 4900 τὸ
1134 4828 1245 4921 πῦρ
1296 4852 1572 4925 ἀφορμὴν,
1626 4856 1687 4908 τὸ
1739 4828 1797 4911 δὲ

211 4925 421 4995 πνεῦμα
442 4930 541 5000 τῆς
566 4936 895 5003 καταιγίδος,
925 4942 1231 5012 πειρασμοῦ
1266 4948 1591 5019 συστροφήν.
1620 4949 1789 5020 Εἴρη-

210 5030 296 5066 ται
335 5020 439 5088 γὰρ
466 5025 523 5076 ἐν
566 5027 795 5100 Ἡσαΐᾳ·
847 5029 939 5096 Ὡς
972 5034 1243 5103 καταιγὶς
1276 5034 1351 5087 δι’
1384 5037 1609 5107 ἐρήμου
1641 5040 1791 5095 διέλ-

212 5109 297 5204 θοι
321 5108 608 5204 ἐρχομένη
635 5120 817 5190 ἐγγύς
834 5140 847 5153 ο
879 5125 1134 5193 φοϐερὸν
1162 5127 1228 5180 τὸ
1260 5128 1449 5199 ὅραμα
1474 5132 1574 5185 καὶ
1605 5139 1793 5204 σκλη-

208 5197 317 5261 ρὸν
344 5201 645 5299 ἀιιηγγέλη
672 5229 792 5278 μοι.
828 5215 984 5267 Ἔστι
1007 5216 1063 5269 δὲ
1087 5218 1180 5271 καὶ
1211 5223 1323 5284 τοῖς
1351 5197 1600 5278 εὐσεϐέσι
1624 5197 1792 5299 ποτή-

217 5305 327 5359 ριον
364 5293 420 5346 τὸ
463 5299 735 5367 μεθύσκον
777 5304 854 5370 ὡς
900 5308 1207 5377 κράτιστον,
1240 5314 1371 5383 περὶ
1412 5309 1472 5369 οὗ
1511 5316 1652 5387 τάχα
1697 5320 1791 5372 κά-

214 5385 359 5437 κεῖνο
394 5386 669 5446 λέλεκται”
718 5398 930 5466 Κύριος
957 5402 994 5468 ἠ
1025 5401 1195 5471 μερὶς
1233 5403 1340 5472 τῆς
1387 5385 1788 5478 κληροιέομίας

210 5490 326 5569 μου
361 5481 450 5533 καὶ
494 5484 603 5538 τοῦ
642 5491 950 5557 ποτηρίου.
985 5494 1094 5546 Καὶ
1134 5494 1203 5546 δι’
1251 5496 1427 5568 ἔργων
1473 5501 1691 5569 ἀγαθῶν
1726 5503 1786 5557 τὸ

218 5565 314 5637 μὲν
345 5578 544 5642 φυγεῖν,
578 5578 638 5630 τὸ
668 5579 723 5632 δὲ
758 5583 1109 5653 αἰρήσασθαι.

284 5662 347 5737 ’ζ
378 5662 522 5722 Rom.
561 5688 675 5737 xu,
712 5675 797 5730 i9.

217 5727 282 5790 1.
317 5732 375 5785 2.
442 5740 463 5769 ⁸
501 5727 871 5811 Ρεειι.’χι’,5.

1909 3208 1963 3263 id
1993 3208 2182 3279 gratiae
2202 3195 2449 3267 ‘confert,
2478 3210 2535 3256 ut
2564 3201 2933 3257 beneficarum
2965 3202 3229 3257 virtutum
3263 3216 3487 3256 suarum

1905 3297 2248 3368 inspectione
2268 3301 2535 3351 servetur
2569 3312 2580 3346 :
2616 3308 2754 3363 quas
2804 3292 3060 3357 virtutes,
3108 3291 3299 3346 oculos
3343 3306 3484 3345 nim--

1906 3396 2107 3461 cupat;
2144 3404 2252 3459 qua
2289 3387 2419 3442 item
2452 3386 2666 3441 ratione
2704 3384 2980 3455 palpebra:
3013 3384 3134 3455 ejus
3172 3382 3487 3453 significant

1898 3482 2214 3554 judicialem
2242 3480 2389 3534 illius
2410 3478 2812 3551 providentiam
2834 3492 2943 3547 qua
2982 3478 3165 3532 omnia
3196 3476 3486 3546 dijudicat.

1903 3574 2134 3644 Propter
2167 3572 2444 3642 justitiam
2500 3578 2681 3625 autem
2728 3584 2883 3625 suam
2926 3569 3010 3623 vel
3062 3569 3243 3639 ipsum
3272 3569 3489 3639 justum

1900 3667 2190 3739 judicabit,
2224 3680 2294 3720 ne
2325 3671 2380 3718 et
2404 3663 2522 3734 ipse
2560 3678 2779 3733 quoque
2807 3661 2862 3715 in
2891 3668 3176 3731 peccatum
3208 3662 3485 3715 inciderit.

1972 3757 2140 3813 Vens.
2180 3757 2230 3811 7.
2272 3755 2430 3810 Pluet
2464 3771 2623 3823 super
2647 3765 2948 3822 peccatores
2987 3753 3225 3823 laqueos,
3260 3753 3396 3823 ignis
3437 3763 3487 3806 et

1901 3851 2123 3918 sulphur
2154 3856 2203 3903 et
2237 3848 2457 3916 spiritus
2488 3846 2867 3916 procellarum,
2907 3862 3031 3913 pars
3064 3846 3244 3899 calicis
3280 3862 3485 3899 eorum.

1900 3944 2055 3999 Calix
2083 3942 2335 4015 graviora
2368 3940 2691 4011 plerumque
2722 3940 2991 4010 supplicia
3016 3939 3309 4008 signiﬁcat,
3345 3947 3404 3992 ut
3429 3940 3487 3993 iu

1899 4028 2040 4091 Isaia
2078 4056 2091 4091 :
2143 4034 2406 4105 Exsurge,
2429 4047 2673 4103 exsurge,
2697 4031 3019 4096 Jerusalem,
3043 4048 3161 4101 qua:
3190 4031 3369 4085 bibisti
3398 4049 3489 4086 ca-

1899 4130 2052 4185 licem
2082 4130 2272 4193 ruinse,
2320 4126 2567 4191 poculum
2599 4126 2692 4180 ira:
2716 4128 2758 4179 ³.
2793 4122 3044 4179 Ieremia:
3087 4140 3309 4195 quoque
3349 4126 3487 4180 dicit

1900 4222 2043 4277 Deus
2076 4240 2088 4275 :
2116 4219 2274 4274 Sume
2306 4219 2483 4272 vinum
2526 4233 2630 4271 non
2669 4216 2895 4269 dilutum
2940 4215 3004 4269 de
3053 4232 3214 4269 manu
3258 4232 3393 4281 mea,
3435 4226 3487 4271 et

1897 4314 2104 4384 potabis
2129 4328 2193 4367 ea:
2220 4329 2278 4366 eo
2310 4326 2487 4366 omnes
2506 4319 2704 4381 gentes,
2740 4309 2807 4362 ad
2848 4324 2980 4379 quas
3006 4325 3098 4380 ego
3129 4310 3337 4362 mittam
3370 4319 3418 4363 te
3440 4310 3481 4362 δ.

1898 4408 2089 4475 Qualis
2113 4413 2196 4461 cst
2230 4406 2373 4459 calix
2401 4403 2468 4459 de
2492 4418 2601 4473 quo
2626 4403 2739 4473 jam
2772 4403 2975 4472 agitur,
3013 4403 3180 4473 cujus
3202 4403 3485 4474 plenitudo

1900 4503 2041 4574 ignis
2095 4508 2150 4553 et
2200 4498 2431 4567 sulphur
2490 4504 2543 4550 et
2593 4494 2825 4565 spiritus
2872 4496 3274 4564 procellarum;
3322 4496 3483 4563 cujus

1899 4608 2033 4649 sane
2064 4590 2311 4663 symbola
2340 4605 2404 4643 ea
2437 4587 2555 4658 ipsa
2589 4594 2715 4641 sunt
2746 4602 2867 4657 qua:
2897 4594 3091 4641 contra
3123 4587 3359 4641 Sodoma
3380 4588 3484 4639 im-

1899 4686 2070 4740 missa
2100 4682 2271 4737 fuere.
2318 4678 2528 4734 indicat
2563 4694 2729 4749 porro
2766 4679 2910 4749 ignis
2952 4680 3189 4735 incendii
3236 4694 3301 4733 ac
3345 4678 3482 4731 adu-

1899 4775 2096 4831 stionis
2134 4774 2312 4827 minas
2340 4791 2352 4825 :
2380 4771 2633 4841 sulphur,
2678 4770 2821 4837 ignis
2856 4770 3180 4831 fomentum,
3217 4782 3328 4838 quo
3354 4768 3480 4837 plus

1903 4865 2241 4933 exardescit;
2272 4863 2502 4935 spiritus
2542 4862 2930 4933 procellarum,
2974 4860 3297 4916 tentationis
3346 4874 3481 4914 con-

1896 4960 2228 5015 versionem.
2265 4958 2323 5010 In
2357 4956 2495 5010 Isaia
2534 4970 2771 5025 namque
2792 4955 2995 5008 dicitur
3022 4972 3035 5006 :
3066 4950 3216 5005 Sicut
3246 4952 3478 5019 procella

1894 5069 1986 5123 per
2011 5053 2275 5106 desertum
2305 5050 2693 5119 pertransierit,
2727 5063 2884 5116 prope
2908 5043 3156 5098 accedens
3181 5058 3199 5095 .'
3227 5043 3478 5098 terribilis

1893 5148 2027 5203 visio
2055 5155 2104 5199 et
2134 5144 2269 5197 dura
2298 5145 2545 5198 nuntiata
2578 5140 2703 5194 mihi
2732 5151 2809 5193 est
2829 5141 2871 5193 ⁵.
2907 5138 3017 5193 Piis
3038 5154 3255 5208 quoque
3283 5139 3477 5193 homi—

1895 5241 2060 5294 nibus
2092 5240 2234 5293 calix
2284 5238 2566 5291 inebrians
2602 5250 2763 5304 quam
2797 5232 3239 5302 potentissimus,
3272 5232 3341 5287 de
3366 5249 3479 5302 quo

1895 5332 2133 5387 fortasse
2175 5329 2378 5384 dicitur
2407 5348 2419 5382 :
2448 5328 2709 5381 Dominus
2742 5340 2867 5392 pars
2908 5323 3237 5378 hwreditatis
3269 5340 3397 5378 mea:
3427 5334 3476 5377 et

1893 5426 2077 5479 colicis
2109 5424 2210 5478 mei
2231 5424 2273 5477 °.
2308 5422 2386 5476 Ac
2418 5436 2517 5492 per
2562 5426 2707 5474 recte
2753 5416 2899 5472 facta
2935 5417 3192 5472 vitandus
3234 5416 3343 5481 ille,
3380 5415 3473 5470 hic

1893 5514 2303 5587 amplectendus
2331 5521 2435 5568 est.

881 5686 894 5707 ³
938 5677 1097 5734 Rom.
1136 5698 1255 5749 vin,
1304 5686 1394 5741 55.
1472 5690 1492 5721 ⁸
1531 5688 1675 5746 Psal.
1714 5707 1800 5747 cx:

1945 5694 1998 5753 7.
2074 5692 2249 5749 '-lsa.
2284 5709 2372 5763 LI,
2413 5693 2500 5748 l7.
2578 5693 2599 5725 ⁸
2634 5691 2747 5750 Jcr.
2789 5707 2931 5758 xxv,
2975 5691 3053 5745 ιδ.
3134 5692 3152 5722 ⁵
3196 5690 3298 5745 lsa.
3343 5701 3468 5755 ut,

292 5828 371 5897 μ)
415 5832 817 5905 Εισπτὼσεως.
848 5841 1013 5899 Forte
1049 5846 1393 5913 ἐκπτώσεως.
1426 5848 1587 5915 LXX,
1624 5850 1800 5903 πτώσε

1930 5851 2087 5907 Eon.

521 5930 717 5993 Pun.
753 5930 871 5992 (in.
919 5934 1037 5992 XX
1060 5934 1167 6000 ΙΙΙ,

3151 5941 3189 6000 5
