3940 6292
495 365 565 420 59
1128 360 1395 417 EUSEBII
1429 358 1910 417 C/ESARIENSIS
1946 356 2097 414 OPP.
2140 353 2320 409 PARS
2377 354 2461 409 111.
2504 387 2573 397 -
2609 352 3022 410 EXEGETICA.

3605 346 3701 403 iii)

532 474 698 531 Vsus.
742 473 794 528 8.
836 473 1098 540 Quoniam
1134 474 1313 542 justus
1368 473 1661 535 Dominus,
1704 483 1752 528 et
1794 474 2029 540 iustitias

2207 467 2324 521 Ὅτι
2376 467 2605 535 δίκαιος
2644 469 2856 537 Κύριος
2899 468 2995 522 καὶ
3039 465 3424 532 δικαιοσύνας
3470 464 3701 535 ἠγάπη-

460 549 668 628 dilexit,
698 565 998 635 (equitatem
1025 565 1151 619 vidit
1186 565 1360 618 vultus
1382 565 1514 634 ejus.
1563 565 1694 618 Nam
1728 573 1913 635 utpote
1941 565 2033 633 ju-

462 663 580 711 stus
602 655 897 726 pauperem
932 656 1172 725 respicit,
1205 665 1520 725 peccatores
1548 656 1793 726 corripit.
1823 654 2031 708 Natura

459 753 640 801 autem
690 760 812 806 sua,
871 760 977 799 non
1024 746 1442 815 participatione
1488 746 1671 813 justus
1707 754 1812 801 est.
1860 748 2032 800 Crete-

459 850 580 889 rum
620 849 747 889 cum
796 835 872 888 ita
918 850 978 890 se
1028 834 1247 896 habeat,
1275 834 1541 903 justitias,
1593 852 1714 907 quae
1746 837 1799 890 in
1844 828 2030 892 multis

457 926 647 997 probis
680 926 816 983 viris
851 927 1221 997 reperiuntur,
1248 927 1444 997 diligit,
1488 944 1553 983 ac
1597 932 1870 999 cujusque
1903 944 2031 999 pro-

459 1017 703 1086 positum
738 1020 1025 1089 approbat.
1071 1017 1313 1089 Singulis
1358 1037 1490 1076 sane
1519 1011 1746 1091 judiciis
1782 1021 2030 1092 quaedam

454 1108 672 1177 iustitia
721 1109 1101 1167 inestzmulta
1145 1120 1326 1167 autem
1375 1121 1503 1168 sunt
1546 1114 1751 1183 judicia
1799 1110 1916 1179 Dei,
1962 1114 2031 1170 de

457 1201 659 1271 quibus
691 1202 956 1274 scriptum
992 1213 1115 1259 est:
1153 1193 1369 1259 Iudicia
1411 1197 1625 1259 Domini
1654 1223 1796 1268 vera,
1823 1206 2031 1276 justiﬁ-

456 1298 580 1347 eata
631 1294 687 1347 in
740 1295 1080 1365 semetipsa’.
1149 1295 1329 1351 Multae
1388 1298 1553 1367 igitur
1598 1298 1826 1369 justilia:
1878 1307 2023 1354 sunt.

459 1384 795 1457 tEquitatem
829 1405 1047 1460 quoque
1106 1392 1282 1453 videt,
1335 1391 1588 1446 videlicet
1638 1408 1826 1447 sanam
1875 1391 2028 1447 verbi

457 1481 786 1536 sententiam
833 1489 887 1536 et
932 1481 1241 1537 doctrinam
1268 1502 1280 1537 :
1307 1485 1505 1554 gaudet
1547 1486 1747 1556 quippe
1797 1484 1864 1539 de
1908 1484 2028 1553 ejus

456 1578 783 1641 cultoribus,
824 1577 1040 1633 etiamsi
1066 1578 1245 1634 videat
1285 1596 1381 1634 eos
1422 1579 1687 1635 conviciis
1722 1585 1777 1634 et
1807 1578 2030 1633 maledi-

456 1669 564 1725 ctis
605 1669 904 1741 impetitos.
940 1669 1231 1742 Nunquam
1270 1680 1451 1726 autem
1487 1672 1672 1743 plures
1722 1671 2025 1740 aequitatcs,

456 1758 686 1828 perinde
708 1767 874 1830 atque
894 1760 1125 1830 justitia:
1156 1762 1209 1816 in
1241 1761 1465 1831 judiciis
1497 1761 1702 1825 multae,
1738 1760 2025 1814 habentur.

2132 578 2265 628 σεν,
2290 563 2583 628 εὐθύτητα
2623 558 2743 615 εἶδε
2770 561 2835 614 τὸ
2868 562 3190 628 πρόσωπον
3222 560 3427 614 αὑτοῦ.
3471 560 3557 623 Ὠς
3596 561 3701 631 γὰρ

2131 653 2337 716 δίκαιος
2368 653 2644 707 ἐπιϐλέπει
2679 654 2776 724 μὲν
2814 653 2904 705 τὸν
2939 653 3165 722 πένητα,
3211 652 3453 705 παιδεύει
3492 651 3547 705 δὲ
3577 653 3702 717 τοὺς

2133 742 2515 815 ἁμαρτωλούςο
2573 744 2731 815 οὐσίᾳ.
2781 744 2838 796 δὲ
2884 742 3089 806 δίκαιός
3139 744 3306 803 ἐστιν,
3357 742 3418 796 οὐ
3478 746 3698 815 μετοχῇ.

2132 835 2278 908 Πλὴν
2308 837 2401 891 καὶ
2427 836 2598 901 οὕτως
2631 836 2770 907 ἔχων
2811 835 2999 905 ἀγαπᾷ
3026 833 3123 897 τὰς
3148 835 3205 887 ὲν
3234 836 3346 897 τοῖς
3379 833 3591 898 πολλοῖς
3623 834 3703 888 δι-

2132 928 2305 994 καίοις
2339 928 2701 993 δικαιοσύνας,
2734 927 2830 998 τὴν
2861 926 3091 981 ἑκάστου
3141 925 3395 999 πρόθεσιν
3446 926 3704 997 ἀποδεχό-

2134 1037 2311 1093 μενος.
2350 1021 2508 1074 Ἀλλά
2550 1021 2643 1075 καὶ
2683 1019 2912 1074 ἑκάστου
2940 1018 3205 1090 κρίματός
3233 1019 3349 1072 ἐστί
3381 1036 3465 1083 τις
3509 1019 3707 1073 δικαιο-

2134 1114 2264 1186 σύνη
2286 1132 2298 1144 ·
2335 1114 2504 1169 πολλὰ
2543 1114 2601 1167 δὲ
2628 1113 2695 1166 τὰ
2727 1113 2970 1183 κρίματα
3000 1110 3096 1165 τοῦ
3142 1111 3296 1175 Θεοῦ,
3341 1113 3469 1184 περὶ
3499 1105 3575 1165 ὧν
3622 1110 3706 1181 γέ-

2130 1225 2406 1279 γραπται·
2449 1209 2525 1262 Τὰ
2555 1204 2806 1277 κρίματα
2853 1207 3070 1272 Kvplov
3111 1205 3366 1272 ἀληθινὰ
3409 1204 3706 1259 δεδικαιω-

2125 1301 2280 1371 μένα
2311 1298 2410 1353 ἐπὶ
2454 1291 2520 1353 τό
2554 1300 2720 1354 αὑτό.
2760 1296 2959 1351 Πολλαὶ
2988 1298 3095 1369 ἄρα
3126 1297 3217 1349 καὶ
3251 1299 3305 1349 αἱ
3348 1297 3700 1353 δικαιοσύναι.

2130 1393 2324 1447 Βλέπει
2352 1392 2408 1447 δὲ
2443 1385 2539 1446 καλ¹
2586 1390 2878 1464 εὐθύτητα,
2920 1392 3020 1463 τὴν
3065 1391 3199 1463 πρὸς
3243 1392 3330 1445 τὸν
3358 1392 3516 1465 ὀρθὸν
3549 1393 3707 1463 λόγον

2129 1484 2383 1557 γνώμην·
2416 1487 2595 1557 χαίρει
2628 1485 2736 1557 γὰρ
2760 1485 2853 1537 ἐπὶ
2883 1486 2996 1547 τοῖς
3025 1485 3225 1554 ἔχουσι,
3263 1484 3363 1538 κᾶν
3390 1486 3709 1559 ὀνειδιζομέ-

2131 1594 2252 1641 νους
2276 1576 2396 1650 όρᾷ.
2436 1580 2660 1649 Μήποτε
2689 1568 2747 1631 δὲ
2772 1578 2847 1642 ὡς
2877 1574 3067 1631 πολλαὶ
3097 1576 3430 1632 δικαιοσύναι
3469 1580 3560 1633 ἐπὶ
3597 1582 3708 1643 τοῖς

2130 1667 2408 1743 κρίμασιν,
2442 1656 2614 1735 οὕτως
2658 1669 2967 1741 εὐθύτητες.
3015 1669 3112 1723 Διὰ
3159 1668 3215 1722 δὲ
3253 1669 3313 1723 τὸ
3350 1670 3709 1742 ἀποδέχεσθαι

2128 1754 2228 1835 τὴν
2256 1762 2545 1833 εὐθύτητα,
2580 1763 2642 1817 τὸ
2671 1763 2959 1835 πρόσωπον
2988 1758 3152 1818 αὑτοῦ
3173 1760 3294 1837 ὁρᾷ.
3335 1766 3708 1835 Ἐπιφαίνεται

457 1846 656 1905 Vultus
687 1867 816 1906 vero
835 1853 957 1921 ejus
991 1852 1112 1909 ideo
1141 1854 1451 1925 mquitatem
1485 1853 1651 1922 videt,
1686 1853 1813 1921 quia
1854 1853 2027 1923 ipsam

2137 1832 2238 1928 γάρ
2262 1856 2451 1928 παρὼν
2476 1860 2504 1911 ὁ
2543 1855 2673 1920 Θεὸς
2699 1832 2811 1921 τοῖς
2838 1858 3019 1929 ἔργοις
3048 1846 3147 1929 τῆς
3182 1832 3438 1930 προνοίας
3467 1832 3563 1913 καὶ
3594 1860 3709 1921 τοῖς

457 1942 744 2013 approbat.
779 1944 911 2000 Nam
961 1943 1105 2001 Deus
1135 1962 1380 2017 praesens
1423 1962 1547 2003 esse
1581 1947 2029 2018 deprehenditur,

456 2046 582 2087 cum
613 2034 967 2105 providentiae
986 2038 1269 2109 operibus,
1306 2047 1421 2094 tum
1452 2038 1649 2097 eﬂ‘ectu
1673 2039 2027 2111 judiciorum.

893 2148 1219 2207 PSAIMUS
1260 2151 1468 2207 DAV'ID
1505 2153 1598 2209 XI.

881 2262 934 2318 1.
988 2262 1055 2318 1η
1078 2265 1257 2335 ﬁnem,
1278 2281 1374 2335 pro
1401 2275 1605 2322 octava.

531 2370 607 2426 Ea
642 2372 761 2445 ipsa
792 2383 879 2432 est
900 2392 1023 2448 quae
1053 2379 1248 2451 psalmi
1277 2381 1420 2437 sexti
1446 2381 1731 2452 inscriptio
1755 2381 1852 2455 (i).
1882 2380 2032 2440 Dixi-

454 2479 581 2522 Mus
615 2474 798 2522 autem
829 2469 967 2525 solvi
998 2471 1170 2543 legem
1194 2471 1420 2545 Moysis,
1460 2475 1508 2531 si
1542 2490 1677 2546 puer
1708 2474 1943 2531 ducatur
1976 2477 2033 2531 in

458 2557 700 2614 sabbato
750 2554 1296 2638 [circumcidendus,]
1333 2566 1553 2638 quando
1599 2565 1753 2623 diem
1790 2567 2030 2624 circum-

454 2651 686 2709 cisionis
731 2662 984 2710 octavam
1033 2656 1090 2711 in
1126 2658 1246 2728 ipso
1297 2656 1495 2714 cadere
1541 2659 1811 2731 cantingit
1846 2679 1860 2715 :
1890 2675 2034 2715 eam-

455 2743 690 2816 demque
723 2747 833 2803 vim
868 2758 923 2803 et
952 2750 1323 2819 praestantiam
1368 2751 1570 2807 habere
1601 2751 1743 2807 diem
1781 2750 2029 2806 Domini-‘-

454 2850 599 2901 cam,
628 2850 752 2910 qua:
784 2838 1001 2896 Domini
1035 2842 1440 2899 resurrectione
1469 2843 1811 2910 nobilitatur,
1837 2853 2032 2916 estque

454 2939 485 2980 a
525 2926 703 2998 primo
736 2928 846 2997 die,
893 2939 1107 2989 octava.
1157 2931 1223 2987 Et
1254 2934 1373 3005 ipsa
1422 2947 1644 3005 quoque
1684 2943 1884 2991 natura
1931 2952 2033 2993 sua

456 3018 629 3088 prima
657 3019 909 3091 habetur,
933 3023 1063 3095 quia
1092 3024 1148 3079 in
1181 3024 1373 3082 eadem
1401 3041 1595 3084 omnes
1624 3027 1819 3084 animae
1837 3043 2033 3085 emund-

455 3109 677 3166 dantur.

2132 1948 2530 2021 άποτελέσμασι
2559 1948 2666 2003 τῶν
2695 1950 2998 2022 χριμάτων,

2518 2134 2807 2202 “mox
2840 2134 2928 2201 Ta
2968 2147 3167 2202 ΔΑΥιΔ
3212 2140 3315 2204 ιΑί.

2412 2262 2517 2327 Είς
2547 2260 2612 2314 τὸ
2647 2263 2822 2328 τέλος
2867 2262 2999 2331 περὶ
3031 2262 3142 2331 τῆς
3187 2263 3421 2334 ὀπαδόης.

2214 2377 2281 2431 Ἦ
2319 2376 2454 2449 αὐτή
2488 2379 2603 2431 ἐστι
2639 2380 2706 2450 τῇ
2737 2377 2831 2432 τοῦ
2868 2384 2921 2444 ς’
2967 2379 3268 2451 ἐπιγραφή.
3309 2377 3598 2448 Ἐλέγομεν
3629 2372 3708 2441 δὲ,

2129 2468 2207 2533 ὡς
2250 2468 2345 2523 καὶ
2373 2468 2465 2523 τὸν
2497 2470 2660 2541 νόμον
2692 2469 2807 2523 λύει
2850 2470 3145 2534 Μωῦσέως,
3180 2472 3229 2522 εί
3265 2470 3387 2537 ἄγοι
3419 2467 3618 2540 βρέφος
3651 2461 3712 2520 ἑν

2134 2559 2418 2632 Σαϐϐάτῳ,
2447 2561 2658 2633 ἡμέραν
2683 2561 2876 2632 ὀγδόην
2906 2561 3004 2632 τῆς
3046 2561 3343 2632 περιτομῆς
3370 2562 3426 2614 ἐν
3452 2561 3588 2631 αὐτῇ
3623 2576 3710 2629 γι-

2132 2653 2379 2726 νομένης.
2411 2653 2521 2724 Τὴν
2553 2654 2742 2724 ὁμοίαν
2767 2652 2911 2725 ἔχειν
2937 2653 3193 2723 ἐλέγομεν
3230 2651 3457 2724 δύναμιν
3483 2653 3577 2705 καὶ
3607 2650 3714 2721 τὴν

2132 2746 2439 2816 Κυριακὴν,
2470 2746 2568 2818 τὴν
2599 2747 2964 2816 άναστάσιμον
3002 2741 3167 2799 οὖσαν
3209 2745 3303 2798 τοῦ
3339 2744 3567 2817 Κυρίου,
3615 2746 3713 2798 καὶ

2132 2838 2502 2909 τυγχάνουσαν
2544 2838 2653 2893 ἀπὸ
2702 2839 2800 2911 τῆς
2856 2837 3081 2911 πρώτης
3125 2838 3336 2910 ὀγδόην,
3382 2836 3605 2907 πρώτην
3657 2837 3713 2892 δὲ

2132 2931 2274 2987 κατὰ
2302 2931 2462 3002 φύσιν
2491 2930 2840 3003 ὑπάρχουσαν
2861 2947 2876 2963 ·
2906 2928 3210 3001 καθαρτικὴ
3247 2929 3359 3002 γάρ
3385 2931 3498 2983 ἐστι
3526 2928 3714 2999 πάσης

2129 3024 2328 3097 ψυχῆς.

529 3202 695 3261 Vens.
719 3205 773 3271 2,
800 3207 854 3263 3.
893 3204 1112 3264 Salvum
1132 3224 1212 3263 me
1231 3209 1338 3279 fac,
1360 3208 1602 3276 Domine,
1626 3212 1876 3282 quoniam
1897 3213 2032 3284 defe-

2205 3202 2414 3259 Σῶσόν
2454 3217 2552 3273 με,
2598 3202 2795 3270 Κύριε,
2848 3199 2937 3253 ὅτι
2986 3196 3342 3252 ἐκλέλοιπεν
3382 3195 3571 3284 ὅσιος,
3621 3191 3715 3247 ὅτι

455 3297 526 3352 cit
553 3307 791 3378 sanctus,
826 3302 1074 3372 quoniam
1104 3301 1382 3358 diminuta:
1410 3312 1534 3357 sunt
1563 3305 1808 3360 veritates
1841 3322 1873 3360 a
1902 3306 2032 3376 ﬁliis

455 3387 747 3448 hominum.
804 3392 953 3448 Vana
984 3393 1144 3468 locuti
1188 3404 1313 3449 sunt
1357 3397 1712 3467 unusquisque
1753 3396 1822 3451 ad
1850 3399 2034 3467 proxi-

456 3494 602 3535 mum
648 3496 825 3545 suum,
873 3483 1018 3539 labia
1056 3486 1245 3541 dolosa
1282 3488 1337 3541 in
1377 3487 1552 3556 corde,
1595 3498 1645 3543 et
1684 3490 1839 3546 corde
1871 3490 2035 3546 locuti

454 3577 601 3623 sunt.
637 3568 830 3626 Totam
863 3573 1012 3629 illam
1052 3575 1139 3631 sui
1185 3578 1451 3648 temporis
1478 3581 1884 3650 generationem
1919 3582 2033 3638 crit-

456 3660 702 3719 minatur
736 3683 750 3720 :
781 3679 906 3721 nam
946 3667 1002 3722 in
1039 3670 1397 3740 sequentibus
1430 3673 1575 3729 dicet
1603 3694 1615 3729 :
1646 3672 1747 3741 Tu,
1787 3675 2030 3744 Domine,

455 3756 688 3813 servabis
724 3767 818 3814 nos
851 3769 902 3814 et
945 3763 1212 3818 custodias
1262 3781 1358 3821 nos
1406 3783 1440 3820 a
1483 3769 1818 3837 generatione
1845 3771 1946 3824 hac
1978 3772 2035 3825 in

456 3858 735 3905 internum.
786 3850 934 3910 Talis
983 3855 1130 3910 enim
1183 3864 1269 3913 est
1313 3858 1464 3930 prior
1491 3860 1581 3913 illa
1627 3863 1929 3933 generatio,
1966 3864 2037 3920 de

456 3956 565 4008 qua
604 3940 853 3999 Salvator
885 3945 1000 4002 haec
1030 3947 1226 4003 eﬂ'atur
1255 3967 1270 4004 :
1314 3949 1427 4005 Viri
1457 3949 1714 4008 Ninivitae
1737 3965 1951 4027 surgent
1979 3958 2036 4011 in

454 4031 657 4101 iudicio
687 4052 804 4090 cum
831 4039 1164 4108 generatione
1198 4042 1317 4111 hac,
1341 4051 1392 4097 et
1421 4044 1843 4103 condemnabunt
1868 4065 1985 4103 eam
2012 4061 2035 4104 :

456 4136 508 4180 et
553 4128 734 4198 regina
770 4130 958 4186 Austri
980 4132 1024 4197 ⁸,
1065 4141 1119 4190 et
1151 4140 1372 4203 caetera,
1415 4144 1471 4193 et
1509 4153 1728 4194 rursum
1761 4158 1775 4196 :
1805 4139 1895 4195 Sic
1935 4141 2036 4195 erit

460 4222 791 4294 generationi
818 4240 1040 4295 nequam
1071 4226 1193 4281 huic
1214 4227 1258 4283 ’.
1291 4227 1480 4300 Neque
1507 4229 1710 4300 iniuria
1745 4231 1918 4303 ipsam
1942 4248 2036 4288 ac-

455 4328 616 4379 cuso,
660 4316 737 4371 ait
767 4316 1072 4390 Propheta;
1108 4322 1203 4378 sed
1235 4322 1363 4393 quia
1394 4339 1556 4379 nemo
1584 4337 1809 4381 sanctus
1835 4326 1887 4381 in
1919 4326 2032 4392 illa,

455 4418 622 4461 nemo
672 4422 856 4464 verax.
916 4408 1373 4483 Quandoquidem
1427 4415 1594 4486 igitur
1639 4417 1848 4471 nullum
1903 4419 2034 4473 mihi

454 4499 653 4555 salutis
704 4509 984 4557 auctorem
1031 4505 1282 4575 invenio;
1336 4518 1393 4563 tu
1424 4509 1579 4569 mihi,
1618 4507 1866 4573 Domine,
1908 4512 2035 4567 talis

453 4595 594 4644 esto.
642 4589 837 4661 Arguit
880 4608 1046 4663 porro
1083 4593 1395 4653 Σαάκαι-[ιιι]
1449 4598 1911 4667 incredulitatem,
1966 4602 2036 4659 de

455 4681 658 4751 quibus
706 4683 784 4740 ait
833 4682 1089 4756 Moyses:
1122 4685 1277 4752 Filii,
1313 4689 1369 4743 in
1397 4691 1586 4760 quibus
1633 4691 1784 4745 nulla
1812 4691 1942 4760 ﬁdes
1966 4694 2029 4746 “'.

454 4772 614 4839 Quod
662 4783 845 4833 autem
894 4791 1036 4832 vana
1086 4778 1255 4834 locuti
1304 4780 1434 4847 sint,
1486 4781 1717 4838 insidias
1762 4781 2033 4840 Salvatori

454 4874 753 4934 struentes,
788 4877 952 4941 atque
981 4870 1172 4928 dolose
1210 4873 1591 4944 aggredientes
1631 4875 1806 4942 illum,
1832 4876 2035 4932 diserte

453 4956 785 5014 testiﬁcatur
812 4959 1230 5034 Evangeliorum
1264 4965 1560 5037 scriptura.

527 5135 698 5194 Vens.
727 5139 784 5202 4,
814 5139 866 5194 5.
909 5140 1195 5212 Disperdat
1221 5141 1480 5197 Dominus
1502 5143 1747 5198 uniuersa
1777 5142 1920 5199 labia
1937 5142 2035 5197 ιιοὸ

458 5228 593 5293 losa,
638 5241 690 5284 et
714 5230 950 5301 linguam
985 5235 1401 5307 magniloquam.
1432 5235 1536 5302 Qui
1573 5234 1821 5289 dixerunt
1858 5251 1877 5289 :
1909 5234 2035 5289 bin-

453 5336 613 5390 guam
633 5330 878 5376 nostram
920 5327 1400 5396 magniﬁcabimus,
1433 5325 1579 5380 labia
1602 5335 1784 5380 nostra
1822 5342 1854 5379 a
1886 5325 2035 5379 nobis

455 5424 622 5468 sunt:
647 5416 765 5484 quis
812 5425 991 5471 noster
1014 5417 1273 5473 Dominus
1314 5420 1434 5473 est?
1478 5416 1570 5473 Dei
1601 5417 1769 5482 enim,
1804 5431 1913 5472 non
1938 5432 2037 5471 aut

459 5517 567 5561 tum
609 5506 873 5574 hominis,
910 5520 1033 5565 erat
1075 5525 1268 5566 eorum
1315 5508 1712 5582 malignitatem
1772 5522 2037 5580 superare

2133 3293 2520 3365 ὠλιγώθησαν
2548 3293 2609 3345 αὶ
2649 3289 2917 3355 ἁλήθειαι
2959 3286 3075 3341 ἀπὸ
3109 3284 3227 3339 τῶν
3263 3284 3408 3339 υἱῶν
3446 3282 3564 3337 τῶν
3603 3284 3714 3337 ἀν-

2134 3385 2397 3455 θρώπων.
2457 3382 2689 3439 Μάταια
2735 3381 3054 3449 ἐλάλησαν
3099 3379 3356 3444 ἕκαστος
3412 3374 3559 3445 πρὸς
3604 3373 3717 3427 τὸν

2135 3477 2402 3547 πλησίον
2446 3474 2655 3541 αὑτοῦ,
2704 3475 2877 3545 χείλη
2927 3472 3101 3527 δόλια
3140 3471 3209 3524 ἐν
3245 3469 3456 3538 καρδίᾳ
3497 3465 3596 3521 καὶ
3645 3466 3718 3520 ἐν

2133 3570 2351 3641 καρδίᾳ
2376 3568 2707 3637 ἐλάλησαν.
2754 3566 3039 3621 Διαὸάλλει
3071 3567 3252 3618 πᾶσαν
3292 3562 3393 3634 τὴν
3436 3560 3557 3615 καθ’
3586 3559 3718 3613 ἑαυ-

2135 3666 2227 3720 τὸν
2251 3663 2474 3734 γενεάν·
2510 3662 2652 3728 λέξει
2679 3661 2786 3733 γάρ
2828 3661 2922 3715 καὶ
2965 3657 3197 3732 προϊών·
3236 3656 3340 3719 Σὺ,
3379 3655 3577 3723 Κύριε,
3603 3671 3721 3722 scv-

2133 3754 2341 3820 λάξεις
2375 3752 2532 3823 ἡμᾶς
2571 3751 2669 3806 καὶ
2716 3749 3096 3819 διατηρήσεις
3123 3745 3281 3817 ἡμᾶς
3318 3745 3435 3801 ἀπὸ
3479 3743 3589 3811 τῆς
3619 3761 3717 3815 τε-

2135 3845 2278 3914 νεᾶς
2317 3847 2539 3914 ταύτης
2583 3844 2682 3898 καὶ
2726 3846 2815 3910 εις
2861 3845 2969 3896 τὸν
3008 3839 3210 3895 αἰῶνα.
3262 3837 3494 3909 Τοιαύτη
3533 3836 3644 3908 γὰρ
3681 3838 3717 3906 ἡ

2135 3938 2377 4012 προτέρα
2401 3936 2585 4007 γενεά,
2630 3934 2759 4008 περὶ
2784 3929 2852 4007 ἦς
2877 3934 2979 4006 ἔφη
3010 3934 3106 3987 καὶ
3140 3936 3168 3987 ὁ
3206 3932 3358 4003 Σωτή
3368 3947 3399 4003 ρ
3424 3947 3437 3961 ·
3475 3929 3724 3997 Ἄνδρες

2135 4031 2437 4087 Νινευῗται
2472 4028 2924 4095 ἀναστήσονται
2966 4027 3038 4079 ἐν
3075 4024 3149 4094 τῇ
3192 4026 3385 4094 rep/cer.
3422 4021 3572 4093 μετὰ
3605 4019 3721 4089 τῆς

2136 4120 2346 4194 γενεᾶς
2392 4122 2633 4189 ταύτης,
2676 4118 2779 4173 καὶ
2826 4116 3293 4186 κατακρινοῦσιν
3341 4115 3533 4181 αὑτήν
3553 4129 3567 4143 ⁸
3618 4110 3723 4167 καὶ

2132 4215 2475 4280 βασίλισσα
2492 4212 2704 4278 Νότου,
2736 4209 2832 4265 καὶ
2862 4209 2931 4264 τά
2963 4209 3124 4280 ὲξῆςο
3167 4206 3261 4261 καὶ
3306 4207 3467 4261 πάλιν
3506 4204 3682 4268 οὕτως
3701 4219 3717 4234 ⁸

2141 4309 2347 4361 Ἔσται
2385 4304 2459 4373 τῇ
2491 4303 2667 4376 γενεᾲ
2701 4303 2775 4373 τῇ
2805 4301 3038 4371 πονηρᾷ
3063 4303 3271 4370 ταύτῃ.
3300 4301 3414 4354 Οὐκ
3436 4298 3637 4360 ἀδίκως
3663 4296 3720 4351 δὲ

2137 4397 2341 4470 ταύτης
2373 4396 2685 4470 κατηγορῶ,
2717 4396 2881 4467 φησὶν
2921 4396 2950 4448 ὁ
2978 4395 3301 4467 Προφήτης·
3338 4391 3452 4446 ἀλλ’
3496 4392 3579 4444 ὅτι
3616 4407 3723 4460 μη-

2137 4492 2250 4556 δεὶς
2273 4493 2417 4555 ὅσιος
2449 4493 2507 4545 ἐν
2537 4491 2693 4561 αὐτῇ,
2726 4489 2913 4560 μηδεὶς
2940 4487 3168 4558 ἀληθής.
3208 4486 3362 4540 Ἐπεὶ
3393 4479 3485 4537 οὖν
3515 4481 3721 4553 μηδένα

2142 4603 2231 4656 μοι
2250 4584 2520 4659 σωτηρίας
2539 4582 2711 4637 αἴτιον
2738 4581 2996 4653 εὑρίσκω,
3024 4578 3186 4642 αὑτός
3210 4595 3319 4650 μοι,
3344 4575 3537 4648 Κύριε,
3564 4571 3721 4626 τοῦτο

2134 4678 2315 4746 γενοῦ.
2377 4675 2650 4746 Διελέγχει
2698 4673 2756 4726 δὲ
2811 4671 2920 4725 τῶν
2974 4670 3247 4725 Ἰουδαίων
3297 4668 3394 4739 τὴν
3439 4664 3719 4727 ἀπιστίαν,

2136 4770 2265 4841 περὶ
2292 4761 2367 4824 ὧν
2402 4780 2535 4839 φησι
2575 4767 2669 4821 καὶ
2700 4765 2972 4836 Μωῦσῆς·
3031 4762 3172 4828 Υἱοὶ,
3197 4758 3287 4828 οἷς
3327 4761 3437 4814 οὐκ
3465 4759 3598 4813 ἐστι
3632 4756 3721 4809 πί-

2135 4876 2272 4926 στις
2309 4860 2379 4913 ἐν
2403 4857 2626 4924 αὐτοῖς.
2667 4856 2786 4909 ’Ότι
2817 4855 2874 4909 δὲ
2910 4855 3116 4926 μάταια
3148 4852 3371 4907 ἐλάλουν
3405 4846 3723 4903 ἐπιϐουλεύ-

2134 4968 2289 5015 οντες
2325 4950 2404 5022 τῷ
2451 4952 2666 5022 Σωτῆρι
2703 4951 2798 5004 καὶ
2845 4948 3034 5013 δολίως
3076 4946 3227 5018 αὐτῷ
3272 4943 3719 5017 προσερχόμενοι,

2146 5042 2333 5115 σαφῶς
2364 5044 2398 5114 ἡ
2442 5041 2547 5095 τῶν
2579 5041 2925 5110 Εὐαγγελίων
2950 5040 3189 5092 διδάσκει
3208 5036 3415 5110 γραφη.

2224 5135 2684 5203 Ἑξολοθρεύσαι
2717 5133 2933 5201 Κύριος
2978 5130 3174 5185 πάντα
3206 5128 3279 5183 τὰ
3307 5123 3481 5195 χείλη
3517 5120 3592 5175 τὰ
3628 5118 3722 5174 δό-

2137 5232 2260 5293 λια,
2311 5226 2602 5299 γλῶσσαν
2639 5223 3150 5296 μεγαιορῤήμονα.
3211 5215 3357 5283 Τοὺς
3399 5214 3680 5278 είπόντας
3703 5228 3718 5241 ·

2144 5320 2265 5389 Τὴν
2311 5319 2603 5386 γλῶσσαν
2662 5318 2831 5389 ἡμῶν
2883 5312 3358 5388 μεσωυνοῦμεν,
3416 5307 3492 5361 τὰ
3543 5304 3719 5374 χείλη

2139 5411 2310 5483 ἡμῶν
2359 5412 2494 5480 παρ’
2538 5409 2708 5481 ἡμῶν
2746 5411 2879 5465 ἐστι
2902 5426 2914 5439 ·
2970 5408 3062 5474 τίς
3109 5403 3278 5474 ἡμῶν
3301 5398 3515 5469 Κύριός
3551 5398 3724 5459 edn;

2141 5504 2275 5559 Θεοῦ
2302 5504 2411 5577 γάρ
2441 5499 2532 5576 ἦν,
2560 5504 2662 5557 οὐκ
2693 5499 3004 5575 ἀνθρώπου,
3041 5498 3143 5570 τῆς
3171 5494 3396 5549 ἐκείνων
3437 5486 3724 5563 περιγενό-

528 5664 549 5698 ⁷
589 5666 737 5722 Psai.
769 5682 899 5721 xvm
924 5706 940 5730 ,
980 5666 1064 5721 10.
1139 5666 1162 5698 ⁸
1202 5666 1391 5723 Matth.
1428 5684 1527 5735 xu,
1559 5665 1650 5732 tl,
1676 5663 1767 5720 49..
1842 5667 1864 5698 ¹
1904 5662 2032 5721 ibid.

2137 5659 2169 5718 ἲ.
2252 5660 2296 5693 ¹⁹
2338 5660 2493 5717 Deut.
2528 5672 2700 5722 xxxii,
2734 5657 2825 5714 20.

527 5823 603 5896 (Ι)
640 5822 776 5879 Vide
804 5837 972 5894 supra
997 5822 1134 5894 psal.
1168 5838 1246 5879 vr.
