3940 6292
262 366 359 421 ιιι

1401 381 1899 438 (ΣΟΜΜΕΝΤΑΙΠΛ
1947 384 2011 439 ΙΝ
2049 386 2384 443 PSALMOS.

3408 388 3510 442 Mt!

260 486 387 540 σθαι
418 490 643 557 κακίας,
676 495 767 547 καὶ
803 496 985 549 σϐέσαι
1041 497 1228 566 λόγους
1270 500 1722 573 βλασφημοῦντας
1758 506 1812 557 τὸ

1949 516 2003 562 et
2033 507 2346 578 blasphema
2379 507 2433 561 in
2466 506 2649 563 Jesum
2672 507 2836 561 verba
2868 507 3247 577 comprimere.
3280 505 3508 561 Perinde

270 578 503 649 Ἰησοῦν.
549 584 782 655 Ὁμοίως
808 588 862 640 δὲ
892 589 970 659 τῷ
1007 590 1204 661 Φαραὼ
1251 594 1509 663 φήσαντι’
1548 598 1667 649 Οὐκ
1708 594 1842 651 οῖδα

253 668 375 723 τὸν
428 674 669 741 Κύριον,
716 680 808 731 καὶ
858 682 1009 734 αὐτοί
1063 700 1225 752 φασι’
1285 688 1379 751 Τίς
1421 687 1588 756 ἡμῶν
1626 691 1841 756 Κύριός

250 760 429 826 eam;
472 766 792 836 νομίσαντες
830 767 965 824 εἶναι
998 773 1175 845 κύριοι
1220 776 1306 828 διὰ
1350 776 1457 830 τῶν
1492 778 1635 831 ἰδίων
1670 780 1839 848 λόγων

248 850 360 921 τὴν
406 854 502 907 τοῦ
543 858 795 929 Σωτῆρος
841 862 1026 916 σϐέσαι
1073 865 1435 933 διδασκαλίαν,
1464 870 1536 934 ὼς
1580 871 1645 924 ἂν
1689 872 1839 936 ὄντες

248 944 620 1012 αὐτεξούσια.
651 951 832 1005 Ταῦτα
864 954 922 1007 δὲ
964 950 1031 1025 ἦν
1055 957 1123 1009 τὰ
1150 959 1455 1029 Φαρισαίων
1484 962 1574 1015 καὶ
1618 964 1839 1017 Σαδδου-

245 1035 431 1090 καίων
465 1039 638 1111 χείλη,
689 1043 806 1111 μεθ’
842 1046 1179 1117 ὑποκρίσεως
1226 1052 1555 1120 προσιόντων
1597 1052 1673 1122 τῷ
1720 1056 1835 1107 Σω-

242 1124 401 1197 τῆρι,
430 1131 524 1182 καὶ
556 1126 727 1186 Ραϐϐὶ
751 1136 1050 1189 καλούντων
1082 1139 1261 1203 αὐτὸν,
1291 1140 1462 1212 λάθρα
1504 1142 1558 1194 δὲ
1594 1144 1711 1197 κατ’
1745 1146 1837 1197 αὐ-

240 1216 341 1269 τοῦ
372 1222 730 1290 τυρευόντων.
762 1227 1253 1299 Μεγαλορῤήμονες
1277 1232 1332 1284 δὲ
1358 1228 1495 1302 ἦσαν
1524 1234 1572 1285 oi
1608 1234 1836 1303 πρεσϐύο

240 1324 399 1379 τεροι
440 1314 537 1365 καὶ
561 1316 608 1365 oi
652 1318 926 1390 ἀρχιερεῖς
954 1321 1046 1373 τοῦ
1089 1323 1238 1384 λαοῦ,
1277 1325 1584 1394 τολμῶντες
1612 1328 1836 1399 ἀνακρί-

239 1417 357 1453 νειν
390 1404 484 1456 τὸν
518 1407 745 1478 Σωτῆρα
783 1411 873 1462 καὶ
914 1412 1090 1481 λέγειν
1128 1415 1311 1486 αὐτῷ·
1362 1418 1463 1470 Ἐν
1492 1421 1631 1485 ποίᾳ
1664 1420 1835 1484 ἐξου-

237 1495 353 1559 σίᾳ
399 1495 587 1550 ταῦτα
640 1500 844 1567 ποιεῖς,
896 1505 992 1557 καὶ
1036 1506 1129 1570 τίς
1166 1523 1265 1559 σοι
1302 1508 1485 1561 ἔδωκε
1516 1509 1629 1576 τὴν
1663 1511 1833 1573 ἐξου-

198 1601 203 1609 ί
235 1584 395 1636 σιάν
421 1588 688 1655 tacitur;

313 1678 538 1733 Ἕνεκε
568 1681 676 1750 τῆς
716 1688 1114 1755 ταλαιπωρίας
1170 1688 1286 1742 τῶν
1317 1692 1567 1759 πτωχῶν
1596 1693 1693 1745 καὶ
1726 1694 1830 1748 τοῦ

232 1774 587 1841 στειάγμοῦ
616 1774 734 1829 τῶν
758 1778 1031 1845 πενήτων
1054 1782 1170 1835 νῦν
1200 1783 1641 1852 ἀναστήσομαι,
1662 1786 1826 1854 λέγει

229 1864 479 1932 Κύριος.
516 1866 781 1936 ϐήσομαι
812 1871 881 1923 ἐν
921 1874 1210 1941 σωτηρίῳ,
1242 1876 1723 1945 παρρησιάσομαι
1755 1881 1827 1932 ἐν
1856 1860 1897 1914 Β

180 1936 187 1953 ““
228 1953 418 2018 αὐτῷ.
458 1957 531 2009 Ἦ
560 1958 653 2009 καὶ
677 1958 850 2023 οὕτως
870 1979 881 1990 ·
921 1963 983 2013 Ui
1017 1936 1221 2033 nimio).
1248 1936 1439 2035 altus
1476 1967 1567 2018 καὶ
1595 1936 1824 2040 πένητες

229 2048 528 2114 γεγονότες
560 2050 637 2120 τῷ
684 2051 951 2122 πνεύματι
986 2056 1260 2109 στένουσιν
1290 2058 1373 2111 ἀεὶ
1412 2062 1824 2132 ταπεινούμενοι

228 2139 603 2208 προσέχοντες
629 2161 731 2213 μου
762 2145 840 2215 τῷ
871 2146 1033 2217 λόγῳ,
1070 2150 1162 2201 καὶ
1192 2149 1371 2202 πίστιν
1404 2151 1593 2223 ἀκλινῆ
1626 2152 1822 2205 διασώ-

228 2226 420 2295 ζοντες
441 2251 456 2263 ι
490 2226 565 2285 ὧν
599 2235 781 2289 ἕνεκεν
806 2238 1201 2311 ἀναστήσομαι,
1234 2244 1327 2296 καὶ
1359 2243 1499 2297 κατὰ
1526 2246 1585 2297 τὸ
1614 2248 1821 2317 πρέπον

226 2323 291 2390 τῇ
355 2324 467 2394 ὲμῇ
527 2326 819 2381 ἀναστάσει
871 2333 1136 2401 σωτήριον
1189 2336 1454 2405 στήσομαι
1511 2340 1675 2391 πᾶσιν
1728 2340 1824 2393 ἀν-

226 2410 472 2482 θρώποις
493 2432 510 2447 ο
544 2419 629 2487 ἐφ’
667 2412 819 2492 ᾧπερ
848 2421 923 2485 ὡς
957 2424 1177 2495 μεγάλῳ
1213 2429 1659 2500 παρρησιάσομαι
1682 2448 1818 2484 κατ-

224 2502 534 2575 ορθώματι.

306 2596 385 2650 Τὰ
410 2600 589 2668 λόγια
637 2602 852 2669 Κυρίου
880 2606 1055 2675 λόγια
1083 2607 1257 2677 ἁγνὰ,
1301 2611 1581 2679 ἀργύριον
1624 2628 1815 2668 πεπυ-

221 2688 518 2756 ρωμένον,
550 2690 825 2760 δοκίμιον
858 2691 930 2762 τῇ
978 2694 1075 2765 γῇ,
1114 2703 1623 2770 κεκαθαρισμένον
1648 2686 1817 2758 ἐπτα-

224 2778 523 2847 Ξλασίως.
569 2782 626 2836 Ὀ
654 2785 711 2837 δὲ
742 2786 979 2857 ἄργυρος
1024 2784 1281 2855 πολλάκις
1318 2795 1654 2866 πυρούμενος
1686 2798 1816 2867 ἀμι-

224 2869 322 2941 γὴς
352 2873 554 2944 ἐτέρας
585 2874 717 2945 ὕλης
768 2878 952 2931 ἐστίν·
1000 2877 1142 2933 οὓτω
1184 2882 1397 2955 καθαρά
1444 2886 1673 2954 ψεύδους
1718 2887 1813 2941 τοῦ

232 2964 441 3035 Κυρίου
469 2966 541 3019 τὰ
589 2966 763 3036 λόγια.

291 3053 403 3115 Σὺ,
462 3056 665 3141 Κύριε,
722 3060 1016 3129 φυλάξεις
1072 3064 1229 3133 ἡμᾶς
1276 3067 1374 3121 καὶ
1427 3067 1811 3138 διατηρήσεις

221 3144 377 3213 ἡμᾶς
421 3147 547 3200 ἀπὸ
582 3146 693 3215 τῆς
720 3151 928 3219 γενεᾶς
968 3156 1189 3223 ταύτης
1216 3158 1315 3210 καὶ
1350 3161 1436 3224 εἱς
1466 3160 1573 3213 τὸν
1603 3162 1807 3215 αἰῶνα.

233 3234 488 3288 Ἐπειδὰν
521 3237 761 3311 φυλάξῃς
808 3244 934 3306 τοὺς
983 3248 1109 3309 σοὺς
1151 3252 1417 3318 πτωχοὺς,
1464 3252 1556 3304 καὶ
1588 3253 1807 3308 ἐπειδὰν

222 3319 367 3415 igua;
397 3330 776 3401 περιτειχίσῃς
812 3333 926 3403 ἅμα
954 3339 1020 3406 τῇ
1063 3337 1329 3411 ἐρχομένῃ
1363 3345 1544 3413 γενεᾷ,
1592 3347 1657 3415 τῇ
1707 3363 1807 3399 κα-

219 3403 457 3487 λουμένῃ
490 3419 707 3489 αἰωνίᾳ,
732 3422 781 3473 οἱ
826 3403 1329 3495 παράνομοι-τότε,¹
1346 3403 1510 3494 ἐκτὸς.
1527 3403 1803 3504 γενόμενοι

219 3505 313 3575 τῆς
365 3510 449 3571 εἰς
507 3510 715 3574 πάντας
744 3513 1063 3584 ἀνθρώπους
1107 3519 1480 3592 χυθησομένης
1513 3540 1605 3576 σου
1650 3526 1804 3599 χάριδ

220 3612 325 3663 τος,
356 3599 549 3672 κύκλῳ
593 3609 1047 3678 περιπατήσουσι,
1082 3610 1277 3682 θεωροὶ⁴
1316 3616 1667 3686 γενησόμενοι
1694 3618 1803 3673 τῶν

224 3690 583 3761 σωζομένωνα
616 3695 711 3748 καὶ
738 3696 898 3752 τοῦτο
924 3697 1077 3753 ἔσται
1103 3703 1228 3755 ὅταν
1260 3702 1546 3773 ὑψωθῶσιν
1571 3708 1619 3760 οἱ
1660 3710 1805 3761 εὐτεε

219 3778 326 3844 λείς
355 3783 463 3835 τῶν
495 3785 595 3838 ἀνθ
602 3785 821 3856 ρώπων.

288 3875 505 3940 Κύκλῳ
551 3880 607 3931 οἱ
643 3880 882 3948 ἀσεϐεῖς
912 3886 1324 3953 περιπατοῦσι,
1356 3891 1507 3945 κατὰ
1544 3892 1610 3944 τὸ
1642 3892 1800 3961 ὕψος

222 3982 333 4021 σου
376 3969 821 4041 ἐπολυώρησας
874 3976 1015 4042 τοὺς
1054 3980 1228 4045 υἱοὺς
1282 3980 1401 4035 τῶν
1451 3984 1795 4052 ἀνθρώπων.

236 4060 443 4134 Ἐπειδὴ
502 4066 531 4116 ό
579 4064 777 4131 κύκλος
828 4072 893 4140 τῇ
943 4070 1126 4143 εὐθείᾳ
1182 4075 1420 4139 ἐναντίος
1476 4078 1591 4129 ἐστὶ
1655 4080 1797 4133 κατὰ

221 4152 311 4220 τὴν
354 4155 678 4228 σκολιότητα
729 4162 822 4214 καὶ
850 4162 1140 4234 εὐθύτητα,
1183 4169 1231 4219 οἰ
1278 4168 1335 4220 δὲ
1368 4170 1582 4235 ἀσεϐεῖς
1615 4173 1797 4244 κύκλῳ

227 4250 637 4318 περιπατοῦσιν,
672 4255 723 4306 οἱ
766 4257 1008 4322 εὐσεϐεῖς
1057 4261 1165 4330 ἄρα
1208 4260 1420 4315 εὐθεῖαν
1468 4269 1796 4336 περιπατούὁ

228 4352 321 4392 σιν.

343 4431 453 4484 ΕΙΣ
493 4431 586 4487 ΤΟ
627 4434 849 4491 ΤΕΛΟΣ
880 4440 1171 4495 ΨΑΛΜΟΣ
1209 4443 1296 4495 ΤΩ
1312 4446 1514 4499 ΔΑΥΙΔ
1557 4450 1669 4501 IB'.

288 4517 383 4571 Διὰ
419 4518 484 4571 τὸ

224 4606 338 4673 λους
367 4613 642 4685 ἀνδρικῶς
670 4621 967 4689 ἠγωνίζετο
990 4642 1003 4654 ·
1036 4625 1097 4679 τὸ
1132 4627 1188 4679 δὲ
1221 4630 1372 4693 τέλος
1402 4633 1430 4684 ὁ
1473 4606 1581 4686 τῶν
1621 4638 1796 4691 πόνων

223 4701 329 4753 ἐστὶ
373 4708 609 4776 καρπὸς,
643 4710 787 4783 ζωὴν
828 4716 1043 4771 αἰώνιον
1089 4722 1180 4772 καὶ
1234 4722 1509 4790 βασιλείαν
1551 4730 1794 4801 οὐρανῶν

223 4794 509 4894 προξενῶν.
552 4801 647 4864 Εἰς
682 4805 778 4872 μὲν
802 4802 894 4858 οὖν
926 4808 986 4860 τὸ
1026 4810 1175 4874 τέλος
1214 4814 1494 4887 ἀνέπεμψε
1528 4794 1632 4890 τὴν.
1652 4822 1796 4894 ᾠδὴν

217 4888 288 4983 τῶ
318 4890 468 4983 Θεῷξ
516 4897 655 4948 κατὰ
698 4898 753 4950 δὲ
784 4899 880 4970 τὴν
909 4903 1101 4974 ἀρχὴν,
1138 4907 1214 4969 ὡς
1255 4888 1789 4983 ἀγωνιζόμενος-ἔτι,

216 4976 308 5040 τὰς
350 4982 578 5051 πρώτας
627 4989 888 5059 προφέρει
934 4993 1153 5059 φωνάς·

281 5154 432 5252 ξΕως
461 5161 628 5225 πότε,
660 5167 856 5233 Κύριε,
898 5170 1163 5242 ἐπιλήσῃ
1180 5190 1299 5244 μου
1325 5180 1411 5244 εὶς
1433 5180 1640 5249 τέλος;
1681 5185 1792 5252 ἕως

217 5247 772 5348 πότεᾹᾴποστρέ-ψεις
789 5260 853 5312 τὸ
879 5264 1202 5329 πρόσωπόν
1221 5283 1337 5324 σου
1358 5272 1459 5325 ἀπ’
1474 5247 1657 5343 ἐμοίῑτ
1680 5247 1788 5348 Λήζ

216 5339 305 5435 θην
345 5344 401 5396 δὲ
445 5345 579 5411 θεὸς
620 5354 852 5405 ποιεῖται
896 5356 1003 5409 τῶν
1076 5360 1574 5435 ὲπιλανθανομένων
1616 5371 1779 5425 αὐτοῦ

220 5429 301 5527 διὰ
328 5434 427 5505 τῆς
445 5438 722 5511 ἁμαρτίας
740 5459 752 5471 ·
777 5444 1106 5517 ἀποστρέφει
1139 5453 1232 5504 καὶ
1252 5454 1314 5505 τὸ
1366 5429 1651 5527 πρόσωπον
1675 5463 1781 5515 ἀπὸ

214 5522 314 5623 τῶν
364 5531 587 5602 αἰσχρόν
630 5551 683 5586 τι
732 5535 1098 5605 πραττόντων,
1126 5543 1375 5611 ἀναξίους
1411 5545 1547 5603 εἶναι
1590 5554 1780 5623 κρίνας

216 5614 305 5688 τῆς
324 5622 612 5689 ἐποπτείας
634 5628 801 5680 αὐτοῦ
822 5647 834 5658 ·
866 5631 1052 5705 διόπερ
1080 5632 1183 5689 ὐπὸ
1200 5638 1292 5690 τού
1329 5643 1624 5708 συνειδότος
1659 5664 1779 5700 νυτ-

215 5705 421 5777 τόμενος
457 5718 551 5769 καὶ
590 5717 691 5789 τὴν
716 5717 812 5772 τοῦ
844 5719 978 5772 Θεοῦ
1007 5722 1188 5787 δεδιὼς
1232 5726 1411 5798 κρίσιν
1438 5705 1651 5802 ἐπάγει*

282 5818 320 5850 ¹¹
357 5820 522 5880 Exod.
553 5845 612 5893 v,
644 5828 699 5885 2.
788 5829 830 5861 ¹²
871 5830 1067 5888 Matth.
1099 5850 1226 5901 nt,
1256 5837 1345 5895 23.

1942 606 2104 668 atque
2142 598 2358 655 Pharao
2385 600 2520 655 dixit
2551 619 2566 655 :
2596 598 2719 653 Non
2753 600 2871 654 novi
2894 598 3179 653 Dominum
3209 600 3285 667 “;
3314 600 3427 667 jam
3467 598 3505 652 ii

1941 688 2149 756 dicunt,
2202 692 2331 757 Quis
2389 700 2564 747 noster
2607 678 2863 747 Dominus
2906 695 3025 748 est?
3071 692 3175 746 rati
3216 691 3507 747 verborum

1942 796 2161 835 suorum
2198 782 2453 846 etlicacia,
2494 798 2661 853 penes
2700 798 2758 839 se
2796 788 3121 852 potestatem
3152 796 3274 835 esse
3297 780 3506 835 exstin-

1941 872 2166 939 guendw
2198 871 2498 929 Salvatoris
2528 873 2813 940 doctrinae,
2846 873 3003 943 quasi
3035 871 3243 927 scilicet
3274 871 3377 940 ipsi
3421 871 3505 923 sui

1933 964 2077 1032 juris
2120 972 2174 1018 et.
2207 966 2417 1020 arbitrii
2452 975 2656 1022 essent.
2702 965 2828 1020 Haec
2862 966 2977 1036 ipsa
3014 973 3168 1018 erant
3201 959 3505 1016 Pharismo-

1938 1073 2057 1111 rum
2100 1067 2152 1112 et
2201 1058 2620 1114 Sadduczeorum
2666 1059 2842 1123 labia;
2892 1059 2983 1128 qui
3030 1072 3152 1113 cum
3198 1053 3507 1110 dissimula-

1936 1150 2084 1205 tione
2117 1151 2453 1207 Salvatorem
2488 1154 2732 1216 adibant,
2770 1152 2943 1207 Rabbi
2989 1151 3403 1222 compellantes,
3449 1154 3503 1201 et

1936 1241 2074 1295 clam
2121 1244 2338 1297 interim
2369 1246 2833 1315 conspirationem
2884 1246 2937 1298 in
2990 1246 3139 1299 illum
3170 1242 3500 1298 conflabant.

1937 1334 2264 1407 Magniloqui
2310 1348 2488 1392 autem
2521 1347 2676 1392 erant
2708 1339 2951 1393 seniores
2995 1347 3049 1391 et
3081 1337 3356 1407 principes
3405 1350 3500 1390 sa-

1934 1428 2216 1482 cerdotum
2240 1430 2445 1499 pepuli,
2485 1430 2601 1483 ausi
2635 1430 2943 1499 percontari
2978 1427 3337 1491 Salvatorem,
3371 1426 3505 1496 ipsi-

1934 1535 2038 1589 que
2075 1520 2255 1576 dicere
2286 1541 2297 1574 :
2335 1520 2400 1574 In
2428 1539 2531 1591 qua
2564 1532 2819 1588 potestate
2860 1521 2969 1575 lucc
2997 1520 3153 1590 facis,
3189 1529 3238 1573 et
3271 1520 3387 1590 quis
3411 1519 3503 1572 de-

1932 1611 2010 1663 dit
2041 1612 2139 1665 tibi
2162 1612 2296 1667 hanc
2324 1623 2634 1683 potestatem
2654 1614 2732 1666 “?

2002 1704 2167 1761 Vens.
2217 1706 2271 1761 6.
2326 1705 2550 1775 Propter
2590 1708 2856 1761 miseriam
2897 1708 3110 1774 inopum
3149 1714 3198 1758 et
3252 1705 3502 1775 gemitum

1932 1812 2220 1867 pauperum
2253 1816 2390 1852 nunc
2422 1815 2721 1869 exsurgant,
2778 1800 2905 1852 dicit
2959 1799 3238 1853 Dominus.
3295 1797 3500 1851 Ponant

1927 1892 1983 1942 in
2012 1890 2262 1954 salutari,
2295 1890 2619 1959 ﬁducialiter
2650 1908 2802 1960 agam
2837 1892 2888 1942 in
2916 1906 2993 1944 eo.
3032 1889 3145 1943 Hoc
3178 1889 3305 1943 item
3342 1889 3501 1942 modo

1928 1980 2277 2050 interpretari
2305 1982 2463 2036 licet:
2490 1982 2593 2048 Qui
2622 1982 2728 2037 mei
2757 1998 2923 2037 causa
2956 1980 3189 2035 mendici
3222 1989 3276 2034 et
3304 1996 3501 2050 paupe-

1926 2088 2013 2127 res
2050 2072 2246 2142 spiritu
2277 2071 2406 2127 facti
2440 2081 2589 2139 sunt,
2632 2074 2824 2127 humili
2856 2089 3070 2144 semper
3104 2072 3298 2128 atTectu
3332 2074 3499 2126 verbo

1924 2177 2045 2216 meo
2099 2162 2365 2218 haerentes
2427 2164 2812 2235 ingemiscunt,
2863 2165 3127 2235 ﬁdemque
3183 2163 3495 2218 inviolatam

1923 2261 2286 2309 CODSCI'VaIIt:
2318 2255 2512 2309 borum
2542 2270 2644 2327 ego
2690 2271 2859 2311 causa
2878 2271 3198 2327 exsurgam;
3226 2263 3389 2325 atque
3437 2265 3498 2309 ιιι

1924 2346 2316 2400 resurrectioni
2367 2362 2499 2401 mea:
2536 2357 2968 2403 consentaneum
3011 2355 3115 2411 est,
3150 2348 3380 2403 salutem
3408 2362 3497 2416 pa-

1921 2437 2058 2491 riam
2086 2439 2343 2494 omnibus
2392 2439 2710 2495 hominibus
2741 2460 2752 2494 :
2786 2455 2894 2510 qua
2935 2440 2990 2494 in
3020 2455 3099 2504 re,
3132 2446 3189 2493 ut
3235 2440 3495 2508 praeclare

1919 2537 2091 2598 gesta,
2123 2530 2446 2586 fiducialiter
2473 2546 2654 2602 agam.
3067 2513 3071 2521 ’

1993 2622 2153 2678 Vens.
2186 2626 2237 2678 7.
2273 2623 2504 2695 Eloquia
2543 2624 2759 2678 Domini
2783 2625 2989 2695 eloquia
3018 2634 3186 2689 casta,
3221 2635 3493 2696 argentum

1918 2717 2032 2786 igne
2057 2718 2443 2785 exancinatum,
2478 2718 2758 2788 probatura
2790 2728 2963 2785 terrw,
3006 2730 3287 2789 purgatum
3326 2728 3497 2788 septu-

1914 2810 2078 2878 plum.
2137 2811 2436 2880 Argentum
2494 2827 2623 2866 vero
2668 2812 2775 2882 igni
2844 2828 2987 2881 saepe
3047 2812 3331 2873 traditum,
3366 2827 3493 2867 cum

1913 2904 2065 2956 nulla
2101 2903 2207 2956 alia
2236 2904 2465 2958 materia
2488 2905 2907 2971 commiscetur;
2933 2904 3232 2973 eodemque
3266 2920 3493 2973 prorsus

1914 2991 2076 3047 modo
2104 2992 2323 3063 eloquia
2347 2992 2562 3047 Domini
2594 2994 2741 3047 omni
2778 2993 3061 3048 mendacio
3089 3008 3259 3047 vacua
3303 3003 3451 3048 sunt.

1984 3085 2151 3141 Vsus.
2187 3088 2240 3142 8.
2275 3087 2372 3151 Tu,
2400 3087 2641 3151 Domine,
2663 3088 2892 3143 servabis
2921 3104 3013 3141 nos
3042 3098 3089 3141 et
3113 3087 3369 3141 custodies
3394 3104 3489 3141 nos

1840 3204 1881 3261 ρ
1916 3196 1947 3233 a
1975 3179 2306 3249 generatione
2340 3179 2437 3232 hac
2472 3179 2525 3232 in
2556 3188 2828 3233 azternum.
2873 3180 3010 3234 Cum
3044 3180 3327 3235 mendicos
3363 3188 3489 3235 tuos

1915 3270 2262 3335 custodieris,
2299 3285 2533 3340 cumque
2554 3286 2654 3326 nos
2681 3271 3151 3326 circummunieris
3182 3272 3235 3325 in
3262 3286 3490 3343 genera-

1913 3363 2061 3417 tione
2104 3361 2305 3429 t'utura,
2339 3380 2460 3433 quae
2497 3365 2696 3418 aeterna
2725 3370 2988 3431 vocatur;
3014 3370 3143 3419 tunc
3170 3363 3343 3434 iniqui
3384 3364 3483 3427 illi,

1912 3454 2120 3511 exclusi
2159 3461 2251 3509 tua
2282 3455 2457 3526 gratia
2502 3471 2599 3526 per
2640 3470 2831 3511 omnes
2886 3456 3134 3511 homines
3185 3455 3401 3523 diffusa,
3429 3457 3487 3512 in

1911 3545 2145 3600 circuitu
2185 3547 2564 3614 ambulabunt,
2591 3556 2650 3603 ut
2671 3564 2766 3605 eos
2788 3549 2879 3621 qui
2902 3549 3131 3605 salutem
3162 3548 3487 3604 obtinebunt

1911 3635 2361 3708 circumspiciant
2395 3659 2408 3696 :
2446 3641 2612 3710 idque
2668 3632 2801 3697 tunc
2860 3641 3108 3705 eveniet,
3137 3654 3261 3695 cum
3289 3641 3372 3695 vel
3404 3646 3485 3695 te-

1909 3727 2132 3783 nuiores
2161 3733 2227 3783 ex
2256 3729 2571 3787 hominibus
2601 3731 2823 3787 exaltati
2854 3728 3074 3786 fuerint.

1980 3904 2146 3961 Veiis.
2178 3907 2232 3961 9.
2256 3906 2324 3961 In
2362 3908 2585 3961 circuitu
2628 3907 2777 3977 impii
2826 3907 3150 3963 ambulant:
3197 3905 3482 3963 secundum

1907 3996 2243 4053 altitudinem
2272 4009 2420 4053 tuam
2451 4000 2824 4070 multiplicasti
2854 4002 2994 4070 ﬁlios
3025 4000 3312 4054 hominum.
3332 3996 3480 4065 ‘Quia

1905 4090 2145 4145 circulus
2200 4096 2363 4145 recta:
2412 4091 2572 4146 lineae
2624 4092 2925 4147 secundum
2988 4092 3365 4162 obliquitatem
3425 4099 3480 4145 et

1904 4182 2287 4237 rectitudinem
2321 4186 2604 4253 oppositus
2634 4191 2748 4251 est;
2804 4200 2928 4240 cum
2965 4185 3116 4255 impii
3163 4186 3218 4239 in
3243 4185 3480 4240 circuitu

1905 4274 2200 4339 ambulent,
2234 4275 2309 4344 pii
2340 4290 2473 4331 sane
2508 4276 2606 4330 viri
2644 4276 2701 4331 in
2735 4284 2886 4332 recto
2916 4278 3260 4347 gradiuntur.

2107 4451 2157 4508 1.
2191 4453 2259 4507 ΙΝ
2299 4450 2512 4508 FINEM
2550 4454 2880 4511 PSALMUS
2919 4453 3133 4511 DAVID
3174 4456 3287 4513 ΧΙΙ.

527 4521 679 4585 τέλος
708 4525 769 4576 τὸ
800 4528 947 4597 παρά
979 4530 1055 4600 τῷ
1088 4531 1206 4602 Θεῷ
1235 4532 1411 4586 πάντα
1456 4530 1560 4607 πρὸ
1588 4540 1680 4592 τοῦ
1713 4542 1793 4594 τέ-

1970 4542 2200 4615 Propter
2248 4545 2429 4611 finem,
2459 4563 2617 4617 quem
2657 4549 2799 4617 apud
2857 4548 3025 4603 Deum
3076 4558 3473 4605 consecuturus

1898 4641 2036 4697 erat,
2068 4643 2194 4690 ante
2229 4636 2389 4690 ﬁnem
2423 4637 2656 4693 viriliter
2682 4638 2905 4692 omnino
2932 4640 3302 4693 concertabat.
3337 4636 3474 4691 Nam

1898 4725 2144 4780 laborum
2178 4727 2412 4792 fructus,
2444 4736 2529 4784 est
2557 4729 2701 4797 finis,
2726 4730 2820 4802 qui
2853 4738 2907 4786 et
2934 4732 3099 4784 vitam
3133 4738 3391 4785 :eternam
3416 4738 3471 4783 et

1894 4831 2121 4887 regnum
2172 4820 2434 4874 caelorum
2486 4831 2767 4891 procurat.
2813 4824 2867 4878 ln
2902 4824 3059 4879 finem
3095 4825 3261 4893 igitur
3289 4825 3472 4877 canti-

1894 4922 2017 4961 cum
2048 4908 2160 4965 Deo
2185 4913 2384 4965 emittit
2418 4930 2432 4966 :
2469 4922 2632 4984 atque
2660 4931 2689 4969 a
2724 4916 3014 4986 principio,
3063 4921 3250 4984 utpote
3288 4915 3468 4969 adhuc

1895 4999 1950 5052 in
1981 5001 2280 5056 certamine
2307 5004 2664 5069 constitutus,
2701 5006 2865 5059 hasce
2902 5005 3107 5074 primas
3141 5001 3350 5073 profert
3380 5017 3469 5054 vo-

1892 5104 1985 5145 CCS
2011 5109 2023 5145 ε

1963 5181 2129 5238 Vens.
2182 5185 2237 5239 ‘2.
2280 5184 2576 5257 Usquequo,
2613 5181 2850 5252 Domine,
2906 5187 3227 5241 oblivisceris
3280 5203 3361 5240 me
3411 5186 3466 5239 in

1893 5277 2090 5344 ﬁnem?
2126 5278 2399 5350 Usquean
2431 5282 2622 5335 avertis
2655 5282 2845 5349 [aciem
2870 5290 3014 5334 tuam
3051 5298 3082 5332 a
3113 5283 3232 5335 me?
3258 5280 3464 5334 Oblivi-

1890 5371 2060 5425 scitur
2089 5379 2268 5426 autem
2314 5373 2458 5429 Deus
2490 5389 2676 5428 eorum
2707 5374 2797 5442 qui
2846 5389 2944 5444 per
2974 5383 3254 5443 peccatum
3290 5371 3463 5440 ipsius

1892 5462 2237 5520 immemores
2286 5474 2458 5521 sunt:
2503 5466 2809 5536 avertitque
2862 5466 3056 5521 faciem
3107 5481 3261 5521 suam
3297 5463 3365 5518 ab
3395 5464 3465 5517 iis

1889 5556 1980 5623 qui
2010 5558 2187 5625 turpia
2226 5558 2430 5626 quaevis
2464 5565 2795 5626 perpetrant,
2821 5574 2958 5625 quos
2984 5557 3323 5627 providentia
3358 5569 3462 5609 sua

1886 5648 2141 5718 indignos
2162 5657 2397 5719 reputat.
2432 5650 2798 5716 Quamobrem
2824 5652 3139 5707 stimulante
3172 5650 3461 5705 conscicno

1889 5740 1984 5805 tia,
2005 5739 2269 5807 judicium
2303 5740 2398 5795 Dei
2426 5742 2841 5812 pertimescens,
2876 5743 3158 5812 subjungit
3193 5759 3207 5794 :
