3940 6292
426 400 458 463 ’ί
467 409 536 465 45

506 524 672 577 Vens.
723 521 843 576 5-5.
904 516 1155 587 Quandiu
1190 531 1381 586 ponam
1443 511 1668 568 consilia
1723 510 1780 564 in
1823 508 2006 562 anima
2034 509 2081 567 Α

435 635 574 678 mea,
608 613 816 669 dolores
863 612 916 666 in
945 610 1102 666 corde
1137 626 1250 664 meo
1278 608 1364 663 die
1402 623 1465 660 ac
1502 606 1697 661 nocte?
1732 601 2008 673 Usquequo

436 707 760 765 excitabitur
784 706 1027 760 inimicus
1053 721 1198 758 meus
1219 718 1375 772 super
1390 717 1470 755 me
1487 703 1512 757 ?
1535 698 1749 765 Respice
1768 706 1817 750 et
1841 708 1976 749 eatau
1989 720 2007 732 -

436 801 494 854 di
524 816 622 865 me,
657 798 882 854 Domine
905 796 1047 852 Deus
1073 812 1237 850 meus.
1270 792 1528 848 lllumina
1557 790 1735 846 oculos
1761 803 1923 854 meas,
1947 799 2011 839 ne

437 909 671 963 unquam
702 889 1033 945 obdormiam
1062 889 1116 941 in
1158 894 1325 941 morte
1347 899 1366 938 :
1401 899 1464 938 ne
1494 880 1704 954 quando
1739 879 1881 933 dicat
1911 875 2012 929 ini-

438 986 606 1040 micus
640 1001 784 1039 meus
814 1000 830 1037 :
861 980 1131 1036 Prtevalui
1165 978 1415 1033 adversus
1440 992 1579 1032 eum.
1606 972 1889 1028 Exaltatur
1908 966 2013 1022 ini-

439 1077 617 1131 micus
641 1074 694 1127 in
727 1079 1045 1144 peccantem
1072 1076 1299 1141 peccato
1327 1067 1648 1139 depressum
1669 1079 1683 1129 ;
1701 1077 1861 1118 secus
1881 1072 2014 1114 vero

440 1167 624 1238 agitur
653 1179 778 1219 cum
809 1163 858 1220 is
888 1162 1060 1234 probe
1099 1175 1158 1217 se
1189 1159 1321 1231 agit.
1375 1158 1512 1213 Cum
1567 1160 1748 1211 autem
1784 1152 1923 1207 nolit
1954 1165 2014 1206 se

440 1269 637 1331 praeter
690 1257 943 1312 meritum
996 1251 1268 1321 exaudiri,
1296 1249 1576 1322 praemittit
1606 1246 1763 1309 illud,
1793 1244 2012 1314 respice,

439 1368 644 1423 rogans
671 1350 882 1406 scilicet
914 1354 974 1401 ut
1025 1355 1172 1401 recte
1204 1345 1347 1399 facta
1397 1357 1496 1398 sua
1548 1338 1867 1411 perpendat.
1908 1333 2017 1388 Aut

443 1443 585 1500 forte
612 1444 734 1497 ideo
765 1440 847 1496 sic
875 1438 1141 1509 loquitur,
1164 1434 1310 1506 quod
1355 1433 1502 1489 Deus
1528 1430 1749 1487 nonnisi
1777 1442 1900 1484 eum
1924 1425 2017 1497 qui

439 1535 628 1605 justus
658 1542 743 1589 est
767 1529 1028 1586 exaudire
1058 1527 1251 1583 soleat.
1283 1524 1482 1579 Vultus
1514 1537 1678 1594 porro
1708 1520 1827 1584 Dei,
1858 1517 2021 1572 lumi-

445 1636 517 1676 ne
546 1621 763 1691 plenus,
798 1626 883 1674 est
915 1617 1091 1671 virtus
1120 1613 1370 1687 qumdam
1422 1612 1490 1667 ad
1524 1610 1787 1667 beneﬁcia
1835 1606 2021 1665 confe-

445 1711 617 1767 renda
657 1708 1020 1781 prospiciens,
1054 1705 1214 1775 cujus
1264 1703 1517 1775 quisquis
1550 1702 1826 1773 particeps
1856 1697 2022 1753 fuerit

1095 395 1367 454 unseen
1402 386 1881 450 cmssmsnsrs
1917 383 2068 441 opp.
2111 380 2297 438 esus
2355 377 2442 434 Ill.
2482 408 2553 420 —
2590 358 3000 431 exeamus;

3586 364 3684 419 144

2180 503 2334 568 Ἕως
2382 500 2548 565 τίνος
2601 496 2860 566 θήσομαι
2914 490 3154 558 ,βουλὰς
3208 488 3278 542 ἐν
3321 481 3500 556 ψυχῇ
3540 501 3681 554 μου,

2108 594 2330 659 ὀδύνας
2355 593 2424 646 ἐν
2455 589 2669 660 καρδίᾳ
2697 606 2817 660 μου
2855 584 3079 657 ἡμέρας
3111 580 3211 635 καὶ
3243 580 3497 644 νῠκτός;
3534 576 3685 642 Ἕως

2109 688 2253 740 πότε
2280 682 2664 752 ὑψωθήσεται
2691 683 2723 735 ό
2751 677 2962 749 ἐχθρός
2985 692 3103 745 μου
3132 673 3223 727 ἐπ’
3247 669 3350 741 ἐμέ
3364 685 3389 743 ;
3433 669 3689 722 Ἐπίϐλε-

2109 781 2253 848 ψὸν,
2292 774 2661 831 εἰσάκουσόν
2692 789 2834 843 μου,
2872 771 3062 839 -Κύριε
3092 769 3123 821 ό
3165 763 3308 830 Θεός
3344 778 3481 832 μου.
3513 760 3689 814 Φώτι-

2111 886 2228 928 σον
2251 869 2394 936 τοὺς
2419 867 2763 938 ὀφθαλμούς
2786 881 2925 934 μου,
2942 860 3176 933 μήποτε
3198 855 3458 913 ὑπνώσω
3482 854 3571 919 είς
3599 854 3693 906 θά-

2110 979 2325 1019 νατον·
2380 961 2616 1033 μήποτε
2668 959 2825 1013 εἴποι
2869 959 2902 1010 ὁ
2952 953 3167 1024 ἐχθρός
3216 966 3334 1020 μου
3368 966 3381 978 ο
3436 948 3693 1015 Ἵσχυσα

2113 1054 2261 1125 πρὸς
2299 1054 2504 1110 αὐτόν.
2547 1049 2805 1121 ’Υψοῦται
2836 1047 2893 1103 δὲ
2928 1045 3071 1112 κατὰ
3097 1040 3191 1097 τοῦ
3227 1039 3632 1113 ἁμαρτάνοντος
3663 1036 3693 1088 δ

2115 1147 2307 1221 ἐχθρὸς
2350 1143 2776 1215 ταπεινουμένου
2821 1143 2888 1212 τῇ
2932 1136 3210 1210 ἁμαρτίᾳ*
3246 1133 3339 1187 καὶ
3380 1126 3693 1184 τούναντίον

2113 1237 2648 1311 δικαιοπραγοῦντος.
2690 1237 2779 1300 Ὧς
2811 1234 2945 1307 μηδὲ
2978 1231 3298 1304 βουλόμενος
3331 1221 3555 1296 ἀμισθεί
3584 1221 3695 1274 εἰσ-

2116 1332 2466 1405 ακουσθῖψαι,
2513 1331 2801 1403 προτάττει
2842 1326 2922 1393 τὸ,
2956 1325 3308 1391 ἐπίϐλεψον,
3362 1314 3696 1389 παρακαλῶν

2120 1425 2247 1481 ἰδεῖν
2275 1423 2440 1479 αὐτοῦ
2468 1423 2537 1478 τὰ
2559 1419 2978 1494 κατορθώματα.
3012 1417 3083 1471 Ἦ
3112 1417 3206 1470 καὶ
3233 1415 3309 1478 ὡς
3334 1411 3427 1466 τοῦ
3452 1409 3590 1465 Θεοῦ
3622 1409 3696 1481 μὴ

2119 1516 2511 1581 εἰσακούοντος,
2539 1517 2587 1568 εί
2615 1516 2689 1586 μή
2715 1530 2800 1578 τις
2836 1507 3121 1582 δίκαιος
3149 1507 3446 1581 Πρόσωπον
3474 1503 3532 1557 δὲ
3559 1499 3697 1556 Θεοῦ

2120 1611 2298 1683 φωτὸς
2327 1607 2508 1680 γέμει,
2555 1606 2783 1678 δύναμις
2816 1599 2951 1658 οὖσα
2988 1601 3124 1672 πρὸς
3157 1595 3474 1669 εὐεργεσίαν
3505 1608 3701 1665 προνο-

2121 1705 2363 1778 ουμένηο
2419 1696 2479 1759 οῦ
2527 1719 2612 1767 τις
2666 1697 2906 1771 μετέχων
2954 1692 3391 1773 φωτισθήσεται,
3448 1685 3700 1757 καθάπερ

446 1780 872 1866 illuminabitur,
892 1816 957 1855 ac
984 1799 1031 1857 si
1057 1799 1330 1856 solaribus
1352 1796 1520 1853 radiis
1550 1795 1839 1850 frueretur.
1866 1791 2019 1859 Quod

2141 1797 2361 1872 ἣλιακῶν
2375 1794 2664 1850 ἀπολαύων
2692 1789 2897 1860 αὐγῶν.
2940 1784 3409 1857 Ἀποστραφέντος
3435 1780 3512 1845 δὲ,
3561 1795 3700 1850 μηκ-

449 1898 495 1953 si
532 1904 832 1958 avertatur,
862 1902 977 1948 tum
1008 1893 1191 1948 anima
1233 1907 1346 1947 non
1376 1890 1651 1944 illustrata
1694 1889 1750 1943 in
1781 1886 2023 1943 tenebris

2141 1864 2205 1947 ίτι
2247 1888 2587 1963 φωτιζομένη
2648 1882 2935 1939 σκοτοῦται
2995 1878 3164 1950 ψυχὴ,
3214 1875 3377 1948 μηδὲν
3419 1869 3702 1943 ἐνεργούν-

451 1989 596 2062 agit;
626 1989 753 2060 quia
783 1986 1077 2041 interiores
1107 1984 1276 2052 oculi,
1301 1981 1558 2038 videlicet
1583 1978 1788 2035 mentis
1817 1978 2025 2051 cogita-

449 2082 651 2145 tiones,
687 2079 822 2135 nihil
860 2088 1177 2150 cperantur.
1201 2075 1338 2132 Cum
1360 2081 1541 2129 autem
1564 2072 1621 2127 in
1648 2079 1875 2144 peccato
1898 2085 2026 2142 per-

450 2180 687 2237 severat,
730 2172 976 2228 tenebris
1022 2169 1200 2242 magis
1270 2167 1555 2239 magisque
1630 2164 2027 2227 obtinentibus,

450 2269 576 2338 quia
609 2266 901 2323 vultusliei
934 2265 1156 2337 penitus
1178 2277 1404 2318 aversus
1429 2270 1641 2329 manet;
1671 2268 1806 2327 tum,
1824 2258 2032 2314 malitia

452 2358 508 2410 id
534 2364 824 2427 operante,
851 2369 950 2409 ceu
984 2352 1306 2408 incurabilis
1331 2351 1515 2408 evadit
1543 2372 1556 2407 :
1582 2366 1686 2407 nec
1715 2350 1854 2405 ultra
1888 2349 2035 2403 salu-

451 2447 495 2502 ti
550 2463 662 2503 sua:
720 2447 1063 2519 advigilans,‘
1097 2445 1166 2502 ad
1210 2451 1443 2502 mortem
1490 2459 1753 2518 peccasse
1796 2442 1920 2514 jure
1958 2440 2037 2497 di-

455 2549 635 2597 catur.

641 2652 693 2707 ἰ.
727 2649 796 2705 ΙΝ
836 2649 1045 2706 FINEM
1082 2647 1408 2706 PSALMUS
1443 2646 1653 2703 DAVID
1690 2647 1830 2707 XIII.

525 2743 663 2811 Quia
692 2744 807 2799 haec
837 2745 1154 2825 prophetiae
1184 2744 1330 2799 dicta
1354 2745 1407 2798 in
1443 2743 1914 2799 consummatione
1937 2754 2041 2797 ste-

457 2837 706 2891 culorum
743 2837 923 2891 futura
947 2846 1123 2903 erant,
1167 2837 1516 2908 praemittitur
1548 2835 1702 2899 illud,
1730 2836 1785 2890 in
1828 2837 1987 2906 ﬁnem
2019 2847 2039 2888 :

458 2930 705 3001 psalmus
753 2937 936 2986 autem
995 2945 1107 2986 non
1155 2929 1381 2996 dicitur,
1413 2929 1544 3002 quia
1599 2930 1820 2986 incusat
1850 2943 2040 2986 omnes

459 3022 729 3080 homines.

531 3113 703 3173 Vens.
735 3116 790 3170 2.
823 3110 979 3171 Dixit
1018 3118 1271 3188 insipiens
1304 3120 1360 3171 in
1409 3115 1566 3171 corde
1612 3133 1708 3172 suo
1739 3131 1758 3170 :
1801 3113 1925 3170 Non
1965 3122 2045 3169 est

2123 1998 2233 2042 των
2257 1983 2365 2039 τῶν
2395 1982 2541 2036 ἔνδον
2568 1976 2881 2051 ὀφθαλμῶν,
2908 1974 3104 2036 οἵτινες
3134 1969 3373 2032 διανοίας
3414 1965 3523 2020 εἰσὶ
3560 1965 3703 2031 λογι-

2129 2078 2276 2151 σμοί.
2315 2071 2708 2147 Ἐπιμενούσης
2732 2071 2788 2125 δὲ
2816 2070 2883 2141 τῇ
2924 2063 3193 2140 ἁμαρτίᾳ,
3223 2062 3316 2145 καὶ
3350 2057 3446 2114 τοῦ
3482 2057 3703 2118 σκότους

2129 2144 2222 2226 eis
2266 2169 2425 2225 πλέον
2446 2144 2897 2236 ’ἐπικρατοῦντοῇ
2923 2158 3003 2231 τῷ
3042 2157 3139 2212 καὶ
3174 2144 3354 2227 μένειν
3386 2152 3707 2222 ἀπεστραμ-

2136 2263 2295 2335 μένον
2320 2262 2382 2315 τὺ
2424 2260 2713 2333 πρόσωπον
2754 2253 2850 2309 τοῦ
2893 2251 3052 2316 Θεοῦ,
3091 2249 3220 2320 ἑξῆς
3258 2246 3420 2302 οἱονεί
3461 2261 3581 2307 πως
3620 2240 3707 2313 γι-

2132 2333 2282 2409 νεται
2324 2351 2524 2416 κακίας
2565 2349 2916 2421 ἀθεράπευτα
2959 2338 3405 2414 πλημμελούσης,
3443 2336 3539 2389 καὶ
3582 2333 3708 2405 μήτι

2135 2447 2485 2525 γρηγοροῦσα
2506 2446 2700 2517 λέγοιτ’
2725 2443 2793 2499 ἂν
2818 2443 2898 2505 εἰς
2927 2438 3155 2495 θάνατον
3182 2431 3579 2507 ἡμαρτηκέναι.

2274 2661 2385 2716 ΕΙΣ
2420 2660 2508 2714 ΤΟ
2544 2657 2763 2712 ΤΕΛΟΣ
2802 2649 3076 2709 ΦΑΛΜΟΣ
3122 2649 3210 2703 ΤΩ
3244 2645 3445 2701 ΔΑΥῙΔ
3482 2643 3582 2696 ll".

2221 2753 2374 2807 Ἐπεὶ
2405 2748 2577 2804 ταῦτα
2617 2741 2970 2819 προφητικῶς
2999 2738 3267 2814 εἰρημένα
3306 2734 3397 2788 ἐπὶ
3438 2727 3718 2799 συντελείᾳ

2138 2846 2247 2901 τῶν
2278 2843 2484 2899 αἰώνων
2514 2840 2715 2915 ἧμελλε
2752 2835 3021 2909 γίνεσθαι,
3065 2829 3481 2905 προγέγραπται
3518 2822 3603 2886 τὸ,
3632 2821 3719 2886 εἰς

2141 2932 2210 2987 τὸ
2232 2931 2433 2998 τέλος·
2462 2929 2674 3001 ψαλμδς
2702 2927 2777 2999 (1)
2805 2926 2862 2981 δὲ
2886 2925 2986 2979 οὐκ
3024 2920 3238 2995 εἴρηται
3273 2916 3361 2972 διὰ
3383 2915 3445 2969 τδ
3484 2927 3720 2984 κατηγο-

2146 3028 2260 3099 ρεῖν
2288 3022 2506 3077 πάντων
2556 3019 2649 3074 ἀνθ
2657 3016 2876 3091 ρώπων.

2214 3113 2400 3172 Εἶπεν
2427 3114 2631 3185 ἄφρων
2660 3113 2730 3166 ἐν
2754 3108 2966 3179 καρδίᾳ
2992 3104 3177 3160 αὑτοῦ
3198 3114 3216 3135 ί
3246 3102 3367 3155 Οὐκ
3395 3098 3524 3153 ἐστι
3557 3095 3718 3159 Θεός.

440 3204 626 3262 ‘Deus.
658 3206 910 3277 Corrupti
953 3217 1077 3264 sunt
1127 3187 1176 3263 et
1237 3207 1617 3263 abominabiles
1653 3208 1785 3279 facti
1837 3206 2036 3262 suntin

2149 3207 2562 3281 Διεφθὰρησαν
2601 3203 2701 3259 καὶ
2731 3200 3186 3270 ἐϐδελύχθησαν
3223 3195 3293 3247 ἐν
3320 3187 3721 3285 smmst—

461 3292 660 3356 siudiis
691 3318 709 3355 :
748 3318 850 3355 non
882 3310 959 3354 est
1005 3303 1096 3373 qui
1142 3301 1309 3372 faciat
1351 3301 1564 3357 bonum.
1593 3300 1673 3356 Ex
1729 3300 1906 3356 atheis
1950 3298 2044 3354 alii

463 3391 686 3463 quidem
720 3393 1181 3448 existimaverunt
1210 3391 1381 3449 Deum
1418 3394 1731 3449 nullatenus
1752 3393 2043 3459 exsistere,

466 3483 566 3541 sed
598 3500 801 3539 vanum
840 3499 965 3542 esse
986 3496 1218 3553 nomen;
1246 3486 1359 3551 alii,
1393 3498 1525 3542 vero
1550 3486 1660 3542 Deo
1685 3486 1882 3557 ejecto,
1910 3487 2047 3543 alios

466 3576 560 3649 qui
611 3578 927 3636 nullatenus
979 3584 1109 3634 sunt
1157 3578 1707 3647 conﬁnxerunt;alii
1748 3594 1880 3635 vero
1927 3594 2050 3635 esse

467 3669 688 3740 quidem
715 3668 885 3726 Deum
920 3669 1200 3737 dixerunt,
1220 3670 1315 3727 sed
1333 3674 1552 3726 terrena
1579 3687 1689 3726 non
1712 3671 2045 3741 prospicere.

466 3764 672 3820 Omnes
714 3778 879 3835 porro
928 3763 1021 3835 qui
1080 3764 1348 3819 utramvis
1412 3762 1608 3818 harum
1656 3763 2052 3818 sententiarum

468 3865 715 3923 tuentur,
748 3862 804 3913 in
851 3858 1110 3922 atheiam,
1147 3857 1264 3914 sive
1310 3858 1493 3913 omnis
1522 3856 1802 3928 religionis
1852 3856 2052 3926 despe-

469 3962 641 4019 ctum,
665 3948 909 4020 prolapsi
937 3956 1084 4006 sunt.
1114 3942 1232 4004 Etsi
1269 3948 1574 4019 vero,‘quia
1608 3949 1861 4003 omnibus
1895 3962 1926 4000 a
1954 3962 2054 4001 na-

473 4051 598 4097 tura
635 4042 802 4097 iusita
831 4048 916 4097 est
940 4040 1034 4096 Dei
1074 4040 1289 4104 notitia,
1326 4041 1378 4095 id
1405 4042 1584 4112 palam
1619 4040 1772 4097 etlari
1813 4056 1923 4095 non
1957 4055 2056 4094 au-

472 4133 694 4197 debant,
722 4148 830 4188 non
863 4149 979 4196 ore,
1012 4133 1107 4189 sed
1127 4132 1292 4190 corde
1318 4134 1446 4189 talia
1477 4133 1847 4204 loquebantur
1884 4152 1897 4187 :
1929 4146 2055 4186 nam

475 4240 571 4281 ore
598 4232 762 4281 tenus
789 4226 994 4282 multos
1019 4225 1152 4281 deos
1171 4224 1590 4296 profitebantur.
1628 4223 1734 4280 Sed
1771 4240 1834 4280 ex
1865 4238 2056 4279 eorum

475 4317 647 4390 gestis
695 4318 1028 4388 arguebatur
1067 4318 1201 4391 quid
1254 4327 1437 4374 mente
1485 4324 1736 4371 tenerent
1766 4335 1778 4371 :
1814 4331 1938 4369 nam
1992 4330 2060 4370 ex

475 4409 662 4465 fructu
694 4412 859 4466 arbor
884 4411 1249 4484 dignoscitur.
1296 4409 1434 4465 Cum
1480 4408 1625 4463 enim
1658 4424 1688 4461 a
1720 4409 1875 4463 nullo
1909 4406 2060 4477 ﬂagi-

2146 3278 2283 3358 O'trr
2327 3303 2440 3356 οὐκ
2482 3301 2614 3355 ἐστι
2647 3295 2833 3350 ποιῶν
2857 3293 3260 3365 χρηστότητα.
3296 3278 3416 3339 Τῶν
3447 3282 3505 3336 δὲ
3548 3279 3730 3335 ἀθέων

2146 3394 2196 3451 οἱ
2233 3397 2330 3469 μὲν
2368 3393 2442 3466 μὴ
2472 3389 2608 3447 εἶναι
2634 3389 2766 3444 Θεὸν
2799 3383 3075 3448 παντελῶς
3103 3380 3306 3446 ἔδοξαν,
3337 3376 3450 3432 ἀλλ’
3481 3370 3617 3428 εἶναι
3640 3370 3729 3428 διὰ

2148 3464 2302 3545 κενὸν
2338 3464 2539 3558 δνομαο
2587 3485 2636 3538 oi
2682 3481 2739 3536 δὲ
2780 3481 2856 3553 μὴ
2896 3479 3055 3542 ὄντας
3105 3473 3436 3534 ἀνέπλασαν,
3464 3468 3556 3522 τὸν
3601 3464 3731 3519 ὄντα

2149 3581 2565 3655 παρωσάμενοι⁶
2615 3577 2665 3631 οἱ
2697 3576 2757 3630 δὲ
2782 3569 2920 3628 εἶναι
2949 3572 3046 3645 μὲν
3092 3568 3323 3640 ἔφασαν.
3370 3563 3444 3636 μὴ
3483 3559 3732 3655 προνοεῖν

2149 3673 2209 3728 δὲ
2234 3651 2341 3726 τῶν
2372 3651 2465 3724 ἐπὶ
2486 3668 2611 3740 γῆς.
2637 3666 2705 3723 Ol
2729 3666 2792 3738 δὴ
2820 3664 3019 3727 πάντες
3048 3663 3128 3724 εἰς
3150 3659 3341 3715 ὰθεῒαν
3362 3651 3736 3727 περιετράπη·

2154 3783 2252 3820 σαν
2286 3763 2609 3838 φρονοῦντες
2640 3744 2813 3823 οὕτως
2833 3776 2846 3788 ·
2888 3759 2936 3810 εἰ
2962 3756 3056 3810 καὶ
3096 3753 3170 3825 μὴ
3200 3746 3648 3838 ἐτόλμωνείπεῖν

2151 3858 2220 3920 ἃς
2266 3832 2446 3928 ἕξουσι
2485 3852 2687 3915 πάντες
2742 3847 2977 3920 φυσικὰς
3025 3842 3232 3907 ἐννοίας
3275 3841 3405 3910 περὶ
3437 3835 3606 3891 Θεοῦ·
3656 3832 3737 3887 διδ

2153 3926 2351 4020 καρδία
2394 3947 2600 4015 ἔλεγον,
2634 3942 2747 3999 ἀλλ’
2789 3941 2851 3995 οὐ
2897 3938 3158 4008 στόματι·
3192 3936 3253 3988 ὲν
3287 3931 3460 4001 τούτῳ
3494 3928 3604 4001 γὰρ
3645 3926 3740 4020 καὶ

2155 4012 2383 4105 πολλοῦς
2426 4012 2604 4108 λέγειν
2642 4035 2857 4092 ἐδόκουν
2889 4029 3065 4094 θεούς.
3103 4027 3426 4098 Ἠλέγχοντο
3450 4023 3507 4077 δὲ
3540 4022 3636 4090 ἀφ’
3665 4012 3738 4073 ὧν

2156 4139 2326 4210 ἔδρων
2346 4152 2360 4166 ⁸
2395 4132 2503 4188 ἀπὸ
2544 4130 2653 4203 γὰρ
2678 4129 2773 4184 τοῦ
2808 4125 3027 4200 καρποῦ
3059 4123 3123 4178 τὸ
3146 4121 3361 4193 δένδρον
3388 4114 3736 4210 γινώσκεται.

2156 4206 2441 4300 Μηδεμιᾶς
2468 4224 2577 4298 γὰρ
2603 4221 2889 4291 ἀσελγείας
2912 4217 3236 4291 φειδόμενοι,
3272 4210 3437 4266 παντί
3468 4208 3526 4262 δὲ
3554 4206 3742 4300 τρόπῳ

2156 4321 2249 4375 τὸν
2299 4320 2411 4391 βίον
2457 4316 2934 4389 διαφθειρόμενοι,
2990 4313 3039 4365 εἰ
3092 4311 3186 4365 καὶ
3248 4307 3474 4380 μυρίους
3534 4299 3741 4373 ὡμολό-

2158 4431 2289 4483 γουν
2324 4413 2500 4477 θεοὺς,
2536 4402 2687 4482 δῆλοι
2720 4405 2859 4481 ἦσαν
2893 4408 3046 4462 οὐδὲν
3076 4404 3226 4473 ὑγιὲς
3262 4398 3586 4473 φρονοῦντες
3620 4394 3744 4465 περὶ

472 4507 679 4561 tiorum
717 4521 914 4577 genere
960 4515 1350 4580 temperarent,
1386 4505 1648 4574 omnique
1679 4505 1841 4557 modo
1890 4503 2036 4555 vitan

2161 4506 2317 4563 Θεοῦ.
2364 4509 2587 4578 Ἀφρων
2623 4501 2715 4559 οὖν
2767 4503 2937 4564 ὅντως
2992 4500 3021 4551 ὁ
3061 4497 3168 4569 πρὸ
3214 4494 3315 4567 τῆς
3362 4490 3457 4546 τοῦ
3494 4487 3745 4557 Σωτῆρπ

475 4599 856 4670 inquinarent,
887 4599 1106 4655 etiamsi
1137 4599 1381 4653 inﬁnitos
1409 4612 1534 4652 esse
1566 4596 1701 4650 deos
1729 4596 2036 4649 conliteren

2164 4599 2455 4672 ἐπιδημίας
2493 4598 2603 4668 βίος
2644 4595 2739 4666 (Ξ).
2782 4594 2952 4664 Εἴπερ
2985 4588 3142 4660 ἀρχὴ
3173 4587 3395 4656 σοφίας
3422 4582 3607 4652 ςεόόος
3629 4583 3745 4633 Κυ-

476 4701 602 4760 tur;
630 4693 807 4763 palam
830 4700 1014 4747 tamen
1037 4699 1158 4747 erat
1186 4706 1282 4747 eos
1311 4706 1506 4748 sanum
1534 4689 1671 4743 nihil
1700 4688 1767 4743 de
1800 4687 1910 4742 Deo
1931 4704 2036 4743 sent

2158 4694 2320 4763 ρίου,
2352 4690 2549 4746 οὐκοῦν
2589 4686 2669 4759 τῷ
2710 4687 2784 4759 μὴ
2819 4682 3101 4756 φοϐεῖσθαι
3141 4681 3237 4735 καὶ
3265 4676 3477 4733 ἀθετεῖν
3509 4672 3747 4729 ἀντίκει-

474 4784 602 4838 tire.
635 4785 824 4854 Itaque
854 4791 980 4839 ante
1012 4781 1314 4838 Salvatoris
1344 4780 1637 4836 adventum
1676 4786 1789 4833 tota
1830 4779 1940 4834 vita
1969 4795 2061 4851 gev
2163 4801 2253 4837 ται
2289 4786 2322 4855 ἡ
2362 4782 2541 4851 σοφία.

478 4892 693 4949 nasque
717 4878 1001 4934 hominum
1026 4878 1294 4949 insipiens
1325 4884 1464 4934 erat.
1499 4875 1635 4930 Nam
1665 4875 1712 4932 si
1773 4876 1988 4930 initium
2008 4879 2283 4946 sapientia:
2342 4875 2759 4932 timorlDomini
2812 4872 2892 4939 ¹³;
2954 4885 3087 4926 sane
3125 4867 3295 4922 Deum
3328 4878 3438 4919 non
3463 4861 3661 4915 timere
3688 4863 3751 4909 ac

479 4970 785 5042 despicere,
816 4971 1129 5043 oppositum
1154 4969 1438 5039 sapientiae
1466 4968 1651 5026 fuerit.

552 5063 719 5121 Vsus.
759 5065 813 5121 5.
859 5041 1050 5121 omnes
1104 5064 1534 5131 declinaverunt,
1604 5066 1766 5123 simul
1845 5067 2034 5122 inutile

2242 5060 2474 5127 Πάντες
2500 5058 2822 5126 ἐξέκλιναν
2853 5054 2973 5124 ἅμα
2999 5048 3441 5121 ἠχρεώθησαν·
3478 5044 3591 5097 οὐκ
3622 5041 3752 5095 ἔστι

482 5158 613 5227 facti
645 5169 767 5213 sunt
792 5171 812 5212 :
838 5176 944 5215 non
986 5169 1065 5215 est
1093 5161 1185 5231 qui
1215 5159 1386 5231 faciat
1418 5159 1634 5225 bonum,
1668 5177 1774 5216 nou
1803 5169 1878 5214 est
1903 5174 2034 5228 usqu

2171 5153 2358 5209 ποιῶν
2395 5154 2804 5223 χρηστότητα,
2835 5150 2946 5201 οὐκ
2975 5147 3147 5200 ἐστιν
3176 5141 3287 5206 ἕως
3317 5135 3474 5202 ἑνός.
3510 5135 3671 5187 Δοκεῖ
3697 5131 3752 5185 δέ

483 5225 553 5303 ad
594 5266 776 5307 unum.
818 5250 945 5308 Haec
994 5225 1127 5309 mihi
1181 5225 1435 5310 videntur
1486 5253 1710 5308 tacitam
1768 5225 2036 5321 quamdan

2176 5266 2264 5320 μοι
2308 5248 2375 5302 τὰ
2416 5245 2756 5321 προκείμενα
2787 5241 2880 5297 καὶ
2913 5236 3078 5293 αὑτοῦ
3118 5235 3212 5289 τοῦ
3246 5226 3516 5286 Ἰουδαίων
3569 5225 3755 5289 ἔθνους

482 5342 695 5400 Iudaici
727 5347 909 5416 populi
968 5346 1408 5404 criminationem
1465 5318 1801 5417 complecti;
1835 5342 1970 5398 Nam
2018 5358 2036 5398 s

2172 5318 2474 5413 λεληθυῖαν-
2503 5335 2835 5409 κατηγορίαν
2887 5331 3180 5402 περιέχειν.
3229 5326 3292 5379 Εἰ
3325 5322 3454 5393 γὰρ,
3488 5318 3756 5389 διακύψας

562 5500 604 5531 ’³
643 5498 791 5557 Psal.
826 5517 930 5564 cx,
967 5503 1053 5557 10.

2173 5650 2373 5723 psalmi
2408 5660 2442 5705 ν
2475 5644 2766 5723 accipitur,
2794 5653 2850 5723 et
2887 5642 2942 5723 in
2972 5638 3077 5695 line
3110 5635 3248 5721 sesti
3280 5629 3529 5723 l’ib'ri‘r'D‘e
3552 5642 3763 5723 prga-

2866 5708 3239 5791 σύμπαςτῶν

2170 5775 2473 5849 uniuersum
2504 5775 2771 5844 hominum
2799 5775 3002 5856 genus._
3023 5780 3255 5851 aliisque
3293 5775 3348 5830 iu
3374 5775 3512 5828 locis
3539 5785 3653 5826 nor.
3673 5775 3760 5824 ir.-

2168 5867 2482 5936 frequeuter
2519 5861 2622 5919 hoc
2661 5873 2762 5913 usu
2788 5852 3053 5911 occurrit.

560 5656 636 5735 (Ι)
664 5661 723 5717 1η
751 5662 973 5719 Eusebii
1012 5660 1315 5735 peremplari
1341 5661 1456 5719 haec
1490 5675 1595 5715 vox
1615 5657 1831 5730 ψαλμός
1859 5673 1968 5714 non
1992 5655 2065 5711 lc-

487 5733 737 5805 geba’tur.
766 5750 869 5790 nec
897 5743 983 5805 est
1008 5734 1062 5788 in
1094 5733 1321 5805 Hebraeo
1340 5743 1555 5805 ἾῚὩτὩ.

560 5805 635 5869 t2)
675 5803 914 5861 Eusebio
963 5803 1252 5858 (anniliaris
1292 5815 1379 5858 est
1422 5804 1511 5857 hic
1546 5817 1679 5857 usus
1727 5800 1880 5855 vocis
1920 5798 2057 5870 βίος,

487 5876 701 5933 scilicet
730 5889 830 5947 pro
854 5874 1122 5930 hominum
1144 5889 1350 5945 genere;
1383 5874 1463 5929 sic
1493 5873 1746 5943 superius
1767 5870 1834 5926 ad
1857 5869 2004 5925 vers.
2024 5869 2059 5923 9.
