3940 6292
279 399 379 455 115

1430 402 1931 459 (ΣΟΜΜΕΝΤΑΒΙΑ
1970 404 2034 459 ΙΝ
2071 401 2406 459 PSALMOS.

3451 398 3548 456 Mf

286 516 347 569 ἐκ
393 514 493 569 τοῦ
541 517 787 588 οὐρα-,οὖ
817 518 1018 591 Κύριος
1065 518 1156 570 καὶ
1197 518 1570 586 ἐπισκοπήσας
1620 518 1745 580 τοὺς
1785 518 1877 570 ἐπὶ

1990 518 2280 587 respiciens
2302 514 2369 569 de
2391 515 2530 569 caelo
2556 514 2817 575 Dominus
2859 522 3021 586 atque
3048 515 3426 579 considerans,
3457 514 3554 567 de-

294 609 390 679 γῆς
448 606 672 674 πάντας
716 604 870 681 ε’ὗρεν
921 611 1270 673 ἐκκλίναντας
1320 611 1413 663 καὶ.
1464 610 1876 679 ἀχρειωθένταςν

296 700 370 762 ὡς
393 699 602 770 μηδένα
638 701 906 772 μηδαμῶς
935 702 1283 773 εὑρίσκεσθαι
1311 704 1368 755 ἐν
1391 700 1715 772 ἀνθρώποις,
1749 700 1880 771 μηδὲ

303 791 492 861 μέχρις
540 792 699 855 ἐνὸς,
742 794 834 845 τὸν
884 793 1018 863 μηδὲ
1070 793 1459 865 ὴχρειωμένον,
1512 794 1645 864 μηδέ
1696 792 1879 847 ἐκκλί-

300 898 495 933 ναντα·
555 881 849 935 ἀκόλουθόν
890 885 1005 935 ἐστι
1037 886 1148 945 τοῖς
1184 884 1316 935 πᾶσι
1366 882 1882 953 συμπεριλαμϐάνε-

301 974 445 1038 σθαι,
463 976 560 1027 καὶ
579 976 640 1027 τὸ
667 976 935 1029 Ἰουδαίων
960 976 1131 1039 ἔθνος,
1150 977 1242 1030 καὶ
1264 977 1423 1029 αὑτὸν
1444 976 1532 1029 τὸν
1552 976 1882 1045 καλούμενον

313 1067 553 1137 Ἰσραήλ.
604 1067 685 1120 Τὰ
728 1069 907 1136 μέντοι
954 1070 1289 1140 προκείμενα
1321 1068 1477 1138 λόγια
1527 1068 1714 1137 σαφῶς
1777 1070 1883 1122 ἀπ-

300 1159 566 1229 εφήνατο,
586 1160 879 1223 ὄτιπάντες
906 1160 1202 1227 ἐξέκλιναν,
1228 1162 1343 1232 ἅμα
1372 1161 1776 1232 ὴχρειώθησαν,
1806 1163 1883 1225 ὼς

302 1250 438 1319 μηδὲ
487 1247 631 1305 εἶναι
680 1253 938 1307 ποιοῦντα
987 1255 1365 1326 χρηστότητα,
1416 1256 1548 1326 μηδὲ
1586 1256 1690 1318 ἕως
1742 1257 1877 1319 ἐνός.

302 1343 452 1396 Ἔδει
488 1344 601 1415 γὰρ
642 1344 700 1397 τὸ
754 1346 979 1415 μέγεθος
1028 1348 1373 1418 παραστῆναι
1413 1348 1512 1417 τῆς
1545 1349 1603 1401 ἐν
1644 1352 1757 1411 τοῖς
1788 1350 1882 1403 ἀν-

300 1436 545 1507 θρώποις
595 1439 955 1509 ἐγγενομένης
999 1442 1154 1493 νόσου
1209 1441 1315 1512 πρὸ
1359 1442 1457 1511 τῆς
1504 1442 1597 1493 τοῦ
1634 1443 1885 1513 Σωτῆρος

300 1530 640 1599 παρουσίας·
670 1532 745 1593 ὡς
774 1529 841 1583 ἂν
868 1534 901 1602 ἡ
926 1532 1107 1600 ἄφιξις
1138 1534 1301 1586 αὑτοῦ
1338 1535 1528 1605 φανείη
1558 1537 1671 1597 τοῖς
1718 1536 1883 1587 πᾶσιν

300 1622 598 1689 ἀναγκαία.
637 1623 844 1688 Πάντες
872 1626 979 1695 γὰρ
1011 1627 1255 1697 ἥμαρτον
1281 1628 1374 1680 καὶ
1405 1626 1756 1698 ὑστεροῦνται
1783 1628 1885 1696 τῆς

298 1717 457 1788 δόξης
500 1718 596 1771 τοῦ
631 1720 785 1783 Θεοῦ,
821 1722 1193 1791 δικαιούμενοι
1236 1723 1443 1794 δωρεὰν
1481 1725 1548 1795 τῇ
1590 1723 1752 1776 αὑτοῦ
1791 1724 1888 1793 χά-

302 1825 433 1877 ριτι.
468 1808 685 1880 Ταύτην
711 1811 767 1863 δὲ
800 1813 892 1865 καὶ
938 1813 967 1863 ό
1003 1814 1231 1877 Ἡσαΐας
1263 1814 1569 1884 συμφώνως
1596 1815 1885 1870 ἀποδίδωσι

1980 608 2325 678 prehenderit
2346 622 2536 661 omnes
2562 606 2653 676 qui
2679 606 2735 660 in
2765 614 2913 661 terra
2945 608 3304 662 versabantur
3326 646 3340 669 ,
3386 605 3559 665 declie

1979 717 2140 757 nasse
2166 709 2219 756 et
2250 700 2468 755 inutiles
2508 701 2679 755 factos
2730 714 2852 755 esse
2873 740 2887 763 ,
2926 706 2985 752 ut
3015 714 3173 753 nemo
3206 714 3433 768 prorsus
3464 696 3565 753 τες

1980 794 2247 862 periretur
2286 793 2339 845 in
2374 792 2687 848 hominibus
2712 831 2726 855 ,
2770 806 2835 846 ac
2880 807 2949 846 ne
2988 792 3070 845 vel
3104 808 3273 854 unus,
3321 792 3412 860 qui
3446 804 3556 845 non

1981 885 2190 945 inutilis
2222 884 2398 939 factus
2421 895 2585 948 esset,
2617 892 2670 939 et
2710 885 2804 953 qui
2837 900 2944 937 non
2971 883 3323 945 declinasset,
3356 898 3556 937 conse-

1979 992 2153 1048 quens
2176 980 2398 1033 omnino
2425 985 2508 1032 est
2529 992 2654 1031 cum
2687 978 2945 1032 omnibus
2976 975 3365 1045 comprehendi
3391 977 3556 1029 etiam

1981 1071 2157 1140 ipsum
2188 1069 2470 1124 Judaicum
2494 1085 2689 1140 genus,
2720 1069 2867 1140 quod
2908 1069 3033 1123 item
3068 1067 3235 1122 Israel
3269 1083 3559 1137 nuncupa-

1983 1168 2097 1214 tum
2121 1170 2224 1215 est.
2259 1158 2383 1216 Istis
2417 1162 2599 1230 itaque
2652 1160 2884 1230 eloquiis
2940 1160 3085 1215 clare
3132 1152 3569 1227 pronuntiatur,'

1982 1255 2127 1322 quod
2159 1252 2370 1307 scilicet
2409 1268 2599 1307 omnes
2626 1252 3039 1315 declinaverint,
3064 1259 3117 1305 et
3150 1251 3311 1305 simul
3340 1252 3560 1306 inutiles

1984 1345 2110 1399 facti
2141 1345 2272 1410 sint,
2306 1345 2380 1399 ita
2404 1352 2467 1399 ut
2490 1347 2672 1401 nullus
2697 1345 2861 1399 fuerit
2886 1346 2978 1415 qni
3006 1345 3211 1400 laceret
3238 1345 3461 1409 bonum,
3493 1360 3563 1399 ne

1981 1440 2064 1492 vel
2102 1454 2274 1508 usque
2303 1438 2370 1492 ad
2403 1455 2595 1494 unum.
2648 1438 2753 1493 Par
2787 1438 2888 1493 fuit
2935 1439 3081 1494 enim
3127 1438 3562 1509 magnitudinem

1984 1529 2179 1591 morbi,
2213 1530 2305 1599 qui
2345 1538 2472 1585 ante
2517 1530 2818 1586 Salvatoris
2864 1531 3156 1586 adventum
3212 1531 3264 1584 in
3309 1529 3563 1585 omnibus

1983 1624 2296 1677 hominibus
2349 1625 2741 1694 grassabatur,
2790 1624 2966 1693 palam
3016 1623 3242 1679 facere:
3287 1631 3355 1676 ut.
3396 1606 3571 1676 mani?

1987 1715 2181 1769 festum
2206 1717 2460 1771 omnibus
2484 1724 2629 1772 esset
2657 1719 2776 1784 ej‘ds
2809 1716 2865 1771 in
2895 1725 3041 1770 terra
3070 1717 3561 1787 peregrinationem

1987 1805 2158 1861 fuisse
2191 1821 2420 1876 prorsus
2450 1807 2839 1862 necessariam.
2889 1804 3090 1862 Omnes
3135 1807 3403 1876 siquidem
3436 1820 3565 1875 pec-

300 1900 398 1969 τὴν
433 1901 675 1955 διάνοιαν
718 1905 775 1956 ὲν
810 1899 892 1967 οἷς
930 1921 1063 1974 φησι
1123 1905 1259 1975 πρὸς
1298 1905 1397 1977 τὴν
1445 1907 1713 1960 Ἰουδαίων
1762 1923 1885 1960 συν-

1990 1907 2280 1961 caverunt,
2312 1914 2503 1954 omnes
2556 1899 2729 1969 gloria
2763 1897 2858 1953 Dei
2893 1900 3252 1969 privabantur
3275 1940 3289 1962 ,
3344 1908 3400 1953 et
3445 1900 3560 1967 jam

296 1993 523 2064 αγωγὴν
557 1996 974 2066 ἀποτεινόμενος
995 2015 1007 2027 ·
1039 1998 1193 2051 Ἰδοὺ
1222 1998 1351 2064 ταῖς
1378 1999 1686 2067 ἁμαρτίαις
1719 2000 1885 2069 ὑμῶν

296 2088 627 2158 ἐπράθητε,
676 2090 771 2143 καὶ
820 2090 947 2155 ταῖς
979 2092 1253 2160 ἀνομίαις
1286 2093 1452 2161 ὑμῶν
1488 2093 1886 2157 ἐξαπέστειλα

294 2180 409 2247 τὴν
436 2178 670 2249 μητέρα
695 2178 881 2247 ὑμῶν,
911 2180 1057 2233 διότι
1108 2181 1318 2250 ἦλθον,
1362 2181 1459 2235 καὶ
1480 2185 1591 2237 οὐκ
1611 2179 1689 2253 ἦν
1718 2187 1751 2237 ό
1780 2183 1885 2237 ἄν·

296 2276 557 2339 θρωπος·
615 2271 903 2335 ἐκάλεσα,
950 2273 1047 2325 καὶ
1094 2276 1204 2326 οὐκ
1246 2270 1324 2343 ἦν
1362 2277 1395 2327 ό
1419 2276 1762 2329 ὑπακούων.
1812 2275 1885 2329 Τὸ

296 2363 422 2434 γὰρ,
458 2363 611 2415 διότι
638 2359 849 2433 ἦλθον,
882 2365 1067 2435 ὅμοιον
1102 2364 1168 2418 ἂν
1202 2367 1285 2437 εἴη
1317 2366 1415 2437 τῷ,
1441 2368 1655 2435 Κύριος
1680 2368 1748 2431 ἐξ
1779 2370 1883 2422 οὐ-

291 2456 481 2522 ρανοῦ
514 2454 809 2522 διέκυψεν
842 2455 939 2507 ἐπὶ
980 2456 1123 2521 τοὺς
1162 2457 1334 2523 υἱοὺς
1364 2457 1482 2510 τῶν
1524 2457 1878 2525 ἀνθρώπων·

298 2548 357 2599 τὸ
389 2548 447 2599 δέ
470 2564 483 2577 ·
512 2546 624 2599 Καὶ
653 2550 767 2601 οὐκ
802 2544 881 2614 ἦν
908 2547 1237 2615 ἄνθρωπος,
1282 2550 1377 2602 καὶ
1416 2552 1529 2603 οὐκ
1582 2547 1663 2619 ἦν
1696 2554 1728 2603 ὁ
1772 2554 1885 2603 ὑπ-

299 2639 555 2705 ακούων,
588 2640 774 2709 ὅμοιον
790 2638 900 2709 τῷ·
932 2639 1497 2712 Πάντεςιέξέιιλιναν
1525 2641 1881 2711 καὶήχρειὼ-

301 2734 517 2796 θησαν.

377 2905 530 2976 Οὐχὶ
582 2905 913 2976 γνώσονται
969 2906 1191 2973 πάντες
1243 2911 1297 2961 οὶ
1346 2907 1718 2977 ἐργαζόμενοι
1768 2909 1885 2977 τὴν

294 2999 555 3069 ἀνομίαν
580 3040 594 3063 ,
651 3003 706 3054 οἱ
754 3000 1064 3065 ἐσθίοντες
1123 3000 1231 3053 τὸν
1284 3001 1439 3053 λαόν
1488 3020 1607 3069 μου
1667 3001 1883 3069 βρώσει

293 3093 513 3161 ᾶρτου;
555 3092 669 3147 Καί
714 3110 802 3163 μοι
839 3092 987 3146 δοκεῖ
1025 3091 1391 3164 προφητεύειν
1437 3093 1736 3164 μεταϐολὴν
1763 3094 1882 3146 ἔσε-

294 3187 411 3238 σθαι
436 3185 553 3238 τῶν
584 3184 753 3238 ἐθνῶν
787 3186 853 3237 ἐκ
886 3184 1184 3256 θηριώδους
1225 3185 1361 3256 βίου,
1390 3187 1484 3238 καὶ
1516 3186 1575 3250 ἐξ
1608 3187 1883 3254 ἀγνωσίας

1986 1988 2106 2058 ejus
2153 1992 2326 2061 gratia
2354 1991 2524 2061 gratis
2567 1990 2849 2059 iustiﬁcati
2891 1999 3041 2045 sunt.
3080 1990 3218 2046 lluic
3264 2006 3562 2047 consonam

1983 2080 2151 2137 Isaias
2196 2084 2517 2138 sententiam
2578 2084 2776 2148 tradit,
2834 2083 2925 2137 ubi
2969 2083 3281 2138 Judaaorum
3328 2096 3563 2154 synago-

1985 2189 2106 2244 gam
2150 2176 2485 2245 compellans
2508 2177 2582 2230 ait
2611 2178 2657 2217 ¹δ
2686 2197 2698 2231 :
2738 2176 2872 2231 Ecce
2892 2177 2948 2230 in
2972 2175 3338 2245 iniquitatibus
3378 2176 3561 2229 vestris

1987 2268 2183 2323 uenditi
2208 2271 2353 2333 estis,
2386 2280 2433 2323 et
2479 2270 2534 2323 in
2582 2269 2863 2323 sceleribus
2893 2270 3079 2323 vestris
3120 2270 3307 2322 dimisi
3343 2278 3564 2323 matrem

1985 2372 2210 2416 uestram
2236 2380 2253 2416 :
2284 2364 2410 2433 quia
2436 2366 2570 2424 veni.
2603 2372 2652 2417 et
2692 2380 2793 2416 non
2841 2374 2955 2417 erat
2984 2365 3095 2424 vir;
3150 2362 3348 2423 vocavi,
3381 2371 3429 2415 et
3462 2379 3565 2415 non

1986 2466 2101 2509 erat
2127 2457 2216 2525 qui
2239 2459 2593 2525 responderet.
2630 2454 2766 2507 Illud
2803 2457 2968 2519 enim,
2997 2455 3123 2525 quia
3170 2456 3304 2515 veni.
3331 2455 3417 2509 liis
3444 2470 3566 2508 ver-

1986 2549 2069 2602 bis
2098 2547 2260 2602 afﬁne
2306 2548 2469 2602 luerit
2491 2588 2505 2611 ,
2560 2547 2820 2601 Dominus
2851 2547 2915 2601 de
2942 2547 3072 2601 caelo
3100 2548 3367 2616 prospexit
3412 2561 3567 2615 super

1987 2644 2127 2711 ﬁlios
2158 2643 2461 2706 hominum;
2492 2642 2625 2696 illud
2649 2650 2851 2707 autem,
2884 2641 2949 2695 Et
2978 2660 3082 2696 non
3103 2652 3217 2696 erat
3248 2643 3345 2703 viri,
3381 2652 3431 2696 et
3464 2659 3567 2695 non

1985 2745 2100 2789 erat
2137 2737 2225 2805 qui
2248 2735 2601 2804 responderet,
2628 2734 2803 2791 simile
2833 2733 2933 2799 illi,
2960 2732 3151 2789 Omnes
3173 2732 3565 2786 declinaverunt

1984 2836 2032 2880 et
2066 2827 2281 2881 inutiles
2309 2827 2440 2895 facti
2470 2836 2611 2881 sunt.

2057 2919 2222 2975 Vens.
2256 2921 2313 2974 4.
2358 2919 2549 2973 Nonne
2592 2929 2902 2990 cognoscent
2941 2936 3119 2973 omnes
3153 2919 3242 2988 qui
3282 2926 3570 2986 operantur

1987 3012 2340 3082 iniquitatem,
2368 3014 2459 3083 qui
2500 3011 2753 3065 devorant
2797 3011 2995 3080 plebem
3031 3028 3201 3067 meam
3252 3010 3569 3063 comestionr

1984 3104 2182 3169 panis?
2212 3101 2441 3157 Videtur
2462 3102 2593 3155 mihi
2631 3102 2921 3155 vaticinari
2948 3102 3185 3155 futuram
3210 3100 3474 3169 gentium,
3499 3112 3567 3151 ex

1986 3194 2094 3248 vita
2126 3190 2297 3249 ferina
2326 3202 2379 3249 et
2405 3195 2712 3265 ignorantia
2744 3194 2860 3256 Dei,
2891 3194 2946 3247 in
2987 3200 3303 3247 mansuetos
3344 3205 3407 3243 ac
3441 3189 3569 3242 reli-

291 3276 444 3339 Θεοῦ,
479 3276 579 3328 ἐπὶ
607 3277 815 3346 ἥμερον
851 3277 946 3329 καὶ
986 3274 1210 3348 θεοσεϐῆ
1260 3276 1491 3348 τρόπον·
1534 3278 1562 3330 ὃ
1593 3279 1686 3331 καὶ
1736 3277 1883 3329 ἔστιν

1990 3288 2173 3358 giosos
2197 3302 2377 3342 mores
2403 3287 2759 3341 mutationem
2790 3306 2802 3341 :
2837 3284 2981 3356 quod
3009 3292 3111 3347 est,
3149 3300 3207 3339 re
3229 3284 3404 3337 oculis
3441 3297 3581 3351 perm

290 3366 589 3438 ὀφθαλμοῖς
652 3367 1040 3439 παραλαϐόντα
1106 3371 1450 3441 μαρτυρῆσαι
1508 3369 1764 3440 ἀλήθειαν
1817 3373 1884 3440 τῇ

292 3459 624 3531 προφητείᾳ.
656 3459 976 3531 Ἀναγνώσῃ
1000 3460 1179 3513 τοίνυν
1210 3460 1278 3513 τὰ
1304 3462 1639 3532 προκείμενα
1678 3463 1888 3533 ἐρωτη-

294 3551 542 3619 ματικῶς
563 3592 579 3614 ,
631 3552 1034 3622 πυνθανομένου
1080 3553 1176 3606 τοῦ
1218 3554 1378 3622 λόγου
1422 3553 1517 3607 καὶ
1554 3553 1885 3622 φάσκοντος·

292 3643 348 3694 Εἰ
375 3644 474 3696 καὶ
501 3643 708 3707 πάντες
737 3643 1017 3709 ἐξέκλιναν
1045 3645 1153 3715 πρὸ
1197 3645 1296 3715 τῆς
1336 3643 1429 3697 τοῦ
1465 3643 1704 3715 Χριστοῦ
1745 3662 1887 3716 παρ-

292 3736 476 3800 ουσίας
512 3738 612 3790 καὶ
658 3736 1070 3807 ἡχρειώθησαν·
1123 3738 1197 3808 μὴ
1248 3737 1429 3789 τοίνυν
1481 3737 1601 3806 οὐχὶ
1650 3735 1888 3804 γνώσον-

292 3843 377 3879 ται
402 3829 464 3880 ἐν
492 3827 576 3897 τῷ
608 3827 747 3896 μετά
783 3826 955 3880 ταῦτα
994 3829 1171 3899 χρόνῳ
1206 3828 1405 3891 πάντες
1445 3830 1493 3880 οἱ
1530 3827 1891 3899 ἐργαζόμενοι

292 3918 383 3991 τὴν
412 3920 689 3990 ἀνομίανς
722 3921 1247 3991 προσυπακουόντων
1289 3920 1363 3990 (1)
1394 3920 1567 3989 ἡμῶν·

366 4013 480 4066 Τὸν
540 4013 782 4079 Κύριον,
828 4012 920 4065 καὶ
981 4012 1124 4065 κατὰ
1157 4011 1336 4065 κοινοῦ
1376 4011 1537 4065 πάλιν
1582 4010 1889 4081 λαμϐανόν-

296 4122 394 4158 των
427 4104 498 4157 τά
544 4103 695 4173 ἑξῆς.
739 4103 851 4156 Καὶ
882 4103 1039 4155 αὐτοὶ
1078 4102 1188 4173 γὰρ
1220 4105 1268 4156 οἱ
1314 4103 1483 4156 πάλαι
1515 4103 1605 4155 τὸν
1637 4102 1764 4155 λαὸν
1791 4101 1887 4154 τοῦ

294 4196 422 4249 Θεοῦ
468 4196 607 4249 ὡσεὶ
644 4195 809 4267 ἄρτον
838 4194 1130 4258 ἐσθίοντες,
1185 4195 1279 4248 καὶ
1351 4195 1442 4248 τὸν
1474 4194 1677 4265 Κύριον
1726 4194 1889 4265 μηδε-

296 4287 510 4341 πώποτε
573 4287 1053 4357 ἐπικαλεσάμενοι,
1110 4287 1185 4358 μὴ
1249 4287 1370 4356 οὐχὶ
1442 4284 1742 4352 γνώσονται
1791 4286 1889 4337 αὑ-

295 4378 415 4439 τὸν;
452 4378 567 4429 Καὶ
603 4376 831 4439 Ἡσαΐας
862 4377 919 4429 δὲ
948 4377 1162 4453 συνᾴδει
1194 4377 1324 4447 περὶ
1357 4376 1465 4429 τῶν
1487 4375 1665 4429 αὐτῶν
1695 4375 1887 4429 θεσπί-

298 4469 398 4532 ζων
430 4470 530 4522 καὶ
589 4468 765 4537 λέγων
788 4485 802 4499 ·
858 4464 959 4536 Οἷς
1012 4471 1123 4523 οὐκ
1166 4468 1472 4538 ἀνηγγέλη
1516 4468 1651 4536 περὶ
1698 4469 1887 4523 αὑτοῦ

299 4561 587 4629 ὄψονται·
653 4561 752 4613 καὶ
806 4561 865 4615 οἳ
937 4564 1049 4616 οὐκ
1114 4564 1412 4629 ἀκηκόασι
1474 4561 1883 4627 συνήσουσιν.

310 4653 461 4707 Ἐκεῖ
488 4654 843 4709 ἐδειλιάσαν
885 4658 1065 4724 φόϐῳ,
1118 4652 1191 4711 οὗ
1252 4658 1363 4711 οὐκ
1396 4652 1475 4725 ἦν
1527 4657 1730 4725 φόϐος.
1759 4658 1888 4709 Ὅτι

298 4748 329 4796 o'
356 4746 502 4812 Θεὸς
539 4747 613 4800 ἐν
652 4747 830 4817 γενεᾷ
874 4747 1094 4815 δικαίᾳ.
1134 4748 1292 4813 Τίνες
1332 4748 1389 4801 δὲ
1422 4749 1535 4802 ἀλλ’
1568 4748 1601 4819 ἢ
1636 4750 1685 4801 οἱ
1720 4749 1888 4820 ἐργα-

298 4837 511 4906 ζόμενοι
552 4838 655 4910 τὴν
690 4841 939 4910 ἀνομίαν,
975 4841 1070 4894 καὶ
1101 4843 1149 4893 οἱ
1184 4840 1446 4911 πρότερον
1480 4840 1555 4910 μὴ
1596 4839 1888 4893 ἐπικαλούτ

303 4945 445 4996 μενοι
477 4930 571 4982 τὸν
602 4929 843 5001 Κύριον;
882 4932 1034 4984 ἔσται
1067 4930 1175 5001 γάρ
1219 4949 1349 4984 ποτε
1398 4932 1607 5003 καιρὸς,
1643 4933 1731 4985 ὅτε
1762 4935 1885 4985 ἐπι-

299 5022 596 5086 γνώσονται
624 5023 807 5085 αὐτὸν,
843 5023 964 5076 καθ’
993 5024 1051 5076 ὃν
1079 5024 1171 5076 καὶ
1199 5024 1362 5091 φόϐον
1392 5024 1757 5093 ἁναλήψονται
1790 5024 1885 5077 τοῦ

301 5113 428 5165 *θεοῦ
454 5114 549 5167 καὶ
568 5115 772 5167 δειλίαν
802 5116 1168 5184 ἁγαθήν.’⁹υτι
1204 5116 1259 5168 δὲ
1286 5116 1375 5167 τὸν
1406 5116 1567 5183 φόϐον
1596 5116 1887 5170 ἀναλαϐεῖν

305 5205 503 5275 Κυρίου
540 5206 747 5274 ἀγαθόν
768 5208 905 5269 ἐστι,
945 5207 1103 5276 δῆλον
1131 5207 1236 5259 ἀπὸ
1263 5205 1357 5261 τοῦ
1384 5207 1636 5274 λέγεσθαι
1653 5224 1667 5237 °
1711 5207 1883 5276 Ἀρχὴ

306 5298 517 5365 σοφίας
573 5299 761 5367 φόϐος
786 5302 1025 5365 Kvplov.
1060 5302 1123 5351 0i
1155 5300 1471 5369 δηλούμενον.
1508 5300 1687 5352 τοίνυν
1718 5300 1883 5369 φοϐηη

309 5386 551 5457 θήσονται
578 5394 706 5447 ἐκεῖ
731 5391 879 5460 φόϐῳ
898 5410 909 5420 ’
941 5392 1186 5444 τουτέστι
1216 5395 1366 5449 τότε.
1390 5392 1521 5445 Τίνα
1558 5394 1613 5445 δὲ
1643 5393 1883 5465 φοϐηθή-

378 5587 420 5617 “
458 5588 563 5645 Isa.
598 5606 655 5651 L,
697 5588 829 5653 1,2.
909 5590 951 5621 ³⁸
993 5588 1096 5645 Isa.
1134 5605 1239 5652 ιιι,
1276 5588 1361 5643 IS.
1443 5592 1485 5621 ³⁸
1525 5590 1671 5646 Psal.
1709 5607 1797 5657 cx,
1833 5590 1917 5645 I0.

1990 3387 2166 3449 cepta,
2196 3380 2476 3433 veritatem
2510 3379 2804 3449 prophetia:
2858 3376 3159 3433 testiﬁcari.
3214 3372 3340 3429 Ilaec
3387 3374 3573 3443 itaque

1989 3473 2362 3544 interrogandi
2391 3488 2543 3527 more
2578 3473 2801 3542 legenda
2836 3479 2997 3539 sunt;
3045 3477 3396 3541 percontatur
3423 3468 3569 3521 enim

1991 3563 2282 3619 Psalmista
2308 3579 2370 3617 ac
2402 3565 2446 3619 si
2477 3564 2682 3618 diceret
2708 3582 2722 3617 :
2760 3563 2985 3616 Etiamsi
3015 3576 3205 3615 omnes
3229 3559 3587 3613 anteCliristi'

1992 3655 2283 3709 adventum
2307 3654 2719 3708 declinaverunt
2744 3652 3045 3705 etyinutiles
3074 3649 3199 3703 lacti
3238 3656 3400 3711 sunt,
3436 3662 3573 3699 non-

1992 3766 2060 3804 ne
2082 3751 2137 3803 in
2171 3748 2417 3817 sequenti
2458 3754 2705 3815 tempore
2739 3752 3071 3815 cognoscent
3099 3757 3290 3796 omnes
3321 3740 3412 3809 qui
3443 3744 3583 3811 opeﬁ

1991 3850 2185 3895 rantur
2210 3838 2590 3910 iniquitatem?
2624 3837 2725 3891 Cui
2762 3852 2866 3892 nos
2893 3834 3321 3905 respondemus:

2068 4016 2229 4072 Vens.
2295 4018 2347 4072 5.
2408 4015 2698 4072 Dominum
2750 4031 2857 4068 non
2903 4015 3306 4072 invocaverunt,
3358 4018 3421 4065 et:
3453 4026 3593 4080 quo:

1992 4118 2297 4181 sequuntur
2323 4111 2379 4163 in
2410 4109 2687 4163 communi
2718 4108 3040 4177 accipimus.
3068 4104 3259 4158 Nonne
3286 4104 3446 4157 iidem
3469 4103 3575 4172 ipsi

1991 4207 2083 4275 qui
2114 4205 2241 4257 olim
2276 4204 2534 4274 populum
2566 4201 2661 4257 Dei
2694 4202 2850 4271 quasi
2877 4216 3072 4270 panem
3111 4197 3487 4258 comedebant,
3523 4204 3588 4250 et-

1991 4309 2271 4364 nunquam
2334 4293 2624 4347 Dominum
2670 4293 3103 4355 invocaverunt,
3153 4290 3368 4343 tandem
3424 4288 3575 4341 illum

1992 4387 2264 4457 cognituri
2292 4386 2455 4441 sunt?
2510 4384 2649 4440 Huic
2690 4386 2903 4439 accinit
2934 4383 3126 4445 Isaias,
3155 4384 3246 4452 qui
3288 4382 3355 4435 de
3382 4379 3587 4434 iisdem.

1990 4476 2320 4531 vaticinatur
2342 4477 2428 4531 bis
2448 4476 2657 4531 verbis:
2686 4475 2885 4541 Quibus
2905 4492 3007 4528 non
3035 4473 3407 4527 annuntiatnm
3419 4478 3494 4522 est
3512 4467 3577 4521 de

1990 4569 2328 4633 eo,uidebunt
2346 4584 2364 4621 :
2386 4580 2430 4623 et
2448 4570 2537 4638 qui
2559 4585 2659 4622 non
2676 4568 2976 4630 audierunt,
3003 4566 3289 4633 intelligent
3310 4566 3372 4619 ιδ.
3396 4594 3425 4603 ρ
3452 4560 3576 4614 Illic

1995 4660 2383 4729 trepidaverunt
2434 4660 2618 4712 timore
2656 4658 2745 4711 ubi
2802 4675 2924 4711 non.
2950 4667 3064 4710 erat
3099 4662 3275 4709 timor.
3312 4653 3577 4718 Quoniam

1996 4751 2253 4806 Dominus
2289 4753 2343 4805 in
2372 4752 2702 4821 generatione
2721 4751 2874 4819 justa
2903 4758 2999 4803 est.
3036 4748 3265 4814 Quinam
3298 4760 3427 4813 ergo
3469 4743 3575 4796 nisi

1994 4843 2031 4896 ii
2055 4843 2146 4912 qui
2176 4854 2473 4910 operantur
2496 4842 2863 4911 iniquitatem,
2897 4852 2950 4895 et
2984 4840 3073 4909 qui
3101 4839 3253 4907 prius
3287 4834 3573 4888 Dominum

1995 4950 2104 4988 non
2136 4934 2517 4989 invocabant?
2533 4934 2649 4987 Erit
2679 4935 2823 4989 enim
2861 4942 3078 5001 tempus
3111 4946 3219 4999 quo
3243 4934 3576 4997 cognoscent

1994 5024 2169 5085 illum,
2194 5039 2257 5079 ac
2288 5033 2420 5077 tunc
2468 5024 2663 5078 timore
2710 5024 2803 5077 Dei
2854 5020 3249 5088 formidineque
3284 5019 3424 5071 bona
3457 5015 3577 5069 afﬁ-

1995 5117 2229 5171 cientur.
2264 5117 2419 5183 Quod
2446 5126 2626 5171 autem
2669 5117 2836 5185 proba
2878 5130 2965 5169 res
3016 5114 3086 5168 sit
3137 5112 3331 5165 timore
3362 5108 3575 5162 Domini

1996 5208 2163 5272 afﬁci,
2199 5210 2378 5279 palam
2412 5220 2494 5264 est
2524 5225 2588 5263 ex
2622 5208 2773 5262 hisce
2793 5207 2975 5261 verbis
3003 5226 3016 5260 :
3053 5204 3278 5258 Initium
3305 5201 3579 5271 sapientia:

1996 5302 2153 5354 timor
2182 5301 2392 5354 Domini
2422 5302 2482 5352 ".
2522 5300 2599 5353 Illi
2638 5300 2819 5367 itaque
2847 5297 2914 5352 de
2953 5296 3154 5368 quibus
3190 5295 3302 5365 jam
3351 5307 3531 5349 sermo
3558 5286 3587 5354 ,ί

1994 5396 2125 5461 illic,
2156 5395 2209 5448 id
2252 5404 2355 5459 est,
2382 5405 2507 5451 tunc
2549 5392 2898 5461 trepidabunt
2946 5391 3163 5446 timore.
3197 5388 3369 5456 Quem
3412 5399 3576 5457 porro

372 5767 446 5833 (ll
486 5770 1009 5835 Προσιοπακτηιπεηο,
1036 5768 1085 5821 id
1120 5778 1203 5822 est
1246 5769 1571 5835 respondere.
1611 5768 1745 5823 Vi-le
1782 5770 1833 5822 in
1866 5767 2215 5823 Onomastico
2240 5764 2306 5819 ad
2349 5763 2552 5817 calcem
2590 5778 2816 5831 operum
2852 5758 3134 5815 Athanasii
3167 5757 3219 5811 in
3258 5767 3390 5808 Vtrae
3423 5748 3583 5811 imas

306 5838 499 5902 ιιῑοΰειν,
536 5849 589 5896 et
624 5838 941 5903 ὑπακούων,
979 5856 1174 5907 supra,
1210 5840 1274 5894 ad
1309 5856 1449 5893 vers.
1482 5840 1532 5891 '5.
