3940 6292
435 368 541 427 H7

1237 369 1509 427 EUSEBII
1549 370 2031 428 CESARIENSIS
2064 370 2213 428 OPP.
2251 370 2433 427 PARS
2471 372 2560 429 lli.
2603 403 2673 416 -—
2706 373 3117 435 EXEGETICA.

3592 378 3691 435 N8

433 485 702 541 timebunt
759 484 865 541 nisi
894 482 1227 539 Dominum?
1254 484 1370 540 Illic
1402 492 1609 548 autem,
1638 484 1888 548 ubinam,
1912 486 2004 539 nis

2124 500 2306 537 σονται
2343 485 2377 556 ἦ
2411 486 2503 541 τὸν
2532 486 2769 559 Κύριον;
2804 489 2923 544 ἐκεῖ
2949 488 3025 555 δὲ,
3055 487 3158 542 ποῦ
3191 488 3223 562 ἦ
3251 488 3308 542 ἐν
3333 490 3399 561 τῇ
3432 487 3690 571 μελλούσῃ

431 579 490 633 in
534 594 597 635 ea
652 592 772 648 quae
821 585 1051 634 ventura
1091 586 1177 635 est
1225 578 1605 649 generatione?
1658 579 2010 647 quamobrem

430 669 711 741 subiungit
729 688 743 724 :

500 761 667 818 Vens.
703 761 759 818 6.
803 762 1070 830 Quoniam
1116 761 1373 816 Dominus
1408 762 1467 816 in
1498 766 1831 833 generatione
1859 765 2014 834 justo

426 868 526 913 est.
561 856 858 912 Consilium
893 856 1065 927 inopis
1107 856 1426 927 confudistis
1449 897 1466 922 ,
1512 856 1783 913 .Dominus
1837 869 2014 914 autem

427 964 545 1018 spes
571 951 687 1020 ejus
714 958 813 1005 est.
849 948 1322 1017 Quemadmodum
1355 950 1409 1004 in
1444 950 1570 1005 aliis
1605 967 1824 1022 quoque
1864 953 2028 1022 judic-

426 1043 552 1106 ciis,
619 1057 742 1114 quae
785 1041 852 1097 de
901 1041 1283 1099 contractibus
1336 1048 1392 1096 ot
1444 1041 1513 1098 de
1549 1044 1880 1098 commercio
1934 1042 2014 1100 fe-

423 1140 646 1198 runtur,
683 1134 831 1189 nulla
860 1134 1112 1189 habenda
1163 1141 1248 1189 est
1287 1148 1651 1203 personarum
1702 1135 1877 1203 ratio;
1930 1136 2011 1191 sic

426 1225 482 1279 in
518 1224 1043 1287 consultationibus,
1063 1239 1174 1279 non
1203 1224 1518 1294 imperium,
1551 1240 1663 1280 non
1694 1224 2009 1290 facultates,

425 1316 523 1374 sed
555 1333 710 1374 mens
739 1326 887 1374 recte
920 1316 1171 1374 instituta
1197 1316 1480 1387 probaque
1512 1317 1852 1374 conscientia
1888 1334 2013 1389 spe-

424 1410 624 1466 ctanda
661 1418 766 1466 est.
802 1409 930 1466 Haec
960 1425 1127 1481 porro
1161 1425 1283 1480 quae
1333 1409 1449 1479 jam
1501 1410 1786 1481 pr0posita
1837 1417 2008 1477 sunt,

424 1511 660 1575 possunt
683 1519 805 1559 mea
833 1502 1053 1574 quidem
1076 1502 1350 1559 sententia
1378 1500 1446 1557 de
1470 1499 1677 1558 .ludteis
1709 1500 2011 1559 Salvatoris

422 1597 714 1653 consilium
746 1596 1086 1652 confundere
1109 1595 1440 1650 conantibus
1471 1594 1669 1664 accipi,
1697 1593 1827 1664 quia
1852 1605 2012 1664 puta.

420 1697 546 1744 rent
568 1688 748 1760 ipsum
784 1704 908 1745 esse
941 1688 1160 1759 inopem
1188 1687 1393 1752 virum,
1428 1701 1531 1742 nec
1564 1685 1886 1742 thesaurum
1920 1685 2007 1740 di-

419 1780 668 1835 vinitatis
694 1787 1011 1852 pensarent.
1037 1776 1081 1833 li
1110 1778 1297 1849 itaque
1328 1777 1596 1834 doctrinae
1623 1776 1773 1831 illius
1794 1789 2009 1848 semper

2117 576 2476 647 συστήσεσθαι
2525 581 2719 652 γενεᾷ;
2780 579 2861 634 διὸ
2902 581 3173 649 ἑπιλέγειε

2188 759 2307 815 *Οτι
2352 764 2382 817 ὀ
2449 766 2592 830 Θεὸς
2648 761 2721 818 ἐν
2777 764 2956 835 γενεᾷ
2999 765 3215 832 δικαίᾳ.
3253 764 3499 834 Bovth
3544 782 3695 819 πτωφ

2128 853 2242 923 χοῦ
2290 856 2739 924 κατῃσχύνατε,
2789 859 2822 910 ὀ
2879 855 2949 909 δὲ
3017 857 3233 924 Κύριος
3280 856 3454 923 ἐλπὶς
3509 857 3695 912 αὑτοῦ

2115 945 2304 1001 ἐστιν.
2335 946 2545 1019 Ὥσπερ
2578 949 2636 1000 ἐν
2689 951 2802 1012 τοῖς
2865 948 3044 1012 ἄλλοις
3086 949 3319 1021 κρίμασι
3381 953 3494 1012 τοῖς
3550 966 3696 1018 γινο-

2116 1040 2298 1109 μένοις
2348 1041 2478 1112 περὶ
2525 1039 2948 1111 συναλλάγματα
2999 1040 3094 1094 καὶ
3139 1040 3424 1104 κοινωνίας
3450 1040 3552 1093 οὐκ
3617 1042 3695 1103 εἰς

2113 1127 2381 1200 πρόσωπα
2445 1128 2665 1199 βλέπειν
2729 1130 2837 1182 δεῖ·
2925 1127 3100 1193 οὓτως
3157 1129 3216 1182 ἐν
3275 1132 3389 1192 τοῖς
3448 1128 3694 1199 βουλευο-

2116 1220 2298 1291 μένοις
2351 1221 2451 1275 οὐκ
2507 1223 2587 1285 εἰς
2645 1222 2818 1294 ἀρχὴν
2869 1222 2964 1279 καὶ
3028 1221 3342 1293 περιουσίαν
3375 1220 3688 1293 σκοπητέον·

2112 1311 2226 1367 ἀλλ’
2273 1315 2355 1377 είς
2409 1312 2535 1369 νοῦν
2594 1313 3001 1387 διηρθρωμένον
3067 1315 3165 1369 καὶ
3217 1313 3279 1366 τὸ
3325 1312 3693 1384 εὐσυνείδητον

2112 1403 2323 1475 ἔχοντα.
2365 1406 2721 1475 Ἐπιστατέον
2767 1404 3039 1471 ἐκλαϐεῖν,
3070 1407 3118 1459 εί
3149 1406 3393 1471 δυνατὸν,
3425 1407 3555 1477 περὶ
3585 1404 3695 1459 τῶν

2123 1497 2390 1555 Ἰουδαίων
2421 1499 2492 1556 τὰ
2538 1500 2896 1573 προκείμενα,
2945 1498 3045 1572 τὴν
3083 1498 3179 1552 τοῦ
3210 1500 3459 1569 Σωτῆρος
3502 1497 3694 1571 βουλὴν

2111 1589 2470 1661 καταισχῦναι
2504 1592 2863 1655 σπευδόντων,
2893 1589 2973 1662 τῷ
3006 1589 3256 1663 ἡγεῖσθαι
3289 1588 3453 1642 αὐτὸν
3478 1589 3695 1659 πτωχόν

2109 1699 2233 1736 τινα
2274 1678 2411 1737 εἶναι
2430 1724 2445 1747 ,
2497 1684 2592 1738 καὶ
2654 1683 2728 1755 μὴ
2781 1682 3010 1737 πλοῦτον
3064 1681 3337 1752 θεότητος.
3395 1681 3507 1733 Ἀεὶ
3564 1680 3692 1750 γοῦν

2109 1776 2204 1838 καί
2241 1775 2582 1845 ἀντιλέγουσι
2630 1780 2697 1849 τῇ
2740 1777 3065 1848 διδασκαλίᾳ
3113 1775 3300 1841 αὑτοῦ,
3339 1776 3434 1830 καὶ
3471 1775 3572 1839 τὰς
3604 1792 3696 1843 τες

419 1871 845 1937 contradicunt;
879 1886 945 1928 ac
973 1872 1370 1938 miracuIOrum
1413 1870 1680 1935 virtutes,
1710 1871 1868 1940 quasi
1897 1884 2004 1925 non

2113 1866 2367 1940 ραστίους
2402 1868 2662 1940 δυνάμεις
2689 1868 3101 1939 κακολογοῦσιν,
3135 1869 3213 1933 ὡς
3243 1870 3318 1942 μὴ
3346 1869 3502 1941 θεῖκῇ
3534 1868 3692 1936 δυνάέ

419 1963 609 2018 divina
637 1964 714 2028 vi,
746 1964 843 2020 sed
886 1961 996 2019 alia
1027 1963 1287 2036 quapiam
1317 1962 1532 2018 ratione
1557 1961 1865 2030 exhibitas,
1913 1976 2009 2021 ca-

418 2055 784 2123 lumuiantur.

491 2148 658 2206 Vens.
703 2151 755 2206 7.
795 2150 929 2218 Quis
957 2150 1105 2204 dabit
1133 2166 1199 2205 ea:
1228 2147 1356 2206 Sion
1379 2151 1617 2205 salutare
1652 2149 2010 2209 Isi-aeneum.

416 2243 670 2297 averterit
695 2240 953 2299 Dominus
1004 2243 1364 2312 captivitatem
1407 2240 1574 2312 plebis
1604 2258 1738 2309 sum,
1769 2241 2008 2296 exsulta-

417 2335 491 2389 bit
530 2334 699 2390 Jacob
733 2345 785 2390 et
823 2335 1096 2390 lwtabitur
1126 2335 1321 2390 Israel.
1369 2333 1506 2390 Cum
1542 2351 1738 2394 omnes
1785 2350 1893 2390 una
1916 2334 2008 2391 de-

414 2426 717 2483 clinassent
743 2434 797 2481 et
842 2427 1064 2482 inutiles
1098 2427 1227 2481 lacti
1253 2433 1461 2495 essent,
1488 2426 1605 2497 jam
1640 2437 1853 2497 tempus
1908 2425 2006 2481 ad-

414 2529 555 2583 erat,
586 2527 646 2573 ut
679 2521 747 2574 ad
782 2518 1119 2589 precandum
1163 2534 1474 2576 sermonem
1522 2527 1797 2587 verteret;
1830 2519 1905 2573 ita
1944 2525 2006 2573 ut

417 2627 519 2666 ceu
569 2611 841 2683 legatione
899 2621 1154 2683 suscepta
1197 2612 1521 2668 diceretur:
1580 2612 1712 2679 Quis
1756 2611 1905 2666 dabit
1939 2627 2006 2667 ea:

416 2704 549 2760 Sion
577 2705 815 2761 salutare
863 2704 1077 2760 Israel?
1105 2704 1229 2775 Ipso
1261 2706 1406 2761 enim
1443 2705 1670 2761 salutari
1698 2712 1832 2761 tunc
1864 2720 2004 2776 opus

415 2800 724 2872 erat,quod
768 2809 1119 2871 peccatorum
1156 2799 1544 2855 remissionem
1596 2798 1897 2863 tribueret,
1951 2805 2006 2853 et

413 2903 606 2955 auctor
637 2894 831 2955 salutis
859 2900 1023 2948 esset.
1075 2891 1313 2963 ldipsum
1359 2894 1600 2948 salutare
1640 2892 1785 2962 quod
1807 2907 2006 2949 secun-

413 2983 545 3039 dum
575 2999 798 3040 carnem
833 3001 898 3038 ex
933 2985 1142 3040 semine
1172 2982 1396 3040 Davidis
1449 2983 1694 3051 prodiit,
1753 2999 1821 3039 ex
1871 2984 2002 3039 Sion

410 3075 600 3130 datum
634 3083 718 3131 est
749 3093 765 3129 :
798 3073 945 3129 Nam
977 3076 1143 3130 veniet
1175 3090 1241 3129 ea:
1272 3075 1403 3130 Sion
1432 3077 1749 3142 redemptor,
1780 3082 1830 3126 et
1853 3089 2002 3127 avor-

410 3174 483 3221 tet
506 3167 813 3237 iniquitates
844 3183 877 3220 a
898 3164 1067 3219 Iacob
1095 3166 1161 3221 ¹.⁷.
1195 3163 1398 3219 Eodem
1431 3177 1650 3234 quoque
1672 3176 1839 3218 sensu
1866 3159 2002 3215 illud

410 3257 651 3329 accipias
682 3259 851 3313 licet:
906 3257 988 3311 Ea;
1018 3257 1149 3313 Sion
1202 3257 1395 3326 species
1437 3256 1641 3310 decoris
1668 3254 1782 3323 ejus
1811 3253 1889 3317 “1,
1938 3260 2000 3308 ut

409 3351 659 3420 apposite
728 3351 1067 3420 intelligatur
1141 3348 1383 3404 salutare
1468 3348 1598 3403 illud
1655 3363 1722 3403 ex
1785 3346 1999 3406 caelesti

410 3442 543 3497 Sion
576 3443 891 3508 advenisse,
928 3441 1202 3513 siquidem
1252 3441 1308 3497 in
1342 3442 1459 3513 ipsa
1488 3439 1742 3497 Christus
1768 3454 1996 3512 regnum

408 3536 657 3595 obtinere
683 3536 867 3592 dictus
889 3546 992 3591 est.
1036 3535 1408 3602 Quamobrem
1443 3549 1645 3605 scopus
1676 3541 1894 3597 noster,
1932 3546 1998 3587 ac

408 3644 536 3699 spes
560 3643 813 3699 supernae
840 3628 1147 3684 vocationis
1180 3639 1266 3683 est
1297 3642 1523 3699 regnum
1553 3626 1837 3681 caelorum.
1882 3625 1998 3682 Sub

407 3720 545 3789 inec,
573 3721 812 3782 futuram
832 3720 1088 3775 omnibus
1118 3719 1433 3774 hominibus
1472 3718 1540 3773 ab
1578 3718 1808 3789 ipsomet
1847 3718 1998 3775 salu-

404 3814 511 3868 tari
533 3814 936 3870 conciliandam
969 3814 1276 3870 libertatem
1303 3813 1569 3869 declarat.
1601 3812 1681 3868 Ac
1718 3813 1995 3883 perpende

405 3908 564 3972 mihi,
589 3923 797 3978 quaeso,
830 3925 939 3980 quo
970 3915 1128 3978 pacto
1155 3948 1170 3972 ,
1222 3921 1349 3962 cum
1380 3907 1470 3961 alii
1524 3906 1790 3978 redempti
1842 3905 1954 3960 sint
1976 3945 1992 3970 ,

405 4001 545 4055 alios
577 4008 759 4058 tamen
783 4001 932 4055 dicat
962 4002 1241 4056 exsultare
1269 4019 1282 4054 :
1320 4014 1446 4054 nam
1478 4015 1602 4054 cum
1628 3999 1866 4070 populus
1898 3997 1997 4053 Do-

403 4091 542 4144 mini
580 4105 611 4144 a
649 4092 968 4161 captivitate
1001 4091 1324 4146 liberabitur
1346 4131 1362 4156 ,
1394 4089 1702 4144 Exsultabit
1728 4129 1743 4155 ,
1791 4089 1990 4160 inquit,

401 4181 593 4248 Iacob,
625 4192 674 4238 et
704 4174 975 4238 ltetabimr
1022 4181 1218 4242 Israel.
1248 4182 1386 4238 Cum
1425 4183 1594 4253 igitur
1623 4180 1872 4236 futurum
1905 4196 1994 4235 es-

403 4285 525 4345 set,
560 4287 621 4333 ut
646 4279 843 4334 animae
880 4279 1011 4333 olim
1038 4293 1067 4331 a
1100 4277 1406 4333 daemonica
1434 4291 1626 4331 errore
1668 4276 1723 4329 in
1756 4275 1992 4345 captivi-

401 4374 572 4422 tatem
612 4368 895 4433 obductm,
947 4382 1042 4438 per
1071 4368 1310 4423 salutare
1344 4365 1437 4420 Dei
1475 4366 1785 4420 libertatem
1838 4378 1993 4419 assc-

2114 1978 2225 2033 μει,
2254 1962 2368 2017 ἀλλ’
2399 1962 2620 2019 ἄλλοθέν
2647 1962 2810 2019 ποθεν
2839 1964 3233 2036 γεγενημένας.

2110 2114 2112 2117 ’
2183 2129 2279 2198 Τίς
2318 2130 2498 2189 δώσει
2541 2130 2611 2185 ἐκ
2640 2129 2795 2186 Σιὼν
2831 2130 2897 2189 τι
2938 2131 3235 2201 σωτήριον
3276 2131 3384 2187 τοῦ
3425 2128 3697 2200 rapam;

2105 2223 2177 2279 ἐν
2211 2223 2291 2291 τῷ
2319 2223 2677 2294 ἐπιστρέψαι
2721 2225 2944 2293 Κύριον
2982 2223 3099 2294 τὴν
3138 2224 3557 2295 αἰχμαλωσίαν
3586 2221 3691 2278 τοῦ

2106 2316 2259 2377 λαοῦ
2304 2316 2492 2375 αὐτοῦ
2535 2314 2968 2386 ἀγαλλιάσεται
3019 2315 3237 2382 Ἰακὼϐ,
3288 2315 3387 2372 καὶ
3433 2317 3693 2384 εὐφραν-

2108 2409 2356 2475 θήσεται
2407 2407 2669 2478 Ἰσραήλ.
2736 2408 2962 2464 Πάντων
3015 2406 3376 2466 ἐκκλινάντων
3434 2406 3529 2460 καὶ
3575 2406 3703 2479 ἅμα,

2105 2499 2512 2572 ἀχρειωθέντων
2539 2499 2733 2573 καιρὸς
2761 2495 2829 2575 ἦν
2854 2500 2934 2564 είς
2960 2499 3123 2572 εὐχὴν
3156 2499 3352 2571 τρέψαι
3384 2496 3477 2550 τὸν
3511 2495 3699 2569 λόγον,

2106 2589 2182 2654 ὡς
2215 2590 2511 2663 πρεσϐείας
2543 2592 2732 2663 τρόπῳ
2766 2591 2930 2660 φάναι
2952 2608 2966 2622 ο
3005 2593 3100 2657 Τίς
3130 2590 3309 2645 δώσει
3344 2590 3413 2644 ἐκ
3441 2589 3598 2645 Σιὼν
3625 2587 3701 2646 τὸ,

2105 2684 2403 2753 σωτήριον
2443 2684 2551 2740 τοῦ
2596 2682 2871 2754 Ἰσραήλ;
2908 2683 3085 2738 Αὐτοῦ
3136 2683 3245 2755 γὰρ
3280 2683 3438 2756 χρεία
3482 2682 3696 2748 λοιπὸν,

2104 2775 2199 2829 τοῦ
2246 2777 2443 2847 ἄφεσιν
2491 2776 2907 2849 ἁμαρτημάτων
2957 2775 3316 2848 παρέχοντος,
3371 2773 3466 2827 τοῦ
3517 2772 3696 2828 αἰτίου

2104 2873 2204 2944 τῆς
2243 2872 2463 2927 αἰωνίου
2510 2872 2801 2943 σωτηρίας.
2863 2869 3037 2924 Τοῦτο
3073 2870 3135 2924 τὺ
3170 2871 3433 2942 σωτήριον
3460 2869 3521 2922 τὸ
3552 2867 3700 2924 κατά

2108 2963 2287 3034 σάρκα
2338 2964 2402 3016 ἐκ
2459 2963 2774 3036 σπέρματος
2824 2960 2990 3021 Δαυῖδ
3036 2960 3280 3031 γεγονὸς,
3312 2963 3376 3015 ἐκ
3426 2961 3526 3032 τῆς
3553 2959 3711 3020 Σιὼν,

2103 3059 2311 3113 δέδοται
2330 3075 2352 3115 τ.
2404 3056 2565 3122 Ἥξει
2626 3057 2738 3129 γὰρ
2794 3057 2866 3111 ἐκ
2916 3055 3070 3115 Σιὼν
3130 3059 3164 3110 ὁ
3213 3055 3539 3125 ῥυόμενος,
3591 3060 3694 3108 κε)

2104 3153 2475 3221 ἀποστρέψει
2507 3151 2787 3217 ἀσεϐείας
2817 3149 2934 3215 ἀπὸ
2975 3146 3191 3209 Ἰακώϐ.
3237 3149 3332 3211 Εἰς
3363 3145 3522 3201 τοῦτο
3547 3144 3701 3217 λήψῃ

2030 3216 2075 3279 c
2106 3245 2168 3299 τό
2187 3262 2200 3276 ’
2238 3216 2331 3298 Ἐκ
2539 3246 2580 3313 ἠ
2610 3243 2933 3313 εὐπρέπεια
2962 3242 3074 3312 τῆς
3102 3243 3457 3311 ὡραιότητα·
3482 3216 3697 3304 αὑτοῦ,

2107 3338 2330 3392 δυνατὸν
2372 3336 2654 3393 ἐκλαϐεῖν·
2695 3338 2771 3401 ὡς
2802 3337 2896 3393 καὶ
2939 3339 3004 3390 ἐκ
3049 3337 3150 3407 τῆς
3194 3333 3521 3405 ἐπουρανίου
3553 3331 3700 3388 Σιὼν

2107 3430 2333 3504 ἐλήλυθε
2367 3431 2428 3484 τὸ
2464 3431 2760 3502 σωτήριον
2809 3430 3043 3501 ἐπείπερ
3077 3430 3135 3483 ἐν
3160 3428 3297 3499 αὐτῇ
3343 3428 3555 3499 εῐρηται
3594 3426 3700 3496 τὴν

2109 3522 2386 3594 βασιλείαν
2440 3522 2584 3593 ἔχειν
2633 3523 2663 3575 ὁ
2702 3521 2957 3594 Χριστός.
3011 3521 3103 3575 Διὸ
3131 3521 3228 3575 καὶ
3258 3522 3286 3573 ὁ
3309 3519 3510 3585 σκοπὸς
3536 3517 3709 3591 ἡμῶν,

2107 3614 2202 3668 καὶ
2261 3614 2294 3685 ή
2342 3613 2497 3678 ἐλπὶς
2551 3613 2652 3685 τῆς
2711 3613 2823 3675 ἄνω
2888 3612 3136 3684 κλήσεως
3193 3614 3229 3683 ἠ
3288 3609 3533 3683 βασιλεία
3584 3609 3709 3663 τῶν.

2104 3704 2349 3775 οὐρανῶν
2382 3702 2659 3775 τυγχάνει.
2714 3698 2830 3757 Εἶθ’
2864 3702 2990 3773 ἑξῆς
3026 3701 3125 3774 τὴν
3155 3701 3453 3773 μέλλουσαν
3488 3699 3710 3758 ἅπασιν⁴

2104 3796 2413 3871 ἀνθρώποις
2449 3796 2829 3870 προξενεῖσθαι
2862 3797 2971 3851 ἀπὸ
3017 3796 3201 3855 κακῶν
3242 3793 3556 3866 ἐλευθερίαν
3603 3792 3707 3849 διὰ

2102 3889 2197 3944 τοῦ
2259 3891 2529 3963 σωτηρίου
2590 3889 2909 3962 παρίστησι.
2975 3889 3088 3941 Καὶ
3138 3886 3234 3943 θέα
3288 3887 3412 3943 τίνα
3469 3886 3697 3958 τρόπον,

2104 3985 2305 4057 ἐτέρων
2344 3983 2749 4057 λυτρουμένων,
2807 3981 3030 4053 ἐτέρους
3083 3980 3247 4053 φησὶν
3298 3977 3692 4050 ἀγαλλιᾶσθαιο

2103 4078 2161 4131 ἐν
2210 4077 2288 4149 τῷ
2334 4076 2445 4150 γὰρ
2511 4075 2924 4149 ἠλευθερῶσθαι
2999 4075 3099 4148 τὴν
3160 4073 3537 4146 αἰχμαλωσίαν
3597 4071 3701 4126 τοῦ

2100 4169 2246 4248 λαοῦ.
2270 4171 2514 4242 Κυρίου,
2564 4166 3053 4240 Ἀγαλλιάσεται,
3104 4168 3291 4239 φησιν,
3337 4165 3552 4230 Ἰακὼϐ,
3592 4164 3696 4219 καὶ

2100 4263 2577 4334 εὐφρανθήσεται
2620 4261 2882 4332 Ἰσραήλ.
2926 4262 3048 4316 Τῶν
3087 4257 3181 4315 οὖν
3225 4259 3395 4314 πάλαι
3440 4257 3698 4330 ⁴ᾐχμαλω-

2099 4356 2372 4428 τισμένων
2401 4356 2506 4409 ὑπὸ
2531 4355 2630 4427 τῆς
2657 4354 2977 4426 δαιμονικῆς
2999 4352 3208 4424 πλάνης
3236 4351 3444 4423 ψυχῶν,
3467 4348 3697 4421 μελλου-

401 4466 723 4529 querentur,
757 4466 809 4513 et
835 4473 904 4513 ex
954 4458 1211 4513 omnibus
1265 4456 1519 4529 gentibus
1575 4455 1644 4509 ad
1701 4454 1990 4509 Dominum

2109 4450 2210 4506 σῶν
2232 4449 2323 4504 διὰ
2345 4450 2438 4504 τοῦ
2472 4451 2739 4523 σωτηρίου
2771 4447 2864 4502 τοῦ
2885 4446 3019 4501 Θεοῦ
3051 4444 3364 4518 ἐλευθερίας
3384 4441 3694 4514 τυγχάνειν,

401 4549 653 4605 homines
681 4557 1173 4618 converterentur;
1209 4549 1305 4621 qui
1359 4549 1490 4603 olim
1522 4547 1578 4602 in
1610 4546 1722 4602 Deo
1747 4546 1992 4603 defuncti

2109 4545 2194 4597 καὶ
2234 4544 2294 4611 ἐξ
2339 4543 2595 4597 ἁπάντων
2632 4541 2740 4595 τῶν
2780 4540 2952 4594 ἐθνῶν
2987 4539 3291 4611 μελλόντων
3340 4532 3703 4606 ἐπιστρέφειν

402 4653 533 4698 sunt
554 4644 690 4714 justi
721 4651 887 4713 atque
915 4642 1216 4713 prophetae,
1242 4624 1336 4712 qui
1371 4656 1501 4696 vere
1525 4640 1717 4706 Israel,
1750 4655 1879 4695 vere
1899 4637 1994 4693 Ja-

2109 4636 2192 4688 ὲπὶ
2226 4635 2318 4688 τὸν
2349 4635 2577 4707 Κύριον,
2626 4635 2674 4687 οἱ
2705 4632 2875 4687 πάλαι
2919 4630 3074 4702 παρὰ
3102 4630 3180 4702 τῷ
3207 4629 3327 4701 Θεῷ
3369 4629 3695 4682 ἀναπεπαυ-

401 4734 506 4789 cob
534 4736 841 4807 nuncupari
873 4742 1134 4806 possunt,
1160 4726 1519 4793 exsultabunt
1549 4748 1615 4788 ac
1642 4732 1991 4798 laetabuntur,

2109 4726 2251 4799 μένοι
2297 4727 2494 4781 δίκαιοι
2542 4727 2637 4783 καὶ
2680 4726 2980 4798 προφῆται,
3030 4724 3187 4778 αὐτοὶ
3204 4723 3358 4786 ὄντες
3404 4724 3436 4775 ὁ
3474 4717 3694 4790 ἀληθῶς

400 4830 547 4899 quod
577 4830 838 4885 vaticinia
872 4829 942 4884 ab
973 4844 1032 4883 se
1070 4828 1137 4882 de
1166 4828 1327 4882 nobis
1360 4828 1504 4882 edita
1530 4827 1800 4895 completa
1845 4827 1955 4882 sint
1975 4866 1990 4891 ,

2109 4820 2318 4894 Ἰσραὴλ
2367 4820 2466 4874 καὶ
2515 4822 2543 4880 ὁ
2586 4818 2806 4890 ἀληθῶς
2855 4816 3073 4883 Ἰακὼϐ,
3129 4815 3549 4885 άγαλλιάσονται
3598 4811 3702 4867 καὶ

401 4923 658 4992 quodque
685 4923 787 4992 ipsi
832 4921 992 4977 nobis
1041 4919 1108 4975 de
1135 4920 1330 4990 adepta
1381 4906 1558 4976 salute
1605 4910 1993 4990 congratulen-

400 5019 512 5067 tur.
544 5013 890 5084 Quapropter
926 5012 1147 5068 Simeon
1170 5053 1184 5074 ,
1224 5026 1349 5066 cum
1383 5012 1452 5067 de
1480 5011 1766 5095 Salvatore
1820 5011 1995 5066 dixis-

403 5113 487 5163 set
516 5125 531 5162 :
568 5105 767 5163 Lumen
801 5111 908 5165 erit
947 5109 1016 5163 ad
1053 5107 1426 5164 reuelationem
1451 5109 1724 5179 gentium;
1757 5105 1989 5187 addidit,

401 5210 451 5259 et
470 5198 698 5268 gloriam
725 5200 892 5271 plebis
926 5213 1052 5265 tute,
1082 5200 1258 5256 Israel
1287 5202 1352 5257 ’³.

634 5404 702 5460 IN
738 5403 951 5462 FINEM
990 5403 1320 5463 PSALMUS
1360 5404 1571 5461 DAVID
1606 5402 1750 5460 XIV.

490 5533 646 5577 Vens.
690 5521 743 5578 1.
791 5519 1043 5586 Domine,
1092 5520 1210 5591 quis
1240 5521 1503 5575 habitabit
1557 5521 1613 5575 in
1652 5517 1992 5573 tabernaculo

409 5626 498 5670 tuo
517 5621 544 5671 τ
571 5623 665 5669 aut
697 5615 816 5686 quis
855 5614 1135 5684 requiescet
1165 5615 1220 5667 in
1251 5623 1424 5668 monte
1453 5622 1638 5668 sancto
1670 5613 1802 5668 tuo?
1841 5611 1886 5665 Α
1914 5612 1996 5664 vi—

407 5705 710 5775 cinioribus
737 5703 1043 5779 procedens
1065 5744 1080 5773 ,
1143 5702 1445 5775 perfectum
1477 5702 1654 5757 virum
1706 5698 1989 5755 describit.

483 5864 525 5898 ⁸⁷
567 5862 667 5925 lsa.
706 5880 832 5930 us,
863 5862 951 5926 20.
1034 5861 1077 5894 ³⁸
1113 5857 1261 5915 l’sal.
1295 5870 1441 5924 xux,
1489 5855 1543 5921 2.
1624 5857 1666 5888 ‘9
1707 5853 1839 5909 Luc.
1881 5869 1953 5919 ιι,
1989 5852 2077 5907 52.

2098 4912 2585 4984 εὐφρανθήσονται,
2618 4912 2707 4966 διὰ
2748 4912 2811 4965 τὸ
2842 4910 3180 4984 πληροῦσθαι
3218 4905 3401 4961 αὐτῶν
3429 4903 3528 4969 τὰς
3560 4902 3694 4974 περὶ

2101 5005 2259 5077 ἡμῶν
2292 5007 2649 5078 προφητείας,
2696 5005 2792 5059 καὶ
2841 5004 2929 5058 διὰ
2977 5003 3038 5057 τὸ
3089 5000 3408 5072 συγχαίρειν
3445 5000 3511 5068 τῇ
3550 4997 3691 5066 ήμε-

2096 5098 2234 5169 τέρᾳ
2267 5097 2529 5170 σωτηρίᾳ.
2576 5097 2669 5150 Διὸ
2701 5096 2797 5151 καὶ⁸
2839 5097 2868 5148 ὁ
2903 5094 3151 5166 Συμεὼν,
3172 5116 3185 5132 ο
3206 5091 3377 5146 εἰπὼν
3422 5090 3549 5161 περὶ
3595 5086 3702 5140 τοῦΔ

2096 5191 2371 5262 Σωτῆρος,
2424 5191 2507 5243 ὅτι
2554 5188 2685 5255 Φῶς
2730 5187 2884 5241 ἔσται
2928 5189 3016 5253 εὶς
3050 5184 3446 5250 ἀποκάλυψιν
3474 5177 3686 5241 ἐθνῶν,

2099 5282 2372 5352 ἐπήγαγε,
2408 5279 2507 5334 καὶ
2534 5277 2724 5343 δόξαν
2750 5275 2906 5339 λαοῦ
2938 5292 3056 5330 σου
3083 5271 3344 5342 Ἰσραήλ.

2224 5396 2334 5449 ΕΙΣ
2371 5396 2460 5449 ΤΟ
2498 5393 2721 5447 ΤΕΛΟΣ
2759 5388 3053 5443 ΨΑΛΜΟΣ
3092 5387 3177 5439 ΤΩ
3211 5383 3409 5438 ΔΑΥΙΔ
3449 5383 3544 5435 ΙΔ’.

2167 5510 2378 5577 Κύριε,
2425 5508 2519 5573 τίς
2563 5503 2917 5583 παρρικήσει
2946 5503 3017 5556 ἐν
3052 5499 3134 5575 τῷ
3169 5495 3519 5565 σκηνώματι
3543 5506 3689 5554 σου;

2099 5601 2199 5656 καὶ
2236 5585 2328 5667 τ’ίς
2355 5596 2810 5664 κατασκηνώσει
2849 5596 2920 5649 ἐν
2957 5592 3035 5659 τῷ
3081 5591 3198 5660 ὄρει
3244 5583 3325 5650 τῷ
3357 5586 3503 5656 ἁγίῳ
3532 5598 3689 5646 σου;

2064 5695 2232 5755 "Arb
2263 5694 2370 5750 τῶν
2419 5690 2870 5777 προσεχεστέρων
2914 5684 3224 5759 προϐαίνων
3265 5676 3554 5752 διαγράφει
3595 5673 3691 5739 tot
