3940 6292
441 367 536 428 181
1110 369 1382 432 EUSEBII
1411 374 1892 435 CASSARIENSIS
1927 375 2080 439 OPP.
2120 378 2303 436 PARS
2338 379 2427 439 Ill.
2460 412 2532 423 -
2569 381 2982 443 EXEGETICA.
3599 386 3702 444 152

435 484 636 541 calum
658 526 677 554 ,
715 493 881 558 atque
925 486 1061 543 illud
1113 503 1146 544 a
1176 488 1462 550 Salvatore
1494 496 1875 552 annuntiatum
1935 513 1993 554 re

2131 499 2222 556 τὴν
2277 499 2421 572 ίερὸν
2457 500 2797 578 ’Δπόστολον,
2849 503 2910 567 ὃς
2968 519 3101 578 φησι
3133 521 3146 536 υ
3204 504 3704 573 Προσεληλύθατε

432 591 603 668 gnum
631 578 915 638 caelorum.
938 578 1066 637 Hac
1092 589 1178 639 est
1234 582 1540 642 Jerusalem
1583 589 1826 646 caelestis
1853 608 1868 646 :
1909 590 1993 647 ha:

2126 591 2282 647 Σιὼν
2304 591 2424 660 ὄρει
2445 630 2460 657 ,
2494 593 2594 661 καὶ
2622 594 2796 648 πόλει
2842 595 2992 649 Θεοῦ
3033 592 3264 663 ζῶντος,
3317 595 3703 668 Ἰερουσαλὴμ

432 665 550 737 ipsa
579 677 665 725 est
699 686 859 728 mons
888 672 1019 728 Sion
1085 680 1145 729 et
1186 675 1382 733 civitas
1440 675 1537 733 Dei
1582 679 1838 745 viventis,
1867 682 1990 751 juxt

2122 686 2478 755 ἐπουρανίῳ.
2534 687 2647 756 Τὴν
2690 687 2749 740 δὲ
2795 687 2998 759 σκηνὴν
3045 689 3260 760 νοήσεις
3309 665 3408 760 τὴν
3456 688 3570 743 ἄνω

429 774 652 847 sacrum
704 763 1030 835 Apostolum
1085 766 1182 837 qui
1240 766 1360 824 ait:
1410 767 1731 827 Accessistis
1777 771 1846 826 ad
1893 771 1993 828 Sioa

2122 777 2216 832 τοῦ
2282 779 2441 849 ὅρους
2496 779 2788 851 ἱδρυμένην
2850 780 2960 835 ἀπὸ
3012 780 3106 835 τοῦ
3164 781 3462 851 φάσκοντος
3516 781 3696 852 λόγου·

429 863 700 924 montem,
745 867 798 912 et
853 859 1120 915 ciuitatem
1169 859 1270 915 Dei
1303 862 1520 927 viventis
1578 861 1880 939 Jerusalem
1920 882 1993 921 cae

2120 873 2375 941 Χριστὸς
2417 872 2486 927 δὲ
2530 874 3015 943 παραγενόμενος
3060 875 3369 944 ἀρχιερεὺς
3400 874 3520 929 τῶν
3550 879 3697 945 μελ-

430 946 611 1002 lestem
642 950 709 1004 ²⁹.
737 946 843 1005 Per
868 949 1285 1008 tabernaculum
1322 962 1504 1015 autem
1549 954 1786 1026 idipsum
1814 958 1993 1014 intelliv

2119 965 2353 1018 νίόντων
2398 964 2635 1036 ἀγαθῶν
2669 965 2769 1020 διὰ
2811 964 2922 1034 τῆς
2965 963 3235 1036 μείζονος
3280 967 3379 1021 καὶ
3418 967 3699 1022 τελειοτέ-

427 1039 597 1108 gitur,
629 1040 775 1111 quod
813 1057 1034 1098 sursum
1066 1043 1123 1100 in
1156 1054 1345 1103 monte
1373 1048 1735 1104 constitutum
1767 1061 1881 1121 est,
1938 1060 1993 1108 ut

2111 1072 2227 1123 ρας
2276 1057 2550 1126 σκηνῆς,
2604 1060 2677 1112 οὐ
2729 1057 3179 1128 χειροποιήτου,
3233 1061 3569 1124 τουτέστιν,
3626 1063 3697 1116 οὐ

425 1132 627 1188 dicitur
657 1152 671 1189 :
706 1133 950 1192 Christus
981 1146 1159 1196 autem
1209 1142 1466 1202 assistens
1516 1145 1758 1214 pontifex
1812 1147 1993 1216 futuro

2118 1151 2340 1221 ταύτης
2360 1150 2475 1220 τῆς
2500 1152 2771 1219 κτίσεως.
3053 1133 3056 1136 ’
3250 1130 3251 1137 γ

424 1245 547 1282 rum
577 1228 836 1283 bonorum
856 1268 871 1295 ,
920 1244 1014 1299 per
1049 1231 1278 1300 amplius
1311 1243 1363 1287 et
1390 1234 1674 1305 perfectius
1704 1240 2019 1303 tabernacu—

425 1324 538 1375 lum
567 1338 673 1376 non
696 1323 1083 1393 manufactum,
1116 1323 1172 1378 id
1204 1336 1304 1394 est,
1329 1343 1435 1381 non
1460 1328 1618 1399 hujus
1643 1335 1925 1390 crcationis
1946 1335 2013 1393 ".

497 1412 623 1469 Eme
645 1429 772 1469 cum
803 1415 991 1472 Davidi
1016 1417 1083 1472 in
1112 1427 1350 1488 mentem
1384 1422 1657 1492 venirent,
1699 1426 1779 1481 sic
1807 1429 1993 1485 vocife-

2188 1423 2406 1481 Τούτων
2450 1427 2741 1499 τοιγαροῦν
2773 1430 2868 1485 καὶ
2913 1433 2942 1486 ὁ
2970 1431 3131 1487 Δαυῒδ
3156 1434 3237 1497 είς
3268 1431 3476 1487 ἔννοιαν
3504 1432 3692 1503 ἐλθὼν,

420 1514 577 1561 ratus
637 1516 758 1563 est:
799 1507 1039 1579 Domine,
1072 1514 1190 1583 quis
1246 1513 1511 1581 habitabit
1564 1518 1621 1573 in
1673 1519 1993 1579 tabernaculi

2114 1517 2389 1587 ἀναφωνεῖ
2436 1519 2611 1590 λέγων
2633 1538 2647 1553 ’
2702 1524 2880 1591 Κύριε
2902 1562 2919 1588 ,
2967 1525 3061 1591 τίς
3102 1525 3455 1598 παροικήσει
3504 1525 3575 1580 ἐν
3618 1526 3698 1594 τῷ

422 1600 558 1654 tuo?
589 1597 739 1656 Talis
759 1601 904 1655 enim
940 1617 1128 1659 revera
1159 1606 1345 1674 homo,
1376 1608 1469 1679 qui
1517 1610 1731 1667 scilicet
1776 1629 1993 1673 ascensu

2113 1609 2459 1681 σκηνώματί
2505 1629 2654 1679 σου;
2686 1615 2930 1686 Ἀληθῶς
2979 1616 3089 1688 γὰρ
3141 1597 3365 1682 σπάνιος
3412 1618 3510 1672 καὶ
3559 1619 3689 1673 δυσο

419 1688 740 1760 huiusmodi
769 1702 820 1747 et
855 1692 1196 1753 habitatione
1217 1700 1433 1767 caelesti
1459 1701 1662 1773 dignus
1702 1704 1802 1773 sit,
1850 1723 1993 1765 rarus

2112 1702 2355 1777 εύρετος,
2392 1707 2488 1763 καὶ
2519 1703 2600 1772 εἷς
2632 1726 2735 1763 που
2776 1708 2885 1763 ἀπὸ
2920 1709 3149 1782 μυρίων,
3180 1712 3210 1763 ὁ
3238 1711 3339 1783 τῆς
3377 1710 3697 1775 ἀναϐάσεως

419 1783 738 1852 admodum,
774 1795 829 1842 et
863 1804 968 1844 non
1000 1790 1227 1861 obvius,
1266 1802 1328 1848 ut
1366 1795 1456 1850 vix
1484 1811 1629 1852 unus
1672 1797 1728 1852 in
1768 1799 1993 1859 millibus

2114 1798 2329 1870 ἐκείνης
2374 1801 2470 1854 καὶ
2512 1803 2616 1872 τῆς
2671 1802 2732 1856 ὲν
2789 1802 3041 1873 οὐρανοῖς
3101 1804 3481 1875 παροικήσεως
3524 1801 3694 1868 ἄξιος.

418 1884 694 1939 occurrat.
758 1878 1195 1937 Tabernaculum
1244 1884 1430 1956 itaque
1463 1886 1596 1942 illud
1629 1890 1852 1947 caeleste
1895 1891 1993 1962 jan

2113 1892 2188 1947 Tb
2224 1893 2321 1964 μὲν
2355 1887 2451 1955 οὖν
2480 1892 2716 1965 δηλωθὲν
2749 1896 3033 1966 σκήνωμα,
3069 1893 3129 1947 τὸ
3163 1896 3222 1947 ὲν
3246 1894 3516 1965 οὐρανοῖς,
3540 1895 3697 1965 οἰκη-

414 1976 803 2047 memoratum,
835 1970 1178 2028 domicilium
1233 1974 1409 2047 ipsius
1468 1977 1564 2035 Dei
1612 1978 1814 2038 fuerit:
1845 1982 1993 2047 homt

2112 1986 2302 2060 τήριον
2360 1986 2528 2043 αὐτοῦ
2570 1987 2766 2056 γένοιτ’
2798 1985 2866 2042 ἂν
2906 1986 3002 2041 τοῦ
3050 1986 3185 2040 Θεοῦ
3210 2003 3224 2015 ⁸
3273 1973 3562 2058 ἄνθρωπος
3606 1987 3694 2052 δὲ,

413 2074 549 2116 vero
574 2061 670 2133 qui
711 2077 742 2118 a
770 2070 988 2140 terrena
1016 2066 1109 2122 illa
1135 2072 1589 2138 commoratione,
1624 2089 1721 2131 ceu
1762 2091 1793 2142 a
1828 2078 1993 2149 capti-

2111 2082 2305 2155 ὥσπερ,
2343 2083 2452 2136 ἀπὸ
2501 2082 2879 2155 αἰχμαλωσίας
2924 2083 3022 2155 τῆς
3071 2083 3213 2143 κατὰ
3256 2083 3367 2155 γῆν
3414 2084 3696 2157 διατριὸῆς

412 2152 603 2217 vitate,
636 2153 693 2208 in
724 2155 951 2213 cteleste
972 2157 1105 2214 illud
1139 2160 1555 2226 tabernaculum
1586 2168 1993 2233 transferendus

2112 2152 2324 2247 μέλλων
2352 2152 2709 2247 μεθίστασθαι
2735 2176 2830 2230 ἐπὶ
2855 2176 2955 2248 τὴν
2979 2152 3229 2249 οὐράνιον
3258 2152 3695 2249 κατασκήνωσιν,

412 2252 534 2311 est,
577 2249 738 2318 quasi
777 2251 1102 2325 peregrinus
1143 2260 1199 2308 et
1237 2255 1445 2311 advena
1493 2257 1610 2314 illic
1641 2262 1783 2328 erit,
1816 2271 1993 2336 utpote

2110 2268 2297 2342 ὥσπερ
2342 2287 2427 2333 τις
2472 2269 2620 2335 ξένος
2662 2271 2756 2325 καὶ
2794 2270 3057 2342 πάροικος
3101 2270 3253 2326 ἔσται
3302 2272 3449 2338 ἐκεῖ,
3491 2271 3590 2326 ἆτε
3631 2271 3695 2344 δὴ

412 2335 508 2412 qui
535 2335 757 2393 aliunde
785 2346 841 2392 et
865 2355 932 2394 ex
963 2340 1141 2396 aliena
1167 2345 1393 2415 regione
1420 2347 1612 2407 eodem
1643 2335 1993 2426 transmigra-

2110 2335 2372 2434 ἑτέρωθεν
2400 2361 2739 2433 μετανάστης
2768 2335 3040 2432 γεγονὼς,
3070 2364 3166 2417 καὶ
3191 2360 3251 2431 ἐξ
3279 2335 3473 2436 ἐτέρας
3501 2335 3701 2435 ώρμηυί

410 2426 598 2525 verit;
634 2438 976 2501 quapropter
1022 2431 1232 2489 dictum
1283 2435 1428 2503 fuit,
1477 2438 1609 2509 Quis
1643 2442 1903 2515 habitabit
1948 2447 1993 2502 in

2110 2426 2270 2525 μένος
2327 2426 2542 2525 χώραςέ
2574 2453 2655 2508 διὸ
2681 2426 2929 2509 λέλεκται
2951 2474 2964 2486 ο
3004 2426 3097 2522 Τίς
3127 2426 3481 2524 napum-aet

415 2516 759 2595 tabernaculo
792 2524 918 2578 tuo?
950 2522 1150 2597 Beatus
1202 2534 1385 2584 autem
1432 2532 1527 2601 qui
1560 2534 1616 2590 in
1664 2535 1785 2608 ipso
1818 2548 1993 2597 monte

2110 2516 2451 2617 σκηνώματι
2488 2516 2638 2612 σου;
2670 2548 2958 2620 Μακάριος
3001 2516 3119 2602 δὲό
3144 2516 3377 2619 ἐνἀὐτῷῚ
3401 2516 3697 2619 γενόμενος

413 2612 748 2681 constitutus
795 2630 861 2672 ac
891 2618 1254 2678 conﬁrmatus
1296 2623 1492 2695 fuerit;
1537 2642 1663 2683 cum
1707 2630 1993 2701 doceamur

2110 2638 2183 2709 τῷ
2209 2612 2356 2711 δρεί,
2387 2639 2483 2707 καὶ
2526 2638 2761 2710 ἱδρυθεὶς
2800 2612 2858 2693 ὲν
2889 2639 3058 2711 αὐτῷ,
3092 2638 3188 2693 τοῦ
3215 2612 3377 2709 λόγου
3413 2612 3695 2692 διδάσκον-

410 2703 758 2802 mansionem
788 2707 970 2779 istam,
993 2713 1175 2788 dignis
1207 2716 1525 2795 hominibus
1554 2729 1800 2793 paratam
1820 2764 1836 2788 .
1888 2733 1993 2785 sta-

2110 2746 2194 2794 τος
2228 2731 2542 2802 παράμονον
2568 2731 2787 2785 ἔσεσθαι
2813 2733 2908 2787 καὶ
2939 2731 3350 2799 διαιωνίζουσαν
3381 2736 3494 2797 τοῖς
3516 2730 3697 2798 ἀξίοις

410 2793 577 2857 bilem
609 2807 1042 2881 perpetuamque
1063 2806 1202 2864 fore.

484 2887 653 2961 Vsus.
800 2893 907 2960 Qui
950 2898 1147 2969 incedit
1193 2902 1306 2957 sine
1361 2905 1600 2971 macula,
1654 2917 1707 2962 et
1746 2918 2001 2979 operatur

405 2979 700 3057 iustitiam.
756 2985 878 3042 Non
934 2990 1079 3045 enim
1142 2996 1305 3050 unica
1366 3011 1456 3053 res
1499 3007 1652 3070 gesta
1712 3009 1999 3072 strenuum

409 3074 689 3133 hominem
723 3080 792 3135 ad
854 3082 1247 3154 perfectionem
1305 3087 1490 3159 ducit;
1543 3093 1640 3149 sed
1684 3111 1782 3165 per
1823 3104 1995 3152 totam

2101 2823 2203 2897 τὴν
2226 2824 2394 2896 αὐτὴν
2428 2823 2618 2897 μονήν.

2170 2917 2578 2986 Πορευόμενος
2593 2915 2849 2987 ἄμωμος,
2874 2915 2972 2981 καί
2989 2915 3376 2987 ἐργαζόμενος
3396 2916 3704 2983 δικαιοσύτ

2099 3025 2241 3078 νην.
2275 3008 2350 3063 Οὐ
2383 3009 2493 3081 γὰρ
2519 3009 2620 3080 μία
2644 3009 2843 3081 πρᾶξις
2869 3008 3065 3062 τελειοῖ
3096 3008 3188 3068 τὸν
3223 3008 3528 3075 σπουδαῖον,
3556 3006 3696 3062 ἀλλὰ

2099 3101 2263 3154 παντὶ
2301 3101 2547 3173 προσῆκε
2588 3100 2668 3172 τῷ
2709 3100 2809 3172 βίῳ
2840 3103 2961 3164 ταῖς
2999 3100 3119 3154 κατ’
3156 3100 3356 3173 ἀρετὴν
3388 3100 3695 3171 ἐνεργείαις

408 3168 577 3244 vitam
604 3171 823 3230 virtutis
854 3176 1121 3245 cperibus
1153 3178 1559 3253 insistendum;
1599 3193 1660 3240 ut
1695 3187 1752 3242 in
1784 3189 1887 3263 hac
1911 3190 1993 3245 via

2110 3168 2666 3266 συμπαρατείνεσθαί,
2706 3168 2792 3248 ίνα
2824 3193 3043 3266 ἄμωμοι
3075 3194 3170 3248 καὶ
3195 3168 3526 3265 -άνέγκλητοι
3568 3191 3692 3248 κατ’

409 3262 676 3333 inculpati
712 3281 777 3320 ac
807 3267 1040 3326 crimine
1075 3274 1237 3331 vacui
1273 3288 1621 3333 censeamur.
1651 3277 1719 3333 Et
1756 3280 1873 3337 haec
1908 3283 2001 3351 illa

409 3350 671 3421 salutaris
729 3356 970 3426 cognitio
1040 3357 1243 3431 fuerit,
1298 3376 1465 3432 quam
1527 3363 1644 3436 ipse
1701 3364 1859 3422 all‘ert
1914 3369 2001 3429 his

408 3443 593 3515 verbis
622 3462 635 3498 :
669 3443 783 3523 ligo
816 3463 936 3502 sum
967 3451 1052 3504 via
1081 3451 1147 3504 ³¹.
1175 3450 1402 3522 Oportet
1436 3455 1583 3511 enim
1614 3465 1737 3528 post
1762 3460 2000 3532 primum

409 3535 617 3592 editum
664 3555 805 3612 opus
844 3541 1083 3611 bonum,
1139 3548 1480 3625 singulorum
1542 3551 1998 3624 subscquentium

412 3637 732 3700 gestorum,
789 3642 851 3689 ut
908 3637 1119 3693 scilicet
1154 3626 1281 3695 cum
1325 3642 1543 3712 justitia
1613 3645 1996 3718 admittantur,

407 3734 598 3776 curam
636 3730 690 3779 et
729 3725 1153 3784 sollicitudinem
1182 3746 1393 3803 gerere.
1712 3727 1717 3732 ’

479 3811 647 3881 Vsus.
692 3816 746 3871 5.
794 3818 900 3886 Qui
946 3820 1180 3892 loquitur
1212 3808 1500 3881 ueritatem
1554 3828 1609 3883 in
1667 3830 1830 3886 corde
1875 3849 1994 3900 suo,

405 3904 497 3974 qui
536 3923 641 3982 non
684 3909 788 3984 egit
831 3910 1015 3965 dolum
1067 3914 1121 3967 in
1160 3915 1341 3992 lingua
1382 3934 1504 3977 sua.
1553 3918 1672 3975 Non
1706 3932 1792 3991 est
1831 3924 1998 3994 igitur

405 3997 553 4066 quod
586 4000 711 4070 quis
745 4018 812 4057 ex
856 4005 1199 4072 rudioribus,
1235 4009 1322 4079 his
1360 4010 1549 4082 probis
1592 4014 1756 4073 editis
1787 4015 1998 4089 facino-

403 4089 583 4151 ribus.
613 4106 735 4155 sese
760 4092 978 4164 eﬂ‘erat;
1011 4113 1081 4153 ne
1111 4113 1211 4154 ceu
1237 4100 1523 4179 naufragio
1548 4102 1695 4162 facto
1726 4107 1995 4168 bonorum

399 4179 673 4255 jacturam
710 4185 897 4244 faciat.

477 4272 645 4341 Vsus.
676 4278 730 4338 4.
795 4280 881 4335 Ad
937 4283 1163 4338 nihilum
1208 4285 1465 4353 deductus
1505 4301 1584 4345 est
1630 4292 1687 4346 in
1716 4304 1992 4363 conspectu

401 4365 518 4430 eius
563 4369 851 4443 malignus,
900 4373 1139 4430 timentes
1176 4387 1353 4432 autem
1377 4379 1662 4437 Dominum
1701 4384 1989 4456 gloriﬁcat.

2107 3286 2276 3358 αὐτὴν
2306 3286 2596 3358 γενώμεθα
2621 3285 2719 3358 τὴν
2745 3286 2882 3340 ὁδόν.
2914 3286 3015 3358 Είη
3050 3286 3095 3339 δ’
3116 3285 3183 3340 ἂν
3208 3287 3346 3357 αὕτη
3369 3288 3402 3358 ἡ
3424 3289 3691 3359 σωτήριος

2103 3378 2325 3449 γνῶσις,
2352 3380 2417 3449 ἢν
2441 3378 2599 3456 αὐτὸς
2623 3378 2894 3450 παριστὰς
2915 3377 3119 3448 ἔλεγεν·
3157 3377 3297 3448 Ἐγώ
3326 3380 3440 3447 ειμι
3462 3379 3500 3446 ἠ
3524 3377 3686 3444 ὁδός.

2103 3470 2196 3529 Δεῖ
2242 3469 2354 3541 γὰρ
2396 3468 2534 3540 πρὸς
2567 3469 2645 3541 τῷ
2679 3468 2880 3545 πρώτῳ
2919 3469 3323 3541 κατορθώματι,
3363 3471 3457 3524 καὶ
3491 3469 3593 3540 τῆς
3620 3469 3690 3523 δι’

2103 3561 2281 3632 ἔργων
2337 3563 2433 3616 καὶ
2486 3561 2737 3639 πράξεων
2789 3563 2898 3616 τῶν
2952 3565 3011 3618 ὲν
3057 3563 3367 3635 δικαιοσύνῃ
3431 3564 3687 3636 πρόνοιαν

2103 3654 2390 3713 ποιεῖσθαι.

2171 3835 2388 3909 Δειλῶν
2411 3837 2702 3905 ἀλήθειαν
2732 3837 2803 3892 ἐν
2829 3837 3041 3907 καρδίᾳ
3074 3838 3279 3907 αὐτοῦ·
3321 3838 3389 3904 ὃς
3419 3840 3530 3891 οὐκ
3556 3835 3689 3891 ἕδος

2098 3931 2302 3982 λωσεν
2329 3927 2399 3982 ἐν
2426 3928 2680 4001 γλώσσῃ
2718 3927 2926 3982 αὐτοῦ.
2971 3929 3044 3981 Οὐ
3079 3928 3159 3981 δεῖ
3185 3928 3366 3983 τοίνυν
3421 3928 3688 3982 κατεπαίν·

2102 4019 2293 4094 ρεσθαί
2313 4038 2433 4075 τινα
2460 4019 2570 4075 τῶν
2601 4018 2967 4093 ἀτελεστέρων
2996 4020 3133 4093 μετὰ
3160 4020 3220 4074 τὺ
3247 4019 3591 4092 κατορθῶσαι
3617 4018 3685 4074 τά

2098 4111 2385 4182 εἰρημένα⁸
2418 4111 2506 4164 ῐνα
2543 4111 2638 4183 μὴ,
2671 4104 2781 4166 οἷόν
2814 4129 2867 4165 τι
2906 4112 3166 4182 ναυάγιον
3206 4110 3412 4178 παθὼν,
3443 4112 3685 4186 ἀπολέσῃ

2096 4203 2166 4258 τὰ
2194 4204 2388 4259 ἑαυτοῦ
2419 4205 2580 4259 καλά.

2181 4297 2601 4363 Ἐξουὸένωται
2643 4296 2901 4352 ἐνώπιον
2944 4298 3131 4354 αὐτοῦ
3177 4299 3681 4369 πονηρευόμενος,

2094 4389 2238 4456 τοὺς
2279 4389 2349 4443 δὲ
2405 4389 2816 4460 φοϐουμένους
2866 4390 2974 4444 τὸν
3018 4391 3239 4460 Κύριον
3299 4390 3548 4457 δοξάζει.
3630 4394 3683 4446 Ὁ

403 4457 509 4525 Qui
545 4462 700 4529 jurat
741 4467 984 4539 proximo
1024 4484 1142 4534 suo,
1187 4478 1238 4524 et
1276 4488 1382 4525 non
1423 4473 1636 4544 decipit.
1673 4475 1775 4531 llic
1800 4493 1901 4547 pro
1934 4495 1993 4535 re

2110 4483 2337 4554 ὀμνύων
2385 4457 2467 4550 τῷ
2532 4457 2801 4552 πνίησίον
2864 4485 3050 4540 αὐτοῦ
3104 4457 3207 4539 καὶ
3259 4486 3371 4539 οὐκ
3434 4484 3682 4542 ἀθετῶν.

398 4566 509 4606 una
568 4562 782 4611 tantum
833 4570 1204 4631 congruenter
1260 4564 1439 4640 jurari
1495 4582 1661 4638 posse
1716 4570 1985 4642 decernit,

2110 4548 2379 4630 Ἐνταῦθα
2418 4548 2511 4630 ἐπὶ
2569 4548 2653 4630 ὲνῖ
2699 4577 2981 4649 πράγματί
3032 4593 3195 4646 φησιν
3255 4576 3491 4646 εὐλόγως
3550 4577 3683 4630 ποτὲ

398 4643 528 4701 dum
561 4646 607 4701 is
636 4649 728 4718 qui
754 4649 909 4717 jurat
932 4652 1325 4722 jusjurandum
1363 4674 1433 4713 ne
1456 4660 1642 4716 violet.
1679 4660 1865 4733 Ecqua
1896 4664 1988 4719 illa

396 4751 487 4793 res
521 4748 638 4808 est,
682 4742 788 4811 nisi
830 4746 1071 4805 amicitia
1110 4757 1164 4803 et
1211 4753 1562 4809 necessitudo
1608 4770 1733 4810 cum
1779 4734 1990 4828 aliquo,

396 4844 556 4898 pacto
586 4834 810 4900 findere,
842 4837 1072 4912 juncta?
1110 4842 1206 4898 Est
1236 4853 1418 4900 autem
1447 4847 1821 4917 juramentum
1858 4852 1991 4923 talis,

395 4921 500 5013 viri
533 4926 874 5000 inculpatum
916 4939 972 4992 et
1017 4934 1324 5004 innoxium,
1357 4954 1470 5013 quo
1502 4941 1754 4998 ﬁrmatur
1806 4944 1979 5000 illud:

394 5011 485 5068 Ita
514 5018 611 5081 ita,
642 5028 717 5084 et,
748 5021 873 5078 Non
904 5043 1008 5081 non
1031 5027 1096 5083 ³Ξ.

466 5104 634 5175 Vsus.
663 5111 715 5167 5.
763 5114 869 5181 Qui
896 5123 1172 5186 pecuniam
1216 5140 1371 5177 suam
1411 5141 1517 5193 non
1565 5124 1711 5180 dedit
1753 5125 1822 5179 ad
1854 5145 1984 5182 usu-

393 5212 533 5263 ram,
559 5209 609 5253 et
639 5219 859 5261 munera
882 5226 1038 5278 super
1078 5214 1375 5287 innocentes
1460 5233 1564 5289 non
1595 5219 1814 5287 accepit.
1841 5220 1983 5287 Quia

393 5290 671 5350 interdum
704 5302 973 5375 contingit
1014 5323 1138 5363 cum
1168 5309 1265 5380 qui
1313 5311 1427 5381 jam
1480 5323 1781 5367 memorata
1828 5322 1981 5384 gesta

390 5394 687 5445 exsecutus
718 5398 838 5458 est,
881 5396 1027 5453 circa
1057 5416 1347 5457 munerum
1370 5404 1736 5473 captatiouem
1765 5415 1819 5460 et
1847 5423 1982 5462 usu-

390 5490 509 5531 ram
547 5479 860 5542 claudicare
895 5503 959 5545 ac
988 5494 1313 5564 aegritudine
1344 5494 1632 5564 laborare;
1682 5496 1810 5552 huic
1841 5514 1982 5569 quo-

387 5584 497 5642 que
556 5577 748 5633 morbo
802 5583 1104 5640 remedium
1157 5589 1419 5659 applicat.
1474 5589 1611 5645 Nam
1674 5590 1770 5663 qui
1823 5591 1978 5661 regni

2095 4669 2204 4723 δεῖν
2256 4669 2505 4741 ὀμνύναι,
2556 4669 2650 4722 καὶ
2700 4669 2970 4740 ὀμνύοντα
3023 4669 3097 4742 μὴ
3150 4669 3506 4741 παραϐαίνειν
3555 4670 3682 4733 τοὺς

2094 4764 2309 4836 ὅρκους.
2354 4763 2476 4816 Ἐπὶ
2506 4762 2642 4834 ποίῳ
2668 4762 2724 4816 δὲ
2755 4762 2949 4835 τούτῳ,
2975 4762 3008 4835 ἢ
3041 4761 3133 4816 ἐπὶ
3164 4760 3243 4833 τῷ
3268 4762 3513 4833 ἑταιρίαν
3545 4779 3681 4834 γνη-

2096 4858 2217 4913 σίαν
2246 4857 2341 4911 καὶ
2374 4857 2556 4927 φιλίαν
2592 4856 2944 4921 σπένδεσθαι;
2986 4856 3143 4909 Ἔστι
3184 4855 3242 4909 δὲ
3272 4855 3434 4927 ὅρκος
3456 4855 3551 4908 τοῦ
3580 4872 3679 4928 τη-

2092 4947 2338 5002 λικούτου
2370 4947 2560 5020 ἀνδρὸς
2596 4948 3017 5019 ἁκατάγνωστος
3038 4948 3217 5017 λόγος,
3249 4947 3336 5017 ἐφ’
3361 4939 3406 5016 ᾧ
3433 4944 3681 5018 βεϐαιοῦ-
3738 4975 3742 4978 ‹

2090 5058 2181 5097 ται
2221 5042 2302 5105 τὸ,
2336 5040 2450 5095 Ναὶ
2481 5039 2601 5104 ναι,
2627 5042 2723 5094 καὶ
2749 5039 2831 5105 τὸ,
2856 5038 2940 5092 Oi)
2969 5040 3061 5094 οὔ.

2167 5133 2238 5189 Τὸ
2272 5135 2557 5205 ἀργύριον
2596 5133 2785 5188 αὐτοῦ
2816 5135 2929 5187 οὐκ
2972 5132 3195 5187 ἔδωκεν
3229 5132 3327 5186 ἐπὶ
3366 5134 3542 5199 τόκῳ,
3578 5131 3681 5186 και

2090 5228 2250 5298 δῶρα
2290 5228 2384 5282 ἐπ’
2427 5228 2641 5294 ἀθώοις
2673 5228 2784 5281 οὐκ
2833 5224 3068 5285 ἐλαϐεν.
3120 5225 3337 5296 Ἐπειδὴ
3389 5223 3675 5295 συμϐαίνει

2090 5319 2221 5375 ποτὲ
2268 5320 2407 5389 μετὰ
2452 5321 2629 5374 πάντα
2670 5317 2739 5373 τὰ
2784 5318 3242 5391 κατηριθμημένα
3274 5314 3672 5386 κατορθώματα

2090 5410 2314 5478 σχάζειν
2342 5411 2465 5465 τινὰ
2493 5411 2588 5465 καὶ
2620 5413 2794 5463 νοσεῖν
2828 5413 2956 5483 περὶ
2986 5408 3313 5482 δωροδοκίας
3340 5407 3435 5461 καὶ¹
3456 5406 3670 5473 τόκους,

2088 5502 2183 5557 καὶ
2212 5501 2418 5574 ταύτην
2454 5500 2893 5574 προσθεραπεύει
2945 5501 3045 5573 τὴν
3084 5500 3255 5554 νόσον.
3317 5498 3375 5552 '0
3419 5498 3531 5569 γὰρ
3568 5496 3673 5566 τῆς

2088 5593 2364 5663 βατιλείας
2396 5594 2506 5649 τῶν
2544 5592 2790 5666 οὐρανῶν
2829 5593 3035 5656 ἕνεκεν,
3077 5591 3170 5646 καὶ
3206 5590 3375 5662 αὐτῆς
3401 5590 3502 5661 τῆς
3534 5587 3671 5661 πρὸς

389 5666 655 5725 caelorum
701 5687 888 5743 causa,
932 5684 987 5733 et
1024 5693 1092 5735 ex
1138 5681 1258 5753 ipsa
1298 5698 1429 5754 erga
1466 5684 1777 5756 proximum
1813 5701 1973 5740 suum

2110 5683 2174 5737 ξὺν
2210 5683 2440 5755 πλησίον
2469 5684 2691 5755 ἀγάπης
2729 5685 2821 5738 καὶ
2850 5682 3258 5755 φιλανθρωπίας
3299 5681 3457 5736 τοῦτο
3493 5678 3667 5750 πρά-τη

460 5848 504 5879 ³³
544 5846 707 5917 Hebr.
742 5868 861 5929 xu,
893 5854 983 5909 22.
1064 5858 1106 5889 ³ο
1148 5856 1404 5930 "clunis,
1446 5861 1532 5917 ll.
1612 5864 1652 5896 "
1695 5861 1852 5921 Joan.
1890 5880 1981 5919 xxv

2181 5863 2224 5897 ³³
2265 5861 2385 5919 Jac.
2425 5881 2486 5931 v,
2528 5865 2612 5920 12.
