3940 6292
296 369 386 427 155
1442 370 1871 427 COMMENTAR

1983 364 2049 427 {IV
2091 371 2429 429 PSALMOS.

3452 376 3558 432 154

294 506 418 553 των,
449 488 650 543 δίδωσι
687 490 811 561 μὲν,
842 491 953 544 ἀλλ’
982 489 1081 542 οὐκ
1114 489 1207 543 ἐπὶ
1242 487 1319 558 τῷ
1345 489 1441 559 τὴν
1475 488 1704 559 ἀμοιϐὴν
1740 492 1872 562 παρέ

1990 490 2227 545 amicitia
2277 497 2331 544 et
2384 486 2784 551 benevolentia,
2842 486 2922 541 sic
2973 487 3143 557 probe
3192 504 3251 544 se
3302 488 3451 560 agit,
3507 492 3556 548 is

300 578 609 649 ἀνθρώπων
652 582 842 633 λαϐεῖν
859 598 870 611 ·
915 579 1091 650 ἑαυτῷ
1118 580 1175 634 δὲ
1199 581 1589 650 ταμιευόμενος
1617 580 1803 651 ὥσπερ
1828 583 1885 633 ὲν

298 671 585 743 θησαυρῷ,
620 675 719 726 καὶ
749 673 895 743 αὐτῷ
926 672 1202 741 φυλάττων
1236 675 1313 735 εὶς
1341 672 1437 741 τὴν
1478 672 1772 742 μέλλουσαν
1809 672 1886 742 τῷ

299 766 424 837 Θεῷ
452 768 837 820 ἀνταπόδοσιν·
872 765 979 819 Καὶ
1016 764 1173 833 δῶρα
1202 764 1290 816 ἐπ’
1324 764 1532 829 ἀθώοις
1555 767 1663 817 οὐκ
1687 766 1881 818 ἔλαϐε.

300 861 484 930 Τιμὴν
511 860 612 930 μὲν
637 862 745 930 γὰρ
769 859 906 928 τάχα
933 862 1184 929 προσοῖτο
1216 856 1599 929 [προσοίσοιτο]
1626 857 1723 927 τὴν
1754 858 1883 910 ἄλυ-

304 970 406 1005 ⁴ιτον
437 954 533 1005 καὶ
560 952 774 1020 ἀϐλαϐῆ
804 954 912 1013 τοῖς
943 950 1195 1020 τιμῶσιν’
1234 951 1595 1019 ὑποκειμένης
1622 950 1676 1001 δὲ
1709 950 1885 1013 αἰτίας

299 1044 387 1112 ἐφ’
420 1044 621 1115 ἑτέρου
657 1042 847 1114 βλάϐῃ,
882 1042 935 1094 εἴ
958 1060 1087 1094 ποτε
1107 1040 1313 1106 δέξαιτο
1344 1043 1511 1113 δῶρα,
1544 1042 1882 1096 παντάπασιν

292 1136 573 1207 ἀνέτρεψε
594 1134 664 1188 τά
694 1134 1075 1205 προλεχοέντα.

602 1393 1080 1449 ΣΤΗΛΟΓΡΑΦΙΑ
1118 1394 1204 1449 ΤΩ
1241 1399 1441 1453 ΔΑΥΙΔ
1477 1399 1578 1455 IE'.

352 1532 461 1601 Τῷ
500 1531 605 1602 μὲν
651 1534 829 1586 Δαυῒδ
875 1535 1273 1607 ἐπιγέγραπται
1318 1539 1346 1590 ὁ
1389 1537 1620 1607 ψαλμός⁸
1665 1539 1721 1608 ἢ,
1774 1539 1879 1591 τοῦ

282 1623 500 1689 Δαυῐδ,
562 1625 703 1678 κατά
746 1628 870 1689 τοὺς
915 1626 1134 1691 λοιποὺς
1174 1631 1531 1699 ἑρμηνευτάς.
1566 1632 1793 1701 Ψαλμὺν
1824 1632 1879 1685 δὲ

282 1711 447 1768 εἷπον
496 1718 991 1788 καταχρησάμενος
1038 1722 1102 1790 τῇ
1154 1722 1428 1793 συνηθείῳ
1482 1722 1621 1776 κατά
1666 1725 1773 1794 γὰρ
1818 1724 1877 1777 τὸ

1985 582 2246 650 elargitur
2272 579 2527 649 quidem,
2561 577 2653 633 sed
2695 592 2802 631 non
2833 592 2896 631 ea
2926 586 3102 632 mente
3155 587 3212 633 ut
3252 581 3556 636 mercedem

1985 672 2054 727 ab
2090 672 2402 725 hominibus
2453 670 2718 740 accipiat;
2766 671 2812 724 is
2850 669 2994 722 enim
3039 670 3141 724 sibi
3193 686 3288 726 ceu
3337 674 3391 727 in
3442 674 3555 729 the-

1986 779 2151 818 sauro
2201 763 2469 824 recondit,
2525 764 2738 832 sibique
2797 769 3038 816 reservat
3083 778 3182 831 pro
3231 764 3411 818 futura
3459 764 3555 821 Dei

1984 860 2440 910 remuneratione.
2505 853 2571 907 Et
2628 870 2843 907 munera
2895 869 3047 920 super
3104 854 3396 910 innocentes
3451 874 3554 911 non

1984 948 2200 1015 accepit.
2246 946 2309 1007 ,ls
2366 946 2599 1001 fortasse
2654 960 2855 999 munus
2913 944 3185 1004 admittat,
3235 946 3266 998 d
3313 963 3362 999 m
3418 949 3553 1003 mlril

1983 1038 2265 1099 molestiae,
2319 1036 2630 1090 detrimenti
2684 1035 2840 1097 nihil,
2877 1032 3233 1089 oiferentibus
3267 1036 3553 1105 importet;

1982 1131 2066 1184 sin
2099 1145 2229 1183 casu
2257 1130 2472 1183 eveniat
2508 1139 2563 1181 ut
2598 1129 2649 1181 in
2679 1128 2904 1181 alterius
2934 1128 3314 1181 detrimentum
3349 1137 3552 1198 vergat;

1982 1232 2110 1277 tunc
2128 1226 2170 1279 si
2193 1240 2414 1278 munera
2440 1225 2689 1293 accipiat,
2713 1226 2897 1277 omnia
2921 1240 3040 1293 quae
3064 1239 3230 1294 supra
3250 1224 3395 1280 dicta
3424 1235 3555 1280 sunt

1981 1332 2213 1386 prorsus
2246 1317 2461 1370 evertit.

2107 1431 2157 1485 1.
2200 1429 2428 1485 Tl'iULl
2469 1427 2857 1483 INSCRIPTIO
2898 1428 3025 1484 lPSl
3066 1429 3275 1483 DAVID
3314 1429 3429 1484 XV.

2048 1543 2259 1608 Davidi,
2292 1544 2529 1614 psalmus
2572 1544 2889 1612 inscriptus.
2936 1552 3028 1595 aut
3060 1542 3362 1597 secundum
3412 1542 3550 1599 alios

1980 1637 2322 1708 interpretes,
2351 1635 2586 1690 Davidis.
2614 1634 2891 1690 Psalmum
2921 1635 3222 1704 improprio
3251 1643 3547 1689 consuetu-

1978 1730 2122 1784 dinis
2158 1746 2259 1784 usu
2290 1728 2515 1792 vocavi;
2552 1742 2676 1780 nam
2720 1743 2783 1779 ex
2835 1735 3089 1780 accurata
3136 1729 3350 1781 ratione
3388 1740 3549 1780 neruo

281 1806 525 1877 ἀκριϐὲς
550 1809 653 1860 οὐκ
676 1808 739 1861 ἂν
764 1827 845 1873 τις
877 1811 1037 1885 αὑτὸν
1076 1814 1216 1865 εἴποι
1248 1813 1481 1883 ψαλμὸν,
1510 1817 1590 1867 ὅτι
1623 1817 1695 1888 μὴ
1726 1817 1872 1870 τοῦτο

1981 1822 2247 1891 psalmum
2281 1820 2475 1874 dixerit
2507 1836 2519 1870 :
2554 1834 2731 1887 reque
2767 1818 2910 1872 enim
2945 1834 3005 1870 ea
3039 1826 3122 1872 est
3168 1818 3544 1887 inscriptionis

280 1896 482 1966 δηλοῦν
510 1898 763 1968 βούλεται
794 1902 826 1969 ὴ
858 1904 1182 1972 προγραφήο
1214 1904 1327 1955 ἀλλ’
1358 1904 1469 1959 ἔστι
1509 1907 1876 1977 στηλογραφία

279 1989 635 2058 προφητείαν
667 1992 995 2060 περιέχουσα
1018 1991 1353 2066 θαυμαστὴν,
1381 1997 1474 2048 καὶ
1496 1998 1713 2067 γραφῆς
1746 2000 1874 2051 αἰω-

277 2079 412 2142 νίου,
440 2079 647 2150 ὥσπερ
677 2082 733 2132 ὲν
762 2082 928 2155 στήλῃ
961 2085 1370 2155 τετυπωμένης,
1403 2088 1579 2153 ἀξίαν.

334 2170 651 2233 Μλαξόν
683 2188 779 2239 με,
818 2174 1015 2239 Κύριε,
1055 2174 1143 2227 ὅτι
1182 2175 1279 2228 ἐπὶ
1306 2176 1403 2231 σοὶ
1435 2172 1684 2239 ἤλπισα.
1721 2182 1877 2235 Elaea

278 2261 346 2327 τῷ
391 2263 633 2330 Κυρίῳ·
668 2264 812 2329 Θεός
838 2283 956 2333 μου
983 2262 1042 2319 εἴ
1072 2268 1172 2320 σύ’
1222 2267 1455 2325 ὅτιτῶν
1487 2269 1724 2338 ἀγαθῶν
1755 2289 1875 2344 μου

273 2358 334 2409 οὐ
367 2358 607 2425 χρείαν
635 2356 813 2423 ἔχεις.
854 2359 973 2411 "Ott
1021 2359 1119 2428 μὲν
1160 2356 1251 2412 οῦν
1288 2360 1376 2413 διὰ
1414 2361 1507 2414 τοῦ
1553 2362 1716 2415 Δανῖδ
1748 2366 1877 2417 ἀνα-

271 2447 615 2517 πεφώνηται
651 2449 719 2501 τά
754 2451 811 2500 ὲν
843 2452 908 2519 τῇ
946 2452 1249 2522 προφητείᾳ
1284 2436 1677 2523 περιεχόμενα,
1714 2457 1874 2508 παντὶ

262 2534 327 2594 ἂν
373 2541 474 2609 εἴη
520 2541 713 2609 σαφές.
761 2542 1097 2613 Ζητουμένου
1128 2543 1183 2595 δὲ
1215 2546 1292 2606 είς
1319 2543 1441 2597 τίνα
1473 2544 1579 2615 ἄρα
1608 2546 1710 2617 χρὴ
1746 2547 1875 2599 ἀνα-

250 2630 477 2701 φέρειν
518 2631 590 2683 τὰ
634 2632 922 2709 λεγόμενα,
952 2634 1246 2704 ἀξιόχρεως
1278 2637 1406 2705 ἡμῖν
1446 2636 1760 2701 διδάσκαλος
1784 2639 1875 2705 γέτ

248 2725 406 2777 var."
435 2723 511 2776 ἂν
545 2724 758 2795 Πέτρος
800 2728 828 2778 ὁ
862 2725 1173 2790 ἀπόστολος,
1206 2729 1263 2780 ἐν
1312 2732 1430 2792 ταῖς
1478 2730 1717 2801 Πράξεσι
1766 2731 1873 2785 τῶν

251 2814 610 2868 ὲιτοστόλων
661 2816 1038 2885 μνημονεύσας
1082 2818 1191 2870 τῶν
1244 2820 1301 2870 ὲν
1348 2820 1483 2891 αὐτῇ
1536 2821 1869 2891 φερομένων.

249 2906 520 2961 Διελθὼν
559 2906 673 2978 γὰρ
700 2907 835 2978 προς
862 2908 953 2961 τὸν
976 2908 1105 2961 λαὸν
1133 2911 1201 2962 τὰ
1224 2910 1321 2963 τοῦ
1349 2911 1585 2982 ψαλμοῦ,
1621 2913 1793 2967 ταῦτά
1813 2930 1873 2967 τε

254 3000 356 3051 ἐπὶ
393 2998 502 3050 τὸν
550 2998 781 3072 Σωτῆρα
811 2998 880 3051 τά
912 3001 1176 3070 εἰρημένα
1204 3001 1544 3069 ἀναδιδάξας,
1584 3002 1712 3072 ἑξῆς
1749 3004 1867 3055 ἐττει-⁴

255 3090 431 3160 φέρει
469 3087 569 3141 καί
598 3106 782 3159 φησιν·
812 3089 1047 3157 Ἄνδρες
1064 3089 1332 3158 ἀδελφοὶ,
1357 3088 1500 3153 ἐξὸν
1517 3090 1706 3143 εἰπεῖν
1723 3090 1874 3160 μετὰ

1978 1910 2335 1980 signiﬁcatio;
2379 1910 2470 1965 sed
2500 1916 2583 1963 est
2615 1908 2781 1963 veluti
2819 1908 3013 1963 titulus
3052 1908 3375 1977 inscriptus,
3414 1922 3540 1977 pro-

1977 2003 2213 2073 phetiam
2258 2002 2568 2071 exprimens
2612 1999 3011 2063 admirandam,
3047 2009 3360 2071 aeternaque
3402 2002 3545 2056 scri-

1976 2102 2159 2166 ptura,
2189 2108 2288 2146 ceu
2326 2093 2379 2146 in
2409 2094 2569 2161 cippo
2602 2092 2893 2160 insculpta,
2928 2092 3166 2161 dignam.
3480 2080 3483 2085 ’

2046 2181 2213 2237 Vens.
2243 2182 2299 2235 2.
2331 2181 2594 2236 Conserva
2626 2198 2726 2245 me,
2764 2182 3003 2243 Domine,
3047 2182 3296 2251 quoniam
3340 2181 3548 2247 speravi

1974 2277 2029 2329 in
2068 2286 2149 2339 te;
2194 2275 2307 2328 dixi
2359 2274 2786 2328 Domino:Deus
2844 2290 2988 2326 meus
3039 2290 3091 2326 es
3152 2282 3242 2336 tu,
3300 2273 3549 2342 quoniam

1976 2364 2227 2418 bonorum
2258 2381 2493 2417 meorum
2536 2382 2636 2417 non
2682 2380 2815 2433 eges.
2850 2362 3005 2428 Quod
3044 2379 3138 2432 per
3168 2361 3422 2415 Davidem
3460 2377 3545 2424 ea,

1974 2471 2095 2526 qua:
2148 2455 2201 2509 in
2256 2456 2541 2525 prophetia
2594 2456 2978 2521 continentur,
3031 2454 3259 2507 recitata
3311 2453 3545 2515 fuerint,

1974 2548 2111 2601 nulli
2148 2563 2256 2601 non
2298 2546 2647 2602 manifestum
2692 2554 2794 2602 est.
2845 2545 2902 2600 Si
2955 2554 3230 2616 quaeratur
3276 2560 3439 2615 porro
3481 2544 3548 2599 ad

1978 2656 2140 2711 quem
2195 2640 2485 2695 referenda
2537 2642 2684 2706 sint,
2732 2640 2931 2709 dignus
2984 2654 3047 2692 ac
3107 2639 3337 2692 idoneus
3389 2638 3548 2692 nobis

1975 2736 2171 2790 doctor.
2224 2733 2391 2789 fuerit
2435 2732 2630 2789 Petrus
2691 2734 3004 2803 apostolus,
3060 2732 3153 2801 qui
3211 2731 3265 2784 in
3315 2730 3546 2784 Actibus

1974 2826 2349 2896 apostolorum
2395 2825 2583 2880 eadem
2630 2824 2748 2894 ipsa
2796 2825 2849 2878 in
2894 2823 3178 2893 prophetia
3230 2822 3392 2874 allata
3432 2836 3546 2875 me-

1974 2920 2173 2970 morat.
2227 2912 2361 2967 Nam
2396 2929 2519 2968 cum
2552 2915 2751 2982 populo
2778 2914 2967 2983 psalmi
3004 2910 3325 2966 sententiam
3369 2910 3545 2978 expli-

1974 3013 2157 3070 caret,
2200 3013 2254 3060 et
2293 3005 2359 3059 de
2390 3004 2671 3069 Salvatore
2728 3004 3078 3075 intelligenda
3131 3003 3384 3067 doceret,
3429 3002 3544 3055 hmc

1974 3099 2172 3153 deinde
2220 3097 2502 3167 subjungit
2564 3115 2577 3151 :
2651 3096 2760 3150 Viri
2807 3096 3022 3165 fratres,
3080 3096 3231 3148 liceat
3292 3094 3545 3146 audenter

262 3181 638 3250 παρρησίας
659 3181 809 3248 πρὸς
827 3179 984 3249 ὑμᾶς
1004 3183 1135 3252 περὶ
1156 3181 1263 3235 τοῦ
1283 3182 1648 3251 πατριάρχου
1669 3184 1870 3239 Δαυῒδ.

1978 3189 2145 3247 dicere
2172 3187 2246 3241 ad
2269 3205 2354 3241 vos
2381 3186 2444 3241 de
2464 3188 2768 3256 patriarcha
2784 3186 2973 3250 David,
2995 3186 3239 3255 quoniam
3265 3184 3543 3252 defunctus

267 3274 360 3326 ὅτι
400 3275 509 3325 καὶ
544 3272 906 3340 ἐτελεύτησε
938 3275 1033 3328 καὶ
1066 3273 1275 3343 ἐτάφη·
1308 3275 1403 3328 καὶ
1434 3276 1498 3327 τὸ
1524 3274 1733 3344 μνῆμα
1770 3278 1873 3330 αὐ-

275 3362 383 3416 τοῦ
412 3363 600 3417 ἐστιν
622 3364 692 3418 ἐν
713 3364 858 3433 ἡμῖν
890 3364 1027 3433 ἄχρι
1055 3364 1167 3433 τῆς
1198 3364 1424 3435 ἡμέρας
1452 3367 1693 3434 ταύτης.
1729 3369 1874 3434 Προ-

286 3454 485 3524 φήτης
516 3453 636 3510 οὖν
662 3456 961 3530 ὑπάρχων,
992 3459 1090 3511 καὶ
1117 3457 1307 3525 εἰδὼς,
1339 3459 1427 3513 ὅτι
1460 3460 1612 3528 ὅρκῳ
1638 3460 1874 3530 ὤμοσεν

295 3544 449 3610 αὺτῷ
480 3549 515 3599 ὁ
558 3545 705 3612 Θεὸς
748 3547 817 3600 ἐκ
865 3547 1095 3615 καρποῦ
1140 3547 1251 3617 τῆς
1298 3550 1530 3619 ὀσφύος
1575 3551 1760 3606 αὑτοῦ
1805 3551 1873 3605 τὸ

303 3637 439 3691 κατὰ
480 3637 683 3706 σάρκα
728 3639 1100 3706 ἀναστήσειν
1151 3642 1257 3694 τὸν
1300 3644 1575 3711 Χριστὸν,
1630 3646 1873 3699 καθίσαι

304 3731 388 3782 ἐπὶ
414 3731 520 3785 τὸν
550 3732 773 3797 θρόνον
800 3730 1009 3792 αὑτοῦ,
1040 3731 1303 3800 προιδὼν
1318 3733 1588 3801 ἐλάλησε
1605 3734 1738 3801 περὶ
1760 3733 1871 3801 τῆς

310 3824 686 3890 ἀναστάσεως
706 3824 812 3878 τοῦ
839 3826 1116 3893 Χριστοῦ,
1145 3825 1233 3879 ὅτι
1270 3826 1409 3879 οὔτε
1444 3827 1869 3896 ἐγκατελείφθη

306 3919 381 3981 εὶς
400 3917 567 3985 ᾅδην,
587 3919 727 3971 οὔτε
745 3919 779 3985 ἠ
796 3918 951 3987 σὰρξ
962 3919 1147 3973 αὐτοῦ
1158 3918 1277 3972 εἷΰε
1288 3918 1633 3988 διαφθοράν.
1654 3920 1872 3973 Τοῦτον

307 4010 401 4063 τὸν
444 4008 689 4078 Ἰησοῦν
727 4010 1069 4078 ἀνέστησεν
1098 4014 1131 4065 ὁ
1157 4012 1322 4077 Θεὸς,
1354 4006 1427 4066 οὗ
1455 4011 1677 4077 πάντες
1700 4011 1871 4079 ἡμεῖς

307 4102 476 4170 ἐσμεν
503 4103 824 4173 μάρτυρες.
878 4097 978 4155 Ὧν
1015 4102 1189 4166 οὕτως
1239 4103 1565 4175 εἰρημένων,
1616 4102 1869 4172 περιττὸν

310 4193 368 4244 ἂν
400 4195 479 4265 εἴη
520 4194 618 4248 τοῦ
666 4193 853 4248 λοιποῦ
896 4194 1097 4265 ζητεῖν,
1136 4196 1228 4248 ἐπὶ
1262 4196 1383 4247 τίνα
1420 4194 1523 4265 χρὴ
1561 4194 1745 4265 φέρειν
1772 4193 1869 4263 τὴν

309 4289 653 4359 προφητείαν,
700 4287 846 4352 ἅπαξ
893 4289 997 4341 ὑπὸ
1048 4288 1364 4358 τηλικούτου
1416 4288 1685 4358 μάρτυρος
1732 4286 1868 4339 δεδι-

306 4378 567 4451 δαγμένοι.
607 4381 766 4434 Κατά
800 4383 895 4452 μὲν
927 4378 1019 4435 οὖν
1054 4382 1178 4445 τοὺς
1218 4381 1616 4451 Ἑϐδομήκοντα
1647 4384 1868 4447 στηλο-

1974 3290 2085 3345 est,
2125 3289 2174 3335 et
2214 3279 2448 3348 sepultus
2473 3296 2491 3333 :
2515 3286 2563 3333 et
2602 3278 2898 3347 sepulcrum
2973 3277 3085 3346 ejus
3140 3284 3218 3330 est
3266 3276 3407 3345 apud
3450 3292 3544 3329 nos

1973 3388 2136 3443 usque
2189 3372 2245 3426 in
2294 3371 2603 3426 hodiernum
2658 3372 2817 3426 diem;
2894 3370 3165 3440 Propheta
3210 3370 3371 3440 igitur
3423 3384 3543 3421 cum

1974 3474 2128 3528 esset,
2171 3472 2222 3518 et
2264 3464 2418 3518 sciret
2449 3466 2575 3535 quia
2612 3463 2965 3533 jurejurando
2993 3463 3229 3532 jurasset
3271 3461 3355 3514 illi
3375 3460 3537 3525 Deus,

1974 3556 2037 3611 de
2057 3557 2233 3625 fructu
2256 3556 2417 3609 lumbi
2437 3556 2549 3625 ejus
2571 3555 2857 3609 secundum
2890 3571 3101 3608 carnem
3126 3562 3545 3607 resurrecturum

1974 3644 2243 3699 Christum
2293 3643 2362 3697 ad
2410 3644 2691 3697 sedendum
2741 3644 2794 3697 in
2840 3644 3024 3697 throno
3074 3643 3230 3709 ejus:
3268 3640 3543 3710 providens

1974 3737 2181 3790 locutus
2243 3745 2323 3791 est
2374 3736 2437 3790 de
2488 3736 2869 3790 resurrectione
2917 3734 3136 3797 Christi,
3200 3734 3325 3801 quia
3383 3748 3545 3800 neque

1971 3827 2253 3882 derelictus
2309 3836 2387 3881 est
2447 3828 2503 3879 in
2551 3826 2801 3895 inferno,
2852 3840 3013 3893 neque
3064 3839 3185 3876 caro
3243 3822 3355 3890 ejus
3410 3819 3544 3873 vidit

1971 3919 2383 3988 corruptionem.
2429 3917 2583 3971 Hunc
2609 3918 2793 3972 Iesum
2839 3916 3169 3970 resuscitavit
3195 3913 3357 3977 Deus,
3390 3913 3545 3983 cujus

1970 4029 2147 4067 omnes
2187 4027 2280 4065 nos
2323 4019 2477 4066 testes
2512 4027 2693 4065 sumus
2718 4011 2779 4063 ⁸³.
2847 4008 3057 4074 Q'uibus
3085 4008 3167 4063 sic
3217 4006 3540 4069 enuntiatis.

1972 4103 2309 4174 superfluum
2353 4113 2497 4158 esset
2542 4100 3050 4171 ulteriusindagare
3099 4098 3167 4152 ad
3196 4114 3357 4169 quem
3397 4096 3544 4152 refe~

1970 4196 2141 4250 renda
2180 4196 2493 4266 prophetia;
2551 4202 2838 4265 postquam
2900 4193 3032 4247 tanti
3078 4192 3178 4246 viri
3229 4189 3543 4246 testimonio

1973 4287 2152 4341 edocti
2193 4287 2420 4342 fuimus.
2449 4284 2613 4340 Juxta
2647 4286 3148 4355 interpretationem
3186 4282 3542 4351 Septuaginta
3614 4350 3621 4357 ο

1972 4382 2245 4448 virorum,
2304 4380 2419 4434 hate
2469 4378 2753 4449 prophetia
2806 4377 2948 4431 tituli
2993 4378 3265 4444 inscriptio
3316 4376 3537 4442 dicitur,

303 4476 506 4543 γραφέα
525 4475 777 4527 λέλεκται
798 4476 831 4544 ἡ
855 4474 1178 4544 προφητεία,
1209 4473 1270 4526 τὸ
1301 4472 1572 4543 περιέχειν
1602 4470 1701 4543 τὴν
1726 4471 1865 4525 κατά

1978 4472 2117 4542 quod
2153 4471 2437 4526 victoriam
2482 4486 2511 4524 a
2546 4470 2767 4525 Christo
2806 4470 2874 4525 de
2913 4477 3109 4535 morte,
3151 4484 3248 4538 per
3291 4482 3541 4524 resurre-

304 4566 390 4619 τοῦ
424 4567 654 4621 θανάτου
698 4566 853 4635 νίκην
884 4566 977 4619 τοῦ
1020 4566 1270 4637 Σωτῆρος
1309 4564 1397 4617 διὰ
1427 4564 1527 4634 τῆς
1556 4565 1619 4616 ἐκ
1658 4560 1869 4633 νεκρῶν

301 4658 638 4721 ἀναστάσεως
668 4658 831 4711 αὐτοῦ
866 4657 1318 4729 κατωρθωμένην.
1366 4657 1574 4725 Ὥσπερ
1619 4654 1729 4726 γὰρ
1760 4655 1869 4714 τῶν

296 4750 714 4821 ἀγωνιζομένων
748 4753 806 4803 ὲν
840 4750 1071 4813 σταδίοις
1099 4750 1149 4801 οἱ
1183 4748 1422 4818 μέγιστοι
1449 4748 1543 4801 καὶ
1576 4745 1868 4817 παράδοξοι

292 4840 441 4899 ἆθλοι
479 4846 686 4916 στήλης
720 4844 1015 4911 ἀξιοῦνται,
1052 4844 1147 4897 καὶ
1186 4842 1294 4896 τῶν
1336 4844 1393 4896 ὲν
1431 4842 1685 4911 πολέμοις
1726 4838 1868 4893 κατά

286 4938 395 4989 τῶν
417 4938 629 5007 ἐχθρῶν
651 4938 886 5008 τρόπαια
906 4937 984 4998 εἰς
1002 4935 1215 5007 μακρὰν
1237 4938 1455 5005 μνήμην
1477 4933 1860 5004 στηλιτεύεταιο

286 5030 428 5084 οῦτω
449 5032 545 5085 καὶ
566 5031 628 5083 τὸ
652 5031 794 5101 μέγα
824 5030 1080 5099 τρόπαιον
1101 5027 1195 5081 τοῦ
1223 5029 1493 5099 Σωτῆρος,
1515 5028 1649 5097 ὅπερ
1676 5029 1863 5096 ἤγειρε

286 5122 531 5175 καθελὼν
565 5122 657 5174 τὸν
690 5121 751 5173 τὸ
789 5122 989 5192 κράτος
1022 5119 1213 5189 ἔχοντα
1240 5117 1333 5171 τοῦ
1374 5117 1626 5181 θανάτου,
1658 5116 1863 5171 ἀνωθεν

289 5213 401 5266 ἀπὸ
431 5214 539 5267 τῶν
573 5211 927 5284 προφητικῶν
961 5212 1165 5282 χρόνων
1196 5208 1564 5280 ὲστηλιτεύετο
1594 5211 1712 5271 ταῖς
1740 5210 1864 5261 ἑαυη-

289 5305 399 5361 τῶν
417 5310 675 5378 γραφαῖς·
701 5305 781 5358 διὸ
817 5302 1186 5378 στηλογραφία
1212 5301 1477 5355 λέλεκται.

362 5484 481 5538 Ὅτι
511 5483 633 5538 τῶν
670 5482 907 5553 ἀγαθῶν
945 5501 1062 5552 μου
1095 5483 1167 5536 οὐ
1196 5482 1401 5549 χρείαν
1422 5478 1600 5549 ἔχεις.
1639 5478 1749 5547 Οὐχ
1777 5478 1863 5529 ἵνα

290 5577 360 5632 τὰ
409 5581 603 5644 ἐπάξια
637 5578 932 5649 χαρίσηται
977 5575 1091 5627 ἀνθ’
1122 5568 1196 5627 ὧν
1239 5571 1386 5642 αὐτῷ
1414 5570 1861 5642 προσηγάγομεν.

294 5670 473 5724 Ἄλλοι
520 5670 579 5724 δέ
637 5686 853 5738 φασιν,
888 5667 961 5728 ὼς
1020 5668 1084 5718 ὲκ
1134 5662 1423 5738 προσώπου
1478 5661 1570 5715 τοῦ
1614 5661 1861 5731 Σωτῆρος

360 5832 405 5883 'i
444 5832 567 5887 Act.
608 5844 650 5884 tt
677 5869 691 5895 ,
727 5826 921 5881 99—32.

1971 4567 2205 4619 ctionem
2254 4580 2320 4618 ex
2358 4562 2588 4616 mortuis
2636 4573 2868 4631 partam,
2917 4550 3332 4630 complectatur.
3387 4556 3539 4611 Sicut

1970 4656 2115 4712 enim
2148 4655 2475 4708 athletarum
2512 4653 2568 4707 in
2600 4653 2775 4708 stadio
2817 4652 3214 4707 decertantium
3254 4647 3535 4719 splendida

1970 4757 2132 4816 atque
2161 4745 2497 4799 mirabiliora
2536 4758 2659 4797 eum
2697 4742 3031 4798 adversariis
3069 4741 3200 4795 inita
3233 4736 3536 4792 certamina

1969 4838 2129 4905 cippo
2154 4835 2447 4897 donantur,
2474 4841 2637 4903 atque
2676 4834 2730 4887 in
2758 4833 2917 4887 bellis
2957 4840 3158 4900 tropaea
3192 4828 3258 4882 de
3286 4826 3534 4880 hostibus

1971 4928 2039 4982 ad
2082 4927 2397 4982 diuturnam
2442 4926 2759 4980 memoriam
2813 4924 3118 4993 eriguntur,
3166 4919 3239 4972 ita
3280 4931 3535 4986 magnum

1968 5020 2103 5075 illud
2136 5018 2442 5085 Servatoris
2484 5024 2771 5087 tropaeum,
2808 5021 3086 5085 prostrato
3127 5026 3191 5065 eo
3233 5010 3325 5079 qui
3367 5009 3537 5076 impe-

1967 5112 2111 5165 rium
2153 5111 2346 5168 mortis
2391 5109 2946 5189 habebat.erectum,
2993 5103 3197 5173 jamdiu
3239 5116 3267 5155 a
3298 5099 3533 5169 prophe-

1969 5203 2095 5259 ticis
2144 5202 2477 5273 temporibus
2520 5200 2575 5254 in
2614 5212 2799 5255 eorum
2862 5194 3082 5261 scriptis
3112 5192 3257 5245 velut
3286 5191 3339 5244 in
3372 5189 3534 5257 cippo

1968 5292 2301 5361 insculptum
2332 5290 2508 5345 fuerat
2536 5315 2548 5349 ε
2575 5302 2743 5358 quare
2766 5284 2908 5337 tituli
2935 5282 3048 5337 sive
3077 5282 3217 5352 cippi
3244 5279 3534 5349 inscriptio

1970 5384 2195 5439 dicitur.

2042 5475 2305 5541 Quoniam
2345 5474 2599 5527 bonorum
2642 5482 2873 5521 meorum
2910 5482 3013 5519 non
3032 5480 3166 5535 eges.
3219 5462 3339 5517 Non
3364 5472 3424 5516 ut
3452 5462 3533 5513 di-

1967 5580 2127 5636 gnam
2166 5579 2265 5633 pro
2310 5564 2378 5616 iis
2415 5575 2535 5629 qua:
2564 5559 2670 5629 ipsi
2705 5557 3001 5613 obtulimus
3037 5555 3340 5609 mercedem
3374 5551 3533 5607 retri-

1967 5660 2100 5713 buat
2141 5655 2238 5727 [ita
2278 5651 2565 5724 loquitur].
2603 5652 2707 5706 Alii
2739 5651 2927 5707 dicunt
2973 5664 3036 5705 ex
3082 5646 3380 5703 Salvatoris
3414 5660 3527 5715 per-
