3940 6292
487 406 597 466 155

1152 397 1421 457 EUSEBII
1458 392 1938 454 CESARIENSIS
1974 391 2127 448 OPP.
2165 387 2344 444 PARS
2381 387 2469 445 Ill.
2510 418 2580 429 -
2615 385 3026 443 EXEGETICA.

3615 381 3715 439 156

485 536 621 581 sona
647 516 1054 591 pronuntiatum
1084 515 1351 585 psalmum
1376 553 1391 577 ,
1424 511 1589 582 idque
1625 508 1924 566 secundum
1949 506 2052 559 hu~

2169 503 2368 575 εἴρηται
2400 505 2429 556 ὁ
2458 500 2671 573 ψαλμός
2692 518 2706 531 ·
2751 499 2961 573 εἴρηται
2994 498 3049 551 δὲ
3098 496 3238 551 κατά
3273 496 3334 550 τὸ
3362 495 3715 567 ἀνθρώπειον,

486 625 703 668 mnam
742 615 1029 671 naturam,
1063 603 1374 674 cuiusmodi
1407 602 1548 657 bene
1586 601 1758 655 multa
1794 600 1850 653 in
1883 597 2054 651 sacris

484 702 796 774 Ev-angeliis
824 698 1315 770 deprehendimus;
1363 695 1525 765 quale
1552 700 1637 749 est
1661 691 1797 747 illud
1823 708 1838 745 :
1866 689 2051 754 Pater,

480 796 530 851 si
557 794 675 865 ﬁeri
697 793 885 863 possit,
911 799 1146 846 transeat
1177 806 1210 842 a
1241 806 1319 842 me
1352 787 1496 841 calix
1523 788 1643 842 iste.
1686 784 2055 838 Verumtamen

481 903 587 942 non
628 884 768 957 quod
811 900 902 955 ego
940 882 1077 945 volo,
1128 880 1218 936 sed
1271 880 1408 951 quod
1462 890 1519 931 tu
1546 879 1622 944 “;
1677 884 1772 932 et:
1806 873 1951 929 Vado
1985 873 2053 927 ad

2154 598 2340 668 ὥσπερ
2370 594 2523 650 αὐτοὶ⁸
2548 594 2685 648 αὐτὰ
2710 591 2879 646 πολλά
2913 592 3007 646 καὶ
3042 592 3098 643 ὲν
3138 592 3248 653 τοῖς
3276 591 3438 661 ἱεροῖς
3476 590 3718 657 Εὐαγγε-

2155 688 2289 752 λίοις
2326 688 2666 759 εὑρίσκομεν*
2700 684 2936 738 τοιοῦτόν
2988 686 3101 737 ἐστι
3149 682 3239 735 τό·
3293 680 3503 749 Πάτερ,
3535 684 3589 734 ει
3619 680 3723 735 δυ-

2154 780 2358 847 νατὸν,
2400 777 2735 847 παρελθέτω
2780 776 2847 830 τὸ
2883 775 3166 842 ποτήριον
3209 772 3382 827 τοῦτο
3413 773 3514 827 ἀπ’
3552 773 3718 843 ἐμοῦ.

2154 874 2329 942 Πλὴν
2354 875 2465 940 οὐχ
2490 873 2570 938 ὡς
2595 870 2708 940 ἐγὼ
2740 868 2911 931 θέλω,
2941 868 3075 922 ἀλλ’
3100 868 3180 933 ὡς
3193 868 3299 920 σύε.
3330 866 3443 929 καὶ,
3468 866 3719 933 Πορεύο-

482 956 701 1034 Patrem
746 964 916 1031 meum
960 986 1009 1029 et
1035 974 1255 1028 Patrem
1294 979 1544 1028 vestrum,
1588 968 1753 1022 Deum
1796 982 1968 1021 meum
2005 974 2056 1019 et

2169 980 2256 1018 και
2298 963 2446 1030 πρὸς
2479 961 2587 1015 τὸν
2608 958 2840 1028 Πατέρα
2862 977 2981 1029 μου
3026 959 3125 1012 καὶ
3150 956 3382 1025 Πατέρα
3410 957 3597 1026 ὑμῶν,
3624 957 3723 1009 καί

484 1068 654 1123 Deum
682 1077 909 1122 vestrum
934 1067 999 1121 ³⁵.
1022 1066 1114 1121 Sic
1130 1064 1445 1133 frequenter
1482 1067 1752 1125 orantem,
1786 1072 1850 1112 ac
1879 1070 2055 1127 genua

483 1159 792 1216 ﬂectentem
841 1156 1175 1213 invenimus.
1233 1152 1435 1208 Eadem
1487 1165 1715 1222 prorsus
1753 1148 2054 1203 rationein

481 1249 589 1305 hoc
625 1263 844 1320 quoque
879 1247 1096 1318 psalmo
1147 1242 1470 1300 conservari
1515 1257 1574 1297 se
1614 1249 1886 1311 precatur,
1924 1239 2054 1293 dum

480 1348 666 1395 tamen
721 1354 752 1393 a
784 1354 846 1395 se
886 1339 1009 1409 ipso
1053 1342 1433 1392 conservatur.
1480 1331 1550 1389 At
1599 1333 1744 1390 enim
1797 1341 1857 1388 ut
1892 1333 2055 1389 homo

481 1440 663 1503 rogat,
703 1446 770 1487 ac
809 1438 997 1502 utpote
1025 1429 1169 1485 Deus
1209 1427 1484 1500 postulata
1529 1427 1810 1493 concedit;
1866 1441 2058 1482 assen-

479 1524 652 1580 tiente
697 1523 911 1579 scilicet
953 1529 1011 1578 et
1050 1528 1381 1592 cooperante
1417 1520 1600 1575 Patre.
1659 1518 1924 1588 Quoniam
1964 1518 2056 1574 bo-

480 1631 669 1670 norum
699 1631 935 1677 meorum
969 1632 1072 1670 non
1101 1630 1239 1686 eges.
1284 1612 1412 1668 Haec
1437 1611 1797 1684 Symmachus
1828 1614 1933 1671 alia
1967 1626 2084 1675 ιιι-κ

482 1706 632 1778 tione
670 1707 1064 1778 interpretatus
1104 1713 1190 1761 est
1219 1720 1233 1758 :
1267 1702 1394 1758 Non
1424 1714 1503 1758 est
1538 1702 1667 1764 mihi
1710 1702 1903 1768 bonum
1931 1704 2057 1773 fsine

482 1807 553 1853 te.
594 1796 786 1861 Omnis
828 1798 984 1869 copia
1029 1798 1322 1861 bonorum,
1372 1794 1572 1865 inquit,
1603 1809 1701 1865 per
1732 1802 1883 1849 tuam
1921 1795 2055 1849 mihi

480 1856 716 1961 gratiam
754 1854 1057 1946 confertur.
1100 1854 1347 1960 Utraque
1385 1854 1569 1959 porro.
1600 1854 1761 1947 lectio
1796 1902 1949 1958 aeque
1990 1887 2059 1943 ad
2087 1854 2131 1911 Β

481 1983 735 2052 pietatem
768 1988 1093 2053 opportuna.
1126 1980 1337 2036 Etenim
1392 1994 1424 2033 a
1451 1978 1563 2035 Deo
1591 1981 1873 2036 concessis
1898 1979 2058 2037 bonis

479 2087 584 2127 nos
613 2072 966 2143 perfruimur,
1004 2088 1183 2143 neque
1224 2072 1272 2127 is
1315 2078 1467 2126 recte
1511 2069 1675 2132 factis
1714 2071 1920 2143 indiget
1958 2086 2060 2126 no-

480 2164 614 2238 stris
664 2179 890 2219 :verum
944 2162 1015 2219 ad
1060 2164 1357 2219 utilitatem
1411 2161 1529 2234 ipse
1569 2170 1817 2220 nostram
1844 2164 1961 2235 haec
1999 2163 2060 2218 ut

476 2269 709 2325 agamus
747 2256 866 2326 lege
904 2254 1104 2311 sancit.

557 2343 721 2402 Vens.
748 2347 809 2407 3,
833 2346 885 2401 4.
938 2345 1152 2402 Sanctis
1187 2348 1277 2419 qui
1316 2356 1437 2411 sunt
1475 2349 1530 2413 in
1586 2357 1730 2411 terra
1761 2345 1875 2415 ejus
1909 2344 2061 2399 miri.-

477 2439 660 2509 ﬁcavit
703 2455 882 2494 omnes
916 2439 1211 2495 voluntates
1261 2457 1387 2507 suas
1427 2441 1482 2494 in
1513 2440 1609 2494 eis.
1643 2470 1714 2480 —
1748 2438 1848 2493 Vos
1884 2447 2061 2503 autem

477 2532 607 2585 estis
636 2546 821 2600 corpus
845 2530 1067 2594 Christi,
1090 2541 1139 2586 et
1171 2534 1404 2587 membra
1430 2532 1495 2587 de
1524 2533 1756 2595 membro
1781 2532 1844 2586 ³⁵.
1872 2531 2063 2586 Eccle-

481 2624 579 2677 siae
622 2638 735 2679 suae
775 2639 1069 2689 aerumnas,
1120 2625 1226 2680 sibi
1265 2626 1425 2697 quasi
1467 2624 1718 2695 proprias
1758 2623 2060 2689 ascribens,

480 2732 549 2771 ex
578 2732 812 2786 persona
845 2716 965 2787 ejus
994 2717 1109 2772 haec
1138 2718 1312 2789 potuit
1343 2717 1499 2774 ell‘ari
1524 2734 1538 2770 :
1572 2716 1787 2772 Sanctis
1818 2716 1907 2787 qui
1934 2725 2059 2771 sunt

481 2809 537 2861 in
566 2816 708 2879 terra
726 2808 841 2881 ejus
872 2810 1173 2879 miriﬁcauit
1196 2827 1374 2865 omnes
1405 2810 1695 2864 voluntates
1728 2825 1854 2865 suas
1884 2810 1939 2863 in
1966 2809 2062 2877 eis.

479 2897 857 2974 dlultiplieatte
872 2910 995 2969 sunt
1013 2901 1353 2971 inﬁrmitates
1369 2901 1683 2957 eorum.Alii
1705 2884 1906 2957 terram
1922 2899 2062 2970 ejus,

482 2987 785 3045 Ecclesiam
841 2992 1318 3066 interpretantur;
1369 3002 1704 3065 quapropter
1733 2992 1830 3049 Dei
1869 2993 2067 3060 volun-

480 3088 624 3135 tates
652 3082 935 3142 mirabiles
957 3084 1220 3160 evadunt.
1248 3084 1570 3148 Voluntates
1597 3100 1762 3155 porro
1789 3084 1907 3150 Dei,
1937 3091 2067 3143 sunt

2158 1057 2307 1109 Θεόν
2323 1072 2441 1124 μου
2469 1053 2567 1108 καὶ
2600 1052 2750 1107 Θεὸν
2772 1051 2958 1120 ὑμῶν.
2998 1050 3183 1113 Οὖτως
3210 1050 3536 1122 εὑρίσκομεν
3560 1050 3722 1105 αὐτὸν

2155 1150 2443 1220 εὐχόμενον
2475 1145 2731 1217 συνεχῶς,
2759 1143 2855 1198 καὶ
2887 1144 2952 1198 τά
2980 1144 3180 1213 γόνατα
3199 1144 3539 1215 κάμπτοντα.
3569 1143 3724 1198 Οὕτω

2155 1244 2332 1297 τοίνυν
2364 1242 2457 1294 καὶ
2486 1242 2543 1295 ἐν
2568 1238 2739 1309 τούτῳ
2759 1236 2838 1305 τῷ
2858 1235 3056 1307 ψαλμῷ
3082 1238 3222 1289 αίτεῖ
3247 1235 3606 1308 φυλαχθῆναι,
3631 1235 3725 1290 καὶ

2158 1335 2247 1403 ὑφ’
2274 1329 2464 1386 ἑαυτοῦ
2499 1328 2849 1409 φυλάττεται.
2883 1327 3040 1398 Atrei.
3069 1325 3166 1401 μεν
3193 1325 3301 1397 γὰρ
3324 1324 3723 1408 ὼςράνθρωπος,

2156 1425 2336 1479 δίδωσι
2369 1423 2425 1476 δὲ
2458 1421 2555 1493 τὴν
2589 1420 2802 1492 αἴτησιν
2832 1419 2907 1482 ὼς
2932 1418 3083 1482 Θεός·
3120 1416 3461 1481 εὐδοκοῦντος
3487 1417 3728 1488 δηλονότι

2156 1517 2252 1572 καί
2275 1514 2659 1587 συνεργοῦντος
2687 1512 2781 1565 τοῦ
2807 1510 3006 1563 οἰκείου
3034 1509 3266 1581 Πατρᾴς.
3299 1510 3417 1561 ’Ὁτι
3440 1508 3560 1562 τῶν
3585 1510 3732 1579 ἀτα-

2157 1608 2278 1663 θῶν
2295 1625 2412 1678 μου
2435 1608 2506 1661 οὐ
2530 1606 2741 1677 χρείαν
2766 1607 2942 1675 ἔχεις.
2962 1605 3129 1669 Τοῦτο
3155 1608 3184 1660 ὁ
3213 1605 3505 1677 Σύμμαχος
3526 1607 3730 1678 ὲτέριικ

2157 1700 2517 1774 ἡρμήνευσενο
2546 1699 2785 1766 Ἀγαθόν
2797 1714 2897 1766 μοι
2918 1698 3028 1750 οὐκ
3050 1696 3220 1763 ἔστιν
3238 1695 3383 1750 ἄνευ
3396 1696 3532 1750 σοῦ.
3552 1696 3729 1761 Πᾶσα,

2159 1794 2312 1865 φησὶ,
2340 1792 2446 1846 τῶν
2473 1789 2688 1859 ἀγαθῶν
2716 1791 2750 1861 ἡ
2793 1788 2933 1861 φορά
2972 1788 3060 1857 διά
3101 1789 3201 1859 τῆς
3240 1788 3339 1859 σῆς
3371 1787 3608 1858 ὑπάρχει
3641 1805 3732 1859 μοι

2159 1890 2396 1963 χάριτος.
2445 1887 2755 1958 Ἀμφότερα
2800 1884 2857 1937 δὲ
2899 1883 3000 1954 τῆς
3043 1883 3323 1946 εὐσεϐείας
3372 1881 3575 1952 ἔχεται.
3622 1884 3733 1949 Καὶ

2157 1986 2319 2056 ἡμεῖς
2348 1981 2458 2053 γὰρ
2497 1978 2647 2051 παρὰ
2673 1979 2768 2031 τοῦ
2804 1976 2939 2031 Θεοῦ
2973 1976 3081 2033 τῶν
3115 1975 3335 2046 ἀγαθῶν
3368 1974 3732 2045 ἀπολαύομεν,

2160 2075 2255 2130 καὶ
2293 2073 2455 2135 αὐτὸς
2496 2071 2597 2140 τῆς
2635 2069 2910 2141 ἡμετέρας
2955 2067 3377 2139 δικαιοπραγίας
3415 2067 3476 2120 οὐ
3517 2065 3731 2139 χρῄζειο

2160 2166 2319 2237 χάριν
2357 2163 2538 2235 μέντοι
2583 2160 2683 2230 τῆς
2726 2159 3002 2232 ἡμετέρας
3035 2159 3307 2229 ὠφελείας
3334 2158 3536 2230 ταύτην
3576 2174 3738 2228 νομο-

2161 2257 2325 2312 θετεῖ.

2238 2347 2368 2414 Τοῖς
2403 2348 2593 2417 ἁγίοις
2633 2346 2758 2413 τοῖς
2787 2345 2858 2398 ἐν
2887 2343 2962 2414 τῇ
2986 2342 3065 2414 γῆ
3098 2344 3283 2399 αὐτοῦ
3307 2341 3736 2411 ἐθαυμάστωσε

2160 2439 2356 2506 πάντα
2385 2439 2459 2494 τὰ
2493 2439 2795 2508 θελήματα
2813 2437 2998 2493 αὐτοῦ
3021 2437 3092 2490 ἐν
3118 2436 3339 2500 αὐτοῖς.
3366 2464 3436 2477 -—
3462 2434 3645 2505 Ὑμεῖς
3670 2433 3737 2489 δέ

2161 2535 2300 2587 ἐστε
2327 2533 2498 2602 σῶμα
2515 2532 2794 2600 Χριστοῦ,
2820 2530 2916 2585 καὶ
2934 2529 3091 2599 μέλη
3118 2529 3185 2581 ἐκ
3200 2529 3446 2597 μέλους.
3478 2528 3735 2591 Δύναται,

2166 2625 2582 2695 ίδιοποιούμενος
2636 2624 2705 2679 τὰ
2752 2622 2900 2692 πάθη
2950 2621 3048 2691 τῆς
3087 2619 3410 2691 Ἑκκλησίας
3441 2619 3632 2684 αὐτοῦ,
3668 2620 3737 2674 τὰ

2164 2718 2500 2791 προκείμενα
2531 2715 2590 2781 ἐξ
2621 2716 2789 2785 αὐτῆς
2820 2715 3018 2783 λέγειν’
3049 2713 3177 2779 Τοῖς
3203 2714 3393 2783 ἁγίοις
3422 2711 3547 2779 τοῖς
3567 2714 3639 2766 ἐν
3663 2716 3737 2785 τῇ

2164 2810 2242 2881 γῇ
2278 2810 2465 2869 αὑτοῦ
2502 2807 2930 2878 ὲθαυμάστωσε
2963 2805 3161 2862 πάντα
3189 2807 3263 2860 τὰ
3295 2805 3600 2876 θέλήματα
3634 2808 3742 2863 αὐ..

2165 2904 2270 2959 τοῦ
2305 2904 2377 2965 ἐν
2416 2902 2635 2968 αὐτοῖς.
2692 2901 3193 2969 Ἐπληθύνθησαν
3208 2903 3269 2953 αἱ
3294 2900 3598 2954 ἀσθένειαι
3633 2904 3746 2951 αὺ-

2166 2993 2306 3048 τῶν.
2345 2995 2559 3066 Ἕτεροι
2603 2992 2661 3045 δὲ
2705 2991 2810 3061 γῆν
2850 2989 3014 3045 αὐτοῦ
3054 2990 3155 3061 τὴν
3202 2989 3526 3061 Ἐκκλησίαν
3555 2988 3737 3058 φασίντ

2167 3088 2296 3147 ὅθεν,
2328 3088 2420 3142 καὶ
2459 3084 2737 3157 θαυμάσια
2767 3082 3005 3153 γίνονται
3041 3081 3111 3136 τά
3145 3082 3238 3135 τοῦ
3270 3082 3405 3135 Θεοῦ
3437 3081 3738 3153 θελήματα.

480 3169 719 3235 virtutes
764 3172 993 3243 singulae
1043 3190 1166 3244 qua:
1214 3175 1334 3244 ipso
1377 3181 1593 3241 astante
1649 3173 2063 3242 opitulanteque

2169 3180 2457 3252 Θελήματα
2508 3179 2565 3232 δὲ
2609 3174 2744 3230 Θεοῦ
2791 3177 2847 3229 αἱ
2901 3175 3021 3230 κατ’
3064 3172 3200 3239 εἶδος
3244 3174 3437 3245 ἀρεταὶ
3485 3190 3746 3244 παριστα-

483 3261 762 3331 coluntur,
804 3263 963 3333 juxta
1002 3264 1135 3326 illud
1173 3284 1185 3319 :
1218 3265 1403 3320 Inveni
1449 3264 1620 3337 David
1677 3265 1850 3335 [ilium
1889 3263 2060 3331 Jesse,

2172 3272 2331 3344 μένου
2356 3268 2571 3322 τούτου·
2625 3270 2689 3321 ὲκ
2730 3266 2844 3320 τοῦ⁶
2887 3262 3087 3334 Εὗρον
3117 3265 3299 3319 Δαυῒδ
3314 3262 3422 3318 τὸν
3449 3264 3557 3317 τοῦ
3607 3265 3744 3318 Ἰεσσ

480 3355 657 3429 υἱηιῃι
698 3356 984 3418 secundum
1022 3374 1112 3411 cor
1148 3375 1343 3425 meum,
1372 3361 1462 3430 qui
1489 3359 1650 3429 faciet
1674 3374 1852 3413 omnes
1881 3357 2066 3413 volun-

486 3455 627 3513 tates
654 3464 798 3518 meas
823 3450 888 3514 ³⁷,
930 3449 1143 3506 scilicet
1172 3451 1483 3507 voluntates
1532 3450 1675 3523 ejus,
1713 3466 1821 3521 qua
1851 3450 2067 3513 ratione

485 3541 741 3610 superius
789 3542 1076 3613 explicatae
1126 3552 1277 3598 sunt.
1329 3543 1396 3603 Et
1444 3560 1581 3612 sane.
1605 3543 1767 3599 Deus‘
1794 3543 2069 3599 mirabilia

483 3630 618 3687 facit
645 3634 700 3701 in
732 3634 942 3690 sanctis
977 3634 1116 3702 suis,
1141 3635 1268 3705 quia
1302 3635 1357 3690 in
1386 3636 1507 3705 ipso
1530 3635 1752 3691 virtutis
1782 3634 2065 3699 exercitio,

483 3727 579 3796 qui
606 3726 913 3793 secundum
945 3726 1114 3785 Deum
1156 3727 1435 3798 sapientes
1466 3737 1616 3791 sunt,
1647 3727 1773 3783 aliis
1806 3733 2069 3797 praestant

484 3816 824 3884 hominibus.
850 3814 971 3880 Non
1007 3816 1197 3883 eadem
1228 3817 1430 3888 quippe
1475 3817 1533 3871 in
1566 3817 1902 3888 martyribus
1925 3816 2071 3871 veri-

484 3910 639 3975 tatis,
672 3910 731 3964 in
762 3909 1026 3979 apostolis
1058 3920 1113 3965 et
1137 3910 1420 3981 prophetis
1465 3908 1733 3965 fortitudo
1755 3917 1861 3972 est.
1903 3916 2069 3979 atque

486 4000 543 4054 in
573 4003 791 4063 caeteris
820 4002 913 4071 qui
940 4016 1066 4057 sese
1110 4009 1335 4057 strenue
1372 4012 1661 4073 gesserunt
1689 4013 1904 4072 :neq‘ne
1936 4016 2068 4064 vero

484 4088 712 4162 Josephi
759 4106 826 4147 ac
871 4090 1139 4159 Susannae
1193 4095 1556 4163 temperantia
1620 4095 2071 4165 continentiaque

487 4184 720 4240 aliorum
765 4184 1117 4239 continentiae
1167 4185 1363 4242 similis
1409 4195 1512 4241 est.
1574 4186 1776 4242 Eadem
1841 4202 2070 4257 prorsus

489 4275 704 4330 ratione
738 4275 979 4345 reliquas
1009 4284 1329 4341 sanctorum
1356 4278 1585 4333 virtutes
1618 4277 1760 4335 Deus
1792 4278 2069 4335 mirabiles

489 4368 673 4431 allicit,
705 4369 782 4423 ita
812 4376 872 4423 ut
905 4368 1318 4439 incomparabili
1365 4370 1733 4440 prtecellentia
1769 4370 1825 4438 in
1852 4385 2070 4440 quaque

488 4476 551 4517 re
592 4460 733 4516 inter
771 4468 1001 4524 caeteros
1045 4462 1263 4516 virtutis
1312 4462 1591 4519 studiosos
1632 4463 1886 4517 homines
1933 4463 2070 4517 emi-

2166 3364 2292 3431 σαὶ,
2339 3361 2526 3429 ἄνδρα
2570 3358 2721 3413 κατὰ
2767 3359 2883 3427 τὴν
2928 3356 3181 3427 καρδίαν
3218 3375 3356 3426 μου,
3400 3356 3469 3421 ὃς
3501 3355 3747 3423 ποιήσει

2168 3454 2360 3509 πάντα
2400 3452 2474 3507 τὰ
2514 3450 2817 3521 θελήματὰ
2842 3468 2982 3521 μου,
3036 3450 3105 3504 τὰ
3151 3449 3322 3512 οὕτως
3351 3450 3745 3520 ἡρμηνευμένα

2169 3548 2450 3619 θελήματα
2493 3545 2646 3599 Θεοῦ.
2698 3545 3010 3615 Θαυμαστοϊ
3053 3543 3110 3597 δὲ
3154 3543 3285 3607 Θεὸς
3317 3545 3374 3596 ὲν
3411 3546 3522 3606 τοῖς
3566 3544 3746 3611 ἁγίοις

2169 3639 2357 3703 αὑτοῦ,
2397 3638 2557 3691 πλέον
2605 3655 2658 3691 τι
2695 3637 2923 3709 ἑχόντων
2954 3637 3063 3690 τῶν
3101 3636 3239 3690 κατὰ
3264 3636 3396 3690 Θεὸν
3429 3637 3611 3706 σοφῶν
3638 3637 3749 3691 τῶν

2170 3730 2342 3797 ἀλλων
2392 3726 2692 3800 ἀνθρώπων
2731 3731 2789 3780 ὲν
2819 3727 2896 3798 τῷ
2948 3727 3087 3782 κατὰ
3134 3729 3333 3800 ἀρετὴν
3369 3729 3635 3798 ἐνεργεῖν.
3675 3729 3749 3782 Οὐ

2171 3820 2280 3892 γὰρ
2329 3820 2549 3892 ἀνδρεία
2598 3822 2631 3891 ἡ
2672 3819 2809 3890 αὐτὴ
2841 3818 2948 3872 τῶν
2984 3819 3277 3891 μαρτύρων
3327 3821 3426 3890 τῆς
3466 3819 3749 3892 ἀληθείας,

2173 3913 2466 3984 προφητῶν
2498 3930 2559 3967 τε
2590 3914 2682 3967 καὶ
2709 3912 3041 3977 ἀποστόλων,
3072 3915 3136 3985 τῇ
3168 3913 3274 3966 τῶν
3299 3913 3472 3976 ἄλλως
3496 3912 3749 3985 ἀνδριζοο

2175 4006 2388 4078 μένων;
2419 4005 2534 4060 ἀλλ’
2567 4005 2712 4069 οὐδὲ,
2756 4007 2789 4076 ἡ
2835 4004 3155 4077 σωφροσύνη
3194 4004 3301 4059 τῶν
3333 4003 3645 4076 τηρούντων
3686 4007 3752 4075 ἣν

2172 4100 2328 4171 ἔσχεν
2378 4098 2575 4169 Ἰωσὴφ
2621 4098 2718 4152 καὶ
2759 4096 3053 4160 Σουσάννα,
3096 4099 3161 4167 τῇ
3192 4096 3299 4150 τῶν
3333 4098 3505 4151 ἄλλων
3536 4114 3751 4168 σωφρος-

2174 4190 2328 4261 σύνῃ.
2359 4188 2515 4244 Οῦτω
2542 4187 2599 4249 δὲ
2629 4188 2722 4241 καὶ
2753 4187 2845 4239 ἐπὶ
2878 4185 2984 4239 τῶν
3022 4186 3224 4239 λοιπῶν
3266 4186 3495 4258 ἀρετῶν,
3534 4186 3750 4258 θαυμα-

2174 4280 2425 4344 στοῦντος
2449 4279 2583 4333 Θεοῦ
2611 4279 2708 4343 τὰς
2741 4278 2848 4332 τῶν
2876 4279 3046 4346 ἁγίων
3079 4278 3277 4349 ἀρετὰς
3303 4279 3377 4342 ὡς
3405 4278 3753 4348 ἁσυγκρίτως

2175 4370 2461 4443 ὑπερέχειν
2501 4372 2697 4436 αὐτοὺς
2740 4371 2848 4424 τῶν
2894 4371 3034 4431 κατὰ
3078 4371 3398 4444 ἀνθρώπους
3442 4370 3752 4440 γενομένων

2176 4464 2501 4523 σπουδαίων.
2560 4464 2717 4519 Οὕτω
2769 4464 3087 4537 θαυμασίων
3131 4465 3240 4518 τῶν
3289 4464 3610 4534 θελημάτων
3658 4462 3749 4516 τοῦ

491 4561 676 4609 neant.
706 4554 845 4608 Cum
881 4553 1047 4623 igitur
1079 4552 1225 4617 adeo,
1246 4554 1528 4611 mirabiles
1571 4554 1683 4615 sint
1716 4553 1812 4618 Dei
1857 4555 1915 4609 in
1944 4571 2064 4611 san-

2172 4555 2308 4610 Θεοῦ
2339 4557 2397 4609 ὲν
2426 4559 2540 4619 τοῖς
2571 4557 2746 4625 ἁγίοις
2783 4556 2974 4621 ὄντων,
3015 4556 3374 4627 πληθύνονται
3409 4556 3611 4620 αὐτῶν,
3645 4558 3753 4611 τῶν

490 4646 595 4701 clis
622 4645 741 4702 suis
765 4645 1098 4710 voluntates,
1143 4646 1577 4716 multiplicantur
1621 4654 1937 4707 sanctorum
1977 4650 2068 4709 in-.

491 4734 806 4800 ﬁrmitates,
837 4750 960 4789 cum
1008 4736 1233 4791 videant
1275 4751 1336 4792 se
1361 4736 1559 4792 divina:
1594 4739 1785 4797 virtuti
1834 4754 1899 4793 ac
1947 4756 2067 4794 ma-

489 4827 767 4900 gnitudini
806 4828 1040 4882 multum
1083 4828 1325 4898 impares
1374 4843 1516 4884 esse.
1567 4830 1829 4885 Attamen
1850 4830 2073 4885 etiamsi

490 4933 807 4977 memoratae
833 4936 1024 4978 eorum
1069 4920 1419 4981 inﬁrmitates
1460 4922 1914 4991 multiplicemur,
1956 4938 2072 4978 non

495 5012 701 5069 haerent
744 5015 869 5080 diu,
901 5030 1079 5085 neque
1111 5023 1335 5069 manent
1369 5016 1425 5070 in
1461 5016 1619 5086 ipsis,
1652 5016 1747 5073 sed
1783 5016 2072 5073 confestim

497 5104 816 5160 abscedunt.
880 5103 1017 5157 Nam
1077 5104 1294 5159 vixdum
1355 5120 1451 5162 eas
1519 5105 1886 5169 adverterint,
1944 5121 2070 5160 cum

498 5194 761 5249 continuo
815 5204 1149 5249 evanescant
1192 5211 1204 5246 :
1250 5196 1380 5265 quia
1437 5197 1667 5255 multum
1730 5194 1809 5248 illi
1863 5196 2068 5263 valent,

499 5280 722 5337 Christo
750 5282 883 5352 ipsis
916 5284 1060 5339 vires
1095 5292 1410 5354 praestante,
1448 5284 1751 5346 secundum
1783 5284 1919 5338 illud
1954 5304 1966 5340 :
2002 5286 2073 5347 In

503 5373 612 5429 Deo
642 5373 896 5444 faciemus
922 5375 1165 5430 virtutem
1188 5377 1257 5429 ³⁸.

571 5466 827 5522 Arbitror
862 5466 992 5521 item
1026 5469 1112 5523 his
1142 5468 1434 5540 significari
1463 5469 1703 5541 priorem
1740 5469 1888 5523 illam
1923 5476 2069 5525 vete-

500 5574 621 5617 rem
676 5558 1086 5615 idololatrarum
1140 5561 1533 5629 conditionem,
1593 5577 1701 5633 qua
1753 5576 1877 5617 cum
1921 5560 2076 5627 atbei,

2172 4647 2342 4715 ἁγίων
2365 4646 2529 4715 λέγω,
2562 4648 2618 4699 αἱ
2647 4646 2944 4711 ἀσθένειαι,
2965 4646 3215 4718 ὁρώντων
3256 4649 3332 4711 ὡς
3380 4647 3511 4701 πολὺ
3533 4649 3753 4703 ἀπολεῖν

2176 4755 2368 4792 πονται
2411 4738 2512 4807 τῆς
2553 4737 2687 4791 Θεοῦ
2726 4738 2908 4809 ἰσχύος
2960 4740 3054 4798 καὶ
3099 4738 3194 4792 τοῦ
3249 4740 3512 4811 μεγέθους
3562 4741 3749 4803 αὐτοῦ,

2179 4832 2392 4904 Ὅμως,
2434 4835 2483 4885 εἰ
2522 4833 2615 4886 καὶ
2662 4832 3020 4903 πληθύνονται
3066 4833 3121 4886 αἱ
3156 4832 3532 4903 προλεχθεῖσαι
3573 4833 3752 4889 αὐτῶν

2176 4925 2471 4991 ἀσθένειαι,
2500 4927 2600 4979 οὐκ
2633 4927 3080 4999 ἐμϐραδύνουσιν,
3122 4927 3182 4980 οὺ
3212 4926 3623 4999 παραμένουσιν
3655 4925 3753 4980 αὐ-

2176 5019 2308 5081 τοῖς,
2337 5018 2677 5091 παραχρῆμα
2696 5018 3087 5090 ἀπερχόμεναι.
3120 5018 3297 5089 Μέχρι
3322 5017 3429 5090 γὰρ
3453 5017 3549 5070 τοῦ
3575 5016 3753 5089 ἐννοῆν

2179 5126 2269 5163 σαι
2298 5110 2485 5175 αὐτὰς,
2512 5111 2668 5181 ἔσχον
2701 5112 2869 5175 αὐτὰς
2896 5110 3229 5183 ταχυνούσας
3259 5113 3316 5164 ἐν
3347 5110 3424 5173 τῷ
3455 5108 3647 5180 μηκέτ’
3672 5103 3747 5161 εἷ-

2177 5225 2284 5262 ναισ
2312 5205 2399 5259 διὰ
2428 5206 2489 5258 τὸ
2525 5206 2727 5277 ἰσχύειν
2761 5206 2818 5259 ἐν
2849 5204 2928 5276 τῷ
2959 5202 3382 5274 ὲνδυναμοῦσθαι
3410 5202 3609 5265 αὐτοὺς
3645 5202 3750 5257 ὑπὸ

2176 5296 2413 5370 Χριστοῦ
2432 5296 2506 5369 (l)
2527 5294 2777 5368 πρώτων,
2800 5295 2870 5349 ἐν
2884 5293 2962 5367 τῷ
2983 5291 3103 5358 Θεῷ
3127 5291 3746 5362 ποιήσομενδύναμιν.

2248 5468 2413 5542 Οἶμαι
2446 5472 2502 5524 δὲ
2534 5470 2622 5524 διὰ
2649 5468 2852 5524 τούτων
2891 5469 3179 5539 δηλοῦσθαι
3221 5469 3328 5523 τῶν
3357 5470 3613 5525 ἁπάντων
3642 5465 3756 5524 τῶν

2175 5563 2342 5632 πάλαι
2368 5560 2767 5633 εἰδωλολατρῶν
2797 5561 2895 5633 τὴν
2925 5561 3195 5633 προτέραν
3217 5562 3569 5616 κατάστασιν
3605 5561 3662 5613 ὲν
3691 5553 3751 5644 ᾖ,

572 5670 620 5702 ³⁵
657 5666 1014 5748 Blatthmxvl,
1048 5667 1139 5723 39.
1213 5670 1258 5702 ³⁸
1296 5670 1453 5729 Joan.
1488 5689 1555 5728 xx
1579 5713 1593 5741 ,
1634 5673 1720 5728 l7.
1800 5672 1846 5705 ³⁸
1885 5671 1904 5729 l
1940 5671 2068 5729 Cor.
2104 5689 2212 5745 xu,
2246 5674 2336 5732 27.
2415 5676 2457 5709 3'
2483 5674 2501 5730 Ι
2525 5673 2659 5748 Reg.
2699 5690 2819 5743 xm,
2857 5675 2967 5744 M;
3008 5674 3130 5731 Aet.
3196 5691 3315 5739 xm,
3346 5674 3436 5731 22.
3516 5675 3574 5713 ³⁸-
3602 5673 3747 5739 Psal.

504 5756 592 5798 ιιι
612 5781 627 5800 .
667 5741 750 5793 14.

578 5811 651 5881 (t)
694 5808 875 5879 Lectio
902 5808 1114 5875 vitiata.
