3940 6292
493 322 597 378 159

1189 323 1457 381 EUSEBII
1492 326 1966 414 CAL'SABIENSIS
1987 327 2135 385 OPP.
2179 328 2356 397 PARS
2386 329 2472 387 lll.
2511 363 2580 372 ——
2617 333 3026 390 EXEGETICA.

3625 337 3728 392 160

493 455 691 513 passus
720 452 804 497 est
833 450 1085 498 mortem.
1121 441 1211 498 Sic
1251 445 1397 498 enim
1452 446 1506 501 in
1551 447 1728 502 sacris
1751 447 2057 520 Evangeliis

2176 450 2378 522 ραλμῷ.
2411 452 2761 525 ἀνθρωπίνως
2793 453 2959 523 λέγει’
2999 455 3213 523 Κύριος
3243 455 3412 525 μερίς
3442 452 3552 523 τῆς
3582 457 3730 525 κλη-

494 532 728 588 eﬂ‘atur:
767 530 953 598 Pater,
987 534 1033 588 si
1059 535 1309 603 possibile
1333 546 1433 601 est,
1464 547 1699 599 transeat
1727 556 1759 594 a
1797 558 1877 597 me
1919 545 2059 597 calix

2176 545 2444 613 οονομίας
2467 562 2586 614 μου
2600 546 2701 600 ’καὶ
2724 547 2830 601 τοῦ
2846 547 3151 616 ποτηζρίοψ
3174 548 3537 619 κληρονομίαν
3552 546 3730 602 καλῶν

491 622 593 678 iste
610 621 691 677 “:
724 636 789 678 ac
811 624 857 678 si
893 627 1137 695 apertius
1176 627 1418 693 diceret:
1450 628 1709 687 Ecclesia:
1748 649 1907 699 ntere,
1939 650 2060 703 quae

490 726 613 767 mea
658 711 967 778 hereditas,
1034 731 1161 786 pars
1217 717 1479 774 Dominus
1542 728 1650 788 est;
1724 731 1883 794 atque
1944 725 2063 795 ipse

490 801 683 858 calicis
718 804 843 867 mei,
874 804 925 858 id
949 815 1033 860 est
1064 808 1276 870 tnortis,
1314 824 1440 877 pars
1466 809 1689 867 effectus
1710 822 1813 868 est.

2163 635 2262 707 τὴν
2288 636 2396 689 τῶν
2429 637 2597 691 ἐθνῶν
2626 638 2900 708 βασιλείαν
2919 657 2932 670 ο
2961 642 3216 712 ποτήριον
3242 641 3298 693 δὲ
3326 640 3384 694 ὃν
3411 641 3551 710 ὑπὲρ
3581 639 3730 712 ἡμῶν

2167 729 2421 799 ὑπέμεινε
2457 729 2702 784 θάνατον.
2736 732 2892 787 Οὕτω
2925 734 3033 806 γὰρ
3078 736 3169 787 καὶ
3206 738 3263 789 ὲν
3282 737 3394 799 τοῖς
3425 735 3588 804 ἱεροῖς
3619 734 3733 788 ἕλε-

2167 836 2264 888 γεν
2291 821 2653 890 Ισῖύαγγελίοις
2690 824 2900 894 Πάτερ,
2922 830 2975 881 εὶ
2994 827 3270 892 δυνατόν,
3300 826 3638 896 παρελθέτω
3662 826 3729 881 τὸ

489 895 781 994 ποτήριονῇ
811 897 984 985 τοῦτο
1020 899 1122 952 ἀπ’
1186 900 1353 969 ἐμοῦ
1388 902 1521 956 ὡσεὶ
1554 905 1879 976 σαφέστερον
1917 906 2089 978 ἔλεγεο
2128 912 2236 965 Καὶ
2266 916 2366 985 τῆς
2404 917 2543 986 ὲμῆς
2588 917 2931 989 Ἐκκλησίας,
2962 921 3081 992 ἥτις
3114 923 3262 974 ἐστὶν
3302 925 3335 993 ἡ
3402 922 3732 994 κληρονομία

493 1007 621 1091 μου,
655 990 812 1064 μερίς
837 995 984 1047 ἐστιν
1013 996 1041 1046 6
1074 993 1295 1066 Κύριος·
1329 998 1357 1050 6
1402 997 1564 1062 αὐτὸς
1591 999 1648 1053 δὲ
1676 1000 1768 1054 καὶ
1798 1000 1891 1055 τοῦ
1942 1005 2201 1078 ποτηρίου
2235 1024 2358 1091 μου,
2414 1011 2658 1064 τουτέστι
2694 1011 2788 1066 τοῦ
2819 990 3071 1081 θανάτου,
3102 1017 3257 1087 μερὶς
3312 990 3673 1087 γεγενημένος
3702 1017 3732 1069 ό

490 1082 675 1147 αὑτός.
1232 1110 1240 1117 ·

565 1174 646 1230 Τιι
677 1193 731 1230 es
760 1178 850 1247 qui
879 1179 1114 1237 restituis
1140 1178 1501 1242 hwreditatem
1527 1198 1696 1240 meam
1723 1184 1868 1239 mihi.
1902 1184 2020 1240 Alia
2040 1224 2056 1252 ,

490 1267 713 1337 inquit,
758 1269 890 1323 mihi
940 1271 1071 1325 olim
1115 1270 1218 1325 fuit
1255 1271 1581 1338 brereditas,
1639 1274 1843 1344 aliique
1879 1275 2059 1331 funes.

492 1355 627 1410 Nam
655 1358 866 1428 quando
896 1360 1162 1416 dividebat
1192 1362 1500 1417 Altissimus
1531 1374 1703 1438 gentes
1722 1405 1737 1427 ,
1779 1381 1903 1434 pars
1953 1366 2063 1421 Do-

492 1452 626 1505 nsini
653 1449 796 1505 faeta
822 1462 904 1507 est
929 1454 1155 1522 populus
1194 1455 1309 1527 ejus
1349 1455 1515 1510 Jacob
1537 1497 1550 1520 ,
1594 1457 1860 1526 funiculus
1895 1459 2062 1514 luere-

492 1543 682 1598 ditatis
709 1544 823 1615 ejus
852 1544 900 1577 “
946 1544 1137 1601 Israel.
1180 1545 1251 1613 At
1289 1554 1422 1601 tunc
1463 1563 1630 1618 pars.
1678 1547 1968 1605 btereditas
2006 1557 2063 1605 et

496 1636 777 1695 funiculus
797 1678 812 1702 ,
841 1645 959 1692 erat
1000 1639 1148 1709 prior
1174 1639 1264 1693 ille
1291 1640 1543 1709 populus.
1582 1640 1701 1706 Quo
1733 1642 1934 1710 populo
1960 1641 2062 1696 im-

495 1727 715 1796 pietatis
744 1744 910 1783 causa
939 1728 1148 1799 dejecto
1175 1745 1239 1784 ac
1268 1730 1516 1799 depulso,
1548 1732 1651 1787 alia
1669 1733 1803 1786 mihi
1832 1733 2062 1790 heredi-

495 1825 618 1881 tas,
663 1818 754 1872 alii
798 1818 957 1874 funes
980 1860 996 1883 ,
1043 1821 1164 1874 alia;
1204 1830 1384 1879 sortes
1416 1823 1663 1891 priorum
1701 1822 1823 1878 loco
1851 1823 2063 1883 tradita:

496 1916 628 1966 sunt
664 1910 720 1964 in
747 1910 1042 1979 prwclaris.
1085 1910 1299 1966 Etenim
1331 1912 1444 1967 haec
1476 1914 1716 1969 secunda
1748 1913 2065 1982 haereditas,

493 2000 706 2069 inquit,
736 2003 991 2070 praeclara
1023 2002 1356 2072 probataque
1381 2005 1513 2059 mihi
1539 2013 1642 2072 est.

567 2090 735 2155 Vsus.
768 2094 822 2147 8.
870 2093 1219 2150 Providebam
1250 2096 1533 2150 Dominum
1562 2098 1619 2152 in
1648 2108 1923 2167 conspectu
1953 2115 2064 2153 meo

492 2199 716 2254 sentper,
746 2187 995 2253 quoniam
1026 2203 1059 2240 a
1087 2185 1289 2241 dextris
1320 2196 1400 2242 est
1429 2188 1589 2252 mihi,
1624 2206 1688 2243 ne
1716 2205 2063 2245 commovear.

500 2272 595 2333 Vir
632 2286 857 2332 sanctus
901 2293 1024 2331 cum
1068 2277 1357 2333 Dominum
1402 2281 1455 2334 in
1499 2282 1672 2337 oculis
1707 2283 1822 2337 suis
1852 2298 2067 2352 semper

496 2380 618 2420 esse
640 2380 827 2425 secum
857 2374 1102 2436 reputet,
1133 2384 1477 2438 nequaquam
1504 2370 1727 2424 ﬂuctuat
1752 2390 1766 2437 ;
1799 2372 1906 2426 imo
1936 2386 2064 2426 vero

493 2455 760 2513 Dominus
803 2475 834 2513 a
880 2460 1089 2515 dextris
1130 2460 1266 2532 justi
1313 2462 1415 2515 viri
1468 2464 1656 2518 ﬁrmus
1698 2464 1974 2520 consistit.
2021 2462 2064 2518 E

492 2564 763 2608 converso
794 2561 978 2607 autem
1003 2554 1072 2609 de
1098 2551 1239 2610 Juda
1282 2555 1522 2611 dicitur:
1568 2554 1637 2613 Et
1679 2555 1924 2612 diabolus
1963 2566 2063 2613 stet

490 2661 527 2699 α
553 2644 755 2700 dextris
784 2646 900 2715 ejus
931 2646 999 2703 ".

937 2758 1196 2817 ORATIO
1230 2760 1442 2816 DAVlD
1477 2759 1619 2818 XVI.

564 2889 737 2951 Vens.
781 2895 832 2950 l.
876 2895 1126 2962 Exaudi,
1159 2895 1416 2960 Domine,
1439 2898 1715 2968 justitiam
1742 2915 1943 2964 meam,
1978 2901 2064 2955 iit-

490 2986 642 3042 tende
673 2987 1093 3057 deprecationem
1125 3007 1319 3051 meam.
1355 2991 1591 3045 Auribus
1623 2992 1827 3062 percipe
1860 2993 2062 3048 oratio-

492 3095 610 3147 nem
636 3096 808 3133 meam
828 3122 842 3147 ,
871 3098 973 3136 non
998 3083 1053 3137 in
1085 3082 1241 3137 labiis
1268 3082 1489 3139 dolosis.
1520 3081 1778 3143 Oratione
1804 3100 1904 3140 sua
1930 3100 2061 3155 sup-

491 3170 692 3240 plicat,
723 3182 778 3226 ut
806 3171 947 3229 Deus
975 3173 1231 3228 exaudiat
1250 3214 1265 3240 ,
1297 3190 1407 3230 non
1437 3175 1652 3245 quidem
1696 3190 1915 3241 vocem,
1946 3191 2058 3231 non

2237 1188 2321 1255 Σὺ
2362 1184 2423 1243 εἷ
2459 1191 2493 1242 ό
2537 1190 2957 1245 ἀποκαθιστῶν
3003 1192 3116 1259 τὴν
3165 1196 3573 1262 κληρονομίαν
3612 1213 3733 1266 μου

2165 1279 2314 1349 ἐμοί.
2344 1281 2518 1334 Πάλαι
2554 1283 2651 1352 μὲν
2683 1283 2813 1354 γὰρ,
2846 1285 3026 1354 φησὶν,
3057 1283 3190 1355 ἄλλη
3211 1302 3295 1348 τις
3311 1280 3378 1356 ἦν
3400 1286 3734 1358 κληρονομία

2172 1391 2294 1445 μου,
2325 1375 2418 1428 καὶ
2441 1373 2574 1428 ἄλλα
2599 1375 2954 1445 σχοινίσματά
2976 1393 3096 1447 μου.
3128 1378 3257 1431 Ὅτε
3281 1377 3390 1451 γὰρ
3416 1378 3735 1449 διεμέριζεν

2168 1469 2201 1521 ὁ
2221 1467 2242 1484 "
2254 1469 2511 1535 Υψιστος
2528 1467 2696 1535 ἔθνη,
2713 1467 2944 1540 ἐγενήθη
2962 1469 3133 1538 μερὶς
3147 1472 3365 1537 Κυρίου
3381 1472 3525 1537 λαὸς
3546 1472 3733 1536 αὐτοῦ

2179 1555 2402 1618 Ἰακὼϐ,
2435 1557 2765 1627 σχοίνισμα
2805 1560 3209 1628 κληρονομίας
3250 1561 3435 1616 αὐτοῦ
3494 1564 3733 1634 Ἰσραήλ.

2178 1648 2335 1701 Ἀλλὰ
2361 1648 2481 1701 τότε
2509 1648 2607 1719 μὲν
2636 1650 2791 1720 μερὶς
2812 1649 2905 1713 καὶ
2929 1648 3280 1721 κληρονομία,
3298 1652 3391 1704 καὶ
3408 1653 3736 1725 σχοίνισμαό

2165 1738 2426 1809 πρότερος
2447 1733 2515 1809 ἦν
2540 1737 2686 1800 λαός·
2714 1732 2773 1791 οὗ
2795 1739 3138 1803 διαπεσόντος
3154 1739 3247 1791 καὶ
3268 1739 3570 1811 ἀποϐλήτου
3586 1758 3735 1808 γενοσ

2168 1832 2327 1905 μένου
2352 1832 2440 1886 διὰ
2464 1830 2567 1896 τὰς
2589 1831 2839 1896 ἀσεϐείας
2861 1832 3060 1896 αὐτῶν,
3091 1832 3254 1903 ἑτέρα
3289 1832 3445 1903 μερὶς
3477 1833 3572 1886 καὶ
3604 1833 3738 1890 ἄλλα

2169 1924 2396 1995 σχοινία,
2413 1925 2507 1977 καὶ
2526 1925 2701 1997 ἕτεροι
2726 1924 2916 1995 κλῆροι
2939 1924 3059 1978 ἀντὶ
3078 1923 3184 1978 τῶν
3212 1924 3493 1996 προτέρων
3514 1926 3737 1982 ἐκείνων

2167 2015 2427 2085 ὲδόθησάν
2460 2033 2548 2086 μοι
2571 2016 2784 2083 ἐντοῖς
2808 2018 3166 2085 κρατίστοις.
3203 2018 3351 2091 Αὕτη
3386 2020 3515 2089 γὰρ,
3550 2021 3735 2092 φησὶν,

2166 2110 2199 2180 ὴ
2226 2107 2451 2179 δευτέρα
2476 2110 2741 2181 κρατίστη
2773 2111 2867 2165 καὶ
2891 2110 3202 2180 ἀρέσκουσά
3235 2112 3322 2181 μοί
3352 2111 3517 2165 ἐστιν.

2232 2201 2601 2271 Προωρώμην
2631 2203 2741 2256 τὸν
2766 2204 2987 2271 Κύριον
3017 2203 3271 2257 ἐνώπιόν
3292 2220 3412 2274 μου
3450 2202 3550 2257 διὰ
3583 2217 3735 2257 ,ταν-

2164 2295 2286 2358 τός·
2326 2293 2415 2347 ὅτι
2448 2295 2518 2348 ἐκ
2554 2293 2767 2359 δεξιῶν
2792 2313 2910 2365 μου
2942 2297 3135 2363 ἐστὶν,
3175 2299 3275 2352 ἵνα
3304 2296 3391 2367 μὴ
3436 2296 3735 2352 σαλευθῶ.

2176 2385 2235 2438 Ὃ
2273 2385 2446 2453 ἅγιος,
2487 2386 2573 2439 ἀεὶ
2616 2385 2958 2456 λογιζόμενος
2989 2388 3047 2441 ὲν
3072 2388 3367 2458 ὀφθαλμοῖς
3389 2389 3556 2442 αὐτοῦ
3597 2385 3737 2443 εἶναι

2162 2476 2254 2530 τὸν
2296 2477 2520 2550 Κύριον,
2565 2480 2626 2533 οὐ
2679 2480 2982 2534 σαλεύεταιο
3028 2481 3162 2535 ἀλλὰ
3200 2481 3410 2552 βέϐαιος
3442 2481 3675 2551 ἕστηκεν
3708 2480 3736 2532 6

2163 2570 2368 2642 Κύριος
2399 2573 2463 2625 ὲκ
2481 2571 2669 2638 δεξιῶν
2694 2572 2790 2627 τοῦ
2826 2572 3056 2627 δικαίου.
3083 2574 3216 2646 Περὶ
3241 2574 3298 2627 δὲ
3327 2574 3418 2627 τοῦ
3457 2573 3662 2642 Ἰούδα,
3685 2572 3735 2625 Ὁ

2163 2661 2441 2731 διάϐολος
2468 2664 2687 2730 στήτω,
2716 2666 2900 2738 φησὶν,
2925 2666 2994 2720 ἐκ
3019 2664 3232 2731 δεξιῶν
3255 2666 3461 2729 αὐτοῦ.

2504 2776 2878 2832 ΠΡΟΣΕΥΧΗ
2916 2777 3006 2830 Το
3040 2777 3239 2831 ams
3276 2779 3393 2845 ις’.

2227 2890 2631 2959 Είσάκουσον,
2658 2894 2855 2962 Κύριε,
2886 2892 3276 2960 δικαιοσύνης
3298 2910 3437 2961 μου,
3470 2892 3736 2964 πρόσχες

2161 2980 2238 3050 τῇ
2279 2979 2484 3048 δεήσει
2519 2999 2659 3052 μου.
2719 2981 3021 3038 Ἐνώτισαι
3067 2982 3183 3050 τὴν
3225 2984 3574 3054 προσευχήν
3619 3004 3736 3057 μου

2162 3071 2275 3123 οὐκ
2306 3070 2377 3123 ἐν
2408 3071 2639 3138 χείλεσι
2682 3070 2926 3140 δολίοις.
2980 3073 3234 3126 ’ἱκετεύει
3261 3073 3348 3139 διὰ
3377 3076 3477 3146 τῆς
3506 3093 3738 3146 προσευ-

2162 3165 2262 3234 χῆς
2294 3162 2384 3215 τὸν
2418 3162 2550 3216 Θεὸν
2577 3163 2849 3236 ἀκροατὴν
2871 3164 3141 3234 γενέσθαι,
3173 3167 3232 3219 ού
3257 3170 3354 3238 τῆς
3383 3171 3585 3239 φωνῆς,
3619 3170 3736 3223 οὐδὲ

489 3262 656 3317 verba
679 3278 779 3318 sua
805 3302 820 3326 ,
849 3263 945 3319 sed
973 3265 1229 3321 virtutem
1256 3285 1269 3322 :
1297 3282 1363 3321 ac
1389 3268 1433 3322 si
1458 3267 1710 3323 videlicet
1723 3267 1935 3338 justitia
1959 3283 2060 3324 sua

2176 3252 2270 3307 ιῶν
2304 3254 2563 3326 ῥημάτων
2591 3254 2775 3319 αὐτοῦ,
2801 3255 2915 3309 ἀλλ’
2945 3257 3113 3328 αὐτῆς
3137 3261 3236 3329 τῆς
3259 3260 3316 3311 ὲν
3341 3260 3486 3331 αύτῷ
3511 3262 3733 3333 ἀρετῆς,

490 3368 559 3408 ex
608 3353 777 3423 gestis
820 3354 1083 3423 operibus
1123 3356 1397 3421 clamitet,
1427 3357 1750 3429 divinasque
1777 3372 1938 3416 aures
1965 3360 2062 3417 de-

2176 3342 2351 3418 ἶισπερ
2382 3345 2592 3417 βοώσης
2618 3346 2705 3401 διὰ
2734 3347 2843 3401 τῶν
2881 3348 3131 3420 πράξεων
3151 3353 3248 3422 τῆς
3277 3350 3621 3425 δικαιοσύνης
3649 3356 3739 3409 καὶ

492 3445 752 3500 mulceat.
798 3443 987 3515 Neque
1028 3447 1175 3502 enim
1219 3447 1525 3519 quiSpiam,
1556 3449 1930 3520 improborum
1957 3452 2060 3508 sibi

2176 3438 2516 3510 Βυσωπούσης
2546 3440 2644 3511 τὴν
2678 3438 2826 3494 θείαν
2858 3442 3048 3513 ἀκοήν.
3074 3443 3187 3495 Οὐκ
3208 3442 3273 3497 ἂν
3297 3443 3401 3516 γάρ
3422 3462 3524 3511 τις,
3558 3446 3739 3517 ἑαυτῷ

489 3537 746 3591 conscius
795 3535 1101 3593 facinorum
1122 3579 1138 3603 ,
1167 3540 1344 3594 ’talem
1371 3539 1532 3597 facile
1557 3540 1823 3611 proferret
1848 3558 2058 3600 vocem.

2176 3528 2345 3598 ραῢλσ,
2384 3528 2657 3595 συνειδὼς,
2692 3531 2890 3603 ῥᾳδίως
2920 3532 2985 3586 ἂν
3015 3532 3270 3604 τοιαύτην
3313 3528 3492 3607 ἀφῆκε
3529 3540 3735 3609 φωνήν.

488 3627 628 3684 Illud
676 3646 838 3700 porro
865 3649 879 3685 :
916 3629 1135 3685 Intende
1155 3629 1569 3700 deprecationem
1598 3649 1767 3686 meam
1785 3674 1800 3698 ,
1827 3634 1952 3704 iure
1975 3633 2062 3688 di-

2176 3621 2234 3674 Γὸ
2262 3621 2340 3687 δὲ,
2386 3625 2660 3692 Πρόσχες
2696 3622 2772 3692 τῇ
2813 3622 3018 3691 δεήσει
3040 3644 3179 3695 μου,
3214 3627 3355 3681 είποι
3385 3629 3450 3682 ἂν
3478 3630 3689 3693 ἐκεῖνος
3711 3633 3739 3683 ό

486 3721 631 3776 xerit
657 3722 741 3776 vir
766 3722 855 3777 ille
880 3722 1143 3791 probatus
1170 3736 1233 3776 ac
1263 3722 1623 3788 exercitatus,
1649 3723 1741 3792 qui
1769 3723 1826 3777 in
1851 3724 2061 3779 orando

2176 3712 2619 3785 Βεὸασανισμὲνος
2657 3716 2751 3768 καὶ
2780 3717 3091 3789 πρεπούσας
3124 3718 3242 3790 Θεῷ
3276 3723 3330 3772 ὲν
3363 3722 3427 3791 τῇ
3460 3726 3736 3795 προσευχῇ

488 3813 683 3884 dignas
712 3813 822 3869 Deo
851 3813 1051 3868 emittit
1081 3813 1548 3885 supplicationes,
1590 3818 1682 3885 qui
1731 3830 1842 3871 non
1890 3831 2059 3887 parva

2176 3805 2498 3877 ἰναπέμπων
2537 3808 2769 3879 δεήσεις,
2812 3811 2840 3862 6
2887 3811 2960 3882 μὴ
2999 3810 3091 3863 ἐπὶ
3128 3815 3346 3883 μικροῖς
3378 3812 3614 3877 καὶτοῖς
3646 3831 3738 3868 w-

487 3905 734 3974 quredam
778 3905 1015 3978 viliaque
1055 3905 1331 3975 postulat.
1374 3920 1551 3976 neque
1594 3921 1694 3976 pro
1734 3908 2057 3963 mortalibus

2176 3897 2344 3969 (οὖσιν
2388 3901 2673 3971 αἰτήμασι,
2721 3901 2842 3972 μηδ’
2882 3904 2974 3956 ἐπὶ
3007 3902 3219 3975 θνητοῖς
3252 3905 3343 3958 καὶ
3375 3905 3737 3978 ἀνθρωπίνοις

489 3996 855 4066 humanisque
890 3998 1054 4052 rebus
1087 3996 1256 4052 Deum
1284 4007 1560 4068 precatur.
1598 3998 1833 4069 ldipsum
1869 3998 2059 4054 Salva-

2176 3990 2493 4061 παρακαλῶν
2520 3991 2611 4044 τὸν
2638 3992 2788 4047 Θεόν.
2818 3993 2989 4046 Τοῦτο
3015 3993 3143 4063 γοῦν
3168 3997 3260 4049 καὶ
3283 3999 3311 4049 6
3342 3996 3531 4067 Σωτὴρ
3562 3997 3736 4052 ἐδίδα-

488 4093 575 4138 tor
602 4083 789 4139 docuit
813 4086 944 4146 talia
969 4085 1114 4141 fatus
1143 4107 1155 4141 :
1202 4079 1399 4153 Magna
1418 4084 1597 4151 pctite,
1630 4094 1679 4138 et
1705 4103 1873 4156 parua
1912 4087 2058 4157 adji-

2176 4099 2259 4136 ικε
2283 4080 2476 4149 λέγων’
2510 4081 2732 4135 Αἰτεῖτε
2755 4080 2828 4135 τὰ
2853 4080 3107 4152 μεγάλα,
3129 4081 3226 4136 καί
3253 4081 3326 4136 τὰ
3347 4084 3528 4153 μικρὰ
3549 4098 3735 4155 προσ-

487 4175 692 4228 cientur
713 4173 854 4228 vobis
878 4175 945 4232 ⁸⁶.
971 4173 1158 4231 Tertio
1185 4183 1365 4230 autem
1398 4184 1672 4247 precatur,
1698 4186 1760 4231 ut
1785 4177 1901 4246 ipsa
1928 4191 2057 4231 ora-

2176 4172 2470 4240 ιεθήσεται
2495 4172 2656 4243 ὑμῖν.
2682 4172 2792 4225 Καὶ
2816 4174 2997 4244 τρίτον
3018 4173 3075 4225 δὲ
3101 4173 3351 4239 ἱκετεύει,
3376 4177 3471 4230 καὶ
3495 4177 3641 4231 αὐτὰ
3668 4179 3735 4233 τὰ

485 4268 655 4321 tionis
697 4267 865 4322 verba
912 4268 1139 4324 auribus
1180 4268 1485 4339 percipiat,
1518 4278 1607 4334 et,
1639 4275 1700 4324 ut
1729 4269 1804 4322 ita
1834 4269 2013 4323 dicam
2037 4309 2053 4334 ,

2176 4265 2380 4335 Βήματα
2419 4268 2518 4334 τῆς
2555 4266 2862 4335 προσευχῆς
2908 4264 3285 4326 ὲνωτίσασθαι,
3324 4263 3503 4334 κρῖναί
3544 4279 3630 4326 τε,
3661 4263 3735 4324 ὡς

486 4356 556 4413 de
600 4361 720 4430 ipsa
761 4375 897 4416 voce
935 4360 1184 4430 judicet,
1226 4361 1373 4431 quod
1417 4377 1526 4417 non
1559 4361 1616 4415 in
1646 4361 1805 4416 labiis
1847 4360 2057 4416 dolosis

2176 4358 2350 4420 ;ίπεῖν,
2385 4357 2480 4409 καὶ
2513 4355 2681 4426 αὐτὴν
2707 4355 2805 4426 τὴν
2841 4353 3046 4425 φωνὴν,
3086 4354 3168 4406 ὅτι
3201 4352 3275 4425 μὴ
3316 4354 3374 4405 ὲν
3410 4351 3615 4423 χείλεσι
3651 4351 3737 4404 δο-

485 4449 699 4521 prolata
729 4451 822 4504 sit.
851 4450 1179 4522 Plerumque
1205 4452 1352 4521 enim
1381 4453 1641 4522 praeclara
1669 4452 1966 4522 loquimur,
1994 4467 2058 4507 ac

2176 4446 2291 4510 .lou;
2330 4447 2683 4518 προφέρεται.
2722 4444 2988 4509 Πολλάκις
3018 4443 3127 4516 γὰρ
3156 4444 3330 4514 σεμνὰ
3363 4440 3733 4512 φθεγγόμεθα.

484 4538 670 4594 verbis
704 4541 908 4594 utimur
935 4556 998 4596 ex
1034 4540 1317 4611 Scriptura
1344 4541 1529 4595 divina
1556 4541 1890 4613 depromptis
1914 4559 1929 4608 ;
1959 4541 2055 4596 sed

2176 4537 2252 4591 cal.
2278 4538 2459 4606 λόγοις
2486 4535 2747 4608 χρώμεθα
2780 4539 2889 4598 τοῖς
2919 4534 3024 4588 ἀπὸ
3052 4534 3161 4587 τῶν
3195 4533 3352 4587 θείων
3380 4532 3638 4604 Γραφῶν,
3675 4534 3734 4585 οὐ

484 4647 596 4686 non
626 4634 875 4704 purgatis
904 4633 1087 4689 labiis.
1119 4633 1186 4701 Et
1214 4648 1345 4689 vero
1372 4612 1674 4697 occurrunt
1703 4649 1847 4704 saepe
1875 4632 2057 4687 homi-

2176 4629 2587 4701 ιεκαθαρμένοις
2602 4631 2714 4690 τοῖς
2728 4627 2978 4697 χείλεσιν.
3006 4625 3144 4696 Ἤδη
3165 4625 3223 4678 δέ
3240 4642 3403 4689 τινες,
3426 4625 3737 4696 ἀδιαφόρως

485 4736 624 4786 nes,
674 4723 771 4792 qui
820 4721 1305 4777 indiscriminatim
1354 4722 1661 4787 conviciis,
1716 4722 2051 4787 calumniis,

2176 4721 2444 4792 λοιδορίαις
2487 4719 2630 4772 κατά
2670 4735 2829 4773 στι-διον
2879 4718 3235 4793 χρησάμενοι,
3284 4716 3316 4788 ἢ
3363 4715 3656 4781 διαϐολαῖς,
3698 4715 3733 4787 ἢ

485 4811 788 4869 mendaciis
806 4851 827 4879 ι
852 4812 1221 4869 fraudulentis
1249 4813 1431 4869 verbis
1453 4852 1470 4878 ,
1501 4813 1765 4884 periuriis
1791 4855 1807 4881 ,
1835 4813 2056 4876 obsole-

2176 4807 2550 4880 ρευδολογίαις,
2583 4807 2617 4877 ἢ
2657 4807 2914 4871 ἀπάταις,
2955 4808 2988 4878 ἢ
3022 4807 3350 4878 ὲπιορκίαις,
3395 4806 3427 4877 ἦ
3469 4807 3734 4879 αίσχροῤ-

485 4905 572 4958 nis
613 4904 812 4971 dictis,
853 4905 1087 4976 aliisque
1128 4907 1382 4961 absurdis
1422 4907 1654 4962 vocibus
1700 4907 1821 4968 usi,
1864 4903 2053 4961 confe-

2176 4900 2511 4972 Βημοσύναις,
2546 4899 2580 4970 ἢ
2613 4899 2793 4963 ἄλλοις
2818 4900 2958 4953 τισὶν
2991 4898 3212 4961 ἀτόποις
3251 4900 3477 4967 φωναῖς,
3522 4897 3734 4970 ἀθρόως

487 4994 614 5049 stim
641 5002 855 5050 mutato
878 5011 1130 5053 sermone
1148 5038 1162 5060 ,
1206 4997 1462 5068 precibus
1505 4997 1674 5053 Deum
1703 4996 2051 5067 compellant.

2176 4991 2586 5057 ιεταϐάλλοντες
2625 4991 2684 5043 ὲν
2715 4992 2782 5061 τῇ
2825 4992 3102 5061 προσευχῇ
3131 4989 3223 5042 τὸν
3252 4989 3384 5041 Θεὸν
3415 4988 3735 5051 ἐπικαλοῦν·

486 5083 558 5137 At
601 5086 752 5141 solus
793 5087 879 5141 vir
916 5095 1178 5154 sanctus,
1205 5100 1254 5144 et
1297 5089 1538 5159 linguam
1578 5096 1634 5143 et
1675 5088 1816 5141 labia
1848 5100 2057 5141 vocem-

2176 5099 2271 5137 ιαι.
2307 5082 2483 5147 Μόνος
2508 5082 2565 5135 δὲ
2592 5084 2621 5135 6
2651 5081 2805 5151 ἅγιος
2836 5082 2931 5135 καὶ
2961 5080 3059 5151 τὴν
3081 5080 3327 5148 γλῶτταν
3350 5080 3515 5139 αὐτοῦ
3541 5080 3637 5134 καὶ
3664 5078 3735 5132 τὰ

486 5189 594 5245 que
620 5175 796 5245 ipsam
825 5193 890 5232 ac
912 5181 1079 5235 verba
1107 5182 1195 5236 vel
1226 5197 1327 5237 usu
1355 5180 1572 5237 tritiora
1599 5188 1861 5250 expurgat
1886 5197 1900 5246 ;
1930 5192 2057 5248 gna-

2176 5176 2336 5246 (είλη,
2355 5176 2450 5228 καὶ
2469 5175 2566 5245 τὴν
2587 5175 2768 5245 φωνὴν
2794 5173 2982 5244 αὐτὴν,
3010 5174 3106 5226 καὶ
3126 5173 3194 5226 τὰ
3217 5170 3371 5226 κοινὰ
3393 5172 3612 5243 ῥήματα
3635 5188 3734 5224 κα-

486 5286 584 5326 rus
615 5271 765 5328 illius
790 5274 919 5328 dicti
949 5294 962 5329 :
998 5275 1074 5331 De
1103 5278 1245 5331 omni
1271 5276 1424 5331 verba
1452 5277 1621 5331 otioso
1652 5275 1910 5329 rationem
1940 5272 2055 5328 red-

2176 5269 2364 5341 lalpet'
2405 5266 2558 5332 εἰδὼς
2584 5267 2891 5339 εἰρημένονδ
2910 5264 3048 5333 Περὶ
3081 5265 3305 5330 παντὸς
3334 5264 3520 5333 ἀργοῦ
3545 5262 3735 5331 om

484 5363 621 5418 detis
657 5364 716 5418 in
753 5363 840 5420 die
866 5365 1060 5435 judicii
1101 5369 1166 5401 "°
1212 5367 1357 5424 Deus
1402 5367 1673 5438 siquidem
1713 5366 2049 5428 orationem,

2176 5378 2260 5427 τος
2297 5359 2517 5414 δώσετε
2558 5359 2745 5429 λόγον
2773 5357 2842 5411 ἐν
2880 5356 3069 5437 ἡμέρᾳ
3108 5357 3377 5424 κρίσεως.
3412 5353 3732 5426 Προσευχῆς

490 5470 599 5511 non
627 5454 788 5511 labiis
813 5457 1019 5514 dolosis
1040 5500 1055 5523 ,
1089 5459 1188 5515 sed
1218 5466 1450 5530 purgata
1482 5459 1666 5529 lingua
1691 5498 1706 5523 ,
1740 5457 2053 5526 divinisque

2176 5453 2265 5525 (dp
2306 5454 2367 5508 οὐ
2409 5452 2496 5506 διὰ
2534 5452 2758 5523 χειλέων
2801 5450 2989 5504 δολίων
3036 5447 3504 5521 προσφερομένης,
3548 5445 3637 5500 διὰ
3672 5444 3730 5498 δὲ

489 5548 835 5605 sermonibus
876 5551 1205 5606 meditandis
1245 5560 1463 5606 assueta
1497 5551 1762 5621 prolatam
1783 5589 1799 5616 ,
1829 5550 2051 5606 auribus

2176 5547 2402 5617 (λώττης
2445 5544 2882 5615 κεκαθαρμένης,
2924 5542 3019 5605 καὶ
3055 5541 3124 5595 τὰ
3165 5541 3284 5594 θεῖα
3314 5540 3467 5607 λόγια
3500 5538 3730 5609 μελετᾷν

490 5639 741 5709 percipit.
794 5640 1163 5706 Quamobrem
1219 5656 1343 5696 cum
1390 5643 1458 5697 de
1510 5643 1724 5711 justitia
1782 5642 2046 5712 loquitur,

2176 5640 2488 5710 ;ίθισμένης,
2537 5636 2847 5700 ὲνωτίζεται
2890 5638 2918 5688 6
2950 5634 3100 5697 Θεός.
3149 5632 3238 5685 Διὸ
3266 5632 3358 5684 ἐπὶ
3394 5632 3492 5702 μὲν
3529 5629 3624 5701 τῆς
3651 5628 3729 5683 δι·

560 5793 820 5860 ".Matth.
866 5811 1016 5865 xxvi,
1061 5796 1147 5851 59.
1228 5797 1267 5829 ³⁸
1297 5795 1454 5865 Deut.
1497 5814 1669 5866 xxx”,
1717 5799 1770 5865 8,
1824 5800 1874 5854 9.
1952 5800 1995 5830 ⁸³
2029 5796 2172 5854 Psal.
2218 5812 2335 5861 cm,
2388 5795 2441 5850 6.
2519 5791 2863 5855 “Matth.\'t,
2893 5790 2981 5844 33.
3059 5787 3313 5849 “Matth.
3361 5802 3457 5851 xu,
3492 5785 3581 5839 56.
