3940 6292
241 355 339 412 1‘5!

1392 343 1893 415 COMMENTARIA
1932 352 1998 408 1N
2037 351 2375 408 PSALMOS.

3399 356 3505 411 162

245 470 571 540 καιοσύνης,
598 473 990 536 εἰσάκουσον,
1017 471 1251 540 ἐλέγετο,
1275 474 1366 526 ἐπὶ
1383 473 1438 526 δὲ
1455 477 1554 544 τῆς
1576 474 1832 544 δεήσεως,

1946 466 2152 532 exaudi,
2178 465 2376 534 inquit;
2403 477 2528 516 curn
2556 459 2623 516 de
2649 458 3033 529 deprecatione
3053 501 3066 526 ,
3095 448 3302 536 intende
3325 483 3344 529 ;
3381 481 3509 522 cum

257 567 541 635 πρόσχες·
575 565 675 617 ἐπὶ
707 565 765 618 δὲ
795 567 890 635 τῆς
914 564 998 616 διὰ
1025 564 1246 634 χειλέων
1287 565 1700 636 προφερομένης
1730 582 1841 634 φω-

258 660 378 727 νῆς,
418 653 722 710 ὲνώτισαι.
761 654 897 726 Τρία
927 654 1053 722 γοῦν
1085 657 1321 725 ᾐτήσατο
1350 655 1438 709 διὰ
1467 657 1576 709 τῶν
1613 673 1837 728 προκει-

260 748 465 817 μένων,
493 745 774 818 πρστάξας
799 746 903 799 τῶν
935 747 1027 799 δύο
1052 745 1113 799 τὸ
1141 750 1404 818 κρεῖττον.

348 838 743 906 Ἑδοκίμασας
779 838 893 908 τὴν
935 839 1185 908 καρδίαν
1213 856 1352 907 μου,
1391 838 1709 907 ἐπεσκέψω
1735 855 1840 892 νυ-

253 931 429 995 κτός·
457 929 774 998 ἑπὺρωσάς
806 947 900 998 με,
945 931 1040 983 καὶ
1081 932 1191 997 οὺχ
1219 929 1429 997 είιρέθη
1462 929 1531 982 ἐν
1558 930 1686 998 ἐμοὶ
1716 929 1840 983 ἀδι-

255 1023 385 1075 κία.
423 1022 512 1084 Ὠς
547 1022 640 1092 τὴν
665 1022 1008 1093 ἀνθρωπίνην
1031 1022 1312 1076 ἀσθένειαν
1338 1021 1650 1092 ὑπερϐαίνει
1676 1025 1708 1093 ἡ
1731 1021 1838 1074 τῶν

257 1113 642 1182 προκειμένων
668 1115 872 1166 διάνοια
895 1116 906 1166 !
932 1114 1025 1178 Τίς
1038 1114 1144 1184 γὰρ
1160 1116 1489 1186 καυχήσεται
1514 1115 1681 1186 ἁγνὴν
1699 1114 1839 1184 ἔχειν

252 1203 525 1274 καρδίαν;
557 1207 648 1259 καὶ
676 1206 759 1268 τίς
788 1207 1220 1278 παρρησιάζεται
1241 1207 1415 1275 λέγων
1445 1206 1681 1277 καθαρὸς
1703 1203 1837 1258 εἶναι

253 1294 374 1347 ἀπὸ
390 1294 672 1365 ἁμαρτιῶν
691 1312 705 1360 ;
724 1295 884 1367 Μόνῳ
898 1298 1182 1370 τοιγαροῦν
1201 1297 1424 1370 ἁρμόζοι
1452 1298 1600 1368 αύτῴ
1622 1298 1838 1369 Χριστῷ

249 1382 451 1453 λέγειν
485 1387 553 1438 τὰ
598 1387 947 1458 προκείμενα.
983 1391 1290 1461 Μήποτεδὲ
1321 1392 1418 1462 τὴν
1470 1392 1549 1453 εἰς
1593 1389 1682 1443 τὸν
1707 1390 1838 1460 ᾅδην

251 1475 509 1540 κάθοδον,
537 1478 630 1532 καὶ
652 1481 740 1530 τὸν
761 1481 818 1532 ὲν
846 1479 922 1550 τῷ
939 1480 1151 1552 Θανάτῳ
1173 1482 1367 1554 χῶρον,
1389 1481 1558 1536 νύκτα
1574 1481 1839 1552 κέκληκεν

250 1567 356 1619 ὲπὶ
386 1568 484 1621 τοῦ
517 1570 814 1642 πάροντος;
847 1573 908 1624 Ei
939 1572 1048 1643 γὰρ
1073 1574 1166 1626 καὶ⁵
1189 1576 1246 1627 ὲν
1267 1573 1420 1628 νυκτὶ
1442 1573 1664 1642 γέγονεν
1684 1575 1740 1626 ὲν
1763 1571 1839 1642 τῷ

249 1659 440 1729 καιρῷ
454 1659 562 1712 τῶν
580 1663 945 1733 πειρατηρίων
957 1665 1049 1717 καὶ
1061 1666 1117 1717 ὲν
1132 1664 1210 1735 τῷ
1228 1664 1483 1736 σκοτεινῷ
1499 1664 1592 1718 καὶ
1608 1666 1840 1733 ἀφεγγεῖ

247 1748 412 1818 τόπῳ
440 1749 535 1827 τοῦ
565 1751 813 1805 θανάτου’
844 1753 978 1806 ἀλλὰ
1005 1755 1375 1825 δοκιμασθεὶς,
1407 1756 1708 1827 ἐπισκοπῆς
1740 1758 1837 1826 τῆς

1942 560 2010 616 de
2037 573 2170 615 voce
2200 557 2359 612 labiis
2386 557 2628 626 prolata,
2665 555 2885 609 auribus
2910 556 3132 624 percipe.
3166 556 3295 612 Tria
3323 557 3508 630 itaque

1941 651 2105 707 dictis
2130 649 2444 719 hujusmodi
2477 649 2738 718 postulat,
2764 655 2817 701 et
2846 646 2992 717 quod
3019 652 3366 718 praestantius
3393 663 3512 709 erat

1941 741 2158 796 duobus
2187 741 2308 795 aliis
2339 739 2623 809 praemisit.

2013 831 2178 888 Vens.
2217 833 2270 886 5.
2311 831 2565 885 Probasti
2603 847 2694 884 cor
2736 847 2904 884 meum
2947 839 2995 885 et
3041 831 3275 885 visitasti
3318 844 3468 888 nocte
3493 873 3510 900 ,

1941 927 2058 996 igne
2098 944 2178 980 me
2223 927 2580 993 exantinasti,
2623 936 2673 980 et
2715 943 2819 980 non
2859 936 2936 979 est
2976 925 3186 979 inventa
3214 927 3267 979 in
3297 944 3377 981 me
3406 930 3512 982 ini-

1940 1020 2134 1087 quitas.
2173 1019 2447 1086 Quantum
2491 1019 2781 1071 humanam
2809 1017 3177 1072 infirmitatem
3219 1031 3511 1089 exsuperat

1941 1110 2253 1180 hujusmodi
2299 1111 2590 1165 verborum
2621 1110 2893 1165 sententia
2922 1111 2934 1163 !
2970 1108 3104 1174 Quis
3135 1109 3281 1163 enim
3309 1109 3377 1164 de
3419 1125 3513 1164 ca-

1940 1205 2126 1260 stitate
2166 1203 2348 1259 c0rdis
2382 1204 2752 1274 gloriabitur?
2783 1202 2918 1269 Quis
2947 1201 3288 1257 conﬁdenter
3317 1202 3466 1256 dicat
3495 1220 3508 1255 :

1939 1293 2119 1351 Purus
2161 1310 2282 1351 sum
2327 1310 2355 1347 a
2405 1295 2686 1365 peccatis?
2731 1293 2856 1348 Πλιτο
2898 1309 3031 1349 sane
3072 1309 3214 1347 unus
3260 1292 3513 1348 Christus
3551 1357 3562 1375 .

1939 1403 2067 1442 vere
2097 1402 2160 1442 ac
2191 1395 2557 1458 congruenter
2585 1388 2766 1442 dicere
2791 1391 2988 1442 valeat.
3017 1388 3212 1440 Annon
3245 1401 3405 1440 suum
3438 1383 3509 1440 ad

1941 1479 2145 1534 inferos
2172 1479 2534 1544 descensum,
2564 1489 2729 1550 atque
2773 1481 2954 1534 locum
2999 1480 3151 1533 illum
3193 1479 3247 1532 in
3289 1478 3511 1549 regione

1939 1571 2152 1638 mortis,
2181 1578 2397 1626 noctem
2431 1572 2485 1625 in
2513 1574 2768 1642 prasenti
2798 1573 3011 1626 vocavit
3034 1573 3056 1624 ?
3078 1571 3338 1637 Quamvis
3365 1571 3512 1626 enim

1942 1665 1997 1719 in
2027 1673 2188 1720 nocte
2217 1665 2382 1720 fuerit
2413 1680 2477 1719 ac
2518 1664 2573 1718 in
2617 1673 2860 1735 tempore
2906 1666 3267 1720 tentationum
3289 1704 3304 1727 ,
3348 1664 3514 1733 inque

1941 1756 2250 1812 tenebrosis
2310 1757 2735 1826 caliginosisque
2786 1757 2980 1812 mortis
3024 1757 3380 1826 regionibus,
3431 1763 3514 1808 at-

251 1842 409 1911 παρά
438 1821 537 1895 τοῦ
567 1844 781 1916 Πατρὸς
823 1845 1048 1915 ἠξίωται
1087 1821 1176 1900 διὰ
1211 1850 1312 1920 τῆς
1345 1821 1708 1913 ἀναστάσεως,
1747 1821 1835 1900 καὶ

1946 1856 2122 1903 tamen
2155 1821 2446 1918 probatus:
2479 1821 2705 1918 paterna
2736 1848 3052 1903 visitatione
3075 1821 3272 1919 dignus
3295 1847 3513 1901 habitus

245 1933 460 2006 ταύτης
505 1935 821 2008 τετύχηκεν.
879 1938 1222 2012 Ἐπειδήπερ,
1266 1935 1353 1994 οἵα
1384 1941 1583 2012 χρυσὸς
1619 1943 1676 1994 ὲν
1705 1945 1834 2014 πυρὶ

252 2027 498 2096 βληθεὶς,
530 2027 780 2100 λαμπρὸς
809 2031 899 2083 καὶ
929 2030 1168 2102 καθαρὸς
1187 2031 1607 2103 διαμεμένηκεν.
1659 2033 1836 2087 Ἐπει-

248 2119 317 2190 δὴ
348 2120 514 2189 μόνος
559 2121 668 2174 τῶν
702 2120 761 2186 ἐξ
791 2122 987 2186 αἰῶνος
1034 2124 1328 2192 ἁμαρτίαν
1371 2126 1480 2178 οὐκ
1525 2125 1833 2192 ἐποίησεν,

253 2210 399 2266 οὐδὲ
419 2214 636 2282 εὑρέθη
669 2213 871 2281 δόλος,
907 2215 1048 2269 κατὰ
1076 2217 1166 2270 τὸν
1213 2217 1457 2280 Ἡσαΐαν,
1491 2219 1561 2272 ὲν
1587 2218 1667 2286 τῷ
1698 2222 1837 2274 στό-

249 2321 396 2372 ματι
425 2306 637 2359 αὑτοῦ.

331 2398 525 2464 Ὅπως
558 2399 635 2452 ἂν
671 2399 758 2468 μὴ
807 2400 1055 2470 λαλήσῃ
1099 2401 1165 2455 τὸ
1197 2403 1391 2470 στόμα
1431 2421 1550 2472 μου
1595 2405 1668 2456 τὰ
1693 2404 1837 2475 ἔργα

259 2487 380 2543 τῶν
408 2491 752 2558 ἀνθρώπων,
780 2491 879 2546 διὰ
900 2493 1040 2559 τοὺς
1068 2494 1287 2564 λόγους
1312 2493 1430 2548 τῶν
1453 2495 1702 2564 χειλέων
1719 2513 1835 2551 σου

260 2581 378 2650 ἐγὼ
409 2582 680 2650 ἐφύλαξα
715 2584 895 2650 ὁδοὺς
927 2584 1222 2652 σκληράς.
1266 2586 1323 2638 Ὀ
1350 2585 1406 2638 δὲ
1434 2587 1726 2658 Σύμμαχος
1755 2591 1834 2641 εὶ-

261 2673 399 2728 πών·
447 2675 585 2743 Ἐγὼ
613 2675 1013 2746 ἐφυλαξάμην
1039 2677 1214 2744 ὀδοὺς
1243 2677 1606 2746 παραϐἀτου,
1643 2681 1836 2752 ἑτέραν

259 2766 568 2836 παρέστησε
595 2766 854 2821 διάνοιαν·
882 2768 958 2832 ὡς
985 2768 1077 2822 τοῦ
1114 2770 1210 2841 τὴν
1239 2771 1400 2842 εὐχὴν
1437 2771 1837 2844 διαπέμποντος

257 2859 433 2912 πάντα
462 2859 755 2929 ἄνθρωπον
801 2863 1122 2933 παραϐάτην
1171 2863 1482 2933 φεύγοντος,
1522 2865 1616 2919 καὶ
1657 2868 1838 2932 πάσας

262 2950 348 3013 τὰς
384 2950 498 3005 τῶν
532 2952 792 3006 τοιούτων
837 2954 1007 3018 ὁδοὺς,
1054 2954 1141 3008 διὰ
1181 2956 1244 3008 τὸ
1289 2956 1527 3026 χαλεπὰς
1569 2954 1707 3010 εἶναι
1745 2957 1836 3010 καὶ

258 3044 640 3116 ἀποσκλήρους
669 3046 845 3109 πάσας
873 3045 970 3109 τὰς
1004 3046 1142 3100 κατὰ
1177 3048 1373 3101 κακίαν
1395 3048 1639 3120 πράξεις.

317 3137 689 3206 Κατάρτισαι
740 3137 814 3191 τὰ
864 3139 1194 3208 διαδήματα
1215 3158 1333 3209 μου
1359 3142 1428 3193 ἐν
1454 3141 1579 3208 ταῖς
1619 3142 1836 3209 τρίϐοις

258 3245 386 3295 σου,
416 3231 523 3282 ἵνα
542 3229 630 3299 μὴ
669 3231 1009 3285 σαλευοῶσι
1041 3232 1111 3286 τὰ
1136 3232 1467 3302 διαϐήματά
1490 3252 1630 3302 μου.
1675 3235 1836 3286 Ὑπο-

265 3319 513 3389 γραμμὸν
555 3322 687 3390 ἡμῖν
716 3322 808 3374 καὶ
853 3322 939 3375 διὰ
981 3322 1182 3376 τούτων
1244 3323 1514 3394 παρέσχεν
1563 3327 1591 3377 ὁ
1622 3325 1831 3396 Σωτὴρ,

260 3412 530 3465 παιδεύων
594 3413 803 3483 μήποτε
841 3415 1238 3486 ὲπιτρίὸεσοαι,
1268 3416 1400 3486 μηδὲ
1435 3416 1575 3486 μέγα
1604 3419 1686 3487 ἐφ’
1711 3419 1837 3470 ἐαυ-

260 3502 365 3563 rei;
390 3505 636 3573 φρονεῖν.
677 3499 750 3557 Εὖ
781 3503 835 3555 δὲ
875 3506 969 3559 καί
1001 3506 1243 3577 άκριῦὦς
1269 3508 1577 3573 πεπεῖσθαι,
1615 3509 1689 3571 ὼς
1711 3509 1837 3562 πάν-

262 3608 372 3645 τοτε
395 3597 496 3664 τῆς
528 3594 682 3664 παρὰ
707 3595 796 3648 τοῦ
820 3596 954 3649 Θεοῦ
983 3597 1504 3669 δεόμεθα¹βοηοείας,
1523 3600 1610 3653 ἵνα
1636 3600 1712 3670 μὴ
1744 3617 1837 3655 σα-

262 3682 413 3755 λευθῇ
675 3687 746 3740 τὰ
781 3689 1110 3759 διαϐήματα,
1142 3689 1235 3742 καὶ
1298 3691 1378 3752 εις
1433 3691 1493 3742 τὸ
1526 3690 1835 3761 ἐφαρμόσαι

263 3779 370 3839 ταῖς
396 3774 596 3830 ἑαυτοῦ
623 3779 826 3850 τρίϐοις
857 3781 983 3842 τοὺς
1006 3780 1302 3850 ἡμετέρους
1332 3781 1516 3844 πόδας.

327 3871 779 3939 Θαυμάστωσον
808 3870 880 3925 τὰ
911 3872 1051 3941 ὲλέη
1081 3887 1196 3925 σου
1231 3875 1261 3925 ό
1283 3872 1481 3932 σώζων
1502 3873 1642 3939 τοὺς
1663 3874 1834 3928 ἐλπί-

264 3959 459 4028 ζοντας
511 3964 611 4017 ἐπὶ
647 3958 741 4014 σέ.
767 3963 960 4029 Σὼζων
990 3966 1046 4019 δὲ
1080 3966 1291 4037 εἴρηται
1336 3965 1461 4029 τοὺς
1522 3965 1836 4030 ἐλπίζοντας

264 4053 334 4116 είς
368 4054 552 4119 αὑτὸν,
578 4055 640 4107 ού
680 4055 804 4119 τοὺς
850 4059 914 4109 ἐκ
945 4057 1255 4127 σπέρματος
1301 4056 1534 4127 Ἰσραὴλ,
1565 4057 1684 4110 οὐδὲ
1712 4059 1836 4121 τοὺς

266 4147 395 4198 κατὰ
427 4146 519 4200 τὸν
549 4147 711 4216 νόμον
741 4147 1013 4211 Μωῦσέως
1070 4147 1336 4218 βιοῦντας⁴
1369 4148 1479 4201 ἀλλ’
1504 4147 1687 4218 ὥσπερ
1713 4166 1836 4203 και·-

266 4235 350 4306 νὴν
379 4238 499 4290 ὁδὸν
531 4238 854 4310 εὑράμενος,
888 4239 1074 4304 σώζων
1100 4240 1342 4309 ἀνεφάνη
1389 4241 1513 4303 τοὺς
1547 4243 1626 4304 εἰς
1674 4241 1834 4294 αὑτὸν

264 4328 580 4396 ἠλπικότας.
605 4329 782 4384 Μένει
811 4331 940 4402 γάρ,
971 4334 1132 4404 φησὶν
1169 4332 1198 4383 ὁ
1236 4331 1571 4396 Ἀπόστολος,
1609 4339 1830 4398 πίστις,

264 4419 448 4488 ἐλπὶς,
484 4422 707 4492 ἀγάπη·
744 4424 812 4477 τὰ
847 4426 970 4497 τρία
1003 4427 1170 4480 ταῦτα
1199 4429 1629 4498 συμπέπλεκται,
1649 4427 1835 4498 ὥσπερ

1937 1948 2021 1995 est
2065 1957 2162 2011 per
2206 1943 2666 1996 resurrectionem
2714 1956 2879 2010 quam
2926 1941 3186 1995 obtinuit.
3240 1939 3512 2006 Quoniam

1939 2047 2036 2086 ceu
2063 2048 2255 2088 aurum
2284 2034 2391 2104 igni
2418 2034 2676 2088 traditum
2700 2075 2714 2100 ,
2743 2032 3061 2103 splendidus
3086 2048 3364 2103 purusque
3389 2048 3511 2101 per-

1937 2127 2158 2180 mansit.
2189 2124 2350 2182 Solus
2376 2127 2522 2181 enim
2550 2142 2615 2180 ex
2646 2126 2714 2180 iis
2741 2130 2833 2196 qui
2861 2142 2890 2180 a
2914 2127 3114 2181 saeculo
3143 2125 3360 2180 fuerunt
3391 2141 3512 2194 pec-

1936 2227 2112 2271 catum
2147 2235 2251 2272 non
2300 2219 2460 2288 fecit,
2511 2235 2706 2289 neque,
2739 2220 3040 2275 secundum
3072 2219 3300 2284 lsaiam,
3333 2219 3512 2273 inven-

1938 2318 2020 2364 tus
2045 2319 2124 2365 est
2146 2309 2299 2364 dolus
2332 2313 2385 2364 in
2420 2325 2506 2366 ore
2537 2311 2651 2380 ejus
2668 2311 2734 2366 ⁸⁸.

2007 2397 2174 2458 Vens.
2216 2403 2268 2458 4.
2318 2403 2385 2457 Ut
2419 2420 2522 2458 non
2563 2403 2812 2472 loquatur
2847 2421 2904 2458 os
2937 2420 3109 2458 meum
3145 2420 3302 2474 opera
3339 2403 3509 2460 homi-

1939 2509 2097 2558 num,
2133 2503 2346 2561 propter
2379 2493 2536 2546 verba
2568 2492 2835 2546 labiorum
2870 2502 3080 2546 tuorum
3119 2509 3211 2562 ego
3254 2493 3513 2548 custodisti

1937 2587 2048 2640 vias
2101 2587 2286 2641 duras.
2343 2586 2705 2657 Symmachus
2751 2602 2876 2640 cum
2928 2586 3039 2639 ait:
3087 2585 3201 2656 Ego
3245 2586 3512 2642 observavi

1937 2680 2051 2733 vias
2108 2680 2583 2747 praevaricatoris,
2650 2678 2813 2731 aliam
2870 2678 3089 2748 praefert
3149 2680 3511 2742 sententiam,

1937 2773 2096 2841 quasi
2132 2773 2343 2828 scilicet
2378 2773 2425 2826 is
2459 2772 2553 2842 qui
2601 2772 2907 2826 orationem
2955 2771 3190 2836 emittit,
3243 2772 3311 2826 ab
3362 2773 3512 2825 omni

1937 2861 2158 2917 homine
2192 2864 2615 2932 praevaricatore
2651 2859 2930 2927 declinet;
2969 2868 3133 2930 atque
3181 2875 3374 2920 omnes
3428 2870 3512 2913 ta-

1939 2951 2072 3005 lium
2124 2953 2368 3006 virorum
2421 2951 2681 3014 semitas,
2735 2966 3013 3021 pravaque
3065 2967 3265 3023 opera,
3321 2959 3512 3022 utpote

1939 3046 2076 3100 dura
2115 3054 2167 3099 et
2208 3061 2400 3116 aspera
2443 3053 2747 3100 aversetur.

2011 3136 2175 3192 Vens.
2209 3137 2260 3192 5.
2305 3135 2508 3205 Perﬁce
2545 3151 2754 3206 gressus
2788 3151 2927 3188 meos
2957 3137 3011 3188 in
3050 3136 3252 3191 semi1is
3298 3136 3422 3198 tuis,
3448 3146 3506 3190 ut

1939 3246 2039 3284 non
2073 3244 2379 3284 moveantur
2414 3230 2633 3300 vestigia
2666 3247 2799 3284 mea.
2837 3229 3125 3300 Exemplar
3157 3233 3314 3288 nobis
3359 3233 3512 3289 hisce

1938 3321 2120 3377 verbis
2164 3321 2415 3375 admovet
2452 3320 2739 3388 Salvator;
2782 3314 3166 3391 admonetque,
3197 3339 3320 3376 cum
3355 3333 3413 3377 ut
3443 3339 3514 3379 ne

1940 3418 2122 3472 animo
2157 3417 2491 3488 frangamur,
2537 3426 2652 3471 tum
2699 3433 2766 3472 ne
2796 3433 3052 3488 magnum
3083 3417 3151 3472 de
3182 3418 3338 3472 nobis
3375 3418 3510 3488 ipsis

1939 3509 2244 3578 sapiamus,
2275 3509 2545 3580 planeque
2587 3519 2925 3579 compertum
2959 3525 3024 3564 ac
3052 3525 3375 3580 persuasum
3412 3510 3516 3563 ha-

1939 3600 2188 3665 beamus,
2237 3616 2338 3656 nos
2367 3601 2556 3656 divino
2602 3617 2817 3672 semper
2847 3616 3008 3671 egere
3040 3602 3264 3666 auxilio,
3306 3609 3366 3654 ut
3399 3617 3512 3656 non

1938 3701 2262 3747 moveantur
2296 3693 2524 3764 vestigia
2554 3701 2767 3756 nostra,
2806 3700 2978 3762 utque
3007 3693 3174 3763 pedes
3204 3699 3424 3747 nostros
3451 3693 3509 3746 in

1938 3784 2146 3837 semitis
2179 3783 2298 3850 ejus
2331 3793 2479 3837 recte
2507 3798 2919 3852 componamus.

2007 3874 2173 3930 Vens.
2208 3876 2257 3929 7.
2303 3874 2537 3943 Miriﬁca
2585 3874 2973 3928 misericordias
3024 3884 3164 3938 tuas,
3209 3876 3297 3946 qui
3335 3876 3509 3930 salvos

1939 3965 2071 4034 facis
2116 3973 2383 4032 sperantes
2423 3965 2476 4016 in
2506 3961 2709 4028 ιε.ρυί
2744 3963 2922 4017 salvos
2951 3962 3102 4028 facit,
3145 3964 3340 4033 inquit,
3386 3980 3511 4035 spe-

1937 4065 2123 4111 rantes
2151 4057 2204 4109 in
2250 4071 2331 4119 se,
2362 4071 2474 4110 non
2504 4071 2599 4110 eos
2629 4055 2723 4124 qui
2755 4070 2817 4109 ex
2859 4054 3068 4109 semine
3099 4053 3316 4110 lsraelis
3357 4065 3508 4120 sunt,

1936 4166 2115 4220 neque
2145 4165 2241 4204 eos
2265 4149 2356 4219 qui
2383 4148 2682 4204 secundum
2710 4147 2910 4218 Moysis
2937 4147 3107 4216 legem
3131 4147 3293 4202 vitam
3320 4155 3510 4218 agunt,

1938 4243 2055 4304 sed,
2093 4243 2248 4312 quasi
2293 4256 2433 4295 nova
2479 4248 2691 4311 reperta
2737 4241 2847 4304 via,
2900 4240 3128 4294 salutem
3164 4240 3513 4308 sperantibus

1937 4335 1993 4388 in
2020 4350 2078 4389 se
2108 4333 2358 4387 conferre
2384 4340 2696 4402 compertus
2735 4339 2838 4384 est.
2882 4329 3098 4383 Manent
3137 4332 3305 4394 enim,
3337 4331 3517 4399 inquit

1935 4427 2250 4496 Apostolus,
2277 4426 2427 4496 fides,
2463 4441 2600 4493 spes,
2635 4423 2867 4478 cltaritas
2901 4424 2942 4456 ⁴⁹
2977 4442 2988 4476 :
3016 4424 3118 4477 tria
3145 4423 3257 4478 haec
3271 4438 3369 4478 Ceu
3395 4425 3518 4478 vin-

265 4510 346 4580 ὐφ’
384 4513 466 4565 ἐνὶ
485 4512 672 4583 δεσμῷ
703 4517 1124 4586 κατεσφιγμένα.
1156 4518 1247 4570 Διὸ
1284 4519 1381 4588 τὴν
1415 4519 1592 4570 πίστιν
1647 4520 1711 4586 τῇ
1746 4517 1832 4570 ἑλ-

1946 4521 2063 4574 culo
2101 4521 2289 4574 eodem
2329 4519 2555 4573 astricta
2600 4524 3021 4572 connectuntur.
3065 4515 3410 4586 Quapropter
3452 4517 3515 4569 ti-

267 4603 370 4656 πίδι
397 4604 663 4658 συνάπτει
687 4605 875 4674 λέγων·
912 4608 1083 4660 Ἔστι
1115 4605 1183 4660 δὲ
1208 4608 1409 4672 πίστις
1441 4603 1834 4674 ἐλπιζομένων

265 4695 598 4761 ὑπόστασις
625 4697 994 4766 πραγμάτων,
1035 4697 1281 4767 ἔλεγχος
1330 4701 1401 4751 οὐ
1421 4695 1830 4765 βλεπομένων·

265 4787 428 4840 ταῦτα
461 4789 507 4840 δ’
543 4789 602 4854 ἐξ
626 4789 844 4859 ἀγάπης
872 4791 969 4860 τῆς
1004 4791 1138 4859 πρὸς
1191 4792 1281 4843 τὸν
1318 4790 1447 4842 Θεὸν
1492 4789 1702 4858 φύεται·
1741 4790 1834 4842 καὶ

265 4875 323 4929 δι’
343 4878 524 4931 αὐτῶν
556 4877 719 4931 πάλιν
747 4881 780 4949 ή
808 4881 885 4942 εἰς
915 4879 1046 4932 Θεὸν
1077 4880 1262 4949 ἀγάπη
1311 4879 1653 4947 κρατύνεται.

339 5055 439 5112 Ἐκ
469 5056 592 5110 τῶν
627 5057 1081 5124 ἀνθεστηκότων
1107 5056 1180 5126 τῇ
1201 5056 1368 5124 δεξιᾷ
1403 5072 1517 5110 σου
1554 5057 1822 5125 φύλαξον

261 5167 347 5218 με,
379 5151 580 5218 Κύριε,
611 5149 691 5213 ὡς
713 5151 899 5216 κόρην
943 5147 1268 5217 ὀφθαλμοῦ.
1313 5151 1415 5201 Ἐν
1467 5147 1664 5215 σκέπῃ
1716 5146 1832 5200 τῶν

267 5245 569 5312 πτερύγων
624 5260 741 5295 σου
815 5239 1144 5306 σκεπάσεις
1197 5259 1273 5310 με
1332 5240 1450 5295 ἀπὸ
1509 5240 1828 5308 προσώπου

266 5336 494 5390 ἀσεϐῶν
525 5334 648 5389 τῶν
691 5332 1272 5401 ταλαιπωρησὰντων
1297 5351 1393 5402 με.
1455 5334 1564 5385 Καὶ
1594 5335 1700 5396 πᾶς
1738 5333 1835 5403 μὲν

268 5426 464 5491 δίκαιος
490 5426 928 5499 προσευχόμενος
982 5425 1174 5478 δείσΘω
1225 5425 1316 5479 τοῦ
1378 5424 1534 5488 Θεοῦ,
1575 5426 1672 5495 τῆς
1708 5421 1832 5494 παρ’

269 5519 419 5572 αὑτοῦ
443 5517 837 5584 καταξιοῦσθαι
889 5518 1153 5588 φυλακῆς·
1191 5517 1468 5588 ὁμολογῶν
1526 5517 1598 5587 μὴ
1656 5517 1836 5579 ἱκανὸς

271 5606 396 5665 εἶναι
427 5611 602 5680 φύλαξ
630 5611 791 5671 αὐτὸς
814 5609 1004 5663 ἑαυτοῦ
1028 5609 1269 5676 γίνεσθαι
1289 5609 1378 5663 διὰ
1407 5609 1467 5662 τὸ
1501 5607 1699 5678 πλῆθος
1730 5608 1836 5659 τῶν

335 5790 373 5824 ⁸³
410 5789 514 5850 lsa.
541 5806 660 5858 thl,
692 5789 791 5857 19;
836 5787 852 5841 l
886 5789 1029 5844 Petr.
1072 5805 1130 5856 ιι,
1156 5789 1244 5843 2?.
1321 5791 1362 5823 ”
1397 5789 1418 5843 l
1450 5788 1574 5844 Cor.
1599 5803 1718 5854 xm,
1757 5789 1836 5842 l5.

1939 4608 2059 4663 dem
2081 4610 2194 4678 spei
2223 4610 2475 4678 copulat,
2505 4609 2630 4662 dum
2662 4608 2736 4661 ait
2768 4625 2780 4660 :
2808 4605 2902 4660 Est
2934 4608 3264 4675 autemﬁdes
3295 4625 3515 4676 sperau-

1941 4701 2132 4754 darum
2166 4700 2460 4754 substantia
2487 4717 2681 4764 rerum,
2716 4712 3078 4771 argumentum
3109 4717 3209 4752 non
3249 4714 3512 4766 apparen-

1941 4793 2070 4844 tium
2106 4792 2173 4844 ³ο.
2208 4790 2331 4844 llaec
2371 4806 2536 4859 porro
2577 4806 2644 4845 ex
2693 4806 2801 4844 una
2849 4806 2975 4860 erga
3021 4789 3190 4842 Deum
3245 4789 3512 4844 charitate

1943 4883 2231 4948 oriuntur;
2271 4883 2448 4952 iisque
2479 4883 2722 4936 vicissim
2759 4883 2999 4936 charitas
3039 4895 3168 4948 erga
3203 4877 3372 4932 Deum
3420 4895 3510 4932 ro-

1939 4974 2185 5029 horatur.

2011 5064 2177 5121 Vens.
2219 5067 2272 5130 8,
2309 5066 2362 5121 9.
2404 5067 2444 5119 A
2481 5064 2840 5120 resistentibus
2888 5063 3114 5114 dextera:
3155 5071 3259 5116 tute
3303 5062 3510 5116 custodi

1940 5173 2041 5217 me,
2068 5156 2310 5219 Domine,
2347 5166 2405 5209 ut
2443 5156 2697 5225 pupillam
2729 5153 2887 5206 oculi.
2925 5149 3031 5203 Sub
3067 5151 3254 5203 umbra
3300 5151 3511 5204 alarum

1938 5254 2146 5298 tuarum
2190 5254 2424 5315 proteges
2475 5261 2573 5305 me,
2621 5260 2652 5295 a
2689 5243 2824 5310 facie
2862 5241 3142 5309 impiorum
3180 5241 3268 5310 qui
3303 5257 3383 5294 me
3426 5241 3512 5308 af-

1937 5336 2209 5404 ﬂixerunt.
2241 5335 2430 5390 Justus
2462 5333 2713 5403 quilibet,
2749 5346 2872 5384 cum
2909 5337 3182 5399 precatur,
3215 5345 3244 5382 a
3275 5328 3384 5383 Deo
3413 5332 3510 5384 ob-

1939 5429 2065 5482 nise
2097 5428 2336 5497 postulet
2371 5426 2448 5482 uti
2480 5443 2538 5480 se
2583 5423 2834 5480 custodia
2873 5439 2973 5477 sua
3005 5422 3299 5492 dignetur;
3334 5421 3507 5476 fatear

1939 5529 2136 5589 turque
2171 5535 2249 5580 se,
2283 5535 2394 5589 prae
2424 5517 2866 5573 adversariorum
2893 5515 3264 5578 multitudine,
3303 5513 3369 5567 ad
3407 5530 3505 5566 cu-

1941 5608 2172 5661 stodiam
2225 5606 2309 5659 sui
2345 5604 2567 5662 minime
2599 5602 2853 5660 idoneum
2881 5618 3045 5660 esse:
3083 5607 3236 5674 roget
3268 5603 3397 5658 item
3431 5599 3506 5656 uti

1914 5787 1956 5818 ⁵ο
1991 5785 2155 5844 Hebr.
2186 5799 2262 5851 ιι,
2304 5786 2349 5842 l.
