3940 6292
470 353 579 422 1'63

1165 352 1431 411 EUSEBII
1471 344 1953 408 CJESARIENSIS
1989 343 2142 403 OPP.
2184 339 2363 396 PARS
2399 339 2467 395 ill
2494 382 2507 395 .
2547 364 2616 378 -υ-
2655 335 3062 397 EXEGETICA.

3626 338 3738 394 161

472 462 618 533 Deus
648 489 706 532 se
737 468 1013 529 cbstodiat
1040 462 1199 543 quasi
1230 468 1492 542 pupillam
1525 468 1707 536 oculi;
1739 484 1866 524 cum
1896 465 2048 522 'scili-

2156 459 2564 528 ἀνθεστηκότων
2596 458 2764 531 acup
2805 456 3142 529 φυλαχθῆναί
3191 473 3251 509 τε
3304 454 3515 517 ἑαυτὸν,
3546 440 3741 528 ὥσπερ

472 578 559 625 cet
594 567 777 622 videat
821 561 1077 621 inimicos
1110 564 1348 620 dexterae
1378 562 1473 617 Dei
1502 562 1854 625 obsistentes,
1886 561 2044 614 item-

469 668 575 733 Que
604 654 950 716 adversarios
980 659 1179 713 animae
1214 658 1332 713 'suae
1363 656 1525 711 oculo
1569 654 1802 710 insidias
1835 658 2045 709 struen-

466 761 575 818 tes,
618 753 835 822 sibique
884 749 1187 805 caecitatem
1241 747 1445 803 inferre
1494 747 1799 816 cupientes.
1840 742 2043 798 Verum

468 844 599 914 quia
648 842 945 913 impiorum
995 839 1137 896 bene
1188 836 1345 895 multi
1396 838 1762 892 calamitatem
1806 835 1911 905 ipsi
1954 832 2042 887 in-

468 938 615 995 ferre
646 934 709 992 ac
747 936 801 990 in
834 938 1106 989 aerumnas
1129 932 1307 1002 ipsmn
1329 929 1605 999 conjicere
1635 927 1875 990 student,
1915 926 2047 980 tela-

471 1040 579 1103 qlte
626 1032 680 1087 in
722 1030 901 1102 ipsum
948 1029 1242 1094 emittunt;
1297 1027 1400 1082 sub
1454 1027 1569 1081 alas
1614 1024 1706 1079 Dei
1741 1021 2041 1092 confugiat,

468 1125 818 1195 postuletque
847 1122 967 1193 ejus
1010 1139 1070 1178 se
1097 1120 1441 1192 prOtectione
1475 1118 1698 1173 muniri.
1733 1114 1840 1171 Sed
1877 1116 2043 1170 etiam

472 1216 588 1287 ipse
617 1210 869 1269 Salvator
899 1229 1001 1285 pro
1041 1211 1287 1267 Ecclesia
1331 1225 1451 1275 sua,
1485 1222 1607 1279 quae
1654 1221 1816 1263 suum
1843 1219 2044 1274 corpus

468 1302 575 1374 est,
606 1307 822 1363 easdem
857 1306 922 1360 ad
953 1304 1173 1360 Patrem
1220 1317 1382 1360 suum
1412 1301 1699 1357 emittebat
1726 1310 1910 1353 voces.
1941 1296 2043 1351 Per

471 1401 588 1456 alas
617 1402 804 1467 autem.
827 1398 1054 1454 virtutes
1078 1395 1434 1468 providentite
1462 1392 1609 1447 illius
1641 1390 1936 1461 intelligas;

544 1666 712 1730 Vbiis.
781 1673 975 1729 10-12.
1043 1660 1255 1725 Inimici
1310 1670 1411 1725 ntei
1468 1667 1702 1723 animum
1742 1672 1910 1723 mitam
1949 1668 2050 1721 cir-

474 1766 885 1831 cumdederunt,
920 1766 1125 1834 adipem
1153 1780 1309 1819 suum
1339 1762 1727 1825 concluserunt,
1768 1777 1826 1815 os
1871 1777 2051 1815 eorum

473 1852 702 1916 locutum
728 1869 805 1914 est
837 1859 1154 1927 superbiant.
1183 1855 1531 1925 Projicientes
1559 1871 1639 1908 me
1668 1870 1804 1907 nunc
1826 1853 2049 1906 circum-

471 1948 725 2004 dederunt
751 1965 830 2003 me
848 1965 866 2002 :
889 1948 1066 2001 oculos
1093 1963 1218 2001 suos
1246 1954 1545 1999 statuerunt
1572 1944 1838 1998 declinare
1862 1944 1916 1998 in
1944 1953 2048 1997 ter-

471 2058 608 2099 ram.
644 2040 994 2102 Susceperunt
1030 2055 1110 2093 me
1140 2039 1274 2092 sicut
1308 2037 1386 2091 leo
1420 2046 1641 2107 paratus
1688 2034 1756 2089 ad
1788 2035 2045 2102 prazdam,

469 2138 520 2187 ει
552 2134 685 2186 sicut
718 2133 928 2185 catulus
957 2130 1122 2183 leonis
1145 2127 1392 2180 habitans
1421 2128 1478 2180 in
1509 2126 1725 2183 abditis.
1758 2125 1933 2196 Hujus
1961 2138 2052 2179 au-

471 2229 581 2283 tem
625 2227 767 2289 loco,
810 2223 1164 2292 Projicientes
1213 2237 1293 2274 me
1343 2218 1799 2273 circumdederunt
1844 2235 1944 2283 me,
1975 2219 2050 2271 ita

475 2318 839 2391 Symmachus
862 2316 1254 2384 interpretatur
1278 2332 1291 2366 :
1317 2312 1542 2366 Beatum
1569 2312 1917 2381 prtedicantes
1946 2321 2047 2375 me,

474 2408 660 2465 statim
697 2402 1152 2461 circumdederunt
1201 2418 1302 2466 me,
1338 2408 1394 2455 et
1422 2401 1634 2467 oculos,
1685 2400 1881 2471 inquit,
1920 2414 2050 2455 suos

477 2500 780 2570 posuerunt
828 2501 1025 2549 contra
1073 2508 1182 2557 me,
1233 2500 1292 2546 ut
1343 2493 1623 2548 declinare
1674 2508 1759 2546 me
1789 2489 2046 2546 facerent.

476 2591 614 2648 Nam
647 2591 701 2647 id
724 2590 1061 2661 satagebant,
1093 2597 1154 2642 ut
1182 2599 1270 2641 me
1303 2601 1333 2640 a
1354 2593 1501 2642 statu
1531 2586 1622 2640 illo
1670 2594 1724 2640 et
1748 2596 1778 2638 a
1805 2585 2051 2655 profectu

485 2684 788 2742 secundum
818 2680 988 2735 Deum
1006 2694 1007 2697 ‘
1028 2679 1323 2733 avellerent
1348 2688 1401 2731 et
1430 2682 1765 2741 amoverent,
1796 2676 2052 2732 adversa—

479 2781 623 2834 rium
664 2782 911 2831 uestrum
948 2772 1225 2827 diabolum
1265 2769 1528 2834 aemulati,
1559 2769 1650 2840 qui
1680 2777 1933 2839 tanquam
1973 2769 2051 2824 leo

479 2861 689 2930 rugiens
712 2862 898 2914 circuit
922 2878 1156 2931 quaerens
1184 2879 1335 2934 quem
1362 2863 1566 2918 devoret
1592 2863 1657 2917 δι.
1681 2864 1745 2918 Et
1775 2881 1855 2918 me
1877 2866 2049 2935 ipsum

480 2960 820 3021 Susceperunt
862 2954 999 3007 sicut
1044 2954 1125 3009 leo
1156 2965 1379 3025 paratus
1431 2962 1500 3009 ad
1543 2956 1799 3025 praedam,
1829 2966 1879 3010 et
1911 2958 2048 3012 sicut

479 3044 686 3099 catulus
718 3044 883 3100 leonis
919 3045 1164 3101 habitans
1210 3047 1263 3100 in
1292 3046 1508 3101 abditis.
1535 3045 1720 3117 Neque
1756 3050 1898 3103 enim
1934 3049 2048 3106 haec

477 3136 917 3192 machinamenta
940 3138 1116 3207 palam
1143 3138 1431 3194 adversum
1458 3155 1544 3195 me
1570 3139 1877 3196 conﬂabant
1909 3160 1923 3196 :
1951 3142 2043 3198 sed

475 3232 719 3285 occultas
750 3231 975 3287 insidias
1004 3233 1287 3302 parabant.

547 3334 716 3392 Vsus.
760 3338 848 3401 15,
907 3337 991 3393 14.
1035 3337 1292 3407 Exsurge,
1320 3332 1566 3405 Domine,
1604 3343 1833 3409 prteveni
1867 3359 1952 3397 eos
2001 3351 2051 3397 et

477 3431 763 3501 supplanta
796 3447 883 3485 eos
907 3446 925 3483 :
972 3429 1112 3500 eripe
1144 3431 1380 3484 animam
1410 3448 1580 3485 meam
1613 3431 1678 3486 ab
1712 3434 1898 3503 impio,
1933 3435 2053 3503 fra-

477 3523 649 3575 ineam
671 3528 819 3573 tuam
859 3519 925 3572 ab
954 3519 1182 3573 inimicis
1210 3535 1400 3574 manus
1437 3527 1562 3576 tute.
1589 3519 1833 3587 Domine,
1859 3539 1890 3575 a
1919 3537 2054 3590 pau-

479 3611 555 3665 eis
580 3611 643 3665 de
675 3619 814 3664 terra
840 3607 1012 3663 divide
1035 3625 1122 3663 eos
1150 3609 1206 3662 in
1238 3607 1345 3663 vita
1384 3624 1600 3676 eorum;
1634 3608 1698 3663 de
1728 3609 2052 3666 absconditis

480 3702 586 3755 luis
611 3701 925 3771 adlmpletus
950 3709 1027 3756 est
1051 3703 1226 3755 venter
1256 3705 1457 3755 eorum.
1484 3699 1729 3755 Saturati
1753 3713 1876 3756 sunt
1899 3703 2050 3772 ﬁliis,

476 3802 528 3849 et
563 3794 878 3849 dimiserunt
932 3793 1184 3864 reliquias
1237 3809 1363 3847 suas
1414 3793 1648 3861 parvulis
1698 3794 1828 3849 suis.
1891 3794 1947 3849 In
1989 3809 2053 3849 ea

478 3898 701 3957 quoque
750 3900 808 3939 re
840 3882 1046 3955 aliquid
1078 3885 1294 3955 capiam
1341 3885 1616 3942 utilitatis.
1651 3885 1756 3940 Sed
1790 3884 2052 3942 frameam

479 3986 658 4042 tuam,
695 3978 894 4045 inquit.
949 3976 1152 4045 eripias
1195 3974 1263 4031 de
1294 3990 1459 4030 manu
1508 3975 1854 4031 lnimicorum
1880 3994 1895 4044 ;
1925 3980 2054 4032 nam

479 4068 833 4124 metuendum
880 4067 1016 4122 alias
1048 4073 1215 4133 esset,
1269 4081 1338 4121 ne
1370 4066 1631 4122 frameam
1687 4067 1834 4121 illam
1881 4075 2052 4135 tuam,

480 4161 569 4216 cui
602 4176 704 4231 ego
736 4159 977 4214 conlisus
1016 4158 1360 4214 adversarios
1390 4170 1667 4230 oppUgno,
1698 4171 1729 4215 ε
1751 4175 1915 4215 manu
1945 4164 2054 4216 cr’i-

479 4250 631 4321 piant
664 4262 805 4313 mea,
856 4263 1052 4317 meque
1097 4247 1178 4302 sic
1207 4258 1548 4303 exarmatum
1582 4250 1771 4304 eadem
1800 4250 1919 4319 ipsa
1953 4249 2055 4304 fra-

479 4352 602 4398 mea
638 4341 979 4397 adoriantur.
1023 4336 1210 4395 Fuerit
1244 4348 1424 4396 autem
1476 4342 1568 4396 illa
1612 4360 1782 4397 sermo
1809 4343 1908 4399 Dei
1946 4345 2055 4415 elﬁ-

476 4447 581 4487 caa:
610 4440 661 4486 et
702 4430 1081 4500 penetrabilior
1118 4433 1262 4484 omni
1284 4431 1465 4502 gladio
1486 4435 1704 4502 ancipiti
1724 4436 1791 4495 ",
1813 4436 1904 4505 qui
1931 4435 2051 4489 ani-

474 4538 598 4588 mae,
634 4521 855 4577 framea:
874 4521 1014 4587 loco,
1052 4521 1118 4576 ad
1154 4523 1551 4591 pr0pulsandos
1595 4524 1847 4580 inimicos
1881 4526 2052 4580 tradi-

2149 549 2271 604 τινὰ
2293 550 2464 621 κόρην
2491 548 2771 619 ὀφθαλμοῦ
2828 545 3412 619 παρακαλείτωέὸρῶν
3443 544 3570 609 τοὺς
3601 545 3740 599 ἀνθ-

2155 640 2459 714 εστηκότας
2488 644 2555 712 τῇ
2587 639 2739 712 δεξιᾷ
2762 639 2859 694 τοῦ
2903 637 3038 692 Θεοῦ
3070 636 3295 709 ἐχθρούς
3311 654 3485 701 τινας,
3513 635 3608 691 καὶ
3637 653 3741 690 πο·

2149 733 2366 806 λεμίους
2396 732 2477 805 τῷ
2502 733 2602 804 τῆς
2628 731 2806 804 ψυχῆς
2828 731 2992 786 αὑτοῦ
3040 727 3300 801 ὀφθαλμῷ
3353 726 3738 783 ἐπιϐουλεύον-

2149 839 2268 887 τας,
2300 822 2395 876 καὶ
2421 821 2699 892 τυφλῶσαι
2750 821 2913 875 αὑτὸν
2965 820 3235 884 θέλοντας.
3278 819 3438 873 Ἀλλά
3468 819 3565 873 καὶ
3599 816 3738 872 πολ-

2150 914 2257 967 λῶν
2278 913 2446 968 ὄντων
2467 912 2679 968 ἀσεϐῶν
2720 913 2829 968 τῶν
2856 978 2859 979 ν
2884 911 3394 989 ταλαιπωριζόντων
3426 912 3587 966 αὐτὸν
3629 910 3737 982 (1),

2148 1007 2395 1060 τουτέστι
2422 1006 2765 1079 ταλαίπωρον
2813 1005 2975 1060 αὐτὸν
3029 1006 3459 1075 ἀποφαινόντων,
3514 1003 3647 1077 βέλη
3675 1021 3738 1058 τε

2151 1101 2270 1155 κατ’
2301 1098 2464 1154 αὐτοῦ
2496 1100 2841 1171 πεμπόντων,
2868 1099 2970 1153 ὑπὸ
3010 1098 3107 1163 τὰς
3140 1092 3429 1171 ,πτέρυγας
3461 1097 3739 1168 καταφεύ-

2151 1210 2262 1262 γων
2298 1191 2391 1246 τοῦ
2424 1192 2580 1258 Θεοῦ,
2618 1194 2825 1265 σκέπης
2847 1192 2945 1262 τῆς
2974 1192 3064 1245 ὑπ’
3095 1190 3241 1262 αὐτῷ
3263 1193 3446 1261 τυχεῖν
3477 1190 3733 1257 ἀξιούτω.

2164 1285 2323 1339 Ἀλλά
2354 1287 2449 1361 καὶ
2478 1287 2507 1339 6
2547 1287 2739 1356 Σωτὴρ
2796 1284 2935 1356 ὑπὲρ
2995 1285 3095 1356 τῆς
3147 1282 3310 1337 αὑτοῦ
3382 1282 3734 1354 Ἐκκλησίας,

2151 1376 2272 1446 ἥτις
2304 1376 2451 1429 ἐστὶν
2481 1374 2646 1429 αὑτοῦ
2677 1375 2857 1446 σῶμα,
2884 1377 3087 1439 ταύτας
3119 1374 3405 1445 ἀνέπεμπε
3438 1375 3576 1445 πρὸς
3639 1374 3735 1428 τὸν

2152 1468 2372 1539 Πατέρα
2398 1467 2495 1532 τὰς
2517 1467 2720 1537 φωνάςε
2775 1468 3058 1538 Πτέρυγας
3103 1467 3162 1520 δὲ
3222 1467 3437 1537 νοήσεις
3473 1466 3574 1531 τάς
3630 1465 3736 1536 τῆς

2153 1560 2409 1635 προνοίας
2441 1558 2604 1613 αὐτοῦ
2650 1559 2926 1630 δυνάμεις.

2229 1679 2293 1729 Ol
2316 1676 2519 1745 ἐχθροί
2539 1688 2660 1745 μου
2694 1667 2810 1744 τὴν
2863 1669 3081 1744 ψυχήν
3122 1686 3243 1744 μου
3291 1673 3636 1745 περιέσχον,
3663 1675 3734 1730 τό

2155 1764 2338 1836 στέαρ
2384 1766 2584 1821 αὐτῶν
2647 1767 3080 1835 συνέκλεισαν,
3141 1766 3209 1821 τὸ
3270 1767 3464 1836 στόμα
3529 1767 3738 1824 αὐτῶν

2081 1898 2124 1952 Β
2147 1860 2454 1929 ἐλάλησεν
2479 1860 2914 1930 ὑπερηφανίαν.
2985 1848 3418 1951 Ἐςιϐἀλλοντές
3475 1877 3554 1929 με
3588 1860 3733 1915 νυνὶ

2151 1950 2642 2026 περιεκύκλωσάν
2662 1973 2759 2025 με’
2776 1953 2919 2021 τοὺς
2939 1946 3284 2025 ὀφθαλμοὺς
3302 1954 3499 2011 αὐτῶν
3524 1956 3733 2012 ἔθεντο

2149 2049 2418 2104 ἐκκλῖναι
2449 2047 2519 2102 ἐν
2546 2046 2621 2116 τῇ
2651 2047 2748 2116 γῇ.
2788 2046 3124 2101 ’Υπέλαϐόν
3145 2064 3221 2117 με
3253 2048 3394 2102 ὡσεὶ
3412 2047 3571 2102 λέων
3589 2048 3734 2104 ἕτοι-

2143 2159 2259 2212 μος
2286 2143 2374 2207 εὶς
2406 2130 2617 2209 θήραν,
2653 2140 2752 2193 καὶ
2777 2129 2921 2192 ὡσεὶ
2972 2140 3245 2209 σκύμνος
3272 2137 3452 2193 οἰκῶν
3477 2140 3549 2193 ἐν
3583 2141 3732 2196 ἀπο-

2150 2234 2415 2301 κρύφοις.
2454 2231 2599 2284 Ἀντί
2617 2230 2675 2283 δὲ
2730 2229 2844 2297 τοῦ,
2890 2220 3321 2297 Ἐκϐάλλοντές
3346 2248 3425 2300 με
3450 2235 3731 2301 περιεκύ-

2151 2322 2397 2378 κλωσάν
2416 2339 2515 2393 με,
2549 2322 2577 2375 6
2607 2322 2899 2394 Σύμμαχος
2935 2323 3108 2387 οὕτως
3150 2325 3486 2396 ἡρμήνευσεο
3525 2328 3734 2381 Μακα-

2147 2404 2409 2485 ρίζοντές
2461 2422 2540 2484 με
2595 2406 2955 2485 παραχρῆμα
3011 2417 3445 2484 περιεκύκλουν
3492 2434 3590 2487 με,
3637 2418 3734 2472 καὶ

2150 2510 2277 2572 τοὺς
2298 2508 2609 2579 ὀφθαλμοὺς
2634 2507 2691 2561 δὲ
2724 2506 2927 2572 αὐτῶν,
2987 2506 3172 2578 φησὶν,
3230 2507 3413 2562 ἔθεντο
3437 2511 3557 2563 κατ’
3593 2509 3731 2580 ἐμοῦ

2152 2600 2245 2653 τοῦ
2275 2586 2603 2673 παρακλίναί
2628 2617 2715 2671 με.
2741 2600 3156 2672 Παρασαλεῦσαι
3187 2600 3295 2673 γάρ
3326 2617 3393 2672 με
3422 2602 3517 2656 καὶ
3539 2602 3734 2655 ἀποκι-

2152 2691 2312 2762 νῆσαι
2337 2692 2435 2761 τῆς
2498 2693 2738 2756 στάσεως
2791 2692 2886 2746 καὶ
2933 2693 3033 2763 τῆς
3080 2692 3222 2746 κατά
3264 2693 3396 2747 Θεὸν
3448 2696 3735 2766 προκοπῆς

2153 2783 2498 2849 ἐσπούδαζονί
2535 2784 2857 2856 μιμούμενοι
2905 2784 2998 2838 τὸν
3029 2786 3296 2840 ἀντίδικον
3343 2787 3498 2858 ἡμῶν
3552 2787 3736 2843 διάϐο-

2152 2873 2263 2940 λον,
2300 2874 2370 2941 ὃς
2405 2875 2485 2941 ὡς
2511 2877 2668 2930 λέων
2692 2875 3037 2945 ἀρυόμενος
3059 2874 3369 2945 περιπατεῖ
3382 2876 3570 2948 ζητῶν
3597 2880 3736 2934 τινα

2153 2965 2436 3034 καταπίῃ.
2479 2963 2799 3020 ’Υπέλαϐόν
2824 2981 2901 3034 με
2933 2967 3027 3021 καὶ
3075 2968 3236 3022 αὐτὸν
3293 2969 3374 3035 ὡς
3399 2969 3555 3023 λέων
3584 2970 3736 3025 ἓτοιι

2147 3073 2262 3126 μος
2283 3058 2371 3122 εἰς
2409 3055 2618 3124 θήραν,
2643 3057 2741 3111 καὶ
2771 3057 2852 3124 ὡς
2878 3058 3147 3127 σκύμνος
3188 3057 3364 3113 οἰκῶν
3381 3060 3451 3113 ἐν
3479 3060 3737 3130 datorem}-

2155 3165 2311 3218 φοις.
2338 3147 2472 3202 Οὐδὲ
2493 3146 2600 3221 γὰρ
2638 3149 2703 3203 ὲκ
2725 3148 2819 3203 τοῦ
2849 3150 3155 3221 προφανοῦς
3180 3150 3468 3205 ἐποιοῦντο
3486 3152 3587 3224 τὴν
3610 3154 3734 3208 κατ’

2074 3242 2118 3298 C
2150 3237 2285 3308 ἐμοῦ
2320 3239 2610 3311 συσκευὴν,
2635 3239 2771 3295 ἀλλά
2794 3235 3067 3312 λαθραίως
3086 3241 3475 3316 ἐνεδρεύοντες.

2238 3350 2577 3420 Ἀνάσεηθι,
2597 3353 2799 3422 Κύριε,
2824 3355 3177 3424 πρόφθασον
3203 3356 3424 3423 αὐτοὺς
3451 3358 3551 3412 καὶ
3580 3361 3733 3415 ὐπο-

2155 3443 2449 3498 σκέλισον
2469 3445 2707 3512 αὐξούςο
2723 3446 2910 3515 ῥῦσαι
2936 3446 3049 3516 τὴν
3074 3447 3279 3519 ψυχήν
3311 3467 3424 3518 μου
3449 3450 3566 3505 ἀπὸ
3592 3452 3741 3507 ἀσεσ

2156 3531 2317 3598 ϐοῦς,
2341 3534 2649 3603 ,ῥομφαίαν
2689 3551 2804 3590 σου
2830 3536 2951 3591 ἀπὸ
2982 3536 3210 3608 ἐχθρῶν
3231 3538 3341 3609 τῆς
3375 3542 3570 3609 χειρός
3591 3560 3729 3598 σου.

2154 3623 2353 3691 Κύριε,
2394 3624 2514 3705 ἀπὸ
2553 3626 2773 3696 ὀλίγων
2807 3628 2928 3683 ἀπὸ
2972 3629 3086 3701 γῆς
3121 3630 3469 3700 διαμέρισον
3508 3634 3734 3701 αὐτοὺς

2153 3714 2224 3768 ἐν
2268 3715 2345 3785 τῇ
2400 3716 2517 3787 ζωῇ
2562 3719 2780 3785 αὐτῶν,
2835 3722 2935 3776 καὶ
2981 3722 3101 3776 τῶν
3151 3724 3574 3794 κεκρυμμένων
3617 3742 3734 3782 σου

2153 3805 2430 3889 ἐπλήσθη
2457 3811 2495 3879 ἡ
2521 3810 2751 3881 γαστὴρ
2783 3812 3001 3867 αὐτῶν.
3048 3814 3540 3885 Ἐχορτάσθησαν
3561 3817 3732 3884 υἱῶν,

2153 3897 2252 3953 καί
2294 3898 2540 3970 ἀφῆκαν
2567 3902 2641 3956 τὰ
2671 3904 3007 3960 κατάλοιπα
3053 3905 3178 3974 τοῖς
3230 3910 3473 3978 νηπίοις
3510 3910 3730 3966 αὐτῶν.

2154 3986 2263 4043 Καὶ
2294 3991 2436 4045 κατά
2469 3991 2626 4047 τοῦτο
2649 3993 3008 4069 ὠφεληθείην·
3039 3998 3175 4053 ἀλλὰ
3209 3988 3305 4054 καί
3333 4000 3432 4073 τὴν
3458 3998 3727 4074 ῥομφαιαι

2156 4096 2271 4145 σου,
2298 4083 2451 4155 φησὶ,
2483 4082 2642 4155 ῥῦσαι
2671 4086 2778 4141 ἀπὸ
2804 4089 2904 4161 τῆς
2960 4080 3142 4162 χειρός
3196 4091 3304 4145 τῶν
3357 4093 3588 4165 ἐχθρῶν⁸
3615 4094 3731 4159 δέος

2154 4171 2264 4246 γάρ
2294 4174 2501 4244 μήποτε
2555 4176 2652 4249 τὴν
2685 4178 2783 4251 σὴν
2815 4181 3107 4252 ῥομφαίαν,
3212 4184 3485 4248 πεποιθὼς
3508 4185 3621 4257 ἐγὼ
3644 4187 3733 4240 κέ-

2154 4283 2364 4337 χρημαι
2401 4269 2522 4322 κατ’
2548 4270 2748 4335 αὐτῶν,
2775 4271 2876 4343 τῆς
2904 4275 3045 4347 ἐμῆς
3075 4272 3258 4347 χειρὸς
3308 4277 3658 4348 ἁρπάσαντες
3684 4278 3732 4332 ol

2153 4356 2421 4429 πολέμιοι,
2463 4361 2558 4414 καὶ
2617 4362 2939 4435 ἀφελόμενοί
3003 4384 3103 4437 μου
3162 4368 3361 4440 αὐτὴν,
3418 4369 3730 4441 χρήσωνται

2154 4450 2289 4522 αὑτῇ
2325 4455 2445 4505 κατ’
2479 4454 2635 4524 ἐμοῦ,
2667 4456 2767 4527 Εῖη
2796 4456 2841 4509 δ’
2871 4457 2937 4512 ἂν
2961 4459 2989 4510 6
3023 4458 3115 4513 τοῦ
3147 4459 3281 4513 Θεοῦ
3315 4459 3471 4530 λόγος
3521 4461 3551 4514 6
3580 4463 3731 4534 ἐνερ-

2153 4541 2255 4613 γὴς
2289 4543 2383 4597 καὶ
2413 4544 2716 4617 τομώτερος
2747 4534 2885 4621 ύπὲρ
2911 4552 3089 4604 πᾶσαν
3141 4551 3412 4624 μάχαιραν
3453 4552 3748 4624 δίστομον,’

474 4620 566 4669 tus
609 4620 714 4669 est.
755 4612 911 4678 Quod
956 4627 1099 4682 saepe
1127 4613 1414 4683 contingit,
1449 4614 1670 4684 quando
1714 4615 1918 4670 inimici
1949 4614 2045 4671 Dei

2155 4632 2177 4684 6
2208 4612 2273 4702 τῇ
2299 4632 2442 4705 ψυχῇ
2470 4612 2752 4706 δεδομένος
2775 4612 2895 4693 ἀντὶ
2916 4612 3191 4713 ῥομφαίας
3380 4643 3591 4711 ἄμυναν
3608 4612 3728 4697 ’τῶν

474 4711 783 4769 divinarum
833 4710 1245 4781 Scripturarum
1300 4712 1468 4772 dicta.
1525 4713 1737 4768 detorta
1780 4722 1943 4786 atque
1988 4717 2042 4771 in

476 4816 699 4871 pravam
726 4802 1054 4855 sententiam
1081 4813 1366 4863 conversa,
1395 4802 1823 4873 simplicioribus
1847 4807 2045 4862 animis

475 4892 776 4960 objiciunt,
832 4908 1038 4963 eosque
1086 4892 1160 4946 ita
1207 4893 1502 4950 debellant.
1564 4895 1690 4952 Haec
1741 4914 1907 4955 causa
1962 4908 2046 4956 est

478 4981 624 5050 quod
664 4984 781 5053 ipse
816 4990 1090 5054 precetur,
1141 4990 1202 5038 ut
1255 4983 1460 5040 framea
1513 4985 1606 5042 Dei
1660 4990 1926 5059 eripiatur
1976 4993 2045 5047 ab

476 5072 711 5128 mimicis
740 5072 857 5137 Dei,
879 5083 933 5129 et
962 5091 994 5127 a
1017 5073 1201 5143 paucis
1224 5074 1288 5130 de
1316 5085 1479 5142 terra,
1515 5078 1674 5148 cujus
1709 5080 1828 5137 loco
1849 5082 2044 5153 Aquila

478 5162 666 5227 edidit,
694 5179 726 5216 a
756 5167 976 5218 mortuis
1006 5181 1070 5219 ex
1099 5167 1459 5229 immersione,
1503 5167 1867 5240 Symmachus
1888 5186 2040 5242 vero,

479 5267 511 5306 ι
555 5253 777 5305 mortuis
824 5252 888 5305 ab
932 5254 998 5307 iis
1050 5256 1141 5325 qui
1173 5256 1494 5312 occiderunt.
1544 5256 1679 5314 Nam
1712 5262 1931 5320 liberari
1983 5280 2043 5322 se

546 5452 807 5510 "lPetr.
846 5471 901 5522 ν,
945 5453 1000 5511 8.
1075 5458 1119 5490 ⁸¹
1157 5457 1325 5514 Hebr.
1381 5470 1457 5525 ιν,
1518 5450 1603 5516 12.

2152 4721 2379 4811 ὲχθρῷν·
2417 4726 2554 4796 ὅπερ
2578 4729 2861 4799 συμϐαίνει
2918 4732 3195 4796 πολλάκις,
3216 4733 3450 4811 ⁸ἐπειδὰν
3470 4734 3519 4787 οἱ
3543 4734 3727 4808 ἐχθροὶ

2151 4809 2246 4863 τοῦ
2270 4809 2426 4877 Θεοῦ,
2462 4815 2561 4879 τὰς
2588 4818 2696 4872 ἀπδ
2728 4820 2834 4874 τῶν
2857 4820 3015 4876 θείων
3054 4809 3287 4896 Γραφῶν
3337 4823 3511 4890 λέξεις
3543 4825 3640 4878 καὶ
3660 4824 3727 4880 τὰ

2153 4903 2553 4976 ἀναγνώσματα
2580 4909 2943 4978 ἀποϐαλόντες
2971 4916 3064 4968 καὶ
3091 4915 3511 4987 ἀνατρέψαντες,
3547 4913 3608 4981 ἐξ
3634 4919 3723 4971 σὺ·

2150 4994 2259 5049 τῶν
2286 4996 2380 5050 καὶ
2407 4997 2477 5051 δι’
2502 5000 2683 5055 αὐτῶν
2713 5002 2812 5068 τὰς
2864 5005 3155 5078 ἀκεραίους
3185 5007 3600 5061 καταπαλαξωσι
3625 5007 3726 5078 qm-

2148 5085 2268 5155 κάς.
2300 5078 2396 5175 ,Διὸ
2420 5086 2636 5160 εὔχεται
2662 5092 2770 5147 ἀπὸ
2792 5094 2902 5148 τῶν
2931 5095 3141 5168 ἐχθρῶν
3168 5097 3262 5151 τοῦ
3297 5092 3432 5150 Θεοῦ
3460 5096 3724 5168 ῥυσθῆναι

2147 5178 2246 5248 τὴν
2277 5180 2547 5251 ῥομφαίαν
2580 5185 2766 5250 αὐτοῦ,
2820 5188 2914 5242 καὶ
2963 5188 3079 5243 ἀπὸ
3138 5191 3359 5261 ὀλίγων
3418 5188 3536 5244 ἀπὸ
3589 5186 3719 5259 τῆς·

2150 5267 2264 5322 ἀνθ’
2286 5262 2347 5323 οὗ
2371 5272 2400 5325 6
2433 5274 2532 5345 μὲν
2579 5275 2808 5343 Ἀκύλας
2853 5278 3132 5345 ἐξέδωκεν*
3183 5281 3301 5337 ἀπὸ
3354 5282 3723 5351 τεθνηκότων

654 5661 783 5755 fl???
802 5662 1592 5755 9999‘esgtiifejpequeunl;
1619 5660 1673 5724 in
1699 5671 1847 5729 textu
1878 5673 2088 5746 Graeco,
2107 5694 2318 5738 necnon
2346 5680 2400 5739 in
2425 5684 2683 5742 omnibus
2710 5702 2843 5743 mss.
2862 5683 3186 5753 Bibliorum,
3220 5683 3417 5755 legitur
3445 5682 3715 5740 ταλαιπωρ

474 5735 774 5805 ρησάντων,
802 5751 911 5792 non
928 5735 1453 5806 ταλαιπωριζὼτων.
