3940 6292
180 314 280 381 I85

1342 317 1848 379 COMMENTARIA
1886 317 1955 373 IN
1985 316 2331 375 PSALMOS.

3369 332 3471 386 166

189 439 254 493 ἐκ
279 434 703 506 καταδύσεως·
746 442 774 494 6
799 440 855 494 δέ
881 438 1193 512 Σύμμαχος·
1221 440 1295 511 (1)
1357 442 1500 496 Ἀπὸ
1557 440 1777 508 νεκρῶν

1895 445 2151 507 precatur
2185 439 2350 493 etiam
2377 439 2446 493 ab
2485 439 2552 495 iis
2585 439 2828 510 qui,jam
2862 441 3003 497 inter
3037 451 3285 502 mortuos
3316 460 3470 502 com-

196 530 308 587 dab
340 528 784 585 ἐνδεδυκότων.
834 531 1120 603 Ῥυσθῆναι
1159 532 1268 603 γάρ
1298 532 1513 603 εὔχεται
1548 533 1643 586 καὶ
1678 531 1789 586 ἀπὸ

202 624 308 678 τῶν
329 625 386 677 ἐν
413 625 636 696 νεκροῖς
697 624 798 694 ἤδη
857 623 1253 695 λελογισμένων
1303 623 1391 677 διὰ
1441 625 1504 678 τὸ
1551 624 1787 694 πάμπαν

200 713 524 786 ἐστερῆσθαι
554 717 656 785 τῆς
679 714 820 767 κατὰ
849 715 979 768 Θεὸν
1012 715 1177 784 ζωῆς.
1222 715 1367 769 Ἀντὶ
1417 716 1473 770 δέ
1523 717 1639 780 τοῦ,
1665 716 1789 771 δια-

195 806 448 878 μέρισον
475 806 720 872 αὐτοὺς,
763 808 790 859 ὁ
832 808 927 878 μὲν
960 806 1190 871 Ἀκύλας
1218 809 1580 880 ἡρμήνευσεν,
1606 810 1788 878 μέρος

199 900 399 954 αὐτῶν
417 900 490 952 ὲν
520 898 654 968 ζωῇ·
686 903 714 953 6
735 900 790 953 δέ
824 900 1136 972 Σύμμαχος,
1185 900 1224 968 ἡ
1270 901 1440 969 μερὶς
1489 899 1687 954 αὐτῶν
1718 902 1788 953 ἐν

201 992 394 1053 ζῶσιν.
421 992 675 1046 Διδάσκει
709 993 764 1046 δὲ
793 993 881 1046 διὰ
911 992 1134 1056 τούτων,
1171 991 1246 1056 ὡς
1283 994 1390 1046 τῶν
1447 995 1544 1064 μὲν
1575 992 1786 1046 ἀσεϐῶν

202 1085 290 1138 καὶ
337 1084 450 1137 τῶν
485 1084 747 1147 πολλάκις
776 1081 1182 1155 ὠνομασμένων
1213 1083 1424 1155 ἐχθρῶν
1472 1083 1564 1136 τοῦ
1592 1084 1726 1137 Θεοῦ
1751 1085 1785 1155 ἡ

204 1178 384 1248 μερὶς,
421 1178 519 1230 καὶ
541 1179 571 1230 6
602 1176 824 1248 κλῆρος,
844 1178 937 1231 καὶ
967 1179 1116 1230 πᾶσα
1140 1178 1173 1248 ἡ
1201 1175 1487 1248 περιουσία
1512 1178 1569 1228 ἐν
1593 1177 1656 1245 τῇ
1684 1193 1788 1227 πα-

204 1268 376 1339 ρούσῃ
423 1267 534 1340 ζωῇ
564 1270 822 1339 τυγχάνει
856 1270 949 1322 καὶ
971 1269 1028 1321 ἐν
1053 1269 1130 1340 τῷ
1163 1268 1344 1339 θνητῷ
1379 1269 1497 1338 βίῳ·
1531 1269 1588 1319 ἐν
1620 1262 1664 1334 ᾧ
1692 1267 1785 1321 καὶ

195 1362 448 1432 ἐπλήσθη
473 1363 506 1432 ἡ
539 1364 754 1434 γαστὴρ
783 1363 960 1416 αὐτῶν
990 1361 1171 1433 πάσης
1226 1363 1453 1434 τροφῆς,
1479 1362 1572 1414 καὶ
1607 1357 1787 1432 πάσης

193 1455 576 1521 ἀπολαύσεως,
609 1457 702 1510 καὶ
751 1456 980 1527 τρυφῆς.
1045 1455 1201 1507 Ἀλλὰ
1253 1455 1345 1508 καὶ
1375 1455 1495 1508 τῶν
1536 1473 1787 1525 κεκρυμ-

188 1546 392 1618 μένων
415 1565 534 1603 σου
564 1549 747 1620 φησίν
783 1549 898 1602 ἀνθ’
932 1539 992 1601 οὗ
1025 1550 1054 1602 6
1103 1547 1396 1619 Σύμμαχος
1419 1549 1782 1621 ἡρμήνευσεν,

193 1636 440 1694 καὶτῶν
504 1641 826 1696 ἀποθέτων.
860 1642 999 1693 Ὅσα
1033 1639 1140 1710 γάρ
1196 1641 1343 1692 ἐστιν
1398 1641 1456 1693 ἐν
1485 1639 1564 1711 τῷ
1609 1640 1786 1712 θνητῷ

195 1731 293 1804 βίῳ
326 1736 425 1787 καὶ
453 1737 521 1805 τῇ
551 1734 716 1804 θνητῇ
744 1733 856 1806 ζωῇ
887 1731 1065 1804 τίμια,
1116 1734 1226 1786 τῶν
1245 1731 1620 1806 νομιζομένων
1652 1735 1784 1788 ἀπο·
1859 1777 1872 1788 .

191 1822 362 1877 θέτων
398 1825 493 1877 καὶ
525 1823 876 1896 ἀπυκρύφων,
898 1825 1214 1894 ἐσχήκασιν.

254 1917 425 1969 Αὐτοὶ
461 1916 594 1986 γοῦν
621 1917 714 1970 καὶ
767 1916 967 1987 χρυσὸν
1007 1915 1102 1969 καὶ
1150 1913 1392 1987 ἄργυρον
1451 1916 1546 1970 καὶ
1599 1917 1777 1971 πάντα

191 2011 288 2082 γῆς
325 2010 585 2083 μέταλλα
623 2010 1096 2082 περιειργάσαντο,
1146 2009 1326 2074 λίθους
1371 2027 1432 2062 τε
1492 2009 1778 2074 παντοίους

192 2104 403 2176 τιμίους
455 2105 550 2157 καὶ
611 2103 915 2167 πολυτελεῖς
979 2094 1371 2175 ἐξηρεύνησαν,
1428 2104 1522 2156 καὶ⁸
1575 2103 1777 2156 τούτω)

193 2197 444 2250 ἁπάντων
476 2195 845 2268 ἐπλήσθησανο
873 2195 1074 2248 τέκνων
1106 2195 1280 2248 δὲκαὶ
1314 2195 1464 2259 υἱῶν,
1484 2197 1576 2248 καὶ
1611 2195 1778 2264 θυγα-

189 2289 357 2361 τέρων
391 2290 822 2362 ἐνεφορήθησαν.
848 2289 937 2342 Διὸ
967 2288 1226 2357 ἐπιλέγειδ
1283 2287 1779 2359 Ἔχορτὰσθησαὸο

187 2381 351 2435 υἱῶν.
385 2384 495 2436 Καὶ
521 2383 582 2436 οὐ
609 2381 766 2452 μόνον
794 2399 858 2449 γε
886 2382 1036 2436 αὐτοὶ
1088 2381 1290 2434 τούτων
1347 2382 1773 2454 ἐχορτάσθησαν,

190 2474 299 2526 ἀλλ’
332 2473 736 2543 ἐμπλησθέντες
789 2473 938 2525 αὐτοί
985 2490 1045 2526 τε
1092 2472 1364 2543 πρότεροι,
1422 2472 1654 2544 κλήρους
1681 2475 1776 2527 καὶ

187 2563 443 2634 διαδοχὰς
464 2567 572 2628 τοῖς
601 2565 716 2636 μετ’
751 2565 946 2628 αὐτοὺς
995 2565 1237 2632 ἐγγόνοις
1299 2565 1772 2623 καταλελοίπασιν.

195 2654 393 2719 ’Ἄλλος
417 2653 593 2726 φησίνο
627 2656 688 2708 Εἰ
729 2656 822 2707 xui.
850 2654 927 2725 τῷ
959 2655 1171 2724 θανάτῳ
1220 2655 1441 2720 τούτους
1473 2655 1772 2727 παραπέμ-

188 2745 285 2815 ψαι
324 2747 406 2798 σοὶ
427 2746 629 2817 ῥᾴδιον,
662 2739 986 2799 ὦΔέσποτα·
1025 2744 1137 2797 ἀλλ’
1173 2740 1265 2798 οὖν
1317 2745 1542 2799 ἱκετεύω
1567 2745 1775 2808 ζῶντας

189 2840 386 2902 αὐτοὺς
411 2837 798 2908 σκεδασθῆναι,
834 2837 927 2890 καὶ
958 2838 1055 2909 τὴν
1089 2839 1262 2910 κακὴν
1310 2838 1488 2891 αὐτῶν
1546 2847 1774 2909 συμφω-

187 2929 301 2983 νίαν
342 2927 683 2998 διαλυθῆναι,
716 2928 810 2980 καὶ
841 2927 948 2979 τῶν
976 2929 1352 2997 ἀποκειμένων
1379 2945 1457 2981 σοι
1492 2929 1772 3000 τιμωριῶν

191 3024 505 3091 μετασχεῖν.
548 3017 702 3073 Οὕτω
730 3019 838 3090 γὰρ
863 3022 919 3072 ἐν
952 3022 1015 3091 τῇ
1049 3019 1258 3094 μεγάλη
1314 3021 1423 3091 ᾠδῇ
1481 3021 1576 3074 τοῦ
1607 3019 1773 3074 Moab-

193 3116 323 3178 σέως
348 3113 517 3176 αὐτὸς
538 3115 566 3166 6
595 3113 726 3176 Θεός
761 3131 924 3184 φησιν
953 3129 966 3142 ·
1003 3115 1121 3166 Οὐκ
1163 3112 1290 3165 ἰδοὺ
1342 3113 1528 3166 ταῦτα
1575 3113 1773 3166 πάντα

1891 536 2175 598 putantur,
2209 530 2335 600 quia
2370 531 2482 585 vita
2524 533 2636 597 illa,
2665 549 2786 603 quzc
2830 535 3127 591 secundum
3154 536 3321 594 Deum
3356 547 3466 606 est,

1891 621 2108 689 penitus
2140 623 2444 691 privantur.
2492 624 2629 678 Illud
2661 633 2864 690 autem,
2913 627 3084 682 divide
3125 637 3466 707 eos,Aquila,

1893 726 2018 779 pars
2046 728 2227 766 eorum
2262 715 2314 767 in
2359 717 2488 777 vita,
2522 717 2945 787 interpretatur;
2979 717 3338 791 Symmachus
3372 739 3471 780 au-

1893 809 2024 865 tem,
2055 819 2180 868 pars
2203 821 2383 858 eorum
2410 806 2465 859 in
2499 807 2800 862 virentibus.
2831 807 2926 863 His
2955 821 3121 878 porro
3146 813 3326 877 docet,
3365 815 3469 867 im-

1890 891 2106 960 piorum
2139 901 2195 947 et
2237 893 2584 949 inimicorum
2621 893 2737 960 Dei,
2783 897 2874 965 qui
2909 898 2963 949 in
3013 896 3099 950 his
3147 897 3467 969 plerumque

1891 992 2288 1049 memorantur,
2318 986 2645 1054 portionem,
2678 994 2878 1041 sortem
2909 1003 3207 1059 omnesque
3239 988 3467 1046 faculta-

1891 1088 1972 1135 tes
2005 1080 2058 1134 in
2105 1080 2207 1134 hac
2237 1082 2494 1151 praesenti
2529 1090 2582 1135 et
2621 1083 2838 1136 mortali
2872 1085 2984 1140 vita
3033 1085 3167 1139 sitas
3199 1100 3338 1148 esse,
3377 1087 3468 1142 ubi

1889 1181 2076 1226 venter
2105 1188 2294 1228 eorum
2318 1175 2467 1228 omni
2506 1174 2752 1228 ciborum
2786 1191 3004 1245 genere,
3030 1177 3173 1230 omni
3210 1177 3470 1234 felicitate

1890 1280 1953 1318 ac
1989 1266 2267 1335 voluptate
2315 1267 2577 1336 repletur.
2641 1267 2754 1321 lmo
2810 1269 2974 1322 etiam
3019 1268 3082 1322 de
3139 1269 3467 1324 absconditis

1891 1357 2034 1420 tuis;
2066 1359 2228 1428 cujus
2261 1358 2382 1411 loco
2430 1357 2794 1429 Symmachus
2836 1360 3246 1430 interpretatur,
3303 1371 3352 1416 et
3393 1379 3468 1418 re-
3509 1347 3518 1360 .

1888 1453 2075 1519 positis
2122 1453 2245 1508 tuis.
2285 1451 2563 1522 Siquidem
2605 1471 2795 1509 eorum
2841 1458 3084 1511 omnium
3115 1475 3235 1528 qua:
3278 1459 3331 1514 in
3362 1461 3466 1517 hac

1889 1543 2108 1596 mortali
2137 1545 2246 1597 vita
2293 1556 2594 1600 occurrunt
2624 1549 3012 1616 pretiosorum,
3042 1565 3162 1619 quae
3198 1551 3341 1607 inter
3380 1567 3466 1608 re-

1889 1635 2110 1691 condita
2145 1645 2200 1692 et
2230 1637 2415 1693 abdita
2447 1647 2852 1709 computantur,
2885 1642 3041 1712 potiti
3073 1651 3222 1702 sunt.

1960 1898 2040 1953 Illi
2091 1899 2275 1971 itaque
2327 1917 2542 1966 aurum,
2600 1911 2911 1975 argentum.
2960 1907 3256 1978 omniaque
3305 1917 3462 1965 ιρι-τω

1886 1991 2103 2044 metalla
2151 2006 2363 2045 summa
2412 2008 2544 2045 cura
2585 1994 3050 2063 perquisiverunt,
3085 1997 3294 2067 lapides
3339 2017 3460 2070 pre-

1887 2081 2058 2138 tiosos
2097 2084 2181 2138 vel
2225 2084 2542 2140 rarissimos
2585 2086 2830 2154 cujusvis
2878 2089 3095 2157 generis
3133 2093 3464 2163 pervestiga—

1883 2181 2036 2236 runt,
2071 2173 2246 2243 iisque
2270 2175 2528 2230 omnibus
2561 2176 2844 2246 adimpleti
2877 2188 3006 2232 sunt
3042 2197 3054 2232 :
3091 2179 3214 2236 ﬁliis
3251 2198 3464 2238 mascu-

1885 2265 1954 2320 lis
1989 2263 2276 2321 feniinisve
2311 2267 2545 2321 saturati
2573 2276 2721 2323 sunt.
2752 2269 3117 2335 Quamobrem
3156 2273 3456 2345 subjungit,

1884 2357 2119 2410 saturati
2159 2366 2280 2410 sunt
2311 2358 2460 2426 ﬁliis.
2506 2356 2694 2428 Neque
2747 2361 2823 2415 illi
2872 2370 3082 2417 tantum
3131 2364 3198 2419 iis
3231 2367 3459 2421 saturali

1885 2458 2055 2513 sunt;
2089 2448 2182 2502 sed
2211 2457 2500 2519 postquam
2544 2451 2646 2520 ipsi
2683 2453 2896 2522 priores
2931 2455 2996 2508 ad
3031 2455 3339 2511 satietatem
3374 2475 3462 2515 us-

1883 2557 1990 2612 que
2021 2543 2087 2597 iis
2123 2551 2252 2597 sunt
2278 2544 2386 2606 usi,
2413 2543 2782 2599 limreditatem
2817 2549 3334 2621 successionemque
3365 2569 3463 2607 ne-

1883 2633 2101 2702 potibus
2129 2635 2484 2690 transmisere
2528 2637 2663 2692 suis.
2705 2639 2861 2694 A!ius
2907 2640 2987 2695 sic
3025 2641 3457 2712 interpretatur:

1884 2727 2131 2789 Etiamsi,
2168 2729 2368 2798 inquit,
2417 2729 2678 2799 perfacile
2729 2732 2824 2786 tibi
2883 2734 2976 2796 sit,
3012 2733 3261 2800 Domine,-
3312 2738 3460 2806 ipsos

1882 2824 2058 2871 morte
2085 2816 2296 2872 allicere
2322 2837 2334 2872 :
2373 2827 2449 2880 at,
2487 2835 2672 2889 quaeso
2694 2829 2766 2884 te,
2793 2823 3043 2879 homines
3065 2823 3195 2878 dum
3218 2826 3320 2880 hac
3351 2829 3458 2882 vita

1883 2908 2142 2964 fruuntur
2161 2910 2465 2981 disjungas,
2494 2911 2905 2983 imprabamque
2934 2915 3079 2970 illam
3111 2920 3459 2973 concordiam

1882 3003 2141 3074 dissipes,
2192 3013 2251 3058 ut
2294 3021 2322 3058 a
2366 3013 2418 3060 te
2459 3007 2730 3076 repositas
2769 3009 3072 3064 sceleribus
3121 3013 3236 3066 suis
3272 3029 3463 3082 poenas

1883 3094 2056 3150 luant.
2082 3095 2160 3150 Ita
2191 3096 2334 3151 enim
2359 3096 2414 3150 in
2447 3113 2643 3167 magno
2677 3097 2879 3169 Moysis
2919 3101 3136 3155 cantico
3161 3101 3304 3157 Deus
3343 3103 3461 3174 ipse

188 3193 492 3273 συνῆκται
525 3204 660 3274 παρ’
693 3204 842 3274 ἐμοὶ,
871 3205 968 3258 καὶ
994 3203 1390 3273 ἐσφράγισται
1413 3206 1482 3257 ἐν
1525 3206 1649 3271 τοῖς
1679 3210 1777 3274 θη-

1888 3189 2127 3258 loquitur
2165 3189 2398 3243 :Annon
2438 3203 2552 3242 ecce
2596 3188 2708 3243 Iza'c
2755 3192 2934 3244 omnia
2973 3204 3290 3263 congregata
3337 3205 3460 3248 sunt

189 3297 436 3366 σαυροῖς
456 3315 599 3367 μου·
631 3297 701 3350 ὲν
722 3295 908 3366 ἡμέρᾳ
936 3296 1297 3362 ἐκδικήσεως
1349 3297 1772 3362 ἀνταποδώσω,

190 3391 254 3443 ὲν
283 3391 469 3458 καιρῷ
511 3389 658 3443 ὅταν
685 3388 895 3457 σφαλῇ
923 3392 956 3442 ὀ
985 3387 1137 3454 ποῦς
1185 3388 1401 3442 αὐτῶν.
1450 3389 1560 3442 Καὶ
1620 3389 1776 3442 τοῦτο

191 3483 244 3536 δέ
273 3485 301 3536 6
334 3481 640 3554 Σύμμαχος
663 3479 834 3542 οὕτως
882 3480 1212 3552 ἡρμήνευσε
1253 3478 1775 3546 Χορτασθήσονται

192 3573 320 3639 ιιὶοἱ,
352 3574 452 3627 καὶ
481 3569 794 3640 ἀφήσουσι
821 3570 894 3623 τὰ
935 3570 1200 3638 λείψανα
1256 3567 1454 3622 αὐτῶν
1506 3567 1630 3634 τοῖς
1663 3586 1772 3636 νη-

192 3666 340 3731 πίοις
371 3663 597 3718 αὐτῶν.
635 3659 786 3726 Οἶδα,
822 3661 1006 3732 φησὶν,
1031 3661 1111 3713 ὅτι
1156 3659 1252 3730 τὴν
1305 3659 1518 3712 δικαίαν
1550 3677 1642 3712 σου
1693 3677 1774 3711 τι-

194 3745 401 3827 μωρίαν
435 3754 497 3806 οὔ
539 3751 697 3823 μόνον
728 3750 911 3814 αὐτοῖς
945 3748 1186 3812 ἐπάξεις,
1210 3747 1345 3801 ἀλλὰ
1378 3748 1471 3801 καὶ
1499 3751 1612 3810 τοῖς
1635 3749 1772 3801 υἱέσι

191 3851 278 3902 καὶ
308 3849 420 3910 τοῖς
457 3845 704 3914 ἐγγόνοις
754 3842 860 3896 τῶν
909 3842 1187 3912 προγόνων
1247 3841 1505 3911 πονηρίαν
1534 3857 1775 3910 μιμησα-

199 3932 387 4013 μένοις.
422 3941 498 3992 Τὸ
522 3939 599 4002 δὲ,
629 3933 1167 4008 χορτασθήσονται,
1217 3934 1338 3987 ἀντὶ
1364 3932 1480 3998 τοῦ,
1511 3935 1588 3996 εἱς
1613 3933 1772 4004 κόρον

201 4024 472 4104 μεθέξουσι
501 4030 610 4083 τῶν
632 4027 836 4083 κακῶν.

272 4116 416 4194 ἐγὼ
472 4119 544 4176 δὲ
598 4122 668 4175 ἐν
699 4118 1049 4187 δικαιοσύνῃ
1105 4116 1442 4186 ὀφθήσομαι
1500 4115 1579 4181 τῷ
1630 4132 1774 4184 προ-

204 4215 369 4280 σώπῳ
401 4228 545 4270 σου’
594 4207 1085 4282 χορέαοέθήσομαι
1132 4207 1203 4259 ἐν
1256 4204 1336 4271 τῷ
1379 4203 1639 4274 ὀφθῆναί
1671 4223 1774 4275 μοι

201 4309 303 4378 τὴν
326 4301 520 4374 δόξαν
547 4321 684 4360 σου.
728 4304 952 4356 Ἐκεῖνοι
999 4301 1096 4370 μὲν
1130 4298 1381 4362 τοιαύτας
1419 4296 1648 4351 δώσουσι
1691 4298 1773 4352 δί-

202 4420 310 4467 κας·
336 4393 447 4471 ἐγὼ
469 4397 528 4454 δὲ
561 4401 675 4461 τοῖς
707 4395 857 4468 παρὰ
878 4395 974 4466 τῆς
1011 4392 1227 4455 δικαίας
1261 4391 1516 4461 προνοίας
1549 4389 1774 4458 ἀγαθοῖς

204 4494 537 4566 ἐντρυφήσω,
568 4493 761 4562 πεῖραν
799 4487 1060 4558 μεγίστην
1086 4485 1186 4555 τῆς
1217 4484 1317 4554 σῆς
1353 4483 1669 4552 εὐεργεσίας
1687 4483 1773 4535 δε-

1881 3279 2019 3348 apud
2051 3297 2150 3345 me,
2181 3289 2230 3333 et
2263 3280 2474 3350 signata
2508 3281 2563 3332 in
2603 3280 2862 3334 thesauris
2895 3283 3018 3335 meis
3047 3299 3064 3335 :
3088 3284 3140 3336 in
3176 3283 3262 3338 die
3300 3285 3462 3338 ultio-

1878 3373 1961 3426 nis
2014 3372 2326 3436 retribuam,
2386 3391 2487 3444 quo
2515 3383 2740 3442 tempore
2795 3374 3000 3428 labetur
3047 3394 3135 3446 pes
3191 3393 3370 3430 eorum
3392 3378 3458 3430 ⁸³.

1879 3463 2007 3518 Ilaec
2040 3465 2112 3518 ita
2144 3463 2506 3535 Symmachus
2545 3467 2953 3537 interpretatur,
2999 3467 3382 3522 saturabuntur
3400 3469 3462 3538 ﬁ-

1879 3555 1986 3618 liis,
2011 3563 2061 3608 et
2097 3555 2360 3610 dimittent
2397 3555 2649 3626 reliquias
2694 3573 2819 3611 suas
2865 3557 3098 3625 parvulis
3143 3559 3275 3612 suis.
3300 3557 3458 3624 Novi,

1879 3647 2080 3717 inquit,
2119 3655 2172 3702 te
2200 3663 2310 3702 non
2341 3647 2502 3703 modo
2532 3648 2774 3703 debitum
2810 3649 2879 3703 iis
2923 3649 3246 3719 supplicium
3277 3651 3461 3704 illatu-

1879 3753 2026 3806 rum,
2061 3741 2157 3797 sed
2195 3741 2360 3796 etiam
2394 3741 2521 3795 ﬁliis
2561 3756 2626 3794 ac
2659 3740 2951 3810 nepotibus
2995 3756 3208 3805 eorum,
3247 3741 3293 3796 si
3327 3743 3456 3812 qui-

1880 3832 2003 3887 dem
2038 3837 2267 3887 avor’um
2304 3831 2603 3902 nequitiam
2635 3831 2937 3885 imitentur.
2961 3831 3096 3885 Illud
3133 3839 3333 3901 autem,
3363 3851 3458 3890 sa—

1881 3923 2226 3987 turabuntur,
2260 3923 2314 3976 id
2335 3933 2440 3988 est,
2471 3922 2539 3977 ad
2564 3923 2870 3978 satietatem
2903 3930 2956 3978 et
2979 3921 3258 3978 fastidium
3287 3940 3458 3996 usque

1876 4016 2038 4070 malis
2071 4030 2192 4070 sese
2220 4015 2440 4070 dedent.

1948 4107 2117 4162 Vsus.-
2157 4107 2243 4162 l5.
2284 4106 2394 4177 Ego
2427 4116 2603 4162 autem
2634 4110 2688 4162 in
2705 4108 2922 4176 justitia
2953 4109 3212 4178 apparebo
3244 4127 3459 4181 conspe-

1876 4201 1984 4253 ctui
2021 4211 2132 4265 tuo,
2174 4202 2414 4255 satiabor
2458 4218 2576 4256 cum
2624 4202 2931 4270 apparuerit
2974 4202 3102 4255 mihi
3130 4201 3304 4272 gloria
3338 4211 3453 4258 tua.

1875 4289 1957 4346 Illi
1988 4293 2207 4364 quidem
2237 4294 2552 4365 hujusmodi
2600 4309 2792 4364 pinnas
2835 4294 3066 4349 dabunt.
3112 4293 3226 4366 Ego
3273 4306 3456 4352 autem

1876 4387 2083 4456 paratis
2117 4401 2146 4440 a
2175 4387 2324 4456 justa
2356 4387 2696 4458 providentia
2747 4394 2838 4440 tua
2870 4384 3023 4440 fruar
3057 4387 3238 4451 bonis,
3279 4385 3457 4440 maxi-

1877 4492 2137 4548 mumque
2180 4477 2549 4534 beneﬁcentia:
2591 4485 2699 4532 tuae
2742 4494 2956 4534 sumam
3001 4479 3453 4548 experimentum.

204 4548 440 4656 ξάμενος..
501 4548 725 4650 ’έγὼδέ
756 4548 822 4651 si;
858 4548 1179 4650 πορισθεὶσῇ
1225 4548 1315 4647 μοι
1369 4548 1685 4646 δικαιοσύνῃ
1711 4591 1771 4628 τε

1888 4567 1991 4639 Ego
2025 4584 2158 4624 sane
2183 4570 2410 4636 justitim
2448 4578 2610 4638 atque
2642 4571 2856 4633 virtuti,
2897 4571 3057 4638 cujus
3097 4577 3288 4623 auctor
3321 4567 3457 4620 mihi

201 4672 286 4725 καὶ
328 4673 499 4744 ἀρετῇ
542 4664 759 4741 θαρῤῶν
824 4667 1392 4738 πεπαρρησιασμένως
1434 4665 1771 4736 ὀφθήσομαι

201 4763 272 4829 τῷ
299 4763 598 4833 προσώπῳ
627 4777 764 4816 σου.
812 4761 924 4812 Καὶ
956 4758 1094 4828 αὕτη
1133 4758 1220 4828 μοί
1254 4759 1400 4810 ἐστιν
1455 4758 1628 4824 ἐλπὶς,
1676 4758 1771 4812 καὶ

201 4852 342 4923 οὗτος
378 4859 554 4930 μέγας
605 4855 820 4926 κλῆροςο
878 4847 938 4907 οὗ
995 4868 1124 4904 ποτε
1179 4851 1625 4922 πληρωθήσομαι,
1681 4853 1772 4905 καὶ

203 4947 627 5018 χορτασθήσομαι
674 4946 854 5018 πάσης
913 4945 1158 5020 τρυφῆς,
1193 4948 1250 5000 ἐν
1279 4943 1359 5015 τῷ
1402 4944 1632 5014 ὀφθῆναι
1674 4943 1772 5015 τὴν

202 5037 343 5106 δόξαν
367 5057 461 5093 σου
490 5042 549 5092 ἐν
578 5042 644 5110 τῇ
668 5040 775 5092 τῶν
799 5039 1040 5112 οὐρανῶν
1071 5039 1334 5110 βασιλείᾳ.

772 5154 1069 5206 ΨΑΛΜΟΣ
1114 5153 1208 5208 1Ζ’.

263 5247 360 5313 El;
390 5247 458 5300 τὸ
488 5245 665 5312 τέλος
698 5243 777 5310 τῷ
823 5245 987 5299 παιδὶ
1014 5245 1228 5312 Κυρίου
1251 5238 1332 5311 τῷ
1360 5244 1559 5304 Δαυῒδ,
1577 5239 1614 5294 ἄ
1632 5239 1770 5294 ἐλά-

206 5339 348 5405 λησε
377 5334 457 5408 τῷ
507 5339 703 5406 Κυρίῳ
753 5335 894 5403 τοὺς
929 5337 1151 5406 λόγους
1201 5331 1312 5402 τῆς
1336 5332 1496 5401 ᾠδῆς
1525 5333 1766 5397 ταύτης,

269 5497 313 5529 ⁸³
348 5496 508 5554 Deut.
555 5511 732 5558 χχχιι,
792 5492 882 5548 54.

1880 4660 2054 4720 fuisti.
2083 4664 2344 4724 conﬁsus,
2378 4668 2496 4714 tuta
2517 4661 2854 4717 conscientia
2879 4660 3138 4731 apparebo
3161 4658 3458 4725 conspectui

1881 4762 1992 4806 tuo.
2025 4751 2136 4806 llae
2167 4753 2221 4806 in
2266 4769 2363 4822 spe
2411 4769 2639 4808 versor:
2671 4755 2786 4808 haec
2830 4753 2964 4807 mihi
3005 4765 3200 4821 magna
3234 4747 3456 4802 haeredi-

1879 4852 1986 4904 tas,
2037 4859 2145 4914 qua
2199 4844 2470 4914 replebor,
2525 4851 2579 4899 et
2631 4842 2696 4896 ad
2745 4843 3048 4898 satietatem
3102 4852 3276 4908 usque
3306 4835 3455 4888 omni

1879 4938 2158 5007 voluptate
2197 4935 2370 5002 fruar,
2403 4951 2529 4992 cum
2573 4936 2627 4989 in
2656 4950 2822 5006 regno
2845 4934 3108 4990 cmlorum
3139 4927 3454 5000 apparuerit

1883 5030 2056 5102 gloria
2087 5037 2199 5084 tua.

2403 5138 2728 5195 PSALMUS
2765 5135 2928 5190 XVII.

1953 5231 2118 5287 Vsus.
2157 5233 2206 5287 I.
2235 5231 2301 5286 In
2323 5232 2479 5301 finem
2498 5247 2657 5300 puero
2677 5227 2877 5282 domini
2899 5225 3087 5289 David,
3109 5240 3226 5295 qua
3248 5224 3454 5279 locutus

1879 5337 1956 5381 est
2012 5328 2236 5384 Domino
2277 5327 2431 5382 verba
2474 5324 2669 5379 cantici
2703 5321 2884 5391 hujus,
2917 5319 2974 5374 in
3013 5319 3096 5374 die
3124 5335 3230 5388 qua
3258 5317 3452 5385 eripuit

272 5643 341 5713 (I)
381 5639 507 5696 Ilaec
552 5645 685 5694 sunt
746 5627 1008 5688 Hebraica
1060 5625 1245 5688 verba,
1290 5623 1462 5682 Drin:
1495 5597 1651 5707 ωριτε
1687 5596 1844 5680 15m:
1882 5622 2112 5680 omnia.
2143 5617 2352 5690 Aquilae
2393 5620 2772 5688 interpretatio
2809 5618 2937 5675 huic
3000 5633 3241 5713 prorsus
3259 5613 3454 5713 similis

209 5705 367 5790 fertur
399 5728 840 5806 apud_Drusium
871 5732 928 5803 et
947 5721 1083 5775 alios
1113 5733 1130 5806 ξ
1158 5717 1250 5772 sed
1268 5705 1770 5806 Svrnrnacliinversi

1888 5713 2036 5806 itiata
2071 5713 2312 5795 occurrit
2334 5713 2768 5806 'ilb-idem‘,rK.:ipia
2809 5713 2914 5768 ἀπὸ
2960 5712 3065 5766 τῶν
3101 5705 3454 5763 ἐνδεδοκότων

206 5784 681 5879 {gagatem
719 5798 786 5852 At
808 5795 970 5852 lectio
1009 5801 1194 5846 nostra
1237 5784 1524 5849 sincerior,
1550 5800 1670 5854 qua:
1705 5785 1757 5838 in
1779 5787 2034 5840 omnibus
2061 5801 2193 5839 mss.
2225 5785 2475 5839 similiter
2506 5784 2748 5840 elfertur.
