3940 6292
525 296 634 355 16⁵7

1232 295 1502 351 EUSEBII
1537 280 2020 354 CAESARlENSIS
2049 298 2078 354 ε

2189 298 2408 356 .PARS
2438 280 2528 358 ui.
2551 331 2622 342 —-
2649 297 3061 356 EXEGETICA.

3659 299 3754 359 168

512 418 631 471 eum
650 413 909 468 Dominus
928 413 992 467 de
1008 428 1167 467 manu
1187 419 1421 469 omnium
1438 417 1774 470 inimicorum
1796 415 1933 483 ejus,
1952 424 2000 468 et
2027 414 2078 468 de

2189 413 2260 467 ἐν
2285 413 2475 482 ἡμέρᾳ
2528 408 2569 486 ᾖ
2620 415 2914 483 ἐρρύσατο
2960 413 3148 469 αὐτὸν
3193 414 3408 490 Κύριος
3470 414 3538 467 ἐκ
3576 417 3754 484 χειρὸς

513 524 677 563 manu
707 507 859 571 Saul,
902 516 951 561 et
990 507 1151 563 dixit.
1183 507 1549 579 Symmachus
1578 507 1900 564 :Canticum
1926 512 2091 562 victo-

513 601 611 655 ria:
636 601 772 654 servi
811 598 1027 654 Domini
1048 597 1245 655 David.

583 770 695 829 Par
720 773 866 828 enim
902 771 1006 827 fuit
1038 787 1141 829 nos
1181 789 1248 831 ex
1286 773 1406 845 ipso
1446 774 1658 845 psalmo
1688 773 1954 839 ediscere,
1985 772 2093 828 Da.

513 864 714 927 vitlem,
760 863 1053 918 occasione
1090 864 1334 919 victoriae
1376 866 1445 919 de
1473 863 1715 920 inimicis
1759 874 1814 919 et
1839 864 2090 921 hostibus

511 956 699 1024 partae,
747 954 927 1009 omnis
956 955 1198 1010 victoria;
1231 957 1465 1022 auctori,
1505 958 1602 1028 qui
1636 956 1761 1012 ideo
1793 958 2088 1028 νικοποιός,

511 1045 566 1100 id
599 1053 685 1101 est
718 1042 952 1097 victorim
974 1043 1211 1111 eﬂ’ector,
1238 1046 1463 1114 dicitur,
1511 1049 1660 1120 quod
1701 1049 1938 1105 victores
1978 1049 2090 1105 eiii-

510 1137 644 1204 ciat,
671 1138 1057 1209 triumphalem
1087 1140 1234 1195 hunc
1260 1140 1522 1212 hymnum
1546 1148 1925 1198 conSecrasse.
1947 1142 2090 1208 Quia

510 1229 638 1284 item
673 1231 761 1284 hic
790 1231 1025 1302 hymnus
1059 1232 1174 1287 sive
1215 1234 1492 1288 canticum
1530 1233 1881 1304 triumphale,
1925 1231 2091 1288 Davi-

509 1321 598 1378 dis
621 1322 825 1377 dicitur
857 1338 1003 1379 esse.
1054 1324 1234 1394 Atque
1273 1324 1329 1378 in
1362 1326 1520 1395 ﬁnem
1554 1325 1919 1381 inscribitur:
1951 1341 2091 1395 quo-

509 1416 656 1470 niam
699 1417 908 1471 scilicet
940 1417 1233 1486 postremis
1301 1417 1423 1472 vitze
1461 1418 1584 1487 ejus
1624 1418 1805 1483 annis,
1853 1432 1918 1472 ac
1966 1426 2090 1489 post

507 1509 693 1563 omnia
717 1524 839 1579 qua:
863 1509 921 1563 in
944 1509 1173 1564 historia
1206 1508 1457 1565 feruntur
1480 1510 1603 1578 ejus
1631 1525 1820 1582 opera,
1845 1525 2090 1580 pronun-

510 1602 681 1656 tiatus
711 1607 830 1668 est;
865 1610 961 1657 aut
994 1602 1123 1673 quia
1150 1602 1496 1671 prophetiam
1524 1617 1716 1658 eorum
1748 1618 1872 1674 quae
1896 1603 1950 1657 in
1983 1602 2090 1659 line

509 1694 695 1749 saeculi
725 1694 1027 1749 obventura
1051 1702 1179 1750 sunt
1207 1696 1494 1764 enuntiat;
1528 1696 1643 1751 sive
1672 1697 1834 1752 tertio
1862 1696 1989 1767 quia
2018 1696 2088 1752 ad

2195 504 2434 559 πάντων
2459 502 2576 558 τῶν
2602 504 2834 574 ἐχθρῶν
2856 503 3062 571 αὑτοῦ,
3098 504 3198 567 καί
3230 503 3298 557 ἐκ
3321 502 3519 574 χειρὸς
3545 504 3752 572 Σαοὺλ,

2193 595 2293 649 καὶ
2320 594 2468 648 εἷπε.
2520 593 2832 665 Σύμμαχος·
2879 592 3198 648 Ἐπινίκιον
3241 593 3349 649 τοῦ
3397 592 3623 648 δούλου
3649 597 3754 648 Κυ-

2183 689 2324 757 ρίου
2350 687 2463 751 ,τοῦ
2494 685 2694 742 Δαυΐδ.

2257 776 2401 829 Ἔδει
2425 776 2533 849 γὰρ
2558 778 2704 848 ἡμᾶς
2762 776 3075 847 ἀναγκαίως
3103 775 3213 831 ἀπὸ
3252 775 3346 831 τοῦ
3373 774 3587 849 ψαλμοῦ
3626 778 3756 847 γνῶ-

2190 885 2299 932 ναι,
2342 869 2425 920 ὅτι
2480 867 2574 920 ἐπὶ
2615 870 2736 932 ταῖς
2792 868 2966 932 νίκαις
3029 871 3147 931 ταῖς
3191 868 3333 923 κατὰ
3383 868 3490 922 τῶν
3559 868 3757 941 ἐχθρῶν

2190 960 2284 1013 καὶ
2324 958 2598 1030 πολεμίων
2637 959 2728 1013 τὸν
2781 960 3138 1031 προκείμενον
3187 958 3355 1031 ῦμνον
3394 960 3660 1016 ἐπινίκιον
3689 963 3757 1036 τῷ

2192 1053 2372 1126 πάσης
2434 1052 2592 1124 νίκης
2654 1052 2812 1125 αἰτίῳ
2839 1093 2855 1118 ,
2906 1052 2986 1124 τῷ
3043 1053 3138 1107 καὶ
3175 1053 3402 1126 νικητὰς
3455 1054 3759 1127 ἀπεργαζο-

2192 1145 2358 1217 μένῳ,
2392 1147 2487 1200 καὶ
2527 1145 2615 1200 διὰ
2638 1144 2795 1198 τοῦτο
2817 1143 3073 1216 νικοποιῷ
3107 1145 3449 1218 κεκλημένῳ,
3504 1147 3758 1219 ἀνέθηκεν

2187 1238 2218 1290 ὁ
2246 1236 2426 1290 Δαυΐδ’
2463 1239 2557 1291 καὶ
2596 1237 2678 1291 ὅτι
2721 1237 2986 1302 ὲπινίκιος
3013 1230 3168 1301 οὗτος
3211 1238 3241 1290 ὁ
3289 1237 3457 1310 ὕμνος
3490 1239 3524 1312 ἢ
3578 1241 3612 1311 ἡ

2188 1330 2403 1401 εἴρηται
2434 1328 2527 1383 τοῦ
2556 1329 2738 1383 Δαυϊδ.
2758 1331 2864 1394 Εἰς
2889 1328 2955 1382 τὸ
2986 1329 3160 1396 τέλος
3182 1329 3259 1395 δὲ,
3286 1330 3403 1401 ἦτοι
3435 1330 3524 1385 διὰ
3549 1332 3612 1385 τὸ
3626 1332 3760 1403 ἀμφὶ

2188 1423 2313 1485 τοὺς
2351 1421 2693 1486 τελευταίους
2714 1423 2816 1495 τῆς
2844 1422 2990 1494 ζωῆς
3023 1421 3188 1476 αὑτοῦ
3226 1423 3472 1495 χρόνους,
3505 1424 3601 1478 καὶ
3633 1423 3760 1495 μετὰ

2189 1514 2370 1578 πάσας
2397 1514 2561 1567 αὐτοῦ
2589 1514 2687 1579 τὰς
2713 1514 2938 1587 πράξεις
2968 1513 3065 1578 τὰς
3121 1516 3427 1587 φερομένας
3447 1516 3505 1569 ὲν
3526 1520 3596 1589 τῇ
3628 1518 3761 1570 ἱστο-

2189 1608 2284 1680 ρίᾳ
2333 1606 2599 1678 λελέχθαι·
2643 1606 2678 1679 ἢ
2732 1607 2821 1661 διὰ
2864 1607 2924 1662 τὸ
2975 1608 3311 1681 προφητείας
3356 1609 3635 1681 περιέχειν
3663 1609 3762 1663 τῶν

2193 1698 2491 1770 μελλόντων
2549 1699 2769 1754 ἔσεσθαι
2815 1701 2908 1754 ἐπὶ
2974 1699 3255 1773 συντελείᾳ
3316 1700 3411 1754 τοῦ
3466 1700 3683 1766 αἰῶνος
3729 1701 3760 1772 ἢ

507 1800 572 1839 ea
606 1800 726 1856 quae
768 1785 825 1839 in
874 1793 1150 1856 postrema
1191 1786 1358 1857 hujus
1390 1788 1578 1858 hymni
1627 1795 1783 1859 parte
1812 1788 2078 1856 feruntur,

2190 1791 2391 1863 τρίτον,
2414 1791 2502 1844 διὰ
2536 1790 2598 1844 τὺ
2635 1792 2727 1844 ἐπὶ
2763 1791 2835 1845 τὰ
2857 1791 2984 1865 τέλη
3037 1793 3145 1847 τῶν
3175 1792 3568 1865 ἐμφερομένων
3597 1792 3762 1861 λόγων

506 1878 679 1933 lector
707 1879 1022 1935 remittitur.
1049 1878 1108 1933 1n
1127 1892 1238 1951 quo
1262 1878 1511 1952 [triplici]
1544 1881 1672 1944 line,
1703 1881 1921 1937 vocatio
1950 1895 2083 1952 gen-

505 1970 640 2024 tium
672 1979 726 2026 et
747 1971 1033 2041 prophetia
1062 1971 1129 2027 de
1158 1970 1404 2027 Christo.
1436 1971 1550 2026 Hoc
1580 1980 1764 2027 autem
1801 1971 1962 2028 modo
1995 1986 2086 2027 va-

500 2063 788 2130 ticinatur,
814 2072 874 2118 ut
914 2060 1135 2120 Saulem
1170 2080 1296 2120 cum
1333 2064 1458 2120 aliis
1502 2065 1759 2121 omnibus
1798 2080 1905 2120 una
1935 2079 2086 2120 com-

501 2152 793 2220 plectatur.
855 2153 976 2208 Alia
1038 2166 1259 2224 quoque
1305 2156 1517 2210 ratione
1562 2156 1740 2226 ipsum
1799 2155 1868 2210 de
1914 2171 2081 2211 manu

505 2240 638 2296 Saul
669 2244 922 2299 liberavit
948 2263 964 2300 :
1000 2244 1314 2316 frequenter
1342 2247 1487 2302 enim
1510 2261 1608 2315 per
1636 2262 1852 2300 manum
1888 2246 2085 2302 intelli-

501 2335 649 2405 gitur
686 2350 846 2406 opus.
876 2336 1048 2407 Igitur
1079 2337 1174 2408 qui
1216 2338 1470 2393 liberavit
1500 2336 1756 2392 Davidem
1788 2353 1856 2392 ex
1903 2331 2111 2393 omni-‘

502 2426 607 2481 bus
640 2426 878 2482 inimicis
907 2428 1045 2494 suis,
1073 2429 1198 2497 jure
1220 2443 1286 2483 ac
1312 2438 1716 2498 consequenter
1744 2429 1926 2498 ipsum
1962 2440 2083 2482 ma—

495 2519 713 2590 joribus
758 2520 1038 2576 beneﬁciis
1067 2521 1404 2586 devinciens,
1440 2537 1509 2576 ex
1542 2521 1644 2574 hac
1678 2519 1859 2577 Saulis
1891 2536 2078 2587 manu,

414 2646 415 2653 ι
501 2615 619 2670 sive
642 2628 830 2685 opere,
875 2615 1082 2686 pariter
1114 2615 1355 2686 eripuit,
1402 2622 1462 2669 ut
1496 2630 1605 2669 non
1639 2615 1795 2686 paria
1829 2629 1953 2670 cum
1988 2615 2083 2672 illo

501 2689 805 2774 pateretur.

573 2796 740 2855 Vens.
776 2798 832 2863 2,
867 2801 902 2855 '5
962 2799 1198 2871 Diligam
1237 2808 1304 2861 te,
1347 2798 1590 2866 Domine,
1623 2799 1883 2869 fortitudo
1923 2810 2080 2856 mea:

501 2890 760 2947 Dominus
790 2896 1184 2965 ﬁrmamentum
1223 2910 1392 2948 meum
1423 2902 1474 2947 et
1498 2893 1764 2964 refugium
1803 2909 2000 2957 meum;
2026 2903 2079 2948 et

503 2985 755 3041 liberator
784 2986 947 3040 meus.
982 2986 1125 3041 Deus
1165 3003 1309 3041 meus
1340 2986 1556 3054 adiutor
1585 3002 1751 3052 meus,
1780 2994 1829 3038 et
1857 2983 2079 3053 sperabo

501 3076 558 3130 in
586 3093 704 3131 eum
730 3091 749 3130 :
771 3086 1034 3146 protector
1058 3094 1201 3131 meus
1231 3086 1280 3131 et
1315 3092 1479 3130 cornu
1513 3077 1706 3130 salutis
1726 3092 1852 3129 mea:
1879 3085 1927 3129 et
1953 3093 2078 3129 sus-

2189 1882 2283 1934 τοῦ
2307 1881 2665 1954 προκειμένου
2719 1879 2890 1953 ὕμνου
2914 1882 3005 1936 τὸν
3044 1883 3445 1952 ἐντυγχάνοντα
3476 1881 3761 1953 παραπέμ-

2188 1974 2330 2027 πειν⁴
2367 1974 2425 2025 ἐν
2452 1968 2533 2036 οἷς
2584 1972 2792 2026 τέλεσιν
2812 1975 2846 2044 ἡ
2876 1973 3070 2043 κλῆσις
3107 1973 3215 2027 τῶν
3260 1972 3429 2026 ἐθνῶν
3450 1973 3547 2027 καὶ
3580 1975 3615 2043 ἡ
3648 1971 3762 2044 περὶ

2186 2064 2281 2118 τοῦ
2316 2064 2553 2135 Χριστοῦ
2592 2066 2917 2137 προφητεία.
2984 2065 3185 2120 Τοῦτον
3229 2065 3477 2130 θεσπίζει
3517 2064 3615 2118 τὸν
3651 2064 3753 2135 τρό-

2188 2173 2308 2220 πον,
2340 2156 3011 2235 συμπαραλαμβανομένου
3041 2161 3154 2221 τοῖς
3181 2158 3318 2210 πᾶσι
3346 2157 3438 2210 καὶ
3466 2155 3560 2209 τοῦ
3578 2155 3761 2210 Σαούλ.

2194 2249 2305 2304 Καὶ
2328 2247 2501 2312 ἄλλως
2529 2246 2586 2299 δὲ
2614 2245 2774 2300 αὐτὸν
2808 2247 2872 2299 ὲκ
2916 2245 3097 2317 χειρὸς
3131 2246 3305 2301 Σαοὺλ
3346 2248 3640 2319 ἐρρύσατο,
3672 2251 3762 2322 τῆς

2194 2337 2375 2411 χειρὸς
2417 2336 2676 2399 πολλάκις
2727 2336 2846 2390 ἀντὶ
2879 2336 3129 2407 πράξεως
3157 2337 3758 2412 ,παραλαμϐανομένης

2192 2430 2431 2491 Εἰκότως
2481 2422 2573 2481 οὖν
2620 2428 2649 2480 ὁ
2693 2426 2994 2498 ῥυσάμενος
3043 2414 3205 2480 Δαυῒδ
3263 2429 3328 2481 ὲκ
3390 2430 3612 2484 πάντων
3658 2432 3762 2485 τῶν

2194 2519 2402 2592 ὲχθρῶν
2428 2517 2617 2580 αὐτοῦ,
2654 2517 2913 2591 μειζόνως
2945 2516 3105 2573 αὑτὸν
3147 2520 3480 2591 εὐεργετῶν,
3516 2522 3613 2575 καὶ
3639 2522 3754 2577 ταύ-

2193 2630 2292 2684 της
2340 2612 2440 2682 τῆς
2475 2608 2654 2682 χειρὸς
2694 2608 2789 2663 τοῦ
2838 2609 3028 2676 Σαοὺλ,
3078 2612 3322 2665 τουτέστι
3367 2613 3467 2683 τῆς
3512 2615 3763 2686 πράξεως

2193 2702 2382 2778 αὑτοῦ,
2418 2703 2706 2775 ἐρρύσατο,
2732 2701 2809 2765 ὼς
2845 2702 2922 2775 μὴ
2950 2703 3019 2756 τὰ
3041 2704 3201 2774 ὃμοια
3229 2704 3420 2758 παθεῖν
3449 2706 3671 2778 ἐκεινῳ.

2266 2788 2587 2863 Ἃγαπήσω
2613 2808 2708 2856 σε,
2757 2791 2954 2860 Κύριε,
2989 2791 3168 2861 ἰσχύς
3200 2806 3339 2860 μου·
3376 2790 3596 2858 Κύριος
3634 2804 3767 2843 στε-

2177 2882 2378 2953 ρέωμά
2398 2900 2518 2953 μου
2546 2882 2644 2936 καί
2671 2880 2984 2952 καταφυγή
3022 2898 3164 2951 μου,
3215 2880 3314 2934 καί
3339 2882 3577 2950 ρύστης
3630 2899 3766 2951 μου.

2198 2975 2260 3029 '0
2294 2976 2439 3041 Θεός
2463 2994 2603 3045 μου,
2628 2976 2857 3044 βοηθός
2880 2991 3023 3043 μου,
3048 2972 3147 3028 καὶ
3188 2972 3375 3026 ἐλπιὼ
3416 2973 3510 3026 ἐπ’
3558 2973 3767 3028 αὐτόν’

2184 3067 2640 3136 ὑπερασπιστὴς
2704 3085 2844 3137 μου,
2912 3067 3013 3121 καὶ
3057 3065 3234 3135 κέρας
3279 3064 3392 3134 τῆς
3468 3064 3769 3134 σωτηρίας

498 3177 677 3237 ceptor
724 3144 868 3221 meus
911 3209 926 3223 .
971 3204 985 3221 .
1032 3208 1046 3223 .
1093 3208 1107 3223 .
1153 3207 1169 3223 .
1228 3210 1242 3223 .
1287 3206 1303 3221 .
1377 3167 1494 3220 Alia
1542 3181 1762 3237 quoque
1812 3166 2078 3221 sententia

2187 3178 2336 3230 μου,
2390 3161 2490 3215 καὶ
2547 3161 2926 3229 ἀντιλήπτωρ
2978 3177 3098 3229 μου
3141 3186 3155 3214 ι
3201 3198 3215 3213 .
3259 3196 3276 3214 .
3320 3198 3336 3213 .
3383 3195 3396 3211 .
3437 3159 3548 3211 Καὶ
3597 3158 3772 3221 ἄλλως

500 3256 670 3312 Deum
701 3265 863 3312 vocat
888 3257 1286 3321 fortitudinem,
1317 3257 1610 3311 humanam
1635 3256 1904 3312 confitens
1928 3257 2078 3311 inlir-

2187 3251 2241 3305 δὲ
2270 3254 2422 3322 ἰσχὺν
2451 3251 2607 3305 καλεῖ
2630 3250 2720 3303 τὸν
2746 3250 2900 3315 Θεὸν,
2950 3248 3226 3321 ὁμολογῶν
3268 3249 3365 3321 τὴν
3419 3249 3769 3320 ἀνθρωπίνην

498 3348 773 3411 mitatem,
821 3362 944 3419 quas
987 3348 1106 3403 sine
1140 3346 1251 3402 Deo
1282 3348 1417 3402 nihil
1467 3363 1630 3418 agere
1667 3348 1875 3416 valeat;
1911 3363 2078 3419 quare

2187 3344 2488 3408 ἀσθένειαν,
2522 3345 2615 3398 καὶ
2637 3342 2712 3408 ὡς
2744 3342 2897 3396 οὐδὲν
2947 3340 3012 3397 ἂν
3046 3341 3270 3412 ἴσχυσεν
3306 3342 3435 3397 ἄνευ
3482 3339 3650 3395 Θεοῦ·
3678 3340 3773 3395 καὶ

499 3439 583 3494 sic
630 3439 708 3494 ait
745 3439 986 3494 Paulus:
1018 3437 1213 3494 Omnia
1252 3454 1465 3507 possunt
1516 3439 1569 3492 in
1608 3436 1819 3494 Christo
1868 3439 1960 3510 qui
2000 3454 2078 3493 me

2187 3435 2396 3501 Παῦλος
2447 3435 2559 3507 γὰρ
2592 3434 2717 3507 ἔφη·
2754 3433 2957 3489 Πάντα
3024 3437 3214 3503 ἰσχύω
3259 3434 3331 3487 ἐν
3382 3432 3464 3500 τῷ
3507 3432 3771 3488 ἐνδυναο

499 3531 857 3602 εοηίονιαιυδ.
894 3532 1093 3602 Aquila
1128 3546 1292 3601 porro
1336 3541 1391 3586 et
1431 3529 1816 3602 Symmachus,
1862 3533 1982 3587 vice
2010 3530 2078 3585 il-

2187 3528 2394 3597 μοῡντί
2414 3544 2489 3598 με
2514 3526 2767 3596 Χριστῷ.
2808 3527 3038 3592 Ἀκύλας
3088 3528 3145 3581 δὲ
3179 3528 3275 3580 καὶ
3317 3525 3621 3598 Σύμμαχος
3654 3518 3777 3580 ἀντὶ

496 3625 628 3687 lius,
691 3624 983 3694 fortitudo,
1030 3633 1238 3694 petram
1289 3623 1631 3693 interpretati
1689 3632 1859 3678 sunt:
1894 3624 2078 3693 aitque

2187 3621 2295 3687 τοῦ,
2326 3621 2649 3689 στερέωμα,
2686 3621 2891 3689 πέτραν
2920 3621 3292 3692 ἡρμήνευσαν·
3318 3618 3424 3689 ἔφη
3473 3618 3533 3672 δὲ
3595 3622 3694 3674 καὶ
3747 3619 3777 3673 ό

494 3732 730 3788 magnus
777 3717 1075 3788 Apostolus
1106 3734 1119 3770 :
1148 3714 1314 3769 Petra
1353 3724 1532 3768 autem
1577 3725 1694 3768 erat
1737 3712 1979 3769 Christus
2004 3714 2071 3769 ⁸⁸.

2187 3715 2357 3787 μέγας
2373 3698 2709 3777 Ἀπόστολος·
2729 3713 2789 3766 Ἠ
2802 3712 2984 3781 πέτρα
3000 3711 3066 3766 δὲ
3080 3709 3158 3781 ἦν
3171 3715 3204 3766 d
3214 3711 3485 3780 Χριστός.
3503 3712 3636 3766 Ἐπὶ
3652 3713 3779 3767 ταύ·

494 3806 631 3861 Cum
664 3821 830 3876 supra
873 3816 1082 3876 petram
1116 3805 1279 3869 hanc,
1311 3804 1533 3859 domum
1566 3820 1719 3859 suam
1758 3805 1925 3859 David
1951 3805 2075 3860 fun-

2187 3825 2275 3878 την
2303 3807 2400 3879 τὴν
2432 3805 2637 3877 πέτραν
2655 3808 2754 3879 τὴν
2777 3800 2969 3861 ἑαυτοῦ
2998 3804 3174 3859 οἰκίαν
3207 3804 3506 3876 οἰκοδομῶν
3530 3805 3561 3857 ὁ
3579 3804 3771 3866 Δαυῒδ,

494 3896 704 3964 dasset,
731 3898 930 3953 similis
969 3906 1087 3952 erat
1124 3898 1234 3952 viro
1255 3898 1501 3966 sapienti,
1533 3898 1623 3966 qui
1651 3896 1933 3967 a'diﬁcavit
1973 3896 2072 3950 do-

2187 3897 2501 3970 Ξιφωμοίωτο
2539 3896 2621 3964 τῷ
2670 3898 2933 3968 φρονίμῳ
2983 3897 3064 3964 τῷ
3135 3894 3602 3965 οἰκοδομήσαντι
3656 3896 3776 3964 τὴν

495 4005 642 4043 mum
681 4005 835 4043 suam
876 4004 1039 4059 supra
1083 3998 1286 4057 petram
1305 3989 1373 4044 ⁸⁸.
1425 3986 1771 4058 Quapropter
1815 3986 2071 4041 erunibus

2187 3989 2390 4044 ἑαυτοῦ
2438 3992 2636 4044 οἰκίαν
2683 3990 2781 4043 ἐπὶ
2815 3988 2930 4057 τὴν
2983 3991 3226 4058 πέτραν.
3278 3989 3371 4042 Διὸ
3421 3989 3514 4042 καὶ
3544 3991 3774 4044 πάντων

492 4081 735 4136 inimicis
774 4081 915 4144 suis,
970 4080 1064 4149 qui
1100 4082 1315 4150 pluviae,
1357 4087 1645 4133 ventorum
1699 4086 1755 4133 et
1783 4076 2068 4131 ίιιιιιιίιιιιιη

2187 4084 2434 4154 ιρείττων
2456 4083 2694 4151 ἐγένετο,
2739 4081 2849 4135 τῶν
2886 4081 3042 4135 ὑετοῦ
3103 4081 3280 4152 δίκην,
3331 4082 3668 4152 πνευμάτων
3713 4096 3773 4134 τε

493 4171 669 4227 instar
700 4172 1096 4242 impingebant,
1151 4170 1405 4241 superior
1453 4170 1681 4225 ell'ectus
1721 4177 1825 4223 est.
1863 4165 2067 4221 Verum

2187 4175 2267 4229 ιαὶ
2295 4172 2554 4244 ποταμῶν
2593 4172 3038 4245 προσϐαλλόντων
3086 4171 3234 4242 αὐτῷ
3281 4171 3581 4243 πολεμίων.
3623 4170 3770 4224 Ἀλλ’

491 4276 670 4333 neque
709 4264 1038 4318 satellitibus
1090 4277 1154 4316 ac
1202 4259 1468 4316 exercitui
1524 4260 1770 4314 conlisus
1820 4265 1938 4323 est._
1969 4255 2066 4311 sed

489 4355 604 4411 Deo
625 4371 785 4426 quem
817 4356 1008 4410 habuit
1035 4355 1443 4426 cpitulatorem,
1469 4353 1616 4407 omni
1648 4366 1847 4424 genere
1881 4365 2064 4405 armo-

488 4462 610 4504 rum
660 4449 988 4502 instructum
1031 4457 1086 4503 et
1131 4463 1303 4502 cornu
1352 4448 1570 4510 salutis.
1608 4447 1679 4498 ita
1725 4450 1785 4498 ut
1813 4444 2060 4500 diceret:

488 4537 557 4596 In
588 4550 635 4594 te
658 4542 896 4595 inimicos
931 4550 1138 4596 nostros
1169 4540 1537 4596 ventilabimus
1560 4556 1725 4593 cornu
1744 4539 1811 4593 ⁵⁷.

558 4632 727 4689 Vsus.
792 4634 913 4689 5‘7.
960 4633 1428 4689 Circumdederunt
1508 4648 1589 4686 me
1651 4630 1859 4685 datores
1919 4644 2064 4684 mor-

488 4726 578 4789 tis,
602 4737 651 4781 et
683 4735 937 4783 torrentes
963 4728 1264 4799 iniquitatis
1292 4724 1735 4780 conturbauerunt
1759 4739 1861 4777 me.
1899 4721 2065 4775 Dolo-

486 4835 571 4872 res
601 4819 792 4888 inferni
830 4820 1295 4874 circumdederunt
1326 4835 1426 4881 me,
1459 4821 1952 4884 praeoccupaverunt
1984 4826 2065 4866 me

373 4953 382 4962 .
487 4906 661 4978 laquei
693 4912 901 4962 mortis.
938 4907 1004 4962 In
1055 4908 1396 4962 tribulatione
1429 4923 1545 4961 mea
1596 4905 1830 4973 invocavi
1885 4902 2066 4956 Domi-

487 5012 635 5062 num,
669 5008 718 5053 et
766 4998 835 5052 ad
875 4999 1042 5054 Deum
1099 5016 1271 5055 meum
1305 4998 1550 5052 clamavi.
1587 4996 1655 5050 Et
1691 4995 1957 5051 exaudivit
2002 4992 2066 5047 de

489 5088 677 5153 templo
716 5100 898 5144 sancto
935 5108 1028 5144 suo
1061 5109 1235 5147 vocem
1282 5108 1473 5158 meam,
1505 5100 1555 5145 et
1595 5090 1797 5144 clamor
1830 5102 1976 5140 meus
2008 5086 2065 5139 in

487 5189 762 5247 conspectu
781 5180 895 5249 ejus
930 5183 1164 5237 introibit
1191 5186 1243 5237 in
1272 5198 1426 5237 aures
1454 5182 1588 5250 ejus.
1625 5178 1724 5234 His
1755 5179 1915 5233 docet
1952 5190 2062 5246 quo

486 5278 648 5341 pacto
681 5284 713 5324 a
734 5274 1074 5329 torrentibus
1114 5274 1426 5344 iniquitatis
1452 5273 1725 5335 turbatus,
1749 5277 1803 5326 ct
1834 5268 2061 5338 reliquis

486 5378 609 5434 quae
637 5379 801 5433 supra
849 5376 1223 5421 memorantur
1263 5367 1424 5422 malis
1467 5365 1898 5427 circumventus,
1934 5377 2059 5416 cum

487 5471 548 5511 se
576 5456 631 5512 in
663 5459 909 5528 periculo
935 5462 1296 5516 constitutum
1328 5476 1449 5516 esse
1479 5458 1726 5521 sentiret,
1758 5454 1828 5510 ad
1860 5453 2057 5511 salutis

485 5562 599 5607 suae
631 5559 846 5620 portum
889 5552 1155 5622 confugit.
1193 5550 1559 5619 Quamobrem
1597 5550 1711 5605 ait:
1745 5546 1812 5602 In
1835 5544 2060 5600 tribula-

2168 4266 2288 4320 οὐδὲ
2315 4266 2409 4319 ἐπὶ
2439 4265 2774 4337 δορυφόρους
2828 4263 3052 4336 ἦλπιζεν
3100 4264 3133 4335 ἦ
3194 4264 3442 4337 στρατὸν,
3505 4263 3631 4318 ἀλλ’
3677 4264 3774 4317 ἐπὶ

2167 4355 2318 4419 Θεὸν,
2365 4354 2556 4427 βοηθὸν
2590 4355 2751 4408 αὐτὸν
2777 4353 2937 4425 ἔχων,
2965 4354 3264 4409 πανοπλίαν
3289 4355 3383 4409 καὶ
3412 4352 3607 4424 κέρας·
3634 4355 3771 4409 ὥστ’

2170 4445 2236 4499 ἂν
2264 4447 2438 4501 εἰπεῖν
2468 4446 2563 4499 καὶ
2590 4445 2770 4498 αὐτόν*
2817 4445 2913 4499 Ἐν
2948 4445 3049 4499 σοί
3104 4444 3247 4511 τοὺς
3288 4445 3544 4514 ἐχθροὺς
3590 4443 3777 4515 ἡμῶν

2166 4536 2572 4605 κερατιοῦμεν.

2236 4626 2570 4696 Περιέσχον
2616 4644 2695 4697 με
2742 4626 2950 4694 ὠδῖνες
2987 4625 3246 4683 θανάτου
3297 4627 3396 4681 καί
3445 4628 3776 4699 χείμαρῤοι

2168 4720 2417 4788 ἀνομίας
2439 4717 2806 4786 ἐξετάραξάν
2819 4736 2917 4788 με.
2949 4718 3169 4785 Ὠδῖνες
3191 4718 3337 4786 ᾅδου
3359 4721 3778 4787 aspiciet-relcu—

2169 4809 2290 4864 σάν
2311 4827 2409 4880 με,
2452 4808 2843 4878 προέφθασάν
2863 4826 2943 4879 με
2963 4811 3210 4880 παγίδες
3241 4808 3521 4864 θανάτου.
3550 4811 3678 4865 Καὶ
3703 4811 3779 4865 ἐν

2170 4901 2252 4970 τῷ
2280 4904 2589 4958 θλίϐεσθαι
2607 4919 2684 4973 με
2706 4901 3172 4971 ἐπεκωεσὰμην
3200 4902 3309 4956 τὸν
3359 4903 3611 4972 Κύριον,
3671 4901 3779 4959 καί

2170 4995 2321 5064 πρὸς
2346 4994 2452 5049 τὸν
2499 4995 2646 5050 Θεόν
2687 5013 2807 5066 μου
2832 4992 3146 5064 ἐκέκραξαι
3185 4996 3488 5050 Ἤκουσεν
3506 4995 3581 5048 ἐκ
3610 4995 3778 5052 ναοῦ

2169 5088 2342 5158 ἁγίου
2374 5089 2560 5143 αὐτοῦ
2590 5087 2706 5156 τὴν
2740 5086 2950 5157 φωνήν
2969 5105 3111 5158 μου,
3150 5087 3247 5141 καί
3288 5088 3327 5156 ἡ
3355 5085 3592 5156 κραυγή
3643 5104 3777 5158 μου

2169 5178 2426 5232 ἐνώπιον
2453 5178 2641 5232 αὐτοῦ
2672 5180 3083 5233 εἰσελεύσεται
3134 5181 3223 5245 εἰς
3252 5178 3325 5232 τὰ
3371 5173 3491 5232 ὦτα
3532 5178 3768 5233 αὐτοῦ.

2166 5271 2416 5326 Διδάσκει
2440 5270 2527 5324 διὰ
2558 5270 2761 5325 τούτων
2786 5270 2906 5326 τίνα
2937 5271 3157 5341 τρόπον,
3207 5271 3297 5323 καὶ
3329 5270 3435 5324 ὑπὸ
3474 5268 3593 5322 τῶν
3652 5289 3777 5343 χει.

2168 5365 2394 5437 μάρρων
2426 5363 2524 5433 τῆς
2545 5363 2776 5433 ἀνομίας
2795 5363 3219 5434 ταρασσόμενος,
3249 5362 3344 5414 καὶ
3389 5360 3462 5414 τά
3484 5359 3668 5417 λοιπὰ
3700 5363 3775 5417 τὰ

2164 5453 2534 5528 προειρημένα
2578 5454 2832 5524 πάσχων,
2861 5454 3057 5525 ᾔσθετο
3102 5452 3266 5509 αὑτοῦ
3320 5450 3769 5515 κινδυνεύοντος,

2162 5546 2254 5601 ἐπὶ
2275 5545 2366 5599 τὸν
2393 5545 2590 5615 λιμένα
2616 5546 2717 5617 τῆς
2736 5546 2929 5601 ἑαυτοῦ
2974 5547 3245 5619 σωτηρίας
3274 5544 3613 5617 κατέφευγε.
3667 5546 3775 5604 Διό

555 5730 603 5764 ⁸⁸
638 5728 871 5803 Philipp.
926 5747 998 5797 1v,
1040 5733 1123 5787 15.
1201 5733 1289 5789 ⁸⁸1
1323 5732 1447 5789 Cor.
1497 5750 1550 5798 χ,
1592 5732 1639 5788 Ι.
1720 5731 1765 5765 ⁸⁸
1792 5726 1981 5785 Matth.
2007 5731 2072 5798 ;v1

2188 5722 2235 5778 ἰ.
2316 5725 2360 5760 ³⁷
2383 5722 2526 5780 Psal.
2560 5738 2721 5792 xum,
2757 5723 2808 5777 6.
