3940 6292
198 277 299 329 169

1332 284 1839 344 COMMENTARIA
1878 285 1943 341 IN
1986 285 2327 343 PSALMOS.

3334 287 3437 343 {'10

194 410 380 465 φησιν’
426 396 529 449 Ἔν
564 398 643 464 τῷ
674 402 975 455 θλίϐεσθαι
1026 402 1489 474 ἐπεκαλεσάμην
1517 404 1623 457 τὸν
1654 404 1750 456 Κύε

1871 406 2008 458 tione
2060 420 2177 458 mea
2220 403 2452 457 invocavi
2504 401 2809 465 Dominum,
2857 410 2908 456 et
2952 401 3020 456 ad
3062 400 3229 455 Deum
3266 418 3435 456 meum

191 501 345 551 ριον,
373 487 471 539 καὶ
527 489 673 557 πρὸς
744 492 849 546 τὸν
901 496 1049 549 Θεόν
1101 511 1222 563 μου
1266 495 1581 563 ἐκέκραξα.
1631 490 1765 548 Εἶτα

190 573 452 638 διδάσκει,
496 576 573 641 ὡς
629 581 729 635 οὐκ
772 585 1038 655 ἠστόχησε
1110 584 1204 638 τοῦ
1276 586 1476 639 σκοποῦ
1543 586 1767 640 τοιαῦτα

192 667 508 731 πιστεύσαςο
539 671 578 738 ἡ
604 674 712 745 γὰρ
742 674 918 742 ἐλπὶς
941 678 1013 731 οὺ
1037 680 1442 749 καταισχύνει.
1460 678 1551 732 Διδ
1576 680 1767 749 ἐπιφέ-

191 774 299 829 ρειο
338 760 635 815 Ἤκουσεν
655 765 725 817 ἐκ
751 767 901 821 ναοῦ
932 770 1103 839 ἁγίου
1130 771 1315 826 αὐτοῦ
1372 769 1577 840 φωνῆς
1623 790 1763 841 μου,

190 850 291 903 καὶ
322 851 363 919 ή
399 853 630 923 κραυγή
662 875 781 925 μου
842 861 1098 915 ἐνώπιον
1142 862 1328 917 αὑτοῦ
1359 866 1768 919 εἰσελεύσεται

192 946 277 1009 εις
306 946 379 999 τὰ
428 942 551 1001 ὦτα
596 952 800 1006 αὐτοῦ.
831 955 975 1007 Ναὸν
1016 956 1070 1009 δὲ
1112 957 1246 1009 Θεοῦ
1279 960 1335 1010 ὲν
1371 960 1580 1022 τούτοις
1616 964 1768 1013 ποῖον

192 1038 296 1109 Χρὴ
340 1044 481 1093 νοεῖν
512 1042 897 1111 λέγεσθαι·ὑπὸ
918 1048 1011 1101 τοῦ
1035 1049 1213 1113 Δαυῖδ,
1266 1052 1430 1121 μήπω
1456 1052 1547 1104 τοῦ
1576 1056 1634 1106 ἐν
1674 1054 1768 1107 Ἰε-

191 1129 511 1201 ροσολύμοις
543 1134 691 1186 οἴκου
744 1138 1271 1208 κατεσκευασμένου,
1321 1140 1352 1211 ἢ
1401 1141 1618 1204 πάντως
1661 1157 1764 1193 που

186 1219 287 1290 τὴν
333 1223 652 1295 ἐπουράνιον
678 1227 830 1281 πόλιν
872 1228 967 1281 τοῦ
996 1230 1151 1293 Θεοῦ,
1212 1231 1304 1284 καὶ
1336 1233 1435 1303 τὴν
1484 1232 1595 1287 ἄνω
1666 1234 1764 1285 Ἱε-

190 1316 487 1387 ρουσαλὴμ,
518 1314 771 1391 ἦςείκὼν
813 1321 1105 1393 ἐτύγχανεν
1150 1325 1179 1376 ὁ
1213 1327 1302 1378 ἐπὶ
1343 1327 1441 1396 τῆς
1471 1327 1575 1397 γῆς
1631 1344 1765 1380 κατ-

184 1410 583 1479 ισκευασμένος
601 1413 735 1476 νεώς
756 1430 771 1479 ;

252 1501 363 1553 Καὶ
393 1502 693 1573 ἐσαλεύθη
727 1507 823 1560 καὶ
864 1509 1145 1577 ἔντρομος
1173 1510 1424 1579 ἐγενήθη
1465 1514 1503 1580 ἡ
1541 1510 1637 1582 γῆ,
1666 1513 1761 1567 καὶ

186 1591 255 1645 τὰ
283 1594 526 1661 θεμέλια
558 1596 673 1651 τῶν
704 1599 887 1667 ὁρέων
917 1601 1337 1671 ἐταράχθησαν
1374 1605 1470 1658 καὶ
1506 1606 1760 1660 ἐσαλεύ-

186 1689 400 1751 θησαν,
451 1688 541 1743 ὅτι
592 1691 853 1760 ὠργίσθη
911 1694 1115 1759 αὐτοῖς
1162 1697 1194 1747 ό
1239 1697 1401 1763 Θεός.
1450 1698 1761 1752 Λευκὸτατα

186 1777 539 1850 προερητεύων
572 1780 669 1852 τὴν
713 1782 1011 1838 κατάϐασιν
1042 1784 1134 1838 τοῦ
1165 1787 1373 1857 Κυρίου
1416 1787 1501 1841 διὰ
1540 1788 1630 1842 τὸν
1659 1789 1757 1843 Θά-

186 1866 336 1920 ῦατον
370 1870 465 1923 καὶ
507 1872 634 1933 τοὺς
661 1871 999 1944 χειμάρρους
1036 1875 1134 1945 τῆς
1170 1875 1418 1945 ἀνομίας,
1455 1874 1544 1929 διά
1572 1892 1630 1929 τε
1658 1877 1757 1941 τὰς

186 1958 371 2024 ὠδῖνας
404 1960 501 2013 τοῦ
530 1962 658 2033 ᾅδου
697 1965 790 2017 καὶ
818 1964 918 2029 τὰς
957 1966 1189 2034 παγίδας
1223 1966 1317 2021 τοῦ
1371 1967 1625 2031 θανάτου,
1661 1966 1757 2038 τὴν

189 2047 242 2116 ἐξ
276 2051 524 2123 οὐρανῶν
558 2054 855 2110 κατάϐασιν
885 2058 1274 2129 πεποιημένου.
1323 2059 1445 2112 Ἐπὶ
1484 2062 1550 2132 τῇ
1585 2078 1755 2114 κατα-

188 2141 330 2197 ϐάσει
372 2145 541 2199 αὑτοῦ
594 2147 715 2201 τίνα
764 2150 1079 2222 πέπρακται
1125 2152 1499 2224 προδιηγεῖται
1546 2152 1751 2220 λέγων·

190 2236 283 2289 Καὶ
310 2237 617 2307 ἐσαλεύθη
648 2242 747 2294 καὶ
793 2243 1079 2313 ἔντρομος
1118 2244 1371 2315 ἐγενήθη
1411 2245 1450 2313 ἡ
1489 2245 1563 2315 γῆ
1590 2262 1601 2274 ·
1638 2245 1754 2299 ἀνθ’

185 2320 238 2380 οὗ
272 2327 509 2392 Ἀκύλας
551 2331 715 2401 φησί·
746 2335 853 2387 Καὶ
886 2336 1130 2406 ἐκινήθη
1179 2338 1279 2391 καί
1308 2338 1554 2405 ἐσείσθη
1583 2339 1622 2405 ἡ
1653 2337 1749 2406 γῆ.

186 2419 463 2491 Μαρτυρεῖ
498 2421 553 2475 δὲ
580 2423 658 2493 τῷ
684 2423 826 2495 λόγῳ
853 2425 915 2479 τὸ
938 2426 1119 2499 ἔργον.
1170 2429 1256 2491 Ὠς
1294 2428 1405 2499 γὰρ
1434 2428 1691 2499 ἐπεδήμει
1723 2429 1752 2480 ὁ

195 2506 343 2572 ’Υἱὸς
385 2510 476 2564 τοῦ
509 2511 643 2566 Θεοῦ
671 2516 737 2584 τῇ
771 2518 840 2587 γῇ
864 2517 1004 2571 κατά
1027 2518 1127 2589 τὴν
1157 2517 1417 2590 ἕνσαρκον
1449 2518 1613 2573 αὑτοῦ
1647 2535 1751 2572 πα-

188 2604 427 2677 ρουσίαν,
470 2607 671 2672 πάντες
700 2613 749 2661 οι
783 2610 843 2662 τὸ
889 2610 988 2681 τῆς
1034 2611 1135 2681 γῆς
1171 2616 1428 2683 στοιχεῖον
1476 2611 1750 2675 οἰκοῦντες

183 2697 507 2769 ἐκινήθησαν
534 2699 630 2753 καὶ
665 2702 1013 2773 ἐσείσθησαν·
1048 2706 1196 2759 πᾶσά
1219 2722 1278 2757 τε
1301 2704 1437 2775 ἀκοὴ
1468 2703 1748 2774 Ἑλληνική

183 2805 237 2841 τε
268 2790 361 2841 καὶ
395 2788 673 2864 βάρϐαρος
696 2792 994 2865 ἐπληροῦτο
1033 2797 1133 2866 τῆς
1177 2797 1303 2868 περὶ
1334 2795 1498 2850 αὑτοῦ
1540 2796 1745 2866 φήμης.

185 2878 256 2933 Τὰ
282 2880 338 2933 δὲ
366 2881 638 2953 λεγόμενα
667 2884 775 2939 τῶν
800 2886 967 2957 ὀρέων
997 2887 1219 2957 θεμέλια
1249 2887 1622 2957 ἐταράχθησαν
1656 2885 1750 2940 καὶ

185 2970 579 3044 ἑσαλεύθησαν·
618 2976 650 3046 ἢ
696 2977 835 3030 κατὰ
865 2978 958 3031 τὸν
998 2978 1313 3050 Σύμμαχον,
1359 2977 1746 3047 περιετράπη-

1870 496 2113 552 clamavi.
2154 494 2362 549 Exinde
2403 494 2563 549 docet
2614 510 2673 548 se
2720 509 2749 546 a
2793 506 2960 562 scopo
3013 494 3235 549 minime
3276 493 3437 549 aber-

1867 604 2041 653 rasse,
2073 603 2195 643 cum
2230 587 2322 642 tali
2357 587 2549 643 (iducia
2581 589 2775 657 plenus
2812 596 2994 652 esset;
3020 602 3144 641 nam
3184 603 3296 655 spes
3331 605 3434 642 non

1866 680 2139 749 confundit
2162 682 2227 734 ⁵³.
2262 679 2497 751 Ideoque
2542 680 2825 750 subjungit
2853 699 2865 735 :
2894 678 3181 733 Exaudivit
3210 681 3274 735 de
3311 690 3436 735 tem-

1864 771 1951 839 plo
1974 782 2157 825 sancto
2182 788 2277 825 suo
2307 788 2479 825 vocem
2512 788 2703 834 meam,
2730 779 2779 826 et
2813 770 3016 825 clamor
3046 787 3187 825 meus
3228 773 3280 825 in
3314 788 3437 826 con-

1866 873 2045 930 spectu
2100 863 2212 931 ejus
2261 863 2502 917 introibit
2553 864 2607 916 in
2651 878 2805 917 aures
2830 863 2965 931 ejus.
3010 862 3293 932 Tanplum
3337 863 3434 919 Dei

1866 952 2142 1021 quodnam
2195 968 2224 1007 a
2265 953 2467 1009 Davide
2523 954 2816 1009 memorari
2868 954 2957 1009 hic
3002 954 3432 1024 intelligendum,

1866 1060 1990 1098 cum
2020 1044 2510 1117 Hierosolymitana
2539 1046 2734 1103 domus
2783 1048 3022 1101 nondum
3078 1048 3312 1102 excitata
3354 1061 3437 1101 es-

1867 1146 1984 1203 set;
2018 1138 2121 1193 nisi
2164 1139 2440 1193 caelestem
2476 1137 2568 1193 Dei
2608 1140 2905 1202 civitatem,
2957 1154 3247 1208 supernam
3282 1138 3433 1192 illam

1864 1228 2186 1295 Jerusalem,
2219 1232 2377 1300 cujus
2415 1232 2592 1301 imago
2616 1231 2719 1286 fuit
2746 1233 3006 1302 templum
3045 1232 3098 1285 in
3129 1240 3274 1287 terra
3302 1246 3438 1287 con-

1866 1334 2129 1380 structum
2148 1326 2171 1377 ἲ

1938 1502 2099 1559 Vsus.
2144 1500 2198 1557 8.
2226 1501 2503 1558 Commota
2524 1512 2603 1558 est
2633 1512 2683 1556 et
2709 1505 3021 1557 contremuit
3046 1512 3208 1570 terra,
3233 1502 3431 1571 funda-

1865 1607 2041 1651 menta
2084 1598 2336 1650 montium
2389 1596 2703 1652 conturbata
2732 1608 2854 1650 sunt
2896 1607 2945 1650 et
3002 1604 3263 1651 commota
3285 1604 3432 1659 sunt,

1864 1691 2111 1760 quoniam
2160 1690 2329 1744 iratus
2361 1700 2440 1744 est
2486 1691 2561 1745 eis
2604 1688 2767 1744 Deus.
2814 1687 2939 1743 Istis
2984 1686 3433 1743 manifestissime

1792 1754 2193 1834 Bvaticinatur
2247 1778 2491 1832 futurum
2553 1777 2770 1833 Domini
2825 1776 3152 1861 descensum
3208 1784 3434 1847 prOpter

1860 1880 2112 1935 mortem,
2136 1886 2351 1927 necnon
2375 1878 2599 1941 propter
2648 1879 2923 1925 torrentes
2964 1869 3295 1940 iniquitatis,
3332 1868 3433 1923 do-

1858 1962 2004 2019 lores
2056 1962 2281 2028 inferni,
2350 1972 2403 2019 et
2442 1964 2669 2033 laqueos
2700 1963 2936 2029 mortis;
2987 1978 3107 2033 qua:
3160 1964 3216 2017 in
3262 1977 3433 2018 causa

1858 2053 2011 2109 fuere
2036 2070 2135 2109 cur
2161 2070 2229 2109 ex
2262 2055 2420 2109 cmlis
2452 2053 2828 2110 descenderet.
2871 2052 2929 2108 In
2955 2053 3221 2110 descensu
3245 2066 3428 2109 autem

1856 2148 1977 2218 ejus
1997 2163 2246 2219 quamam
2272 2157 2421 2219 gesta
2446 2148 2576 2209 sint,
2613 2148 2767 2216 prius
2790 2147 3067 2201 enarravit
3104 2147 3191 2203 bis
3224 2147 3423 2201 verbis:

1856 2241 2133 2297 Commota
2159 2251 2237 2296 est
2273 2250 2323 2297 et
2360 2242 2674 2296 contremuit
2704 2250 2845 2295 terra
2876 2258 2893 2294 :
2919 2256 3017 2310 pro
3057 2256 3164 2310 quo
3203 2239 3422 2310 Aquila,

1856 2343 2000 2388 mota
2016 2342 2092 2387 est
2119 2342 2169 2388 et
2187 2350 2441 2388 concussa
2464 2342 2541 2387 est
2574 2342 2737 2397 terra,
2763 2333 3178 2403 interpretatur.
3203 2331 3269 2386 Et
3294 2346 3427 2387 sane

1854 2427 1984 2482 dicti
2007 2427 2153 2483 illius
2182 2428 2467 2481 veritatem
2498 2441 2587 2481 res
2615 2426 2731 2495 ipsa
2750 2432 2901 2495 gesta
2918 2423 3248 2480 testiﬁcatur
3268 2440 3281 2475 :
3302 2437 3428 2477 cum

1854 2516 2000 2572 enim
2026 2515 2199 2573 Filius
2219 2515 2313 2571 Dei
2340 2516 2395 2569 in
2418 2522 2586 2580 terra,
2619 2521 2862 2584 tempore
2891 2513 3160 2568 adventus
3189 2510 3273 2567 sui
3305 2526 3430 2568 car-

1854 2609 2014 2675 nalis,
2048 2608 2535 2680 peregrinabatur;
2571 2612 2842 2676 quotquot
2882 2612 3161 2659 terrenum
3189 2604 3429 2660 elemen-

1852 2711 1969 2756 tum
2014 2700 2283 2765 incolunt,
2339 2699 2598 2755 commoti
2642 2712 2705 2752 ac
2756 2698 3012 2752 concussi
3043 2704 3192 2761 sunt,
3239 2710 3303 2750 ac
3331 2711 3428 2766 per

1852 2791 2163 2847 Graecorum
2192 2790 2667 2860 barbarorumque
2713 2803 2877 2844 aures
2906 2788 3107 2858 ubique
3132 2786 3274 2841 fama
3302 2787 3423 2857 ejus

1851 2883 2157 2955 percrebuit
2184 2899 2197 2935 :
2239 2897 2304 2938 ea
2328 2897 2459 2937 vero
2488 2895 2609 2951 quae
2640 2880 2993 2935 fundamenta
3028 2878 3291 2933 montium
3326 2895 3423 2934 vo-

1851 2984 2065 3040 cantur,
2091 2974 2416 3031 conturbata
2453 2984 2582 3029 sunt
2608 2984 2661 3029 et
2684 2981 2957 3029 commota
2988 2978 3137 3034 sunt,
3168 2970 3251 3024 vel
3270 2970 3425 3040 juxta

183 3076 309 3126 σαν,
344 3062 437 3117 ὅτι
458 3064 719 3134 ὠργίσθη
764 3068 987 3142 αὑτρῖς.
1027 3070 1165 3140 Ὀρη
1190 3069 1247 3124 δὲ
1278 3065 1346 3141 ἦν
1377 3069 1446 3123 τὰ
1478 3068 1746 3139 ὑψώματα

1854 3068 2262 3141 Symmachum,
2295 3068 2644 3121 circumversa
2680 3074 2823 3125 sunt,
2850 3064 3099 3134 quoniam
3118 3065 3289 3117 iratus
3350 3072 3425 3115 est

182 3148 243 3202 τὰ
262 3152 602 3223 ὲπαιρόμενα
631 3154 772 3209 κατὰ
796 3155 896 3227 τῆς
922 3156 1174 3225 γνώσεως
1195 3158 1288 3212 τοῦ
1310 3157 1466 3223 Θεοῦ,
1488 3160 1743 3231 δυνάμεις

183 3242 312 3306 τινὲς
355 3245 753 3315 ἀντικείμεναι,
793 3249 849 3301 αἱ
892 3248 984 3303 τὸν
1032 3252 1240 3324 μακρὸν
1274 3251 1446 3307 αἰῶνα
1494 3253 1619 3316 τοὺς
1650 3253 1745 3306 ἐπὶ

184 3332 275 3403 γῆς
298 3334 551 3399 ἅπαντας
576 3338 1026 3411 ἀποπλανήσασαι
1049 3340 1139 3397 διὰ
1167 3342 1269 3412 τῆς
1302 3342 1561 3397 πολυθέου
1588 3344 1746 3399 δεισι-

181 3420 469 3491 δαιμονίας.
506 3424 723 3480 Τούτων
752 3423 843 3481 οὖν
864 3427 1050 3498 ὀρέων
1063 3432 1141 3487 τὰ
1152 3430 1394 3503 θεμέλια
1411 3433 1652 3487 τουτέστι
1678 3435 1745 3488 τὰ

186 3510 308 3586 βάθη
351 3517 449 3568 καὶ
478 3518 531 3570 oi
564 3516 836 3590 λογισμοὶ,
863 3520 962 3593 τῆς
995 3521 1087 3578 τοῦ
1122 3525 1327 3597 Κυρίου
1358 3525 1638 3597 δυνάμεως
1661 3530 1744 3583 αι-

184 3603 429 3675 οθόμενα,
462 3606 909 3679 ἐταράχθησαν,
940 3607 1029 3664 ὅτι
1051 3613 1316 3685 ὠργίσθη
1348 3605 1571 3673 αὐτοῖς.

245 3872 307 3927 τί
330 3872 423 3929 οῦν
445 3877 663 3951 ἐνεργεῖ
682 3880 715 3950 ή
731 3880 867 3953 ὀργὴ
883 3882 1026 3937 κατά
1040 3882 1144 3937 τῶν
1161 3885 1531 3940 άποδοθέντων
1546 3886 1738 3959 ὀρέων,

186 3961 299 4035 ἑξῆς
318 3965 553 4022 διδάσκει
576 3969 751 4039 λέγων
766 3989 779 4002 ·
812 3972 1007 4042 Ἀνέϐη
1033 3975 1261 4043 καπνὸς
1278 3977 1348 4033 ἐν
1367 3977 1514 4048 ὀργῇ
1533 3981 1739 4035 αὐτοῦ.

194 4055 380 4131 Ὥσπερ
422 4061 536 4134 γὰρ
574 4062 735 4117 δαλοῦ
785 4067 1077 4137 καιομένου
1125 4068 1231 4123 ὑπὸ
1282 4072 1475 4141 πυρὸς,
1504 4072 1740 4129 κᾶπειτα

192 4145 547 4222 σϐεννυμένου,
598 4156 805 4221 καπνὸς
850 4159 1177 4224 ἀποδίδοται,
1207 4162 1299 4215 τὸν
1347 4164 1509 4217 αὑτὸν
1540 4166 1741 4236 τρόπον

191 4239 242 4289 αἰ
266 4242 622 4335 ἀντικείμεναι
645 4247 923 4319 δυνάμεις,
965 4252 1132 4307 πάλαι
1174 4255 1273 4325 μὲν
1306 4256 1569 4329 πρότερον
1609 4262 1745 4335 πυρὶ

192 4334 666 4408 παραϐαλλόμεναι,
684 4341 781 4405 τὰς
802 4341 911 4397 τῶν
953 4343 1253 4417 ἀνθρώπων
1277 4348 1452 4419 ψυχὰς
1484 4352 1745 4423 κατέφλε-

1844 3160 1939 3214 eis.
1968 3157 2175 3213 Montes
2205 3165 2383 3213 autem
2406 3165 2561 3212 erant
2578 3156 2938 3211 sublimitates
2958 3170 3150 3210 omnes
3177 3169 3298 3224 quas
3325 3153 3423 3205 ad-

1847 3266 2039 3307 versus
2062 3250 2448 3321 cogitationem
2477 3248 2570 3304 Dei
2596 3248 2968 3319 erigebantur,
2999 3247 3209 3302 sciliCct
3237 3245 3425 3301 adver-

1848 3342 2006 3398 saria:
2037 3340 2287 3411 quaedam
2335 3348 2653 3412 potestates,
2688 3354 2811 3410 qua:
2864 3354 2962 3409 per
2996 3340 3155 3410 longa
3194 3341 3423 3395 saeculo-

1848 3451 1971 3489 rum
1993 3434 2168 3505 spatia
2202 3434 2507 3503 terrigenas
2537 3448 2727 3488 omnes
2785 3433 2840 3486 in
2888 3432 3268 3503 multiplicium
3293 3432 3423 3487 deo-

1846 3541 1971 3580 rum
2030 3525 2475 3595 superstitionem
2542 3533 2705 3593 atque
2757 3539 3001 3580 errorem
3058 3523 3418 3579 abduxerant.

1847 3616 2051 3672 Horum
2082 3617 2247 3688 igitur
2275 3618 2533 3671 montium
2571 3616 2939 3685 fundamenta,
3002 3616 3057 3671 id
3096 3623 3181 3671 est
3224 3616 3419 3670 altiora

1848 3708 2075 3764 consilia
2101 3720 2157 3763 et
2188 3709 2571 3778 cogitationes,
2605 3707 2818 3761 Domini
2849 3707 3104 3761 virtutem
3136 3721 3260 3761 cum
3287 3721 3418 3777 per-

1846 3798 2227 3861 sentiscerent,
2260 3797 2572 3851 conturbata
2588 3804 2729 3861 sunt,
2754 3797 3002 3867 quoniam
3037 3798 3206 3851 iratus
3231 3797 3417 3853 esteis.

1920 3888 2083 3945 Vens.
2120 3888 2173 3953 9,
2206 3890 2292 3945 10.
2321 3889 2461 3955 Quid
2507 3888 2689 3959 itaque
2718 3898 2973 3959 operetur
3012 3890 3089 3944 ira
3159 3888 3419 3946 adversus

1847 3992 2062 4038 montes
2090 3982 2212 4037 illos
2243 3982 2348 4037 sibi
2380 3980 2635 4045 traditos,
2658 3980 2856 4065 deinde
2894 3982 3067 4052 aperit
3097 3981 3250 4036 hisce
3294 3996 3418 4037 vero

1846 4076 1969 4131 bis:
2007 4074 2253 4129 Ascendit
2286 4076 2463 4143 fumus
2500 4074 2656 4128 inira
2676 4074 2809 4143 ejus.
2844 4072 2995 4129 Sicut
3045 4075 3187 4129 enim
3253 4074 3418 4128 torris

1847 4166 2050 4236 ignitus
2073 4165 2120 4220 si
2140 4165 2540 4235 exstinguatur,
2569 4174 2698 4219 tunc
2750 4164 2934 4219 fumus
2963 4165 3252 4231 emittitur,
3298 4164 3417 4233 pari

1846 4256 2010 4313 modo
2030 4256 2357 4312 adversariae
2388 4264 2685 4327 potestates
2714 4256 2826 4325 jam
2851 4256 3061 4326 pridem
3083 4255 3414 4325 conjectaain

1846 4350 2065 4420 ignem,
2118 4349 2397 4404 hominum
2446 4349 2658 4404 animas
2720 4348 3082 4403 incendebant
3131 4348 3418 4403 combure-

189 4428 379 4519 γσνκαὶ
410 4429 689 4496 ἐξέκαιον·
727 4434 851 4490 ἐπεὶ
881 4436 924 4489 δ’
966 4438 1252 4494 ἐσϐέννυτο
1296 4442 1476 4497 αὐτῶν
1518 4446 1580 4498 τὸ
1624 4446 1737 4519 πῦρ

1854 4441 2083 4511 bantque
2107 4458 2122 4506 ;
2154 4442 2279 4509 igne
2309 4446 2488 4493 autem
2507 4439 2576 4493 ab
2600 4438 2681 4493 ira
2702 4436 3222 4502 Dominiexstincto,
3251 4438 3416 4493 emis-

190 4515 284 4569 ὑπὸ
313 4520 408 4589 τῆς
443 4523 617 4593 ὀργῆς
643 4525 736 4578 τοῦ
767 4528 993 4599 Κυρίου,
1025 4530 1093 4584 τά
1127 4536 1326 4602 σημεῖα
1353 4538 1453 4606 τῇς
1502 4515 1740 4602 σϐέσεως

190 4606 348 4696 cimini
390 4613 581 4685 ἐδήλου
624 4617 654 4669 ὁ
699 4616 759 4683 ἐξ
802 4618 980 4674 αὐτῶν
1012 4623 1467 4696 ἀναπεμπόμενος
1512 4630 1734 4693 καπνός,

186 4692 289 4751 Εἶθ’
315 4702 437 4773 ἑξῆς
468 4706 716 4778 εἴρηται⁶
745 4710 857 4764 Καὶ
891 4711 1011 4781 πῦρ
1038 4714 1157 4769 ἀπὸ
1193 4692 1517 4785 προσώπου
1549 4692 1737 4777 αὐτοῦ

187 4796 698 4866 ιαταςολετήσεται·
714 4799 1006 4870 ἄνθρακες
1024 4806 1387 4877 ἀνήφθησαν
1404 4813 1505 4866 ἀπ’
1526 4814 1734 4870 αὑτοῦ.

188 4879 353 4939 Ταῦτα
379 4888 489 4961 γὰρ
516 4889 548 4940 ὁ
575 4890 669 4945 τοῦ
710 4892 843 4948 Θεοῦ
895 4896 1022 4963 Υἱὸς
1062 4901 1284 4972 ἐνήργει
1328 4904 1550 4973 ἀφανῶς
1592 4909 1733 4963 κατὰ

185 4973 279 5065 τῶν
305 4978 693 5053 ἀντικειμένων
721 4985 1023 5059 δυνάμεων,
1058 4991 1119 5046 τὸ
1155 4992 1266 5065 πῦρ
1313 4995 1472 5049 αὑτὸν
1508 4996 1731 5063 σϐεννὺς

186 5064 339 5140 ἑτέρῳ
362 5075 495 5145 πυρὶ
523 5075 788 5146 κρείττονι
832 5082 924 5134 καὶ
949 5064 1320 5157 δυνατωτέρῳ.
1353 5087 1445 5140 Διὸ
1483 5087 1730 5145 λέλεκται

1841 4550 1938 4594 sus
1981 4535 2107 4590 inde
2151 4533 2333 4589 fumus
2388 4532 2769 4589 exstinctionis
2798 4533 2951 4603 signa
2976 4532 3164 4586 edidit.
3207 4528 3412 4585 Deinde

1845 4629 2018 4700 pergit
2055 4628 2259 4692 dicere,
2295 4636 2345 4682 et
2391 4626 2525 4697 ignis
2563 4644 2595 4680 α
2628 4626 2764 4695 facie
2793 4625 2904 4695 ejus
2929 4625 3253 4687 exardescet,
3284 4637 3407 4674 car—

1842 4719 1999 4774 bones
2030 4720 2266 4774 succensi
2292 4728 2413 4773 sunt
2446 4717 2510 4771 ab
2534 4734 2616 4774 eo.
2653 4717 2779 4772 liam
2810 4718 2991 4771 omnia
3014 4717 3157 4770 enim
3190 4712 3285 4767 Dei
3315 4711 3408 4764 Fi-

1845 4811 1952 4866 lius
1979 4818 2172 4866 contra
2198 4811 2540 4866 adversarias
2558 4817 2862 4880 potestates
2885 4810 3022 4863 clam
3052 4804 3405 4875 operabatur,

1841 4904 1934 4974 qui
1963 4918 2152 4959 eorum
2196 4903 2376 4973 ignem
2420 4903 2593 4961 altero
2640 4902 2763 4971 igne
2791 4899 3083 4972 potentiori
3117 4912 3181 4951 ac
3218 4895 3410 4950 arden-

1844 4995 1969 5049 tiori
2019 4992 2377 5048 exstinxerat.
2428 4991 2609 5059 Quare
2673 4989 2813 5060 apud
2865 4986 3102 5058 Moysem
3156 4984 3404 5040 dicitur:

1839 5085 1980 5140 Deus
2008 5094 2186 5139 noster
2214 5084 2347 5155 ignis
2399 5098 2708 5137 consumens
2751 5088 2829 5134 est
2858 5079 2925 5143 ⁵³,
2958 5086 3012 5133 et
3054 5078 3109 5131 in
3139 5075 3403 5147 psalmis:

1842 5174 1987 5246 Ignis
2008 5187 2127 5232 ante
2153 5179 2322 5247 ipsum
2352 5178 2625 5248 prwcedet,
2654 5171 3071 5243 etin/Iamnmbit
3104 5172 3159 5225 in
3182 5170 3405 5224 circuitu

1839 5271 2081 5326 inimicos
2107 5273 2221 5342 ejus
2243 5271 2286 5303 ⁶⁰
2308 5290 2323 5337 ;
2348 5286 2412 5326 ac
2430 5285 2649 5324 rursum
2688 5284 2701 5319 :
2737 5266 2877 5321 Deus
2912 5264 3191 5333 manifeste
3216 5261 3401 5326 veniet,

1839 5361 1980 5417 Deus
2004 5371 2197 5431 noster,
2223 5370 2273 5416 et
2327 5378 2428 5414 non
2477 5358 2689 5413 silebit:
2720 5357 2853 5426 ignis
2896 5356 2952 5409 in
2993 5362 3267 5423 conspectu
3290 5351 3404 5420 ejus

1838 5456 2162 5520 exardescet,
2204 5466 2253 5508 et
2285 5456 2343 5507 in
2390 5453 2615 5506 circuitu
2659 5451 2772 5521 ejus
2807 5458 3086 5519 tempestas
3132 5446 3311 5502 valida
3333 5444 3401 5496 ".

1838 5547 1995 5603 Ilunc
2012 5548 2173 5603 etiam
2218 5546 2398 5616 ignem
2447 5544 2696 5601 Salvator
2726 5542 3029 5599 indicavit:
3067 5539 3245 5611 Ignem
3290 5534 3403 5590 ueni

174 5670 187 5705 ⁵
242 5675 284 5711 ⁸⁸
306 5677 453 5740 Rom.
486 5701 542 5751 v,
582 5686 636 5742 5.
716 5688 762 5721 "
790 5689 949 5747 Deut.
982 5709 1061 5758 ιγ,
1088 5694 1179 5750 24.
1258 5698 1301 5731 ⁸⁸
1325 5697 1467 5758 Psal.
1503 5715 1647 5769 xcvi,
1684 5703 1735 5761 5,

1854 5730 1856 5737 ι
1900 5703 2043 5758 Psal.
2095 5716 2242 5766 χιιι,
2291 5700 2343 5755 5.

436 5777 716 5843 Panos.
747 5779 863 5845 Gn.
896 5785 1132 5863 XXIII.

3122 5799 3162 5856 6
