3940 6292
516 301 612 360 ΠΙ

1214 299 1483 357 EUSEBII
1524 296 2002 357 CESARIENSIS
2037 295 2189 352 OPP.
2229 291 2413 349 PARS
2444 290 2530 350 Ill.
2561 321 2620 335 —-
2672 289 3085 347 EXEGETICA.

3643 289 3739 347 173

510 420 715 474 mittere
741 419 793 473 in
813 429 1027 481 terram,
1055 427 1101 472 et
1132 417 1257 488 quid
1288 420 1401 474 volo
1434 419 1480 472 si
1490 418 1607 489 jam
1627 434 1874 473 accensus
1897 417 1967 471 sit
1991 416 2077 471 “.9

2187 410 2565 478 καυθήσεται,
2592 407 2694 463 καί
2742 408 2949 474 κύκλῳ
2976 404 3163 461 αὐτοῦ
3205 402 3475 473 καταιγίς
3500 400 3743 471 σφόδρα.

512 509 637 565 Haec
668 525 831 581 porro
880 510 1063 564 omnia
1117 508 1259 563 facta
1318 519 1467 573 sunt,
1508 510 1765 580 quoniam
1808 506 2080 561 inclinavit

510 599 667 653 caelos
699 608 747 654 et
781 598 1064 653 descendit.
1096 597 1282 669 Neque
1308 614 1476 652 unum
1510 597 1857 654 solummodo
1879 596 2080 651 cmlum

513 692 838 758 inclinavit;
872 692 966 746 sed
997 707 1187 746 omnes
1235 699 1504 762 quotquot
1554 698 1686 746 sunt
1729 691 1918 745 cmlos.
1943 686 2079 741 Nam

511 784 817 839 humiliatio
843 784 1189 841 celsitudinis
1220 787 1340 855 ejus
1367 793 1421 840 et
1441 784 1744 841 exinanitio
1775 781 2079 839 divinitatis

508 873 649 945 ejus,
685 876 1020 946 supradictis
1067 877 1249 932 verbis
1286 876 1618 932 indicantur.
1672 874 1809 931 Cum
1844 873 2079 928 maxima

509 963 656 1020 enim
673 965 921 1036 emphasi
940 964 1272 1020 descensum
1300 967 1421 1035 ejus
1443 964 1715 1037 signiﬁcat
1739 964 1825 1019 his
1848 963 2030 1019 verbis
2062 980 2074 1015 :

513 1055 797 1114 Inclinavit
832 1060 1027 1123 caelos;
1058 1058 1421 1130 eamdemque
1447 1058 1773 1114 descensum
1817 1072 2079 1128 corporeo

508 1165 737 1222 prorsus
767 1165 919 1206 more
947 1151 1220 1222 exprimit.

574 1326 740 1383 Vens.
801 1327 984 1384 ill-1'5.
1058 1327 1127 1382 Et
1164 1329 1334 1400 caligo
1403 1329 1498 1383 sub
1557 1326 1773 1399 pedibus
1818 1327 1953 1397 ejus.
2011 1324 2080 1379 Et

507 1421 744 1475 ascendit
766 1437 922 1490 super
945 1421 1210 1476 cherubim
1232 1429 1282 1476 et
1302 1421 1518 1488 volavit,
1544 1421 1739 1476 volavit
1766 1435 1922 1490 super
1949 1435 2079 1490 pen—

508 1530 608 1567 nas
631 1522 920 1568 ventorum.
948 1512 1051 1569 Per
1091 1513 1377 1586 caliginem
1406 1523 1462 1570 et
1494 1514 1748 1570 tenebras
1771 1513 1913 1579 illas,
1939 1512 2082 1568 clam

505 1614 562 1660 et
585 1620 784 1661 arcana
807 1607 1018 1663 ratione
1041 1622 1196 1663 suam
1222 1606 1524 1664 secundum
1546 1606 1825 1678 hominem
1861 1619 2085 1662 mcono-

506 1696 673 1751 miam
700 1698 1008 1754 adumbrat.
1029 1701 1364 1770 Demumque
1408 1699 1600 1755 eodem
1626 1698 1917 1754 revertitur
1939 1695 2083 1752 unde

2181 504 2350 558 Τοῦτο
2397 503 2453 556 δὲ
2479 502 2574 556 καὶ
2614 501 2775 566 αὐτὸς
2805 503 2835 555 ὁ
2866 499 3055 570 Σωτὴρ
3098 496 3352 568 ἐδηλοῦτο
3377 494 3509 567 πῦρ,
3542 494 3741 563 λέγων·

2179 598 2305 666 Πῦρ
2349 597 2540 666 ἦλθον
2565 596 2786 661 βαλεῖν
2824 595 2922 648 ἐπὶ
2955 594 3070 661 τὴν
3086 592 3223 663 γῆν,
3263 590 3363 644 καὶ
3391 591 3449 644 τι
3487 591 3660 654 θέλω,
3699 592 3748 645 εἰ

2181 691 2297 761 ἤδη
2356 689 2631 759 ἀνήφθη;
2684 688 2871 742 Ταῦτα
2932 691 3110 742 πάντα
3172 684 3399 755 ἐγένετο,
3458 681 3746 753 ἐπειδήπερ

2178 781 2419 838 ἔκλινεν
2454 781 2749 850 οὐρανοὺς
2787 780 2886 834 καὶ
2929 778 3163 847 κατέϐη.
3191 779 3302 847 Οὐχ
3328 777 3425 829 ἕνα
3451 775 3507 828 δὲ
3529 772 3747 845 οὐρανὸν

2179 872 2406 941 ἔκλινεν,
2435 873 2570 927 ἀλλά
2601 873 2727 935 τοὺς
2770 870 2979 933 πάντας
3022 871 3135 923 ὅσοι
3182 868 3312 922 ποτέ
3348 868 3505 920 εἰσιν.
3546 865 3611 917 Ἡ
3648 862 3748 935 γὰρ

2179 964 2507 1029 ταπείνωσις
2538 962 2633 1017 τοῦ
2667 963 2837 1033 ὕψους
2866 961 3030 1017 αὑτοῦ
3057 962 3152 1016 καὶ
3186 963 3219 1032 ἡ
3254 962 3486 1023 κένωσις
3510 958 3612 1029 τῆς
3638 954 3747 1010 θεό-

2176 1073 2337 1128 τητος
2374 1055 2627 1129 ἐδηλοῦτο
2662 1054 2753 1109 διά
2790 1053 2898 1107 τῶν
2927 1053 3255 1125 εἰρημένων.
3299 1048 3751 1121 Ἐμφατικώτατα

2178 1150 2285 1224 γὰρ
2339 1149 2438 1220 τὴν
2484 1147 2785 1203 κατάϐασιν
2839 1144 3035 1209 αὐτοῦ,
3097 1146 3375 1198 Ἔκλινεν
3430 1142 3747 1209 οὐρανούςο

2180 1238 2640 1312 σωματικώτερον
2673 1240 2772 1308 τὴν
2804 1236 3031 1292 κάθοδον
3059 1233 3224 1289 αὐτοῦ
3257 1234 3557 1305 σημαίνων.

2249 1334 2365 1389 Kal
2405 1334 2630 1405 γνόφος
2667 1331 2793 1387 ’ὑπὸ
2819 1330 2963 1396 τοὺς
3000 1328 3190 1395 πόδας
3217 1326 3405 1382 αὑτοῦ
3438 1325 3538 1379 καὶ
3578 1323 3754 1393 ἐπέϐη

2179 1428 2279 1483 έπί
2307 1425 2531 1497 χεροὺϐ
2550 1425 2648 1495 (1),
2675 1423 2771 1486 καὶ
2802 1420 3129 1490 ἐπετάσθη,
3159 1418 3463 1487 ἐπετάσθη
3487 1418 3589 1471 ἐπὶ
3622 1432 3754 1471 πτε-

2173 1521 2376 1591 ρύγων
2411 1517 2663 1588 ἀνέμων.
2701 1517 2778 1587 Τῇ
2829 1515 2928 1587 μὲν
2975 1510 3067 1568 οὖν
3112 1512 3307 1584 ὁμίχλῃ
3341 1511 3437 1565 καὶ
3465 1509 3542 1581 τῷ
3579 1509 3756 1581 γνόφῳ

2182 1614 2243 1669 τὸ
2270 1612 2493 1684 λεληθὸς
2523 1612 2617 1665 καὶ
2647 1611 2963 1682 ἀπόκρυφον
3008 1606 3307 1678 παρίστησι
3346 1604 3445 1675 τῆς
3483 1602 3628 1657 κατὰ
3669 1602 3756 1657 ἄν·

2183 1707 2402 1779 θρωπον
2437 1703 2601 1759 αὐτοῦ
2642 1701 2982 1773 οἰκονομίας·
3033 1699 3282 1754 ἐπάνεισι
3311 1697 3371 1751 δὲ
3414 1696 3604 1750 λοιπὸν
3643 1694 3757 1749 ὅθεν

504 1788 786 1859 profectus
830 1799 948 1846 erat
986 1811 998 1846 :
1031 1806 1096 1846 ac
1152 1791 1208 1846 in
1256 1792 1430 1847 caelos
1461 1790 1710 1847 ascendit
1739 1805 1863 1845 cum
1888 1788 2077 1844 cheru-

2187 1799 2282 1854 καὶ
2311 1797 2495 1869 παρῆν
2518 1813 2533 1827 ⁸
2562 1797 2643 1860 εἰς
2675 1793 2939 1868 οὐρανούς
2967 1810 3027 1847 τε
3061 1791 3216 1863 ἀνῄει
3247 1791 3340 1844 καὶ
3382 1789 3519 1862 μετά
3545 1788 3646 1842 τοῦ
3678 1806 3760 1860 χε-

505 1881 638 1936 bino
682 1889 738 1938 et
762 1883 997 1951 volavit;
1048 1881 1268 1937 tametsi
1325 1896 1432 1936 non
1466 1895 1592 1935 cum
1626 1880 1747 1950 ipso
1780 1878 2082 1934 cberubino

503 1969 858 2025 descenderat
891 1991 903 2027 :
935 1971 1056 2029 sine
1106 1969 1412 2026 cberubino
1430 1970 1630 2039 quippe
1661 1967 1944 2023 inclinavit
1966 1967 2080 2037 ipse

502 2063 674 2119 cmlos
727 2071 780 2118 et
825 2063 1124 2119 descendit.
1178 2061 1238 2117 in
1284 2063 1461 2118 reditu
1514 2070 1694 2117 autem
1746 2057 2080 2115 diciturzEt

503 2157 739 2212 ascendit
791 2173 949 2227 super
983 2155 1254 2210 cherubim
1309 2164 1359 2210 et
1416 2156 1631 2221 volavit,
1685 2169 1809 2210 cum
1850 2168 2082 2226 corpore

504 2250 714 2306 scilicet
739 2251 883 2321 quod
906 2257 1298 2320 assumpserat.
1334 2249 1445 2305 Illae
1469 2264 1635 2320 porro
1680 2248 1877 2304 divina:
1904 2247 2078 2301 virtu-

501 2351 589 2399 tes
615 2344 794 2414 ipsum
834 2343 915 2398 sic
975 2343 1362 2398 ascendentem
1416 2342 1776 2413 conspicatae,
1842 2340 2081 2396 circum-

504 2441 749 2490 astantes
779 2435 1073 2490 satellitum
1098 2450 1273 2501 more,
1309 2434 1598 2489 Dominum
1635 2433 1932 2504 stipabant,
1960 2430 2079 2502 ejus

505 2541 795 2582 ascensum
842 2528 1182 2584 celebrantes
1230 2527 1419 2599 sicque
1453 2526 1862 2584 vociferantes:
1906 2524 2080 2579 Attol-

506 2617 596 2672 lite
618 2627 822 2688 portas,
851 2621 1134 2691 principes,
1198 2631 1420 2684 vestras,
1470 2629 1521 2675 et
1572 2619 1870 2683 elevamini,
1914 2628 2079 2687 porta:

504 2707 799 2772 εἰει-ποίεε,
831 2717 881 2763 et
909 2708 1144 2764 introibit
1174 2709 1283 2765 Rea:
1329 2711 1511 2782 gloriae
1540 2710 1603 2763 ⁸³.
1646 2710 1867 2781 lmpleta
1896 2716 2077 2765 autem

503 2799 693 2856 isthaec
721 2809 849 2856 sunt
877 2817 943 2858 eo
971 2809 1234 2872 tempore,
1274 2818 1384 2873 quo
1439 2804 1496 2858 in
1528 2803 1900 2874 apostolorum
1928 2803 2079 2858 Acti-

502 2894 608 2952 bus
635 2901 895 2949 narratur
919 2914 932 2949 :
964 2893 1033 2948 Et
1057 2912 1176 2949 cum
1205 2896 1314 2951 lucc
1342 2894 1582 2958 dixisset,
1633 2894 1925 2950 videntibus
1968 2894 2077 2949 illis

502 2986 731 3042 elevatus
782 2998 881 3052 est,
918 2998 967 3043 et
1003 2988 1161 3044 nubes
1185 2990 1410 3059 suscepit
1441 3006 1560 3044 eum
1592 3005 1657 3044 ea:
1687 2989 1851 3044 oculis
1871 3003 2072 3044 eorum.

505 3076 738 3149 Cumque
763 3080 1089 3135 intuerentur
1109 3097 1226 3136 eum
1255 3092 1458 3136 euntem
1481 3082 1535 3136 in
1560 3081 1745 3135 calum
1770 3080 1837 3134 ⁸⁸.

575 3251 858 3310 Latentem
892 3255 1039 3309 illam
1092 3262 1148 3313 et
1174 3256 1445 3313 occultam
1482 3256 1783 3314 Salvatoris
1814 3273 1939 3312 cum
1973 3257 2077 3312 ho-

506 3345 769 3412 minibus,
799 3347 870 3403 ab
914 3363 1147 3405 ascensu
1206 3365 1307 3406 suo
1353 3350 1421 3405 ad
1474 3351 1578 3407 hoc
1630 3365 1804 3421 usque
1837 3358 2075 3421 tempus,

507 3439 1092 3513 conversationem/liis
1121 3440 1306 3497 verbis
1346 3440 1550 3496 indicat
1582 3461 1595 3497 :
1631 3440 1700 3495 Et
1740 3442 1913 3510 posuit
1947 3450 2078 3496 tene-

505 3525 632 3583 bras
667 3528 948 3584 latibulum
971 3547 1146 3597 suum,
1175 3533 1231 3586 in
1255 3533 1481 3587 circuitu
1521 3533 1637 3602 ejus
1675 3532 2078 3587 tabernaculum

499 3618 636 3689 ejus,
663 3621 932 3676 tenebrosa
955 3640 1094 3694 aqua
1109 3626 1164 3679 in
1187 3625 1410 3681 nubibus
1437 3627 1597 3680 aeris.
1634 3624 1849 3681 Nemini
1877 3625 2079 3696 quippe

501 3711 636 3767 latet
660 3727 769 3782 quo
797 3721 958 3783 pacto
978 3715 1265 3771 nobiscum
1293 3723 1543 3772 versetur
1561 3756 1577 3783 ,
1610 3715 1913 3772 secundum
1941 3715 2077 3771 illud

503 3804 573 3859 ab
634 3820 700 3860 eo
747 3804 951 3862 dictum
986 3827 998 3862 :
1032 3807 1169 3864 Ecce
1214 3826 1309 3880 ego
1364 3810 1629 3864 vobiscum
1653 3825 1771 3863 sum
1833 3806 2076 3863 omnibus

500 3896 684 3952 diebus
710 3914 872 3969 usque
903 3899 971 3953 ad
1002 3903 1504 3957 consummationem
1554 3902 1739 3958 saeculi
1773 3902 1840 3957 ⁵⁸.
1870 3900 2078 3956 Taber-

502 3989 760 4044 naculum
795 4005 961 4061 porro
992 3992 1169 4063 ipsius
1224 4008 1335 4049 non
1368 3994 1516 4049 aliud
1561 3992 1855 4066 signiﬁcat.
1908 4007 2074 4064 quam

503 4086 749 4135 sanctam
768 4080 1073 4138 Ecelesiam
1113 4084 1256 4155 ejus,
1314 4085 1370 4141 in
1410 4100 1519 4157 qua
1551 4101 1611 4142 se
1662 4086 2073 4141 tabernaculum

501 4171 808 4241 positurum
847 4175 1122 4245 pollicitus
1149 4187 1235 4233 est
1256 4193 1379 4233 cum
1408 4179 1546 4234 dixit
1578 4195 1591 4230 :
1619 4178 1718 4234 Ubi
1739 4177 1843 4233 duo
1872 4179 1950 4234 vel
1969 4187 2074 4233 tres

499 4267 802 4336 congregati
819 4266 1021 4337 fuerint
1048 4269 1107 4324 in
1134 4271 1342 4325 nomine
1382 4287 1516 4336 meo,
1554 4271 1669 4326 illic
1689 4287 1806 4325 sum
1827 4271 1883 4324 in
1904 4269 2075 4325 medio

495 4371 682 4412 eorum
733 4357 799 4414 ".
841 4357 1298 4431 Quandoquidem
1348 4376 1478 4418 vero
1539 4361 1838 4433 prophetiae
1894 4361 2073 4431 ipsum

496 4455 814 4518 spectantes
840 4450 1142 4525 caliginoso
1157 4451 1463 4507 etebscuro
1487 4467 1642 4508 more
1670 4451 1896 4521 prolatas
1918 4456 2070 4518 sunt,

491 4540 621 4609 jure
664 4541 923 4613 adjicitur
958 4561 970 4595 :
1000 4544 1309 4600 ‘Tenebrosa
1359 4561 1499 4617 aqua
1546 4545 1599 4598 in
1645 4542 1869 4599 nubibus
1913 4544 2072 4599 aeris.

497 4631 624 4687 Prw
648 4634 856 4706 fulgore
899 4637 955 4691 in
1004 4646 1282 4708 conspectu
1330 4637 1444 4707 ejus
1510 4636 1669 4692 nubes
1725 4636 2072 4702 transierunt,

492 4725 701 4794 grando
734 4736 784 4782 et
814 4729 1067 4784 carbones
1095 4730 1254 4801 ignis.
1306 4728 1463 4796 Quod
1500 4735 1682 4785 autem
1722 4729 1919 4793 nubes,
1946 4743 2075 4799 pro-

496 4819 715 4887 phetas,
743 4835 807 4875 ac
831 4821 1070 4891 pluviam
1104 4838 1173 4877 ex
1209 4822 1450 4877 nubibus
1505 4820 1806 4891 delapsam,
1837 4821 2075 4893 prophe-

494 4910 637 4966 ticos
699 4927 980 4969 sermones
1039 4914 1275 4985 Spiritus
1305 4923 1529 4971 sanctus
1572 4914 1746 4969 soleat
1797 4913 2075 4985 appellare

490 5001 714 5058 docebit
734 5002 909 5061 lsaias
939 5008 1055 5078 qui,
1091 5007 1553 5080 quemadmodum
1582 5007 1787 5062 dictum
1816 5014 1926 5072 est,
1974 5022 2093 5078 po:

495 5098 687 5168 pulum
743 5102 957 5157 vineam
1010 5105 1321 5176 compellat,
1358 5107 1543 5176 aitque
1582 5106 1758 5161 nubes
1787 5122 1894 5162 non
1931 5105 2074 5159 ultra

495 5191 735 5262 pluviam
765 5193 868 5264 ipsi
894 5197 1312 5255 subministrare
1334 5199 1401 5255 °".

564 5283 734 5341 Vens.
759 5288 846 5344 14.
882 5288 952 5343 Et
982 5292 1207 5345 intonuit
1234 5290 1298 5346 de
1319 5292 1447 5347 caelo
1468 5290 1747 5359 Dominus,
1782 5300 1836 5346 et
1856 5292 2070 5346 Altissi-

493 5394 612 5434 mus
627 5377 771 5435 dedit
792 5399 966 5438 vocem
983 5401 1156 5438 suam.
1202 5385 1262 5439 ln
1292 5385 1552 5456 praesenti
1580 5385 1843 5441 docemur
1868 5397 1931 5437 ea
1947 5397 2068 5452 quae

2189 1890 2408 1965 ρουὸὶμ,
2435 1889 2530 1943 καὶ
2552 1887 2827 1958 ὲπετάσθη
2843 1904 2855 1917 ·
2882 1885 3057 1939 καίτοι
3085 1884 3159 1956 μὴ
3190 1885 3288 1937 σὺν
3312 1881 3460 1953 αὐτῷ
3487 1879 3757 1944 καταϐάς

2186 1984 2308 2055 δίχα
2348 1982 2458 2054 γὰρ
2504 1981 2599 2035 τοῦ
2642 1979 2908 2052 χερουᾶμ
2952 1978 3158 2032 ἔκλινεν
3187 1975 3453 2049 οὐρανοὺς
3476 1974 3644 2037 αὐτὸς
3676 1972 3761 2027 καὶ

2187 2073 2415 2145 κατέϐη.
2462 2075 2550 2127 Ἐν
2601 2072 2658 2125 δὲ
2703 2073 2767 2143 τῇ
2813 2069 3054 2140 ὲπανόδῳ
3103 2067 3382 2122 λέλεκται·
3429 2066 3539 2121 Kal
3581 2063 3761 2134 ἐπέϐη

2185 2166 2286 2220 ἐπὶ
2321 2166 2601 2235 χερουϐἰμ
2629 2163 2726 2217 καί
2755 2163 3076 2232 ἐπετάσθη,
3111 2160 3228 2233 μεθ’
3259 2154 3319 2215 οὗ
3348 2159 3641 2231 ἀνείληφεν
3666 2155 3761 2212 σώ-

2191 2277 2378 2333 ματος.
2399 2260 2510 2314 Καὶ
2533 2258 2719 2330 ἐπειδὴ
2743 2256 3105 2312 ἀναϐαίνοντα
3126 2253 3300 2316 οὕτως
3320 2252 3588 2324 ἐθεώρουν
3606 2250 3763 2307 αὑτὸν

2186 2352 2244 2405 αἱ
2277 2350 2534 2421 δυνάμεις
2562 2350 2618 2401 αἰ
2651 2347 2813 2409 θεῖαι,
2843 2345 2973 2417 περὶ
2998 2344 3160 2399 αὐτὸν
3194 2341 3482 2413 γενόμεναι
3507 2339 3762 2413 ἐδορυφό-

2185 2461 2315 2517 ρουν
2367 2442 2528 2497 αὐτοῦ
2586 2440 2684 2513 τὴν
2740 2440 2922 2518 ἄνοδον
2973 2436 3269 2492 ἐπιϐοῶσαι
3330 2435 3426 2490 καὶ
3469 2433 3759 2503 λέγουσαιο

2188 2535 2394 2602 Ἄρατε
2435 2531 2544 2597 τὰς
2573 2532 2864 2596 πύλας,οἰ
2894 2528 3204 2598 ἄρχοντες,
3243 2524 3430 2594 ὑμῶν,
3458 2522 3560 2578 καὶ
3585 2522 3764 2592 ἐπάρ-

2185 2631 2345 2696 θητε,
2372 2625 2557 2680 πύλαι
2583 2622 2821 2685 αἰώνιοι,
2849 2621 2948 2674 καὶ
2972 2620 3385 2674 εἰσελεύσεται
3411 2619 3446 2671 ό
3462 2614 3765 2681 βασιλεὺς

2185 2714 2293 2785 τῆς
2321 2714 2525 2783 δόξης.
2578 2708 2909 2783 Ἐπληροῠτο
2934 2709 2991 2763 δὲ
3018 2707 3192 2762 ταῦτα
3235 2705 3379 2759 κατὰ
3422 2703 3515 2758 τὸν
3552 2702 3763 2774 καιρὸν,

2183 2807 2305 2862 καθ’
2348 2808 2402 2862 ὃν
2451 2824 2616 2877 φησιν
2660 2807 2695 2879 η
2728 2802 2924 2876 Γραφὴ
2954 2801 3062 2856 τῶν
3103 2799 3362 2872 Πράξεων
3390 2795 3496 2850 τῶν
3530 2794 3764 2848 ἀποστό-

2183 2896 2291 2953 λων
2310 2916 2324 2930 ο
2342 2898 2451 2953 Καὶ
2479 2897 2667 2951 ταῦτα
2686 2896 2888 2959 εἰπὼν,
2913 2893 3271 2959 ,βλεπόντων
3289 2887 3489 2944 αὐτῶν
3509 2885 3765 2955 ἐπήρθη,

2184 2992 2282 3046 καὶ
2315 2989 2542 3060 νεφέλη
2575 2988 2870 3043 ἀνέλαϐεν
2902 2985 3093 3040 αὐτὸν
3120 2982 3240 3039 ἀπὸ
3277 2981 3397 3037 τῶν
3439 2977 3765 3051 ὀφθαλμῶν

2182 3083 2401 3140 αὐτῶν.
2426 3082 2535 3137 Καὶ
2560 3082 2641 3148 ὡς
2673 3080 3040 3144 ἀτενίζοντες
3065 3072 3228 3147 ἦσαν
3252 3077 3339 3140 εἰς
3366 3074 3474 3128 τὸν
3504 3070 3767 3141 οὐρανὸν

2108 3152 2151 3211 C
2185 3174 2589 3245 πορευομένου
2615 3173 2820 3227 αὐτοῦ.

2255 3268 2366 3340 Τὴν
2395 3266 2578 3338 ἀφανῆ
2615 3266 2710 3319 καὶ
2750 3263 3120 3319 λανθάνουσαν
3152 3259 3246 3314 τοῦ
3275 3258 3530 3330 Σωτῆρος
3556 3257 3770 3328 διατρι-

2185 3360 2306 3433 ϐὴν,
2333 3360 2400 3432 ἢν
2433 3359 2531 3413 σὺν
2555 3356 2863 3430 ἀνθρώποις
2919 3353 3086 3408 εἰσέτι
3116 3351 3210 3406 καὶ
3241 3349 3337 3405 νῦν
3366 3350 3605 3403 ποιεῖται
3636 3343 3772 3419 μετὰ

2184 3451 2281 3523 τὴν
2304 3451 2591 3522 ἀνάληψιν,
2643 3448 2883 3503 διδάσκει
2913 3446 3086 3513 λέγων
3101 3461 3115 3476 ο
3171 3442 3282 3498 Kal
3326 3440 3493 3495 ἔθετο
3544 3439 3773 3501 σκότος

2185 3543 2546 3614 ἀποκρυφὴν
2564 3542 2772 3604 αὐτοῦ,
2807 3541 3014 3606 κύκλῳ
3040 3534 3230 3591 αὐτοῦ
3267 3536 3306 3603 ὴ
3330 3530 3532 3599 σκηνὴ
3552 3526 3771 3591 αὐτοῦ,

2184 3636 2501 3690 σκοτεινὸν
2528 3632 2685 3701 ὕδωρ
2709 3633 2780 3686 έν
2811 3629 3095 3700 νεφέλαις
3149 3625 3357 3694 ἀέρων.
3409 3622 3484 3675 Οὐ
3514 3618 3774 3674 λανθάνει

2185 3726 2294 3799 γὰρ
2320 3727 2446 3790 τοὺς
2477 3723 2684 3787 πάντας
2713 3723 2861 3786 ὅπως
2898 3719 3143 3773 σύνεστιν
3184 3718 3316 3788 ἡμῖν
3348 3710 3491 3768 κατά
3524 3710 3590 3764 τὸ
3616 3711 3774 3780 εἰρη-

2188 3816 2346 3889 μένον
2374 3814 2465 3868 ὑπ’
2495 3812 2679 3868 αὐτοῦ’
2723 3810 2879 3866 Ἰδοὺ
2921 3808 3036 3880 ἐγὼ
3055 3808 3183 3879 μεθ’
3209 3803 3378 3876 ὑμῶν
3419 3805 3537 3872 εἰμι
3559 3800 3775 3866 πάσας

2185 3909 2294 3976 τὰς
2316 3906 2542 3979 ἡμέρας
2559 3905 2673 3973 ἕως
2696 3903 2808 3972 τῆς
2826 3902 3184 3967 συντελείας
3204 3899 3312 3954 τοῦ
3336 3895 3569 3961 αἰῶνος.
3628 3894 3778 3964 Σκη-

2186 4001 2284 4075 νὴν
2311 4000 2368 4054 δὲ
2385 3997 2550 4054 αὐτοῦ
2592 3997 2849 4068 σημαίνει
2880 3996 2979 4066 οὐχ
3025 3993 3217 4065 ὲτέραν
3240 3991 3275 4062 ἢ
3309 3989 3408 4061 τὴν
3431 3987 3601 4056 ἁγίαν
3649 3984 3778 4038 Ἐκ-

2185 4094 2411 4167 κλησίαν
2432 4092 2615 4148 αὐτοῦ·
2647 4093 2704 4145 ὲν
2817 4086 3238 4158 κατασκηνῶσαι
3259 4080 3656 4155 ἐπηγγείλατο,
3689 4076 3775 4167 eis

2184 4165 2321 4241 πών-
2353 4186 2537 4241 Ὅπου
2557 4183 2667 4239 δύο
2691 4181 2730 4251 ἣ
2753 4181 2910 4251 τρεῖς
2944 4175 3312 4248 συνηγμένοι
3343 4175 3502 4229 εἰσὶν
3552 4174 3651 4237 εἰς
3705 4165 3777 4223 τὸ

2182 4278 2330 4349 ἐμὸν
2361 4277 2569 4349 ὄνομα,
2602 4275 2730 4331 ἐκεῖ
2751 4277 2869 4345 εἰμι
2905 4272 2975 4328 ἐν
2995 4270 3165 4343 μέσῳ
3191 4267 3409 4324 αὐτῶν.
3458 4264 3693 4333 Ἐπειδὴ
3720 4260 3779 4315 δὲ

2182 4371 2281 4426 καὶ
2305 4371 2362 4424 αἱ
2391 4370 2520 4441 περὶ
2548 4367 2713 4423 αὐτοῦ
2742 4349 3067 4438 προφητεῖαι
3098 4359 3385 4424 σκοτεινῶς
3409 4357 3667 4429 εἴρηνται
3684 4352 3781 4408 καὶ

2184 4459 2697 4535 ἐπικεκρυμμένως,
2730 4457 2957 4520 εἰκότως
2983 4453 3110 4526 ἑξῆς
3160 4452 3399 4520 λέγεται·
3444 4444 3781 4502 Σκοτεινὸν

2183 4555 2341 4625 ὕδωρ
2379 4554 2450 4609 ἐν
2475 4551 2758 4622 νεφέλαις
2781 4548 2991 4617 ἀέρων.
3033 4544 3176 4601 Ἀπὸ
3196 4541 3308 4611 τῆς
3334 4535 3781 4608 τηλαυτήσεως

2182 4645 2438 4700 ἐνώπιον
2467 4640 2653 4697 αὐτοῦ
2680 4642 2740 4695 al
2766 4638 3013 4709 νεφέλαι
3064 4634 3334 4705 διῆλθον,
3364 4628 3618 4702 ’χάλαζα
3675 4625 3781 4682 καὶ

2182 4739 2473 4808 ἄνθρακες
2500 4738 2707 4805 πυρός.
2742 4736 2865 4789 Ὀτι
2890 4732 2999 4805 γὰρ
3029 4730 3259 4801 νεφέλας
3299 4727 3425 4790 τοὺς
3451 4725 3782 4796 προφήτας,

2182 4831 2276 4885 καὶ
2303 4831 2396 4885 τὸν
2417 4830 2475 4897 ἐξ
2497 4828 2678 4884 αὐτῶν
2711 4827 3005 4901 φερόμενον
3039 4823 3212 4885 ὑετὸν,
3243 4817 3441 4892 δηλαδὴ
3475 4815 3610 4880 τοὺς
3634 4831 3775 4887 atpo—

2180 4921 2439 4993 φητικοὺς
2457 4920 2670 4989 λόγους,
2703 4917 2765 4971 τὸ
2812 4914 3039 4985 Πνεῦμα
3067 4912 3128 4965 τὸ
3173 4910 3315 4964 θεῖον
3345 4905 3536 4961 εἴωθεν
3563 4901 3783 4975 ὀνομά-

2146 5010 2314 5078 σζειν,
2347 5012 2547 5078 διδάξει
2582 5010 2826 5071 Ἡσαΐας,
2887 5000 3260 5075 ἀλληγορικῶς
3303 4998 3397 5053 τὸν
3423 4996 3551 5049 λαὸν
3580 4995 3785 5066 apste-

2178 5104 2322 5159 λῶνα
2342 5102 2677 5178 προσειπὼν,
2707 5099 2854 5155 καθά
2904 5097 3141 5169 εἴρηται,
3174 5091 3269 5146 καὶ
3297 5089 3527 5160 νεφέλας
3561 5084 3784 5160 μηκέτι

2179 5198 2259 5261 εἰς
2283 5196 2447 5251 αὑτὸν
2475 5194 2628 5249 ὑετὸν
2659 5189 2947 5264 φερούσας.

2248 5288 2358 5344 Kal
2408 5288 2774 5357 ἐϐρόντησεν
2828 5281 2898 5347 ἐξ
2965 5278 3222 5349 οὐρανοῦ
3268 5277 3483 5344 Κύριος
3498 5315 3513 5337 .
3563 5271 3681 5327 real
3744 5272 3786 5328 δ

2179 5383 2475 5452 ’Υψιστος
2500 5378 2685 5434 ἔδωκε
2703 5374 2915 5447 φωνὴν
2942 5371 3146 5428 αὐτοῦ.
3184 5369 3431 5425 Διδάσκει
3461 5368 3519 5421 ὲν
3543 5363 3633 5435 τῷ
3668 5379 3790 5421 πα-

566 5535 761 5618 ξίιις.
805 5506 927 5618 sit“,
981 5540 1071 5594 49.
1149 5542 1196 5575 ⁸³
1222 5539 1365 5597 Psal.
1394 5539 1703 5613 xxm,7,.9.
1784 5539 1970 5598 “Act.
2011 5555 2051 5606 ι,

2232 5539 2320 5596 1ο.
2396 5538 2441 5571 ⁸⁵
2469 5533 2679 5618 Μειιιιη
2709 5545 2907 5599 sxvnt,
2946 5528 3037 5586 20.
3107 5526 3160 5589 .“
3208 5522 3398 5582 Matth.
3447 5534 3580 5579 mu
3608 5557 3633 5590 ,
3674 5516 3783 5579 Ξυ-

490 5605 534 5637 ⁶⁷
565 5605 666 5663 lsa.
713 5624 766 5672 ν,
801 5609 850 5674 1,
880 5609 931 5664 6.

559 5765 637 5833 tl)
677 5763 901 5823 mena
928 5777 1102 5834 marg.
1142 5763 1429 5835 χερουδῳ..
