3940 6292
191 282 298 342 Q73

1357 289 1863 347 COMMENTARIA
1903 289 1968 344 IN
2011 289 2349 346 PSALMOS.

3381 286 3485 342 174

200 403 342 478 ρόντι
367 405 399 458 6
424 404 594 476 λόγος
623 409 695 462 τὰ
735 409 874 480 μετὰ
895 411 993 482 τὴν
1019 411 1284 484 ἀνάληψιν
1318 411 1410 464 τοῦ
1443 411 1695 483 Σωτῆρος
1720 411 1808 464 διὰ

1930 418 2033 466 rost
2082 409 2382 465 Salvatoris
2441 423 2732 464 ascensum
2766 424 2864 479 per:
2901 409 3022 478 ejus
3074 406 3304 462 virtutes
3332 412 3485 475 gesta

204 499 300 571 τῆς
330 499 500 553 αὑτοῦ
535 501 832 574 δυνάμεως
871 504 1344 578 καταπραχθέντα,
1383 504 1567 574 σαφῶς
1595 504 1649 557 δὲ
1710 503 1807 574 τὴν

212 592 391 646 ἄνοδον
421 591 592 646 αὑτοῦ
619 596 938 667 παρέστησε
958 596 1048 650 διὰ
1079 597 1188 651 τῶν
1217 596 1590 668 προκειμένων
1619 595 1806 649 εἰπών·

218 685 326 740 Kal
346 685 728 754 ἐϐρόντησεν
749 688 819 752 ἐξ
853 689 1136 757 οὐρανοῦ.
1175 689 1299 753 Πῶς
1331 689 1388 742 δὲ
1423 688 1750 760 ἐϐρόντησεν
1782 690 1810 740 6

221 777 476 848 ἀνωτέρω
510 777 703 842 κλίνας
732 779 860 842 τοὺς
890 779 1153 850 οὐρανοὺς
1208 780 1302 832 καὶ
1332 778 1596 844 καταϐὰς,
1651 781 1700 831 εί
1733 778 1810 850 μὴ

221 869 437 933 πάντως
485 869 839 937 ἀνεληλύθει;
904 872 1039 942 ὅπερ
1083 871 1338 942 ἐδηλοῦτο
1401 871 1489 925 διὰ
1529 870 1646 924 τοῦ·
1702 869 1814 925 Καὶ

220 959 404 1029 ἐπέϐη
448 961 545 1014 ἐπὶ
574 964 859 1032 χερουόὶμ
891 963 988 1016 καὶ
1010 963 1332 1029 ὲπετάσθη,
1384 961 1684 1031 ἐπετάσθη
1713 961 1812 1015 ἐπὶ

222 1051 532 1121 πτερύγων
562 1051 820 1121 ἀνέμων.
853 1051 1060 1104 Οὐκοῦν
1107 1051 1485 1106 ἀποδέδεικται
1515 1051 1813 1123 κατεληλυ-

221 1138 498 1205 θὼς,εἷτα
533 1141 673 1212 μετὰ
728 1140 822 1194 τοῦ
880 1139 1148 1214 χερουϐὶμ
1201 1140 1563 1211 ἀνεληλυθώς·
1615 1135 1709 1194 εἶτ’
1757 1138 1820 1205 ἐξ

219 1233 456 1306 οὐρανοῦ
483 1233 743 1304 βροντῶν,
769 1233 864 1286 καὶ
897 1233 1024 1303 ἑξῆς
1051 1233 1120 1286 τὰ
1152 1233 1620 1304 ἀναγεγραμμένα
1644 1231 1815 1303 πράτ-

221 1344 335 1380 των
369 1325 510 1379 κατὰ
538 1325 645 1378 τῶν
676 1325 886 1396 ἐχθρῶν
933 1324 1118 1378 αὐτοῦ.
1156 1325 1377 1396 Πρῶτον
1401 1325 1498 1396 μὲν
1530 1325 1650 1379 ἀπὸ
1707 1325 1817 1394 τῆς

218 1416 656 1485 τηλαυγήσεως
712 1417 901 1471 αὑτοῦ
958 1417 1213 1470 ἐνώπιον
1242 1417 1430 1471 αὐτοῦ
1479 1420 1538 1471 αἱ
1568 1418 1816 1488 νεφέλαι

218 1508 413 1564 αὐτοῦ
436 1509 714 1578 διῆλθον,
745 1506 970 1578 χάλαζα
1012 1510 1109 1562 καὶ
1142 1508 1434 1578 ἄνθρακες
1479 1511 1689 1578 πυρός.
1731 1513 1818 1576 Ὠς

223 1603 332 1673 γὰρ
365 1603 460 1655 ἐπὶ
489 1603 586 1673 τῆς
619 1601 896 1670 Αἰγύπτου
926 1600 1066 1654 κατὰ
1110 1600 1210 1673 τὴν
1240 1600 1472 1671 ἑϐδόμην
1500 1601 1712 1673 πληγὴν
1737 1602 1818 1655 ετ-

224 1711 409 1764 ρηται·
440 1695 658 1761 Κύριος
681 1692 748 1745 δὲ
774 1691 958 1746 ἔδωκε
1001 1693 1212 1761 φωνὴν
1257 1693 1353 1745 καὶ
1398 1691 1681 1760 χάλαζαν,
1721 1693 1818 1748 καὶ

220 1785 509 1854 διέτρεχε,
543 1785 696 1855 φησὶ,
732 1785 797 1837 τὸ
825 1785 942 1852 πῦρ
975 1783 1076 1837 ἐπὶ
1109 1781 1217 1851 τῆς
1265 1785 1398 1855 γῆς’
1446 1785 1543 1838 καί
1568 1784 1812 1852 ἔϐρεξεν

221 1877 441 1944 Κύριος
467 1877 565 1929 ἐπὶ
591 1877 711 1945 γῆν
737 1877 1066 1945 Αἰγύπτου.
1110 1871 1232 1930 ἿῙν
1269 1877 1338 1930 δὲ
1378 1879 1417 1946 ἡ
1452 1877 1680 1948 χάλαζα
1711 1880 1811 1933 καὶ

218 1968 288 2020 τὸ
317 1967 441 2035 πῦρ
468 1965 754 2037 φλογέζον
778 1969 848 2020 ἐν
881 1967 953 2040 τῇ
1005 1968 1254 2038 χαλάζῃ.
1298 1970 1590 2035 Ἐπάταξε
1650 1972 1719 2026 δὲ
1770 1975 1810 2042 ἡ

222 2057 454 2128 χάλαζα
500 2059 571 2111 ἐν
617 2058 785 2127 πάσῃ
832 2058 910 2128 γῇ
939 2061 1259 2130 Αὶγύπτουσ
1292 2063 1386 2114 καὶ
1433 2061 1605 2116 ταῦτα
1637 2063 1812 2118 πάντα

224 2151 444 2219 ἐγένετο
472 2151 562 2204 ἵνα
593 2153 622 2203 6
663 2151 792 2215 λαὸς
817 2151 911 2204 τοῦ
939 2151 1074 2204 Θεοῦ
1119 2152 1433 2224 ἐλευθερίας
1467 2155 1567 2225 τῆς
1601 2155 1690 2207 ὑπ’
1716 2157 1811 2209 Αί-

226 2244 476 2310 γυπτίοις
505 2243 751 2305 δουλείας
776 2245 960 2312 τυχεῖν
993 2242 1214 2314 δυνηθῇ.
1271 2243 1373 2296 Τὸν
1401 2245 1564 2298 αὑτὸν
1612 2245 1812 2318 τρόπον

226 2335 320 2387 καὶ
352 2333 588 2387 ἐνταῦθα
621 2334 718 2397 τὰς
748 2333 809 2398 ἐξ
832 2333 1000 2386 ἐθνῶν
1046 2335 1369 2405 Ἐκκλησίας
1427 2336 1520 2390 καὶ
1553 2336 1650 2400 τὰς
1708 2337 1814 2390 τῶν

224 2425 531 2496 ἀνθρώπων
551 2425 729 2496 ψυχὰς
759 2426 859 2495 τῆς
892 2427 995 2480 ὑπὸ
1023 2427 1121 2498 τὴν
1166 2427 1322 2481 ἄθεον
1377 2426 1815 2501 εἰδωλολατρείαν

229 2520 331 2572 καὶ
355 2520 479 2583 τοὺς
533 2519 805 2591 πονηροὺς
837 2520 1096 2590 δαίμονας
1151 2521 1427 2592 ὑποταγῆς
1495 2520 1815 2593 ἐλευθερῶν,

229 2607 382 2659 κατὰ
404 2607 504 2660 τῶν
534 2610 740 2679 νοητῶν
767 2610 1080 2678 Αἰγυπτίων
1128 2610 1280 2678 ἠφίει
1321 2609 1560 2680 χάλαζαν
1589 2613 1682 2665 καὶ
1723 2611 1817 2666 ἄν-

232 2697 445 2770 θρακας
472 2703 640 2772 πυρὸς
673 2703 701 2754 6
731 2701 824 2754 ἐπὶ
849 2701 943 2754 τοῦ
996 2703 1265 2774 χερουϐὶμ
1316 2702 1560 2768 ἀναπτὰς
1592 2704 1815 2776 Κύριος.

229 2783 400 2859 Οἶμαι
432 2790 485 2844 δὲ
515 2791 616 2854 τὰς
665 2790 805 2844 κατὰ
829 2791 940 2844 τῶν
993 2791 1205 2846 ἀσεϐῶν
1255 2794 1634 2866 τιμωρητικὰς
1665 2795 1822 2850 δυνά-

231 2900 356 2952 μεις
390 2881 632 2953 χάλαζαν
668 2884 762 2937 καὶ
790 2883 1069 2955 ἄνθρακας
1097 2886 1269 2958 πυρὸς
1312 2887 1691 2958 ὀνομάζεσθαι.
1722 2891 1823 2940 Δυ-

230 2973 424 3044 νάμεις
455 2974 639 3028 τοίνυν
669 2976 902 3047 τιμωροὶ
934 2977 1030 3029 καὶ
1057 2976 1396 3042 κολαστικαὶ,
1415 2977 1492 3048 τῷ
1523 2977 1822 3050 βουλήματι

227 3063 324 3117 τοῦ
358 3064 566 3135 Κυρίου
600 3066 822 3136 ἀφανῶς
855 3067 1359 3141 ὲξυπηρετούμεναι
1407 3069 1548 3123 κατὰ
1573 3070 1679 3124 τῶν
1705 3071 1823 3124 δαι-

231 3159 414 3226 μόνων
449 3158 558 3210 τῶν
582 3158 682 3229 τὴν
712 3159 970 3214 πολύθεον
1003 3160 1211 3232 πλάνην
1270 3162 1658 3235 ἐνεργούντων,
1691 3166 1824 3220 πάν-

227 3266 331 3312 τας
352 3250 555 3313 αὐτοὺς
588 3251 840 3320 ἡλαυνον.
877 3252 968 3306 Διὸ
1001 3253 1189 3324 σχεδὸν
1251 3254 1429 3308 πάντα
1465 3255 1645 3316 αὐτῶν
1672 3256 1828 3311 ἐκλέ-

229 3342 384 3394 λοιπε
414 3342 484 3395 τὰ
504 3345 835 3414 χρηστήρια,
896 3345 988 3398 καὶ
1049 3347 1104 3398 αἱ
1141 3350 1392 3418 μαντεῖαι
1430 3348 1820 3420 κατελύθησαν·

231 3433 431 3504 ἔρημοι
464 3450 522 3486 τε
550 3433 730 3486 αὐτῶν
794 3434 1134 3507 κατέστησαν
1157 3439 1204 3490 οἱ
1237 3437 1376 3492 ναοί·
1435 3438 1726 3511 σεσύληται
1759 3441 1828 3494 τὰ

233 3525 598 3596 ἀφιερώματα
629 3527 848 3598 ἀοράτῳ
870 3528 964 3581 καὶ
991 3530 1189 3598 ἀφανεῖ
1218 3529 1465 3601 δυνάμειο
1499 3531 1592 3585 τοῦ
1621 3532 1826 3604 Κυρίου

232 3616 408 3672 ταῦτα
437 3619 617 3672 πάντα
643 3618 783 3689 μετὰ
810 3619 908 3690 τὴν
930 3622 1010 3684 είς
1029 3621 1293 3692 οὐρανοὺς
1323 3623 1507 3678 ἄνοδον
1541 3624 1832 3696 διαπραξα-

234 3709 426 3781 μένου.

309 3802 422 3856 Καὶ
449 3802 839 3867 ἐξαπέστειλε
863 3803 1022 3872 ,Βέλη
1052 3804 1152 3858 καὶ
1178 3804 1548 3874 ἐσκόρπισεν
1581 3807 1827 3874 αὐτοὺς,

231 3895 336 3948 καὶ
376 3895 694 3962 ἀστραπὰς
751 3895 1056 3961 ἐπλήθυνε
1108 3898 1206 3951 καὶ
1262 3898 1676 3967 συνετάραξεν
1733 3903 1831 3954 αὐ-

232 3989 400 4053 τούς.
431 3986 544 4040 Καὶ
582 3987 876 4055 ὤφθησαν
908 3991 966 4042 al
995 3990 1179 4060 armat
1241 3990 1358 4045 τῶν
1417 3990 1673 4056 ὑδάτων,
1733 3993 1833 4045 καὶ

235 4081 643 4149 ἀπεκαλύφθη
697 4079 770 4134 τὰ
834 4082 1077 4151 θεμέλια
1128 4084 1238 4152 τῆς
1285 4085 1655 4154 οἰκουμένης·
1711 4085 1829 4139 ἀπὸ

237 4170 640 4241 ἐπιτιμήσεώς
672 4189 812 4237 σου,
854 4175 1054 4242 Κύριε,
1086 4174 1205 4229 ἀπὸ
1251 4175 1635 4246 ἐμπνεύσεως
1661 4177 1832 4229 πνεύ-

234 4281 424 4333 ματος
449 4265 638 4336 ὀργῆς
693 4281 830 4320 σου.
867 4267 1103 4338 Θεμέλια
1134 4269 1457 4340 οἰκουμένης
1484 4271 1697 4340 νοήσεις
1733 4269 1832 4332 τὰς

237 4355 340 4426 τῆς
363 4357 561 4427 σοφίας
582 4357 675 4410 τοῦ
695 4356 832 4410 Θεοῦ
849 4359 1124 4430 δυνάμεις,
1149 4360 1214 4414 δι’
1246 4354 1321 4414 ὧν
1338 4361 1433 4414 καὶ
1465 4360 1630 4415 πάλαι
1649 4363 1681 4432 ή
1703 4361 1834 4432 σύμ-

1852 3127 1899 3190 C

1914 513 2090 571 sunt;
2139 503 2486 572 dilucideque
2537 517 2829 557 ascensum
2859 501 2980 570 ejus
3025 499 3112 555 his
3159 496 3489 569 significavit

1912 596 2091 650 verbis
2117 612 2130 646 :
2167 594 2233 648 Et
2262 595 2486 648 intonuit
2512 593 2576 648 de
2599 593 2749 650 ciete.
2773 593 3057 659 Quomodo
3079 593 3376 649 intonuerit
3393 591 3488 663 qui

1914 689 2167 758 superius
2220 688 2392 742 caelos
2450 685 2750 742 inclinasse
2801 700 2865 739 ac
2897 684 3249 740 descendisse
3292 684 3484 742 fertur.

1913 779 2019 834 nisi
2067 793 2293 850 prorsus
2322 777 2708 833 ascendisset?
2739 775 2882 847 quod
2933 775 3120 844 utique
3149 774 3298 827 hisce
3326 773 3490 828 dictis

1913 869 2340 940 comprobantur
2366 887 2380 923 :
2423 866 2493 922 Et
2525 867 2759 921 ascendit
2787 882 2943 936 super
2966 863 3229 918 cherubim
3265 872 3313 918 et
3346 865 3491 917 vola-

1915 964 2004 1028 vit,
2047 961 2236 1016 volavit
2267 975 2421 1029 super
2445 975 2643 1028 pennas
2667 967 2959 1012 ventorum.
2987 957 3490 1011 Gommonstratum

1915 1070 2044 1126 ergo
2071 1053 2174 1107 fuit
2196 1053 2372 1123 ipsum
2403 1050 2775 1114 descendisse,
2807 1048 3004 1104 deinde
3031 1063 3155 1102 cum
3190 1046 3492 1102 cherubino

1918 1146 2250 1208 ascendisse,
2321 1152 2443 1214 post
2490 1158 2556 1198 ex
2604 1143 2746 1196 coelo
2796 1141 3132 1202 intonuisse;
3177 1140 3394 1196 demum
3424 1154 3491 1196 ea

1916 1247 2105 1294 contra
2134 1236 2388 1293 inimicos
2412 1250 2544 1291 suos
2581 1234 2903 1305 designasse
2961 1249 3082 1304 qua:
3124 1233 3179 1287 in
3214 1232 3493 1303 sequenti-

1916 1331 2020 1386 bus
2057 1329 2464 1385 describuntur.
2513 1323 2701 1380 Primo
2759 1324 2976 1395 quidem
3008 1339 3116 1392 prce
3147 1322 3351 1394 fulgore
3377 1321 3492 1391 ejus

1917 1424 1972 1476 in
1999 1433 2278 1492 conspectu
2309 1421 2423 1489 ejus
2448 1419 2606 1473 nubes
2655 1418 3002 1480 transierunt,
3032 1415 3234 1486 grando
3270 1424 3320 1469 et
3372 1429 3495 1469 car-

1921 1516 2075 1569 bones
2098 1514 2253 1584 ignis.
2284 1511 2438 1567 Sicut
2453 1512 2598 1567 enim
2623 1510 2692 1565 de
2721 1509 2958 1581 Egypto
2985 1509 3041 1562 in
3075 1508 3305 1578 septima
3336 1507 3495 1579 plaga

1920 1614 2198 1667 narratur,
2235 1604 2489 1658 Dominus
2519 1611 2695 1656 autem
2722 1601 2864 1656 dedit
2919 1617 3090 1655 uocem
3109 1609 3158 1654 et
3183 1599 3494 1670 grandinem

1921 1704 1968 1749 et
1992 1693 2343 1757 discurrebat,
2395 1694 2595 1764 inquit,
2629 1693 2766 1764 ignis
2815 1708 2972 1762 super
2997 1705 3191 1746 terram
3225 1691 3496 1761 :pluitque

1852 1766 2181 1840 BDominus
2231 1802 2388 1856 super
2453 1796 2650 1840 terram
2701 1784 2942 1855 ngypti.
2991 1783 3223 1854 Eratque
3268 1783 3492 1853 grando,

1918 1879 2152 1949 ignisque
2182 1878 2372 1932 ardens
2416 1879 2470 1932 in
2498 1877 2774 1948 grandine.
2815 1876 2883 1932 Et
2915 1877 3171 1945 percussit
3216 1875 3418 1945 grando
3441 1875 3496 1929 in

1920 1971 2062 2024 omni
2093 1980 2236 2024 terra
2268 1969 2490 2039 zEgypti
2523 1969 2588 2024 ⁸⁸.
2629 1967 2754 2023 llaec
2779 1983 2943 2037 porro
2990 1966 3173 2021 omnia
3205 1966 3346 2020 facta
3368 1973 3498 2020 sunt

1920 2073 1982 2118 ut
2008 2063 2242 2133 populus
2277 2061 2373 2116 Dei
2403 2061 2471 2115 ab
2495 2060 2872 2132 JEgyptiorum
2921 2059 3184 2115 servitute
3229 2057 3498 2113 eximere-

1921 2163 2031 2210 ttl'.
2063 2154 2266 2210 Eodem
2301 2169 2530 2224 prorsus
2580 2152 2745 2208 modo
2786 2152 2902 2222 jam
2952 2166 3080 2206 cum
3111 2149 3386 2205 Ecclesias
3429 2164 3496 2205 ex

1925 2250 2182 2322 gentibus
2206 2255 2451 2312 coactas,
2495 2246 2887 2314 hominumque
2935 2243 3146 2299 animas
3182 2258 3213 2295 a
3237 2242 3497 2298 servitute

1924 2340 2103 2412 impiae
2120 2335 2435 2396 idololatriae
2455 2347 2508 2393 et
2523 2337 2882 2408 malignorum
2904 2335 3207 2390 daemonum
3224 2333 3498 2398 liberaret;

1923 2434 2188 2490 adversus
2243 2430 2623 2503 intelligibiles
2673 2429 2957 2502 Egyptios
2981 2427 3244 2483 Dominus
3288 2427 3379 2482 ille
3405 2429 3499 2498 qui

1925 2540 2090 2596 super
2129 2525 2413 2581 cherubim
2466 2523 2716 2589 volavit,
2780 2520 3101 2592 grandinem
3136 2527 3190 2574 et
3232 2518 3501 2574 carbones

1926 2619 2068 2690 ignis
2098 2619 2403 2674 emittebat.
2448 2617 2705 2672 Arbitror
2753 2622 2938 2669 autem
2990 2613 3213 2667 ultrices
3243 2612 3364 2665 illas
3403 2611 3502 2665 ad—

1926 2727 2121 2767 versus
2148 2711 2347 2782 impios
2378 2718 2598 2782 paratas
2629 2709 2880 2774 virtutes,
2937 2705 3258 2776 grandinem
3296 2712 3351 2758 et
3380 2717 3504 2758 car-—

1927 2804 2098 2859 bones
2136 2803 2279 2874 ignis
2292 2803 2497 2858 vocari.
2522 2801 2769 2856 Virtutes
2808 2800 2974 2871 igitur
3005 2799 3111 2852 illa:
3143 2796 3414 2867 supplicio
3445 2802 3505 2851 et

1932 2897 2123 2952 ultioni
2153 2896 2461 2960 destinatae,
2508 2893 2808 2950 voluntatis
2839 2892 2934 2948 Dei
2979 2892 3193 2947 occulto
3227 2903 3375 2942 more
3406 2885 3502 2941 ad-

1932 2989 2196 3044 ministras
2227 2989 2490 3045 adversus
2538 2989 2815 3044 daemonas
2841 2987 2932 3056 qui
2967 2983 3350 3054 multiplicium
3371 2980 3505 3035 deo-

1931 3098 2052 3136 rum
2076 3082 2522 3153 superstitionem
2571 3079 2925 3143 advexerant,
2956 3078 3105 3148 ipsos
3159 3089 3350 3130 omnes
3394 3071 3504 3126 dae-

1930 3188 2125 3229 monas
2172 3173 2462 3244 abigebant
2551 3170 2731 3238 Quare
2785 3171 3041 3225 universa
3062 3182 3252 3224 eorum
3282 3165 3505 3221 oracula

1932 3265 2236 3330 desierunt,
2287 3263 2546 3318 vaticinia
2582 3263 2841 3333 abrogata
2888 3267 3037 3326 sunt,
3075 3258 3277 3329 templa
3314 3270 3506 3312 eorum

1932 3358 2167 3423 deserta,
2205 3357 2448 3413 sacraria
2485 3355 2749 3410 invisibili
2789 3368 2854 3408 ac
2877 3354 3078 3408 latente
3121 3351 3326 3404 virtute
3349 3347 3505 3417 expi-

1934 3451 2044 3502 lata
2078 3446 2319 3510 fuerunt,
2350 3445 2582 3501 Domino
2645 3450 2769 3514 post
2802 3458 2961 3500 suum
2995 3442 3065 3514 “in
3116 3439 3286 3496 coelos
3314 3452 3509 3494 ascen-

1936 3555 2055 3596 sum
2073 3540 2186 3594 haec
2208 3538 2392 3593 omnia
2410 3545 2693 3608 operante.

2008 3811 2174 3867 Vens.
2208 3812 2294 3877 15,
2330 3810 2415 3864 16.
2453 3807 2521 3862 Et
2546 3807 2691 3862 misit
2719 3805 2941 3877 sagittas
2966 3818 3113 3866 suas,
3144 3811 3194 3856 et
3229 3798 3512 3869 dissipavit

1935 3922 2022 3960 eos
2046 3920 2064 3967 ;
2088 3905 2304 3974 fulgura
2327 3900 2717 3969 multiplicauit,
2741 3907 2791 3954 et
2815 3894 3144 3952 conturbavit
3164 3910 3273 3948 eos.
3315 3890 3385 3946 Et
3417 3906 3511 3961 ap-

1935 4003 2226 4069 paruerunt
2258 3994 2426 4064 fontes
2457 4006 2737 4062 aquarum,
2795 3997 2845 4043 et
2893 3986 3122 4042 revelata
3163 3985 3287 4039 sum
3325 3982 3514 4052 funda-

1937 4100 2113 4146 menta
2135 4087 2277 4143 orbis
2290 4095 2596 4139 terrarum:
2629 4082 2694 4136 ab
2726 4080 3085 4149 increpatione
3107 4086 3223 4140 tua,
3267 4073 3511 4137 Domine,

1939 4182 2004 4238 ab
2056 4179 2402 4246 inspiratione
2442 4175 2662 4244 spiritus
2719 4173 2814 4228 ine
2857 4180 2983 4226 tute.
3017 4168 3122 4224 Per
3159 4165 3515 4222 fundamenta

1937 4274 2090 4330 orbis
2137 4281 2409 4326 terrarum
2457 4267 2733 4337 intelligas
2785 4262 3069 4334 sapientiae
3113 4259 3208 4316 Dei
3258 4260 3510 4319 virtutes,

1939 4366 2138 4436 quibus
2166 4363 2296 4418 olim
2328 4360 2588 4416 universa
2617 4371 2803 4413 rerum
2840 4364 3040 4411 natura
3063 4352 3289 4408 fundata
3317 4358 3395 4406 est
3420 4388 3436 4414 ,
3460 4354 3517 4402 et

239 4466 390 4504 πασα
415 4449 596 4514 κτίσις
630 4451 1011 4522 τεθεμελίωτο,
1040 4454 1136 4506 καὶ
1168 4451 1306 4524 μετὰ
1335 4452 1510 4506 ταῦτα
1526 4453 1822 4524 ἐστερεώθη

1939 4467 2126 4531 postea
2157 4456 2516 4512 confirmatus
2547 4459 2633 4508 est
2678 4450 2852 4518 orbis,
2880 4449 2975 4521 qui
3007 4463 3117 4504 non
3149 4441 3517 4502 commovebi-

2093 4551 2117 4555 _
2221 4550 2235 4555 _
2318 4549 2328 4555 .
2571 4546 2586 4555 .
2751 4553 2758 4555 _
3090 4541 3130 4555 π
3200 4540 3214 4555 .
3286 4533 3512 4555 πμ,

241 4541 276 4611 ἡ
306 4542 630 4612 οἰκουμένη,
682 4543 806 4613 ἥτις
868 4543 930 4596 οὐ
983 4543 1395 4616 σαλευθήσεται.
1426 4544 1490 4596 Εἰ
1515 4544 1573 4596 δὲ
1606 4544 1701 4597 καὶ
1730 4543 1834 4615 τὴν

254 4631 584 4703 Ἐκκλησίαν
609 4632 704 4687 τοῦ
740 4634 872 4687 Θεοῦ
907 4635 1003 4705 τὴν
1049 4635 1373 4713 οἰκουμένην
1420 4635 1625 4699 ἐθέλοις
1674 4639 1834 4689 νοεῖν·

240 4721 496 4793 θεμέλιον
527 4723 585 4776 δὲ
618 4725 790 4794 αὐτῆς
815 4725 1030 4796 πρῶτον
1059 4727 1157 4797 μὲν
1184 4726 1282 4796 τὴν
1315 4727 1536 4799 ἀρραγῆ
1589 4727 1684 4780 καὶ
1715 4744 1836 4780 στε-

246 4815 376 4884 ρεὰν
400 4817 631 4886 πέτραν,
668 4817 752 4886 ἐφ’
855 4817 1194 4889 ᾠκοδόμηται
1240 4819 1380 4873 κατὰ
1405 4820 1487 4873 τό’
1544 4821 1667 4874 Ἐπὶ
1721 4820 1836 4889 τὴν

244 4903 476 4972 πέτραν
520 4903 896 4973 οἰκοδομήσω
951 4923 1071 4975 μου
1123 4905 1240 4975 τὴν
1301 4908 1690 4977 Ἐκκλησίαν,
1733 4911 1834 4966 καὶ

243 4997 435 5050 πύλαι
462 4996 611 5062 ᾅδου
641 4999 712 5050 οὐ
755 5003 1242 5068 κατισχύσουσιν
1289 5000 1500 5070 αὐτῆς.
1563 5001 1624 5056 Ἡ
1650 5001 1838 5071 πέτρα

244 5085 314 5140 δὲ
339 5086 418 5155 ἦν
447 5092 481 5142 ό
508 5091 784 5157 Χριστός·
840 5089 874 5161 ἢ
914 5090 1054 5144 κατὰ
1087 5091 1177 5144 τὸν
1219 5092 1560 5159 Ἀπόστολον,
1617 5095 1746 5166 περὶ
1776 5090 1837 5151 οὗ

245 5179 486 5234 διδάσκει
518 5182 684 5245 αὐτὸς
713 5181 909 5250 λέγων’
944 5183 1230 5252 Θεμέλιον
1273 5184 1386 5254 γὰρ
1413 5185 1609 5240 ἄλλον
1639 5186 1838 5253 οὐδεὶς

247 5271 495 5327 δύναται
541 5276 734 5330 θεῖναι
802 5274 963 5343 παρὰ
1015 5276 1124 5330 τὸν
1197 5277 1493 5345 κείμενον,
1554 5278 1621 5345 ὅς
1668 5280 1839 5334 ἐστιν

262 5365 496 5433 Ἰησοῦς
561 5368 841 5436 Χριστός·
894 5364 1012 5422 εἶτα
1081 5370 1197 5440 μετ’
1248 5371 1411 5424 αὐτὸν
1464 5369 1705 5442 θεμέλιοι
1736 5370 1836 5442 τῆς

261 5457 584 5530 Ἐκκλησίας
613 5459 952 5534 προφητικοὶ
1001 5458 1094 5514 καὶ
1123 5462 1471 5517 ἀποστολικοὶ
1521 5462 1669 5532 λόγοι
1697 5463 1838 5518 κατὰ

249 5547 339 5603 τὸν
382 5551 711 5608 Ἀπόστολον

785 5553 1052 5622 φήσαντα·
1101 5554 1700 5626 Ἐποικοδομηθέντες
1736 5556 1836 5610 ἐπὶ
1869 5634 1871 5637 η

1940 4562 2049 4607 tur.
2083 4550 2238 4617 Quod
2286 4549 2333 4604 si
2368 4564 2466 4618 per
2503 4546 2694 4602 orbem
2746 4553 3042 4608 terrarum,
3090 4538 3392 4595 Ecclesiam
3419 4533 3515 4590 Dei

1939 4643 2110 4712 accipi
2132 4641 2290 4704 velis,
2327 4655 2391 4694 ac
2418 4638 2465 4693 si
2503 4637 2920 4692 fundamentum
2955 4634 3074 4704 ejus
3122 4631 3330 4701 cogites
3369 4640 3515 4689 esse,

1940 4735 2116 4804 primo
2142 4732 2362 4803 quidem
2415 4729 2706 4786 infractam
2743 4729 2892 4783 illam
2926 4734 2981 4782 et
3025 4724 3256 4781 solidam
3283 4727 3515 4792 petram,

1941 4827 1997 4879 in
2026 4839 2132 4894 qua
2161 4821 2387 4876 fundata
2413 4827 2518 4887 est,
2561 4818 2866 4875 secundum
2916 4815 3051 4871 illud
3078 4833 3090 4868 :
3116 4811 3292 4881 Supra
3313 4818 3518 4880 petram

1945 4915 2220 4985 azdiﬁcabo
2252 4897 2549 4968 Ecclesiam
2570 4927 2764 4975 meam,
2791 4919 2840 4963 et
2861 4915 3029 4976 porta:
3063 4895 3224 4973 inferi
3245 4917 3349 4957 non
3376 4914 3518 4972 pra:-

1866 5065 1875 5074 ,
1945 5009 2187 5064 valebunt
2229 5005 2476 5060 adversus
2516 5021 2634 5059 eam
2668 5003 2737 5058 ⁸³.
2774 5001 2936 5055 Petra
2999 5006 3175 5051 autem
3214 5003 3327 5052 erat
3367 4990 3520 5046 Chri-

1943 5111 2055 5156 stus
2077 5101 2158 5168 7°;
2187 5108 2281 5152 aut
2313 5106 2373 5152 ut
2391 5097 2686 5167 Apostolus
2741 5091 2952 5147 indicat
2992 5089 3079 5144 bis
3111 5085 3295 5144 verbis
3326 5103 3340 5139 :
3376 5081 3520 5137 Fun-

1945 5191 2251 5245 damentum
2283 5190 2422 5244 enim
2446 5186 2594 5241 aliud
2633 5201 2785 5240 nemo
2818 5189 2987 5253 potest
3018 5195 3228 5251 ponere,
3251 5186 3443 5247 praeter
3465 5174 3519 5229 id

1943 5280 2081 5352 quod
2117 5282 2348 5350 positum
2378 5289 2473 5344 est,
2493 5275 2629 5350 quod
2655 5284 2732 5329 est
2764 5273 3008 5328 Christus
3027 5271 3183 5325 Iesus
3200 5269 3244 5300 τί
3269 5284 3288 5322 :
3312 5282 3376 5329 ac
3399 5275 3522 5336 post

1944 5375 2126 5445 ipsum
2155 5345 2515 5427 Salvatorem'
2550 5367 2908 5422 fundamenta
2938 5362 3197 5418 Ecclesiae
3240 5360 3519 5416 existimes
3545 5345 3552 5354 ’

1944 5480 2067 5521 esse
2086 5464 2434 5534 pr0pheticos
2456 5467 2510 5515 et
2533 5457 2864 5528 apostolicos
2887 5470 3190 5520 sermones,
3216 5451 3518 5510 secundum

1943 5555 2190 5627 Apostoli
2212 5555 2418 5609 dictum
2448 5570 2461 5606 :
2486 5547 2907 5623 Superazdiﬁcati
2935 5564 3088 5620 super
3121 5545 3524 5619 fundamentum

318 5731 554 5791 “Exod.
587 5748 666 5797 Ix,
699 5729 796 5795 25,
832 5728 923 5786 ﬁt.
997 5731 1040 5762 τ’
1064 5730 1253 5788 Matth.
1292 5749 1403 5802 xvr,
1440 5734 1524 5792 18.
1603 5734 1646 5766 ⁷ο
1677 5733 1692 5788 1
1726 5731 1822 5788 Cor

1931 5770 1948 5802 ,
1980 5731 2352 5810 4._-“1Cor.
2385 5745 2470 5801 ιιι,
2513 5731 2599 5789 ll.
