3940 6292
487 305 597 365 175

1177 302 1449 361 EUSEBII
1479 303 1959 363 CESARIENSIS
1984 304 2137 361 OPP.
2178 302 2358 361 PARS
2395 302 2483 361 111.
2524 337 2593 347 -
2625 298 3036 363 EXEGETICA.

3634 306 3726 383 ns

456 472 460 478 .
486 421 846 494 apostolorum
869 432 917 480 et
942 424 1446 497 prophetarumipso
1476 442 1683 480 summa
1712 426 2039 496 angularita-

2152 424 2231 491 τῷ
2259 428 2509 497 θεμελίῳ
2535 426 2653 481 τῶν
2679 428 3039 483 ἀποστόλων
3066 426 3165 482 καὶ
3200 423 3540 496 προφητῶν,
3559 427 3728 496 ὄντος

482 518 603 591 pide
632 516 844 574 Christo
871 516 1002 573 Jestt
1036 519 1114 585 ⁷²;
1172 534 1520 590 nequaquam
1555 534 1586 573 a
1620 519 1865 575 veritatis
1888 533 2056 589 scopo

483 610 842 667 aberraveris.
873 608 999 665 Haec
1031 610 1196 681 igitur
1234 611 1386 666 orbis
1431 610 1784 666 fundamenta
1817 610 2054 666 revelata

482 714 610 762 sunt
638 721 652 758 :
682 704 923 760 inimicis
960 703 1072 770 Dei,
1100 705 1192 775 qui
1210 704 1338 759 olim
1387 705 1592 761 mentis
1633 713 1836 761 nostrae
1865 703 2054 759 oculos

464 796 937 874 .obtenebrabant,
961 804 1021 852 ut
1061 812 1131 852 ne
1154 797 1338 852 di\'ina
1369 797 1567 852 intueri
1592 804 1838 871 possent,
1871 795 2053 852 elimi-

479 889 627 944 natis
650 899 703 946 et
731 888 950 960 fugatis,
987 904 1053 945 ac
1073 906 1171 961 per
1196 889 1431 945 emissas
1458 887 1612 945 aDeo
1640 888 1869 960 sagittas
1888 886 2056 944 dissi-

478 980 644 1053 patis,
678 979 991 1053 fugatisque
1017 984 1086 1039 ab
1111 982 1488 1054 increpatione
1520 981 1734 1037 Domini
1776 990 1831 1038 et
1863 980 1931 1037 ab
1965 982 2052 1035 in-

482 1074 783 1145 spiratione
811 1076 1146 1146 spiritusirze
1169 1076 1309 1148 ejus.
1346 1076 1536 1132 Merito
1580 1074 1747 1146 igitur
1769 1089 1832 1130 ac
1858 1087 2052 1129 conse-

480 1177 732 1239 quenter,
752 1169 909 1225 abiis
937 1168 1108 1241 erepti
1138 1184 1201 1224 ac
1230 1177 1447 1240 recepto
1472 1169 1759 1225 oculorum
1777 1183 1900 1235 usu,
1932 1165 2055 1222 fon-

479 1267 563 1315 tes
596 1274 864 1330 aquarum
909 1260 1165 1320 vidimus.
1224 1258 1577 1315 fundamenta
1601 1258 1750 1316 orbis
1779 1265 2051 1315 terrarum

478 1353 850 1424 suspeximus.
886 1350 1043 1418 Quod
1085 1359 1246 1408 aetate
1292 1359 1479 1407 nostra
1519 1351 1572 1406 in
1614 1352 1863 1422 plurimis
1895 1360 2054 1407 terrae

478 1443 727 1514 partibus
749 1445 950 1500 evenit.

549 1622 715 1683 Vens.
753 1625 947 1682 17-19.
995 1625 1144 1681 Misit
1192 1624 1258 1681 de
1299 1641 1506 1680 summa
1571 1632 1622 1679 et
1684 1623 1885 1695 accepit
1948 1640 2049 1690 me,

476 1718 765 1788 assumpsit
787 1733 868 1773 me
891 1715 955 1772 de
1004 1719 1155 1789 aquis
1184 1718 1387 1772 multis.
1445 1716 1764 1773 Demersum
1815 1730 2051 1787 namque

474 1808 679 1880 ipsum,
703 1814 757 1863 et
788 1809 946 1879 quasi
996 1808 1274 1880 captivum
1316 1807 1635 1870 abductum.
1667 1808 2047 1864 universorum
2081 1790 2125 1846 Β

476 1900 619 1958 Deus
643 1907 698 1956 et
734 1899 917 1967 Pater,
973 1916 1073 1972 per
1128 1898 1326 1956 Filium
1384 1915 1545 1956 suum
1579 1901 1677 1957 abs
1720 1916 1780 1957 se
1820 1901 2049 1957 missum

472 1994 710 2066 excepit.
734 1993 892 2051 Unde
932 2002 1115 2050 autem
1165 1996 1461 2066 exceperit,
1504 1996 1735 2052 subinde
1774 1997 2050 2068 signiﬁcat

472 2085 561 2142 bis
575 2086 780 2153 verbis,
816 2091 879 2142 de
896 2087 1262 2157 aquismultis.
1289 2087 1379 2141 Ait
1407 2087 1573 2158 igitur
1606 2088 1773 2143 etiam
1805 2091 1861 2143 in
1888 2102 2048 2144 sexa-

470 2179 680 2251 gesimo
710 2185 905 2234 octavo
935 2180 1180 2249 psalmo:
1216 2178 1436 2235 Salvum
1475 2196 1556 2234 me
1585 2180 1693 2250 fac,
1733 2180 1900 2245 Deus,
1927 2197 2053 2253 quo-

474 2271 617 2322 niam
641 2268 975 2324 intraverunt
1006 2286 1158 2340 aqua:
1181 2271 1428 2342 usquead
1458 2272 1695 2327 animam
1723 2286 1905 2327 meam
1931 2289 1950 2328 :
1972 2273 2051 2327 in-

472 2363 612 2427 fixus
640 2381 757 2419 sum
787 2365 842 2419 in
876 2365 1001 2419 limo
1043 2365 1311 2435 profundi,
1345 2376 1395 2421 et
1418 2377 1616 2423 nonest
1643 2368 1944 2425 substantia
1977 2370 2046 2430 ".

469 2454 552 2508 Ad
572 2455 685 2510 haec
705 2463 1105 2527 consequenter
1134 2472 1267 2512 sane
1287 2457 1344 2512 in
1374 2460 1627 2528 praesenti
1658 2460 1860 2530 gratias
1881 2475 2047 2531 agens

469 2547 551 2601 sic
578 2548 654 2602 ait
678 2567 692 2602 :
723 2548 1021 2617 Assumpsit
1053 2564 1135 2603 me
1159 2548 1221 2604 de
1241 2551 1390 2621 aquis
1414 2550 1616 2605 multis.
1660 2550 1919 2618 Quaenam
1950 2567 2047 2606 au-

466 2646 579 2692 tem
604 2638 715 2696 sint
742 2653 897 2710 aquae
933 2639 1059 2706 illm,
1114 2649 1239 2696 m‘os
1291 2643 1533 2712 apertius
1590 2642 1799 2698 indicat
1830 2644 1911 2700 sic
1966 2645 2049 2700 lo-

467 2744 683 2800 quens:
710 2730 787 2786 De
842 2733 1071 2789 inimicis
1119 2735 1249 2789 meis
1292 2736 1625 2805 fortissimis,
1659 2746 1710 2792 et
1744 2736 1809 2792 ab
1849 2738 1916 2793 iis
1956 2741 2045 2809 qui

466 2822 688 2880 oderunt
711 2841 809 2884 me.
834 2827 1083 2896 quoniam
1107 2828 1424 2898 conformati
1438 2840 1559 2884 sunt
1583 2846 1737 2901 super
1761 2848 1863 2887 me.
1893 2832 2048 2887 Prte-

468 2926 715 2973 oenerunt
737 2934 816 2973 me
844 2916 1303 2991 indieaﬁiictionis
1334 2937 1481 2975 meai.
1513 2920 1638 2977 Haec
1665 2922 1783 2993 ipsa
1808 2921 2045 2993 Spiritus

465 3017 693 3067 sanctus
718 3011 1027 3074 annuntiat,
1050 3012 1179 3066 dum
1204 3011 1280 3066 ait
1297 3027 1421 3068 eum
1452 3021 1795 3084 assumptum
1827 3030 1950 3072 esse
1974 3015 2043 3071 de

2155 516 2584 588 ἀκρογωνιαίου
2644 519 2830 573 αὐτοῦ
2867 516 3093 586 Ἴησοῦ
3152 516 3410 586 Χριστοῦ
3431 534 3445 547 ο
3517 516 3617 572 οὐκ
3666 517 3728 575 ἂν

2158 608 2313 673 ἐκτὸς
2341 607 2524 679 βάλοις
2550 609 2649 680 τῆς
2680 609 2953 681 ἀληθείας.
2978 607 3141 664 Ταῦτ’
3173 604 3266 664 οὖν
3289 610 3356 664 τὰ
3381 609 3604 682 θεμέλια
3636 612 3728 683 τῆς

2154 702 2480 775 οἰκουμένης
2520 700 3001 775 νάνεκαλύφθησανο
3051 702 3159 755 τῶν
3207 701 3414 775 ἐχθρῶν
3468 700 3564 754 τοῦ
3598 700 3727 755 Θεοῦ

2152 795 2262 849 τῶν
2302 795 2468 849 πάλαι
2512 774 2935 849 ἐπισκοτούντων
2992 793 3060 848 τὰ
3117 794 3217 866 τῆς
3246 774 3424 865 ψυχῆς
3447 796 3478 865 ή
3489 792 3604 864 μῶν
3631 792 3728 864 ὅμ-

2158 905 2301 960 ματα
2324 888 2461 960 πρὸς
2505 887 2565 942 τὸ
2615 887 2690 959 μὴ
2733 887 2801 942 τὰ
2828 887 2947 941 θεῖα
2994 886 3211 959 βλέπειν
3260 891 3324 942 ἐκ
3351 887 3527 942 ποδῶν
3570 903 3726 959 μετα·

2155 979 2413 1044 στάντων,
2468 978 2562 1032 καὶ
2621 983 2735 1043 τοῖς
2780 980 3088 1034 ἀποδοθεῖσι
3139 978 3235 1034 τοῦ
3289 979 3495 1052 Κυρίου
3553 979 3726 1051 βέλεσι

2152 1071 2694 1143 διασκορπισθέντων,
2730 1072 3075 1143 πεφευγότων
3122 1091 3183 1127 τε
3226 1073 3332 1127 ἀπὸ
3363 1074 3724 1145 ἐπιτιμήσεως

2153 1164 2378 1240 Κυρίου,
2412 1165 2507 1220 καὶ
2552 1165 2659 1219 ἀπὸ
2714 1165 3065 1236 ἐμπνεῦσεως
3096 1165 3405 1237 πνεύματος
3431 1164 3604 1236 ὀργῆς
3632 1164 3723 1217 aii-

2152 1255 2268 1311 τοῦ.
2293 1257 2533 1322 Εἰκότως
2576 1251 2670 1311 οὖν
2698 1257 3152 1330 ἐλευθερωθέντες
3193 1257 3399 1312 τούτων
3428 1258 3603 1332 ἡμεῖς.
3640 1257 3727 1309 καὶ

2151 1350 2573 1421 ἀναϐλέψαντες,
2607 1349 2707 1415 τὰς
2735 1344 2917 1422 πηγὰς
2942 1350 3051 1404 τῶν
3109 1351 3315 1405 ὑδάτων
3365 1347 3724 1421 ἐθεασάμεθα,

2151 1443 2245 1496 καὶ
2275 1441 2344 1496 τὰ
2363 1442 2585 1514 θεμέλια
2616 1443 2715 1515 τῆς
2746 1443 3067 1515 οἰκουμένης
3112 1444 3563 1514 ἐπωπτεύσαμεν.
3621 1442 3726 1495 Καὶ

2150 1533 2308 1588 τοῦτο
2335 1537 2421 1605 ἐφ’
2453 1534 2610 1607 ήμῶν
2640 1537 2697 1589 ἐν
2724 1535 2935 1600 πολλοῖς
2965 1535 3254 1608 γεγένηται
3286 1535 3563 1607 κλίμασιν.

2233 1627 2694 1692 Ἑξαπέστειλεν
2723 1629 2793 1695 ἐξ
2817 1630 3037 1699 ὕψους,
3070 1629 3162 1684 καὶ
3216 1628 3392 1683 ἔλαϐέ
3418 1644 3517 1698 με,
3544 1639 3727 1696 προσ-

2150 1719 2397 1775 ελάϐετό
2419 1738 2495 1792 με
2514 1721 2583 1786 ἐξ
2623 1721 2860 1778 ὑδάτων
2910 1720 3170 1777 πολλῶν.
3205 1718 3596 1775 Καταποθέντα
3622 1717 3728 1790 γὰρ

2150 1811 2312 1865 αὐτὸν
2341 1811 2437 1865 καὶ
2480 1810 2755 1882 ληφθέντα
2785 1810 2975 1883 ὥσπερ
3002 1810 3347 1882 αἰχμάλωτον
3369 1812 3399 1864 ὀ
3426 1809 3536 1862 τῶν
3593 1808 3728 1862 ὅλων

2150 1901 2284 1966 Θεὸς
2313 1903 2408 1956 καὶ
2423 1902 2630 1975 Πατὴρ,
2646 1901 3030 1968 ἐξαποστείλας
3055 1900 3146 1955 τὸν
3162 1900 3353 1955 ἐαυτοῦ
3372 1900 3518 1965 Υίὺν,
3549 1897 3724 1953 ἔλαϐε.

2150 1993 2320 2047 Πόθεν
2349 1993 2407 2047 δὲ
2458 1993 2621 2048 αὐτὸν
2674 1992 2883 2060 ἐλαϐεν,
2933 1993 3062 2065 ἑξῆς
3122 1992 3363 2046 διδάσκει
3412 1991 3608 2060 λέγων,
3660 1989 3727 2053 ἐξ

2149 2084 2385 2140 ὑδάτων
2412 2084 2679 2141 πολλῶν.
2710 2087 2848 2158 Φησὶ
2874 2085 3004 2155 γοῦν
3033 2085 3129 2139 καὶ
3164 2087 3220 2139 ἐν
3257 2083 3533 2155 ἑξηκοστῷ
3560 2081 3726 2153 ὀγδόῳ

2148 2178 2366 2251 ψαλμῷ⁴
2397 2179 2597 2233 Σῶσόν
2621 2195 2718 2249 με,
2759 2181 2792 2232 ὁ
2818 2177 2981 2245 Θεὸς,
3018 2176 3106 2231 ὅτι
3132 2176 3506 2245 είσήλθοσαν
3541 2175 3727 2231 ὕδατα

2148 2270 2258 2338 ἕως
2278 2270 2483 2343 ψυχῆς
2511 2287 2649 2340 μου·
2692 2269 2992 2340 erandi
3027 2272 3114 2336 εὶς
3160 2269 3322 2338 ὓλην
3361 2267 3580 2335 βυθοῦ,
3630 2269 3722 2323 καί

2148 2367 2259 2420 οὐκ
2281 2365 2452 2419 ἔστιν
2481 2365 2832 2430 ὑπόστασις.
2884 2361 3106 2425 Τούτοις
3155 2359 3443 2433 τοιγαροῦν
3503 2359 3724 2414 ἀκολού-

2149 2455 2257 2520 θως
2289 2457 2386 2511 καὶ
2436 2458 2494 2511 ἐν
2550 2460 2662 2520 τοῖς
2712 2454 3090 2526 προκειμένοις
3142 2453 3515 2526 εὐχαριστῶν,
3572 2452 3721 2524 φησί’

2148 2548 2559 2618 Προσελάϐετό
2591 2565 2667 2619 με
2691 2547 2759 2613 ἐξ
2784 2546 3021 2603 ὑδάτων
3065 2544 3335 2601 πολλῶν.
3367 2545 3504 2599 Τίνα
3547 2544 3605 2598 δὲ
3658 2545 3724 2600 τὰ

2149 2636 2335 2702 ὕδατα,
2359 2637 2607 2711 ἐπιφέρει
2633 2638 2963 2708 σαφέστερον
2991 2635 3179 2690 εἰπών’
3223 2634 3320 2701 Ἐξ
3349 2635 3581 2706 ἐχθρῶν
3605 2651 3721 2707 μου

2146 2728 2420 2785 δυνατῶν
2468 2728 2566 2783 καὶ
2589 2729 2658 2781 ἐκ
2702 2726 2822 2781 τῶν
2837 2727 3180 2796 μισούντων
3196 2742 3292 2795 με,
3317 2725 3407 2779 ὅτι
3447 2724 3721 2795 ἐστερεώ-

2147 2824 2344 2890 θησαν
2378 2818 2531 2889 ὑπὲρ
2558 2818 2682 2889 ἐμέ.
2707 2816 3100 2888 Προέφθασάν
3122 2835 3200 2887 με
3227 2817 3298 2871 ἐν
3330 2815 3518 2887 ἡμέρᾳ
3537 2814 3720 2871 κακώ-
3748 2822 3751 2823 ⁷

2145 2913 2300 2981 σεώς
2331 2931 2470 2984 μου.
2507 2912 2619 2967 Καὶ
2641 2912 2815 2966 ταῦτα
2846 2911 2902 2964 δὲ
2936 2910 2998 2964 τὸ
3030 2909 3252 2981 Πνεῦμα
3283 2909 3534 2978 τὸ⁶ἆγιον
3559 2908 3719 2977 εὐαγ-

2144 3007 2416 3077 γελίζεται
2443 3005 2604 3059 αὐτὸν
2636 3003 2926 3058 ἀναλαῦεῖν
2983 3003 3047 3056 ἐκ
3074 3001 3184 3056 τῶν
3235 3000 3443 3055 πολλῶν
3491 2999 3716 3064 ὑδάτων,

468 3100 626 3170 aquis
651 3099 854 3165 multis,
881 3100 1299 3171 libertatemque
1326 3109 1547 3156 nactum
1583 3117 1649 3159 ex
1677 3104 1917 3161 inimicis
1945 3107 2037 3177 qui

2148 3099 2456 3172 ἐλευθερίαν
2483 3099 2540 3152 δέ
2577 3098 2677 3169 τὴν
2702 3097 2808 3150 ἀπὸ
2845 3095 2953 3150 τῶν
2990 3094 3199 3167 ἐχθρῶν
3225 3094 3334 3147 τῶν
3360 3093 3524 3148 πάλαι
3548 3108 3717 3146 κατα-

467 3193 645 3264 ipsum
679 3191 808 3247 olim
828 3191 1056 3262 imperio
1078 3193 1364 3248 subactum
1392 3209 1492 3249 suo
1528 3195 1894 3253 detinuerant.

534 3279 704 3339 Vens.
749 3280 842 3343 20.
875 3282 966 3338 21.
1014 3280 1086 3336 Et
1141 3282 1314 3353 factus
1337 3292 1414 3340 est
1467 3283 1722 3341 Dominus
1777 3298 2041 3359 protector

466 3389 631 3428 meus.
657 3372 726 3428 Et
752 3373 931 3429 eduxit
967 3392 1048 3430 me
1070 3376 1126 3429 in
1151 3376 1510 3442 latitudinem,
1537 3380 1742 3434 salvum
1777 3398 1859 3436 me
1881 3383 2041 3453 faciet

463 3465 714 3536 quoniam
743 3466 904 3520 voluit
928 3482 1028 3520 me.
1061 3464 1130 3519 Et
1148 3467 1399 3522 retribuet
1421 3466 1547 3522 mihi
1570 3467 1831 3526 Dominus
1856 3488 2040 3527 secun-

465 3559 592 3612 dum
603 3557 880 3629 justitiam
924 3575 1116 3616 meam.
1168 3558 1305 3615 Cum
1362 3559 1788 3630 confessionem,
1836 3565 2035 3635 inquit,

467 3667 657 3721 preces
684 3660 740 3707 et
764 3642 1195 3723 supplicationes
1224 3668 1376 3710 meas
1394 3653 1504 3724 jam
1527 3656 1845 3712 exaudisset
1870 3657 2035 3724 Deus,

464 3741 644 3798 factus
668 3751 754 3798 est
777 3748 1055 3814 protector
1106 3758 1281 3798 meus.
1324 3742 1407 3798 Me
1452 3745 1654 3815 quippe
1694 3746 2037 3803 subversioni

465 3845 520 3893 et
544 3837 718 3892 ruinae
740 3836 944 3908 ingenti
974 3837 1306 3907 proximum,
1329 3836 1618 3909 siquidem
1660 3848 1786 3911 post
1836 3857 2035 3912 pecca-

463 3935 582 3984 tum
637 3928 719 3993 in,
752 3925 1111 3983 defectionem
1194 3931 1411 4000 penitus
1461 3931 1750 4001 prolapsus
1800 3948 1979 3989 essem
2013 3974 2033 4001 ,

462 4026 651 4075 astans
676 4018 811 4088 ipse,
849 4031 949 4072 ceu
991 4016 1223 4071 fulcrum
1249 4026 1303 4073 et
1327 4017 1740 4085 adminiculum,
1787 4022 2033 4091 retinuit,

461 4110 682 4181 quando
703 4111 873 4166 misso
897 4109 963 4164 ad
982 4124 1069 4165 me
1094 4108 1309 4165 Nathan
1359 4111 1648 4182 propheta,
1696 4115 1764 4170 de
1793 4116 2035 4174 admisso

461 4209 688 4276 peccato
707 4219 795 4259 me
820 4205 1088 4276 coarguit,
1124 4209 1176 4258 et
1208 4205 1401 4259 erexit.
1454 4203 1567 4260 lmo
1597 4207 1759 4262 etiam
1813 4207 2035 4263 deduxit

458 4313 542 4351 me
572 4296 626 4350 in
640 4295 1007 4363 latitudinem;
1037 4297 1171 4360 sive,
1196 4300 1355 4368 juxta
1415 4294 1826 4369 Symmachum,
1853 4301 1909 4355 in
1949 4302 2029 4356 la-

459 4388 836 4457 tumspatium.
868 4387 950 4443 Ad
997 4387 1278 4459 angustias
1333 4387 1535 4459 quippe
1592 4388 1870 4447 redactum
1924 4409 2029 4459 me,

2143 3192 2561 3265 κεκρατηκότων
2587 3188 2751 3245 αὑτοῦ
2782 3187 3055 3259 γενέσθαι.

2214 3287 2321 3341 Καὶ
2370 3285 2604 3357 ἐγένετο
2649 3284 2866 3352 Κύριος
2920 3279 3349 3351 ἀντιστήριγμά
3414 3297 3555 3350 μου.
3608 3277 3715 3333 Καὶ

2140 3378 2394 3450 ἐξήγαγέ
2413 3395 2489 3449 με
2542 3380 2629 3443 είς
2658 3375 3038 3445 πλατυσμὸν,
3060 3373 3317 3442 ῥύσεται
3334 3388 3432 3443 με,
3493 3370 3585 3425 ὅτι
3599 3368 3721 3437 ἠθέ-

2139 3473 2294 3542 λησὲ
2310 3490 2405 3543 με.
2451 3470 2562 3526 Καὶ
2613 3466 3026 3524 ἀνταποδώσει
3051 3484 3153 3537 μοι
3184 3467 3399 3534 Κύριος
3429 3462 3579 3516 κατὰ
3608 3461 3722 3530 τὴν

2139 3563 2534 3628 δικαιοσύνην
2544 3577 2685 3630 μου.
2728 3558 2865 3629 Ἤδη
2894 3556 3014 3628 μὲν,
3070 3555 3224 3627 φησὶ,
3269 3556 3369 3627 τῆς
3391 3551 3720 3624 ἐξομολογή-

2142 3654 2277 3718 σεώς
2302 3672 2401 3726 μου
2427 3654 2520 3707 καὶ
2537 3651 2644 3706 τῶν
2674 3648 2988 3720 προσευχῶν
3015 3647 3109 3702 καὶ
3147 3647 3257 3700 τῶν
3301 3644 3590 3716 ἱκετηρίων
3622 3645 3720 3697 ἐπ-

2140 3747 2383 3811 ακούσας
2414 3747 2443 3799 ὁ
2479 3744 2702 3817 Κύριος,
2739 3741 2930 3811 γέγονέ
2966 3758 3057 3812 μοι
3112 3739 3531 3809 ἀντιστήριγμα.
3566 3735 3717 3790 Μέλ-

2137 3841 2295 3894 λοντα
2322 3839 2430 3912 γάρ
2462 3856 2527 3911 με
2559 3836 3001 3910 περιτρέπεσθαι,
3031 3834 3126 3888 καὶ
3156 3833 3296 3904 μέγα
3344 3829 3546 3900 πτῶμα
3594 3828 3718 3883 ὐπο-

2141 3934 2344 4005 μένειν,
2371 3934 2420 3987 ει
2454 3930 2591 4004 μετὰ
2618 3929 2714 4000 τὴν
2743 3928 3016 4002 ἁμαρτίαν
3057 3929 3137 3991 είς
3165 3923 3400 3996 παντελῆ
3427 3922 3714 3988 ἐξέπιπτον

2136 4023 2492 4089 ἀποστασίαν,
2534 4024 2695 4088 αὐτὸς
2726 4019 3010 4096 παραστὰς
3031 4018 3260 4092 ἐρεισμά
3306 4033 3397 4089 μοι
3445 4015 3540 4069 καὶ
3565 4015 3715 4068 ἀντι-

2138 4120 2415 4190 στήριγμα
2451 4116 2692 4185 γέγονεν,
2749 4112 3006 4185 ὁπηνίκα,
3059 4112 3150 4164 τὸν
3207 4106 3371 4163 αὑτοῦ
3428 4105 3713 4177 προφήτην

2135 4209 2323 4264 Ναϐὰν
2351 4209 2591 4281 πέμψας,
2624 4205 2844 4277 ἓλεγχόν
2874 4223 2962 4277 μοι
3007 4205 3253 4275 ἐπήγαγε
3281 4202 3382 4272 τῆς
3413 4197 3709 4271 ἁμαρτίας,

2135 4302 2230 4355 καὶ
2268 4300 2612 4374 ἀνώρθωσεν.
2656 4297 2815 4351 Ἀλλὰ
2874 4296 2967 4350 καὶ
2998 4293 3292 4365 ἐξήγαγεν
3328 4308 3405 4361 με
3448 4292 3536 4356 είς
3565 4290 3710 4343 πλα-

2134 4393 2385 4463 τυσμὸν,
2413 4392 2507 4447 καὶ
2534 4394 2621 4458 εὶς
2651 4390 3037 4461 εὐρυχωρίαν,
3074 4384 3215 4440 κατὰ
3257 4384 3349 4437 τὸν
3393 4382 3707 4453 Σύμμαχον.

459 4496 524 4536 ac
545 4495 715 4551 prope
743 4480 812 4535 de
837 4480 1156 4535 salutemea
1179 4480 1587 4551 desperantem,
1639 4485 1840 4555 eripuit
1878 4501 1943 4542 ac
1972 4486 2026 4540 in

2145 4483 2610 4558 Στενοχωρηθέντα
2637 4483 2745 4554 γάρ
2781 4499 2868 4553 με,
2899 4481 2992 4534 καὶ
3029 4475 3225 4551 μικροῦ
3258 4475 3368 4530 δεῖν
3404 4472 3710 4542 ἀπογνόντα

455 4569 796 4626 latitudinem
819 4569 1027 4637 eduxit,
1089 4578 1150 4625 ut
1197 4570 1253 4624 in
1304 4571 1469 4629 latius
1500 4576 1740 4644 spatium
1768 4577 2024 4641 deducto,

452 4661 753 4731 recipiendi
792 4663 899 4717 mei
942 4678 1006 4715 ac
1056 4663 1287 4719 vulnera
1333 4666 1566 4722 sollicite
1614 4669 1840 4724 curandi
1869 4670 2024 4740 copia

452 4751 640 4806 fuerit.
667 4749 938 4807 Caeterum
962 4752 1007 4806 is
1031 4768 1115 4807 me
1164 4769 1392 4819 prorsus
1429 4757 1704 4822 liberabit,
1756 4766 1821 4815 ac
1842 4760 2026 4818 delicti

450 4845 663 4900 veniam
677 4845 959 4911 concedet,
983 4853 1224 4916 tempore
1254 4849 1521 4906 adventus
1548 4853 1656 4915 sui,
1690 4853 1783 4922 qui
1819 4853 1872 4907 in
1889 4856 2027 4909 vati-

449 4932 597 4989 cinio
615 4935 807 4988 fertur.
831 4936 1012 5007 lisque
1033 4952 1118 4992 me
1152 4938 1431 4996 beneﬁciis
1454 4942 1724 4998 devinciet
1738 4942 2022 5012 Dominus,

448 5025 699 5091 quoniam
751 5027 914 5081 voluit
940 5046 1057 5085 me:
1089 5039 1184 5086 aut
1233 5033 1537 5088 secundum
1570 5034 1846 5105 Aquilam,
1902 5055 2026 5108 quo-

448 5115 596 5169 niam
647 5117 808 5172 voluit
832 5121 887 5173 in
902 5138 1018 5188 me;
1047 5139 1228 5194 neque
1254 5126 1401 5181 enim
1425 5128 1828 5186 convertendus
1845 5145 2019 5195 eram,

449 5223 630 5278 neque
664 5214 1043 5282 coarguendus
1092 5216 1160 5271 de
1200 5224 1452 5287 peccato,
1510 5233 1688 5289 neque
1719 5219 2019 5276 mittendus

390 5337 400 5347 -
446 5301 516 5356 ad
548 5318 633 5358 me
652 5305 934 5375 propheta,
963 5308 1067 5365 nisi
1114 5325 1201 5365 me
1241 5310 1448 5366 salvum
1520 5310 1697 5367 facere
1733 5314 2015 5370 voluisset.

445 5391 516 5445 At
542 5392 687 5447 enim
739 5395 886 5461 novi,
921 5411 986 5451 ac
1032 5413 1356 5466 persuasum
1390 5400 1556 5471 plane
1607 5400 1802 5465 habeo,
1837 5405 2015 5474 ipsum

446 5490 690 5554 tempore
711 5487 848 5556 justi
876 5489 1073 5558 judicii
1098 5491 1206 5553 sui,
1235 5493 1440 5561 peccati
1461 5491 1564 5547 mei
1595 5500 1649 5546 et
1683 5493 2010 5562 facinorum,

446 5591 568 5645 qua:
603 5578 658 5633 in
703 5579 791 5634 die
843 5580 1073 5637 miserias
1118 5598 1250 5637 mete
1305 5589 1634 5656 perpetravi,
1687 5588 2016 5645 utentionem

514 5759 559 5792 ⁷⁸
586 5757 783 5824 Ephes.
810 5775 874 5825 ιι,
910 5759 998 5816 20.
1076 5762 1121 5796 ⁷³
1150 5760 1299 5820 Psal.
1339 5778 1528 5833 uvm,
1557 5764 1614 5833 2,
1650 5765 1711 5823 ὃ.

2136 4575 2327 4629 ἐαυτοῦ
2358 4573 2455 4646 τὴν
2520 4573 2811 4644 σωτηρίαν,
2872 4571 3138 4642 ἐρρύσατο
3162 4568 3255 4622 καὶ
3281 4569 3361 4631 είς
3395 4563 3710 4635 πλατυσμδν

2135 4667 2421 4738 ἐξήγαγεν,
2454 4666 2530 4730 ὡς
2579 4664 2719 4719 κατὰ
2748 4663 2948 4728 πλάτος
2980 4660 3262 4732 δυνηθῆναι
3318 4657 3550 4730 ἐμαυτὸν
3579 4657 3707 4711 diva-

2133 4758 2335 4822 λαὸεϊν,
2360 4759 2453 4811 καὶ
2479 4759 2575 4828 τῆς
2606 4754 2840 4829 ἐμαυτοῦ
2876 4754 3172 4827 θεραπείας
3211 4750 3526 4822 ἐπιμέλειαν
3551 4748 3709 4819 ποιή-

2129 4850 2345 4905 σασθαι.
2381 4850 2527 4921 Πλὴν
2549 4848 2684 4904 ἀλλὰ
2707 4849 2801 4903 καὶ¹
2822 4847 3096 4911 παντελῶς
3143 4845 3364 4919 ῥύσεταί
3392 4861 3480 4916 με,
3518 4843 3707 4916 φησὶν,

2126 4942 2298 5008 διδοὺς
2324 4943 2516 5014 ἄφεσιν
2540 4942 2641 5014 τῆς
2670 4942 2942 5015 ἁμαρτίας
2964 4940 3107 4994 κατὰ
3159 4939 3249 4994 τὸν
3293 4935 3709 5011 πρυῲητευόμε-

2128 5054 2217 5092 νον
2250 5038 2438 5109 καιρὸν
2465 5038 2565 5108 τῆς
2597 5034 2761 5090 αὐτοῦ
2797 5033 3114 5107 παρουσίας.
3144 5032 3255 5086 Καὶ
3286 5029 3443 5085 τοῦτο
3488 5031 3708 5099 ποιήσει

2128 5129 2431 5202 εὐεργετῶν
2459 5147 2527 5201 με
2576 5130 2605 5181 ὁ
2659 5127 2882 5199 Κύριος,
2937 5125 3025 5179 ὅτι
3078 5121 3459 5193 ἠθέλησέμε’
3497 5122 3529 5193 ἢ
3562 5120 3707 5175 κατὰ

2124 5222 2217 5276 τὸν
2260 5223 2510 5286 Ἀκύλαν,
2562 5221 2651 5274 ὅτι
2695 5217 2995 5285 ἐϐουλήθη
3046 5217 3118 5271 ἐν
3169 5216 3330 5285 ἐμοί·
3375 5215 3435 5267 οὐ
3467 5214 3577 5285 γὰρ
3636 5212 3708 5267 ἂν

2124 5315 2506 5387 ἐπεστράφην,
2554 5313 2662 5367 οὐδ’
2725 5312 2792 5366 ἂν
2852 5311 2941 5365 τὸν
3000 5309 3217 5379 ἐλεγχόν
3268 5325 3357 5379 μοι
3413 5307 3705 5377 προσήγα-

2122 5423 2250 5475 γεν,
2312 5406 2507 5460 οὐδ’ἂν
2544 5405 2636 5459 τὸν
2681 5403 2966 5477 προφήτην
3018 5398 3210 5454 ἐαυτοῦ
3267 5397 3402 5469 πρὸς
3458 5396 3557 5467 ἐμὲ
3591 5395 3706 5448 ἀπ·-

2124 5497 2394 5561 εστὰλκει,
2428 5498 2474 5550 εἰ
2509 5496 2583 5568 μὴ
2616 5495 2786 5549 σῶσαί
2848 5511 2914 5566 με
2961 5490 3169 5564 ἤθελεν.
3212 5484 3285 5543 Εὖ
3326 5488 3383 5541 δὲ
3436 5483 3553 5539 οἶδα
3602 5482 3706 5539 καὶ

2126 5588 2368 5660 ἀκριϐῶς
2416 5588 2739 5659 πέπεισμαι,
2779 5588 2859 5642 ὅτι
2915 5584 3056 5642 κατὰ
3098 5584 3183 5638 τὸν
3239 5578 3428 5653 καιρὸν
3466 5577 3566 5651 τῆς
3612 5573 3702 5633 δε·-
