3940 6292
308 385 410 445 177
1471 385 1986 443 ΕΟΜΜΕΝΤΑῙΠΑ
2025 384 2090 441 ΙΝ
2129 385 2473 443 PSALMOS.
3497 389 3608 444 £78

311 504 672 576 καιοκρισίας
708 505 898 570 αὐτοῦ,
953 506 1013 557 οὐ
1065 503 1439 574 μνημονεύσας
1475 520 1576 574 μου
1615 503 1713 573 τῆς
1745 503 1921 572 ἁμαρ-

2029 500 2234 552 nullam
2298 499 2572 554 facturum
2628 513 2783 566 esse;
2843 498 2937 554 sed
3001 498 3282 554 secundum
3335 498 3604 568 justitiam

314 594 433 657 τίας
462 593 560 645 καὶ
594 592 713 646 τῶν
735 594 1113 664 τολμηθέντων
1141 586 1314 663 μοι-ὲν
1343 592 1524 664 ἡμέρᾳ
1551 591 1921 663 ταλαιπωρίας

2030 607 2198 645 meam
2229 591 2481 645 retribuet
2518 590 2662 644 mihi.
2695 588 2829 644 Nam
2861 591 2908 647 si
2943 591 3048 644 alia
3087 607 3235 654 mea,
3257 607 3382 648 cum
3402 591 3605 649 virtute

316 703 444 755 μου,
484 686 646 740 κατὰ
688 686 808 755 τὴν
841 685 1234 752 δικαιοσύνην
1284 702 1405 754 μου
1459 681 1757 738 ἀποδώσει
1802 700 1921 751 μοι.

2028 699 2090 737 ac
2116 684 2330 753 iustitia
2382 685 2688 753 designata,
2725 700 2889 754 opera
2941 685 3100 754 quasi
3148 684 3213 738 ad
3246 687 3510 741 trutinam
3551 695 3606 741 et

310 776 429 841 Τὰς
449 777 565 848 γὰρ
594 777 768 841 ἄλλας
805 795 905 847 μου
935 776 1161 848 πράξεις
1189 775 1290 839 τὰς
1320 775 1377 828 ἐν
1403 775 1571 846 ἀρετῇ
1602 776 1695 827 καὶ
1720 774 1921 826 δικαιο-

2028 776 2295 830 bilauccm
2349 791 2454 830 una
2498 791 2622 831 cum
2680 785 2909 847 peccato
2972 791 3094 831 meo
3153 779 3494 846 appenderit,
3540 793 3606 833 ea

308 867 483 942 σύνῃ,
523 866 724 938 ὥσπερ
762 868 820 920 ἐν
864 867 1103 940 τρυτάνῃ
1139 864 1231 919 καὶ
1263 864 1411 934 ζυγῷ
1450 861 1921 934 άντιπαραλαὸὼν,

2028 868 2199 922 multo
2250 869 2509 923 delictum
2567 868 2833 925 excedere
2891 869 3210 939 eompcriet.
3266 869 3607 942 Quapropter

303 962 404 1014 καὶ
433 959 784 1029 ἁντιστήσας
809 957 886 1027 τῷ
920 959 1134 1028 ἁμαρτή
1146 957 1273 1028 ματί
1308 954 1587 1025 μού,κατά
1614 955 1748 1008 πολὺ
1778 954 1921 1008 πλεο-

2028 977 2135 1015 non
2191 962 2493 1016 secundum
2553 969 2837 1032 peccatqu
2885 978 3066 1018 meum
3117 962 3383 1018 retribuet
3440 965 3604 1029 mihi;

301 1049 600 1115 ναζούσας
640 1043 864 1120 εὑρήσει
908 1048 1000 1102 τοῦ
1046 1046 1341 1117 γενομένου
1389 1047 1802 1116 ἁμαρτήματος.
1835 1045 1921 1097 Διὸ

2028 1050 2133 1120 iam
2183 1051 2382 1120 quippe
2427 1051 2702 1113 retribuit,
2729 1067 2854 1106 eum
2907 1068 2994 1107 me
3035 1052 3225 1106 multis
3267 1053 3319 1106 in
3353 1054 3607 1121 praesenti

302 1141 708 1196 ἀνταποδώσει
747 1159 835 1211 μοι
870 1141 926 1194 οὗ
958 1139 1078 1193 καθ’
1106 1139 1132 1192 ὃ
1160 1139 1403 1209 ἥμαρτον
1439 1137 1559 1208 (ἤδη
1626 1136 1732 1206 γὰρ
1763 1137 1921 1188 ἀντα-

2028 1139 2135 1192 vita
2186 1141 2594 1197 calamitatibus
2650 1141 2867 1208 allecit;
2900 1141 2994 1196 sed
3045 1141 3345 1197 secundum
3397 1141 3608 1211 reliqua

299 1231 564 1295 πέδωκε,
621 1229 893 1301 μετελθών
949 1247 1014 1300 με
1055 1229 1197 1281 κατὰ
1234 1229 1326 1281 τὸν
1385 1227 1630 1298 παρόντα
1678 1226 1788 1296 βίον
1838 1225 1921 1278 διὰ

2028 1231 2196 1299 probe
2226 1246 2291 1284 ac
2334 1231 2483 1300 iuste
2507 1240 2819 1302 perpetrata
2851 1248 3019 1304 opera
3052 1234 3106 1287 in
3135 1233 3222 1287 die
3251 1232 3385 1302 justi
3413 1231 3609 1301 judicii

298 1321 425 1375 τῶν
459 1320 894 1374 καταλαϐουσῶν
933 1337 996 1390 με
1032 1318 1371 1390 συμφορῶν),
1415 1317 1556 1372 κατὰ
1588 1317 1643 1370 δὲ
1676 1316 1775 1380 τάς
1811 1317 1921 1370 λοι-

2028 1322 2111 1375 sui
2151 1323 2420 1378 retribuet
2472 1325 2626 1388 mihi,
2658 1331 2710 1377 et
2773 1340 2970 1379 manus
3001 1340 3152 1381 meas
3197 1327 3266 1379 ob
3315 1325 3611 1396 puritatem

304 1414 432 1478 στὰς
463 1413 722 1485 πράξεις.
760 1413 857 1476 τὰς
885 1414 939 1466 ἐν
966 1411 1300 1484 δικαιοσύνῃ,
1331 1409 1596 1463 ἀποδώσει
1638 1426 1728 1480 μοι
1769 1410 1826 1461 ἐν
1857 1411 1921 1480 τῇ

2028 1416 2250 1484 praemio
2279 1416 2508 1470 donabit
2543 1435 2555 1471 :
2592 1416 2740 1486 ipsas
2777 1417 2979 1488 quippe
3008 1432 3037 1470 a
3070 1417 3320 1486 pristinis
3353 1416 3611 1471 sordibus

301 1504 513 1575 ἡμέρᾳ
552 1504 655 1574 τῆς
687 1502 851 1556 αὑτοῦ
879 1502 1294 1573 δικαιοκρισίας,
1336 1498 1561 1554 καὶτῶν
1595 1500 1791 1571 χειρῶν
1823 1517 1921 1569 μου

2028 1504 2173 1558 ablui
2209 1523 2221 1558 :
2254 1505 2323 1558 Et
2343 1523 2431 1560 ero
2466 1507 2840 1561 inimaculat’us
2863 1524 2981 1560 cum
3026 1523 3108 1572 eo,
3139 1515 3188 1560 et
3219 1505 3501 1561 observabo
3531 1521 3612 1558 me

300 1596 467 1649 κατὰ
498 1595 604 1666 τὴν
635 1594 1005 1665 καθαριότητα
1042 1593 1138 1664 τὴν
1173 1593 1407 1664 ἀμοιϐὴν
1442 1594 1757 1664 ποιήσεται·
1789 1591 1921 1644 ἀπέ-

2028 1594 2092 1648 ab
2118 1595 2395 1666 iniquitate
2417 1613 2552 1650 mea.
2586 1595 2654 1649 Et
2697 1598 2950 1652 retribuet
2982 1596 3108 1650 mihi
3131 1596 3392 1651 Dominus
3427 1612 3613 1651 secun-

301 1689 506 1741 τελυνα
541 1689 655 1759 γὰρ
694 1689 786 1740 τὸν
810 1688 1073 1759 πρότερον
1113 1689 1301 1749 αὑταῖς
1332 1685 1688 1755 ἐγγενόμενον
1720 1686 1921 1754 ῥύπονο

2028 1683 2150 1737 dum
2161 1687 2435 1755 justitiam
2471 1703 2640 1740 meam
2667 1695 2716 1740 et
2744 1685 3032 1740 secundum
3052 1685 3336 1756 puritatem
3358 1701 3611 1739 manuum

299 1781 422 1835 Kal
449 1781 678 1850 ἔσομαι
693 1780 930 1850 ἄμωμος
945 1779 1072 1850 μετ’
1094 1779 1303 1838 αὑτοῦ,
1327 1778 1425 1832 καί
1445 1778 1787 1846 φυλάξομαι
1806 1776 1921 1830 ἀπὸ

2029 1794 2266 1832 mearum
2301 1779 2552 1833 retribuet
2581 1779 2728 1833 milii.

297 1876 424 1944 τῆς
460 1876 728 1943 ἀνομίας
789 1893 933 1942 μου.
983 1875 1090 1928 Kal
1139 1872 1552 1929 ἀνταποδώσω
1585 1887 1685 1941 μοι
1740 1871 1956 1938 Κύριος
1992 1873 2143 1925 κατὰ
2180 1872 2297 1941 τὴν
2336 1873 2738 1940 δικαιοσύνην
2769 1890 2910 1942 μου,
2951 1873 3052 1926 καὶ
3103 1871 3253 1926 κατὰ
3281 1873 3398 1941 τὴν
3430 1871 3613 1925 καθα-

295 1968 579 2035 ριότητα
611 1964 728 2019 τῶν
754 1962 970 2036 χειρῶν
1002 1984 1116 2034 μου
1146 1964 1560 2020 ἀνταποδώσω
1589 1980 1711 2033 μοι.

375 2060 750 2131 Διεξέρχεται
805 2061 933 2131 ἑξῆς
987 2060 1303 2130 καταλέγων
1335 2061 1420 2125 τίς
1450 2057 1518 2132 ἦν
1551 2062 1583 2132 ἠ
1613 2059 1921 2131 δικαιοσύνη

2108 2055 2352 2111 Subinde
2400 2071 2527 2110 vero
2568 2065 2759 2110 narrat
2793 2072 2916 2126 qua:
2945 2057 3105 2110 fuerit
3129 2055 3344 2126 justitia
3373 2056 3517 2126 ejus,
3555 2065 3612 2113 et

308 2153 518 2216 αὑτοῦ,
575 2154 673 2206 καὶ
723 2153 870 2216 ὅπως
926 2151 1273 2223 ἀπεκάθηρεν
1331 2153 1524 2206 ἑαυτοῦ
1565 2153 1664 2216 τὰς
1705 2155 1910 2225 χεῖρας.

2028 2163 2126 2218 quo
2152 2155 2311 2218 pacto
2339 2161 2534 2202 manus
2558 2148 2672 2216 ipse
2723 2161 2852 2202 suas
2884 2147 3136 2202 abluerit.

387 2249 528 2300 Ὅτι
551 2244 831 2313 ἐφύλαξα
842 2245 949 2311 τὰς
962 2243 1139 2310 ὀδοὺς
1153 2246 1392 2313 Κυρίου,
1407 2247 1502 2300 καὶ
1517 2247 1628 2300 οὐκ
1641 2245 1916 2315 ὴσέϐησα

2091 2237 2254 2294 Vens.
2287 2237 2477 2292 22-25.
2509 2238 2648 2304 Quia
2678 2237 2934 2292 custodiui
2967 2241 3076 2292 uias
3104 2238 3333 2305 Domini,
3362 2256 3456 2294 nec
3501 2240 3607 2293 im-

303 2335 436 2390 dzb
465 2335 581 2388 τοῦ
626 2333 773 2388 Θεοῦ
796 2353 939 2403 μου.
961 2335 1081 2387 ’Ότι
1118 2333 1315 2388 πάντα
1348 2336 1420 2389 τὰ
1448 2337 1704 2405 κρίματα
1730 2336 1917 2405 αὑτοῦ

2028 2333 2098 2394 pie
2114 2331 2249 2403 gessi
2269 2348 2300 2383 a
2331 2330 2439 2384 Deo
2469 2346 2603 2385 meo.
2637 2330 2903 2396 Quoniam
2936 2331 3113 2384 omnia
3141 2332 3350 2400 judicia
3407 2332 3523 2401 ejus
3553 2333 3609 2386 in

304 2427 592 2480 ἐνώπιόν
619 2444 759 2495 μου,
788 2425 887 2479 καὶ
923 2428 994 2478 τὰ
1018 2424 1379 2496 δικαιώματα
1417 2427 1604 2481 αὑτοῦ
1635 2401 1770 2483 οὐκ⁸
1800 2429 1916 2482 ἀπ-

2028 2401 2294 2494 conspectu
2315 2441 2446 2492 meo,
2465 2434 2514 2480 et
2538 2424 2777 2488 iustitias
2804 2424 2916 2493 ejus
2935 2441 3039 2478 non
3056 2426 3243 2492 repulit
3263 2443 3294 2480 a
3315 2442 3415 2481 me.
3431 2425 3500 2479 Et
3522 2443 3613 2480 ero

303 2520 599 2585 ἐστησεν
625 2519 728 2571 ἀπ’
747 2518 915 2588 ἐμοῦ.
942 2518 1050 2572 Kal
1075 2517 1283 2586 ἔσομαι
1303 2518 1538 2588 ἄμωμος
1559 2519 1686 2588 μετ’
1711 2518 1916 2584 αὐτοῦ,

2028 2515 2396 2571 immaculatus
2430 2531 2547 2569 cum
2581 2532 2662 2578 eo,
2689 2522 2739 2567 et
2770 2513 3049 2569 observabo
3093 2532 3174 2570 me
3216 2515 3282 2568 ab
3337 2517 3615 2587 iniquitate

312 2608 427 2661 καὶ
463 2606 807 2676 φυλάξομαι
834 2608 954 2660 ἀπὸ
979 2607 1087 2676 τῆς
1123 2608 1374 2675 ἀνομίας
1392 2626 1528 2676 μου.
1563 2609 1716 2661 Ἐπεὶ
1741 2608 1921 2661 τοίνυν

310 2699 505 2752 ταῦτα
529 2699 874 2768 ἐπορισάμην
899 2699 1137 2770 ἐμαυτῷ,
1165 2700 1318 2769 φησὶ,
1343 2699 1481 2768 μετὰ
1510 2699 1607 2770 τὴν
1628 2700 1918 2772 ἁμαρτίαν,

316 2791 416 2842 καὶ
449 2789 727 2853 τοσαύτας
758 2795 1063 2860 συνήγαγον
1093 2791 1314 2862 ἐμαυτῷ
1343 2790 1661 2862 θεραπείας,
1699 2792 1921 2854 εἰκότως

315 2881 490 2935 πάλιν
524 2879 887 2934 ἐπαναλαϐὼν
906 2881 995 2934 τὸν
1028 2881 1188 2934 αὑτὸν
1222 2884 1280 2934 ἐν
1302 2881 1538 2952 δευτέρῳ
1559 2881 1713 2951 λόγον
1739 2881 1880 2952 φημί
1904 2898 1917 2911 ’

316 2976 434 3040 ὅτι,
474 2975 572 3028 διὰ
630 2973 698 3026 τά
751 2972 1146 3044 προλεχθέντα,
1201 2974 1313 3029 Καὶ
1359 2974 1769 3028 ἀνταποδώσει
1821 2989 1922 3044 μοι

317 3067 546 3133 Κύριος
582 3065 737 3117 κατὰ
759 3063 875 3131 τὴν
902 3062 1297 3134 δικαιοσύνην
1331 3083 1473 3135 μου,
1500 3066 1599 3119 καὶ
1630 3065 1785 3119 κατὰ
1811 3065 1926 3133 τὴν

320 3159 740 3226 καθαριότητα
769 3156 888 3209 τῶν
917 3155 1132 3225 χειρῶν
1149 3175 1261 3226 μου
1284 3158 1538 3213 ἐνώπιον
1562 3159 1682 3212 τῶν
1711 3160 1926 3228 ὀφθαλ-

315 3250 451 3319 μῶν
505 3249 729 3304 αὐτοῦ’
779 3249 898 3301 ἀντὶ
933 3248 990 3300 δὲ
1025 3248 1138 3312 τοῦ,
1169 3249 1424 3304 ἐνώπιον
1449 3249 1570 3304 τῶν
1603 3248 1926 3320 ὀφθαλμῶν

2022 2622 2157 2660 mea.
2175 2604 2311 2671 Quia
2327 2620 2456 2676 ergo
2479 2615 2600 2676 post
2633 2604 2933 2661 admissum
2965 2606 3146 2661 scelus
3175 2607 3242 2661 iis
3262 2622 3346 2661 me
3368 2608 3615 2662 moribus

2025 2697 2333 2766 composui,
2352 2706 2405 2750 et
2428 2704 2633 2751 tantam
2658 2698 2793 2751 mihi
2820 2699 3045 2753 adhibui
3072 2699 3337 2754 medelam
3365 2714 3616 2765 ;resum-

2025 2799 2118 2862 pta
2151 2789 2323 2858 priori
2350 2788 2650 2852 sententia,
2679 2789 2916 2857 idipsum
2945 2790 3190 2845 secundo
3225 2799 3492 2860 repetam,
3525 2789 3614 2844 di-

2025 2895 2257 2951 camque
2309 2879 2506 2934 iterum
2544 2897 2559 2932 :
2604 2877 2673 2932 Et
2704 2878 2954 2934 retribuet
2980 2881 3110 2934 mihi
3135 2879 3396 2935 Dominus
3431 2897 3616 2935 secun-

2025 2971 2152 3028 dum
2177 2973 2453 3043 justitiam
2499 2989 2691 3036 meam,
2725 2981 2775 3026 et
2809 2973 3097 3027 secundant
3157 2977 3447 3043 puritatem
3496 2990 3615 3026 mn-

2023 3082 2190 3120 nuum
2243 3081 2484 3120 mearum
2513 3066 2568 3119 in
2613 3076 2893 3133 conspectu
2927 3067 3200 3122 oculorum
3248 3067 3408 3136 ejus:
3453 3065 3614 3135 cujus

2030 3157 2167 3213 dicti
2201 3159 2324 3214 loco
2353 3200 2369 3224 ,
2417 3160 2474 3214 in
2521 3168 2803 3226 conspectu
2850 3161 3125 3214 oculorum
3154 3159 3267 3230 ejus
3315 3160 3397 3216 sic
3449 3158 3615 3214 habet

2030 3247 2417 3322 Symmachus,
2457 3268 2524 3307 ex
2572 3259 2808 3324 opposito
2836 3254 3111 3310 oculorum
3151 3252 3288 3323 ejus.
3312 3250 3432 3307 Non
3465 3253 3612 3307 enim

318 3343 535 3406 αὑτοῦ,
578 3344 610 3395 ὁ
658 3341 970 3412 Σύμμαχος,
999 3341 1114 3403 τὴν
1140 3343 1389 3412 ἀντικρὺ
1445 3343 1566 3397 τῶν
1606 3345 1921 3413 ὀφθαλμῶν

2029 3337 2313 3394 hominum
2349 3342 2526 3398 oculis
2565 3344 2859 3414 puritatem
2900 3343 3171 3398 ostentavi
3205 3356 3403 3408 meam,
3439 3353 3614 3411 neque

320 3435 535 3501 αὐτοῦ,
552 3434 842 3498 ἐξέδωκεν.
863 3435 934 3487 Οὐ
961 3434 1069 3506 γὰρ
1090 3435 1391 3506 ἀνθρώπων
1407 3435 1702 3507 ὀφθαλμοῖς
1721 3437 1922 3490 ἐσπού-

323 3523 484 3590 δαζον
546 3525 652 3593 τὴν
711 3523 950 3595 ἐμαυτοῦ
1015 3523 1380 3597 καθαριότητα
1437 3525 1737 3591 δεικνύναι,
1799 3526 1919 3580 οὐδὲ

329 3616 468 3671 ὥστε
520 3617 784 3687 ἀρέσκειν
816 3620 928 3681 τοῖς
961 3617 1192 3681 πολλοῖς,
1219 3616 1334 3672 ἀλλ’
1362 3619 1586 3689 ἀντικρὺ
1617 3617 1726 3671 τῶν
1755 3618 1920 3672 αὑτοῦ

328 3709 418 3762 τοῦ
453 3707 654 3781 κριτοῦ
699 3708 991 3780 ὀφθαλμῶν
1025 3710 1204 3762 πᾶσαν
1235 3709 1530 3780 ἐποιούμην
1563 3710 1798 3782 σπουδὴν
1821 3709 1920 3780 τῆς

328 3800 572 3870 ἐμαυτοῦ
613 3800 1001 3872 καθαρότητος.

393 3893 561 3948 Μετὰ
600 3895 778 3947 ὁσίου
809 3894 976 3960 ὅσιος
1005 3894 1145 3964 ἔσῃ,
1171 3895 1271 3949 καὶ
1297 3895 1447 3965 μετὰ
1482 3895 1702 3964 ἀνδρὸς
1726 3892 1919 3950 ἀθώου
1989 3917 1996 3922 ·

324 3985 518 4052 ἀθῶος
542 3988 666 4053 ἔσῃ
689 4003 703 4016 ο
734 3987 832 4039 καὶ
852 3989 1003 4056 μετὰ
1025 3987 1314 4043 ἐκλεκτοῦ
1345 3989 1631 4054 ἐκλεκτὸς
1657 3989 1793 4056 ἔσῃ,
1819 3987 1918 4042 καί

320 4079 468 4145 μετὰ
499 4077 807 4146 στρεϐλοῦ
835 4077 1238 4148 διαστρέψεις.
1268 4082 1397 4134 Ὅτι
1427 4080 1509 4134 σὺ
1539 4080 1693 4134 λαὸν
1718 4093 1919 4136 ταπει-

323 4170 431 4222 νὸν
459 4168 714 4235 σώσεις,
759 4169 855 4223 καὶ
903 4172 1249 4241 ὀφθαλμοὺς
1287 4172 1689 4242 ὑπερηφάνων
1716 4185 1919 4227 ταπει-

324 4261 570 4334 νώσεις..
583 4261 809 4330 Μήποτε
835 4242 1185 4332 προφητικῶς
1205 4263 1333 4316 λαὸν
1361 4264 1458 4334 μέν
1477 4263 1724 4316 ταπεινὸν
1747 4262 1916 4334 (1),ῆ,

322 4352 463 4406 κατὰ
514 4351 613 4404 τὸν
655 4351 904 4417 Ἀκύλαν,
941 4355 1188 4422 πένητα,
1221 4356 1274 4425 ἢ,
1311 4354 1453 4409 κατά
1479 4355 1569 4408 τὸν
1603 4355 1918 4426 Σύμμαχον,

320 4441 519 4510 πρᾶον
566 4443 660 4496 τὸν
688 4445 844 4515 χορὸν
893 4445 1184 4500 αἰνίττεται
1223 4448 1315 4500 τὸν
1357 4448 1746 4501 άποστολικόν·
1784 4448 1918 4501 ὑπε-

322 4535 608 4606 ρηφάνους
643 4534 700 4586 δέ
727 4536 853 4597 τοὺς
886 4537 1051 4590 πάλαι
1085 4538 1446 4610 ἐπηρμένους,
1474 4541 1599 4603 τοὺς
1629 4539 1919 4610 ἀρχιερέας

320 4632 414 4682 καὶ
429 4627 795 4691 διδασκάλους
815 4629 908 4682 καὶ
930 4630 1193 4702 ἄρχοντας
1213 4631 1305 4686 τοῦ
1343 4633 1406 4685 ἐκ
1431 4632 1734 4704 περιτομῆς
1751 4631 1880 4684 λαοῦ
1900 4648 1915 4697 ;

2029 3438 2089 3486 ut
2115 3431 2304 3487 multis
2343 3433 2619 3504 placerem
2653 3435 2708 3490 id
2735 3436 2818 3508 egi
2847 3454 2861 3503 ;
2887 3435 2981 3491 sed
3011 3439 3065 3490 in
3089 3440 3386 3506 conspectu
3418 3431 3614 3488 oculo-

2025 3539 2146 3577 rum
2180 3524 2606 3596 ipsiusjudicis,
2642 3529 2750 3583 mei
2793 3529 3063 3601 purgandi
3095 3543 3286 3584 curam
3319 3536 3376 3584 et
3405 3524 3612 3584 sollici-

2023 3615 2268 3670 tudinem
2290 3617 2478 3674 habui.

2093 3877 2258 3935 Vens.
2332 3879 2538 3936 26—28.
2619 3879 2752 3935 Cum
2820 3891 3001 3935 sancto
3054 3891 3268 3934 sanctus
3331 3879 3478 3943 eris,
3559 3889 3610 3932 et

2022 3987 2141 4023 cum
2176 3971 2288 4025 uiro
2334 3971 2606 4026 innocente
2646 3973 2892 4027 innocens
2923 3973 3026 4027 eris
3055 3990 3072 4029 :
3098 3982 3146 4026 et
3175 3989 3292 4026 cum
3319 3972 3479 4026 electo
3504 3973 3609 4025 ele-

2022 4071 2136 4118 ctus
2183 4080 2313 4131 eris,
2344 4073 2394 4118 et
2436 4080 2556 4117 cum
2597 4081 2837 4135 perverso
2872 4070 3200 4136 perverteris.
3237 4067 3502 4134 Quoniam
3551 4076 3609 4118 tu

2020 4154 2270 4224 populum
2297 4155 2549 4210 humilem
2588 4155 2792 4210 salvum
2821 4158 2986 4228 facies
3011 4198 3025 4223 ,
3057 4168 3106 4213 et
3142 4159 3320 4213 oculos
3359 4156 3610 4228 superbo-

2025 4263 2143 4299 rum
2163 4245 2496 4301 humiliabis.
2536 4247 2736 4302 Annon
2766 4249 3090 4320 prophetico
3127 4265 3278 4306 more
3309 4265 3404 4322 per
3431 4264 3607 4320 popu~

2024 4339 2136 4392 lum
2191 4339 2476 4406 humilem,
2506 4350 2600 4396 aut
2649 4341 2951 4398 secundum
3006 4343 3280 4415 Aquilam,
3309 4359 3605 4413 pauperem,

2023 4437 2140 4496 aut,
2173 4443 2232 4486 ut
2259 4429 2651 4503 Symmachus,
2685 4445 3042 4502 mansuetum,
3077 4435 3305 4490 chorum
3341 4433 3606 4505 apostoli-

2021 4541 2146 4581 cum
2206 4528 2516 4595 adumbrat,
2565 4531 2838 4600 superbos
2898 4539 3078 4586 autem
3129 4539 3286 4586 vocat
3339 4548 3456 4595 eos,
3510 4531 3603 4600 qui

2021 4619 2150 4674 olim
2184 4619 2326 4676 altos
2355 4621 2581 4690 spiritus
2623 4622 3001 4688 assumebant,
3033 4622 3311 4694 principes
3347 4621 3604 4677 sacerdo-

320 4719 412 4784 οὓς
437 4720 619 4772 πάλαι
644 4719 942 4791 ὀφθαλμοῖς
970 4721 1338 4794 ὑπερηφάνοις
1371 4721 1511 4776 κατὰ
1544 4722 1636 4775 τοῦ
1667 4723 1917 4793 Σωτῆρος

2028 4716 2159 4775 tum,
2191 4710 2448 4769 doctores
2480 4729 2543 4769 ac
2579 4714 2930 4786 magistratus
2975 4715 3160 4786 populi
3214 4729 3280 4770 ex
3312 4712 3605 4767 circumci-

321 4811 478 4882 ἡμῶν
497 4811 880 4882 κεχρημένους
908 4813 1270 4867 ἐταπείνωσεν
1289 4817 1316 4868 ὁ
1335 4815 1485 4879 Θεὸς,
1502 4815 1559 4866 ἐν
1582 4815 1716 4868 πᾶσι
1739 4813 1919 4876 σώσας

321 4901 408 4956 τδν
461 4902 635 4956 αὐτοῦ
686 4904 936 4957 ταπεινὸν
972 4907 1062 4958 καὶ
1115 4905 1320 4975 πένητα
1353 4907 1444 4959 καὶ
1475 4909 1666 4976 πρᾶον,
1699 4908 1791 4961 τὸν
1822 4905 1915 4960 τοῦ

323 4993 583 5066 Σωτῆρος
607 4993 766 5064 ἡμῶν
795 4997 1106 5049 ἀποστόλων
1138 5014 1196 5050 τε
1225 4999 1319 5051 καὶ
1349 4998 1606 5068 μαθητῶν
1641 5000 1787 5053 λαόν.

403 5252 538 5306 Ὀτι
598 5252 684 5306 σὺ
739 5255 972 5324 φωτιεῖς
1026 5256 1133 5310 τὸν
1185 5259 1419 5328 λύχνον
1449 5277 1590 5328 μου,
1637 5263 1831 5329 Κύριε,
1884 5265 1918 5317 ὀ

329 5343 469 5410 Θεός
489 5361 639 5415 μου,
660 5346 898 5414 φωτιεῖς
927 5347 992 5400 τὸ
1027 5350 1245 5414 σκότος
1267 5367 1407 5418 μου.
1436 5351 1560 5404 Ὅτι
1587 5353 1656 5406 ἐν
1684 5354 1781 5407 σοὶ
1805 5355 1916 5422 ῥυ-

322 5433 634 5506 σθήσομαι
690 5435 810 5490 ἀπὸ
861 5437 965 5491 τοῦ
1011 5441 1408 5508 πειρατηρίου,
1443 5443 1541 5495 καὶ
1572 5443 1642 5494 ἐν
1683 5443 1762 5509 τῷ
1795 5443 1917 5510 Θεῷ

320 5543 431 5596 μου
461 5527 888 5597 ὑπερϐήσομαι
916 5528 1127 5597 τεῖχος.
1171 5531 1355 5600 Ζητῶν
1391 5530 1445 5584 δὲ
1477 5531 1568 5585 τὸν
1595 5533 1785 5604 λύχνον
1818 5535 1910 5588 τοῦ

317 5617 481 5678 Ααυῒδ
513 5613 683 5691 εὗρον
716 5619 775 5670 ἐν
813 5617 935 5688 ρλα⁸
963 5617 1159 5688 ψαλμῷ
1187 5620 1479 5692 φερόμενον
1522 5621 1600 5686 τὸ,
1631 5623 1786 5677 Ἐκεῖ
1825 5625 1914 5689 ἐξ.

312 5711 587 5770 arat-8.163
614 5708 801 5778 κέρας
845 5708 928 5774 τῷ
953 5709 1163 5764 Δαυΐδ·
1208 5695 1505 5786 ἦζοίμασα
1552 5715 1786 5785 λύχνον
1833 5715 1912 5783 τῷ

2026 4801 2222 4856 sione?
2265 4801 2415 4869 Quos
2457 4805 2586 4860 olim
2627 4806 2882 4876 superbis
2932 4807 3107 4861 oculis
3153 4806 3210 4860 in
3267 4802 3604 4858 Salvatorcm

2025 4901 2278 4949 nostrum
2313 4895 2668 4967 insurgentes
2708 4899 3018 4955 humiliavit
3065 4897 3228 4962 Deus,
3253 4911 3316 4951 ac
3344 4895 3602 4952 humilem

2024 4983 2200 5048 illum,
2234 5000 2547 5056 pauperem-
2569 4997 2622 5043 et
2653 4998 3000 5046 mansuetum
3037 4988 3247 5042 salvum
3270 4986 3417 5052 fecit,
3453 4986 3605 5041 vide-

2020 5074 2148 5130 licet
2183 5077 2338 5131 illum
2372 5076 2672 5136 Salvatoris
2707 5081 2901 5144 nostri,
2935 5078 3308 5149 apostolorum
3339 5093 3404 5134 ac
3436 5079 3604 5135 disci-

2019 5168 2272 5236 pulorum
2299 5171 2580 5239 populum.

2091 5257 2254 5314 Vens.
2290 5247 2400 5322 29,,
2426 5260 2513 5316 50.
2553 5261 2819 5328 Quoniam
2873 5270 2930 5314 tu
2973 5261 3301 5316 illuminabis
3335 5260 3602 5316 lucernam

2021 5367 2210 5416 meam,
2270 5350 2496 5406 Domine
2539 5352 2681 5406 Deus
2734 5369 2912 5419 meus,
2976 5351 3307 5408 illuminabis
3363 5351 3602 5407 tenebras

2020 5461 2182 5498 meas.
2228 5444 2493 5509 Quoniam
2531 5447 2585 5498 in
2619 5453 2666 5499 te
2693 5446 2892 5515 eripiar
2915 5462 2947 5500 a
2980 5447 3287 5509 tentatione,
3315 5455 3366 5500 et
3395 5445 3450 5498 in
3485 5443 3598 5498 Deo

2019 5553 2131 5592 meo
2155 5536 2518 5608 transgrediar
2545 5554 2772 5591 murum.
2808 5538 2944 5593 Cum
2980 5548 3162 5593 autem
3203 5539 3348 5592 illam
3379 5535 3601 5590 Davidis

2018 5629 2307 5683 lucernam
2340 5629 2732 5699 perquirerem,
2765 5630 2820 5686 in
2856 5647 3023 5686 cxxxt
3052 5631 3262 5702 psalmo
3288 5628 3594 5700 deprehen—

2019 5719 2110 5774 di:
2145 5718 2266 5773 Illic
2315 5717 2604 5789 producam
2646 5738 2817 5778 eornu-
2841 5722 3012 5778 David
3054 5763 3068 5790 ,
3101 5722 3284 5793 paravi
3323 5721 3590 5777 lucernam

377 5828 453 5901 (Ι)
496 5827 556 5883 In
587 5823 870 5881 Hebraico
909 5822 1103 5894 legitur
1124 5835 1228 5893 ur,
1272 5827 1324 5884 id
1359 5836 1442 5886 est
1488 5844 1702 5898 pauper,
1766 5830 2015 5900 abjectus.
