3940 6292
431 414 536 474 I79

1068 403 1341 463 EUSEBII
1377 392 1855 458 CAESARIENSIS
1892 386 2042 445 OPP.
2084 381 2267 438 PARS
2303 378 2390 435 Ill.
2430 408 2496 420 —-
2538 371 2951 432 EXEGETICA.

3584 362 3685 420 180

428 530 643 588 Christo
680 525 792 581 meo
814 522 877 577 ⁷⁸.
910 520 1157 585 Lucerna
1209 524 1390 574 autem
1436 512 1659 569 Christo
1696 513 1907 580 parata,
1931 519 1997 559 ex
2029 526 2039 560 λ

2143 493 2331 563 ῥιστῷ
2377 510 2516 563 μου.
2552 490 2757 561 Λύχνος
2792 487 2849 541 δὲ
2903 482 3320 556 ὲτοιμαζὸμενος
3353 479 3431 551 τῷ
3465 476 3689 552 Χριστῷ

432 623 640 679 semine
673 615 844 672 David
874 622 1020 677 orta,
1051 611 1183 683 quid
1219 608 1365 665 aliud
1407 606 1592 669 fuerit,
1627 616 1792 674 quam
1826 598 2007 670 proles

433 714 547 777 illa,
578 725 701 782 quae
729 706 1032 766 secundum
1057 717 1280 760 carnem
1309 717 1377 757 ex
1405 697 1762 755 successione
1790 689 2008 746 Davidis

433 801 654 874 prodiit;
673 816 779 873 qua
810 814 944 856 usus
970 796 1227 853 Christus
1256 793 1349 865 qui
1368 793 1422 846 in
1446 805 1571 846 eum
1597 785 1814 842 Davidis
1836 783 2008 874 letum

432 873 672 955 advenit,
688 890 871 946 radios
881 886 1099 943 virtutis
1119 900 1251 948 suae,
1272 881 1645 949 orientemque
1673 877 1816 930 illam
1835 873 2009 927 lucem

435 980 708 1038 universis
737 977 1055 1034 hominibus
1077 973 1370 1045 splendere
1400 967 1571 1024 fecit?
1600 965 1781 1034 Quare
1794 964 1852 1019 in
1874 976 2014 1033 prat-

416 1072 599 1130 l'dictis
631 1072 814 1129 verbis
851 1068 1172 1142 prophetice
1199 1062 1371 1120 David
1416 1062 1492 1116 ita
1538 1059 1782 1131 loquitur
1816 1074 1830 1110 :
1864 1054 2013 1122 Quo-

436 1166 581 1221 niam
615 1175 672 1219 tu
718 1162 1049 1219 illuminabis
1093 1159 1366 1214 lucernam
1413 1169 1605 1216 meam,
1638 1150 1880 1205 Domine.
1930 1146 2014 1201 Tu

437 1258 584 1313 enim
630 1257 749 1330 ipse
792 1254 1083 1318 Dominus,
1116 1250 1320 1322 inquit,
1365 1249 1459 1318 qui
1501 1261 1630 1301 vera
1681 1244 1776 1298 lux
1822 1258 1903 1307 es,
1934 1256 2016 1296 ar-

440 1364 577 1404 cana
621 1348 856 1419 quadam
884 1346 1098 1401 ratione
1140 1343 1321 1397 unitus
1355 1340 1591 1394 lucernae
1616 1351 1681 1392 ex
1715 1350 1801 1389 me
1827 1333 2013 1403 prodi-

443 1450 600 1506 turaa,
636 1441 812 1512 ipsam
847 1434 1345 1502 illuminabis;i-mo
1370 1432 1534 1487 etiam
1564 1428 1840 1490 tenebras,
1861 1425 2017 1497 queis

442 1531 653 1588 oﬂusus
685 1531 813 1587 olim
845 1529 944 1595 lui,
976 1526 1276 1599 dissipahis
1315 1524 1567 1596 penitus,
1600 1529 1662 1576 ut
1696 1535 1766 1575 ne
1796 1518 2016 1591 quidem

444 1623 709 1681 memoria
739 1637 928 1678 earum
973 1627 1211 1675 mentem
1254 1616 1450 1672 subeat
1489 1630 1686 1669 meam.
1734 1611 2019 1681 Probeque

445 1714 594 1780 novi,
622 1729 711 1769 me
756 1713 807 1768 vi
841 1722 1002 1782 atque
1048 1710 1244 1766 robore
1278 1713 1373 1762 tuo
1420 1707 1769 1769 instructum,
1801 1718 2019 1758 murum

448 1808 600 1862 illum
643 1805 923 1866 cmlcstem
968 1813 1441 1872 transgressurum
1472 1813 1597 1854 esse
1631 1816 1645 1852 :
1684 1804 1848 1866 atque
1887 1802 2020 1849 tunc

2108 589 2173 640 ὲκ
2219 585 2530 658 σπέρματος
2563 580 2726 636 Δαυτδ
2760 580 2843 643 τίς
2875 579 2940 635 ἂν
2963 576 3171 647 γένοιτο
3197 573 3231 645 ἢ
3265 573 3328 626 τὺ
3353 573 3600 658 γέννημα
3628 569 3690 623 τὸ

2109 675 2251 730 κατά
2284 656 2462 748 σάρκα
2489 674 2782 745 γενόμενον
2813 674 2877 725 ὲκ
2914 667 3164 739 διαδοχῆς
3192 664 3376 730 Δαυῒδ,
3411 656 3456 732 ᾧ
3492 662 3691 735 κέχρη-

2109 787 2197 822 ται
2229 770 2259 821 6
2287 770 2520 840 Χριστὸς
2547 767 2606 820 ὲν
2636 763 2786 834 αὐτῷ
2817 762 3125 833 γενόμενος,
3157 759 3252 812 καὶ
3278 757 3378 822 τὰς
3400 756 3502 826 τῆς
3535 754 3693 809 δυνά-

2114 878 2258 932 μεως
2276 859 2437 914 αὑτοῦ
2470 855 2836 931 μαρμαρυγὰς
2858 854 2953 909 καὶ
2980 852 3073 906 τοῦ
3106 850 3282 922 φωτὸς
3309 850 3407 914 τὰς
3430 846 3692 912 ἀνατολὰς

2111 957 2275 1008 πᾶσιν
2309 952 2608 1023 ἐξέλαμψεν
2638 948 2974 1021 ἀνθρώποις;
2996 946 3086 999 Διὸ
3117 945 3212 999 καὶ
3239 946 3297 999 ὲν
3327 947 3455 1007 τοῖς,
3469 958 3692 1014 προκει-

2117 1046 2297 1118 μένοις
2329 1042 2681 1119 προφητικῶς
2709 1058 2872 1113 φησιν
2901 1042 2930 1093 ὁ
2949 1039 3140 1092 Δαυῖδο
3176 1039 3295 1090 ’Ὁτι
3342 1035 3425 1090 σὺ
3461 1029 3692 1104 protest”;-

2112 1140 2348 1207 λύχνον
2394 1154 2535 1206 μου,
2574 1136 2770 1203 Κύριε.
2825 1134 2897 1186 Σὺ
2949 1132 3058 1205 γὰρ
3090 1130 3272 1194 αὐτὸς,
3306 1128 3494 1199 φησὶν,
3524 1129 3554 1180 ὁ
3583 1125 3693 1181 Κύ-

2118 1247 2250 1302 ριος,
2284 1229 2345 1282 τὸ
2377 1228 2494 1298 φῶς
2533 1227 2592 1281 τὸ
2640 1225 2888 1298 ἀληθινὸν
2930 1224 3237 1295 τυγχάνων,
3278 1222 3519 1288 ἐνωθεις
3563 1235 3694 1274 ποτε

2115 1321 2439 1393 ἀπορρήτως
2465 1319 2543 1391 τῷ
2572 1319 2630 1384 ἐξ
2671 1317 2804 1390 ἐμοῦ
2836 1316 3189 1388 γενησομένῳ
3241 1315 3439 1387 λύχνῳ,
3476 1316 3697 1385 φωτιεῖς

2116 1415 2278 1469 αὐτόν
2294 1431 2306 1444 ·
2332 1411 2468 1468 ἀλλά
2494 1414 2587 1465 καὶ
2619 1412 2681 1465 τὸ
2702 1409 3055 1482 ὲγγενόμενόν
3084 1408 3172 1480 μοι
3202 1425 3331 1462 ποτε
3360 1407 3550 1471 σκότος
3577 1407 3699 1461 τότε

2118 1505 2392 1570 παντελῶς
2424 1503 2714 1573 περιελεῖς,
2742 1503 2819 1567 ὡς
2853 1501 2988 1573 μηδὲ
3035 1503 3254 1573 μνήμην
3295 1500 3459 1555 αὐτοῦ
3494 1499 3703 1554 ἀνιέναι

2118 1598 2210 1650 ἐπὶ
2240 1597 2338 1668 τὴν
2370 1593 2508 1667 ἐμὴν
2540 1595 2797 1648 διάνοιαν.
2821 1588 2894 1646 Εὖ
2925 1592 2983 1646 δὲ
3007 1588 3143 1654 οἶδα,
3175 1592 3278 1657 ὅτι,
3302 1591 3396 1644 καὶ
3426 1590 3527 1662 τῆς
3553 1589 3705 1660 παρὰ

2123 1689 2215 1742 σοῦ
2262 1689 2542 1759 δυνάμεως
2586 1687 2681 1740 καὶ
2725 1685 2907 1757 ἰσχύος
2951 1683 3328 1749 καταξιωθεὶς,
3368 1683 3707 1756 ἐπιϐήσομαι

2121 1780 2216 1834 τοῦ
2268 1783 2329 1834 ὲν
2370 1779 2619 1847 οὐρανοῖς
2666 1777 2911 1849 τείχους·
2947 1779 3004 1830 ὲν
3051 1775 3285 1847 ἀσφαλεῖ
3305 1793 3365 1830 τε
3391 1776 3707 1847 γενόμενος,

450 1849 600 1862 ........
645 1849 923 1866 παρη..-
970 1849 1441 1872 --,---τ,------,---
1478 1849 1593 1854 --η
1633 1849 1643 1852 _
1729 1849 1773 1866 .1
1829 1849 1840 1852 ,

450 1899 504 1951 in
532 1904 652 1951 tuto
681 1896 916 1966 positus,
949 1893 1179 1949 salutem
1215 1907 1282 1947 ex
1311 1899 1366 1946 te
1398 1902 1726 1959 consequar.
1756 1884 1884 1942 Si-ve
1915 1884 2021 1941 hoc

2143 1873 2242 1926 ςότε
2274 1871 2374 1943 τῆς
2408 1870 2558 1943 παρά
2587 1872 2670 1924 σοὶ
2701 1869 2960 1941 τεύξομαι
2992 1869 3282 1942 σωτηρίας.
3319 1869 3412 1922 Ἥ”
3436 1868 3712 1942 ’Υπερθη-

450 1995 609 2056 pacto
637 2004 651 2041 :
686 1983 1082 2055 Transgrcdiar
1117 1981 1532 2051 transiliamque
1561 1978 1745 2035 omnia
1783 1976 2022 2033 hostium

451 2078 812 2143 munimenta,
842 2087 897 2134 et
939 2092 1098 2148 sepes
1140 2085 1305 2147 atque
1347 2088 1587 2137 murum,
1623 2085 1784 2141 quem
1833 2069 1889 2124 in
1918 2068 2027 2123 cir-

451 2172 604 2228 cuitu
640 2186 784 2238 meo,
817 2181 877 2227 ut
911 2169 1269 2234 intercludar,
1299 2177 1512 2223 struere
1550 2171 1825 2235 satagunt.

519 2260 688 2317 Vnus.
713 2263 805 2327 5i,
839 2262 929 2317 5’2.
962 2262 1104 2318 Deus
1135 2278 1301 2326 meus,
1328 2259 1605 2330 impolluta
1636 2258 1721 2312 via
1750 2255 2032 2327 ejus:elo-

452 2356 578 2411 auia
630 2353 843 2410 Domini
876 2355 994 2426 igne
1023 2354 1354 2419 examinata,
1384 2361 1647 2422 protector
1689 2357 1766 2404 est
1798 2347 2029 2403 omnium

453 2452 780 2520 sperantium
810 2451 867 2505 in
898 2468 971 2507 se.
998 2449 1264 2517 Quoniam
1304 2448 1422 2518 quis
1462 2446 1603 2501 Deus
1628 2456 1820 2516 prwter
1847 2443 2032 2499 Domi-

454 2559 581 2597 num
602 2544 629 2599 7
661 2553 756 2598 aut
777 2543 894 2614 quis
924 2541 1068 2597 Deus
1101 2549 1296 2612 preter
1322 2538 1492 2594 Deum
1525 2541 1809 2594 nostrum?
1834 2535 2033 2608 Impel-

457 2637 629 2690 lutam
660 2633 941 2705 praedicat,
967 2633 1024 2688 id
1076 2639 1161 2688 est
1212 2630 1571 2702 inculpatam,
1597 2629 2031 2685 administratio-

456 2742 583 2783 nem
616 2728 758 2795 ejus,
788 2741 852 2782 ac
898 2725 1252 2797 providentiae
1296 2722 1681 2780 ceconomiam.
1720 2720 1824 2776 Sed
1869 2720 2032 2775 etiam

457 2819 675 2891 eloquia
702 2819 822 2890 eius
855 2818 980 2890 igne
1007 2819 1341 2885 examinata,
1376 2818 1493 2874 sive
1525 2815 1761 2872 sollicite
1809 2814 2036 2884 probata

458 2912 861 2984 exquisitaque,
896 2928 1075 2983 neque
1105 2913 1339 2969 ulterius
1376 2909 1711 2982 exploranda
1759 2915 1925 2974 sunt;
1950 2908 2039 2970 ni;

460 3004 541 3059 hil
572 3004 778 3075 quippe
804 3004 996 3061 alienae
1024 3005 1269 3060 materiae
1322 3004 1458 3076 ipsis
1505 3002 1800 3058 admistum
1845 3002 2039 3073 depre-

463 3098 705 3155 hendere
731 3105 815 3154 est
857 3117 871 3153 :
908 3098 1093 3169 qualia
1121 3105 1251 3153 sunt
1286 3096 1504 3167 eloquia
1537 3096 1844 3165 sapientum
1871 3095 2038 3165 hujus

466 3191 674 3254 saeculi,
711 3204 832 3259 qua:
861 3190 1100 3259 aliquam
1151 3189 1429 3245 interdum
1477 3188 1775 3259 praeferunt
1807 3187 2042 3258 dignita-

468 3284 541 3337 tis
565 3281 827 3352 speciem,
861 3280 956 3336 sed
984 3281 1135 3336 omni
1167 3280 1450 3351 religionis
1475 3279 1736 3351 despectu
1765 3287 1820 3335 et
1860 3279 2048 3349 impie-

349 3396 357 3405 -
466 3383 580 3429 tate
614 3374 771 3444 plena
802 3383 949 3429 sunt.
982 3373 1124 3441 Quid
1154 3381 1337 3428 autem
1365 3373 1564 3429 docent
1584 3372 1801 3444 eloquia
1823 3374 1912 3427 illa
1948 3372 2047 3427 Do-

468 3465 603 3519 mini
628 3465 753 3536 igne
773 3464 1116 3519 examinata?
1150 3463 1207 3519 Id
1230 3479 1381 3528 sane,
1417 3464 1597 3535 ipsum
1623 3479 1747 3520 esse
1775 3472 2046 3534 protecto-

472 3572 587 3611 rem
635 3556 883 3613 omnium
935 3557 1274 3627 sperantium
1329 3556 1385 3611 in
1441 3572 1613 3622 se,ac
1668 3557 1879 3612 nullum
1924 3572 2048 3612 esse

472 3647 642 3703 Deum
693 3655 890 3718 praeter
937 3647 1229 3703 Dominum
1273 3655 1547 3714 nostrum,
1580 3649 1790 3704 nullum
1852 3651 2045 3705 fortem

474 3739 581 3795 nisi
620 3738 791 3795 Deum
846 3748 1096 3795 nostrum
1129 3748 1332 3811 :atque
1366 3740 1489 3796 ideo
1514 3741 1638 3812 jure
1668 3741 1884 3796 dicatur
1915 3756 2044 3811 pro-

475 3837 648 3885 tector
678 3846 803 3887 esse
829 3830 1075 3887 omnium
1099 3831 1439 3897 sperantium
1477 3833 1530 3886 in
1566 3847 1645 3897 se,
1692 3848 1817 3887 cum
1861 3832 2048 3888 nullus

475 3921 703 3991 reperiri
730 3922 902 3991 possit
927 3924 1022 3992 qui
1052 3922 1146 3978 tali
1165 3930 1428 3996 tantoque
1449 3928 1745 3995 protectori
1778 3924 2049 3981 obsistere

474 4012 675 4066 valeat.

548 4101 714 4159 Vsus.
745 4105 834 4171 35,
868 4107 958 4162 ⁸54.
993 4106 1132 4162 Deus
1167 4110 1256 4178 qui
1295 4110 1569 4181 prteeingit
1604 4126 1684 4164 me
1736 4111 1948 4170 virtute,
1996 4118 2049 4163 et

477 4196 649 4265 posuit
681 4197 1077 4252 immaculatum
1114 4200 1251 4254 viam
1281 4218 1472 4257 meam.
1504 4201 1609 4268 Qui
1637 4200 1851 4270 perfecit
1897 4200 2048 4269 pedes

479 4304 620 4343 meos
653 4298 902 4360 tanquam
939 4308 1232 4357 cervorum,
1263 4303 1313 4347 et
1348 4309 1504 4362 super
1529 4294 1736 4349 εωεειδα
1784 4311 1901 4348 mea
1930 4304 2045 4348 sta-

479 4389 630 4432 tuens
660 4395 761 4434 me.
800 4378 920 4435 Non
958 4381 1108 4437 iners
1148 4389 1202 4436 et
1242 4382 1477 4445 otiosus,
1510 4382 1707 4453 inquit,
1744 4383 2051 4454 patrocina-

481 4478 761 4542 tur'atque
808 4472 1077 4544 protegit;
1111 4472 1206 4527 sed
1264 4474 1317 4527 id
1373 4477 1619 4530 muneris
1648 4476 1778 4547 agit,
1814 4476 1943 4531 dum
1970 4476 2045 4530 illi

483 4578 676 4619 manus
701 4572 1000 4620 conserunt
1032 4581 1132 4636 pro
1159 4566 1333 4621 salute
1356 4582 1477 4631 sua,
1496 4577 1556 4621 ut
1590 4568 1725 4622 inito
1752 4572 2050 4626 certamine

484 4656 739 4712 inimicos
772 4656 1063 4712 debellent.
1100 4656 1193 4712 Sic
1221 4673 1308 4711 me
1341 4658 1638 4712 virtutibus
1672 4659 1790 4715 suis
1824 4674 1923 4713 ceu
1967 4676 2054 4714 ar-

486 4747 591 4802 mis
633 4748 876 4815 iustruit,
918 4763 982 4803 ac
1024 4751 1310 4805 mortalem
1350 4748 1756 4819 humanamque
1788 4748 2056 4805 fortitudi-

485 4854 608 4893 nem
650 4855 822 4895 meam
850 4841 1026 4911 gratia
1055 4856 1154 4897 sua
1184 4839 1502 4907 conﬁrmat;
1535 4847 1594 4895 ut
1615 4841 1773 4911 quasi
1795 4843 1897 4905 vir,
1927 4844 2059 4895 lum—

384 4976 389 4985 ,
484 4929 584 4986 hos
634 4930 839 4986 habens
868 4931 1069 4987 virtute
1116 4946 1216 4987 sua
1265 4931 1598 4996 succinctos,
1631 4931 1866 4988 inimicis
1911 4933 2061 4988 obsi-

485 5031 647 5075 stam.
673 5019 780 5077 Sed
809 5022 1275 5091 quemadmodum
1318 5036 1486 5092 supra
1531 5020 1737 5076 dictum
1773 5031 1880 5087 est,
1917 5021 2058 5077 Deus

483 5111 765 5181 impolluta
793 5113 877 5166 via
906 5112 1057 5182 ejus;
1083 5113 1158 5167 ita
1190 5128 1276 5169 me
1297 5112 1365 5166 ad
1386 5113 1470 5167 sui
1504 5113 1795 5184 imaginem
1818 5128 1884 5169 ac
1910 5115 2061 5170 simi-

487 5203 771 5259 litudinem
813 5219 937 5262 esse
989 5215 1307 5278 peroptans,
1341 5222 1516 5262 meam
1546 5222 1767 5279 quoque
1794 5208 1941 5262 viam
1970 5222 2065 5278 po-

484 5296 598 5352 suit
627 5297 1054 5365 immaculatam,
1081 5308 1137 5355 et
1163 5299 1437 5364 doctrina,
1465 5299 1689 5355 monitis
1722 5315 1786 5355 ac
1813 5299 2063 5371 cujusvis

487 5389 706 5460 generis
735 5389 1066 5462 disciplinis,
1096 5393 1238 5449 viam
1281 5393 1396 5448 sive
1422 5391 1590 5446 vitam
1638 5391 2063 5464 institutumque

485 5496 668 5535 meum
695 5483 986 5552 perpolivit
1035 5500 1099 5540 ac
1134 5484 1383 5556 perfecit.
1429 5482 1575 5539 Loco
1609 5482 1779 5551 illius,
1809 5484 2063 5539 immacu-

488 5570 674 5631 latum,
703 5570 923 5642 Aquila,
949 5566 954 5571 ’
979 5575 1296 5645 perfectam,
1332 5573 1523 5630 edidit.
1581 5572 1821 5630 Adhaec
1871 5588 2057 5645 porro,

486 5660 701 5730 perfecit
742 5662 894 5733 pedes
940 5681 1079 5721 meos
1125 5674 1377 5735 tanquam
1414 5681 1684 5720 cervorum
1719 5681 1737 5718 :
1764 5664 1832 5720 de
1862 5666 2061 5736 quibus

555 5780 763 5838 "Psal.
796 5797 981 5849 cxxxr,
1016 5785 1100 5838 17.

2125 1983 2289 2038 σομαι
2328 1965 2421 2019 καὶ
2449 1964 2817 2037 ὑπερπηδήσω
2857 1963 3035 2017 πάντα
3080 1964 3147 2017 τά
3174 1964 3283 2017 τῶν
3332 1962 3543 2034 ἐχθρῶν
3593 1964 3713 2034 ὀχυ-

2130 2058 2357 2132 ρώματα
2388 2058 2482 2112 καὶ
2511 2059 2638 2122 τοὺς
2700 2059 2989 2129 φραγμοὺς
3037 2058 3131 2110 καὶ
3160 2056 3222 2110 τὸ
3262 2059 3460 2128 τεῖχος,
3489 2056 3522 2110 ὃ
3554 2074 3714 2130 περι-

2128 2150 2342 2205 ϐάλλειν
2396 2167 2486 2221 μοι
2529 2151 2608 2213 εἰς
2639 2148 2708 2203 τὸ
2731 2148 3051 2203 ἀποκλεῖσαι
3086 2148 3426 2202 σπεύδονται.

2213 2247 2275 2299 '0
2311 2246 2455 2311 Θεός
2483 2242 2884 2314 μου,ἅμωμος
2921 2245 2959 2313 ἡ
3005 2240 3146 2309 ὁδὸς
3179 2241 3394 2297 αὐτοῦ·
3428 2241 3502 2295 τὰ
3537 2243 3716 2312 λόγια

2130 2339 2351 2411 Κηρίρυ
2382 2337 2797 2406 πεπυρωμένα,
2828 2334 3291 2404 ὑπερασπιστὴς
3310 2335 3443 2390 ἐστι
3471 2335 3717 2390 πάντων

2131 2409 2250 2483 τῶν
2281 2409 2656 2489 ἐλπιζόντων
2701 2426 2794 2479 ἐπ’
2826 2426 3035 2479 αὐτόν.
3070 2426 3197 2478 ’Ότι
3242 2426 3336 2492 τίς
3369 2425 3515 2492 Θεὸς
3546 2426 3718 2495 πλὴν

2132 2520 2238 2575 τοῦ
2291 2520 2549 2587 κυρίους
2587 2517 2625 2586 ἢ
2658 2517 2751 2584 τίς
2794 2517 2938 2582 Θεὸς
2974 2516 3142 2585 πλὴν
3187 2516 3295 2571 τοῦ
3323 2517 3470 2572 Θεοῦ
3507 2516 3717 2587 ἡμῶν-ς

2138 2613 2401 2683 Ἀμωμον
2444 2604 2582 2665 εἶναι
2628 2608 3008 2676 ἀποφαίνεται,
3039 2608 3321 2661 τουτέστιν
3347 2607 3717 2677 ἀνεπίληπτον

2136 2703 2233 2775 τὴν
2269 2701 2531 2771 διοίκησιν
2589 2699 2777 2763 αὑτοῦ,
2824 2699 2921 2752 καὶ
2950 2698 3049 2770 τὴν
3080 2697 3181 2767 τῆς
3228 2696 3479 2770 προνοίας
3513 2698 3719 2750 οἰκονο-

2140 2796 2285 2868 μίαν.
2332 2792 2491 2846 Ἀλλά
2545 2792 2640 2845 καὶ
2689 2791 2759 2845 τὰ
2798 2791 2952 2860 λόγια
2985 2789 3146 2843 αὐτοῦ
3178 2787 3571 2860 πεπυρωμένα,
3603 2803 3723 2840 του.

2135 2888 2284 2942 τέστι
2318 2883 2752 2957 βεϐασανισμένα
2777 2883 2872 2935 καὶ
2898 2879 3332 2952 δεδοκιμασμένα
3349 2897 3363 2910 ·
3381 2880 3481 2933 οὐκ
3508 2879 3625 2932 ἐστι
3656 2895 3719 2932 τε

2138 2979 2319 3043 αὐτοῖς
2368 2976 2695 3047 ἐπισκέψαι·
2758 2975 2880 3028 οὐδὲ
2930 2973 3214 3045 ἀλλοτρίας
3261 2972 3395 3041 ὕλης
3440 2970 3725 3043 παρεμϐε-

2141 3071 2407 3143 ϐλημένον
2456 3087 2510 3123 τι
2562 3070 2620 3123 ὲν
2675 3068 2858 3132 αὐτοῖς
2892 3067 3092 3138 εὑρεῖν,
3132 3068 3289 3118 ὁποῖα
3332 3063 3401 3117 τά
3430 3064 3581 3136 παρὰ
3608 3065 3724 3128 τοῖς

2069 3187 2112 3246 c
2145 3166 2327 3234 σοφοῖς
2375 3160 2471 3215 τοῦ
2526 3161 2721 3226 αἰῶνος
2754 3160 2943 3214 τούτου
2968 3158 3251 3228 τυγχάνει·
3302 3157 3592 3230 μετέχοντα
3625 3157 3725 3228 μέν

2147 3272 2290 3318 τινος
2316 3255 2426 3309 ἔσθ’
2447 3256 2535 3308 ὅτε
2560 3254 2880 3324 φαντασίας,
2913 3252 3093 3322 πάσης
3104 3251 3160 3304 δὲ
3180 3249 3469 3321 ἀθεότητος
3488 3249 3582 3302 καὶ
3602 3248 3727 3301 δυσ-

2151 3349 2363 3412 σεϐείας
2392 3346 2814 3418 πεπληρωμένα.
2848 3343 2914 3398 Τί
2935 3340 3027 3398 οὖν
3052 3345 3120 3397 τά
3166 3341 3538 3413 πεπυρωμένα
3569 3340 3727 3411 λόγια

2146 3441 2242 3496 τοῦ
2272 3441 2477 3513 Κυρίου
2502 3439 2772 3504 διδάσκει;
2806 3438 2881 3502 ὡς
2909 3437 3323 3508 ὑπερασπιστὴς
3361 3437 3475 3487 ἐστι
3508 3433 3728 3487 ⁸πάντων

2150 3534 2258 3589 τῶν
2290 3532 2614 3598 ἐλπιζόντων
2647 3533 2735 3585 ἐπ’
2768 3530 2956 3584 αὐτόν·
2996 3529 3093 3583 καὶ
3132 3529 3212 3582 ὅτι
3256 3529 3356 3581 οὐκ
3393 3526 3539 3579 ἐστιν
3572 3526 3729 3589 ἄλλος

2149 3624 2283 3689 Θεὸς
2331 3624 2364 3696 ἢ
2419 3625 2575 3695 μόνος
2608 3624 2636 3676 ὁ
2669 3622 2942 3695 ἡμέτερος
2999 3620 3224 3693 Κύριος,
3259 3619 3366 3674 οὐδ’
3396 3619 3544 3674 ἔστιν
3602 3636 3731 3691 xpu-

2150 3716 2299 3779 ταιὸς
2350 3714 2506 3779 ἄλλος
2535 3712 2569 3784 ἢ
2601 3713 2630 3765 6
2662 3712 2794 3776 Θεὸς
2829 3711 2984 3784 ἡμῶν
3004 3728 3018 3742 ’
3065 3711 3158 3764 καὶ
3190 3711 3278 3765 διὰ
3307 3709 3466 3764 τοῦτο
3503 3711 3732 3774 εἰκότως

2151 3806 2564 3878 ὑπερασπιστὴς
2582 3808 2698 3859 ἐστι
2726 3805 2942 3858 πάντων
2971 3803 3077 3857 τῶν
3098 3803 3420 3868 ἐλπιζόντων
3441 3802 3528 3856 ἐπ’
3545 3804 3730 3865 αὐτὸν,

2155 3899 2379 3971 μηδενὸς
2430 3900 2617 3971 ἐτέρου
2672 3896 3060 3970 εὑρισκομένου
3089 3893 3182 3948 τοῦ
3208 3894 3505 3965 δυναμένου
3542 3895 3733 3966 στῆναι

2150 3993 2288 4065 πρὸς
2316 3991 2568 4046 τοσοῦτον
2593 3992 2689 4044 καὶ
2721 3989 2982 4044 τοιοῦτον.

2246 4106 2298 4157 Ὁ
2346 4102 2489 4169 Θεὸς
2523 4115 2557 4156 o
2601 4099 3006 4170 περιζὶοννύων
3023 4115 3100 4169 με
3140 4096 3415 4164 δύναμιν,
3444 4093 3542 4147 καὶ
3567 4094 3733 4149 ἔθετο

2151 4196 2392 4267 ἄμωμον
2453 4194 2571 4263 τὴν
2642 4193 2787 4247 ὀδόν
2839 4210 2957 4263 μου
2978 4207 2992 4221 ⁸
3046 4188 3532 4258 καταρτιζόμενος
3596 4186 3735 4253 τοὺς

2152 4289 2341 4354 πόδας
2380 4304 2499 4356 μου
2539 4285 2681 4339 ὡσεὶ
2726 4283 2986 4353 ἐλάφων,
3017 4280 3115 4334 καὶ
3166 4279 3265 4333 ἐπὶ
3308 4280 3382 4332 τὰ
3438 4277 3570 4346 ὕψη
3615 4293 3735 4347 μου

2153 4378 2339 4434 ἱστῶν
2365 4396 2461 4449 με.
2520 4378 2634 4431 Οὐκ
2679 4374 2992 4447 ἀπρακτῶν,
3034 4373 3188 4442 φησὶ,
3240 4371 3333 4426 καὶ
3364 4369 3550 4442 ἀργῶν
3602 4384 3733 4441 προ-

2155 4478 2374 4528 ΐσταται
2435 4473 2530 4525 καὶ
2589 4467 2982 4541 ὑπερασπίζει·
3049 4464 3183 4519 ἀλλά
3243 4464 3333 4519 καὶ
3381 4461 3560 4515 αὐτῶν
3601 4477 3737 4531 συμ-

2160 4564 2502 4635 ϐαλλομένων
2568 4564 2632 4633 τῇ
2687 4560 2863 4613 αὐτῶν
2923 4557 3166 4629 σωτηρίᾳ
3228 4553 3316 4608 διὰ
3378 4553 3470 4606 τοῦ
3542 4551 3739 4621 ἀγωνί-

2163 4655 2349 4722 ζεσθαι
2384 4656 2476 4708 καὶ
2522 4654 2648 4715 τοὺς
2679 4652 2903 4722 ἐχθροὺς
2948 4647 3365 4718 καταπολεμεῖν.
3411 4643 3566 4698 Οὕτω
3612 4642 3738 4711 γοῦν

2162 4746 2386 4817 καιὲμὲ
2429 4743 2662 4808 ὁπλίζων
2698 4746 2817 4805 ταῖς
2857 4738 3051 4793 ἑαυτοῦ
3084 4737 3363 4808 δυνάμεσι,
3403 4735 3501 4806 τὴν
3539 4734 3739 4807 θνητὴν

2165 4838 2258 4892 καὶ
2289 4834 2634 4907 ἀνθρωπίνην
2660 4850 2761 4904 μου
2791 4832 2943 4903 ἰσχὺν
2974 4833 3041 4901 τῇ
3073 4826 3235 4883 αὑτοῦ
3266 4826 3447 4898 χάριτι
3476 4824 3737 4895 δυναμοῖ⁶
3826 4868 3833 4873 .

2160 4929 2227 4983 ἶν’
2278 4926 2466 4998 ὥσπερ
2522 4924 2663 4994 ἀνὴρ
2715 4922 2813 4994 τὴν
2853 4922 3029 4991 ’ὀσφὺν
3074 4916 3513 4992 περιεζωσμένος
3553 4914 3654 4986 τὴν
3683 4913 3740 4978 ἐξ

2160 5017 2326 5074 αὐτοῦ
2349 5014 2759 5089 χορηγουμένην
2786 5031 2873 5084 μοι
2894 5013 3121 5083 δύναμιν
3151 5009 3260 5063 στῶ
3277 5007 3411 5079 πρὸς
3431 5006 3559 5070 τοὺς
3584 5004 3738 5060 πολε-

2166 5114 2342 5184 μίους.
2388 5110 2550 5164 Ἀλλὰ
2586 5109 2680 5163 καὶ
2707 5107 2896 5176 ὥσπερ
2919 5106 3133 5176 εἴρηται
3154 5118 3169 5132 ·
3213 5102 3274 5153 '0
3307 5100 3470 5167 Θεὸς,
3503 5096 3740 5168 ἄμωμος

2163 5208 2203 5275 ἢ
2237 5204 2378 5272 ὁδὸς
2421 5202 2630 5258 αὐτοῦ’
2657 5199 2831 5263 οὕτως
2858 5198 2978 5252 κατ’
3004 5196 3186 5249 εἰκόνα
3212 5193 3306 5247 καὶ
3333 5190 3455 5246 καθ’
3483 5190 3739 5261 ὁμοίωσιν

2164 5297 2330 5356 αὑτοῦ
2379 5297 2474 5351 καὶ
2511 5296 2611 5367 ἐμὲ
2654 5292 2973 5364 βουλόμενος
3007 5285 3165 5352 εἶναι,
3187 5286 3281 5341 καὶ
3318 5285 3416 5356 τὴν
3457 5281 3597 5353 ὲμὴν
3625 5278 3738 5334 ὁδὸν

2164 5391 2317 5446 ἔθετο
2367 5389 2617 5461 ἄμωμον,
2646 5382 3013 5446 διδασκαλίαις
3070 5381 3165 5435 καὶ
3215 5375 3599 5450 παραινέσεσιν
3648 5370 3739 5425 xal.

2168 5480 2439 5543 παντοίοις
2475 5476 2759 5549 μαθήμασι
2781 5473 2876 5545 τὴν
2906 5471 3021 5526 ὁδόν
3055 5487 3177 5542 μου,
3201 5466 3444 5522 τουτέστι
3475 5463 3574 5536 τὴν
3598 5462 3738 5534 ζωὴν

2169 5575 2262 5629 καὶ
2294 5573 2384 5626 τὸν
2418 5570 2530 5642 βίον
2565 5570 2792 5641 ἄμωμον
2828 5561 3301 5636 καταρτιζόμενος.
3338 5557 3482 5611 Ἀντὶ
3522 5555 3579 5609 δὲ
3623 5551 3736 5616 τοῦ,

2168 5666 2428 5737 ἄμωμον,
2474 5661 2723 5727 Ἀκύλας,
2768 5659 2997 5715 τέλειον
3050 5656 3149 5726 (ι),
3200 5651 3513 5707 ἐκδέδωκεν.
3544 5643 3738 5702 Ἕτιδδ

562 5898 639 5970 (l)
669 5898 727 5957 In
760 5899 1028 5960 Hebraico
1064 5897 1284 5965 legitur,
1326 5906 1487 5958 :3an
1525 5936 1541 5965 ,
1573 5896 1715 5970 quod
1747 5902 1832 5953 est
1860 5904 2167 5964 petiectam.
