3940 6292
312 357 414 416 181

1487 365 1990 424 COMMENTARIA
2031 368 2095 423 IN
2137 367 2475 425 PSALMOS.

3494 369 3596 426 182

322 477 460 552 πρὸς
506 479 760 549 τούτοις,
808 485 909 539 καὶ
962 486 1102 552 τοὺς
1139 484 1326 552 πόδας
1352 503 1470 555 μου
1511 486 1655 540 ὡσεὶ
1694 486 1933 555 ἐλάφων

2042 487 2208 543 cervis
2239 488 2407 541 multa
2454 489 2508 541 in
2553 486 2754 543 divinis
2796 487 3174 544 instrumentis
3233 488 3499 545 feruntur.
3544 489 3598 545 SI

332 574 748 642 κατηρτίσατο
773 595 783 606 ·
831 581 960 647 περὶ
991 572 1063 632 ὧν
1109 578 1319 647 ἐλάφων
1345 577 1510 642 πολὺς
1540 581 1596 631 ἐν
1623 579 1734 641 τοῖς
1766 578 1928 649 ἱεροῖς

336 667 631 737 πράγμασι
684 667 1033 741 [γράμμασι]
1087 671 1306 741 φέρεται
1342 669 1516 738 λόγος.
1573 669 1695 722 Ἐπὶ
1738 669 1931 739 σχολῆς

339 763 382 816 δ’
414 763 480 817 ἂν
501 780 584 825 τις
601 762 718 815 τῶν
749 764 1116 835 προτεθέντων
1150 763 1428 828 ἐξετάσας,
1473 762 1620 834 εὖροι
1652 763 1718 816 ἂν
1756 761 1933 818 αὐτῶν

343 853 434 908 τὸν
480 853 606 908 νοῦν
650 856 1061 926 ἀναφερόμενον
1107 856 1197 908 ἐπὶ
1252 856 1375 920 τοὺς
1428 854 1613 923 ἁγίους
1657 854 1750 908 τοῦ
1801 853 1931 908 Θεοῦ

340 947 573 1018 ἄνδρας,
609 949 740 1011 τοὺς
792 949 1165 1020 άναιρετικοὺς
1208 949 1406 1011 παντὸς
1459 947 1788 1018 ἐρπυστικοῦ
1843 947 1935 1000 καὶ

344 1039 561 1092 ἰοϐόλον
585 1039 749 1105 ζώου.
789 1041 942 1094 Ἐπεὶ
969 1041 1062 1095 καὶ
1088 1041 1186 1111 τῆς
1209 1041 1406 1109 ἐλάφου
1445 1041 1662 1113 τοιαύτη
1695 1041 1934 1112 πέφυκεν

339 1131 372 1202 ἡ
418 1131 613 1198 φύσις,
675 1132 985 1198 ὀφιοκτόνος
1029 1128 1161 1184 οὖσα
1212 1131 1306 1184 καὶ
1359 1130 1677 1202 ἀναιρετικὴ
1737 1129 1936 1193 παντὸς

339 1225 612 1295 ἑρπετοῦ.
654 1224 1022 1296 ὐρεινοϐατὲς
1058 1223 1114 1277 δὲ
1160 1224 1220 1276 τὸ
1260 1222 1396 1287 ζῶον
1427 1224 1518 1276 καὶ
1550 1222 1826 1294 δρομικὸν,
1861 1222 1935 1286 ὡς

338 1313 442 1366 καὶ
476 1315 526 1366 οἱ
563 1315 714 1382 ἅγιοι
741 1312 831 1365 τοῦ
867 1312 999 1365 Θεοῦ
1032 1313 1098 1366 τά
1128 1313 1239 1366 ἄνω
1269 1312 1611 1376 σκοποῦντες,
1646 1314 1739 1365 καὶ
1766 1311 1838 1382 μὴ
1868 1311 1935 1364 τὰ

341 1405 445 1456 ἐπὶ
480 1405 580 1475 τῆς
606 1405 728 1474 γῆς,
764 1407 857 1458 καὶ
884 1404 950 1457 τὰ
975 1405 1151 1475 ὑψηλὰ
1177 1404 1460 1468 διώκοντες
1477 1445 1490 1467 ,
1527 1404 1675 1474 πόθῳ
1700 1403 1799 1472 τῆς
1829 1403 1936 1455 τῶν

338 1493 600 1565 οὐρανῶν
658 1494 953 1565 βασιλείας.
1001 1495 1110 1566 Τὴν
1147 1496 1279 1566 πρὸς
1339 1497 1464 1558 τοὺς
1514 1495 1701 1562 ἁγίους
1761 1494 1936 1546 τοίνυν

335 1587 651 1658 ὁμοιότητα
707 1587 898 1640 ἑαυτοῦ
951 1589 1043 1640 καὶ
1074 1590 1102 1640 ὁ
1141 1588 1301 1641 Δαυῒδ
1339 1591 1404 1658 τῇ
1440 1586 1532 1640 τοῦ
1577 1585 1706 1639 Θεοῦ
1759 1588 1936 1657 χάριτι

338 1678 677 1749 ἀνατίθησι,
715 1680 890 1747 λέγων
920 1679 1064 1750 ἐξῆςο
1096 1679 1204 1734 Καὶ
1229 1681 1324 1733 ἐπὶ
1360 1680 1431 1733 τὰ
1461 1680 1587 1749 ὕψη
1607 1698 1725 1749 μου
1754 1681 1937 1733 ἱστῶν

332 1789 435 1839 με.
482 1772 547 1824 Εἰ
581 1772 693 1843 γάρ
739 1772 830 1826 καὶ
879 1772 949 1824 τά
999 1772 1229 1843 μάλιστα
1256 1772 1434 1842 ἕτεροι
1466 1772 1746 1826 καθέλκειν
1789 1774 1936 1843 ἡμᾶς

338 1865 438 1915 καὶ
484 1839 876 1928 καταϐιϐάζειν
903 1839 1010 1916 ἐπὶ-
1031 1865 1098 1917 τὰ
1131 1864 1265 1935 βάθη
1295 1839 1388 1918 καὶ
1420 1864 1517 1928 τὰς
1547 1839 1935 1934 κοιλάδας-τῆς
1967 1839 2008 1898 Β

336 1956 550 2018 κακίας
579 1956 877 2024 πειρῶνται
899 1973 911 1986 ·
941 1956 1052 2008 ἀλλ’
1074 1958 1102 2008 ὁ
1131 1957 1260 2020 Θεὸς
1296 1957 1471 2027 ἡμῶν,
1503 1953 1589 2010 οἶά
1614 1973 1698 2020 τις
1732 1957 1934 2024 ἀγωνο-

337 2047 514 2116 θέτης
546 2047 817 2100 διδάσκων
843 2048 987 2117 ἡμᾶς
1017 2048 1255 2116 ἀγαθοὺς
1284 2044 1421 2102 εἶναι
1467 2050 1706 2120 δρομεῖς,
1738 2050 1830 2102 ἐπὶ
1871 2046 1940 2105 τὰ

337 2142 670 2212 κατάλληλα
711 2144 840 2213 ἡμῖν
870 2142 979 2212 ὕψη
1005 2145 1283 2214 παρορμᾷ·
1311 2142 1474 2196 αὑτοῦ
1502 2160 1561 2196 τε
1592 2146 1623 2214 ή
1651 2143 1829 2214 χάρις.
1860 2143 1934 2195 υύ

338 2235 454 2303 γὰρ
489 2233 741 2304 ἡμετέρα
769 2233 996 2304 δύναμις
1025 2235 1236 2304 ἵστησιν
1271 2235 1327 2287 ἐν
1354 2237 1465 2297 τοῖς
1487 2235 1775 2305 ἡμετέροις
1807 2234 1935 2304 ὕψε-

341 2342 428 2376 σι·
501 2324 667 2393 φύσει
715 2324 823 2396 γὰρ
881 2325 1168 2396 ἀνθρώπου
1203 2325 1344 2396 ψυχῇ
1387 2326 1448 2379 τὸ
1493 2327 1740 2398 οὐράνιόν
1790 2328 1935 2380 ἐστιν

337 2417 672 2487 οἰκητήριον
692 2433 706 2446 ο
742 2418 836 2470 καὶ
863 2417 933 2469 τά
961 2419 1075 2469 ἐκεῖ
1100 2415 1207 2488 ὕψη
1246 2419 1345 2469 οὐκ
1393 2417 1668 2489 ἀλλότρια,
1699 2417 1815 2470 ἀλλ’
1855 2419 1934 2470 οἰσ-

343 2511 508 2561 κεῖα’
545 2508 643 2572 διὸ,
690 2508 816 2561 Ἐπὶ
844 2509 918 2562 τὰ
952 2508 1078 2577 ὕψη
1105 2527 1244 2577 μου,
1279 2509 1462 2580 φησὶν,
1485 2509 1668 2563 ἱστῶν⁸
1694 2527 1790 2579 με.

425 2599 738 2652 Alﬁ-damur
785 2599 987 2668 χεῖράς
1034 2618 1154 2668 μου
1199 2603 1285 2665 εἰς
1329 2603 1614 2671 πόλεμον,
1657 2601 1756 2654 καὶ
1795 2601 1935 2654 ἔθου

349 2693 540 2756 τόξω-
561 2693 833 2760 χαλκοῦν
858 2692 1000 2756 τοὺς
1021 2693 1356 2762 βραχίονας
1379 2710 1499 2762 μου
1520 2732 1533 2746 .
1565 2691 1674 2746 Καὶ
1710 2690 1937 2758 ἔδωκάς

336 2805 445 2856 μοι
468 2784 938 2854 ὑπερασπισμὸν
956 2786 1271 2852 σωτηρίας,
1295 2785 1390 2837 καὶ
1413 2785 1450 2852 ή
1480 2784 1648 2849 δεξιά
1667 2799 1783 2838 σου
1801 2783 1866 2838 ἀφ
1880 2802 1940 2837 τ-

340 2879 600 2932 ελάϐετό
643 2896 781 2947 μου.
841 2877 984 2948 Πρὸς
1035 2877 1242 2939 τούτοις
1287 2877 1488 2930 ἅπασιν
1525 2879 1938 2950 ὑπερασπισμὸν

343 2973 632 3044 σωτηρίας
671 2989 758 3042 μοι
792 2971 1048 3036 δέδωκας,
1076 2970 1166 3022 τὸν
1195 2969 1284 3022 σὸν
1325 2970 1452 3024 Υἰὸν
1480 2970 1842 3040 καταπέμψας
1870 2971 1936 3041 τῇ

344 3065 458 3137 [δίᾳ
501 3063 695 3117 ἀσπίδι
747 3061 888 3132 ὑπὲρ
927 3060 1059 3132 ἐμοῦ
1093 3062 1490 3132 μαχησόμενον.
1537 3060 1803 3131 Ἀκριϐῶς
1830 3059 1938 3132 γὰρ

2033 581 2158 654 quis
2188 597 2318 637 vero
2349 598 2446 653 per
2471 584 2641 638 otium
2671 585 3006 655 propositum
3038 597 3413 654 argumentum
3437 604 3598 642 excu-

2033 675 2150 738 tiat,
2174 676 2240 730 ad
2262 684 2483 734 sanctos
2511 676 2603 732 Dei
2633 678 2781 732 viros
2822 693 3126 733 sermonem
3174 689 3419 749 spectare
3446 696 3599 735 com-

2034 768 2225 838 periet,
2259 770 2350 840 qui
2386 778 2667 841 serpentes
2700 787 2890 827 omnes
2929 780 3297 842 venenataque
3347 774 3601 828 animalia

2033 860 2101 914 d'e
2131 859 2309 928 medio
2341 863 2556 917 tollunt.
2581 862 2714 916 Nam
2767 863 2893 918 talis
2937 872 3021 918 est
3056 879 3342 918 cervorum
3383 873 3602 930 natura,

2037 963 2094 1008 ut
2124 964 2407 1025 serpentes
2449 972 2719 1026 omneque
2758 966 3147 1012 venenatorum
3188 971 3358 1028 genus
3395 958 3602 1014 interﬁ-

2034 1050 2200 1104 ciant.
2245 1050 2561 1105 Montanum
2595 1051 2724 1105 item
2767 1050 2969 1104 animal
3003 1057 3085 1104 est
3111 1065 3175 1104 ac
3205 1064 3371 1105 cursu
3400 1052 3554 1105 velox
3583 1068 3599 1103 :

2033 1143 2221 1213 quales
2251 1151 2380 1198 sunt
2412 1159 2627 1214 quoque
2674 1143 2848 1198 sancti
2892 1141 3007 1210 Dei,
3036 1142 3128 1212 qui
3168 1157 3403 1210 superna
3479 1160 3600 1215 spe-

2040 1248 2210 1303 ctant,
2230 1253 2336 1292 non
2369 1244 2605 1302 terrena,
2635 1237 2889 1291 sublimia
2915 1252 3043 1292 vero
3087 1236 3410 1306 quau-itaut;
3442 1237 3606 1305 idque

2035 1345 2099 1384 ex
2135 1344 2244 1382 uno
2276 1329 2428 1399 regni
2464 1319 2708 1384 caelestis
2738 1344 2944 1383 amore.
2979 1327 3107 1380 Eam
3158 1329 3241 1382 sui
3276 1328 3448 1397 ipsius
3479 1344 3606 1382 cum

2036 1421 2241 1476 sanctis
2278 1419 2693 1474 similitudinem
2719 1418 2822 1472 sibi
2859 1415 3050 1480 David,
3074 1416 3248 1486 gratia
3287 1415 3380 1470 Dei
3411 1415 3606 1480 fultus,

2035 1511 2284 1574 ascribit,
2320 1509 2449 1563 dum
2474 1508 2588 1564 bzec
2614 1507 2916 1577 subjungit,
2945 1515 2994 1560 et
3042 1522 3196 1575 super
3235 1505 3442 1559 excelsa
3492 1521 3608 1559 mea

2036 1611 2271 1656 statuens
2307 1618 2405 1655 me.
2435 1600 2552 1655 Etsi
2594 1615 2832 1669 namque
2865 1597 2958 1652 alii
2990 1597 3121 1661 sint,
3173 1596 3266 1666 qui
3296 1613 3396 1651 nos
3428 1597 3481 1650 in
3513 1612 3608 1649 ne-

2035 1693 2222 1766 quitiae
2265 1693 2435 1748 valles
2469 1691 2759 1747 detrahere
2808 1706 2872 1745 ac
2913 1689 3183 1744 abducere
3228 1695 3511 1757 satagant;
3553 1693 3609 1738 at

2039 1786 2182 1841 Deus
2223 1789 2430 1848 noster,
2467 1801 2565 1838 ceu
2605 1783 2827 1853 quidam
2885 1783 3246 1835 certaminum
3296 1778 3606 1849 prml‘ectus,

2037 1894 2161 1933 cum
2189 1893 2290 1932 nos
2330 1875 2572 1931 instituit
2607 1881 2664 1927 ut
2695 1873 2822 1927 boni
2855 1886 3112 1925 cursores
3155 1872 3349 1932 simus,
3374 1871 3439 1923 ad
3472 1885 3607 1923 con-

2036 1967 2283 2040 gruentia
2328 1965 2489 2020 nobis
2533 1964 2746 2018 excelsa
2791 1961 3076 2016 concitat:
3112 1961 3345 2029 idipsum
3386 1965 3610 2030 praestat

2037 2061 2157 2131 ejus
2183 2059 2381 2130 gratia.
2414 2058 2602 2127 Neque
2630 2056 2778 2110 enim
2825 2054 3024 2109 virtute
3065 2061 3254 2108 nostra
3289 2053 3346 2106 in
3374 2052 3610 2108 excelsis

2037 2155 2244 2212 nostris
2295 2151 2686 2207 constituimur
2717 2167 2731 2203 :
2763 2147 3000 2202 hominis
3067 2146 3264 2216 quippe
3309 2146 3502 2198 anima:
3541 2159 3608 2198 ex

2036 2253 2232 2300 natura
2263 2259 2361 2300 sua
2397 2243 2622 2313 caeleste
2653 2242 2993 2295 domicilium
3028 2248 3113 2294 est
3147 2259 3159 2292 :
3191 2246 3353 2307 atque
3389 2237 3607 2292 excelsa

2039 2341 2152 2405 illa,
2183 2353 2291 2392 non
2317 2337 2516 2402 aliena,
2543 2335 2636 2390 sed
2669 2335 2888 2405 propria
2923 2332 3026 2402 ipsi
3069 2339 3226 2397 sunt;
3255 2330 3607 2400 quamobrem

2038 2433 2114 2486 ait
2147 2451 2160 2485 :
2205 2429 2374 2498 Super
2403 2426 2612 2484 excelsa
2639 2442 2754 2480 utea
2785 2433 3022 2479 statuens
3058 2439 3159 2478 me.

2109 2611 2276 2665 Vens.
2304 2609 2394 2674 55,
2426 2607 2512 2662 56.
2535 2606 2639 2673 Qui
2666 2603 2812 2658 docet
2851 2617 3037 2656 manus
3069 2615 3212 2652 meas
3242 2595 3310 2650 ad
3339 2595 3606 2666 pra’lium,

2039 2714 2088 2760 et
2111 2703 2336 2774 posuisti
2365 2708 2422 2754 ut
2448 2715 2631 2754 arcum
2657 2713 2850 2751 cereum
2893 2693 3110 2746 brachia
3144 2707 3281 2746 mea.
3316 2689 3383 2742 Et
3413 2688 3606 2743 dedisti

2040 2798 2168 2852 mihi
2193 2795 2563 2865 protectionem
2593 2790 2806 2851 salutis,
2829 2795 2877 2839 et
2900 2785 3117 2838 dextera
3141 2795 3231 2836 tua
3253 2783 3481 2851 suscepit
3504 2797 3606 2836 me.

2040 2889 2120 2943 Ad
2145 2887 2258 2942 haec
2308 2891 2457 2940 certe
2503 2881 2685 2935 omnia
2723 2877 3118 2949 protectionem
3153 2873 3348 2931 salutis
3379 2873 3609 2943 largitus

2041 2981 2173 3038 mihi
2203 2996 2283 3043 es,
2306 2992 2430 3033 cum
2449 2973 2642 3028 Filium
2668 2979 2821 3024 tuum
2854 2967 3049 3024 misisti
3085 2966 3307 3036 proprio
3333 2979 3458 3018 cum
3482 2978 3612 3017 scu-

2042 3083 2099 3129 to
2122 3088 2220 3144 pro
2250 3071 2424 3125 salute
2465 3081 2585 3123 mea
2634 3071 3024 3136 pugnaturum.
3082 3061 3352 3116 Accurate
3404 3055 3604 3113 etenim

341 3159 672 3228 ἐπιστήσεις
698 3155 749 3206 τί
780 3154 908 3208 ποτέ
926 3155 1120 3235 ὲστιτὸ
1146 3153 1232 3207 διὰ
1261 3154 1441 3224 πάσης
1471 3153 1692 3224 Γραφῆς
1724 3170 1935 3223 προφη-

2043 3169 2226 3223 animo
2283 3160 2590 3235 perpendas
2623 3158 2806 3219 velim,
2858 3154 3126 3226 quodnam
3183 3151 3315 3206 illud
3373 3148 3614 3206 salutare

340 3250 646 3319 τευόμενον
680 3247 944 3318 σωτήριον
963 3244 1058 3297 τοῦ
1087 3244 1220 3297 Θεοῦ
1254 3243 1380 3314 περὶ
1410 3238 1470 3297 οὗ
1502 3245 1595 3296 καὶ
1630 3243 1850 3313 Συμεὼν
1877 3245 1933 3298 ἐν

339 3343 422 3414 τῷ
457 3339 788 3410 Εὑαγγελίῳ
826 3339 1035 3408 ἔλεγεν·
1087 3337 1208 3391 Νῦν
1257 3338 1539 3402 ἀπολύεις
1568 3336 1674 3389 τὸν
1714 3335 1936 3390 δοῦλόν·

343 3452 493 3498 σου,
530 3433 827 3497 Δέσποτα,
862 3429 1010 3483 κατὰ
1045 3429 1110 3481 τὸ
1134 3427 1298 3498 ῥῆμά
1330 3447 1444 3482 σου
1476 3429 1545 3482 ἐν
1572 3427 1812 3496 εἰρήνῃ·
1847 3427 1935 3481 ὅτι

340 3521 518 3577 εἶδον
542 3524 599 3576 οἱ
624 3519 918 3590 ὀφθαλμοί
942 3536 1058 3586 μου
1093 3517 1153 3571 τὸ
1187 3517 1481 3584 σωτήριόν·
1513 3533 1734 3570 σου.-
1755 3517 1862 3569 Καὶ
1902 3516 1934 3583 ἡ

340 3613 521 3678 δεξιά
571 3627 690 3666 σου
736 3609 1092 3665 ἀντελάϐετό
1125 3626 1264 3678 μου.
1310 3609 1460 3679 Τάχα
1502 3609 1648 3672 δεξιὰ
1674 3607 1767 3660 τοῦ
1802 3607 1934 3660 Θεοῦ

340 3697 494 3754 εἶναι
545 3699 767 3754 δύναται
799 3701 856 3752 ἐν
984 3698 1282 3769 ὲστερέωσε
1315 3697 1403 3751 τὸν
1432 3699 1678 3770 οὐρανὸν,
1718 3715 1937 3768 μονογε-

340 3797 444 3868 νὴς
479 3795 674 3862 Λόγος-

413 3888 536 3943 Καὶ
552 3890 593 3956 -ἡ
617 3886 852 3941 παιδεία
871 3899 985 3940 σου
1015 3881 1331 3952 ἀνώρθωσέ
1352 3901 1427 3952 με
1447 3885 1532 3950 εἰς
1562 3883 1754 3948 τέλος,
1780 3885 1876 3938 καὶ
1900 3886 1936 3953 ἡ

339 3981 596 4036 παιδεία
678 3994 794 4034 σου
867 3977 1020 4045 αὐτή
1083 3995 1158 4048 με
1216 3976 1461 4041 διδάξει.
1536 3977 1827 4048 Σύμμαχος
1882 3978 1937 4030 δὲ

341 4074 620 4139 ἐξέδωκεο
659 4071 767 4126 Καὶ
810 4069 878 4125 τὸ
914 4071 1239 4126 ὑπακούειν
1270 4087 1348 4138 με
1380 4067 1634 4134 αὐξήσει
1660 4086 1753 4138 με.
1795 4069 1851 4122 Ὀ
1882 4070 1938 4122 δὲ

353 4167 623 4230 Ἀκύλας·
675 4167 784 4220 Καὶ
837 4165 1169 4235 πραότητός
1219 4179 1336 4219 σου
1391 4161 1700 4231 ἐπλήθυνέ
1730 4180 1805 4231 με
1839 4161 1935 4243 (ι).

351 4259 750 4325 Ἐπλάτυνας
796 4260 870 4313 τὰ
921 4258 1250 4327 διαϐήματά
1307 4276 1426 4327 μου
1480 4255 1758 4312 ὑποκάτω
1797 4274 1934 4325 μου.

341 4355 426 4410 Τά
448 4353 792 4424 διαδήματα,
827 4351 948 4405 καθ’
983 4351 1017 4406 ἃ
1049 4354 1112 4404 ἐκ
1141 4351 1336 4413 κακίας
1372 4351 1450 4412 εἰς
1495 4349 1714 4420 ἀρετὴν,
1754 4349 1846 4402 καὶ
1880 4347 1940 4412 ἐξ

339 4446 634 4518 αἰσθητῶν
681 4449 772 4500 ἐπὶ
819 4446 1006 4517 νοητά,
1037 4448 1131 4500 καὶ
1179 4447 1286 4499 ἀπὸ
1312 4444 1404 4498 τοῦ
1439 4445 1703 4516 παρόντος
1741 4447 1819 4508 εἰς
1847 4444 1938 4498 τὸν

2037 3257 2134 3313 Dei
2169 3256 2260 3318 sit,
2288 3255 2342 3308 in
2373 3252 2542 3306 totius
2583 3247 2879 3316 Scripturze
2919 3241 3190 3298 vaticiniis
3238 3237 3612 3310 prazdicatum,

2037 3351 2104 3405 de
2137 3363 2244 3419 quo
2268 3345 2486 3399 Simeon
2509 3343 2562 3395 in
2598 3338 2894 3407 Evangelio
2917 3334 2992 3388 ait
3018 3353 3031 3389 :
3060 3332 3216 3385 Nunc
3245 3328 3476 3384 dimittis
3502 3342 3614 3379 ser-

2036 3458 2156 3497 vum
2183 3451 2349 3502 tuum,
2384 3435 2624 3498 Domine,
2650 3430 2934 3488 secundum
2964 3425 3171 3481 verbum
3196 3432 3342 3476 tuum
3367 3421 3425 3474 in
3451 3433 3578 3488 pace
3596 3432 3615 3469 :

2037 3533 2160 3602 quia
2184 3529 2420 3584 uiderunt
2446 3524 2586 3578 oculi
2621 3523 2722 3577 mei
2753 3521 2987 3575 salutare
3013 3527 3159 3570 tuum
3184 3516 3258 3567 ⁷⁵.
3281 3543 3352 3554 —-
3381 3509 3451 3565 Et
3484 3509 3615 3563 dea:-

2039 3635 2149 3678 lera
2173 3633 2266 3676 tua
2298 3619 2523 3688 suscepit
2555 3632 2655 3670 me.
2692 3614 2923 3669 Dextera
2963 3608 3056 3663 Dei
3077 3625 3140 3663 ea
3169 3607 3404 3660 fortasse
3426 3602 3612 3667 fuerit,

2037 3732 2145 3788 qua
2197 3713 2431 3768 ﬁrmavit
2459 3710 2683 3773 coelum,
2712 3707 2921 3762 scilicet
2973 3700 3314 3772 unigenitum
3345 3695 3609 3751 Verbum.

2108 3887 2275 3941 Vens.
2309 3885 2398 3939 57.
2444 3882 2511 3937 Et
2540 3881 2821 3950 disciplina
2865 3888 2957 3931 tua
2981 3875 3208 3930 correxit
3235 3890 3314 3927 me
3346 3873 3401 3926 in
3436 3872 3616 3942 ﬁnem,

2037 3989 2086 4032 et
2112 3976 2399 4045 disciplina
2433 3985 2525 4026 tua
2551 3973 2665 4038 ipsa
2692 3987 2772 4024 me
2795 3967 3017 4022 docebit.
3043 3962 3403 4036 Symmachus
3423 3959 3618 4025 edidit,

2037 4083 2085 4127 et
2116 4069 2254 4142 quod
2299 4066 2551 4123 exaudiat
2595 4082 2677 4119 me
2709 4078 3008 4118 accrescere
3059 4077 3139 4114 me
3196 4057 3395 4128 faciet;
3424 4055 3618 4124 Aquila

2037 4179 2191 4228 vero,
2223 4170 2272 4217 et
2312 4157 2715 4215 mansuetudine
2743 4168 2837 4212 tua
2870 4155 3086 4224 replevit
3129 4169 3229 4206 me.
3261 4181 3330 4190 —
3363 4146 3621 4204 Dilatasti

2039 4272 2249 4329 gressus
2297 4270 2438 4308 meos
2469 4251 2653 4306 subtus
2682 4266 2782 4304 me.
2827 4247 3062 4303 Gressus
3091 4245 3321 4306 scilicet,
3364 4240 3520 4312 queis
3549 4253 3617 4292 ex

2040 4347 2283 4418 nequitia
2308 4346 2373 4400 ad
2405 4345 2687 4405 virtutem,
2727 4357 2795 4396 ex
2825 4337 3185 4395 sensibilibus
3211 4335 3278 4390 ad
3302 4331 3620 4404 intelligibi-

2041 4439 2136 4503 lia,
2160 4453 2190 4491 a
2214 4435 2470 4508 praesenti
2501 4433 2568 4488 ad
2599 4431 2844 4486 futurum
2876 4428 3136 4485 saeculum
3167 4425 3518 4493 transmigro,
3543 4420 3622 4475 di-

343 4542 628 4614 μὲλλοντα
653 4541 823 4593 αἰῶνα
857 4539 1136 4602 διαδαίνω,
1175 4537 1476 4602 ὶπλάτυνας
1523 4537 1780 4590 ὑποκάτω
1810 4553 1936 4607 μου*

2047 4530 2233 4585 iatasti
2263 4529 2458 4584 subtus
2488 4541 2576 4581 me
2608 4543 2622 4579 :
2652 4523 2745 4594 qui
2767 4522 2901 4576 mihi
2939 4521 3006 4574 ab
3028 4519 3185 4574 initio
3217 4515 3437 4587 angusti
3463 4521 3517 4568 et
3538 4526 3622 4565 ar-

341 4635 472 4690 κατ’
526 4632 706 4704 ἀρχάς
756 4632 864 4702 γάρ
912 4631 1071 4684 στενὰ
1108 4632 1201 4686 καὶ
1252 4631 1485 4684 ἐπίπονα
1533 4629 1829 4700 φαινόμενα
1862 4628 1938 4698 τῷ

339 4730 448 4800 τὴν
516 4725 884 4795 τεθλιμμένην
932 4724 1135 4777 ὁδεύειν
1165 4723 1313 4778 ὁδόν·
1354 4723 1609 4794 ὑπεράνω
1651 4722 1831 4776 αὐτῶν
1871 4725 1936 4794 τῇ

343 4820 613 4893 προκοπῇ
659 4817 1042 4888 γεγενημένος,
1097 4816 1462 4869 πλατυνθέντα
1513 4815 1653 4870 αὐτὰ
1708 4815 1937 4868 ἐθεασά-

347 4933 488 4986 μην.
535 4915 600 4965 '0
628 4913 736 4983 γὰρ
779 4909 1038 4981 ἀνωτέρω
1068 4908 1176 4962 τῶν
1226 4909 1516 4980 προκοπῶν
1556 4907 1937 4980 γεγενημένος,

342 5007 429 5077 τῷ
461 5006 558 5060 ἐπὶ
591 5005 740 5067 τέλος
767 5003 1082 5073 ἐφθακέναι,
1116 5003 1298 5055 οὐκέτι
1346 5001 1591 5056 αῖσθεται
1629 5001 1728 5072 τῆς
1762 5000 1940 5054 στενό-

345 5115 539 5168 τητος,
588 5097 696 5150 τῶν
735 5096 911 5151 πόνων
943 5097 1036 5149 καὶ
1065 5095 1300 5167 ἱδρώτων
1338 5094 1446 5148 τῶν
1477 5095 1570 5146 ἐπὶ
1599 5097 1715 5158 ταῖς
1741 5110 1942 5164 προκο-

353 5191 506 5253 παῖς,
526 5191 586 5241 ὲν
616 5187 926 5258 εὐρυχωρία
952 5187 1336 5257 γεγενημένος.
1365 5183 1473 5238 Καὶ
1501 5186 1611 5237 οὐκ
1638 5183 1941 5251 ἠσθένησε

355 5281 429 5335 τὰ
458 5281 606 5361 ζχνη
659 5299 796 5349 μου.
862 5280 924 5332 Εἰ
971 5277 1232 5350 διηνεκῶς
1281 5280 1338 5331 ὲν
1369 5277 1447 5348 τῷ
1481 5280 1661 5330 πονεῖν
1705 5276 1937 5340 ἐτέλουν,

361 5372 463 5426 κᾶν
487 5372 758 5444 ἠσθένησε
785 5371 855 5425 τὰ
887 5373 1164 5443 ἰχνη.μου,
1199 5371 1444 5424 τουτέστι
1476 5369 1570 5423 τοῦ
1595 5370 1702 5424 ἔσω
1729 5369 1940 5441 ἀνθρω-

363 5481 462 5518 mu
512 5465 585 5518 τά
634 5464 836 5534 σκέλη·
874 5463 1062 5534 ἐπειδὴ
1114 5463 1249 5535 μετὰ
1273 5463 1397 5528 τοὺς
1430 5463 1568 5533 ὑπὲρ
1606 5463 1807 5533 ἀρετῆς
1840 5478 1940 5514 κα·-

431 5623 477 5654 ⁷⁵
501 5621 634 5677 Luc.
669 5638 730 5687 ιι,
763 5620 856 5684 29,
887 5620 976 5674 50.

2045 4622 2138 4678 dui
2171 4621 2272 4677 visi
2303 4627 2453 4683 sunt,
2476 4617 2620 4689 quod
2649 4618 2704 4670 in
2747 4623 2896 4669 arcta
2943 4611 3251 4668 incederem
3277 4610 3396 4674 via;
3435 4604 3529 4660 sed
3563 4605 3618 4658 in

2045 4729 2339 4787 progressu
2368 4711 2620 4782 superior
2658 4709 2768 4763 illis
2806 4706 3054 4769 eﬁ‘ectus,
3082 4704 3338 4759 dilatatos
3371 4698 3622 4753 animad-

2045 4805 2206 4862 verti.
2244 4802 2378 4858 Nam
2404 4803 2496 4872 qui
2521 4800 2670 4856 omni
2709 4799 2956 4870 profectu
2991 4797 3242 4869 superior
3264 4793 3459 4856 evasit,
3484 4801 3538 4846 et
3567 4790 3623 4844 ﬁ-

2048 4914 2172 4954 nem
2201 4897 2403 4966 attigit,
2435 4896 2489 4949 in
2527 4895 2639 4948 lato
2669 4893 2848 4964 spatio
2877 4891 3166 4954 deductus,
3201 4885 3506 4956 angustiam
3550 4883 3618 4936 il-

2049 4992 2178 5054 lam,
2218 4988 2455 5050 labores,
2488 4985 2741 5048 sudores.
2781 4999 2920 5054 quos
2952 4984 3008 5036 in
3061 4979 3308 5051 profectu
3356 4983 3622 5045 expertus

2048 5090 2185 5146 erat,
2223 5098 2330 5136 non
2363 5080 2503 5134 ultra
2532 5078 2718 5135 sentit.
2755 5077 2822 5130 Et
2851 5093 2953 5130 non
3001 5083 3124 5130 sunt
3163 5072 3436 5141 inﬁrmata
3465 5071 3620 5126 vesti.-

2047 5176 2137 5247 gia
2166 5191 2300 5230 mea.
2327 5173 2442 5229 Etsi
2475 5174 2533 5228 in
2563 5173 2824 5227 diuturno
2863 5168 3048 5222 labore
3093 5171 3363 5228 versatus,
3394 5163 3621 5232 vestigia

2049 5285 2192 5333 mea,
2216 5268 2267 5322 id
2292 5276 2394 5335 est,
2438 5282 2600 5322 crura
2637 5262 2915 5319 interioris
2945 5257 3204 5321 hominis,
3233 5256 3505 5310 inﬁrmata
3533 5270 3622 5309 es-

2051 5373 2204 5432 sent;
2231 5365 2363 5436 quia
2398 5372 2596 5416 tamen
2628 5361 2845 5414 labores
2871 5355 3088 5412 virtutis
3117 5369 3282 5411 causa
3333 5359 3622 5421 susceptos

2048 5459 2204 5533 quies
2224 5457 2446 5527 excipit,
2493 5469 2604 5509 non
2659 5451 3029 5516 inﬁrmantur,
3081 5447 3176 5504 sed
3227 5443 3623 5501 conﬁrmantur

432 5784 509 5855 (tt
547 5781 606 5834 In
641 5777 914 5834 Hebraico
956 5777 1249 5849 exemplari
1296 5775 1692 5848 legitur-tamn
1734 5781 1942 5855 1:113:11,
1975 5771 2229 5843 quodest
2273 5775 2343 5824 ut
2372 5767 2541 5839 probe
2595 5764 2980 5837 Hieronymus,
3010 5761 3077 5817 Et
3124 5756 3466 5816 mansuetudo
3527 5763 3621 5811 tua

365 5854 732 5928 maniplicartt
770 5865 870 5903 me.
1365 5877 1372 5883 -
