3940 6292
424 313 532 375 185

1074 312 1345 372 susssu
1382 298 1863 375 cassantusns
1899 318 2051 377 opp.
2096 317 2275 379 mss
2338 320 2423 380 ιιι.
2454 354 2521 366 .-
2565 321 2971 382 EXEGETICA.

3577 321 3680 379 184

423 427 655 502 vestigia
690 442 833 493 mea,
864 427 939 483 ita
990 436 1053 485 ut
1086 430 1271 488 dicere
1318 433 1485 490 liceat
1520 453 1533 491 :
1572 433 1641 489 Et
1674 437 1914 491 statuisti
1946 439 1991 492 in

2104 439 2308 510 μάτους
2345 442 2632 498 ἀνάπαυλα
2650 442 2970 515 διαδέχεται,
2998 442 3098 497 οὐκ
3123 441 3360 506 ἀσθενεῖ,
3383 440 3496 496 ἀλλ’
3524 443 3685 514 ίσχυ-

422 520 538 575 loco
584 522 814 589 spatioso
852 517 1007 588 pedes
1051 523 1280 577 meos".
1316 520 1432 580 lmo
1487 539 1617 582 vero
1665 527 1761 597 qui
1812 523 1999 583 Jesum

422 613 691 683 sequitur,
728 611 973 683 vestigiis
1006 613 1128 684 ejus
1168 614 1375 671 insistit
1407 635 1419 670 :
1452 617 1711 688 quoniam
1769 619 1824 673 in
1856 620 1942 674 via
1967 634 1997 675 a

416 700 545 758 Jesu
566 701 788 761 Christo
809 705 938 758 trita
972 711 1027 760 et
1058 704 1403 776 frequentata
1436 710 1804 781 progreditur,
1840 710 1996 765 ﬁrma

417 794 685 865 imprimit
722 796 972 867 vestigia,
1007 795 1082 850 ita
1117 805 1175 852 ut
1195 800 1279 856 vel
1314 800 1434 873 ipso
1449 816 1614 873 opere
1636 802 1751 857 baac
1785 798 1995 857 vocife-

415 892 569 942 retur
600 905 614 942 :
646 886 706 942 In
736 891 989 962 angustia
1012 905 1383 948 aerumnarum
1434 911 1537 950 non
1568 903 1691 949 sunt
1722 894 1995 964 inﬁrmata

415 979 633 1049 vestigia
662 996 800 1035 mea.

486 1070 654 1129 Vsus.
682 1073 771 1130 '58.
806 1074 1105 1152 Persequar
1135 1080 1374 1136 inimicas
1406 1099 1547 1137 meos
1573 1076 1622 1137 et
1655 1085 1992 1155 comprehen-

415 1164 541 1220 dam
579 1167 721 1232 illos,
743 1179 921 1225 etnon
951 1183 1225 1228 convertar
1243 1172 1405 1227 donec
1442 1160 1710 1243 deﬁciant.
1743 1174 1993 1249 Confrin-

413 1268 537 1327 gam
570 1258 714 1323 illos,
746 1275 840 1315 nec
886 1272 1129 1330 poterunt
1176 1273 1342 1331 stare,
1385 1264 1571 1320 cadent
1625 1265 1804 1322 subtus
1837 1268 1992 1337 pedes

415 1346 577 1404 meos.
618 1348 763 1416 Quot
804 1362 1151 1426 quantosque
1202 1355 1478 1423 inimicos,
1514 1357 1821 1427 opitulante
1856 1359 1989 1426 Deo,

415 1443 725 1512 superavit!
758 1442 826 1497 Et
858 1443 962 1501 hoc
999 1445 1157 1512 mihi,
1205 1446 1409 1517 inquit,
1446 1446 1573 1503 boni
1631 1463 1725 1519 per
1759 1449 1991 1521 gratiam

413 1548 564 1588 tuam
596 1549 921 1593 concessum
947 1545 1053 1603 est,
1086 1547 1146 1593 ut
1176 1537 1341 1609 pedes
1368 1539 1474 1594 mei
1510 1553 1621 1594 non
1644 1548 1993 1596 coarctaren-

413 1633 525 1690 tur,
554 1642 731 1698 neque
759 1629 970 1684 retibus
1002 1628 1473 1695 inimicorum,vel
1507 1629 1849 1687 oﬂ‘endiculis
1872 1648 1992 1702 qure

412 1718 727 1787 obiecerant
756 1721 1130 1793 interciperer.
1160 1723 1258 1779 His
1278 1723 1478 1800 quippe
1508 1724 1762 1780 omnibus
1789 1739 1887 1796 per
1915 1732 1990 1792 te,

2105 535 2402 602 ροποιεῖται
2428 534 2496 589 τὰ
2530 534 2648 607 ι’χνη
2685 552 2809 606 μου,
2834 534 2965 588 ὥστ’
2999 533 3064 589 ἃν
3096 535 3303 588 εἰπεῖν*
3348 533 3458 588 Καὶ
3499 532 3679 602 ἕστη-

2101 637 2219 691 σας
2258 625 2328 679 ἐν
2373 625 2687 696 εὐρυχώρῳ
2744 626 2887 694 τοὺς
2925 626 3115 693 πόδας
3144 643 3283 696 μου.
3331 624 3490 679 Ἀλλὰ
3520 624 3617 678 καὶ
3645 626 3681 680 ὁ

2113 710 2285 785 Ἰησοῦ
2319 713 2579 785 ἑπόμενος
2623 712 2976 768 ἐπακολουθεῖ
3004 716 3116 776 τοῖς
3154 712 3354 784 ἴχνεσιν
3387 709 3582 764 αὐτοῦ’
3615 709 3678 776 ἐξ

2097 804 2261 859 αὐτοῦ
2307 803 2401 858 τοῦ
2452 808 2642 860 πατεῖν
2671 807 2769 878 τὴν
2800 804 3164 880 τετριμμένην
3205 802 3309 857 ὑπὸ
3348 798 3522 873 Ἰησοῦ
3556 798 3678 853 ὁδὸν

2100 898 2295 971 ισχυρὰ
2313 900 2506 953 κτᾶται
2526 899 2592 953 τὰ
2615 898 2722 953 ἴδια
2744 899 2884 970 ἴχνη,
2900 897 2976 962 ὡς
3001 897 3147 970 ἔργῳ
3167 896 3329 967 φάναι
3343 897 3494 950 Ὀὐκ
3504 894 3685 963 ἠσθέ·

2095 1003 2249 1056 νησε
2262 987 2336 1042 τὰ
2352 987 2493 1061 ἴχνη
2508 1009 2624 1065 μου
2657 993 2715 1045 ὲν
2743 993 2807 1063 τῇ
2845 988 3173 1062 στενοχωρίᾳ
3203 989 3302 1060 τῆς
3350 986 3602 1059 θλίψεως.

2164 1081 2517 1148 Καταδιώξω
2559 1082 2702 1150 τοὺς
2748 1083 3002 1153 ἐχθρούς
3026 1099 3147 1152 μου
3176 1081 3277 1135 καὶ
3323 1079 3675 1149 καταλήψοο

2090 1190 2198 1244 μαι
2254 1175 2497 1242 αὐτοὺς,
2527 1176 2623 1230 καὶ
2691 1177 2802 1229 οὐκ
2849 1171 3393 1244 ἀποστραφήσομαι
3441 1172 3553 1240 ἕως
3598 1171 3678 1226 ἂν

2092 1267 2474 1323 ἐκλείπωσιν.
2520 1266 2824 1336 Ἐκθλίψω
2857 1266 3081 1333 αὐτοὺς
3118 1265 3221 1319 καὶ
3249 1266 3319 1320 οὐ
3338 1264 3425 1336 μὴ
3453 1263 3677 1319 δύνων-

2095 1374 2185 1413 ται
2209 1357 2447 1428 στῆναι,
2467 1359 2801 1413 πεσοῦνται
2837 1356 2956 1412 ὑπὸ
2988 1357 3131 1424 τοὺς
3160 1356 3351 1425 πόδας
3386 1375 3529 1427 μου.
3563 1355 3675 1411 Καὶ

2092 1448 2232 1502 ὅσων
2271 1447 2480 1520 ἐχθρῶν
2528 1450 2621 1503 xui.
2671 1432 2945 1520 πολεμίων
2978 1449 3298 1520 περιγέγονε
3339 1447 3429 1502 διὰ
3452 1449 3551 1520 τῆς
3575 1447 3673 1503 τοῦ

2092 1539 2228 1594 Θεοῦ
2262 1538 2549 1612 βοηθείαςι
2577 1540 2689 1594 Καὶ
2720 1539 2878 1592 τοῦτο
2921 1538 2979 1591 δέ
3011 1557 3122 1611 μοι,
3154 1541 3336 1611 φησιν,
3372 1539 3525 1614 παρὰ
3573 1540 3675 1611 τῆς

2094 1633 2191 1704 σῆς
2228 1632 2453 1704 χάριτος
2470 1631 2699 1703 ὑπῆρξε,
2727 1631 2788 1685 τὸ
2817 1630 2893 1704 μὴ
2915 1631 3383 1704 στενοχωρηθῆναί
3412 1650 3515 1704 μου
3546 1633 3675 1697 τοὺς

2094 1726 2279 1789 πόδας,
2308 1725 2402 1779 καὶ
2451 1723 2513 1778 τὸ
2566 1724 2639 1795 μὴ
2690 1723 2927 1788 δικτύοις
2976 1724 3083 1778 τῶν
3130 1724 3360 1797 ἐχθρῶν,
3419 1725 3512 1779 καὶ
3563 1727 3676 1788 τοῖς

412 1804 555 1863 Deus
595 1824 770 1875 meus,
807 1810 1027 1877 amotis,
1068 1811 1297 1867 liberam
1341 1794 1670 1884 plenamque
1700 1788 1833 1867 mibi
1862 1829 1988 1868 mu-

2098 1788 2410 1882 σκανδᾶλοις
2437 1788 2671 1881 τοῖς-ὑπ’
2701 1815 2878 1870 αὐτῶν
2918 1788 3383 1889 προϐεϐλημένοις
3436 1834 3675 1888 περιπα-

411 1897 562 1953 niisti
597 1900 760 1956 viam.
784 1900 920 1956 Illud
942 1910 1146 1968 autem,
1177 1900 1381 1958 Cadent
1409 1903 1594 1959 subtus
1631 1904 1783 1975 pedes
1824 1921 1984 1972 meos,

411 2004 653 2047 consona
684 1994 1004 2065 prophetico
1044 1995 1262 2066 spiritui
1317 1997 1768 2067 interpretatione
1813 1997 1988 2054 dona-

413 2082 520 2148 bis,
555 2083 603 2140 si
629 2087 948 2143 memineris
974 2088 1120 2143 illam
1155 2088 1460 2145 Salvatoris
1493 2090 1560 2147 ad
1592 2092 1872 2161 apostolos
1907 2090 1990 2147 fa-

413 2184 558 2229 ctam
597 2177 1041 2247 promissionem,
1076 2194 1183 2250 qua
1227 2180 1363 2235 dicit
1394 2180 1505 2236 illis
1539 2199 1552 2234 :
1593 2180 1724 2236 Ecce
1748 2183 1816 2238 do
1846 2179 1991 2239 vobis

409 2274 724 2334 potestatem
758 2268 1004 2323 calcandi
1029 2284 1193 2340 supra
1228 2269 1492 2341 serpentes
1516 2281 1565 2326 et
1591 2274 1916 2344 scorpiones,
1940 2283 1989 2329 et

409 2377 564 2429 super
590 2377 792 2416 omnem
822 2365 1065 2416 virtutem
1088 2363 1290 2416 inimici
1324 2362 1395 2418 ⁷⁷.

2094 1903 2271 1977 Ρῆναι·
2307 1903 2492 1959 Ταῦτα
2523 1903 2629 1976 γὰρ
2664 1903 2842 1958 πάντα
2881 1900 3146 1977 περιελὼν
3196 1906 3260 1960 σὺ
3289 1906 3450 1970 αὐτὸς
3482 1907 3510 1958 ὁ
3539 1906 3679 1971 Θεός

2092 2014 2215 2068 μου,
2250 1994 2458 2068 ὁμαλὴν
2507 1997 2821 2068 κατηρτίσω
2871 2016 2972 2070 μου
3035 1999 3135 2069 τὴν
3181 1998 3433 2069 πορείαν.
3473 1999 3549 2053 Τὸ
3591 1999 3672 2065 δὲ,

2091 2087 2425 2143 Πεσοῦνται
2459 2087 2580 2142 ὑπὸ
2611 2088 2752 2154 τοὺς
2782 2090 2974 2157 πόδας
3003 2107 3145 2160 μου,
3181 2091 3396 2161 νοήσεις
3437 2090 3677 2158 ἐπαξίως

2091 2179 2184 2234 τοῦ
2236 2179 2573 2252 προφητικοῦ
2624 2179 2955 2251 πνεύματος,
2982 2180 3082 2251 τῆς
3114 2179 3208 2235 τοῦ
3237 2181 3489 2252 Σωτῆρος
3539 2180 3675 2253 πρὸς

2094 2271 2219 2336 τοὺς
2265 2271 2599 2336 ἀποστόλους
2645 2270 2977 2340 ἐπαγγελίας
3039 2271 3300 2344 μνησθεὶς
3331 2271 3397 2326 δι’
3433 2268 3503 2347 ἧς
3539 2271 3675 2344 πρὸς

2095 2363 2292 2427 αὐτοὺς
2323 2361 2508 2431 ἔλεγεν
2523 2378 2536 2391 ·
2574 2358 2727 2416 Ἰδοὺ
2750 2360 2958 2432 δίδωμι
2980 2361 3123 2433 ὑμῖν
3146 2362 3439 2429 ἐξουσίαν
3466 2362 3676 2420 πατεῖν

407 2450 608 2506 ἐπάνω
652 2453 846 2522 ὄφεων
884 2455 983 2510 καὶ
1027 2457 1352 2524 σκορπίων,
1385 2457 1483 2511 καὶ
1514 2458 1614 2511 ἐπὶ
1645 2455 1853 2513 πᾶσαν
1883 2457 2142 2525 δύναμιν
2176 2454 2283 2510 τοῦ
2315 2454 2554 2526 ἐχθροῦ.

478 2540 646 2603 Vens.
672 2548 763 2604 40.
788 2547 856 2602 Et
876 2550 1208 2618 prazcinzisti
1231 2568 1311 2605 me
1341 2552 1533 2607 uirtute
1553 2552 1622 2606 ad
1645 2551 1860 2618 bellum,
1890 2552 1993 2607 im-

409 2638 651 2709 pedivisti
684 2658 861 2696 omnes
896 2644 1226 2714 insurgentes
1272 2645 1329 2699 in
1375 2661 1478 2708 me,
1534 2643 1717 2699 subtus
1775 2660 1875 2698 me.
1906 2643 1992 2698 Me

409 2731 656 2800 quidem,
708 2733 808 2797 ait,
842 2733 1044 2789 virtute
1084 2749 1150 2789 ac
1190 2733 1512 2791 fortitudine
1553 2735 1849 2791 roborasti.
1886 2733 1991 2801 Qui

413 2822 667 2893 superius
691 2824 928 2890 dixerat,
964 2824 1107 2881 Deus
1138 2828 1230 2894 qui
1252 2826 1523 2898 prwcingit
1560 2842 1641 2881 me
1668 2825 1878 2890 virtute,
1903 2825 1992 2880 hic

415 2916 725 2972 absolutum
759 2931 898 2987 opus
940 2932 1064 2974 esse
1100 2917 1308 2972 indicat
1341 2917 1425 2975 his
1455 2917 1658 2985 verbis,
1680 2924 1731 2971 et
1775 2916 1995 2988 prtecin-

412 3008 544 3063 zisti
578 3024 657 3063 me
685 3008 878 3063 uirtute
906 3008 975 3062 ad
1020 3008 1236 3075 bellum,
1268 3019 1317 3064 et
1358 3008 1603 3064 inimicos
1634 3026 1773 3063 meos
1798 3008 1994 3065 dedisti
2019 3034 2061 3092 ο

411 3103 540 3159 mihi
569 3102 860 3169 darsum,ii
884 3104 1092 3159 scilicet
1116 3104 1436 3176 paenitentia
1467 3103 1617 3159 ducti
1647 3102 1991 3158 inimicitiam

411 3195 833 3267 deposuerunt;
861 3192 954 3264 qui
982 3208 1106 3248 cum
1141 3194 1260 3257 illa,
1291 3208 1415 3264 qua:
1452 3207 1517 3247 ex
1548 3193 1753 3250 virtute
1789 3194 1989 3259 oritur,

416 3287 614 3344 ﬁducia
639 3295 891 3359 expertes
913 3298 1120 3351 essent,
1145 3302 1176 3341 a
1208 3286 1373 3343 Patre
1400 3286 1457 3342 in
1491 3286 1717 3343 dorsum
1739 3285 1870 3343 Jesu
1893 3303 1994 3358 po-

413 3380 509 3434 siti
558 3380 831 3444 sunt;sic
889 3380 1033 3435 enim
1065 3390 1215 3434 retro
1264 3378 1573 3442 constituti,
1601 3378 1781 3449 ipsum
1835 3377 1992 3449 sequi

410 3472 694 3527 valebunt.
748 3469 1026 3528 Fortassis
1080 3481 1266 3528 autem
1319 3473 1435 3527 haec
1484 3470 1615 3525 dicti
1674 3470 1991 3542 hujusmodi

413 3562 685 3618 sententia
734 3562 901 3637 luerit
928 3582 941 3618 :
972 3562 1068 3619 Vir
1095 3571 1356 3624 strenuus
1377 3572 1431 3620 et
1466 3566 1691 3637 probus,
1723 3565 1818 3635 qui
1848 3565 1990 3620 lida-

412 3654 498 3708 cia
529 3670 658 3726 erga
696 3654 866 3711 Deum
892 3657 1194 3713 instructus
1216 3666 1320 3724 est,
1355 3658 1412 3712 in
1441 3665 1738 3728 conspectu
1774 3657 1989 3713 Domini

416 3747 668 3803 consistit
696 3766 710 3802 :
747 3753 804 3802 at
824 3746 1109 3819 improbus
1146 3756 1453 3804 retrorsum
1479 3749 1701 3804 malitiae
1726 3764 1839 3804 sum
1857 3762 1992 3802 cau-

417 3854 476 3894 sa
503 3839 734 3910 ejectus,
760 3855 904 3911 pone
947 3838 1237 3896 Dominum
1265 3855 1296 3895 a
1330 3840 1496 3897 dorso
1524 3850 1777 3911 ponetur.
1805 3840 1990 3908 Quan-

416 3931 708 4002 doquidem
732 3931 878 3987 enim
900 3933 1007 3991 insi
1036 3933 1294 4005 improbi,
1324 3934 1535 4003 priores
1569 3934 1649 3989 illi
1681 3940 1834 4004 terga
1865 3948 1990 3988 ver-

418 4028 556 4086 tere,
606 4036 718 4075 non
766 4022 979 4078 vultum
1027 4038 1223 4091 suum;
1290 4023 1408 4094 ipse
1461 4038 1680 4095 quoque
1739 4022 1989 4079 homines

418 4118 725 4176 aversatus,
752 4127 783 4166 a
811 4124 963 4184 tergo
984 4112 1414 4180 babeliit.rQuod
1444 4112 1494 4168 si
1529 4112 1718 4185 justus
1758 4112 1989 4185 quilibet

418 4202 819 4274 baecprol‘erat,
862 4204 990 4275 jure
1036 4203 1211 4270 dicas,
1260 4205 1539 4276 improbas
1585 4212 1906 4276 potestates,
1940 4203 1989 4259 si

418 4290 636 4363 quidem
659 4292 715 4347 in
745 4301 1101 4364 conspectum
1132 4294 1375 4361 veniant,
1403 4296 1680 4349 intuentes
1710 4309 1769 4348 se
1792 4292 1864 4349 ob
1887 4291 1985 4347 de-

2169 2548 2280 2606 Kai
2308 2548 2666 2620 neptéfwadc
2690 2565 2768 2620 με
2795 2547 3053 2622 δύναμιν
3078 2552 3167 2618 είς
3195 2552 3482 2621 πόλεμον,
3535 2565 3682 2606 σνν-

2094 2642 2381 2709 επόδισας
2431 2642 2663 2708 πάντας
2709 2643 2844 2711 τοὺς
2889 2642 3402 2713 ἐπανισταμένους
3436 2642 3532 2696 ἐπ’
3574 2638 3682 2713 ea}

2095 2732 2371 2789 ὑποκάτω
2396 2753 2531 2805 μου.
2587 2736 2740 2807 Ἐμοὶ
2775 2735 2893 2808 μὲν,
2927 2736 3113 2807 φησὶν,
3142 2735 3394 2807 ἀνδρείαν
3419 2735 3686 2808 ἐδωρήσω

2096 2827 2192 2880 καὶ
2241 2825 2451 2899 ῥώμην.
2489 2826 2673 2883 Είπὼν
2706 2828 2993 2900 ἀνωτέρωσ
3031 2829 3093 2882 ‘0
3133 2828 3277 2896 Θεὸς
3319 2830 3353 2882 ὁ
3410 2825 3683 2896 περιζων-

2095 2918 2257 2973 νύων
2279 2924 2357 2990 με
2384 2918 2660 2990 δύναμιν,
2693 2919 2927 2975 ἐνταῦθα
2955 2919 3049 2974 καὶ
3081 2919 3172 2973 τοῦ
3200 2919 3361 2990 ἔργου
3389 2918 3450 2973 τὸ
3479 2918 3682 2973 ἀποτέ-

2096 3006 2271 3080 λεσμα
2296 3007 2537 3063 διδάσκει
2564 3008 2735 3079 λέγων
2754 3027 2767 3039 ·
2797 3012 2907 3065 Καὶ
2940 3006 3294 3079 περιέζωσάς
3316 3026 3393 3079 με
3422 3008 3685 3074 δύναμιν

2091 3102 2179 3166 εὶς
2206 3100 2498 3171 πόλεμον
2547 3102 2645 3156 καὶ
2689 3102 2831 3169 τοὺς
2856 3101 3109 3172 ἐχθρούς
3146 3120 3266 3172 μου
3303 3101 3534 3168 ἔδωκάς
3575 3117 3682 3173 μοι

2091 3187 2310 3243 νῶτον·
2341 3191 2392 3243 οἱ
2420 3192 2486 3245 ὲκ
2518 3193 2808 3263 μετανοίας
2829 3193 2953 3266 ἄρτι
2986 3193 3088 3264 τῆς
3120 3189 3318 3265 ἔχθρας
3341 3193 3683 3250 ἀπαλλαττό-

2096 3298 2267 3352 μενοι,
2293 3281 2382 3336 διὰ
2413 3281 2473 3336 τὸ
2508 3283 2733 3355 μηδέπω
2752 3285 2851 3356 τὴν
2871 3285 2958 3338 ἐπ’
2978 3286 3146 3357 ἀρετῇ
3173 3285 3487 3358 παρρησίαν
3507 3285 3681 3358 ἔχειν,

2090 3369 2299 3424 τεθεῖεν
2335 3369 2429 3424 τοῦ
2466 3371 2641 3443 Ἰησοῦ
2667 3371 2836 3435 νῶτος
2864 3371 2969 3427 ὑπὸ
2990 3372 3084 3427 τοῦ
3112 3374 3359 3446 Πατρός’
3394 3374 3536 3428 οὕτω
3569 3376 3684 3448 γὰρ

2093 3461 2187 3516 καὶ
2228 3461 2589 3533 ἀκολουθῆσαι
2621 3462 2770 3535 αὐτῷ
2812 3462 2988 3519 ὀπίσω
3022 3464 3304 3537 γενόμενοι
3338 3465 3681 3537 δυνήσονται.

2092 3554 2245 3625 Τάχα
2274 3554 2332 3607 δὲ
2365 3554 2460 3607 καὶ
2485 3554 2644 3609 τοῦτο
2676 3555 2865 3629 ῥηθείη
2886 3573 2900 3587 ο
2947 3557 3006 3610 '0
3033 3557 3341 3623 σπουδαῖος,
3361 3558 3683 3632 παρρησίαν

2091 3645 2225 3717 πρὸς
2252 3647 2341 3700 τὸν
2375 3646 2507 3700 Θεὸν
2541 3664 2707 3720 κεκτη
2718 3648 2895 3720 μένος,
2923 3647 3152 3702 ἐνώπιον
3178 3649 3385 3722 Κυρίου
3415 3650 3683 3723 παρίσταο

2088 3753 2210 3790 ται·
2238 3739 2266 3791 ὁ
2307 3737 2363 3791 δὲ
2410 3738 2632 3807 φαῦλος,
2660 3740 2835 3792 ὀπίσω
2864 3739 3260 3810 ἐκϐαλλόμενος
3303 3739 3393 3795 διὰ
3418 3739 3516 3812 τὴν
3543 3741 3682 3795 ἰδίαν

2091 3830 2311 3895 κακίαν,
2337 3829 2507 3895 νῶτος
2534 3830 2823 3904 τεθήσεται
2848 3832 2943 3886 τοῦ
2966 3832 3194 3905 Κυρίου.
3231 3834 3384 3888 Ἐπεὶ
3415 3836 3524 3908 γὰρ
3546 3834 3683 3910 πρό-

2090 3934 2237 3991 τεροι
2266 3921 2419 3976 αὐτοὶ
2439 3923 2489 3975 οἱ
2515 3923 2709 3994 φαῦλοι
2735 3923 3003 3995 ἔστρεψαν
3033 3924 3170 3995 πρὸς
3204 3924 3367 3980 αὑτὸν
3390 3925 3556 3991 νῶτα,
3583 3926 3678 3982 καὶ

2090 4014 2210 4084 οὐχὶ
2240 4014 2506 4082 πρόσωπα
2530 4013 2729 4079 αὐτῶν,
2754 4016 2847 4069 καὶ
2864 4015 3046 4080 αὐτὸς,
3065 4016 3437 4089 ἀποστραφεὶς
3456 4018 3681 4084 αὐτοὺς,

2090 4104 2258 4169 νῶτος
2291 4106 2489 4168 αὐτοὺς
2537 4105 2623 4178 (1)
2676 4104 2807 4172 ἕξει.
2848 4106 2914 4159 El
2940 4105 2997 4158 δὲ
3025 4107 3119 4159 καὶ
3142 4109 3249 4172 πᾶς
3267 4108 3475 4175 δίκαιος
3502 4109 3678 4165 ταῦτα

2090 4194 2262 4266 λέγοι,
2299 4199 2464 4269 ἐρεῖς,
2502 4198 2583 4251 ὅτι
2628 4199 2683 4252 αἱ
2744 4196 3017 4269 μοχθηραὶ
3060 4198 3340 4271 δυνάμεις,
3391 4204 3471 4266 είς
3502 4203 3670 4274 πρόσ-

2089 4305 2237 4341 ωπον
2255 4289 2566 4359 ἐρχόμεναι,
2604 4288 2896 4359 βλάπτουσι
2929 4290 3055 4355 τοὺς
3084 4291 3336 4363 ὁρῶνταςέ
3353 4290 3438 4348 διὰ
3477 4294 3675 4358 παντὸς

419 4383 750 4439 formitatem
779 4382 994 4447 laedere,
1026 4384 1112 4439 sin
1160 4399 1191 4438 a
1219 4393 1372 4456 tergo
1420 4386 1813 4457 projiciantur,
1845 4382 1982 4437 nihil

2098 4378 2238 4443 5ντες
2281 4379 2538 4451 εἰδεχθεῖς
2557 4397 2571 4412 ·
2602 4385 2683 4445 εἰς
2715 4381 2883 4436 νῶτον
2931 4382 2988 4435 δὲ
3034 4384 3302 4455 ῥιφέντες,
3335 4386 3485 4440 οὐδὲν
3517 4387 3674 4460 δυνή-

419 4481 650 4544 possunt
672 4472 803 4526 mali
833 4472 1101 4530 adversus
1146 4474 1272 4529 illos
1319 4474 1647 4537 machinari,
1689 4472 1992 4529 secundum

310 4609 315 4618 .
417 4565 552 4619 tllud
595 4583 609 4620 :
656 4563 833 4635 Supra
889 4564 1107 4620 dorsum
1157 4582 1327 4620 meum
1383 4566 1777 4634 fabricaverunt
1810 4580 1996 4635 pecca-

419 4666 553 4712 tores
583 4659 650 4711 ⁷⁸.

485 4746 654 4807 Vens.
717 4751 918 4807 47-49.
986 4752 1121 4808 Viuit
1216 4751 1496 4813 Dominus,
1571 4758 1622 4803 et
1697 4746 1996 4802 benedictus

422 4839 559 4896 Deus
590 4858 757 4909 meus,
807 4855 858 4898 et
905 4844 1172 4898 exaltetur
1219 4842 1361 4897 Deus
1414 4839 1603 4894 salutis
1648 4853 1797 4893 metu.
1842 4835 1986 4893 Deus

420 4933 507 5002 qui
547 4931 646 4989 das
682 4935 944 4990 rindictas
984 4934 1140 4999 mihi,
1171 4943 1221 4988 et
1260 4931 1441 4988 subdis
1488 4929 1710 5000 populos
1753 4928 1850 4983 sub
1880 4944 1983 4993 me,

420 5021 675 5078 liberator
705 5041 851 5080 meus
886 5027 951 5080 de
979 5024 1205 5079 inimicis
1236 5023 1364 5077 meis
1394 5020 1688 5076 iracundis.
1723 5017 1988 5087 Quamvis

421 5112 570 5167 enim
629 5130 752 5171 sese
794 5114 1166 5172 humiliaverit
1215 5129 1341 5169 cum
1389 5110 1674 5167 inclinavit
1724 5111 1896 5166 caelos
1933 5119 1987 5165 et

422 5194 735 5275 descendit;
769 5217 824 5262 at
860 5209 1113 5265 excelsus
1140 5217 1323 5263 tamen
1353 5213 1436 5260 est
1469 5203 1769 5260 secundum
1815 5203 1986 5259 illud:

425 5296 567 5353 Deus
611 5298 868 5355 exultavit
912 5301 1089 5366 illum,
1119 5308 1171 5356 et
1210 5296 1355 5353 dedit
1393 5295 1478 5351 illi
1518 5312 1705 5350 nomen
1731 5294 1870 5367 quod
1912 5303 1992 5350 est

423 5404 580 5461 super
616 5406 767 5446 omne
802 5407 987 5447 nomen
1000 5393 1071 5448 ⁷⁷.
1131 5389 1273 5446 Deus
1305 5388 1394 5462 qui
1428 5387 1525 5443 das
1569 5386 1830 5443 vindictas
1861 5388 1991 5442 mihi

423 5488 476 5537 et
512 5481 701 5538 subdis
729 5482 948 5553 populos
987 5483 1089 5539 sub
1124 5500 1229 5548 me,
1266 5481 1527 5537 liberator
1547 5496 1694 5536 meus
1720 5479 1785 5536 de
1816 5480 1997 5534 inimi-

2093 4488 2276 4524 σονται
2306 4473 2400 4525 ἐπὶ
2440 4473 2630 4527 τούτου
2663 4474 3060 4539 τεκταίνεσθαι,
3099 4475 3241 4529 κατὰ
3271 4477 3360 4531 τό·
3402 4479 3530 4532 Ἐπὶ
3566 4476 3672 4534 τοῦ

2092 4560 2282 4615 νώτου
2302 4579 2419 4632 μου
2452 4561 2798 4617 ἐτέκταινον
2824 4565 2878 4616 οἱ
2918 4563 3275 4633 ἁμαρτωλοί.

2165 4745 2252 4816 Ζῇ
2308 4747 2542 4815 Κύριος,
2595 4744 2694 4798 καὶ
2745 4742 3072 4814 εὐλογητὸς
3123 4746 3156 4798 ὀ
3202 4744 3348 4810 Θεός
3382 4760 3523 4812 μου,
3577 4741 3671 4797 καὶ

2093 4836 2388 4907 ὐψωθήτω
2423 4838 2456 4890 ὁ
2502 4834 2645 4902 Θεὸς
2694 4833 2807 4903 τῆς
2855 4833 3154 4902 σωτηρίας
3186 4850 3326 4904 μου.
3374 4833 3436 4887 '0
3470 4832 3612 4899 Θεὸς
3640 4834 3671 4887 δ

2094 4928 2298 4995 διδοὺς
2322 4927 2669 4995 ἐκδικήσεις,
2704 4925 2856 4997 ἐμοὶ,
2898 4926 2999 4980 καὶ
3024 4925 3332 4993 ὑποτάξας
3360 4926 3549 4993 λαοὺς
3573 4922 3675 4981 ὑπ’

2093 5020 2220 5091 ἐμὲ,
2256 5023 2289 5076 ό
2311 5021 2547 5089 ρὐτης
2586 5037 2706 5090 μου
2753 5017 2824 5083 ἐξ
2870 5016 3100 5088 ἐχθρῶν
3150 5019 3423 5088 ὀργίλων.
3454 5018 3518 5071 Ei
3566 5016 3675 5090 γὰρ

2091 5115 2186 5168 καὶ
2231 5112 2594 5168 ἐταπείνωσεν
2628 5110 2840 5174 ἑαυτὸν,
2883 5110 3069 5175 κλίνας
3107 5108 3369 5182 οὐρανοὺς
3397 5110 3488 5163 καὶ
3505 5125 3672 5162 κατα-

2090 5204 2210 5269 ϐὰς,
2246 5204 2357 5258 ἀλλ’
2387 5202 2590 5275 ὑψηλός
2607 5204 2745 5267 εστι,
2770 5202 2914 5257 κατὰ
2939 5203 3019 5256 τό·
3038 5204 3092 5256 ’0
3118 5201 3261 5269 Θεὸς
3293 5199 3479 5255 αὑτὸν
3500 5203 3674 5270 ὑπερ-

2099 5299 2350 5367 ὕψωσεν
2400 5296 2498 5352 καὶ
2527 5294 2848 5365 ἐχαρίσατο
2879 5293 3039 5361 αὐτῷ
3070 5294 3257 5363 ὄνομα
3285 5293 3351 5347 τὸ
3381 5292 3534 5362 ὑπὲρ
3554 5288 3678 5348 πᾶν

2097 5386 2304 5459 ὄνομα.
2342 5388 2404 5443 '0
2462 5387 2605 5453 Θεὸς
2656 5389 2691 5441 ό
2743 5385 2945 5454 διδοὺς
2983 5386 3324 5457 ἐκδικήσεις
3374 5385 3528 5457 ἐμοὶ,
3575 5382 3675 5440 καὶ

2097 5478 2464 5535 ὐποτάσσων
2491 5479 2683 5546 λαοὺς
2710 5478 2813 5536 ὑπ’
2838 5476 2961 5550 ἐμὲ,
3011 5481 3043 5534 d
3069 5479 3301 5548 ρὐτης
3337 5496 3460 5550 μου
3482 5474 3555 5546 ἐξ
3574 5475 3683 5550 ἐπ’

426 5620 507 5674 ."
537 5621 685 5680 Psal.
717 5640 849 5690 xxx,
916 5623 970 5680 9.
1046 5624 1091 5656 ""
1116 5622 1254 5679 Luc.
1292 5640 1346 5691 χ,
1380 5623 1466 5679 l9.
1543 5622 1588 5655 ⁷⁸
1609 5619 1755 5678 Psal.
1794 5636 2021 5689 csxvut,
2046 5621 2101 5682 '5.
2176 5621 2221 5652 "
2242 5619 2478 5693 Philipp.
2526 5633 2591 5687 ιι,
2624 5619 2684 5674 9.

495 5739 575 5815 (ι)
596 5743 863 5810 Nan-oc...
885 5737 1027 5806 ἕξει.
1048 5739 1210 5799 Forte
1234 5739 1523 5812 legendum
1547 5740 1714 5797 νῶτον
1746 5754 1845 5810 pro
1875 5739 2071 5805 νῶτος.
2106 5738 2266 5795 Enn.
