3940 6292
215 383 319 440 I85

1399 368 1902 434 COMMENTARIA
1931 368 2001 425 IN
2039 363 2382 424 PSALMOS.

3416 356 3516 413 I86

213 499 378 572 θρῶν
401 519 536 572 μου
587 504 872 575 ὀρτίλων,
917 503 1034 558 ἀπὸ
1068 501 1184 556 τῶν
1215 496 1707 568 ἐπανισταμένων
1748 492 1840 548 ἐπ’

1948 488 2017 543 cis
2047 486 2174 541 meis
2206 481 2500 539 iracundis.
2533 479 2611 533 Ab
2640 476 3029 550 insurgentibus
3066 478 3120 530 in
3143 490 3225 530 me
3252 474 3516 530 exultabis

221 590 331 662 ἐμὲ
358 591 654 660 ὑψώσεις
674 611 774 664 με,
801 595 896 648 καὶ
924 593 1040 649 ἀπὸ
1065 590 1284 660 ἀνδρὸς
1305 589 1515 644 ἀδίκου
1533 585 1722 656 ῥῦσαί
1746 600 1842 654 με.

227 683 322 755 Τῷ
356 685 457 754 μὲν
486 684 609 758 γὰρ
646 687 959 740 ἀπειθοῦντι
996 684 1110 756 λαῷ
1139 684 1233 737 καὶ
1266 681 1596 751 ὰντιλέγοντι
1631 677 1846 743 ἐπάξειν

229 779 334 842 τὰς
357 779 685 851 ἐκδικήσεις
715 783 808 835 καὶ
834 781 932 845 τὰς
961 781 1229 852 τιμωρίας
1258 777 1490 850 εἴρηταιο
1517 777 1550 847 ἢ
1581 774 1720 828 κατὰ
1757 773 1847 826 τὸν

230 870 572 942 Σύμμαχον,
617 873 674 925 Ὀ
721 872 866 939 Θεὸς
898 876 931 927 ό
979 869 1309 941 παρασχὼν
1356 868 1634 938 τιμωρίας
1680 864 1842 935 ἐμοί·

229 966 314 1034 τῷ
345 963 396 1016 δ’
434 964 617 1037 ἑτέρῳ
636 965 876 1036 τάγματι
901 966 1030 1036 περὶ
1056 956 1117 1018 οῦ
1158 962 1415 1029 ἀνωτέρω
1447 960 1693 1032 εἴρηταιο
1728 961 1847 1011 Κα-

231 1057 586 1124 taetriorem
633 1075 712 1126 με
739 1060 826 1124 εὶς
868 1055 1141 1126 κεφαλὴν
1177 1053 1386 1110 ἐθνῶν.
1435 1051 1592 1117 Aude;
1618 1051 1690 1104 ὃν
1735 1051 1846 1104 οὐκ

231 1150 446 1219 ἔγνων
473 1149 811 1204 ἐδούλευσέ
830 1167 929 1219 μοι
947 1163 960 1178 ⁴
993 1149 1170 1218 τούτῳ
1201 1148 1298 1218 τὴν
1333 1145 1609 1214 ὑποταγὴν
1636 1142 1732 1212 τὴν
1755 1141 1845 1194 ὑπ’

230 1242 414 1296 αὑτὸν
449 1241 760 1313 χαρίζεται.
797 1241 888 1293 Διὸ
928 1239 1168 1307 ἐπιλέγει
1202 1236 1340 1290 κατὰ
1381 1235 1471 1289 τὸν
1517 1234 1841 1305 Σύμμαχον·

233 1333 365 1387 Kal.
397 1332 774 1388 ὑποτάσσων
801 1334 991 1399 λαοὺς
1011 1332 1103 1385 ἐπ’
1131 1329 1254 1400 ἐμέ.
1287 1323 1451 1392 Οὗτος
1492 1329 1590 1382 καὶ
1612 1328 1847 1396 ρύστης

231 1442 393 1497 μου,
422 1427 579 1497 φησὶ,
616 1427 838 1495 γέγονεν
858 1424 926 1488 ἐξ
952 1422 1180 1492 ἐχθρῶν
1198 1440 1316 1492 μου
1347 1422 1620 1491 ὀργίλων,
1643 1419 1740 1473 καὶ
1777 1419 1845 1472 ἐκ

235 1513 375 1568 τῶν
404 1513 900 1584 ἐπανισταμένων
919 1513 1012 1566 ἐπ’
1037 1513 1142 1582 ἐμὲ
1161 1509 1486 1580 ὕψωσέομε,
1523 1513 1554 1564 ό
1583 1509 1635 1563 δ’
1666 1507 1849 1573 αὐτὸς

235 1608 347 1663 καὶ
372 1608 501 1662 ἀπὸ
529 1607 746 1675 ἀνδρὸς
773 1605 983 1660 ἀδίκου
1011 1601 1306 1672 ἑρῤύσιιτό
1331 1617 1428 1670 με.
1455 1602 1531 1653 Δι’
1557 1593 1630 1653 ὧν
1661 1597 1846 1668 σαφῶς

235 1701 594 1772 παρίστησιν
635 1697 864 1770 ἐχθρούς
893 1713 1043 1760 τινας
1073 1695 1236 1751 αὐτοῦ
1287 1697 1382 1749 καὶ
1413 1693 1806 1765 ἀνθεστηκότας
1829 1707 1842 1722 ·

234 1792 341 1846 καὶ
379 1791 541 1862 παρὰ
561 1790 781 1853 τούτους
811 1787 996 1859 ἕτερόν
1017 1805 1138 1842 τινα
1170 1787 1357 1858 ἄνδρα,
1397 1784 1594 1857 μεστὸν
1621 1784 1696 1848 ὡς
1719 1783 1848 1855 ἀλη-

237 1885 364 1946 Θῶς
421 1886 609 1953 πάσης
639 1884 874 1947 ἀδικίας.
910 1881 1173 1954 Σημαίνει
1205 1881 1262 1934 δὲ
1292 1883 1320 1933 ὁ
1349 1879 1505 1947 λόγος
1531 1877 1617 1930 διὰ
1647 1875 1849 1930 τούτων
1883 1867 1921 1925 Β

233 1976 618 2047 προφητικῶς
642 1977 770 2038 τοὺς
796 1976 1060 2045 ἄρχοντας
1095 1972 1189 2026 τοῦ
1236 1971 1503 2024 Ἰουδαίων
1542 1969 1724 2032 ἔθνους
1751 1967 1847 2021 καὶ

232 2069 331 2122 τὸν
385 2069 661 2140 προδότην
711 2068 928 2131 Ἰούδαν,
977 2067 1176 2128 παντὸς
1220 2064 1408 2118 ἀδίκου
1440 2062 1847 2134 χείρονα·γενό-

236 2179 436 2232 μενον,
469 2163 556 2214 ὃτι
587 2161 672 2233 δὴ,
701 2160 954 2214 τοιούτων
987 2157 1236 2226 ἀξιωθεὶς
1269 2155 1420 2227 παρὰ
1446 2155 1536 2208 τοῦ
1570 2155 1844 2226 Σωτῆρος,

235 2258 353 2318 τοῖς
392 2254 662 2316 ἐναντίοις
696 2251 858 2305 αὑτὸν
889 2251 1174 2322 ἠμείψατο.

311 2346 430 2401 Διά
455 2345 634 2400 τοῦτο
675 2342 1199 2413 ἑξομολογήσομαί
1228 2355 1326 2394 σοι
1357 2341 1428 2393 ἐν
1450 2339 1654 2392 ἔθνεσι
1689 2378 1703 2401 ,
1733 2338 1846 2391 Κύ-

228 2457 359 2508 ριε,
399 2439 503 2490 καὶ
548 2435 631 2502 τῷ
661 2437 908 2505 ὀνόματί
952 2451 1069 2488 σου
1111 2432 1307 2502 ψαλῶ.
1351 2432 1719 2500 Μεγαλύνων
1739 2430 1846 2496 τὰς

233 2528 559 2611 σιιη-ηρέας
605 2525 714 2580 τοῦ
745 2524 1051 2590 ,ϐασιλέως
1080 2522 1286 2584 αὐτοῦ,
1323 2521 1419 2574 καὶ
1455 2517 1641 2573 ποιῶν
1675 2518 1848 2583 ἕλεος

238 2622 334 2688 τῷ
367 2609 592 2690 χριστῷ
629 2618 817 2674 αὑτοῦ
840 2615 1038 2677 Δαυῒδ,
1075 2613 1280 2678 καὶτῷ
1308 2609 1600 2681 σπέρματι
1635 2609 1842 2673 αὐτοῦ,

237 2716 367 2780 ἓως
391 2713 625 2779 αἰῶνος.
670 2711 794 2764 Ἐπὶ
825 2709 886 2764 τὸ
909 2710 1094 2782 ἕτερον
1131 2705 1464 2778 μεταϐαίνει,
1499 2704 1575 2766 ὼς
1609 2703 1674 2756 ἂν
1702 2702 1844 2755 εἴποι

232 2824 332 2871 τις
359 2807 425 2860 τὸ
452 2805 626 2872 δεξιὸν
651 2805 860 2874 τάγμα,
901 2803 994 2857 καὶ
1023 2802 1168 2855 ἐστιν
1202 2799 1385 2872 ἔργοις
1422 2799 1604 2860 αὐτοῖς
1636 2797 1728 2849 καὶ
1751 2796 1845 2864 ὀφ-

235 2900 482 2970 θαλμοῖς
537 2897 909 2969 παραλαϐεῖν·
942 2895 1130 2966 ὥσπερ
1173 2896 1202 2947 ὁ
1245 2890 1406 2945 Δαυῖδ
1443 2888 1580 2960 μετὰ
1605 2888 1701 2958 τὴν
1751 2886 1844 2940 τοῦ

232 2993 508 3064 Σωτῆρος
527 2991 685 3063 ἡμῶν
719 2989 1041 3061 παρουσίαν,
1077 2987 1268 3057 ὥσπερ
1301 2984 1467 3038 εἰσέτι
1497 2983 1591 3035 καὶ
1621 2981 1715 3034 νῦν
1737 2979 1844 3045 ζῶν

232 3086 336 3138 καὶ
373 3085 478 3136 σὺν
534 3083 840 3156 ἀνθρώποις
877 3080 1310 3151 πολιτευόμενος,
1361 3077 1450 3130 διὰ
1498 3076 1604 3130 τῶν
1651 3073 1843 3128 ἑαυτοῦ

230 3177 482 3251 γραφῶν
519 3177 669 3247 ᾠδῶν
701 3191 762 3229 τε
791 3176 885 3228 καὶ
913 3175 1096 3244 ὓμνων
1129 3174 1186 3225 έν
1216 3173 1349 3224 πᾶσι
1375 3172 1485 3233 τοῖς
1515 3169 1689 3222 ἔθνεσι
1708 3167 1845 3237 ψάλ-

231 3271 320 3323 λει
359 3269 444 3340 τῷ
475 3267 600 3338 Θεῷ
622 3267 728 3320 τῶν
766 3267 931 3320 ὅλων·
964 3266 1056 3319 καὶ
1089 3266 1118 3319 ὁ
1145 3265 1209 3316 ἐκ
1240 3263 1552 3334 σπέρματος
1588 3261 1654 3312 δι’
1679 3259 1844 3314 αὐτοῦ

233 3359 518 3430 γεγονὼς,
567 3351 630 3413 οὗ
679 3362 757 3423 εἰς
803 3359 1092 3430 πρόσωπον
1127 3354 1458 3426 ἀναφέρεται
1510 3352 1580 3407 τὰ
1624 3352 1847 3424 προκεί-

234 3470 415 3524 μενα,
448 3452 658 3522 ὁμοίως
701 3453 962 3523 κρείττων
993 3450 1280 3519 γενόμενος
1322 3447 1430 3500 τῶν
1469 3443 1847 3499 ἐπιϐεϐουλευ-

234 3545 428 3598 κότων
453 3542 627 3612 αὐτῷ,
655 3541 798 3597 εῐποι
822 3543 888 3596 ἄν
907 3559 920 3572 ’
947 3542 1052 3595 Καὶ
1081 3539 1198 3594 ἀπὸ
1217 3539 1337 3593 τῶν
1355 3537 1848 3606 ἐπανισταμένων

232 3636 336 3687 ἐπ’
375 3633 490 3704 ἐμὲ
514 3632 782 3701 ὑψώσεις
813 3631 1202 3702 με.Ἐκείνους
1238 3631 1334 3701 μὲν
1363 3625 1454 3682 οὖν
1489 3627 1806 3682 καταλείπει
1828 3642 1842 3656 ⁶

240 3730 344 3800 τὴν
379 3727 440 3780 δὲ
464 3726 627 3797 χάριν
652 3727 750 3797 τὴν
780 3725 839 3790 ἐξ
860 3725 1022 3778 αὑτοῦ
1051 3724 1147 3779 καὶ
1179 3723 1279 3794 τὴν
1301 3721 1557 3792 ἀλήθειαν
1583 3721 1714 3775 πᾶσι
1735 3723 1848 3782 τοῖς

236 3820 464 3872 ἔθνεσιν
503 3818 855 3888 μεταδίδωσιν
879 3833 890 3847 ’
917 3816 1084 3870 εἰσέτι
1107 3832 1167 3867 τε
1196 3814 1289 3866 καὶ
1310 3811 1406 3866 νῦν
1439 3810 1713 3881 πανταχοῦ
1743 3811 1846 3880 γῆς

235 3909 416 3972 αὐτὸς
452 3906 668 3978 παρὼν,
703 3907 796 3960 καὶ
853 3905 1012 3977 μέσος
1064 3904 1172 3956 τῶν
1206 3905 1287 3964 εἰς
1344 3900 1505 3954 αὑτὸν
1539 3899 1845 3969 ὴλπικότων

235 3997 449 4061 ἑστὼς,
483 3996 562 4068 τῷ
592 3997 767 4068 Πατρὶ
793 3995 879 4050 διὰ
911 3995 1012 4065 τῆς
1045 3993 1237 4048 ἑαυτοῦ
1283 3991 1607 4063 Ἐκκλησίας
1657 3989 1847 4060 ὲξομο-

235 4090 527 4157 λογεῑῖται⁸
555 4088 636 4141 διό
662 4105 792 4158 φησι
813 4103 826 4117 ⁸
863 4085 968 4140 Διὰ
994 4085 1172 4139 τοῦτο
1203 4080 1720 4153 ἐξομολογησομαί
1749 4094 1846 4133 σοι

237 4183 314 4236 ἐν
336 4182 573 4242 ἔθνεσι,
600 4181 794 4247 Κύριε,
821 4178 922 4232 καὶ
952 4176 1031 4244 τῷ
1059 4177 1305 4246 ὀνόματί
1331 4191 1446 4229 σου
1467 4171 1663 4241 ψαλῶ.

413 4291 528 4345 ΕΙΣ
559 4293 647 4344 Τί)
679 4288 1226 4356 ΤΕΛΟΣ,ΨΑΔΜΟΣ
1256 4287 1342 4339 ΤΩ
1369 4286 1572 4339 ΔΑΥΙΔ
1607 4285 1713 4338 ΙΗ’.

317 4405 437 4458 Καὶ
469 4405 500 4456 ὁ
529 4401 716 4474 παρὼν
745 4401 957 4472 eam;
998 4401 1104 4453 τῶν
1135 4401 1213 4462 εἰς
1248 4397 1450 4466 ἀγαθὸν
1485 4396 1635 4459 τέλος
1669 4410 1844 4465 παραρ

244 4499 587 4569 πεμπόντων
622 4497 878 4567 τυγχάνει
901 4511 912 4526 ’
946 4494 1079 4549 ἀλλὰ
1112 4495 1206 4547 καὶ
1235 4491 1690 4562 εὐχαριστήριος
1712 4489 1842 4542 ἀνα-

243 4592 441 4663 γράφῃ
476 4589 600 4661 (sic)
627 4589 741 4657 ᾠδὴ
787 4587 912 4654 τοῖς
954 4586 1095 4653 τοὺς
1132 4585 1384 4655 ἐχθροὺς

238 4680 457 4751 μένοις
486 4681 776 4747 ἐπινίκιος
806 4678 1103 4749 εἰρημένη.
1146 4677 1236 4730 Διὸ
1262 4674 1400 4730 κατὰ
1426 4675 1518 4728 τὸν
1550 4674 1844 4744 Σύμμαχον

242 4773 470 4846 εἴρηται
496 4789 510 4802 ο
557 4771 880 4837 Ἐπινίκιες
906 4770 1030 4840 ᾠδὴ
1070 4769 1175 4824 τοῦ
1204 4767 1401 4822 Δαυΐδ.
1444 4766 1602 4820 Ἀλλὰ
1634 4767 1728 4820 καὶ
1755 4764 1844 4818 διὰ

243 4867 305 4919 τὸ
336 4862 664 4918 ἀνακεῖσθαι
711 4863 790 4934 τῷ
831 4861 930 4925 τὰς
969 4863 1126 4925 νίκας
1169 4859 1495 4931 δωρουμένῳ
1527 4857 1666 4930 Θεῷ,
1702 4855 1841 4910 κατὰ

243 4958 340 5010 τὸν
390 4954 646 5020 Ἀκύλαν,
687 4953 769 5020 Τῷ
799 4951 1081 5018 νικοποιῷ
1105 4950 1445 5022 μελῴδημα,
1481 4949 1751 5003 λέλεκται.

325 5135 394 5185 Ol
425 5131 669 5198 οὐρανοὶ
699 5128 1043 5198 διηγοῦνται
1075 5127 1262 5192 δόξαν
1300 5125 1468 5190 Θεοῦ,
1499 5126 1751 5192 ποίησιν
1773 5123 1842 5177 δὲ

250 5223 472 5293 χειρῶν
503 5221 689 5275 αὐτοῦ
725 5220 1084 5290 ἀναγγέλλει
1126 5218 1191 5272 τὸ
1225 5217 1546 5286 στερέωμα.
1574 5215 1838 5268 Διδασκα-

249 5314 374 5369 λΞαν
407 5313 653 5385 περιέχει
686 5313 786 5382 τῆς
821 5311 915 5365 τοῦ
949 5310 1085 5364 Θεοῦ
1129 5309 1526 5381 μεγαλουργίας
1559 5323 1839 5377 παραστα-

252 5407 428 5479 τικήν.
480 5404 698 5475 Ἐπειδὴ
723 5405 832 5475 γὰρ
865 5405 925 5456 τὸ
951 5402 1154 5471 ἀφανὲς
1184 5402 1278 5455 καὶ
1311 5402 1540 5472 ἀόρατον
1573 5399 1672 5469 τῆς
1698 5399 1839 5452 ἀσω-

259 5501 426 5571 μάτου
482 5498 579 5552 καὶ
610 5497 875 5568 ἀγενήτου
923 5495 1017 5549 καί
1048 5494 1234 5565 θεῖκῆς
1271 5494 1478 5557 οὐσίας,
1513 5492 1601 5546 διὰ
1657 5490 1715 5543 τὸ
1763 5491 1836 5561 μὴ

258 5592 456 5664 σαρκὸς
495 5589 797 5660 ὀφθαλμοῖς
836 5588 1367 5659 καταλαμϐάνεσθαι,
1415 5589 1464 5639 οἱ
1494 5586 1562 5637 τὰ
1617 5584 1838 5654 ϐμματα

255 5686 349 5755 τῆς
377 5684 558 5756 ψυχῆς
579 5682 969 5752 πεπηρωμένοι
995 5682 1093 5752 τῆς
1114 5681 1221 5733 τῶν
1245 5679 1414 5733 ὄντων
1439 5675 1724 5749 ὑπάρξεως
1754 5675 1839 5726 ἐκ-

257 5778 601 5849 ϐεϐλήκασιν,
639 5773 822 5836 ἀθέοις
855 5773 1114 5844 στόμασιν
1145 5772 1552 5842 ἀποφηνάμενοι
1591 5768 1664 5839 μὴ
1698 5763 1835 5820 εἶναι

255 5868 403 5937 Θεὸν,
440 5869 576 5944 μηδὲ
622 5865 893 5937 ὑπάρχειν
937 5881 988 5918 τι
1043 5868 1286 5938 κρεῖττον
1331 5864 1436 5918 τῶν
1487 5865 1544 5917 ὲν
1589 5860 1834 5933 σώμασιν

1947 593 2061 635 me:
2093 595 2125 632 a
2152 577 2263 633 viro
2297 575 2478 646 iniqua
2507 571 2649 640 eripe
2677 586 2777 626 me.
2829 568 3217 639 Inobseqnenti
3248 582 3313 623 ac
3348 583 3518 638 repu-

1948 670 2137 742 gnanti
2172 667 2397 739 populo,
2425 663 2722 719 vindictam
2755 659 3092 716 inferendam
3124 675 3247 714 esse
3272 661 3477 715 dicitur
3503 677 3517 714 :

1948 770 2063 826 aut,
2096 758 2398 816 secundum
2435 752 2848 826 Symmachum,
2883 749 3048 813 Deus,
3078 752 3168 820 qui
3207 750 3404 819 prwbes
3435 749 3522 802 ul-

1950 854 2115 906 tiones
2151 849 2316 913 mihi;
2357 847 2499 902 alius
2527 860 2658 900 vero
2706 853 2791 899 est
2841 841 2976 897 ordo
3008 857 3288 912 genusque
3338 839 3516 894 homi-

1947 959 2102 1007 num,
2137 941 2204 996 de
2236 955 2346 1011 quo
2375 937 2629 1009 superius
2662 937 2830 998 (vers.
2865 934 2957 997 41,
2993 933 3083 1004 45)
3117 932 3350 996 dictum,
3391 948 3520 986 con-

1947 1035 2134 1089 stitues
2187 1048 2268 1085 me
2326 1031 2382 1084 in
2433 1037 2588 1096 caput
2631 1026 2883 1096 gentium.
2940 1023 3179 1093 Populus
3219 1038 3368 1093 quem
3414 1038 3520 1076 non

1945 1119 2161 1189 cognovi
2194 1117 2402 1172 servivit
2429 1114 2594 1176 mihi;
2627 1112 2794 1177 hunc,
2845 1111 3091 1181 inquam,
3129 1109 3520 1179 obsequentem

1947 1211 1997 1267 ei
2039 1209 2349 1266 constituit.
2384 1207 2567 1273 Quare
2612 1202 2918 1259 secundum
2972 1198 3361 1273 Symmachum
3393 1198 3522 1254 sub-

1947 1300 2049 1366 dit,
2092 1310 2142 1355 et
2185 1299 2470 1368 subjiciens
2515 1294 2736 1366 populos
2769 1309 2924 1360 super
2953 1309 3052 1348 me.
3089 1291 3185 1345 llic
3219 1294 3348 1346 item
3394 1290 3518 1354 fuit,

1947 1393 2207 1447 liberator
2230 1408 2375 1446 meus
2402 1404 2465 1444 ea:
2505 1388 2734 1442 inimicis
2778 1386 2907 1440 meis
2936 1370 3229 1447 iracundis,
3258 1394 3307 1438 et
3341 1382 3404 1436 ab
3437 1384 3523 1436 in-

1948 1481 2284 1553 surgentibus
2328 1483 2381 1532 in
2427 1495 2508 1532 me
2556 1477 2813 1532 exaltabit
2843 1492 2945 1538 me,
2986 1491 3017 1527 a
3054 1475 3164 1528 riro
3203 1474 3382 1544 iniquo
3413 1475 3522 1527 eri-

1945 1575 2058 1644 puit
2109 1589 2210 1628 me.
2269 1570 2481 1638 Quibus
2530 1568 2710 1638 palam
2766 1567 2993 1631 indicat,
3027 1565 3281 1620 inimicos
3327 1564 3427 1619 sibi
3467 1574 3522 1620 ει

1949 1666 2294 1722 adversarios
2323 1679 2482 1720 esse:
2536 1678 2599 1717 ac
2652 1668 2848 1732 praeter
2881 1675 2975 1714 eos
3019 1659 3184 1712 alium
3223 1657 3520 1728 quemdam

1947 1762 2125 1815 virum
2159 1759 2309 1814 omni
2349 1773 2580 1829 prorsus
2623 1756 2913 1825 iniquitate
2943 1754 3184 1824 plenum.
3225 1751 3322 1806 His
3355 1765 3522 1822 porro

1952 1850 2273 1922 pr0phetico
2299 1863 2450 1902 more
2494 1847 2809 1901 indicantur
2840 1844 3116 1914 principes
3165 1841 3378 1897 Judaici
3425 1856 3524 1910 po-

1947 1943 2086 2012 puli,
2120 1955 2184 1994 ac
2216 1938 2386 1994 Iudas
2429 1936 2696 2008 proditor,
2735 1937 2930 2005 quovis
2957 1935 3145 2004 iniquo
3181 1934 3399 1988 homine
3435 1932 3526 1987 de-

1948 2034 2136 2097 terior,
2167 2032 2260 2103 qui
2288 2040 2368 2085 tot
2400 2029 2678 2086 beneficiis
2710 2044 2740 2082 a
2787 2027 3073 2081 Salvatore
3103 2035 3353 2092 ornatus,
3387 2041 3525 2080 con-

1949 2123 2176 2178 trarium
2210 2123 2645 2192 sceleratamque
2674 2120 2846 2174 vicem
2871 2118 3074 2172 retulit.

2022 2316 2186 2373 Vens.
2206 2317 2295 2380 50,
2331 2318 2416 2371 51.
2449 2315 2737 2386 Propterea
2765 2313 3053 2384 conﬁtebor
3080 2315 3171 2366 tibi
3203 2315 3256 2366 in
3288 2313 3517 2368 nationi-

1949 2409 2068 2472 bus,
2105 2409 2350 2472 Dbmine,
2389 2408 2436 2462 et
2461 2409 2663 2462 nomini
2705 2416 2795 2461 tuo
2838 2406 3103 2475 psalmum
3153 2405 3349 2458 dicam.
3399 2404 3523 2458 Ma—

1945 2503 2208 2572 gniﬁcans
2264 2501 2463 2555 salutes
2525 2502 2662 2569 regis
2713 2499 2852 2568 ejus,
2888 2507 2938 2551 et
2969 2497 3169 2565 faciens
3223 2497 3524 2550 misericor-

1947 2593 2092 2645 diam
2144 2592 2340 2646 cltristo
2374 2609 2470 2645 suo
2515 2590 2710 2655 David,
2755 2598 2804 2643 et
2855 2588 3043 2643 semini
3092 2587 3206 2656 ejus
3255 2603 3418 2657 usque
3469 2589 3525 2642 in

1946 2677 2221 2731 swculum.
2276 2678 2359 2731 Ad
2394 2678 2652 2739 alterum,
2695 2683 2769 2737 et,
2807 2685 2866 2729 ut
2910 2676 2985 2729 ita
3027 2673 3230 2736 dicam,
3263 2673 3522 2727 dextrum

1947 2769 2195 2824 ordinem
2243 2785 2549 2824 sermonem
2583 2767 2867 2832 transfert,
2922 2776 2979 2820 ut
3039 2765 3123 2819 vel
3185 2765 3318 2834 ipsis
3357 2765 3523 2819 rebus

1946 2870 2109 2931 atque
2164 2861 2339 2916 oculis
2390 2860 2824 2914 animadvertere
2879 2867 2980 2913 est.
3043 2855 3515 2921 Quemadmodum

1950 2951 2120 3006 David
2163 2962 2285 3022 post
2321 2950 2623 3006 Salvatoris
2675 2951 2852 3005 nostri
2892 2952 3214 3012 adventrum,
3249 2948 3524 3006 hactenus

1946 3047 2103 3118 quasi
2141 3047 2196 3100 in
2244 3047 2379 3100 vivis
2418 3051 2562 3099 esset
2597 3058 2661 3098 ac
2691 3059 2815 3097 cum
2843 3042 3155 3096 hominibus
3185 3049 3521 3106 versaretur,

1947 3140 2161 3195 censeri
2190 3146 2391 3208 potest,
2412 3153 2475 3191 ac
2504 3152 2601 3206 per
2632 3124 2836 3206 scripta
2870 3152 2988 3199 sua,
3022 3135 3258 3200 cantica,
3291 3134 3523 3205 hymnos

1949 3233 2004 3288 in
2065 3231 2325 3287 omnibus
2371 3230 2628 3300 gentibus
2690 3228 2876 3298 psallit
2931 3227 3313 3281 universorum
3370 3223 3522 3293 Deo;

1948 3325 2023 3378 ita
2055 3322 2103 3378 is
2131 3321 2225 3392 qui
2251 3338 2318 3376 ex
2348 3322 2556 3377 semine
2585 3321 2705 3391 ejus
2736 3319 2915 3374 factus
2956 3330 3061 3383 est,
3108 3317 3176 3372 ad
3205 3319 3365 3387 cujus
3394 3333 3523 3387 per--

1946 3431 2139 3471 sonam
2165 3429 2226 3470 ea
2255 3430 2375 3484 qua:
2398 3414 2511 3484 jam
2540 3422 2840 3467 tractamus
2866 3412 3008 3466 dicta
3029 3411 3363 3475 referuntur,
3394 3425 3522 3465 cum

1945 3508 2061 3580 pari
2097 3508 2306 3562 ratione
2336 3507 2658 3562 insidiantes
2691 3505 2795 3561 sibi
2823 3506 3184 3574 superaverit,
3199 3504 3323 3573 jure
3352 3503 3525 3570 dicat,

1945 3610 1994 3654 et
2026 3600 2091 3654 ab
2119 3599 2508 3670 insurgentibus
2539 3599 2592 3652 in
2619 3615 2701 3651 me
2734 3597 3000 3651 exultabis
3034 3613 3132 3650 me.
3172 3597 3296 3651 Illos
3340 3596 3528 3665 itaque

1947 3689 2147 3746 missos
2181 3689 2346 3755 facit;
2378 3687 2721 3760 gratiamque
2767 3701 2831 3740 ac
2879 3688 3165 3740 veritatem
3197 3700 3354 3739 suam
3392 3686 3522 3738 uni-

1945 3783 2121 3836 versis
2167 3781 2424 3852 gentibus
2453 3779 2694 3848 impertit
2723 3798 2737 3832 :
2787 3778 2948 3832 etiam
2983 3791 3130 3830 nunc
3173 3776 3373 3845 ubique
3408 3783 3521 3830 ter-

1946 3889 2129 3929 rarum
2165 3888 2406 3943 praesens
2461 3872 2598 3941 ipse,
2635 3879 2689 3924 et
2719 3870 2774 3923 in
2810 3869 2989 3923 medio
3013 3884 3204 3924 eorum
3233 3869 3325 3939 qui
3364 3869 3417 3922 in
3463 3885 3525 3925 se

1946 3981 2236 4036 speravere
2258 3964 2592 4028 consistens,
2635 3978 2732 4031 per
2762 3960 3066 4016 Ecclesiam
3095 3975 3251 4015 suam
3280 3960 3516 4017 conﬁte-

1917 4066 2068 4123 -tur;
2102 4056 2458 4126 quamobrem
2501 4054 2614 4108 ait:
2666 4053 2960 4122 Propterea
2991 4053 3284 4122 conﬁtebor
3317 4052 3416 4107 tibi
3464 4053 3523 4110 in

1944 4148 2268 4210 nationibus,
2305 4145 2550 4209 Domine,
2579 4153 2628 4197 et
2671 4144 2869 4197 nomini
2909 4153 2998 4197 tuo
3023 4143 3289 4212 psalmum
3323 4143 3518 4203 dicam.

2071 4256 2120 4312 1.
2149 4256 2215 4310 ΙΝ
2249 4254 2481 4329 ΠΝΕΜ,
2507 4251 2830 4308 PSALMUS
2883 4250 3092 4305 DAVII)
3133 4249 3322 4304 XVIII.

2015 4369 2266 4425 Praesens
2301 4383 2522 4438 quoque
2560 4367 2804 4436 psalmus
2836 4380 2961 4418 cum
2996 4364 3066 4420 iis
3091 4365 3399 4421 censendus
3425 4367 3520 4436 qui

1943 4461 2009 4516 ad
2041 4463 2244 4516 bonum
2278 4461 2442 4514 ﬁnem
2475 4459 2897 4524 transmittunt;
2932 4457 3043 4510 imo
3072 4472 3289 4526 quoque
3315 4458 3521 4526 gratia-

1434 4549 1840 4650 κατᾶγωξησα,
1875 4566 1916 4619 D
1946 4573 2066 4609 rum
2097 4555 2325 4608 actionis
2366 4553 2668 4622 inscriptus
2699 4563 2806 4616 est,
2839 4553 3104 4606 canticum
3128 4551 3192 4602 iis
3227 4550 3315 4619 qui
3339 4549 3518 4602 inimi-

1944 4663 2031 4700 cos
2081 4639 2434 4708 débellarunt,
2469 4642 2788 4712 triumphale
2837 4642 3060 4697 dictum.
3111 4639 3293 4706 Quare
3320 4653 3519 4693 secun-

1942 4737 2072 4791 dum
2135 4734 2526 4806 Symmachum
2591 4734 2814 4796 dicitur,
2867 4731 3205 4801 Triumpltale
3253 4729 3517 4783 canticum

1941 4829 2192 4885 Davidis.
2234 4826 2341 4882 Sed
2370 4828 2535 4882 etiam
2585 4828 2716 4897 quia
2762 4825 2874 4882 Deo
2913 4825 3269 4879 victoriarum
3301 4823 3514 4876 auctori

1940 4929 2323 4985 consecratur,
2377 4919 2679 4976 secundum
2732 4919 3010 4989 Aquilam,
3063 4914 3315 4969 Victoria:
3349 4913 3518 4984 largi-

1944 5019 2046 5071 tori
2075 5015 2391 5082 modulatio,
2425 5015 2771 5070 inscribitur.

2013 5109 2178 5165 Vens.
2212 5109 2266 5162 2.
2307 5107 2438 5163 Caeli
2517 5113 2771 5160 enarrant
2817 5105 3044 5176 gloriam
3085 5105 3206 5171 Dei,
3255 5113 3306 5160 et
3355 5121 3516 5175 opera

1940 5217 2194 5256 manuum
2241 5201 2355 5270 ejus
2410 5200 2693 5254 annuntiat
2732 5198 3148 5266 ﬁrmamentum.
3197 5196 3514 5252 Doctrinam

1939 5298 2344 5369 complectitur,
2398 5310 2506 5362 qua
2573 5307 2831 5364 magnum
2891 5291 3026 5346 illud
3073 5291 3171 5346 Dei
3231 5290 3510 5360 opificium

1939 5399 2248 5448 enarratur.
2323 5387 2462 5454 Quia
2529 5386 2674 5440 enim
2748 5384 3005 5438 latentem
3077 5383 3516 5452 invisibilemque

1939 5484 2181 5538 divinam
2287 5476 2672 5542 substantiam,
2773 5475 3156 5544 incorpoream
3247 5482 3302 5529 et
3402 5485 3511 5529 non

1941 5575 2160 5639 factam,
2217 5569 2360 5642 quod
2419 5567 2735 5622 carnalibus
2787 5567 2963 5622 oculis
3020 5566 3214 5638 attingi
3289 5572 3346 5621 et
3419 5577 3514 5622 oo-

1938 5668 2129 5742 gnosci
2207 5669 2469 5732 nequeat,
2537 5658 2630 5730 qui
2711 5660 2910 5715 mentis
3003 5659 3178 5714 oculis
3254 5657 3510 5713 obcaecati

1939 5766 2118 5824 erant,
2150 5773 2181 5812 e
2206 5763 2401 5810 natura
2431 5765 2616 5805 rerum
2652 5752 3012 5823 expulerunt;
3054 5751 3182 5806 dum
3219 5749 3381 5804 atheo
3411 5748 3508 5803 im-

1941 5853 2288 5926 pioqueore,
2327 5842 2538 5900 nullum
2567 5859 2690 5901 esse
2730 5843 2922 5912 Deum,
2957 5859 3057 5902 nec
3089 5840 3366 5914 quidpiam
3393 5853 3513 5892 cor-
