3940 6292
462 361 566 418 187

1129 362 1400 421 EUSEBII
1438 363 1918 421 CAL'SARIENSIS
1958 364 2109 423 OPP.
2152 363 2332 421 PARS
2369 365 2455 419 lll.
2495 393 2566 406 -
2595 362 3007 422 EXEGETICA.

3606 368 3709 425 188

456 480 640 549 porcis
670 480 834 535 rebus
859 479 963 535 sub
1001 489 1285 551 aspectum
1319 486 1648 542 cadentibus
1676 487 2026 557 praestantius

2134 484 2416 557 ὁρωμένων
2444 503 2454 514 ·
2506 484 2796 555 αὐτομάτῳ
2827 484 2883 538 δὲ
2923 484 3018 539 καὶ
3048 484 3227 556 ἀλόγῳ
3275 486 3555 557 συντυχίᾳ,
3587 487 3711 559 εἰκῆ

452 572 719 628 exsistere
749 574 1216 642 pronuntiabant;
1248 576 1343 631 sed
1375 585 1678 646 spontaneo
1707 580 1941 649 quodam
1964 595 2027 633 ac

455 662 754 718 temerario
784 678 1063 721 concursu
1093 674 1148 721 et
1186 669 1422 737 partium
1455 684 1775 740 congressu,
1806 686 1940 727 casu
1966 686 2030 727 ac

454 754 604 809 nulla
652 758 952 813 exsistente
998 772 1189 823 causa,
1226 761 1548 817 universum
1585 763 1849 818 mundum
1893 777 2026 818 coa-

453 846 644 914 luisse,
677 849 1053 905 necessarium
1090 849 1193 906 l‘uit
1217 860 1278 907 ut
1308 854 1564 923 praesenti
1589 869 1862 921 sermone,
1886 856 2030 924 psal-

454 938 602 994 lendi
646 955 819 1004 more,
857 957 954 1011 per
986 941 1285 999 dilucidam
1331 945 1881 1012 demonstrationem,
1916 948 2029 1003 vim

452 1030 603 1085 illam
648 1047 832 1087 rerum
862 1035 1184 1092 creatricem
1224 1052 1289 1092 ac
1324 1037 1420 1093 Dei
1457 1038 1742 1093 scientiam
1776 1054 2032 1112 compro-

456 1121 633 1182 baret,
670 1121 775 1175 hoc
800 1124 1093 1179 ratiocinio
1137 1142 1294 1182 usus.
1334 1127 1644 1183 Mortalium
1677 1138 1871 1185 natura
1909 1134 2027 1188 exi-

453 1231 560 1286 gua
587 1215 895 1286 debilisque
940 1226 1044 1281 est,
1086 1216 1373 1274 hominum
1402 1222 1766 1292 cogitationes
1796 1225 2023 1296 ignavae,

453 1315 765 1378 nostraeque
797 1310 1138 1380 cognitiones
1177 1312 1402 1367 incerta:
1431 1324 1581 1369 sunt.
1625 1313 1807 1382 Quare
1836 1317 2032 1373 divinze

452 1400 639 1470 gloriae
678 1417 778 1470 pro
815 1403 1012 1457 merito
1050 1404 1371 1460 enarranda;
1411 1407 1642 1461 multum
1674 1408 1911 1478 impares
1939 1427 2033 1466 su-

454 1506 603 1547 mus.
634 1490 755 1546 Non
785 1494 932 1548 enim
962 1495 1218 1551 humanis
1250 1496 1501 1566 vocibus,
1532 1513 1641 1553 non
1672 1498 1857 1570 lingua
1908 1516 2033 1556 car-

454 1584 591 1647 nali,
625 1600 736 1640 non
765 1585 924 1641 labiis
956 1594 1190 1656 possunt
1224 1587 1387 1660 digna
1433 1604 1497 1645 ac
1538 1593 1705 1661 probe
1726 1595 2032 1665 excogitata

458 1675 526 1730 de
556 1675 668 1732 Deo
701 1678 864 1733 verba
893 1680 1192 1746 enuntiari.
1237 1680 1394 1747 Quod
1428 1684 1473 1739 si
1515 1687 1603 1738 cui
1648 1686 1888 1752 libuerit,
1918 1688 2033 1743 eili-

453 1782 644 1823 cacem
688 1769 861 1833 illam,
894 1771 1187 1825 maximam
1228 1782 1282 1828 et
1314 1772 1426 1829 Deo
1455 1775 1676 1845 dignam
1723 1778 2027 1835 doctrinam

2131 576 2226 630 καί
2253 576 2435 647 μάτην
2461 575 2520 643 ἐξ
2564 576 2819 648 οὐδεμιᾶς
2849 577 3029 640 αἰτίας
3070 577 3367 647 ὑποστῆναι
3401 578 3492 631 τὸν
3531 579 3713 635 πάντα

2130 668 2333 739 κόσμον
2347 685 2360 697 ·
2386 667 2696 737 ἀναγκαίως
2724 669 2753 721 ὁ
2773 667 2963 739 παρὼν
2986 668 3142 737 λόγος
3161 669 3249 723 διὰ
3275 670 3376 740 τῆς
3394 669 3714 742 ψαλμῳδίας

2129 758 2517 823 ἀποδεικτικῶς
2548 760 2644 814 καὶ
2676 759 2811 831 μετὰ
2838 759 3232 833 δημιουργικῆς
3261 761 3367 815 τῶν
3396 761 3532 815 ὅλων
3562 762 3713 816 δυνά-

2134 867 2280 923 μεως
2328 852 2424 923 τὴν
2472 851 2748 920 θεολογίαν
2787 852 3107 924 παρίστησι,
3134 853 3370 907 τοιοῦτόν
3397 871 3520 909 τινα
3562 853 3713 923 λογι-

2133 944 2269 1015 σμὸν
2297 943 2524 1011 διεξιών.
2550 944 2769 1016 Θνητῶν
2795 944 2894 1015 μὲν
2932 943 3090 1014 φύσις
3123 945 3292 1015 μικρά
3333 944 3591 1015 τυγχάνει
3619 945 3715 999 καὶ

2130 1033 2360 1106 ἀσθενής
2382 1051 2395 1065 ·
2433 1034 2679 1105 λογισμοί
2705 1052 2768 1086 τε
2804 1032 3105 1105 ἀνθρώπων
3133 1034 3321 1099 δειλοὶ,
3351 1035 3445 1087 καὶ
3474 1036 3713 1104 ἑπισφα-

2132 1126 2242 1190 λείς
2266 1128 2323 1180 αἰ
2359 1127 2593 1179 ἐπίνοιαι
2633 1126 2787 1197 ήμῶν
2809 1143 2822 1156 ·
2845 1126 2925 1179 διὸ
2970 1125 3216 1179 πλεῖστον
3246 1126 3368 1180 ὅσον
3411 1126 3716 1197 ἀποδέομεν

2133 1218 2230 1289 τῆς
2262 1220 2381 1271 κατ’
2407 1216 2562 1283 ἀξίαν
2581 1218 2674 1271 τοῦ
2695 1218 2827 1272 Θεοῦ
2854 1217 3175 1286 δοξολογίας.
3205 1218 3337 1270 Οὐδὲ
3375 1217 3484 1289 γάρ
3505 1217 3715 1289 ἀνθρώ-

2134 1329 2249 1365 πων
2283 1315 2507 1380 φωναῖς,
2532 1311 2652 1363 οὐδὲ
2683 1308 2897 1383 γλώττῃ
2931 1310 3131 1381 σαρκὸς
3170 1312 3263 1363 καὶ
3290 1309 3523 1381 χείλεσιν
3555 1311 3715 1365 δύνα-

2135 1404 2255 1458 σθαί
2284 1420 2413 1457 ποτε
2450 1400 2688 1474 νομίζειν
2721 1402 2943 1466 ἐπάξιον
2976 1403 3105 1473 περὶ
3145 1402 3280 1455 Θεοῦ
3325 1403 3481 1472 λόγον
3522 1404 3715 1457 ἀποδί-

2131 1496 2336 1551 δοσθαι.
2367 1496 2429 1549 Εἰ
2453 1495 2509 1548 δὲ
2538 1496 2644 1567 χρὴ
2670 1495 3015 1558 διδασκαλίας
3041 1494 3290 1566 ἑνεργοῦς
3326 1495 3419 1548 καί
3450 1495 3714 1566 μεγίστης

2133 1589 2281 1660 αὐτῷ
2312 1606 2371 1641 τε
2407 1587 2723 1660 πρεπούσης
2755 1586 2832 1657 τῷ
2859 1587 2977 1657 Θεῷ
3003 1586 3313 1650 ἐπακούειν,
3348 1586 3401 1641 εἰ
3427 1606 3508 1651 τις
3537 1587 3715 1659 ἔρρω-

2133 1698 2222 1734 ται
2247 1680 2343 1751 τῆς
2365 1680 2543 1750 ψυχῆς
2561 1679 2631 1733 τά
2669 1679 3019 1751 αἰσθητήρια,
3050 1679 3377 1733 συντεινάτω
3405 1679 3594 1732 ἑαυτὸν
3620 1679 3717 1732 καὶ

2134 1772 2451 1844 διεγειράτω
2500 1771 2634 1844 πρὸς
2669 1772 2932 1843 ἀκρόασιν
2972 1769 3208 1835 ἐπαξίως
3255 1770 3717 1842 ἀναφωνουμένην

455 1858 668 1925 audire,
711 1861 799 1914 cui
852 1862 1065 1917 scilicet
1098 1864 1298 1920 mentis
1351 1882 1548 1923 sensus
1594 1870 1872 1939 prazvalidi
1915 1870 2027 1927 fue-

2134 1866 2230 1937 τῆς
2278 1864 2737 1937 ἀπειρομεγέθους
2785 1864 3064 1934 δυνάμεως
3084 1863 3398 1935 τοῦηΘεοῦ⁶
3443 1864 3510 1935 ἢν
3558 1864 3719 1918 αὐτοὶ

453 1952 586 2018 rint,
628 1954 675 2008 is
718 1957 902 2009 animo
952 1957 1222 2023 intendat,
1277 1974 1509 2031 seseque
1563 1963 1803 2019 concitet
1850 1964 1917 2020 ad
1968 1980 2033 2021 ea

453 2047 811 2104 auscdtanda
842 2065 964 2119 quae
1017 2051 1108 2105 hic
1157 2052 1226 2107 de
1269 2053 1538 2111 immensa
1570 2055 1662 2111 illa
1697 2056 1791 2113 Dei
1828 2057 2032 2114 virtute

451 2138 739 2197 feruntur:
791 2148 1021 2214 quaeque
1052 2145 1157 2214 ipsi
1199 2146 1348 2213 εαξη,
1403 2154 1578 2203 totum
1610 2149 1667 2204 in
1700 2166 1760 2205 se
1788 2140 2032 2223 comple-

451 2240 687 2298 olentes,
714 2233 1032 2291 Creatorem
1070 2251 1230 2291 suum
1262 2239 1752 2311 universorumque
1784 2243 2032 2313 opiﬁcem

450 2324 673 2395 hymnis
711 2333 764 2381 et
812 2328 1046 2382 canticis
1107 2329 1474 2396 celebrantes,
1543 2333 1851 2402 proferunt.
1917 2333 2027 2406 lpsi

450 2430 692 2485 namque
724 2418 849 2472 caeli
899 2421 992 2489 qui
1048 2422 1291 2489 supremi
1348 2424 1595 2479 omnium
1643 2434 1794 2490 sunt,
1842 2434 1896 2483 et
1928 2428 2032 2483 sibi

453 2507 738 2576 supposito
765 2509 1110 2565 lirmamento
1140 2513 1404 2579 eminent,
1443 2517 1537 2586 qui
1568 2518 1881 2574 universam
1904 2534 2029 2575 cum

454 2598 773 2654 sensibilem
807 2607 922 2654 tum
981 2601 1261 2659 intellectu
1315 2607 1599 2675 praeditam
1627 2618 1878 2665 naturam
1914 2628 2031 2667 am-

452 2688 634 2756 biunt,
697 2690 926 2761 gloriam
985 2692 1080 2748 Dei
1129 2711 1240 2749 non
1279 2696 1465 2753 Graeca
1517 2700 1723 2771 lingua,
1770 2720 1879 2760 non
1926 2706 2031 2761 alia

454 2781 690 2838 dialecto
721 2783 1063 2854 praedicant;
1117 2789 1213 2844 sed
1256 2789 1393 2861 ipsis
1426 2795 1709 2864 operibus,
1738 2812 1837 2868 per
1869 2815 2031 2855 suum

451 2873 706 2930 videlicet
754 2885 1032 2943 ornatum,
1075 2895 1172 2949 per
1209 2884 1565 2951 concinnam,
1633 2888 2013 2946 barmonicam

451 2974 507 3022 et
536 2967 999 3038 sapientissimam
1046 2976 1521 3045 constitutionem,
1557 2990 1838 3038 auctorem
1876 2984 2028 3042 illius

346 3100 356 3109 .
452 3058 530 3111 ita
565 3065 713 3114 recte
755 3059 1236 3131 ordinatiimotus,
1286 3066 1518 3139 ejusque
1562 3071 1885 3130 immensam
1918 3075 2032 3129 vir-

452 3150 625 3221 tutem
646 3145 899 3203 edocent.
940 3148 1023 3202 Ea:
1056 3155 1421 3223 magnitudine
1460 3159 1600 3213 enim
1646 3173 1696 3216 et
1736 3164 2032 3232 pulchritu-

452 3237 573 3292 dine
597 3249 966 3295 creaturarum
1008 3248 1345 3313 proportione
1362 3252 1591 3319 quadam
1614 3265 1819 3310 creator
1847 3274 2032 3311 earum

452 3340 721 3400 spectatur
741 3333 810 3401 ⁸ος
839 3343 891 3389 et
913 3353 925 3388 :
950 3334 1250 3393 lnvisibilia
1276 3342 1461 3410 ipsius,
1494 3362 1526 3397 a
1545 3356 1790 3402 creatura
1826 3350 2029 3417 mundi,

452 3440 545 3493 per
572 3442 635 3478 ea
648 3442 776 3497 ‘qum
805 3426 950 3492 facta
982 3439 1107 3484 sunt
1139 3432 1409 3489 intellecta
1440 3438 1837 3506 conspiciuntur
1860 3458 1878 3505 ;
1901 3460 2034 3497 sem-

451 3517 663 3586 piterna
695 3534 897 3585 quoque
953 3521 1066 3586 eius
1107 3522 1272 3578 virtus
1303 3534 1352 3579 et
1387 3527 1640 3585 divinitas
1663 3532 1729 3588 ⁸¹.
1763 3532 2028 3608 Quisquis

454 3623 609 3678 ergo,
660 3609 869 3680 absque
919 3612 1031 3666 ulla
1066 3618 1331 3672 creatrice
1387 3620 1620 3686 ratione,
1673 3623 1791 3679 sine
1845 3625 2029 3681 divina

454 3700 880 3785 aliquaxvirtute,
914 3705 1084 3758 cmlos
1117 3722 1271 3761 suam
1294 3711 1609 3768 condidisse
1638 3716 2024 3785 substantiam,

452 3775 663 3847 tantain
719 3793 869 3847 illam
949 3799 1378 3867 magnitudinem
1455 3804 1729 3875 talemque
1796 3775 2025 3863 formam

454 3881 757 3937 adornasse
787 3891 966 3952 putat,
1019 3901 1083 3941 ac
1137 3888 1210 3941 ita
1246 3892 1577 3947 concinnum
1604 3895 2028 3968 ordinatumque

455 3981 665 4027 motum
698 3976 1026 4044 corporibus
1079 3979 1214 4050 ipsis
1263 3984 1541 4055 ascripsit,
1577 3987 1625 4043 is
1657 4002 1790 4044 sane
1821 3992 2023 4046 stultus

450 4069 508 4115 et
548 4060 750 4131 impius
781 4072 885 4119 est.
937 4065 1301 4132 Quamobrem
1355 4088 1450 4129 eos
1503 4076 1596 4145 qui
1652 4093 1785 4133 sana
1843 4087 2025 4135 mente

2138 1956 2498 2029 προφέρονται
2535 1958 2584 2009 οἱ
2623 1955 2713 2011 τὸν
2764 1956 3051 2027 σύμπαντα
3084 1956 3425 2028 περιέχοντες
3472 1955 3716 2028 οὐρανοὶ,

2134 2048 2226 2120 τὸν
2256 2048 2460 2102 ἑαυτῶν
2488 2048 2710 2120 κτίστην
2735 2048 2829 2102 καὶ
2851 2048 3079 2118 ποιητὴν
3098 2047 3206 2101 τῶν
3233 2048 3368 2101 ὅλων
3389 2048 3522 2102 Θεὸν
3549 2049 3716 2120 ᾠδαῖς

2137 2115 2230 2195 διίί
2264 2140 2591 2210 δοξολογίαις
2622 2115 3004 2212 ἀνυμνοῦντες.
3036 2115 3199 2194 Αὐτοὶ
3222 2139 3331 2212 γὰρ
3357 2143 3405 2193 oi
3451 2115 3716 2195 ἀνωτάτω

2137 2233 2372 2299 πάντων,
2424 2233 2515 2287 καὶ
2552 2232 2645 2286 τοῦ
2692 2231 3092 2303 ὑποϐεΰηκότος
3132 2231 3509 2304 περεώματος
3545 2234 3718 2306 ὑπερ·

2135 2326 2378 2396 κείμενοι
2424 2324 2671 2398 οὐρανοὶ,
2722 2326 2772 2378 οἰ
2824 2324 3115 2395 σύμπασαν
3153 2325 3565 2397 περιειληφότες
3617 2325 3716 2397 τὴν

2136 2416 2398 2489 αἰσθητὴν
2418 2417 2512 2470 καί⁹
2536 2415 2910 2486 πνευματικὴν
2935 2414 3132 2477 κτίσιν,
3155 2415 3252 2485 τὴν
3273 2412 3427 2478 δόξαν
3455 2412 3594 2467 Θεοῦ
3616 2414 3717 2467 οὐκ

2147 2507 2427 2581 Ἑλληνικῇ
2452 2511 2600 2580 φωνῇ
2627 2508 3003 2578 φθεγγόμενοι,
3022 2508 3129 2561 οὐδ’
3150 2509 3310 2580 ἑτέρᾳ
3330 2507 3436 2561 τινὶ
3451 2508 3719 2579 διαλέκτῳ

2133 2603 2422 2676 χρώμενοι,
2435 2602 2583 2674 αὐτῷ
2600 2602 2656 2656 δὲ
2674 2602 2819 2673 ἔργῳ
2837 2601 2925 2656 διὰ
2937 2601 3031 2655 τοῦ
3060 2602 3265 2656 ἑαυτῶν
3289 2600 3492 2673 κόσμου
3511 2602 3718 2672 καὶτῆς

2133 2694 2406 2767 εὐρύθμου
2434 2694 2527 2747 καί
2558 2694 2880 2765 ἐναρμονίου
2901 2692 2993 2746 καὶ
3022 2693 3296 2762 πανσόφου
3322 2692 3583 2756 στάσεως,
3620 2690 3715 2745 τοῦ

2134 2786 2308 2841 αἰτίου
2332 2786 2514 2850 αὐτοῖς
2535 2786 2634 2857 τῆς
2661 2784 2872 2838 τοιᾶσδε
2900 2785 3165 2856 κινήσεως
3187 2784 3286 2858 τὴν
3307 2782 3718 2854 ἀπειρομεγέθη

2133 2880 2359 2951 δύναμιν
2389 2878 2811 2933 ἑκδιδάσκουσιν.
2862 2879 2961 2932 Ἐκ
2988 2878 3100 2947 γὰρ
3123 2878 3413 2948 μεγέθους
3438 2876 3535 2930 καὶ
3567 2878 3691 2929 καλ

2134 2969 2325 3039 λονῆς
2361 2968 2698 3039 κτισμάτων
2741 2968 3051 3037 ἀναλόγως
3084 2971 3115 3022 ό
3153 2967 3572 3037 γενεσιουργὸς
3605 2967 3715 3021 αὐ-

2131 3064 2250 3119 τῶν
2272 3063 2563 3132 θεωρεῖται
2578 3079 2591 3093 ·
2619 3062 2733 3125 καὶ,
2769 3061 2845 3115 Τὰ
2864 3061 3086 3129 ἀόρατα
3105 3061 3292 3115 αὑτοῦ
3321 3059 3440 3115 ἀπὸ
3465 3060 3719 3128 κτίσεως

2133 3156 2364 3226 κόσμου
2397 3155 2520 3222 τοῖς
2552 3153 2842 3223 ποιήμασι
2878 3154 3174 3222 νοούμενα
3204 3149 3546 3220 καθορᾶται·
3578 3152 3620 3221 ἣ
3656 3171 3717 3207 τε

2136 3247 2326 3313 ἀΐδιος
2356 3246 2540 3301 αὐτοῦ
2574 3246 2825 3315 δύναμις
2856 3243 2956 3297 καί
2984 3244 3215 3312 θεότης.
3255 3245 3315 3296 Ὀ
3347 3238 3437 3298 οὖν
3469 3244 3599 3307 τοὺς
3629 3244 3716 3298 οὐ-

2140 3341 2334 3414 ρανοὺς
2376 3338 2608 3410 νομίζων
2641 3338 2762 3408 δίχα
2799 3336 2945 3400 τινὸς
2974 3335 3362 3407 δημιουργικοῦ
3414 3334 3570 3404 λόγου
3620 3336 3717 3389 καὶ

2138 3434 2288 3497 θείας
2313 3432 2441 3486 ἄνευ
2475 3432 2754 3503 δυνάμεως
2785 3431 3010 3493 ἑαυτοὺς
3044 3428 3467 3500 ὑποστήσασθαι,
3499 3429 3597 3482 καὶ
3622 3427 3714 3482 τοῦ

2134 3524 2350 3580 τοσοῦδε
2383 3524 2644 3596 μεγέθους
2683 3524 2776 3577 καὶ
2803 3523 2896 3577 τοῦ
2940 3521 3142 3575 τοιοῦδε
3175 3521 3474 3591 σχήματος,
3520 3520 3626 3600 τῆς
3656 3538 3715 3572 τε

2132 3616 2427 3681 εὐσταθοῦς
2477 3616 2570 3670 καί
2619 3617 2882 3671 εὐτάκτου
2915 3617 3181 3686 κινήσεως
3229 3615 3329 3685 τὴν
3381 3612 3561 3666 αἰτίαν
3603 3614 3715 3675 τοῖς

2135 3710 2379 3781 σώμασιν
2406 3709 2584 3762 αὐτῶν
2610 3709 2997 3780 προσγράφων,
3026 3708 3214 3779 ἄφρων
3243 3706 3339 3760 καί
3366 3706 3593 3778 ἀσεϐής.
3619 3706 3713 3759 Διὸ

2130 3804 2257 3866 τοὺς
2289 3802 2535 3873 ἔμφρονα
2565 3801 2689 3854 νοῦν
2717 3800 3087 3871 κεκτημένους
3129 3801 3395 3871 προσήκει
3426 3798 3714 3869 συνομολο-

2131 3896 2248 3963 γεῖν
2284 3892 2563 3964 μονονουχὶ
2610 3891 2796 3962 φωνῆς
2828 3890 3046 3945 ἀκούειν
3088 3890 3234 3961 ἔργῳ
3285 3889 3492 3961 βοώσης
3532 3888 3714 3943 αὐτῶν

2133 3984 2240 4038 τῶν
2282 3983 2549 4056 οὐρανῶν,
2592 3983 2691 4055 τὴν
2728 3983 3043 4054 πρέπουσαν
3083 3983 3240 4048 δόξαν
3278 3982 3715 4054 ἀναπεμπόντων

2131 4075 2208 4147 τῷ
2240 4076 2444 4129 ἑαυτῶν
2475 4078 2669 4147 ποιητῇ
2699 4078 2793 4129 καὶ
2816 4075 3129 4146 δημιουργῴ
3158 4074 3294 4145 Θεῷ.

451 4163 582 4213 sunt
618 4172 716 4227 par
752 4166 837 4213 cst
876 4177 982 4214 una
1042 4163 1312 4232 confiteri,
1359 4185 1419 4224 se
1465 4178 1675 4227 tantum
1717 4191 1827 4230 non
1885 4177 2074 4231 audire
2110 4177 2374 4230 cmlorum
2420 4188 2632 4239 vocem,
2696 4172 2783 4227 vel
2825 4171 2945 4241 ipso
2984 4184 3147 4241 opere
3183 4171 3534 4233 clamantem,
3574 4183 3712 4225 con-

452 4262 849 4325 gruentemque
890 4255 1023 4322 Deo,
1061 4259 1253 4317 factori
1289 4272 1344 4320 et
1391 4266 1573 4337 Opiﬁci
1617 4286 1739 4334 suo,
1778 4272 2006 4342 gloriam
2044 4272 2407 4327 emittentem.

529 4345 655 4401 Pari
696 4361 915 4417 quoque
950 4351 1112 4406 modo
1152 4354 1574 4423 ﬁrmamentum,
1609 4362 1756 4430 quod
1783 4362 2023 4417 secunda

2203 4326 2357 4416 Θύτω
2393 4361 2449 4415 δὲ
2479 4363 2573 4417 καί
2599 4360 2660 4414 τὸ
2691 4363 2994 4433 στερέωμα,
3024 4361 3052 4414 ὃ
3083 4361 3144 4433 δὴ
3176 4326 3414 4431 Ιίίωύσῆς
3438 4359 3583 4415 κατά
3613 4360 3711 4435 τὴν

451 4438 752 4494 creationis
782 4437 871 4494 die
904 4438 1120 4512 Moyses
1159 4441 1360 4499 factum
1408 4447 1735 4518 declaravit;
1786 4452 1890 4506 hoc
1939 4453 2025 4507 in-

2134 4452 2388 4526 δευτέραν
2410 4452 2621 4524 ἡμέραν
2644 4453 2743 4524 τῆς
2766 4453 3120 4523 κοσμοποιίας
3142 4453 3420 4521 γεγονέναι
3444 4451 3707 4525 παρίστη·

451 4543 621 4598 quam
665 4528 1089 4595 ﬁrmamentum,
1127 4535 1270 4603 quod
1306 4537 1453 4593 aliud
1495 4546 1580 4594 est
1617 4556 1646 4593 a
1670 4541 1786 4610 jam
1819 4558 2024 4600 memo-

2134 4547 2224 4601 καί
2256 4546 2412 4599 τοῦτο
2455 4544 2742 4618 τοιγαροῦν
2781 4546 2842 4599 τὸ
2888 4545 3190 4616 στερέωμα,
3239 4544 3422 4616 ἕτερον
3463 4543 3521 4598 ὃν
3554 4543 3711 4617 παρὰ

454 4619 806 4686 ratis.cmlis,
834 4622 1091 4678 omnibus
1123 4626 1402 4694 praedicat,
1443 4635 1498 4683 et
1523 4630 1774 4686 similiter
1801 4632 2020 4702 clamat,

457 4709 798 4779 indicatque,
853 4724 914 4765 se
951 4726 1060 4765 non
1096 4720 1397 4782 spontanea
1443 4716 1739 4773 coalitione
1770 4718 1827 4773 in
1861 4720 2023 4775 talem

456 4798 686 4854 formam
717 4800 1049 4867 deductum;
1097 4803 1193 4858 sed
1223 4818 1361 4875 opus
1391 4821 1515 4862 esse
1559 4808 1804 4865 omnium
1842 4825 2026 4867 rerum

456 4889 759 4945 conditoris
791 4889 905 4944 Dei.
957 4890 1324 4957 Quamobrem
1355 4895 1563 4951 dictum
1602 4906 1719 4955 est:
1775 4899 1845 4954 Et
1867 4917 2025 4971 opera

456 4993 709 5034 manuum
729 4983 843 5051 ejus
884 4985 1168 5039 annuntiat
1208 4987 1621 5056 ﬁrmamentum.
1653 4989 1889 5049 Noverat
1925 5010 2025 5050 au-

455 5074 566 5124 tem
609 5070 844 5142 Moyses,
884 5082 1009 5131 ante
1048 5077 1374 5135 ﬁrmamenti
1414 5086 1879 5141 constructionem
1906 5101 2022 5141 cm-

456 5159 591 5225 lum,
641 5163 727 5217 vel
762 5164 1080 5237 priusquam
1135 5169 1254 5226 dies
1296 5172 1467 5240 ﬁeret,
1500 5176 1781 5231 conditum
1813 5177 2021 5245 fuisse;

456 5265 583 5305 nam
624 5250 785 5307 dicit:
832 5254 897 5309 In
938 5259 1200 5331 principio
1232 5261 1357 5330 fecit
1406 5264 1546 5320 Deus
1594 5267 1783 5321 caelum
1830 5278 1881 5322 et
1914 5278 2023 5323 ter-

456 5344 665 5398 ram".
713 5344 792 5401 Ac
833 5349 1090 5422 deinceps
1137 5363 1261 5424 post
1304 5358 1541 5426 primum
1578 5361 1778 5414 coelum
1828 5362 2020 5417 condi-

456 5442 593 5499 tum,
624 5436 763 5492 lucis
793 5440 901 5495 vim
930 5460 993 5498 ac
1031 5448 1363 5502 creationem
1397 5449 1573 5515 aﬁ‘ert,
1605 5452 1874 5523 docetque
1914 5455 2021 5509 luci

458 5525 567 5582 diei
616 5546 815 5587 nomen
863 5533 1117 5595 inditum.
1168 5538 1478 5611 factumque
1536 5540 1706 5597 fuisse
1768 5559 1928 5600 mane
1969 5557 2023 5601 et

456 5634 678 5689 vespere
704 5623 847 5680 diem
878 5627 1133 5696 primum.
1178 5629 1369 5687 Postea
1402 5633 1499 5701 ubi
1533 5635 1830 5690 secundam
1864 5638 2017 5693 ordi-

530 5773 573 5807 '°
599 5776 726 5850 Sap.
782 5795 902 5850 xm,
937 5782 988 5836 5.
1066 5783 1109 5816 ⁸⁸
1137 5783 1294 5841 Rom.
1340 5804 1374 5858 ι,
1412 5790 1500 5845 ‘20.
1579 5793 1620 5825 ⁸²
1647 5791 1841 5853 Gcncs.
1880 5812 1921 5861 ι,
1973 5794 2006 5850 l.

2128 4635 2255 4697 τοὺς
2289 4634 2815 4705 προωνομασμένους
2840 4634 3121 4706 οὐρανοὺς,
3152 4634 3408 4706 κηρύττει
3429 4637 3542 4698 τοῖς
3572 4637 3709 4688 πᾶσι

2134 4726 2227 4779 καὶ
2254 4724 2491 4797 κέκραγε
2523 4724 2808 4789 διδάσκων,
2855 4727 2936 4780 ὅτι
2970 4726 3044 4798 μὴ
3068 4727 3128 4792 ἐξ
3170 4727 3474 4799 αὐτομάτου
3504 4728 3708 4783 τοιόνδε

2136 4816 2341 4886 ὑπέστη
2367 4831 2378 4842 ·
2405 4816 2566 4886 ἔργον
2591 4816 2648 4869 δέ
2687 4818 2802 4870 ἑστι
2830 4818 2923 4871 καί⁸
2967 4818 3100 4873 αὐτὸ
3129 4817 3222 4871 τοῦ
3242 4819 3351 4872 τῶν
3388 4819 3523 4872 ὅλων
3552 4835 3708 4889 ποιη-

2131 4905 2226 4960 τοῦ
2259 4905 2424 4958 Θεοῦο
2478 4906 2559 4960 διὸ
2603 4906 2852 4978 εἴρηται·
2884 4909 3139 4976 Ποίησιν
3168 4907 3236 4961 δὲ
3276 4908 3490 4987 χωρῶν
3517 4906 3706 4962 αὐτοῦ

2131 4995 2486 5065 ἀναγγέλλει
2516 4997 2582 5051 τὸ
2615 4998 2933 5069 στερέωμα.
2971 4995 3091 5052 Οἵδε
3120 5000 3176 5053 δὲ
3204 5000 3444 5069 Μωῡσῆς
3473 4999 3579 5071 πρὸ
3605 4998 3706 5068 τῆς

2131 5088 2224 5142 τοῦ
2267 5089 2644 5160 στερεώματος
2684 5091 2993 5157 συστάσεως
3024 5091 3248 5165 οὐρανὸν
3290 5092 3553 5163 πρότερον
3604 5090 3705 5160 τῆς

2132 5182 2342 5253 ἡμέρας
2374 5182 2754 5254 γεγενημένον,
2789 5184 2987 5253 λέγων·
3032 5186 3135 5239 Ἐν
3159 5183 3316 5252 ἀρχῇ
3352 5184 3641 5251 ἐποίησεν
3670 5186 3706 5237 ό

2136 5275 2278 5340 Θεὸς
2325 5275 2430 5329 τόν
2451 5276 2709 5344 οὐρανὸν
2741 5276 2838 5331 καὶ
2870 5276 2983 5346 τὴν
3009 5276 3140 5348 γῆν.
3178 5277 3334 5347 Ἑξῆς
3371 5276 3416 5330 δ’
3445 5272 3536 5331 οῦν
3567 5273 3703 5347 μετά

2128 5364 2226 5437 τὴν
2253 5367 2468 5438 ποίησιν
2495 5366 2589 5420 τοῦ
2619 5366 2832 5437 πρώτου
2859 5368 3087 5439 οὐρανοῦ
3118 5367 3294 5438 φωτὸς
3313 5368 3521 5437 εἰσάγει
3549 5366 3701 5419 δύνα-

2135 5477 2224 5530 μιν
2244 5460 2337 5513 καὶ
2348 5459 2580 5527 γένεσιν,
2607 5460 2820 5531 ἡμέραν
2839 5477 2897 5512 τε
2920 5459 3161 5513 διδάσκει
3174 5458 3234 5512 τὸ
3252 5459 3364 5528 φῶς
3383 5458 3699 5525 κεκλῆσθαι,

2130 5552 2408 5620 γεγονέναι
2429 5569 2487 5604 τε
2516 5553 2724 5622 πρωΐαν
2746 5553 2880 5623 φησί
2906 5552 3001 5604 καὶ
3033 5551 3291 5621 ἑσπέραν,
3319 5550 3529 5623 ἡμέραν
3548 5550 3697 5621 μίαν.

2128 5637 2261 5696 Εἶτα
2272 5641 2525 5713 δευτέρας
2540 5640 2748 5714 ἡμέρας
2762 5642 3078 5714 ἀρχόμενος,
3091 5642 3189 5714 τὴν
3210 5641 3301 5695 τοῦ
3325 5638 3698 5713 στερεώματοσ
