3940 6292
243 371 358 430 I89

1424 371 1930 431 COMMENTARIA
1963 371 2034 428 1N
2073 371 2412 431 PSALMOS.

3425 385 3528 440 190

235 483 464 551 εἰσάγει
492 481 741 554 ποίησιν.
785 483 906 540 Οἵδε
935 485 996 539 δὲ
1023 486 1056 557 ἠ
1081 485 1270 558 Γραιςοὴ
1299 486 1394 540 καὶ
1448 487 1664 550 πλειους
1693 489 1838 558 οὐραε

1962 493 2052 540 tur
2085 487 2248 552 diem,
2281 489 2612 542 ﬁrmamenti
2630 489 2958 547 creationem
2985 493 3209 550 inducit.
3247 495 3530 569 Scriptura

237 575 380 639 νοὺς
399 593 412 605 ·
445 575 529 629 διο
563 594 766 647 φησιν·
799 577 1024 632 Αἰνεῖτε
1053 577 1160 631 τὸν
1188 579 1406 646 Κύριον
1427 577 1496 632 ἐκ
1533 577 1650 632 τῶν
1675 581 1851 647 viapa-

237 667 412 722 νῶν·
455 669 552 722 καὶ
607 667 804 722 πάλιν·
841 668 1068 723 Αἰνεῖτε
1113 669 1298 722 αὐτὸν
1345 671 1400 724 al
1451 669 1692 736 οὐρανοὶ
1739 668 1857 722 τῶν

237 759 560 829 mima-(Tw,
591 761 692 816 καὶ
724 763 792 814 τὸ
823 761 976 830 ὕδωρ
1001 763 1064 816 τὸ
1105 761 1380 830 ὑπεράνω
1413 761 1530 815 τῶν
1549 762 1850 829 οὐρανῶν·

237 856 344 909 καὶ
375 855 624 926 ἀλλαχοῦ
667 855 914 928 εἴρηται·
957 857 1017 908 '0
1045 855 1302 924 οὐρανὸς
1339 856 1445 910 τοῦ
1487 857 1746 925 οὐρανοῦ
1775 857 1856 924 τῷ

235 948 475 1016 Κυρίῳ.
491 949 602 1002 Καὶ
613 949 676 1001 τὸ
689 949 971 1020 στερέωμα
984 949 1242 1020 κέκληται
1258 949 1504 1020 οὐρανὸς,
1519 951 1612 1002 καὶ
1627 952 1656 1004 ὁ
1667 951 1855 1022 Σωτήρ

235 1039 348 1110 τὴν
385 1041 672 1111 βασιλείαν
704 1041 812 1094 τῶν
847 1041 1090 1113 οὐρανῶν
1139 1043 1548 1110 ἐπαγγέλλεται,
1579 1043 1672 1096 καὶ
1699 1046 1756 1096 ἐν
1787 1047 1851 1116 τῇ

235 1133 388 1205 εὐχῇ
409 1133 656 1188 διδάσκει
673 1137 846 1188 εἰπεῖν
863 1152 876 1165 ·
896 1135 1086 1202 Πάτερ
1103 1137 1141 1202 σὴ
1141 1135 1272 1203 μῶν
1283 1139 1315 1188 ό
1331 1137 1400 1188 ἐν
1417 1135 1540 1202 τοῖς
1555 1137 1851 1204 οὐρανοῖς,

235 1226 366 1290 καὶ,
399 1228 472 1279 Αἰ
501 1225 790 1296 δυνάμεις
823 1225 943 1280 τῶν
973 1226 1246 1294 οὐρανῶν
1273 1226 1777 1294 σαλευθήσονται.

337 1405 566 1474 Ἡμέρα
585 1405 660 1474 τῇ
683 1405 870 1474 ἡμέρᾳ
894 1407 1194 1476 ἐρεύγεται
1209 1407 1395 1478 ῥῆμα,
1423 1411 1518 1465 καὶ
1545 1411 1660 1476 νὺξ
1679 1413 1853 1467 νυκτὶ

233 1497 623 1567 ἀναγγέλλει
667 1497 914 1568 γνῶσιν.
957 1499 1205 1554 Διδάσκει
1261 1503 1446 1573 ἡμέρα
1491 1505 1584 1556 καὶ
1613 1505 1850 1564 διδάσκει

231 1589 344 1654 νὺξ
375 1590 514 1642 τοὺς
553 1589 836 1653 ἐθέλοντας
875 1590 1241 1656 παιδεύεσθαι,
1275 1593 1374 1664 ὅση
1402 1593 1487 1657 τίς
1526 1595 1673 1649 ἐστιν
1701 1597 1733 1666 ή
1767 1615 1852 1650 σο-

231 1681 346 1748 φία
385 1684 420 1752 ἡ
455 1681 700 1752 άῤῥητος
737 1681 833 1734 καὶ
864 1682 1232 1754 ἀπερίληπτος
1270 1685 1498 1756 δύναμις
1519 1687 1612 1740 τοῦ
1645 1689 1712 1742 τὰ
1738 1689 1851 1743 δια-

233 1775 348 1844 στή
359 1792 520 1844 ματα
557 1775 664 1828 τῶν
691 1775 898 1847 χρόνων
939 1779 1451 1850 καταμετρήσαντος
1486 1781 1669 1845 αὐτοῖς
1692 1783 1846 1836 Θεοῦ.

1963 591 2090 630 vero
2121 578 2430 647 complures
2456 579 2624 634 ccelos
2670 580 2822 634 novit
2853 581 3236 655 admittitque;
3268 590 3532 658 quocirca

1961 667 2118 724 dicit:
2167 669 2408 724 Laudate
2461 670 2748 726 Dominum
2793 674 2856 728 de
2887 677 3028 730 caelis
3049 678 3131 745 iis;
3164 693 3226 734 ac
3266 697 3525 740 rursum:

1959 758 2202 815 Laudale
2246 779 2385 824 eum.
2443 765 2560 818 cwli
2617 765 2889 832 cwlorum,
2925 777 2972 822 el
3007 785 3145 838 aqua
3199 776 3366 828 cannis
3413 791 3532 845 qua:

1959 867 2114 920 super
2146 853 2298 908 emtas
2339 864 2416 910 est
2435 856 2500 910 ⁸⁸.
2551 857 2693 912 Alibi
2745 875 2962 930 quoque
3007 861 3214 916 dictum
3255 867 3526 925 occurrit:

1959 939 2168 997 Crelum
2216 945 2328 998 caeli
2385 945 2705 1002 Domino".
2763 947 3192 1006 Firmamentum
3245 955 3374 1010 item
3416 972 3528 1013 cae—

1958 1034 2068 1087 lum
2097 1045 2346 1102 vocatur,
2384 1046 2438 1092 et
2471 1037 2723 1093 Salvator
2755 1057 2980 1111 regnum
3012 1045 3278 1099 canorum
3313 1047 3532 1116 pollice-

1955 1131 2066 1190 tur,
2096 1142 2160 1180 ac
2199 1129 2271 1181 ita
2303 1131 2638 1199 precandum
2671 1147 2800 1188 esse
2831 1134 3102 1189 instituit:
3133 1135 3294 1192 Pater
3329 1149 3528 1206 uoster,

1954 1220 2044 1288 qui
2087 1237 2140 1274 es
2163 1223 2213 1275 in
2269 1223 2498 1286 caelis“;
2545 1231 2599 1278 et
2631 1242 2643 1277 :
2681 1223 2910 1280 Virtutes
2957 1227 3206 1281 cwlorum
3239 1231 3523 1286 movebun-

1955 1319 2042 1363 tur
2063 1313 2128 1342 87.

2025 1399 2270 1457 V’Ens.5.
2323 1403 2446 1458 Dies
2489 1404 2597 1458 diei
2633 1415 2838 1460 eructat
2884 1407 3116 1474 uerbum,
3159 1421 3209 1464 et
3243 1427 3348 1464 non:
3387 1415 3528 1466 nocti

1953 1494 2154 1549 indicat
2202 1497 2500 1550 scientiam.
2553 1497 2722 1554 Docet
2771 1501 2912 1566 dies,
2944 1502 3103 1556 docet
3141 1503 3380 1574 itemque
3419 1521 3528 1560 nox

1952 1603 2048 1642 eos
2071 1589 2164 1658 qui
2199 1589 2414 1644 institui
2445 1599 2756 1661 perOptant,
2793 1609 2960 1668 quam
2991 1595 3281 1650 inell‘abilis
3307 1599 3526 1668 sapien-

1952 1681 2048 1743 tia,
2101 1696 2266 1752 quam
2298 1667 2872 1752 incomprehensibilis
2925 1687 3104 1742 virtus
3150 1688 3220 1744 sit
3277 1667 3392 1756 Dei,
3429 1693 3520 1762 qui

1953 1771 2086 1842 ipsis
2123 1782 2427 1844 temporum
2474 1776 2760 1830 intervalla
2803 1776 3084 1834 dimensus
3118 1789 3224 1835 est.
3281 1780 3338 1835 Si
3369 1796 3525 1836 nam-

231 1866 298 1918 Ei
337 1867 452 1936 μὲν
483 1867 596 1938 γὰρ
637 1868 824 1938 μηδεὶς
863 1863 932 1939 ἦν
961 1871 988 1922 ὁ
1025 1869 1120 1921 καὶ
1146 1870 1370 1935 ταύταις
1399 1871 1566 1944 ὥραις
1603 1873 1696 1926 καὶ
1724 1874 1838 1946 χρόα

1952 1881 2058 1934 que
2111 1867 2295 1922 nullus
2344 1877 2490 1922 esset
2538 1869 2632 1938 qui
2691 1869 2776 1924 his
2809 1873 3232 1940 tempestatibus
3263 1875 3434 1944 spatia
3469 1882 3526 1930 et

227 1973 372 2020 νους
410 1959 511 2010 καὶ
558 1958 784 2029 καιροὺς
831 1958 1243 2030 διαταξάμενος,
1279 1962 1598 2036 ἀπρονοήτῳ
1645 1964 1702 2016 δὲ
1754 1965 1849 2018 καὶ

229 2051 433 2122 ἀλόγῳ
457 2055 677 2124 κινήσει
703 2055 844 2109 κατά
863 2072 914 2108 τι
939 2055 1202 2126 σύμϐαμα
1231 2060 1514 2128 τυχιμαῖον
1563 2058 1847 2128 ὑφεστῶτα

229 2141 300 2216 ἦν
321 2163 336 2175 ·
374 2147 560 2218 ἐχρῆν
585 2147 754 2218 δήπου
787 2149 860 2220 μή
891 2152 962 2202 τά
993 2147 1082 2201 ἴσα
1121 2149 1464 2220 διαστήματα
1489 2151 1596 2204 τῶν
1627 2151 1845 2223 ἡμερῶν

231 2240 326 2292 διὰ.
357 2241 574 2304 παντὸς
613 2240 708 2294 τοῦ
739 2241 934 2305 αἰῶνος
977 2243 1295 2312 ὑφεστάναι,
1338 2243 1370 2314 ἢ
1408 2245 1847 2314 συγκεχυμένους

231 2329 432 2381 αὐτῶν
477 2325 620 2383 εἶναι
651 2332 778 2394 τοὺς
823 2333 1066 2402 καιροὺς,
1103 2333 1197 2385 καὶ
1226 2333 1326 2396 τὰς
1357 2333 1556 2398 νύκτας
1584 2335 1640 2387 δὲ
1668 2334 1848 2387 ὡσαύ-

231 2439 352 2488 τως
375 2423 508 2494 εἱκῆ
529 2426 625 2479 καὶ
641 2425 715 2489 ὡς
740 2425 928 2496 ἔτυχεν
951 2427 1229 2498 φέρεσθαι.
1257 2427 1504 2496 ’Λλογίας
1522 2427 1628 2500 γὰρ
1643 2429 1844 2500 ἀδελφὴ

234 2515 474 2580 ἀταξία,
507 2517 601 2568 καὶ
636 2515 714 2587 τῷ
735 2518 1008 2589 τυχιμαίῳ
1035 2518 1226 2570 ’ἐπει-αι
1259 2518 1515 2590 σύγχυσις
1534 2537 1546 2548 ·
1572 2520 1647 2582 ὡς
1670 2519 1847 2590 ἔμπα-

235 2607 333 2660 λιν
371 2608 552 2678 πάσης
583 2608 836 2674 εὐταξίας
887 2611 1096 2678 ἡγεῖται
1149 2611 1323 2680 λόγος,
1373 2613 1634 2684 ἁρμονίας
1663 2631 1722 2666 τε
1750 2613 1847 2667 καὶ

239 2703 576 2770 συμφωνίας
599 2705 810 2774 ἡγεῖται
841 2705 1017 2773 σοφία.
1063 2707 1122 2758 Al
1148 2705 1328 2758 τοίνυν
1353 2705 1557 2760 τούτων
1587 2707 1724 2780 πρὸς
1751 2707 1845 2760 άλ-

235 2795 420 2866 λήλας
463 2799 692 2869 ἀμοιϐαὶ
739 2801 833 2854 καὶ
867 2801 1262 2874 ὑποχωρήσεις,
1306 2803 1434 2856 ποτὲ
1485 2803 1582 2874 μὲν
1621 2804 1844 2876 ἡμερῶν

242 2895 674 2964 μηκυνομένων,
717 2896 1118 2968 ὑποχωρουσῶν
1147 2898 1204 2950 δὲ
1237 2898 1417 2951 αὐτῶν
1448 2898 1677 2964 νυκτῶν,
1712 2898 1842 2951 ποτὲ

231 2987 294 3039 δὲ
324 2987 442 3040 τῶν
467 2989 678 3042 νυκτῶν
719 2989 780 3043 τὸ
827 2991 1342 3064 προδεδανεισμένον
1376 2994 1532 3064 χρέος
1570 2995 1709 3047 κατὰ
1742 2995 1842 3067 τὴν

232 3081 350 3133 τῶν
379 3081 548 3152 ὡρῶν
578 3082 805 3154 αὔξησιν
827 3085 1348 3156 ἁπολαμϐανουσῶν,
1385 3089 1663 3158 μονονουχὶ
1686 3087 1844 3157 φθέγ-

234 3189 436 3240 γονται
487 3174 582 3226 καὶ
615 3173 834 3228 λαλοῦσι
885 3176 1096 3250 μεγάλῃ
1136 3180 1288 3249 φωνῇ
1321 3181 1387 3249 τῇ
1432 3181 1690 3251 πανσόφῳ
1721 3181 1838 3234 δια-

233 3263 400 3326 τάξει
431 3263 530 3316 τοῦ
573 3264 683 3316 τῶν
709 3265 846 3318 ὅλων
884 3267 1258 3339 μαρτυροῦσαι
1294 3268 1452 3333 Θεοῦ,
1496 3272 1588 3324 καὶ
1635 3272 1838 3344 κηρύτ-

233 3373 432 3408 τουσιν
467 3356 778 3430 ἀνθρώποις
814 3359 912 3430 τὴν
945 3359 1040 3412 τοῦ
1071 3360 1206 3414 Θεοῦ
1237 3362 1464 3430 γνῶσιν·
1499 3362 1640 3416 οὕτω
1667 3365 1724 3417 δὲ
1751 3383 1841 3418 κε-

235 3447 516 3517 κραγὸσιν
569 3449 753 3514 αὐτοῖς
804 3449 986 3522 ἔργοις
1035 3454 1090 3504 αἱ
1147 3451 1251 3504 τῶν
1304 3453 1529 3526 ἡμερῶν
1581 3455 1676 3508 καὶ
1733 3453 1840 3510 τῶν

237 3539 464 3592 νυκτῶν
516 3541 691 3608 φωναὶ
740 3545 852 3606 τοῖς
895 3543 1110 3596 ἐπαΐειν
1161 3544 1338 3597 αὐτῶν
1380 3546 1716 3616 δυναμένοις,
1765 3548 1841 3612 ὡς

243 3631 524 3703 μηδεμίαν
565 3633 734 3705 ἀκοὴν
775 3633 1055 3688 λανθάνειν
1084 3635 1181 3708 τὴν
1202 3636 1542 3692 διδασκαλίαν
1567 3639 1762 3694 αὐτῶν.

311 3811 688 3883 Πεπλήρωται
715 3811 845 3880 γοῦν
869 3813 902 3884 ἡ
931 3814 1189 3884 σύμπασα
1218 3812 1326 3865 τῶν
1346 3814 1645 3886 ἀνθρώπων
1671 3818 1840 3870 οἰκου-

240 3903 388 3974 μένη
421 3901 526 3971 τῆς
552 3902 825 3975 εὐρύθμου
855 3905 950 3958 καὶ
971 3904 1262 3975 ἀμοιὸαίας
1292 3905 1470 3958 αὐτῶν
1495 3908 1712 3977 χορείας
1734 3926 1748 3940 ·
1771 3909 1836 3962 δι’

234 3995 272 4050 ἃ.
319 3995 610 4049 λέλεκται·
645 3999 766 4051 Οὐκ
815 3997 932 4050 εἰσὶ
967 3997 1173 4050 ,καλιαί
1214 3997 1353 4051 οὐδὲ
1396 4000 1562 4068 λόγοι
1590 3993 1677 4053 ὧν
1702 4002 1838 4070 οὐχὶ

235 4087 572 4142 ἀκούονται
603 4091 662 4141 αἱ
700 4089 890 4157 φωναὶ
928 4087 1146 4142 αὐτῶν.
1193 4090 1295 4154 Εἰς
1328 4087 1537 4144 πᾶσαν
1559 4090 1674 4158 τὴν
1720 4089 1838 4160 γῆν

233 4180 512 4250 ἐξῆλθεν
538 4183 572 4234 o'
601 4182 861 4250 φθόγγος
892 4181 1110 4247 αὐτῶν,
1138 4181 1234 4236 καὶ
1265 4183 1352 4248 εἰς
1385 4180 1457 4234 τὰ
1478 4181 1703 4250 πέρατα
1727 4182 1837 4252 τῆς

235 4271 608 4340 οἰκουμένης
647 4271 720 4325 τὰ
755 4271 986 4340 ῥήματα
1015 4271 1248 4326 αὐτῶν·
1297 4271 1452 4343 δῆλον
1485 4273 1562 4337 δὲ,
1601 4275 1684 4327 ὅτι
1727 4275 1835 4328 τῶν

239 4361 476 4434 ἡμερῶν
505 4361 600 4414 καὶ
628 4361 740 4414 τῶν
763 4360 994 4425 νυκτῶν,
1027 4360 1134 4414 τῶν
1177 4377 1238 4413 τε
1281 4359 1688 4430 διηγουμένων
1721 4361 1836 4430 τὴν

241 4455 350 4509 τοῦ
382 4453 534 4508 Θεοῦ
557 4453 746 4518 δόξαν
769 4455 1032 4524 οὐρανῶν,
1060 4453 1152 4506 καὶ
1178 4449 1273 4504 τοῦ
1302 4449 1416 4519 τὴν
1441 4453 1690 4520 ποίησιν
1717 4451 1836 4506 τῶν

241 4547 464 4617 χειρῶν
495 4547 680 4602 αὐτοῦ
717 4547 1191 4618 ἐξαγγέλλοντος
1229 4543 1626 4616 στερεώματος.
1665 4545 1834 4599 Ἔνθα

239 4641 296 4693 δὲ
327 4641 610 4711 γενομένῳ
661 4658 750 4711 μοι
800 4639 1100 4709 θαυμάζειν
1157 4637 1387 4700 ἔπεισιν,
1422 4637 1571 4700 ὅπως
1609 4638 1638 4689 ὁ
1691 4637 1832 4707 ἱερὸς

237 4733 545 4796 ἀπόστολος
567 4733 627 4784 τό
651 4750 664 4762 ·
687 4734 791 4798 Εἰς
818 4730 1023 4786 πᾶσαν
1043 4731 1158 4799 τὴν
1182 4729 1298 4800 γῆν
1323 4727 1582 4796 ἐξῆλθεν
1606 4732 1639 4782 ὁ
1661 4730 1831 4799 φθόγ-

243 4844 350 4896 γος
381 4824 602 4888 αὐτῶν,
638 4823 738 4879 καὶ
773 4827 861 4890 εὶς
889 4823 960 4877 τὰ
989 4823 1213 4893 πέρατα
1234 4821 1344 4891 τῆς
1372 4821 1729 4891 οἰκουμένης
1756 4823 1828 4874 τὰ

235 4919 483 4988 ῥήματα
503 4917 722 4984 αὐτῶν,
754 4918 848 4969 ἐπὶ
878 4917 1001 4979 τοὺς
1049 4915 1294 4987 μαθητὰς
1323 4915 1416 4969 καὶ
1441 4909 1830 4982 εὐαγγελιστάς

243 5014 340 5066 καὶ
387 5012 718 5074 ὤτοιν-τύλους
745 5009 838 5063 τοῦ
875 5011 1124 5080 Σωτῆρος
1160 5007 1316 5080 ἡμῶν
1347 5008 1644 5078 ἀνήνεγκεν
1678 5007 1734 5057 ὲν
1765 5005 1829 5074 τῇ

246 5107 382 5178 πρὸς
420 5105 728 5176 Ῥωμαίους
745 5103 1049 5173 Ἐπιστολῇ.
1097 5101 1431 5171 Ἐπιστήσας
1461 5099 1519 5152 δὲ
1565 5098 1656 5150 τὸν
1705 5095 1828 5148 νοῦν

253 5201 318 5268 τῇ
339 5197 672 5266 ἁποστολικῇ
697 5193 860 5258 λέξει,
884 5193 1088 5266 σφόδρα
1109 5191 1349 5264 ἀκριϐῶς
1369 5186 1526 5263 εὗρον
1551 5189 1712 5244 αὐτὸν
1741 5205 1832 5279 κα-

185 5325 188 5327 λ
251 5289 597 5361 ταχρηστικῷ
613 5287 801 5360 τρόπῳ
816 5287 1085 5358 εὐκαίρως
1101 5285 1198 5357 τὴν
1214 5285 1513 5356 παράθεσιν
1529 5299 1727 5352 πεποιη
1736 5281 1830 5352 μέ-

249 5401 352 5438 νον·
380 5386 439 5438 οὐ
474 5385 584 5456 γὰρ
613 5383 798 5454 ῶσπερ
825 5381 952 5436 ποτὲ
970 5381 1068 5451 μὲν
1090 5379 1220 5451 ἔφη’
1263 5379 1511 5443 Ἡσαΐας
1529 5377 1596 5430 δὲ
1633 5374 1825 5445 κράζει

248 5477 392 5546 ὑπὲρ
441 5477 551 5532 τοῦ
616 5475 884 5545 Ἰσραὴλ,
938 5473 1070 5527 ποτὲ
1122 5473 1200 5535 δὲ,
1229 5469 1424 5534 καθὼς
1475 5468 1826 5536 προείρηκεν

257 5567 492 5638 Ἡσαΐας
512 5587 526 5602 ·
551 5571 648 5623 καὶ
676 5567 866 5622 πάλιν
898 5567 1101 5631 Καθὼς
1128 5564 1446 5635 γέγραπται
1463 5575 1479 5591 ο
1508 5559 1603 5614 καὶ
1635 5555 1790 5622 αὖθις
1808 5576 1819 5586 ·

1951 1959 2244 2014 intersuitia
2275 1959 2642 2030 .destinasset,
2676 1961 2770 2016 sed
2813 1964 3103 2016 temerario
3131 1972 3184 2018 et
3212 1965 3525 2022 inconside-

1950 2054 2070 2100 rato
2101 2055 2252 2104 motu
2303 2059 2469 2121 atque
2523 2067 2658 2107 casu
2707 2054 2962 2123 quopiam
3011 2067 3126 2108 nare
3151 2057 3517 2123 exsisterent;

1947 2150 2220 2210 oporteret
2255 2159 2386 2200 sane
2425 2159 2534 2198 non
2554 2145 2854 2215 aequalibus
2887 2147 3080 2215 spatiis
3123 2147 3240 2202 dies
3267 2163 3294 2200 a
3321 2151 3524 2204 saeculo

1949 2233 2230 2288 ordinatas
2271 2234 2459 2302 fuisse,
2502 2243 2596 2290 aut
2641 2235 2871 2291 confusa
2906 2251 3117 2294 earum.
3158 2239 3523 2310 similiterque

1946 2325 2188 2379 noctium
2213 2335 2482 2397 tempora,
2521 2343 2654 2382 casu
2691 2344 2754 2382 ac
2781 2329 3004 2383 fortuito
3033 2331 3258 2384 revolvi.
3307 2331 3520 2388 Etenim

1947 2419 2238 2472 temerario
2291 2422 2446 2474 casui
2501 2420 2762 2474 ﬁnitimus
2817 2431 2902 2476 est
2945 2421 3260 2477 inconditus
3325 2439 3510 2479 rerum

1947 2517 2148 2574 status,
2203 2517 2256 2565 et
2315 2510 2601 2566 fortuitam
2654 2527 2766 2566 rem
2824 2514 3074 2582 sequitur
3119 2513 3407 2582 confusio;
3462 2523 3522 2572 ut

1946 2601 2065 2656 vice
2099 2617 2259 2656 versa
2286 2613 2495 2658 rectum
2543 2604 2791 2657 ordinem
2849 2608 2988 2658 ratio
3029 2605 3237 2676 dirigit,
3277 2623 3518 2664 concen-

1945 2699 2172 2761 tumque
2214 2707 2279 2747 ac
2309 2692 2660 2747 concordiam
2733 2709 2916 2748 rerum
2969 2696 3238 2764 sapientia
3286 2697 3521 2752 admini-

1947 2790 2107 2840 strat.
2149 2783 2347 2838 Mutua:
2395 2800 2530 2838 sane
2575 2785 2794 2838 illorum
2843 2786 3251 2842 vicissitudines
3282 2797 3336 2843 et
3382 2805 3520 2844 con-

1943 2877 2223 2930 cessiones
2247 2891 2262 2940 ;
2291 2891 2418 2928 nam
2451 2876 2614 2930 modo
2641 2877 2782 2938 dies,
2808 2877 3142 2933 concedente
3181 2887 3360 2944 nocte,
3391 2896 3516 2950 pro-

1943 2967 2166 3021 lixiores
2207 2975 2358 3032 sunt,
2395 2967 2556 3022 modo
2585 2977 2774 3023 noctes
2803 2969 3046 3023 debitum
3089 2985 3152 3024 ac
3184 2981 3376 3026 mutuo
3417 2973 3512 3027 da-

1943 3066 2058 3112 tum
2097 3059 2332 3128 spatium
2364 3066 2524 3112 aucta
2563 3059 2740 3113 hieme
2775 3075 2840 3114 ac
2884 3067 3203 3130 tempestate
3233 3073 3514 3132 repetunt;

1945 3150 2080 3214 haec,
2117 3151 2367 3219 inquam,
2423 3157 2636 3203 tantum
2691 3165 2802 3204 non
2850 3151 3244 3216 vociferantur,
3305 3169 3368 3208 ac
3417 3170 3516 3210 ceu

1867 3233 1908 3289 C
1945 3243 2091 3296 edito
2123 3243 2366 3297 clamore
2423 3242 2902 3311 sapientissimum
2941 3243 3091 3296 illum
3128 3245 3195 3299 ab
3235 3247 3519 3302 universo-

1943 3353 2062 3391 rum
2111 3335 2223 3392 Deo
2277 3339 2636 3390 constitutum
2701 3336 2954 3390 ordinem
2993 3337 3381 3406 depraedicant,
3417 3341 3519 3395 ho-

1943 3429 2292 3500 minibusque
2354 3427 2448 3484 Dei
2531 3431 2781 3484 notitiam
2847 3431 3200 3485 annuntiant.
3279 3429 3370 3485 Sic
3433 3433 3518 3488 vel

1943 3521 2074 3593 ipsis
2119 3523 2284 3594 gestis
2340 3523 2595 3593 Operibus
2659 3524 2872 3578 dierum
2929 3523 3286 3593 noctiumque
3351 3540 3516 3583 voces

1942 3614 2010 3668 iis
2051 3615 2144 3684 qui
2173 3614 2362 3668 auditu
2395 3617 2585 3670 valent
2635 3615 2954 3680 inclamant,
3009 3621 3070 3669 ut
3127 3631 3223 3685 per
3271 3617 3515 3674 omnium

1942 3723 2104 3764 aures
2127 3707 2378 3762 doctrina
2406 3723 2599 3763 eorum
2629 3707 2910 3778 pervadat.

2015 3799 2320 3856 Universus
2353 3799 2539 3870 itaque
2561 3801 2732 3864 orbis,
2771 3799 2867 3868 qui
2912 3799 2980 3852 ab
3013 3799 3330 3856 hominibus
3360 3801 3512 3856 inco—

1941 3895 2092 3957 litur,
2132 3891 2418 3947 concinnis
2469 3891 2786 3960 hujusmodi
2819 3905 2883 3944 ac
2931 3891 3137 3946 mutuis
3172 3893 3387 3949 choreis
3427 3909 3514 3948 re-

1939 3987 2142 4057 pletum
2171 3993 2297 4050 est;
2345 3997 2515 4052 quare
2563 3981 2800 4036 dicitur:
2857 3980 3012 4036 Vers.
3047 3981 3102 4048 4,
3134 3983 3187 4037 5.
3241 3981 3364 4037 lion
3391 3993 3514 4037 sunt

1941 4077 2180 4147 loquelae,
2237 4091 2398 4145 neque
2449 4090 2734 4137 sermones,
2783 4090 3005 4143 quorum
3065 4091 3168 4129 non
3219 4075 3512 4131 audiantur

1939 4185 2086 4224 voces
2152 4183 2357 4222 eorum.
2443 4165 2512 4220 In
2585 4183 2789 4220 omnem
2855 4175 3052 4219 terram
3122 4169 3283 4222 exivit
3349 4185 3511 4224 sonus

1937 4279 2141 4326 eorum,
2171 4273 2217 4315 et
2252 4263 2304 4314 in
2331 4261 2462 4330 lines
2500 4259 2642 4313 orbis
2675 4268 2827 4314 terra:
2856 4259 3008 4313 verba
3035 4277 3237 4326 eorum,
3259 4261 3512 4317 videlicet

1939 4358 2150 4412 dierum
2197 4371 2262 4410 ac
2297 4355 2563 4419 noctium,
2602 4367 2698 4408 nec
2747 4371 2854 4408 non
2895 4355 3181 4416 caelorum,
3218 4356 3307 4424 qui
3353 4372 3511 4409 enar-

1939 4455 2062 4501 rant
2111 4446 2338 4517 gloriam
2372 4445 2491 4509 Dei,
2525 4453 2579 4498 et
2625 4444 2973 4508 firmamenti,
3005 4444 3146 4515 quod
3191 4461 3350 4513 opera
3395 4463 3512 4498 ma-

1939 4555 2100 4593 nuum
2131 4539 2244 4608 ejus
2275 4536 2580 4591 annuntiat.
2622 4533 2720 4589 llic
2745 4551 2912 4606 porro
2955 4539 3086 4591 mihi
3123 4537 3236 4590 lucc
3261 4543 3509 4590 contem-

1939 4631 2110 4700 planti
2161 4629 2348 4683 mirari
2393 4628 2561 4690 subit,
2614 4643 2724 4696 quo
2757 4637 2920 4698 pacto
2963 4635 3186 4684 sanctus
3211 4627 3509 4697 Apostolus

1937 4723 2070 4777 illud
2100 4742 2111 4775 :
2163 4721 2231 4775 In
2275 4737 2478 4774 onmem
2512 4729 2708 4772 terram
2736 4721 2894 4774 exivit
2939 4737 3096 4774 sonus
3135 4735 3339 4783 eorum,
3373 4729 3423 4773 et
3451 4719 3509 4774 in

1935 4818 2064 4885 ﬁnes
2096 4813 2237 4869 orbis
2271 4823 2424 4868 terra:
2448 4811 2602 4865 verba
2628 4828 2829 4876 eorum,
2874 4813 2939 4865 ad
2983 4811 3302 4880 discipulos,
3339 4825 3508 4867 evan-

1936 4908 2162 4978 gelistas
2199 4914 2250 4961 et
2303 4905 2582 4974 apostolos
2633 4903 2934 4958 Salvatoris
2981 4903 3154 4956 nostri
3190 4903 3244 4956 in
3295 4917 3392 4958 sua
3437 4902 3505 4958 ad

1937 4999 2214 5053 Romanos
2245 4997 2486 5068 Epistola
2533 4994 2818 5050 referat".
2891 4993 3026 5047 Dum
3068 5003 3246 5049 autem
3287 5001 3507 5063 aposto-

1935 5092 2100 5146 licum
2166 5092 2370 5145 dictum
2453 5090 2637 5144 animo
2696 5086 3111 5160 perpenderem,
3171 5083 3504 5154 deprehendi

1934 5185 2114 5255 ipsum
2145 5181 2394 5254 apposite
2426 5180 2720 5236 admodum
2746 5189 2800 5233 et
2833 5183 3140 5247 opportune
3185 5175 3504 5246 hujusmodi

1935 5274 2492 5329 accommodationem
2546 5268 2864 5324 advexisse:
2921 5281 3031 5320 non
3087 5265 3232 5322 enim
3277 5274 3338 5322 ut
3379 5265 3505 5323 aliis

1935 5368 1988 5421 in
2026 5367 2165 5422 locis
2196 5365 2357 5420 modo
2385 5365 2465 5420 sic
2505 5361 2720 5424 eﬂ'atur,
2766 5357 2942 5413 Isaias
2990 5369 3164 5413 autem
3193 5360 3393 5413 clamat
3439 5359 3505 5414 de

1935 5461 2138 5515 Israele
2157 5461 2202 5492 ⁸ο
2230 5475 2245 5522 ;
2289 5456 2453 5513 modo
2487 5456 2587 5520 sic,
2632 5463 2690 5507 ut
2725 5453 2970 5522 prwdixit
2994 5451 3171 5507 Isaias
3197 5453 3242 5486 ⁸ο
3271 5469 3502 5515 ;rursus

2231 5501 2245 5524 ’

1931 5549 2543 5623 vero,Quemadmodum
2573 5549 2826 5617 scriptum
2857 5559 2932 5603 est
2955 5548 3025 5612 9';
3052 5547 3376 5617 iterumque,
3399 5544 3502 5600 Di-

301 5755 518 5811 t"Psal.
543 5767 771 5809 cxuiu,
803 5749 852 5801 l.
929 5749 972 5777 “"
1010 5748 1142 5803 ibid.
1175 5748 1223 5802 .i.
1301 5747 1348 5777 ⁸⁸
1369 5744 1512 5800 Psal.
1546 5757 1702 5808 cxiii,
1749 5740 1833 5795 l6.
1907 5741 1951 5772 ⁸⁸
1983 5738 2170 5794 Matth.
2207 5753 2281 5808 γι,
2309 5738 2360 5792 9.
2461 5736 2503 5830 :7
2528 5734 2660 5793 Luc.
2697 5751 2810 5816 κει,
2845 5733 2934 5788 26.
3027 5731 3069 5762 ⁸⁸
3121 5727 3280 5783 Rom.
3311 5743 3366 5794 x,
3407 5726 3497 5785 l3.
3573 5773 3576 5778 .

241 5851 284 5890 ³⁹
308 5853 470 5912 Rom.
505 5871 583 5920 Ix,
615 5849 708 5904 27.
782 5847 826 5880 ’τ’
851 5845 982 5904 ibid.
1016 5845 1106 5901 29.
1143 5844 1226 5900 9‘1
1259 5845 1386 5901 Cor.
1420 5859 1457 5910 ι,
1499 5842 1586 5900 51.
