3940 6292
445 354 540 410 191

1113 353 1379 411 £05an
1417 351 1894 411 οΑεεΑιιιΕΝειε
1926 351 2076 409 ore.
2119 330 2300 408 psus
2339 351 2429 409 lli.
2466 383 2532 396 -
2576 353 2986 411 assumes.

3586 354 3697 413 193

439 476 510 532 cit
537 476 674 529 enim
696 474 973 543 Scriptura
1019 475 1087 537 ης
1124 490 1236 529 non
1289 473 1390 537 sic,
1444 474 1686 544 inquam,
1746 472 1901 536 illud,
1948 470 2007 526 In

2121 470 2292 541 Λέγει
2334 471 2444 540 γὰρ
2471 473 2509 540 ἡ
2543 470 2780 540 Γραρή·
2824 471 2923 541 οὐχ
2953 470 3124 534 οὕτως
3167 472 3261 524 καὶ
3304 470 3397 522 ἐπὶ
3427 468 3519 523 τοῦ
3540 487 3552 499 ·
3590 473 3699 536 Είς

440 581 643 622 omnem
692 573 888 620 terram
917 566 1080 619 exivit
1110 582 1271 620 sonus
1319 581 1520 627 eorum,
1553 580 1676 619 cum
1706 565 1871 620 simili
1901 562 1997 617 ad-

438 659 738 714 ditamenta
785 657 1030 728 protulit.
1079 656 1213 711 Nam
1270 659 1316 714 si
1368 657 1647 728 quidpiam
1689 656 2004 726 hujusmodi

437 746 812 821 praemisisset,
846 755 991 801 esset
1021 745 1252 805 fortasse
1283 748 1375 816 qui
1413 752 1628 817 putaret
1670 744 1847 814 ipsum
1880 745 2005 798 huic

438 838 630 910 psalmi
664 838 811 893 dicto
849 840 959 893 vim
1005 838 1283 892 intulisse.
1336 839 1406 893 At
1460 839 1549 893 hic
1579 837 1809 908 simplici
1845 838 2008 892 modo

437 931 635 1003 psalmi
665 932 935 986 sententia
958 946 1093 987 usus
1117 929 1363 998 videtur;
1397 930 1471 985 ita
1509 936 1569 985 ut
1594 931 1721 1001 jure
1756 930 1862 985 dici
1889 945 2008 1001 pos-

435 1024 510 1079 sit
537 1024 717 1094 ipsum
758 1031 1065 1094 opportuna
1096 1023 1325 1093 utiliqne
1361 1024 1597 1089 ratione,
1629 1031 1793 1094 atque
1836 1039 2008 1095 appoo

438 1114 543 1172 site
577 1115 681 1169 hoc
708 1115 1092 1170 testimonium
1116 1114 1451 1170 adhibuisse.

508 1291 675 1349 Vens.
703 1293 815 1358 6,7.
835 1292 899 1348 In
914 1293 1021 1348 sole
1037 1295 1208 1362 posuit
1227 1292 1621 1347 tabernaculum
1639 1309 1813 1355 suum,
1829 1300 1879 1346 et
1900 1294 2011 1362 ipse

441 1396 696 1455 tanquam
725 1401 945 1455 sponsus
978 1385 1259 1455 procedens
1300 1387 1364 1440 de
1389 1385 1622 1440 thalamo
1667 1403 1780 1442 suo.
1821 1385 2013 1441 Exsul-

441 1475 574 1531 tabit
603 1485 657 1530 ut
700 1480 844 1548 gigas
874 1476 943 1530 ad
975 1477 1289 1532 currendam
1319 1480 1455 1533 uiam
1497 1495 1648 1532 suam
1671 1519 1686 1543 ,
1744 1497 1776 1532 a
1807 1496 2012 1535 summo

438 1570 566 1623 caelo
586 1569 810 1638 egressio
837 1568 972 1634 eius,
1003 1577 1053 1623 et
1080 1585 1327 1623 occursus
1375 1572 1487 1638 ejus
1535 1586 1698 1639 usque
1746 1570 1814 1623 ad
1865 1589 2015 1627 sum--

441 1676 585 1713 mum
638 1660 775 1723 cali,
803 1676 893 1714 nec
927 1670 1004 1715 est
1040 1661 1129 1731 qui
1163 1676 1218 1715 se
1251 1659 1539 1715 abscondat
1580 1680 1611 1715 a
1657 1662 1831 1716 calore
1875 1663 2010 1732 ejus.

427 1748 649 1806 -Prazler
675 1766 843 1820 supra
876 1751 1044 1814 dicta.
1079 1752 1160 1807 sol
1189 1768 1405 1822 quoque
1447 1753 1554 1808 Deo
1580 1753 1874 1835 referendae
1899 1757 2017 1826 glo-

2112 558 2320 617 πιῖσαν
2350 560 2467 629 τὴν
2489 560 2608 630 γῆν
2630 560 2887 629 ἐξῆλθεν
2915 564 2948 615 ό
2981 562 3236 630 φθόγγος
3256 559 3473 622 αὐτῶν,
3503 560 3698 631 εἴρηκε

2116 654 2255 724 μετὰ
2305 654 2620 724 προσθήκης
2650 654 2841 723 ὁμοίας
2878 655 2986 715 τοῖς
3031 651 3457 723 προεκτεθεῑσιν,
3487 652 3549 704 El
3582 651 3698 723 γάρ

2113 760 2164 796 τι
2196 742 2435 797 τοιοῦτον
2484 747 2768 815 προφήσας
2800 738 2941 807 εἶπε,
2991 744 3108 813 τάχ’
3138 744 3202 798 ἄν
3225 760 3307 807 τις
3351 741 3574 796 ἐλάϐετο
3616 742 3697 807 ὡς

2116 834 2483 906 βεϐιασμένως
2524 836 2878 907 ἐκδεξαμένου
2910 837 3008 907 τὴν
3042 838 3099 887 ὲν
3139 833 3216 905 τῷ
3263 834 3463 905 ψαλμῷ
3496 833 3693 906 ῥῆσιν·

2113 927 2231 981 νυνὶ
2276 927 2332 981 δὲ
2385 927 2527 999 ἁπλῇ
2589 930 2785 1001 φράσει
2836 928 3079 998 φαίνεται
3137 927 3582 998 συγχρησὰμενος
3625 927 3707 996 τῇ

2114 1018 2222 1071 ἀπὸ
2251 1018 2345 1072 τοῦ
2375 1018 2588 1089 ψαλμοῦ
2635 1019 2932 1092 παραθέσει
2952 1036 2965 1049 ο
3003 1019 3082 1072 διὸ
3115 1020 3257 1072 εἴποι
3293 1034 3377 1082 τις
3407 1016 3567 1071 αὐτὸν
3593 1034 3700 1072 κα-

2113 1110 2481 1181 τακεχρῆσθαι
2516 1112 2783 1182 εὐκαίρως
2825 1112 2917 1164 καὶ
2948 1109 3238 1181 ὠφελίμως
3281 1109 3374 1162 καὶ
3405 1106 3705 1180 εὐρύθμως

2113 1204 2179 1272 τῇ
2211 1203 2505 1275 μαρτυρίᾳ.

2200 1294 2301 1347 Ἑν
2315 1292 2393 1359 τῷ
2412 1295 2565 1362 ἡλίῳ
2592 1294 2757 1349 ἔθετο
2782 1294 2845 1347 τὸ
2863 1291 3151 1362 σκήνωμα
3173 1291 3380 1358 αὐτοῦ,
3398 1290 3498 1344 καί
3511 1289 3705 1360 αὐτὸς

2115 1386 2197 1453 ὡς
2246 1388 2503 1457 νυμφίος
2556 1387 3023 1455 ἐκπορευόμενος
3064 1387 3134 1440 ἐκ
3193 1386 3429 1441 παστοῦ
3482 1383 3697 1440 αὑτοῦ.

2130 1478 2582 1549 Ἀγιιλλιάσεται
2611 1479 2692 1544 ὡς
2719 1478 2889 1548 τίτας
2916 1477 3158 1547 δραμεῖν
3186 1477 3329 1532 ὁδὸν
3354 1476 3561 1532 αὐτοῦ’
3588 1475 3703 1532 ἀπ’

2119 1568 2304 1637 ἄκρου
2331 1569 2437 1623 τοῦ
2456 1567 2713 1635 οὐρανοῦ
2742 1569 2780 1636 ἢ
2809 1567 3019 1634 ἔξοδος
3042 1569 3249 1631 αὑτοῦ,
3269 1568 3365 1621 καί
3397 1568 3462 1621 τὸ
3484 1564 3703 1621 κατάν-

2118 1677 2274 1730 τημα
2320 1660 2504 1716 αὑτοῦ
2564 1660 2673 1726 ἕως
2716 1659 2901 1728 ἄκρου
2940 1659 3045 1714 τοῦ
3090 1659 3380 1728 οὐρανοῦ·
3437 1658 3537 1713 καί
3582 1661 3703 1714 οὐκ

2119 1755 2288 1808 ἐστιν
2315 1753 2382 1819 ὃς
2409 1751 2890 1821 ἀποκρυϐήσεται
2918 1750 3031 1819 τὴν
3057 1751 3278 1821 θέρμην
3305 1751 3511 1806 αὐτοῦ.
3549 1750 3701 1823 Πρὸς

441 1841 537 1896 τίω
567 1843 826 1913 magister
856 1842 1172 1911 inducitur;
1208 1851 1396 1914 utpote
1434 1847 1527 1916 qui
1556 1829 1771 1901 Domini
1804 1862 1868 1901 ac
1899 1862 2007 1901 ma-

2119 1849 2231 1910 τοῖς
2272 1844 2576 1917 εἰρημένοις
2615 1845 2713 1915 τῆς
2744 1842 2836 1897 τοῦ
2874 1842 3005 1897 Θεοῦ
3047 1842 3348 1912 δοξολογίας
3377 1842 3701 1907 διδάσκαλος

434 1934 527 2002 gni
587 1935 732 2004 regis
789 1934 1104 1990 inviolatam
1164 1936 1421 1993 observet
1479 1938 1672 2008 legem.
1726 1936 2016 2007 Nunquam

439 2023 586 2078 enim
614 2024 779 2078 alium
820 2036 1015 2095 prseter
1063 2034 1328 2083 statutum
1371 2028 1474 2083 sibi
1504 2045 1726 2085 cursum
1753 2030 1890 2085 inire
1918 2047 2017 2084 au-

437 2111 562 2174 det,
605 2128 885 2183 nunquam
952 2115 1206 2172 dciinitos
1259 2118 1313 2171 in
1365 2118 1572 2174 caelesti
1630 2120 2018 2175 constitutione

435 2203 702 2259 terminos
741 2206 1168 2276 transgreditur.
1204 2205 1310 2262 Sed
1336 2223 1495 2264 mane
1519 2210 1678 2279 quasi
1711 2226 1779 2265 ex
1807 2218 2016 2265 remoto

437 2293 829 2366 inaccessoque
853 2297 1118 2361 thalamo,
1154 2299 1439 2369 speciosus
1464 2309 1722 2370 tanquam
1754 2316 2013 2371 sponsus,

436 2398 502 2440 ac
532 2385 674 2441 lucis
725 2384 858 2441 ﬂore
889 2386 1180 2444 decoratus
1230 2390 1514 2460 egreditur
1541 2410 1562 2445 :-
1604 2405 1668 2445 ac
1725 2399 2014 2462 postquam

437 2475 776 2533 horizontem
803 2477 1122 2533 orientalem
1153 2481 1514 2543 transcendit,
1546 2488 1721 2535 totum
1751 2481 2014 2537 mundum

437 2572 712 2634 permeat,
766 2581 1042 2636 nunquam
1078 2567 1349 2631 defessus,
1388 2570 1669 2640 prOprium
1702 2578 2015 2643 statumque

437 2652 540 2708 sibi
569 2655 903 2710 curriculum
935 2656 1173 2711 conﬁcit.
1214 2659 1424 2714 Circuit
1469 2675 1633 2730 porro
1666 2662 1825 2733 quasi
1857 2662 2013 2733 gigas

435 2744 630 2801 robore
664 2746 989 2815 praevalidus
1030 2759 1195 2819 atque
1231 2751 1488 2815 invictus,
1516 2768 1681 2810 orsus
1720 2768 1751 2807 a
1795 2768 2012 2809 summo

432 2840 625 2889 centro
657 2835 958 2891 horizontis
983 2837 1287 2903 orientalis,
1318 2856 1418 2895 ceu
1443 2857 1474 2895 a
1523 2844 1817 2914 repagula,
1848 2851 2013 2914 atque

434 2939 544 2982 uno
575 2923 682 2980 diei
712 2927 1000 2997 noctisque
1039 2927 1217 2997 spatio
1264 2936 1438 2984 totum
1483 2932 1752 3001 percurrit
1781 2932 1967 2987 orbem
1992 2972 2008 2993 ,

433 3022 494 3070 ut
525 3030 684 3070 nemo
706 3017 905 3073 caloris
935 3018 1057 3088 ejus
1083 3034 1278 3090 expers
1295 3017 1480 3076 fuerit.
1512 3020 1649 3076 [llud
1682 3029 1864 3077 autem
1895 3038 2012 3093 per-

430 3104 576 3176 agit,
621 3115 680 3160 ut
705 3108 860 3163 nutui
890 3108 1099 3178 opificis
1122 3111 1339 3181 sui,qui
1371 3112 1547 3182 ipsum
1579 3113 1636 3168 in
1667 3113 2009 3170 ﬁrmamento

431 3198 733 3263 constituit,
777 3199 1127 3271 obsequatur.
1190 3200 1314 3258 Ideo
1360 3204 1565 3259 dictum
1620 3215 1741 3261 est:
1797 3204 1862 3259 In
1897 3206 2009 3261 sole

429 3289 605 3358 posuit
635 3289 1031 3346 tabernaculum
1064 3310 1238 3348 suum.
1293 3293 1448 3361 Quod
1497 3298 1713 3351 tametsi
1772 3297 2010 3353 diluetde

429 3378 727 3451 prolatum,
761 3383 1002 3452 apertius
1048 3390 1229 3439 tamen
1271 3387 1581 3457 arcliquis
1615 3388 2008 3459 interpretibus

430 3472 762 3540 explicatum
793 3482 878 3530 est
913 3495 926 3530 :
958 3491 1086 3530 nam
1117 3477 1311 3547 Aquila
1343 3478 1425 3533 sic
1455 3480 1617 3534 habet
1638 3520 1652 3543 ,
1690 3480 1806 3536 Soli
1830 3465 2007 3550 poiuit

431 3564 829 3621 tabernaculum
855 3569 911 3622 in
936 3569 1099 3639 ipsis;
1134 3568 1492 3641 Symmachus
1520 3588 1671 3638 vero,
1712 3573 1828 3628 Soli
1865 3575 2009 3628 ordi-

430 3658 575 3711 navit
619 3660 1017 3715 tabernaculum
1046 3662 1099 3716 in
1136 3663 1293 3730 ipsis;
1324 3661 1646 3728 Theodotio,
1677 3664 1792 3720 Soli
1830 3668 2007 3737 posuit

430 3751 829 3807 tabernaculum
872 3754 927 3808 in
979 3754 1144 3822 ipsis;
1202 3757 1320 3825 pari
1372 3772 1587 3827 quoque
1619 3757 1781 3813 modo
1812 3758 2005 3828 quinta

428 3841 596 3898 editio
621 3845 895 3914 exposuit.
928 3844 1062 3900 Nam
1101 3846 1156 3900 in
1179 3862 1345 3917 supra
1381 3850 1698 3905 memoratis
1727 3852 1918 3915 caelis,
1950 3863 2007 3907 et

430 3935 487 3989 in
516 3934 858 3991 ﬁrmamento
881 3977 897 4003 ,
937 3937 1347 3993 tabernaculum
1385 3946 1439 3993 et
1469 3938 1807 3996 domicilium
1862 3942 2006 3999 Deus

435 4025 539 4080 soli
584 4027 860 4096 reposuit,
904 4028 1202 4083 secundum
1251 4030 1383 4084 illud
1439 4044 1471 4084 a
1526 4029 1711 4104 Moyse
1745 4034 1952 4090 dictum
1988 4055 2001 4089 :

433 4112 681 4188 Fecitque
705 4116 841 4172 Deus
866 4117 971 4173 duo
1005 4118 1292 4174 luminaria
1321 4137 1515 4192 magna
1545 4138 1564 4175 :
1598 4121 1860 4180 luminare
1890 4143 2005 4181 ma-

430 4208 537 4271 ius,
561 4216 617 4261 ut
647 4220 890 4278 praesset
920 4209 1056 4274 diei;
1103 4220 1154 4265 et
1180 4212 1439 4267 luminare
1479 4214 1679 4279 minus,
1714 4224 1772 4268 ut
1810 4232 2004 4285 praees-

429 4307 507 4353 set
538 4301 714 4361 nocti.
771 4309 821 4354 et
858 4300 1061 4357 stellas.
1095 4300 1161 4356 Et
1214 4304 1389 4372 posuit
1434 4320 1525 4358 eas
1568 4305 1625 4357 in
1671 4306 2004 4375 ﬁrmamento

427 4388 567 4451 eali,
603 4396 661 4442 ut
690 4388 918 4443 lucerent
952 4405 1105 4458 super
1130 4393 1411 4461 terrane”.
1442 4390 1538 4448 llis
1557 4402 1735 4449 autem
1765 4397 2004 4454 declarat

2120 1934 2451 2005 καθέστηκεν
2478 1935 2508 1986 ὁ
2544 1933 2710 2005 ἥλιος,
2737 1927 2823 1986 οἷα
2854 1932 3109 1985 δεσπότου
3143 1933 3237 1986 καὶ
3271 1926 3505 2003 μεγάλου
3543 1933 3702 2003 βασι-

2116 2027 2252 2092 λέως
2279 2028 2440 2097 νόμον
2468 2025 2818 2098 ἀπαράϐατον
2855 2042 2922 2096 τη
2933 2024 3059 2097 ρῶν.
3103 2025 3177 2078 Ού
3220 2024 3327 2098 γάρ
3369 2042 3498 2079 ποτε
3527 2024 3701 2095 ἄλλην

2114 2116 2413 2189 τρέπεσθαι
2445 2115 2597 2188 παρὰ
2626 2117 2725 2188 τὴν
2754 2114 3060 2188 ὁρισθεῖσαν
3088 2113 3235 2186 αύτῷ
3268 2116 3489 2187 πορείαν
3521 2113 3702 2187 τολμᾷ

2115 2209 2222 2263 οὐδ’
2247 2207 2564 2278 ὑπερϐαίνει
2595 2207 2721 2270 τοὺς
2766 2207 2924 2278 ὅρους
2964 2206 3066 2277 τῆς
3098 2208 3217 2260 κατ’
3251 2204 3476 2280 οὐρανὸν
3509 2204 3701 2260 Stata-

2116 2300 2250 2368 ξεως
2269 2318 2284 2331 ·
2310 2300 2422 2354 ἀλλ’
2444 2298 2796 2372 ἐκπορεύεται
2825 2298 2922 2369 μὲν
2949 2298 3184 2371 ὄρθριος,
3210 2297 3395 2370 ὥσπερ
3416 2297 3477 2363 ἐξ
3499 2296 3697 2352 ἀδύτου

2114 2391 2209 2444 καὶ
2252 2390 2451 2445 ἀϐάτου
2505 2390 2789 2459 νυμφῶνος
2841 2388 3065 2461 προῖὼν,
3117 2389 3453 2462 ὡραῖσμένος
3500 2387 3557 2442 δὲ
3604 2384 3699 2441 οἷα

2113 2483 2344 2552 νυμφίος
2371 2485 2464 2537 καὶ
2490 2482 2567 2553 τῷ
2589 2482 2683 2535 τοῦ
2714 2483 2889 2552 φωτὸς
2921 2481 3281 2552 ὴγλαῖσμένος
3321 2480 3469 2534 ἄνθει
3493 2496 3506 2510 ⁸
3540 2481 3696 2533 tast-

2112 2572 2209 2629 δὰν
2245 2573 2337 2628 τὸν
2385 2572 2634 2645 ὁρίζοντα
2675 2575 2765 2627 τὸν
2803 2574 3115 2628 ἀνατολικὸν
3155 2573 3387 2646 ὑπερϐῇ,
3427 2572 3518 2626 τὸν
3558 2572 3700 2642 σύμ-

2114 2683 2290 2719 παντα
2321 2665 2596 2720 διιππεύει
2629 2666 2851 2736 κόσμον,
2881 2666 3224 2728 ἀκοπιάστως
3255 2664 3345 2717 τὸν
3373 2665 3572 2718 οἰκεῖον
3609 2663 3699 2730 ee-

2112 2757 2287 2812 ανύων
2314 2758 2533 2830 δρόμον.
2565 2757 2770 2811 Κυκλοῖ
2795 2757 2852 2812 δὲ
2891 2757 3105 2811 κυκλῶν
3130 2752 3220 2810 οἷά
3244 2774 3328 2820 τις
3354 2755 3518 2825 γίγας
3542 2757 3699 2827 ίσχυ-

2113 2849 2205 2922 po;
2228 2848 2326 2922 τὴν
2351 2849 2521 2922 ἀλκὴν
2545 2851 2640 2903 καὶ
2670 2850 2899 2921 ἄμαχος,
2927 2849 3115 2922 ὥσπερ
3135 2850 3199 2903 ὲκ
3222 2848 3423 2920 νύσσης
3452 2846 3694 2920 ἀρξάμε-

2110 2959 2199 3006 νος
2227 2942 2321 2995 ἀπ’
2355 2943 2523 3013 ἄκρου
2557 2941 2779 3012 κέντρου
2813 2941 2906 2995 τοῦ
2942 2942 3079 2996 κατὰ
3106 2940 3366 3004 ἀνατολὰς
3393 2939 3693 3012 ὁρίζοντος,

2108 3033 2403 3105 διατρὲχων
2434 3034 2761 3106 νυχθημέρῳ
2787 3035 2867 3088 ἐνὶ
2909 3034 3001 3087 τὸν
3036 3034 3324 3105 σύμπαντα
3356 3031 3581 3102 κόσμον,
3615 3032 3694 3095 ὡς

2036 3169 2076 3226 C
2112 3126 2316 3199 μηδένα
2350 3127 2745 3199 ἀνεπαίσθητον
2783 3124 2921 3181 εἶναι
2962 3126 3188 3200 θέρμης.
3235 3125 3421 3180 Ταῦτα
3451 3126 3509 3179 δὲ
3542 3128 3697 3197 ὲνερο

2110 3221 2198 3288 γεῖ
2227 3218 2490 3272 δουλεύων
2515 3218 2595 3290 τῷ
2615 3218 2708 3273 τοῦ
2733 3219 3090 3291 πεποιηκότος
3119 3218 3278 3272 αὐτὸν
3310 3217 3561 3289 νεύματι,
3598 3217 3696 3272 καὶ

2108 3310 2410 3374 τεθεικότος
2443 3312 2500 3379 ἐν
2532 3310 2608 3381 τῷ
2639 3310 2997 3382 στερεώματι.
3042 3312 3133 3365 Διὸ
3176 3309 3420 3383 εἴρηται’
3468 3310 3573 3364 Ἐν
3614 3308 3696 3376 τῷ

2108 3402 2260 3470 ἡλίῳ
2293 3402 2461 3457 ἔθετο
2495 3402 2559 3456 τὸ
2590 3402 2879 3472 σκήνωμα
2914 3403 3120 3458 αὐτοῦ.
3154 3403 3332 3475 Ὅπερ
3377 3403 3563 3473 σαφῶς
3620 3406 3696 3456 sto

2113 3492 2375 3564 ρημένον,
2414 3493 2733 3566 λευκότερον
2772 3496 3121 3568 ἡρμήνευσαν
3165 3497 3214 3549 οἱ
3261 3496 3467 3550 λοιποί·
3513 3497 3542 3549 ὁ
3592 3495 3694 3567 μὲν

2120 3584 2349 3649 Ἀκύλας
2400 3586 2595 3640 εἰπών·
2641 3586 2724 3653 Τῷ
2776 3589 2928 3656 ἡλίῳ
2968 3588 3133 3642 ἔθετο
3165 3587 3453 3658 σκήνωμα
3480 3588 3694 3642 ἐναῦ-

2107 3675 2231 3742 τοῖς
2256 3677 2363 3747 (1)·
2401 3679 2430 3730 ὁ
2474 3677 2531 3730 δὲ
2573 3678 2897 3749 Σύμμαχος·
2940 3678 3023 3744 Τῷ
3061 3679 3213 3747 ἡλίῳ
3252 3678 3427 3742 ἔταξε
3450 3677 3693 3746 σκηνὴν

2107 3768 2176 3822 ἐν
2217 3767 2452 3834 αὐτοῖς·
2489 3770 2517 3821 ὁ
2563 3769 2620 3821 δὲ
2651 3769 2963 3837 Θεοδοτίων,
3015 3769 3100 3836 Τῷ
3142 3772 3293 3838 ἡλίῳ
3341 3771 3507 3824 ἔθετο
3541 3767 3692 3836 σκήο

2106 3874 2270 3927 νωμα
2311 3860 2383 3914 ἐν
2427 3860 2663 3927 αὐτοῖς·
2698 3863 2897 3932 ὁμοίιος
2929 3863 2983 3916 δὲ
3030 3864 3124 3916 καὶ
3156 3864 3188 3934 ἡ
3226 3862 3445 3934 πέμπτη
3480 3861 3691 3925 ἔκδοσις

2105 3949 2383 4014 ἐξέδωκεν.
2428 3952 2517 4005 Ἐν
2547 3951 2654 4025 γὰρ
2686 3957 2801 4018 τοῖς
2834 3953 3204 4026 προλεχθεῖσιν
3235 3955 3482 4025 οὐρανοῖς
3511 3954 3606 4007 καὶ
3634 3955 3691 4006 ἐν

2104 4039 2182 4111 τῷ
2231 4042 2541 4097 ὰποδοθέντι
2587 4044 2926 4117 στερεώματι
2974 4046 3035 4099 τὸ
3075 4045 3169 4099 τοῦ
3221 4046 3375 4116 ἡλίου
3428 4046 3690 4117 σκήνωμα

2106 4133 2198 4186 καὶ⁸
2230 4134 2289 4186 τὸ
2322 4136 2633 4208 οἰκητήριον
2678 4136 2911 4191 τέθειται
2935 4140 2963 4192 ὁ
2991 4138 3140 4203 Θεὸς,
3180 4137 3320 4192 κατὰ
3345 4138 3406 4191 τὺ
3431 4136 3689 4207 λελεγμέ-

2105 4240 2193 4278 νον
2222 4226 2373 4297 παρὰ
2406 4228 2660 4282 Μωῦσεῖ·
2694 4229 2803 4283 Kal
2845 4230 3134 4297 ἐποίησεν
3162 4232 3194 4283 d
3228 4228 3369 4294 Θεὸς
3403 4228 3545 4293 τοὺς
3576 4225 3688 4282 δύο

2104 4314 2422 4384 φωστῆρας
2449 4318 2588 4385 τοὺς
2613 4318 2917 4389 μεγάλους
2936 4336 2949 4350 ο
2985 4318 3092 4373 τὸν
3120 4319 3406 4389 φωστῆρα
3450 4319 3558 4372 τὸν
3580 4315 3686 4388 μέ-

2107 4423 2220 4475 γαν
2246 4411 2332 4474 είς
2363 4409 2550 4479 ἀρχὰς
2584 4410 2694 4479 τῆς
2725 4411 2966 4481 ἡμέρας,
2996 4411 3095 4466 καί
3129 4411 3234 4466 τὸν
3264 4409 3548 4481 φωστῆρα
3578 4408 3686 4464 τὸν

430 4476 533 4539 sol,
570 4482 624 4530 et
652 4484 861 4531 tantum
890 4495 1001 4532 non
1034 4465 1266 4544 clamat,
1318 4497 1379 4536 se
1410 4497 1750 4554 nequaquam
1793 4489 1878 4542 sui
1903 4489 2001 4545 do-

2114 4465 2346 4554 ἐλάσσῷ
2380 4465 2476 4569 Et;
2506 4465 2697 4573 4.7.5.;
2736 4465 2850 4571 ἕῆξ
2886 4465 3124 4570 νυκτὸς,
3171 4465 3284 4556 καί
3317 4465 3683 4570 τοὺξάοτέ-

430 4566 635 4622 minum
663 4583 727 4623 ac
762 4568 989 4624 liberum
1021 4586 1172 4640 esse;
1214 4573 1308 4627 sed
1343 4581 1398 4628 et
1426 4574 1508 4629 sui
1537 4583 1590 4630 et
1624 4578 1865 4634 omnium
1892 4580 1998 4637 Do-

429 4655 559 4711 mini
594 4658 839 4714 notitiam
870 4662 1131 4730 praebere.

2097 4607 2228 4658 ρας.
2263 4593 2378 4647 Kal
2400 4595 2565 4651 ἔθετο
2592 4595 2813 4662 αὐτοὺς
2849 4596 2920 4649 ἐν
2952 4595 3030 4662 τῷ
3065 4594 3418 4665 στερεώματι
3447 4594 3554 4648 τοῦ
3582 4595 3683 4648 οὐ·

2090 4688 2303 4753 ρανοῦ,
2328 4687 2481 4743 ὥστε
2510 4690 2747 4758 φαίνειν
2773 4689 2873 4742 ἐπὶ
2899 4688 3008 4757 τῆς
3038 4688 3148 4759 γῆς
3167 4706 3179 4718 ·
3216 4689 3317 4742 Διὰ
3349 4686 3551 4742 τούτων
3582 4685 3683 4740 dst-

608 4755 637 4808 ὁ
682 4754 830 4858 ἣλιος
880 4757 974 4858 κξιὶ
1027 4759 1306 4858 μονονουχὶ
1348 4759 1520 4858 βοῶνξ
1576 4761 1652 4835 μὴ
1696 4766 1857 4833 αὐτὸς
1904 4767 2041 4831 εἶναι
2079 4780 2274 4836 ἑαυτοῦ
2317 4753 2526 4855 κύριος,
2563 4784 2686 4855 μηδ’
2726 4753 3005 4858 ἐλεύθερος
3041 4753 3346 4856 τυγχάνειν,
3397 4780 3683 4854 γνωρίζειν

428 4846 484 4902 δὲ
510 4847 603 4903 τὸν
626 4850 720 4903 καὶ¹
750 4851 942 4905 ἑαυτοῦ
970 4852 1064 4906 καὶ
1094 4852 1309 4907 πάντων
1343 4855 1638 4928 Δεσπότην.

498 4940 667 5000 Vnus.
728 4945 878 5000 8-12.
954 4945 1063 5001 Lex
1138 4947 1348 5001 Domini
1427 4951 1771 5011 immaculata
1799 4998 1815 5023 ,
1874 4978 2003 5016 con-

428 5042 629 5091 vertens
692 5037 935 5103 animus;
1023 5040 1378 5097 testimonirtm
1439 5040 1655 5099 Domini
1687 5048 1861 5117 ﬁdele,
1917 5070 2000 5108 sa-

429 5126 678 5195 pientiam
715 5138 974 5196 protelans
1023 5131 1277 5199 parvulis.
1319 5131 1737 5204 Justiﬁcationes
1786 5140 1997 5198 Domini

430 5228 604 5285 recta,
641 5220 966 5291 testiﬁcantes
1004 5223 1196 5289 corda;
1252 5236 1565 5295 praeceptum
1598 5228 1812 5286 Domini
1862 5233 1999 5289 luci-

427 5312 572 5378 dum,
595 5313 900 5369 illuminans
936 5316 1137 5373 oculos.
1174 5318 1355 5374 Timor
1382 5320 1596 5377 Domini
1642 5334 1847 5392 castus,
1876 5343 1996 5394 per-

428 5420 644 5460 manens
694 5406 750 5460 in
799 5408 1050 5462 clnculum
1093 5410 1306 5464 smeuli:
1330 5411 1540 5481 judicia
1590 5414 1803 5472 Domini
1847 5437 1989 5488 vera,

496 5583 719 5643 "Rom.
766 5603 824 5682 ι,
872 5587 957 5643 11.
1028 5587 1223 5645 "Gen.
1282 5607 1323 5656 ι,
1358 5592 1444 5657 16,
1489 5593 1575 5648 17.

2192 4969 2252 5021 '0
2272 4970 2454 5039 νόμος
2481 4970 2702 5039 Κυρίου
2726 4971 2962 5042 ἄμωμος
2982 4968 3354 5038 ἐπιστρέφων
3374 4969 3578 5039 ψυχάς
3594 4986 3610 5002 ⁶
3637 4969 3676 5038 τί

2100 5062 2393 5129 μαρτυρία
2422 5063 2643 5131 Κυρίου
2668 5061 2854 5129 πιστὴ
2888 5060 3222 5130 σοφίζουσιι
3251 5060 3455 5126 νήπια.
3492 5060 3568 5114 Τὰ
3595 5059 3679 5114 διὸ

2102 5147 2400 5219 καιώματα
2427 5152 2648 5221 Κυρίου
2690 5151 2868 5209 εὐθέα
2903 5151 3297 5221 εὐφραίνοντα
3328 5149 3606 5218 καρδίαν·
3637 5149 3674 5218 ἡ

2099 5240 2317 5310 ἐντολὴ
2351 5244 2572 5312 Κυρίου
2608 5242 2915 5314 τηλαυγὴς
2949 5242 3280 5312 φωτίζουσα
3312 5243 3669 5312 ὀφθαλμούςο

2116 5331 2168 5383 ’0
2200 5333 2382 5402 φόϐος
2413 5334 2631 5402 Κυρίου
2666 5334 2848 5404 ἁγνὸς
2881 5333 3173 5403 διαμένων
3204 5337 3291 5399 είς
3320 5330 3504 5386 αὶῶνα
3540 5329 3673 5385 altit-

2098 5441 2234 5491 νος’
2279 5425 2352 5479 τὰ
2401 5427 2654 5495 κρίματα
2694 5427 2913 5495 Kvplov
2957 5426 3214 5494 ἀληθινὰ
3258 5421 3673 5494 δεδικαιωμέπα

497 5768 571 5841 (1)
610 5771 669 5826 in
690 5768 955 5829 chraico
976 5772 1190 5847 legitur,
1230 5782 1351 5834 an:
1387 5756 1633 5838 ‘nt'ntv
1670 5759 1884 5847 tum,
1915 5777 2016 5833 soli
2051 5779 2224 5849 posuit
2258 5777 2656 5835 tabernaculum
2687 5781 2740 5837 in
2775 5782 2924 5851 ipsis.
