3940 6292
3449 343 3551 400 994

221 321 341 379 193
1427 339 1934 397 COMMENTARIA
1964 340 2034 395 IN
2072 339 2413 396 PSALMOS.

232 448 334 502 ἐπὶ
375 448 443 502 τὸ
475 453 647 508 αὑτό
665 474 680 486 ·
713 458 1046 529 ἐπιθυμητὰ
1078 460 1230 529 ὑπὲρ
1259 463 1518 529 χρυσίον
1558 463 1653 516 καὶ
1692 464 1853 517 λίθω

1961 462 2267 532 justi/iectu
2299 462 2352 514 in
2381 461 2662 530 semetipsa
2690 499 2704 524 ,
2751 459 3129 516 desiderabilia
3175 478 3330 531 super
3360 479 3549 518 aurum

241 544 438 609 τίμιον
472 547 714 614 πολὺν,
753 552 856 604 καὶ
895 556 1228 621 γλυκύτερα
1260 554 1411 622 ὑπὲρ
1445 554 1582 624 μέλι
1623 555 1723 611 καὶ
1759 572 1853 621 κη-

1963 567 2014 610 et
2041 554 2267 623 lapidem
2298 556 2586 622 pretiosum
2617 553 2865 619 multum,
2897 564 2946 608 et
2988 553 3231 610 dulciora
3263 573 3420 627 super
3454 561 3555 611 mel

242 636 401 704 pior.
442 637 554 690 Καὶ
601 639 719 709 γὰρ
761 645 794 695 ό
821 643 1040 711 δοῦλός
1075 660 1192 699 σου
1232 645 1535 714 φυλάσσει
1577 647 1748 709 αὐτὰ,
1795 647 1853 700 ἐν

1964 662 2012 704 et
2045 650 2242 719 favum.
2278 648 2485 702 Etenim
2515 665 2693 703 servus
2733 657 2853 702 tuus
2886 649 3114 703 custodit
3148 667 3210 704 ea
3235 650 3336 714 ,.in
3367 658 3549 706 custo-

249 727 334 794 τῴ
382 730 742 799 φυλάσσειν
779 736 930 790 αὐτὰ
968 738 1370 806 ἁνταπόδοσις
1412 741 1634 806 πολλή.
1678 740 1862 793 Ταῦτα

249 818 312 871 δὲ
354 821 536 874 πάντα
583 825 940 896 περιείληφεν
984 828 1012 878 ὁ
1054 827 1150 881 τοῦ
1185 829 1320 881 Θεοῦ
1363 831 1524 901 νόμος
1571 832 1709 902 ὑπὲρ
1742 833 1862 885 ἐπι-

251 917 506 985 στροφῆς
553 919 654 988 τῆς
699 918 899 990 ψυχῆς.
949 921 1271 993 Μαρτυρίας
1309 923 1418 994 γὰρ
1455 923 1668 994 πρῶτον
1717 942 1862 995 περι-

251 1007 372 1076 έχει
424 1010 523 1063 καὶ
567 1010 914 1084 δικαιώματα
962 1016 1056 1068 καὶ
1092 1017 1332 1079 ἐντολάς.
1371 1019 1602 1071 Ἔπειτα
1649 1017 1860 1082 τούτοις

244 1093 470 1153 ¹ἓὶιπαςιίν
504 1102 837 1173 ἐπήρτησεν,
870 1103 1058 1158 ὥσπεο
1087 1105 1387 1177 βακτηρίαν
1415 1107 1858 1178 ὲπιστρεπτικὴν,

248 1193 347 1244 τὸν
382 1194 576 1262 φοϐον,
620 1197 714 1249 καὶ
761 1197 854 1249 ἐπὶ
879 1199 1040 1250 πᾶσιν
1078 1198 1264 1270 ὥσπερ
1316 1201 1584 1272 κορωνίδα
1628 1201 1691 1254 τὰ
1741 1203 1862 1272 κρί-

251 1303 412 1355 ματα
442 1287 682 1360 ἐπέθηκε
716 1289 808 1341 τοῦ
851 1290 1003 1344 Θεοῦ.
1041 1292 1286 1363 Ἐκάστῳ
1330 1293 1387 1346 δὲ
1421 1294 1528 1346 τῶν
1553 1296 1859 1366 εἰρημένων

253 1379 469 1449 ἰδίωμα
517 1381 717 1452 συνῆψε
739 1398 752 1411 ·
779 1381 860 1452 τῷ
888 1383 985 1452 μὲν
1015 1384 1156 1437 κατὰ
1199 1385 1374 1438 πάντα
1411 1385 1611 1458 γενικῷ
1647 1385 1862 1456 ὠνομα-

252 1471 449 1541 σμένῳ
489 1473 642 1543 νόμῳ
691 1474 789 1546 τὴν
828 1475 932 1545 τῆς
963 1474 1142 1546 ψυχῆς
1182 1477 1516 1548 ἐπιστροφήν
1541 1495 1555 1508 ·
1615 1479 1764 1542 ὅπως
1802 1478 1859 1532 δὲ

249 1567 591 1636 επιστρέιρει
633 1567 797 1638 ψυχὴ,
841 1569 930 1622 διὰ
972 1569 1080 1622 τῶν
1120 1569 1248 1638 ἑξῆς
1294 1572 1611 1643 παρίστησι,
1655 1589 1859 1645 μαρτυ-

250 1657 384 1728 ρίαν
417 1660 624 1728 πιστὴν
656 1660 824 1714 εἰπὼν
855 1662 921 1716 δι’
944 1657 1012 1734 ἦς
1043 1666 1314 1734 σοφίζεται
1364 1667 1392 1718 ὁ
1425 1667 1483 1718 ὲν
1517 1667 1734 1739 Χριστῷ
1767 1669 1861 1740 νή-

248 1768 384 1815 πιος
405 1769 418 1781 °
455 1754 649 1807 ἔπειτα
682 1754 1024 1826 δικαιώματα
1056 1760 1282 1830 Κυρίου,
1309 1759 1627 1814 καὶτούτων
1664 1761 1857 1832 ίδίωμα

247 1843 527 1914 προσθεὶς
556 1846 618 1899 τὸ
651 1843 790 1899 εἶναι
830 1848 968 1902 αὐτὰ
1002 1849 1185 1914 εὐθέα,
1218 1852 1427 1922 καρπόν
1460 1869 1517 1905 τε
1546 1855 1658 1915 τοῖς
1691 1870 1856 1923 μετα.
1891 1822 1933 1877 Β

245 1937 606 2007 λαμϐάνουσι
666 1942 971 2013 παρέχοντα
1027 1945 1126 2016 τὴν
1178 1945 1532 2017 εὐφροσύνην.
1598 1947 1708 2000 Καὶ
1763 1949 1857 2002 ἐπὶ

245 2029 472 2094 τούτοις
504 2031 722 2104 ἐντολὴν
749 2035 976 2104 Κυρίου,
1004 2031 1070 2107 ἦς
1102 2037 1194 2090 καὶ
1219 2038 1387 2107 αὐτῆς
1417 2039 1475 2090 τὸ
1507 2038 1701 2108 ἰδίωμα
1725 2057 1858 2110 παρ-

248 2123 515 2193 έστησεν,
554 2123 799 2196 τηλαυγῆ
847 2127 1024 2197 φήσας
1066 2127 1233 2199 αὐτὴν
1270 2129 1362 2181 καὶ
1412 2129 1520 2182 τῶν
1565 2129 1856 2201 ὀφθαλμῶν

250 2216 352 2286 τῆς
385 2216 573 2286 ψυχῆς
607 2219 960 2289 φωτιστικήν.
990 2219 1079 2289 Τῷ
1103 2221 1158 2274 δὲ
1193 2221 1342 2291 φόϐῳ
1375 2221 1470 2275 τοῦ
1501 2223 1705 2294 Κυρίου
1735 2242 1857 2277 συν-

247 2309 395 2379 ῆψεν
441 2310 546 2381 τὴν
592 2311 835 2380 ἁγνείαν,
889 2312 982 2366 καὶ
1030 2315 1094 2384 τῇ
1141 2315 1330 2385 ἁγνεία
1367 2317 1466 2386 τὴν
1511 2315 1708 2386 διαρκῆ
1764 2319 1856 2370 καὶ

250 2401 480 2458 αἰώνιον
515 2403 681 2475 ζωήν.
722 2405 834 2458 Καὶ
873 2405 968 2458 ἐπὶ
1001 2407 1133 2459 πᾶσι
1174 2407 1268 2461 καὶ
1310 2407 1447 2476 μετὰ
1480 2409 1656 2462 πάντα
1693 2427 1858 2482 προσ-

251 2495 462 2566 έθηκεν
518 2497 618 2570 τὴν
656 2497 750 2552 τοῦ
797 2498 933 2552 Θεοῦ
983 2500 1184 2572 κρίσιν,
1235 2501 1440 2573 συνῆψέ
1471 2519 1530 2554 τε
1578 2504 1713 2574 αὐτῇ
1757 2504 1856 2576 τὴν

257 2585 526 2656 ἀλήθειαν
564 2587 659 2642 καὶ
691 2589 790 2660 τὴν
818 2589 1186 2660 δικαιοσύνην.

333 2681 784 2752 Πῳαττώματα
841 2684 930 2749 τίς
959 2685 1252 2750 amr-riam;
1301 2686 1368 2740 ἐκ
1423 2686 1540 2741 τῶν
1591 2689 1858 2757 κρυφίων

244 2788 381 2842 μου
411 2776 743 2841 καθάρισον
763 2793 862 2843 με,
907 2776 1004 2829 καὶ
1041 2777 1157 2832 ἀπὸ
1186 2779 1520 2846 ἀλλοτρίων
1542 2781 1741 2849 φεῖσαι
1777 2779 1857 2847 τῷ

251 2861 460 2931 δούλῳ
494 2881 634 2918 σου.
672 2867 816 2920 Ἀντὶ
853 2868 910 2921 δὲ
957 2869 1072 2933 τοῦ,
1127 2871 1258 2923 Ἀπὸ
1293 2873 1628 2940 ἀλλοτρίων
1653 2873 1856 2942 φεῖσαι

253 2952 336 3018 τῷ
384 2953 593 3020 δούλῳ
638 2971 774 3020 σου,
813 2959 842 3012 6
876 2959 1104 3023 Ἀκύλας
1151 2961 1415 3027 ἐξέδωκε·
1466 2964 1578 3017 Καί
1628 2981 1691 3033 γε
1736 2963 1855 3018 ἀπὸ

249 3048 666 3115 ὑπερηφάνων
705 3050 1097 3118 συν-τήρησον
1134 3055 1240 3105 τόν
1287 3053 1511 3108 δοῦλόν
1548 3070 1682 3111 σου.
1721 3057 1855 3126 Σφό-

1964 741 2169 796 diendis
2226 741 2336 794 illis
2389 741 2668 794 retributio
2721 741 2911 795 multa.
2957 738 3082 796 Hzcc
3131 751 3310 796 autem
3363 741 3548 798 omnia

1963 833 2342 902 complectitur
2370 832 2456 886 lex
2499 830 2591 886 Dei
2637 846 2737 902 pro
2768 832 3138 886 conversione
3168 834 3364 887 animm
3395 834 3544 888 data.

1962 921 2099 978 Nam
2138 923 2312 993 primo
2337 923 2674 987 testimonia,
2724 923 3150 993 justiﬁcationcs
3187 931 3242 978 et
3283 932 3548 996 prtct'epta

1963 1013 2231 1069 continet.
2286 1010 2382 1066 llis
2427 1003 2624 1068 deinde
2683 1013 2940 1068 omnibus
2972 1014 3218 1068 timorem
3253 1016 3547 1084 appendit,

1962 1106 2119 1176 quasi
2144 1105 2396 1160 baculum
2435 1105 2500 1160 ad
2526 1105 2952 1160 convcrtendum
2983 1113 3387 1177 opportunum:
3427 1122 3548 1160 om-

1963 1197 2234 1266 nibusque
2259 1197 2468 1267 judicia
2502 1198 2596 1252 Dei
2636 1213 2735 1252 ceu
2768 1199 3084 1253 coronidem
3118 1197 3390 1266 adjunxit.
3423 1195 3551 1252 Sin-

1961 1290 2104 1361 gulis
2132 1299 2312 1345 autem
2334 1291 2778 1361 supradictorum
2815 1306 2972 1348 suam
3010 1291 3221 1346 addidit
3251 1290 3550 1360 proprieta-

1963 1393 2092 1448 tem,
2125 1383 2177 1438 id
2219 1391 2323 1449 est,
2352 1385 2454 1454 legi
2485 1401 2606 1456 qua:
2639 1385 2727 1439 hic
2769 1387 3069 1456 generatim
3115 1384 3370 1449 eﬁ'ertur,
3424 1399 3552 1439 con-

1960 1479 2266 1533 versionem
2317 1479 2531 1533 animm.
2581 1479 2703 1546 Quo
2755 1489 2915 1548 pacto
2966 1487 3145 1534 autem
3198 1485 3553 1533 convertatur

1962 1570 2165 1638 anima,
2204 1569 2260 1624 in
2286 1571 2645 1641 sequentibus
2677 1572 2881 1641 aperit,
2918 1571 3140 1642 quando
3171 1570 3548 1626 testimonium

1962 1662 2118 1718 ﬁdele
2150 1672 2436 1733 memorat,
2469 1680 2578 1736 quo
2608 1665 2789 1736 quivis
2839 1663 3022 1719 infans
3069 1665 3121 1718 in
3166 1663 3418 1726 Christo,
3456 1677 3549 1718 sa-

1963 1758 2116 1828 piens
2147 1757 2404 1814 ciﬁcitur.
2441 1757 2647 1814 Deinde
2677 1773 2806 1812 vero
2849 1758 3276 1827 justiﬁcationes
3309 1755 3546 1819 Domini,

1959 1853 2160 1923 quibus
2194 1853 2321 1908 item
2355 1867 2511 1908 suam
2568 1853 2956 1922 pr0prictatem
3001 1851 3230 1920 adjicit,
3288 1851 3548 1905 nimirum

1959 1945 2105 2016 quod
2151 1952 2314 2000 recta:
2344 1944 2491 2008 sint,
2542 1959 2606 1998 ac
2642 1945 2725 1998 sui
2763 1942 3124 2014 participibus
3173 1941 3375 1995 latitia:
3439 1941 3551 1996 fru-

1960 2045 2106 2093 ctum
2139 2037 2374 2108 pariant.
2407 2035 2488 2090 Ad
2519 2036 2654 2100 haec,
2685 2041 3016 2106 pmceptum
3071 2033 3288 2088 Domini
3319 2073 3332 2097 ,
3385 2033 3548 2101 cujus

1959 2145 2177 2200 quoque
2207 2129 2592 2200 proprietatem
2620 2128 2948 2194 declaravit,
2981 2127 3111 2182 dum
3163 2125 3406 2180 lucidum
3454 2124 3542 2178 di-

1959 2224 2030 2278 cit
2059 2237 2202 2286 esse,
2228 2224 2531 2292 animmque
2565 2221 2757 2277 oculos
2801 2221 3134 2276 illuminare.
3168 2218 3375 2274 'I'imori
3430 2215 3543 2272 Do-

1960 2316 2092 2369 mini
2124 2315 2413 2385 subjunxit
2445 2314 2753 2370 castitatem
2775 2352 2790 2376 ,
2845 2321 2901 2367 et
2933 2312 3175 2367 castitati
3228 2318 3544 2380 perpetuam

1955 2419 2326 2478 aeternamque
2361 2409 2552 2462 vitam.
2617 2405 2844 2461 Demum
2879 2420 3044 2474 supra
3099 2406 3284 2457 omnia
3333 2411 3387 2458 et
3425 2409 3548 2472 post

1958 2503 2142 2556 omnia
2167 2501 2439 2571 judicium
2476 2498 2566 2555 Dei
2601 2498 2834 2563 addidit,
2865 2498 2953 2552 cui
2985 2497 3270 2551 veritatem
3297 2504 3351 2550 et
3384 2493 3548 2565 justi-

1958 2594 2091 2648 tiam
2126 2594 2390 2648 annectit.

2030 2685 2196 2742 V'Ens.
2220 2686 2307 2748 15,
2335 2686 2418 2740 14.
2441 2683 2644 2739 Delicta
2659 2683 2774 2754 quis
2797 2681 3076 2752 intelliget?
3095 2679 3160 2735 ab
3186 2679 3403 2735 occultis
3419 2679 3547 2734 meis

1959 2780 2158 2832 munda
2191 2795 2290 2841 me,
2315 2786 2365 2832 et
2392 2776 2456 2831 ab
2480 2777 2670 2831 alienis
2699 2791 2854 2845 parce
2889 2791 3034 2828 servo
3063 2783 3172 2828 tuo.
3216 2772 3365 2828 Illius
3401 2772 3543 2835 loco,

1955 2876 2020 2926 ab
2054 2871 2244 2925 alienis
2273 2887 2428 2939 parce
2453 2888 2601 2924 servo
2629 2880 2740 2934 tuo,
2770 2869 2967 2939 Aquila
2996 2865 3188 2928 edidit,
3219 2877 3268 2919 et
3301 2882 3333 2918 a
3363 2880 3546 2933 super-

1959 2960 2038 3014 bis
2074 2961 2281 3016 custodi
2315 2950 2521 3016 servum
2553 2971 2718 3014 tuum.
2763 2957 3069 3014 Admodum
3101 2973 3329 3013 necesse
3359 2956 3460 3011 fuit
3485 2963 3544 3011 ut

1958 3056 2104 3110 hanc
2132 3055 2408 3110 emitteret
2437 3055 2766 3120 orationem,
2791 3067 2901 3124 quo
2937 3066 2967 3104 ιι
2995 3049 3255 3121 superbia
3281 3049 3543 3104 liberare—

250 3141 356 3210 δρα
387 3143 708 3209 ἀναγκαίως
743 3144 836 3196 καὶ
865 3143 1064 3216 ταύτην
1095 3146 1394 3216 ἐκπέμπων
1426 3149 1523 3219 τὴν
1561 3149 1746 3220 εὐχὴν,
1779 3149 1853 3213 ὡς

1963 3155 2068 3199 tur.
2098 3143 2551 3214 Quandoquidem
2580 3160 2697 3211 eos,
2726 3144 2820 3214 qui
2851 3157 2975 3197 sese
3015 3144 3186 3211 probe
3217 3156 3281 3195 ac
3320 3149 3545 3196 strenue

247 3232 319 3288 ἂν
345 3235 577 3306 ρυσθείη
600 3236 708 3288 ἀπὸ
731 3237 1126 3308 ὑπερηφανίας.
1161 3239 1373 3310 Ἐπειδὴ
1403 3239 1511 3311 γὰρ
1533 3245 1642 3305 τοῖς
1668 3259 1858 3314 κατορ-

253 3325 415 3378 θοῦσι
446 3326 757 3396 παρέπεταί
797 3344 882 3390 τις
909 3326 1166 3398 λογισμὸς
1196 3328 1451 3393 πολλάκις
1485 3331 1851 3409 ιξπερήφανος,

251 3417 636 3490 ἑπαιρομένης
687 3422 779 3505 κει
841 3421 1214 3492 χαυνουμένης
1263 3423 1362 3493 τῆς
1415 3424 1592 3496 ψυχῆς
1642 3426 1740 3494 ἐφ’,
1774 3421 1856 3490 οἷς

251 3511 426 3582 ἑαυτῇ
463 3512 700 3565 συνοῖδεν
741 3513 993 3581 ἀγαθοῖςο
1039 3509 1158 3567 εἶτα
1199 3514 1278 3585 τῷ
1327 3515 1429 3586 τῆς
1476 3517 1855 3588 ὑπερηφανίας

253 3603 638 3674 περιπεσοῦσα
685 3605 872 3676 κακῷ,
915 3607 1060 3678 ἄλλῳ
1099 3608 1286 3679 τρόπῳ
1333 3610 1717 3681 τραχηλίζεται
1761 3615 1854 3666 καὶ

254 3696 621 3750 καταπίπτει·
668 3697 744 3760 ὡς
785 3698 870 3753 διὰ
913 3698 1071 3753 τοῦτο
1110 3701 1338 3770 φάσκειν
1369 3703 1462 3756 τὸν
1505 3703 1847 3759 Ἀπόστολον·

255 3791 389 3842 Ἵνα
411 3791 500 3858 μὴ
523 3792 814 3858 τυφωθεὶς
834 3795 921 3858 εἰς
947 3793 1122 3862 κρῖμα
1147 3795 1379 3866 ἐμπέσῃ
1407 3796 1509 3852 τοῦ
1537 3797 1848 3852 διαϐόλου*

252 3881 575 3950 ἀναγκαίως
617 3883 921 3955 προειπώνο
959 3887 1068 3938 Καὶ
1123 3888 1232 3956 γὰρ
1272 3891 1304 3941 ὀ
1346 3888 1566 3954 δοῦλός
1593 3904 1710 3944 σου
1742 3908 1852 3958 φυ-

251 3973 480 4029 λάσσει
529 3975 704 4039 αὐτὰ,
751 3977 846 4029 καὶ
887 3976 1100 4045 φύλακα
1142 3978 1249 4031 τῶν
1294 3979 1387 4032 τοῦ
1435 3980 1570 4032 Θεοῦ
1622 3982 1852 4036 ἐντολῶν

252 4067 452 4120 ἑαυτὸν
497 4066 690 4129 εἰπὼν,
722 4069 952 4123 ἱκετεύει
994 4069 1258 4141 ῥυσθῆναι
1297 4069 1406 4124 ἀπὸ
1448 4071 1848 4142 ὑπερηφανίας,

251 4160 350 4213 καὶ
377 4159 662 4229 ἐπιλέγει·
710 4161 845 4216 Ἐὰν
869 4160 955 4230 μή
989 4179 1108 4231 μου
1145 4165 1692 4230 κατακυριεύσωσι,
1718 4165 1852 4218 τότε

251 4251 502 4322 ἄμωμος
544 4254 792 4323 ἔσομαι,
835 4255 933 4309 καὶ
984 4258 1118 4310 τότε
1167 4254 1680 4325 καθαρισθήσομαι
1731 4257 1850 4311 ἀπὸ

251 4345 551 4415 ἁμαρτίας
573 4345 861 4417 μεγάλης.
899 4348 1048 4412 Τέως
1074 4348 1172 4419 μὲν
1199 4348 1312 4420 γὰρ
1336 4348 1428 4400 ἐπὶ
1457 4347 1552 4400 τοῦ
1586 4349 1852 4422 παρόντος

252 4438 304 4490 εί
329 4441 428 4494 καὶ
456 4438 675 4508 φύλακα
704 4440 939 4510 ἐμαυτὸν
970 4439 1168 4512 εἴρηκα
1211 4441 1318 4493 τῶν
1347 4439 1442 4494 τοῦ
1475 4440 1606 4493 Θεοῦ
1638 4457 1850 4512 παραγ-

1959 3245 2178 3309 gerunt,
2214 3238 2459 3308 quaedam
2505 3238 2825 3309 plerumque
2872 3233 3111 3304 superba
3150 3233 3406 3303 cogitatio
3454 3245 3544 3286 se-

1958 3331 2180 3402 quitur;
2213 3332 2342 3386 dum
2372 3333 2555 3386 anima
2603 3332 2871 3386 bonorum
2903 3343 3128 3400 operum
3164 3326 3269 3381 sibi
3297 3324 3540 3386 conscia,

1957 3429 2240 3484 extollitur
2267 3443 2331 3482 ac
2353 3427 2642 3499 magniﬁce
2673 3427 2741 3481 de
2765 3442 2823 3482 se
2855 3425 3023 3481 sentit
3049 3441 3063 3490 ;
3098 3421 3298 3476 deinde
3331 3435 3464 3476 vero
3487 3419 3543 3474 iu

1959 3522 2228 3592 superbia:
2255 3523 2459 3576 malum
2500 3521 2749 3592 delapsa,
2784 3520 2889 3573 alia
2930 3532 3149 3588 quoque
3177 3515 3388 3569 ratione
3410 3527 3542 3584 pro-

1957 3615 2222 3669 sternitur
2264 3627 2328 3667 ac
2360 3611 2600 3680 decidit;
2643 3612 2873 3680 ideoque
2905 3611 2980 3663 ait
3011 3607 3305 3678 Apostolus
3336 3607 3420 3655 ":
3457 3602 3542 3658 Na

1955 3703 2009 3756 in
2035 3701 2338 3773 superbiam
2366 3702 2562 3765 elatus,
2590 3701 2642 3752 in
2665 3698 2927 3769 judicium
2952 3696 3150 3749 incidat
3175 3692 3412 3746 diaboli:
3445 3706 3540 3746 ne-

1954 3796 2195 3850 cessario
2222 3809 2354 3849 sane
2384 3803 2674 3864 postquam
2697 3791 2928 3852 dixerat,
2952 3789 3142 3842 etenim
3185 3800 3364 3838 servus
3417 3793 3538 3838 tuus

1954 3885 2185 3940 custodit
2211 3901 2295 3947 ea,
2321 3899 2385 3937 ac
2417 3899 2540 3938 sese
2575 3882 2667 3936 Dei
2699 3889 3095 3951 prteceptorum
3129 3877 3393 3929 cultorem
3421 3886 3540 3943 pro-

1955 3979 2134 4034 fessus
2161 3985 2279 4031 erat
2300 4017 2315 4039 ,
2350 3977 2487 4046 eripi
2516 3991 2575 4031 se
2607 3980 2766 4044 rogat
2795 3988 2826 4026 a
2859 3970 3116 4040 superbia
3142 4009 3158 4033 ,
3210 3976 3374 4038 atque
3403 3966 3537 4021 sub-

1954 4064 2155 4119 inl'ert:
2209 4062 2271 4118 Si
2317 4063 2417 4116 mei
2451 4079 2554 4116 non
2601 4062 2799 4132 fuerint
2840 4059 3142 4122 deminuti,
3190 4066 3312 4110 tunc
3347 4056 3540 4109 imma-

1952 4157 2162 4211 culatus
2190 4172 2279 4210 ero
2302 4195 2317 4221 ,
2366 4164 2416 4210 et
2447 4165 2570 4209 tunc
2598 4152 2927 4210 emundaoor
2969 4169 3004 4206 a
3033 4151 3223 4205 delicto
3279 4150 3535 4202 maxime.

1953 4249 2068 4306 Etsi
2113 4253 2380 4306 hactenus
2423 4265 2510 4305 me
2555 4249 2806 4319 atquein
2841 4249 3096 4318 praesenti
3142 4253 3537 4314 praeceptorum

1953 4342 2048 4399 Dei
2082 4344 2347 4399 cultorem
2395 4343 2544 4409 dixi;
2599 4348 2656 4396 at
2708 4357 2833 4396 cum
2892 4355 2978 4394 me
3017 4339 3086 4393 ab
3137 4337 3369 4393 occultis
3402 4333 3541 4388 meis

1952 4447 2240 4508 purgatum
2272 4435 2514 4490 nondum
2546 4435 2738 4499 sciam,
2771 4433 2951 4488 adhuc
2975 4433 3031 4487 in
3063 4434 3360 4486 certamine
3389 4425 3538 4498 posi-

254 4531 575 4601 τελμάτων,
605 4531 719 4586 ἀλλ’
751 4533 872 4585 ἐπεὶ
892 4532 1102 4586 οὐδέπω
1130 4532 1342 4586 συνοῖδα
1359 4533 1582 4603 ἐμαυτῴ
1609 4533 1848 4587 κεκαθα-

1957 4538 2066 4593 tus,
2115 4544 2179 4584 ac
2227 4529 2497 4586 sollicitus
2547 4535 2669 4582 uta
2707 4526 2962 4596 superbia
3009 4527 3241 4596 eripior,
3291 4525 3416 4594 jure
3471 4533 3536 4575 ac

260 4624 506 4695 ρισμένῳ
527 4624 592 4677 ὲκ
615 4623 722 4677 τῶν
753 4624 996 4696 κρυφίων
1037 4643 1158 4696 μου,
1183 4625 1264 4678 ἔτι
1297 4625 1342 4679 δ’
1370 4625 1585 4695 ἀγωνιῶ
1617 4626 1711 4680 καὶ
1748 4643 1848 4680 πε-

258 4716 526 4785 φρὸντικα
552 4716 625 4780 ὡς
661 4716 727 4770 ἂν
763 4717 1015 4790 ρυσθείην
1046 4718 1155 4772 ἀπὸ
1189 4717 1586 4790 ὑπερηφανίας,
1625 4719 1849 4783 εἰκότως

259 4807 427 4878 φημὶ,
456 4806 553 4860 az;
585 4806 807 4878 μηδέπω
827 4809 886 4860 τὸ
908 4809 1108 4862 τέλειον
1130 4809 1503 4878 καθορθώσας.
1542 4809 1674 4863 Τότε
1697 4811 1848 4882 ἀκρι-

259 4899 369 4964 ϐῶς
389 4899 674 4970 γνώσομαι
693 4900 925 4970 ἐμαυτὸν
947 4899 1197 4971 ἄμωμον,
1215 4903 1308 4954 καὶ
1328 4902 1450 4955 τότε
1470 4901 1578 4955 ἀπὸ
1603 4902 1846 4974 μεγάλης

262 4989 734 5062 καθαρισοήσομαι
761 4991 1057 5063 ἁμαρτίας,
1099 4992 1318 5046 ἐπειδὰν
1358 4994 1495 5064 μήτε
1525 4994 1594 5047 τὰ
1635 4993 1848 5065 κρύιριά

267 5097 362 5150 μου
389 5082 884 5152 κατακυριεὺσωσι,
921 5085 1056 5154 μήτε
1077 5084 1336 5154 λογισμὸς
1365 5085 1718 5157 ὑπερήυανος
1746 5103 1846 5140 κα-

263 5171 580 5226 ταδουλώσει
632 5190 734 5244 με,
781 5174 815 5245 ἢ
865 5175 1091 5246 πονηροὶ
1146 5175 1422 5245 δαίμονες.
1489 5176 1746 5248 Μεγάλην
1787 5178 1844 5232 δὲ

268 5267 530 5339 ἁμαρτίαν
576 5267 676 5339 τὴν
717 5268 1219 5341 ἅποτελεσματικήν
1255 5271 1331 5339 (Ι)
1385 5287 1568 5341 φησιν.
1619 5271 1682 5323 Ei
1735 5269 1842 5342 γὰρ

268 5357 336 5430 μὴ
358 5362 466 5415 ἀπὸ
498 5361 606 5416 τῶν
650 5360 896 5434 κρυφίων
930 5357 1032 5433 μου
1067 5362 1476 5436 καθαρισοείην,
1509 5363 1835 5435 ἐπιμένοντα

327 5545 414 5600 “1
446 5545 591 5603 Tim.
628 5562 714 5612 ιιι,
744 5546 799 5602 6.

1947 4621 2144 4676 merito
2165 4621 2246 4675 sic
2279 4620 2500 4691 loquor,
2537 4629 2727 4691 utpote
2758 4621 2850 4691 qui
2878 4620 3120 4674 nondum
3150 4617 3218 4672 ad
3251 4621 3448 4699 metam
3476 4617 3532 4669 et

1947 4714 2013 4768 ad
2047 4714 2438 4784 perfectionem
2468 4714 2801 4784 pertigcrim.
2833 4711 2990 4767 Tunc
3020 4727 3106 4767 me
3144 4712 3303 4780 plane
3337 4708 3535 4760 innua-

1945 4807 2187 4862 calatum
2218 4822 2441 4863 noscam
2467 4845 2484 4871 ,
2515 4814 2647 4862 tunc
2674 4805 3013 4861 cmundabor
3046 4820 3074 4858 ιι
3107 4802 3312 4857 delicto
3359 4799 3534 4853 maxi-

1947 4916 2058 4964 mo,
2086 4917 2210 4956 cum
2243 4903 2460 4957 occulta
2495 4903 2600 4957 mei
2630 4917 2738 4956 non
2775 4896 3240 4958 dominabuntur,
3280 4909 3402 4950 cum
3435 4907 3532 4948 su-

1944 4994 2111 5063 perba
2150 4993 2411 5063 cogitatio
2437 5009 2502 5048 ac
2544 4995 2769 5064 maligni
2796 4993 3072 5046 dmmoncs
3120 5002 3207 5041 me
3251 4985 3530 5040 subditum

1945 5103 2055 5142 non
2083 5087 2426 5142 detinebant.
2472 5085 2776 5141 Maximum
2835 5097 2999 5154 porro
3046 5079 3303 5134 delictum
3334 5083 3530 5138 vocat,

1943 5180 2450 5249 apotelesmaticcn,
2479 5179 2595 5234 sive
2629 5177 2978 5244 astrologiam
3001 5170 3370 5242 judiciariam.
3395 5167 3528 5222 Nam

1943 5271 1989 5326 si
2017 5272 2086 5326 ab
2117 5272 2353 5328 occultis
2385 5273 2520 5328 meis
2551 5268 2881 5326 emundatus
2929 5282 3040 5322 non
3099 5264 3316 5329 luerim,
3343 5263 3530 5318 istlnec

1941 5364 2140 5420 delicta
2171 5364 2226 5420 in
2264 5380 2349 5422 me
2389 5361 2766 5436 permanentia
2797 5361 2850 5416 in
2882 5374 3108 5430 pravum
3139 5358 3414 5430 quoddam
3449 5354 3528 5410 fa-

307 5728 402 5800 ,(1)
439 5728 576 5796 Qua:
605 5727 696 5782 hic
718 5726 787 5782 de
807 5729 1244 5802 apotelesmatica
1274 5727 1555 5796 dicuntur,
1585 5742 1712 5786 cum
1735 5726 2091 5799 sequentibus
2129 5739 2239 5782 non
2261 5727 2588 5790 congruunt.
2630 5718 2816 5788 Quare
2877 5717 3287 5777 subodoramur
3321 5708 3525 5787 ~aliqua

258 5819 484 5894 interius
512 5823 812 5885 excidisse.
