3940 6292
468 306 570 362 195

1189 305 1455 362 EUSEBII
1496 306 1975 366 CJESARIENSIS
2012 307 2162 365 OPP.
2196 309 2377 363 PARS
2409 308 2497 365 Ill.
2540 308 2950 367 EXEGETICA.

3651 315 3741 370 196

460 421 622 478 cuius
654 438 738 478 me
778 422 1093 494 conjicient,
1132 437 1338 494 eroque
1371 439 1570 495 magno
1621 436 1844 495 peccato
1871 426 2044 482 obno-

2154 424 2316 478 ταῦτα
2367 424 2435 478 τὰ
2476 422 2895 495 παραπτώματα
2945 424 3027 487 είς
3079 422 3276 495 πρᾶξιν
3327 424 3546 497 φαύλην
3588 444 3740 498 μετα-

460 529 608 569 IIIIS.

534 605 699 661 Vens.
738 606 825 660 l5.
870 603 1113 660 Etet-unt
1155 608 1209 660 in
1254 607 1639 677 beneplacitum
1686 609 1896 681 eloquia
1941 610 2049 662 oris

462 700 582 753 mei.
610 698 750 752 Cum
782 698 899 754 haec
930 699 1062 752 mihi
1096 699 1194 755 ahs
1221 708 1270 754 te
1291 700 1489 755 collata
1512 701 1736 767 fuerint,
1772 712 1903 756 tunc
1931 700 2048 756 elo-

462 792 590 862 quia
617 791 731 846 oris
762 792 891 856 mei,
919 806 1039 862 qua:
1066 792 1344 861 precando
1364 834 1379 858 ,
1422 801 1476 847 te
1506 792 1725 864 hymnis
1766 791 2051 847 celebran-

461 885 552 949 do,
576 885 784 954 gratias
811 884 911 939 tibi
940 883 1151 955 agendo
1185 884 1382 950 obtuli,
1414 885 1617 954 placita
1640 885 1736 941 tibi
1759 892 1943 941 erunt.
1975 883 2050 937 Ea

462 992 592 1033 vero
625 977 823 1048 placita
871 977 1089 1048 eloquia
1152 982 1325 1041 sunt,
1383 993 1506 1048 quae
1547 978 1945 1049 approbatione
1998 983 2053 1032 et

461 1072 624 1127 laude
653 1071 835 1142 digna.
889 1070 959 1127 Et
1001 1073 1277 1127 meditatio
1317 1073 1492 1128 cordis
1536 1074 1641 1127 mei
1686 1075 1743 1126 in
1776 1080 2051 1142 conspectu

462 1172 552 1217 tuo
581 1171 659 1216 est
683 1178 901 1230 semper.
926 1161 1203 1219 Meditatio
1231 1164 1431 1219 mentis
1453 1178 1607 1228 meae,
1626 1176 1747 1233 quae
1768 1162 1825 1217 in
1846 1162 2053 1232 cogita-

460 1257 703 1313 tionibus
732 1264 786 1312 ct
814 1258 981 1310 animi
1031 1257 1286 1313 sensibus
1328 1255 1631 1326 perﬁcitur,
1652 1270 1776 1311 cum
1811 1256 1882 1309 sit
1903 1254 2052 1309 omni

463 1350 623 1420 culpa
670 1350 951 1417 immunis,
982 1351 1034 1404 in
1077 1358 1375 1420 conspectu
1431 1358 1527 1404 tuo
1566 1359 1650 1405 est
1679 1365 1914 1419 semper.
1942 1348 2054 1404 Me-

464 1443 657 1499 ditatio
679 1458 811 1499 sane
833 1459 940 1498 non
970 1443 1191 1499 aliunde
1222 1458 1387 1514 quam
1421 1443 1520 1499 abs
1554 1451 1608 1498 te
1636 1442 1913 1513 inculpata
1930 1456 2053 1498 esse

466 1537 626 1602 talet,
648 1538 741 1608 qui
766 1554 853 1593 me
875 1539 942 1592 ab
969 1539 1201 1594 occultis
1230 1538 1368 1593 meis
1398 1535 1734 1593 emundasti.
1918 1532 1927 1540 ’

535 1628 782 1693 Domine,
816 1632 1034 1701 adjutor
1066 1648 1208 1686 meus
1243 1642 1293 1686 et
1318 1631 1612 1701 redemptor
1641 1644 1808 1685 meus.
1834 1626 1911 1684 Te
1938 1627 2054 1699 opi-

462 1708 697 1787 tulante,
734 1722 997 1790 Domine,
1030 1740 1061 1778 a
1101 1723 1316 1779 nomine
1349 1722 1639 1778 adversum
1676 1736 1763 1777 me
1796 1721 2056 1792 spiritua-

2154 517 2329 589 φέρει,
2358 516 2453 570 καὶ
2484 516 2705 586 γίνομαι
2732 515 3030 580 ὑπεύθυνος
3062 517 3310 589 ἁμαρτίᾳ
3341 517 3581 589 μεγάλῃ.

2223 609 2329 663 Καὶ
2361 608 2604 662 ἔσονται
2630 611 2718 674 εἰς
2745 608 3029 681 εὐδοκίαν
3053 609 3125 663 τὰ
3164 612 3345 680 λόγια
3377 608 3490 663 τοῦ
3525 611 3733 681 στόμα-

2151 700 2255 765 τός
2282 716 2421 768 μου.
2459 698 2625 752 Ὅταν
2667 696 2841 752 ταῦτὰ
2887 716 2975 769 μοι
3024 698 3279 770 ὑπαρχθῇ
3327 697 3488 771 παρὰ
3534 700 3646 766 σοῦ,
3672 702 3735 757 τὰ

2151 791 2308 860 λόγια
2352 789 2445 844 τοῦ
2482 790 2747 862 στόματός
2780 807 2880 861 μου
2914 790 2949 845 ἃ
2973 792 3289 863 προήνεγκα
3317 792 3617 863 εὐχόμενός
3641 812 3734 862 σοι,

2155 884 2338 955 ὑμνῶν
2381 903 2461 949 σε,
2494 883 2829 957 εὐχαριστῶν
2880 902 2983 950 σοι,
3026 885 3107 949 εἰς
3147 885 3401 939 εὐδοκίαν
3441 887 3616 941 ἔσται.
3652 890 3735 954 Είς

2153 976 2397 1031 εὐδοκίαν
2428 977 2484 1030 δέ
2513 980 2658 1031 ἐστιν
2685 978 2754 1032 τὰ
2787 977 2942 1047 λόγια
2972 978 3042 1032 τὰ
3075 978 3351 1049 ἀποδοχῆς
3386 978 3535 1045 ἄξια.
3567 982 3669 1037 Kal
3697 985 3732 1053 ἠ

2144 1069 2366 1139 μελέτη
2415 1069 2527 1139 τῆς
2565 1070 2813 1140 καρδίας
2850 1089 2969 1140 μου
3018 1070 3277 1125 ἐνώπιόν
3317 1088 3438 1127 σου
3474 1073 3604 1128 ἐστὶ
3646 1075 3733 1130 διὰ

2153 1163 2397 1229 παντός.
2441 1162 2506 1215 Ἦ
2542 1161 2736 1236 μελέτη
2757 1163 2851 1217 τοῦ
2875 1164 3211 1235 διανοητικοῦ
3241 1182 3373 1237 μου,
3407 1166 3660 1239 γινομένη
3680 1168 3731 1222 ὲν

2151 1253 2432 1325 λογισμοῖς
2463 1254 2556 1307 καὶ
2597 1255 2866 1326 νοήσεσιν,
2902 1254 3059 1319 ἐκτὸς
3103 1251 3237 1309 οὖσα
3278 1256 3487 1321 παντὸς
3529 1256 3728 1329 μώμου,

2152 1345 2380 1400 ἐνώπιόν
2410 1363 2503 1399 σου
2530 1348 2784 1418 τυγχάνει
2820 1346 2910 1400 διὰ
2937 1348 3155 1411 παντός.
3193 1348 3266 1401 Τὸ
3291 1349 3481 1421 μέντοι
3521 1349 3618 1420 τῆς
3646 1367 3731 1422 με·

2152 1441 2312 1513 λέτης
2361 1440 2646 1513 ἄμεμπτον
2679 1441 2779 1495 οὐκ
2819 1441 3041 1495 ἄλλοθεν
3089 1443 3122 1514 ἢ
3178 1445 3243 1496 ὲκ
3294 1442 3394 1497 σοῦ
3450 1443 3728 1516 ὑπῆρκται,

2157 1535 2552 1608 καθαρίσαντός
2584 1552 2652 1606 με
2685 1535 2793 1589 ἀπὸ
2823 1534 2930 1590 τῶν
2963 1536 3211 1605 κρυφίων
3242 1552 3370 1606 μου.

2232 1629 2433 1697 Κύριε,
2453 1627 2644 1695 βοηθέ
2655 1647 2773 1697 μου
2796 1629 2894 1682 καὶ
2915 1628 3186 1697 λυτρωτά
3200 1647 3343 1698 μου.
3365 1628 3469 1682 Σοῦ
3498 1628 3730 1700 βοηθοῦν-

2154 1738 2265 1785 τος,
2290 1714 2336 1774 ὧ
2372 1721 2626 1784 δέσποτα,
2664 1721 2840 1775 οὐδενὶ
2881 1721 3173 1774 ὑποπίπτω
3210 1720 3322 1774 τῶν
3362 1721 3731 1793 πνευματικῶς

461 1813 589 1869 liter
617 1814 850 1869 bellante
903 1824 1243 1885 prosternar.
1277 1813 1433 1881 Quod
1479 1813 1526 1869 si
1573 1829 1705 1869 casu
1739 1813 1961 1868 eveniar
1988 1819 2044 1866 ut

2155 1812 2694 1885 προσπολεμούντων.
2747 1814 2810 1865 Εί
2848 1812 2905 1866 δὲ
2943 1814 3036 1867 καὶ
3080 1814 3383 1886 παρ’·ὲμὴν
3420 1815 3728 1888 ἀπροσεξίαν

465 1905 965 1962 inconsideratione
1003 1923 1123 1962 mea
1155 1906 1224 1961 ab
1257 1905 1586 1961 adversariis
1619 1905 1952 1976 intercipiat,
1985 1912 2044 1960 tu

2154 1906 2350 1960 ἁλῶναι
2371 1908 2483 1969 τοῖς
2507 1905 2769 1970 ἐναντίοις
2795 1905 3000 1977 συμϐῇ,
3028 1907 3090 1960 σύ
3125 1923 3192 1977 με
3217 1909 3285 1960 ἐκ
3311 1907 3423 1961 τῶν
3452 1908 3730 1980 κρατησάν-

462 2013 550 2053 me
581 2015 612 2054 e
640 2000 892 2057 manibus
922 2016 1111 2056 eorum
1144 2001 1416 2064 redimas,
1452 1999 1546 2069 qui
1586 2013 1694 2052 una
1735 1996 1953 2067 adiutor
1981 2012 2044 2053 ac

2154 2015 2252 2052 των
2279 1996 2590 2071 λυτροῦσαι,
2633 1997 2751 2068 ἁμα
2799 1996 2991 2069 βοηθὸς
3038 1983 3132 2052 καὶ
3171 1999 3458 2074 λυτρωτὴς
3498 2003 3726 2073 εὑρισκό-

460 2091 776 2161 redemptor
806 2109 929 2149 esse
959 2092 1408 2163 deprehenderis.

606 2206 658 2259 1.
709 2204 779 2259 IN
816 2206 1071 2271 FINEM,
1121 2203 1448 2260 PSALMUS
1495 2203 1707 2259 DAVID
1755 2202 1900 2258 XIX.

535 2296 704 2353 Vens.
754 2298 832 2351 2-
862 2299 917 2353 4.
960 2297 1233 2352 Exaudiat
1265 2306 1312 2351 te
1347 2296 1606 2352 Dominus
1645 2297 1703 2351 in
1746 2298 1832 2350 die
1878 2294 2046 2349 tribu-

463 2389 714 2453 lationis,
764 2398 1003 2461 protegat
1039 2399 1087 2445 te
1132 2406 1318 2445 nomen
1363 2389 1461 2444 Dei
1515 2388 1704 2445 Iacob.
1734 2388 1917 2443 Mittat
1952 2387 2046 2443 tibi

464 2479 728 2534 auxilium
747 2481 811 2535 de
830 2491 1036 2546 sancto,
1059 2491 1109 2536 et
1139 2481 1203 2535 de
1238 2482 1370 2536 Sion
1399 2491 1614 2536 tueatur
1647 2490 1713 2536 te.
1745 2480 1949 2536 Memor
1978 2482 2045 2534 sit

463 2573 635 2625 omnis
657 2573 914 2643 sacriﬁcii
948 2574 1046 2639 tui,
1066 2583 1115 2627 et
1140 2574 1510 2628 holocaustum
1541 2583 1690 2628 tuum
1717 2575 1908 2645 pingue
1927 2575 2043 2644 ﬁat.

463 2663 803 2737 Diapsalma.
838 2665 1093 2721 Psalmus
1123 2667 1343 2737 quidem
1368 2707 1382 2731 ,
1418 2674 1479 2721 ut
1527 2666 1888 2737 inscriptione
1935 2663 2046 2721 fer-

465 2767 578 2823 tur,
609 2757 801 2813 Davidi
831 2757 1152 2813 attribuitur
1177 2777 1189 2811 :
1223 2760 1409 2814 animo
1436 2765 1620 2813 autem
1647 2765 1892 2828 reputes,
1917 2773 2046 2812 num

466 2849 514 2904 si
548 2848 774 2904 historia
807 2856 1106 2913 spectetur,
1137 2849 1243 2903 alia
1275 2848 1671 2927 sitcujuspiam
1705 2848 1903 2911 oratio,
1927 2863 2048 2920 quae

465 2941 690 2998 Davidis
720 2942 1181 3012 supplicationum
1226 2941 1469 3011 adjutrix
1500 2932 1593 2996 sit.
1625 2939 1730 3006 Qui
1761 2938 1930 2995 David
1958 2955 2050 2995 ro-

469 3039 563 3104 gat
583 3032 967 3101 obsecratque,
1001 3041 1061 3086 ut
1087 3030 1231 3098 Deus
1262 3030 1367 3085 sibi
1397 3037 1645 3087 servator
1675 3030 1932 3097 assistat,
1982 3044 2048 3085 ac

465 3135 654 3180 contra
679 3123 934 3179 inimicos
969 3139 1158 3179 secum
1189 3124 1455 3179 decertet.
1490 3120 1802 3178 Verisimile
1844 3123 2049 3193 quippe
2075 3161 2117 3219 Ο

462 3225 569 3282 est,
600 3217 650 3272 ei
680 3216 769 3272 his
809 3215 1151 3270 ineumbenti
1180 3216 1412 3280 chorum
1452 3222 1772 3268 sanctorum
1820 3215 2047 3285 angelo-

462 3322 608 3371 rum,
630 3308 1012 3378 religiosorum
1045 3307 1350 3369 hominum,
1379 3321 1775 3377 sacrorumque
1801 3305 1895 3362 Dei
1940 3308 2046 3361 mi-

461 3399 766 3455 nistrorum
814 3399 1028 3464 adesse,
1063 3414 1171 3454 una
1201 3414 1326 3453 eum
1375 3398 1471 3453 illo
1517 3398 1770 3469 precari,
1824 3407 1879 3454 et
1933 3397 2048 3454 haec

465 3492 654 3548 omnia
684 3493 848 3547 simul
880 3490 1129 3563 proferre
1159 3510 1172 3546 :
1214 3489 1489 3544 Eaaudiat
1520 3500 1566 3544 te
1595 3488 1852 3544 Dominus
1876 3491 1931 3543 in
1964 3490 2048 3545 die

464 3583 850 3648 tribulationis,
868 3592 1148 3650 etcaetera;
1175 3580 1484 3652 atqueillud
1509 3580 1674 3635 item:
1701 3578 1771 3633 Et
1799 3578 1938 3634 adsit
1953 3579 2048 3634 tibi

469 3695 657 3734 nomen
689 3677 788 3731 Dei
811 3675 1002 3731 Iacob.
1053 3676 1149 3730 Est
1185 3675 1337 3731 enim
1368 3674 1498 3729 talis
1520 3673 1798 3729 invocatio
1818 3682 1874 3729 et
1902 3690 2047 3731 com-

461 3772 682 3844 pellatio
716 3770 785 3825 ad
832 3768 1235 3841 propulsandos
1252 3781 1444 3823 omnes
1466 3765 1722 3821 inimicos
1738 3768 1895 3822 satis.
1920 3765 2046 3822 Haec

460 3878 570 3920 non
600 3864 703 3919 soli
729 3862 921 3918 Davidi
949 3868 1284 3932 competunt;
1308 3860 1401 3917 sed
1432 3861 1596 3916 etiam
1616 3858 1838 3914 cuilibet
1866 3858 2043 3924 alteri,

463 3956 560 4024 qui
589 3955 643 4008 in
663 3954 831 4010 simili
859 3970 990 4009 casu
1013 3969 1112 4024 per
1139 3954 1442 4010 orationem
1478 3950 1783 4023 spiritualia
1829 3958 1885 4006 et
1908 3966 2046 4021 pura

466 4046 574 4102 Deo
606 4046 875 4102 sacriﬁcia
910 4047 1141 4113 emittit;
1173 4046 1261 4101 cui
1284 4088 1299 4114 ,
1345 4053 1406 4099 ut
1444 4059 1546 4115 par
1579 4052 1685 4109 est,
1718 4057 1889 4099 sacra:
1940 4043 2047 4098 illa:

463 4136 719 4198 virtutes.
744 4146 798 4192 et
818 4145 1134 4193 sanctorum
1156 4137 1473 4208 angelorum
1500 4135 1653 4191 chori
1677 4149 1786 4190 una
1822 4134 2043 4201 adsunt,

463 4228 775 4283 orationum
819 4243 883 4283 ac
925 4227 1371 4298 deprecationum
1422 4226 1558 4282 socii
1612 4234 1667 4281 et
1703 4225 2002 4296 adjutores.

450 4346 454 4351 -
540 4317 706 4375 Vsus.
767 4319 891 4375 5-7.
964 4318 1186 4374 Tribuat
1255 4319 1351 4396 tibi
1416 4318 1674 4373 Dominus
1758 4317 2044 4373 secundum

463 4431 556 4470 cor
595 4425 763 4479 tuum,
795 4421 846 4467 et
872 4428 1022 4467 omne
1048 4412 1327 4466 consilium
1360 4420 1508 4465 tuum
1538 4411 1833 4480 conﬁrmet.
1868 4409 2044 4465 Lwta-

2155 2107 2335 2162 μενος.
2548 2134 2556 2141 .

2302 2200 2418 2255 ΕΙΣ
2450 2202 2537 2255 ΤΟ
2576 2201 2818 2268 ΤΕΛΟΣ,
2856 2202 3148 2256 ΨΑΛΜΟΣ
3186 2204 3275 2258 ΤΩ
3309 2203 3508 2258 ΔΑΥΙΔ
3537 2204 3631 2259 ΙΘ¹.

2230 2292 2591 2349 Ἐπακούσαι
2639 2311 2755 2349 σου
2804 2296 3022 2364 Κύριος
3076 2295 3146 2348 ἐν
3190 2295 3388 2365 ἡμέρᾳ
3447 2298 3719 2366 θλίψεως,

2147 2386 2559 2453 ὑπερασπίσαι
2584 2403 2700 2440 σου
2728 2387 2794 2440 τὸ
2827 2386 3014 2456 ὄνομα
3040 2388 3148 2442 τοῦ
3176 2388 3330 2442 Θεοῦ
3370 2388 3586 2444 Ἰακώϐ.
3622 2388 3723 2453 Ἐξ·
3820 2427 3825 2431 ρ

2148 2480 2503 2534 ἀποστείλαι
2545 2496 2646 2535 σοι
2689 2479 2982 2548 βοήθειαν
3020 2482 3090 2547 ἐξ
3122 2483 3320 2553 ἁγίου,
3364 2483 3464 2538 καὶ
3492 2484 3560 2537 ἐκ
3589 2483 3722 2536 Σιὼν

2149 2569 2529 2625 ἀντιλάϐοιτό
2578 2587 2712 2626 σου.
2752 2575 3062 2642 Μνησθείη
3097 2572 3308 2643 πάσης
3361 2576 3574 2642 θυσίας
3600 2591 3718 2640 σου,

2147 2661 2249 2715 καί
2272 2662 2338 2716 τὸ
2361 2665 2750 2735 ὀλοκαύτωμά
2775 2682 2891 2720 σου
2917 2665 3200 2721 marries).
3229 2666 3562 2739 Διὰψαλμα.
3586 2669 3720 2722 Ἔστι

2152 2755 2250 2825 μὲν
2273 2754 2351 2827 τῷ
2382 2755 2543 2810 Δαυῖδ
2578 2758 2936 2829 ἀνακείμενος
2972 2760 3001 2811 ὁ
3032 2758 3268 2832 ψαλμὸς,
3305 2761 3447 2815 κατὰ
3480 2760 3575 2832 τὴν
3605 2777 3720 2832 προ-

2147 2849 2384 2920 γραφήν.
2429 2850 2752 2922 Ἐπίστησον
2782 2850 2839 2904 δὲ
2873 2852 3079 2923 μήποτε
3100 2851 3175 2915 ὡς
3205 2852 3346 2924 πρὸς
3378 2853 3475 2924 τὴν
3503 2850 3719 2923 ἱστορίαν

2148 2940 2279 3012 εὐχή
2312 2959 2395 3005 τις
2416 2937 2483 3013 ἦν
2507 2943 2644 3015 αὑτὴ
2674 2945 2933 3016 συνεργὸς
2964 2947 3085 3009 ταῖς
3113 2944 3205 2998 τοῦ
3229 2946 3393 3000 Δαυῒδ
3420 2944 3715 3018 ἱκετηρίαις.

2149 3030 2405 3101 δεομένου
2433 3051 2494 3086 τε
2524 3034 2618 3087 καὶ
2648 3034 3054 3099 ἀντιϐολοῦντος
3088 3035 3177 3090 διὰ
3218 3036 3531 3109 προσευχῆς
3555 3037 3717 3106 τυχεῖν

2151 3125 2284 3179 Θεοῦ
2312 3127 2563 3198 Σωτῆρος
2594 3128 2730 3197 πρὸς
2762 3128 2987 3201 ἐχθροὺς
3019 3130 3114 3183 καὶ
3136 3129 3432 3202 πολεμίους
3463 3143 3717 3200 παρατατ-

2149 3221 2398 3292 τομένου.
2431 3221 2591 3285 Εἰκὸς
2615 3221 2725 3293 γὰρ
2758 3217 2826 3293 ἦν
2861 3222 3010 3292 αὐτῷ
3042 3220 3215 3277 ταῦτα
3257 3223 3546 3294 πράττοντι
3575 3221 3714 3292 χορὸν

2150 3313 2318 3381 ἁγίων
2367 3313 2612 3392 ἀγγέλων
2655 3315 2688 3385 ἢ
2729 3315 2822 3367 καὶ
2871 3315 3133 3385 θεοφιλῶν
3173 3316 3406 3389 ἀνδρῶν,
3455 3314 3625 3369 αὐτῶν
3661 3311 3715 3384 δὴ

2147 3404 2259 3476 τῶν
2297 3406 2455 3477 ἱερῶν
2501 3409 2597 3461 καὶ
2638 3407 2964 3479 λειτουργῶν
3003 3407 3097 3461 τοῦ
3133 3408 3272 3485 Θεοῦ
3298 3408 3369 3462 τὰ
3403 3409 3713 3481 προκείμενα

2149 3499 2323 3552 πάντα
2383 3500 2736 3571 συνεύχεσθαι
2782 3500 2930 3572 αὐτῷ
2980 3501 3074 3555 καὶ
3119 3500 3301 3571 λέγειν
3323 3520 3337 3532 ·
3380 3501 3714 3556 Ἐπακούσαι

2148 3606 2263 3645 σου
2291 3593 2507 3661 Κύριος
2539 3594 2609 3647 ἐν
2637 3593 2828 3664 ἡμέρᾳ
2858 3595 3140 3663 θλίψεως,
3180 3597 3278 3649 καὶ
3307 3595 3377 3649 τὰ
3405 3594 3555 3666 ἐξῆς’
3586 3592 3640 3646 τό
3660 3605 3711 3642 τε

2146 3683 2223 3749 δὲ,
2254 3685 2359 3739 Καὶ
2384 3687 2722 3755 παρασταίη
2750 3701 2849 3740 σοι
2875 3687 2942 3739 τὸ
2975 3686 3161 3756 ὄνομα
3184 3685 3294 3740 τοῦ
3328 3686 3474 3742 Θεοῦ
3511 3680 3709 3741 Ἰακώϐ.

2160 3776 2425 3850 Ἀπαρκεῖ
2458 3778 2568 3851 γὰρ
2607 3778 2744 3849 αὑτὴ
2780 3780 2813 3850 ὴ
2847 3778 3133 3850 ἐπίκλησις
3174 3779 3269 3833 καὶ
3316 3781 3349 3850 ή
3396 3774 3709 3850 προσηγορία

2149 3870 2284 3942 πρὸς
2309 3871 2521 3943 ἄμυναν
2549 3871 2750 3936 παντὸς
2788 3871 3053 3926 ἐναντίου.
3083 3871 3271 3926 Ταῦτα
3297 3872 3355 3925 δὲ
3387 3872 3448 3926 οὐ
3479 3871 3615 3942 μόνῳ
3641 3865 3710 3937 τῷ

2145 3962 2327 4028 Δαυῒδ,
2354 3964 2492 4019 ἀλλὰ
2521 3965 2617 4018 καὶ
2654 3965 2817 4019 παντὶ
2854 3964 2932 4035 τῷ
2957 3964 3077 4018 καθ’
3103 3965 3363 4036 ὁμοίωσιν
3395 3962 3594 4019 ἐκείνου
3623 3958 3707 4021 τὰς

2145 4056 2212 4110 δι’
2246 4056 2421 4128 εὐχῶν
2439 4057 2817 4128 ὰναπέμποντι
2855 4056 2934 4127 τῷ
2972 4056 3091 4128 Θεῷ
3124 4057 3320 4130 νοερὰς
3352 4058 3446 4112 καὶ
3483 4051 3707 4125 καθαρὰς

2146 4148 2355 4214 θυσίας,
2382 4149 2638 4220 δυνάμεις
2665 4150 2844 4218 ἁγίας,
2878 4150 2973 4203 καὶ⁵
3017 4150 3266 4219 ἀγγέλων
3309 4150 3468 4222 ἱερῶν
3509 4147 3701 4219 χοροὺς,

2144 4240 2290 4304 εἰκὸς
2314 4239 2379 4294 ἂν
2409 4239 2496 4312 εἴη
2525 4240 2874 4311 συνεύχεσθαι
2907 4241 2998 4294 καὶ
3030 4239 3373 4312 ἐπεύχεσθαι.

2215 4330 2340 4400 Δῴη
2391 4347 2491 4386 σοι
2529 4333 2744 4401 Κύριος
2790 4333 2940 4388 κατὰ
2988 4331 3103 4402 τὴν
3145 4332 3398 4403 καρδίαν
3438 4347 3579 4392 σου.
3614 4326 3701 4381 καὶ

2145 4423 2352 4481 πᾶσαν
2382 4423 2498 4494 τὴν
2535 4425 2772 4492 βουλήν
2805 4440 2921 4480 σου
2959 4424 3293 4494 πληρώσαι.
3338 4421 3702 4494 Ἀγαλλιασό-

464 4507 636 4561 bimur
664 4507 719 4560 in
751 4505 981 4559 salutari
1012 4513 1121 4568 tuo,
1147 4512 1196 4558 et
1233 4504 1290 4557 in
1322 4504 1532 4558 nomine
1560 4503 1778 4557 Domini
1820 4502 1919 4556 Dei
1946 4518 2043 4555 no-

2154 4520 2294 4584 μεθα
2311 4517 2381 4571 ἐν
2409 4516 2491 4582 τῷ
2519 4517 2791 4587 σωτηρίῳ
2819 4532 2956 4582 σου,
2986 4517 3084 4571 καί
3113 4518 3183 4571 ἐν
3211 4517 3292 4586 τῷ
3315 4519 3548 4586 ὀνόματι
3570 4508 3701 4566 Θεοῦ

463 4599 562 4652 stri
588 4596 1068 4668 magni/icabimur.
1099 4595 1326 4665 Impleat
1343 4595 1598 4650 Dominus
1625 4611 1806 4649 omnes
1828 4595 2043 4663 petilio-

462 4706 554 4744 nes
586 4698 704 4744 tuas
731 4706 750 4745 :
777 4706 915 4743 nunc
949 4691 1160 4760 cognovi
1190 4689 1439 4760 quoniam
1464 4688 1670 4743 salvum
1702 4687 1827 4757 fecit
1860 4687 2041 4741 Domi-

464 4799 563 4837 nus
588 4781 856 4839 Christum
880 4799 1053 4837 suum.
1085 4783 1131 4836 A
1157 4782 1515 4853 diapsalmate
1542 4781 1655 4835 orsi
1684 4781 1780 4851 qui
1819 4795 2043 4850 precan-

465 4882 576 4942 tur,
601 4875 943 4946 prophetiam
983 4875 1275 4942 emittunt;
1307 4872 1455 4945 quod
1499 4873 1552 4929 ei
1569 4873 1663 4944 qui
1694 4871 2041 4927 rationabilis

462 4966 555 5020 illa
583 4966 854 5023 sacriﬁcia
877 4966 1107 5032 obtulit,
1156 4982 1219 5021 ea
1258 4966 1444 5020 omnia
1470 4965 1769 5036 largiturus
1794 4963 1866 5019 sit
1895 4961 2040 5017 Deus

462 5074 583 5129 quae
610 5066 792 5115 mente
829 5067 885 5115 et
913 5060 1097 5114 animo
1136 5058 1470 5128 postulavit;
1511 5064 1566 5110 et
1592 5055 1885 5111 consilium
1918 5054 2040 5124 ejus

463 5150 829 5223 perfecturus,
853 5152 898 5208 si
921 5151 1141 5223 quidem
1164 5168 1276 5207 non
1315 5150 1480 5209 fuerit
1508 5150 1643 5221 ipsis
1670 5149 1766 5206 Dei
1790 5149 2039 5206 consiliis

463 5242 724 5299 alienum.
748 5241 842 5307 lis,
875 5244 1151 5314 inquiunt,
1180 5254 1358 5299 tecum
1400 5243 1558 5298 bonis
1596 5242 1863 5308 fruemur,
1890 5242 2042 5297 laeta-

464 5334 757 5406 bimurque
812 5335 868 5389 in
919 5337 1142 5391 salutari
1191 5344 1326 5391 tuo:
1369 5335 1523 5405 gnari
1553 5335 1755 5405 quippe
1809 5349 2038 5399 sumus,

466 5425 674 5497 Spiritu
708 5432 898 5481 sancto
941 5429 1245 5490 revelante,
1309 5426 1515 5496 prolem
1546 5425 1695 5479 illam
1725 5439 1790 5479 ex
1825 5431 1879 5479 tc
1911 5439 2040 5495 pro-

462 5517 721 5580 dituram.
748 5518 1125 5574 universorum
1156 5520 1440 5575 hominum
1488 5518 1727 5575 salutare
1774 5518 2035 5574 futuram.

462 5611 580 5677 Qua
628 5611 684 5667 in
713 5627 772 5668 re
801 5627 902 5669 nos
930 5629 1147 5685 quoque
1171 5614 1226 5667 in
1255 5614 1477 5669 nomine
1505 5612 1722 5669 Domini
1745 5612 1839 5668 Dei
1863 5612 2037 5668 nostri

460 5703 954 5776 magniﬁcabimur.
988 5705 1322 5778 lmplcantur
1350 5709 1514 5765 etiam
1560 5708 1849 5781 petitiones
1880 5713 1989 5765 tuae
2020 5727 2033 5763 :

462 5795 595 5867 ipsa:
622 5796 825 5873 quippe
838 5796 1344 5881 Peodignisunt.

2143 4607 2314 4678 ἡμῶν
2328 4609 2925 4679 μεγαλ-υνθησόμεθα.
2959 4608 3276 4676 Πληρὼσαι
3299 4609 3510 4676 Κύριος
3526 4601 3701 4657 πάντα

2142 4700 2215 4754 τὰ
2244 4700 2534 4771 αἰτήματα
2573 4714 2689 4754 σου
2713 4717 2726 4730 ’
2763 4700 2880 4754 νῦν
2913 4699 3123 4770 ἔγνων,
3164 4701 3254 4754 ὅτι
3290 4702 3482 4755 ἐσωοέ
3505 4695 3698 4762 Κύριος

2143 4789 2249 4843 τὸν
2278 4787 2536 4858 Χριστὸν
2570 4787 2776 4842 αὐτοῦ.
2820 4786 2952 4840 Ἀπὸ
2991 4788 3086 4840 τοῦ
3131 4788 3495 4859 διαψάλματος
3533 4780 3580 4833 oi
3615 4774 3690 4828 εὐ-

2143 4880 2364 4951 ξάμενοι
2418 4879 2881 4951 προφητεύουσιν,
2925 4878 3075 4950 αὐτῴ
3119 4880 3211 4933 τὸν
3251 4879 3382 4934 Θεὸν
3419 4875 3627 4936 δώσειν,
3657 4859 3696 4934 ᾧ

2141 4973 2237 5036 τὰς
2261 4971 2482 5041 λογικὰς
2510 4970 2700 5035 θυσίας
2740 4972 3133 5043 προσήνεγκεν,
3174 4971 3277 5024 ὅσα
3312 4966 3451 5023 κατὰ
3480 4962 3694 5018 διάνοιαν

2141 5063 2344 5135 ᾔτησε,
2377 5064 2472 5117 καὶ
2510 5063 2786 5135 πλήρωσιν
2820 5065 2885 5135 τῇ
2916 5062 3101 5135 βουλῇ,
3130 5063 3165 5134 ἢ
3213 5063 3294 5116 ὃτι
3335 5061 3407 5132 μὴ
3459 5055 3692 5123 ἀλλότρια

2141 5154 2275 5209 Θεοῦ
2303 5153 2371 5208 τὰ
2399 5154 2816 5226 βεϐουλευμένα.
2841 5154 3324 5225 Συναπολαύσομεν
3343 5152 3401 5205 δέ
3427 5165 3524 5207 σοι.
3552 5140 3690 5215 φασὶν

2141 5246 2250 5301 τῶν
2297 5246 2518 5317 ἀγαθῶν
2538 5289 2555 5316 ,
2607 5245 3002 5319 ἀγαλλιώμενοι
3049 5245 3127 5318 τῷ
3175 5243 3422 5316 σωτηρίῳ
3473 5237 3547 5309 τῷ
3591 5230 3685 5301 σῷ”

2141 5339 2385 5411 ἔγνωμεν
2412 5340 2519 5412 γὰρ
2545 5338 2604 5404 ἐξ
2625 5339 2781 5408 ἁγίου
2809 5339 3119 5410 Πνεύματος
3159 5338 3219 5392 τὸ
3260 5338 3323 5390 ἐκ
3360 5332 3451 5389 σοῦ
3481 5324 3685 5412 γενησάζ

2144 5407 2303 5503 μενον
2326 5407 2573 5504 γέννημα
2621 5407 2838 5485 πάντων
2875 5407 3178 5503 ἀνθρώπων
3221 5430 3506 5500 σωτήριον
3538 5418 3614 5487 ἐφ’
3646 5407 3686 5481 ᾧ

2141 5527 2234 5579 καὶ
2257 5529 2420 5597 ἡμεῖς
2450 5503 2968 5598 μεγαλυνθησόμεθα
2998 5526 3056 5578 ἐν
3089 5521 3165 5595 τῷ
3194 5521 3410 5592 ὀνόματι
3450 5512 3537 5569 τοῦ
3563 5503 3681 5598 Θεοῦ

2140 5596 2316 5691 ἡμῶν.
2352 5596 2534 5672 Ἔστω
2557 5617 2614 5673 δέ
2641 5634 2734 5672 σου
2767 5617 2859 5671 καὶ
2891 5616 2959 5670 τὰ
2983 5616 3261 5687 αἰτήματα
3281 5626 3296 5646 ⁸
3324 5611 3414 5665 καὶ
3449 5604 3553 5677 γὰρ
3569 5596 3680 5664 ἀξια

2139 5711 2310 5767 ταῦτα
2329 5709 2484 5766 Θεοῦ.
