3940 6292
257 309 372 364 197

1425 298 1922 358 COMMENTARIA
1961 297 2033 354 IN
2071 295 2406 362 PSALMOS,

3441 299 3544 358 198

349 425 794 479 Ἐπακούσεται
829 425 1013 479 αὐτοῦ
1044 425 1111 488 ἐξ
1157 422 1417 491 οὐρανοῦ
1461 422 1631 491 ἁγίου
1660 418 1864 482 αὐτοῦ,

2042 418 2302 472 Exaudiet
2338 418 2488 470 illum
2516 415 2580 470 de
2602 416 2729 470 corio
2758 424 2940 468 sancto
2965 431 3082 481 suo,
3115 415 3166 469 in
3191 418 3538 484 potestatibus

270 521 342 574 ὲν
368 519 765 585 δυναστείαις
797 520 1057 587 σωτηρία
1098 516 1207 585 τῆς
1233 515 1434 581 δεξιᾶς
1472 514 1674 566 αὐτοῦ.
1714 511 1871 577 Δεξιά

273 613 329 666 δὲ
362 611 507 682 χεὶρ,
533 611 633 665 καὶ
659 614 830 664 πᾶσαι
858 613 910 663 αἱ
939 611 1191 679 σωτήριοι
1227 609 1319 660 καὶ
1357 607 1526 673 δεξιαὶ
1566 604 1791 676 πράξεις
1816 605 1872 655 ἐν

274 706 644 769 δυναστείαις.
678 708 947 776 Δυνάμεσι
986 704 1093 775 γὰρ
1140 704 1232 757 καὶ
1284 702 1528 774 σημείοις
1561 701 1654 754 καὶ
1686 700 1869 770 τέρασι

272 796 376 860 τὰς
401 798 484 860 εἰς
511 795 835 868 ἀνθρώπους
865 797 1148 867 ποιήσεται
1173 792 1511 865 εὐεργεσίας.

347 885 537 943 Οὗτοι
578 891 650 941 ἐν
688 889 947 958 ἅρμασιν
983 887 1083 941 καὶ
1123 881 1285 940 οὗτοι
1333 885 1402 937 ἐν
1435 884 1658 948 ἵπποις,
1700 882 1866 950 ἡμεῖς

268 980 341 1034 δὲ
375 983 451 1033 ἐν
482 983 728 1050 ὀνόματι
769 981 985 1048 Κυρίου
1015 976 1160 1031 Θεοῦ
1185 973 1352 1045 ἡμῶν
1374 975 1864 1042 ἐπικαλεσόμεθα.

269 1074 460 1128 Αὐτοὶ
518 1072 1058 1139 συνεποδίσθησαν
1110 1068 1208 1121 καὶ
1264 1067 1524 1120 ἔπεσαν·
1588 1064 1758 1134 ἡμεῖς
1803 1062 1870 1115 δὲ

269 1165 629 1233 ἀνέστημεν
661 1163 756 1216 καὶ
789 1160 1228 1230 ἁνωρθώθημεν.
1272 1157 1500 1220 Σῶσον,
1537 1160 1731 1225 Κύριε,
1765 1157 1871 1208 τὸν

265 1258 568 1322 βασιλέα,
602 1257 696 1310 καὶ
725 1255 1072 1310 ἐπάκουσον
1089 1253 1256 1323 ἡμῶν
1283 1253 1352 1305 ἐν
1377 1247 1417 1322 ᾗ
1441 1252 1516 1304 ἂν
1540 1250 1872 1320 ἡμέρᾳέπι-

275 1349 666 1419 καλεσόμεθά
693 1364 784 1402 σε.
832 1348 990 1401 Ἀλλά
1017 1349 1124 1418 γάρ
1169 1351 1202 1418 ὴ
1249 1350 1412 1418 πεῖρα
1450 1345 1558 1399 τῶν
1609 1343 1869 1414 πραγμά-

275 1460 391 1497 των
424 1444 622 1512 γένοιτ’
652 1442 717 1495 ἂν
759 1442 974 1512 ἔλεγχος
1021 1440 1114 1494 τοῦ
1159 1441 1481 1511 κρείττονος.
1526 1439 1589 1490 Οἱ
1625 1437 1722 1507 μὲν
1763 1435 1871 1506 γὰρ

279 1534 367 1588 σοὶ
391 1535 582 1606 ἐχθροὶ
610 1536 692 1602 ἐφ’
727 1535 911 1595 ἵπποις
939 1533 1030 1585 καὶ
1062 1532 1270 1604 ἅρμασι
1303 1528 1640 1591 πεποιθότες,
1671 1544 1873 1598 συμπο-

275 1627 559 1690 δισθέντες
592 1625 880 1679 πεσοῦνται
905 1624 1104 1695 ὁμοίως
1131 1623 1208 1694 τῷ
1237 1621 1434 1694 Φαραὼ
1461 1621 1553 1673 ἐπὶ
1580 1621 1678 1688 τῆς
1721 1621 1873 1690 Ἐρυ-

277 1717 420 1788 θρᾶς
448 1716 722 1787 θαλάττης
755 1713 1224 1768 καταποντωθέντι
1244 1730 1256 1741 '
1291 1713 1450 1782 ἡμεῖς
1478 1711 1533 1763 δὲ
1561 1711 1608 1762 οί
1659 1708 1738 1778 τῷ
1761 1709 1873 1762 ὀνό-

279 1828 418 1881 ματι
467 1809 674 1879 Κυρίου
710 1807 803 1860 τοῦ
831 1807 964 1859 Θεοῦ
994 1806 1148 1877 ἡμῶν
1179 1804 1529 1873 ὡπλισμένοι,
1556 1802 1649 1854 καὶ
1683 1803 1763 1854 σοὶ
1793 1802 1869 1872 τῷ

274 1903 379 1965 τὰς
416 1900 614 1964 θυσίας
652 1900 1027 1970 ἀναπέμποντι
1068 1900 1189 1961 ταῖς
1224 1898 1406 1966 εὐχαῖς
1440 1895 1868 1965 συναγωνιζόμε-

277 2012 385 2056 νοι,
441 1992 892 2062 ἀναστησόμεθα,
940 1993 1032 2044 καὶ
1079 1987 1602 2062 ἀνορθωθησόμεθα,
1651 1986 1742 2039 σοῦ
1773 1986 1870 2049 τὰς

278 2086 429 2140 κατά
457 2086 568 2139 τῶν
600 2085 807 2156 ἐχθρῶν
843 2085 994 2147 νίκας
1023 2082 1318 2153 ἀραμένου.
1365 2079 1522 2132 Ἀλλὰ
1562 2077 1733 2130 ταῦτα
1774 2078 1870 2147 μὲν

282 2179 463 2243 ἔσται,
483 2179 639 2248 φασὶ,
659 2179 750 2231 καὶ
762 2177 856 2229 νῦν
875 2175 1016 2229 κατά
1027 2175 1116 2228 τὸν
1142 2174 1328 2245 καιρὸν
1350 2175 1446 2243 τῆς
1469 2171 1562 2224 τοῦ
1584 2169 1870 2224 ἀποδοθέν-

283 2292 376 2337 τος
398 2270 667 2343 σωτηρίου
697 2269 1034 2340 ἐπιφανείας.
1063 2266 1195 2321 Τότε
1225 2265 1333 2336 γὰρ
1363 2264 1596 2334 μάλιστα
1621 2264 1788 2316 πᾶσαι
1816 2263 1870 2314 αἱ

286 2362 665 2432 ἀντικείμεναι
705 2361 990 2429 δυνάμεις,
1025 2362 1117 2411 καὶ
1156 2358 1203 2409 οἱ
1247 2356 1468 2423 ἀφανεῖς
1518 2354 1612 2406 καὶ
1653 2353 1871 2424 ἀόρατοι

289 2454 386 2508 τοῦ
415 2454 548 2506 Θεοῦ
575 2452 846 2522 πολέμιοι.
875 2451 939 2503 δι’
976 2447 1139 2503 αὐτοῦ
1164 2447 1254 2501 τοῦ
1287 2445 1553 2517 σωτηρίου
1580 2445 1874 2516 τροπΟὐμε-

296 2563 400 2607 να,
431 2544 736 2598 πεσοῦνται.
764 2542 971 2604 Πάντες
999 2541 1056 2594 δέ
1088 2541 1137 2592 οἱ
1168 2539 1230 2592 τὸ
1270 2538 1532 2609 σωτήριον
1567 2534 1871 2606 παραδεξά-

303 2654 470 2708 μενοι,
514 2635 604 2689 τοῦ
646 2635 813 2688 πάλαι
855 2631 1033 2686 αὐτῶν
1076 2631 1362 2699 πτώματος
1407 2629 1870 2698 διαναστήσονται.

295 2727 390 2780 Διὸ
421 2727 545 2798 περὶ
578 2724 742 2778 αὐτοῦ
785 2723 1006 2794 Συμεὼν
1050 2721 1263 2790 ἐλεγενο
1312 2719 1458 2773 Ἰδοὺ
1487 2715 1662 2783 οὗτος
1691 2717 1874 2770 κεῖται

293 2822 383 2885 εἷς
417 2819 650 2873 πτῶσιν
680 2816 777 2870 καὶ
828 2813 1167 2869 ἀνάστασιν
1203 2811 1478 2866 πολλῶνο
1526 2809 1730 2862 πτῶσιν
1778 2808 1874 2878 μὲν

296 2912 492 2983 δηλαδὴ
535 2911 642 2964 τῶν
678 2907 888 2979 ἐχθρῶν
927 2905 1090 2960 αὐτοῦ
1129 2907 1224 2958 καὶ
1265 2905 1370 2957 τῶν
1404 2901 1704 2972 πολεμίων·
1741 2899 1874 2953 ἀνά-

301 3019 484 3054 στασιν
520 3001 574 3052 δὲ
607 2999 711 3052 τῶν
745 2997 913 3050 παλαι
947 2994 1333 3058 πεπτωκότων,
1363 2993 1429 3045 δι’
1457 2989 1619 3044 αὐτοῦ
1654 2989 1710 3042 δὲ
1743 2990 1873 3059 ἐγη-

1834 1773 1946 1827 .~.B

1973 511 2120 565 salus
2146 510 2374 564 dextera:
2400 509 2537 575 ejus.
2579 506 2809 564 Dextera
2836 522 3050 571 manus,
3085 523 3383 577 omnesque
3407 507 3542 561 ἀρχα

1973 611 2100 655 terte
2152 609 2205 655 et
2265 601 2534 655 salutares
2589 598 2832 652 actiones
2885 597 2938 651 in
2975 598 3335 667 potestatibus
3392 605 3540 654 sunt.

1973 692 2277 748 Virtutibus
2309 705 2544 761 namque
2567 730 2582 756 ,
2616 691 2787 761 signis
2826 697 2880 745 et
2933 688 3193 760 prodigiis
3216 729 3230 755 ,
3281 691 3544 746 beneﬁcia

1973 799 2072 840 sua
2102 785 2414 839 [nominibus
2440 783 2801 854 dispensabit.
3606 767 3615 790 ⁴

2042 877 2211 931 Vnus.
2247 876 2404 932 8-10.
2449 875 2522 928 Hi
2579 877 2632 929 in
2693 874 2934 928 curribus
2971 883 3022 928 et
3054 874 3107 927 hi
3146 875 3198 928 in
3235 876 3400 945 equis,
3451 893 3545 932 nos

1971 979 2144 1023 autem
2195 971 2247 1023 in
2300 969 2507 1022 nomine
2547 967 2762 1020 Domini
2805 966 2902 1020 Dei
2943 967 3113 1020 nostri
3164 965 3544 1022 invocabimus.

1972 1057 2087 1126 Ipsi
2110 1056 2345 1119 impediti
2371 1065 2493 1110 sunt
2527 1065 2578 1110 et
2613 1055 2945 1120 ceciderunt,
2985 1071 3078 1109 nos
3114 1063 3288 1108 autem
3315 1058 3549 1110 surrexi-

1970 1166 2084 1203 mus
2103 1158 2152 1202 et
2188 1150 2345 1203 erecti
2371 1165 2574 1202 sumus.
2607 1147 2829 1202 Domine
2851 1188 2866 1211 ,
2909 1147 3112 1201 salvum
3144 1148 3230 1216 [ac
3260 1165 3427 1218 regem
3449 1188 3463 1213 ,
3497 1160 3548 1202 et

1968 1241 2161 1295 exaudi
2186 1257 2279 1295 nos
2311 1241 2363 1293 in
2401 1239 2486 1294 die
2516 1257 2619 1310 qua
2645 1239 3054 1293 invocaverimus
3092 1249 3159 1292 te.
3205 1237 3326 1309 Ipsa
3364 1255 3549 1294 rerum

1969 1333 2322 1403 experientia,
2359 1339 2739 1402 argumentum
2765 1347 2898 1387 sane
2934 1331 3096 1386 fuerit
3126 1331 3257 1400 quid
3305 1331 3358 1385 in
3384 1332 3550 1387 rebus

1970 1422 2315 1490 praestantius
2341 1420 2433 1474 sit.
2464 1419 2533 1472 At
2557 1419 2702 1474 enim
2733 1419 2940 1474 inimici
2969 1420 3070 1484 tui,
3099 1421 3256 1490 equis
3286 1429 3341 1474 et
3373 1422 3552 1476 curri-

1973 1512 2074 1567 bus
2103 1511 2460 1575 conlidentes,
2495 1511 2774 1581 praepediti
2821 1509 3079 1566 corruent
3109 1512 3336 1582 perinde
3389 1522 3553 1583 atque

1971 1603 2207 1667 Pharao,
2243 1603 2335 1674 qui
2367 1604 2420 1657 in
2452 1605 2590 1657 mari
2627 1604 2815 1659 Rubro
2848 1605 3134 1660 demersus
3175 1613 3281 1662 est.
3318 1605 3430 1662 Nos
3460 1622 3554 1661 au-

1975 1702 2084 1749 tem
2117 1694 2337 1749 nomine
2369 1694 2579 1749 Domini
2604 1695 2698 1750 Dei
2735 1695 3200 1751 nostri'instructi
3233 1704 3286 1751 et
3316 1698 3551 1763 armati,

1977 1803 2040 1841 ac
2071 1797 2247 1842 tecum
2302 1787 2394 1856 qui
2447 1787 2715 1841 sacriﬁcia
2761 1787 3013 1843 immolas
3060 1787 3314 1857 precibus
3347 1788 3554 1842 nostris

1977 1888 2374 1943 concertantes,
2401 1894 2751 1949 resurgemus
2793 1887 2957 1949 atque
2991 1880 3295 1950 erigemur,
3324 1895 3447 1934 cum
3491 1887 3554 1935 tu

1977 1974 2043 2029 de
2073 1973 2309 2028 inimicis
2343 1974 2623 2028 victoriam
2649 1973 2920 2028 retuleris.
2961 1971 3066 2025 Sed
3111 1971 3245 2037 haec,
3271 1972 3551 2042 inquiunt,

1976 2069 2225 2122 evenient
2273 2075 2514 2138 tempore
2558 2067 2825 2122 Salutaris
2859 2066 3005 2121 illius
3053 2066 3336 2121 adventus.
3392 2065 3549 2120 Tunc

1977 2160 2120 2214 enim
2171 2159 2407 2214 maxime
2456 2175 2646 2215 omnes
2687 2159 3013 2213 adversariae
3047 2166 3346 2227 potestates
3382 2173 3445 2212 ac
3475 2158 3556 2211 la-

1979 2260 2156 2308 tentes
2201 2253 2279 2306 illi
2305 2259 2358 2307 et
2387 2252 2587 2306 occulti
2642 2251 2739 2305 Dei
2795 2250 3024 2314 inimici,
3060 2251 3128 2306 ab
3160 2251 3280 2320 ipso
3307 2249 3551 2305 Salutari

1980 2346 2034 2399 in
2084 2344 2264 2416 fugam
2301 2345 2464 2409 versi,
2501 2350 2935 2414 prosternentur.
2989 2341 3192 2398 Omnes
3246 2357 3410 2412 porro
3459 2343 3556 2413 qui

1982 2436 2232 2492 Salutare
2255 2437 2569 2506 hujusmodi
2600 2437 2929 2504 receperint,
2963 2452 2992 2489 a
3014 2435 3247 2504 pristino
3288 2434 3440 2503 lapsu
3468 2448 3558 2488 re—

1981 2537 2224 2597 surgent.
2258 2528 2467 2583 Idcirco
2497 2529 2570 2582 ita
2613 2527 2835 2584 Simeon
2861 2528 2928 2584 de
2952 2528 3071 2598 ipso
3102 2527 3343 2596 loquitur
3376 2547 3388 2580 :
3427 2525 3558 2580 Ecce

1978 2625 2178 2692 positus
2207 2629 2283 2677 est
2326 2621 2409 2675 hic
2443 2623 2497 2676 in
2547 2621 2758 2675 ruinam
2805 2630 2853 2675 et
2896 2621 3326 2674 resurrectionem
3353 2618 3547 2671 multo-

1980 2731 2099 2768 rum
2129 2715 2206 2767 ”:
2243 2712 2458 2767 ruinam
2513 2710 2765 2766 videlicet
2813 2709 3160 2763 inimicorum
3216 2715 3270 2762 et
3317 2706 3558 2761 hostium

1981 2806 2135 2875 ejus;
2172 2803 2631 2860 resurrectionem
2664 2817 2792 2856 vero
2822 2815 3012 2856 eorum
3039 2800 3131 2869 qui
3155 2798 3284 2852 olim
3319 2795 3456 2866 lapsi
3489 2797 3558 2851 ab

1983 2898 2103 2967 ipso
2155 2896 2405 2953 suscitati
2459 2901 2607 2950 sunt.
2664 2892 2788 2947 Haec
2839 2892 3060 2963 quidem
3118 2898 3248 2944 tunc
3295 2898 3559 2944 eventura

1983 2996 2145 3055 sunt;
2171 2988 2285 3058 jam
2304 3003 2458 3051 vero,
2483 2993 2542 3040 tu
2566 2986 2814 3051 Domine,
2847 2984 3056 3038 salvum
3088 2982 3172 3036 fac
3195 2981 3354 3037 nobis
3374 2996 3558 3051 regem

299 3094 600 3166 γερμένων.
658 3092 768 3144 Καὶ
802 3089 972 3142 ταῦτα
1009 3089 1107 3158 μὲν
1152 3087 1270 3139 τότε
1311 3085 1632 3155 γενήσεται·
1669 3082 1763 3134 νῦν
1796 3081 1872 3144 δὲ,

1987 3080 2264 3147 Davidem,
2288 3087 2342 3135 et
2375 3079 2429 3133 in
2460 3078 2608 3132 omni
2637 3091 2863 3147 prorsus
2885 3085 3149 3145 tempore,
3177 3073 3309 3129 etin
3339 3073 3427 3128 die
3449 3087 3559 3142 qua

301 3188 493 3257 Κύριε,
526 3184 664 3247 σῶζε
705 3186 834 3254 ἡμῖν
872 3181 964 3235 τὸν
1010 3180 1235 3250 βασιλέα
1277 3176 1457 3238 Δαυῒδ,
1490 3177 1584 3228 καὶ
1619 3176 1676 3226 ἐν
1720 3173 1880 3225 παντὶ

302 3281 375 3350 τῷ
393 3282 504 3332 όντι
533 3275 730 3347 καιρῷ,
759 3277 854 3329 καὶ
875 3276 930 3326 ἐν
1016 3272 1079 3326 ἂν
1108 3271 1288 3342 ἡμέρᾳ
1314 3263 1763 3335 ἐπικαλεσώμεθά
1796 3280 1874 3314 σε.

316 3373 564 3444 Ἀρμόξει
607 3370 663 3422 δὲ
699 3367 903 3430 ταῦτα,
945 3365 1018 3428 ὡς
1059 3363 1214 3426 ἄλλος
1257 3363 1416 3433 φησὶ,
1465 3359 1559 3412 καὶ
1601 3357 1693 3410 ἐπὶ
1733 3354 1881 3418 Ἐζε-

308 3466 424 3536 κίᾳ.
467 3464 699 3532 Νοήσεις
730 3460 786 3512 δέ
823 3457 991 3512 ταῦτα
1037 3457 1131 3509 καὶ
1166 3454 1303 3508 κατά
1337 3453 1427 3506 τὸν
1456 3452 1554 3522 τῆς
1594 3446 1884 3517 ἀναγωγῆς

309 3561 486 3628 νόμον.

407 3671 518 3724 ΕΙΣ
549 3670 636 3722 ΤΟ
675 3665 929 3728 ΤΕΛΟΣ,
966 3661 1258 3715 ΨΑΛΜΟΣ
1308 3659 1395 3711 ΤΩ
1436 3655 1634 3710 ΔΑΥΙΔ
1673 3655 1756 3707 K'.

374 3787 467 3848 Εἰς
491 3784 666 3838 αῖσιον
688 3779 792 3851 γὰρ
817 3775 1202 3845 ἀναπέμπεται
1223 3771 1290 3826 τὰ
1312 3771 1578 3841 λεγόμενα
1600 3769 1770 3833 τέλος,
1791 3772 1886 3823 καὶ

313 3878 411 3931 τῶν
436 3875 644 3947 ἐχθρῶν
668 3872 762 3926 τοῦ
789 3867 924 3923 Θεοῦ
955 3866 1206 3937 σημαίνει
1231 3864 1321 3916 τὸν
1350 3861 1591 3934 ὄλεθρον.
1623 3862 1716 3913 Διὸ
1743 3863 1886 3916 κατά

315 3970 408 4042 μὲν
438 3969 752 4039 Σύμμαχον,
804 3960 1128 4025 Ἐπινίκιός
1152 3958 1323 4011 ἐστιν
1353 3954 1472 4022 ᾠδή
1495 3972 1508 3985 ·
1542 3955 1682 4008 κατά
1711 3953 1767 4007 δὲ
1795 3954 1886 4008 τὸν

324 4062 547 4118 Ἀκύλαν
566 4102 581 4128 ,
621 4057 704 4124 Τῷ
729 4052 1013 4119 νικοποιῷ
1039 4049 1381 4122 μελῴδημα.

378 4244 574 4310 Κύριε,
592 4237 744 4307 ἑντῇ
760 4234 1007 4303 δυνάμει
1027 4247 1142 4286 σου
1163 4226 1635 4297 εὐφρανθήσεται
1660 4229 1692 4280 ό
1707 4226 1890 4290 ,ϐασι-

313 4340 473 4405 λεύς.
498 4333 673 4407 Οἶμαι.
689 4333 783 4386 καὶ
807 4329 977 4383 ταῦτα
993 4325 1246 4396 λέγεσθαι
1260 4322 1328 4375 τὰ
1348 4319 1680 4391 προκείμενα
1699 4320 1764 4370 ἐκ
1779 4315 1888 4369 τῶν

317 4432 406 4484 καὶ
420 4403 489 4483 τὰ
514 4403 618 4498 πρὸ
631 4425 820 4479 τούτου
840 4421 915 4492 τῷ
932 4417 1092 4472 Δαυῖδ
1111 4413 1310 4478 ἐπευξα
1318 4411 1512 4483 μένων.
1537 4408 1739 4463 Μαθὼν
1759 4403 1888 4476 γοῦν

316 4521 406 4576 νῦν
433 4522 462 4572 ὁ
489 4496 653 4572 Δαυῒδ
676 4513 785 4568 ἀπὸ
811 4510 920 4565 τῶν
946 4507 1080 4579 πρὸς
1114 4504 1274 4560 αὐτὸν
1296 4500 1600 4572 γενομένων
1625 4496 1890 4569 χρησμῶν

316 4613 380 4666 τὰ
401 4610 530 4680 περὶ
551 4607 644 4661 τοῦ
677 4607 740 4659 ἐκ
765 4601 1078 4672 σπέρματος
1103 4595 1266 4650 αὐτοῦ
1296 4591 1755 4666 προελευσομένου
1789 4607 1893 4643 σω-

314 4703 503 4774 τηρίου
525 4743 542 4768 ,
572 4699 667 4753 καὶ
691 4697 790 4767 τῆς
822 4699 878 4748 ἐν
909 4691 988 4762 τῷ
1017 4688 1266 4760 σωτηρίῳ
1296 4685 1578 4755 δυνάμεως
1597 4724 1611 4748 ,
1644 4682 1738 4736 ἐπὶ
1765 4682 1890 4736 τού-

315 4814 423 4859 τοις
455 4790 893 4864 εὐφρανθήσεται
927 4785 1018 4838 καὶ
1051 4781 1438 4850 ἀγαλλιάσεται
1473 4776 1696 4849 σφόδρα.
1783 4775 1894 4828 Καὶ

316 4889 524 4952 τούτοις
553 4902 618 4954 γε
643 4880 880 4955 θαρσῶν,
913 4875 1022 4930 τῶν
1049 4891 1107 4926 τε
1136 4873 1343 4945 ἐχθρῶν
1376 4872 1465 4926 διὰ
1498 4869 1702 4924 τούτων
1733 4885 1891 4939 περι-

319 4981 604 5052 γενόμενος
622 5016 637 5042 ,
660 4975 743 5028 σοὶ
764 4972 841 5044 τῷ
864 4965 1119 5035 νικοποιῷ
1139 4964 1257 5036 Θεῷ
1281 4965 1348 5019 τὰ
1372 4963 1596 5036 βραδεῖα
1614 4959 1712 5030 τῆς
1732 4957 1888 5028 νίκης

318 5051 622 5143 ἀνατίθησι.
669 5067 862 5140 Χαίρει
894 5083 952 5118 τε
982 5066 1075 5120 καὶ
1108 5057 1550 5130 ὑπερϐαλλόντως
1577 5051 1886 5143 ἀγάλλεται,

324 5167 416 5237 τῆς
434 5139 541 5219 τῶν
563 5160 770 5234 ἐχθρῶν
787 5139 1081 5227 ἐπιϐουλῆς
1101 5153 1204 5208 ὐπὸ
1230 5150 1321 5204 σοῦ
1344 5145 1737 5216 διασωζόμενος
1755 5158 1769 5172 ·
1795 5139 1889 5193 καὶ

323 5259 414 5330 οὐχ
440 5258 610 5319 οὕτως
642 5255 734 5307 ἐπὶ
766 5254 832 5323 τῇ
862 5248 1054 5304 ἐαυτοῦ
1083 5243 1326 5316 σωτηρίᾳ
1360 5239 1592 5310 ἀγαλλιᾷ
1615 5279 1628 5303 ,
1660 5237 1782 5290 ὅσον
1808 5235 1891 5287 ὅτι

502 5348 597 5405 σοῦ
629 5348 692 5401 τὸ
723 5346 985 5416 σωτήριον
1017 5339 1179 5395 αὐτοῦ
1214 5333 1585 5407 προσγίνεται.
1648 5328 1757 5382 Καὶ¹
1785 5325 1894 5396 γὰρ

325 5419 667 5517 ἐτέθυμήσας
698 5438 762 5491 τὸ
795 5434 946 5506 παρὰ
973 5431 1066 5485 σοῦ
1098 5430 1382 5499 σωτήριον,
1417 5424 1512 5478 καὶ
1545 5420 1673 5493 περὶ
1704 5419 1894 5472 τούτου

321 5541 424 5602 τοῖς
472 5510 717 5608 χείλεσιν
757 5525 950 5605 ἐαουτοῦ
1004 5528 1060 5580 ἐν
1106 5525 1224 5586 ταῖς
1261 5518 1394 5591 πρὸς
1423 5517 1511 5569 τὸν
1545 5513 1679 5566 Θεὸν
1713 5510 1897 5581 εὐχαῖς

323 5625 600 5700 ἱκετηρίαν
632 5601 967 5689 ἀναπέμψας
996 5658 1009 5684 ,
1062 5615 1161 5669 οὐκ
1191 5610 1499 5666 ἐκπεσεῖται
1527 5605 1625 5677 τῆς
1658 5601 1894 5665 ἐλπίδος,

377 5785 591 5842 "Luc.
641 5796 709 5846 ιι,
763 5776 855 5831 54.

1983 3173 2418 3229 invocaverimus
2445 3183 2495 3226 te
2523 3189 2536 3225 :
2573 3185 2696 3240 quae
2723 3168 2874 3232 item,
2901 3175 2960 3222 ut
2993 3168 3132 3223 alius
3162 3165 3361 3236 inquit,
3392 3164 3557 3219 etiam

1982 3265 2228 3320 Ezechiae
2257 3264 2368 3335 regi
2396 3269 2722 3334 congruunt.
2757 3259 2880 3314 Haec
2906 3274 3071 3330 porro
3097 3256 3416 3329 anagogico,
3445 3254 3560 3310 sive

1984 3355 2304 3422 reductitio,
2339 3369 2488 3409 more
2520 3350 2777 3423 accipias.

2154 3637 2206 3690 1.
2247 3634 2316 3688 IN
2357 3633 2604 3697 FINEM,
2642 3629 2970 3686 PSALMUS
3011 3628 3219 3683 DAVlD
3258 3628 3377 3684 XX.

2057 3746 2188 3813 Quae
2219 3747 2308 3801 hic
2342 3731 2622 3808 dicuntur,
2654 3744 2720 3798 ad
2756 3743 2996 3797 faustum
3031 3740 3316 3795 referenda
3353 3739 3515 3795 tinem
3543 3757 3556 3793 :

1987 3855 2115 3894 nam
2143 3839 2491 3893 inimicorum
2519 3837 2614 3892 Dei
2643 3837 2869 3892 exitium
2898 3833 3226 3905 signiﬁcant.
3257 3833 3439 3898 Quare
3467 3847 3560 3889 se-

1988 3929 2228 3984 cundum
2272 3928 2660 4000 Symmachum
2689 3967 2704 3993 ,
2740 3923 3080 3992 Triumphale
3119 3923 3427 3982 canticum;
3470 3935 3561 3974 sc-

1989 4024 2230 4076 cundum
2262 4020 2515 4090 Aquilam
2543 4033 2695 4082 vero,
2737 4016 2981 4071 Victoria:
3008 4015 3212 4068 auctori
3241 4011 3559 4075 modulatio,

1991 4114 2338 4168 inscribitur.

2060 4203 2228 4259 Vens.
2268 4202 2325 4259 2.
2363 4202 2622 4267 Domine,
2672 4201 2726 4253 in
2769 4200 2963 4254 virtute
3009 4205 3102 4250 tua
3141 4195 3412 4250 laztabitur
3445 4209 3558 4248 rex.

1991 4298 2245 4353 Arbitror
2273 4297 2341 4349 ab
2371 4294 2567 4351 iisdem
2590 4335 2607 4362 ,
2631 4294 2724 4362 qui
2755 4292 3008 4362 superius
3041 4289 3236 4344 Davidi
3265 4290 3403 4344 bene
3433 4304 3560 4358 pre-

1993 4391 2102 4446 cati
2152 4388 2404 4451 fuerant,
2452 4386 2569 4440 haec
2620 4384 2786 4440 etiam
2838 4382 3051 4453 prolata
3094 4380 3284 4437 fuisse.
3323 4379 3459 4433 Cum
3494 4379 3563 4432 ab

1922 4468 1965 4522 Ῐ)
1996 4482 2234 4539 oraculis
2275 4480 2378 4536 sibi
2419 4478 2580 4533 editis
2642 4476 2959 4532 edidicisset
3000 4472 3168 4527 David
3222 4486 3285 4526 ea
3323 4485 3443 4540 quae
3476 4483 3564 4522 sa-

1993 4577 2170 4630 lutare
2213 4573 2347 4628 illud
2391 4587 2458 4626 ex
2507 4570 2714 4625 semine
2761 4582 2862 4624 suo
2910 4565 3297 4637 proditurum,
3348 4572 3563 4614 necnon

1991 4667 2250 4723 salutaris
2275 4663 2521 4734 ejusdem
2547 4662 2807 4716 virtutem
2840 4659 3196 4731 spectabant,
3225 4653 3292 4708 de
3325 4652 3392 4706 iis
3413 4691 3428 4715 ,
3459 4649 3562 4714 ait,

1991 4760 2259 4815 lmtabitur
2283 4767 2336 4813 et
2359 4757 2658 4812 exsultabit
2681 4755 3050 4816 vehementer.
3083 4751 3264 4818 lisque
3289 4743 3561 4804 conﬁsus,

1994 4855 2348 4924 inimicisque
2381 4868 2572 4908 eorum
2606 4865 2710 4920 ope
2743 4849 2970 4904 devictis
2990 4885 3005 4910 ,
3039 4843 3140 4898 tibi
3176 4840 3288 4895 Deo
3319 4836 3565 4894 victoriae

1997 4945 2239 5012 auctori,
2283 4945 2531 5016 ejusdem
2574 4942 2820 4998 victoriae
2865 4937 3056 4994 brahia
3099 4930 3368 4987 attribuit.
3417 4927 3566 4983 Gau-

1997 5041 2194 5110 detque
2232 5039 2529 5094 admodum
2569 5045 2623 5092 et
2661 5033 2941 5095 exsultat,
2989 5027 3337 5083 inimicorum
3377 5021 3474 5076 abs
3514 5029 3566 5076 te

1996 5141 2223 5204 ereptus
2264 5131 2488 5187 insidiis
2511 5171 2525 5197 ,
2566 5143 2744 5198 neque
2783 5133 2994 5178 tantum
3025 5120 3092 5175 de
3121 5119 3298 5174 salute
3331 5129 3430 5171 sua
3467 5114 3561 5168 lar-

1997 5235 2164 5289 tatur,
2195 5233 2460 5295 quantum
2491 5221 2558 5275 de
2592 5220 2762 5274 misso
2791 5215 2889 5270 abs
2919 5221 2972 5268 te
3003 5207 3230 5267 salutari
3263 5221 3385 5262 suo.
3427 5204 3564 5260 Cum

1997 5319 2141 5373 enim
2179 5318 2323 5372 idem
2352 5315 2593 5371 salutare
2619 5317 2772 5365 tuum
2806 5305 3038 5364 summis
3064 5302 3205 5358 votis
3239 5296 3563 5370 expetierit,

1997 5420 2161 5483 atque
2189 5409 2348 5464 labiis
2381 5410 2498 5478 ipse
2528 5405 2645 5460 suis
2666 5443 2681 5468 ,
2707 5401 2907 5457 emissa
2941 5399 3256 5468 frequenter
3284 5391 3564 5452 oratione,

1997 5477 2099 5576 pro
2153 5477 2421 5556 salutaris
2455 5495 2701 5567 ejusdem
2741 5493 2976 5548 adventu
3005 5487 3105 5543 tibi
3148 5477 3570 5576 supplicaverit,

2000 5567 2344 5666 nequaquam
2369 5604 2464 5660 spe
2489 5588 2723 5654 labetur,
2749 5598 2925 5656 neque
2950 5581 3103 5666 irrita
3126 5571 3421 5649 postulatio
3446 5567 3568 5640 ejus
