3940 6292
472 283 575 341 I99

1172 284 1443 342 EUSEBII
1480 285 1965 346 CIESARIENSIS
2005 288 2155 348 OPP.
2199 292 2380 349 PARS
2413 295 2504 352 111.
2543 327 2608 338 —
2649 296 3060 356 EXEGETICA.

3612 308 3724 368 τοι)

464 401 571 455 erit
596 417 613 469 ;
643 382 770 454 ἱηιιῖ
782 399 946 456 etiam
979 406 1166 470 optata
1196 408 1564 470 consecutus,
1595 403 1904 459 orationem
1935 402 2005 458 ite

2137 405 2257 459 οὐδὲ
2290 410 2681 482 στερηθήσεται
2711 412 2804 466 τοῦ
2840 415 2963 486 αἰτή
2974 431 3141 486 ματος
3165 455 3179 480 ,
3237 416 3372 470 ἀλλὰ
3421 420 3539 473 κατ’

463 499 589 541 rum
615 485 853 541 emittet.

540 578 608 632 Et
661 594 819 647 super
865 578 1105 634 salutare
1161 587 1309 633 tuum
1359 579 1646 634 exsultabit
1699 581 2039 636 vehementer.

462 665 619 724 illum
652 670 854 740 quippe
885 667 1029 725 Deus
1057 684 1274 723 summo
1304 670 1503 740 gaudio
1531 671 1763 740 replebit
1783 710 1798 735 ,
1824 669 2042 741 quando

459 759 606 819 facie
646 761 715 817 ad
755 761 954 816 faciem
987 761 1220 832 gloriam
1256 763 1374 831 ejus
1414 762 1775 833 contemplari
1813 776 2042 817 conces-

459 856 615 912 serit.
640 854 1004 922 Quamobrem
1034 855 1110 908 ait
1135 853 1498 926 Symmachus
1523 875 1535 910 :
1567 852 1891 925 Lwti/icabis
1922 871 2040 908 eum

457 947 513 1002 in
555 945 747 1021 gaudio
787 963 820 1001 a
862 946 1010 1000 vultu
1054 955 1165 1000 tuo.
1199 945 1336 1000 Nam
1377 947 1430 1001 in
1478 954 1723 1018 tempore
1766 948 2040 1018 justilica-

456 1041 659 1107 tionis,
694 1039 913 1110 quando
947 1037 1118 1094 David
1156 1038 1300 1094 inter
1337 1055 1433 1095 eos
1475 1039 1570 1111 qui
1616 1040 1848 1094 salutem
1889 1040 2037 1095 nacti

453 1140 586 1189 sunt
629 1132 842 1188 medius
888 1130 1234 1195 consistens,
1283 1131 1466 1200 magni
1511 1130 1677 1203 Regis
1709 1133 1918 1187 vultum
1951 1133 2037 1188 in-

451 1224 722 1290 tuebitur,
753 1232 807 1279 et
841 1238 1046 1278 corona
1094 1221 1163 1276 de
1204 1222 1386 1293 lapide
1426 1225 1667 1293 pretioso
1712 1234 1876 1294 caput
1913 1227 2034 1296 ejus

451 1318 780 1382 ornabitur;
816 1317 994 1388 gloria
1036 1315 1553 1386 magniﬁcentiaque
1583 1315 1909 1384 decoratus,
1949 1320 2034 1374 di-

450 1410 578 1464 vino
603 1409 804 1479 gaudio
831 1414 885 1462 et
916 1407 1128 1462 caelesti
1157 1407 1346 1462 laetitia
1378 1407 1708 1478 replebitur.

518 1589 684 1648 Vsus.
715 1592 831 1646 3-7.
869 1593 1200 1649 Desiderium
1229 1596 1403 1649 cordis
1431 1597 1546 1666 ejus
1591 1600 1823 1656 tribuisti
1855 1600 1926 1664 ei,
1965 1608 2017 1654 et

446 1683 708 1738 uoluntate
732 1685 991 1740 labiorum
1022 1687 1133 1757 ejus
1163 1705 1266 1742 non
1291 1690 1561 1759 fraudasti
1593 1709 1730 1745 eum.
1758 1691 2016 1763 Diapsal-

2147 502 2310 572 εὐχὰς
2339 505 2568 576 παρέξει
2595 506 2916 578 τευξόμενος
2939 509 3041 580 τῆς
3069 509 3381 582 ἐπιθυμίας.

2212 597 2322 650 Καὶ
2351 598 2448 651 ἐπὶ
2466 598 2545 665 τῷ
2559 603 2827 669 σωτηρίῳ
2855 617 2972 657 σου
3000 603 3425 674 ἁγαλλιάσεται
3459 608 3719 680 σφόδρα.

2141 688 2434 759 Εὐφραίνει
2454 690 2562 763 γὰρ
2584 693 2743 747 αὑτὸν
2763 735 2776 759 ,
2805 695 2991 765 φησὶν,
3015 699 3042 750 ὁ
3064 697 3196 761 Θεὸς
3218 700 3273 752 ἐν
3299 701 3441 772 χαρᾷ
3457 741 3471 763 ,
3497 702 3722 758 ἐπειδὰν

2143 781 2430 851 πρόσωπον
2483 784 2618 856 πρὸς
2649 786 2936 857 πρόσωπον
2967 788 3066 860 τῆς
3093 789 3257 844 αὑτοῦ
3287 791 3443 864 δόξης
3473 795 3717 869 ἐπόπτην

2140 873 2298 927 αὑτὸν
2325 879 2752 950 καταστήσηται.
2784 881 2876 934 Διό
2907 899 3071 953 φησιν
3101 885 3130 936 ὁ
3161 885 3456 958 Σύμμαχος
3476 906 3489 918 ·
3527 891 3718 958 Χαρο-

2137 966 2411 1034 ετοιήσεις
2442 970 2628 1024 αὐτὸν
2653 971 2723 1024 ἐν
2765 973 3111 1043 εὐφροσύνῃ
3153 977 3311 1043 παρὰ
3338 977 3444 1031 τοῦ
3485 977 3718 1046 προσώ-

2135 1076 2253 1114 που
2292 1075 2427 1113 σου.
2488 1061 2578 1132 Τῷ
2612 1061 2719 1133 γὰρ
2751 1064 3051 1134 καιρῷτοῦ
3078 1066 3461 1138 δικαιωτηρίου
3491 1109 3506 1133 ,
3560 1069 3711 1124 ἐπει-

2134 1149 2228 1204 δὰν
2253 1151 2314 1204 τὸ
2349 1153 2639 1226 πρόσωπον
2665 1152 2758 1208 τοῦ
2792 1156 3026 1226 μεγάλου
3059 1156 3321 1226 βασιλέως
3352 1161 3514 1231 μέσος
3541 1162 3714 1228 ἑστὼς

2133 1243 2161 1295 ὁ
2187 1243 2348 1297 Δαυῖδ
2381 1245 2489 1298 τῶν
2515 1246 2835 1318 σωζομένων
2863 1249 3106 1306 θεάσοιτο
3133 1291 3147 1315 ,
3173 1253 3265 1305 καὶ
3293 1253 3369 1324 τῷ
3391 1255 3555 1326 τιμίῳ
3581 1255 3714 1328 λίθῳ

2131 1335 2229 1407 τὴν
2261 1336 2500 1409 κεφαλὴν
2525 1340 2877 1411 ἐστεμμένος,
2907 1342 3034 1416 δόξῃ
3056 1361 3115 1396 τε
3147 1345 3238 1396 καὶ
3264 1346 3711 1422 μεγαλοπρεπείᾳ

2131 1429 2541 1500 κεκοσμημένος
2559 1472 2573 1494 ,
2610 1431 2792 1486 ἐνθέου
2814 1436 2991 1508 χαρᾶς
3045 1436 3139 1489 καὶ
3165 1439 3414 1509 οὐρανίου
3444 1440 3708 1513 εὐφροσύ-

2129 1537 2226 1591 νης
2266 1522 2708 1597 πληρωθήσεται.

2204 1612 2322 1683 Τὴν
2337 1616 2656 1687 ἐπιθυμίαν
2677 1618 2789 1688 τῆς
2809 1621 3052 1690 καρδίας
3077 1622 3262 1677 αὐτοῦ
3282 1624 3506 1692 ἔδωκας
3525 1625 3707 1694 αὐτῷ,

2129 1708 2226 1761 καὶ
2254 1707 2369 1777 τὴν
2393 1707 2609 1778 δέησιν
2629 1710 2746 1764 τῶν
2765 1712 3014 1782 χειλέων
3036 1714 3220 1768 αὐτοῦ
3241 1719 3350 1770 οὐκ
3370 1718 3700 1788 ἐστέρησας

445 1792 553 1831 ma.
586 1775 846 1841 Quoniam
869 1781 1168 1847 prwvenisti
1195 1797 1313 1834 eum
1343 1781 1399 1834 in
1424 1780 1868 1840 benedictionibus
1893 1782 2005 1838 dul-

2121 1773 2326 1855 αὐτόν.
2347 1773 2680 1873 Διάιθαλέια.
2699 1773 2826 1859 Ὅτι
2847 1807 3230 1876 προέφθασας
3248 1811 3433 1864 αὐτὸν
3451 1773 3524 1865 ἐν

443 1866 678 1934 cedinis,
721 1867 948 1938 posuisti
988 1867 1043 1921 in
1086 1869 1257 1938 capite
1299 1868 1413 1938 ejus
1455 1885 1707 1924 coronam
1735 1868 1800 1924 de
1845 1870 2020 1941 lapide

439 1959 686 2021 pretioso.
731 1958 906 2013 Vitam
938 1959 1085 2028 petiit
1118 1977 1152 2014 a
1183 1969 1232 2015 te
1253 2001 1266 2025 ,
1315 1971 1363 2015 et
1391 1961 1628 2016 tribuisti
1656 1962 1704 2015 ei
1730 1962 2021 2034 longitudio

439 2069 557 2108 nem
597 2053 802 2108 dierum
839 2055 897 2107 in
941 2054 1193 2108 swculum
1238 2055 1443 2110 swculi.
1496 2054 1698 2126 Magna
1739 2067 1814 2110 est
1845 2057 2018 2128 gloria

436 2146 551 2214 ejus
588 2147 645 2199 in
683 2146 916 2200 salutari
955 2157 1079 2211 tuo,
1119 2146 1346 2216 gloriam
1380 2156 1430 2202 et
1487 2165 1737 2218 magnum
1777 2149 2016 2205 decorem

436 2242 670 2311 impones
711 2258 869 2311 super
904 2258 1044 2296 eum.
1091 2240 1355 2306 Quoniam
1385 2242 1540 2296 dabis
1570 2259 1688 2297 eum
1720 2245 1777 2298 in
1810 2244 2016 2301 benedi-

433 2334 662 2388 ctionem
689 2374 704 2398 ,
739 2344 847 2390 etc.
884 2333 1206 2388 Pracmissas
1241 2332 1430 2388 Davidi
1463 2335 1892 2404 pollicitationes
1919 2357 2016 2396 va-

434 2427 696 2482 ticinatus
715 2465 732 2492 ,
762 2435 1164 2497 consequenter
1191 2441 1413 2483 causam
1442 2427 1598 2484 allert
1621 2444 1719 2485 cur
1744 2431 1860 2488 haec
1889 2449 2016 2490 con-

434 2525 728 2575 secuturus
769 2520 861 2574 sit.
913 2517 1240 2588 Ecqutenam
1289 2520 1380 2574 illa
1420 2536 1619 2588 causa,
1650 2523 1757 2579 nisi
1793 2541 1920 2596 spes
1953 2527 2009 2582 in

434 2607 761 2675 Dominum,
796 2625 902 2681 qua
935 2609 1368 2666 misericordiam
1399 2620 1595 2670 nactus
1616 2655 1631 2681 ,
1665 2631 1763 2685 spe
1791 2616 1882 2670 illa
1912 2632 2012 2673 sua

433 2715 466 2754 ιι
495 2699 606 2758 Deo
637 2703 906 2759 altissimo
935 2704 1061 2760 data
1090 2722 1200 2761 non
1243 2704 1490 2773 decidet,
1535 2724 1713 2780 neque
1751 2712 1808 2764 in
1853 2710 2011 2768 ﬁrmo

431 2791 527 2847 illo
554 2808 618 2849 ac
645 2795 823 2851 solido
851 2804 997 2853 statu
1027 2795 1358 2852 ﬂuctuabit?
1403 2796 1544 2853 Nam
1575 2815 1691 2869 spes
1735 2817 1838 2856 non
1885 2818 2010 2856 con-

430 2886 610 2956 fundit
641 2889 708 2945 ".

501 2983 671 3040 Vsus.
711 2982 744 3038 9
765 3023 781 3050 ,
820 2984 906 3039 10.
952 2981 1266 3038 Inveniatur
1294 3000 1486 3041 manus
1517 2995 1611 3041 tua
1643 2987 1885 3043 omnibus
1913 2989 2010 3043 ini-

2119 1893 2276 1963 γίαις
2302 1897 2714 1965 χρηστότητος
2733 1936 2747 1958 .
2778 1899 2999 1967 ἔθηκας
3031 1901 3130 1954 ἐπὶ
3155 1901 3270 1969 τὴν
3295 1903 3574 1973 κεφαλὴν
3597 1906 3704 1962 αὐ·-

2117 1985 2224 2040 τοῦ
2249 1985 2554 2056 στέφανον
2573 1990 2641 2043 ἐκ
2667 1991 2842 2046 λίθου
2863 1993 3076 2056 τιμίου.
3121 1995 3293 2059 Ζωὴν
3313 1997 3586 2062 ᾐτήσατο
3605 2013 3699 2063 σε,

2117 2076 2220 2130 καὶ
2274 2077 2504 2146 ἔδωκας
2552 2074 2712 2147 αὐτῷ
2753 2085 3097 2154 μακρότητα
3126 2085 3361 2156 ἡμερῶν
3396 2090 3480 2154 εις
3519 2088 3702 2144 αἰῶνα

2115 2163 2351 2233 αἰῶνος.
2379 2167 2622 2238 Μεγάλη
2645 2173 2683 2239 ἡ
2705 2169 2854 2237 δόξα
2875 2175 3059 2230 αὐτοῦ
3078 2177 3148 2229 ἐν
3168 2176 3249 2242 τῷ
3267 2180 3542 2248 σωτηρίῳ
3561 2196 3677 2235 σου
3691 2232 3702 2247 ,

2113 2258 2303 2325 δόξαν
2331 2263 2429 2315 καὶ
2472 2266 2992 2334 μεγαλοπρέπειαν
3021 2269 3330 2338 ἐπιθήσεις
3359 2273 3452 2325 ἐπ’
3486 2273 3693 2327 αὐτόν.

2118 2351 2238 2408 Ὅτι
2294 2353 2508 2422 δώσεις
2559 2356 2720 2422 αὐτῴ
2773 2360 3082 2430 εὐλογίαν.
3147 2361 3258 2425 Τὰς
3311 2363 3698 2435 προλεχθείσας

2113 2443 2448 2514 ἐπαγγελίας
2483 2445 2744 2512 θεσπίσας
2774 2450 2802 2502 ὁ
2835 2449 2993 2518 λόγος
3026 2449 3103 2522 τῷ
3139 2452 3302 2505 Δαυῒδ
3328 2493 3343 2516 ,
3392 2452 3695 2518 ἀκολούθως

2111 2535 2208 2608 τὴν
2239 2537 2418 2591 αἰτίαν
2467 2537 2708 2594 διδάσκει
2761 2541 2831 2594 δι’
2863 2543 2929 2613 ἣν
2956 2543 3063 2596 τῶν
3110 2545 3376 2598 τοσούτων
3424 2543 3692 2613 τεύξεται.

2111 2627 2208 2693 Τίς
2238 2628 2295 2682 δὲ
2333 2625 2401 2702 ἦν
2433 2632 2465 2702 ἠ
2504 2632 2654 2686 αἰτία
2685 2633 2800 2688 ἀλλ’
2830 2634 2984 2698 ἐλπὶς
3022 2640 3053 2707 ἡ
3087 2637 3178 2690 ἐπὶ
3215 2638 3304 2692 τὸν
3343 2639 3549 2712 Κύριον
3575 2680 3589 2704 ,
3629 2641 3693 2696 δι’

2109 2721 2176 2793 ῆν
2208 2722 2357 2777 ἐλέου
2393 2723 2592 2797 τυχὼν,
2633 2725 2733 2796 τῆς
2765 2726 2916 2798 παρὰ
2941 2727 3074 2781 Θεοῦ
3103 2729 3196 2783 τοῦ
3228 2729 3450 2800 ὑψίστου
3481 2731 3697 2799 ἐλπίδος

2107 2815 2210 2869 οὐκ
2243 2818 2628 2882 ἀποπεσεῖται,
2670 2818 2788 2872 οὑδέ
2818 2820 3210 2892 σαλευθήσεται
3235 2823 3334 2894 τῆς
3371 2823 3695 2894 ἐρρωμένης

2108 2909 2312 2979 ταύτης
2342 2911 2623 2977 στάσεως;
2668 2913 2737 2966 Ἡ
2764 2911 2872 2986 γὰρ
2900 2914 3076 2981 ἐλπὶς
3107 2917 3179 2969 οὐ
3212 2917 3622 2984 καταισχύνει.

2180 3005 2460 3072 Εὐρεθείη
2486 3005 2524 3073 ἡ
2555 3006 2686 3074 χείρ
2721 3020 2838 3061 σου
2869 3005 3018 3062 πᾶσι
3046 3007 3170 3074 τοῖς
3205 3009 3438 3078 ἐχθροῖς
3463 3026 3582 3065 σου
3604 3051 3621 3076 ,
3652 3013 3692 3083 ἠ

425 3076 578 3131 micis
624 3077 765 3142 tuis,
809 3074 1028 3131 dextera
1074 3086 1164 3130 tua
1193 3077 1423 3131 inveniat
1467 3094 1646 3133 omnes
1678 3080 1768 3150 qui
1802 3089 1849 3134 te
1878 3080 2005 3134 ode-

2114 3095 2280 3161 δεξιά
2311 3113 2427 3152 σου
2446 3098 2608 3168 εὕροι
2634 3099 2864 3166 πάντας
2889 3100 3034 3167 τοὺς
3057 3074 3390 3171 μισοῦντας
3413 3074 3508 3158 σε.
3573 3074 3692 3171 Gri;

425 3176 570 3223 runt.
601 3166 770 3221 Panes
794 3184 880 3222 eos
912 3181 968 3221 ut
999 3169 1269 3222 clibanum
1298 3170 1456 3240 ignis,
1491 3171 1544 3224 in
1573 3181 1800 3242 tempore
1830 3173 2004 3228 vultus

426 3260 506 3314 tui
530 3275 548 3313 :
581 3250 839 3313 Dominus
869 3261 920 3313 in
951 3260 1033 3314 ira
1067 3277 1166 3314 sua
1192 3261 1530 3316 conturbabit
1559 3281 1646 3320 eos
1668 3305 1683 3329 ,
1712 3274 1762 3320 et
1791 3265 2005 3322 devora-

425 3351 500 3406 tit
535 3368 624 3406 eos
666 3349 822 3420 ignis.
868 3349 960 3407 Sic
1001 3350 1169 3407 Deum
1199 3353 1558 3423 alloquuntur
1580 3357 1675 3427 qui
1705 3373 1894 3428 preces
1923 3360 2004 3415 ef-

428 3443 703 3508 fundunt,
737 3459 802 3498 ac
833 3445 877 3499 si
910 3443 1197 3500 dicerent:
1247 3444 1476 3502 Etiamsi
1522 3449 1557 3502 ii
1597 3453 1692 3520 qui
1741 3467 1864 3508 sese
1904 3454 2002 3510 tibi

421 3534 537 3592 Deo
568 3537 818 3593 inimicos
849 3539 1292 3605 constituerunt,
1324 3543 1534 3598 animas
1563 3543 1660 3599 tibi
1709 3546 1961 3602 addictas
1982 3588 1997 3614 ,

421 3645 636 3684 necnon
689 3639 911 3686 sanctos
968 3646 1158 3688 omnes
1211 3633 1268 3687 in
1320 3632 1524 3688 faiiiilia
1579 3642 1672 3691 tua
1728 3639 1999 3708 ascriptos

418 3722 776 3793 Oppugnandi
834 3723 996 3779 linem
1046 3740 1156 3779 non
1215 3723 1470 3794 faciunt;
1522 3737 1576 3784 at
1626 3729 1997 3788 inevitabilem

418 3829 643 3869 manum
687 3823 741 3871 et
783 3817 1046 3871 invictam
1088 3818 1348 3872 virtutem
1398 3825 1547 3874 tuam
1578 3835 1686 3876 non
1714 3821 1994 3892 ellugient.

418 3905 696 3964 Hactenus
738 3910 883 3964 enim
927 3909 1056 3964 dum
1105 3912 1500 3981 permittuntur
1540 3915 1750 3970 inimici
1796 3916 1877 3971 illi
1915 3917 1996 3972 tui

417 3998 650 4054 athletas
691 4006 816 4055 tuos
861 4002 1200 4068 exercitare,
1231 4002 1372 4060 altos
1411 4015 1700 4061 assumunt
1742 4009 1990 4078 spiritus.

416 4087 688 4144 Caeterum
742 4105 868 4145 cum
912 4091 950 4145 ii
1000 4092 1064 4146 ad
1109 4092 1273 4149 breve
1324 4103 1541 4166 tempus
1585 4100 1990 4169 superbierint,

419 4194 530 4233 non
559 4180 650 4234 diu
680 4189 870 4250 postea
900 4197 1097 4239 manus
1129 4191 1219 4238 tua
1251 4184 1623 4256 deprehendet
1651 4205 1747 4245 eos
1768 4232 1785 4258 ,
1811 4207 1876 4246 ac
1907 4191 1993 4247 fu-

413 4270 628 4341 gientes
671 4272 891 4327 dextera
941 4281 1034 4328 tua
1085 4274 1414 4347 intereipiet.
1463 4279 1604 4345 Quid
1656 4296 1820 4353 porro
1869 4293 1991 4356 aget

411 4379 536 4422 cum
567 4366 1029 4436 apprehenderit?
1055 4368 1228 4426 Penes
1255 4388 1342 4426 eos
1373 4381 1428 4425 ut
1459 4373 1729 4428 clibanum
1762 4377 1896 4446 ignis
1930 4379 1983 4432 in

2112 3203 2244 3254 σεις
2293 3189 2513 3256 αὐτοὺς
2555 3191 2635 3254 ὡς
2683 3192 2980 3246 κλίϐανον
3008 3191 3198 3259 πυρὸς
3223 3194 3310 3259 εἰς
3342 3193 3550 3261 καιρὸν
3584 3195 3692 3250 τοῦ

2110 3280 2432 3348 προσώπου
2451 3297 2588 3337 σου.
2619 3283 2836 3352 Κύριος
2853 3283 2922 3336 ἐν
2943 3283 3090 3354 ὀργῇ
3113 3285 3298 3339 αὑτοῦ
3324 3285 3691 3354 συνταράξει

2109 3374 2330 3441 αὐτοὺς
2349 3415 2362 3438 ,
2394 3375 2490 3429 καὶ
2524 3375 2917 3446 καταφάγεται
2949 3378 3170 3443 αὐτοὺς
3200 3381 3233 3432 ό
3265 3378 3404 3447 πῦρ.
3453 3380 3688 3449 Λέγεται

2108 3465 2279 3521 ταῦτα
2308 3467 2443 3538 πρὸς
2468 3466 2558 3522 τὸν
2586 3467 2716 3521 Θεὸν
2749 3468 2854 3521 ὑπὸ
2878 3468 2985 3522 τῶν
3008 3468 3107 3539 τὴν
3139 3471 3301 3541 εὐχὴν
3329 3471 3687 3541 άναπεμπόν-

2107 3576 2234 3623 των,
2256 3559 2304 3612 οἳ
2323 3563 2415 3614 καὶ
2432 3559 2594 3630 φασίν
2617 3578 2627 3589 ·
2646 3561 2694 3613 εἰ
2711 3562 2804 3614 καὶ
2821 3560 2887 3614 τὰ
2905 3561 3137 3633 μάλιστα
3153 3564 3199 3615 οἱ
3217 3563 3439 3627 ἑαυτοὺς
3455 3562 3686 3634 ἐχθροὺς

2108 3650 2192 3703 σοὶ
2205 3651 2280 3722 τῷ
2297 3651 2413 3722 Θεῷ
2430 3654 2887 3724 καταστήσαντες,
2907 3654 3004 3718 τὰς
3023 3655 3386 3726 ἀνακειμένας
3405 3672 3486 3708 σοι
3502 3655 3686 3727 ψυχὰς

2105 3743 2199 3794 καὶ
2249 3743 2376 3808 τοὺς
2432 3745 2619 3812 ἁγίους
2652 3745 2856 3810 πάντας
2885 3745 3012 3809 τούς
3039 3764 3122 3799 σοι
3159 3749 3685 3819 προσῳκειωμένους

2105 3835 2296 3889 ὲκπολε
2307 3835 2531 3907 μοῦντες
2552 3837 2612 3890 ού
2636 3837 2931 3892 παύονται·
2957 3837 3072 3892 ἀλλ’
3092 3839 3152 3892 οὐ
3175 3839 3550 3908 διαφεύξονται
3580 3843 3682 3912 τὴν

2101 3927 2342 3998 ἄφυκτόν
2391 3947 2483 3983 σου
2529 3933 2686 4001 χεῖρα
2732 3930 2827 3984 καὶ
2864 3931 2962 4002 τὴν
2995 3930 3258 4003 ἀήττητόν
3302 3948 3392 3985 σου
3425 3931 3675 4003 δύναμιν.

2102 4018 2250 4083 Τέως
2284 4020 2382 4091 μὲν
2411 4019 2520 4090 γάρ
2555 4022 2634 4084 εἰς
2666 4019 2787 4074 ὅσον
2815 4020 3109 4091 γυμνάζειν
3137 4023 3264 4085 τοὺς
3294 4023 3419 4084 σοὺς
3444 4023 3678 4086 οἰκείους

2098 4109 2284 4182 ὥσπερ
2313 4110 2549 4182 ἀθλητὰς
2575 4113 2961 4183 ἐπετράπησαν
2988 4112 3036 4164 οἱ
3061 4111 3244 4183 ἐχθροί
3270 4129 3362 4165 σου
3383 4150 3396 4174 ,
3428 4112 3676 4184 ὲπαίρονυ

2097 4217 2220 4253 ται·
2275 4200 2414 4272 πλὴν
2468 4200 2602 4273 πρὸς
2649 4201 2828 4269 ὀλίγον
2876 4200 3210 4271 ἐπαρθέντας
3238 4202 3433 4264 αὐτοὺς
3462 4203 3563 4256 οὐκ
3595 4204 3672 4266 εἰς

2099 4290 2314 4364 μακρὰν
2342 4294 2374 4363 ὴ
2408 4292 2474 4364 σὴ
2511 4294 2630 4364 χεὶρ
2658 4291 3049 4364 καταλήψεται,
3075 4292 3167 4346 καὶ
3198 4294 3230 4364 ἡ
3267 4292 3332 4362 σὴ
3359 4291 3505 4357 δεξιὰ
3539 4292 3668 4362 φεύο

2095 4402 2288 4454 γοντας
2312 4384 2586 4458 θηρεύσει.
2615 4384 2756 4438 Τίδέ
2779 4387 2990 4455 ποιήσει
3019 4384 3427 4450 καταλαϐοῦσα;
3455 4385 3668 4452 Θήσεις

411 4464 640 4526 εεηιρονε
666 4457 840 4513 vultus
877 4461 974 4516 tui.
1006 4459 1218 4517 Etenim
1255 4479 1366 4534 quo
1397 4473 1642 4536 tempore
1673 4470 1984 4538 resplende-

2114 4477 2311 4544 ιὺτοὺς
2438 4477 2726 4532 κλίϐανον
2751 4477 2938 4545 πυρὸς
2960 4479 3047 4544 εἰς
3073 4476 3279 4546 καιρὸν
3299 4477 3407 4531 τοῦ
3432 4477 3665 4546 προσώ-

407 4547 490 4605 bit
513 4550 697 4605 vultus
731 4550 821 4606 ille
851 4558 979 4607 tuus
1001 4591 1016 4616 ,
1047 4569 1157 4622 quo
1190 4554 1402 4610 scilicet
1430 4571 1655 4625 regnum
1689 4566 1841 4612 tuum
1873 4575 1987 4613 ma-

407 4639 695 4698 niiestabis
720 4685 737 4710 ,
767 4644 988 4699 eosdem
1020 4646 1115 4715 qui
1167 4646 1270 4701 sibi
1313 4646 1450 4717 ipsis
1491 4650 1752 4718 nequitiae
1801 4653 1982 4722 ignem

407 4732 779 4802 advexerunt,
821 4737 1084 4792 meritum
1130 4737 1236 4792 sibi
1278 4739 1607 4810 supplicium
1650 4745 1984 4802 succendere

405 4823 577 4882 facies
601 4867 615 4890 ,
639 4827 715 4882 ita
762 4835 824 4884 ut
855 4829 1073 4886 libanus
1101 4829 1242 4901 ignis
1270 4831 1625 4904 sibimetipsis
1653 4835 1978 4897 efﬁciantur.

404 4915 597 4986 Qualia
630 4919 758 4975 item
787 4921 1071 4991 patiuntur
1098 4923 1192 4993 qui
1225 4923 1280 4977 in
1308 4925 1664 4996 aegritudine,
1712 4944 1978 5002 corporea

405 5007 545 5063 febri
576 5010 868 5068 laborant:
903 5015 1121 5070 nemine
1159 5016 1361 5087 quippe
1401 5020 1746 5078 extrinsecus
1794 5024 1975 5096 ignem

405 5097 758 5168 admovente,
792 5104 848 5158 in
876 5120 935 5160 se
966 5105 1101 5176 ipsis
1134 5109 1313 5178 ignem
1346 5106 1549 5166 fovent.
1585 5111 1787 5168 Eodem
1822 5130 1979 5184 pror-

405 5205 502 5247 sus
529 5193 691 5248 modo
721 5195 975 5255 inimicos
1007 5207 1130 5254 tuos
1155 5239 1168 5260 .
1200 5199 1415 5270 inquit,
1450 5210 1616 5274 atque
1643 5221 1740 5262 eos
1779 5207 1874 5278 qui
1925 5215 1977 5264 te

401 5283 669 5350 oderunt,
691 5303 864 5359 pones
893 5299 950 5345 ut
991 5293 1269 5349 clibanum
1297 5293 1460 5366 ignis.
1507 5297 1875 5366 Quamobrem
1907 5303 1975 5359 iis

400 5376 657 5436 dicetur:
709 5381 985 5440 Procedite
1032 5386 1101 5440 ad
1153 5389 1330 5444 lumen
1372 5393 1509 5464 ignis
1571 5394 1758 5466 vestri,
1808 5407 1858 5450 et
1903 5397 1972 5451 ad

397 5469 676 5545 ﬂantmam
702 5492 861 5546 quam
893 5478 1232 5535 succendistis
1262 5482 1327 5536 ⁸⁷.

443 5563 639 5637 ‘Vsns.
681 5567 770 5623 11.
812 5565 1072 5624 Fructum
1101 5587 1280 5626 eorum
1308 5573 1371 5629 de
1398 5585 1538 5630 terra
1564 5575 1747 5646 perdes
1767 5619 1783 5647 ,
1812 5590 1860 5636 et
1888 5599 1971 5637 se-

467 5746 517 5784 ⁸⁸
542 5745 708 5810 Rom.
758 5765 815 5818 ν,
850 5748 905 5806 5.
981 5750 1172 5826 "visa.
1210 5768 1274 5820 ι..
1312 5753 1400 5811 ll.

2089 4585 2207 4624 που
2247 4584 2382 4624 σου.
2437 4569 2524 4622 Ἐν
2567 4567 2644 4640 τῷ
2694 4568 2871 4640 καιρῷ
2909 4569 3017 4643 γὰρ
3055 4570 3151 4642 τῆς
3187 4567 3539 4640 ἐπιλάμψεως
3572 4568 3666 4624 τοῦ

2087 4660 2381 4735 προσώπου
2433 4679 2558 4727 σου,
2612 4663 2670 4714 ἐν
2696 4654 2741 4730 ᾧ
2773 4661 2871 4734 τὴν
2918 4660 3114 4714 σαυτοῦ
3143 4659 3336 4725 δείξεις
3367 4660 3664 4731 βασιλείαν,

2086 4754 2284 4817 αὐτοὺς
2318 4755 2527 4817 ἑαυτοῖς
2557 4754 2619 4807 τὸ
2647 4755 2747 4826 τῆς
2783 4753 2979 4818 κακίας
3005 4751 3116 4823 πῦρ
3147 4751 3481 4819 συνάξαντας
3503 4791 3517 4811 .
3569 4753 3666 4826 τὴν

2085 4846 2206 4901 καθ’
2255 4845 2461 4900 ἐαυτῶν
2515 4847 2733 4900 κόλασιν
2763 4845 2956 4916 ἐξάψαι
2996 4847 3272 4917 ποιήσεις⁸
3334 4845 3482 4909 ὅπως
3510 4846 3665 4900 αὐτοὶ

2081 4937 2295 5000 ἑαυτοῖς
2319 4935 2566 5002 κλίϐανος
2594 4937 2762 5009 πυρὸς
2787 4937 3042 5007 γένοιντο.
3079 4937 3266 4990 Ὀποία
3289 4937 3592 5006 πάσχουσιν
3617 4938 3664 4990 oi

2081 5029 2139 5081 ἐν
2171 5031 2290 5092 ταῖς
2329 5028 2505 5093 νόσοις
2535 5029 2596 5083 τὸ
2649 5029 2807 5100 σῶμα
2848 5029 3204 5102 πυρέττοντες
3225 5046 3238 5059 °
3292 5028 3521 5101 μηδενὸς
3555 5029 3663 5102 γὰρ

2081 5119 2278 5188 ἔξωθεν
2307 5122 2663 5188 ὑποκαίοντος
2683 5163 2697 5188 ,
2725 5123 2872 5177 ἔνδον
2899 5123 2960 5176 τὸ
2985 5121 3096 5196 πῦρ
3123 5121 3181 5189 ἐξ
3203 5123 3410 5178 ἑαυτῶν
3437 5124 3662 5192 ἐπάγον-

2079 5231 2188 5268 ται.
2217 5213 2406 5279 Οὕτως
2427 5211 2517 5270 οὖν
2544 5217 2637 5271 καὶ
2661 5216 2786 5281 τοὺς
2806 5215 3032 5288 ἐχθρούς
3056 5234 3151 5271 σου
3179 5217 3272 5272 καὶ
3297 5217 3424 5282 τοὺς
3448 5215 3663 5287 μισοῦνο

2079 5311 2178 5374 τάς
2205 5327 2265 5366 σε
2285 5350 2299 5374 ,
2342 5311 2514 5383 φησὶ,
2550 5311 2736 5381 θήσεις
2765 5311 2841 5374 ὡς
2872 5310 3123 5366 κλίϐανον
3152 5311 3343 5382 πυρός.
3409 5311 3502 5364 Διὸ
3533 5311 3656 5380 λεχ-

2076 5401 2302 5474 θήσεται
2331 5404 2468 5474 πρὸς
2488 5402 2682 5467 αὐτούς
2698 5421 2711 5434 °
2727 5405 3063 5472 Πορεύεσθε
3079 5403 3157 5470 τῷ
3175 5405 3320 5475 φωτὶ
3339 5403 3445 5459 τοῦ
3464 5402 3655 5472 πυρὸς

2077 5494 2262 5563 ὑμῶν,
2292 5494 2391 5549 καὶ
2427 5495 2501 5565 τῆ
2523 5496 2700 5566 glori
2719 5489 2762 5571 ᾖ
2785 5496 3177 5562 ἑξεκαύσατε.

2153 5586 2262 5641 Τὸν
2290 5587 2521 5656 καρπὸν
2549 5589 2734 5645 αὐτόν
2757 5588 2877 5646 ἀπὸ
2899 5589 3014 5660 γῆς
3037 5588 3284 5655 ἀπολεῖς
3302 5628 3317 5655 ,
3347 5585 3450 5645 καί
3469 5585 3649 5657 σπέρ-
