3940 6292
485 421 590 476 205

1209 411 1471 468 EL'SEBII
1509 406 1983 464 CIESARIENSIS
2019 403 2169 460 OPP.
2210 401 2388 458 PARS
2425 402 2511 457 111.
2537 433 2606 446 -
2643 399 3047 457 EXEGETICA.

3616 396 3727 450 304

488 533 672 604 populi
732 527 1129 600 przescientiam
1191 528 1581 596 complectens,
1644 540 1752 577 non
1810 523 2053 592 psalmus

2172 535 2343 573 ιτασιν
2367 559 2383 583 ,
2421 517 2514 570 καὶ
2550 515 2658 568 τῶν
2697 514 2864 569 ἐθνῶν
2902 516 3154 569 ἁπάντων
3187 511 3282 583 τὴν
3321 509 3508 578 κλῆσιν
3535 509 3638 580 τῆς
3667 526 3729 562 τε

491 622 853 678 inscribatur?
900 618 977 673 De
1023 619 1089 672 iis
1130 617 1350 687 quippe,
1399 623 1584 686 utpote
1629 615 1695 668 de
1742 614 2052 683 ingentibus

489 711 670 773 bonis,
698 709 943 780 gaudens
970 708 1204 779 Spiritus
1233 714 1457 762 sanctus
1486 705 1840 775 psalmodiam
1866 717 2054 773 aggre-

487 805 654 857 ditur.

559 893 784 950 Vensﬁ.
806 893 944 947 Deus
973 893 1106 945 Deus
1138 907 1302 952 meus,
1331 889 1525 951 respice
1549 891 1603 941 in
1633 906 1711 943 me
1735 903 1754 941 :
1790 903 1948 957 quare
1977 902 2056 939 me

489 987 859 1056 dereliquisti?
900 987 1048 1053 longe
1091 1002 1124 1038 a
1164 983 1333 1037 salute
1383 999 1498 1037 mea
1541 981 1694 1036 verba
1744 979 2056 1033 delictorum

495 1095 748 1134 meorum.
789 1078 924 1132 Cum
957 1077 1011 1130 in
1045 1075 1312 1131 Hebraico
1342 1074 1640 1143 exemplari
1674 1073 1828 1136 illud,
1860 1072 2058 1141 respice

494 1172 548 1222 in
587 1186 686 1231 me,
723 1183 832 1221 non
882 1174 1196 1236 compareat
1265 1165 1359 1221 sed
1417 1165 1471 1217 in
1519 1164 1651 1218 solis
1694 1145 2058 1232 'Septuaginta

494 1259 887 1329 lnterpretibus
931 1257 1109 1327 primo
1135 1255 1316 1310 versui
1341 1254 1642 1318 inseratur;
1665 1252 1788 1321 jure
1810 1267 1840 1306 a
1871 1251 2058 1305 Salva-

495 1361 613 1406 tore
640 1358 833 1405 nostro
862 1349 976 1404 baac
1005 1345 1337 1402 vociferante
1361 1344 1788 1414 praetermissum
1813 1350 1916 1398 est.

566 1529 644 1582 Ac
687 1528 842 1592 mihi,
893 1541 1097 1597 quaeso,
1149 1523 1451 1595 perpendas
1495 1537 1603 1592 quo
1651 1531 1810 1592 pacto
1866 1519 2059 1590 reliqui

497 1632 688 1672 omnes
723 1617 1044 1686 interpretes
1078 1615 1388 1671 delictorum
1413 1629 1519 1667 non
1546 1611 1929 1667 meminerint:
1961 1625 2058 1665 ne-

497 1726 605 1780 que
644 1712 787 1764 enim
831 1717 1260 1764 consentaneum
1309 1714 1428 1762 erat
1470 1718 1714 1774 personat
1763 1700 2061 1757 Salvatoris

2154 613 2344 680 γενεᾶς
2398 611 2491 663 καὶ
2543 609 2634 662 τοῦ
2669 607 3064 679 τεχθησομένου
3092 604 3222 658 λαοῦ
3251 604 3348 676 τὴν
3378 603 3730 674 πρόγνωσιν;

2166 703 2288 755 Ἐπὶ
2333 701 2539 764 τούτοις
2585 700 2693 772 γὰρ
2725 700 2799 763 ὼς
2832 698 2924 750 ἐπὶ
2958 697 3208 769 μεγάλοις
3241 694 3464 764 ἀγαθοῖς
3497 697 3734 765 συγχαῖ-

2157 813 2247 867 ρον
2275 794 2335 848 τὸ
2366 793 2587 864 Πνεῦμα
2615 792 2676 845 τὸ
2709 792 2861 861 ἅγιον
2889 789 2985 862 τὴν
3019 788 3334 860 ψαλμῳδίαν
3365 790 3614 841 ποιεῖται.

2237 886 2298 938 '0
2325 885 2467 951 Θεὸς
2486 887 2518 938 ό
2547 886 2688 950 Θεός
2699 901 2838 952 μου,
2867 883 3128 951 πρόσχες
3154 897 3288 951 μοι·
3311 882 3410 934 ἵνα
3445 881 3504 934 τί
3553 879 3738 950 ἐγκα-

2157 977 2393 1042 τέλιπές
2411 994 2484 1046 με
2503 992 2522 1039 ;
2542 973 2783 1045 μακρὰν
2813 974 2927 1028 ἀπὸ
2955 972 3065 1041 τῆς
3087 974 3380 1040 σωτηρίας
3398 990 3517 1042 μου
3545 972 3734 1026 01.16-

2157 1089 2246 1141 γοι
2277 1069 2396 1122 τῶν
2430 1065 2912 1136 παραπτωμάτων
2944 1083 3082 1134 μου.
3152 1065 3241 1134 Μὴ
3276 1063 3639 1136 προκειμένου
3673 1061 3735 1116 δὲ

2157 1163 2213 1214 ἐν
2240 1161 2317 1232 τῷ
2353 1158 2621 1230 Ἐϐραῖκῷ
2644 1157 2759 1225 τοῦ,
2775 1157 3038 1224 πρόσχες
3060 1172 3160 1225 μοι
3179 1194 3194 1219 ,
3222 1154 3250 1207 ὃ
3275 1153 3338 1225 δὴ
3366 1153 3506 1207 κατά
3533 1153 3736 1224 μόνους

2155 1251 2279 1313 τοὺς
2337 1248 2734 1319 Ἐϐδομήκοντα
2786 1246 3107 1317 προσέκειτο
3150 1242 3226 1314 τῷ
3281 1243 3480 1314 πρώτῳ
3533 1243 3734 1313 στίχῳ,

2157 1340 2395 1412 ἀκριϐῶς
2427 1339 2521 1392 καὶ
2555 1338 2658 1392 ὑπὸ
2688 1338 2786 1408 τῆς
2825 1337 3005 1408 φωνῆς
3031 1333 3123 1389 τοῦ
3153 1334 3404 1406 Σωτῆρος
3433 1334 3590 1404 ἡμῶν
3623 1349 3739 1386 πα-

2160 1432 2523 1504 ραλέλειπται.

2229 1524 2339 1578 Καὶ⁸
2368 1523 2466 1576 θέα
2497 1524 2618 1576 τίνα
2642 1520 2841 1594 τρόπον
2868 1520 2925 1573 ἐν
2960 1522 3091 1574 πᾶσι
3115 1519 3322 1582 τούτοις
3353 1516 3590 1589 οὐδαμοῦ
3621 1533 3742 1572 πα·-

2153 1613 2556 1683 ραπτωμάτων
2607 1613 3018 1685 ἐμνημόνευσαν
3069 1612 3119 1664 οἱ
3150 1610 3331 1664 λοιποὶ
3361 1611 3738 1682 ἐρμηνευταί·

2163 1707 2285 1759 οὑδέ
2318 1707 2424 1778 γὰρ
2461 1704 2668 1778 ἥρμοζε
2707 1703 3123 1777 παραπτώματα
3172 1703 3496 1774 ἐφαρμόζειν
3526 1701 3605 1774 τῷ
3640 1701 3743 1756 τοῦ

499 1802 672 1858 nostri
707 1801 901 1857 delicta
931 1801 1224 1863 ascribere,
1251 1800 1340 1868 qui
1363 1807 1632 1866 peccatum
1663 1813 1766 1850 non
1794 1795 1938 1864 fecit,
1970 1811 2062 1849 nec

2172 1799 2410 1870 Σωτῆρος
2435 1801 2466 1868 ἡ
2477 1798 2590 1870 μῶν
2623 1797 2932 1871 προσώπῳ,
2967 1797 3034 1864 ὃς
3064 1797 3357 1866 ἁμαρτίαν
3384 1798 3496 1851 οὐκ
3527 1797 3748 1865 ἐποίη-

499 1896 735 1949 inventus
771 1904 847 1948 est
880 1894 1032 1947 dolus
1066 1896 1118 1946 in
1159 1908 1245 1946 ore
1283 1891 1395 1959 ejus
1419 1889 1485 1942 °’.
1527 1889 1577 1944 ls
1617 1904 1749 1943 vero
1779 1902 1878 1958 pro
1923 1887 1991 1942 iis
2031 1901 2060 1942 e

2172 1907 2290 1957 ver,
2305 1863 2680 1958 Eses'éspéoti
2693 1863 2956 1954 δόλος-ἐν
2972 1886 3048 1953 τῷ
3065 1863 3309 1956 στόματι
3326 1885 3531 1940 αὐτοῦ.
3564 1863 3748 1956 ’Υπὲρ

498 1987 700 2057 populo
743 1986 833 2056 qui
882 1985 1136 2055 lacrymis
1187 1997 1252 2037 ac
1300 1981 1427 2036 ﬂetu
1477 1980 1641 2050 digna
1683 1979 2061 2044 admittebant,

497 2091 596 2146 pro
617 2075 864 2147 apostolo
888 2090 988 2130 suo
1021 2073 1183 2137 Juda,
1219 2074 1373 2143 lapso
1399 2083 1454 2128 et
1493 2087 1524 2126 a
1555 2070 1774 2142 propria
1805 2069 2064 2140 dignitate

497 2169 747 2238 depulso,
795 2168 987 2238 lugens
1029 2166 1142 2220 haec
1183 2163 1401 2220 assidue
1447 2163 1717 2219 clamabat
1755 2179 1769 2216 :
1818 2159 1990 2230 Longe
2030 2175 2063 2213 a

496 2259 674 2314 salute
702 2275 819 2313 mea
847 2257 1002 2312 verba
1034 2257 1320 2328 gemituum
1355 2269 1607 2308 meorum.
1635 2249 1834 2316 Voces,
1865 2250 2061 2321 inquit,

498 2358 558 2406 et
585 2349 747 2405 verba
779 2363 961 2404 rerum
997 2362 1028 2400 a
1057 2362 1144 2401 me
1173 2359 1388 2416 semper
1412 2359 1512 2415 pro
1540 2343 1739 2414 populo
1767 2351 2060 2413 gestarum,

491 2455 531 2494 .a
562 2440 738 2496 salute
767 2455 886 2494 mea
912 2439 1299 2509 longe’rcmota
1323 2443 1472 2502 sunt,
1501 2451 1626 2491 cum
1657 2435 1792 2490 nihil
1818 2434 2064 2489 utilitatis

492 2531 702 2602 populo
734 2530 1029 2586 accesserit
1074 2545 1141 2585 ex
1179 2543 1243 2584 ea
1277 2544 1438 2599 quam
1480 2528 1615 2597 ipsis
1653 2528 1938 2598 procuravi
1971 2541 2062 2581 sa-

504 2624 633 2678 lute.
668 2622 733 2677 At
765 2637 832 2678 ne
855 2622 1136 2678 videamur
1165 2638 1232 2677 ex
1261 2621 1480 2676 curiosa
1512 2621 1690 2690 aliqua
1722 2619 2065 2689 indagatione

502 2716 742 2786 reliquos
788 2717 1116 2788 interpretes
1166 2716 1361 2779 secuti,
1415 2729 1509 2770 eos
1553 2714 1644 2785 qui
1697 2713 1802 2767 alia
1855 2711 2066 2767 ratione

503 2807 773 2876 psalmum
803 2807 1230 2876 interpretantur
1253 2819 1569 2876 coarguere,
1604 2803 1957 2874 Septuaginta
1983 2799 2066 2856 vi-

502 2911 690 2952 rorum
747 2897 1196 2968 interpretatione
1245 2903 1482 2952 utemur.
1533 2893 1667 2950 Nam
1720 2894 1799 2949 illi
1849 2907 2067 2965 quoque

503 2992 645 3044 hanc
693 2988 985 3045 lectionem
1033 2991 1392 3044 observantes
1441 2995 1496 3042 et
1549 2986 2062 3052 animadvertentes,

501 3083 649 3136 hunc
698 3081 967 3150 psalmum
1013 3080 1234 3135 Christo
1279 3095 1388 3134 non
1443 3093 1744 3149 congruere
1794 3077 2063 3132 dixerunt.

499 3172 738 3226 Audiant
766 3172 948 3241 itaque
970 3168 1232 3224 Joannem
1259 3169 1337 3223 sic
1357 3169 1682 3222 clamantem
1704 3188 1718 3222 :
1737 3165 1869 3220 Ecce
1886 3166 2066 3237 Agnus

508 3261 620 3326 Dei,
642 3262 730 3331 qui
747 3261 884 3314 toll-it
905 3270 1173 3331 peccatum
1203 3257 1384 3312 mundi
1404 3260 1456 3323 ¹;
1490 3267 1543 3313 et
1574 3257 1817 3312 divinum
1843 3255 2069 3311 Paulum

503 3354 578 3406 ita
611 3354 916 3423 loquentem
947 3352 1084 3418 :Qui
1109 3359 1378 3419 peccatum
1412 3367 1514 3408 non
1543 3357 1774 3413 noverat,
1804 3365 1898 3418 pro
1923 3349 2070 3403 nobis

501 3454 771 3514 peccatum
795 3444 937 3514 fecit,
958 3453 1014 3497 ut
1032 3460 1125 3498 nos
1145 3442 1682 3514 eﬂiceremurjustitia
1702 3441 1795 3497 Dei
1815 3443 1868 3496 in
1891 3443 2000 3512 ipso
2014 3446 2068 3512 ’ς

503 3544 558 3590 et
577 3551 833 3591 rursum:
862 3535 1107 3591 Christus
1141 3552 1236 3589 nos
1266 3533 1483 3590 redemit
1517 3533 1580 3588 de
1611 3535 1889 3589 maledicto
1921 3535 2067 3606 legis,

501 3627 679 3698 [actus
709 3642 805 3696 pro
833 3627 980 3682 nobis
1006 3626 1399 3680 maledictum’.
1426 3624 1595 3696 Igitur
1613 3625 2068 3695 quemadmodum

503 3721 630 3776 fons
656 3720 886 3791 justitia:
914 3735 1038 3775 cum
1063 3719 1156 3786 sit,
1188 3728 1411 3790 peccata
1440 3720 1558 3790 ipse
1587 3725 1772 3774 nostra
1798 3719 2067 3790 suscepit;

501 3821 558 3872 et
583 3829 708 3869 cum
745 3814 818 3870 sit
849 3813 1247 3870 benedictionis
1271 3815 1515 3885 pelagus,
1545 3813 1886 3882 ingruentem
1912 3813 2069 3868 nobis

501 3907 942 3966 maledictionem
971 3906 1198 3975 accepit,
1224 3915 1384 3975 atque
1411 3905 1739 3976 contemptis
1760 3905 2069 3976 opprobriis

499 4010 724 4052 crucem
756 3995 1053 4050 sustinuit:
1088 3997 1168 4050 sic
1200 4010 1299 4065 pro
1325 3994 1482 4050 nobis
1512 3995 1778 4049 rationem
1809 3995 2066 4052 reddidit.

499 4086 566 4142 .Sl
619 4087 763 4142 enim
809 4095 1064 4142 statutam
1120 4085 1277 4140 nobis
1306 4085 1650 4156 disciplinam
1709 4086 1901 4141 lubens
1954 4086 2071 4157 ipse

504 4177 712 4244 subiit;
758 4192 886 4232 nam
926 4177 1209 4245 disciplina
1248 4178 1393 4246 pacis
1436 4186 1630 4232 nostra:
1661 4194 1813 4247 super
1844 4195 1982 4245 eum,
2011 4189 2071 4235 ut

493 4271 582 4324 .ait
607 4269 908 4340 propheta“
936 4288 951 4324 :
984 4269 1155 4322 multo
1193 4269 1369 4339 magis
1419 4269 1662 4325 rationes
1705 4259 1822 4339 ipse
1851 4280 2069 4326 nostras

505 4375 604 4429 pro
637 4360 797 4416 nobis
823 4358 1030 4424 retulit,
1058 4365 1220 4428 atque
1251 4357 1470 4411 clamat:
1509 4356 1682 4426 Longe
1703 4373 1734 4410 a
1764 4357 1935 4411 salute
1956 4374 2071 4411 mea

505 4453 736 4507 rationes
783 4452 1094 4506 delictorum
1149 4465 1404 4504 meorum.
1453 4446 1552 4513 Ne,
1608 4448 1804 4518 inquit,
1864 4456 2071 4504 naturae

504 4553 729 4617 peccata
765 4545 1045 4614 respicias.

2161 1979 2218 2032 δὲ
2256 1978 2365 2033 τῶν
2405 1979 2695 2049 κλαυθμῶν
2746 1979 2841 2032 καὶ
2880 1977 3091 2050 θρήνων
3128 1977 3254 2044 ἀξια
3293 1977 3644 2048 πραττόντων
3685 1977 3747 2028 ἐν

2161 2071 2238 2143 τῷ
2263 2071 2376 2142 λαῷ
2399 2110 2414 2136 ,
2479 2071 2617 2141 ὑπὲρ
2648 2071 2704 2124 δὲ
2727 2070 2821 2124 τοῦ
2853 2069 3150 2124 ἀποστόλου
3181 2067 3346 2122 αὑτοῦ
3392 2067 3594 2133 Ἰούδα,
3644 2065 3748 2120 τοῦ

2163 2164 2600 2237 ἐξολισθήσαντος
2641 2163 2865 2234 καὶτῆς
2913 2163 3118 2226 οἰκείας
3162 2160 3318 2226 ἀξίας
3345 2158 3748 2228 ἀποπεσόντος,

2163 2255 2481 2328 ὀδυρόμενος
2507 2255 2730 2309 διετέλει
2769 2254 2906 2325 βοῶν
2925 2271 2940 2286 ·
2973 2253 3226 2322 Μακρὰν
3253 2251 3371 2308 ἀπὸ
3403 2250 3512 2321 τῆς
3541 2268 3750 2321 σωτη-

2156 2351 2294 2418 ρίας
2317 2367 2436 2418 μου
2459 2351 2512 2403 oi
2537 2349 2704 2418 ,λόγοι
2730 2347 2848 2401 τῶν
2877 2345 3149 2416 ὀδυρμῶν
3171 2363 3308 2414 μου.
3341 2345 3404 2398 Ol
3431 2343 3538 2414 γὰρ
3564 2343 3749 2412 λόγοι,

2165 2441 2328 2512 φησι,
2363 2439 2470 2493 τῶν
2502 2440 2650 2511 ἐμῶν
2672 2480 2687 2504 ,
2721 2433 2829 2492 τῶν
2865 2437 3004 2510 ὑπὲρ
3034 2437 3127 2490 τοῦ
3161 2436 3290 2490 λαοῦ
3327 2437 3555 2491 πάντοτε
3589 2454 3749 2506 γινο-

2169 2534 2341 2605 μένων
2367 2573 2382 2598 ,
2411 2533 2509 2603 τῆς
2531 2532 2668 2603 ἐμῆς
2693 2531 2964 2602 σωτηρίας
2993 2528 3210 2601 μακρὰν
3239 2529 3522 2598 γεγόνασιν
3543 2568 3558 2594 ,
3587 2529 3751 2583 οὐδὲν

2163 2625 2532 2696 ὠφεληθέντος
2564 2623 2655 2677 τοῦ
2689 2621 2818 2676 λαοῦ
2852 2623 2958 2676 ἀπὸ
3001 2621 3100 2692 τῆς
3135 2621 3193 2687 ἐξ
3229 2619 3362 2692 ἐμοῦ
3391 2619 3751 2692 προξενηθείο

2168 2731 2265 2786 σης
2289 2716 2469 2778 αὑτοῖς
2489 2713 2777 2785 σωτηρίας.
2811 2713 2926 2766 Ἵνα
2945 2712 3001 2765 δὲ
3037 2711 3111 2783 μὴ
3137 2711 3396 2782 δόξωμεν,
3425 2714 3538 2775 τοῖς
3559 2710 3751 2775 ἄλλοις

2165 2808 2526 2879 ἐρμηνευταῖς
2551 2805 2781 2860 ἐνταῦθα
2813 2805 3138 2876 κεχρημένοι
3171 2807 3235 2858 ἐκ
3262 2804 3538 2878 περινοίας
3562 2845 3576 2870 ,
3614 2805 3752 2868 τοὺς

2165 2897 2366 2970 ἐτέρως
2393 2898 2483 2952 τὸν
2511 2897 2722 2968 ψαλμὸν
2754 2897 3166 2968 ήρμηνευκότας
3215 2896 3454 2968 ἐλέγχειν
3473 2935 3487 2961 ,
3537 2898 3603 2967 τῇ
3633 2894 3751 2950 τῶν

2181 2989 2578 3060 Ἑϐδομήκοντα
2607 2988 2870 3061 ἑρμηνεία
2899 2987 3243 3060 χρησόμεθα·
3299 2987 3471 3059 ταύτῃ
3497 2986 3604 3058 γὰρ
3639 2987 3750 3040 κά-

2167 3085 2334 3136 κεῖνοι
2366 3081 2591 3153 τηρήσει
2620 3079 3072 3150 προσεσχηκότες,
3090 3078 3190 3131 οὑκ
3218 3077 3424 3147 ἔφασαν
3451 3077 3754 3149 ἁρμόττειν

2096 3197 2138 3254 C
2170 3171 2260 3226 τὸν
2289 3172 2500 3246 ψαλμὸν
2520 3171 2594 3243 τῷ
2610 3171 2814 3242 Κυρίῳ.
2848 3170 3263 3224 Ἀκουσάτωσαν
3290 3170 3471 3223 τοίνυν
3493 3169 3752 3224 Ἰωάννου

2174 3264 2400 3335 βοῶντος
2419 3281 2432 3293 ·
2460 3264 2580 3317 Ἴδε
2600 3266 2632 3317 ό
2649 3262 2837 3332 ἀμνὸς
2848 3261 2951 3316 τοῦ
2981 3261 3127 3316 Θεοῦ
3145 3300 3160 3326 ,
3180 3265 3211 3315 ὀ
3230 3263 3411 3330 αἴρων
3431 3261 3544 3330 τὴν
3562 3262 3753 3331 ἀμαρ-

2170 3357 2304 3410 τίαν
2322 3355 2428 3410 τοῦ
2444 3356 2674 3423 κόσμου
2695 3372 2708 3384 ·
2731 3353 2823 3406 τοῦ
2846 3353 2902 3405 δέ
2923 3353 3205 3407 θεσπεσίου
3230 3354 3439 3408 Παύλου
3459 3353 3720 3422 λέγοντος
3734 3371 3748 3384 ·

2176 3451 2284 3504 Τὸν
2307 3449 2393 3519 μὴ
2427 3451 2644 3520 ’γνόντα
2682 3449 3002 3518 ἁμαρτίαν,
3055 3447 3206 3516 ὑπὲρ
3246 3447 3412 3516 ήμῶν
3449 3447 3753 3516 ἁμαρτίαν

2169 3541 2476 3608 ἐποίησεν,
2493 3542 2592 3594 ἵνα
2619 3539 2788 3609 ἡμεῖς
2810 3540 3102 3610 γενώμεθα
3126 3540 3271 3594 Θεοῦ
3296 3538 3658 3606 δικαιοσύνη
3683 3540 3755 3593 ἐν

2169 3631 2354 3697 αὐτῷ·
2388 3634 2479 3686 καὶ
2509 3632 2670 3686 πάλιν
2688 3649 2701 3662 ·
2743 3625 2993 3701 Χριστὸς
3021 3632 3178 3702 ἡμᾶς
3203 3629 3506 3701 ἠγόρασεν
3536 3630 3604 3683 ἐκ
3632 3630 3753 3699 τῆς

2172 3723 2430 3792 κατάρας
2459 3724 2562 3777 τοῦ
2585 3724 2792 3792 νόμου,
2812 3725 3126 3794 γενόμενος
3143 3721 3292 3791 ὑπὲρ
3312 3722 3478 3791 ἡμῶν
3497 3719 3749 3790 κατάρα.

2177 3814 2475 3886 Τοιγαροῦν
2530 3815 2715 3887 ὥσπερ
2748 3815 3087 3886 δικαιοσύνης
3116 3813 3374 3884 ὑπάρχων
3427 3812 3605 3884 πηγὴ,
3652 3813 3754 3885 τὴν

2178 3906 2450 3979 ἡμετέραν
2483 3908 2753 3977 ἁμαρτίαν
2782 3907 3038 3972 ἀνέλαϐε,
3084 3906 3176 3960 καὶ
3202 3905 3446 3975 εὐλογίας
3471 3904 3547 3959 ὣν
3576 3905 3752 3960 πέλα-

2169 4015 2264 4067 γος
2294 4038 2308 4062 ,
2363 3999 2460 4069 τὴν
2495 3998 2843 4068 ἐπικειμένην
2883 4000 3014 4070 ἡμῖν
3053 3997 3266 4064 ἐδέξατο
3303 3996 3546 4067 κατάραν
3575 4036 3592 4063 ,
3654 3997 3752 4050 καὶ

2171 4092 2400 4164 σταυρὸν
2419 4092 2703 4163 ὑπέμεινεν
2730 4091 2986 4163 αἰσχύνης
3017 4093 3426 4162 καταφρονήσας
3443 4107 3456 4120 ·
3483 4089 3625 4143 οὑτω
3657 4090 3754 4145 καὶ

2171 4185 2296 4246 τοὺς
2326 4184 2465 4254 ὑπὲρ
2492 4183 2645 4254 ήμῶν
2678 4185 2967 4254 ἐποιήσατο
2997 4183 3204 4252 λόγους.
3237 4185 3299 4237 El
3328 4183 3434 4255 γὰρ
3457 4183 3555 4254 τὴν
3614 4183 3754 4256 ὠρι-

2172 4275 2377 4346 σμένην
2417 4279 2550 4347 ἡμῖν
2599 4275 2843 4330 παιδείαν
2876 4275 3114 4346 ὑπῆλθεν
3158 4275 3297 4328 ἑκὼν
3322 4313 3336 4338 ,
3362 4273 3601 4328 παιδεία
3639 4273 3750 4344 γὰρ

2169 4366 2412 4434 εἰρήνης
2434 4367 2603 4437 ἡμῶν
2626 4368 2717 4420 ἐπ’
2738 4367 2943 4431 αὑτὸν,
3034 4368 3195 4438 φησὶν
3223 4370 3250 4420 ὁ
3276 4368 3590 4438 προφήτης·
3618 4366 3752 4418 πολ-

2170 4457 2244 4528 λῷ
2269 4459 2467 4528 μᾶλλον
2485 4461 2593 4523 τοῖς
2607 4460 2746 4530 ὑπὲρ
2770 4459 2925 4530 ἡμῶν
2949 4457 3063 4510 ἀνθ’
3085 4457 3240 4528 ήμῶν
3262 4459 3526 4529 ἐχρήσατο
3545 4456 3749 4525 λόγοις,

2103 4531 2145 4585 D
2175 4551 2267 4602 καὶ
2301 4551 2417 4622 βοᾷ·
2469 4551 2713 4620 Μακρὰν
2741 4551 2855 4604 ἀπὸ
2889 4549 2994 4618 τῆς
3029 4549 3324 4618 σωτηρίας
3350 4567 3468 4618 μου
3499 4552 3552 4602 οἱ
3577 4552 3751 4619 λόγοι

503 4637 622 4692 τῶν
645 4639 1128 4708 παραπτωμάτων
1147 4655 1284 4706 μου.
1316 4636 1406 4707 Μὴ
1427 4635 1762 4708 ἀποϐλέψεις,
1791 4637 1972 4707 φησὶν,
1995 4641 2097 4707 εἰς,
2120 4642 2189 4696 τὰ
2215 4646 2313 4716 τῆς
2344 4646 2556 4712 φύσεως
2593 4645 3057 4716 πλημμελήματα.

574 4733 740 4789 Vens.
775 4736 828 4789 5.
865 4733 1004 4788 Deus
1045 4749 1210 4796 meus,
1255 4731 1494 4786 clamabo
1536 4731 1602 4785 ad
1638 4741 1683 4785 te
1711 4750 1803 4802 per
1835 4733 1992 4798 diem,
2021 4745 2073 4790 et

505 4844 611 4881 non
635 4825 918 4891 exaudies;
951 4835 1002 4880 et
1033 4835 1203 4886 nocte,
1238 4833 1286 4878 et
1319 4841 1421 4878 non
1444 4823 1511 4876 ad
1538 4825 1893 4893 insipientiam
1924 4827 2072 4882 mihi.

509 4919 634 4973 llaec
663 4919 729 4973 dc
755 4918 915 4972 nobis
938 4916 1221 4971 confessus
1247 4915 1514 4980 Salvator,
1542 4917 1616 4969 ait
1651 4936 1662 4970 :
1694 4915 1784 4970 Sic
1807 4916 2077 4973 clamante

507 5025 618 5072 me,
643 5009 1022 5064 exauditurum
1051 5015 1106 5062 te
1134 5007 1260 5061 novi
1294 5025 1308 5060 :
1341 5022 1464 5060 nam
1492 5022 1615 5061 cum
1642 5008 2076 5078 interpunctione

507 5101 814 5169 legendum.
841 5099 906 5153 Et
931 5106 1090 5154 nocte
1113 5113 1332 5168 quoque
1362 5098 1630 5162 clamabo,
1656 5114 1832 5168 neque
1862 5099 1913 5152 id
1941 5099 2073 5153 mihi

506 5190 578 5244 ad
626 5191 997 5260 insipientiam
1050 5197 1366 5259 reputetur;
1411 5189 1851 5260 quandoquidem
1895 5191 2072 5247 tristia

509 5281 716 5334 circum
751 5296 837 5336 me
869 5282 1048 5351 posita
1085 5288 1232 5336 sunt.
1271 5281 1424 5336 Multi
1460 5297 1591 5337 sane
1619 5283 1673 5336 in
1701 5283 1956 5352 perplexo
1987 5299 2077 5338 re-

509 5388 631 5427 rum
658 5379 804 5427 statu
839 5374 1069 5444 caligine
1106 5373 1490 5437 obvolvuntur,
1527 5381 1586 5427 ut
1611 5373 1772 5427 etiam
1805 5374 1935 5443 quid
1965 5374 2076 5429 cla-

511 5466 680 5520 manti
729 5464 1021 5522 dicendum
1063 5465 1174 5522 Deo
1219 5469 1291 5523 sit
1339 5467 1633 5538 ignorent:
1667 5480 1731 5519 ac
1772 5482 1870 5537 ego
1911 5467 2078 5536 probe

509 5557 637 5612 novi
679 5571 785 5626 qua
829 5555 896 5611 de
948 5571 1114 5612 causa
1155 5566 1436 5613 nocturnae
1479 5557 1584 5612 illa:
1616 5557 1955 5614 calamitates
1990 5574 2075 5612 me

508 5650 967 5706 circumveniant.

577 5835 625 5865 ’9
663 5833 678 5887 l
715 5832 860 5889 Petr.
901 5849 974 5900 ll,
1005 5831 1097 5890 22.

2256 4742 2316 4793 '0
2340 4743 2481 4806 Θεός
2511 4759 2650 4810 μου,
2684 4740 3040 4808 κεκράξομαι
3077 4737 3297 4808 ’ἡμέρας
3329 4737 3475 4806 πρὸς
3511 4737 3607 4801 σὲ,
3652 4737 3752 4791 καὶ

2177 4833 2287 4884 οὐκ
2317 4833 2650 4900 εἰσακούσῃ
2670 4849 2683 4861 ·
2737 4833 2835 4884 καὶ
2873 4831 3093 4896 νυκτὸς
3112 4870 3126 4895 ,
3162 4830 3256 4883 καὶ
3287 4831 3397 4882 οὐκ
3429 4831 3513 4894 είς
3539 4827 3753 4882 ἄνοιαν

2173 4924 2322 4992 ἐμοί.
2359 4924 2540 4977 Ταῦτα
2563 4923 2618 4975 δὲ
2643 4925 2771 4995 περὶ
2793 4922 2948 4995 ήμῶν
2976 4921 3478 4994 ἐξομολογούμενος,
3502 4921 3528 4972 ὁ
3558 4921 3751 4990 Σωτὴρ

2174 5014 2353 5083 λέγει·
2409 5014 2563 5068 Οὑτω
2591 5015 2646 5067 δέ
2679 5032 2778 5085 μου
2809 5014 3074 5085 βοῶντος,
3121 5009 3266 5081 οῖδα,
3302 5011 3747 5084 ὅτιιείσακούσῃ·

2179 5105 2299 5177 μεθ’
2333 5107 2674 5178 ὑποστιγμῆς
2713 5108 2817 5178 γὰρ
2855 5105 3248 5176 ἀναγνωστέον.
3316 5107 3426 5159 Καὶ
3462 5105 3657 5167 νυκτὸς
3693 5103 3750 5157 δὲ

2179 5198 2546 5270 κεκράξομαι,
2601 5201 2699 5252 οὑκ
2749 5199 2932 5261 ἀνοίας
2987 5214 3075 5268 μοι
3113 5196 3499 5266 λογιζομένης·
3557 5195 3646 5248 ὅτε
3683 5195 3750 5248 τά

2181 5292 2575 5364 περιεστηκότα
2615 5291 2732 5344 ἐστὶ
2777 5289 3091 5362 σκυθρωπά.
3123 5289 3241 5341 Τῶν
3281 5287 3491 5341 πολλῶν
3529 5288 3589 5340 ἐν
3627 5288 3750 5347 ταῖς

2179 5384 2529 5457 περιστάσεσι
2560 5382 2953 5453 σκοτιζομένων
2971 5422 2985 5447 ,
3017 5381 3092 5443 ὼς
3119 5379 3374 5433 καὶάὑτὸ
3400 5377 3557 5431 τοῦτο
3587 5376 3640 5428 τί
3669 5375 3751 5428 δεῖ

2180 5473 2451 5546 κράζοντα
2490 5472 2622 5543 πρὸς
2655 5471 2784 5525 Θεὸν
2817 5472 2992 5538 λέγειν
3024 5470 3260 5538 ἀγνοεῖν·
3293 5469 3608 5538 ’ἐπίσταμαι
3641 5466 3746 5534 γὰρ

2181 5562 2290 5632 ἐγὼ
2315 5563 2455 5626 τίνος
2483 5563 2644 5618 ἕνεκα
2672 5561 2795 5634 περὶ
2824 5561 2924 5632 ἐμὲ
2946 5560 3231 5632 νυκτερινὴ
3254 5559 3584 5622 κατάστασίς
3609 5559 3740 5610 ἐστι.

1176 5836 1188 5864 ¹
1230 5832 1388 5888 Joan.
1423 5847 1471 5902 ι,
1505 5833 1594 5889 56.
1669 5836 1691 5868 ³
1732 5833 1774 5889 ll
1807 5833 1931 5890 Cor.
1963 5850 2030 5901 v,
2064 5845 2066 5857 ‘

2230 5833 2250 5866 ³
2287 5832 2405 5888 Gal.
2444 5845 2546 5896 ιιι,
2587 5829 2675 5887 l5.
2749 5826 2772 5863 ‘
2809 5825 2916 5884 lsa.
2951 5839 3086 5892 un,
3123 5825 3173 5879 5.
