3940 6292
433 355 542 409 207
629 344 634 350 “
1107 352 1377 409 EUSEBli
1416 351 1893 410 CESARIENSIS
1931 353 2080 414 OPP.
2121 354 2302 413 PARS
2362 353 2524 412 ΙΙΙ.-
2548 355 2956 416 EXEGETICA.
3581 359 3687 414 ξοδ

441 469 627 528 buere.
685 466 791 523 Sed
848 466 990 522 alius
1032 466 1168 522 ordo
1200 482 1480 539 genusque
1519 467 1800 524 hominum
1842 470 1909 525 ab
1940 469 1974 523 ii

2110 470 2314 541 πάθους
2340 473 2781 545 καιρόν.Ἔτερον
2813 475 2870 528 δὲ
2900 474 3089 545 τάγμα
3112 474 3264 546 παρὰ
3295 474 3504 540 τούτοις
3533 474 3684 541 ἐξου-

441 562 751 625 diuersum,
803 560 1078 630 abiectum
1122 560 1722 629 habuerunt..Quinam
1772 563 1849 617 illi
1900 564 1978 619 nis

2107 563 2321 635 δὲνωμα
2343 564 2505 619 αὑτὸν
2538 566 2855 638 ἐκτήσαντο.
2888 568 3045 626 Ποῖον
3072 568 3130 621 δὲ
3149 568 3308 621 τοῦτο
3331 567 3364 639 ἢ
3384 570 3412 621 ό
3441 570 3506 622 ὲκ
3530 586 3684 641 περι-

440 652 672 722 populus
700 666 767 706 ex
790 651 1251 708 circumcisione?
1279 652 1406 709 Ideo
1454 658 1534 709 sic
1588 656 1866 711 concludit
1911 670 1978 727 po

2106 655 2279 727 τομῆς
2307 655 2471 723 λαός;
2511 658 2602 711 Διὸ
2651 659 2891 729 ἐπιλέγει
2947 659 3092 731 ἑξῆς,
3147 659 3247 714 καὶ
3301 658 3683 731 ἐξουδένωμα

437 754 574 811 stea,
615 753 666 799 et
723 744 946 817 obiectio
976 745 1179 834 ‘plebis.
1219 745 1353 801 Nam
1394 748 1686 804 illudentes
1735 748 1782 805 ei
1842 757 1978 820 atqui

2104 747 2277 801 λαοῦ.
2303 747 2687 813 Διαπαίζοντες
2704 749 2816 822 γὰρ
2838 750 3000 804 αὐτὸν
3027 746 3171 804 οὗτοι
3197 750 3292 804 καὶ
3307 749 3678 821 χλευάζοντες,

435 835 744 892 deridentes
774 852 921 905 eum,
965 837 1078 891 haec
1127 837 1527 908 loquebantur"
1563 858 1576 892 :
1622 839 1772 893 Vah!
1794 840 1884 910 qui
1913 839 2006 895 de-

433 931 596 985 struis
634 931 904 999 templum,
946 938 996 985 et
1036 932 1090 985 in
1130 932 1299 985 tribus
1323 930 1505 986 diebus
1536 931 1770 1003 a’diﬁcas
1805 934 1997 1003 ipsum.

434 1023 585 1078 Alios
632 1023 806 1078 salvos
839 1023 985 1092 fecit,
1030 1022 1236 1077 salvum
1270 1023 1438 1092 faciat
1485 1025 1734 1094 seipsum.
1786 1024 1845 1080 Si
1893 1024 2002 1079 Rea:

434 1113 612 1170 Israel
635 1122 736 1179 est,
767 1112 1050 1169 descendat
1073 1129 1209 1168 nunc
1241 1113 1305 1168 de
1329 1131 1499 1183 cruce,
1526 1123 1577 1169 et
1597 1113 1864 1171 credemus
1895 1116 1963 1171 ei.

500 1317 666 1375 Vens.
698 1320 752 1381 8,
781 1319 836 1374 9.
879 1319 950 1375 Dc
984 1320 1218 1390 ipsamet
1262 1334 1322 1374 re
1376 1318 1430 1372 in
1476 1318 1835 1389 sequentibus
1865 1320 1996 1374 talia

429 1410 625 1467 fatur:
682 1411 874 1467 Omnes
922 1412 1153 1465 videntes
1211 1427 1291 1465 me
1332 1410 1628 1465 deriserunt
1679 1427 1781 1476 me,
1835 1410 1996 1465 locuti

428 1512 553 1557 sunt
580 1502 738 1559 labiis
767 1514 813 1559 et
863 1513 1133 1560 moverunt
1158 1513 1336 1574 caput.
1371 1503 1614 1574 Speravit
1654 1504 1709 1558 in
1742 1503 1990 1569 Domino,

423 1597 612 1664 eripiat
640 1611 780 1661 eum,
821 1596 1025 1651 salvum
1067 1595 1232 1666 faciat
1265 1612 1405 1660 eum,
1435 1595 1683 1665 quoniam
1712 1593 1821 1648 vult
1851 1611 1989 1650 eum.

425 1688 551 1744 llaec
583 1704 751 1761 porro
782 1690 1004 1760 impleta
1056 1697 1186 1745 sunt
1226 1688 1500 1759 passionis
1549 1687 1808 1744 salutaris
1855 1694 1992 1747 tem-

424 1795 577 1851 pore,
607 1790 669 1837 ut
702 1782 988 1839 Matthaaus
1022 1790 1214 1837 narrat
1243 1782 1330 1837 his
1361 1780 1548 1838 verbis
1595 1800 1608 1835 :
1657 1779 1990 1835 Prwtereuno

2104 838 2287 908 ἔλεγον
2306 856 2320 870 ’
2355 839 2500 909 Οὐά,
2529 844 2562 895 ό
2590 844 2902 897 καταλύων
2926 842 3032 897 τὸν
3054 843 3224 908 ναὸν,
3251 841 3349 899 καὶ
3395 842 3465 897 ἐν
3484 844 3681 912 τρισὶν

2102 929 2350 1000 ἡμέραις
2375 932 2703 1004 οἰκοδομῶν
2729 935 3195 1001 αὑτόν.“Ἀλλους
3233 935 3447 999 ἔσωσε,
3480 937 3673 989 amad-

2100 1042 2178 1078 τω
2205 1027 2439 1080 ἑαυτόν.
2476 1030 2545 1081 Et
2571 1028 2872 1094 βασιλεὺς
2918 1029 3024 1083 τοῦ
3065 1027 3300 1096 Ἰσραήλ
3349 1028 3542 1093 ἐστιν,
3574 1044 3676 1082 κα-

2100 1116 2324 1171 ταϐάτω
2354 1118 2472 1173 νῦν
2510 1118 2628 1173 ἀπὸ
2669 1119 2775 1174 τοῦ
2814 1118 3100 1189 σταυροῦ,
3135 1118 3235 1173 καὶ
3273 1118 3677 1189 πιστεύσομεν

2098 1208 2277 1276 αὐτῷ.

2167 1326 2302 1397 Περὶ¹
2331 1325 2439 1380 τῶν
2466 1325 2645 1381 αὐτῶν
2664 1326 2758 1381 καὶ
2783 1325 2850 1380 τὰ
2874 1326 2999 1399 ἑξῆς
3016 1326 3262 1399 ἐπιφέρει
3283 1326 3481 1397 λέγων·
3510 1326 3669 1384 Πάν-

2095 1434 2194 1485 τες
2224 1421 2278 1473 οι
2310 1418 2671 1487 θεωροῦντες
2692 1434 2770 1489 με
2800 1418 3273 1489 ἐξεμυκτήρισάν
3308 1437 3415 1489 με·
3447 1420 3671 1492 emn-

2093 1526 2214 1566 σαν
2240 1511 2309 1567 ἐν
2337 1512 2627 1582 χείλεσιν,
2643 1512 2936 1580 ἐκίνησαν
2959 1511 3551 1581 κεφαλήν.Ἤλπισεν
3568 1512 3667 1568 ἐπὶ

2091 1604 2303 1672 Κυρίῳ,
2320 1605 2611 1673 ῥυσάσθω
2639 1605 2848 1659 αὐτόν·
2877 1604 3127 1659 σωσάτω
3157 1604 3361 1670 αὐτὸν,
3385 1604 3475 1659 ὅτι
3510 1605 3669 1661 θέλει

2089 1696 2292 1750 αὐτόν.
2327 1695 2437 1749 Καὶ
2473 1694 2645 1751 ταῦτα
2682 1694 2985 1768 ἐπληροῦτο
3028 1695 3170 1750 κατὰ
3208 1696 3299 1750 τὸν
3342 1697 3532 1769 καιρὸν
3568 1695 3664 1751 τοῦ

2093 1787 2357 1859 σωτηρίου
2390 1787 2613 1853 πάθους,
2635 1787 2756 1842 καθ’
2783 1788 2841 1842 ὃν
2873 1790 3077 1860 ἱστορεῖ
3106 1787 3280 1856 λέγων
3312 1790 3341 1841 ό
3365 1787 3660 1851 Ματθαῖος

422 1849 498 1929 tes
533 1884 708 1929 autem
748 1873 1183 1945 blasphemabant
1228 1890 1347 1930 eum
1378 1882 1636 1929 moventes
1660 1874 1836 1942 capita
1863 1889 1978 1937 sua,

2096 1883 2159 1934 Ol
2296 1849 2844 1950 παραπορευόμενοι
2891 1849 3325 1951 ἐϐλασφήμουν
3358 1879 3545 1934 αὐτὸν
3580 1849 3664 1933 κι-

418 1976 471 2021 et
496 1967 723 2023 dicentes
755 1984 773 2023 :
813 1966 967 2022 Vah!
998 1969 1088 2041 qui
1118 1968 1348 2023 destruis
1381 1966 1630 2037 templum
1649 1977 1698 2022 et
1732 1955 1786 2020 iri
1807 1965 1989 2021 triduo

417 2060 557 2116 illud
594 2061 888 2131 recedi/iens
919 2078 937 2115 :
973 2061 1124 2117 salva
1169 2061 1501 2130 temetipsum
1534 2076 1553 2116 :
1585 2060 1633 2115 si
1676 2058 1851 2114 Filius
1887 2057 1987 2114 Dei

417 2166 494 2215 es,
538 2150 791 2208 descende
824 2168 961 2206 nunc
1008 2149 1072 2206 de
1121 2166 1295 2206 cruce.
1337 2148 1595 2207 Similiter
1633 2160 1684 2205 et
1724 2149 1984 2220 principes

416 2242 749 2301 sacerdotum
774 2243 1054 2301 illudentes
1080 2262 1200 2299 cum
1227 2245 1518 2299 Pharisteis
1540 2252 1590 2299 et
1613 2242 1813 2299 Scribis
1842 2243 1981 2298 dice-

416 2338 541 2393 bant
576 2355 594 2393 :
624 2338 777 2393 Alios
799 2339 975 2394 salvos
1005 2339 1148 2408 fecit,
1186 2339 1416 2409 seipsum
1444 2356 1548 2394 non
1581 2347 1750 2409 potest
1777 2336 1979 2393 salvum

414 2432 608 2501 facere.
648 2430 711 2486 Si
748 2429 856 2486 Rea:
904 2430 1078 2486 Israel
1104 2440 1208 2497 est,
1244 2431 1525 2487 descendat
1555 2447 1692 2486 nunc
1723 2430 1788 2486 de
1808 2446 1979 2495 cruce,

412 2533 463 2577 et
492 2522 762 2577 credemus
790 2524 858 2577 ei.
893 2522 1140 2593 Conﬁsus
1171 2532 1250 2578 est
1281 2524 1337 2579 in
1380 2523 1512 2588 Deo,
1556 2524 1738 2580 liberet
1763 2539 1904 2591 eum,
1934 2523 1982 2578 si

415 2617 523 2671 vult
546 2632 703 2672 eum:
728 2615 862 2671 dixit
884 2617 1044 2674 enim.
1078 2614 1255 2671 Filius
1291 2615 1384 2671 Dei
1413 2633 1533 2671 sum
1552 2616 1591 2673 ⁸.

485 2903 648 2960 Vsus.
681 2903 769 2971 l0,
802 2906 888 2959 Η.
933 2903 1196 2971 Quoniam
1228 2912 1283 2957 tu
1318 2919 1393 2970 es,
1442 2903 1532 2974 qui
1567 2903 1854 2959 extrusisti
1896 2919 1979 2959 me

407 2998 474 3055 de
499 3005 669 3053 ventre
700 3012 719 3052 :
751 3014 866 3069 spes
907 3012 1022 3051 mea
1055 2996 1120 3050 ab
1150 2994 1393 3051 uberibus
1427 2996 1615 3051 matris
1647 3009 1795 3051 metr.
1828 2992 1897 3049 In
1928 3003 1978 3049 te

410 3095 671 3166 projectus
695 3108 812 3146 sum
840 3106 903 3145 ea;
941 3100 1088 3144 utero
1119 3106 1137 3144 :
1170 3088 1233 3145 de
1264 3097 1437 3144 ventre
1465 3088 1653 3143 matris
1677 3103 1805 3143 mea:
1833 3086 1977 3143 Deus

412 3203 557 3242 meus
583 3202 636 3240 es
665 3193 752 3249 tu;
802 3198 865 3237 ne
907 3182 1209 3237 discesseris
1251 3198 1285 3235 a
1321 3197 1423 3237 me.
1458 3179 1711 3237 Declarat
1758 3194 1819 3237 se
1863 3195 1975 3235 non
2004 3219 2046 3279 ϐ

409 3276 685 3333 communi
705 3281 912 3330 natura:
940 3290 1063 3339 usu,
1088 3288 1266 3345 neque
1284 3273 1402 3344 pari
1425 3282 1588 3344 atque
1610 3273 1704 3327 alii
1728 3272 1978 3329 homines

408 3377 714 3440 caateraque
747 3366 1043 3421 animantia
1080 3366 1210 3432 ritu,
1262 3366 1474 3423 scilicet
1518 3382 1585 3422 ex
1632 3366 1876 3422 masculo
1921 3373 1978 3422 et

410 3461 609 3517 femina
654 3460 1015 3515 constitutum
1068 3473 1212 3522 esse,
1258 3473 1434 3529 neque
1480 3466 1661 3514 ortum
1697 3474 1756 3516 se
1783 3458 1974 3514 eadem

407 3554 620 3610 ratione
664 3551 870 3619 fuisse;
918 3550 1013 3607 sed
1045 3550 1176 3622 quid
1214 3560 1409 3621 praeter
1455 3549 1732 3622 vulgarem
1765 3555 1976 3606 natura:

407 3646 653 3703 ordinem
690 3644 966 3700 habuisse.

478 3737 643 3794 Vens.
692 3737 760 3792 12
789 3737 914 3791 -M.
956 3735 1223 3803 Quoniam
1269 3734 1540 3790 tribulatio
1590 3736 1835 3805 proxima
1870 3744 1970 3800 est,

404 3833 655 3903 quoniam
700 3845 805 3884 non
838 3837 917 3883 est
965 3828 1055 3899 qui
1091 3825 1322 3897 adjuvet.
1368 3825 1838 3882 Circumdederunt
1890 3843 1973 3881 me

404 3923 560 3979 vituli
613 3922 793 3986 multi,
837 3921 981 3975 tauri
1016 3920 1231 3991 pingues
1274 3918 1585 3974 obsederunt
1630 3935 1730 3973 me.
1755 3916 1972 3989 Nequa-

405 4029 569 4086 quam
599 4028 629 4067 a
656 4028 787 4068 vero
819 4011 1181 4076 aberraveris,
1212 4011 1260 4068 si
1293 4019 1484 4066 tauros
1528 4010 1777 4082 pingues,
1817 4009 1973 4081 prin-

406 4109 557 4175 cipes
605 4102 820 4159 Iudaici
855 4102 1071 4174 populi;
1126 4102 1243 4159 sive
1288 4102 1564 4173 principes
1597 4100 1966 4166 sacerdotum,

406 4197 617 4253 scribas
643 4203 696 4252 et
735 4195 980 4253 seniores
1021 4195 1332 4267 signiﬁcare
1358 4194 1586 4250 dixeris.
1619 4192 1861 4263 Hujusce
1889 4193 1970 4249 rei

404 4289 610 4345 mentio
637 4288 869 4344 habetur
899 4288 953 4343 in
984 4287 1326 4359 sexagesimo
1362 4286 1598 4357 septimo
1639 4286 1852 4357 psalmo
1878 4285 1967 4341 his

400 4377 621 4435 verbis:
660 4376 882 4448 Increpa
916 4378 1057 4447 feras
1080 4377 1358 4432 arundinis
1386 4393 1405 4431 :
1428 4376 1759 4448 congregatio
1785 4386 1968 4429 tauro-

400 4486 520 4524 rum
541 4470 595 4524 in
617 4472 788 4525 vaccis
811 4470 1119 4541 populorum
1141 4473 1186 4526 ’.
1221 4468 1319 4524 Hic
1352 4484 1517 4541 porro
1547 4470 1799 4539 populos,
1835 4482 1966 4523 vac-

2091 1970 2341 2038 νοῦντες
2369 1972 2477 2038 τὰς
2507 1972 2773 2041 κεφαλὰς
2806 1971 3004 2027 αὐτῶν
3033 1971 3132 2025 καὶ
3173 1970 3454 2041 λέγοντες
3472 1987 3485 2001 ’
3517 1970 3659 2035 Οὐὰ,

2091 2066 2125 2116 ὁ
2150 2063 2462 2117 καταλύων
2491 2063 2597 2117 τόν
2613 2063 2783 2129 ναὸν,
2808 2063 2905 2117 καὶ
2930 2062 2999 2116 ἐν
3016 2061 3216 2130 τρισὶν
3241 2060 3487 2131 ἡμέραις
3507 2063 3662 2115 οἱκο-

2088 2152 2285 2223 δομῶν
2308 2154 2493 2207 αὐτόν
2511 2169 2524 2183 ’
2549 2151 2755 2208 σῶσον
2777 2153 3010 2208 ἑαυτόν.
3026 2154 3096 2209 Ei
3128 2150 3258 2216 Υἱὸς
3281 2148 3341 2207 εἷ
3359 2152 3464 2206 τοῦ
3489 2150 3658 2214 Θεοῦ,

2088 2242 2370 2313 κατάϐηθι
2409 2242 2528 2298 νῦν
2566 2243 2686 2299 ἀπὸ
2728 2244 2835 2299 τοῦ
2877 2242 3416 2313 σταυροῦ.⁹ομοιως
3456 2242 3558 2297 καὶ
3603 2246 3659 2297 οι

2086 2334 2376 2405 ἀρχιερεῖς
2404 2332 2707 2401 παίζοντες
2725 2332 2876 2404 μετὰ
2905 2332 3022 2388 τῶν
3041 2332 3374 2402 Φαρισαίων
3410 2330 3512 2386 καὶ
3540 2327 3660 2384 τῶν

2087 2426 2468 2498 ’γραμματέων
2485 2426 2731 2497 ἐλεγονο
2771 2427 3025 2492 Ἄλλους
3045 2425 3299 2487 ἔσωσεν,
3331 2423 3549 2478 ἑαυτὸν
3586 2423 3658 2476 οὐ

2084 2520 2332 2575 δύναται
2361 2517 2574 2576 σῶσαι.
2600 2521 2672 2574 El
2694 2518 2991 2585 ,ϐασιλεὺς
3024 2516 3261 2586 Ἰσραήλ
3293 2515 3442 2581 ἐστι,
3475 2528 3671 2569 κατα-·

2085 2613 2237 2667 ϐἀτω
2260 2612 2377 2668 νῦν
2398 2611 2515 2669 ἀπὸ
2545 2611 2651 2667 τοῦ
2680 2609 2965 2680 σταυροῦ,
2989 2610 3087 2664 καὶ
3120 2610 3525 2678 πιστεύσομεν
3544 2608 3657 2661 αὺ-

2083 2703 2181 2771 τῷ.
2206 2705 2497 2761 Πέποιθεν
2534 2704 2631 2758 ἐπὶ
2672 2702 2753 2770 τῷ
2786 2701 2927 2770 Θεῷ,
2946 2701 3237 2771 ῥυσάσθω
3255 2701 3461 2766 αὐτὸν,
3486 2702 3540 2755 sl
3558 2699 3655 2756 θέ-

2081 2800 2174 2853 λει
2201 2799 2416 2853 αὐτόν’
2447 2793 2575 2852 εἶπε
2596 2795 2725 2868 γὰρ,
2757 2794 2846 2849 ὅτι
2869 2793 2976 2849 τοῦ
3012 2793 3157 2849 Θεοῦ
3189 2795 3304 2866 ειμι
3337 2796 3369 2848 ό
3410 2794 3565 2860 Υἱός.

2154 2911 2275 2965 Ὀτι
2299 2910 2381 2966 σὺ
2405 2906 2512 2966 sib
2533 2909 2850 2974 ἐκσπάσας
2884 2925 2961 2979 με
2994 2907 3063 2962 ἐκ
3089 2905 3367 2979 γαστρὸς,
3398 2906 3437 2977 ἡ
3476 2904 3657 2972 ἐλπίς

2077 3019 2194 3073 μου
2215 3002 2332 3058 ἀπὸ
2350 3002 2598 3074 μαστῶν
2624 3002 2733 3072 τῆς
2751 3002 2975 3073 μητρός
2992 3018 3127 3071 μου.
3146 3000 3268 3054 Ἐπὶ
3302 2998 3376 3055 σὲ
3403 2999 3656 3068 septem-

2078 3093 2149 3149 ἐκ
2170 3094 2420 3165 μήτρας,
2448 3096 2517 3151 ἑκ
2532 3092 2763 3161 κοιλίας
2783 3095 3009 3164 μητρός
3023 3110 3140 3163 μου
3168 3091 3312 3158 Θεός
3325 3109 3445 3162 μου
3469 3086 3530 3145 εἷ
3545 3089 3653 3156 σὺ,

2074 3187 2161 3257 μὴ
2190 3186 2466 3257 ἀποστῇς
2489 3187 2589 3243 ἀπ’
2610 3186 2777 3257 ἐμοῦ.
2812 3185 3164 3259 Παρίστησιν,
3187 3183 3351 3237 ὅτιού
3379 3181 3521 3236 κατὰ
3549 3181 3655 3252 φύ-

2082 3297 2187 3345 σιν,
2220 3278 2342 3333 οὐδὲ
2366 3280 2565 3351 ὁμοίως
2590 3282 2703 3345 τοῖς
2724 3277 2927 3341 λοιποῖς
2956 3277 3157 3331 ἅπασιν
3182 3275 3507 3350 ἀνθρώποις,
3527 3275 3653 3330 οὐδὲ

2077 3374 2189 3437 τοῖς
2222 3373 2427 3436 λοιποῖς
2452 3370 2611 3437 ζώοις
2642 3369 3055 3444 παραπλησίως,
3086 3372 3196 3433 τοῖς
3222 3366 3282 3433 ἐξ
3304 3369 3530 3441 ἄρρενος
3554 3371 3652 3424 καὶ

2076 3461 2313 3535 θηλείας,
2349 3462 2754 3534 συνιστάμενος,
2781 3463 2876 3517 καὶ
2918 3460 2988 3516 τὰ
3033 3461 3130 3532 τῆς
3176 3458 3336 3515 αὐτοῦ
3382 3459 3652 3529 γενέσεως

2078 3552 2438 3607 συνετελεῖτω
2482 3548 2609 3635 εἶχε.
2634 3553 2691 3606 δέ
2726 3570 2780 3607 τι
2818 3552 2986 3607 πλείω
3027 3550 3178 3623 παρὰ
3203 3552 3299 3623 τὴν
3330 3550 3515 3624 κοινὴν
3549 3549 3649 3622 φύ-

2076 3663 2180 3701 σιν.

2144 3737 2265 3791 Ὅτι
2295 3737 2499 3807 θλίψις
2524 3737 2723 3809 ἐγγὺς,
2754 3736 2842 3791 ὅτι
2868 3740 2979 3807 οὐκ
3007 3735 3181 3790 ἐστιν
3199 3737 3232 3790 ό
3253 3732 3513 3803 βοηθῶν.
3541 3736 3646 3788 Πε-

2065 3828 2482 3897 ριεκύκλωσάν
2504 3846 2582 3900 με
2598 3830 2819 3900 μόσχοι
2839 3828 3074 3895 πολλοὶ,
3098 3826 3299 3897 ταῦροι
3315 3827 3523 3893 πίονες
3541 3838 3645 3880 πε-

2064 3923 2315 3992 ριέσχον
2353 3939 2450 3992 με.
2484 3923 2597 3977 Οὐκ
2644 3920 2710 3977 ἂν
2747 3923 3011 3994 ἁμάρτοις
3061 3921 3186 3984 τοὺς
3236 3918 3503 3991 ἄρχοντας
3548 3915 3644 3970 τοῦ

2083 4012 2350 4070 Ἰουδαίων
2369 4013 2554 4078 ἔθνους
2574 4012 2805 4085 ταύρους
2828 4011 3033 4077 πίονας,
3054 4009 3342 4082 ἀρχιερέας
3363 4008 3456 4063 καὶ
3473 4024 3648 4080 γραμ-

2073 4104 2262 4175 ματεῖς
2290 4102 2384 4157 καὶ
2419 4101 2836 4174 πρεσϐυτέρους,
2865 4099 2952 4154 διὰ
2991 4098 3194 4153 τούτων
3221 4096 3509 4169 δηλοῦσθαι
3535 4096 3643 4167 φή-

2071 4208 2189 4256 σας.
2204 4192 2491 4264 Μέμνηται
2518 4191 2576 4245 δὲ
2602 4190 2779 4246 αὐτῶν
2806 4190 2835 4242 ό
2860 4189 3016 4259 λόγος
3043 4189 3100 4242 ὲν
3126 4185 3402 4259 ἑξηκοστῷ
3426 4185 3643 4259 ἑϐδόμῳ

2068 4284 2265 4358 ψαλμῷ
2297 4285 2468 4355 λέγων
2487 4302 2501 4315 ’
2549 4284 2932 4355 Ἐπιτίμησον
2952 4284 3077 4350 τοῖς
3096 4282 3321 4351 θηρίοις
3339 4278 3444 4335 τοῦ
3466 4277 3645 4334 καλά-

2060 4395 2182 4448 μου
2200 4394 2215 4408 ο
2254 4378 2293 4447 ἡ
2334 4376 2654 4448 συναγωγὴ
2694 4375 2813 4430 τῶν
2848 4375 3079 4444 ταύρων
3105 4374 3176 4430 ἐν
3196 4373 3325 4440 ταῖς
3345 4368 3643 4441 δαμάλεσι

2068 4469 2186 4525 τῶν
2231 4468 2573 4527 λαῶν.Ἀλλ’
2604 4467 2836 4524 ἐνταῦθα
2887 4468 3010 4531 τοὺς
3039 4467 3136 4539 μὲν
3179 4465 3341 4528 λαοὺς
3380 4462 3642 4535 δαμάλεις

398 4579 515 4629 cas,
556 4564 740 4634 populi
785 4563 970 4628 duces,
1022 4572 1207 4618 tauros
1239 4561 1594 4633 nuncupavit.
1624 4560 1682 4616 ln
1710 4559 1963 4631 prazsenti

2083 4560 2335 4632 ὒνόμασε,
2369 4561 2494 4624 τοὺς
2521 4559 2579 4613 δὲ
2608 4557 2715 4612 τῶν
2737 4556 2880 4611 λαῶν
2902 4554 3236 4627 ἡγουμένους
3257 4551 3510 4624 ταύρους.
3528 4549 3640 4602 Καὶ

400 4656 528 4710 item
550 4656 783 4726 psalmo,
811 4655 958 4711 illius
988 4656 1129 4721 loco,
1166 4652 1635 4709 Circumdederunt
1678 4670 1758 4708 me
1807 4654 1960 4709 vituli

2083 4670 2123 4709 LV
2149 4652 2226 4724 τῷ
2262 4651 2485 4723 παρόντι
2510 4650 2566 4704 δὲ
2595 4647 2814 4721 ψαλμῷ,
2841 4648 2961 4702 ἀντὶ
2984 4644 3076 4700 τοῦ
3097 4662 3110 4676 α
3146 4637 3642 4714 Περιεκύκλωσάν

398 4746 573 4811 multi,
608 4746 971 4818 Symmachus
1000 4747 1080 4802 sic
1112 4746 1296 4814 habet,
1324 4729 1716 4800 Jitvenci’tauri
1745 4747 1963 4819 pingues

398 4841 651 4911 saginati,
685 4839 1025 4909 circumplexi
1059 4847 1182 4893 sunt
1216 4855 1316 4904 me,
1362 4839 1560 4909 inquit,
1594 4849 1644 4893 et
1673 4839 1965 4894 circumde-

396 4931 587 4987 derws‘.
617 4948 730 4997 me;
763 4932 1062 4987 secundum
1096 4931 1346 5002 Aquilam
1380 4947 1531 5001 vero,
1578 4931 1825 4987 Potentes
1853 4932 1965 4986 Ba-

397 5041 497 5079 san
530 5024 586 5078 in
617 5025 971 5094 spectaculum
1006 5026 1354 5080 traduxerunt
1404 5041 1516 5090 me;
1561 5026 1718 5097 queis
1769 5024 1964 5079 adum-

396 5117 590 5172 bratur
638 5118 891 5175 militaris
923 5118 1081 5174 Pilati
1123 5135 1340 5184 manus,
1391 5117 1571 5175 Basan
1621 5125 1957 5190 nuncupata,

395 5224 521 5280 quas
565 5224 827 5265 coronam
890 5212 1135 5284 spineam
1188 5213 1592 5284 complicatam,
1637 5210 1961 5267 diadematis

396 5302 541 5366 loco,
577 5300 744 5371 capiti
765 5301 885 5372 ejus
916 5303 1195 5373 imposuit.
1228 5303 1556 5373 Aperuerunt
1584 5317 1739 5371 super
1761 5318 1879 5357 eum
1903 5317 1961 5356 os

396 5410 572 5460 suum,
604 5394 740 5448 sicut
772 5394 850 5447 leo
878 5396 1086 5463 rapiens
1101 5405 1150 5451 et
1182 5397 1414 5467 rugiens,
1444 5395 1763 5458 clamantes,
1789 5393 1957 5459 Tolle,

396 5484 544 5550 tolle,
569 5486 815 5556 cruciﬁge
834 5501 951 5539 eum
976 5487 1038 5542 “.
1068 5486 1297 5560 Sanguis
1328 5487 1440 5557 ejus
1470 5502 1627 5556 super
1656 5502 1749 5541 nos
1787 5494 1837 5541 et
1871 5502 1963 5541 su-

2061 4765 2138 4819 με
2166 4749 2387 4816 μόσχοι
2425 4745 2664 4809 πολλοὶ,
2696 4744 2725 4796 ό
2765 4740 2991 4805 Ἀκύλας
3024 4739 3119 4812 (1)·
3149 4736 3470 4809 Δαμάλαιοι
3500 4733 3640 4789 ταῦ-

2061 4856 2158 4908 ροι
2185 4839 2388 4903 πίονες
2410 4840 2462 4891 οὶ
2486 4836 2741 4891 σιτιστοὶ
2767 4832 3089 4904 περιέσχον
3112 4848 3208 4901 με,
3236 4829 3389 4900 φησὶ,
3410 4826 3512 4881 καὶ
3538 4842 3640 4881 πε-

2060 4931 2545 5002 ριεστοιχίσαντό
2559 4947 2634 5000 με
2650 4948 2665 4961 ο
2690 4928 2831 4983 κατὰ
2850 4927 2905 4981 δὲ
2927 4927 3018 4981 τὸν
3052 4924 3279 4979 Ἀκύλαν
3298 4939 3314 4955 ο
3339 4919 3640 4975 Δυνάσται

2070 5024 2278 5082 Βασὰν
2305 5021 2851 5093 διεδειγματισαντό
2866 5037 2964 5090 με,
2987 5018 3219 5092 εἴρηται,
3246 5013 3340 5069 τού
3365 5013 3523 5082 λόγου
3551 5014 3639 5068 αἰ-

2067 5117 2376 5189 νιττομένου
2412 5117 2509 5189 τὴν
2547 5114 2640 5169 τοῦ
2680 5112 2912 5168 Πιλάτου
2944 5106 3335 5185 στρατιωτικὴν
3365 5103 3537 5170 τάξιν,
3571 5102 3637 5175 ἦν

2067 5209 2244 5266 Βασὰν
2273 5210 2572 5282 ὠνόμασεν,
2603 5208 2651 5262 οἳ
2690 5207 2948 5277 στέφανον
2970 5203 3029 5270 ἐξ
3052 5201 3300 5258 ἀκανθῶν
3326 5190 3632 5266 πλέξαντες.

2066 5303 2187 5358 ἀντὶ
2203 5301 2529 5375 διαδήματος
2562 5300 2837 5373 ἐπέθηκαν
2868 5298 3034 5370 αὐτῷ.
3063 5293 3395 5359 Ἠνοίξαντ’
3415 5291 3509 5345 ἐπ’
3529 5291 3637 5344 αὺ-

2062 5395 2144 5461 τῷ
2173 5394 2239 5449 τὸ
2273 5395 2465 5465 στόμα
2486 5391 2706 5459 αὐτῶν,
2729 5393 2810 5461 ὡς
2836 5392 2993 5449 λέων
3026 5387 3297 5460 ἁρπάζων
3331 5383 3429 5439 καὶ
3451 5381 3633 5453 ὠρυό-

2059 5501 2262 5555 μενος,
2285 5486 2547 5551 βοῶντες
2561 5501 2575 5515 ·
2598 5482 2755 5555 Αἶρε,
2780 5480 2931 5555 αἶρε,
2961 5483 3312 5551 σταύρωσον
3329 5475 3534 5533 αὐτόν.
3564 5472 3633 5530 Τὸ

465 5646 487 5678 ⁷
527 5643 716 5699 Matth.
751 5660 935 5709 xxvu,
968 5646 1154 5705 εἶθ-42.
1230 5647 1252 5679 ⁸
1290 5646 1423 5702 ibid.
1456 5645 1643 5701 ιο-ιδ.
1717 5648 1739 5678 ⁹
1778 5643 1926 5702 Psal.
1962 5658 1978 5699 l

2083 5659 2142 5708 ι,
2176 5645 2268 5700 ⁸51.
2347 5645 2391 5676 ⁸⁸
2428 5643 2587 5699 Joan.
2624 5660 2755 5708 ιιι,
2791 5643 2876 5698 l5.

461 5799 542 5875 (i)
576 5799 716 5873 Lege
746 5804 1080 5874 Σύμμαχος.
