3940 6292
321 319 431 377 9.09

1457 321 1962 382 COMMENTARIA
2001 321 2070 378 1N
2109 323 2440 384 PSALMOS.

3463 329 3568 383 9.10

323 431 470 506 αἷμα
521 439 712 494 αὐτοῦ
761 439 854 510 ἐρ’
884 439 1040 510 ἡμᾶς
1083 440 1178 494 καὶ
1225 440 1322 494 ἐπὶ
1375 439 1446 494 τὰ
1489 438 1670 494 τέκνα
1721 437 1906 508 ἡμῶν.

2021 459 2102 504 per
2135 443 2324 498 liberos
2351 451 2558 496 nostros
2581 441 2641 493 “.
2665 439 2857 510 Aquila
2889 455 3038 502 vero,
3065 441 3214 494 Sicut
3247 439 3344 502 leo,
3371 439 3567 508 inquit,

343 527 574 592 ’Δκύλας
619 529 704 583 δέ’
751 531 846 597 Ὡς
875 531 1050 600 λέων,
1085 533 1269 603 φησὶν,
1313 531 1586 585 ἀλίονκων
1625 531 1722 583 καὶ
1761 531 1910 597 βρυ-

333 617 600 688 χώμενος
619 637 636 652 ο
671 621 812 674 κατὰ
825 621 882 674 δὲ
902 622 992 675 τὸν
1012 622 1305 694 Σύμμαχον
1321 638 1333 652 ·
1365 622 1458 686 Ὡς
1475 619 1630 674 λέων
1649 621 1912 688 θηρεύων

323 709 734 780 βρυχώμενος.
762 713 826 766 Ol.
851 713 960 784 γὰρ
985 713 1213 784 αἵματος
1234 711 1513 782 διψῶντες,
1539 712 1764 774 καὶτοῖς
1789 714 1910 766 ἐαυ-

331 803 438 856 τῶν
467 803 680 866 τέκνοις
715 803 1084 875 ἐπισπώμενοι
1111 806 1168 858 τὸ
1189 804 1282 858 τοῦ
1311 803 1560 877 Σωτῆρος
1594 799 1752 876 αἷμα,
1781 804 1909 874 βρυ-

332 893 580 966 χωμένου
607 895 820 958 λέοντος
849 896 1002 950 οὐδὲν
1033 895 1298 968 διέφερον.

403 985 526 1037 ’Ότι
571 983 927 1038 ἑκύκλωσὰν
970 1003 1046 1055 με
1089 987 1270 1054 κύνες
1314 987 1554 1050 πολλοὶ,
1591 983 1908 1055 συναγωγὴ

330 1073 827 1142 πονηρευομένων
847 1075 1167 1143 περιέσχον
1187 1093 1284 1146 με.
1307 1077 1458 1130 Μετὰ
1479 1077 1603 1139 τοὺς
1631 1076 1910 1139 Ἰουδαίους

329 1165 440 1218 τῶν
481 1164 540 1230 ἐξ
583 1165 751 1218 ἐθνῶν
785 1166 1113 1238 μνημονεύει
1163 1167 1526 1238 στρατιωτῶν.
1557 1166 1778 1230 Τούτοις
1804 1168 1910 1239 γάρ

331 1254 530 1308 ἐκεῖνοι
583 1256 904 1326 παρέδοσαν.
938 1257 1030 1308 Διὸ
1075 1257 1168 1310 καὶ
1213 1257 1311 1327 τὴν
1362 1256 1514 1322 τάξιν
1549 1257 1912 1328 ἡπροφητεία

335 1345 438 1400 τῶν
487 1348 826 1418 πραγμάτων
876 1346 1156 1417 ἐφύλαξεν.
1192 1349 1430 1414 Εἰκότως
1456 1350 1512 1402 δὲ
1541 1349 1773 1420 ταύρους
1813 1349 1910 1420 μὲν

337 1439 600 1503 ἐκείνους,
631 1439 794 1503 κύνας
821 1441 880 1493 δὲ
901 1441 1124 1505 τούτους
1141 1441 1450 1512 ὠνόμασεν
1477 1443 1526 1495 οἱ
1551 1443 1648 1512 μὲν
1676 1441 1782 1512 γὰρ
1808 1441 1911 1494 ὑπὸ

331 1528 422 1582 τὸν
465 1527 560 1582 τοῦ
599 1530 763 1600 νόμου
793 1525 932 1602 ἦσαν
965 1531 1158 1600 ζυγὸν,
1189 1534 1238 1584 εί
1272 1534 1367 1586 καὶ
1393 1531 1682 1604 προφανῶς
1709 1533 1798 1586 τὸν
1823 1532 1910 1584 νό-

333 1637 432 1692 μον
483 1620 810 1692 παρέϐαινον
831 1639 843 1651 ·
883 1623 931 1674 οἱ
967 1623 1024 1676 δὲ
1063 1622 1204 1676 κατὰ
1230 1623 1393 1694 νόμον
1419 1619 1560 1695 ἦσαν
1591 1623 1907 1694 ἀκάθαρτοι.

332 1709 490 1764 υῦτω
511 1711 568 1764 δὲ
604 1711 696 1766 καὶ
723 1713 750 1764 ὁ
783 1712 984 1785 Κύριος
1015 1715 1113 1784 τὴν
1143 1713 1452 1768 Χαναναίαν
1481 1714 1912 1785 ὼνόμασεν.οὺκ

2009 537 2216 604 capiens
2269 545 2320 590 et
2365 535 2606 604 rugiens;
2667 531 3047 602 Symmachus,
3094 531 3242 586 Sicut
3273 531 3350 586 leo
3379 547 3570 586 uenam

2011 629 2336 698 rugieusque.
2363 626 2499 680 Nam
2528 626 2620 695 qui
2657 622 2980 694 sanguinem
3009 623 3284 686 sitiebant,
3335 637 3574 693 suosque

2010 722 2215 776 liberos
2251 719 2554 774 Salvatoris
2591 717 2856 787 sanguine
2881 731 3007 770 reos
3035 731 3154 770 esse
3183 715 3574 788 procurabant,

2009 827 2040 867 a
2061 813 2216 868 leone
2241 812 2486 884 rugiente
2517 809 2653 864 nihil
2682 806 3022 864 diﬂ‘erebant.

2081 986 2248 1042 Vens.
2295 985 2485 1041 17-19.
2540 985 2804 1052 Quoniam
2859 983 3314 1038 circumdederunt
3359 1001 3440 1038 me
3485 1001 3577 1038 ca-

2011 1097 2098 1132 nes
2151 1079 2326 1138 multi.
2395 1079 2674 1132 concilium
2749 1077 3154 1146 malignantium
3216 1075 3418 1130 obsedit
3471 1093 3573 1130 me.

2007 1169 2140 1226 Post
2177 1169 2415 1226 Judaaos.
2445 1169 2728 1240 gentilium
2766 1168 2968 1224 milites
3003 1177 3414 1224 commemorat.
3441 1167 3578 1238 Ipsis

2009 1261 2154 1318 enim
2207 1259 2380 1316 Iudaei
2431 1259 2712 1316 Christum
2759 1259 3122 1314 tradiderunt.
3165 1257 3347 1324 Quare
3393 1275 3576 1314 rerum

2011 1354 2258 1410 ordinem
2315 1351 2597 1421 prophetia
2651 1353 2908 1406 servavit.
2981 1349 3114 1406 Jure
3163 1359 3344 1406 autem
3389 1359 3579 1407 tauros

2011 1446 2156 1510 illos,
2189 1443 2354 1500 hosce
2397 1458 2564 1498 canes
2610 1444 2860 1508 vocavit;
2895 1444 2970 1497 illi
3021 1459 3256 1512 namque
3299 1444 3400 1498 sub
3447 1445 3580 1514 jugo

2013 1540 2146 1611 legis
2173 1548 2352 1606 erant,
2397 1537 2613 1594 etiamsi
2663 1535 2952 1592 manifeste
3004 1538 3176 1606 legem
3232 1538 3578 1608 transgrede-

2011 1641 2236 1700 rentur;
2269 1632 2324 1686 hi
2355 1646 2486 1686 vero
2513 1629 2817 1686 secundum
2845 1631 3014 1701 legem
3045 1630 3245 1699 impuri
3275 1639 3450 1686 erant.
3489 1629 3580 1684 Sic

2012 1725 2129 1795 ipse
2183 1723 2446 1778 Dominus
2489 1721 2854 1777 Chananaaam
2897 1722 3208 1791 appellavit.
3285 1720 3412 1776 Non
3462 1723 3578 1776 licet

327 1803 458 1858 ἔστι
491 1803 622 1872 γὰρ,
653 1805 1025 1874 φησὶ,λαϐεἷν
1053 1805 1161 1860 τὸν
1187 1805 1368 1874 ἄρτον
1397 1805 1514 1860 τῶν
1541 1807 1786 1872 τέκνων,
1813 1807 1912 1862 καὶ

2021 1819 2168 1879 enim,
2201 1817 2398 1885 inquit,
2427 1815 2663 1884 accipere
2684 1831 2874 1884 panem
2899 1813 3154 1882 ﬁliorum,
3189 1823 3240 1868 et
3277 1814 3405 1868 dare
3434 1816 3583 1872 cani-

327 1895 540 1948 δοῦναι
570 1896 694 1962 τοῖς
723 1897 1049 1964 κυναρίοις.
1069 1896 1206 1950 Ἀλλ’
1231 1899 1377 1969 ὅμως
1409 1899 1545 1970 μετὰ
1580 1899 1639 1951 τὺ
1673 1897 1840 1962 πάθος
1861 1900 1910 1951 οἱ

331 1984 697 2050 πάλαι⁶κύνες
728 1987 814 2041 διὰ
839 1987 938 2058 τῆς
963 1989 1198 2053 πίστεως
1220 1992 1300 2054 εἰς
1327 1992 1424 2060 τὴν
1453 1991 1585 2044 υἱῶν
1616 1990 1913 2062 μεταϐεϐή-

329 2094 456 2130 κασι
479 2077 667 2142 τάξιν·
703 2082 749 2132 οἱ
777 2079 832 2132 δὲ
861 2080 1026 2132 πάλαι
1059 2079 1157 2151 τὴν
1187 2080 1295 2134 τῶν
1326 2079 1456 2134 υἱῶν
1483 2081 1778 2152 ἐσχηκότες
1810 2099 1910 2152 κη-

325 2167 606 2238 δεμονίαν,
635 2167 731 2240 τὴν
777 2169 956 2222 κυνῶν
1007 2170 1373 2242 προσηγορίαν
1413 2169 1679 2235 ἐδέξαντο,
1710 2171 1803 2224 άτε
1847 2170 1911 2236 δὴ

327 2259 508 2314 κυνῶν
555 2261 714 2332 δίκην
763 2260 904 2314 κατὰ
937 2261 1028 2314 τοῦ
1061 2263 1329 2315 Δεσπότου
1363 2261 1742 2332 λυττήσαντες.
1779 2263 1914 2334 Περὶ

325 2351 533 2406 τούτων
553 2354 582 2404 ὁ
607 2351 875 2424 μακάριος
905 2353 1116 2416 Παῦλος
1152 2352 1280 2424 βοᾷ·
1312 2353 1507 2406 Βλέπε
1537 2352 1680 2419 τοὺς
1703 2355 1907 2418 κύνας·

325 2445 590 2510 ,βλέπετε
623 2444 766 2510 τοὺς
797 2445 1022 2511 κακοὺς
1053 2444 1302 2516 ἐργάτας
1321 2461 1334 2475 ·
1379 2443 1640 2509 ,ϐλέπετε
1673 2445 1788 2513 τὴν
1813 2461 1914 2498 κα-

333 2535 614 2605 τατομήν.
636 2537 694 2589 ’Θ
727 2537 910 2607 μέντοι
955 2537 1288 2608 προφητικὸς
1326 2537 1482 2606 λόγος
1540 2538 1710 2602 κύνας
1749 2555 1914 2610 προσ-

335 2627 636 2698 αγορεύσας
669 2627 772 2698 ἔφη
792 2643 806 2656 ⁸
849 2627 1170 2696 Συναγωγὴ
1215 2627 1706 2697 πονηρευομένων
1751 2645 1911 2697 περι·-

331 2719 628 2788 έσκονμε·
655 2717 896 2787 ὤρυξαν
915 2719 1118 2788 χεῖράς
1137 2737 1256 2788 μου
1288 2721 1384 2774 καὶ
1413 2721 1600 2786 πόδας
1616 2739 1756 2790 μου,
1777 2721 1914 2790 ἐξηο

321 2813 632 2882 ρίθμησαν
665 2813 861 2867 πάντα
895 2813 966 2867 τὰ
1000 2812 1149 2868 ὀστᾶ
1173 2831 1309 2883 μου.
1340 2815 1449 2866 Καὶ
1477 2813 1635 2867 τοῦτο
1671 2815 1728 2868 δὲ
1757 2814 1913 2888 δῆλόν

329 2907 442 2958 ἐστι
476 2905 574 2958 καὶ
604 2905 774 2973 σαφὲς
797 2905 1022 2967 καὶτοῖς
1049 2903 1168 2958 λίαν
1197 2904 1618 2974 φιλονεικοῦσιν·
1647 2905 1914 2978 ἀκούομεν

327 2996 436 3068 γὰρ
461 3000 521 3050 ἐν
542 3001 656 3060 τοῖς
680 2999 843 3067 ἱεροῖς
867 2996 1218 3065 Εὐαγγελίοις
1249 2996 1414 3049 αὐτοῦ
1435 2996 1527 3050 τοῦ
1553 2998 1756 3067 Κυρίου
1779 2997 1915 3070 πρὸς

329 3089 456 3150 τοὺς
484 3087 676 3154 ἁγίους
715 3085 878 3139 αὑτοῦ
917 3085 1164 3154 λέγοντος
1199 3085 1478 3157 μαθητάς·
1509 3087 1771 3141 Βλέπετε
1809 3089 1916 3154 τὰς

2013 1909 2108 1962 bus
2145 1910 2208 1963 ¹².
2253 1908 2504 1962 Attamen
2557 1914 2678 1976 post
2735 1907 3066 1976 passionem,
3098 1909 3190 1974 qui
3243 1906 3372 1960 olim
3413 1919 3580 1960 canes

2015 2001 2248 2064 fuerant,
2273 2015 2370 2070 per
2395 1985 2554 2054 Iidem
2585 1999 2642 2052 in
2667 1997 2902 2054 ﬁliorum
2928 1997 3296 2052 conditionem
3327 1997 3578 2052 translati

2013 2100 2180 2148 sunt:
2214 2106 2278 2146 ac
2299 2090 2393 2160 qui
2423 2091 2552 2144 olim
2601 2088 2836 2144 ﬁliorum
2878 2090 2998 2144 loco
3037 2087 3210 2159 probe
3249 2088 3434 2142 educti
3465 2087 3582 2141 fue-

2011 2190 2155 2248 rant,
2181 2197 2380 2236 canum
2405 2195 2602 2236 nomen
2635 2180 2816 2250 adepti
2854 2190 3001 2244 sunt,
3031 2187 3218 2249 utpote
3238 2179 3354 2250 qui,
3383 2191 3578 2232 canum

2015 2277 2207 2340 instar,
2241 2282 2450 2349 contra,
2472 2273 2762 2328 Dominum
2813 2272 2994 2327 rabidi
3037 2271 3262 2327 fuerint.
3299 2269 3377 2324 De
3409 2270 3476 2324 iis
3506 2269 3580 2322 ita

2013 2365 2214 2422 clamat
2236 2365 2476 2419 Paulus:
2519 2363 2647 2418 l’ide
2680 2379 2855 2426 canes,
2889 2361 3056 2416 videte
3083 2361 3251 2416 malos
3291 2359 3580 2428 operarios,

2015 2457 2179 2511 videte
2230 2456 2584 2510 concisionem
2623 2454 2688 2508 η.
2734 2452 3096 2522 Propheticus
3156 2453 3341 2521 itaque
3401 2463 3584 2504 sermo

2014 2557 2302 2621 postquam
2324 2561 2490 2603 canes
2511 2547 2746 2612 vocavit,
2775 2546 2850 2599 ita
2881 2546 3142 2614 loquitur,
3163 2542 3444 2614 Synagoga
3469 2557 3582 2596 ma-

2015 2641 2332 2713 lignantium
2385 2639 2586 2694 obsedit
2634 2655 2756 2692 me:
2815 2637 3061 2706 foderunt
3117 2651 3304 2689 uianus
3348 2651 3492 2716 uaeas
3532 2643 3584 2688 et

2014 2735 2168 2802 pedes
2199 2749 2362 2797 meos,
2391 2733 2852 2786 dinumeraverunt
2881 2731 3061 2783 omnia
3097 2745 3220 2783 ossa
3257 2745 3391 2783 mea.
3427 2727 3584 2792 Quoi

2015 2824 2238 2906 quidem
2277 2824 2486 2877 clarum
2538 2829 2592 2877 et
2647 2829 2896 2892 apertum
2929 2819 3017 2874 vel
3063 2818 3590 2874 contentiosioribus

2017 2915 2202 2972 fuerit.
2229 2915 2362 2968 Nam
2413 2915 2468 2968 in
2519 2913 2694 2969 sacris
2739 2912 3048 2982 Evangeliis
3083 2911 3258 2980 ipsum
3292 2909 3588 2964 Dominum

2017 3009 2272 3064 audimus
2305 3015 2527 3063 sanctos
2557 3005 2858 3075 discipulos
2894 3018 3026 3058 suos
3068 3003 3149 3059 sic
3181 3003 3582 3073 alloquentem:

2027 3101 2207 3158 Videte
2251 3117 2438 3155 manus
2487 3116 2631 3153 meas
2663 3109 2710 3151 et
2745 3098 2896 3166 pedes
2931 3113 3106 3161 meos,
3150 3097 3276 3166 quia
3327 3111 3418 3165 ego
3477 3095 3586 3163 ipse

329 3176 534 3248 χεῖράς
569 3195 711 3248 μου,
740 3177 840 3231 καὶ
867 3177 1008 3242 τοὺς
1034 3177 1242 3244 πόδας,
1274 3177 1362 3230 ὅτι
1391 3178 1575 3244 αὐτὸς
1617 3177 1732 3248 ἐγώ
1773 3181 1910 3248 εἰμι.

2021 3211 2134 3249 sum
2165 3194 2230 3245 “.
2268 3192 2484 3246 Atcnim
2519 3190 2622 3260 ipsi
2676 3189 2898 3242 Thema:
2927 3189 3204 3242 clavorum
3237 3186 3466 3256 vestigia
3495 3203 3583 3240 os-

333 3269 442 3320 Καὶ
479 3267 663 3339 μέντοι
685 3268 780 3321 καὶ
809 3267 886 3333 τῷ
910 3266 1078 3337 Θωμᾷ
1098 3265 1205 3318 τῶν
1231 3267 1374 3337 ἦλων
1396 3269 1520 3328 τοὺς
1557 3267 1761 3331 τύπους
1805 3269 1910 3321 ὑπ-

334 3357 522 3425 έδειξε,
559 3359 652 3412 καὶ
683 3357 782 3428 τὴν
814 3357 919 3410 ἀπὸ
945 3357 1039 3428 τῆς
1059 3357 1256 3428 λόγχης
1281 3358 1515 3429 πληγήν·
1545 3358 1664 3411 τότε
1696 3358 1751 3412 δὲ
1781 3357 1916 3426 ἑξη-

327 3451 638 3519 ρὶθμησαν
674 3445 870 3501 πάντα
911 3447 984 3501 τὰ
1032 3447 1184 3500 ὀστᾶ.
1223 3466 1342 3517 μου
1367 3465 1380 3478 °
1434 3449 1732 3516 τουτέστιν,
1772 3448 1915 3502 οῦτω

335 3539 595 3596 διέτειναν
625 3537 1044 3611 προσηλοῦντες,
1077 3537 1216 3591 ὥστε
1247 3539 1426 3611 ῥᾴδιον
1453 3535 1590 3592 εἶναι
1623 3539 1701 3610 τῷ
1733 3539 1914 3610 βουλο-

341 3633 484 3704 μένῳ
523 3633 616 3686 καὶ
649 3631 738 3684 τὸν
781 3629 889 3684 τῶν
919 3630 1088 3682 ὀστῶν
1126 3630 1354 3702 ἀριθμὸν
1395 3631 1709 3698 διαγνῶναι.
1737 3630 1914 3684 Αὐτοὶ

339 3724 404 3776 δὲ
427 3725 808 3790 κατενόησαν
833 3721 930 3775 καὶ
955 3719 1194 3776 ἐπεῖδόν
1215 3739 1292 3790 με
1311 3739 1324 3751 ·
1365 3722 1484 3776 ἀντὶ
1525 3722 1618 3774 τοῦ
1649 3722 1913 3775 ἐπιτωθά-

341 3816 523 3880 ζοντες
573 3816 670 3870 καὶ
719 3814 1016 3888 γελῶντες·
1061 3813 1409 3883 Διεμέρισαν
1459 3813 1530 3868 τὰ
1573 3812 1770 3884 ἱμάτιά
1796 3832 1916 3883 μου

340 3907 591 3974 ἑαυτοῖς,
619 3907 718 3962 καὶ
761 3907 862 3962 ἐπὶ
907 3908 1014 3961 τὸν
1049 3907 1368 3976 ἱματισμὸν
1403 3903 1625 3960 ἕϐὰ..ἱον
1666 3907 1914 3974 κλῆρον·

343 4000 433 4052 καὶ
479 3999 638 4053 τοῦτο
685 3999 740 4053 δὲ
792 3998 1119 4071 σαφέστερον
1157 4000 1192 4070 ἡ
1232 3997 1338 4051 τῶν
1387 3996 1549 4068 ἱερῶν
1577 3997 1918 4066 Εὐαγγελίων

343 4091 552 4162 ἱστορία
579 4091 840 4146 διδάσκει.

411 4187 475 4238 Ol
503 4185 860 4254 φοϐούμενοι
886 4184 990 4237 τὸν
1027 4183 1191 4248 Θεὸν,
1207 4182 1486 4236 αἱνέσατε
1511 4182 1726 4235 αὐτόν·
1759 4179 1920 4235 ἅπαν

341 4274 406 4330 τὸ
449 4276 690 4345 σπέρμα
725 4275 940 4340 Ἰακὼϐ,
963 4275 1260 4340 δοξάσατε
1304 4277 1522 4328 αὐτόν·
1574 4272 1918 4342 95061107510)-

342 4383 459 4423 σαν
497 4368 686 4422 αὑτὸν
723 4367 884 4422 ἅπαν
924 4367 989 4420 τὸ
1021 4365 1262 4436 σπέρμα
1301 4364 1555 4434 Ἰσραήλ.
1586 4361 1692 4418 Τοῦ
1723 4363 1920 4428 παντὸς

355 4463 622 4516 Ἰουδαίων
649 4459 833 4524 ἔθνους
858 4461 937 4524 είς
965 4459 1090 4533 τρία
1119 4461 1373 4530 τάγματα
1400 4457 1748 4530 διῃρημένου,
1774 4457 1922 4527 πρῶ-

2017 3285 2212 3350 tendit,
2272 3299 2488 3340 necnon
2537 3279 2802 3335 inllictum
2849 3296 2878 3334 a
2933 3281 3123 3336 lancea
3163 3280 3382 3332 vulnus.
3432 3275 3587 3330 Tunc

2017 3393 2199 3450 porro,
2217 3376 2676 3432 dinumerarerunt
2705 3374 2880 3427 omnia
2905 3389 3026 3427 ossa
3055 3388 3190 3439 mea,
3212 3369 3486 3430 videlicet,
3511 3367 3586 3420 ita

2014 3471 2401 3534 extenderunt,
2437 3468 2566 3522 dum
2611 3481 2698 3520 me
2730 3467 2900 3520 clavis
2931 3464 3242 3534 aﬂigerent,
3277 3466 3335 3514 ut
3367 3458 3588 3514 cuilibet

2017 3565 2222 3620 volenti
2255 3564 2467 3618 ossium
2525 3574 2814 3614 numerum
2857 3565 3174 3627 computare
3219 3555 3428 3609 liceret.
3475 3550 3588 3620 Ipsi

2017 3673 2134 3710 vero
2168 3653 2632 3710 consideraverunt
2655 3661 2703 3705 et
2728 3652 3064 3718 inspexerunt
3095 3663 3196 3708 me,
3230 3644 3280 3698 id
3311 3653 3416 3710 est,
3459 3643 3588 3696 illu~

2019 3757 2210 3804 serunt
2237 3755 2402 3818 atque
2439 3745 2768 3808 irriserunt;
2798 3742 3090 3794 diviserunt
3133 3737 3234 3792 sibi
3281 3735 3590 3790 uestimenta

2018 3857 2154 3904 τηου,
2185 3850 2235 3892 et
2277 3853 2432 3906 super
2459 3845 2648 3890 vestem
2697 3850 2867 3888 meam
2896 3832 3148 3886 miserunt
3187 3837 3402 3895 sortem,
3441 3827 3587 3897 quod

2019 3930 2263 4000 apertius
2323 3933 2546 3984 enarrat
2605 3939 2888 3982 sacrorum
2953 3919 3366 3991 Evangeliorum
3420 3917 3589 3973 histo-

2020 4039 2122 4076 I'Ia.

2091 4178 2257 4234 Vens.
2282 4177 2374 4243 24,
2402 4175 2494 4231 25.
2520 4174 2624 4242 Qui
2652 4173 2841 4228 timetis
2869 4171 3171 4237 Dominum,
3205 4167 3420 4223 laudate
3443 4182 3592 4222 eum:

2021 4275 2317 4326 universum
2350 4285 2522 4324 semen
2542 4265 2734 4332 Iacob,
2765 4265 3058 4336 gloriﬁcate
3086 4279 3233 4317 cum:
3267 4263 3448 4315 timeat
3475 4275 3598 4312 eum

2023 4384 2172 4422 omne
2200 4381 2372 4421 semen
2421 4361 2614 4416 Israel.
2652 4361 2789 4414 Cum
2834 4357 3147 4412 Judzeorum
3199 4355 3348 4410 natio
3380 4360 3492 4406 tres
3537 4351 3592 4402 in

2023 4458 2245 4514 ordines
2293 4455 2586 4510 distributa
2633 4452 2728 4514 sit,
2779 4451 2956 4520 primo
2999 4448 3208 4504 scilicet
3254 4447 3308 4500 in
3354 4442 3594 4497 inﬁmam

353 4571 430 4608 ιὀν
463 4555 564 4626 μὲν
599 4555 679 4618 εἰς
707 4553 766 4606 τὸ
792 4553 970 4606 κοινὸν
1003 4551 1204 4622 πλῆθος
1238 4550 1329 4604 τοῦ
1386 4549 1592 4614 ἔθνους,
1618 4549 1754 4620 ὅπερ
1794 4549 1915 4602 ὲκα-

2029 4551 2204 4626 gentis
2235 4549 2469 4619 plebem,
2513 4561 2634 4616 qua:
2671 4545 2972 4600 vocabatur
3013 4540 3211 4607 lsrael;
3261 4535 3500 4594 secundo
3537 4535 3592 4586 in

341 4644 485 4698 λεῐτο
539 4641 774 4717 Ἱσραήλ’
809 4642 999 4696 ἔπειτα
1033 4645 1112 4708 είς
1151 4643 1214 4696 τὸ
1245 4639 1534 4714 ἱερατικὸν,
1569 4641 1706 4712 ὅπερ
1741 4635 1808 4711 ἦν
1841 4636 1921 4693 οἷ-

343 4757 434 4804 κος
478 4737 711 4810 Ἀαρὼν,
743 4738 834 4790 καὶ
876 4737 1054 4808 τρίτον
1099 4738 1178 4800 εἰς
1213 4733 1274 4787 τὸ
1299 4733 1408 4788 τῶν
1443 4731 1632 4804 ἱερέων
1665 4733 1923 4804 ὑπηρετι-

345 4831 456 4894 κὸν,
491 4833 632 4902 ὅπερ
657 4825 725 4900 ἦν
748 4826 895 4892 οἶκος
925 4829 1078 4884 Aeni.
1105 4827 1184 4880 Τά
1219 4827 1345 4898 τρία
1371 4824 1920 4897 καταριθμησάμενος

343 4921 529 4992 ἔτερος
555 4921 787 4993 ψαλμὺς,
817 4921 1002 4992 ἕτερον
1032 4921 1220 4990 τάγμα
1242 4918 1502 4989 τέταρτον
1529 4916 1681 4988 παρὰ
1703 4915 1769 4969 τὰ
1794 4934 1920 4986 προ-

345 5013 606 5085 ειρημένα
639 5013 870 5080 εἰσάγει,
901 5010 964 5064 τὸ
1019 5010 1126 5064 τῶν
1175 5009 1523 5080 φοϐουμένων
1561 5008 1652 5060 τὸν
1696 5004 1917 5078 Κύριον.

348 5107 514 5161 Τοῦτο
551 5107 609 5160 δὲ
651 5101 718 5177 ἦν
761 5103 822 5158 τὸ
854 5101 914 5168 ἐξ
945 5103 1116 5158 ἐθνῶν
1144 5105 1237 5156 ἐπὶ
1267 5102 1357 5156 τὸν
1401 5101 1532 5154 Θεὸν
1568 5099 1922 5172 ἐπιστρεφόν-

349 5199 622 5269 των.”Εφη
648 5197 780 5270 γάρ’
801 5193 974 5262 Οἶκος
1002 5195 1260 5263 Ἰσραὴλ,
1283 5191 1654 5263 εὐλογήσατε
1679 5193 1788 5246 τὸν
1811 5191 1922 5245 Κύ-

341 5307 498 5358 ριον·
536 5292 739 5361 ὁμοίως
776 5289 834 5342 δὲ
876 5288 970 5340 καὶ
1012 5283 1159 5349 οἶκος
1199 5284 1424 5356 ’Λαρὼν,
1455 5284 1550 5337 καὶ
1579 5280 1725 5347 οἶκος
1757 5283 1922 5336 Λευῒ’

353 5382 438 5435 ἐπὶ
469 5383 609 5436 τέλει
641 5382 697 5434 δὲ
727 5383 776 5434 οἱ
805 5379 968 5450 φοϐού
978 5396 1125 5450 μενοι
1153 5377 1243 5430 τὸν
1269 5377 1490 5448 Κύριον.
1509 5375 1646 5428 Ἀλλ’
1671 5377 1727 5428 ὲν
1753 5373 1926 5446 τούτῳ

355 5473 446 5543 μὲν
475 5477 870 5548 προετάττοντο
897 5471 1004 5526 τῶν
1046 5469 1393 5540 φοϐουμένων
1426 5467 1514 5521 τὸν
1548 5465 1749 5538 Κύριον
1784 5467 1834 5519 οἱ
1863 5467 1928 5519 ἐκ

345 5567 430 5622 τοῦ
466 5567 685 5642 Ἰσραήλ
707 5582 719 5595 ·
745 5563 980 5620 ἐνταῦθα
1003 5563 1060 5617 δὲ
1093 5562 1229 5634 μετὰ
1253 5562 1352 5632 τὴν
1380 5559 1674 5614 ἀνάστασιν
1699 5557 1792 5612 τοῦ
1824 5558 1928 5610 Σω-

2027 4621 2421 4698 sacerdotalem
2476 4637 2758 4700 ordinem',
2791 4650 2913 4705 quae
2970 4641 3089 4687 erat
3141 4629 3334 4684 domus
3383 4625 3592 4688 Aaron;

2028 4734 2187 4789 tertio
2223 4733 2278 4788 in
2331 4731 2677 4788 sacerdotum
2710 4728 3017 4786 ministros,
3069 4737 3188 4791 qua
3234 4725 3352 4774 erat
3401 4717 3598 4771 domus

2028 4825 2158 4880 Levi
2185 4845 2196 4878 :
2223 4831 2510 4894 postquam
2531 4821 2638 4876 tria
2671 4821 2761 4874 illa
2791 4833 2989 4890 genera
3019 4815 3156 4868 alius
3181 4813 3424 4882 psalmus
3454 4824 3590 4863 cnu-

2027 4919 2287 4982 meravit,
2339 4917 2507 4971 alium
2567 4914 2655 4968 hic
2713 4911 2990 4984 praedictis
3047 4913 3299 4976 quartum
3349 4901 3605 4956 ordinem.

2028 5009 2264 5079 adjecit,
2303 5006 2556 5062 videlicet
2628 5002 2936 5058 timentium
2985 4997 3296 5050 Dominum.
3363 4991 3607 5060 Eratque:

2027 5101 2120 5155 ille
2147 5116 2214 5154 ex
2267 5097 2562 5169 gentilibus
2591 5094 2658 5148 ad
2706 5093 2876 5146 Deum
2934 5086 3216 5143 conversis
3245 5083 3604 5138 constitutus.

2029 5193 2117 5247 Ait
2140 5191 2378 5262 quippe:
2427 5189 2621 5242 Domus
2660 5183 2856 5247 Israel,
2899 5179 3182 5235 benedicite
3218 5175 3602 5240 Dominum”;

2033 5285 2416 5352 similiterque,
2445 5280 2638 5334 domus
2666 5277 2852 5330 Aaron
2882 5282 2936 5328 et
2968 5273 3164 5327 domus
3196 5269 3320 5324 Levi
3348 5287 3360 5324 :
3403 5267 3458 5322 in
3498 5265 3603 5320 ﬁne

2033 5375 2252 5430 tandem
2296 5373 2550 5428 timentes
2599 5367 2892 5421 Dominum
2931 5363 3192 5418 annectit.
3251 5359 3358 5414 Sed
3403 5359 3460 5412 in
3511 5359 3603 5412 illo

2033 5465 2252 5536 quidem
2285 5462 2518 5534 psalmo,
2552 5459 2644 5530 qui
2680 5473 2744 5511 ex
2774 5456 2938 5511 domo
2970 5453 3186 5510 lsraelis
3223 5459 3372 5516 sunt,
3408 5451 3605 5504 timen-

2033 5557 2182 5612 tibus
2237 5553 2526 5610 Dominum
2581 5549 3015 5622 praemittuntur;
3069 5546 3160 5601 hic
3208 5551 3437 5607 contra,
3480 5549 3604 5612 post

407 5755 446 5785 “
489 5753 690 5808 Matth.
733 5762 924 5814 xxv",
957 5747 1049 5804 25.
1129 5749 1172 5780 "
1211 5745 1398 5802 Matth.
1439 5763 1535 5812 xv,
1569 5744 1658 5800 ἓὸ.
1739 5745 1780 5776 ¹³
1819 5741 1915 5798 Phi

2021 5757 2051 5796 ι.
2093 5755 2152 5792 ιιι
2177 5777 2190 5804 ,
2221 5735 2278 5796 2.
2355 5736 2399 5771 ιδ
2437 5735 2572 5793 Luc.
2607 5750 2772 5820 xuv,
2805 5697 2895 5789 39.
2974 5732 3016 5766 ¹⁸
3059 5729 3202 5785 Psal.
3243 5741 3476 5792 cxxxiv,
3515 5722 3600 5786 l9.
