3940 6292
404 363 507 420 ιιι

1090 359 1355 417 EUSEBII
1390 358 1865 414 CESARIENSIS
1905 358 2055 414 OPP.
2096 355 2281 453 P‘ARS
2318 352 2406 412 ill.
2432 352 2924 411 ——EXEGETICA.

3530 350 3638 403 212

408 478 711 535 Salvatoris
746 474 1224 541 resurrectionem,
1260 474 1444 532 lsraeli
1479 484 1888 546 anteponuntur
1927 475 1963 528 ii

2085 472 2233 544 τῆρος
2261 470 2648 543 προτάττονται
2703 468 2797 523 τοῦ
2836 468 3051 540 Ἰσραὴλ
3094 469 3143 523 οῖ
3195 464 3513 536 φοϐούμενοι
3550 465 3639 519 τὸν

407 570 504 640 qui
530 568 721 624 timent
750 564 1212 620 Dominum.Nam
1238 568 1365 636 quia
1401 567 1516 637 ipse
1549 566 1759 621 dixerat
1790 570 1966 636 (vers.

407 661 542 731 23):
572 657 820 713 Narrabo
844 674 1031 712 nomen
1059 667 1205 710 tuum
1245 658 1500 726 fratribus
1534 659 1684 721 meis,
1718 658 1773 711 in
1802 656 1971 710 medio

408 751 662 805 Ecclesia:
682 749 910 805 laudabo
940 759 1006 812 te,
1046 742 1299 819 'Oportuit
1337 749 1512 819 primo
1557 748 1815 804 Ecclesia:
1862 763 1975 802 sua:

409 843 624 915 populis
680 841 943 914 hymnum
991 840 1268 895 attribui:
1326 840 1492 910 hique
1546 849 1704 896 erant
1746 839 1976 910 gentiles

407 934 582 1005 ipsius
613 948 716 1003 ope
749 934 980 988 salutem
1027 931 1195 986 nacti.
1224 932 1373 997 Quos
1407 931 1493 986 bis
1518 932 1697 987 verbis
1731 930 1972 995 adnotat,

409 1028 515 1093 Qui
553 1026 747 1080 timetis
779 1024 1085 1089 Dominum,
1114 1023 1329 1079 laudate
1354 1041 1493 1079 eum.
1532 1025 1705 1094 Atque
1731 1024 1977 1093 apposite

408 1118 703 1174 admodum
730 1118 993 1173 fratribus
1028 1132 1093 1172 ac
1116 1116 1406 1187 discipulis
1445 1117 1584 1183 suis,
1619 1124 1805 1185 utpote
1837 1130 1977 1186 prte-

410 1213 774 1268 stantioribus
818 1226 883 1266 ac
915 1212 1115 1266 virtute
1149 1211 1354 1279 majore
1401 1210 1663 1280 praeditis,
1693 1220 1976 1279 paternum

409 1318 609 1359 nomen
641 1311 1023 1357 enarraturum
1056 1317 1114 1358 se
1148 1301 1466 1371 pollicetur;
1501 1308 1555 1354 at
1586 1300 1842 1356 Ecclesiae
1868 1314 1980 1354 sua

410 1396 705 1465 populique
739 1394 1078 1449 multitudini
1123 1408 1465 1464 nequaquam
1513 1401 1800 1464 paternum
1846 1393 1976 1447 illud

409 1503 608 1543 nomen
668 1487 883 1543 tradit:
940 1502 1051 1542 non
1101 1487 1245 1542 enim
1301 1485 1382 1539 illi
1448 1484 1763 1556 recipiendo
1820 1499 1979 1555 pares

409 1587 615 1634 erant:
667 1579 762 1635 sed
823 1580 1082 1657 hymnum
1113 1578 1305 1633 edocet
1347 1578 1506 1644 illos;
1549 1578 1745 1635 deinde
1793 1591 1979 1632 semen

407 1667 578 1724 Jacob
607 1670 765 1739 jubet
797 1670 890 1726 Dei
936 1669 1165 1738 gloriam
1201 1669 1542 1739 praedicare;
1574 1668 1984 1739 secundumque

407 1760 658 1816 ordinem
688 1761 840 1817 illum
887 1760 1173 1816 Judaicum
1208 1761 1514 1826 constituit,
1562 1761 1818 1815 nimirum
1858 1770 1985 1831 post

2073 564 2461 637 Κύριον.¹Ἐδει
2487 564 2615 635 γὰρ,
2649 562 2930 634 εἰρηκότος
2953 561 3116 615 αὑτοῦ
3137 576 3152 592 ο
3186 558 3550 630 Διηγήσομαι
3574 558 3641 614 τὸ

2074 657 2259 726 ὄνομά
2297 671 2412 711 σου
2449 655 2572 722 τοῖς
2608 654 2891 724 ἀδελφοῖς
2920 672 3062 724 μου,
3088 655 3159 708 ἐν
3189 652 3356 723 μέσῳ
3395 654 3644 721 Ἐκκλη-

2073 753 2213 817 σΙας
2237 750 2486 820 ὑμνήσω
2517 764 2590 803 σε
2610 766 2622 777 ·
2656 748 2745 800 τὸν
2791 746 2957 817 ὕμνον
2999 746 3233 818 πρώτοις
3274 744 3641 818 παραδοθῆναι

2073 842 2185 905 τοῖς
2212 842 2310 913 τῆς
2337 840 2659 912 Ἐκκλησίας
2688 838 2874 893 αὐτοῦ.
2892 831 3051 893 Οὗτοι
3081 840 3138 892 δὲ
3159 835 3299 910 ἦσαν
3322 840 3371 892 οἱ
3394 837 3454 903 ἐξ
3473 836 3643 891 ἐθνῶν

2074 932 2140 985 δι’
2167 934 2328 987 αὑτὸν
2375 932 2737 1003 σεσωσμένοι·
2788 931 2880 995 οὒς
2923 932 2987 1003 δὴ
3030 933 3282 1003 σημαίνει
3327 931 3532 1000 λέγων’
3580 933 3642 985 Ol

2075 1026 2428 1095 φοϐούμενοι
2476 1025 2585 1079 τὸν
2628 1026 2868 1093 Κύριον,
2893 1026 3168 1078 αῖνέσατε
3195 1025 3398 1078 αὐτόν.
3433 1022 3644 1094 Σφόδρα

2075 1118 2315 1188 ἀκριϐῶς
2341 1118 2453 1181 τοῖς
2495 1117 2593 1188 μὲν
2636 1115 2827 1170 ἑαυτοῦ
2870 1115 3116 1185 ἀδελφοῖς
3151 1116 3243 1169 καὶ
3293 1115 3562 1186 μαθηταῖς
3586 1115 3645 1169 τὸ

2075 1213 2243 1284 ὄνομα
2272 1211 2572 1283 διηγεῖσθαι
2614 1212 2674 1266 τὸ
2708 1211 2990 1284 πατρικὸν,
3024 1211 3099 1274 ὼς
3132 1209 3198 1263 ἂν
3238 1209 3508 1281 κρείττοσι
3553 1209 3646 1263 καὶ

2076 1306 2483 1378 δυνατωτέροις,
2512 1304 2932 1374 ἐπαγγέλλεταισ
2965 1304 3057 1356 ἐπὶ
3087 1304 3142 1357 δὲ
3188 1304 3287 1374 τῆς
3326 1302 3646 1373 Ἐκκλησίας

2078 1397 2242 1451 αὑτοῦ
2284 1400 2377 1452 καὶ
2408 1396 2500 1451 τοῦ
2529 1397 2765 1469 πλήθους
2791 1397 2884 1451 τοῦ
2914 1394 3042 1449 λαοῦ
3067 1395 3249 1449 οὐκέτι
3289 1396 3351 1449 τὸ
3382 1396 3645 1467 πατρικὸν

2078 1492 2248 1561 ὄνομα
2272 1489 2635 1562 παραδίδωσιν
2653 1507 2669 1522 ο
2696 1489 2757 1543 οὐ
2786 1488 2893 1561 γὰρ
2920 1489 3157 1560 ἐχώρουν
3186 1483 3329 1542 οὗτοι
3348 1503 3362 1516 ·
3392 1486 3559 1559 ὕμνον
3589 1487 3647 1541 δὲ

2079 1585 2273 1647 αὐτοὺς
2312 1582 2581 1637 διδάσκειο
2613 1582 2800 1637 ἔπειτα
2824 1582 2902 1653 τῷ
2946 1582 3217 1653 σπέρματι
3245 1580 3440 1634 Ἰακὼϐ
3473 1598 3551 1653 πρ
3583 1598 3643 1634 σ-

2079 1677 2260 1731 τάττει
2318 1675 2559 1741 δοξάζειν
2606 1676 2788 1742 αὐτὸν,
2840 1676 3091 1747 δεύτερον
3138 1675 3322 1745 τάγμα
3367 1673 3538 1737 τιθεὶς
3581 1672 3641 1727 τδ

2097 1769 2403 1835 Ἰουδαϊκὸν,
2442 1769 2577 1840 μετὰ
2604 1770 2693 1823 τὸν
2729 1766 2789 1834 ἐξ
2823 1767 2989 1823 ὲθνῶν
3014 1767 3142 1821 λαόν
3160 1783 3173 1796 ·
3213 1765 3307 1829 οὓς
3335 1767 3428 1820 καὶ
3451 1764 3650 1836 ὀνομά-

409 1853 665 1922 ειοοῑίιοιιι
701 1854 983 1923 populum.
1010 1850 1158 1918 Quos
1186 1852 1405 1922 quidem
1437 1851 1655 1907 Iudaeos
1684 1867 1794 1906 non
1813 1827 1981 1906 Jacob

2087 1859 2166 1924 ζει
2212 1860 2311 1912 οὐκ
2354 1827 2566 1924 Ἰακὼϐ,
2598 1858 2735 1913 ἀλλὰ
2771 1827 3003 1929 ⁷σπέρμα
3046 1855 3237 1911 Ἰακὼϐ
3276 1827 3371 1910 καὶ
3413 1827 3647 1929 Ἰσραὴλ,

409 1947 683 2015 appellat;
712 1946 808 2001 sed
846 1961 1030 2001 semen
1059 1943 1253 2000 Jacobi
1288 1954 1342 2000 et
1378 1944 1634 2000 lsraelis:
1666 1945 1830 2014 idque
1858 1958 1890 1999 e
1925 1958 1985 1999 re

406 2045 463 2092 et
487 2046 764 2102 accurate,
787 2044 1009 2108 propter
1029 2051 1218 2091 eorum
1251 2052 1314 2092 ex
1346 2037 1661 2107 patriarcha
1696 2037 1980 2107 originem.

406 2127 528 2184 Non
560 2131 707 2185 enim
753 2130 823 2185 ob
866 2137 1153 2200 paternum
1202 2129 1335 2183 illud
1379 2130 1654 2193 studium,
1690 2143 1866 2199 neque
1913 2127 1985 2182 ob

415 2220 653 2290 aliquam
679 2235 804 2275 cum
833 2226 989 2289 patre
1019 2234 1121 2274 suo
1162 2217 1597 2283 similitudinem,
1634 2219 1787 2290 digni
1828 2225 1984 2273 erant

408 2311 501 2380 qui
563 2308 736 2365 Jacob
778 2316 1249 2379 nuncuparentur,
1287 2308 1385 2363 sed
1439 2309 1666 2366 seminis
1717 2324 1883 2365 causa
1928 2308 1984 2363 id

410 2402 651 2456 nominis
685 2400 1088 2465 sortiebantur:
1135 2400 1397 2467 Quoniam
1435 2418 1539 2456 non
1587 2402 1776 2471 sprevit
1824 2418 1984 2471 neque

408 2494 648 2562 despexit
680 2491 1096 2561 deprecationem
1126 2494 1410 2563 pauperis:
1450 2509 1540 2548 nec
1574 2494 1763 2548 avertit
1794 2493 1983 2562 [aciem

411 2600 568 2639 suam
611 2600 646 2637 α
687 2599 801 2649 me,
835 2592 884 2637 et
931 2599 1050 2636 eum
1088 2583 1375 2637 clamarem
1431 2585 1502 2636 ad
1549 2599 1671 2639 eum
1716 2582 1984 2638 exaudivit

411 2692 515 2735 7188.
614 2744 623 2754 ¹

489 2766 654 2824 Vens.
682 2768 774 2833 26,
805 2768 896 2826 27.
940 2768 1113 2825 Edent
1140 2786 1394 2841 pauperes
1420 2780 1470 2826 et
1499 2769 1903 2834 saturabuntur,
1931 2779 1982 2825 et

411 2861 714 2917 laudabunt
733 2862 1019 2918 Dominum
1042 2865 1143 2935 qui
1175 2865 1447 2935 requirunt
1486 2881 1625 2929 eum,
1657 2865 1825 2939 vivent
1867 2879 1984 2916 cor-

410 2952 482 3007 da
506 2970 689 3008 eorum
732 2954 787 3008 in
819 2955 1073 3009 sarculum
1106 2956 1309 3011 steculi.
1362 2953 1463 3010 llic
1494 2955 1648 3019 dicit,
1705 2954 1893 3016 edent;
1923 2953 1981 3008 in

411 3046 769 3115 sequentibus
822 3063 949 3102 vero
981 3087 997 3113 ,
1046 3047 1493 3103 manducaverunt
1535 3057 1584 3102 et
1632 3047 1982 3101 adoraverunt

2087 1951 2290 2023 σφόδρα
2323 1951 2565 2024 ἀκριϐῶς
2590 1950 2679 2005 διὰ
2704 1950 2802 2022 τὴν
2833 1952 2895 2003 ὲκ
2929 1948 3022 2003 τοῦ
3051 1948 3386 2022 πατριάρχου
3414 1950 3644 2019 γένεσιν.

2085 2044 2159 2096 Οὐ
2188 2042 2293 2115 γὰρ
2313 2043 2400 2097 διὰ
2423 2044 2513 2096 τὸν
2542 2041 2700 2115 ζῆλον
2719 2043 2810 2097 τὸν
2835 2043 3119 2115 πατρικὸν,
3138 2044 3257 2097 οὐδὲ
3285 2042 3372 2095 διὰ
3393 2040 3491 2112 τὴν
3516 2039 3651 2112 πρὸς

2083 2136 2174 2188 τὸν
2219 2136 2430 2207 πατέρα
2477 2136 2733 2207 ὁμοίωσιν
2775 2136 2912 2201 ἄξιοι
2936 2133 3076 2208 ἦσαν
3101 2134 3395 2206 κεκλῆσθαι
3435 2133 3647 2198 Ἰακὼϐ,

2083 2227 2217 2281 ἀλλὰ
2254 2228 2348 2282 τοῦ
2398 2229 2709 2300 σπέρματος
2735 2230 2918 2285 ἕνεκεν
2941 2228 3128 2283 τοῦτον
3168 2225 3529 2300 ἐχρημάτιζον
3560 2227 3663 2281 τὸν·

2082 2321 2311 2392 τρόπον’
2351 2322 2469 2374 ’Ότι
2498 2324 2608 2376 οὐκ
2642 2322 3048 2386 ἐξουδένωσεν
3096 2320 3236 2375 οὐδὲ
3277 2317 3651 2389 προσώχθισα

2084 2411 2158 2481 τῇ
2181 2412 2382 2480 δεήσει
2406 2414 2510 2468 τοῦ
2534 2414 2771 2484 πτωχοῦ
2789 2433 2802 2446 ·
2837 2413 2980 2468 οὺδέ
3005 2413 3347 2483 ἀπέστρεψε
3369 2411 3433 2466 τὸ
3466 2412 3651 2480 πρόσ-

2083 2519 2245 2560 ωπον
2273 2507 2458 2561 αὐτοῦ
2498 2507 2599 2561 ἀπ’
2622 2507 2789 2577 ἐμοῦ,
2829 2508 2927 2561 καὶ
2958 2507 3028 2561 ἐν
3069 2505 3149 2573 τῷ
3192 2503 3547 2579 κεκραγέναι
3577 2520 3651 2574 με

2081 2598 2231 2669 πρὸς
2262 2600 2449 2654 αὐτὸν
2478 2599 2804 2667 εισήκουσέ
2829 2618 2969 2671 μου.

2152 2778 2440 2848 Φάγονται
2500 2778 2753 2847 πένητες
2794 2778 2891 2831 καί
2942 2774 3508 2847 ἐμπλησθήσονται,
3557 2774 3657 2830 καί

2080 2868 2393 2922 αίνέσουσι
2428 2869 2646 2936 Κύριον
2694 2870 2747 2921 ol
2783 2865 3169 2936 ἐκζητοῦντες
3215 2866 3422 2933 αὐτὸν,
3451 2860 3660 2934 ζήσον-

2080 2977 2173 3015 ται
2202 2963 2262 3014 αἱ
2292 2960 2524 3029 καρδίαι
2550 2957 2749 3014 αὐτῶν
2780 2962 2867 3025 εἰς
2895 2958 3080 3012 αιῶνα
3115 2956 3347 3024 αἰῶνος.
3391 2955 3660 3011 Ἐνταῦθα

2083 3052 2183 3123 μέν
2223 3069 2355 3123 φησι
2385 3051 2708 3123 φάγονται·
2762 3050 3112 3113 ὑποκαταϐὰς
3161 3049 3238 3115 δὲ,
3265 3051 3510 3120 ἔφαγον,
3559 3048 3662 3103 καί

411 3153 589 3192 omnes
615 3138 831 3208 pingues
856 3147 1031 3195 terrae.
1068 3137 1174 3195 Sed
1214 3139 1254 3193 ii
1302 3146 1591 3209 postquam
1640 3137 1981 3194 manducaue-

2085 3145 2551 3213 προσεκύνησαν
2573 3143 2794 3209 πάντες
2819 3145 2872 3197 οἱ
2893 3143 3098 3208 πίονες
3120 3140 3230 3209 τῆς
3256 3140 3388 3212 γῆς.
3406 3131 3551 3195 ’Δλλ”
3570 3142 3661 3195 ὅτε

412 3236 558 3291 runt,
594 3227 825 3297 pingues
860 3227 1037 3284 eﬂ‘ecti
1075 3235 1224 3292 sunt,
1265 3230 1360 3299 qui
1414 3236 1707 3299 antequam
1738 3228 1982 3293 ederent,

414 3334 684 3391 pauperes
713 3323 1081 3383 vocabantur.
1121 3337 1261 3393 quos
1299 3323 1591 3393 pollicetur
1640 3322 1763 3378 cibo
1811 3323 1880 3378 ab
1924 3338 1982 3378 se

414 3410 832 3467 subministrato
880 3429 1079 3469 usuros
1124 3429 1269 3469 esse.
1324 3413 1539 3480 Edent,
1589 3414 1801 3484 inquit,
1849 3429 1982 3483 pau-

411 3518 580 3573 peres.
616 3502 681 3558 lli
704 3519 873 3576 porro
901 3515 1059 3561 erant
1092 3522 1230 3576 quos
1269 3506 1324 3561 in
1358 3505 1784 3563 beatitudinibus
1823 3515 1982 3562 caete-

412 3596 496 3652 ris
524 3578 789 3667 praeponit
839 3597 1065 3653 dicens:
1101 3598 1257 3653 Beati
1300 3614 1553 3669 pauperes
1592 3599 1813 3667 spiritu,
1852 3615 1983 3668 quo-

412 3689 559 3742 niam
592 3689 826 3759 ipsorum
857 3699 936 3745 est
966 3707 1183 3762 regnum
1209 3691 1461 3745 amlorum
1481 3691 1525 3723 “
1550 3710 1563 3745 :
1593 3691 1793 3763 quibus
1817 3690 1981 3747 etiam

410 3795 481 3836 ea
508 3782 780 3851 promittit
808 3797 929 3854 quae
967 3798 1092 3839 mox
1133 3782 1507 3854 adjiciuntur:
1543 3782 1699 3838 Beati
1732 3784 1823 3854 qui
1863 3798 1982 3837 esu—

412 3874 563 3928 riant
601 3884 652 3928 et
683 3875 873 3929 sitiunt
905 3875 1207 3945 justitiam,
1238 3877 1488 3947 quoniam
1530 3875 1634 3946 ipsi
1661 3874 1983 3930 saturabun-

416 3976 504 4020 tur
528 3966 591 4021 ιτ.
622 3965 922 4038 Postquam
946 3974 1149 4034 autem,
1184 3969 1281 4034 ait,
1316 3969 1657 4025 comederint
1691 3984 1979 4040 pauperes,

415 4071 482 4117 ac
512 4057 636 4112 cibo
681 4057 893 4128 repleti,
926 4059 1062 4121 sive,
1108 4069 1169 4117 ut
1198 4060 1274 4114 ait
1327 4059 1722 4132 Symmachus,
1752 4063 1982 4116 saturati

415 4147 618 4207 fuerint
642 4189 661 4215 ,
708 4159 838 4204 tunc
887 4151 1180 4215 laudabunt
1227 4151 1511 4217 Dominum
1574 4155 1663 4223 qui
1714 4155 1981 4225 requirunt

411 4257 571 4296 eum:
601 4256 664 4296 ac
685 4241 864 4297 cibum
897 4243 998 4297 sibi
1032 4244 1099 4298 ab
1139 4245 1258 4314 ipso
1286 4245 1759 4301 subministratum
1790 4232 1979 4301 come-

413 4336 611 4399 dentes
638 4343 691 4393 et
724 4337 1066 4406 requirentes
1097 4336 1299 4408 ipsum,
1330 4352 1528 4409 magno
1554 4337 1666 4402 illo,
1698 4337 1791 4407 qui
1820 4337 1979 4392 dein-

413 4443 545 4507 ceps
580 4427 930 4493 declaratur,
989 4428 1169 4483 fructu
1226 4428 1543 4498 potientur:
1596 4414 1755 4493 nam,
1813 4429 1981 4483 vivent

414 4519 578 4574 corda
624 4536 806 4577 eorum
850 4523 906 4575 in
953 4521 1206 4583 steculum
1236 4522 1438 4577 steculi.
1495 4519 1774 4591 Siquidem
1822 4520 1981 4591 panis

415 4614 507 4673 ille
531 4613 675 4678 vitae,
705 4614 775 4669 ab
802 4616 922 4693 ipso
969 4613 1225 4678 traditus,
1270 4612 1693 4669 immortalitatis
1739 4621 1983 4668 azternae-

416 4721 523 4775 que
557 4706 679 4761 vitae
722 4715 913 4761 auctor
955 4707 1090 4776 ipsis
1138 4706 1356 4761 futurus
1377 4713 1493 4772 est;
1524 4704 1979 4775 quemadmodum

415 4800 534 4867 ipse
562 4798 749 4854 docuit
802 4799 888 4855 liis
919 4800 1138 4855 verbis:
1176 4798 1289 4870 Ego
1333 4814 1449 4852 sum
1487 4798 1641 4864 panis
1682 4799 1799 4851 vita:
1822 4837 1837 4863 ,
1890 4797 1981 4867 qui

414 4891 759 4951 descenditde
790 4893 940 4958 coelo,
970 4902 1022 4947 et
1044 4893 1135 4964 qui
1160 4892 1252 4946 dat
1270 4895 1430 4948 vitam
1449 4890 1644 4946 mundo
1667 4892 1711 4923 ¹³
1731 4906 1750 4944 :
1790 4899 1845 4944 et
1887 4892 1986 4946 ite-

416 4996 579 5036 rum:
617 4980 678 5036 Si
712 4981 828 5059 quis
868 4982 1265 5045 manducauerit
1296 4998 1362 5037 ea:
1416 4999 1550 5051 pane
1591 4997 1726 5046 meo,
1756 4982 1885 5035 vivet
1930 4981 1987 5032 in

415 5081 670 5133 wtcrnum
694 5075 760 5139 ¹⁹,
782 5084 837 5131 et
866 5084 1082 5132 caetera.
1117 5073 1309 5130 Viden’
1347 5090 1456 5145 quo
1486 5082 1644 5144 pacto
1696 5074 1810 5127 hac
1855 5086 1987 5125 con-

417 5163 605 5218 cinant
653 5179 779 5223 cum
836 5165 922 5221 his
963 5167 1159 5237 psalmi
1200 5166 1416 5233 verbis,
1444 5165 1613 5220 Edent
1646 5179 1893 5233 pauperes
1939 5173 1989 5218 et

417 5256 834 5323 saturabuntur;
868 5266 955 5327 et,
999 5260 1168 5314 vivent
1217 5258 1379 5319 corda
1419 5275 1598 5313 eorum
1638 5258 1694 5315 in
1735 5255 1985 5310 steculum

419 5349 602 5409 tumuli
618 5351 645 5406 γ

494 5438 657 5505 Vatis.
697 5441 794 5507 28,
834 5443 924 5506 29.
970 5443 1381 5505 Rouziniscentur
1424 5455 1474 5500 et
1514 5449 1870 5497 convertentur
1917 5440 1985 5493 ad

422 5530 704 5597 Dominum
743 5534 967 5596 universi
992 5536 1119 5605 ﬁnes
1168 5545 1340 5600 terrae,
1375 5545 1425 5589 et
1453 5532 1748 5588 adorabunt
1778 5531 1833 5585 in
1862 5546 1986 5587 con-

424 5632 600 5697 spectu
635 5623 749 5694 ejus
776 5626 1027 5682 universa:
1066 5625 1286 5695 familia:
1312 5626 1558 5697 gentium.
1588 5623 1851 5690 Quoniam
1881 5621 1987 5676 Do-

2091 3236 2190 3307 μὲν
2214 3236 2457 3307 ἔφαγον,
2486 3235 2667 3300 πίονες
2699 3234 2975 3304 ἐγένοντοο
3000 3234 3106 3305 πρὸ
3134 3233 3189 3287 δὲ
3214 3232 3306 3288 τοῦ
3339 3235 3531 3303 φαγεῖν
3562 3234 3662 3287 πέ-

2086 3346 2245 3401 νητες
2275 3326 2647 3400 ὠνομάζοντοο
2674 3326 2767 3391 οὒς
2796 3326 3191 3396 ἐπαγγέλλεται
3219 3326 3417 3397 βρώσει
3449 3326 3663 3397 χρήσα-

2089 3420 2210 3474 σθαι
2246 3423 2312 3493 τῇ
2349 3421 2439 3473 ὑπ’
2467 3417 2631 3474 αὐτοῦ
2678 3417 3181 3491 χορηγηθησομένῃ.
3209 3416 3497 3486 Φάγονται
3523 3414 3661 3487 γὰρ,

2089 3512 2241 3583 φησὶ,
2280 3510 2551 3579 πένητες.
2581 3501 2739 3563 Οὗτοι
2768 3508 2824 3561 δὲ
2853 3503 2993 3580 ἦσαν
3025 3506 3117 3570 οὓς
3140 3506 3234 3559 καὶ⁸
3257 3508 3314 3559 ὲν
3338 3508 3450 3569 τοῖς
3479 3522 3661 3577 μακαο

2091 3606 2302 3675 ρισμοῐς
2325 3603 2613 3674 προτάττει
2638 3600 2745 3654 τῶν
2768 3600 2968 3654 λοιπῶν
2994 3600 3216 3669 φάσκων
3233 3614 3245 3626 ·
3281 3598 3573 3667 Μακάριοι
3604 3600 3659 3651 οι

2087 3699 2309 3767 πτωχοὶ
2328 3697 2408 3765 τῷ
2433 3698 2743 3767 πνεύματι,
2782 3695 2869 3749 ὅτι
2893 3693 3092 3749 αὐτῶν
3128 3695 3299 3748 ἐστιν
3319 3692 3663 3761 ἡβασιλεια

2086 3788 2204 3844 τῶν
2225 3788 2522 3858 οὐρανῶν·
2550 3783 2633 3855 οἷς
2668 3786 2849 3846 καὶτὰ
2887 3785 3014 3857 ἑξῆς
3046 3783 3407 3857 ἐπηγγείλατο
3447 3781 3624 3852 λέγων
3643 3796 3657 3810 ⁸

2085 3880 2373 3950 Μακάριοι
2398 3884 2451 3935 ol
2484 3878 2802 3946 πεινῶντες
2835 3879 2935 3936 καὶ
2964 3876 3258 3947 διψῶντες
3292 3873 3406 3943 τὴν
3438 3873 3662 3928 δικαιο-

2086 3974 2307 4043 σύνην,
2337 3972 2427 4027 ὅτι
2454 3971 2621 4028 αὐτοὶ
2643 3969 3178 4041 χορτασθήσονται.
3196 3964 3443 4022 Ἐπειδὰν
3468 3964 3527 4019 δὲ
3554 3964 3661 4034 φά-

2086 4081 2244 4134 γωσι,
2272 4065 2458 4136 φησὶν,
2486 4065 2536 4117 οί
2570 4062 2817 4136 πένητες,
2845 4062 2941 4115 καὶ⁵
2968 4061 3231 4130 φαγόντες
3253 4056 3659 4130 ἐμπλησθῶσιν,

2086 4156 2119 4237 ἢ
2153 4154 2544 4225 κορεσθῶσιν,
2576 4153 2717 4208 κατὰ
2744 4154 2834 4207 τὸν
2863 4152 3177 4231 Σύμμαχον,
3198 4150 3318 4204 τότε
3344 4147 3661 4204 αίνέσουσι

2085 4249 2303 4317 Κύριον
2345 4245 2728 4315 ἐκζητοῦντες
2771 4245 2988 4300 αὐτόν·
3035 4243 3298 4313 φαγόντες
3342 4240 3400 4294 δὲ
3434 4239 3534 4311 τὴν
3567 4240 3659 4293 ὑπ’

2086 4337 2250 4393 αὐτοῦ
2282 4338 2528 4393 δοθεῖσαν
2549 4338 2731 4401 αὐτοῖς
2759 4335 2982 4409 βρῶσιν,
3002 4335 3095 4389 καὶ⁸
3115 4335 3447 4405 ζητήσαντες
3472 4329 3657 4394 αὑτὸν,

2090 4431 2263 4503 μέγαν
2301 4429 2481 4496 ’ἐξουσι
2514 4428 2725 4501 καρπὸν
2754 4428 2848 4481 τὸν
2884 4427 3011 4497 ἑξῆς
3041 4423 3395 4497 δηλούμενον·
3424 4420 3658 4488 Ζήσον-

2086 4509 2306 4595 ταιγὰρ
2334 4525 2392 4576 αἱ
2417 4521 2649 4590 καρδίαι
2674 4517 2874 4573 αὐτῶν
2896 4520 2986 4583 εὶς
3009 4515 3193 4570 αἰῶνα
3212 4512 3448 4578 αἰῶνος.
3466 4510 3525 4565 '0
3548 4508 3659 4581 γὰρ

2087 4616 2249 4688 ἄρτος
2280 4614 2447 4685 ζωῆς,
2477 4615 2506 4666 ὁ
2535 4614 2624 4666 ὑπ’
2675 4608 2840 4665 αὐτοῦ
2892 4606 3219 4680 χορηγηθεὶς
3262 4605 3462 4669 αὐτοῖς,
3487 4601 3659 4664 αἴτιος

2085 4710 2291 4772 αὐτοῖς·
2314 4707 2465 4759 ἔσται
2523 4703 2824 4768 ἀθανασίας
2865 4701 2960 4754 καὶ
2988 4698 3131 4769 ζωῆς
3169 4694 3420 4761 αἰωνίου,
3473 4692 3656 4755 καθὼς

2084 4793 2317 4859 ἐδίδαξεν
2330 4792 2490 4855 αὐτὸς
2505 4790 2674 4846 εἰπὼν
2689 4807 2702 4820 ’
2736 4786 2883 4867 Ἓτώ
2896 4791 3011 4858 ειμι
3023 4791 3055 4841 ό
3068 4786 3246 4856 ἄρτος
3260 4783 3407 4853 ζωῆς
3428 4787 3463 4838 ὁ
3480 4799 3656 4837 κατα-

2082 4887 2303 4942 ϐαίνων
2313 4886 2382 4940 ἐκ
2396 4884 2502 4939 τοῦ
2514 4881 2792 4951 οὐρανοῦ,
2813 4880 2911 4935 καὶ
2923 4879 3125 4945 διδοὺς
3136 4877 3298 4946 ζωὴν
3316 4875 3396 4943 τῷ
3410 4876 3616 4946 κόσμῳ
3636 4892 3648 4905 ·

2082 4980 2175 5033 καί⁵
2208 4977 2369 5032 πάλιν
2387 4994 2401 5009 δ
2451 4975 2592 5031 Ἐάν
2615 4993 2706 5041 τις
2731 4972 2892 5044 φάγῃ
2918 4973 2988 5027 ἐκ
3025 4970 3131 5024 τοῦ
3156 4968 3303 5038 ἐμοῦ
3327 4967 3533 5037 ἄρτου,
3555 4964 3652 5033 ζή-

2083 5085 2253 5125 σεται
2289 5073 2377 5136 εὶς
2418 5067 2524 5122 τὸν
2551 5066 2756 5133 αἰῶνα,
2788 5066 2883 5119 καὶ
2908 5063 2977 5118 τὰ
3003 5063 3149 5135 ἑξῆς.
3165 5059 3332 5133 Ὀρᾷς
3355 5061 3502 5123 ὅπως
3529 5076 3654 5114 συν-

2085 5163 2197 5233 ᾴδει
2229 5161 2401 5216 ταῦτα
2438 5159 2513 5232 τῷ
2538 5159 2797 5229 φάσκοντι
2826 5155 3055 5227 ψαλμῷ⁶
3087 5152 3377 5223 Φάναν-ται
3401 5151 3653 5221 πένητες

2092 5256 2191 5311 καί
2208 5254 2743 5326 ἐμπλησθήσονται
2760 5265 2775 5279 ’
2806 5246 3199 5318 καὶ,ζήσονται
3223 5248 3283 5300 αἱ
3302 5243 3534 5314 καρδίαι
3556 5244 3654 5301 αὐ·

2090 5348 2209 5403 τῶν
2234 5351 2323 5414 εὶς
2349 5346 2533 5401 αἰῶνα
2552 5343 2801 5410 αιῶνος;

2158 5439 2628 5509 Μνησθήσονται
2654 5436 2754 5492 καί
2775 5431 3324 5504 ἐπιστραφήσονται
3353 5429 3506 5497 πρὸς
3530 5428 3646 5483 Κύ-

2082 5546 2218 5598 ριον
2256 5528 2451 5583 πάντα
2494 5527 2567 5581 τὰ
2595 5525 2819 5595 πέρατα
2844 5524 2954 5594 τῆς
2985 5523 3115 5594 γῆς,
3161 5521 3257 5575 καὶ
3304 5518 3649 5589 προσκυνή-

2092 5637 2312 5678 σουσιν
2363 5621 2617 5678 ἐνώπιον
2663 5617 2848 5674 αὐτοῦ
2898 5615 3085 5673 πᾶσαι
3129 5616 3191 5668 al
3244 5610 3481 5680 πατριαὶ
3537 5610 3649 5664 τῶν

500 5806 544 5846 ⁸⁸
575 5805 764 5866 Matth.
800 5821 850 5874 v,
875 5807 928 5863 5.
1008 5808 1049 5840 ¹⁷
1089 5806 1218 5865 ibid.
1254 5808 1308 5869 6.
1388 5808 1430 5841 ¹⁸
1468 5805 1623 5865 Joan.
1657 5822 1748 5876 τι,
1782 5805 1869 5862 53.
1948 5803 1981 5838 ¹¹

2085 5802 2163 5859 id.
2202 5802 2292 5859 59.
