3940 6292
296 278 394 334 9J3

1385 277 1880 335 COMMENTARIA
1920 279 1987 334 ΙΝ
2038 279 2376 335 PSALMOS.

3398 288 3549 341 '2”

293 395 498 451 ἐθνῶν.
538 396 668 449 Ὅτι
704 395 809 450 τοῦ
837 397 1057 464 Κυρίου
1096 374 1494 465 ἡῖβασιλεία,
1540 400 1636 452 καὶ
1682 399 1863 465 αὐτὸς

1968 399 2096 451 mini
2140 410 2216 451 est
2258 415 2490 468 regnum,
2526 406 2574 452 et
2630 399 2735 466 ipse
2781 399 3087 455 dominatur
3128 402 3378 471 gentium.
3412 401 3546 457 Nam

291 484 563 549 δεσπόζει
594 487 710 541 τῶν
736 488 944 544 ἐθνῶν.
984 489 1086 543 Τοῦ
1123 490 1231 561 γὰρ
1262 492 1529 563 σωτηρίου
1565 493 1739 561 φωτὸς
1765 493 1862 545 αὐ-

292 582 399 645 τοῖς
435 580 866 651 ἐπιλάμψαντος,
892 582 1420 654 ἀναμνησθήσονται,
1446 585 1520 647 ὼς
1556 584 1663 655 ἄρα
1683 580 1749 655 ἦν
1782 603 1865 649 τις

292 673 474 735 αὐτοῖς
507 671 734 743 Κύριος,
758 674 785 725 ὃ
808 690 870 741 γε
918 674 1132 744 ἀληθῶς
1165 678 1274 727 τῶν
1302 674 1438 729 ὅλων
1487 677 1781 747 δεσπότης·
1816 680 1863 730 οἱ

293 765 396 837 γὰρ
422 766 801 835 νενομισμένοι
832 767 1010 829 αὐτοῖς
1028 762 1165 837 ἦσαν
1200 768 1403 838 Κυρίου
1422 786 1435 798 ·
1466 772 1543 832 εἰς
1564 770 1863 841 ἀνάμνησιν

287 857 341 909 δὲ
371 856 620 921 ἐλθόντες
652 857 746 910 τοῦ
783 857 931 927 σφῶν
957 859 1235 922 δεσπότου,
1272 862 1359 914 ἐπ’
1394 862 1556 915 αὑτὸν
1587 863 1861 932 καταφεύ-

290 949 503 1015 ξονται·
568 951 661 1003 καὶ
712 951 772 1003 ὃν
824 951 992 1004 πάλαι
1041 953 1502 1025 ἀπεστράφησαν,
1564 954 1702 1008 κατά
1744 972 1864 1007 τινα

288 1044 497 1116 ἐχθρῶν
533 1044 855 1115 ἐπιϐουλὴν,
889 1045 1076 1098 τοῦτον
1113 1046 1314 1117 Κύριον
1348 1046 1525 1099 αὐτῶν
1564 1047 1692 1101 ὄντα
1742 1050 1861 1101 ἐπιι

284 1135 608 1206 γνώσονται,
646 1137 739 1190 καὶ
775 1139 1277 1219 ἐπιστραφήσονται
1322 1140 1458 1208 πρὸς
1499 1140 1679 1193 αὑτόν.
1727 1138 1862 1191 Ἀλλ’

284 1229 369 1282 ἵνα
408 1230 484 1299 μή
517 1245 602 1292 τις
642 1228 883 1298 νομίσειε
921 1228 1097 1282 ταῦτα
1143 1228 1393 1297 λέγεσθαι
1428 1229 1554 1301 περὶ
1593 1228 1687 1283 τοῦ
1737 1230 1865 1282 Ἰου-

286 1322 447 1375 δαίων
475 1321 681 1386 ἔθνους,
709 1320 951 1392 ἀκριϐῶς
976 1323 1004 1373 ὁ
1036 1321 1191 1389 λόγος
1235 1322 1611 1395 προστίθησιν,
1645 1323 1720 1386 ὼς
1757 1322 1863 1393 ἀρα

286 1412 457 1466 ταῦτα
492 1410 910 1483 πληρωθήσεται
958 1412 1050 1465 ἐπὶ
1087 1412 1267 1466 πάντα
1310 1414 1378 1467 τά
1429 1413 1548 1466 καθ’
1595 1413 1723 1484 ὅλης
1764 1414 1862 1484 τῆς

284 1504 613 1575 οἰκουμένης
653 1504 809 1573 ἔθνηο
856 1499 954 1557 εἴτ’
995 1505 1421 1577 ἐπιστραφέντες
1466 1507 1517 1558 τί
1553 1506 1863 1576 ποιήσουσιν

284 1596 513 1649 ἐνώπιον
547 1595 710 1649 αὐτοῦ
741 1598 910 1650 πᾶσαι
933 1598 989 1651 αί
1020 1599 1248 1669 πατριαὶ¹
1288 1597 1395 1651 τῶν
1428 1597 1626 1651 ἐθνῶν·
1652 1597 1767 1652 ἀνθ’
1800 1593 1862 1650 οὗ

283 1689 581 1761 Σύμμαχος
610 1690 705 1743 καὶ
746 1690 993 1754 Ἀκύλας,
1033 1690 1222 1745 πᾶσαι
1266 1694 1326 1745 al
1365 1696 1705 1761 συγγένειαι
1749 1689 1865 1744 τῶν

1967 490 2194 547 salutari
2248 491 2451 546 lumine
2496 491 2645 560 ipsos
2686 493 3077 559 collustrante,
3128 493 3549 549 reminiscentur

1967 583 2068 638 sibi
2096 582 2382 638 Dominum
2416 600 2557 648 esse,
2599 586 2980 641 universorum
3024 603 3211 643 revera
3242 587 3552 643 dominato-

1965 689 2079 729 rem
2114 674 2242 728 :cui
2272 675 2435 729 etiam
2475 674 2709 745 subjecti
2749 685 2905 732 erant
2955 677 2991 730 ii
3043 679 3134 747 qui
3180 678 3247 733 ab
3290 678 3423 749 ipsis
3450 678 3550 733 do-

1966 766 2099 819 mini
2130 764 2543 835 reputabantur.
2569 766 2704 822 Cum
2734 784 2898 838 porro
2924 767 3136 823 Domini
3164 769 3249 823 sui
3282 771 3550 826 memine-

1964 858 2095 922 rint,
2127 858 2192 911 ad
2229 858 2405 927 ipsum
2436 858 2790 930 confugient:
2822 875 2885 915 ac
2917 878 3076 931 quem
3110 864 3261 926 olim,
3296 864 3549 919 inimico-

1965 966 2085 1003 rum
2135 950 2350 1005 insidiis
2404 952 2809 1016 circumventi,
2862 954 3095 1008 aversati
3152 963 3311 1019 sunt,
3366 956 3544 1025 ipsum

1965 1049 2264 1112 agnoscent
2294 1056 2416 1097 esse
2446 1043 2551 1097 sibi
2579 1041 2887 1111 Dominum,
2922 1054 3086 1115 atque
3111 1046 3177 1100 ad
3210 1046 3388 1116 ipsum
3414 1062 3544 1101 con-

1964 1142 2263 1192 vertentur.
2299 1135 2366 1189 At
2404 1152 2471 1190 ne
2498 1136 2622 1206 quis
2663 1136 2960 1191 arbitretur
2998 1138 3051 1191 id
3090 1139 3157 1194 de
3187 1137 3416 1193 Judaico
3453 1154 3549 1207 po-

1964 1229 2092 1299 pulo
2122 1231 2326 1285 dictum
2348 1273 2362 1297 ,
2392 1229 2639 1300 apposite
2672 1228 2927 1299 adjicitur
2962 1231 3076 1286 hmo
3112 1232 3257 1302 apud
3302 1230 3544 1287 universi

1963 1322 2113 1377 orbis
2166 1323 2415 1377 nationes
2450 1319 2723 1390 implenda
2773 1336 2914 1376 esse.
2948 1322 3023 1377 Ac
3056 1322 3254 1377 deinde
3296 1324 3550 1378 enuntia—

1964 1421 2074 1476 tur,
2110 1414 2240 1485 quid
2275 1416 2328 1468 in
2361 1423 2658 1485 conspectu
2690 1416 2809 1486 ejus
2846 1415 3069 1471 facturae
3113 1415 3225 1471 sint
3265 1425 3390 1487 post
3416 1432 3549 1471 cou-

1964 1510 2271 1565 versionem
2328 1509 2597 1565 universa:
2655 1508 2873 1563 familiae
2934 1510 3177 1580 gentium
3220 1529 3231 1562 :
3282 1524 3382 1579 pro
3437 1524 3549 1580 quo

1967 1600 2328 1673 Symmachus
2350 1611 2401 1656 et
2422 1601 2638 1671 Aquila,
2659 1603 2913 1657 universa:
2935 1606 3267 1674 cognationes
3289 1604 3545 1673 gentium,

1965 1693 2289 1761 ediderunt,
2340 1702 2394 1749 et
2451 1695 2670 1765 quidem
2728 1694 3019 1751 admodum
3080 1704 3355 1752 accurate.
3416 1698 3549 1763 Qua

280 1782 494 1845 ἐθνῶν,
522 1782 774 1854 εἰρήκασι
822 1782 1025 1854 σφόδρα
1075 1783 1337 1855 ἀκριὸῶς.
1370 1785 1527 1837 Ποῖον
1572 1784 1680 1856 γὰρ
1710 1783 1860 1847 ἔθνος

1967 1786 2160 1841 etenim
2216 1786 2366 1841 natio
2414 1801 2523 1840 non
2577 1787 2789 1855 aliquas
2840 1788 3196 1858 cognationes
3245 1786 3442 1842 habeat
3480 1786 3547 1841 ad

277 1872 398 1942 οὐχὶ
443 1874 764 1941 συγγενείας
807 1873 919 1944 ἔχει
956 1873 1388 1943 ἐπιστραφείσας
1436 1874 1571 1946 πρὸς
1614 1874 1703 1928 τὸν
1749 1874 1859 1929 τῶν

277 1964 414 2018 ὅλων
441 1964 609 2027 Θεόν;
644 1964 779 2017 Ποία
805 1965 861 2018 δὲ
913 1963 1087 2031 πόλις,
1124 1963 1156 2035 ἢ
1211 1964 1339 2019 ποία
1386 1964 1568 2037 χώρα,
1629 1966 1662 2038 ἢ
1711 1969 1860 2029 ποῖος

277 2057 423 2121 οἰκος
447 2058 549 2111 οὐκ
576 2057 686 2128 ἔχει
708 2058 859 2121 τινὰς
886 2060 1300 2131 ἀφωρισμένους
1334 2060 1427 2114 καλ⁸
1458 2059 1861 2131 ἐξειλεγμένους

276 2151 353 2223 τῷ
384 2150 543 2221 Θεῷ;
581 2150 705 2214 Πῶς
748 2151 793 2205 δ’
828 2150 1052 2221 ἔμελλον
1086 2152 1435 2207 ἀποτίθεσθαι
1477 2153 1574 2223 μὲν
1607 2153 1705 2223 τὴν
1739 2154 1863 2205 ἐαυ-

276 2246 383 2299 τῶν
423 2245 616 2316 λήθην,
653 2245 959 2317 ἀνάμνησιν
1003 2246 1059 2299 δὲ
1120 2245 1391 2300 ποιεῖσθαι
1444 2246 1537 2299 τοῦ
1571 2246 1680 2323 τῶν
1725 2247 1861 2301 ὅλων

277 2337 411 2391 Θεοῦ
449 2339 506 2391 αί
550 2337 859 2407 συγγένειαι
887 2337 994 2391 τῶν
1035 2338 1204 2392 ἐθνῶν
1224 2357 1239 2371 ·
1270 2338 1388 2403 πῶς
1408 2339 1466 2393 δὲ
1510 2340 1860 2411 ἐπιστρέφειν

282 2428 414 2498 πρὸς
442 2428 603 2480 αὐτὸν
632 2428 809 2481 πάντα
829 2428 896 2482 τά
930 2428 1138 2501 πέρατα
1157 2431 1254 2501 τῆς
1281 2430 1404 2501 γῆς,
1432 2432 1674 2501 ἐπιλέγει
1696 2433 1824 2503 ἐξῆς
1843 2452 1857 2465 ⁶

283 2520 413 2572 ’Ὁτι
434 2519 537 2573 τοῦ
557 2520 781 2589 Κυρίου
822 2521 860 2589 ἡ
891 2521 1201 2588 βασιλεία,
1238 2523 1335 2575 καὶ
1379 2524 1560 2589 αὐτὸς
1587 2524 1861 2586 δεσπόζει

284 2609 401 2664 τῶν
427 2610 633 2665 ἐθνῶν.
666 2611 727 2665 Oi
760 2610 869 2681 γὰρ
898 2612 1064 2665 πάλαι
1085 2615 1459 2685 κρατήσαντες
1485 2615 1735 2687 δαίμονες
1766 2619 1861 2671 καὶ

280 2701 521 2765 διάϐολος
552 2702 948 2773 κατελύθησαν,
985 2704 1080 2756 καὶ
1123 2704 1259 2775 μόνη
1294 2706 1326 2775 ἡ
1375 2705 1467 2759 τοῦ
1510 2706 1601 2759 ἐπὶ
1644 2707 1861 2760 πάντων

280 2792 414 2847 Θεοῦ
448 2793 693 2864 βασιλεία
741 2794 1108 2866 ἐπεκράτησε.
1161 2795 1324 2862 Τάξει
1370 2791 1462 2851 οὖν
1505 2798 1534 2850 ό
1566 2797 1721 2867 λόγος
1768 2799 1863 2853 καὶ

275 2886 569 2957 ἀκολουθίᾳ
602 2887 885 2959 κέχρηται,
924 2886 1141 2959 πρῶτον
1196 2888 1404 2959 φήσας·
1460 2889 1865 2957 Μνησθήσον-

280 2997 391 3042 ται,
416 2975 537 3034 εἶτα
564 2979 845 3051 δεύτερον,
877 2980 1461 3051 ἐπιστραφήσονται,
1510 2982 1605 3035 καὶ
1643 2982 1826 3052 τρίτον
1846 3022 1860 3047 ,

282 3073 804 3142 προσκυνήσουσι.
856 3073 1037 3128 Ταῦτα
1071 3074 1127 3128 δὲ
1164 3074 1343 3128 πάντα
1377 3072 1551 3139 ἔσται,
1583 3076 1710 3135 Ὅτι
1754 3076 1862 3130 τοῦ

281 3167 502 3233 Κυρίου
554 3168 594 3236 ἠ
640 3166 932 3232 ,βασιλεία
956 3204 971 3229 ,
1021 3168 1119 3221 καὶ
1176 3167 1358 3234 αὐτὸς
1416 3166 1688 3230 δεσπόζει
1743 3166 1861 3222 τῶν

278 3257 488 3312 ἐθνῶν.

349 3350 615 3421 Ἔφαῃον
640 3351 741 3405 καὶ
778 3356 1245 3423 προσεκύνησαν
1290 3354 1512 3422 πάντες
1557 3357 1611 3408 οἱ
1656 3354 1862 3421 πίονες

280 3437 384 3508 τῆς
404 3440 522 3510 τῆς
542 3459 555 3471 ⁸
603 3440 860 3495 ἐνώπιον
887 3443 1074 3497 αὐτοῦ
1112 3442 1601 3511 προσπεσοῦνται
1641 3441 1863 3507 πάντες

280 3538 333 3588 οἱ
360 3535 824 3602 καταϐαίνοντες
859 3538 946 3601 εὶς
982 3535 1096 3605 τὴν
1122 3534 1255 3605 γῆν.
1297 3537 1407 3589 Καὶ
1456 3538 1493 3604 ἡ
1533 3536 1704 3605 ψυχή
1743 3553 1861 3604 μου

282 3626 438 3693 αὐτῷ
472 3625 561 3695 ζῇ,
608 3626 706 3679 καὶ
742 3627 806 3681 τὸ
853 3628 1093 3697 σπέρμα
1141 3646 1261 3698 μου
1312 3627 1629 3683 δουλεύσει
1679 3627 1857 3693 αὐτῷ.

286 3718 438 3772 Ἔστι
463 3718 519 3772 δὲ
557 3718 679 3773 καθ’
721 3719 957 3790 ἑκάστην
989 3720 1357 3791 ἀναπάσιμον
1394 3719 1604 3791 ἡμέραν
1633 3718 1725 3772 τοῦ
1750 3720 1863 3771 Σω-

281 3810 443 3881 τῆρος
480 3810 660 3883 ἡμῶν,
692 3812 789 3883 τὴν
819 3813 1160 3886 καλουμένην
1198 3815 1466 3887 κυριακὴν
1486 3855 1501 3880 ,
1532 3814 1655 3886 ὄψει
1686 3831 1862 3885 παρα-

280 3900 464 3955 λαϐεῖν
492 3903 619 3967 τοὺς
639 3902 741 3972 τῆς
769 3903 977 3974 τροφῆς
1002 3905 1099 3976 τῆς
1140 3905 1302 3974 ἁγίας
1340 3906 1437 3960 καὶ
1474 3906 1566 3959 τοῦ
1612 3905 1860 3977 σώματος

284 3992 372 4046 τοῦ
398 3994 671 4066 σωτηρίου
707 3996 1241 4067 μεταλαμβάνοντας,
1277 4000 1371 4053 καὶ
1410 4000 1546 4069 μετὰ
1579 3998 1639 4051 τὸ
1671 4000 1862 4067 φαγεῖν

284 4087 721 4156 προσκυνοῦντας
747 4089 838 4142 τὸν
864 4089 1065 4161 δοτῆρα
1084 4092 1176 4144 καὶ
1205 4092 1437 4171 χορηγόν
1461 4092 1560 4162 τῆς
1597 4090 1859 4154 ζωοποιοῦ

282 4179 507 4250 τροφῆς,
542 4179 819 4251 θαυμάσαι
843 4199 903 4234 τε
931 4182 1038 4237 τῶν
1067 4183 1238 4252 λόγων
1271 4184 1331 4236 τὸ
1364 4184 1728 4254 ἀποτέλεσμα,
1771 4186 1863 4238 καὶ

283 4272 401 4322 κατ’
434 4270 606 4341 αὐτὴν
638 4272 738 4342 τὴν
783 4273 1073 4345 πρόχειρον
1124 4274 1267 4340 λέξιν
1312 4274 1379 4326 δι’
1423 4273 1598 4343 ἔργων
1630 4273 1865 4346 πληρού-

288 4377 470 4429 μενον.
507 4361 659 4417 Ἀντὶ
678 4362 734 4415 δὲ
762 4364 856 4416 τοῦ
879 4381 892 4394 ·
917 4367 971 4417 ol
1004 4364 1211 4429 πίονες
1229 4362 1339 4431 τῆς
1366 4363 1495 4433 γῆς,
1520 4365 1864 4435 ήρμήνευσεν

1963 1878 2133 1933 Deum
2188 1880 2568 1935 universorum
2620 1879 2951 1935 conversas?
2983 1878 3115 1944 Quae
3170 1878 3383 1942 civitas,
3425 1880 3551 1948 quis

1962 1970 2141 2036 locus,
2193 1985 2313 2040 quas
2363 1970 2560 2025 domus
2608 1985 2719 2024 non
2766 1971 3050 2040 quospiam
3104 1970 3293 2023 saltem
3346 1969 3547 2023 habent

1963 2059 2073 2115 Deo
2127 2067 2439 2131 segregatos
2480 2068 2534 2115 et
2571 2061 2807 2116 electos?
2852 2060 2972 2126 Quo
3014 2067 3173 2129 pacto
3216 2066 3395 2113 autem
3441 2058 3549 2112 illae

1962 2154 2316 2224 cognationes
2337 2153 2578 2223 gentium
2611 2153 2939 2209 oblivionem
2969 2153 3117 2207 illam
3148 2166 3301 2207 suam
3331 2150 3548 2221 deposi-

1961 2254 2100 2301 turae
2129 2247 2261 2311 sint,
2290 2258 2343 2302 et
2368 2246 2734 2302 recordaturae
2765 2245 2935 2301 Deum
2968 2247 3378 2312 universorum;
3411 2259 3550 2314 quo-

1962 2340 2126 2395 modo
2153 2340 2281 2395 item
2306 2339 2660 2396 convertendi
2699 2339 2767 2394 ad
2812 2356 2939 2394 eum
2982 2341 3092 2396 sint
3134 2337 3373 2393 universi
3408 2337 3546 2392 ﬁnes
3630 2343 3645 2359 ‘

1961 2440 2157 2502 terrae;
2189 2433 2291 2489 sub
2334 2434 2451 2489 haec
2499 2435 2733 2504 explicat
2764 2434 2852 2489 his
2889 2433 3071 2489 Verbis
3103 2451 3116 2487 :
3147 2432 3395 2504 quoniam
3436 2431 3547 2487 Dc-

1964 2527 2095 2581 mini
2133 2536 2211 2582 est
2250 2543 2484 2599 regnum,
2528 2537 2578 2582 et
2624 2529 2732 2595 ipse
2777 2527 3085 2581 dominatur
3113 2525 3366 2597 gentium.
3409 2523 3546 2577 Nam

1964 2620 2057 2689 qui
2090 2620 2219 2674 olim
2256 2619 2557 2675 dominium
2590 2620 2907 2675 obtinebant
2935 2619 3209 2674 daemones
3237 2622 3401 2686 atque
3431 2615 3549 2671 dia-

1963 2711 2146 2780 bolus,
2175 2713 2289 2782 jam
2322 2713 2566 2785 abrogati
2616 2721 2777 2778 sunt;
2821 2728 2885 2767 ac
2938 2712 3112 2767 solum
3152 2710 3396 2765 omnium
3436 2707 3546 2764 Do-

1964 2806 2100 2860 mini
2124 2804 2217 2861 Dei
2244 2821 2471 2876 regnum
2495 2806 2658 2875 viget.
2692 2804 2894 2861 Ordine
2926 2804 3094 2876 igitur
3119 2819 3182 2858 ac
3204 2816 3550 2873 consequen-

1964 2896 2042 2950 tia
2072 2912 2252 2952 sermo
2294 2904 2537 2963 constat;
2570 2912 2696 2951 nam
2729 2912 2853 2952 cum
2889 2897 3065 2965 primo
3094 2894 3344 2959 dixisset,
3380 2894 3546 2947 remi-

1965 2988 2263 3053 niscentur;
2319 2988 2596 3056 secundo,
2650 2996 3052 3054 convertentur;
3110 2987 3270 3042 tertio
3326 2986 3549 3041 demum

1966 3081 2174 3151 adjicit,
2208 3081 2523 3136 adorabunt.
2559 3079 2685 3135 Haec
2716 3095 2881 3151 porro
2914 3079 3096 3134 omnia
3123 3078 3393 3144 evenient,
3425 3092 3550 3147 quo-

1965 3174 2112 3230 niam
2144 3172 2356 3229 Domini
2385 3182 2463 3227 est
2492 3188 2729 3244 regnum,
2756 3180 2806 3225 et
2833 3172 2940 3240 ipse
2963 3170 3269 3224 dominatur
3292 3168 3544 3239 gentium.

2033 3349 2201 3407 Vens.
2238 3350 2328 3415 30,
2366 3350 2454 3404 ³51.
2496 3348 2945 3404 Manducaverunt
2970 3358 3017 3402 et
3055 3346 3404 3400 adoraverunt
3436 3361 3549 3400 σιη-

1963 3460 2051 3497 nes
2083 3442 2297 3512 pingues
2332 3449 2517 3506 terrw;
2554 3441 2609 3495 in
2656 3448 2931 3509 conspectu
2980 3439 3093 3504 eius
3137 3436 3323 3490 cadent
3370 3452 3549 3491 onlnes

1961 3534 2052 3604 qui
2075 3532 2393 3588 descendunt
2422 3534 2476 3587 in
2508 3540 2722 3587 terram.
2753 3530 2821 3584 Et
2851 3531 3031 3585 anima
3062 3545 3174 3583 mea
3206 3528 3291 3581 illi
3322 3529 3465 3591 vivit,
3490 3538 3549 3587 et

1961 3643 2134 3681 semen
2185 3641 2357 3679 meum
2411 3626 2596 3679 serviet
2637 3625 2757 3694 ipsi.
2828 3621 3070 3691 Singulis
3128 3619 3549 3674 resurrectionis

1965 3715 2267 3771 Salvatoris
2300 3714 2474 3770 nostri
2511 3714 2723 3777 diebus,
2759 3727 2880 3783 quae
2925 3710 3219 3765 Dominicae
3251 3716 3540 3771 vocantur,

1963 3810 2097 3882 ipsis
2130 3809 2303 3867 oculis
2351 3798 2574 3867 cernere
2619 3814 2705 3864 est
2755 3821 2850 3860 eos
2895 3804 2989 3875 qui
3031 3815 3249 3857 sacrum
3282 3799 3464 3855 cibum
3489 3810 3545 3855 et

1963 3904 2199 3959 salutare
2224 3918 2422 3972 corpus
2449 3899 2744 3970 accipiunt,
2776 3903 2900 3967 post
2931 3895 3107 3966 ipsum
3150 3890 3547 3959 esum,vivilici

1964 3993 2206 4050 alimenti
2246 3994 2559 4063 largitorem
2594 3998 2647 4047 et
2685 4004 2935 4060 promum
2973 3987 3222 4051 adorare,
3256 3993 3418 4056 atque
3446 3988 3551 4040 mi-

1963 4083 2075 4137 rari
2095 4083 2383 4138 verborum
2407 4081 2718 4151 hujusmodi
2739 4091 3012 4142 eventum,
3032 4084 3165 4132 et're
3185 4085 3355 4147 gesta,
3370 4077 3549 4146 quoad

1964 4175 2263 4246 planiorem
2312 4173 2442 4227 dicti
2484 4171 2838 4236 sententiam,
2880 4170 3160 4238 impletum
3208 4167 3547 4221 vaticinium.

1964 4264 2097 4339 Ejus
2126 4275 2306 4323 autem
2325 4268 2467 4332 loco,
2498 4266 2713 4335 pingues
2746 4274 2920 4328 terraz,
2949 4260 3549 4330 Symmachus,sagina-

1968 4370 2049 4415 tos
2081 4370 2270 4424 εει-ηε,
2327 4359 2719 4428 interpretatus
2764 4363 2867 4412 est.
2913 4353 3118 4424 Hisque
3172 4353 3480 4407 indicantur
3513 4350 3547 4402 ii

282 4452 310 4504 ὁ
340 4451 656 4524 Σύμμαχος,
699 4456 753 4507 oi
796 4456 1035 4523 λιπαροὶ
1072 4455 1183 4523 τῆς
1224 4455 1355 4524 γῆς.
1405 4456 1765 4527 Σημαίνονται
1807 4456 1863 4508 δὲ

1968 4453 2060 4523 qui
2081 4469 2144 4507 ex
2163 4452 2369 4507 cmlesti
2394 4450 2540 4513 cibo,
2558 4451 2736 4520 Opima
2761 4449 2958 4503 mentis
2984 4446 3301 4501 habitudine
3330 4459 3393 4498 ac
3417 4444 3549 4496 viri-

283 4540 368 4594 διὰ
399 4542 608 4596 τούτων
661 4544 711 4596 οἱ
760 4544 825 4598 ὲκ
869 4546 969 4614 τῆς
998 4546 1249 4617 οὐρανίου
1302 4547 1511 4617 τροφῆς
1563 4546 1662 4610 τὰς
1694 4547 1867 4616 ψυχὰς

286 4633 576 4704 εὐτραφεῖς
602 4634 697 4687 καὶ
721 4635 1013 4705 ῥωμαλέοι.
1055 4635 1196 4691 Ἀλλ’
1222 4631 1365 4690 οὗτοι
1397 4637 1495 4707 μὲν
1521 4638 1747 4706 ἔρανον
1772 4636 1867 4689 καὶ

286 4729 779 4793 προσεκύνησαν.
844 4728 1060 4800 Ἐπειδὴ
1112 4730 1169 4783 δὲ
1222 4729 1302 4781 δεῖ
1345 4728 1492 4800 αὐτῷ
1539 4729 1662 4784 πᾶν
1714 4732 1863 4799 γόνυ

287 4818 518 4889 κάμψαι
554 4818 928 4889 ἐπουρανίων
972 4823 1069 4877 καὶ
1117 4825 1392 4894 ἐπιγείων
1429 4826 1528 4879 καὶ
1578 4830 1864 4894 καταχθο-

287 4913 450 4975 νίων,
506 4913 733 4975 εἰκότως
770 4914 898 4985 ἐξῆς
940 4916 1296 4971 ἐπισυνάπτει
1342 4917 1540 4985 λέγων·
1587 4916 1864 4971 Ὲνὼπιον

285 5002 472 5056 αὐτοῦ
508 5005 1003 5071 προσπεσοῦνται
1041 5006 1264 5072 πάντες
1311 5011 1365 5061 οἱ
1406 5009 1864 5073 καταϐαίνοντες

289 5098 371 5161 είς
400 5094 554 5165 γῆν·
596 5097 712 5151 ἀνθ’
757 5090 821 5152 οὗ
854 5099 884 5151 δ
935 5099 1033 5170 μὲν
1076 5099 1340 5164 Ἀκύλας·
1397 5104 1500 5167 Ε’ίς
1546 5104 1868 5170 πρόσωπον

289 5188 472 5243 αὑτοῦ
527 5190 841 5259 κάμψουσι
890 5190 1114 5257 πάντες
1156 5194 1209 5245 οἱ
1267 5195 1729 5259 καταϐαίνοντες
1781 5194 1906 5260 εἰς’

296 5282 462 5349 χοῦν,
495 5283 780 5337 ἐκδέδωκε.
811 5284 1003 5353 Σαφῶς
1032 5285 1087 5337 δὲ
1119 5285 1204 5338 διὰ
1236 5286 1439 5341 τούτων
1466 5289 1560 5341 καὶ
1596 5288 1654 5341 τὸ
1684 5289 1869 5359 σχῆμα

293 5376 395 5429 τῶν
418 5376 549 5445 γόνυ
574 5376 867 5431 κλινόντων
903 5378 959 5431 ὲν
985 5380 1049 5448 τῇ
1093 5378 1387 5450 Ἐκκλησία
1424 5379 1516 5433 τοῦ
1562 5379 1697 5432 Θεοῦ
1734 5398 1872 5452 παρ-

301 5467 525 5533 ίσταται,
554 5464 892 5543 ὲνῇγόνατα
946 5470 1243 5536 κλίναντες,
1284 5474 1376 5525 καὶ
1409 5472 1477 5526 τά
1523 5472 1747 5544 μέτωπα
1794 5474 1872 5536 είς

300 5558 399 5628 γῆν
426 5563 761 5632 ἐρείσαντες,
786 5563 970 5616 τοῦτον
1017 5568 1338 5636 προσκυνεῖν
1371 5566 1594 5621 εἰώθασι
1628 5566 1719 5621 τὸν
1748 5565 1873 5635 τρό-

365 5745 407 5776 ²⁶
446 5742 686 5812 Philipp.
729 5757 800 5806 ιι,
840 5741 921 5797 ιθ.

1974 4548 2078 4603 bus
2106 4546 2303 4601 valent.
2333 4544 2438 4599 Sed
2470 4544 2525 4598 hi
2554 4542 2773 4613 quidem
2801 4540 3248 4595 manducaverunt
3274 4547 3322 4591 et
3354 4536 3550 4590 adora-

1974 4649 2173 4694 verunt.
2200 4637 2467 4704 Quoniam
2500 4651 2630 4692 vero
2676 4650 2814 4706 opus
2855 4644 2939 4689 est
2986 4642 3045 4686 ut
3087 4632 3190 4700 ipsi
3238 4645 3385 4682 omne
3417 4644 3550 4698 genu

1969 4733 2214 4800 ﬂectatur
2238 4730 2541 4793 caelestium,
2569 4727 2892 4781 terrestrium
2916 4736 2964 4778 et
2988 4723 3313 4791 inferuerunt
3338 4721 3405 4783 ὀ,
3429 4720 3551 4789 jure

1970 4832 2153 4894 postea
2182 4821 2417 4886 additur,
2464 4821 2523 4872 in
2556 4828 2833 4887 conspectu
2883 4816 2996 4884 ejus
3033 4812 3219 4866 cadent
3254 4828 3431 4864 omnes
3462 4814 3550 4881 qui

1971 4915 2289 4971 descendunt
2320 4916 2377 4968 in
2406 4922 2600 4967 terram
2641 4928 2658 4965 :
2702 4927 2801 4980 pro
2846 4924 2955 4978 quo
3004 4906 3222 4975 Aquila,
3253 4905 3307 4957 in
3352 4904 3550 4957 vultum

1969 5009 2082 5078 ejus
2113 5007 2319 5075 ﬂectent
2356 5021 2411 5059 se
2459 5019 2634 5057 omnes
2671 5001 2760 5070 qui
2809 4994 3126 5051 descendunt
3166 4994 3221 5046 in
3266 4991 3548 5060 pulverem.

1973 5100 2139 5167 Queis
2173 5096 2464 5153 manifeste
2498 5109 2687 5151 eorum
2726 5090 2816 5161 qui
2862 5089 2916 5142 in
2967 5084 3212 5140 Ecclesia
3250 5082 3345 5137 Dei
3374 5096 3548 5151 genua

1975 5190 2202 5245 ﬂectunt
2230 5203 2436 5242 morem
2466 5186 2709 5239 declarat
2741 5199 2751 5233 :
2787 5178 2861 5233 ibi
2909 5178 3053 5232 enim
3101 5187 3277 5245 genua
3328 5169 3551 5224 ﬂecten-

1974 5290 2078 5347 tes,
2112 5288 2275 5351 atque
2317 5277 2588 5333 frontibus
2625 5274 2738 5329 suis
2776 5279 2936 5324 terra!
2974 5267 3377 5326 incumbentes,
3408 5261 3553 5315 hunc

1977 5374 2237 5430 adorandi
2271 5373 2433 5426 ritum
2466 5375 2702 5424 servant.
2733 5360 2937 5417 Deinde
2980 5359 3255 5429 adjicitur.
3290 5366 3341 5410 et
3372 5354 3551 5407 anima

1977 5486 2091 5523 mea
2121 5467 2202 5521 illi
2231 5465 2377 5527 vivit,
2416 5472 2462 5515 et
2494 5475 2663 5513 semen
2700 5472 2873 5511 meum
2909 5454 3093 5508 serviet
3127 5453 3245 5520 ipsi.
3280 5448 3411 5516 Qua:
3440 5449 3553 5503 cla-

1978 5564 2095 5618 rius
2164 5555 2521 5631 Symmachus
2571 5554 2685 5607 heec
2743 5549 3167 5619 una-‘copulans
3226 5546 3538 5615 interpret}
