  <div class='ocr_page' id='page_1' title='image "/cluster/home/n/w/nwhite01/storage/ocr_20150623/23/mdp.39015078384396/116.png"; bbox 0 0 3940 6292; ppageno 0'>
   <div class='ocr_carea' id='block_1_1' title="bbox 280 288 382 343">
    <p class='ocr_par' dir='ltr' id='par_1_1' title="bbox 280 288 382 343">
     <span class='ocr_line' id='line_1_1' title="bbox 280 288 382 343; baseline 0.01 -1"><span class='ocrx_word' id='word_1_1' title='bbox 280 288 382 343; x_wconf 73' lang='grc'><strong>217</strong></span> 
     </span>
    </p>
   </div>
   <div class='ocr_carea' id='block_1_2' title="bbox 1225 418 1274 458">
    <p class='ocr_par' dir='ltr' id='par_1_2' title="bbox 1225 418 1274 458">
     <span class='ocr_line' id='line_1_2' title="bbox 1225 418 1274 458; baseline 0 -14"><span class='ocrx_word' id='word_1_2' title='bbox 1225 418 1274 458; x_wconf 50' lang='grc' dir='ltr'><strong>μιν</strong></span> 
     </span>
    </p>
   </div>
   <div class='ocr_carea' id='block_1_3' title="bbox 279 502 1860 590">
    <p class='ocr_par' dir='ltr' id='par_1_3' title="bbox 279 502 1860 590">
     <span class='ocr_line' id='line_1_3' title="bbox 279 502 1860 590; baseline 0.01 -35"><span class='ocrx_word' id='word_1_3' title='bbox 279 502 524 574; x_wconf 77' lang='grc' dir='ltr'><strong>πρόϐατα</strong></span> <span class='ocrx_word' id='word_1_4' title='bbox 553 508 934 577; x_wconf 81' lang='grc' dir='ltr'><strong>τυγχάνουσιν,</strong></span> <span class='ocrx_word' id='word_1_5' title='bbox 959 510 1064 564; x_wconf 81' lang='grc' dir='ltr'><strong>ὑπὸ</strong></span> <span class='ocrx_word' id='word_1_6' title='bbox 1103 513 1321 584; x_wconf 79' lang='grc' dir='ltr'><strong>ποιμένι</strong></span> <span class='ocrx_word' id='word_1_7' title='bbox 1350 513 1428 584; x_wconf 82' lang='grc' dir='ltr'><strong>τῷ</strong></span> <span class='ocrx_word' id='word_1_8' title='bbox 1468 514 1555 568; x_wconf 76' lang='grc' dir='ltr'><strong>διὰ</strong></span> <span class='ocrx_word' id='word_1_9' title='bbox 1605 517 1860 590; x_wconf 78' lang='grc' dir='ltr'><strong>Ἰεζεκιὴλ</strong></span> 
     </span>
    </p>
   </div>
   <div class='ocr_carea' id='block_1_4' title="bbox 276 593 1884 679">
    <p class='ocr_par' dir='ltr' id='par_1_4' title="bbox 276 593 1884 679">
     <span class='ocr_line' id='line_1_4' title="bbox 276 593 1884 679; baseline 0.012 -34"><span class='ocrx_word' id='word_1_10' title='bbox 276 593 569 666; x_wconf 78' lang='grc' dir='ltr'><strong>δηλωθέντι</strong></span> <span class='ocrx_word' id='word_1_11' title='bbox 613 598 798 664; x_wconf 79' lang='grc' dir='ltr'><strong>Δαυῖδ,</strong></span> <span class='ocrx_word' id='word_1_12' title='bbox 848 603 1094 656; x_wconf 77' lang='grc' dir='ltr'><strong>τουτέστι</strong></span> <span class='ocrx_word' id='word_1_13' title='bbox 1123 603 1202 676; x_wconf 80' lang='grc' dir='ltr'><strong>τῷ</strong></span> <span class='ocrx_word' id='word_1_14' title='bbox 1251 608 1314 658; x_wconf 86' lang='grc' dir='ltr'><strong>ὲκ</strong></span> <span class='ocrx_word' id='word_1_15' title='bbox 1358 607 1670 679; x_wconf 83' lang='grc' dir='ltr'><strong>σπέρματος</strong></span> <span class='ocrx_word' id='word_1_16' title='bbox 1699 611 1884 674; x_wconf 80' lang='grc' dir='ltr'><strong>Δαυῒδ,</strong></span> 
     </span>
    </p>
   </div>
   <div class='ocr_carea' id='block_1_5' title="bbox 277 688 1860 770">
    <p class='ocr_par' dir='ltr' id='par_1_5' title="bbox 277 688 1860 770">
     <span class='ocr_line' id='line_1_5' title="bbox 277 688 1860 770; baseline 0.011 -30"><span class='ocrx_word' id='word_1_17' title='bbox 277 688 488 760; x_wconf 72' lang='grc' dir='ltr'><strong>Σωτῆρι</strong></span> <span class='ocrx_word' id='word_1_18' title='bbox 526 691 686 762; x_wconf 78' lang='grc' dir='ltr'><strong>ἡμῶν</strong></span> <span class='ocrx_word' id='word_1_19' title='bbox 731 693 825 746; x_wconf 79' lang='grc' dir='ltr'><strong>καὶ</strong></span> <span class='ocrx_word' id='word_1_20' title='bbox 857 695 1112 766; x_wconf 77' lang='grc' dir='ltr'><strong>Χριστῷ,</strong></span> <span class='ocrx_word' id='word_1_21' title='bbox 1171 697 1467 770; x_wconf 80' lang='grc' dir='ltr'><strong>ἀγόμενοι,</strong></span> <span class='ocrx_word' id='word_1_22' title='bbox 1517 699 1860 756; x_wconf 78' lang='grc' dir='ltr'><strong>διδάσκονται</strong></span> 
     </span>
    </p>
   </div>
   <div class='ocr_carea' id='block_1_6' title="bbox 275 780 1860 864">
    <p class='ocr_par' dir='ltr' id='par_1_6' title="bbox 275 780 1860 864">
     <span class='ocr_line' id='line_1_6' title="bbox 275 780 1860 864; baseline 0.01 -30"><span class='ocrx_word' id='word_1_23' title='bbox 275 780 452 850; x_wconf 82' lang='grc' dir='ltr'><strong>λέγειν</strong></span> <span class='ocrx_word' id='word_1_24' title='bbox 477 805 489 814; x_wconf 63' lang='grc' dir='ltr'><strong>ι</strong></span> <span class='ocrx_word' id='word_1_25' title='bbox 517 786 732 852; x_wconf 81' lang='grc' dir='ltr'><strong>Κύριος</strong></span> <span class='ocrx_word' id='word_1_26' title='bbox 771 790 1066 858; x_wconf 76' lang='grc' dir='ltr'><strong>ποιμαίνει</strong></span> <span class='ocrx_word' id='word_1_27' title='bbox 1101 808 1198 860; x_wconf 82' lang='grc' dir='ltr'><strong>με,</strong></span> <span class='ocrx_word' id='word_1_28' title='bbox 1225 791 1324 846; x_wconf 76' lang='grc' dir='ltr'><strong>καὶ</strong></span> <span class='ocrx_word' id='word_1_29' title='bbox 1357 791 1538 848; x_wconf 81' lang='grc' dir='ltr'><strong>οὐδέν</strong></span> <span class='ocrx_word' id='word_1_30' title='bbox 1575 811 1648 864; x_wconf 83' lang='grc' dir='ltr'><strong>με</strong></span> <span class='ocrx_word' id='word_1_31' title='bbox 1685 797 1860 850; x_wconf 83' lang='grc' dir='ltr'><strong>ὑστε-</strong></span> 
     </span>
    </p>
   </div>
   <div class='ocr_carea' id='block_1_7' title="bbox 265 874 1861 960">
    <p class='ocr_par' dir='ltr' id='par_1_7' title="bbox 265 874 1861 960">
     <span class='ocr_line' id='line_1_7' title="bbox 265 874 1861 960; baseline 0.011 -33"><span class='ocrx_word' id='word_1_32' title='bbox 265 874 468 942; x_wconf 64' lang='lat' dir='ltr'><strong>prio-et.</strong></span> <span class='ocrx_word' id='word_1_33' title='bbox 489 879 552 929; x_wconf 79' lang='lat' dir='ltr'><strong>Ui</strong></span> <span class='ocrx_word' id='word_1_34' title='bbox 580 877 635 932; x_wconf 82' lang='grc' dir='ltr'><strong>δὲ</strong></span> <span class='ocrx_word' id='word_1_35' title='bbox 665 879 820 934; x_wconf 78' lang='grc' dir='ltr'><strong>αὐτοὶ</strong></span> <span class='ocrx_word' id='word_1_36' title='bbox 847 882 946 954; x_wconf 86' lang='grc' dir='ltr'><strong>τῆς</strong></span> <span class='ocrx_word' id='word_1_37' title='bbox 974 885 1164 954; x_wconf 77' lang='grc' dir='ltr'>νοερᾶς</span> <span class='ocrx_word' id='word_1_38' title='bbox 1194 885 1288 938; x_wconf 75' lang='grc' dir='ltr'><strong>καὶ</strong></span> <span class='ocrx_word' id='word_1_39' title='bbox 1315 887 1507 958; x_wconf 84' lang='grc' dir='ltr'><strong>καινῆς</strong></span> <span class='ocrx_word' id='word_1_40' title='bbox 1531 889 1737 960; x_wconf 76' lang='grc' dir='ltr'><strong>τροφῆς</strong></span> <span class='ocrx_word' id='word_1_41' title='bbox 1767 891 1861 944; x_wconf 73' lang='grc' dir='ltr'><strong>καὶ</strong></span> 
     </span>
    </p>
   </div>
   <div class='ocr_carea' id='block_1_8' title="bbox 273 965 1862 1050">
    <p class='ocr_par' dir='ltr' id='par_1_8' title="bbox 273 965 1862 1050">
     <span class='ocr_line' id='line_1_8' title="bbox 273 965 1862 1050; baseline 0.012 -33"><span class='ocrx_word' id='word_1_42' title='bbox 273 965 408 1029; x_wconf 79' lang='grc' dir='ltr'><strong>πόας</strong></span> <span class='ocrx_word' id='word_1_43' title='bbox 451 967 974 1042; x_wconf 82' lang='grc' dir='ltr'><strong>ἀντιλαμϐανόμενοι</strong></span> <span class='ocrx_word' id='word_1_44' title='bbox 1007 973 1106 1044; x_wconf 82' lang='grc' dir='ltr'><strong>τῆς</strong></span> <span class='ocrx_word' id='word_1_45' title='bbox 1150 977 1207 1028; x_wconf 86' lang='grc' dir='ltr'><strong>ὲν</strong></span> <span class='ocrx_word' id='word_1_46' title='bbox 1247 979 1360 1040; x_wconf 85' lang='grc' dir='ltr'><strong>τοῖς</strong></span> <span class='ocrx_word' id='word_1_47' title='bbox 1407 979 1570 1050; x_wconf 82' lang='grc' dir='ltr'><strong>ίεροῖς</strong></span> <span class='ocrx_word' id='word_1_48' title='bbox 1616 980 1862 1050; x_wconf 87' lang='grc' dir='ltr'><strong>Εύαγγε-</strong></span> 
     </span>
    </p>
   </div>
   <div class='ocr_carea' id='block_1_9' title="bbox 271 1057 1862 1142">
    <p class='ocr_par' dir='ltr' id='par_1_9' title="bbox 271 1057 1862 1142">
     <span class='ocr_line' id='line_1_9' title="bbox 271 1057 1862 1142; baseline 0.011 -33"><span class='ocrx_word' id='word_1_49' title='bbox 271 1057 404 1122; x_wconf 81' lang='grc' dir='ltr'><strong>λίοις</strong></span> <span class='ocrx_word' id='word_1_50' title='bbox 437 1059 688 1132; x_wconf 76' lang='grc' dir='ltr'><strong>ἐροῦσιν·</strong></span> <span class='ocrx_word' id='word_1_51' title='bbox 717 1062 824 1129; x_wconf 78' lang='grc' dir='ltr'><strong>Είς</strong></span> <span class='ocrx_word' id='word_1_52' title='bbox 861 1067 1048 1120; x_wconf 69' lang='grc' dir='ltr'><strong>τόπον</strong></span> <span class='ocrx_word' id='word_1_53' title='bbox 1069 1069 1261 1136; x_wconf 74' lang='grc' dir='ltr'><strong>χλόης</strong></span> <span class='ocrx_word' id='word_1_54' title='bbox 1291 1069 1418 1124; x_wconf 76' lang='grc' dir='ltr'><strong>ἐκεῖ</strong></span> <span class='ocrx_word' id='word_1_55' title='bbox 1447 1088 1526 1140; x_wconf 81' lang='grc' dir='ltr'><strong>με</strong></span> <span class='ocrx_word' id='word_1_56' title='bbox 1567 1073 1862 1142; x_wconf 82' lang='grc' dir='ltr'><strong>κατεσκή-</strong></span> 
     </span>
    </p>
   </div>
   <div class='ocr_carea' id='block_1_10' title="bbox 269 1156 1856 1240">
    <p class='ocr_par' dir='ltr' id='par_1_10' title="bbox 269 1156 1856 1240">
     <span class='ocr_line' id='line_1_10' title="bbox 269 1156 1856 1240; baseline 0.01 -34"><span class='ocrx_word' id='word_1_57' title='bbox 269 1169 488 1210; x_wconf 71' lang='grc' dir='ltr'><strong>νωσε-ν.</strong></span> <span class='ocrx_word' id='word_1_58' title='bbox 505 1156 684 1210; x_wconf 89' lang='grc' dir='ltr'><strong>Πίνων</strong></span> <span class='ocrx_word' id='word_1_59' title='bbox 704 1156 753 1210; x_wconf 78' lang='grc' dir='ltr'><strong>δὲ</strong></span> <span class='ocrx_word' id='word_1_60' title='bbox 779 1157 873 1212; x_wconf 78' lang='grc' dir='ltr'><strong>τοῦ</strong></span> <span class='ocrx_word' id='word_1_61' title='bbox 902 1158 1090 1224; x_wconf 83' lang='grc' dir='ltr'><strong>ὓδατος</strong></span> <span class='ocrx_word' id='word_1_62' title='bbox 1114 1163 1141 1214; x_wconf 97' lang='lat'><strong>6</strong></span> <span class='ocrx_word' id='word_1_63' title='bbox 1165 1163 1516 1236; x_wconf 69' lang='grc' dir='ltr'><strong>εἰσαγόμενος</strong></span> <span class='ocrx_word' id='word_1_64' title='bbox 1539 1167 1595 1220; x_wconf 83' lang='grc' dir='ltr'><strong>ὲν</strong></span> <span class='ocrx_word' id='word_1_65' title='bbox 1615 1168 1856 1240; x_wconf 82' lang='grc' dir='ltr'><strong>Χριστῷ,</strong></span> 
     </span>
    </p>
   </div>
   <div class='ocr_carea' id='block_1_11' title="bbox 269 1243 1858 1328">
    <p class='ocr_par' dir='ltr' id='par_1_11' title="bbox 269 1243 1858 1328">
     <span class='ocr_line' id='line_1_11' title="bbox 269 1243 1858 1328; baseline 0.011 -30"><span class='ocrx_word' id='word_1_66' title='bbox 269 1243 423 1299; x_wconf 77' lang='grc' dir='ltr'><strong>ούπω</strong></span> <span class='ocrx_word' id='word_1_67' title='bbox 445 1246 504 1300; x_wconf 77' lang='grc' dir='ltr'><strong>δὲ</strong></span> <span class='ocrx_word' id='word_1_68' title='bbox 533 1249 628 1300; x_wconf 80' lang='grc' dir='ltr'><strong>τοῦ</strong></span> <span class='ocrx_word' id='word_1_69' title='bbox 655 1249 796 1303; x_wconf 75' lang='grc' dir='ltr'>οἴνου</span> <span class='ocrx_word' id='word_1_70' title='bbox 824 1249 917 1302; x_wconf 86' lang='grc' dir='ltr'><strong>τοῦ</strong></span> <span class='ocrx_word' id='word_1_71' title='bbox 955 1252 1056 1322; x_wconf 85' lang='grc' dir='ltr'><strong>τῆς</strong></span> <span class='ocrx_word' id='word_1_72' title='bbox 1081 1253 1336 1326; x_wconf 76' lang='grc' dir='ltr'><strong>ἀληθινῆς</strong></span> <span class='ocrx_word' id='word_1_73' title='bbox 1374 1257 1617 1328; x_wconf 79' lang='grc' dir='ltr'>ἀμπέλου</span> <span class='ocrx_word' id='word_1_74' title='bbox 1661 1256 1771 1326; x_wconf 77' lang='grc' dir='ltr'><strong>οἷός</strong></span> <span class='ocrx_word' id='word_1_75' title='bbox 1799 1281 1858 1316; x_wconf 88' lang='grc' dir='ltr'><strong>τε</strong></span> 
     </span>
    </p>
   </div>
   <div class='ocr_carea' id='block_1_12' title="bbox 271 1339 1858 1418">
    <p class='ocr_par' dir='ltr' id='par_1_12' title="bbox 271 1339 1858 1418">
     <span class='ocr_line' id='line_1_12' title="bbox 271 1339 1858 1418; baseline 0.009 -28"><span class='ocrx_word' id='word_1_76' title='bbox 271 1339 345 1390; x_wconf 82' lang='grc' dir='ltr'><strong>ὢν</strong></span> <span class='ocrx_word' id='word_1_77' title='bbox 375 1340 836 1412; x_wconf 81' lang='grc' dir='ltr'><strong>μεταλαμϐάνειν,</strong></span> <span class='ocrx_word' id='word_1_78' title='bbox 867 1343 954 1397; x_wconf 85' lang='grc' dir='ltr'><strong>διά</strong></span> <span class='ocrx_word' id='word_1_79' title='bbox 986 1344 1048 1398; x_wconf 86' lang='grc' dir='ltr'><strong>τὸ</strong></span> <span class='ocrx_word' id='word_1_80' title='bbox 1085 1345 1166 1398; x_wconf 82' lang='grc' dir='ltr'><strong>ἔτι</strong></span> <span class='ocrx_word' id='word_1_81' title='bbox 1208 1348 1482 1418; x_wconf 90' lang='grc' dir='ltr'><strong>πρόϐατον</strong></span> <span class='ocrx_word' id='word_1_82' title='bbox 1517 1345 1674 1418; x_wconf 77' lang='grc' dir='ltr'><strong>εἶναι,</strong></span> <span class='ocrx_word' id='word_1_83' title='bbox 1720 1353 1858 1418; x_wconf 80' lang='grc' dir='ltr'><strong>τέως</strong></span> 
     </span>
    </p>
   </div>
   <div class='ocr_carea' id='block_1_13' title="bbox 271 1431 1859 1513">
    <p class='ocr_par' dir='ltr' id='par_1_13' title="bbox 271 1431 1859 1513">
     <span class='ocr_line' id='line_1_13' title="bbox 271 1431 1859 1513; baseline 0.011 -31"><span class='ocrx_word' id='word_1_84' title='bbox 271 1431 328 1482; x_wconf 74' lang='grc' dir='ltr'><strong>δὲ</strong></span> <span class='ocrx_word' id='word_1_85' title='bbox 361 1432 436 1502; x_wconf 83' lang='grc' dir='ltr'><strong>τῷ</strong></span> <span class='ocrx_word' id='word_1_86' title='bbox 463 1433 716 1506; x_wconf 81' lang='grc' dir='ltr'><strong>σωτηρίῳ</strong></span> <span class='ocrx_word' id='word_1_87' title='bbox 763 1437 1096 1508; x_wconf 70' lang='grc' dir='ltr'>τρεφόμενος</span> <span class='ocrx_word' id='word_1_88' title='bbox 1153 1437 1324 1506; x_wconf 77' lang='grc' dir='ltr'><strong>ὕδατι,</strong></span> <span class='ocrx_word' id='word_1_89' title='bbox 1371 1443 1498 1513; x_wconf 74' lang='grc' dir='ltr'>περὶ</span> <span class='ocrx_word' id='word_1_90' title='bbox 1545 1436 1606 1496; x_wconf 76' lang='grc' dir='ltr'>οὗ</span> <span class='ocrx_word' id='word_1_91' title='bbox 1659 1445 1786 1498; x_wconf 84' lang='grc' dir='ltr'><strong>ἐϐόα</strong></span> <span class='ocrx_word' id='word_1_92' title='bbox 1830 1447 1859 1498; x_wconf 88' lang='grc' dir='ltr'><strong>ὀ</strong></span> 
     </span>
    </p>
   </div>
   <div class='ocr_carea' id='block_1_14' title="bbox 271 1523 1856 1605">
    <p class='ocr_par' dir='ltr' id='par_1_14' title="bbox 271 1523 1856 1605">
     <span class='ocr_line' id='line_1_14' title="bbox 271 1523 1856 1605; baseline 0.011 -31"><span class='ocrx_word' id='word_1_93' title='bbox 271 1523 462 1594; x_wconf 76' lang='grc' dir='ltr'><strong>Σωτὴρ</strong></span> <span class='ocrx_word' id='word_1_94' title='bbox 489 1524 662 1594; x_wconf 72' lang='grc' dir='ltr'><strong>λέγων</strong></span> <span class='ocrx_word' id='word_1_95' title='bbox 681 1543 694 1556; x_wconf 94' lang='grc'><strong>·</strong></span> <span class='ocrx_word' id='word_1_96' title='bbox 739 1527 813 1581; x_wconf 80' lang='lat' dir='ltr'><strong>El</strong></span> <span class='ocrx_word' id='word_1_97' title='bbox 842 1545 930 1594; x_wconf 84' lang='grc' dir='ltr'><strong>τις</strong></span> <span class='ocrx_word' id='word_1_98' title='bbox 961 1527 1132 1597; x_wconf 70' lang='grc' dir='ltr'><strong>διψᾷ,</strong></span> <span class='ocrx_word' id='word_1_99' title='bbox 1158 1531 1424 1601; x_wconf 78' lang='grc' dir='ltr'><strong>ἐρχέσθω</strong></span> <span class='ocrx_word' id='word_1_100' title='bbox 1451 1537 1604 1603; x_wconf 83' lang='grc' dir='ltr'><strong>πρός</strong></span> <span class='ocrx_word' id='word_1_101' title='bbox 1631 1551 1708 1605; x_wconf 80' lang='grc' dir='ltr'><strong>με</strong></span> <span class='ocrx_word' id='word_1_102' title='bbox 1757 1538 1856 1590; x_wconf 77' lang='grc' dir='ltr'><strong>καὶ</strong></span> 
     </span>
    </p>
   </div>
   <div class='ocr_carea' id='block_1_15' title="bbox 269 1615 1855 1694">
    <p class='ocr_par' dir='ltr' id='par_1_15' title="bbox 269 1615 1855 1694">
     <span class='ocr_line' id='line_1_15' title="bbox 269 1615 1855 1694; baseline 0.011 -28"><span class='ocrx_word' id='word_1_103' title='bbox 269 1615 516 1670; x_wconf 74' lang='grc' dir='ltr'><strong>πι-νέτωο</strong></span> <span class='ocrx_word' id='word_1_104' title='bbox 546 1619 641 1671; x_wconf 78' lang='grc' dir='ltr'><strong>καὶ</strong></span> <span class='ocrx_word' id='word_1_105' title='bbox 683 1619 876 1674; x_wconf 77' lang='grc' dir='ltr'><strong>πάλιν·</strong></span> <span class='ocrx_word' id='word_1_106' title='bbox 914 1621 978 1674; x_wconf 87' lang='lat'><strong>&#39;0</strong></span> <span class='ocrx_word' id='word_1_107' title='bbox 1007 1623 1200 1678; x_wconf 71' lang='grc' dir='ltr'><strong>πίνων</strong></span> <span class='ocrx_word' id='word_1_108' title='bbox 1253 1625 1322 1678; x_wconf 84' lang='grc' dir='ltr'><strong>ἐκ</strong></span> <span class='ocrx_word' id='word_1_109' title='bbox 1371 1625 1476 1680; x_wconf 85' lang='grc' dir='ltr'><strong>τοῦ</strong></span> <span class='ocrx_word' id='word_1_110' title='bbox 1517 1626 1736 1694; x_wconf 80' lang='grc' dir='ltr'><strong>ὓδατος</strong></span> <span class='ocrx_word' id='word_1_111' title='bbox 1783 1625 1855 1685; x_wconf 83' lang='grc' dir='ltr'><strong>οὗ</strong></span> 
     </span>
    </p>
   </div>
   <div class='ocr_carea' id='block_1_16' title="bbox 265 1705 1856 1786">
    <p class='ocr_par' dir='ltr' id='par_1_16' title="bbox 265 1705 1856 1786">
     <span class='ocr_line' id='line_1_16' title="bbox 265 1705 1856 1786; baseline 0.009 -27"><span class='ocrx_word' id='word_1_112' title='bbox 265 1705 382 1776; x_wconf 72' lang='grc' dir='ltr'><strong>ἐγὼ</strong></span> <span class='ocrx_word' id='word_1_113' title='bbox 417 1707 594 1764; x_wconf 75' lang='grc' dir='ltr'><strong>δώσω</strong></span> <span class='ocrx_word' id='word_1_114' title='bbox 625 1712 805 1778; x_wconf 83' lang='grc' dir='ltr'><strong>αὐτῷ,</strong></span> <span class='ocrx_word' id='word_1_115' title='bbox 843 1715 1096 1783; x_wconf 77' lang='grc' dir='ltr'><strong>ποταμοὶ</strong></span> <span class='ocrx_word' id='word_1_116' title='bbox 1130 1715 1200 1768; x_wconf 77' lang='grc' dir='ltr'><strong>ἐκ</strong></span> <span class='ocrx_word' id='word_1_117' title='bbox 1250 1716 1360 1784; x_wconf 82' lang='grc' dir='ltr'><strong>τῆς</strong></span> <span class='ocrx_word' id='word_1_118' title='bbox 1393 1719 1626 1786; x_wconf 76' lang='grc' dir='ltr'><strong>κοιλίας</strong></span> <span class='ocrx_word' id='word_1_119' title='bbox 1671 1720 1856 1776; x_wconf 86' lang='grc' dir='ltr'><strong>αὐτοῦ</strong></span> 
     </span>
    </p>
   </div>
   <div class='ocr_carea' id='block_1_17' title="bbox 1449 299 2446 370">
    <p class='ocr_par' dir='ltr' id='par_1_17' title="bbox 1449 299 2446 370">
     <span class='ocr_line' id='line_1_17' title="bbox 1449 299 2446 370; baseline 0.015 -16"><span class='ocrx_word' id='word_1_120' title='bbox 1449 299 1952 358; x_wconf 73' lang='lat' dir='ltr'><strong>COMMENTARIA</strong></span> <span class='ocrx_word' id='word_1_121' title='bbox 1995 305 2060 361; x_wconf 84' lang='lat' dir='ltr'><strong>IN</strong></span> <span class='ocrx_word' id='word_1_122' title='bbox 2101 306 2446 370; x_wconf 75' lang='lat' dir='ltr'><strong>PSALMOS.</strong></span> 
     </span>
    </p>
   </div>
   <div class='ocr_carea' id='block_1_18' title="bbox 277 411 1842 520">
    <p class='ocr_par' dir='ltr' id='par_1_18' title="bbox 277 411 1842 497">
     <span class='ocr_line' id='line_1_18' title="bbox 277 411 1842 497; baseline 0.015 -36"><span class='ocrx_word' id='word_1_123' title='bbox 277 411 632 485; x_wconf 81' lang='grc' dir='ltr'><strong>τελειότερον,</strong></span> <span class='ocrx_word' id='word_1_124' title='bbox 673 415 948 488; x_wconf 76' lang='grc' dir='ltr'><strong>ἄνθρωποι</strong></span> <span class='ocrx_word' id='word_1_125' title='bbox 997 418 1446 492; x_wconf 78' lang='grc' dir='ltr'><strong>χρηματίζουσιν.</strong></span> <span class='ocrx_word' id='word_1_126' title='bbox 1493 421 1620 476; x_wconf 84' lang='grc' dir='ltr'><strong>Ὅτε</strong></span> <span class='ocrx_word' id='word_1_127' title='bbox 1649 441 1712 492; x_wconf 86' lang='grc' dir='ltr'>γε</span> <span class='ocrx_word' id='word_1_128' title='bbox 1759 425 1842 497; x_wconf 81' lang='grc' dir='ltr'><strong>μὴ·</strong></span> 
     </span>
    </p>
   </div>
   <div class='ocr_carea' id='block_1_19' title="bbox 1947 411 3548 520">
    <p class='ocr_par' dir='ltr' id='par_1_19' title="bbox 1966 435 3548 520">
     <span class='ocr_line' id='line_1_19' title="bbox 1966 435 3548 520; baseline 0.017 -38"><span class='ocrx_word' id='word_1_129' title='bbox 1966 440 2148 486; x_wconf 87' lang='lat' dir='ltr'><strong>autem</strong></span> <span class='ocrx_word' id='word_1_130' title='bbox 2211 435 2499 504; x_wconf 78' lang='lat' dir='ltr'><strong>provecti,</strong></span> <span class='ocrx_word' id='word_1_131' title='bbox 2563 435 2814 497; x_wconf 84' lang='lat' dir='ltr'><strong>homines</strong></span> <span class='ocrx_word' id='word_1_132' title='bbox 2873 453 3162 502; x_wconf 76' lang='lat' dir='ltr'><strong>vocantur.</strong></span> <span class='ocrx_word' id='word_1_133' title='bbox 3239 448 3322 504; x_wconf 85' lang='lat' dir='ltr'><strong>Illi</strong></span> <span class='ocrx_word' id='word_1_134' title='bbox 3381 466 3548 520; x_wconf 86' lang='lat' dir='ltr'><strong>porro</strong></span> 
     </span>
    </p>
   </div>
   <div class='ocr_carea' id='block_1_20' title="bbox 3440 332 3547 388">
    <p class='ocr_par' dir='ltr' id='par_1_20' title="bbox 3440 332 3547 388">
     <span class='ocr_line' id='line_1_20' title="bbox 3440 332 3547 388; baseline 0.028 -3"><span class='ocrx_word' id='word_1_135' title='bbox 3440 332 3547 388; x_wconf 77' lang='lat' dir='ltr'><strong>2l8</strong></span> 
     </span>
    </p>
   </div>
   <div class='ocr_carea' id='block_1_21' title="bbox 1964 524 3549 608">
    <p class='ocr_par' dir='ltr' id='par_1_21' title="bbox 1964 524 3549 608">
     <span class='ocr_line' id='line_1_21' title="bbox 1964 524 3549 608; baseline 0.015 -33"><span class='ocrx_word' id='word_1_136' title='bbox 1964 524 2184 592; x_wconf 85' lang='lat' dir='ltr'><strong>quando</strong></span> <span class='ocrx_word' id='word_1_137' title='bbox 2211 541 2342 582; x_wconf 85' lang='lat' dir='ltr'><strong>oves</strong></span> <span class='ocrx_word' id='word_1_138' title='bbox 2371 537 2532 595; x_wconf 90' lang='lat' dir='ltr'><strong>sunt,</strong></span> <span class='ocrx_word' id='word_1_139' title='bbox 2579 545 2609 584; x_wconf 92' lang='lat' dir='ltr'><strong>a</strong></span> <span class='ocrx_word' id='word_1_140' title='bbox 2642 541 2864 602; x_wconf 87' lang='lat' dir='ltr'><strong>pastore</strong></span> <span class='ocrx_word' id='word_1_141' title='bbox 2909 554 3069 608; x_wconf 90' lang='lat' dir='ltr'><strong>quem</strong></span> <span class='ocrx_word' id='word_1_142' title='bbox 3095 539 3347 600; x_wconf 76' lang='lat' dir='ltr'><strong>Ezechiel</strong></span> <span class='ocrx_word' id='word_1_143' title='bbox 3383 543 3549 600; x_wconf 86' lang='lat' dir='ltr'><strong>Davi-</strong></span> 
     </span>
    </p>
   </div>
   <div class='ocr_carea' id='block_1_22' title="bbox 1963 613 3547 693">
    <p class='ocr_par' dir='ltr' id='par_1_22' title="bbox 1963 613 3547 693">
     <span class='ocr_line' id='line_1_22' title="bbox 1963 613 3547 693; baseline 0.017 -27"><span class='ocrx_word' id='word_1_144' title='bbox 1963 613 2048 668; x_wconf 90' lang='lat' dir='ltr'><strong>dis</strong></span> <span class='ocrx_word' id='word_1_145' title='bbox 2101 616 2325 672; x_wconf 86' lang='lat' dir='ltr'><strong>nomine</strong></span> <span class='ocrx_word' id='word_1_146' title='bbox 2381 619 2590 674; x_wconf 88' lang='lat' dir='ltr'><strong>indicat</strong></span> <span class='ocrx_word' id='word_1_147' title='bbox 2625 625 2694 688; x_wconf 81' lang='lat'><strong>&quot;,</strong></span> <span class='ocrx_word' id='word_1_148' title='bbox 2728 625 2778 680; x_wconf 91' lang='lat' dir='ltr'><strong>id</strong></span> <span class='ocrx_word' id='word_1_149' title='bbox 2827 635 2909 682; x_wconf 90' lang='lat' dir='ltr'><strong>est</strong></span> <span class='ocrx_word' id='word_1_150' title='bbox 2963 629 3304 692; x_wconf 85' lang='lat' dir='ltr'><strong>aSalvatore</strong></span> <span class='ocrx_word' id='word_1_151' title='bbox 3354 644 3547 693; x_wconf 89' lang='lat' dir='ltr'><strong>nostro</strong></span> 
     </span>
    </p>
   </div>
   <div class='ocr_carea' id='block_1_23' title="bbox 1961 703 3547 794">
    <p class='ocr_par' dir='ltr' id='par_1_23' title="bbox 1961 703 3547 794">
     <span class='ocr_line' id='line_1_23' title="bbox 1961 703 3547 794; baseline 0.015 -34"><span class='ocrx_word' id='word_1_152' title='bbox 1961 703 2184 762; x_wconf 85' lang='lat' dir='ltr'><strong>Christo</strong></span> <span class='ocrx_word' id='word_1_153' title='bbox 2210 709 2384 774; x_wconf 89' lang='lat' dir='ltr'><strong>ducti,</strong></span> <span class='ocrx_word' id='word_1_154' title='bbox 2415 713 2484 766; x_wconf 90' lang='lat' dir='ltr'><strong>ad</strong></span> <span class='ocrx_word' id='word_1_155' title='bbox 2515 713 2630 770; x_wconf 84' lang='lat' dir='ltr'><strong>haec</strong></span> <span class='ocrx_word' id='word_1_156' title='bbox 2655 716 2888 774; x_wconf 84' lang='lat' dir='ltr'><strong>dicenda</strong></span> <span class='ocrx_word' id='word_1_157' title='bbox 2929 721 3318 794; x_wconf 88' lang='lat' dir='ltr'><strong>instituuntur,</strong></span> <span class='ocrx_word' id='word_1_158' title='bbox 3357 727 3547 782; x_wconf 88' lang='lat' dir='ltr'><strong>Domi-</strong></span> 
     </span>
    </p>
   </div>
   <div class='ocr_carea' id='block_1_24' title="bbox 1963 801 3546 892">
    <p class='ocr_par' dir='ltr' id='par_1_24' title="bbox 1963 801 3546 892">
     <span class='ocr_line' id='line_1_24' title="bbox 1963 801 3546 892; baseline 0.017 -42"><span class='ocrx_word' id='word_1_159' title='bbox 1963 813 2059 851; x_wconf 87' lang='lat' dir='ltr'><strong>nus</strong></span> <span class='ocrx_word' id='word_1_160' title='bbox 2085 801 2256 868; x_wconf 86' lang='lat' dir='ltr'><strong>pascit</strong></span> <span class='ocrx_word' id='word_1_161' title='bbox 2291 819 2392 868; x_wconf 86' lang='lat' dir='ltr'><strong>me,</strong></span> <span class='ocrx_word' id='word_1_162' title='bbox 2417 813 2466 858; x_wconf 90' lang='lat' dir='ltr'><strong>et</strong></span> <span class='ocrx_word' id='word_1_163' title='bbox 2496 807 2632 861; x_wconf 83' lang='lat' dir='ltr'><strong>nihil</strong></span> <span class='ocrx_word' id='word_1_164' title='bbox 2655 809 2784 862; x_wconf 81' lang='lat' dir='ltr'><strong>mihi</strong></span> <span class='ocrx_word' id='word_1_165' title='bbox 2803 812 2992 869; x_wconf 85' lang='lat' dir='ltr'><strong>deerit.</strong></span> <span class='ocrx_word' id='word_1_166' title='bbox 3045 815 3126 870; x_wconf 84' lang='lat' dir='ltr'><strong>illi</strong></span> <span class='ocrx_word' id='word_1_167' title='bbox 3163 835 3290 874; x_wconf 91' lang='lat' dir='ltr'><strong>vero</strong></span> <span class='ocrx_word' id='word_1_168' title='bbox 3317 822 3423 892; x_wconf 88' lang='lat' dir='ltr'><strong>ipsi</strong></span> <span class='ocrx_word' id='word_1_169' title='bbox 3459 821 3546 877; x_wconf 87' lang='lat' dir='ltr'><strong>in-</strong></span> 
     </span>
    </p>
   </div>
   <div class='ocr_carea' id='block_1_25' title="bbox 1961 888 3540 976">
    <p class='ocr_par' dir='ltr' id='par_1_25' title="bbox 1961 888 3540 976">
     <span class='ocr_line' id='line_1_25' title="bbox 1961 888 3540 976; baseline 0.016 -36"><span class='ocrx_word' id='word_1_170' title='bbox 1961 888 2226 960; x_wconf 82' lang='lat' dir='ltr'><strong>tclligibili</strong></span> <span class='ocrx_word' id='word_1_171' title='bbox 2259 907 2322 948; x_wconf 90' lang='lat' dir='ltr'><strong>ac</strong></span> <span class='ocrx_word' id='word_1_172' title='bbox 2349 911 2493 950; x_wconf 85' lang='lat' dir='ltr'><strong>novo</strong></span> <span class='ocrx_word' id='word_1_173' title='bbox 2527 897 2784 955; x_wconf 87' lang='lat' dir='ltr'><strong>alimento</strong></span> <span class='ocrx_word' id='word_1_174' title='bbox 2817 911 2980 972; x_wconf 89' lang='lat' dir='ltr'><strong>atque</strong></span> <span class='ocrx_word' id='word_1_175' title='bbox 3007 907 3229 976; x_wconf 84' lang='lat' dir='ltr'><strong>pascuis</strong></span> <span class='ocrx_word' id='word_1_176' title='bbox 3257 888 3540 968; x_wconf 79' lang='lat' dir='ltr'><strong>sacrorum</strong></span> 
     </span>
    </p>
   </div>
   <div class='ocr_carea' id='block_1_26' title="bbox 1961 981 3542 1070">
    <p class='ocr_par' dir='ltr' id='par_1_26' title="bbox 1961 981 3542 1070">
     <span class='ocr_line' id='line_1_26' title="bbox 1961 981 3542 1070; baseline 0.016 -34"><span class='ocrx_word' id='word_1_177' title='bbox 1961 981 2380 1056; x_wconf 81' lang='lat' dir='ltr'><strong>Evangeliorum</strong></span> <span class='ocrx_word' id='word_1_178' title='bbox 2438 995 2698 1058; x_wconf 82' lang='lat' dir='ltr'><strong>enutriti,</strong></span> <span class='ocrx_word' id='word_1_179' title='bbox 2747 994 2952 1062; x_wconf 86' lang='lat' dir='ltr'><strong>dicent,</strong></span> <span class='ocrx_word' id='word_1_180' title='bbox 2992 999 3046 1054; x_wconf 86' lang='lat' dir='ltr'><strong>in</strong></span> <span class='ocrx_word' id='word_1_181' title='bbox 3083 999 3197 1056; x_wconf 88' lang='lat' dir='ltr'><strong>loco</strong></span> <span class='ocrx_word' id='word_1_182' title='bbox 3227 1019 3439 1070; x_wconf 68' lang='lat' dir='ltr'><strong>pascuae</strong></span> <span class='ocrx_word' id='word_1_183' title='bbox 3469 1007 3542 1062; x_wconf 90' lang='lat' dir='ltr'><strong>ibi</strong></span> 
     </span>
    </p>
   </div>
   <div class='ocr_carea' id='block_1_27' title="bbox 1961 1077 3576 1168">
    <p class='ocr_par' dir='ltr' id='par_1_27' title="bbox 1961 1077 3576 1168">
     <span class='ocr_line' id='line_1_27' title="bbox 1961 1077 3576 1168; baseline 0.015 -41"><span class='ocrx_word' id='word_1_184' title='bbox 1961 1092 2042 1129; x_wconf 88' lang='lat' dir='ltr'><strong>me</strong></span> <span class='ocrx_word' id='word_1_185' title='bbox 2075 1077 2372 1134; x_wconf 79' lang='lat' dir='ltr'><strong>collocavit.</strong></span> <span class='ocrx_word' id='word_1_186' title='bbox 2410 1080 2522 1164; x_wconf 67' lang='lat' dir='ltr'><strong>Qui</strong></span> <span class='ocrx_word' id='word_1_187' title='bbox 2555 1093 2736 1140; x_wconf 89' lang='lat' dir='ltr'><strong>autem</strong></span> <span class='ocrx_word' id='word_1_188' title='bbox 2777 1087 2830 1142; x_wconf 90' lang='lat' dir='ltr'><strong>in</strong></span> <span class='ocrx_word' id='word_1_189' title='bbox 2863 1087 3086 1146; x_wconf 87' lang='lat' dir='ltr'><strong>Christo</strong></span> <span class='ocrx_word' id='word_1_190' title='bbox 3117 1093 3386 1160; x_wconf 86' lang='lat' dir='ltr'><strong>initiatur,</strong></span> <span class='ocrx_word' id='word_1_191' title='bbox 3421 1099 3576 1168; x_wconf 89' lang='lat' dir='ltr'><strong>qui-.</strong></span> 
     </span>
    </p>
   </div>
   <div class='ocr_carea' id='block_1_28' title="bbox 1960 1177 3542 1245">
    <p class='ocr_par' dir='ltr' id='par_1_28' title="bbox 1960 1177 3542 1245">
     <span class='ocr_line' id='line_1_28' title="bbox 1960 1177 3542 1245; baseline 0.016 -25"><span class='ocrx_word' id='word_1_192' title='bbox 1960 1182 2068 1236; x_wconf 90' lang='lat' dir='ltr'><strong>que</strong></span> <span class='ocrx_word' id='word_1_193' title='bbox 2101 1181 2297 1238; x_wconf 86' lang='lat' dir='ltr'><strong>aquam</strong></span> <span class='ocrx_word' id='word_1_194' title='bbox 2325 1180 2500 1242; x_wconf 87' lang='lat' dir='ltr'><strong>potat,</strong></span> <span class='ocrx_word' id='word_1_195' title='bbox 2529 1177 2674 1245; x_wconf 89' lang='lat' dir='ltr'><strong>quod</strong></span> <span class='ocrx_word' id='word_1_196' title='bbox 2705 1179 2948 1234; x_wconf 89' lang='lat' dir='ltr'><strong>nondum</strong></span> <span class='ocrx_word' id='word_1_197' title='bbox 2981 1183 3158 1240; x_wconf 86' lang='lat' dir='ltr'><strong>valeat</strong></span> <span class='ocrx_word' id='word_1_198' title='bbox 3185 1187 3370 1242; x_wconf 89' lang='lat' dir='ltr'><strong>vinum</strong></span> <span class='ocrx_word' id='word_1_199' title='bbox 3401 1207 3542 1245; x_wconf 72' lang='lat' dir='ltr'><strong>vera:</strong></span> 
     </span>
    </p>
   </div>
   <div class='ocr_carea' id='block_1_29' title="bbox 1961 1260 3543 1346">
    <p class='ocr_par' dir='ltr' id='par_1_29' title="bbox 1961 1260 3543 1346">
     <span class='ocr_line' id='line_1_29' title="bbox 1961 1260 3543 1346; baseline 0.015 -33"><span class='ocrx_word' id='word_1_200' title='bbox 1961 1260 2088 1315; x_wconf 90' lang='lat' dir='ltr'><strong>vitis</strong></span> <span class='ocrx_word' id='word_1_201' title='bbox 2129 1262 2338 1330; x_wconf 85' lang='lat' dir='ltr'><strong>bibere,</strong></span> <span class='ocrx_word' id='word_1_202' title='bbox 2375 1267 2504 1336; x_wconf 89' lang='lat' dir='ltr'><strong>quia</strong></span> <span class='ocrx_word' id='word_1_203' title='bbox 2543 1268 2722 1324; x_wconf 90' lang='lat' dir='ltr'><strong>adhuc</strong></span> <span class='ocrx_word' id='word_1_204' title='bbox 2776 1271 2832 1326; x_wconf 90' lang='lat' dir='ltr'><strong>in</strong></span> <span class='ocrx_word' id='word_1_205' title='bbox 2878 1274 3062 1346; x_wconf 87' lang='lat' dir='ltr'><strong>ovium</strong></span> <span class='ocrx_word' id='word_1_206' title='bbox 3117 1292 3352 1334; x_wconf 85' lang='lat' dir='ltr'><strong>numero</strong></span> <span class='ocrx_word' id='word_1_207' title='bbox 3391 1296 3543 1336; x_wconf 87' lang='lat' dir='ltr'><strong>com-</strong></span> 
     </span>
    </p>
   </div>
   <div class='ocr_carea' id='block_1_30' title="bbox 1959 1357 3538 1438">
    <p class='ocr_par' dir='ltr' id='par_1_30' title="bbox 1959 1357 3538 1438">
     <span class='ocr_line' id='line_1_30' title="bbox 1959 1357 3538 1438; baseline 0.015 -33"><span class='ocrx_word' id='word_1_208' title='bbox 1959 1357 2207 1423; x_wconf 77' lang='lat' dir='ltr'><strong>putatur,</strong></span> <span class='ocrx_word' id='word_1_209' title='bbox 2255 1357 2350 1412; x_wconf 91' lang='lat' dir='ltr'><strong>sed</strong></span> <span class='ocrx_word' id='word_1_210' title='bbox 2399 1365 2584 1414; x_wconf 89' lang='lat' dir='ltr'><strong>tamen</strong></span> <span class='ocrx_word' id='word_1_211' title='bbox 2630 1363 2862 1418; x_wconf 85' lang='lat' dir='ltr'><strong>salutari</strong></span> <span class='ocrx_word' id='word_1_212' title='bbox 2911 1366 3004 1420; x_wconf 89' lang='lat' dir='ltr'><strong>illa</strong></span> <span class='ocrx_word' id='word_1_213' title='bbox 3043 1381 3186 1438; x_wconf 88' lang='lat' dir='ltr'><strong>aqua</strong></span> <span class='ocrx_word' id='word_1_214' title='bbox 3233 1380 3538 1437; x_wconf 81' lang='lat' dir='ltr'><strong>recreatur,</strong></span> 
     </span>
    </p>
   </div>
   <div class='ocr_carea' id='block_1_31' title="bbox 1959 1444 3540 1529">
    <p class='ocr_par' dir='ltr' id='par_1_31' title="bbox 1959 1444 3540 1529">
     <span class='ocr_line' id='line_1_31' title="bbox 1959 1444 3540 1529; baseline 0.016 -32"><span class='ocrx_word' id='word_1_215' title='bbox 1959 1445 2026 1500; x_wconf 92' lang='lat' dir='ltr'><strong>de</strong></span> <span class='ocrx_word' id='word_1_216' title='bbox 2054 1461 2158 1515; x_wconf 89' lang='lat' dir='ltr'><strong>qua</strong></span> <span class='ocrx_word' id='word_1_217' title='bbox 2188 1444 2439 1504; x_wconf 73' lang='lat' dir='ltr'><strong>Salvator</strong></span> <span class='ocrx_word' id='word_1_218' title='bbox 2485 1451 2600 1508; x_wconf 63' lang='lat' dir='ltr'><strong>bare</strong></span> <span class='ocrx_word' id='word_1_219' title='bbox 2633 1455 2868 1511; x_wconf 87' lang='lat' dir='ltr'><strong>clamat:</strong></span> <span class='ocrx_word' id='word_1_220' title='bbox 2905 1457 2966 1512; x_wconf 90' lang='lat' dir='ltr'><strong>Si</strong></span> <span class='ocrx_word' id='word_1_221' title='bbox 3011 1461 3128 1529; x_wconf 89' lang='lat' dir='ltr'><strong>quis</strong></span> <span class='ocrx_word' id='word_1_222' title='bbox 3176 1463 3292 1516; x_wconf 83' lang='lat' dir='ltr'><strong>sitit</strong></span> <span class='ocrx_word' id='word_1_223' title='bbox 3315 1504 3329 1528; x_wconf 91' lang='lat'><strong>,</strong></span> <span class='ocrx_word' id='word_1_224' title='bbox 3367 1468 3540 1522; x_wconf 88' lang='lat' dir='ltr'><strong>veniat</strong></span> 
     </span>
    </p>
   </div>
   <div class='ocr_carea' id='block_1_32' title="bbox 1959 1537 3539 1628">
    <p class='ocr_par' dir='ltr' id='par_1_32' title="bbox 1959 1537 3539 1628">
     <span class='ocr_line' id='line_1_32' title="bbox 1959 1537 3539 1628; baseline 0.016 -39"><span class='ocrx_word' id='word_1_225' title='bbox 1959 1537 2030 1590; x_wconf 84' lang='lat' dir='ltr'><strong>ad</strong></span> <span class='ocrx_word' id='word_1_226' title='bbox 2061 1556 2140 1592; x_wconf 88' lang='lat' dir='ltr'><strong>me</strong></span> <span class='ocrx_word' id='word_1_227' title='bbox 2171 1549 2220 1594; x_wconf 89' lang='lat' dir='ltr'><strong>et</strong></span> <span class='ocrx_word' id='word_1_228' title='bbox 2253 1541 2398 1596; x_wconf 88' lang='lat' dir='ltr'><strong>bibat</strong></span> <span class='ocrx_word' id='word_1_229' title='bbox 2452 1545 2532 1608; x_wconf 79' lang='grc'>²¹;</span> <span class='ocrx_word' id='word_1_230' title='bbox 2574 1558 2628 1602; x_wconf 88' lang='lat' dir='ltr'><strong>et</strong></span> <span class='ocrx_word' id='word_1_231' title='bbox 2662 1548 2856 1602; x_wconf 88' lang='lat' dir='ltr'><strong>iterum</strong></span> <span class='ocrx_word' id='word_1_232' title='bbox 2897 1568 2908 1604; x_wconf 95' lang='lat'><strong>:</strong></span> <span class='ocrx_word' id='word_1_233' title='bbox 2959 1550 3068 1617; x_wconf 79' lang='lat' dir='ltr'><strong>Qui</strong></span> <span class='ocrx_word' id='word_1_234' title='bbox 3111 1553 3296 1610; x_wconf 82' lang='lat' dir='ltr'><strong>biberit</strong></span> <span class='ocrx_word' id='word_1_235' title='bbox 3347 1573 3539 1628; x_wconf 87' lang='lat' dir='ltr'><strong>aquam</strong></span> 
     </span>
    </p>
   </div>
   <div class='ocr_carea' id='block_1_33' title="bbox 1957 1635 3540 1720">
    <p class='ocr_par' dir='ltr' id='par_1_33' title="bbox 1957 1635 3540 1720">
     <span class='ocr_line' id='line_1_33' title="bbox 1957 1635 3540 1720; baseline 0.015 -38"><span class='ocrx_word' id='word_1_236' title='bbox 1957 1647 2114 1700; x_wconf 87' lang='lat' dir='ltr'><strong>quam</strong></span> <span class='ocrx_word' id='word_1_237' title='bbox 2163 1649 2256 1702; x_wconf 84' lang='lat' dir='ltr'><strong>ego</strong></span> <span class='ocrx_word' id='word_1_238' title='bbox 2305 1635 2444 1690; x_wconf 87' lang='lat' dir='ltr'><strong>dabo</strong></span> <span class='ocrx_word' id='word_1_239' title='bbox 2495 1639 2564 1702; x_wconf 88' lang='lat' dir='ltr'><strong>ei,</strong></span> <span class='ocrx_word' id='word_1_240' title='bbox 2620 1640 2848 1707; x_wconf 78' lang='lat' dir='ltr'><strong>[lumina</strong></span> <span class='ocrx_word' id='word_1_241' title='bbox 2895 1643 2959 1698; x_wconf 82' lang='lat' dir='ltr'><strong>de</strong></span> <span class='ocrx_word' id='word_1_242' title='bbox 3007 1657 3182 1702; x_wconf 85' lang='lat' dir='ltr'><strong>ventre</strong></span> <span class='ocrx_word' id='word_1_243' title='bbox 3228 1651 3342 1718; x_wconf 83' lang='lat' dir='ltr'><strong>ejus</strong></span> <span class='ocrx_word' id='word_1_244' title='bbox 3373 1651 3540 1720; x_wconf 79' lang='lat' dir='ltr'><strong>ﬂuent</strong></span> 
     </span>
    </p>
   </div>
   <div class='ocr_carea' id='block_1_34' title="bbox 1961 1729 3538 1818">
    <p class='ocr_par' dir='ltr' id='par_1_34' title="bbox 1961 1729 3538 1818">
     <span class='ocr_line' id='line_1_34' title="bbox 1961 1729 3538 1818; baseline 0.016 -40"><span class='ocrx_word' id='word_1_245' title='bbox 1961 1743 2110 1798; x_wconf 73' lang='lat' dir='ltr'><strong>aqua:</strong></span> <span class='ocrx_word' id='word_1_246' title='bbox 2140 1729 2327 1782; x_wconf 74' lang='lat' dir='ltr'><strong>vim&quot;</strong></span> <span class='ocrx_word' id='word_1_247' title='bbox 2352 1749 2368 1798; x_wconf 86' lang='lat'><strong>;</strong></span> <span class='ocrx_word' id='word_1_248' title='bbox 2395 1746 2457 1786; x_wconf 90' lang='lat' dir='ltr'><strong>ac</strong></span> <span class='ocrx_word' id='word_1_249' title='bbox 2491 1749 2744 1791; x_wconf 88' lang='lat' dir='ltr'><strong>rursum:</strong></span> <span class='ocrx_word' id='word_1_250' title='bbox 2781 1738 2885 1804; x_wconf 80' lang='lat' dir='ltr'><strong>Qui</strong></span> <span class='ocrx_word' id='word_1_251' title='bbox 2917 1739 3102 1796; x_wconf 88' lang='lat' dir='ltr'><strong>biberit</strong></span> <span class='ocrx_word' id='word_1_252' title='bbox 3127 1759 3190 1798; x_wconf 80' lang='lat' dir='ltr'><strong>ea:</strong></span> <span class='ocrx_word' id='word_1_253' title='bbox 3213 1761 3352 1816; x_wconf 83' lang='lat' dir='ltr'><strong>aqua</strong></span> <span class='ocrx_word' id='word_1_254' title='bbox 3379 1763 3538 1818; x_wconf 87' lang='lat' dir='ltr'><strong>quam</strong></span> 
     </span>
    </p>
   </div>
   <div class='ocr_carea' id='block_1_35' title="bbox 257 1797 1842 1906">
    <p class='ocr_par' dir='ltr' id='par_1_35' title="bbox 257 1797 1842 1871">
     <span class='ocr_line' id='line_1_35' title="bbox 257 1797 1842 1871; baseline 0.011 -24"><span class='ocrx_word' id='word_1_255' title='bbox 257 1797 602 1862; x_wconf 68' lang='grc' dir='ltr'><strong>ῥεύσουσιν</strong></span> <span class='ocrx_word' id='word_1_256' title='bbox 623 1800 844 1868; x_wconf 80' lang='grc' dir='ltr'><strong>ὕδατος</strong></span> <span class='ocrx_word' id='word_1_257' title='bbox 870 1802 1081 1870; x_wconf 72' lang='grc' dir='ltr'><strong>ζῶντος</strong></span> <span class='ocrx_word' id='word_1_258' title='bbox 1101 1821 1113 1834; x_wconf 78' lang='grc'><em>’</em></span> <span class='ocrx_word' id='word_1_259' title='bbox 1146 1805 1240 1858; x_wconf 69' lang='grc' dir='ltr'><strong>καὶ</strong></span> <span class='ocrx_word' id='word_1_260' title='bbox 1261 1802 1444 1871; x_wconf 55' lang='grc' dir='ltr'><strong>αὖθις</strong></span> <span class='ocrx_word' id='word_1_261' title='bbox 1482 1809 1543 1862; x_wconf 88' lang='grc' dir='ltr'><em>Ὀ</em></span> <span class='ocrx_word' id='word_1_262' title='bbox 1569 1811 1761 1864; x_wconf 65' lang='grc' dir='ltr'><strong>πίνων</strong></span> <span class='ocrx_word' id='word_1_263' title='bbox 1786 1811 1842 1864; x_wconf 67' lang='lat' dir='ltr'><strong>ea</strong></span> 
     </span>
    </p>
   </div>
   <div class='ocr_carea' id='block_1_36' title="bbox 1947 1797 3538 1906">
    <p class='ocr_par' dir='ltr' id='par_1_36' title="bbox 1957 1797 3538 1906">
     <span class='ocr_line' id='line_1_36' title="bbox 2354 1797 3535 1818; baseline 0.019 -20"><span class='ocrx_word' id='word_1_264' title='bbox 2354 1797 2357 1798; x_wconf 66' lang='lat'>,</span> <span class='ocrx_word' id='word_1_265' title='bbox 2785 1797 2820 1804; x_wconf 78' lang='grc'><strong><em>--</em></strong></span> <span class='ocrx_word' id='word_1_266' title='bbox 3136 1797 3139 1798; x_wconf 55' lang='grc' dir='ltr'><strong>ν</strong></span> <span class='ocrx_word' id='word_1_267' title='bbox 3381 1797 3535 1818; x_wconf 76' lang='grc'><strong><em>“1“““⁷“’“</em></strong></span> 
     </span>
     <span class='ocr_line' id='line_1_37' title="bbox 1957 1816 3538 1906; baseline 0.017 -37"><span class='ocrx_word' id='word_1_268' title='bbox 1957 1832 2049 1886; x_wconf 86' lang='lat' dir='ltr'><strong>ego</strong></span> <span class='ocrx_word' id='word_1_269' title='bbox 2080 1816 2216 1872; x_wconf 81' lang='lat' dir='ltr'><strong>dabo</strong></span> <span class='ocrx_word' id='word_1_270' title='bbox 2253 1821 2322 1886; x_wconf 88' lang='lat' dir='ltr'><strong>ei,</strong></span> <span class='ocrx_word' id='word_1_271' title='bbox 2353 1839 2458 1878; x_wconf 82' lang='lat' dir='ltr'><strong>non</strong></span> <span class='ocrx_word' id='word_1_272' title='bbox 2497 1826 2639 1880; x_wconf 77' lang='lat' dir='ltr'><strong>sitiet</strong></span> <span class='ocrx_word' id='word_1_273' title='bbox 2671 1827 2726 1880; x_wconf 91' lang='lat' dir='ltr'><strong>in</strong></span> <span class='ocrx_word' id='word_1_274' title='bbox 2759 1837 3014 1885; x_wconf 77' lang='lat' dir='ltr'><strong>wternum</strong></span> <span class='ocrx_word' id='word_1_275' title='bbox 3043 1834 3122 1902; x_wconf 78' lang='grc'><strong><em>²¹⁵;</em></strong></span> <span class='ocrx_word' id='word_1_276' title='bbox 3155 1836 3204 1891; x_wconf 88' lang='lat' dir='ltr'><strong>is</strong></span> <span class='ocrx_word' id='word_1_277' title='bbox 3231 1838 3354 1906; x_wconf 88' lang='lat' dir='ltr'><strong>jure</strong></span> <span class='ocrx_word' id='word_1_278' title='bbox 3383 1839 3538 1896; x_wconf 75' lang='lat' dir='ltr'><strong>dixe-</strong></span> 
     </span>
    </p>
   </div>
   <div class='ocr_carea' id='block_1_37' title="bbox 266 1889 1849 1976">
    <p class='ocr_par' dir='ltr' id='par_1_37' title="bbox 266 1889 1849 1976">
     <span class='ocr_line' id='line_1_38' title="bbox 266 1889 1849 1976; baseline 0.01 -33"><span class='ocrx_word' id='word_1_279' title='bbox 266 1889 374 1944; x_wconf 86' lang='grc' dir='ltr'><strong>τοῦ</strong></span> <span class='ocrx_word' id='word_1_280' title='bbox 425 1893 648 1961; x_wconf 78' lang='grc' dir='ltr'><strong>ὗδατος</strong></span> <span class='ocrx_word' id='word_1_281' title='bbox 675 1891 746 1952; x_wconf 82' lang='grc' dir='ltr'><strong>οὗ</strong></span> <span class='ocrx_word' id='word_1_282' title='bbox 791 1897 906 1969; x_wconf 55' lang='grc' dir='ltr'><strong>ἐγὼ</strong></span> <span class='ocrx_word' id='word_1_283' title='bbox 947 1897 1120 1952; x_wconf 76' lang='grc' dir='ltr'><strong>δώσω</strong></span> <span class='ocrx_word' id='word_1_284' title='bbox 1151 1900 1344 1967; x_wconf 84' lang='grc' dir='ltr'><strong>αὐτῷ,</strong></span> <span class='ocrx_word' id='word_1_285' title='bbox 1379 1906 1452 1956; x_wconf 86' lang='grc' dir='ltr'><strong>οὺ</strong></span> <span class='ocrx_word' id='word_1_286' title='bbox 1493 1903 1580 1973; x_wconf 79' lang='grc' dir='ltr'><strong>μὴ</strong></span> <span class='ocrx_word' id='word_1_287' title='bbox 1615 1904 1849 1976; x_wconf 63' lang='grc' dir='ltr'><strong>διψήσῃ</strong></span> 
     </span>
    </p>
   </div>
   <div class='ocr_carea' id='block_1_38' title="bbox 262 1985 1851 2062">
    <p class='ocr_par' dir='ltr' id='par_1_38' title="bbox 262 1985 1851 2062">
     <span class='ocr_line' id='line_1_39' title="bbox 262 1985 1851 2062; baseline 0.009 -24"><span class='ocrx_word' id='word_1_288' title='bbox 262 1986 352 2051; x_wconf 75' lang='grc' dir='ltr'><strong>είς</strong></span> <span class='ocrx_word' id='word_1_289' title='bbox 389 1985 504 2039; x_wconf 83' lang='grc' dir='ltr'><strong>τὸν</strong></span> <span class='ocrx_word' id='word_1_290' title='bbox 546 1987 760 2042; x_wconf 68' lang='grc' dir='ltr'><strong>αἰῶνα·</strong></span> <span class='ocrx_word' id='word_1_291' title='bbox 811 1992 952 2044; x_wconf 80' lang='grc' dir='ltr'><strong>εῐποι</strong></span> <span class='ocrx_word' id='word_1_292' title='bbox 992 1991 1057 2046; x_wconf 82' lang='grc' dir='ltr'><strong>ἄν</strong></span> <span class='ocrx_word' id='word_1_293' title='bbox 1078 2011 1092 2023; x_wconf 77' lang='grc'><em>’</em></span> <span class='ocrx_word' id='word_1_294' title='bbox 1157 1995 1280 2048; x_wconf 76' lang='grc' dir='ltr'><strong>Ἐπὶ</strong></span> <span class='ocrx_word' id='word_1_295' title='bbox 1329 1994 1546 2062; x_wconf 80' lang='grc' dir='ltr'><strong>ὕδατος</strong></span> <span class='ocrx_word' id='word_1_296' title='bbox 1583 1998 1851 2052; x_wconf 75' lang='grc' dir='ltr'><strong>ἀναπαύ-</strong></span> 
     </span>
    </p>
   </div>
   <div class='ocr_carea' id='block_1_39' title="bbox 259 2078 1850 2162">
    <p class='ocr_par' dir='ltr' id='par_1_39' title="bbox 259 2078 1850 2162">
     <span class='ocr_line' id='line_1_40' title="bbox 259 2078 1850 2162; baseline 0.009 -32"><span class='ocrx_word' id='word_1_297' title='bbox 259 2090 416 2144; x_wconf 84' lang='grc' dir='ltr'><strong>σεως</strong></span> <span class='ocrx_word' id='word_1_298' title='bbox 443 2078 736 2150; x_wconf 74' lang='grc' dir='ltr'><strong>ἐξέθρεψέ</strong></span> <span class='ocrx_word' id='word_1_299' title='bbox 759 2099 858 2152; x_wconf 81' lang='grc' dir='ltr'><strong>με.</strong></span> <span class='ocrx_word' id='word_1_300' title='bbox 885 2084 1043 2138; x_wconf 81' lang='grc' dir='ltr'><strong>Ἀλλὰ</strong></span> <span class='ocrx_word' id='word_1_301' title='bbox 1065 2087 1158 2140; x_wconf 79' lang='grc' dir='ltr'><strong>καὶ</strong></span> <span class='ocrx_word' id='word_1_302' title='bbox 1184 2089 1296 2140; x_wconf 76' lang='grc' dir='ltr'>πᾶν</span> <span class='ocrx_word' id='word_1_303' title='bbox 1325 2087 1490 2158; x_wconf 80' lang='grc' dir='ltr'>ἄχθος</span> <span class='ocrx_word' id='word_1_304' title='bbox 1517 2088 1850 2162; x_wconf 79' lang='grc' dir='ltr'><strong>ἀποθέμενος</strong></span> 
     </span>
    </p>
   </div>
   <div class='ocr_carea' id='block_1_40' title="bbox 259 2171 1848 2253">
    <p class='ocr_par' dir='ltr' id='par_1_40' title="bbox 259 2171 1848 2253">
     <span class='ocr_line' id='line_1_41' title="bbox 259 2171 1848 2253; baseline 0.01 -29"><span class='ocrx_word' id='word_1_305' title='bbox 259 2171 368 2224; x_wconf 80' lang='grc' dir='ltr'><strong>τῶν</strong></span> <span class='ocrx_word' id='word_1_306' title='bbox 384 2172 632 2228; x_wconf 82' lang='grc' dir='ltr'><strong>παλαιῶν</strong></span> <span class='ocrx_word' id='word_1_307' title='bbox 653 2176 1065 2249; x_wconf 78' lang='grc' dir='ltr'><strong>ἁμαρτημάτων</strong></span> <span class='ocrx_word' id='word_1_308' title='bbox 1075 2172 1172 2234; x_wconf 76' lang='grc' dir='ltr'><strong>διὰ</strong></span> <span class='ocrx_word' id='word_1_309' title='bbox 1185 2180 1412 2253; x_wconf 78' lang='grc' dir='ltr'>λουτροῦ</span> <span class='ocrx_word' id='word_1_310' title='bbox 1431 2183 1848 2252; x_wconf 79' lang='grc' dir='ltr'><strong>παλιγγενεσίας</strong></span> 
     </span>
    </p>
   </div>
   <div class='ocr_carea' id='block_1_41' title="bbox 259 2265 1849 2344">
    <p class='ocr_par' dir='ltr' id='par_1_41' title="bbox 259 2265 1849 2344">
     <span class='ocr_line' id='line_1_42' title="bbox 259 2265 1849 2344; baseline 0.009 -28"><span class='ocrx_word' id='word_1_311' title='bbox 259 2265 354 2318; x_wconf 79' lang='grc' dir='ltr'><strong>καὶ</strong></span> <span class='ocrx_word' id='word_1_312' title='bbox 385 2265 808 2333; x_wconf 84' lang='grc' dir='ltr'><strong>ἀνακαινώσεως</strong></span> <span class='ocrx_word' id='word_1_313' title='bbox 855 2271 1168 2344; x_wconf 87' lang='grc' dir='ltr'><strong>Πνεύματος</strong></span> <span class='ocrx_word' id='word_1_314' title='bbox 1197 2273 1374 2342; x_wconf 85' lang='grc' dir='ltr'><strong>ἁγίου,</strong></span> <span class='ocrx_word' id='word_1_315' title='bbox 1413 2277 1554 2329; x_wconf 76' lang='grc' dir='ltr'><strong>εἴποι</strong></span> <span class='ocrx_word' id='word_1_316' title='bbox 1595 2277 1678 2330; x_wconf 83' lang='grc' dir='ltr'><strong>ἄν·</strong></span> <span class='ocrx_word' id='word_1_317' title='bbox 1725 2277 1849 2331; x_wconf 81' lang='grc' dir='ltr'><strong>Ἐπὶ</strong></span> 
     </span>
    </p>
   </div>
   <div class='ocr_carea' id='block_1_42' title="bbox 257 2356 1848 2438">
    <p class='ocr_par' dir='ltr' id='par_1_42' title="bbox 257 2356 1848 2438">
     <span class='ocr_line' id='line_1_43' title="bbox 257 2356 1848 2438; baseline 0.011 -30"><span class='ocrx_word' id='word_1_318' title='bbox 257 2356 480 2424; x_wconf 76' lang='grc' dir='ltr'><strong>ὕδατος</strong></span> <span class='ocrx_word' id='word_1_319' title='bbox 531 2361 931 2432; x_wconf 77' lang='grc' dir='ltr'><strong>ἀναπαύσεως</strong></span> <span class='ocrx_word' id='word_1_320' title='bbox 961 2365 1262 2436; x_wconf 63' lang='grc' dir='ltr'><strong>’ἐξέθρεψέ</strong></span> <span class='ocrx_word' id='word_1_321' title='bbox 1305 2386 1403 2438; x_wconf 81' lang='grc' dir='ltr'><strong>με.</strong></span> <span class='ocrx_word' id='word_1_322' title='bbox 1467 2370 1848 2437; x_wconf 82' lang='grc' dir='ltr'><strong>Ἀναπαύσεως</strong></span> 
     </span>
    </p>
   </div>
   <div class='ocr_carea' id='block_1_43' title="bbox 257 2449 1846 2536">
    <p class='ocr_par' dir='ltr' id='par_1_43' title="bbox 257 2449 1846 2536">
     <span class='ocr_line' id='line_1_44' title="bbox 257 2449 1846 2536; baseline 0.011 -34"><span class='ocrx_word' id='word_1_323' title='bbox 257 2449 368 2520; x_wconf 76' lang='grc' dir='ltr'><strong>γὰρ</strong></span> <span class='ocrx_word' id='word_1_324' title='bbox 389 2452 468 2515; x_wconf 80' lang='grc' dir='ltr'><strong>ὡς</strong></span> <span class='ocrx_word' id='word_1_325' title='bbox 492 2453 709 2525; x_wconf 82' lang='grc' dir='ltr'><strong>ἀληθῶς</strong></span> <span class='ocrx_word' id='word_1_326' title='bbox 739 2457 915 2512; x_wconf 78' lang='grc' dir='ltr'><strong>ἐκεῖνο</strong></span> <span class='ocrx_word' id='word_1_327' title='bbox 949 2459 1011 2512; x_wconf 82' lang='grc' dir='ltr'><strong>τὸ</strong></span> <span class='ocrx_word' id='word_1_328' title='bbox 1036 2461 1199 2532; x_wconf 73' lang='grc' dir='ltr'><strong>ὕδωρ,</strong></span> <span class='ocrx_word' id='word_1_329' title='bbox 1225 2461 1290 2515; x_wconf 85' lang='grc' dir='ltr'><strong>δι’</strong></span> <span class='ocrx_word' id='word_1_330' title='bbox 1336 2456 1395 2516; x_wconf 76' lang='grc' dir='ltr'><strong>οὗ</strong></span> <span class='ocrx_word' id='word_1_331' title='bbox 1443 2463 1504 2517; x_wconf 83' lang='grc' dir='ltr'><strong>τὸ</strong></span> <span class='ocrx_word' id='word_1_332' title='bbox 1559 2463 1697 2536; x_wconf 79' lang='grc' dir='ltr'><strong>βαρὺ</strong></span> <span class='ocrx_word' id='word_1_333' title='bbox 1753 2468 1846 2520; x_wconf 75' lang='grc' dir='ltr'><strong>καὶ</strong></span> 
     </span>
    </p>
   </div>
   <div class='ocr_carea' id='block_1_44' title="bbox 259 2544 1846 2632">
    <p class='ocr_par' dir='ltr' id='par_1_44' title="bbox 259 2544 1846 2632">
     <span class='ocr_line' id='line_1_45' title="bbox 259 2544 1846 2632; baseline 0.013 -38"><span class='ocrx_word' id='word_1_334' title='bbox 259 2544 552 2614; x_wconf 75' lang='grc' dir='ltr'><strong>ἐπίμοχθον</strong></span> <span class='ocrx_word' id='word_1_335' title='bbox 603 2551 822 2622; x_wconf 81' lang='grc' dir='ltr'><strong>φορτίον</strong></span> <span class='ocrx_word' id='word_1_336' title='bbox 876 2551 982 2605; x_wconf 81' lang='grc' dir='ltr'><strong>τῶν</strong></span> <span class='ocrx_word' id='word_1_337' title='bbox 1023 2554 1308 2627; x_wconf 85' lang='grc' dir='ltr'><strong>ἁμαρτιῶν</strong></span> <span class='ocrx_word' id='word_1_338' title='bbox 1365 2557 1426 2610; x_wconf 85' lang='grc' dir='ltr'><strong>τὸ</strong></span> <span class='ocrx_word' id='word_1_339' title='bbox 1490 2557 1709 2622; x_wconf 81' lang='grc' dir='ltr'><strong>πιεζοῦν</strong></span> <span class='ocrx_word' id='word_1_340' title='bbox 1745 2560 1846 2632; x_wconf 78' lang='grc' dir='ltr'><strong>τὴν</strong></span> 
     </span>
    </p>
   </div>
   <div class='ocr_carea' id='block_1_45' title="bbox 259 2636 1845 2720">
    <p class='ocr_par' dir='ltr' id='par_1_45' title="bbox 259 2636 1845 2720">
     <span class='ocr_line' id='line_1_46' title="bbox 259 2636 1845 2720; baseline 0.013 -32"><span class='ocrx_word' id='word_1_341' title='bbox 259 2636 440 2708; x_wconf 63' lang='grc' dir='ltr'>ψυχὴν</span> <span class='ocrx_word' id='word_1_342' title='bbox 463 2641 775 2713; x_wconf 72' lang='grc' dir='ltr'><strong>ἀπορρίψας</strong></span> <span class='ocrx_word' id='word_1_343' title='bbox 807 2661 914 2710; x_wconf 80' lang='grc' dir='ltr'><strong>τις,</strong></span> <span class='ocrx_word' id='word_1_344' title='bbox 945 2647 1039 2700; x_wconf 78' lang='grc' dir='ltr'><strong>καὶ</strong></span> <span class='ocrx_word' id='word_1_345' title='bbox 1085 2649 1262 2702; x_wconf 77' lang='grc' dir='ltr'><strong>πάντα</strong></span> <span class='ocrx_word' id='word_1_346' title='bbox 1308 2650 1479 2720; x_wconf 82' lang='grc' dir='ltr'><strong>ρύπον</strong></span> <span class='ocrx_word' id='word_1_347' title='bbox 1511 2651 1604 2704; x_wconf 82' lang='grc' dir='ltr'><strong>καὶ</strong></span> <span class='ocrx_word' id='word_1_348' title='bbox 1659 2652 1845 2708; x_wconf 84' lang='grc' dir='ltr'><strong>σπίλον</strong></span> 
     </span>
    </p>
   </div>
   <div class='ocr_carea' id='block_1_46' title="bbox 257 2729 1846 2810">
    <p class='ocr_par' dir='ltr' id='par_1_46' title="bbox 257 2729 1846 2810">
     <span class='ocr_line' id='line_1_47' title="bbox 257 2729 1846 2810; baseline 0.01 -29"><span class='ocrx_word' id='word_1_349' title='bbox 257 2729 356 2782; x_wconf 72' lang='grc' dir='ltr'><strong>καὶ</strong></span> <span class='ocrx_word' id='word_1_350' title='bbox 382 2731 568 2802; x_wconf 79' lang='grc' dir='ltr'><strong>κηλίδα</strong></span> <span class='ocrx_word' id='word_1_351' title='bbox 591 2736 960 2808; x_wconf 82' lang='grc' dir='ltr'><strong>σμηξάμενος,</strong></span> <span class='ocrx_word' id='word_1_352' title='bbox 998 2739 1214 2810; x_wconf 79' lang='grc' dir='ltr'>δεσμῶν</span> <span class='ocrx_word' id='word_1_353' title='bbox 1241 2759 1300 2794; x_wconf 88' lang='grc' dir='ltr'>τε</span> <span class='ocrx_word' id='word_1_354' title='bbox 1333 2742 1546 2806; x_wconf 75' lang='grc' dir='ltr'>ἀνεθεὶς</span> <span class='ocrx_word' id='word_1_355' title='bbox 1583 2743 1846 2797; x_wconf 87' lang='grc' dir='ltr'><strong>πολυπλό-</strong></span> 
     </span>
    </p>
   </div>
   <div class='ocr_carea' id='block_1_47' title="bbox 255 2831 1845 2910">
    <p class='ocr_par' dir='ltr' id='par_1_47' title="bbox 255 2831 1845 2910">
     <span class='ocr_line' id='line_1_48' title="bbox 255 2831 1845 2910; baseline 0.01 -32"><span class='ocrx_word' id='word_1_356' title='bbox 255 2843 402 2892; x_wconf 83' lang='grc' dir='ltr'><strong>κων,</strong></span> <span class='ocrx_word' id='word_1_357' title='bbox 459 2831 870 2904; x_wconf 79' lang='grc' dir='ltr'><strong>συνῃσθημένος</strong></span> <span class='ocrx_word' id='word_1_358' title='bbox 914 2835 1120 2890; x_wconf 86' lang='grc' dir='ltr'><strong>τούτων</strong></span> <span class='ocrx_word' id='word_1_359' title='bbox 1192 2837 1448 2892; x_wconf 84' lang='grc' dir='ltr'><strong>ἁπάντων</strong></span> <span class='ocrx_word' id='word_1_360' title='bbox 1507 2840 1652 2910; x_wconf 83' lang='grc' dir='ltr'><strong>ὲρεί·</strong></span> <span class='ocrx_word' id='word_1_361' title='bbox 1721 2839 1845 2894; x_wconf 78' lang='grc' dir='ltr'><strong>Ἐπὶ</strong></span> 
     </span>
    </p>
   </div>
   <div class='ocr_carea' id='block_1_48' title="bbox 251 2915 1845 3002">
    <p class='ocr_par' dir='ltr' id='par_1_48' title="bbox 251 2915 1845 3002">
     <span class='ocr_line' id='line_1_49' title="bbox 251 2915 1845 3002; baseline 0.009 -33"><span class='ocrx_word' id='word_1_362' title='bbox 251 2915 476 2985; x_wconf 77' lang='grc' dir='ltr'><strong>ὕδατος</strong></span> <span class='ocrx_word' id='word_1_363' title='bbox 505 2922 905 2992; x_wconf 75' lang='grc' dir='ltr'><strong>ἀναπαύσεως</strong></span> <span class='ocrx_word' id='word_1_364' title='bbox 933 2926 1218 2996; x_wconf 77' lang='grc' dir='ltr'><strong>ἐξέθρεψέ</strong></span> <span class='ocrx_word' id='word_1_365' title='bbox 1246 2947 1344 2998; x_wconf 82' lang='grc' dir='ltr'><strong>με.</strong></span> <span class='ocrx_word' id='word_1_366' title='bbox 1383 2926 1496 2982; x_wconf 75' lang='grc' dir='ltr'><strong>Εἶθ’</strong></span> <span class='ocrx_word' id='word_1_367' title='bbox 1532 2929 1718 3002; x_wconf 78' lang='grc' dir='ltr'><strong>ὥσπερ</strong></span> <span class='ocrx_word' id='word_1_368' title='bbox 1754 2933 1845 2984; x_wconf 87' lang='grc' dir='ltr'><strong>ὲκ-</strong></span> 
     </span>
    </p>
   </div>
   <div class='ocr_carea' id='block_1_49' title="bbox 249 3006 1844 3094">
    <p class='ocr_par' dir='ltr' id='par_1_49' title="bbox 249 3006 1844 3094">
     <span class='ocr_line' id='line_1_50' title="bbox 249 3006 1844 3094; baseline 0.01 -35"><span class='ocrx_word' id='word_1_369' title='bbox 249 3006 457 3062; x_wconf 82' lang='grc' dir='ltr'><strong>λείπων</strong></span> <span class='ocrx_word' id='word_1_370' title='bbox 485 3012 656 3066; x_wconf 72' lang='grc' dir='ltr'><strong>πάλαι</strong></span> <span class='ocrx_word' id='word_1_371' title='bbox 678 3014 778 3086; x_wconf 80' lang='grc' dir='ltr'><strong>τὴν</strong></span> <span class='ocrx_word' id='word_1_372' title='bbox 801 3015 1000 3088; x_wconf 78' lang='grc' dir='ltr'><strong>ψυχὴν,</strong></span> <span class='ocrx_word' id='word_1_373' title='bbox 1038 3017 1228 3072; x_wconf 78' lang='grc' dir='ltr'><strong>ἔπειτα</strong></span> <span class='ocrx_word' id='word_1_374' title='bbox 1250 3019 1338 3074; x_wconf 89' lang='grc' dir='ltr'><strong>διά</strong></span> <span class='ocrx_word' id='word_1_375' title='bbox 1362 3021 1460 3091; x_wconf 81' lang='grc' dir='ltr'><strong>τῆς</strong></span> <span class='ocrx_word' id='word_1_376' title='bbox 1487 3020 1844 3094; x_wconf 79' lang='grc' dir='ltr'><strong>ἀποδοθείσης</strong></span> 
     </span>
    </p>
   </div>
   <div class='ocr_carea' id='block_1_50' title="bbox 247 3102 1842 3180">
    <p class='ocr_par' dir='ltr' id='par_1_50' title="bbox 247 3102 1842 3180">
     <span class='ocr_line' id='line_1_51' title="bbox 247 3102 1842 3180; baseline 0.008 -27"><span class='ocrx_word' id='word_1_377' title='bbox 247 3102 415 3173; x_wconf 75' lang='grc' dir='ltr'><strong>χλόης</strong></span> <span class='ocrx_word' id='word_1_378' title='bbox 437 3105 536 3158; x_wconf 72' lang='grc' dir='ltr'><strong>καὶ</strong></span> <span class='ocrx_word' id='word_1_379' title='bbox 561 3107 657 3160; x_wconf 78' lang='grc' dir='ltr'><strong>τοῦ</strong></span> <span class='ocrx_word' id='word_1_380' title='bbox 690 3109 956 3180; x_wconf 78' lang='grc' dir='ltr'><strong>σωτηρίου</strong></span> <span class='ocrx_word' id='word_1_381' title='bbox 985 3109 1176 3176; x_wconf 78' lang='grc' dir='ltr'><strong>ὓδατος</strong></span> <span class='ocrx_word' id='word_1_382' title='bbox 1199 3111 1482 3168; x_wconf 87' lang='grc' dir='ltr'><strong>ἀναλαϐὼν</strong></span> <span class='ocrx_word' id='word_1_383' title='bbox 1509 3114 1720 3178; x_wconf 78' lang='grc' dir='ltr'><strong>ἑαυτὸν,</strong></span> <span class='ocrx_word' id='word_1_384' title='bbox 1749 3114 1842 3168; x_wconf 78' lang='grc' dir='ltr'><strong>καί</strong></span> 
     </span>
    </p>
   </div>
   <div class='ocr_carea' id='block_1_51' title="bbox 1955 1907 3534 1986">
    <p class='ocr_par' dir='ltr' id='par_1_51' title="bbox 1955 1907 3534 1986">
     <span class='ocr_line' id='line_1_52' title="bbox 1955 1907 3534 1986; baseline 0.013 -25"><span class='ocrx_word' id='word_1_385' title='bbox 1955 1907 2049 1974; x_wconf 82' lang='lat' dir='ltr'><strong>rit,</strong></span> <span class='ocrx_word' id='word_1_386' title='bbox 2093 1927 2251 1980; x_wconf 81' lang='lat' dir='ltr'><strong>super</strong></span> <span class='ocrx_word' id='word_1_387' title='bbox 2289 1929 2482 1983; x_wconf 89' lang='lat' dir='ltr'><strong>aquam</strong></span> <span class='ocrx_word' id='word_1_388' title='bbox 2523 1917 2720 1986; x_wconf 80' lang='lat' dir='ltr'><strong>requiei</strong></span> <span class='ocrx_word' id='word_1_389' title='bbox 2769 1919 3010 1974; x_wconf 81' lang='lat' dir='ltr'><strong>educavit</strong></span> <span class='ocrx_word' id='word_1_390' title='bbox 3067 1939 3168 1978; x_wconf 85' lang='lat' dir='ltr'><strong>me.</strong></span> <span class='ocrx_word' id='word_1_391' title='bbox 3220 1925 3326 1980; x_wconf 88' lang='lat' dir='ltr'><strong>Sed</strong></span> <span class='ocrx_word' id='word_1_392' title='bbox 3373 1928 3534 1984; x_wconf 88' lang='lat' dir='ltr'><strong>etiam</strong></span> 
     </span>
    </p>
   </div>
   <div class='ocr_carea' id='block_1_52' title="bbox 1955 2003 3538 2080">
    <p class='ocr_par' dir='ltr' id='par_1_52' title="bbox 1955 2003 3538 2080">
     <span class='ocr_line' id='line_1_53' title="bbox 1955 2003 3538 2080; baseline 0.016 -27"><span class='ocrx_word' id='word_1_393' title='bbox 1955 2003 2134 2070; x_wconf 89' lang='lat' dir='ltr'><strong>posita</strong></span> <span class='ocrx_word' id='word_1_394' title='bbox 2165 2019 2262 2074; x_wconf 89' lang='lat' dir='ltr'><strong>per</strong></span> <span class='ocrx_word' id='word_1_395' title='bbox 2290 2005 2570 2061; x_wconf 74' lang='lat' dir='ltr'><strong>lavacrum</strong></span> <span class='ocrx_word' id='word_1_396' title='bbox 2609 2013 3044 2080; x_wconf 80' lang='lat' dir='ltr'><strong>regenerationis</strong></span> <span class='ocrx_word' id='word_1_397' title='bbox 3078 2024 3134 2071; x_wconf 89' lang='lat' dir='ltr'><strong>et</strong></span> <span class='ocrx_word' id='word_1_398' title='bbox 3160 2021 3538 2078; x_wconf 86' lang='lat' dir='ltr'><strong>renovationis</strong></span> 
     </span>
    </p>
   </div>
   <div class='ocr_carea' id='block_1_53' title="bbox 1959 2090 3535 2182">
    <p class='ocr_par' dir='ltr' id='par_1_53' title="bbox 1959 2090 3535 2182">
     <span class='ocr_line' id='line_1_54' title="bbox 1959 2090 3535 2182; baseline 0.013 -38"><span class='ocrx_word' id='word_1_399' title='bbox 1959 2090 2198 2163; x_wconf 83' lang='lat' dir='ltr'><strong>Spiritus</strong></span> <span class='ocrx_word' id='word_1_400' title='bbox 2245 2097 2422 2152; x_wconf 85' lang='lat' dir='ltr'><strong>sancti</strong></span> <span class='ocrx_word' id='word_1_401' title='bbox 2469 2105 2710 2154; x_wconf 81' lang='lat' dir='ltr'><strong>veterum</strong></span> <span class='ocrx_word' id='word_1_402' title='bbox 2753 2111 3105 2172; x_wconf 81' lang='lat' dir='ltr'><strong>peccatorum</strong></span> <span class='ocrx_word' id='word_1_403' title='bbox 3156 2110 3394 2178; x_wconf 84' lang='lat' dir='ltr'><strong>sarcina,</strong></span> <span class='ocrx_word' id='word_1_404' title='bbox 3441 2127 3535 2182; x_wconf 87' lang='lat' dir='ltr'><strong>ap-</strong></span> 
     </span>
    </p>
   </div>
   <div class='ocr_carea' id='block_1_54' title="bbox 1955 2185 3532 2264">
    <p class='ocr_par' dir='ltr' id='par_1_54' title="bbox 1955 2185 3532 2264">
     <span class='ocr_line' id='line_1_55' title="bbox 1955 2185 3532 2264; baseline 0.013 -29"><span class='ocrx_word' id='word_1_405' title='bbox 1955 2185 2133 2254; x_wconf 86' lang='lat' dir='ltr'><strong>posite</strong></span> <span class='ocrx_word' id='word_1_406' title='bbox 2189 2185 2361 2254; x_wconf 83' lang='lat' dir='ltr'><strong>dicat,</strong></span> <span class='ocrx_word' id='word_1_407' title='bbox 2419 2204 2576 2257; x_wconf 85' lang='lat' dir='ltr'><strong>super</strong></span> <span class='ocrx_word' id='word_1_408' title='bbox 2632 2207 2826 2260; x_wconf 88' lang='lat' dir='ltr'><strong>aquam</strong></span> <span class='ocrx_word' id='word_1_409' title='bbox 2887 2195 3085 2264; x_wconf 80' lang='lat' dir='ltr'><strong>requiei</strong></span> <span class='ocrx_word' id='word_1_410' title='bbox 3135 2196 3376 2253; x_wconf 87' lang='lat' dir='ltr'><strong>educavit</strong></span> <span class='ocrx_word' id='word_1_411' title='bbox 3431 2219 3532 2256; x_wconf 83' lang='lat' dir='ltr'><strong>me.</strong></span> 
     </span>
    </p>
   </div>
   <div class='ocr_carea' id='block_1_55' title="bbox 1954 2275 3536 2363">
    <p class='ocr_par' dir='ltr' id='par_1_55' title="bbox 1954 2275 3536 2363">
     <span class='ocr_line' id='line_1_56' title="bbox 1954 2275 3536 2363; baseline 0.011 -33"><span class='ocrx_word' id='word_1_412' title='bbox 1954 2275 2182 2347; x_wconf 80' lang='lat' dir='ltr'><strong>Requiei</strong></span> <span class='ocrx_word' id='word_1_413' title='bbox 2240 2278 2438 2332; x_wconf 87' lang='lat' dir='ltr'><strong>etenim</strong></span> <span class='ocrx_word' id='word_1_414' title='bbox 2498 2297 2626 2336; x_wconf 87' lang='lat' dir='ltr'><strong>vere</strong></span> <span class='ocrx_word' id='word_1_415' title='bbox 2677 2290 2762 2352; x_wconf 79' lang='lat' dir='ltr'><strong>est</strong></span> <span class='ocrx_word' id='word_1_416' title='bbox 2821 2300 2964 2355; x_wconf 85' lang='lat' dir='ltr'><strong>aqua</strong></span> <span class='ocrx_word' id='word_1_417' title='bbox 3025 2286 3374 2357; x_wconf 89' lang='lat' dir='ltr'><strong>hujusmodi,</strong></span> <span class='ocrx_word' id='word_1_418' title='bbox 3427 2310 3536 2363; x_wconf 87' lang='lat' dir='ltr'><strong>qua</strong></span> 
     </span>
    </p>
   </div>
   <div class='ocr_carea' id='block_1_56' title="bbox 1953 2370 3539 2454">
    <p class='ocr_par' dir='ltr' id='par_1_56' title="bbox 1953 2370 3539 2454">
     <span class='ocr_line' id='line_1_57' title="bbox 1953 2370 3539 2454; baseline 0.011 -31"><span class='ocrx_word' id='word_1_419' title='bbox 1953 2370 2100 2441; x_wconf 86' lang='lat' dir='ltr'><strong>quis,</strong></span> <span class='ocrx_word' id='word_1_420' title='bbox 2126 2371 2339 2440; x_wconf 87' lang='lat' dir='ltr'><strong>abjecto</strong></span> <span class='ocrx_word' id='word_1_421' title='bbox 2365 2381 2714 2442; x_wconf 86' lang='lat' dir='ltr'><strong>peccatorum</strong></span> <span class='ocrx_word' id='word_1_422' title='bbox 2742 2379 2892 2447; x_wconf 80' lang='lat' dir='ltr'><strong>gravi</strong></span> <span class='ocrx_word' id='word_1_423' title='bbox 2923 2393 3267 2450; x_wconf 86' lang='lat' dir='ltr'><strong>onerosaque</strong></span> <span class='ocrx_word' id='word_1_424' title='bbox 3299 2386 3539 2454; x_wconf 77' lang='lat' dir='ltr'><strong>pondere</strong></span> 
     </span>
    </p>
   </div>
   <div class='ocr_carea' id='block_1_57' title="bbox 1953 2463 3534 2542">
    <p class='ocr_par' dir='ltr' id='par_1_57' title="bbox 1953 2463 3534 2542">
     <span class='ocr_line' id='line_1_58' title="bbox 1953 2463 3534 2542; baseline 0.011 -26"><span class='ocrx_word' id='word_1_425' title='bbox 1953 2463 2190 2516; x_wconf 89' lang='lat' dir='ltr'><strong>animam</strong></span> <span class='ocrx_word' id='word_1_426' title='bbox 2213 2466 2576 2534; x_wconf 80' lang='lat' dir='ltr'><strong>Opprimente,</strong></span> <span class='ocrx_word' id='word_1_427' title='bbox 2602 2470 2749 2523; x_wconf 82' lang='lat' dir='ltr'><strong>omni</strong></span> <span class='ocrx_word' id='word_1_428' title='bbox 2787 2473 2998 2526; x_wconf 79' lang='lat' dir='ltr'><strong>macula</strong></span> <span class='ocrx_word' id='word_1_429' title='bbox 3032 2481 3086 2528; x_wconf 87' lang='lat' dir='ltr'><strong>et</strong></span> <span class='ocrx_word' id='word_1_430' title='bbox 3115 2474 3238 2529; x_wconf 84' lang='lat' dir='ltr'><strong>labe</strong></span> <span class='ocrx_word' id='word_1_431' title='bbox 3264 2476 3534 2542; x_wconf 82' lang='lat' dir='ltr'><strong>abstersa,</strong></span> 
     </span>
    </p>
   </div>
   <div class='ocr_carea' id='block_1_58' title="bbox 1953 2556 3536 2639">
    <p class='ocr_par' dir='ltr' id='par_1_58' title="bbox 1953 2556 3536 2639">
     <span class='ocr_line' id='line_1_59' title="bbox 1953 2556 3536 2639; baseline 0.009 -28"><span class='ocrx_word' id='word_1_432' title='bbox 1953 2556 2258 2628; x_wconf 91' lang='lat' dir='ltr'><strong>solutisque</strong></span> <span class='ocrx_word' id='word_1_433' title='bbox 2281 2559 2513 2616; x_wconf 83' lang='lat' dir='ltr'><strong>vinculis</strong></span> <span class='ocrx_word' id='word_1_434' title='bbox 2559 2560 2668 2616; x_wconf 90' lang='lat' dir='ltr'><strong>illis</strong></span> <span class='ocrx_word' id='word_1_435' title='bbox 2701 2565 3061 2634; x_wconf 81' lang='lat' dir='ltr'><strong>complicatis,</strong></span> <span class='ocrx_word' id='word_1_436' title='bbox 3097 2567 3282 2622; x_wconf 75' lang='lat' dir='ltr'><strong>laetitia</strong></span> <span class='ocrx_word' id='word_1_437' title='bbox 3307 2569 3536 2639; x_wconf 83' lang='lat' dir='ltr'><strong>hujusce</strong></span> 
     </span>
    </p>
   </div>
   <div class='ocr_carea' id='block_1_59' title="bbox 1955 2651 3536 2730">
    <p class='ocr_par' dir='ltr' id='par_1_59' title="bbox 1955 2651 3536 2730">
     <span class='ocr_line' id='line_1_60' title="bbox 1955 2651 3536 2730; baseline 0.008 -28"><span class='ocrx_word' id='word_1_438' title='bbox 1955 2665 2136 2704; x_wconf 90' lang='lat' dir='ltr'><strong>rerum</strong></span> <span class='ocrx_word' id='word_1_439' title='bbox 2167 2665 2460 2707; x_wconf 84' lang='lat' dir='ltr'><strong>successus</strong></span> <span class='ocrx_word' id='word_1_440' title='bbox 2491 2651 2722 2710; x_wconf 70' lang='lat' dir='ltr'><strong>allectus</strong></span> <span class='ocrx_word' id='word_1_441' title='bbox 2755 2655 2918 2712; x_wconf 85' lang='lat' dir='ltr'><strong>dicet.</strong></span> <span class='ocrx_word' id='word_1_442' title='bbox 2939 2673 3094 2726; x_wconf 80' lang='lat' dir='ltr'><strong>super</strong></span> <span class='ocrx_word' id='word_1_443' title='bbox 3117 2675 3311 2729; x_wconf 82' lang='lat' dir='ltr'><strong>aquam</strong></span> <span class='ocrx_word' id='word_1_444' title='bbox 3341 2663 3536 2730; x_wconf 82' lang='lat' dir='ltr'><strong>requiei</strong></span> 
     </span>
    </p>
   </div>
   <div class='ocr_carea' id='block_1_60' title="bbox 1950 2742 3531 2820">
    <p class='ocr_par' dir='ltr' id='par_1_60' title="bbox 1950 2742 3531 2820">
     <span class='ocr_line' id='line_1_61' title="bbox 1950 2742 3531 2820; baseline 0.006 -24"><span class='ocrx_word' id='word_1_445' title='bbox 1950 2742 2190 2796; x_wconf 84' lang='lat' dir='ltr'><strong>educavit</strong></span> <span class='ocrx_word' id='word_1_446' title='bbox 2239 2760 2338 2796; x_wconf 87' lang='lat' dir='ltr'><strong>me.</strong></span> <span class='ocrx_word' id='word_1_447' title='bbox 2393 2743 2602 2800; x_wconf 88' lang='lat' dir='ltr'><strong>Deinde</strong></span> <span class='ocrx_word' id='word_1_448' title='bbox 2649 2763 2799 2812; x_wconf 85' lang='lat' dir='ltr'><strong>vero,</strong></span> <span class='ocrx_word' id='word_1_449' title='bbox 2851 2757 3041 2819; x_wconf 81' lang='lat' dir='ltr'><strong>utpote</strong></span> <span class='ocrx_word' id='word_1_450' title='bbox 3087 2752 3182 2820; x_wconf 87' lang='lat' dir='ltr'><strong>qui</strong></span> <span class='ocrx_word' id='word_1_451' title='bbox 3233 2767 3358 2806; x_wconf 90' lang='lat' dir='ltr'><strong>cum</strong></span> <span class='ocrx_word' id='word_1_452' title='bbox 3402 2753 3531 2808; x_wconf 88' lang='lat' dir='ltr'><strong>olim</strong></span> 
     </span>
    </p>
   </div>
   <div class='ocr_carea' id='block_1_61' title="bbox 1952 2837 3533 2916">
    <p class='ocr_par' dir='ltr' id='par_1_61' title="bbox 1952 2837 3533 2916">
     <span class='ocr_line' id='line_1_62' title="bbox 1952 2837 3533 2916; baseline 0.005 -26"><span class='ocrx_word' id='word_1_453' title='bbox 1952 2837 2136 2890; x_wconf 84' lang='lat' dir='ltr'><strong>animo</strong></span> <span class='ocrx_word' id='word_1_454' title='bbox 2180 2837 2470 2902; x_wconf 81' lang='lat' dir='ltr'><strong>deﬁceret,</strong></span> <span class='ocrx_word' id='word_1_455' title='bbox 2516 2853 2614 2907; x_wconf 86' lang='lat' dir='ltr'><strong>per</strong></span> <span class='ocrx_word' id='word_1_456' title='bbox 2665 2843 2897 2910; x_wconf 82' lang='lat' dir='ltr'><strong>gratiam</strong></span> <span class='ocrx_word' id='word_1_457' title='bbox 2952 2843 3058 2898; x_wconf 89' lang='lat' dir='ltr'><strong>sibi</strong></span> <span class='ocrx_word' id='word_1_458' title='bbox 3105 2843 3288 2898; x_wconf 87' lang='lat' dir='ltr'><strong>datam</strong></span> <span class='ocrx_word' id='word_1_459' title='bbox 3329 2860 3394 2900; x_wconf 88' lang='lat' dir='ltr'><strong>ac</strong></span> <span class='ocrx_word' id='word_1_460' title='bbox 3436 2861 3533 2916; x_wconf 87' lang='lat' dir='ltr'><strong>per</strong></span> 
     </span>
    </p>
   </div>
   <div class='ocr_carea' id='block_1_62' title="bbox 1951 2929 3532 2998">
    <p class='ocr_par' dir='ltr' id='par_1_62' title="bbox 1951 2929 3532 2998">
     <span class='ocr_line' id='line_1_63' title="bbox 1951 2929 3532 2998; baseline 0.006 -14"><span class='ocrx_word' id='word_1_461' title='bbox 1951 2929 2248 2984; x_wconf 83' lang='lat' dir='ltr'><strong>salutarem</strong></span> <span class='ocrx_word' id='word_1_462' title='bbox 2295 2944 2492 2998; x_wconf 85' lang='lat' dir='ltr'><strong>aquam</strong></span> <span class='ocrx_word' id='word_1_463' title='bbox 2540 2929 2594 2984; x_wconf 90' lang='lat' dir='ltr'><strong>in</strong></span> <span class='ocrx_word' id='word_1_464' title='bbox 2637 2932 2916 2986; x_wconf 79' lang='lat' dir='ltr'><strong>meliorem</strong></span> <span class='ocrx_word' id='word_1_465' title='bbox 2965 2950 3088 2990; x_wconf 86' lang='lat' dir='ltr'><strong>sese</strong></span> <span class='ocrx_word' id='word_1_466' title='bbox 3131 2943 3335 2992; x_wconf 88' lang='lat' dir='ltr'><strong>statum</strong></span> <span class='ocrx_word' id='word_1_467' title='bbox 3378 2951 3532 2992; x_wconf 88' lang='lat' dir='ltr'><strong>rece-</strong></span> 
     </span>
    </p>
   </div>
   <div class='ocr_carea' id='block_1_63' title="bbox 1951 3019 3530 3090">
    <p class='ocr_par' dir='ltr' id='par_1_63' title="bbox 1951 3019 3530 3090">
     <span class='ocr_line' id='line_1_64' title="bbox 1951 3019 3530 3090; baseline 0.004 -18"><span class='ocrx_word' id='word_1_468' title='bbox 1951 3022 2110 3088; x_wconf 82' lang='lat' dir='ltr'><strong>perit,</strong></span> <span class='ocrx_word' id='word_1_469' title='bbox 2147 3019 2304 3088; x_wconf 87' lang='lat' dir='ltr'><strong>quasi</strong></span> <span class='ocrx_word' id='word_1_470' title='bbox 2355 3033 2385 3072; x_wconf 86' lang='lat' dir='ltr'><strong>a</strong></span> <span class='ocrx_word' id='word_1_471' title='bbox 2417 3027 2591 3072; x_wconf 86' lang='lat' dir='ltr'><strong>morte</strong></span> <span class='ocrx_word' id='word_1_472' title='bbox 2635 3031 2922 3078; x_wconf 83' lang='lat' dir='ltr'><strong>revocatus</strong></span> <span class='ocrx_word' id='word_1_473' title='bbox 2969 3023 3040 3079; x_wconf 86' lang='lat' dir='ltr'><strong>sit</strong></span> <span class='ocrx_word' id='word_1_474' title='bbox 3078 3025 3252 3090; x_wconf 87' lang='lat' dir='ltr'><strong>dicet,</strong></span> <span class='ocrx_word' id='word_1_475' title='bbox 3295 3027 3530 3080; x_wconf 82' lang='lat' dir='ltr'><strong>animam</strong></span> 
     </span>
    </p>
   </div>
   <div class='ocr_carea' id='block_1_64' title="bbox 1950 3110 3529 3192">
    <p class='ocr_par' dir='ltr' id='par_1_64' title="bbox 1950 3110 3529 3192">
     <span class='ocr_line' id='line_1_65' title="bbox 1950 3110 3529 3192; baseline 0.007 -28"><span class='ocrx_word' id='word_1_476' title='bbox 1950 3127 2122 3164; x_wconf 86' lang='lat' dir='ltr'><strong>meam</strong></span> <span class='ocrx_word' id='word_1_477' title='bbox 2165 3113 2436 3164; x_wconf 82' lang='lat' dir='ltr'><strong>convertit.</strong></span> <span class='ocrx_word' id='word_1_478' title='bbox 2485 3110 2608 3165; x_wconf 65' lang='lat' dir='ltr'><strong>Hmc</strong></span> <span class='ocrx_word' id='word_1_479' title='bbox 2657 3115 2842 3168; x_wconf 86' lang='lat' dir='ltr'><strong>omnia</strong></span> <span class='ocrx_word' id='word_1_480' title='bbox 2887 3119 3140 3172; x_wconf 84' lang='lat' dir='ltr'><strong>evenient</strong></span> <span class='ocrx_word' id='word_1_481' title='bbox 3178 3120 3386 3175; x_wconf 86' lang='lat' dir='ltr'><strong>homini</strong></span> <span class='ocrx_word' id='word_1_482' title='bbox 3433 3121 3529 3192; x_wconf 86' lang='lat' dir='ltr'><strong>qui</strong></span> 
     </span>
    </p>
   </div>
   <div class='ocr_carea' id='block_1_65' title="bbox 244 3193 1842 3282">
    <p class='ocr_par' dir='ltr' id='par_1_65' title="bbox 244 3193 1842 3278">
     <span class='ocr_line' id='line_1_66' title="bbox 244 3193 1842 3278; baseline 0.008 -30"><span class='ocrx_word' id='word_1_483' title='bbox 244 3193 440 3269; x_wconf 78' lang='grc' dir='ltr'><strong>ὥσπερ</strong></span> <span class='ocrx_word' id='word_1_484' title='bbox 477 3198 542 3250; x_wconf 84' lang='grc' dir='ltr'><strong>ὲκ</strong></span> <span class='ocrx_word' id='word_1_485' title='bbox 571 3197 802 3252; x_wconf 81' lang='grc' dir='ltr'><strong>θανάτου</strong></span> <span class='ocrx_word' id='word_1_486' title='bbox 829 3201 1294 3275; x_wconf 82' lang='grc' dir='ltr'><strong>παλινδρομήσας,</strong></span> <span class='ocrx_word' id='word_1_487' title='bbox 1339 3206 1502 3278; x_wconf 78' lang='grc' dir='ltr'><strong>φήσει</strong></span> <span class='ocrx_word' id='word_1_488' title='bbox 1523 3223 1536 3237; x_wconf 71' lang='grc'><strong>⁸</strong></span> <span class='ocrx_word' id='word_1_489' title='bbox 1575 3205 1696 3275; x_wconf 74' lang='grc' dir='ltr'><strong>Τὴν</strong></span> <span class='ocrx_word' id='word_1_490' title='bbox 1730 3209 1842 3276; x_wconf 67' lang='grc' dir='ltr'><strong>ψυ-</strong></span> 
     </span>
    </p>
   </div>
   <div class='ocr_carea' id='block_1_66' title="bbox 1947 3193 3350 3282">
    <p class='ocr_par' dir='ltr' id='par_1_66' title="bbox 1951 3204 3350 3282">
     <span class='ocr_line' id='line_1_67' title="bbox 1951 3204 3350 3282; baseline 0.008 -25"><span class='ocrx_word' id='word_1_491' title='bbox 1951 3219 2047 3274; x_wconf 88' lang='lat' dir='ltr'><strong>per</strong></span> <span class='ocrx_word' id='word_1_492' title='bbox 2081 3211 2442 3257; x_wconf 87' lang='lat' dir='ltr'><strong>memoratum</strong></span> <span class='ocrx_word' id='word_1_493' title='bbox 2476 3204 2736 3262; x_wconf 86' lang='lat' dir='ltr'><strong>Davidem</strong></span> <span class='ocrx_word' id='word_1_494' title='bbox 2769 3223 2798 3262; x_wconf 89' lang='lat' dir='ltr'><strong>a</strong></span> <span class='ocrx_word' id='word_1_495' title='bbox 2823 3207 3057 3265; x_wconf 89' lang='lat' dir='ltr'><strong>Domino</strong></span> <span class='ocrx_word' id='word_1_496' title='bbox 3085 3213 3350 3282; x_wconf 88' lang='lat' dir='ltr'><strong>pascitur.</strong></span> 
     </span>
    </p>
   </div>
   <div class='ocr_carea' id='block_1_67' title="bbox 243 3285 3526 3378">
    <p class='ocr_par' dir='ltr' id='par_1_67' title="bbox 243 3285 3526 3378">
     <span class='ocr_line' id='line_1_68' title="bbox 243 3285 3526 3378; baseline 0.007 -39"><span class='ocrx_word' id='word_1_497' title='bbox 243 3285 374 3358; x_wconf 61' lang='grc' dir='ltr'><strong>τήν</strong></span> <span class='ocrx_word' id='word_1_498' title='bbox 404 3305 525 3358; x_wconf 85' lang='grc' dir='ltr'>μου</span> <span class='ocrx_word' id='word_1_499' title='bbox 565 3288 922 3362; x_wconf 70' lang='grc' dir='ltr'><strong>ἐπέστρεψε.</strong></span> <span class='ocrx_word' id='word_1_500' title='bbox 963 3295 1148 3349; x_wconf 79' lang='grc' dir='ltr'><strong>Ταῦτα</strong></span> <span class='ocrx_word' id='word_1_501' title='bbox 1189 3295 1369 3351; x_wconf 86' lang='grc' dir='ltr'><strong>πάντα</strong></span> <span class='ocrx_word' id='word_1_502' title='bbox 1402 3297 1634 3372; x_wconf 81' lang='grc' dir='ltr'><strong>ὑπάρξει</strong></span> <span class='ocrx_word' id='word_1_503' title='bbox 1673 3297 1751 3370; x_wconf 80' lang='grc' dir='ltr'><strong>τῷ</strong></span> <span class='ocrx_word' id='word_1_504' title='bbox 1812 3297 1901 3352; x_wconf 78' lang='grc' dir='ltr'><strong>διὰ</strong></span> <span class='ocrx_word' id='word_1_505' title='bbox 1937 3297 2030 3350; x_wconf 78' lang='grc' dir='ltr'><strong>τοῦ</strong></span> <span class='ocrx_word' id='word_1_506' title='bbox 2068 3295 2400 3368; x_wconf 81' lang='grc' dir='ltr'><strong>δηλωθέντος</strong></span> <span class='ocrx_word' id='word_1_507' title='bbox 2453 3299 2616 3354; x_wconf 78' lang='grc' dir='ltr'><strong>Δαυῒδ</strong></span> <span class='ocrx_word' id='word_1_508' title='bbox 2653 3301 2758 3355; x_wconf 84' lang='grc' dir='ltr'><strong>ὑπὸ</strong></span> <span class='ocrx_word' id='word_1_509' title='bbox 2807 3302 2904 3357; x_wconf 74' lang='grc' dir='ltr'><strong>τοῦ</strong></span> <span class='ocrx_word' id='word_1_510' title='bbox 2974 3305 3182 3376; x_wconf 82' lang='grc' dir='ltr'><strong>Κυρίου</strong></span> <span class='ocrx_word' id='word_1_511' title='bbox 3241 3324 3526 3378; x_wconf 66' lang='grc' dir='ltr'><strong>ποιμαινόν-</strong></span> 
     </span>
    </p>
   </div>
   <div class='ocr_carea' id='block_1_68' title="bbox 248 3379 825 3450">
    <p class='ocr_par' dir='ltr' id='par_1_68' title="bbox 248 3379 825 3450">
     <span class='ocr_line' id='line_1_69' title="bbox 248 3379 825 3450; baseline 0 0"><span class='ocrx_word' id='word_1_512' title='bbox 248 3379 420 3450; x_wconf 75' lang='grc' dir='ltr'>μένῳ·</span> <span class='ocrx_word' id='word_1_513' title='bbox 817 3445 825 3450; x_wconf 87' lang='grc'><em>.</em></span> 
     </span>
    </p>
   </div>
   <div class='ocr_carea' id='block_1_69' title="bbox 325 3470 1841 3552">
    <p class='ocr_par' dir='ltr' id='par_1_69' title="bbox 325 3470 1841 3552">
     <span class='ocr_line' id='line_1_70' title="bbox 325 3470 1841 3552; baseline 0.011 -29"><span class='ocrx_word' id='word_1_514' title='bbox 325 3470 625 3542; x_wconf 64' lang='grc' dir='ltr'><strong>Ὠδήγησέ</strong></span> <span class='ocrx_word' id='word_1_515' title='bbox 663 3492 742 3544; x_wconf 79' lang='grc' dir='ltr'><strong>με</strong></span> <span class='ocrx_word' id='word_1_516' title='bbox 783 3475 882 3529; x_wconf 76' lang='grc' dir='ltr'><strong>ἐπὶ</strong></span> <span class='ocrx_word' id='word_1_517' title='bbox 921 3479 1159 3546; x_wconf 78' lang='grc' dir='ltr'><strong>τρίϐους</strong></span> <span class='ocrx_word' id='word_1_518' title='bbox 1206 3481 1598 3552; x_wconf 73' lang='grc' dir='ltr'><strong>δικαιοσύνης</strong></span> <span class='ocrx_word' id='word_1_519' title='bbox 1634 3483 1841 3538; x_wconf 80' lang='grc' dir='ltr'><strong>ἕνεκεν</strong></span> 
     </span>
    </p>
   </div>
   <div class='ocr_carea' id='block_1_70' title="bbox 243 3565 1841 3648">
    <p class='ocr_par' dir='ltr' id='par_1_70' title="bbox 243 3565 1841 3648">
     <span class='ocr_line' id='line_1_71' title="bbox 243 3565 1841 3648; baseline 0.01 -32"><span class='ocrx_word' id='word_1_520' title='bbox 243 3565 352 3618; x_wconf 83' lang='grc' dir='ltr'><strong>τοῦ</strong></span> <span class='ocrx_word' id='word_1_521' title='bbox 394 3566 688 3636; x_wconf 73' lang='grc' dir='ltr'><strong>ὀνόματος</strong></span> <span class='ocrx_word' id='word_1_522' title='bbox 711 3571 918 3625; x_wconf 86' lang='grc' dir='ltr'><strong>αὐτοῦ.</strong></span> <span class='ocrx_word' id='word_1_523' title='bbox 947 3571 1154 3636; x_wconf 75' lang='grc' dir='ltr'><strong>Ταῦτα,</strong></span> <span class='ocrx_word' id='word_1_524' title='bbox 1189 3575 1351 3646; x_wconf 77' lang='grc' dir='ltr'><strong>φησὶ,</strong></span> <span class='ocrx_word' id='word_1_525' title='bbox 1387 3577 1636 3648; x_wconf 83' lang='grc' dir='ltr'><strong>πράττει,</strong></span> <span class='ocrx_word' id='word_1_526' title='bbox 1666 3578 1742 3642; x_wconf 81' lang='grc' dir='ltr'><strong>ὡς</strong></span> <span class='ocrx_word' id='word_1_527' title='bbox 1775 3577 1841 3632; x_wconf 85' lang='grc' dir='ltr'><strong>ἂν</strong></span> 
     </span>
    </p>
   </div>
   <div class='ocr_carea' id='block_1_71' title="bbox 243 3657 1840 3743">
    <p class='ocr_par' dir='ltr' id='par_1_71' title="bbox 243 3657 1840 3743">
     <span class='ocr_line' id='line_1_72' title="bbox 243 3657 1840 3743; baseline 0.01 -33"><span class='ocrx_word' id='word_1_528' title='bbox 243 3659 320 3730; x_wconf 78' lang='grc' dir='ltr'><strong>μὴ</strong></span> <span class='ocrx_word' id='word_1_529' title='bbox 359 3657 752 3733; x_wconf 69' lang='grc' dir='ltr'><strong>βλασφημῆται</strong></span> <span class='ocrx_word' id='word_1_530' title='bbox 791 3664 956 3718; x_wconf 75' lang='grc' dir='ltr'><strong>αὐτοῦ</strong></span> <span class='ocrx_word' id='word_1_531' title='bbox 997 3665 1056 3719; x_wconf 83' lang='grc' dir='ltr'><strong>τὸ</strong></span> <span class='ocrx_word' id='word_1_532' title='bbox 1099 3667 1290 3738; x_wconf 73' lang='grc' dir='ltr'><strong>ὄνομα,</strong></span> <span class='ocrx_word' id='word_1_533' title='bbox 1340 3668 1450 3722; x_wconf 83' lang='grc' dir='ltr'><strong>τῶν</strong></span> <span class='ocrx_word' id='word_1_534' title='bbox 1495 3671 1660 3724; x_wconf 78' lang='grc' dir='ltr'><strong>αὑτοῦ</strong></span> <span class='ocrx_word' id='word_1_535' title='bbox 1709 3690 1840 3743; x_wconf 84' lang='grc' dir='ltr'><strong>προ-</strong></span> 
     </span>
    </p>
   </div>
   <div class='ocr_carea' id='block_1_72' title="bbox 237 3747 1838 3834">
    <p class='ocr_par' dir='ltr' id='par_1_72' title="bbox 237 3747 1838 3834">
     <span class='ocr_line' id='line_1_73' title="bbox 237 3747 1838 3834; baseline 0.011 -32"><span class='ocrx_word' id='word_1_536' title='bbox 237 3747 426 3804; x_wconf 69' lang='grc' dir='ltr'><strong>ϐάτων</strong></span> <span class='ocrx_word' id='word_1_537' title='bbox 460 3753 869 3825; x_wconf 80' lang='grc' dir='ltr'><strong>ἀπολλυμένων,</strong></span> <span class='ocrx_word' id='word_1_538' title='bbox 903 3757 936 3828; x_wconf 79' lang='grc' dir='ltr'>ἢ</span> <span class='ocrx_word' id='word_1_539' title='bbox 987 3757 1173 3822; x_wconf 84' lang='grc' dir='ltr'><strong>κακῶς</strong></span> <span class='ocrx_word' id='word_1_540' title='bbox 1206 3760 1508 3832; x_wconf 78' lang='grc' dir='ltr'><strong>ἀγομένων.</strong></span> <span class='ocrx_word' id='word_1_541' title='bbox 1563 3763 1698 3817; x_wconf 80' lang='grc' dir='ltr'><strong>Ἐὰν</strong></span> <span class='ocrx_word' id='word_1_542' title='bbox 1727 3765 1838 3834; x_wconf 80' lang='grc' dir='ltr'><strong>γὰρ</strong></span> 
     </span>
    </p>
   </div>
   <div class='ocr_carea' id='block_1_73' title="bbox 237 3843 1836 3925">
    <p class='ocr_par' dir='ltr' id='par_1_73' title="bbox 237 3843 1836 3925">
     <span class='ocr_line' id='line_1_74' title="bbox 237 3843 1836 3925; baseline 0.007 -27"><span class='ocrx_word' id='word_1_543' title='bbox 237 3843 342 3898; x_wconf 75' lang='grc' dir='ltr'><strong>καὶ</strong></span> <span class='ocrx_word' id='word_1_544' title='bbox 373 3845 644 3914; x_wconf 74' lang='grc' dir='ltr'><strong>πορευθῶ</strong></span> <span class='ocrx_word' id='word_1_545' title='bbox 675 3848 744 3901; x_wconf 84' lang='grc' dir='ltr'><strong>ἐν</strong></span> <span class='ocrx_word' id='word_1_546' title='bbox 787 3847 958 3918; x_wconf 82' lang='grc' dir='ltr'><strong>μέσῳ</strong></span> <span class='ocrx_word' id='word_1_547' title='bbox 986 3851 1165 3917; x_wconf 73' lang='grc' dir='ltr'><strong>σκιᾶς</strong></span> <span class='ocrx_word' id='word_1_548' title='bbox 1201 3851 1482 3917; x_wconf 74' lang='grc' dir='ltr'><strong>θανάτου,</strong></span> <span class='ocrx_word' id='word_1_549' title='bbox 1531 3858 1602 3909; x_wconf 81' lang='grc' dir='ltr'><strong>οὐ</strong></span> <span class='ocrx_word' id='word_1_550' title='bbox 1655 3857 1836 3925; x_wconf 66' lang='grc' dir='ltr'><strong>φοϐη-</strong></span> 
     </span>
    </p>
   </div>
   <div class='ocr_carea' id='block_1_74' title="bbox 237 3936 1833 4020">
    <p class='ocr_par' dir='ltr' id='par_1_74' title="bbox 237 3936 1833 4020">
     <span class='ocr_line' id='line_1_75' title="bbox 237 3936 1833 4020; baseline 0.011 -34"><span class='ocrx_word' id='word_1_551' title='bbox 237 3936 506 4006; x_wconf 70' lang='grc' dir='ltr'><strong>θήσομαι</strong></span> <span class='ocrx_word' id='word_1_552' title='bbox 529 3937 705 4006; x_wconf 81' lang='grc' dir='ltr'><strong>κακὰ,</strong></span> <span class='ocrx_word' id='word_1_553' title='bbox 728 3939 819 3993; x_wconf 81' lang='grc' dir='ltr'><strong>ὅτι</strong></span> <span class='ocrx_word' id='word_1_554' title='bbox 853 3940 933 3995; x_wconf 83' lang='grc' dir='ltr'><strong>σὺ</strong></span> <span class='ocrx_word' id='word_1_555' title='bbox 969 3943 1096 4012; x_wconf 82' lang='grc' dir='ltr'><strong>μετ’</strong></span> <span class='ocrx_word' id='word_1_556' title='bbox 1125 3943 1271 4012; x_wconf 81' lang='grc' dir='ltr'><strong>ἐμοῦ</strong></span> <span class='ocrx_word' id='word_1_557' title='bbox 1293 3941 1363 3998; x_wconf 81' lang='grc' dir='ltr'><strong>εἷ.</strong></span> <span class='ocrx_word' id='word_1_558' title='bbox 1395 3946 1630 4018; x_wconf 61' lang='grc' dir='ltr'><strong>Βὶακράν</strong></span> <span class='ocrx_word' id='word_1_559' title='bbox 1659 3948 1767 4020; x_wconf 78' lang='grc' dir='ltr'><strong>γὰρ</strong></span> <span class='ocrx_word' id='word_1_560' title='bbox 1801 3952 1833 4020; x_wconf 81' lang='grc' dir='ltr'><strong>ἡ</strong></span> 
     </span>
    </p>
   </div>
   <div class='ocr_carea' id='block_1_75' title="bbox 240 4030 1834 4106">
    <p class='ocr_par' dir='ltr' id='par_1_75' title="bbox 240 4030 1834 4106">
     <span class='ocr_line' id='line_1_76' title="bbox 240 4030 1834 4106; baseline 0.009 -25"><span class='ocrx_word' id='word_1_561' title='bbox 240 4030 494 4100; x_wconf 79' lang='grc' dir='ltr'><strong>ἁμαρτία</strong></span> <span class='ocrx_word' id='word_1_562' title='bbox 537 4031 738 4095; x_wconf 74' lang='grc' dir='ltr'><strong>παντὺς</strong></span> <span class='ocrx_word' id='word_1_563' title='bbox 765 4033 1016 4098; x_wconf 82' lang='grc' dir='ltr'><strong>συνόντος</strong></span> <span class='ocrx_word' id='word_1_564' title='bbox 1056 4034 1194 4106; x_wconf 80' lang='grc' dir='ltr'><strong>Θεῷ.</strong></span> <span class='ocrx_word' id='word_1_565' title='bbox 1249 4036 1418 4092; x_wconf 86' lang='grc' dir='ltr'><strong>Σκιὰν</strong></span> <span class='ocrx_word' id='word_1_566' title='bbox 1473 4038 1702 4093; x_wconf 82' lang='grc' dir='ltr'><strong>θανάτου</strong></span> <span class='ocrx_word' id='word_1_567' title='bbox 1742 4041 1834 4094; x_wconf 83' lang='grc' dir='ltr'><strong>τὸν</strong></span> 
     </span>
    </p>
   </div>
   <div class='ocr_carea' id='block_1_76' title="bbox 238 4120 1831 4202">
    <p class='ocr_par' dir='ltr' id='par_1_76' title="bbox 238 4120 1831 4202">
     <span class='ocr_line' id='line_1_77' title="bbox 238 4120 1831 4202; baseline 0.009 -31"><span class='ocrx_word' id='word_1_568' title='bbox 238 4120 422 4173; x_wconf 82' lang='grc' dir='ltr'><strong>κοινόν</strong></span> <span class='ocrx_word' id='word_1_569' title='bbox 449 4138 584 4192; x_wconf 72' lang='grc' dir='ltr'><strong>φησι</strong></span> <span class='ocrx_word' id='word_1_570' title='bbox 637 4123 888 4190; x_wconf 83' lang='grc' dir='ltr'><strong>θάνατον,</strong></span> <span class='ocrx_word' id='word_1_571' title='bbox 937 4125 1032 4178; x_wconf 76' lang='grc' dir='ltr'><strong>καὶ</strong></span> <span class='ocrx_word' id='word_1_572' title='bbox 1088 4128 1187 4200; x_wconf 84' lang='grc' dir='ltr'><strong>τὴν</strong></span> <span class='ocrx_word' id='word_1_573' title='bbox 1240 4129 1338 4200; x_wconf 86' lang='grc' dir='ltr'><strong>τῆς</strong></span> <span class='ocrx_word' id='word_1_574' title='bbox 1363 4129 1544 4202; x_wconf 73' lang='grc' dir='ltr'><strong>ψυχῆς</strong></span> <span class='ocrx_word' id='word_1_575' title='bbox 1592 4132 1700 4185; x_wconf 77' lang='grc' dir='ltr'><strong>ἀπὸ</strong></span> <span class='ocrx_word' id='word_1_576' title='bbox 1737 4133 1831 4186; x_wconf 79' lang='grc' dir='ltr'><strong>τοῦ</strong></span> 
     </span>
    </p>
   </div>
   <div class='ocr_carea' id='block_1_77' title="bbox 239 4213 1832 4296">
    <p class='ocr_par' dir='ltr' id='par_1_77' title="bbox 239 4213 1832 4296">
     <span class='ocr_line' id='line_1_78' title="bbox 239 4213 1832 4296; baseline 0.009 -32"><span class='ocrx_word' id='word_1_577' title='bbox 239 4213 498 4283; x_wconf 75' lang='grc' dir='ltr'><strong>σώματος</strong></span> <span class='ocrx_word' id='word_1_578' title='bbox 520 4213 694 4278; x_wconf 80' lang='grc' dir='ltr'><strong>λύσιν,</strong></span> <span class='ocrx_word' id='word_1_579' title='bbox 731 4217 868 4288; x_wconf 82' lang='grc' dir='ltr'><strong>πρὸς</strong></span> <span class='ocrx_word' id='word_1_580' title='bbox 895 4217 1301 4293; x_wconf 79' lang='grc' dir='ltr'><strong>ἀντιδιαστολὴν</strong></span> <span class='ocrx_word' id='word_1_581' title='bbox 1338 4221 1434 4276; x_wconf 74' lang='grc' dir='ltr'><strong>τοῦ</strong></span> <span class='ocrx_word' id='word_1_582' title='bbox 1475 4223 1702 4278; x_wconf 86' lang='grc' dir='ltr'><strong>θανάτου</strong></span> <span class='ocrx_word' id='word_1_583' title='bbox 1730 4225 1832 4296; x_wconf 82' lang='grc' dir='ltr'><strong>τῆς</strong></span> 
     </span>
    </p>
   </div>
   <div class='ocr_carea' id='block_1_78' title="bbox 234 4303 1828 4387">
    <p class='ocr_par' dir='ltr' id='par_1_78' title="bbox 234 4303 1828 4387">
     <span class='ocr_line' id='line_1_79' title="bbox 234 4303 1828 4387; baseline 0.01 -31"><span class='ocrx_word' id='word_1_584' title='bbox 234 4303 438 4376; x_wconf 67' lang='grc' dir='ltr'><strong>ψυχῆς,</strong></span> <span class='ocrx_word' id='word_1_585' title='bbox 467 4306 591 4360; x_wconf 83' lang='grc' dir='ltr'><strong>καθ’</strong></span> <span class='ocrx_word' id='word_1_586' title='bbox 622 4308 651 4361; x_wconf 83' lang='grc' dir='ltr'><strong>ὃ</strong></span> <span class='ocrx_word' id='word_1_587' title='bbox 689 4309 934 4382; x_wconf 79' lang='grc' dir='ltr'><strong>εἴρηται·</strong></span> <span class='ocrx_word' id='word_1_588' title='bbox 969 4312 1146 4382; x_wconf 82' lang='grc' dir='ltr'><strong>Ψυχὴ</strong></span> <span class='ocrx_word' id='word_1_589' title='bbox 1193 4315 1641 4384; x_wconf 76' lang='grc' dir='ltr'><strong>ἁμαρτάνουσα,</strong></span> <span class='ocrx_word' id='word_1_590' title='bbox 1678 4319 1828 4387; x_wconf 80' lang='grc' dir='ltr'><strong>αὕτη</strong></span> 
     </span>
    </p>
   </div>
   <div class='ocr_carea' id='block_1_79' title="bbox 233 4399 1826 4478">
    <p class='ocr_par' dir='ltr' id='par_1_79' title="bbox 233 4399 1826 4478">
     <span class='ocr_line' id='line_1_80' title="bbox 233 4399 1826 4478; baseline 0.008 -24"><span class='ocrx_word' id='word_1_591' title='bbox 233 4399 622 4454; x_wconf 79' lang='grc' dir='ltr'><strong>ἀποθανεῖται</strong></span> <span class='ocrx_word' id='word_1_592' title='bbox 644 4419 656 4431; x_wconf 93' lang='grc'><strong>·</strong></span> <span class='ocrx_word' id='word_1_593' title='bbox 691 4405 806 4466; x_wconf 76' lang='grc' dir='ltr'><strong>καὶ,</strong></span> <span class='ocrx_word' id='word_1_594' title='bbox 837 4403 1043 4458; x_wconf 71' lang='grc' dir='ltr'><strong>Ἔστιν</strong></span> <span class='ocrx_word' id='word_1_595' title='bbox 1085 4406 1341 4476; x_wconf 79' lang='grc' dir='ltr'><strong>ἁμαρτία</strong></span> <span class='ocrx_word' id='word_1_596' title='bbox 1370 4409 1519 4478; x_wconf 76' lang='grc' dir='ltr'><strong>πρὸς</strong></span> <span class='ocrx_word' id='word_1_597' title='bbox 1549 4411 1826 4468; x_wconf 78' lang='grc' dir='ltr'><strong>θάνατον.</strong></span> 
     </span>
    </p>
   </div>
   <div class='ocr_carea' id='block_1_80' title="bbox 234 4493 1824 4577">
    <p class='ocr_par' dir='ltr' id='par_1_80' title="bbox 234 4493 1824 4577">
     <span class='ocr_line' id='line_1_81' title="bbox 234 4493 1824 4577; baseline 0.006 -29"><span class='ocrx_word' id='word_1_598' title='bbox 234 4493 350 4548; x_wconf 67' lang='grc' dir='ltr'><strong>Οὐκ</strong></span> <span class='ocrx_word' id='word_1_599' title='bbox 371 4493 488 4546; x_wconf 76' lang='grc' dir='ltr'><strong>ἔστι</strong></span> <span class='ocrx_word' id='word_1_600' title='bbox 519 4493 628 4566; x_wconf 73' lang='grc' dir='ltr'><strong>γὰρ</strong></span> <span class='ocrx_word' id='word_1_601' title='bbox 663 4494 791 4549; x_wconf 85' lang='grc' dir='ltr'><strong>σκιά</strong></span> <span class='ocrx_word' id='word_1_602' title='bbox 826 4495 1055 4551; x_wconf 82' lang='grc' dir='ltr'><strong>θανάτου</strong></span> <span class='ocrx_word' id='word_1_603' title='bbox 1075 4515 1088 4528; x_wconf 90' lang='grc'><strong>·</strong></span> <span class='ocrx_word' id='word_1_604' title='bbox 1121 4499 1234 4552; x_wconf 85' lang='grc' dir='ltr'><strong>ἀλλ’</strong></span> <span class='ocrx_word' id='word_1_605' title='bbox 1260 4501 1512 4572; x_wconf 82' lang='grc' dir='ltr'><strong>ἀληθινὸς</strong></span> <span class='ocrx_word' id='word_1_606' title='bbox 1539 4502 1766 4568; x_wconf 88' lang='grc' dir='ltr'><strong>Θάνατος</strong></span> <span class='ocrx_word' id='word_1_607' title='bbox 1791 4507 1824 4577; x_wconf 84' lang='grc' dir='ltr'>ὴ</span> 
     </span>
    </p>
   </div>
   <div class='ocr_carea' id='block_1_81' title="bbox 233 4585 1822 4668">
    <p class='ocr_par' dir='ltr' id='par_1_81' title="bbox 233 4585 1822 4668">
     <span class='ocr_line' id='line_1_82' title="bbox 233 4585 1822 4668; baseline 0.008 -31"><span class='ocrx_word' id='word_1_608' title='bbox 233 4585 332 4656; x_wconf 73' lang='grc' dir='ltr'><strong>τῆς</strong></span> <span class='ocrx_word' id='word_1_609' title='bbox 357 4585 542 4657; x_wconf 67' lang='grc' dir='ltr'><strong>ψυχῆς</strong></span> <span class='ocrx_word' id='word_1_610' title='bbox 560 4586 807 4642; x_wconf 81' lang='grc' dir='ltr'><strong>ἀπώλεια</strong></span> <span class='ocrx_word' id='word_1_611' title='bbox 829 4590 1108 4660; x_wconf 84' lang='grc' dir='ltr'><strong>τυγχάνει.</strong></span> <span class='ocrx_word' id='word_1_612' title='bbox 1129 4592 1280 4646; x_wconf 81' lang='grc' dir='ltr'><strong>Ἐπεὶ</strong></span> <span class='ocrx_word' id='word_1_613' title='bbox 1302 4589 1394 4648; x_wconf 80' lang='grc' dir='ltr'><strong>οὖν</strong></span> <span class='ocrx_word' id='word_1_614' title='bbox 1419 4597 1822 4668; x_wconf 83' lang='grc' dir='ltr'><strong>μεμαθήκασιν,</strong></span> 
     </span>
    </p>
   </div>
   <div class='ocr_carea' id='block_1_82' title="bbox 234 4675 1820 4762">
    <p class='ocr_par' dir='ltr' id='par_1_82' title="bbox 234 4675 1820 4762">
     <span class='ocr_line' id='line_1_83' title="bbox 234 4675 1820 4762; baseline 0.009 -32"><span class='ocrx_word' id='word_1_615' title='bbox 234 4675 308 4741; x_wconf 85' lang='grc' dir='ltr'><strong>ὡς</strong></span> <span class='ocrx_word' id='word_1_616' title='bbox 353 4679 466 4750; x_wconf 78' lang='grc' dir='ltr'><strong>ἄρα</strong></span> <span class='ocrx_word' id='word_1_617' title='bbox 497 4682 525 4732; x_wconf 91' lang='lat'><strong>6</strong></span> <span class='ocrx_word' id='word_1_618' title='bbox 557 4680 827 4736; x_wconf 83' lang='grc' dir='ltr'><strong>πιστεύων</strong></span> <span class='ocrx_word' id='word_1_619' title='bbox 876 4683 955 4746; x_wconf 87' lang='grc' dir='ltr'><strong>εἰς</strong></span> <span class='ocrx_word' id='word_1_620' title='bbox 999 4683 1091 4738; x_wconf 85' lang='grc' dir='ltr'><strong>τὸν</strong></span> <span class='ocrx_word' id='word_1_621' title='bbox 1135 4685 1264 4739; x_wconf 80' lang='grc' dir='ltr'><strong>Υίὺν</strong></span> <span class='ocrx_word' id='word_1_622' title='bbox 1305 4687 1400 4740; x_wconf 84' lang='grc' dir='ltr'><strong>τοῦ</strong></span> <span class='ocrx_word' id='word_1_623' title='bbox 1451 4687 1584 4742; x_wconf 81' lang='grc' dir='ltr'><strong>Θεοῦ</strong></span> <span class='ocrx_word' id='word_1_624' title='bbox 1637 4690 1698 4744; x_wconf 83' lang='grc' dir='ltr'><strong>οὐ</strong></span> <span class='ocrx_word' id='word_1_625' title='bbox 1747 4691 1820 4762; x_wconf 86' lang='grc' dir='ltr'><strong>μὴ</strong></span> 
     </span>
    </p>
   </div>
   <div class='ocr_carea' id='block_1_83' title="bbox 2015 3477 3527 3557">
    <p class='ocr_par' dir='ltr' id='par_1_83' title="bbox 2015 3477 3527 3557">
     <span class='ocr_line' id='line_1_84' title="bbox 2015 3477 3527 3557; baseline 0.009 -25"><span class='ocrx_word' id='word_1_626' title='bbox 2015 3477 2182 3534; x_wconf 71' lang='lat' dir='ltr'><strong>Vens.</strong></span> <span class='ocrx_word' id='word_1_627' title='bbox 2223 3479 2280 3544; x_wconf 75' lang='grc'><strong>5,</strong></span> <span class='ocrx_word' id='word_1_628' title='bbox 2323 3479 2377 3533; x_wconf 77' lang='grc'><strong>4.</strong></span> <span class='ocrx_word' id='word_1_629' title='bbox 2429 3479 2658 3534; x_wconf 74' lang='lat' dir='ltr'><strong>Deduxit</strong></span> <span class='ocrx_word' id='word_1_630' title='bbox 2702 3497 2784 3534; x_wconf 88' lang='lat' dir='ltr'><strong>me</strong></span> <span class='ocrx_word' id='word_1_631' title='bbox 2835 3497 2991 3550; x_wconf 83' lang='lat' dir='ltr'><strong>super</strong></span> <span class='ocrx_word' id='word_1_632' title='bbox 3041 3486 3258 3540; x_wconf 84' lang='lat' dir='ltr'><strong>semitas</strong></span> <span class='ocrx_word' id='word_1_633' title='bbox 3291 3487 3527 3557; x_wconf 78' lang='lat' dir='ltr'><strong>justitiu:</strong></span> 
     </span>
    </p>
   </div>
   <div class='ocr_carea' id='block_1_84' title="bbox 1939 3572 3524 3652">
    <p class='ocr_par' dir='ltr' id='par_1_84' title="bbox 1939 3572 3524 3652">
     <span class='ocr_line' id='line_1_85' title="bbox 1939 3572 3524 3652; baseline 0.009 -29"><span class='ocrx_word' id='word_1_634' title='bbox 1939 3582 2151 3640; x_wconf 75' lang='lat' dir='ltr'><strong>propter</strong></span> <span class='ocrx_word' id='word_1_635' title='bbox 2200 3588 2388 3625; x_wconf 85' lang='lat' dir='ltr'><strong>nomen</strong></span> <span class='ocrx_word' id='word_1_636' title='bbox 2426 3589 2602 3626; x_wconf 85' lang='lat' dir='ltr'><strong>suum.</strong></span> <span class='ocrx_word' id='word_1_637' title='bbox 2653 3572 2800 3638; x_wconf 66' lang='lat' dir='ltr'><strong>llaec,</strong></span> <span class='ocrx_word' id='word_1_638' title='bbox 2847 3576 3045 3644; x_wconf 84' lang='lat' dir='ltr'><strong>inquit,</strong></span> <span class='ocrx_word' id='word_1_639' title='bbox 3106 3577 3229 3634; x_wconf 87' lang='lat' dir='ltr'><strong>ideo</strong></span> <span class='ocrx_word' id='word_1_640' title='bbox 3277 3582 3410 3652; x_wconf 82' lang='lat' dir='ltr'><strong>agit,</strong></span> <span class='ocrx_word' id='word_1_641' title='bbox 3463 3593 3524 3638; x_wconf 89' lang='lat' dir='ltr'><strong>ut</strong></span> 
     </span>
    </p>
   </div>
   <div class='ocr_carea' id='block_1_85' title="bbox 1939 3663 3521 3740">
    <p class='ocr_par' dir='ltr' id='par_1_85' title="bbox 1939 3663 3521 3740">
     <span class='ocr_line' id='line_1_86' title="bbox 1939 3663 3521 3740; baseline 0.008 -23"><span class='ocrx_word' id='word_1_642' title='bbox 1939 3679 2028 3727; x_wconf 89' lang='lat' dir='ltr'><strong>ne,</strong></span> <span class='ocrx_word' id='word_1_643' title='bbox 2067 3663 2289 3718; x_wconf 87' lang='lat' dir='ltr'><strong>amissis</strong></span> <span class='ocrx_word' id='word_1_644' title='bbox 2323 3679 2388 3718; x_wconf 90' lang='lat' dir='ltr'><strong>ac</strong></span> <span class='ocrx_word' id='word_1_645' title='bbox 2419 3665 2669 3734; x_wconf 82' lang='lat' dir='ltr'><strong>perditis,</strong></span> <span class='ocrx_word' id='word_1_646' title='bbox 2701 3674 2794 3718; x_wconf 91' lang='lat' dir='ltr'><strong>aut</strong></span> <span class='ocrx_word' id='word_1_647' title='bbox 2827 3669 2970 3722; x_wconf 87' lang='lat' dir='ltr'><strong>male</strong></span> <span class='ocrx_word' id='word_1_648' title='bbox 3001 3669 3254 3726; x_wconf 83' lang='lat' dir='ltr'><strong>deductis</strong></span> <span class='ocrx_word' id='word_1_649' title='bbox 3300 3677 3521 3740; x_wconf 85' lang='lat' dir='ltr'><strong>ovibus,</strong></span> 
     </span>
    </p>
   </div>
   <div class='ocr_carea' id='block_1_86' title="bbox 1937 3757 3524 3826">
    <p class='ocr_par' dir='ltr' id='par_1_86' title="bbox 1937 3757 3524 3826">
     <span class='ocr_line' id='line_1_87' title="bbox 1937 3757 3524 3826; baseline 0.007 -16"><span class='ocrx_word' id='word_1_650' title='bbox 1937 3771 2136 3810; x_wconf 88' lang='lat' dir='ltr'><strong>nomen</strong></span> <span class='ocrx_word' id='word_1_651' title='bbox 2182 3773 2341 3810; x_wconf 83' lang='lat' dir='ltr'><strong>suum</strong></span> <span class='ocrx_word' id='word_1_652' title='bbox 2375 3757 2802 3826; x_wconf 89' lang='lat' dir='ltr'><strong>blasphemetur.</strong></span> <span class='ocrx_word' id='word_1_653' title='bbox 2853 3757 2994 3814; x_wconf 88' lang='lat' dir='ltr'><strong>Nam</strong></span> <span class='ocrx_word' id='word_1_654' title='bbox 3031 3771 3080 3814; x_wconf 87' lang='lat' dir='ltr'><strong>et</strong></span> <span class='ocrx_word' id='word_1_655' title='bbox 3108 3764 3155 3816; x_wconf 86' lang='lat' dir='ltr'><strong>si</strong></span> <span class='ocrx_word' id='word_1_656' title='bbox 3184 3764 3524 3821; x_wconf 84' lang='lat' dir='ltr'><strong>amlmlavero</strong></span> 
     </span>
    </p>
   </div>
   <div class='ocr_carea' id='block_1_87' title="bbox 1935 3843 3519 3928">
    <p class='ocr_par' dir='ltr' id='par_1_87' title="bbox 1935 3843 3519 3928">
     <span class='ocr_line' id='line_1_88' title="bbox 1935 3843 3519 3928; baseline 0.008 -26"><span class='ocrx_word' id='word_1_657' title='bbox 1935 3849 1991 3902; x_wconf 85' lang='lat' dir='ltr'><strong>in</strong></span> <span class='ocrx_word' id='word_1_658' title='bbox 2023 3850 2194 3904; x_wconf 87' lang='lat' dir='ltr'><strong>medio</strong></span> <span class='ocrx_word' id='word_1_659' title='bbox 2227 3850 2428 3904; x_wconf 73' lang='lat' dir='ltr'><strong>umbrae</strong></span> <span class='ocrx_word' id='word_1_660' title='bbox 2457 3843 2669 3912; x_wconf 76' lang='lat' dir='ltr'><strong>mortis,</strong></span> <span class='ocrx_word' id='word_1_661' title='bbox 2709 3869 2813 3905; x_wconf 85' lang='lat' dir='ltr'><strong>non</strong></span> <span class='ocrx_word' id='word_1_662' title='bbox 2855 3853 3045 3907; x_wconf 89' lang='lat' dir='ltr'><strong>timebo</strong></span> <span class='ocrx_word' id='word_1_663' title='bbox 3078 3857 3244 3922; x_wconf 87' lang='lat' dir='ltr'><strong>mala,</strong></span> <span class='ocrx_word' id='word_1_664' title='bbox 3270 3859 3519 3928; x_wconf 80' lang='lat' dir='ltr'><strong>quoniam</strong></span> 
     </span>
    </p>
   </div>
   <div class='ocr_carea' id='block_1_88' title="bbox 1936 3941 3520 4021">
    <p class='ocr_par' dir='ltr' id='par_1_88' title="bbox 1936 3941 3520 4021">
     <span class='ocr_line' id='line_1_89' title="bbox 1936 3941 3520 4021; baseline 0.007 -27"><span class='ocrx_word' id='word_1_665' title='bbox 1936 3949 1992 3994; x_wconf 90' lang='lat' dir='ltr'><strong>tu</strong></span> <span class='ocrx_word' id='word_1_666' title='bbox 2029 3959 2228 3996; x_wconf 87' lang='lat' dir='ltr'><strong>mecum</strong></span> <span class='ocrx_word' id='word_1_667' title='bbox 2255 3959 2330 3997; x_wconf 88' lang='lat' dir='ltr'><strong>es.</strong></span> <span class='ocrx_word' id='word_1_668' title='bbox 2365 3941 2566 3996; x_wconf 87' lang='lat' dir='ltr'><strong>Procul</strong></span> <span class='ocrx_word' id='word_1_669' title='bbox 2591 3943 2738 3997; x_wconf 91' lang='lat' dir='ltr'><strong>enim</strong></span> <span class='ocrx_word' id='word_1_670' title='bbox 2777 3951 3064 4013; x_wconf 86' lang='lat' dir='ltr'><strong>peccatum</strong></span> <span class='ocrx_word' id='word_1_671' title='bbox 3109 3955 3195 4003; x_wconf 89' lang='lat' dir='ltr'><strong>est</strong></span> <span class='ocrx_word' id='word_1_672' title='bbox 3224 3948 3292 4002; x_wconf 90' lang='lat' dir='ltr'><strong>ab</strong></span> <span class='ocrx_word' id='word_1_673' title='bbox 3331 3965 3398 4005; x_wconf 91' lang='lat' dir='ltr'><strong>co</strong></span> <span class='ocrx_word' id='word_1_674' title='bbox 3426 3952 3520 4021; x_wconf 90' lang='lat' dir='ltr'><strong>qui</strong></span> 
     </span>
    </p>
   </div>
   <div class='ocr_carea' id='block_1_89' title="bbox 1933 4026 3522 4098">
    <p class='ocr_par' dir='ltr' id='par_1_89' title="bbox 1933 4026 3522 4098">
     <span class='ocr_line' id='line_1_90' title="bbox 1933 4026 3522 4098; baseline 0.009 -15"><span class='ocrx_word' id='word_1_675' title='bbox 1933 4029 2029 4086; x_wconf 89' lang='lat' dir='ltr'><strong>Dei</strong></span> <span class='ocrx_word' id='word_1_676' title='bbox 2078 4034 2359 4088; x_wconf 86' lang='lat' dir='ltr'><strong>consortio</strong></span> <span class='ocrx_word' id='word_1_677' title='bbox 2390 4033 2604 4089; x_wconf 80' lang='lat' dir='ltr'><strong>fruitur.</strong></span> <span class='ocrx_word' id='word_1_678' title='bbox 2626 4026 2631 4032; x_wconf 78' lang='grc'><strong>’</strong></span> <span class='ocrx_word' id='word_1_679' title='bbox 2653 4033 2916 4089; x_wconf 88' lang='lat' dir='ltr'><strong>Umbram</strong></span> <span class='ocrx_word' id='word_1_680' title='bbox 2949 4038 3145 4094; x_wconf 89' lang='lat' dir='ltr'><strong>mortis</strong></span> <span class='ocrx_word' id='word_1_681' title='bbox 3178 4047 3338 4095; x_wconf 88' lang='lat' dir='ltr'><strong>vocat</strong></span> <span class='ocrx_word' id='word_1_682' title='bbox 3371 4058 3522 4098; x_wconf 83' lang='lat' dir='ltr'><strong>mor—</strong></span> 
     </span>
    </p>
   </div>
   <div class='ocr_carea' id='block_1_90' title="bbox 1933 4124 3520 4197">
    <p class='ocr_par' dir='ltr' id='par_1_90' title="bbox 1933 4124 3520 4197">
     <span class='ocr_line' id='line_1_91' title="bbox 1933 4124 3520 4197; baseline 0.008 -21"><span class='ocrx_word' id='word_1_683' title='bbox 1933 4131 2040 4180; x_wconf 89' lang='lat' dir='ltr'><strong>tem</strong></span> <span class='ocrx_word' id='word_1_684' title='bbox 2083 4124 2228 4178; x_wconf 89' lang='lat' dir='ltr'><strong>illam</strong></span> <span class='ocrx_word' id='word_1_685' title='bbox 2273 4139 2640 4188; x_wconf 89' lang='lat' dir='ltr'><strong>communem,</strong></span> <span class='ocrx_word' id='word_1_686' title='bbox 2677 4132 2840 4194; x_wconf 86' lang='lat' dir='ltr'><strong>atque</strong></span> <span class='ocrx_word' id='word_1_687' title='bbox 2879 4131 3284 4197; x_wconf 86' lang='lat' dir='ltr'><strong>separationem</strong></span> <span class='ocrx_word' id='word_1_688' title='bbox 3325 4134 3520 4190; x_wconf 85' lang='lat' dir='ltr'><strong>animae</strong></span> 
     </span>
    </p>
   </div>
   <div class='ocr_carea' id='block_1_91' title="bbox 1931 4217 3515 4298">
    <p class='ocr_par' dir='ltr' id='par_1_91' title="bbox 1931 4217 3515 4298">
     <span class='ocr_line' id='line_1_92' title="bbox 1931 4217 3515 4298; baseline 0.008 -28"><span class='ocrx_word' id='word_1_689' title='bbox 1931 4231 1962 4270; x_wconf 89' lang='lat' dir='ltr'><strong>a</strong></span> <span class='ocrx_word' id='word_1_690' title='bbox 1990 4232 2253 4288; x_wconf 82' lang='lat' dir='ltr'><strong>corpore,</strong></span> <span class='ocrx_word' id='word_1_691' title='bbox 2304 4218 2372 4276; x_wconf 88' lang='lat' dir='ltr'><strong>ad</strong></span> <span class='ocrx_word' id='word_1_692' title='bbox 2399 4217 2760 4273; x_wconf 69' lang='lat' dir='ltr'><strong>differentiam</strong></span> <span class='ocrx_word' id='word_1_693' title='bbox 2801 4223 2997 4276; x_wconf 87' lang='lat' dir='ltr'><strong>mortis</strong></span> <span class='ocrx_word' id='word_1_694' title='bbox 3041 4224 3258 4290; x_wconf 67' lang='lat' dir='ltr'><strong>animat,</strong></span> <span class='ocrx_word' id='word_1_695' title='bbox 3309 4225 3377 4282; x_wconf 91' lang='lat' dir='ltr'><strong>de</strong></span> <span class='ocrx_word' id='word_1_696' title='bbox 3409 4243 3515 4298; x_wconf 88' lang='lat' dir='ltr'><strong>qua</strong></span> 
     </span>
    </p>
   </div>
   <div class='ocr_carea' id='block_1_92' title="bbox 1930 4311 3514 4388">
    <p class='ocr_par' dir='ltr' id='par_1_92' title="bbox 1930 4311 3514 4388">
     <span class='ocr_line' id='line_1_93' title="bbox 1930 4311 3514 4388; baseline 0.005 -24"><span class='ocrx_word' id='word_1_697' title='bbox 1930 4311 2133 4367; x_wconf 85' lang='lat' dir='ltr'><strong>dicitur</strong></span> <span class='ocrx_word' id='word_1_698' title='bbox 2169 4329 2183 4365; x_wconf 88' lang='lat'><strong>:</strong></span> <span class='ocrx_word' id='word_1_699' title='bbox 2216 4313 2414 4366; x_wconf 88' lang='lat' dir='ltr'><strong>Anima</strong></span> <span class='ocrx_word' id='word_1_700' title='bbox 2460 4329 2576 4383; x_wconf 56' lang='lat' dir='ltr'><strong>qua,</strong></span> <span class='ocrx_word' id='word_1_701' title='bbox 2630 4314 2952 4381; x_wconf 80' lang='lat' dir='ltr'><strong>peccaverit,</strong></span> <span class='ocrx_word' id='word_1_702' title='bbox 3007 4315 3124 4382; x_wconf 87' lang='lat' dir='ltr'><strong>ipsa</strong></span> <span class='ocrx_word' id='word_1_703' title='bbox 3155 4319 3409 4372; x_wconf 87' lang='lat' dir='ltr'><strong>morietur</strong></span> <span class='ocrx_word' id='word_1_704' title='bbox 3438 4321 3514 4388; x_wconf 65' lang='lat'><strong>’5;</strong></span> 
     </span>
    </p>
   </div>
   <div class='ocr_carea' id='block_1_93' title="bbox 1928 4403 3512 4478">
    <p class='ocr_par' dir='ltr' id='par_1_93' title="bbox 1928 4403 3512 4478">
     <span class='ocr_line' id='line_1_94' title="bbox 1928 4403 3512 4478; baseline 0.002 -17"><span class='ocrx_word' id='word_1_705' title='bbox 1928 4413 1982 4461; x_wconf 88' lang='lat' dir='ltr'><strong>et</strong></span> <span class='ocrx_word' id='word_1_706' title='bbox 2023 4421 2036 4455; x_wconf 91' lang='lat'>:</span> <span class='ocrx_word' id='word_1_707' title='bbox 2077 4403 2172 4459; x_wconf 83' lang='lat' dir='ltr'><strong>Est</strong></span> <span class='ocrx_word' id='word_1_708' title='bbox 2219 4413 2493 4474; x_wconf 85' lang='lat' dir='ltr'><strong>peccatum</strong></span> <span class='ocrx_word' id='word_1_709' title='bbox 2543 4403 2612 4456; x_wconf 86' lang='lat' dir='ltr'><strong>ad</strong></span> <span class='ocrx_word' id='word_1_710' title='bbox 2667 4419 2888 4457; x_wconf 69' lang='lat' dir='ltr'><strong>mortem</strong></span> <span class='ocrx_word' id='word_1_711' title='bbox 2935 4406 2999 4459; x_wconf 82' lang='grc'><strong>²⁶.</strong></span> <span class='ocrx_word' id='word_1_712' title='bbox 3071 4406 3352 4478; x_wconf 89' lang='lat' dir='ltr'><strong>Siquidem</strong></span> <span class='ocrx_word' id='word_1_713' title='bbox 3405 4426 3512 4464; x_wconf 89' lang='lat' dir='ltr'><strong>non</strong></span> 
     </span>
    </p>
   </div>
   <div class='ocr_carea' id='block_1_94' title="bbox 1929 4499 3515 4563">
    <p class='ocr_par' dir='ltr' id='par_1_94' title="bbox 1929 4499 3515 4563">
     <span class='ocr_line' id='line_1_95' title="bbox 1929 4499 3515 4563; baseline -0.003 -3"><span class='ocrx_word' id='word_1_714' title='bbox 1929 4506 2120 4560; x_wconf 91' lang='lat' dir='ltr'><strong>umbra</strong></span> <span class='ocrx_word' id='word_1_715' title='bbox 2169 4501 2404 4563; x_wconf 88' lang='lat' dir='ltr'><strong>mortis,</strong></span> <span class='ocrx_word' id='word_1_716' title='bbox 2456 4500 2550 4556; x_wconf 90' lang='lat' dir='ltr'><strong>sed</strong></span> <span class='ocrx_word' id='word_1_717' title='bbox 2607 4517 2736 4556; x_wconf 84' lang='lat' dir='ltr'><strong>vera</strong></span> <span class='ocrx_word' id='word_1_718' title='bbox 2791 4514 2939 4554; x_wconf 87' lang='lat' dir='ltr'><strong>mors</strong></span> <span class='ocrx_word' id='word_1_719' title='bbox 3000 4505 3119 4562; x_wconf 87' lang='lat' dir='ltr'><strong>est,</strong></span> <span class='ocrx_word' id='word_1_720' title='bbox 3167 4499 3259 4553; x_wconf 90' lang='lat' dir='ltr'><strong>illa</strong></span> <span class='ocrx_word' id='word_1_721' title='bbox 3320 4501 3515 4556; x_wconf 72' lang='lat' dir='ltr'><strong>anima:</strong></span> 
     </span>
    </p>
   </div>
   <div class='ocr_carea' id='block_1_95' title="bbox 1924 4589 3500 4666">
    <p class='ocr_par' dir='ltr' id='par_1_95' title="bbox 1924 4589 3500 4666">
     <span class='ocr_line' id='line_1_96' title="bbox 1924 4589 3500 4666; baseline -0.003 -17"><span class='ocrx_word' id='word_1_722' title='bbox 1924 4593 2216 4666; x_wconf 88' lang='lat' dir='ltr'><strong>pernicies.</strong></span> <span class='ocrx_word' id='word_1_723' title='bbox 2260 4589 2712 4662; x_wconf 86' lang='lat' dir='ltr'><strong>Quandoquidem</strong></span> <span class='ocrx_word' id='word_1_724' title='bbox 2771 4591 2940 4662; x_wconf 79' lang='lat' dir='ltr'><strong>igitur</strong></span> <span class='ocrx_word' id='word_1_725' title='bbox 2993 4589 3334 4655; x_wconf 88' lang='lat' dir='ltr'><strong>didicerunt,</strong></span> <span class='ocrx_word' id='word_1_726' title='bbox 3389 4605 3500 4644; x_wconf 88' lang='lat' dir='ltr'><strong>cre-</strong></span> 
     </span>
    </p>
   </div>
   <div class='ocr_carea' id='block_1_96' title="bbox 1925 4681 3509 4741">
    <p class='ocr_par' dir='ltr' id='par_1_96' title="bbox 1925 4681 3509 4741">
     <span class='ocr_line' id='line_1_97' title="bbox 1925 4681 3509 4741; baseline -0.003 -1"><span class='ocrx_word' id='word_1_727' title='bbox 1925 4687 2140 4741; x_wconf 89' lang='lat' dir='ltr'><strong>dentem</strong></span> <span class='ocrx_word' id='word_1_728' title='bbox 2199 4685 2256 4737; x_wconf 92' lang='lat' dir='ltr'><strong>in</strong></span> <span class='ocrx_word' id='word_1_729' title='bbox 2302 4683 2500 4738; x_wconf 88' lang='lat' dir='ltr'><strong>Filium</strong></span> <span class='ocrx_word' id='word_1_730' title='bbox 2561 4683 2654 4738; x_wconf 68' lang='lat' dir='ltr'><strong>Dei</strong></span> <span class='ocrx_word' id='word_1_731' title='bbox 2704 4701 2814 4738; x_wconf 90' lang='lat' dir='ltr'><strong>non</strong></span> <span class='ocrx_word' id='word_1_732' title='bbox 2871 4681 3198 4736; x_wconf 90' lang='lat' dir='ltr'><strong>moriturum</strong></span> <span class='ocrx_word' id='word_1_733' title='bbox 3267 4697 3391 4736; x_wconf 89' lang='lat' dir='ltr'><strong>esse</strong></span> <span class='ocrx_word' id='word_1_734' title='bbox 3455 4683 3509 4736; x_wconf 91' lang='lat' dir='ltr'><strong>in</strong></span> 
     </span>
    </p>
   </div>
   <div class='ocr_carea' id='block_1_97' title="bbox 231 4768 1842 4850">
    <p class='ocr_par' dir='ltr' id='par_1_97' title="bbox 231 4768 1824 4850">
     <span class='ocr_line' id='line_1_98' title="bbox 231 4768 1824 4850; baseline 0.008 -29"><span class='ocrx_word' id='word_1_735' title='bbox 231 4768 480 4842; x_wconf 77' lang='grc' dir='ltr'><strong>ἀποθάνῃ</strong></span> <span class='ocrx_word' id='word_1_736' title='bbox 513 4773 594 4836; x_wconf 89' lang='grc' dir='ltr'><strong>εἰς</strong></span> <span class='ocrx_word' id='word_1_737' title='bbox 623 4773 714 4826; x_wconf 78' lang='grc' dir='ltr'><strong>τὸν</strong></span> <span class='ocrx_word' id='word_1_738' title='bbox 751 4777 941 4842; x_wconf 81' lang='grc' dir='ltr'><strong>αἰῶνα,</strong></span> <span class='ocrx_word' id='word_1_739' title='bbox 973 4776 1316 4850; x_wconf 75' lang='grc' dir='ltr'><strong>μεταϐέϐηκε</strong></span> <span class='ocrx_word' id='word_1_740' title='bbox 1360 4779 1418 4832; x_wconf 80' lang='grc' dir='ltr'><strong>δὲ</strong></span> <span class='ocrx_word' id='word_1_741' title='bbox 1450 4780 1558 4834; x_wconf 83' lang='grc' dir='ltr'><strong>ἀπὸ</strong></span> <span class='ocrx_word' id='word_1_742' title='bbox 1603 4781 1699 4835; x_wconf 82' lang='grc' dir='ltr'><strong>τοῦ</strong></span> <span class='ocrx_word' id='word_1_743' title='bbox 1729 4780 1824 4834; x_wconf 85' lang='grc' dir='ltr'><strong>Θα-</strong></span> 
     </span>
    </p>
   </div>
   <div class='ocr_carea' id='block_1_98' title="bbox 1947 4768 3509 4850">
    <p class='ocr_par' dir='ltr' id='par_1_98' title="bbox 1947 4770 3509 4845">
     <span class='ocr_line' id='line_1_99' title="bbox 1947 4770 3509 4845; baseline -0.006 -11"><span class='ocrx_word' id='word_1_744' title='bbox 1947 4785 2215 4845; x_wconf 87' lang='lat' dir='ltr'><strong>eternum,</strong></span> <span class='ocrx_word' id='word_1_745' title='bbox 2253 4777 2350 4832; x_wconf 75' lang='lat' dir='ltr'><strong>sed</strong></span> <span class='ocrx_word' id='word_1_746' title='bbox 2384 4777 2710 4830; x_wconf 88' lang='lat' dir='ltr'><strong>translatum</strong></span> <span class='ocrx_word' id='word_1_747' title='bbox 2747 4791 2872 4831; x_wconf 86' lang='lat' dir='ltr'><strong>esse</strong></span> <span class='ocrx_word' id='word_1_748' title='bbox 2903 4775 2969 4830; x_wconf 91' lang='lat' dir='ltr'><strong>de</strong></span> <span class='ocrx_word' id='word_1_749' title='bbox 3003 4779 3177 4827; x_wconf 86' lang='lat' dir='ltr'><strong>morte</strong></span> <span class='ocrx_word' id='word_1_750' title='bbox 3211 4770 3278 4824; x_wconf 91' lang='lat' dir='ltr'><strong>ad</strong></span> <span class='ocrx_word' id='word_1_751' title='bbox 3305 4771 3466 4826; x_wconf 90' lang='lat' dir='ltr'><strong>vitam</strong></span> <span class='ocrx_word' id='word_1_752' title='bbox 3491 4814 3509 4841; x_wconf 87' lang='lat'><strong>,</strong></span> 
     </span>
    </p>
   </div>
   <div class='ocr_carea' id='block_1_99' title="bbox 231 4863 1820 4944">
    <p class='ocr_par' dir='ltr' id='par_1_99' title="bbox 231 4863 1820 4944">
     <span class='ocr_line' id='line_1_100' title="bbox 231 4863 1820 4944; baseline 0.009 -30"><span class='ocrx_word' id='word_1_753' title='bbox 231 4863 394 4916; x_wconf 72' lang='grc' dir='ltr'><strong>νάτου</strong></span> <span class='ocrx_word' id='word_1_754' title='bbox 430 4866 513 4928; x_wconf 84' lang='grc' dir='ltr'><strong>εἰς</strong></span> <span class='ocrx_word' id='word_1_755' title='bbox 545 4865 642 4938; x_wconf 85' lang='grc' dir='ltr'><strong>τὴν</strong></span> <span class='ocrx_word' id='word_1_756' title='bbox 674 4867 837 4941; x_wconf 79' lang='grc' dir='ltr'><strong>ζωὴν,</strong></span> <span class='ocrx_word' id='word_1_757' title='bbox 872 4872 1076 4944; x_wconf 72' lang='grc' dir='ltr'><strong>σφόδρα</strong></span> <span class='ocrx_word' id='word_1_758' title='bbox 1113 4873 1356 4944; x_wconf 78' lang='grc' dir='ltr'><strong>ἀκριϐῶς</strong></span> <span class='ocrx_word' id='word_1_759' title='bbox 1385 4875 1446 4926; x_wconf 86' lang='grc' dir='ltr'><strong>οὐ</strong></span> <span class='ocrx_word' id='word_1_760' title='bbox 1487 4875 1622 4942; x_wconf 76' lang='grc' dir='ltr'><strong>φασὶ</strong></span> <span class='ocrx_word' id='word_1_761' title='bbox 1663 4873 1820 4929; x_wconf 84' lang='grc' dir='ltr'><strong>Θάνα-</strong></span> 
     </span>
    </p>
   </div>
   <div class='ocr_carea' id='block_1_100' title="bbox 229 4957 1819 5042">
    <p class='ocr_par' dir='ltr' id='par_1_100' title="bbox 229 4957 1819 5042">
     <span class='ocr_line' id='line_1_101' title="bbox 229 4957 1819 5042; baseline 0.009 -35"><span class='ocrx_word' id='word_1_762' title='bbox 229 4972 320 5008; x_wconf 85' lang='grc' dir='ltr'><strong>τον</strong></span> <span class='ocrx_word' id='word_1_763' title='bbox 349 4957 564 5010; x_wconf 77' lang='grc' dir='ltr'><strong>ἐπιέναι</strong></span> <span class='ocrx_word' id='word_1_764' title='bbox 606 4961 790 5027; x_wconf 83' lang='grc' dir='ltr'><strong>αὐτοῖς</strong></span> <span class='ocrx_word' id='word_1_765' title='bbox 817 4963 986 5038; x_wconf 85' lang='grc' dir='ltr'><strong>ἀλλ’ἢ</strong></span> <span class='ocrx_word' id='word_1_766' title='bbox 1019 4969 1128 5039; x_wconf 79' lang='grc' dir='ltr'><strong>ἄρα</strong></span> <span class='ocrx_word' id='word_1_767' title='bbox 1165 4968 1322 5021; x_wconf 80' lang='grc' dir='ltr'><strong>σκιὰν</strong></span> <span class='ocrx_word' id='word_1_768' title='bbox 1349 4967 1580 5021; x_wconf 86' lang='grc' dir='ltr'><strong>θανάτου</strong></span> <span class='ocrx_word' id='word_1_769' title='bbox 1603 4985 1616 4998; x_wconf 87' lang='grc'><strong>·</strong></span> <span class='ocrx_word' id='word_1_770' title='bbox 1647 4968 1819 5042; x_wconf 83' lang='grc' dir='ltr'><strong>ταύτῃ</strong></span> 
     </span>
    </p>
   </div>
   <div class='ocr_carea' id='block_1_101' title="bbox 230 5047 1818 5128">
    <p class='ocr_par' dir='ltr' id='par_1_101' title="bbox 230 5047 1818 5128">
     <span class='ocr_line' id='line_1_102' title="bbox 230 5047 1818 5128; baseline 0.006 -27"><span class='ocrx_word' id='word_1_771' title='bbox 230 5047 517 5120; x_wconf 80' lang='grc' dir='ltr'><strong>δηλοῦντες</strong></span> <span class='ocrx_word' id='word_1_772' title='bbox 566 5051 693 5116; x_wconf 73' lang='grc' dir='ltr'><strong>τοὺς</strong></span> <span class='ocrx_word' id='word_1_773' title='bbox 735 5054 878 5108; x_wconf 87' lang='grc' dir='ltr'><strong>κατά</strong></span> <span class='ocrx_word' id='word_1_774' title='bbox 924 5055 1210 5128; x_wconf 83' lang='grc' dir='ltr'><strong>ἄνθρωπον</strong></span> <span class='ocrx_word' id='word_1_775' title='bbox 1257 5058 1536 5124; x_wconf 83' lang='grc' dir='ltr'><strong>κινδύνους</strong></span> <span class='ocrx_word' id='word_1_776' title='bbox 1583 5059 1679 5112; x_wconf 73' lang='grc' dir='ltr'><strong>καὶ</strong></span> <span class='ocrx_word' id='word_1_777' title='bbox 1726 5058 1818 5112; x_wconf 80' lang='grc' dir='ltr'><strong>τὸν</strong></span> 
     </span>
    </p>
   </div>
   <div class='ocr_carea' id='block_1_102' title="bbox 233 5143 1816 5223">
    <p class='ocr_par' dir='ltr' id='par_1_102' title="bbox 233 5143 1816 5223">
     <span class='ocr_line' id='line_1_103' title="bbox 233 5143 1816 5223; baseline 0.005 -28"><span class='ocrx_word' id='word_1_778' title='bbox 233 5144 542 5212; x_wconf 75' lang='grc' dir='ltr'><strong>σωματικὸν</strong></span> <span class='ocrx_word' id='word_1_779' title='bbox 589 5143 816 5199; x_wconf 84' lang='grc' dir='ltr'><strong>Θάνατον</strong></span> <span class='ocrx_word' id='word_1_780' title='bbox 858 5147 1009 5201; x_wconf 82' lang='grc' dir='ltr'><strong>οὐδὲν</strong></span> <span class='ocrx_word' id='word_1_781' title='bbox 1057 5149 1242 5220; x_wconf 73' lang='grc' dir='ltr'><strong>ἕτερον</strong></span> <span class='ocrx_word' id='word_1_782' title='bbox 1291 5150 1486 5221; x_wconf 80' lang='grc' dir='ltr'><strong>ὅνταῆ</strong></span> <span class='ocrx_word' id='word_1_783' title='bbox 1539 5149 1816 5223; x_wconf 76' lang='grc' dir='ltr'><strong>χωρισμὸν</strong></span> 
     </span>
    </p>
   </div>
   <div class='ocr_carea' id='block_1_103' title="bbox 232 5233 842 5309">
    <p class='ocr_par' dir='ltr' id='par_1_103' title="bbox 232 5233 842 5309">
     <span class='ocr_line' id='line_1_104' title="bbox 232 5233 842 5309; baseline 0.011 -24"><span class='ocrx_word' id='word_1_784' title='bbox 232 5233 407 5306; x_wconf 71' lang='grc' dir='ltr'>ψυχῆς</span> <span class='ocrx_word' id='word_1_785' title='bbox 434 5237 544 5292; x_wconf 81' lang='grc' dir='ltr'><strong>ἀπὸ</strong></span> <span class='ocrx_word' id='word_1_786' title='bbox 571 5237 842 5309; x_wconf 85' lang='grc' dir='ltr'><strong>σώματος.</strong></span> 
     </span>
    </p>
   </div>
   <div class='ocr_carea' id='block_1_104' title="bbox 310 5328 1816 5406">
    <p class='ocr_par' dir='ltr' id='par_1_104' title="bbox 310 5328 1816 5406">
     <span class='ocr_line' id='line_1_105' title="bbox 310 5328 1816 5406; baseline 0.006 -25"><span class='ocrx_word' id='word_1_787' title='bbox 310 5328 374 5382; x_wconf 87' lang='grc' dir='ltr'><strong>Ἠ</strong></span> <span class='ocrx_word' id='word_1_788' title='bbox 395 5329 621 5398; x_wconf 80' lang='grc' dir='ltr'><strong>ῥάϐδος</strong></span> <span class='ocrx_word' id='word_1_789' title='bbox 655 5346 770 5386; x_wconf 86' lang='grc' dir='ltr'><strong>σου</strong></span> <span class='ocrx_word' id='word_1_790' title='bbox 797 5333 894 5386; x_wconf 77' lang='grc' dir='ltr'><strong>καὶ</strong></span> <span class='ocrx_word' id='word_1_791' title='bbox 937 5335 975 5402; x_wconf 78' lang='grc' dir='ltr'>ἡ</span> <span class='ocrx_word' id='word_1_792' title='bbox 1016 5335 1316 5404; x_wconf 77' lang='grc' dir='ltr'><strong>,ϐακτηρία</strong></span> <span class='ocrx_word' id='word_1_793' title='bbox 1354 5349 1492 5402; x_wconf 83' lang='grc' dir='ltr'><strong>σου,</strong></span> <span class='ocrx_word' id='word_1_794' title='bbox 1523 5331 1704 5392; x_wconf 83' lang='grc' dir='ltr'><strong>αὗταί</strong></span> <span class='ocrx_word' id='word_1_795' title='bbox 1738 5353 1816 5406; x_wconf 79' lang='grc' dir='ltr'>με</span> 
     </span>
    </p>
   </div>
   <div class='ocr_carea' id='block_1_105' title="bbox 232 5421 1814 5501">
    <p class='ocr_par' dir='ltr' id='par_1_105' title="bbox 232 5421 1814 5501">
     <span class='ocr_line' id='line_1_106' title="bbox 232 5421 1814 5501; baseline 0.005 -27"><span class='ocrx_word' id='word_1_796' title='bbox 232 5421 676 5488; x_wconf 61' lang='grc' dir='ltr'><strong>παρεκάλεσαν.</strong></span> <span class='ocrx_word' id='word_1_797' title='bbox 697 5423 882 5478; x_wconf 78' lang='grc' dir='ltr'><strong>Ταῦτα</strong></span> <span class='ocrx_word' id='word_1_798' title='bbox 911 5421 1002 5479; x_wconf 78' lang='grc' dir='ltr'><strong>οὖν</strong></span> <span class='ocrx_word' id='word_1_799' title='bbox 1023 5428 1333 5499; x_wconf 87' lang='grc' dir='ltr'><strong>παρακαλεῖ</strong></span> <span class='ocrx_word' id='word_1_800' title='bbox 1362 5429 1452 5483; x_wconf 79' lang='grc' dir='ltr'><strong>τὸν</strong></span> <span class='ocrx_word' id='word_1_801' title='bbox 1479 5429 1814 5501; x_wconf 84' lang='grc' dir='ltr'><strong>τυπτόμενον</strong></span> 
     </span>
    </p>
   </div>
   <div class='ocr_carea' id='block_1_106' title="bbox 233 5514 1814 5593">
    <p class='ocr_par' dir='ltr' id='par_1_106' title="bbox 233 5514 1814 5593">
     <span class='ocr_line' id='line_1_107' title="bbox 233 5514 1814 5593; baseline 0.006 -27"><span class='ocrx_word' id='word_1_802' title='bbox 233 5515 324 5566; x_wconf 73' lang='grc' dir='ltr'><strong>καὶ</strong></span> <span class='ocrx_word' id='word_1_803' title='bbox 361 5515 454 5568; x_wconf 78' lang='grc' dir='ltr'><strong>τὸν</strong></span> <span class='ocrx_word' id='word_1_804' title='bbox 497 5514 884 5586; x_wconf 77' lang='grc' dir='ltr'><strong>κολαζόμενον,</strong></span> <span class='ocrx_word' id='word_1_805' title='bbox 932 5520 1317 5593; x_wconf 71' lang='grc' dir='ltr'><strong>πεπεισμένον,</strong></span> <span class='ocrx_word' id='word_1_806' title='bbox 1349 5521 1432 5574; x_wconf 85' lang='grc' dir='ltr'><strong>ὅτι</strong></span> <span class='ocrx_word' id='word_1_807' title='bbox 1485 5524 1740 5592; x_wconf 84' lang='grc' dir='ltr'><strong>μαστιγοῖ</strong></span> <span class='ocrx_word' id='word_1_808' title='bbox 1785 5523 1814 5575; x_wconf 91' lang='lat'><strong>6</strong></span> 
     </span>
    </p>
   </div>
   <div class='ocr_carea' id='block_1_107' title="bbox 235 5605 1211 5682">
    <p class='ocr_par' dir='ltr' id='par_1_107' title="bbox 235 5605 1211 5682">
     <span class='ocr_line' id='line_1_108' title="bbox 235 5605 1211 5682; baseline 0.01 -26"><span class='ocrx_word' id='word_1_809' title='bbox 235 5605 360 5668; x_wconf 75' lang='grc' dir='ltr'><strong>θεὸς</strong></span> <span class='ocrx_word' id='word_1_810' title='bbox 383 5607 561 5661; x_wconf 80' lang='grc' dir='ltr'><strong>πάντα</strong></span> <span class='ocrx_word' id='word_1_811' title='bbox 595 5607 715 5662; x_wconf 76' lang='grc' dir='ltr'><strong>υἱὸν</strong></span> <span class='ocrx_word' id='word_1_812' title='bbox 741 5606 800 5662; x_wconf 83' lang='grc' dir='ltr'><strong>ὃν</strong></span> <span class='ocrx_word' id='word_1_813' title='bbox 825 5611 1211 5682; x_wconf 83' lang='grc' dir='ltr'><strong>παραδέχεται.</strong></span> 
     </span>
    </p>
   </div>
   <div class='ocr_carea' id='block_1_108' title="bbox 335 5748 1588 5826">
    <p class='ocr_par' dir='ltr' id='par_1_108' title="bbox 335 5748 1588 5826">
     <span class='ocr_line' id='line_1_109' title="bbox 335 5748 1588 5826; baseline 0.009 -27"><span class='ocrx_word' id='word_1_814' title='bbox 335 5750 375 5779; x_wconf 79' lang='grc'><strong>’¹</strong></span> <span class='ocrx_word' id='word_1_815' title='bbox 415 5748 616 5826; x_wconf 61' lang='lat' dir='ltr'><strong>Ezeeli.</strong></span> <span class='ocrx_word' id='word_1_816' title='bbox 655 5765 860 5818; x_wconf 78' lang='lat' dir='ltr'><strong>xxxiv,</strong></span> <span class='ocrx_word' id='word_1_817' title='bbox 899 5752 988 5808; x_wconf 71' lang='lat'><strong>‘23.</strong></span> <span class='ocrx_word' id='word_1_818' title='bbox 1065 5757 1108 5826; x_wconf 61' lang='grc' dir='ltr'><em>ξ’</em></span> <span class='ocrx_word' id='word_1_819' title='bbox 1148 5751 1306 5810; x_wconf 76' lang='lat' dir='ltr'><strong>Joan.</strong></span> <span class='ocrx_word' id='word_1_820' title='bbox 1348 5769 1460 5822; x_wconf 87' lang='lat' dir='ltr'><strong>vn,</strong></span> <span class='ocrx_word' id='word_1_821' title='bbox 1497 5754 1588 5810; x_wconf 84' lang='grc'><strong>⁵57.</strong></span> 
     </span>
    </p>
   </div>
   <div class='ocr_carea' id='block_1_109' title="bbox 236 5814 612 5885">
    <p class='ocr_par' dir='ltr' id='par_1_109' title="bbox 236 5814 612 5885">
     <span class='ocr_line' id='line_1_110' title="bbox 236 5814 612 5885; baseline 0.019 -18"><span class='ocrx_word' id='word_1_822' title='bbox 236 5814 384 5874; x_wconf 80' lang='lat' dir='ltr'><strong>.Ioan.</strong></span> <span class='ocrx_word' id='word_1_823' title='bbox 415 5836 446 5874; x_wconf 82' lang='grc' dir='ltr'><strong>ν</strong></span> <span class='ocrx_word' id='word_1_824' title='bbox 465 5857 480 5885; x_wconf 89' lang='lat'><strong>,</strong></span> <span class='ocrx_word' id='word_1_825' title='bbox 517 5819 612 5874; x_wconf 79' lang='lat' dir='ltr'><strong>l7.</strong></span> 
     </span>
    </p>
   </div>
   <div class='ocr_carea' id='block_1_110' title="bbox 1667 5751 2018 5809">
    <p class='ocr_par' dir='ltr' id='par_1_110' title="bbox 1667 5751 2018 5809">
     <span class='ocr_line' id='line_1_111' title="bbox 1667 5751 2018 5809; baseline 0 -2"><span class='ocrx_word' id='word_1_826' title='bbox 1667 5755 1713 5787; x_wconf 76' lang='lat'>&quot;</span> <span class='ocrx_word' id='word_1_827' title='bbox 1754 5753 1889 5809; x_wconf 85' lang='lat' dir='ltr'><strong>ibid.</strong></span> <span class='ocrx_word' id='word_1_828' title='bbox 1929 5751 2018 5808; x_wconf 79' lang='lat'><strong>59.</strong></span> 
     </span>
    </p>
   </div>
   <div class='ocr_carea' id='block_1_111' title="bbox 1915 4864 3505 4942">
    <p class='ocr_par' dir='ltr' id='par_1_111' title="bbox 1915 4864 3505 4942">
     <span class='ocr_line' id='line_1_112' title="bbox 1915 4864 3505 4942; baseline -0.006 -15"><span class='ocrx_word' id='word_1_829' title='bbox 1915 4873 2208 4927; x_wconf 88' lang='lat' dir='ltr'><strong>admodum</strong></span> <span class='ocrx_word' id='word_1_830' title='bbox 2261 4877 2629 4942; x_wconf 77' lang='lat' dir='ltr'><strong>congruenter</strong></span> <span class='ocrx_word' id='word_1_831' title='bbox 2671 4885 2780 4924; x_wconf 90' lang='lat' dir='ltr'><strong>non</strong></span> <span class='ocrx_word' id='word_1_832' title='bbox 2813 4877 3067 4932; x_wconf 87' lang='lat' dir='ltr'><strong>mortem,</strong></span> <span class='ocrx_word' id='word_1_833' title='bbox 3124 4864 3219 4920; x_wconf 89' lang='lat' dir='ltr'><strong>sed</strong></span> <span class='ocrx_word' id='word_1_834' title='bbox 3253 4865 3505 4918; x_wconf 88' lang='lat' dir='ltr'><strong>umbram</strong></span> 
     </span>
    </p>
   </div>
   <div class='ocr_carea' id='block_1_112' title="bbox 1914 4957 3507 5030">
    <p class='ocr_par' dir='ltr' id='par_1_112' title="bbox 1914 4957 3507 5030">
     <span class='ocr_line' id='line_1_113' title="bbox 1914 4957 3507 5030; baseline -0.006 -10"><span class='ocrx_word' id='word_1_835' title='bbox 1914 4967 2113 5020; x_wconf 85' lang='lat' dir='ltr'><strong>mortis</strong></span> <span class='ocrx_word' id='word_1_836' title='bbox 2153 4963 2256 5020; x_wconf 88' lang='lat' dir='ltr'><strong>sibi</strong></span> <span class='ocrx_word' id='word_1_837' title='bbox 2293 4963 2564 5018; x_wconf 85' lang='lat' dir='ltr'><strong>accidisse</strong></span> <span class='ocrx_word' id='word_1_838' title='bbox 2612 4971 2951 5026; x_wconf 90' lang='lat' dir='ltr'><strong>memorant;</strong></span> <span class='ocrx_word' id='word_1_839' title='bbox 3007 4973 3117 5030; x_wconf 89' lang='lat' dir='ltr'><strong>quo</strong></span> <span class='ocrx_word' id='word_1_840' title='bbox 3151 4957 3507 5013; x_wconf 87' lang='lat' dir='ltr'><strong>declarantur</strong></span> 
     </span>
    </p>
   </div>
   <div class='ocr_carea' id='block_1_113' title="bbox 1913 5049 3504 5128">
    <p class='ocr_par' dir='ltr' id='par_1_113' title="bbox 1913 5049 3504 5128">
     <span class='ocr_line' id='line_1_114' title="bbox 1913 5049 3504 5128; baseline -0.008 -16"><span class='ocrx_word' id='word_1_841' title='bbox 1913 5057 2156 5128; x_wconf 83' lang='lat' dir='ltr'><strong>pericula</strong></span> <span class='ocrx_word' id='word_1_842' title='bbox 2192 5071 2314 5126; x_wconf 78' lang='lat' dir='ltr'><strong>quae</strong></span> <span class='ocrx_word' id='word_1_843' title='bbox 2347 5055 2650 5111; x_wconf 87' lang='lat' dir='ltr'><strong>secundum</strong></span> <span class='ocrx_word' id='word_1_844' title='bbox 2716 5053 3010 5106; x_wconf 85' lang='lat' dir='ltr'><strong>hominem</strong></span> <span class='ocrx_word' id='word_1_845' title='bbox 3045 5049 3409 5119; x_wconf 79' lang='lat' dir='ltr'><strong>contingunt,</strong></span> <span class='ocrx_word' id='word_1_846' title='bbox 3449 5055 3504 5100; x_wconf 87' lang='lat' dir='ltr'><strong>et</strong></span> 
     </span>
    </p>
   </div>
   <div class='ocr_carea' id='block_1_114' title="bbox 1914 5141 3498 5215">
    <p class='ocr_par' dir='ltr' id='par_1_114' title="bbox 1914 5141 3498 5215">
     <span class='ocr_line' id='line_1_115' title="bbox 1914 5141 3498 5215; baseline -0.006 -13"><span class='ocrx_word' id='word_1_847' title='bbox 1914 5147 2192 5202; x_wconf 87' lang='lat' dir='ltr'><strong>indicatur</strong></span> <span class='ocrx_word' id='word_1_848' title='bbox 2247 5161 2570 5215; x_wconf 85' lang='lat' dir='ltr'><strong>corpoream</strong></span> <span class='ocrx_word' id='word_1_849' title='bbox 2625 5149 2856 5198; x_wconf 86' lang='lat' dir='ltr'><strong>mortem</strong></span> <span class='ocrx_word' id='word_1_850' title='bbox 2919 5141 3054 5195; x_wconf 90' lang='lat' dir='ltr'><strong>nihil</strong></span> <span class='ocrx_word' id='word_1_851' title='bbox 3128 5141 3278 5195; x_wconf 91' lang='lat' dir='ltr'><strong>aliud</strong></span> <span class='ocrx_word' id='word_1_852' title='bbox 3338 5153 3498 5202; x_wconf 89' lang='lat' dir='ltr'><strong>esse,</strong></span> 
     </span>
    </p>
   </div>
   <div class='ocr_carea' id='block_1_115' title="bbox 1912 5235 3113 5309">
    <p class='ocr_par' dir='ltr' id='par_1_115' title="bbox 1912 5235 3113 5309">
     <span class='ocr_line' id='line_1_116' title="bbox 1912 5235 3113 5309; baseline -0.005 -17"><span class='ocrx_word' id='word_1_853' title='bbox 1912 5255 2076 5309; x_wconf 88' lang='lat' dir='ltr'><strong>quam</strong></span> <span class='ocrx_word' id='word_1_854' title='bbox 2123 5238 2522 5308; x_wconf 87' lang='lat' dir='ltr'><strong>separationem</strong></span> <span class='ocrx_word' id='word_1_855' title='bbox 2581 5235 2775 5287; x_wconf 67' lang='lat' dir='ltr'><strong>animai</strong></span> <span class='ocrx_word' id='word_1_856' title='bbox 2806 5248 2835 5286; x_wconf 91' lang='lat' dir='ltr'><strong>a</strong></span> <span class='ocrx_word' id='word_1_857' title='bbox 2863 5247 3113 5302; x_wconf 89' lang='lat' dir='ltr'><strong>corpore.</strong></span> 
     </span>
    </p>
   </div>
   <div class='ocr_carea' id='block_1_116' title="bbox 1994 5325 3494 5404">
    <p class='ocr_par' dir='ltr' id='par_1_116' title="bbox 1994 5325 3494 5404">
     <span class='ocr_line' id='line_1_117' title="bbox 1994 5325 3494 5404; baseline -0.004 -17"><span class='ocrx_word' id='word_1_858' title='bbox 1994 5334 2157 5404; x_wconf 84' lang='lat' dir='ltr'><strong>Virga</strong></span> <span class='ocrx_word' id='word_1_859' title='bbox 2193 5341 2284 5386; x_wconf 83' lang='lat' dir='ltr'><strong>tua</strong></span> <span class='ocrx_word' id='word_1_860' title='bbox 2312 5341 2360 5384; x_wconf 88' lang='lat' dir='ltr'><strong>et</strong></span> <span class='ocrx_word' id='word_1_861' title='bbox 2388 5329 2606 5383; x_wconf 85' lang='lat' dir='ltr'><strong>baculus</strong></span> <span class='ocrx_word' id='word_1_862' title='bbox 2637 5337 2778 5390; x_wconf 85' lang='lat' dir='ltr'><strong>tuus,</strong></span> <span class='ocrx_word' id='word_1_863' title='bbox 2805 5327 2920 5390; x_wconf 87' lang='lat' dir='ltr'><strong>ipsa</strong></span> <span class='ocrx_word' id='word_1_864' title='bbox 2951 5343 3030 5380; x_wconf 88' lang='lat' dir='ltr'><strong>me</strong></span> <span class='ocrx_word' id='word_1_865' title='bbox 3053 5325 3330 5381; x_wconf 86' lang='lat' dir='ltr'><strong>consolata</strong></span> <span class='ocrx_word' id='word_1_866' title='bbox 3350 5337 3494 5382; x_wconf 80' lang='lat' dir='ltr'><strong>sunt.</strong></span> 
     </span>
    </p>
   </div>
   <div class='ocr_carea' id='block_1_117' title="bbox 1914 5418 3498 5496">
    <p class='ocr_par' dir='ltr' id='par_1_117' title="bbox 1914 5418 3498 5496">
     <span class='ocr_line' id='line_1_118' title="bbox 1914 5418 3498 5496; baseline -0.004 -15"><span class='ocrx_word' id='word_1_867' title='bbox 1914 5425 2040 5482; x_wconf 67' lang='lat' dir='ltr'><strong>HEBC</strong></span> <span class='ocrx_word' id='word_1_868' title='bbox 2087 5425 2254 5496; x_wconf 77' lang='lat' dir='ltr'><strong>igitur</strong></span> <span class='ocrx_word' id='word_1_869' title='bbox 2282 5421 2642 5476; x_wconf 87' lang='lat' dir='ltr'><strong>consolantur</strong></span> <span class='ocrx_word' id='word_1_870' title='bbox 2682 5433 2806 5472; x_wconf 88' lang='lat' dir='ltr'><strong>eum</strong></span> <span class='ocrx_word' id='word_1_871' title='bbox 2841 5418 2934 5488; x_wconf 91' lang='lat' dir='ltr'><strong>qui</strong></span> <span class='ocrx_word' id='word_1_872' title='bbox 2971 5419 3292 5476; x_wconf 88' lang='lat' dir='ltr'><strong>verberibus</strong></span> <span class='ocrx_word' id='word_1_873' title='bbox 3323 5427 3377 5475; x_wconf 88' lang='lat' dir='ltr'><strong>et</strong></span> <span class='ocrx_word' id='word_1_874' title='bbox 3404 5435 3498 5475; x_wconf 72' lang='lat' dir='ltr'><strong>ca-</strong></span> 
     </span>
    </p>
   </div>
   <div class='ocr_carea' id='block_1_118' title="bbox 1915 5511 3496 5588">
    <p class='ocr_par' dir='ltr' id='par_1_118' title="bbox 1915 5511 3496 5588">
     <span class='ocr_line' id='line_1_119' title="bbox 1915 5511 3496 5588; baseline -0.002 -18"><span class='ocrx_word' id='word_1_875' title='bbox 1915 5516 2302 5588; x_wconf 83' lang='lat' dir='ltr'><strong>stigationibns</strong></span> <span class='ocrx_word' id='word_1_876' title='bbox 2333 5511 2587 5574; x_wconf 81' lang='lat' dir='ltr'><strong>allicitur,</strong></span> <span class='ocrx_word' id='word_1_877' title='bbox 2629 5517 2816 5579; x_wconf 89' lang='lat' dir='ltr'><strong>utpote</strong></span> <span class='ocrx_word' id='word_1_878' title='bbox 2846 5511 2942 5581; x_wconf 85' lang='lat' dir='ltr'><strong>qui</strong></span> <span class='ocrx_word' id='word_1_879' title='bbox 2975 5527 3180 5581; x_wconf 82' lang='lat' dir='ltr'><strong>gnarus</strong></span> <span class='ocrx_word' id='word_1_880' title='bbox 3223 5511 3292 5567; x_wconf 88' lang='lat' dir='ltr'><strong>sit</strong></span> <span class='ocrx_word' id='word_1_881' title='bbox 3323 5511 3496 5566; x_wconf 87' lang='lat' dir='ltr'><strong>Deum</strong></span> 
     </span>
    </p>
   </div>
   <div class='ocr_carea' id='block_1_119' title="bbox 1913 5601 2996 5670">
    <p class='ocr_par' dir='ltr' id='par_1_119' title="bbox 1913 5601 2996 5670">
     <span class='ocr_line' id='line_1_120' title="bbox 1913 5601 2996 5670; baseline -0.004 -11"><span class='ocrx_word' id='word_1_882' title='bbox 1913 5609 2205 5664; x_wconf 82' lang='lat' dir='ltr'><strong>verberare</strong></span> <span class='ocrx_word' id='word_1_883' title='bbox 2240 5603 2410 5656; x_wconf 86' lang='lat' dir='ltr'><strong>lilium</strong></span> <span class='ocrx_word' id='word_1_884' title='bbox 2438 5617 2598 5670; x_wconf 90' lang='lat' dir='ltr'><strong>quem</strong></span> <span class='ocrx_word' id='word_1_885' title='bbox 2631 5601 2996 5670; x_wconf 83' lang='lat' dir='ltr'><strong>coopla&#39;verit.</strong></span> 
     </span>
    </p>
   </div>
   <div class='ocr_carea' id='block_1_120' title="bbox 2096 5739 3502 5812">
    <p class='ocr_par' dir='ltr' id='par_1_120' title="bbox 2096 5739 3502 5812">
     <span class='ocr_line' id='line_1_121' title="bbox 2096 5739 3502 5812; baseline 0.001 -13"><span class='ocrx_word' id='word_1_886' title='bbox 2096 5747 2141 5780; x_wconf 72' lang='lat'><em>“</em></span> <span class='ocrx_word' id='word_1_887' title='bbox 2180 5744 2340 5799; x_wconf 86' lang='lat' dir='ltr'><strong>Joan.</strong></span> <span class='ocrx_word' id='word_1_888' title='bbox 2385 5758 2470 5810; x_wconf 82' lang='lat' dir='ltr'><strong>iv,</strong></span> <span class='ocrx_word' id='word_1_889' title='bbox 2517 5743 2598 5796; x_wconf 70' lang='grc' dir='ltr'><strong>ιδ.</strong></span> <span class='ocrx_word' id='word_1_890' title='bbox 2717 5743 2762 5775; x_wconf 78' lang='grc'><strong>³⁵</strong></span> <span class='ocrx_word' id='word_1_891' title='bbox 2806 5741 3005 5800; x_wconf 78' lang='lat' dir='ltr'><strong>Ezech.</strong></span> <span class='ocrx_word' id='word_1_892' title='bbox 3047 5757 3222 5812; x_wconf 79' lang='lat' dir='ltr'><strong>xvm,</strong></span> <span class='ocrx_word' id='word_1_893' title='bbox 3259 5743 3311 5800; x_wconf 79' lang='lat' dir='ltr'><strong>it.</strong></span> <span class='ocrx_word' id='word_1_894' title='bbox 3391 5746 3437 5776; x_wconf 80' lang='lat'>&quot;</span> <span class='ocrx_word' id='word_1_895' title='bbox 3472 5739 3502 5800; x_wconf 70' lang='grc' dir='ltr'><strong>ἒ</strong></span> 
     </span>
    </p>
   </div>
  </div>
