3940 6292
447 322 551 376 219

1113 315 1382 373 EUSEBII
1421 315 1895 373 CIESARIENSIS
1929 315 2080 372 OPP.
2124 313 2303 370 PARS
2342 315 2430 371 III.
2469 347 2539 360 —
2567 317 2976 377 EXEGETICA.

3506 354 3512 361 -
3601 325 3702 396 eeo

519 436 688 492 Vens.
719 438 772 493 5.
822 436 1048 492 Parasti
1092 439 1148 492 in
1191 447 1470 510 conspectu
1499 454 1612 492 meo
1637 453 1891 503 mensam,
1936 436 2024 490 ad-

2219 436 2566 506 Ἠτοίμασας
2602 438 2857 494 ἐνώπιόν
2878 459 2996 511 μου
3032 440 3325 509 τράπεζαν
3363 441 3706 510 ἐξεναντίας

451 547 632 586 ursus
682 547 770 585 eos
813 531 902 600 qui
951 529 1211 584 tribulant
1253 549 1354 585 me.
1410 530 1770 602 Impinguasti
1820 531 1873 583 in
1915 529 2027 584 oleo

452 634 606 692 caput
637 639 808 677 meum
829 662 844 687 ,
876 631 926 676 et
955 623 1100 676 calix
1153 633 1272 676 tuus
1310 621 1576 676 inebrians
1610 639 1766 694 quam
1805 621 2028 692 prwcla—

451 733 544 772 rus
572 715 692 770 est!
731 715 947 770 Norant
983 714 1131 770 enim
1171 715 1350 769 oleum
1393 715 1699 785 spirituale,
1724 729 1833 784 quo
1862 723 2028 784 caput

450 824 611 864 suum
664 809 1074 880 impinguatur,
1125 815 1290 878 atque
1342 808 1660 862 ebrietatem
1712 808 1860 860 illam
1907 822 2027 878 quae

447 897 674 953 roborat
720 913 831 953 non
876 898 1136 964 resolvit,
1169 911 1385 952 necnon
1423 897 1722 967 spiritalem
1756 896 1906 950 illum
1947 896 2028 950 ci-

448 989 577 1044 bum
607 1006 768 1060 quem
815 991 1039 1060 apponit
1061 990 1222 1045 nobis
1271 991 1361 1044 ille
1393 989 1485 1060 qui
1521 989 1588 1042 ad
1622 989 1860 1058 pastoris
1902 1004 2024 1042 mu—

446 1099 553 1140 nus
591 1085 778 1154 sponsi
816 1083 1186 1139 conditionem
1231 1081 1442 1153 adjicit.
1481 1081 1598 1144 llis,
1637 1081 1833 1151 inquit,
1873 1081 2024 1136 frua-

448 1191 574 1229 mur
608 1177 806 1241 bonis,
857 1185 911 1232 et
951 1175 1312 1247 gaudeamus,
1363 1175 1494 1229 dum
1550 1175 1765 1228 interim
1816 1173 2023 1228 inimici

447 1261 623 1316 nostri
650 1262 836 1318 dolent
877 1279 941 1318 ac
967 1273 1338 1329 macerantur,
1364 1263 1492 1334 quia
1526 1263 1563 1317 ii
1595 1264 1689 1333 qui
1723 1263 1852 1318 olim
1883 1264 2023 1318 servi

445 1363 630 1419 erant,
662 1357 1025 1412 mutationem
1055 1363 1265 1411 tantam
1296 1357 1503 1427 experti
1537 1363 1688 1420 sunt,
1728 1356 2024 1424 impingua-

447 1452 520 1502 sti
558 1449 612 1501 in
641 1447 754 1503 oleo
793 1458 947 1518 caput
977 1466 1173 1503 meum.

516 1538 684 1596 Vens.
727 1540 783 1595 6.
847 1539 917 1594 Et
975 1538 1341 1594 misericordia
1400 1549 1492 1592 tua
1555 1539 1897 1610 subsequetur
1943 1556 2024 1593 me

446 1630 688 1685 omnibus
721 1631 903 1686 diebus
934 1632 1052 1685 vitae
1084 1648 1244 1697 mete,
1289 1641 1338 1684 et
1365 1641 1421 1684 ut
1455 1631 1741 1684 inhabilem
1785 1633 1839 1685 in
1867 1630 2022 1685 domo

451 1721 697 1786 Domini,
741 1723 794 1776 in
837 1721 1217 1792 longitudinem
1261 1722 1487 1776 dierum.
1536 1721 2022 1780 Misericordiaet

2133 523 2252 578 τῶν
2280 529 2727 600 θλιϐόντωνομε.
2767 533 3094 600 Ἐλίπανας
3126 535 3196 588 ἐν
3233 535 3415 598 ἐλαίῳ
3459 534 3574 603 τὴν
3613 554 3705 590 κε-

2133 617 2340 686 φαλήν
2367 635 2508 687 μου,
2547 619 2645 672 καὶ
2691 619 2758 673 τὸ
2799 620 3087 689 ποτήριόν
3120 636 3235 676 σου
3278 622 3590 691 μεθύσκον
3631 623 3707 688 ὡς

2133 711 2497 780 κράτιστον]
2531 714 2706 766 Ἰσασι
2740 714 2848 784 γὰρ
2875 715 2968 767 καὶ
3003 714 3064 767 τὸ
3093 713 3456 785 πνευματικὸν
3511 714 3706 780 ἔλαιον,

2132 810 2159 863 ὃ
2187 811 2284 884 τὴν
2332 804 2573 878 κεφαλὴν
2625 805 2993 877 ὲπιάνθησαν,
3043 807 3136 860 καὶ
3168 808 3268 879 τὴν
3315 805 3706 878 κρατύνουσαν,

2132 906 2246 960 ἁλλ’
2279 904 2339 956 οὐ
2365 901 2687 955 διαλύουσοιν
2715 899 2914 972 μέθηνο
2948 900 3042 954 καὶ
3071 901 3170 972 τὴν
3197 901 3462 972 μυστικὴν
3480 900 3705 972 τροφὴν,

2131 996 2197 1066 ἢν
2217 994 2534 1066 προτίθησιν
2558 995 2688 1063 ἡμῖν
2721 994 2749 1045 6
2778 992 2914 1065 πρὸς
2936 992 2998 1046 τὸ
3030 993 3338 1064 ποιμαίνειν
3361 993 3455 1046 καὶ
3477 993 3708 1064 νυμφίος

2131 1085 2661 1159 γενόμενος.Τούτοις
2675 1085 2833 1156 δὲ,φη
2841 1086 2944 1149 σὶν,
2964 1084 3316 1156 ὲντρυφῶμεν
3336 1088 3448 1148 τοῖς
3460 1085 3713 1156 ἀγαθοῖς,

2129 1175 2237 1229 τῶν
2261 1175 2541 1247 δυσμενῶν
2565 1177 2880 1247 ἁνιωμένων
2908 1175 3001 1230 καὶ
3022 1177 3367 1247 τρυχομένων
3383 1195 3395 1206 ’
3425 1179 3507 1230 ὅτι
3530 1177 3581 1229 οἱ
3601 1176 3713 1231 πά·-

2129 1268 2236 1335 λαι,
2263 1269 2414 1341 φησὶ,
2437 1270 2774 1333 δουλεύοντες
2798 1269 3064 1341 τοσαύτης
3094 1270 3395 1340 μεταϐολῆς
3411 1275 3714 1343 τετυχήκα-

2133 1378 2236 1427 σιν,
2265 1363 2558 1429 ὲλίπανας
2577 1363 2646 1416 ἐν
2668 1363 2849 1427 ἐλαίῳ
2877 1361 2992 1430 τὴν
3024 1361 3300 1432 κεφαλήν
3317 1381 3455 1432 μου.

2196 1534 2306 1587 Καὶ
2335 1532 2400 1586 τὸ
2432 1533 2605 1598 ἔλεός
2632 1547 2748 1588 σου
2786 1532 3208 1599 καταδιώξεταί
3221 1551 3315 1608 ,με
3350 1535 3555 1602 πάσας
3599 1536 3710 1604 τὰς

2129 1626 2352 1694 ἡμέρας
2404 1624 2510 1694 τῆς
2560 1626 2710 1693 ζωῆς
2745 1643 2886 1695 μου,
2935 1627 3033 1680 καὶ
3078 1627 3144 1681 τὸ
3186 1628 3480 1682 κατοικεῖν
3512 1647 3590 1698 με
3637 1630 3710 1683 ἐν

2128 1717 2270 1782 οἴκῳ
2300 1719 2522 1784 Κυρίου
2554 1720 2642 1784 είς
2662 1719 3009 1787 μακρότητα
3034 1718 3287 1788 ἡμερῶν.
3322 1720 3606 1784 Πεποιθὼς
3629 1719 3710 1791 τῷ

447 1816 635 1886 gratia:
691 1814 936 1870 confisus
993 1824 1138 1877 tute,
1195 1815 1324 1868 novi
1374 1829 1506 1869 sane
1559 1829 1665 1875 me,
1713 1813 2024 1869 institutum

2133 1809 2209 1882 σῷ
2241 1810 2400 1874 ὲλέει,
2442 1809 2536 1863 καὶ
2563 1812 2627 1880 τῇ
2659 1813 2724 1881 σῇ
2753 1810 2956 1883 χάριτι,
2989 1807 3083 1864 οἷδ’
3112 1813 3193 1864 ὅτι
3228 1813 3710 1884 οὐχ’ὲκπεσοῦμαι

445 1923 479 1961 a
513 1907 894 1963 misericordia
927 1915 1018 1961 tua
1061 1907 1318 1963 omnibus
1369 1906 1563 1963 diebus
1589 1907 1714 1962 vitae
1745 1922 1898 1971 meas,
1929 1923 2026 1978 spe

446 1999 537 2053 illa
581 2002 636 2054 in
681 2007 735 2054 te
765 2001 942 2070 posita
994 2013 1274 2069 nunquam
1325 1999 1625 2070 lapsorum.
1673 1997 1798 2054 Haec
1845 2000 2028 2070 itaque

445 2092 856 2159 misericordia,
900 2092 1016 2147 haec
1051 2092 1226 2163 gratia
1264 2101 1358 2146 tua
1407 2091 1540 2146 mihi
1575 2091 1630 2146 id
1662 2092 1791 2147 boni
1832 2099 2028 2146 contu-

444 2185 588 2253 lere,
625 2193 686 2240 ut
717 2184 940 2240 domum
985 2193 1038 2239 et
1069 2184 1371 2240 Ecclesiam
1412 2193 1561 2239 tuam
1602 2186 1658 2239 in
1688 2184 2026 2241 domicilium

444 2277 819 2348 possiderem;
861 2277 954 2332 ubi
981 2286 1381 2342 commoratus,
1417 2284 1606 2348 utpote
1632 2278 1688 2331 in
1723 2277 1898 2334 sacris
1930 2275 2027 2332 Dei

444 2369 654 2424 aedibus
682 2376 738 2425 et
772 2371 829 2423 in
861 2375 1054 2424 sancto
1100 2371 1326 2440 templo,
1377 2369 1774 2440 longitudinem
1814 2368 2026 2424 dierum

447 2461 592 2532 apud
632 2471 688 2516 te
722 2469 776 2515 et
803 2464 972 2515 vitam
1023 2467 1279 2516 aeternam
1338 2476 1666 2533 consequar.
1715 2460 1850 2515 Nam
1881 2461 2026 2531 quod

448 2555 671 2608 domum
720 2561 869 2608 tuam
920 2554 1180 2619 incolam,
1231 2570 1512 2624 nunquam
1558 2555 1685 2610 inde
1714 2555 2024 2624 egrediens,

447 2660 625 2715 neque
654 2645 936 2704 declinans
970 2645 1254 2710 aliorsum,
1287 2646 1388 2700 hoc
1427 2647 1561 2700 mihi
1611 2646 1666 2701 in
1697 2663 1867 2702 causa
1911 2647 2027 2703 fore

446 2736 689 2790 arbitror
719 2745 777 2790 ut
807 2736 1203 2807 longitudinem
1245 2737 1480 2804 dierum,
1511 2737 1631 2808 ipso
1679 2739 1885 2794 lumine
1923 2749 2016 2795 tuo

445 2829 681 2894 lucente,
706 2829 1018 2884 nanciscar.
1054 2827 1160 2884 Pro
1195 2829 1288 2884 illo
1321 2837 1527 2894 autem,
1559 2831 1614 2884 in
1646 2829 2026 2901 longitudinem

442 2920 689 2987 dierum,
747 2919 1141 2993 Symmachus,
1195 2921 1251 2974 in
1297 2920 1704 2976 diuturnitatem
1753 2924 2025 2994 temporis,

445 3013 836 3084 interpretatus
872 3023 978 3080 est,
1009 3014 1135 3068 vita:
1184 3014 1332 3070 illius
1386 3016 1693 3071 secundum
1728 3014 1900 3072 Deum
1943 3017 2028 3070 in-

442 3104 790 3160 terminabile
853 3106 1091 3176 spatium
1155 3113 1320 3177 atque
1387 3105 1854 3162 immortalitatem
1928 3107 2026 3164 deo

445 3203 667 3252 notans.

821 3309 1149 3367 PSALMUS
1189 3310 1400 3366 DAVID
1431 3311 1623 3370 XXIII.

448 3423 515 3478 In
541 3423 859 3496 quibusdam
915 3425 1301 3494 exemplaribus
1337 3427 1549 3481 inveni:
1587 3443 1608 3478 ι
1645 3425 1764 3480 Una
1819 3423 2026 3480 Sabbu-

1115 3505 1308 3550 torum.
1350 3515 1369 3548 ι

517 3609 681 3665 Vens.
714 3610 768 3674 1,
790 3607 844 3664 2.
871 3608 1081 3663 Domini
1100 3619 1176 3664 est
1201 3618 1341 3663 terra
1369 3617 1417 3663 et
1435 3607 1704 3679 plenitudo
1730 3607 1865 3678 ejus,
1885 3606 2026 3661 orbis

449 3711 711 3758 terrarum
735 3711 785 3756 et
816 3686 1047 3756 universi
1070 3701 1160 3772 qui
1185 3701 1426 3755 habitant
1446 3703 1499 3755 in
1525 3717 1606 3757 eo.
1624 3699 1743 3768 Ipse
1760 3717 1914 3771 super
1930 3715 2040 3755 ma-

450 3796 535 3850 ria
558 3794 801 3864 fundavit
832 3809 974 3860 eunt,
1023 3803 1073 3848 et
1088 3809 1244 3863 super
1266 3793 1491 3863 ﬂumina
1538 3794 1856 3863 praeparavit
1883 3809 2024 3848 eum.

445 3885 563 3942 Nisi
602 3885 774 3949 enim,
808 3884 1008 3954 inquit,
1061 3882 1308 3940 divinum
1341 3881 1583 3938 Verbum
1630 3883 1735 3953 ipsi
1773 3881 2025 3952 praefuis-

447 3987 553 4043 set,
592 3993 660 4034 ac
706 3977 810 4032 nisi
857 3975 1138 4047 Sapientia
1188 3975 1282 4031 Dei
1340 3976 1520 4047 ipsum
1581 3977 1688 4031 hoc
1740 3975 2026 4033 fundasset

447 4069 632 4138 modo,
654 4069 766 4137 jam
794 4069 949 4135 olim,
989 4069 1069 4124 vel
1105 4069 1343 4124 naturali
1385 4069 1729 4138 deprimente
1755 4068 2022 4139 pondere,

448 4165 507 4218 in
562 4161 896 4234 profundum
959 4163 1249 4218 demersus
1311 4161 1526 4217 fuisset.
1597 4159 1799 4216 Verum
1851 4161 2024 4215 multo

448 4255 802 4326 praestantior
832 4255 926 4309 illo
975 4264 1095 4311 erat
1142 4256 1318 4310 virtus
1351 4255 1440 4308 illa
1473 4253 1690 4308 Domini
1722 4253 2022 4307 miraculo-

448 4363 570 4403 rum
612 4362 676 4402 ac
718 4347 1097 4418 prodigiorum
1130 4344 1400 4412 etlectrix,
1431 4359 1552 4415 quae
1581 4351 1790 4398 tantam
1821 4344 2021 4399 molem

448 4451 769 4511 tantamque
798 4449 958 4494 terra:
996 4439 1416 4510 plenitudinem,
1453 4455 1517 4494 ac
1547 4439 1735 4494 orbem
1766 4453 1890 4492 cum
1925 4438 2023 4491 ha-

2126 1904 2225 1973 τῆς
2253 1903 2402 1973 παρὰ
2432 1903 2514 1954 σοὶ
2561 1902 2775 1966 ἐλπίδος
2823 1903 3338 1974 παιδαγωγούμενος
3379 1906 3562 1970 πάσας
3606 1907 3708 1972 τὰς

2127 1995 2339 2066 ἡμέρας
2383 1994 2483 2064 τῆς
2533 1993 2679 2066 ζωῆς
2726 2013 2824 2066 μου
2857 1997 2962 2048 ὑπὸ
3008 1995 3099 2050 τοῦ
3148 1997 3242 2050 σοῦ
3287 1997 3488 2062 ἐλέους.
3537 1998 3710 2053 Τοῦτο

2127 2085 2257 2154 γοῦν
2286 2086 2347 2138 τὸ
2385 2085 2474 2139 σὸν
2503 2085 2649 2150 ἕλεος
2674 2089 2770 2141 καὶ
2809 2089 2945 2159 αὐτή
2989 2105 3083 2142 σου
3114 2090 3146 2160 ἡ
3197 2090 3359 2162 χάρις
3394 2091 3707 2162 κατηξίωσέ

2132 2195 2199 2247 με
2230 2179 2543 2250 οἰκητήριον
2582 2181 2885 2250 κτήσασθαι
2913 2182 3004 2234 τὸν
3041 2181 3132 2236 σὺν
3151 2179 3306 2236 οἷκον
3347 2184 3439 2237 καὶ
3467 2183 3569 2256 τὴν
3608 2185 3708 2255 σὴν

2141 2269 2494 2341 Ἐκκλησίανο
2539 2272 2666 2326 ἔνθα
2709 2273 2808 2337 τάς
2854 2275 3136 2346 διατριϐάς
3179 2277 3496 2347 ποιούμενος
3525 2277 3603 2341 ὡς
3649 2279 3706 2330 έν

2126 2361 2259 2432 οἴκῳ
2280 2360 2438 2428 Θεοῦ,
2466 2364 2596 2436 ἱερῷ
2623 2366 2717 2419 καὶ
2745 2363 2883 2436 ἁγίῳ
2910 2365 3041 2436 ναῷ,
3067 2367 3402 2438 μακρόητος
3425 2369 3532 2421 τῶν
3557 2370 3708 2441 παρὰ

2097 2500 2101 2504 .
2129 2455 2212 2507 σοὶ
2241 2455 2461 2527 ἡμερῶν
2489 2457 2583 2511 καὶ
2613 2456 2758 2528 ζωῆς
2787 2458 3004 2512 αἰωνίου
3034 2457 3310 2529 τεύξομαι.
3336 2459 3408 2512 Τὸ
3431 2459 3542 2531 γὰρ
3574 2476 3704 2514 κατ-

2127 2549 2298 2598 οικεῖν
2344 2565 2410 2618 με
2443 2550 2500 2600 ἐν
2545 2547 2624 2618 τῷ
2655 2548 2731 2620 σῷ
2759 2549 2920 2620 οἴκῳ,
2953 2551 3046 2603 καὶ
3107 2551 3372 2622 μηδέποτε
3414 2549 3708 2616 αὑτοῦτὲξ-

2131 2639 2376 2694 ίστασθαι
2405 2641 2540 2714 μηδὲ
2564 2643 2866 2708 ἀπονεύειν,
2893 2644 2979 2696 ἀεὶ
3001 2643 3056 2695 δὲ
3081 2643 3211 2696 εἵσω
3225 2643 3522 2715 περιϐόλων
3549 2644 3709 2716 ἱερῶν

2126 2733 2226 2798 τὰς
2256 2733 2536 2806 διατριϐάς
2567 2733 2856 2792 ποιεῖσθαι.
2883 2733 3055 2788 ταῦτά
3089 2752 3178 2806 μοι
3206 2735 3353 2789 αἴτια
3387 2736 3708 2809 γενήσεσθαι

2130 2827 2370 2881 πιστεύω
2401 2828 2741 2899 μακρότητος
2779 2827 3002 2900 ἡμερῶν
3031 2828 3138 2881 τῶν
3171 2831 3235 2882 ἐκ
3273 2829 3366 2882 τοῦ
3400 2830 3493 2884 σοῦ
3533 2831 3712 2901 φωτὸς

2128 2920 2531 2992 ὑφισταμένων.
2567 2922 2712 2976 Ἀντὶ
2739 2921 2796 2974 δὲ
2829 2921 2944 2985 τοῦ,
2973 2924 3061 2988 εὶς
3086 2926 3425 2992 μακρότητα
3454 2923 3708 2993 ἡμερῶν,

2127 3014 2215 3078 εὶς
2265 3012 2460 3083 μῆκος
2501 3014 2728 3082 χρόνου
2779 3015 2808 3066 ὀ
2854 3013 3146 3084 Σύμμαχος
3193 3015 3504 3086 ἡρμήνευσε
3533 3056 3548 3081 ,
3612 3016 3708 3086 τῆς

2130 3103 2272 3158 κατὰ
2299 3105 2390 3159 τὸν
2421 3104 2554 3159 Θεὸν
2580 3105 2727 3176 ζωῆς
2761 3105 2821 3160 τὸ
2863 3106 3090 3178 ἄπειρον
3119 3107 3213 3160 καὶ
3242 3105 3506 3161 ἀθάνατον
3534 3113 3711 3179 σημή-

2129 3213 2246 3260 νας.

2488 3311 2780 3364 ΨΑΛΜΟΣ
2825 3310 2912 3365 ΤΩ
2971 3313 3170 3366 ΔΑΥΙΔ
3229 3313 3353 3368 KI".

2143 3423 2246 3478 Ἐν
2274 3423 2460 3491 ἐνίοις
2497 3424 2880 3497 ἀντιγράφοις
2926 3421 3125 3494 εὗρον·
3193 3445 3212 3479 ι
3246 3426 3360 3494 Τῆς
3399 3427 3542 3497 μιᾶς
3595 3427 3714 3485 τῶν

2670 3496 2985 3549 Σαϐϐάτων
3008 3499 3105 3567 (l).
3121 3518 3139 3550 ι

2206 3607 2316 3662 Τοῦ
2339 3609 2560 3677 Κυρίου
2606 3610 2646 3677 ἡ
2697 3608 2774 3679 γῆ
2804 3611 2904 3664 καὶ
2958 3610 3025 3663 τὸ
3065 3610 3357 3681 πλήρωμα
3419 3610 3632 3681 αὐτῆς,
3671 3612 3711 3680 ἠ

2129 3700 2446 3772 οἰκουμένη
2475 3702 2574 3756 καὶ
2607 3701 2830 3769 πάντες
2857 3706 2910 3758 οἱ
2973 3703 3392 3770 κατοικοῦντες
3416 3705 3488 3758 ἐν
3529 3703 3710 3774 αὐτῇ.

2129 3794 2321 3860 Αὐτὸς
2349 3793 2450 3848 ἐπὶ
2482 3795 2815 3850 θαλασσῶν
2836 3796 3231 3866 ἐθεμελίωσεν
3251 3795 3467 3864 αὐτὴν,
3496 3799 3592 3852 καὶ
3615 3798 3714 3853 ἐπι

2128 3887 2410 3955 ποταμῶν
2428 3889 2758 3958 ἡτοίμασεν
2775 3887 2987 3955 αὐτήν.
3010 3889 3072 3942 El
3093 3887 3168 3960 μὴ
3192 3888 3304 3960 γὰρ
3327 3888 3502 3958 Λόγος
3521 3890 3711 3956 αὐτῆς.

2129 3982 2314 4051 φησὶν,
2349 3983 2633 4036 ἐπεστάτει
2663 3982 2824 4047 θεῖος,
2857 3982 2950 4036 καί⁵
2979 3985 3046 4054 ,εἰ
3088 3983 3161 4054 μὴ
3214 3984 3376 4052 σοφία
3417 3983 3554 4037 Θεοῦ
3587 3986 3709 4039 τοῖ-

2128 4093 2217 4129 τον
2249 4074 2418 4148 αὐτὴν
2440 4075 2825 4147 τεθεμελιιὶηιει
2867 4076 2958 4129 τὸν
3003 4077 3223 4148 τρόπον,
3259 4076 3426 4130 πάλαι
3460 4070 3549 4131 ’ἂν
3608 4096 3708 4149 φυ-

2130 4168 2265 4240 σικῷ
2294 4168 2449 4240 βάρει
2483 4168 2633 4223 κάτω
2662 4186 2767 4222 που
2793 4169 3068 4241 φερομένη
3127 4170 3268 4223 κατὰ
3308 4169 3484 4240 βυθῶν
3537 4189 3707 4243 κεχω-

2133 4263 2308 4333 ρήκει.
2357 4261 2497 4314 Ἀλλ’
2520 4257 2588 4332 ἦν
2611 4262 2716 4333 ἄρα
2739 4261 3002 4332 κρείττων
3035 4261 3208 4332 αὐτῆς
3239 4264 3272 4333 ὴ
3299 4262 3709 4336 θαυματουργδς

2129 4351 2222 4404 καὶ
2249 4351 2679 4423 παραδοξοποιὸς
2699 4350 2791 4404 τοῦ
2823 4351 2928 4403 τῶν
2977 4352 3114 4406 ὅλων
3154 4353 3358 4424 Κυρίου
3391 4353 3643 4425 δύναμις,
3674 4355 3707 4424 ἥ

2129 4445 2220 4498 τὸν
2247 4443 2497 4497 τοσοῦτον
2522 4442 2684 4510 ὄγκον
2741 4443 2834 4496 καὶ
2879 4442 2939 4495 τὸ
2985 4441 3236 4498 τοσοῦτον
3295 4443 3397 4513 τῆς
3438 4444 3544 4515 γῆς
3573 4444 3709 4515 πλή-

445 4529 780 4585 bitatoribus
808 4530 951 4599 ejus,
985 4529 1277 4584 sublimem
1320 4529 1427 4598 agi,
1473 4538 1526 4584 et
1558 4543 1828 4598 aquarum
1858 4529 2024 4583 dorso

2137 4554 2314 4607 ρωμα,
2339 4537 2469 4608 ὃλην
2492 4553 2551 4589 τε
2579 4535 2678 4606 τὴν
2708 4537 2854 4588 οίκου
2865 4535 3031 4604 μένην
3059 4535 3302 4600 καὶτοὺς
3322 4536 3709 4598 κατοικοῦντας

447 4622 654 4693 imponi
685 4622 1028 4678 decreverat.
1088 4621 1434 4692 QuaprOpter
1471 4623 1602 4689 ipse,
1635 4621 1836 4692 inquit,
1867 4637 2025 4690 super

446 4714 622 4766 maria
649 4711 893 4781 fundavit
924 4727 1062 4765 eum.
1116 4709 1304 4780 Neque
1333 4711 1476 4766 enim
1516 4713 1632 4781 ipsa
1668 4720 1812 4767 terra
1841 4713 2024 4784 gravis

444 4811 500 4858 et
528 4803 850 4868 inanimata,
886 4820 1008 4860 sese
1031 4819 1197 4874 supra
1220 4806 1448 4876 abyssos
1480 4806 1876 4874 consolidavit;
1927 4806 2024 4862 sed

445 4895 688 4949 omnium
724 4895 906 4966 opifex
939 4895 1034 4951 Dei
1081 4895 1275 4961 Filius,
1331 4897 1425 4967 qui
1474 4899 1708 4953 solidum
1747 4915 2022 4970 grachue

445 4993 606 5040 terra;
646 4987 1000 5052 elementum,
1039 4987 1224 5042 divina
1273 4990 1574 5054 creatione,
1631 5007 1799 5060 supra
1853 4991 2023 5044 maris

445 5075 611 5133 dorsa
666 5075 799 5132 ferri
839 5079 1035 5144 voluit,
1098 5095 1164 5134 ac
1221 5095 1391 5151 supra
1446 5081 1726 5137 humidam
1769 5091 2022 5136 naturam

445 5168 736 5233 constitui,
790 5178 952 5240 atque
980 5171 1156 5242 ipsam
1209 5171 1315 5225 hoc
1363 5173 1524 5228 modo
1563 5173 1833 5227 fundavit.
1867 5173 2022 5227 Alio-—

447 5275 553 5328 que
583 5261 950 5316 ratiocinandi
984 5265 1116 5328 ritu,
1147 5273 1349 5319 terram
1388 5280 1496 5319 non
1529 5281 1630 5320 sua
1662 5273 1858 5334 sponte
1889 5266 2025 5319 sub-

448 5353 658 5408 stitisse
693 5353 872 5417 docet,
919 5372 1095 5426 neque
1151 5368 1300 5414 sorte
1338 5361 1575 5428 quadam
1633 5359 1924 5414 temeraria
1958 5375 2021 5412 ac

449 5446 832 5510 irrationabili,
866 5449 959 5501 tali
991 5450 1230 5520 undique
1259 5452 1432 5507 forma
1465 5453 1812 5508 instructam.
1839 5452 2022 5518 Quare

449 5540 693 5610 subjicit,
725 5550 773 5594 et
801 5556 956 5609 super
982 5541 1202 5608 ﬂumina
1230 5547 1546 5615 prwparavit
1597 5562 1735 5600 eum.
1775 5543 1831 5599 Si
1868 5559 2021 5598 nam~

2133 4631 2302 4702 αὐτὴν
2336 4630 2448 4684 ἄνω
2502 4629 2766 4702 φέρεσθαι
2815 4628 3086 4701 μετέωρον
3120 4628 3261 4699 ὑπὲρ
3298 4629 3365 4683 τὰ
3417 4629 3563 4683 νῶτα
3605 4631 3709 4683 τῶν

2134 4723 2339 4778 ὑδάτων
2403 4722 2743 4792 βεϐούληται.
2801 4721 2914 4786 Διὸ,
2968 4720 3153 4787 αὐτὸς
3205 4722 3306 4774 ἐπὶ
3382 4721 3711 4776 θανῖασσῶν

2131 4815 2525 4885 ἐθεμελίωσεν
2557 4811 2772 4879 αὐτὴν,
2801 4812 3038 4883 εἴρηται.
3075 4811 3150 4864 Ού
3183 4810 3292 4881 γὰρ
3324 4810 3462 4880 αύτὴ
3512 4811 3710 4880 ἑαυτὴν

2120 4911 2154 4978 ἡ
2194 4907 2386 4978 βαρεῖα
2411 4905 2506 4957 καὶ
2538 4904 2744 4974 ἄψυχος
2776 4905 2848 4973 γῆ
2883 4903 2976 4954 ἐπὶ
3008 4901 3116 4954 τῶν
3167 4901 3344 4972 βυθῶν
3406 4902 3707 4974 ἐστήριξεν,

2123 4996 2238 5052 ἀλλ’
2272 4999 2300 5048 ὁ
2325 4995 2541 5048 πάντων
2597 4993 2928 5065 δημιουργὸς
2985 4995 3014 5046 6
3069 4991 3162 5045 τοῦ
3191 4991 3325 5045 Θεοῦ
3371 4990 3518 5058 Υἱὸς,
3569 4993 3627 5057 ὃς
3652 4993 3709 5045 τὸ

2125 5089 2442 5160 στερέμνιον
2487 5087 2581 5140 καὶ
2611 5085 2749 5156 βαρὺ
2781 5085 2880 5153 τῆς
2932 5085 3035 5156 γῆς
3091 5086 3352 5154 στοιχεῖον
3412 5083 3568 5156 θεῐκῇ
3619 5085 3709 5154 δη-

2131 5182 2389 5254 μιουργίᾳ
2445 5180 2520 5249 (2)
2577 5179 2718 5249 ὑπὲρ
2764 5176 2951 5231 νώτων
2996 5177 3240 5248 ὀχεῖσθαι
3292 5177 3567 5249 θαλάσσης
3618 5177 3706 5230 καὶ

2127 5269 2381 5340 ὑπεράνω
2405 5269 2503 5338 τῆς
2547 5269 2721 5338 ὑγρᾶς
2751 5267 2967 5336 φύσεως
3000 5267 3221 5321 ἑστάναι
3266 5266 3571 5338 βουληθεὶς,
3616 5268 3706 5321 καὶ

2123 5361 2310 5416 τοῦτον
2344 5363 2512 5432 αὐτὴν
2541 5360 2878 5432 θεμελιώσας
2908 5361 2998 5414 τὸν
3027 5360 3248 5433 τρόπον.
3274 5360 3386 5412 Καὶ
3426 5359 3548 5413 καθ’
3587 5360 3704 5413 ἓτε-

2128 5472 2216 5525 ρον
2241 5454 2296 5506 δὲ
2329 5453 2584 5524 λογισμὸν
2615 5454 2908 5525 παρίστησι
2937 5454 2998 5506 τὸ
3029 5453 3102 5524 μὴ
3143 5451 3446 5523 αὐτόματον
3466 5451 3701 5523 ὐποστῆο

2125 5564 2210 5600 ναι
2239 5547 2337 5617 τὴν
2368 5545 2491 5615 γῆν,
2518 5545 2651 5617 μηδὲ
2697 5545 2772 5608 ὼς
2816 5545 3023 5616 ἔτυχεν,
3075 5545 3194 5616 είκῆ
3230 5546 3323 5598 καὶ
3357 5545 3592 5614 ἀλόγως,
3641 5543 3705 5599 τὸ

526 5697 858 5774 (j)ldipsum
885 5711 1065 5774 monet
1087 5701 1479 5760 Theodoretus.
1515 5704 1571 5759 In
1607 5703 1874 5759 llcbraico
1894 5703 2191 5774 exemplari
2225 5704 2361 5758 nihil
2393 5703 2458 5760 de
2495 5700 2751 5760 Sabbato.

521 5769 596 5840 β)
633 5769 805 5838 Alius,
842 5771 1229 5845 μεγαλουργίᾳ.
