3940 6292
225 322 328 378 2‘2!

1415 328 1920 387 COMMENTARIA
1957 330 2026 387 IN
2066 330 2408 387 PSALMOS.

3372 338 3483 393 222

232 439 475 495 τοιοῦτον
518 444 659 517 αὐτῇ
711 448 1131 520 περιϐεϐλῆσθαι
1166 449 1366 519 σχῆμα’
1421 448 1502 502 διὸ
1552 450 1805 518 ἐπιλέγει·

1919 466 2025 519 que
2057 457 2167 505 tota
2198 459 2252 505 et
2285 451 2339 505 in
2397 448 2654 507 omnibus
2681 450 2765 507 sui
2800 451 3071 521 partibus,
3115 440 3233 507 lteri
3254 454 3485 523 aequabi-

232 534 343 587 Καὶ
378 535 478 589 ἐπὶ
530 539 813 609 ποταμῶν
865 542 1192 610 ἡτοίμασεν
1235 541 1446 609 αὐτήν.
1488 542 1550 593 Ei
1587 542 1683 612 μὲν
1710 542 1818 613 γὰρ

231 628 330 698 ὅλη
360 629 427 681 δι’
460 628 588 683 ὅλου
615 630 734 685 λεία
758 631 851 685 καὶ
878 633 1054 704 ὁμαλὴ
1115 632 1255 686 κατὰ
1301 633 1401 704 τὴν
1457 636 1689 705 σφαῖραν
1710 634 1817 687 τῶν

242 718 517 792 Ἑλλήνων
541 721 805 794 ὑπῆρχεν,
839 722 937 777 οὐκ
986 725 1050 779 ἄν
1082 742 1209 778 ποτε
1253 725 1352 797 τῆς
1396 724 1501 779 τῶν
1559 726 1816 796 ποταμῶν

232 816 555 882 συστάσεως
596 820 815 893 δεκτικὴ
850 822 1111 891 ἐγεγόνει·
1163 822 1272 875 οὐδ’
1301 821 1366 877 ἂν
1415 824 1495 887 είς
1542 824 1815 893 γεωργίαν

226 909 544 982 ἐπιτηδεία,
592 913 887 984 ἐκρεόντων
940 915 1311 984 ἁπανταχόθεν
1358 916 1468 969 τῶν
1519 921 1599 980 είς
1646 918 1813 988 αὐτὴν

228 1002 557 1072 φερομένων
589 1004 932 1076 δμϐρωνξώς
981 1004 1047 1061 αὖ
1075 1007 1235 1061 πάλιν
1264 1008 1329 1062 ὲκ
1352 1007 1445 1061 τοῦ
1469 1011 1731 1074 ἐναντίου,
1764 1011 1813 1063 εί

229 1092 377 1160 πλάξ
410 1090 485 1166 ἦν
518 1096 616 1165 μία
661 1097 955 1169 ὴπλωμένη
1002 1101 1092 1152 καὶ
1145 1101 1398 1172 ἀνειμένη
1436 1104 1515 1165 είς
1560 1102 1813 1167 πεδιάδας

227 1184 443 1258 χώρας,
480 1188 590 1240 οὐδ’
624 1187 796 1252 οὕτως
845 1190 1175 1261 συνέστησαν
1216 1193 1273 1247 ἐν
1308 1194 1443 1265 αὐτῇ
1476 1194 1727 1264 ποταμοίο
1762 1195 1816 1247 οἴ

226 1280 275 1332 τ’
305 1279 367 1346 ἐξ
395 1280 642 1334 ἀεννάων
672 1281 861 1352 πηγῶν
908 1284 1213 1355 φερόμενοι,
1244 1285 1297 1337 οἵ
1326 1303 1383 1339 τε
1406 1286 1469 1338 ἐκ
1498 1284 1603 1339 τῶν
1629 1302 1812 1355 χειμε-

235 1371 399 1444 ρινῶν
421 1374 645 1444 ὄμϐρων
698 1376 1090 1445 συνιστάμενοι·
1120 1377 1282 1431 πάλαι
1319 1377 1364 1430 δ’
1395 1376 1460 1430 ἂν
1488 1378 1812 1431 ἐπικλύσαν-

233 1485 325 1530 τες
351 1469 556 1533 πᾶσαν,
585 1466 708 1520 οὔτε
749 1470 1076 1541 σπέρμασιν,
1108 1470 1228 1525 οὔτε
1252 1475 1458 1541 φυτοῖς,
1489 1471 1612 1525 οὔτε
1638 1490 1811 1543 γεωρ-

231 1561 379 1627 γίαις
404 1561 721 1632 ἐπιτηδείαν
752 1563 918 1634 αὐτὴν
966 1566 1243 1635 παρεῖχον·
1302 1564 1416 1617 ἀλλ’
1463 1565 1583 1618 οὐδὲ
1630 1566 1810 1629 αὐτοῖς

230 1655 344 1715 τοῖς
381 1653 699 1724 οἰκήτορσιν
744 1656 953 1723 γεγόνει
1004 1656 1070 1709 ἂν
1102 1658 1387 1728 χρήσιμος,
1448 1659 1663 1715 πάντων
1693 1662 1810 1712 ἐπι-

231 1745 583 1816 κλυζομένων
628 1747 721 1799 καὶ
760 1749 1214 1820 κατασυρομένων
1271 1750 1376 1803 ὑπὸ
1418 1752 1517 1822 τῆς
1546 1751 1653 1805 τῶν
1682 1752 1808 1806 ὑδά-

225 1856 331 1891 των
361 1837 728 1913 πλημμύρας.
769 1839 949 1893 Ταῦτα
980 1841 1077 1911 μὲν
1105 1837 1198 1895 οὖν
1236 1838 1324 1913 ῆν,
1360 1845 1407 1896 εἰ
1435 1843 1508 1915 μὴ
1543 1844 1698 1913 λόγος
1728 1862 1809 1908 τις

224 1929 621 2000 δημιουργικὸς
657 1932 751 1984 καὶ
776 1930 909 1985 Θεοῦ
938 1933 1099 2001 σοφία
1134 1934 1392 2003 τεχνικῶς
1445 1935 1580 2005 αὐτῇ
1612 1935 1808 1987 τοιόνδε

230 2022 417 2092 σχῆμα
457 2021 869 2094 περιϐεϐλήκει·
914 2024 1031 2077 νυνὶ
1065 2024 1121 2077 δὲ
1173 2025 1345 2089 οὕτως
1377 2028 1807 2097 κατεσκευάσθη,

223 2114 292 2178 ὡς
323 2116 406 2177 είς
441 2114 547 2185 ὅρη
582 2114 672 2169 καὶ
727 2115 923 2181 νάπας,
981 2116 1200 2186 βουνούς
1263 2133 1322 2169 τε
1378 2119 1471 2170 καὶ
1521 2118 1809 2189 φάραγγας

224 2206 651 2278 ἐσχηματίσθαι·
672 2207 745 2271 ώς
772 2208 863 2259 καὶ
890 2210 1164 2280 ποταμοὺς
1192 2208 1290 2272 τὰς
1318 2210 1527 2266 ἑαυτῶν
1548 2212 1808 2278 διεξόδους

225 2298 524 2362 ἀκωλύτως
552 2298 841 2353 ποιεῖσθαι·
873 2299 973 2371 ὅρη
1000 2317 1058 2352 τε
1086 2301 1178 2353 καὶ
1209 2300 1345 2372 ἄλση
1366 2304 1458 2357 καὶ
1489 2303 1627 2373 φυτὰ
1651 2303 1809 2370 ζώοις

224 2391 619 2463 ἀπονέμεσθαν
660 2392 841 2464 χώρας
874 2410 934 2445 τε
964 2393 1058 2445 καὶ
1081 2394 1334 2458 πεδιάδας
1354 2398 1432 2460 εἰς
1450 2397 1692 2469 οἰκήσεις
1716 2400 1807 2455 καὶ

221 2487 499 2558 γεωργίας
525 2484 835 2556 ἀνθρώποις
882 2485 1207 2557 ἀφωρίσθαι.
1250 2485 1346 2551 Τίς
1389 2490 1567 2543 τοίνυν
1616 2493 1716 2545 οὑκ
1743 2492 1808 2546 ἂν

149 2584 162 2597 ’
222 2579 613 2649 ὁμολογήσειεν
635 2578 852 2648 ἀληθῶς
874 2578 1043 2648 σοφῆς
1062 2574 1199 2632 εἷναι
1226 2582 1567 2653 προμηθείας
1598 2584 1770 2638 ταῦτα
1790 2604 1804 2651 ;

222 2673 283 2742 ἢ,
324 2671 669 2743 προλαϐοῦσα
700 2673 760 2726 τὸ
809 2674 999 2744 μέλλον
1047 2677 1151 2748 πρὸ
1202 2675 1293 2729 τοῦ
1324 2674 1687 2747 πληρώματος
1712 2678 1809 2748 τῆς

221 2765 349 2835 γῆς,
387 2766 483 2819 καὶ
515 2766 622 2839 πρὸ
652 2766 746 2820 τοῦ
779 2768 1040 2838 συστῆναι
1073 2769 1140 2821 τὰ
1169 2771 1226 2821 ἐν
1273 2769 1435 2839 αὐτῇ,
1478 2768 1685 2823 τοιάνδε
1714 2770 1809 2823 αὑ-

222 2858 317 2929 τὴν
344 2860 705 2929 ἐσχημάτισε,
735 2861 1053 2932 καταλλήλῳ
1083 2861 1482 2914 διαπλάττουσα
1511 2861 1687 2931 τύπῳ,
1733 2861 1809 2925 ὡς

224 2952 289 3004 ἂν
314 2956 425 3016 τοῖς
452 2954 589 3006 πᾶσι
610 2954 818 3022 γένοιτο
845 2954 1141 3023 ἐπιτηδεία.
1168 2953 1585 3025 Μυστικώτερον
1610 2953 1666 3007 δὲ
1714 2952 1808 3007 τοῦ

224 3045 428 3115 Κυρίου
454 3045 681 3113 γέγονεν
704 3047 737 3115 ἡ
767 3044 860 3115 γῆ.

294 3140 391 3205 Τίς
421 3138 791 3207 ἀναϐήσεται
848 3142 936 3206 είς
973 3139 1040 3193 τὸ
1086 3139 1225 3208 ὅρος
1289 3139 1396 3193 τοῦ
1458 3140 1722 3209 Κυρίουε
1767 3140 1806 3209 ἢ
1835 3168 1877 3226 c

222 3232 310 3298 τίς
335 3232 634 3301 στήσεται
690 3234 760 3288 ἐν
807 3234 966 3300 τόπῳ
1023 3233 1169 3302 ἁγίῳ
1220 3232 1437 3296 αὑτοῦ;
1486 3233 1545 3286 τὸ
1592 3232 1803 3287 τελικὸν

223 3325 423 3394 ἀγαθὸν
465 3327 563 3379 καὶ
592 3325 681 3379 τὸν
713 3326 844 3379 Θεὸν
878 3325 1049 3394 Λόγον
1079 3324 1318 3389 λεκτέον,
1352 3324 1437 3393 ἐφ’
1468 3324 1496 3376 ὃ
1524 3324 1801 3379 ἀναϐαίνει

221 3418 359 3471 ὁδιὰ
391 3420 679 3488 προκοπῆς
728 3420 819 3472 ἐπὶ
870 3420 969 3490 τὴν
1021 3418 1329 3490 ἀκρώρειαν
1386 3417 1547 3472 αὑτοῦ
1599 3418 1801 3487 φθάσαι

223 3511 564 3583 γλιχόμενος.
602 3513 833 3576 Σπάνιος
861 3512 917 3566 δὲ
947 3513 977 3563 ό
1027 3509 1289 3574 τοιοῦτος’
1325 3508 1405 3561 διὸ
1427 3510 1659 3581 είρηται⁸
1707 3512 1802 3576 Τίς

222 3604 587 3671 ἀναϐήσεται
606 3605 692 3670 είς
718 3604 782 3657 τὸ
820 3603 957 3671 ὄρος
978 3601 1084 3655 τοῦ
1121 3600 1377 3668 Κυρίου;
1399 3599 1437 3668 ἢ
1464 3600 1555 3665 τίς
1577 3602 1799 3668 στήσε-

224 3716 312 3753 ται
345 3700 415 3753 ἐν
455 3701 618 3766 τόπῳ
635 3699 780 3769 ἁγίῳ
812 3696 1033 3763 αὑτοῦ;

301 3789 511 3857 Ἁθῶος
558 3792 730 3861 χερσὶ
774 3791 874 3844 καὶ
916 3792 1173 3861 καθαρὸς
1206 3793 1281 3863 τῇ
1329 3795 1563 3863 καρδίᾳ,
1599 3794 1667 3860 ὃς
1688 3795 1799 3849 οὐκ

219 3885 435 3938 ἔλαϐεν
462 3884 565 3937 ἐπὶ
610 3885 841 3953 ματαίῳ
871 3883 987 3953 τὴν
1046 3885 1259 3955 ψυχὴν
1285 3888 1491 3949 αὐτοῦ,
1543 3885 1642 3940 καί
1688 3888 1800 3940 οὐκ

220 3976 459 4045 ὤμοσεν
487 3976 586 4029 ἐπὶ
618 3975 777 4041 δόλῳ
811 3975 891 4041 τῷ
918 3978 1188 4043 πλησίον
1208 3978 1414 4034 αὐτοῦ.
1448 3975 1636 4046 Οὗτος
1686 3977 1797 4046 λή-

224 4070 395 4135 ψεται
440 4066 730 4136 εὐλογίαν
757 4066 915 4134 παρὰ
946 4068 1186 4136 Κυρίου,
1232 4069 1333 4121 καὶ
1383 4068 1799 4138 ἐλεημοσύνην

222 4160 378 4229 παρὰ
428 4160 582 4214 Θεοῦ
645 4158 915 4228 σωτῆρος
962 4158 1167 4213 αὑτοῦ.
1220 4161 1379 4229 Αὕτη
1417 4163 1456 4229 ἠ
1502 4159 1675 4230 γενεὰ
1702 4160 1797 4227 ζη-

220 4252 489 4305 τούντων
530 4249 715 4305 αὑτὸν
738 4290 753 4313 ,
815 4247 1143 4318 ζητούντων
1206 4251 1273 4305 τὸ
1318 4252 1638 4320 πρόσωπον
1693 4252 1796 4306 τοῦ

226 4342 366 4396 Θεοῦ
429 4339 658 4396 Ἰακώϐ.
729 4341 1061 4411 Διάψαλμα.
1114 4343 1317 4410 Ἄρατε
1356 4345 1574 4409 πύλας,
1623 4346 1676 4396 οἱ
1705 4342 1798 4411 ἅρ-

224 4450 457 4501 χοντες,
482 4433 672 4502 ὑμῶν,
709 4433 809 4485 καὶ
840 4431 1156 4501 ἐπάρθητε,
1191 4434 1378 4486 πύλαι
1423 4433 1670 4497 αὶώνιοι,
1698 4433 1798 4487 καὶ

1919 544 2065 613 lique
2098 544 2406 613 superﬁcie,
2438 542 2738 601 secundum
2770 544 2919 598 illam
2953 543 3267 599 Graecorum
3302 546 3482 615 sphae-

1916 651 2055 700 ram,
2093 635 2308 701 fuisset,
2350 652 2628 707 nunquam
2676 635 2959 691 ﬂuminum
2998 639 3479 711 congregationem

1915 728 2258 793 admisisset;
2289 745 2465 799 neque
2494 730 2843 799 agriculturae
2882 740 3007 800 apta
3037 730 3199 796 foret,
3234 732 3483 788 diﬂluen-

1915 821 2066 876 tibus
2107 822 2469 892 undequaque
2510 822 2742 891 pluviis:
2786 830 2843 875 ut
2889 838 2919 877 e
2952 838 3220 878 converso
3254 826 3480 890 iterum,

1915 913 1960 968 si
1984 913 2146 983 plana
2174 922 2341 979 esset,
2369 930 2587 985 unaque
2617 915 2957 985 superﬁcies,
3004 922 3231 971 extensa
3270 918 3326 971 in
3364 918 3481 985 pla-

1914 1006 2076 1061 nities
2137 1016 2191 1061 et
2226 1021 2427 1077 agros;
2469 1022 2813 1076 nequaquam
2867 1007 3090 1061 ﬁumina
3129 1022 3195 1062 ex
3229 1010 3482 1078 perenni-

1912 1096 2015 1153 bus
2071 1097 2314 1153 l‘ontibus
2378 1100 2651 1153 manantia
2714 1100 2826 1153 illic
2880 1100 3241 1165 exsisterent;
3302 1115 3483 1169 neque

1912 1188 2061 1245 ﬂuvii
2089 1192 2181 1261 qui
2200 1208 2266 1246 ex
2291 1192 2537 1247 hibernis
2568 1192 2833 1247 imbribus
2855 1193 3207 1258 coalescunt;
3237 1193 3483 1261 sedjam-

1912 1283 2003 1338 diu
2038 1292 2206 1338 totam
2229 1293 2432 1340 terram
2459 1287 2838 1350 inundassent,
2868 1286 2942 1340 ila
2974 1292 3030 1339 ut
3059 1300 3237 1355 neque
3259 1284 3479 1347 sationi,

1911 1389 2089 1445 neque
2120 1375 2323 1445 plantis
2356 1386 2409 1430 et
2436 1378 2748 1441 arboribus,
2783 1394 2959 1447 neque
2992 1376 3341 1447 agriculturae
3364 1376 3482 1431 ido~

1912 1478 2072 1517 ueam
2124 1465 2449 1533 praeberent.
2506 1466 2692 1537 Neque
2750 1467 2868 1537 ipsa
2934 1467 3129 1520 incolis
3181 1468 3296 1521 suis
3354 1473 3480 1537 apta

1913 1555 2172 1625 utilisque
2220 1556 2438 1621 fuisset,
2491 1574 2615 1613 cum
2681 1574 2945 1629 aquarum
3001 1558 3237 1613 colluvie
3297 1558 3483 1612 omnia

1911 1652 2311 1707 inundarentur
2338 1668 2402 1706 ac
2425 1652 2750 1708 dililucrent.
2810 1652 2937 1707 Ilaec
2966 1668 3099 1709 sane
3126 1652 3480 1717 accidissent,

1914 1744 2023 1798 nisi
2068 1745 2296 1799 verbum
2347 1745 2642 1814 quodpiam
2695 1745 2873 1815 cpifcx
2922 1761 3131 1811 rerum,
3164 1761 3228 1799 ac
3256 1743 3352 1799 Dei
3386 1760 3479 1800 sa-

1910 1835 2135 1907 pientia,
2166 1836 2398 1889 artiﬁcio
2425 1852 2621 1906 magno
2646 1836 2806 1890 talem
2839 1836 2943 1906 ipsi
2972 1837 3213 1906 undique
3246 1835 3479 1890 formam

1912 1925 2221 1981 indidisset.
2252 1924 2369 1979 Jam
2396 1940 2525 1980 vero
2550 1926 2630 1980 sic
2664 1928 2967 1997 composita
2996 1934 3101 1991 est,
3138 1934 3198 1980 ut
3230 1926 3286 1980 in
3321 1941 3482 1980 mon-

1913 2026 1993 2073 tes
2023 2025 2076 2073 et
2110 2018 2301 2083 clivos,
2352 2010 2521 2073 colles
2551 2027 2605 2072 et
2651 2020 2819 2074 valles
2868 2019 3259 2081 distribuatur,
3310 2027 3483 2088 utque

1911 2112 2158 2176 ﬂumina,
2186 2114 2340 2168 nullo
2374 2113 2548 2178 obice,
2578 2129 2709 2169 suos
2731 2114 2832 2169 sibi
2858 2114 3039 2168 exitus
3068 2120 3297 2182 parent;
3329 2128 3481 2167 mon-

1909 2214 2014 2267 tes,
2050 2206 2200 2260 silvze
2252 2210 2306 2259 et
2346 2204 2571 2260 arbores
2598 2205 2926 2260 animalibus
2960 2206 3325 2274 deputentur;
3362 2204 3479 2274 agri

1910 2304 1964 2352 et
1996 2297 2252 2366 planities
2280 2289 2599 2352 hominibus
2622 2296 2689 2350 ad
2720 2296 3058 2351 domicilium
3086 2305 3139 2351 et
3178 2297 3481 2366 agricultu-

1909 2404 2024 2443 ram
2061 2387 2336 2442 destinata
2367 2389 2498 2443 sint.
2536 2388 2672 2454 Quis
2704 2403 2836 2457 ergo
2872 2404 2980 2442 non
3008 2387 3337 2443 conﬁteatur
3364 2387 3482 2442 haec

1909 2494 1939 2533 a
1989 2481 2219 2549 sapienti
2279 2481 2515 2550 quadam
2557 2480 2902 2551 providentia
2975 2479 3301 2551 proﬁcisci?
3350 2477 3483 2545 Quae

1912 2571 2093 2627 futura
2154 2575 2499 2644 prospiciens
2546 2582 2839 2643 antequam
2898 2574 3180 2643 plenitudo
3225 2581 3382 2627 terra:
3427 2580 3483 2626 et

1908 2680 2029 2735 qua:
2074 2666 2127 2719 in
2159 2682 2224 2720 ea
2256 2672 2383 2720 sunt
2414 2666 2801 2727 consisterent,
2833 2664 2929 2719 tali
2962 2680 3082 2719 eam
3109 2664 3282 2719 forma
3313 2679 3480 2720 exor-

1908 2757 2078 2821 navit,
2111 2756 2542 2826 congruentibus
2564 2755 2881 2824 mutuisque
2920 2755 3067 2808 illam
3111 2754 3291 2809 modis
3323 2753 3483 2809 eﬂ’or-

1909 2861 2087 2911 mans,
2152 2854 2212 2900 ut
2272 2847 2528 2901 omnibus
2570 2845 2858 2901 commoda
2911 2845 3187 2899 evaderet.
3250 2844 3482 2915 Mystico

1910 2945 2090 2992 autem
2120 2952 2277 2992 more
2308 2937 2421 2993 [nec
2450 2944 2597 2991 terra
2628 2936 2843 2991 Domini
2882 2935 3047 2991 fuerit
3102 2936 3187 3008 [ea
3216 2937 3481 2991 nimirum

1910 3045 2031 3100 qua:
2060 3045 2182 3083 mox
2220 3027 2518 3101 indicatur]
2534 3069 2547 3083 .

1981 3120 2151 3177 Vsus.
2180 3122 2233 3176 5.
2278 3120 2410 3187 Quis
2440 3119 2683 3175 ascendet
2714 3122 2768 3173 in
2810 3128 3036 3174 montem
3078 3117 3340 3176 Domini?
3387 3128 3483 3174 aut

1909 3214 2025 3283 quis
2060 3212 2225 3267 stabit
2256 3213 2310 3264 in
2340 3210 2454 3265 loco
2482 3220 2667 3265 sancto
2691 3211 2843 3280 ejus?
2872 3208 2930 3264 Id
2974 3209 3041 3265 de
3072 3210 3314 3280 perfecto
3334 3210 3481 3265 bono

1911 3321 1974 3359 ac
2003 3304 2070 3359 de
2099 3302 2211 3358 Deo
2241 3301 2421 3357 Verbo
2476 3302 2881 3371 explicandum,
2936 3301 3005 3355 ad
3050 3301 3196 3372 quod
3236 3302 3483 3359 ascendit

1910 3382 2169 3465 quisquis
2197 3408 2526 3465 progressus
2569 3407 2835 3447 cacumen
2864 3392 2984 3462 ejus
3021 3394 3290 3463 attingere
3315 3408 3481 3463 expe-

1908 3489 1993 3542 tit.
2041 3485 2148 3541 Sed
2180 3487 2291 3541 rari
2333 3484 2646 3555 bujusmodi
2681 3493 2847 3551 sunt;
2884 3500 3057 3555 quare
3082 3485 3318 3539 dicitur:
3347 3484 3480 3551 Quis

1906 3580 2147 3635 ascendet
2178 3581 2234 3634 in
2264 3589 2489 3634 montem
2524 3578 2733 3632 Domini
2758 3582 2784 3634 ?
2821 3593 2912 3632 aut
2941 3579 3058 3648 quis
3088 3576 3249 3632 stabit
3288 3578 3340 3630 in
3364 3577 3480 3631 loco

1906 3682 2089 3729 sancto
2117 3673 2229 3742 ejus
2247 3675 2274 3729 ?

2002 3764 2171 3823 Vens.
2218 3764 2336 3819 4-8.
2388 3763 2648 3819 Innocens
2693 3762 2935 3817 manibus
3014 3769 3066 3815 et
3115 3759 3309 3814 mundo
3360 3775 3480 3813 cor-

1904 3859 1988 3922 de,
2019 3860 2107 3930 qui
2138 3875 2240 3912 non
2270 3860 2465 3926 accepit
2505 3858 2558 3910 in
2590 3856 2982 3910 uanoanimam
3013 3870 3186 3918 suam,
3212 3869 3304 3906 nec
3319 3852 3480 3922 jura-

1905 3952 1977 4003 vit
2016 3951 2071 4003 in
2115 3949 2236 4003 dolo
2289 3952 2530 4017 proximo
2569 3963 2686 4001 suo.
2733 3944 2835 3999 Hic
2890 3946 3108 4025 accipiet
3160 3943 3478 3997 benedictio-

1904 4060 2021 4097 nem
2063 4060 2097 4096 a
2146 4040 2395 4106 Domino,
2455 4049 2505 4094 et
2534 4038 2954 4094 misericordiam
3017 4055 3051 4092 a
3088 4037 3198 4091 Deo
3246 4036 3478 4093 salutari

1906 4150 2025 4188 suo.
2060 4132 2189 4187 Ha’c
2240 4142 2318 4186 est
2350 4132 2618 4202 generatio
2662 4132 3007 4202 quwrentium
3053 4147 3192 4191 eum,
3238 4145 3478 4200 quwren-

1906 4230 2037 4281 tium
2069 4228 2259 4298 facient
2290 4226 2390 4280 Dei
2438 4224 2627 4281 Iacob.
2686 4222 3022 4291 Diapsalma.
3072 4221 3313 4275 Atto‘llite
3351 4237 3475 4291 por-

1906 4332 2009 4384 tas,
2071 4320 2352 4391 principes,
2391 4328 2633 4383 vestras;
2666 4327 2715 4371 et
2762 4316 3058 4381 elevamini,
3085 4326 3253 4385 porta:
3320 4325 3477 4369 wter‘

1904 4415 2073 4478 nales,
2139 4423 2188 4468 et
2270 4412 2513 4466 introibit
2572 4411 2681 4465 Rea:
2743 4410 2949 4480 gloriw.
3046 4409 3178 4475 Quis
3242 4418 3323 4463 est
3379 4409 3474 4462 isle

220 4499 633 4582 είσελεύσεται
672 4529 704 4579 δ
749 4499 1190 4595 ,βασιλεὺς-τῆς
1227 4526 1430 4594 δόξης.
1488 4528 1581 4593 Τίς
1631 4528 1802 4583 ἐστιν

1910 4506 2014 4561 Rex
2064 4507 2296 4577 gloriw?
2371 4504 2629 4557 Dominus
2684 4503 2837 4570 [ortis
2905 4511 2954 4555 et
3023 4510 3225 4570 potens,
3288 4499 3474 4553 Domi-

223 4613 394 4684 οὗτος
424 4621 459 4671 ό
488 4617 790 4683 ,βασιλεὺς
835 4616 944 4685 τῆς
995 4617 1216 4685 δόξης;
1264 4619 1478 4685 Κύριος
1526 4618 1799 4686 κραταιὸς

222 4711 316 4764 καὶ
335 4710 625 4775 δυνατὸς,
656 4711 870 4777 Κύριος
910 4709 1168 4775 δυνατὸς
1220 4710 1289 4763 ἐν
1336 4710 1596 4779 πολέμῳ.
1641 4711 1800 4773 Ἴσως

219 4800 273 4853 δὲ
297 4802 387 4855 διὰ
414 4802 522 4871 τῆς
550 4799 796 4863 πεύσεως
824 4801 917 4853 καὶ
953 4801 1295 4871 ἀποκρίσεως
1322 4800 1627 4853 διδάσκουσι
1662 4800 1798 4858 πάν-

219 4910 316 4957 τας
373 4892 701 4966 ἀνθρώπους
738 4892 835 4964 τὴν
884 4892 1199 4946 δεσποτείαν
1250 4892 1344 4945 τοῦ
1406 4894 1611 4965 Κυρίου
1641 4892 1800 4964 ἡμῶν

233 4985 408 5056 Ἰησοῦ
440 4982 701 5056 Χριστοῦο
731 4984 785 5036 εἴ
813 5001 877 5052 γε
904 4984 988 5047 τίς
1019 4984 1063 5037 δ’
1092 4986 1176 5054 οἴῃ
1223 4983 1426 5046 ταύτας
1456 4985 1530 5053 μὴ
1566 4984 1796 5051 ἀγνοεῖν.

222 5078 373 5142 Τινὲς
398 5078 459 5130 δὲ
482 5078 580 5148 τὴν
600 5076 855 5148 δευτέραν
901 5076 1092 5129 πεῦσιν
1125 5078 1217 5129 κα¹ι¹
1248 5077 1555 5147 ἀπόκρισιν,
1591 5077 1650 5129 οὔ
1682 5079 1799 5140 ταῖς

224 5172 299 5223 ἐτι
336 5172 599 5242 ἀνωτέρω
646 5170 936 5239 δυνάμεσιν
969 5167 1218 5239 εἰρῆσθαι
1272 5169 1451 5235 φασὶν,
1495 5168 1630 5221 ἀλλά
1681 5170 1799 5231 ταῖς

226 5264 429 5325 αὑταῖς.
475 5263 549 5314 Τό
576 5278 637 5313 τε
669 5260 948 5330 διάψαλμα
970 5261 1075 5330 πρὸ
1093 5260 1208 5312 τοῦ”
1244 5262 1447 5327 Ἄρατε
1476 5261 1694 5324 πύλας,
1746 5263 1798 5312 οὶ

223 5354 533 5423 ἄρχοντες,
573 5351 760 5424 ὑμῶν,
787 5353 1057 5423 κείμενον,
1082 5351 1181 5421 τῆς
1216 5350 1478 5421 μελῳδίας
1530 5349 1671 5402 ἔοικε
1702 5367 1797 5420 με-

224 5446 452 5517 ταϐολὴν
476 5444 829 5514 πεποιῆσθαιο
860 5444 980 5496 ἐπεὶ
1034 5444 1128 5495 καὶ
1184 5442 1285 5511 τῆς
1341 5442 1579 5504 διανοίας
1607 5441 1795 5505 αὐτῆς.

239 5538 320 5590 Ἐν
344 5539 401 5591 δὲ
424 5536 506 5608 τῷ
530 5536 711 5605 λέγειν
738 5534 1134 5588 εἰσελεύσεσθαι
1154 5535 1335 5598 αὑτὸν,
1375 5533 1673 5605 λεληθότως
1707 5535 1798 5586 καὶ

231 5628 399 5693 ἔξοδον
432 5628 597 5682 αὑτοῦ
658 5626 893 5699 ᾐνίξατο.
919 5623 1030 5679 Εἶτ’
1077 5626 1200 5679 ἐπεὶ
1236 5625 1311 5697 μὴ
1368 5625 1525 5694 μόνος
1568 5623 1797 5695 ἤμελλεν

234 5722 445 5774 εἰσιέναι
473 5724 552 5785 είς
598 5720 699 5789 τὴν
726 5718 887 5772 αὐτοῦ
951 5720 1247 5790 βασιλείαν,
1303 5719 1479 5782 πάσας
1527 5719 1797 5771 ἀναπετα-

241 5813 417 5884 σθῆναι
447 5814 543 5878 τὰς
571 5813 800 5876 πύλαςό
849 5814 1000 5882 λόγος
1046 5813 1468 5886 παρακελεύεται
1528 5810 1615 5866 διὰ
1675 5811 1795 5877 τοὺς

1904 4616 2003 4654 nus
2047 4610 2228 4669 potens
2286 4600 2339 4651 in
2391 4598 2597 4667 prwlio.
2640 4596 2899 4650 Fortasse
2934 4595 2971 4647 ii
3022 4609 3117 4663 per
3166 4592 3473 4659 interroga-

1900 4692 2103 4745 tionem
2163 4696 2217 4745 et
2264 4688 2679 4758 responsionem
2731 4698 2923 4738 omnes
2965 4682 3213 4735 homines
3265 4678 3333 4732 de
3375 4678 3473 4732 do-

1901 4781 2113 4835 minatu
2168 4779 2383 4833 Domini
2442 4776 2619 4832 nostri
2694 4775 2822 4831 Jesu
2877 4773 3082 4828 Christi
3134 4771 3467 4827 instituunt:

1903 4873 1949 4928 si
1986 4882 2207 4942 putetur
2256 4881 2441 4925 tamen
2480 4885 2575 4924 eas
2616 4869 2765 4939 ipsas
2811 4866 3087 4938 [caelestes
3145 4860 3469 4932 potestates]

1902 4965 1957 5019 id
1986 4980 2097 5018 non
2144 4964 2421 5034 ignorare.
2486 4960 2625 5015 Sunt
2673 4960 2766 5029 qui
2803 4959 3141 5013 arbitrentur
3173 4953 3469 5008 secundam

1901 5056 2390 5127 interrogationem
2430 5062 2485 5109 et
2524 5052 2941 5123 responsionem
2986 5062 3097 5100 non
3130 5045 3469 5101 sublimiori-

1900 5160 2003 5215 bus
2032 5157 2395 5229 potestatibus
2428 5155 2648 5219 factam,
2681 5153 2775 5207 sed
2807 5148 3000 5203 iisdem
3024 5154 3186 5217 atque
3208 5145 3467 5215 priorem.

1902 5252 2211 5321 Diapsalma
2250 5265 2377 5305 vero
2408 5259 2533 5303 ante
2567 5246 2722 5307 illud,
2761 5242 3003 5298 Attollite
3027 5251 3232 5305 portas,
3273 5239 3466 5308 princi—

1900 5362 2009 5415 pes,
2046 5355 2268 5405 vestras,
2306 5342 2569 5413 positum,
2620 5338 2836 5393 videtur
2875 5336 3124 5390 melodize
3154 5334 3332 5389 solum
3367 5331 3471 5385 im-

1902 5438 2260 5492 mutationem
2289 5435 2568 5495 inducere,
2625 5430 2753 5500 quia
2784 5428 2974 5482 eadcm
3017 5429 3070 5482 in
3113 5426 3469 5498 sequentibus

1900 5531 2191 5587 sententia.
2238 5528 2375 5581 Cum
2410 5533 2590 5580 autem
2625 5525 2981 5577 introiturum
3003 5522 3191 5591 ipsum
3252 5519 3347 5585 ait,
3382 5534 3470 5572 ex-

1900 5625 2037 5678 itum
2072 5623 2236 5677 etiam
2272 5620 2390 5689 ejus
2418 5620 2651 5671 latenter
2685 5614 3049 5673 adumbravit.
3101 5612 3305 5667 Deinde
3338 5624 3468 5664 vero

1900 5716 2027 5785 quia
2062 5729 2170 5768 non
2204 5713 2322 5780 ipse
2369 5711 2521 5765 solus
2570 5710 2877 5762 intraturus
2931 5707 2986 5760 in
3034 5719 3261 5776 regnum
3307 5718 3467 5757 suum

1900 5816 2035 5874 erat,
2074 5815 2259 5879 portas
2293 5820 2481 5861 omnes
2510 5805 2675 5877 pandi
2703 5810 2754 5859 et
2781 5801 2979 5873 aperiri
3009 5800 3254 5872 iubetur,
3277 5808 3474 5853 eorum
