3940 6292
518 318 625 377 225

1135 322 1405 379 EUSEBII
1444 322 1926 381 CASSARIENSIS
1961 324 2109 382 OPP.
2154 324 2333 381 PARS
2370 323 2457 381 Ill.
2499 356 2569 368 --
2606 324 3017 383 EXEGETICA.
3638 342 3720 402 ρει

521 436 732 494 scilicet
759 450 927 492 causa
959 437 1054 509 qui
1091 452 1217 493 eum
1256 437 1352 494 Dei
1392 437 1533 496 Filio
1562 456 1791 513 regnum
1829 442 2089 497 cmlorum

2202 440 2495 513 μέλλοντας
2548 441 2901 515 κληρονομεῖν
2945 443 3043 514 τὴν
3073 441 3348 514 βασιλείαν
3387 446 3493 501 τῶν
3516 451 3722 524 οὐρανῶν

520 530 875 585 consecuturi
922 536 1100 585 erant.
1158 529 1359 586 Multas
1399 531 1602 603 quippe
1637 547 1702 587 ac
1730 531 1979 590 diversas
2026 533 2093 586 ad

518 623 672 694 regni
723 623 991 678 caelorum
1042 622 1250 678 aditum
1290 632 1480 694 portas
1508 627 1751 696 aperuit:
1788 641 1913 691 nam
1952 626 2094 696 apud

520 714 733 769 Patrem
792 714 1108 771 mansiones
1154 718 1341 773 multae
1392 721 1605 774 sunt".
1667 720 1747 775 Ac
1797 718 2092 791 perpende,

520 820 728 877 inlaeso,
788 823 919 861 num
979 807 1070 862 hic
1135 811 1383 865 solvatur
1439 813 1671 883 quaestio
1722 813 1943 885 psalmi,
1999 812 2093 882 qui

519 899 601 955 sic
660 899 857 955 habet:
913 900 1167 956 Ascendit
1220 903 1359 958 Deus
1415 905 1470 959 in
1512 904 1860 975 jubilatione,
1906 904 2096 958 Domi-

518 1009 615 1047 nus
640 993 695 1047 in
727 1010 848 1048 voce
876 994 1016 1049 tubae
1035 995 1103 1051 '°.
1174 993 1276 1050 Hic
1317 994 1557 1066 Spiritus
1621 1008 1845 1053 sanctus
1892 996 2094 1068 jubila-

516 1086 721 1141 tionem
784 1101 848 1142 ac
887 1101 1073 1142 vocem
1129 1089 1277 1146 tuba:
1334 1088 1505 1146 dedit.
1563 1089 1699 1144 Nam
1747 1090 1804 1145 in
1847 1104 2085 1145 ascensu

519 1176 641 1232 Filii
675 1177 769 1234 Dei
805 1179 859 1233 in
888 1180 1083 1244 caelos,
1130 1197 1227 1252 par
1256 1181 1359 1236 fuit
1398 1182 1503 1253 ipsi
1534 1183 1749 1238 obviam
1781 1182 1892 1238 isse
1927 1197 2093 1254 ange-

519 1270 626 1335 los,
683 1286 795 1325 suae
840 1285 939 1340 pro
990 1271 1309 1328 hominibus
1362 1274 1686 1329 (economiae
1713 1275 2090 1339 administros,

518 1373 684 1434 atque
732 1364 1040 1419 caelestium
1075 1377 1359 1436 portarum
1414 1366 1560 1422 fores
1615 1367 1720 1437 ipsi
1786 1368 2090 1437 aperuisse,

514 1473 680 1512 voces
709 1458 1097 1529 angelicosque
1127 1459 1418 1523 clamores,
1452 1461 1544 1531 qui
1576 1459 1631 1514 in
1651 1459 1863 1531 psalmo
1899 1458 2091 1515 ferun-

515 1559 625 1616 tur,
679 1552 967 1608 emisisse:
1001 1567 1141 1623 quos
1172 1552 1553 1623 jubilationem
1605 1560 1660 1609 et
1695 1567 1883 1607 vocem
1938 1552 2086 1608 tubae

514 1649 797 1711 nuncupat
832 1642 1022 1698 dicens
1052 1661 1065 1696 :
1096 1643 1342 1698 Ascendit
1366 1643 1507 1697 Deus
1538 1643 1595 1697 in
1612 1642 1957 1712 jubilatione,
1990 1644 2093 1700 Do-

517 1733 694 1788 minus
721 1734 775 1788 in
804 1750 922 1788 voce
950 1733 1109 1789 tubw.

1060 1929 1294 1986 DAVIDI
1334 1931 1526 1988 XXIV.

583 2024 718 2079 Cum
740 2040 917 2096 neque
946 2025 1211 2096 psalmus,
1236 2042 1413 2097 neque
1441 2027 1738 2095 canticum,
1764 2042 1939 2098 neque
1960 2026 2089 2098 quid

513 2116 693 2172 simile
729 2117 1084 2182 inscribatur,
1116 2132 1292 2187 neque
1324 2118 1379 2171 in
1418 2117 1578 2172 linem
1608 2117 1723 2172 haec
1752 2116 2087 2185 referantur;

512 2225 578 2265 ac
603 2210 822 2281 quidam
846 2225 1128 2266 sermones
1154 2210 1264 2266 sint
1292 2209 1345 2265 in
1370 2207 1577 2282 Spiritu
1604 2203 1796 2266 sancto
1826 2227 1856 2264 a
1890 2208 2091 2265 Davide

512 2302 839 2372 conscripti,
871 2302 994 2357 ideo
1022 2318 1053 2356 a
1085 2302 1310 2373 reliquis
1339 2303 1732 2375 interpretibus
1756 2303 1974 2358 Davidis
2006 2305 2093 2359 in-

512 2394 795 2452 scribitur.
817 2393 950 2449 Jure
979 2394 1230 2450 dicamus
1259 2395 1437 2466 ipsum
1464 2394 1770 2451 doctrinam
1804 2397 2089 2467 complecti

511 2486 880 2543 conﬁassionis
912 2486 1022 2542 Deo
1056 2486 1306 2555 emissae;
1339 2504 1446 2558 qua
1485 2487 1634 2562 prior
1665 2488 1881 2559 quidem
1922 2487 2091 2542 David

516 2594 651 2636 usus
687 2581 778 2645 sit,
812 2578 1009 2635 deinde
1038 2580 1198 2635 nobis
1225 2581 1469 2635 eamdem
1497 2580 1670 2651 ipsam
1693 2580 2004 2648 tradiderit,
2034 2589 2095 2635 ut

510 2672 735 2727 doceret
766 2687 877 2743 quo
905 2682 1064 2743 pacto
1108 2671 1383 2726 inﬁrmum
1416 2688 1689 2743 quemque
1721 2674 1959 2728 animam
1996 2690 2093 2729 cu-

511 2782 634 2821 rare
668 2782 823 2822 suam
855 2780 953 2837 per
982 2763 1388 2821 confessionem
1415 2773 1686 2837 Oporteat.

586 2943 749 3000 Vens.
780 2944 835 3011 2,
867 2946 920 3001 ’5.
958 2945 1041 2999 Ad
1064 2956 1131 3009 te,
1164 2946 1405 3011 Domine,
1436 2946 1602 3002 levavi
1641 2948 1875 3001 animum
1902 2964 2093 3013 meam;

510 3034 656 3090 Deus
687 3053 853 3101 meus,
882 3038 936 3091 in
966 3047 1012 3090 te
1034 3036 1265 3106 con/ida,
1295 3055 1396 3092 non
1420 3038 1719 3093 erubescam
1746 3056 1764 3092 :
1787 3056 1946 3110 neque
1969 3040 2095 3092 irri-

510 3125 666 3180 deant
694 3143 773 3181 me
800 3127 1002 3181 inimici
1028 3128 1150 3191 mei,
1174 3129 1363 3181 etenim
1393 3130 1623 3183 universi
1652 3131 1742 3201 qui
1764 3131 2022 3185 sustinent
2048 3139 2096 3185 te

511 3236 614 3272 non
651 3218 1059 3287 confundentur.
1094 3218 1218 3274 Haec
1250 3220 1347 3285 ait,
1381 3222 1539 3291 quasi
1583 3222 1637 3276 in
1665 3224 1834 3276 altum
1866 3232 2089 3279 evectus
2118 3206 2160 3262 (ἶ

510 3325 560 3367 ct
592 3312 930 3379 translatus;
976 3320 1037 3365 ut
1070 3314 1161 3383 qui
1202 3317 1439 3370 animam
1475 3330 1629 3371 suam
1672 3316 1738 3371 ab
1768 3315 1972 3373 inﬁmis
2001 3333 2088 3373 rc-

513 3405 617 3460 bus
645 3404 974 3460 abstractam
1007 3406 1294 3461 sublimem
1327 3406 1520 3478 egerit,
1553 3416 1714 3477 atque
1742 3408 1938 3463 all‘ectu
1967 3424 2086 3464 eam

509 3511 730 3553 sursum
771 3512 835 3551 ac
876 3496 988 3553 Deo
1020 3498 1259 3553 vicinam
1310 3500 1682 3567 constituerit,
1734 3506 1789 3555 et
1835 3500 2087 3555 mortalia

510 3590 860 3660 humanaque
891 3599 1200 3655 aversatus,
1252 3590 1320 3645 ad
1365 3590 1532 3647 Deum
1576 3607 1635 3647 se
1666 3591 1885 3648 sincero
1924 3593 2090 3648 corde

509 3686 861 3740 converterit.
893 3683 1208 3755 Deindeque
1242 3685 1317 3738 ait
1342 3704 1355 3739 :
1380 3682 1499 3740 Non
1532 3685 1687 3749 mihi,
1725 3685 1821 3742 sed
1853 3685 1953 3741 tibi
1977 3684 2090 3741 Deo

507 3792 629 3833 meo
649 3777 913 3843 conﬁsus,
942 3779 1221 3848 multaque
1243 3792 1376 3833 usus
1406 3777 1625 3841 ﬁducia,
1654 3777 1820 3833 talem
1854 3793 1968 3833 rem
2002 3793 2091 3850 ag-

508 3885 732 3939 gressus
770 3885 911 3925 sum.
946 3869 1048 3936 Qui
1080 3870 1264 3925 omnia
1300 3885 1420 3940 qua:
1448 3870 1550 3925 sub
1570 3879 1850 3940 aspectum
1880 3876 1933 3924 ct
1962 3885 2089 3925 sen-

512 3978 632 4016 sum
664 3962 869 4016 cadunt
901 3963 1252 4033 contempsit,
1283 3970 1337 4018 et
1363 3963 1427 4017 ad
1460 3963 1845 4032 incorporeum
1881 3962 2090 4017 invisi-

508 4055 782 4125 liilcmque
816 4054 986 4111 Deum
1022 4055 1259 4109 animam
1291 4055 1487 4119 erexit,
1533 4055 1724 4125 Deum,
1770 4065 1829 4111 ut
1866 4072 2087 4127 posses-

510 4163 631 4204 sum
668 4148 768 4203 abs
806 4163 866 4203 se
908 4148 1134 4213 bonum,
1178 4146 1407 4203 ﬁdenter
1447 4149 1705 4218 invocat;
1755 4159 2088 4222 quapropter

509 4241 644 4295 dicit
686 4263 699 4295 :
733 4241 874 4296 Deus
908 4258 1073 4304 meus,
1125 4242 1179 4295 in
1215 4250 1262 4295 te
1291 4241 1519 4310 conﬁdo.
1570 4241 1703 4309 Quae
1738 4243 1805 4296 ad
1842 4259 1928 4299 me
1955 4245 2086 4298 atti-

510 4337 661 4396 nent,
695 4331 893 4401 inquit,
930 4332 1003 4387 ita
1035 4348 1094 4386 se
1126 4333 1349 4387 habent.
1377 4334 1643 4388 Caeterum
1670 4334 1926 4405 precibus
1955 4336 2087 4389 mihi

508 4425 802 4495 divinoque
837 4432 933 4479 tuo
962 4425 1168 4479 auxilio
1199 4439 1338 4495 Opus
1360 4433 1466 4491 est,
1494 4435 1552 4479 ut
1574 4442 1642 4481 ne
1666 4441 1696 4480 a
1731 4441 1898 4498 scopo
1930 4428 2086 4482 aber—

508 4532 646 4581 rem,
690 4532 827 4572 neve
869 4532 968 4572 ceu
1002 4532 1032 4569 a
1060 4517 1286 4586 prtealto
1324 4518 1606 4572 cacumine
1638 4518 1824 4589 lapsus
1858 4526 2080 4574 atterar.

509 4609 690 4675 Quare
720 4608 952 4663 obsecro
981 4624 1242 4679 rogoque,
1274 4625 1341 4665 ne
1364 4610 1433 4665 ab
1455 4610 1693 4665 inimicis
1720 4612 1858 4668 meis
1880 4612 2086 4682 pudore

508 4702 796 4757 sulTundar
824 4709 878 4756 et
911 4700 1144 4755 irridear
1176 4720 1189 4756 :
1220 4702 1366 4771 quod
1397 4719 1528 4758 sane
1553 4712 1647 4759 tuo
1677 4703 1772 4759 Dei
1802 4706 1905 4760 mei
1930 4707 2087 4761 auxi-

508 4794 582 4849 lio
609 4794 890 4849 obtinebo.
928 4792 1063 4847 Nam
1090 4795 1323 4865 pristina
1353 4796 1572 4865 quidem
1614 4812 1681 4851 ex
1724 4798 1946 4868 proprio
1990 4814 2088 4869 vo-

509 4887 735 4941 luntatis
761 4885 974 4941 delectu
999 4886 1507 4957 proﬁciscebantur,
1533 4896 1594 4942 ut
1615 4888 1825 4945 scilicet
1847 4889 2084 4943 animam

506 4992 682 5032 meam
726 4977 995 5031 arbitratu
1046 4993 1169 5033 meo
1214 4994 1310 5034 sus
1354 4978 1529 5049 deque
1560 4994 1817 5051 agerem:
1850 4981 2090 5036 secunda

510 5066 817 5136 patrocinio
847 5074 902 5123 et
936 5068 1185 5123 subsidio
1218 5076 1382 5140 egent
1421 5075 1540 5125 tuo.

588 5329 749 5386 Vens.
783 5331 834 5387 4.
872 5331 1285 5404 Confundautur
1306 5336 1488 5407 iniqua
1513 5344 1721 5407 agentes
1749 5353 2082 5407 supervacue.

514 5422 801 5495 Pmposito
832 5425 1087 5484 insistere
1118 5429 1294 5485 solum
1338 5432 1617 5495 convenit,
1666 5447 1844 5502 neque
1874 5442 2087 5488 mutare

513 5516 862 5584 sententiam,
893 5520 978 5574 vel
1008 5536 1038 5575 a
1078 5521 1184 5577 ﬁde
1212 5521 1467 5580 deﬁc'ere.
1498 5522 1635 5578 Nam
1667 5527 1762 5596 qui
1799 5526 2087 5585 instabiles

492 5610 849 5682 mobilesque
880 5619 1030 5682 sunt,
1080 5628 1143 5669 ac
1170 5615 1319 5669 omni
1349 5624 1511 5671 vento
1536 5617 2020 5689 circumferuntur,
2051 5622 2085 5676 ii

583 5767 628 5801 ’⁷
666 5768 822 5827 Joan.
858 5771 1065 5843 IIVLZ.
1142 5772 1187 5806 “
1224 5769 1371 5827 Psal.
1411 5788 1535 5829 XLVI
1556 5814 1571 5843 ,
1608 5775 1662 5830 6.

2196 535 2293 588 σὺν
2321 532 2397 605 τῷ
2419 533 2533 606 Υἱῷ
2563 535 2656 589 τοῦ
2687 535 2843 589 Θεοῦ.
2878 534 3086 599 Πολλὰς
3112 535 3220 607 γὰρ
3241 536 3440 608 ἀνέῳξε
3465 542 3553 595 καὶ
3571 544 3721 617 διαφό.

2196 644 2325 700 ρους
2357 626 2530 692 πύλας
2550 627 2647 700 τῆς
2682 630 2763 693 είς
2794 630 2918 693 τοὺς
2938 630 3198 700 οὐρανοὺς
3223 629 3452 684 εἰσόδουο
3503 638 3614 691 ἐπεὶ
3651 644 3723 696 καὶ

2195 718 2383 773 πολλαὶ
2419 720 2579 792 μοναὶ
2611 721 2762 794 παρά
2785 721 2862 792 τῷ
2885 721 3081 794 Πατρί.
3111 723 3251 793 Ὅρα
3274 722 3331 775 δὲ
3362 724 3409 777 εί
3445 724 3516 798 μὴ
3545 730 3598 783 ὲν
3624 734 3723 787 τού-

2192 828 2305 876 τοις
2330 810 2513 884 λυθείη
2543 811 2609 866 ἂν
2635 811 2695 865 τὸ
2728 811 3057 884 ζητούμενον
3090 815 3148 867 ὲν
3168 812 3247 884 τῷ
3271 812 3719 895 φάσκοντιψαλμῴ·

2205 905 2401 974 Ἀνέϐη
2433 908 2466 961 ό
2492 904 2635 972 Θεὸς
2698 904 2769 959 ἐν
2816 904 3161 976 ἀλαλαγμῷ,
3213 906 3428 974 Κύριος
3481 909 3547 963 ἐν
3584 915 3723 984 φωνῇ

2191 994 2544 1066 σάλπιγγος.
2598 995 2861 1051 Ἐνταῦθα
2889 996 2998 1069 γὰρ
3045 995 3105 1051 τὸ
3130 996 3374 1070 ’Πνεῦμα
3403 1000 3462 1053 τδ
3486 1000 3625 1072 ἅγιον
3652 1009 3724 1060 καὶ

2191 1088 2281 1142 τὸν
2304 1087 2616 1161 ἀλαλαγμὸν
2641 1087 2736 1143 καὶ
2767 1087 2865 1161 τὴν
2894 1088 3077 1161 φωνὴν
3129 1089 3231 1160 τῆς
3260 1090 3550 1162 σάλπιγγος
3572 1094 3725 1151 ἀποδί.

2190 1179 2371 1235 δωσιν.
2419 1182 2506 1235 Ἐν
2526 1180 2634 1254 γὰρ
2658 1182 2723 1253 τῇ
2768 1181 2848 1244 είς
2867 1180 3130 1252 οὐρανοὺς
3173 1181 3439 1236 ἀναϐάσει
3482 1183 3570 1238 τοῦ
3618 1184 3724 1241 Υἱοῦ

2189 1267 2283 1322 τοῦ
2312 1267 2469 1334 Θεοῦ,
2499 1271 2625 1334 τοὺς
2652 1268 3147 1340 διακονησαμένους
3190 1270 3337 1342 αὐτῷ
3368 1272 3614 1341 ἀγγέλους
3646 1274 3724 1346 τὴν

2189 1360 2269 1422 είς
2298 1358 2618 1431 ἀνθρώπους
2672 1359 2983 1431 οἰκονομίαν
3033 1359 3359 1431 προτρέχειν
3407 1361 3547 1433 αὐτῷ
3588 1363 3722 1428 εἰκὸς,

2190 1448 2284 1503 καὶ
2311 1448 2410 1508 τὰς
2438 1448 2722 1522 οὐρανίους
2760 1448 2934 1514 πύλας
2967 1447 3117 1519 αὐτῷ
3163 1444 3610 1521 παρασκευάζειν,
3638 1469 3725 1521 φω-

2189 1541 2286 1605 νάς
2314 1558 2373 1594 τε
2400 1541 2618 1611 ἀφιέναι
2644 1543 2738 1596 καὶ
2770 1541 2897 1612 βοὰς
2922 1540 3238 1611 ἀηελικάς,
3260 1539 3361 1605 τὰς
3380 1542 3442 1596 ὲν
3462 1541 3537 1614 τῷ
3561 1542 3721 1614 ψαλμῷ

2190 1633 2513 1705 φερομένας·
2542 1632 2609 1697 ἀς
2625 1632 2690 1706 δὴ
2721 1633 3037 1706 ἀλαλαγμὸν
3091 1634 3185 1687 καὶ
3240 1634 3422 1707 φωνὴν
3471 1634 3725 1704 σάλπιγγος

2189 1724 2438 1797 ὠνόμασε
2461 1726 2660 1798 φήσαςο
2702 1726 2900 1795 Ἀνέϐη
2929 1728 2962 1781 ό
2995 1724 3140 1793 Θεὸς
3173 1725 3243 1780 ἐν
3268 1725 3602 1799 ἀλαλαγμῷ,
3636 1727 3726 1781 Κύ-

2123 1857 2165 1914 B
2185 1837 2316 1889 ριος
2346 1819 2415 1873 ἐν
2443 1816 2614 1889 φωνῇ
2638 1817 2989 1890 σάλπιγγος,

2735 1935 2823 1988 ΤΩ
2858 1935 3058 1988 ΔΑΥΙΔ
3095 1936 3195 1988 KA'
3216 1973 3230 1989 .

2272 2023 2427 2079 Ἐπεὶ
2456 2024 2597 2096 μήτε
2619 2022 2830 2095 ψαλμδς
2855 2024 3276 2096 ἐπιγέγραπται,
3304 2026 3437 2098 μήτε
3464 2023 3585 2096 ᾠδὴ,
3616 2024 3723 2095 μήτε

2189 2133 2243 2169 τι
2274 2114 2383 2169 τῶν
2428 2114 2846 2186 παραπλησίων,
2900 2113 3017 2167 ἀλλ’
3072 2114 3180 2168 οὐδ’
3229 2116 3312 2179 είς
3369 2115 3428 2169 τὸ
3459 2113 3599 2177 τέλος
3625 2114 3726 2167 ἀνα-

2192 2209 2467 2280 πέμπεται
2496 2207 2566 2260 τά
2584 2206 2937 2279 προκείμεναο
2965 2206 3112 2276 λόγοι
3130 2206 3185 2259 δέ
3203 2208 3340 2261 είσιν
3366 2206 3422 2261 ἐν
3442 2207 3570 2278 ἁγίῳ
3590 2204 3726 2258 Πνεύ-

2195 2319 2324 2374 ματι
2346 2300 2425 2373 τῷ
2449 2299 2611 2354 Δαυῖδ
2634 2299 3133 2371 συγγεγραμμένοι·
3152 2299 3232 2353 διὸ
3263 2298 3413 2371 παρά
3434 2300 3539 2361 τοῖς
3557 2297 3725 2358 λοιποῖς

2192 2396 2550 2467 έρμηνευταῖς
2584 2393 2689 2447 τοῦ
2714 2391 2894 2446 Δαυῖδ
2942 2393 3385 2465 προγέγραπταιο
3417 2390 3622 2453 εἰκότως
3648 2388 3726 2457 φή-

2194 2504 2358 2558 σομεν
2381 2484 2726 2540 διδασκαλίαν
2760 2485 3035 2557 περιέχειν
3059 2486 3160 2555 τῆς
3208 2485 3347 2557 πρὸς
3378 2483 3467 2537 τὸν
3490 2482 3610 2535 Θεὸν
3634 2480 3725 2544 €50-

2196 2571 2623 2652 μολογήσεως,ᾗ
2662 2577 2876 2647 πρῶτος
2913 2576 3010 2648 μὲν
3034 2576 3195 2641 αὐτὸς
3224 2579 3254 2630 ὁ
3282 2575 3442 2630 Δαυῖδ
3478 2575 3724 2646 ἐχρήσατο,

2194 2669 2384 2723 ἔπειτα
2439 2668 2497 2721 δὲ
2548 2668 2643 2721 καὶ
2703 2668 2835 2738 ἡμῖν
2895 2666 3270 2738 παραδέδωκε,
3333 2664 3587 2720 παιδεύων
3610 2661 3726 2724 ὅπως

2193 2761 2298 2834 χρὴ
2332 2761 2633 2833 νοσήσαντα
2661 2759 2759 2833 τὴν
2785 2760 2993 2814 ἑαυτῶν
3018 2760 3347 2828 θεραπεύειν
3368 2758 3538 2831 ψυχὴν
3555 2756 3614 2810 δι’
3637 2754 3727 2822 ὲξο-

2198 2854 2399 2926 μολογή
2407 2860 2561 2918 σεωςζ

2264 2945 2422 3015 Πρὸς
2450 2945 2544 3010 σὲ,
2575 2945 2771 3015 Κύριε,
2805 2940 2923 3017 ἦρα
2964 2943 3077 3014 τὴν
3118 2943 3335 3015 ψυχήν
3370 2961 3505 3013 μοιν
3546 2941 3577 2994 ὁ
3613 2935 3731 3000 Bede

2191 3055 2332 3108 μου,
2371 3036 2470 3091 ἐπὶ
2500 3036 2600 3091 σοὶ
2644 3036 3024 3108 πέποιθα,μὴ
3072 3035 3565 3108 κατασχυνθείην’
3604 3025 3730 3101 μηδὲ

2197 3128 2782 3197 καταγελασάτωσάν
2801 3148 2878 3200 με
2904 3133 2957 3184 οἱ
2990 3131 3190 3201 ἐχθροί
3207 3146 3350 3200 μου·
3373 3126 3471 3181 καὶ
3496 3125 3593 3197 γὰρ
3613 3118 3732 3175 πάν-

2193 3238 2293 3288 τες
2320 3225 2375 3276 οἱ
2422 3221 2831 3292 ὐπομένογτές
2875 3240 2951 3278 σε
2992 3225 3062 3277 οὺ
3109 3222 3194 3293 μὴ
3266 3213 3726 3288 καταισχυνθῶσι.

2195 3311 2382 3365 Ταῦτά
2408 3329 2593 3385 φησιν,
2651 3313 2850 3367 ὡσανεὶ
2900 3314 3109 3385 ἐπάρας
3147 3316 3225 3378 είς
3275 3313 3408 3383 ὕψος
3436 3306 3731 3384 μεταθεῖςτε

2194 3404 2287 3461 καὶ
2321 3403 2656 3478 μετεωρίσας
2682 3404 2792 3459 τῶν
2826 3406 2953 3477 τῇδε
2977 3406 3319 3478 πραγμάτων
3334 3406 3431 3479 τὴν
3460 3398 3635 3458 ἑαυτοῦ
3651 3396 3732 3467 ψυ-

2194 3498 2315 3568 Χήν·
2352 3496 2464 3551 ἀνω
2484 3515 2545 3550 τε
2576 3498 2803 3570 πλησίον
2826 3498 2996 3570 αὐτὴν
3026 3498 3118 3551 τοῦ
3148 3498 3286 3552 Θεοῦ
3318 3501 3383 3571 τῇ
3408 3494 3625 3551 διαθέσει
3652 3506 3731 3543 κα-

2195 3594 2469 3664 ταστήσας
2495 3592 2564 3646 δι’
2604 3593 2954 3664 ἀποστροφῆς
2995 3593 3093 3664 μὲν
3125 3592 3232 3646 τῶν
3286 3588 3492 3663 θνητῶν
3535 3583 3619 3639 καὶ
3659 3580 3732 3633 ἀν·

2196 3684 2502 3757 θρωπίνων,
2533 3687 2866 3759 ἐπιστροφῆς
2914 3687 2970 3740 δὲ
3001 3685 3228 3758 γνησίας
3259 3686 3358 3757 τῆς
3406 3680 3537 3754 πρὸς
3581 3671 3729 3730 αὐτόν.

2198 3780 2434 3834 Ἔπειτά
2460 3797 2613 3852 φησιθ
2633 3780 2803 3833 Τοῦτο
2832 3778 3128 3849 πεποίηκα,
3156 3777 3257 3830 οὐκ
3288 3770 3505 3848 ἐμαυτῷ
3532 3762 3729 3840 θαρῤὦνν

2195 3871 2308 3926 ἀλλ’
2336 3872 2428 3925 ἐπὶ
2464 3872 2547 3925 σο⁹ι
2574 3871 2652 3944 τῷ
2673 3870 2791 3942 Θεῷ
2817 3888 2917 3943 μου
2945 3868 3241 3932 πεποιθὼς,
3303 3867 3465 3937 πολλῇ
3495 3854 3733 3932 παρρησίᾳ

2194 3964 2493 4037 χρώμενος.
2543 3964 2602 4017 ’0
2626 3965 2840 4019 πάντων
2871 3963 2970 4034 μὲν
3021 3961 3130 4015 τῶν
3180 3959 3451 4033 αἰσθητῶν
3488 3956 3575 4011 καὶ
3623 3952 3733 4021 ὁρω.

2198 4054 2374 4124 μένων
2404 4055 2840 4126 καταφρονήσας,
2874 4054 2966 4107 ἐπὶ
2984 4053 3040 4106 δὲ
3065 4052 3157 4106 τὸν
3180 4052 3467 4123 ἀσώματον
3492 4045 3579 4102 καὶ
3602 4041 3736 4112 ἀόρα-

2192 4162 2283 4198 τον
2312 4144 2443 4198 Θεὸν
2480 4144 2575 4216 τὴν
2600 4145 2793 4199 ἑαυτοῦ
2813 4144 2990 4217 ψυχὴν
3016 4144 3246 4215 ἐπάρας,
3308 4143 3383 4206 ὡς
3410 4140 3475 4195 ἂν
3497 4138 3615 4193 ἴδιον
3635 4134 3737 4186 tau-

2193 4238 2286 4290 τοῦ
2324 4238 2511 4309 κτῆμα
2555 4238 2843 4309 γενόμενον
2883 4238 2974 4291 τὸν
3006 4238 3136 4291 Θεὸν
3168 4233 3537 4291 ἐπικαλεῖσθαι
3557 4222 3731 4298 θαρῤεΡ

2193 4329 2273 4383 διδ
2297 4329 2464 4399 λέγει·
2527 4330 2589 4384 '0
2642 4332 2785 4397 Θεός
2806 4349 2950 4401 μου,
2977 4330 3073 4383 ἐπὶ
3104 4329 3201 4382 σοὶ
3262 4328 3531 4382 πέποιθα.
3565 4317 3660 4374 Καὶ
3680 4312 3737 4365 τά

2195 4424 2323 4495 παρ’
2347 4422 2480 4495 ἐμοῦ
2516 4423 2634 4495 μὲν,
2658 4424 2812 4494 φησὶ,
2843 4423 3035 4479 ταῦτα.
3071 4422 3267 4476 Λοιπὸν
3298 4422 3353 4475 δὲ
3374 4420 3532 4490 εὐχῆς
3561 4407 3735 4486 μοιδεῖ,

2195 4513 2289 4568 καὶ
2320 4515 2418 4584 τῆς
2452 4516 2605 4586 παρά
2627 4514 2721 4568 σοῦ
2762 4514 2855 4568 τοῦ
2910 4514 3045 4568 Θεοῦ
3074 4513 3411 4584 συνεργείας,
3443 4507 3571 4580 πρὸς
3600 4502 3651 4556 τδ
3675 4496 3733 4568 μὴ

2192 4607 2452 4661 ἐκπεσεῖν
2504 4605 2598 4659 τοῦ
2626 4605 2852 4670 σκοποῦ,
2887 4605 3007 4677 μηδ’
3036 4604 3223 4677 ὥσπερ
3255 4604 3349 4674 ἀφ’
3369 4598 3569 4672 ὑψηλῆς
3591 4595 3736 4661 ἀκρω·

2196 4698 2348 4771 ρείας
2382 4697 2618 4751 πεσόντα
2648 4697 3051 4769 ἀπορραγῆναι.
3083 4697 3172 4749 Διὸ
3206 4696 3397 4766 δέομαι
3426 4692 3515 4746 καὶ
3545 4678 3735 4771 ἱκετεύω

2198 4769 2272 4864 μὴ
2303 4790 2785 4863 καταισχυνθῗψαι,
2831 4788 2965 4862 μηδὲ
3005 4787 3476 4859 καταγελασθῆναι
3523 4769 3735 4868 ὐπὸ-τῶν

2194 4886 2403 4959 ἐχθρῶν
2428 4901 2550 4957 μου·
2588 4884 2758 4940 ταῦτα
2778 4882 2834 4936 δέ
2867 4901 2957 4955 μοι
2989 4881 3139 4935 ἔσται
3184 4883 3248 4934 ὲκ
3273 4880 3372 4949 τῆς
3398 4875 3497 4946 σῆς
3514 4869 3601 4924 τοῦ
3625 4865 3741 4919 Θεοῦ

2198 4995 2298 5050 μου
2332 4976 2602 5050 βοηθείας.
2634 4975 2715 5030 Τὰ
2743 4976 2839 5047 μὲν
2869 4974 2978 5046 γὰρ
3006 4972 3198 5045 πρῶτα
3236 4972 3295 5038 ἒξ
3324 4969 3465 5042 ἐμῆς
3494 4961 3558 5036 ἦν
3577 4970 3738 5050 πΡῨωθ

2196 5048 2418 5145 ρέσεως,
2446 5071 2508 5125 τὸ
2544 5071 2698 5140 ἄγειν
2722 5069 2816 5123 καὶ
2858 5069 3043 5140 φέρειν
3067 5067 3164 5138 τὴν
3196 5059 3431 5136 ἐμαυτοῦ
3468 5053 3631 5128 ψυχὴν
3651 5048 3735 5145 ὅπη

2192 5136 2286 5219 καὶ
2312 5136 2603 5237 βούλομαι(
2621 5162 2691 5217 τὰ
2716 5163 2773 5216 δὲ
2798 5136 3025 5232 δεύτερα
3058 5136 3158 5232 τῆς
3190 5159 3288 5229 σῆς
3315 5149 3638 5223 ἀντιλήψεως
3662 5136 3738 5194 καὶ

2192 5256 2507 5331 συνεργείας
2530 5255 2720 5309 δεῖται.

2259 5322 2776 5417 Αίσχυνθήτωσαν
2804 5347 2857 5399 οἱ
2885 5343 3251 5414 ἁνομοῦντες
3277 5332 3567 5427 διακενῆς,
3590 5322 3738 5427 Μόνον

2193 5415 2480 5510 ὑπομένειν
2505 5441 2571 5512 τῇ
2607 5436 2885 5510 προθέσει,
2918 5436 3051 5507 μηδὲ
3083 5432 3456 5507 μεταϐάλλειν,
3483 5425 3572 5481 καὶ
3610 5415 3737 5512 Paeg:

2197 5502 2423 5587 στασθαι
2594 5502 2849 5595 πίστεως.
2877 5502 2941 5582 Oi
2981 5502 3096 5602 *γὰρ
3129 5527 3429 5601 εὑρίπιστοι
3462 5517 3552 5573 καὶ
3598 5502 3731 5607 παντὶ

2196 5623 2381 5696 ἀνέμῳ
2408 5624 2830 5697 περιφερόμενοι
2859 5620 3077 5678 πάθοιεν
3106 5620 3170 5677 ἄν
3201 5634 3328 5674 ποτε
3356 5614 3423 5670 τὰ
3444 5610 3538 5682 τῆς
3563 5604 3732 5673 αἱσχῡο
