3940 6292
228 338 334 393 225

1358 352 1858 409 COMMENTARIA
1898 354 1963 409 ΙΝ
2002 355 2339 413 PSALMOS.

3365 374 3471 426 826

364 454 425 506 οὐ
456 454 564 526 μὴν
591 459 687 554 καὶ
714 462 763 513 oi
804 463 979 531 λέγειν
1025 468 1418 539 μεμαθηκότες·
1464 473 1759 543 ’Υπομένω

1869 484 2050 532 .certe
2099 476 2155 532 in
2206 480 2585 535 confusionem
2635 490 2690 536 et
2723 484 3075 554 opprobrium
3112 487 3468 547 delabentur:

224 543 511 614 ὑπέμεινα
542 548 653 602 τὸν
701 553 933 621 Κύριον.
972 557 1119 611 Ἀντὶ
1150 560 1207 612 δὲ
1259 561 1375 626 τοῦ,
1418 564 1802 634 ἀνομοῦντες,

217 639 267 688 οξ
297 636 474 691 λοιποὶ
501 641 595 695 καὶ
627 645 661 714 ἠ
690 645 908 719 πέμπτη
942 648 1170 715 ἑκδοσις,
1214 656 1268 707 οἱ
1323 655 1805 724 ἁποστατοῦντες

216 731 654 801 ἡρμηνεύκασιν·
695 739 879 807 σαφῶς
928 743 1054 805 τοὺς
1102 745 1439 814 παραϐάτας,
1471 747 1564 801 καὶ
1597 749 1671 820 μὴ
1722 750 1802 820 τῷ

216 822 473 893 προτέρῳ
504 826 712 881 ἑαυτῶν
745 832 929 902 σκοπῷ
974 836 1306 906 ἐμμένοντας
1344 839 1803 910 καταισχυνθήσε-

218 911 343 965 σθαι
390 917 823 992 ἀποφηνάμενοι.
889 926 999 996 Τῆς
1044 928 1152 999 γὰρ
1203 932 1536 995 ἁποστασίας
1594 932 1799 987 ἑαυτῶν

219 1005 431 1074 καρπὸν
465 1008 725 1065 ὑπόκενον
754 1014 1021 1084 εὑρόντες,
1050 1018 1123 1081 ὡς
1155 1018 1219 1071 ἂν
1262 1020 1512 1092 διακενῆς
1560 1022 1792 1075 ἀποστα-

220 1098 482 1166 τήσαντες
507 1102 601 1154 τοῦ
634 1103 789 1169 Θεοῦ,
823 1109 1391 1182 καταισχυνθήσονται.

1903 568 1996 621 sed
2024 584 2134 623 non
2165 572 2387 639 perinde
2417 572 2451 626 ii
2474 574 2567 643 qui
2598 573 2712 629 haec
2737 576 2890 630 effari
2915 578 3242 649 didicerunt,
3277 581 3473 653 Exspe-

1903 669 2054 713 ctans
2109 665 2405 731 exspectavi
2459 664 2741 720 Dominum
2764 669 2827 722 ⁸⁸.
2875 667 3049 739 Hujus
3097 680 3275 725 autem
3323 674 3464 745 loco,

1902 751 2083 819 iniqua
2123 765 2351 823 agentes,
2391 756 2581 826 reliqui
2625 760 2945 829 interpretes
2978 776 3040 815 ac
3070 760 3265 827 Quinta
3299 764 3466 820 editio

1900 842 2196 912 deﬁcientes
2246 847 2586 918 interpretati
2626 860 2755 906 sunt
2799 867 2954 922 :quo
2997 856 3461 923 praevaricatores,

1902 952 2113 992 necnon
2160 954 2255 995 eos
2292 943 2385 1011 qui
2419 942 2472 995 in
2506 943 2739 1013 pristino
2787 961 2952 1016 scopo
3000 962 3063 1000 ac
3097 949 3327 1001 consilio
3354 964 3463 1002 non

1900 1040 2340 1095 perseverarunt,
2369 1032 2574 1101 pudore
2602 1034 2909 1091 alliciendos
2930 1052 3050 1092 esse
3074 1046 3257 1107 aperte
3281 1037 3462 1094 decla—

1901 1128 2043 1173 rant.
2069 1119 2362 1192 Postquam
2391 1124 2537 1178 enim
2562 1142 2761 1181 vanum
2790 1127 3113 1199 irritumque
3139 1130 3461 1185 defectionis

216 1206 329 1292 suae
365 1193 607 1251 fructum
651 1198 1126 1270 deprehenderint,
1168 1213 1351 1276 utpote
1381 1207 1474 1277 qui
1506 1206 1709 1264 frustra
1743 1224 1771 1261 a
1812 1206 1922 1265 Deo
1960 1214 2308 1283 desciverint,
2342 1218 2398 1273 in
2431 1220 2689 1289 pudorem
2725 1236 2789 1274 ac
2856 1193 3246 1292 turpitudinem
3306 1223 3457 1278 dela-

215 1283 438 1340 bentur.

290 1398 404 1463 Τὰς
434 1397 612 1467 ὁδούς
640 1418 776 1469 σου,
800 1408 997 1476 Κύριε,
1034 1411 1330 1479 ’γνώρισον
1357 1431 1478 1481 μοι,
1533 1414 1628 1467 καί
1681 1413 1788 1480 τὰς

1960 1390 2124 1449 VERS.
2161 1395 2211 1448 ὅ.
2256 1396 2380 1451 Vias
2414 1407 2552 1465 luas,
2595 1400 2837 1467 Domine,
2883 1404 3187 1463 demonstra
3222 1412 3367 1476 milii,
3402 1422 3453 1468 et

212 1488 449 1555 τρίϐους
485 1508 600 1546 σου
629 1495 876 1563 δίδαξον
894 1518 989 1569 με.
1051 1502 1375 1572 Ὀδήγησόν
1413 1521 1489 1573 με
1536 1505 1634 1557 ἐπὶ
1673 1507 1759 1573 rip

1887 1486 2098 1539 semitas
2140 1497 2261 1541 tuas
2291 1490 2447 1544 edoce
2481 1508 2576 1545 me.
2608 1492 2787 1563 Dirige
2823 1512 2903 1549 me
2944 1497 2997 1550 in
3035 1500 3249 1555 veritate
3282 1510 3372 1557 tua
3403 1514 3452 1559 et

207 1578 504 1645 ἀλήθειάν
524 1601 639 1639 σου
668 1589 766 1642 καὶ
794 1590 1040 1656 δίὸαξόν
1080 1612 1175 1662 με,
1219 1595 1307 1649 ὅτι
1366 1596 1448 1650 σὺ
1477 1593 1538 1651 εἴ
1568 1600 1601 1651 ό
1643 1598 1785 1663 Θεὸς

206 1676 235 1722 ο
268 1673 473 1742 Σωτήρ
506 1694 645 1745 μου,
678 1683 775 1735 καὶ
830 1683 904 1737 σὲ
954 1684 1239 1755 ὑπέμεινα
1277 1686 1430 1755 ὅλην
1482 1687 1596 1757 τὴν
1643 1690 1786 1758 ἠμέ-

204 1778 334 1823 ραν.
369 1766 491 1817 Εἰσὶ
520 1767 575 1821 δὲ
607 1770 715 1823 ὁδοὶ
751 1772 843 1825 τοῦ
872 1775 1075 1845 Κυρίου
1107 1779 1161 1829 αί
1197 1778 1294 1848 τῆς
1332 1777 1585 1850 προνοίας
1616 1781 1778 1834 αὐτοῦ

204 1852 514 1945 διοικήσεις,
544 1859 664 1912 καθ’
692 1861 758 1925 ἃς
820 1863 885 1917 τὰ
940 1866 1228 1936 σύμπαντα
1274 1869 1615 1943 διακυϐερνᾷ·
1650 1874 1776 1945 περὶ

203 1936 271 1997 ὧν
307 1948 335 1998 ὁ
372 1946 519 2011 θεῖος
574 1953 887 2019 Ἀπόστολος
932 1956 1195 2013 διδάσκων
1244 1959 1445 2029 ἔλεγεν·
1484 1936 1775 2030 ’ἔα-βάθος

204 2038 467 2093 πλούτου
496 2043 593 2094 καί
615 2048 833 2113 σοφίας
868 2048 964 2101 καί
998 2050 1269 2117 γνώσεως
1290 2052 1455 2106 Θεοῦ’
1487 2055 1565 2120 ὠς
1596 2056 1771 2120 ἀνεξ-

203 2132 487 2199 ερεύνητα
536 2135 609 2188 τὰ
666 2140 921 2209 κρίματα
964 2143 1148 2197 αὐτοῦ
1189 2144 1288 2197 καὶ
1330 2146 1772 2217 ἀνεξιχνίαστοι

200 2223 254 2271 al
284 2221 411 2275 ὁδοὶ
440 2226 649 2280 αὑτοῦ.
684 2228 839 2282 Οὕτω
882 2232 938 2283 δὲ
992 2233 1082 2285 καὶ
1118 2234 1289 2304 τρίϐοι
1342 2236 1506 2289 αὐτοῦ
1563 2233 1670 2290 εἷεν
1713 2240 1769 2292 αἱ

200 2311 334 2365 κατὰ
374 2315 541 2386 μέρος
578 2318 870 2390 διοικήσεις
934 2324 1043 2376 τῶν
1092 2325 1248 2389 ὅλων,
1309 2327 1429 2380 καθ’
1467 2328 1534 2391 ἂς
1582 2329 1768 2402 ὥσπερ

196 2405 654 2477 ἐπιπορευόμενος
684 2411 752 2465 τά
778 2430 837 2465 τε
880 2417 1000 2468 κατ’
1035 2416 1259 2486 οὐρανὸν
1302 2418 1395 2471 καὶ
1432 2418 1499 2472 τὰ
1528 2420 1618 2473 ἐπὶ
1665 2422 1768 2493 γῆς

195 2496 257 2563 τῇ
288 2504 619 2571 προνοητικῇ
652 2502 894 2574 δυνάμει,
919 2506 1136 2575 τρίϐους
1184 2509 1372 2562 ἑαυτοῦ
1415 2512 1508 2564 καὶ
1543 2515 1766 2583 πορείας

192 2588 306 2649 τοίς
339 2591 477 2642 νοεῖν
498 2590 808 2662 δυναμένοις
863 2595 1119 2649 δείκνυσι’
1176 2598 1254 2652 διὸ
1296 2600 1432 2653 κατὰ
1472 2602 1565 2654 τὸν
1617 2603 1764 2674 Σύμ-

191 2690 390 2744 μαχον,
421 2678 650 2750 εἴρηται,
704 2682 803 2735 καί
836 2684 942 2751 τὰς
983 2688 1221 2755 πορείας
1242 2704 1358 2744 σου
1396 2690 1645 2755 δίδαξον
1664 2710 1759 2761 με.

190 2764 378 2821 Ταῦτα
404 2769 459 2821 δέ.
492 2789 557 2841 με
583 2773 864 2838 διδάσκων,
899 2779 1187 2851 ἑπίστησὸν
1210 2800 1275 2851 με
1299 2785 1363 2853 τῇ
1396 2781 1619 2857 ἀληθείᾳ
1645 2804 1759 2851 σου,

368 2861 429 2913 τὸ
457 2863 531 2934 μὴ
596 2867 919 2935 σφάλλεσθαι
964 2872 1396 2942 ψευδοδοξοῦντα,
1453 2878 1547 2930 καὶ
1600 2879 1762 2950 ἕτερα

186 2949 301 3001 ἀνθ’
339 2953 539 3025 ἑτέρων
581 2960 637 3011 ὲν
688 2964 752 3031 τῇ
808 2962 914 3015 τῶν
968 2964 1209 3032 φυσικῶν
1244 2966 1446 3039 θεωρίᾳ
1494 2949 1759 3035 δοξάζειν,

187 3040 343 3095 ὁποῖα
374 3047 706 3104 πεπόνθασιν
734 3055 780 3104 οἱ
807 3054 899 3106 σοῦ
923 3056 1016 3108 τοῦ
1060 3057 1193 3109 Θεοῦ
1245 3058 1318 3129 μὴ
1346 3060 1596 3129 τυχόντες
1618 3061 1760 3114 διδα-

186 3134 407 3199 σκάλου,
452 3138 733 3212 λογισμοῖς
756 3146 811 3198 δὲ
847 3147 1057 3217 θνητοῖς
1086 3150 1179 3203 καὶ
1211 3151 1571 3219 ἀνθρωπίνοις
1598 3172 1759 3209 κατα-

185 3227 577 3299 στοχασάμενοι
627 3233 733 3289 τῶν
798 3239 1170 3308 πραγμάτιον,
1223 3242 1317 3294 καὶ
1390 3244 1606 3316 μακρὰν
1659 3248 1757 3317 τῆς

183 3311 441 3382 ἀληθείας
481 3318 971 3387 ἑξακοντισθέντες.
1032 3326 1306 3397 Διδαχθεὶς
1334 3311 1401 3380 δὲί
1439 3311 1591 3399 παρὰ
1639 3311 1752 3397 σοῦ,

180 3404 261 3455 ὅτι
292 3408 368 3477 μὴ
402 3409 566 3477 μόνον
601 3412 819 3484 κτίστης
860 3417 954 3469 καὶ
1004 3417 1329 3488 δημιουργὸς
1358 3420 1452 3473 καὶ
1495 3422 1628 3487 Θεός
1655 3441 1754 3494 μου

180 3500 491 3567 τυγχάνεις,
522 3501 775 3557 ἀλλὰκαὶ
828 3507 1016 3578 Σωτήρ
1064 3526 1187 3579 μου,
1244 3512 1468 3575 εἰκότως
1520 3514 1595 3567 σὲ
1639 3517 1753 3567 ὺπ-

178 3592 379 3659 ἐμειιη
399 3593 554 3661 ὅλην
582 3595 696 3663 τὴν
732 3596 976 3666 ἡμέραν,
1004 3601 1245 3655 τουτέστι
1276 3606 1453 3658 πᾶσαν
1482 3606 1579 3678 τὴν
1610 3607 1753 3678 ζωήν

178 3700 300 3751 μου,
334 3686 694 3757 μεμαθηκὼς,
738 3689 818 3741 ὅτι
868 3689 1089 3758 πάντες
1133 3697 1185 3748 οί
1240 3697 1645 3766 ὐπομένοντές
1680 3714 1754 3753 σε

173 3776 245 3827 οὐ
267 3775 355 3843 μὴ
391 3779 932 3846 καταισχυνθῶσιν.

242 3869 559 3938 Μνήσθητι
588 3872 704 3925 τῶν
751 3875 1062 3944 οἰκτιρμῶν
1114 3893 1251 3941 σου,
1282 3878 1481 3947 Κύριε,
1528 3882 1627 3935 καὶ
1679 3887 1751 3938 τὰ

172 3960 309 4028 ἐλέη
346 3975 485 4025 σου,
513 3962 604 4015 ὅτι
658 3964 773 4018 ἀπὸ
824 3967 930 4020 τοῦ
972 3967 1177 4034 αἰῶνός
1218 3972 1393 4024 εἰσιν.
1440 3971 1750 4041 Ἀμαρτίας

172 4054 453 4120 νεότητός
482 4073 622 4123 μου,
653 4056 750 4109 καὶ
795 4058 1040 4126 ἀγνοίας
1058 4077 1177 4127 μου
1205 4060 1289 4129 μὴ
1312 4061 1611 4130 μνησθῇς.
1636 4065 1747 4133 Οὐχ

176 4145 410 4216 ἠγοῦμαι
447 4146 621 4200 ταῦτα
674 4148 752 4218 τῷ
803 4149 963 4202 Δαυῒδ
1016 4152 1264 4206 τοσοῦτον
1312 4153 1589 4223 ἁρμόζειν,
1624 4155 1744 4208 ὅσον

172 4238 276 4297 τοῖς
302 4235 743 4304 ἐξομολογεῖσθαι
793 4241 884 4291 ἐπὶ
930 4241 1043 4303 τοῖς
1072 4240 1335 4311 πρότερον
1359 4243 1744 4313 ἁμαρτήμασιν

170 4328 376 4381 ἑαυτῶν
408 4329 833 4400 διδασκομένοις.
860 4332 933 4383 Οὐ
966 4331 1071 4403 γὰρ
1106 4333 1427 4404 εὑρίσκομεν
1469 4334 1561 4386 τὸν
1584 4334 1744 4387 Δαυῒδ

168 4420 225 4470 ἑν
250 4422 315 4490 τῇ
350 4420 567 4489 νεότητι
595 4419 759 4473 αὐτοῦ
792 4423 1167 4493 ἡμαρτηκότα,
1201 4421 1306 4474 οὐδ’
1334 4424 1390 4474 ἑν
1415 4426 1480 4493 τῇ
1519 4424 1738 4497 παιδικῇ

1786 3196 1826 3249 C

168 4510 373 4580 ἡλικία·
412 4511 527 4563 ἀλλ’
552 4513 661 4564 οὐδ’
684 4515 741 4565 ἐν
771 4514 959 4585 ἀγνοίᾳ
996 4514 1379 4585 γεγενημένον.
1410 4516 1621 4585 Μήποτ’
1645 4513 1737 4570 οῦν
1772 4541 1813 4594 D

167 4602 201 4669 ἡ
233 4601 553 4655 διδασκαλία
577 4602 652 4665 ὡς
684 4604 827 4674 παρὰ
885 4604 1066 4675 ἰατροῦ
1101 4608 1213 4667 τοῖς
1265 4605 1597 4673 νενοσηκόσι,
1641 4608 1735 4660 καὶ

166 4692 227 4743 ἐν
247 4695 312 4762 τῇ
336 4692 437 4761 τῆς
466 4692 678 4762 ἡλικίας
719 4695 869 4766 ἀκμῇ
923 4696 1069 4757 ἐντὸς
1091 4696 1400 4765 γενομένοις
1438 4695 1570 4747 Θεοῦ
1597 4696 1736 4764 γνώ-

166 4801 325 4847 σεως,
351 4789 693 4855 νεωτερικοῖς
727 4788 1114 4858 ἁμαρτήμασιν
1147 4786 1624 4858 ἐγκαλινδηθεῖσιν,
1654 4788 1733 4841 δί-

166 4892 269 4943 κην
305 4878 600 4947 φαρμάκου
632 4879 1013 4950 παραδέδοται;
1040 4880 1113 4943 ὡς
1156 4879 1220 4933 ἂν
1254 4879 1511 4951 μαθόντες
1544 4880 1733 4952 ἐξομο-

167 4971 407 5033 ιογοίντο
429 4967 497 5021 τὰ
527 4970 584 5024 ἐν
614 4970 803 5041 ἀγνοίᾳ
842 4973 1022 5034 αὐτοῖς
1064 4970 1422 5041 πεπλημμελη
1433 4971 1585 5040 μένα,
1611 4973 1736 5025 ἁνα-

166 5056 537 5123 ιαλύπτοντες
564 5060 641 5131 τῷ
664 5061 801 5131 Θεῷ,
833 5062 927 5114 καὶ
970 5062 1157 5131 ὥσπερ
1204 5062 1404 5115 παλαιὰ
1444 5062 1731 5133 τραύματα

162 5146 264 5215 τῆς
294 5148 502 5201 ἑαυτῶν
534 5149 707 5220 ψυχῆς
728 5151 1164 5221 ἁπογυμνοῦντες
1204 5150 1368 5220 αὐτῷ,
1405 5150 1646 5220 δεόμενοί
1671 5168 1730 5203 τε

167 5237 365 5303 ἰάσεως
394 5244 488 5294 καὶ
518 5241 809 5313 θεραπείας
863 5245 1043 5313 τυχεῖν
1085 5242 1171 5295 διὰ
1193 5243 1284 5295 τοῦ
1313 5243 1494 5307 ἐλέους
1545 5243 1727 5307 αὑτοῦ,

164 5329 375 5384 ἔτεκεν
398 5337 513 5399 τῆς
548 5336 953 5403 χρηστότητός
978 5352 1114 5395 σου,
1150 5336 1343 5403 Κύριε.

242 5423 511 5490 Χρηστὸς
553 5424 654 5477 καὶ
704 5424 881 5489 εὐθὺς
907 5428 938 5478 ό
962 5427 1193 5491 Κύριος,
1226 5425 1320 5478 διὰ
1349 5423 1522 5478 τοῦτο
1552 5443 1727 5493 νομο-

168 5514 406 5581 θετήσει
433 5514 877 5585 ἁμαρτάνοντας
903 5516 971 5569 ἐν
1000 5516 1131 5580 ὀδῷ.
1176 5516 1478 5586 Ὀδηγήσει
1524 5517 1730 5584 πραεῖς

166 5605 239 5657 ἐν
260 5606 473 5674 κρίσει,
510 5606 736 5671 διδάξει
774 5606 977 5675 πραεῖς
1003 5607 1107 5673 τὰς
1128 5606 1304 5673 ὀδοὺς
1336 5607 1539 5662 αὑτοῦ.
1574 5609 1728 5681 Χρη-

242 5767 284 5797 ²⁹
328 5763 467 5821 Psal.
507 5781 711 5824 xxxix,
744 5765 797 5818 2.
874 5766 916 5797 ³⁸
957 5765 1114 5820 Rom.
1152 5782 1240 5829 ιι,
1278 5768 1363 5822 55.

1886 1576 2010 1630 doce
2034 1595 2131 1641 me.
2162 1582 2286 1648 quia
2317 1591 2372 1634 tu
2408 1600 2460 1637 es
2497 1583 2634 1638 Deus
2660 1584 2907 1641 Salvator
2934 1606 3100 1656 meus,
3136 1603 3186 1646 et
3217 1603 3266 1648 te
3286 1600 3450 1651 susti-

1887 1670 1978 1721 nui
2009 1680 2119 1724 tota
2155 1671 2257 1727 die.
2309 1672 2449 1728 Sunt
2494 1690 2657 1745 porro
2700 1677 2799 1732 via:
2828 1677 3062 1744 Domini,
3100 1685 3449 1753 providentia:

1884 1761 2057 1831 ipsius
2107 1764 2630 1834 administrationes,
2688 1772 2843 1839 queis
2893 1775 3073 1829 omnia
3130 1778 3444 1847 gubernat:

1882 1869 2017 1923 quas
2050 1872 2150 1911 nos
2196 1858 2413 1915 divinus
2461 1860 2651 1916 edocet
2685 1862 2978 1931 Apostolus
3014 1866 3096 1923 his
3137 1871 3317 1927 verbis
3349 1893 3361 1927 :
3402 1873 3445 1929 0

1881 1948 2108 2002 altitudo
2138 1950 2444 2005 divitiarum
2472 1954 2745 2022 sapientia:
2776 1965 2825 2009 et
2863 1959 3095 2013 scientia:
3128 1960 3265 2015 Dei!
3288 1981 3443 2034 quam

1879 2038 2421 2107 incomprehensibilia
2450 2053 2572 2098 sunt
2594 2045 2803 2113 judicia
2835 2048 2948 2116 ejus
2981 2058 3029 2102 et
3061 2051 3442 2123 investigabiles

1878 2133 1974 2182 via:
2009 2130 2123 2197 ejus
2150 2132 2230 2184 a°!
2264 2132 2465 2189 Eadem
2501 2151 2629 2190 vero
2671 2137 2882 2193 ratione
2920 2140 3126 2194 semitae
3154 2142 3294 2210 ejus,
3330 2145 3435 2199 sin-

1875 2222 2012 2291 gulae
2046 2224 2423 2280 universorum
2455 2228 2955 2286 administrationes
2987 2230 3209 2296 fuerint,
3242 2236 3438 2305 quibus

1874 2312 2121 2367 caelestia
2151 2321 2476 2386 terrenaque
2502 2333 2600 2371 ceu
2628 2333 2974 2387 percurrens,
3012 2320 3323 2378 hominibus
3356 2326 3425 2379 in-

1875 2403 2167 2472 telligentia
2209 2407 2447 2475 praeditis
2487 2409 2709 2463 semitas
2757 2425 3187 2482 progressusque
3214 2415 3434 2470 demon-

1873 2503 2010 2549 strat
2051 2512 2215 2563 suos;
2250 2500 2628 2567 quamobrem,
2680 2502 2979 2557 secundum
3026 2501 3434 2575 Symmachum,

1871 2586 2090 2652 dicitur,
2124 2598 2174 2642 et
2210 2604 2512 2660 progressus
2548 2600 2663 2645 tuos
2686 2592 2840 2649 edoce
2874 2612 2972 2649 me.
3001 2595 3113 2650 Hac
3139 2606 3321 2653 autem
3351 2616 3432 2656 me

1869 2678 2119 2734 doctrina
2155 2681 2468 2746 instituens,
2516 2684 2746 2739 veritate
2787 2694 2879 2739 tua
2923 2690 3184 2747 confirma
3220 2708 3336 2759 me;
3367 2710 3430 2749 ne

1870 2769 2020 2824 labar
2054 2769 2205 2827 falsis
2236 2772 2608 2841 opinionibus,
2653 2790 2758 2829 neu
2795 2776 2849 2828 in
2882 2779 3209 2834 naturalium
3252 2798 3430 2838 rerum

1869 2862 2239 2930 speculatione
2272 2864 2377 2916 alia
2409 2865 2671 2919 aestimem
2701 2881 2799 2934 pro
2825 2866 2967 2930 aliis,
2993 2871 3174 2938 qualia
3206 2872 3272 2927 iis
3292 2875 3422 2929 acci-

1866 2952 2062 3007 derunt
2090 2952 2182 3023 qui
2212 2960 2264 3008 te
2296 2952 2406 3009 Deo
2439 2956 2700 3025 magistro
2730 2972 2837 3011 non
2867 2967 2995 3013 sunt
3021 2960 3125 3023 usi,
3162 2962 3255 3015 sed
3288 2979 3431 3019 mor-

1867 3047 2067 3101 talibus
2122 3046 2484 3116 humanisque
2545 3048 2852 3105 ratiociniis
2912 3064 2942 3102 a
2998 3066 3181 3105 rerum
3242 3055 3431 3108 notitia

1866 3140 2209 3203 aberrarunt,
2244 3146 2296 3193 et
2335 3139 2523 3208 procul
2557 3154 2587 3192 a
2617 3141 2845 3195 veritate
2876 3142 3088 3211 disjecti
3124 3152 3273 3198 sunt.
3319 3148 3432 3201 Abs

1863 3238 1915 3285 te
1948 3232 2027 3288 sic
2061 3232 2309 3294 edoctus,
2353 3240 2405 3285 te
2442 3245 2553 3285 non
2595 3239 2897 3287 creatorem
2934 3234 3115 3297 modo,
3180 3234 3427 3301 Opificem

1858 3322 2049 3387 Deum,
2113 3323 2206 3379 sed
2253 3324 2415 3377 etiam
2455 3322 2795 3378 Servatorem
2832 3340 2953 3381 esse
2996 3341 3193 3389 meum,
3220 3328 3344 3396 jure
3376 3336 3426 3379 le

1857 3416 2085 3468 sustinui
2121 3424 2230 3469 tota
2264 3415 2368 3482 die,
2420 3414 2472 3468 id
2520 3422 2625 3479 est,
2676 3431 2772 3485 per
2808 3424 2979 3470 totum
3012 3420 3136 3473 vitae
3175 3427 3420 3490 tempus,

1856 3523 2056 3577 gnarus
2084 3508 2293 3562 scilicet
2337 3508 2503 3573 illius,
2540 3510 2767 3563 universi
2800 3510 2888 3579 qui
2925 3511 3183 3565 sustinent
3222 3520 3289 3575 te,
3322 3529 3426 3570 non

1856 3618 1947 3654 con
1955 3600 2259 3670 fundentur.

1920 3869 2087 3925 Vens.
2140 3869 2195 3938 6,
2244 3871 2293 3925 7.
2345 3869 2692 3924 Reminiscere
2739 3868 3135 3922 miserationum
3182 3877 3410 3931 tua-mni.

1851 3962 2087 4026 Domine,
2126 3972 2174 4015 et
2222 3961 2708 4015 misericordiarum
2757 3970 2969 4013 tuarum
3002 3977 3117 4030 qua:
3151 3977 3184 4014 a
3222 3967 3410 4017 alecula

1847 4062 1989 4107 sunt.
2022 4052 2222 4105 Delicta
2249 4053 2542 4121 juventutis
2582 4068 2708 4107 mete
2736 4060 2785 4105 et
2824 4052 3155 4121 ignorantias
3185 4070 3326 4106 meas
3353 4057 3436 4108 ne'

1848 4145 2163 4199 memineris.
2188 4143 2311 4197 Haec
2334 4160 2442 4198 non
2468 4153 2576 4197 tam
2604 4143 2794 4199 Davidi
2826 4159 3125 4215 congruere
3154 4146 3409 4211 arbitror,

1845 4250 2005 4303 quam
2048 4234 2114 4288 iis
2150 4235 2241 4303 qui
2292 4234 2603 4289 didicerunt
2648 4234 2879 4303 pristina
2912 4244 3133 4304 peccata
3166 4236 3408 4292 conﬁteri

1845 4343 1963 4382 sua.
1997 4326 2114 4381 Non
2136 4327 2281 4382 enim
2316 4328 2621 4398 reperimus
2664 4327 2917 4383 Davidem
2956 4328 3010 4381 in
3046 4328 3406 4385 adolescentia

1845 4434 1942 4474 sua
1968 4434 2144 4489 neque
2169 4420 2221 4473 in
2247 4419 2471 4487 juvenili
2499 4428 2654 4473 astate
2680 4434 2970 4487 peccasse;
2998 4419 3090 4474 sed
3118 4436 3291 4489 neque
3316 4437 3402 4491 per

1845 4510 2205 4580 ignorantiam
2236 4510 2551 4579 deliquisse.
2586 4508 2725 4563 Num
2756 4510 2922 4581 igitur
2944 4510 3193 4564 doctrina
3222 4511 3399 4566 isthmc

1842 4617 1941 4655 ceu
1981 4617 2011 4656 a
2050 4603 2262 4657 medico
2300 4604 2480 4672 aegris,
2518 4613 2571 4658 et
2614 4602 2681 4656 iis
2713 4603 2805 4672 qui
2846 4603 2900 4655 in
2933 4605 3109 4657 astatis
3142 4603 3272 4658 flore
3312 4602 3401 4656 Dei

1840 4694 2029 4746 notitia
2066 4693 2259 4747 imbuti
2301 4700 2452 4756 sunt,
2489 4700 2650 4761 atque
2695 4692 2749 4745 in
2790 4692 3121 4760 juvenilibus
3168 4696 3393 4762 peccati:

1838 4785 2087 4852 volutati,
2136 4785 2294 4855 quasi
2346 4784 2615 4839 medicina
2666 4784 2863 4838 tradita
2914 4784 3029 4837 est?
3070 4791 3127 4837 ut
3179 4783 3397 4849 eruditi,

1838 4886 2059 4948 peccata
2088 4894 2185 4933 sua
2217 4893 2313 4948 per
2354 4877 2715 4948 ignorantiam
2749 4876 2987 4930 admissa
3018 4874 3395 4939 confiteantur,

1839 4972 2063 5041 ipsaque
2111 4970 2221 5025 Deo
2269 4972 2528 5031 revelcnt,
2575 4987 2639 5026 ac
2679 4980 2934 5039 tanquam
2982 4976 3162 5023 vetera
3207 4970 3393 5024 anima

1838 5080 1951 5118 suae
1976 5064 2199 5117 vulnera
2229 5063 2333 5132 ipsi
2364 5063 2636 5133 detegant,
2668 5060 2992 5116 medicinam
3025 5067 3077 5113 et
3109 5061 3391 5113 incolumi-

1837 5164 1999 5211 tatem
2028 5163 2279 5225 rogantes
2312 5170 2407 5224 per
2436 5154 2864 5210 misericordiam
2888 5153 3028 5221 ejus,
3061 5162 3275 5222 propter
3303 5152 3387 5205 bo-

1834 5248 2052 5301 nitatem
2082 5256 2248 5311 tuam,
2279 5246 2520 5301 Domine.

1906 5422 2073 5481 Vens.
2100 5424 2152 5491 8,
2180 5424 2233 5479 9.
2266 5424 2448 5477 Dulcis
2477 5430 2525 5475 et
2556 5429 2726 5473 rectus
2755 5418 3033 5478 Dominus,
3061 5427 3270 5485 propter
3300 5419 3395 5471 hoc

1838 5518 1993 5587 legem
2021 5518 2167 5571 dabit
2194 5514 2608 5585 delinquentibus
2645 5514 2699 5565 in
2733 5512 2834 5565 via.
2860 5509 3061 5575 Diriget
3091 5518 3385 5562 mansuetos

1836 5608 2132 5677 injudicio,
2160 5608 2359 5663 docebit
2402 5609 2550 5661 mites
2592 5606 2704 5661 vias
2735 5620 2880 5660 suas.
2935 5600 3114 5675 Dulcis
3138 5640 3155 5669 ,
3192 5601 3383 5671 inquit,
