3940 6292
479 309 580 364 227

1211 303 1476 360 EUSEBll
1512 302 1982 360 CIESARIENSIS
2019 318 2022 343 ε

2126 303 2166 359 ,3.
2193 302 2370 358 PARS
2405 301 2497 360 Ill.
2537 335 2608 345 -—
2637 303 3044 368 ,EXEGETICA.

3587 307 3690 362 εει

480 437 532 486 et
561 435 741 484 rectus
775 426 1034 481 Dominus
1068 431 1174 490 est,
1205 423 1298 495 qui
1323 425 1493 494 probe
1531 423 1712 479 omnia
1737 424 2022 493 dispensat

2138 419 2260 483 στός
2289 421 2436 475 ἐστιν
2477 421 2570 476 καὶ
2633 421 2810 490 εύθὶς,
2846 423 3026 493 φησὶν,
3054 423 3082 476 ό
3123 421 3343 491 Κύριος,
3373 415 3433 476 εὖ
3464 422 3698 478 διατιθέ-

479 527 791 586 rectumque
822 514 999 586 diligit
1025 514 1190 580 viam,
1221 529 1284 568 ac
1314 521 1561 568 tortuosa
1594 514 1651 567 in
1691 519 1896 568 rectum
1922 511 2034 565 cal-

479 610 579 664 lem
608 606 848 662 deducit.
876 604 1219 674 Quapropter
1245 611 1561 672 peccatores
1591 615 1702 656 non
1728 608 2028 665 aversatur,

478 715 653 769 neque
677 696 902 768 negligit
933 697 1130 752 sinitve
1168 709 1263 748 eos
1301 693 1539 762 peccatis
1569 693 1843 763 corrumpi
1877 692 1990 748 suis
2016 710 2029 744 :

477 791 570 846 sed
601 790 758 860 quasi
783 789 1154 860 perbumanus
1183 786 1467 856 bonusque
1508 784 1764 841 Servator
1790 784 2033 838 inﬁrmo-

477 899 596 937 rum
661 883 784 952 plus
847 895 1010 950 quam
1061 879 1199 934 bene
1254 877 1570 931 habentium
1616 891 1802 930 curam
1858 876 2029 944 gerit,

477 985 637 1045 atque
678 975 812 1045 ipsis
841 975 1009 1044 legem
1065 973 1191 1036 dat,
1244 969 1578 1040 poenitentia:
1597 955 1713 1024 vias
1760 967 2028 1032 indicans,

477 1075 727 1142 legesque
747 1083 953 1133 ponens
988 1067 1122 1136 ipsis
1143 1067 1212 1120 ad
1243 1065 1472 1119 salutem
1496 1071 1874 1133 congruentes.
1894 1062 2030 1118 Nam

477 1163 558 1218 vel
593 1162 660 1217 iis
687 1161 778 1232 qui
823 1168 1051 1231 peccant
1078 1159 1164 1212 via
1193 1157 1438 1230 quaedam
1487 1156 1678 1212 salutis
1703 1155 2026 1221 ostenditur,

477 1253 724 1309 videlicet
759 1251 1167 1316 conversionis,
1217 1249 1586 1320 paenitentiae,
1637 1247 2025 1312 confessionis,

477 1362 591 1416 quae
627 1345 845 1415 quidem
889 1345 992 1398 alia
1025 1351 1108 1398 est
1135 1357 1170 1400 .a
1213 1342 1297 1395 via
1337 1340 1594 1411 perfectis
1630 1339 1762 1396 viris
1807 1338 2024 1393 tradita.

476 1439 606 1494 Nam
629 1455 752 1494 cum
786 1439 957 1508 legem
983 1438 1075 1491 dat
1104 1435 1264 1500 Deus,
1297 1435 1439 1489 viam
1469 1433 1820 1502 peccantibus
1845 1432 2025 1495 aliam,

476 1533 632 1586 aliam
662 1548 692 1585 a
721 1538 943 1602 peccato
979 1545 1037 1585 se
1076 1529 1535 1593 convertentibus,
1567 1528 1727 1581 aliam
1757 1526 1823 1580 iis
1845 1525 1939 1595 qui
1971 1524 2028 1578 in

475 1627 672 1682 virtute
697 1625 1005 1696 proﬁciunt,
1036 1625 1193 1678 aliam
1225 1624 1442 1678 demum
1471 1620 1883 1692 perfectioribus
1918 1629 2028 1672 tra-

475 1718 569 1772 dit.
600 1715 962 1782 Quamobrem
1007 1715 1359 1784 peccantibus
1405 1715 1622 1784 quidem
1663 1711 1808 1766 viam
1843 1716 2027 1765 osten-

2139 531 2296 584 μενος
2321 513 2387 567 τὰ
2419 513 2616 580 πάντα,
2664 517 2756 568 καὶ
2791 514 2888 586 τὴν
2937 516 3148 570 εὐθεῖαν
3179 515 3294 570 ὁδὸν
3338 513 3583 583 ἀγαπῶν,
3625 516 3698 570 τά

2135 622 2191 657 τε
2215 605 2400 659 σκολιὰ
2426 608 2505 670 είς
2539 605 2749 662 εὐθεῖαν
2780 606 2946 675 ἀγων.
2991 608 3090 661 Διά
3118 608 3275 662 τοῦτο
3301 608 3400 661 οὑκ
3422 608 3678 682 ἀποστρέ-

2135 715 2310 766 φεται,
2345 698 2461 752 οὑδὲ
2492 700 2705 772 παρορᾷ
2731 700 3146 770 καταλιμπάνων
3165 701 3361 764 αὐτοὺς
3376 699 3692 772 φθείρεσθαι

2132 793 2250 854 ταῖς
2295 791 2499 845 ἑαυτῶν
2529 791 2822 862 ἁμαρτίαις
2842 809 2856 822 ο
2909 793 3020 845 ἀλλ’
3057 787 3142 846 οἷα
3186 791 3561 863 φιλάνθρωπος
3596 792 3693 846 καὶ

2131 881 2330 951 ἀγαθὸς
2366 883 2553 954 Σωτὴρ
2596 883 2886 936 νοσούντων
2923 883 3116 954 μᾶλλον
3147 883 3179 954 ἢ
3214 884 3557 952 ὑγιαινόντων
3590 883 3694 954 τὴν

2130 974 2383 1045 φροντίδα
2414 977 2674 1028 ποιεῖταιο
2710 975 2804 1028 καὶ
2828 975 3036 1039 τούτοις
3073 976 3369 1046 νομοθετεῖ,
3407 976 3692 1046 μετανοίας

2128 1067 2280 1129 ὁδοὺς
2312 1066 2626 1131 ὑποδεικνὺς
2653 1067 2853 1133 αὐτοῖς,
2877 1068 2968 1120 καὶ
2998 1065 3191 1136 νόμους
3206 1068 3332 1132 τοὺς
3355 1067 3692 1139 ἁρμόζοντας

2129 1157 2309 1221 αὐτοῖς
2337 1159 2473 1230 πρὸς
2499 1158 2765 1231 σωτηρίαν
2811 1158 3258 1230 παρατιθέμενος.
3297 1159 3450 1211 Ἐστι
3478 1159 3584 1229 γάρ
3603 1175 3692 1223 τις

2129 1249 2221 1302 καὶ
2244 1249 2361 1312 όδὸς
2381 1251 2491 1312 τοῖς
2530 1250 2924 1321 ἁμαρτάνουσιν
2955 1250 3356 1321 ὲπιδεδειγμένη
3398 1250 3692 1321 σωτηρίας,

2126 1339 2159 1409 ἡ
2189 1337 2291 1408 τῆς
2317 1339 2646 1410 ἐπιστροφῆς
2679 1339 2774 1392 καὶ
2805 1338 3087 1408 μετανοίας
3115 1337 3208 1391 καὶ
3230 1337 3688 1409 ἐξομολογήσεως,

2127 1432 2204 1493 ὡς
2238 1430 2399 1502 ἑτέρα
2453 1429 2587 1485 οὖσα
2634 1433 2784 1502 παρὰ
2825 1430 2923 1501 τὴν
2964 1432 3076 1493 τοῖς
3115 1430 3337 1494 τελείοις
3378 1430 3692 1501 δεδομένην.

2127 1523 2451 1595 Νομοθετῶν
2513 1523 2622 1595 γὰρ
2663 1527 2692 1577 ὁ
2741 1523 2890 1587 Θεὸς,
2932 1522 3098 1595 ἄλλην
3144 1522 3242 1594 μὲν
3286 1522 3694 1594 ἁμαρτάνουσιν

2125 1614 2242 1668 ὁδὸν
2269 1615 2554 1679 δείκνυσιν,
2585 1615 2776 1686 ἑτέραν
2791 1615 2844 1668 δὲ
2869 1615 2982 1680 τοῖς
3008 1613 3419 1686 ἐπιστρέφουσιν
3435 1614 3493 1678 ἐξ
3513 1615 3686 1687 ἁμαρ-

2127 1707 2266 1772 τίας,
2321 1707 2412 1761 καὶ
2464 1707 2628 1778 ἄλλην
2660 1707 2820 1760 πάλιν
2850 1709 2962 1771 τοῖς
2990 1709 3048 1760 ὲν
3093 1709 3260 1778 ἁρετῇ
3297 1707 3694 1778 προκόπτουσι,

474 1811 581 1878 dit;
617 1815 935 1863 mansuetos
985 1782 1109 1861 cum
1145 1807 1353 1876 judicio
1415 1782 1646 1877 diriget,
1691 1817 2022 1873 eorumque,

2129 1799 2222 1852 καὶ
2265 1799 2455 1871 ἑτέραν
2492 1801 2604 1863 τοῖς
2658 1798 3026 1872 τελειοτέροις.
3055 1798 3146 1851 Διὸ
3175 1801 3288 1862 τοῖς
3316 1798 3414 1870 μὲν
3444 1799 3668 1870 ἁμαρτά

472 1912 656 1976 utpote
689 1902 1111 1975 perfectiorum,
1156 1916 1343 1956 curam
1398 1907 1581 1972 geret:
1625 1914 1795 1970 quare
1834 1899 2028 1968 dignos

472 2009 563 2050 eos
597 1994 690 2064 qui
722 1993 864 2048 beati
915 1990 1344 2062 pradicarentur
1383 1987 1691 2052 aestimavit,
1727 1986 2025 2042 secundum

469 2086 639 2142 illud:
691 2085 844 2140 Beati
902 2085 1090 2148 mites,
1120 2083 1365 2154 quoniam
1411 2082 1510 2150 ipsi
1549 2080 1881 2150 possidebunt
1921 2086 2029 2132 ter-

469 2195 582 2232 ram
626 2177 693 2232 ³¹.
734 2176 845 2231 Hos
893 2177 1056 2231 etiam
1108 2174 1268 2229 docet
1292 2175 1409 2228 vias
1453 2187 1600 2228 suas.
1653 2171 1795 2227 Loco
1845 2179 2024 2226 autem

470 2271 638 2336 illius,
672 2271 780 2323 vias
811 2283 936 2322 suas
963 2283 982 2320 :
1009 2267 1202 2336 Aquila
1229 2275 1282 2321 et
1312 2264 1690 2336 Symmachus,
1715 2265 1851 2318 viam
1874 2280 2028 2318 suam

469 2363 747 2417 dixerunt.
783 2360 918 2414 Nam
947 2375 1010 2414 ea
1045 2360 1159 2429 ipsa
1183 2358 1267 2411 via
1311 2358 1561 2412 Salvator
1591 2358 1836 2422 incessit,
1866 2365 2027 2427 prout

469 2453 708 2506 dicitur:
756 2450 954 2504 Discite
1001 2467 1034 2502 a
1076 2465 1156 2502 me
1199 2449 1324 2519 quia
1362 2449 1506 2502 mitis
1555 2465 1672 2503 sum
1712 2457 1764 2503 et
1811 2446 2025 2502 humilis

469 2541 620 2596 corde
643 2542 709 2597 ⁸³.
755 2539 954 2595 Eadem
1009 2540 1174 2611 igitur
1232 2541 1349 2609 ipsa
1404 2539 1493 2593 via
1548 2540 1669 2594 illos
1712 2539 1932 2594 deducit
1972 2545 2030 2594 et

467 2633 623 2704 quasi
663 2648 825 2687 manu
858 2631 1065 2702 dirigit.
1115 2629 1323 2686 Idcirco
1359 2637 1418 2685 ut
1461 2631 1680 2700 sapiens
1727 2631 2020 2703 legislator,

469 2727 626 2781 aliam
659 2725 1074 2793 peccatoribus,
1117 2725 1342 2780 mitibus
1389 2728 1614 2778 alteram
1655 2724 1798 2778 viam
1839 2731 2026 2778 osten-

467 2818 564 2872 dit.

532 3079 698 3135 Vens.
736 3079 824 3134 l0.
871 3077 1134 3133 Universa:
1169 3079 1267 3133 via:
1303 3077 1539 3142 Domini,
1565 3077 1933 3132 misericordia
1973 3086 2022 3131 et

465 3175 654 3228 ueritas
697 3173 1079 3242 requirentibus
1109 3180 1474 3226 testamentum
1502 3171 1615 3240 ejus
1634 3181 1687 3225 et
1723 3171 2024 3224 testimonia

465 3265 592 3333 ejus.
623 3263 824 3327 Multae,
857 3264 1055 3333 inquit,
1077 3264 1177 3318 viae
1205 3263 1422 3317 Domini
1455 3270 1603 3323 sunt,
1633 3277 1819 3317 verum
1847 3263 2024 3318 omni-

466 3358 566 3412 bus
600 3357 884 3427 prmcurrit
909 3355 1289 3410 misericordia
1313 3355 1431 3424 ejus
1455 3371 1468 3405 :
1504 3369 1627 3408 cum
1647 3352 2023 3410 misericordia

465 3464 628 3519 porro
665 3447 868 3503 veritas
906 3463 1013 3501 una
1043 3447 1326 3518 procedit,
1352 3448 1643 3502 miseretur
1679 3448 1878 3517 quippe
1903 3462 2021 3501 om-

463 3536 611 3589 nium
640 3543 696 3590 et
732 3535 867 3589 nihil
905 3535 1020 3590 odit
1041 3551 1229 3590 eorum
1255 3551 1376 3606 quae
1405 3535 1530 3592 fecit
1551 3537 1596 3568 ³³
1624 3555 1636 3590 :
1670 3551 1845 3606 neque
1875 3538 2020 3591 enim

463 3626 668 3697 aliquid
698 3627 942 3682 condidit
963 3628 1108 3696 quod
1137 3627 1261 3683 odio
1299 3628 1541 3683 haberet.
1577 3627 1816 3698 Singulis
1856 3628 2022 3698 igitur

463 3720 658 3774 divinae
695 3717 1187 3774 administrationis
1229 3727 1282 3772 et
1317 3718 1671 3786 providentia:
1709 3719 1814 3774 viis
1857 3721 2020 3774 mise-

465 3811 700 3866 rieordia
732 3810 1048 3880 prmcurrit,
1099 3811 1532 3864 misericordiam
1564 3811 1765 3864 veritas
1823 3811 2018 3866 subse-

455 3899 666 3970 quitur.
700 3898 770 3952 lis
802 3907 981 3953 autem
1013 3899 1108 3968 qui
1151 3899 1379 3954 sollicite
1419 3901 1724 3969 requirunt,
1763 3901 2022 3971 quaestio-

463 4005 593 4043 num
625 4005 806 4046 veram
837 3992 1086 4044 notitiam
1118 3991 1698 4061 subministratquiait
1731 3992 2016 4056 :Quwrite,

462 4090 510 4136 et
539 4083 830 4145 invenietis,
847 4083 1075 4151 pulsate,
1094 4091 1142 4136 et
1159 4084 1422 4151 aperietur
1446 4083 1587 4138 vobis
1611 4083 1676 4136 ³⁸.
1703 4082 2020 4139 Testamen-

462 4184 576 4228 tum
612 4190 742 4230 vero
773 4175 890 4244 ejus
928 4176 983 4229 in
1019 4191 1214 4246 genere
1253 4185 1556 4246 acceptum,
1592 4183 1816 4230 vocatur
1841 4175 2018 4230 omnis

461 4265 724 4321 divinitus
765 4267 1031 4338 inspirata
1083 4265 1364 4337 Scriptura
1424 4267 1736 4323 hominibus
1793 4267 2015 4321 tradita.

461 4357 792 4414 Testimonia
819 4368 945 4415 sunt
978 4366 1244 4430 quotquot
1271 4361 1326 4415 in
1366 4359 1666 4429 Scripturis
1717 4359 1917 4414 divinis
1949 4361 2017 4416 de

2126 1908 2306 1945 νουσιν
2331 1891 2703 1945 ὑποδείκνυσιν
2725 1890 2840 1944 ὁδόν
2863 1908 2876 1920 ·
2905 1890 3029 1953 τοὺς
3059 1889 3116 1943 δὲ
3141 1892 3332 1961 πραεῖς
3351 1889 3604 1960 ὁδηγήσει
3630 1891 3695 1942 ἐν

2125 1985 2301 2058 κρίσει
2343 1985 2698 2055 κεκριμένως,
2742 1982 2836 2036 καὶ
2886 1981 3061 2035 αὐτῶν
3093 1980 3344 2052 πρόνοιαν
3370 1980 3694 2050 ποιούμενος

2125 2076 2200 2141 ὡς
2231 2076 2542 2148 βελτιόνων·
2611 2075 2690 2129 διὸ
2742 2075 2836 2127 καὶ
2889 2074 3247 2145 μακαρισμῶν
3286 2072 3482 2137 αὑτοὺς
3525 2071 3690 2138 ἀξιοῖ,

2126 2170 2364 2235 κατὰτὸ,
2400 2168 2686 2238 Μακάριοι
2733 2170 2787 2221 οὶ
2824 2167 3046 2235 πραεῖς,
3082 2166 3170 2220 ὅτι
3204 2165 3370 2220 αὐτοὶ
3399 2167 3695 2233 κληρονο-

2120 2263 2391 2333 μήσουσι
2435 2262 2550 2330 τὴν
2594 2261 2727 2331 γῆν.
2762 2259 2994 2323 Τούτους
3033 2259 3089 2313 δὲ
3135 2260 3228 2313 καὶ
3256 2259 3493 2312 διδάσκει
3534 2257 3695 2319 ὁδοὺς

2127 2354 2311 2408 αὑτοῦ.
2359 2353 2503 2407 Ἀντὶ
2547 2353 2602 2406 δὲ
2645 2349 2758 2418 τοῦ,
2793 2351 2970 2418 ὀδοὺς
3000 2351 3205 2414 αὑτοῦ,
3247 2352 3276 2403 ὁ
3321 2348 3551 2411 Ἀκύλας
3591 2349 3691 2400 καὶ

2125 2449 2154 2500 ὁ
2179 2445 2491 2517 Σύμμαχος,
2519 2445 2660 2498 ὁδὸν
2673 2443 2908 2508 ἑαυτοῦ,
2930 2445 3146 2516 ἔφησεν.
3170 2441 3505 2513 Ταύτηνγὰρ
3524 2440 3691 2502 αὐτὸς

2124 2539 2153 2592 ό
2180 2539 2371 2610 Σωτὴρ
2417 2537 2618 2591 ὥδευσε
2650 2536 2747 2608 τὴν
2786 2536 2901 2590 ὁδὸν
2933 2535 3072 2590 κατὰ
3098 2535 3158 2589 τὸ
3191 2533 3508 2604 λελεγμένον
3533 2548 3548 2564 ·
3570 2531 3695 2586 Md-

2126 2632 2254 2682 θετε
2282 2629 2382 2682 ἀπ’
2404 2628 2548 2698 ἐμοῦ
2582 2627 2670 2682 ὅτι
2690 2627 2875 2697 πρᾶός
2900 2631 3014 2698 εἰμι
3036 2627 3134 2682 καί
3148 2626 3424 2692 ταπεινὸς
3445 2623 3524 2695 τῇ
3542 2641 3693 2692 καρ-

2124 2715 2244 2784 δίᾳ.
2269 2716 2426 2770 Κατὰ
2455 2714 2662 2787 ταύτην
2684 2713 2775 2770 οὖν
2823 2716 2968 2786 ἄγων
3009 2719 3222 2783 αὐτοὺς,
3274 2716 3462 2787 ὀδηγὸς
3504 2713 3694 2769 αὐτῶν

2125 2807 2218 2861 καὶ
2243 2808 2577 2878 χειραγωγὸς
2600 2807 2804 2878 γίνεται
2823 2827 2836 2839 ·
2873 2809 3058 2881 διόπερ
3083 2809 3159 2873 ὡς
3184 2809 3343 2880 σοφὸς
3367 2807 3688 2880 νομοθέτης,

2124 2900 2288 2971 ἄλλην
2321 2902 2419 2972 μὲν
2463 2903 2578 2956 ὁδὸν
2631 2902 2957 2956 ἐπιδείκνυσι
2983 2904 3092 2966 τοῖς
3110 2902 3528 2973 ἁμαρτάνουσιν,
3560 2898 3690 2952 ἑτέ-

2129 3008 2227 3061 ραν
2249 2991 2306 3045 δὲ
2331 2994 2441 3056 τοῖς
2459 2994 2671 3064 πράοις.
2797 3033 2801 3037 .

2193 3082 2390 3138 Πᾶσαι
2435 3087 2496 3138 αἱ
2537 3084 2663 3138 ὁδοὶ
2691 3084 2913 3153 Κυρίου
2948 3084 3118 3150 ἕλεος
3149 3082 3246 3138 καί
3286 3081 3532 3149 ἀλήθεια
3556 3081 3693 3147 τοῖς

2120 3171 2429 3242 ἐκζητοῦσι
2477 3175 2592 3243 τὴν
2624 3176 2916 3244 Διαθήκην
2959 3176 3142 3230 αὐτοῦ
3173 3174 3268 3228 καὶ
3303 3175 3374 3229 τὰ
3390 3175 3693 3244 μαρτύρια

2120 3265 2322 3319 αὑτοῦ.
2349 3265 2548 3319 Πολλαὶ
2577 3266 2696 3337 μὲν,
2731 3267 2912 3337 φησὶν,
2944 3269 2996 3320 αῖ
3028 3267 3134 3321 ὁδοὶ
3157 3265 3250 3320 τοῦ
3281 3267 3501 3338 Κυρίου,
3543 3265 3693 3336 πλὴν

2120 3354 2234 3408 ἀλλ’
2255 3356 2312 3409 ἐν
2341 3357 2540 3421 πάσαις
2565 3356 2625 3411 τὸ
2653 3357 2798 3421 έλεος
2826 3357 2988 3411 αὑτοῦ
3017 3358 3331 3431 προτρέχειο
3356 3356 3432 3429 τῷ
3457 3374 3518 3409 τε
3541 3356 3692 3410 ἐλέει

2123 3445 2491 3515 συμπαρορμᾷ
2513 3446 2544 3515 ἡ
2569 3444 2790 3516 ἀλήθεια
2813 3463 2828 3477 ο
2868 3446 3010 3499 ἐλεεῖ
3039 3445 3145 3519 γὰρ
3168 3446 3236 3499 τά
3264 3445 3390 3500 δντα
3411 3445 3504 3499 καὶ
3525 3445 3691 3498 οὐδὲν

2122 3531 2460 3602 βδελύσσεται
2518 3529 2591 3588 ὧν
2625 3536 2903 3606 ἐποίησενσ
2952 3537 3069 3589 οὐδὲ
3110 3535 3216 3608 γὰρ
3276 3533 3444 3607 μισῶν
3465 3553 3518 3586 τι
3547 3552 3692 3588 κατ-

2120 3627 2397 3686 εσκεύασε.
2417 3628 2553 3682 Καθ’
2576 3629 2808 3700 ἑκάστην
2824 3631 2998 3684 τοίνυν
3025 3630 3139 3685 ὁδὸν
3156 3631 3256 3700 τῆς
3276 3629 3368 3682 τοῦ
3389 3627 3521 3682 Θεοῦ
3548 3629 3689 3682 διοιο

2119 3723 2331 3792 κὴσεώς
2367 3740 2426 3775 τε
2467 3725 2558 3777 καὶ
2605 3725 2856 3796 προνοίας
2885 3725 2943 3778 τὸ
2981 3725 3124 3788 ἕλεος
3167 3724 3330 3778 αὑτοῦ
3366 3724 3688 3795 προτρέχει,

2119 3813 2306 3868 ἕπεται
2353 3815 2409 3867 δὲ
2457 3816 2533 3888 τῷ
2565 3816 2698 3886 ἐλέῳ
2729 3819 2763 3888 ἡ
2808 3817 3047 3888 ἀλήθεια.
3087 3819 3212 3882 Τοῖς
3257 3817 3301 3870 δ’
3340 3815 3687 3887 ἐκζητοῦσιν,

2119 3904 2552 3977 ἀσχολουμένοις,
2598 3909 2626 3960 ὁ
2666 3907 2864 3960 εἰπών·
2907 3909 3163 3976 Ζητεῖτε,
3194 3907 3292 3962 καί
3351 3906 3687 3975 εὑρήσετε,

2118 4000 2378 4065 κρούετε,
2440 4001 2538 4054 καὶ
2565 4003 2943 4072 ἀνοιγήσεται
2961 4003 3120 4073 ὑμῖν,
3155 4003 3256 4075 τὴν
3282 4004 3408 4076 περὶ
3443 4002 3550 4057 τῶν
3575 4001 3688 4074 ζη-

2117 4090 2393 4161 τουμένων
2442 4082 2694 4164 ἀλήθειαν
2751 4096 3128 4167 παραδίδωσιν.
3156 4095 3395 4166 Διαθήκη
3423 4094 3478 4148 δὲ
3508 4095 3686 4148 αὑτοῦ

2117 4181 2344 4248 γενικῶς
2375 4185 2465 4237 καὶ
2495 4185 2613 4237 καθ’
2635 4186 2753 4239 ὅλου
2791 4186 3096 4256 ὠνόμασται
3127 4188 3275 4239 πᾶσα
3306 4188 3338 4256 ὴ
3369 4183 3688 4256 ἀνθρώποις

2118 4273 2478 4344 παραδοθεῖσα
2507 4275 2853 4340 θεόπνευστος
2874 4277 3081 4348 Γραφή.
3107 4275 3391 4348 Μαρτύρια
3418 4274 3473 4328 δὲ
3510 4275 3686 4328 αὑτοῦ

2115 4365 2370 4434 τυγχάνει
2407 4368 2523 4438 ἡτοι
2542 4367 2609 4420 τὰ
2634 4368 2980 4441 προφητικῶς
3007 4369 3132 4440 περὶ
3166 4367 3326 4420 αὑτοῦ
3368 4367 3424 4419 ἐν
3462 4369 3528 4438 τῇ
3553 4366 3685 4438 θείᾳ

464 4452 555 4505 ἰΙΙο
591 4451 905 4521 prophetice
953 4452 1238 4514 feruntur,
1291 4461 1385 4507 aut
1415 4469 1534 4523 quae
1564 4452 1633 4507 ab
1678 4451 1796 4521 ipso
1825 4454 1892 4508 iis
1921 4453 2013 4523 qui

2126 4461 2304 4531 Γραφῇ
2361 4460 2842 4532 μεμαρτυρημένα,
2899 4460 2932 4532 ἢ
2985 4459 3052 4512 τὰ
3098 4459 3238 4513 κατά
3281 4459 3687 4531 διαμαρτυρίαν

461 4545 516 4599 in
534 4545 696 4600 rebus
712 4545 910 4599 divinis
942 4544 1320 4610 instituuntur,
1339 4545 1718 4601 testiﬁcatione
1749 4544 2012 4609 adhibita,

457 4645 724 4710 praecepta
755 4645 901 4694 sunt.

524 4747 690 4805 Vsus.
717 4749 805 4815 12,
841 4751 926 4804 15.
971 4749 1102 4816 Quis
1134 4760 1212 4804 est
1237 4749 1387 4802 homo
1412 4751 1500 4819 qui
1531 4751 1676 4804 timet
1696 4749 2016 4805 Dominum?

455 4841 616 4912 legem
645 4850 838 4894 statuet
865 4842 913 4894 ei
937 4841 990 4894 in
1020 4841 1131 4901 via,
1160 4847 1316 4911 quam
1352 4842 1523 4911 elegit.
1575 4842 1768 4896 Anima
1803 4843 1914 4910 ejus
1959 4842 2015 4895 in

453 4935 599 4988 bonis
633 4932 1011 4997 demorabitur,
1033 4943 1081 4986 et
1104 4949 1277 4986 semen
1304 4933 1416 5002 ejus
1444 4933 1772 4988 hwreditabit
1795 4943 2012 4989 terram.

454 5025 674 5091 Audiat,
709 5027 916 5095 inquit,
945 5025 1192 5094 quisquis
1224 5025 1376 5080 timet
1405 5025 1711 5092 Dominum,
1745 5038 1906 5096 atque
1956 5026 2013 5080 in

455 5128 584 5177 una,
621 5129 782 5183 quam
811 5114 990 5184 elegit,
1025 5115 1114 5167 via
1156 5115 1378 5178 incedit,
1421 5115 1678 5184 quidnam
1713 5116 1816 5184 ipsi
1852 5130 2014 5169 even-

456 5215 637 5259 turum
671 5206 761 5259 sit.
795 5205 861 5257 Et
894 5220 1040 5259 nunc
1073 5205 1289 5275 quidem
1319 5206 1409 5260 ille
1445 5206 1601 5261 malis
1636 5204 1916 5269 aﬂicietur,
1952 5213 2013 5258 ut

455 5311 554 5367 par
579 5303 684 5360 est,
715 5297 916 5366 quippe
946 5297 1038 5366 qui
1084 5296 1364 5367 religionis
1408 5309 1472 5350 ac
1498 5295 1717 5366 pietatis
1758 5294 2013 5348 certami-

2122 4553 2212 4605 ὑπ’
2258 4550 2421 4604 αὑτοῦ
2472 4554 2582 4615 τοῖς
2617 4551 2686 4605 τά
2731 4549 2848 4604 θεῖα
2898 4549 3300 4621 παιδευομένοις
3362 4552 3688 4623 παρηγγελ-

2123 4644 2278 4714 μένα.

2194 4756 2288 4821 Τίς
2318 4755 2488 4808 ἐστιν
2511 4755 2817 4822 ἄνθρωπος
2845 4759 2877 4810 ό
2901 4756 3264 4826 φοϐούμενος
3288 4757 3394 4811 τὸν
3417 4759 3641 4824 Κύριον
3661 4774 3686 4822 ;

2117 4845 2500 4915 νομοθετήσει
2527 4845 2685 4910 αὐτῷ
2702 4845 2772 4898 ἐν
2794 4845 2928 4911 ὀδῷ,
2950 4841 2989 4916 ᾖ
3019 4847 3352 4914 ῄρετίσατοο
3396 4847 3465 4902 Ἡ
3495 4846 3681 4914 ψυΧὴ

2113 4936 2300 4991 αὐτοῦ
2330 4937 2400 4989 ἐν
2433 4936 2670 5006 ἀγαθοῖς
2719 4935 3170 5003 αὐλισθήσεται,
3199 4937 3296 4990 καὶ
3333 4936 3398 4990 τὸ
3436 4938 3686 5003 σπέρμα

2113 5027 2300 5082 αὑτοῦ
2341 5027 2780 5097 κληρονομήσει
2810 5027 2944 5097 γῆν.
3004 5025 3289 5089 Ἀκουέτω,
3325 5028 3478 5097 φησὶ,
3513 5029 3624 5088 πᾶς
3649 5031 3686 5081 ὀ

2115 5119 2447 5191 φοϐούμενος
2493 5120 2583 5174 τὸν
2625 5119 2848 5189 Κύριον,
2895 5119 3020 5190 μίαν
3046 5135 3105 5171 τε
3125 5118 3238 5171 ὁδὸν
3265 5118 3329 5188 ἣν
3387 5117 3453 5172 ἂν
3499 5118 3685 5172 ἕλοιτο

2109 5210 2580 5282 διαπορευόμενος,
2613 5208 2665 5261 τί
2698 5209 2858 5262 αὑτὸν
2897 5207 3199 5279 περιμένει.
3236 5208 3348 5261 Νῦν
3382 5208 3478 5278 μὲν
3504 5224 3687 5261 κακο-

2117 5303 2368 5374 παθήσει,
2400 5299 2488 5355 οἷα
2532 5301 2696 5364 εἰκὸς,
2745 5297 3209 5370 ὲγγυμναζόμενος
3229 5302 3336 5362 τοῖς
3355 5299 3455 5368 τῆς
3487 5299 3684 5352 θεοσε-

456 5387 619 5442 nibus
648 5395 985 5443 exerceatur.
1035 5388 1103 5442 At
1133 5389 1237 5444 erit
1264 5396 1477 5457 tempus
1518 5402 1624 5456 quo
1671 5386 1850 5439 anima
1890 5383 2009 5455 ejus

2126 5393 2265 5457 Βείας
2287 5393 2466 5456 ἄθλοις
2485 5409 2499 5422 ·
2532 5391 2682 5444 ἔσται
2710 5390 2766 5444 δὲ
2802 5390 2988 5461 καιρὸς
3014 5390 3248 5460 ὁπηνίκα
3281 5392 3312 5460 ή
3334 5388 3478 5461 ψυχὴ
3502 5390 3680 5444 αὑτοῦ

455 5483 510 5536 in
542 5480 701 5538 bonis
742 5479 1144 5534 demorabitur:
1193 5482 1515 5551 quibusnam
1575 5479 1629 5532 in
1688 5478 1867 5542 bonis,
1903 5479 2010 5533 nisi

2126 5485 2172 5536 ὲν
2209 5483 2427 5552 ἀγαθοῖς
2463 5481 2838 5552 αὑλισθήσεται
2861 5496 2873 5508 ·
2928 5478 3099 5542 ποίοις
3129 5479 3186 5531 δὲ
3216 5479 3434 5547 ἀγαθοῖς
3471 5478 3503 5549 ἦ
3536 5481 3679 5550 περὶ

453 5575 520 5631 de
546 5572 746 5644 quibus
783 5572 990 5626 dictum
1028 5580 1146 5626 est:
1182 5573 1313 5638 Qua:
1345 5572 1524 5626 oculus
1562 5587 1662 5624 non
1699 5569 1824 5624 vidit
1856 5569 1922 5634 ³⁸,
1955 5577 2008 5624 et

2126 5566 2187 5627 ὗν
2206 5572 2417 5645 εἴρηται
2441 5589 2456 5602 ο
2502 5575 2561 5629 Ἃ
2607 5571 2909 5642 ὀφθαλμὸς
2935 5573 3046 5626 οὐκ
3089 5567 3239 5635 εἶδε,
3281 5570 3371 5623 καὶ
3404 5568 3471 5623 τὰ
3502 5569 3675 5641 ὲξῆςς

523 5729 566 5762 ⁸¹
600 5727 789 5783 Matth.
827 5743 895 5788 γ,
933 5727 985 5781 4.
1062 5728 1104 5760 ³²
1145 5727 1331 5783 Matth.
1373 5745 1459 5792 xi,
1491 5727 1578 5782 29.
1660 5727 1702 5759 ³³
1745 5726 1874 5793 Sap.
1909 5743 1996 5793 si,

2201 5728 2246 5760 "
2285 5727 2472 5784 Malth.
2510 5744 2606 5794 vn,
2649 5729 2699 5785 7.
2776 5729 2819 5761 ³⁸
2860 5727 3037 5784 lCor.
3074 5740 3153 5792 ιι,
3191 5726 3244 5781 9.
