3940 6292
293 367 401 422 229

1430 365 1931 422 COMMENTARIA
1970 366 2036 419 ΙΝ
2079 364 2411 420 PSALMOS.

3439 368 3545 423 250

285 486 357 539 τό
383 500 447 553 γε
473 484 576 554 μὲν
608 484 831 556 σπέρμα
856 526 870 550 ,
916 483 1059 556 ὅπερ
1085 483 1410 537 κατεϐάλετο
1459 488 1515 537 ἐν
1543 489 1609 557 τῇ
1642 489 1711 557 γῇ
1746 488 1866 540 καθ’

1978 482 2203 540 caetera?
2253 483 2451 539 Semen
2484 498 2652 552 porro
2684 484 2834 553 ejus,
2880 485 3023 554 quod
3068 485 3121 539 in
3168 494 3373 539 terram
3415 486 3547 553 iecit

290 579 348 629 ὃν
376 574 727 628 ἐπολιτεύετο
758 577 849 629 ἐπὶ
887 577 987 647 γῆς
1031 576 1239 647 χρόνον,
1273 576 1497 639 πολλοὺς
1529 578 1869 650 κληρονομή-

299 687 398 731 σει,
426 666 703 738 σωτηρίας
740 668 909 720 αίτιον
962 668 1244 738 γινόμενον
1280 668 1512 731 πολλοῖς.
1557 669 1783 740 Σπέρμα
1814 670 1871 722 δὲ

292 761 345 813 τί
375 760 439 813 ἂν
470 758 648 822 εἴποις
688 759 721 829 ἢ
764 760 861 830 τὴν
901 758 1245 812 διδασκαλίαν
1278 760 1370 812 καὶ
1402 761 1531 821 τοὺς
1562 759 1751 827 λόγους
1780 760 1871 812 καὶ

293 853 365 906 τά
419 854 846 925 συγγράμματα,
908 854 940 923 ἢ
996 855 1121 917 τοὺς
1151 853 1290 907 κατὰ
1336 853 1467 906 Θεὸν
1508 854 1655 924 αὐτῷ
1682 872 1871 925 γεννη-

294 945 491 1008 θέντας
532 946 627 998 κα¹ι
679 945 1110 1015 μαθητευθέντας
1137 946 1373 1017 ἀνδρας;
1415 945 1481 997 δι’
1506 943 1579 1002 ὧν
1612 948 1704 999 καὶ
1734 947 1871 1016 μετά

292 1038 396 1111 τὴν
412 1041 469 1091 ἐν
492 1039 715 1104 ἀγαθοῖς
743 1041 1045 1093 ἀνάπαυσιν
1090 1040 1251 1092 αὐτοῦ
1289 1042 1469 1113 μυρίοι
1494 1042 1590 1111 τῆς
1620 1041 1769 1114 παρὰ
1792 1042 1870 1113 τῷ

291 1129 417 1201 Θεῷ
474 1131 836 1203 κληρονομίας
902 1130 1213 1196 τεύξονται,
1278 1133 1372 1186 ἆτε
1429 1133 1647 1201 ἀγαθῶν
1700 1152 1869 1207 σπερ-

293 1224 486 1293 μάτων
515 1226 763 1295 τυχόντες
816 1226 906 1277 καὶ
960 1225 1295 1297 ὡφελημένοι
1329 1225 1425 1296 τὴν
1454 1225 1633 1279 ἔνθεον
1666 1244 1871 1298 καρπο-

294 1316 511 1388 φορίαν.

371 1408 716 1477 Κραταίωμα
747 1409 957 1475 Κύριος
986 1407 1101 1460 τῶν
1126 1409 1507 1477 φοϐουμένων
1538 1409 1743 1473 αὑτὸν,
1770 1410 1869 1465 καὶ

292 1497 335 1562 ἠ
384 1497 641 1564 Διαθὴκη
690 1497 874 1551 αὑτοῦ
929 1498 1034 1551 τοῦ
1084 1498 1351 1566 δηλῶσαι
1396 1501 1617 1567 αὐτοῖς.
1672 1502 1727 1554 '0
1772 1502 1869 1571 μὲν

303 1590 559 1653 Ἀκύλας,
582 1592 917 1660 ἀπόρῤητον
939 1594 1157 1660 Kvplov
1183 1594 1259 1664 (ι)
1282 1594 1557 1660 ἐξέδωκεν·
1592 1596 1621 1647 6
1641 1596 1697 1649 δὲ
1720 1599 1866 1669 Σύμ-

290 1698 490 1752 μαχος,
527 1684 729 1752 ὁμιλία
742 1685 980 1751 Κυρίου·
1011 1687 1039 1738 ὁ
1057 1685 1113 1738 δέ
1143 1686 1432 1739 Θεοδοτίων
1454 1689 1547 1741 καὶ
1576 1690 1607 1759 ἡ
1643 1690 1865 1761 πέμπτη

286 1773 521 1839 ἔκδυσις,
549 1775 887 1843 μυστήριον
908 1778 1146 1845 Κυρίου.
1182 1777 1459 1831 Ἐντεῦθεν
1492 1778 1598 1850 γὰρ
1631 1781 1710 1843 εἰς
1744 1798 1866 1834 τοσ-

288 1865 464 1938 αύτην
534 1866 703 1938 ἤλασε
748 1868 1118 1939 μακαριότητα
1165 1869 1193 1921 ὁ
1236 1869 1491 1943 ἀνωτέρω
1556 1871 1870 1942 προλεχθεὶς

288 1958 631 2029 φοϐούμενος
660 1958 864 2030 Κύριον
907 1960 971 2011 ἐκ
1004 1958 1097 2013 τοῦ
1142 1958 1356 2030 ὁμιλίαν
1393 1960 1485 2013 τοῦ
1521 1961 1745 2033 Κυρίου,
1777 1964 1870 2016 καὶ

287 2050 609 2121 ἀπόρρητον
640 2049 835 2115 αὑτοῦ,
877 2050 969 2103 καὶ
1010 2050 1073 2102 τὸ
1105 2053 1399 2121 μυστήριον
1430 2050 1591 2105 αὐτοῦ
1630 2053 1869 2122 γνωστὸν

290 2137 439 2208 αὐτῷ
458 2140 766 2208 γεγονέναι,
814 2140 909 2193 καὶ
936 2138 1005 2192 τά
1032 2141 1090 2193 ἐν
1128 2143 1196 2212 τῇ
1240 2140 1483 2215 Διαθήκῃ
1512 2142 1696 2208 αὐτοῦ,
1725 2144 1869 2197 τοῦτ’

289 2232 436 2286 ἔστιν
467 2234 526 2285 ἐν
549 2236 618 2303 τῇ
653 2232 772 2305 θείᾳ
796 2232 1007 2305 Γραφῇ,
1040 2232 1401 2303 περιεχόμενα
1432 2234 1726 2305 μυστήρια.

363 2327 427 2378 Ol
456 2324 755 2393 ὀφθαλμοί
776 2341 895 2393 μου
922 2322 1019 2375 διὰ
1063 2321 1289 2388 παντὸς
1316 2323 1466 2390 πρὸς
1500 2322 1606 2376 τὸν
1629 2324 1868 2391 Κύριον,

289 2418 383 2471 ὅτι
416 2417 602 2484 αὐτὸς
634 2416 932 2471 ἐκσπάσει
963 2417 1031 2469 ἐκ
1063 2415 1315 2485 παγίδος
1347 2416 1489 2482 τοὺς
1516 2415 1705 2483 πόδας
1726 2435 1866 2486 μου.

303 2514 669 2581 Ἐπίόλεψον
704 2511 797 2564 ἐπ’
824 2510 929 2580 ἐμὲ
955 2511 1051 2565 καὶ
1097 2509 1360 2578 ἐλέησόν
1381 2526 1478 2579 με,
1509 2510 1600 2563 ὅτι
1623 2528 1871 2581 μονογε-

292 2605 413 2673 νὴς
434 2605 525 2659 καὶ
548 2606 785 2674 πτωχός
811 2606 927 2674 ειμι
957 2603 1088 2673 ἐγώ.
1130 2606 1199 2658 Al
1225 2604 1461 2672 θλίψεις
1485 2603 1593 2671 τῆς
1621 2604 1871 2673 καρδίας

285 2715 412 2769 μου
435 2698 929 2766 ἑπληθύνθησαν,
959 2698 1027 2751 ἐκ
1048 2695 1164 2750 τῶν
1178 2695 1457 2766 ἀναγκῶν
1471 2714 1592 2765 μου
1617 2695 1870 2768 ἐξάγαγέ

283 2807 383 2859 με.
421 2791 494 2843 Ού
526 2789 615 2843 διὰ
635 2790 703 2842 τά
726 2788 1123 2861 κατορθώματα
1167 2787 1353 2860 ῶσπερ
1385 2788 1737 2859 ὀφειλομένην
1770 2792 1871 2861 τὴν

293 2882 570 2952 σωτηρίαν
618 2880 801 2951 αὐτῷ·
834 2877 951 2934 οἶδα
1001 2880 1129 2950 γὰρ,
1172 2881 1275 2945 ὅτι,
1327 2879 1505 2933 πάντα
1544 2882 1775 2952 ποιήσας
1801 2881 1870 2935 τά

290 2976 423 3047 παρ’
476 2973 737 3045 ἐμαυτοῦ,
796 2973 876 3026 ἐτι
908 2972 999 3027 τοῦ
1033 2972 1125 3026 σοῦ
1164 2973 1344 3035 ἐλέους
1380 2972 1588 3043 δέομαι.
1625 2973 1713 3025 Διὸ
1743 2972 1869 3026 ἐπί-

290 3070 523 3136 ϐλεψον
576 3068 669 3121 ἐπ’
715 3066 840 3136 ἐμὲ,
878 3065 975 3119 καὶ
1034 3066 1295 3133 ἐλέησόν
1342 3083 1437 3134 με.
1500 3065 1723 3119 Σύνοιδα
1761 3066 1869 3137 γάρ

290 3160 517 3230 ἐμαυτῷ
564 3158 764 3230 πτωχῷ
798 3159 891 3212 καὶ
942 3157 1228 3228 ἀδοηθήτῳ
1269 3158 1360 3210 καὶ
1413 3156 1487 3229 μὴ
1541 3158 1870 3227 ἐπαρχοῦντι

291 3268 427 3328 7:95;
455 3253 749 3325 σωτηρίαν.
797 3252 955 3305 Ἰδιὸν
980 3253 1037 3304 τέ
1080 3253 1196 3303 ἐστι
1241 3250 1455 3303 πάντων
1476 3249 1582 3303 τῶν
1609 3249 1868 3319 θεοφιλῶν

290 3348 351 3399 τὸ
378 3346 609 3408 ἑαυτοὺς
645 3344 848 3398 κακοῦν
888 3346 945 3397 ἐν
972 3343 1233 3412 θλίψεσιν,
1257 3344 1314 3395 ἐν
1348 3342 1635 3410 ἀνάγκαις,
1666 3344 1723 3394 ἐν
1753 3358 1871 3394 στε-

287 3440 602 3510 νοχωρίαις,
630 3438 725 3491 καὶ
750 3438 1005 3508 διωγμοῖς
1024 3453 1037 3468 ·
1067 3435 1178 3488 ἀλλ’
1195 3435 1255 3487 οὐ
1280 3434 1370 3487 καὶ
1393 3432 1643 3503 ἀγνοοῦσι
1674 3432 1734 3485 τὸ
1748 3433 1868 3486 τού-

290 3548 405 3584 των
430 3532 618 3595 τέλος·
656 3530 736 3583 διὸ
782 3530 963 3599 τυχεῖν
1020 3526 1183 3579 αὐτοῦ
1250 3525 1399 3597 παρά
1454 3524 1545 3578 τοῦ
1590 3524 1724 3576 Θεοῦ
1763 3524 1870 3577 ἱκε-

291 3623 509 3677 τεύουσι
533 3623 783 3691 λέγοντες
808 3640 820 3652 ·
862 3622 955 3674 Ἐκ
1008 3619 1128 3673 τῶν
1171 3616 1449 3687 ἀναγκῶν
1474 3634 1592 3685 μου
1618 3615 1871 3686 ὲξάγαγέ

283 3732 364 3782 με
382 3730 397 3743 ·
428 3713 505 3777 ὡς
534 3713 599 3767 ἂν
626 3711 923 3774 διελθόντες
951 3712 1048 3773 τὰς
1085 3708 1179 3762 τοῦ
1220 3709 1332 3779 βίου
1377 3708 1641 3776 ἀνάγκας,
1668 3707 1766 3770 τὰς
1810 3706 1867 3759 δὲ

292 3806 583 3877 συμφοράς
634 3806 727 3857 καὶ
782 3804 880 3866 τὰς
941 3801 1307 3873 περιστάσεις,
1348 3802 1517 3853 εἰπεῖν
1548 3816 1675 3852 ποτε
1707 3799 1866 3869 δυνη-

291 3896 435 3948 θεῖεν
460 3914 472 3924 ·
510 3894 838 3963 Διήλθομεν
864 3893 959 3947 διὰ
988 3892 1171 3961 πυρὸς
1194 3892 1292 3946 καὶ
1324 3892 1559 3957 ὕδατος,
1587 3891 1694 3959 ,καὶ
1727 3889 1867 3957 ἐξή-

290 3999 473 4051 ταγες
507 3982 664 4050 ἡμᾶς
695 3985 782 4047 εὶς
814 3980 1160 4050 ἀναψυχήν·

370 4075 484 4128 Ἴδε
516 4074 631 4141 τὴν
657 4074 1018 4126 ταπείνωσίλν
1048 4091 1165 4143 μου
1206 4073 1305 4126 καὶ
1360 4073 1467 4126 τὸν
1513 4073 1702 4125 κόπον
1724 4090 1863 4141 μου,

1977 581 2105 635 dum
2142 579 2197 633 in
2226 593 2290 631 ea
2333 586 2678 641 versaretur,
2714 577 2915 631 mullos
2953 577 3267 633 hereditate
3293 580 3543 649 accipiet,

1976 670 2173 741 quibus
2206 682 2371 723 causa
2399 668 2593 723 salutis
2628 666 2841 721 evadet.
2881 664 3078 721 Semen
3103 683 3230 722 vero
3268 667 3546 738 quodnam

1975 776 2097 816 esse
2128 760 2353 821 dixeris.
2381 760 2487 816 nisi
2517 760 2822 815 doctrinam
2843 800 2857 823 ,
2896 775 3209 824 sermones,
3257 762 3460 831 scripta
3490 769 3547 815 et

1977 853 2227 909 homines
2266 855 2359 925 qui
2411 853 2714 909 secundum
2767 852 2936 908 Deum
2974 852 3077 921 ipsi
3126 853 3239 906 nati
3279 861 3443 923 atque
3476 854 3551 907 ab

1976 960 2041 1000 eo
2070 948 2302 1001 instituti
2352 948 2516 1001 sunt?
2551 945 2655 1012 Qui
2690 962 2921 1000 numero
2969 961 3121 1015 paene
3167 944 3388 1007 inﬁniti,
3420 954 3544 1015 post

1976 1040 2147 1110 ipsius
2179 1039 2221 1094 ir.
2288 1040 2443 1095 bonis
2473 1039 2723 1109 adeptam
2765 1039 3030 1109 requiem,
3080 1045 3265 1107 utpote
3304 1054 3371 1092 ex
3402 1039 3549 1093 bono

1975 1133 2079 1187 orti
2135 1135 2377 1197 semine,
2414 1148 2478 1186 ac
2504 1133 2687 1186 divina
2738 1132 2829 1185 illa
2872 1132 3099 1201 utilique
3140 1131 3243 1185 sibi
3289 1130 3546 1202 prosapia

1975 1225 2266 1295 progeniti,
2297 1224 2663 1279 hzereditatem
2688 1240 2717 1277 a
2750 1223 2860 1279 Deo
2889 1234 3314 1294 consequentur.

2044 1400 2210 1457 Vens.
2246 1403 2329 1455 Μ.
2376 1402 2801 1456 Firmamentum
2832 1410 2910 1455 est
2944 1401 3203 1456 Dominus
3241 1400 3549 1455 timentibus

1974 1509 2112 1557 eum,
2149 1503 2197 1547 et
2256 1502 2624 1548 testamentum
2668 1494 2832 1562 ipsius
2879 1504 2937 1546 ut
2983 1493 3348 1562 manifestatur
3409 1492 3541 1548 illis.

1973 1586 2191 1656 Aquila,
2219 1596 2473 1641 secretum
2491 1585 2726 1650 Domini,
2753 1586 2953 1651 edidit;
2982 1585 3360 1656 Symmachus,
3378 1585 3546 1639 collo-

1972 1680 2151 1748 quium
2190 1678 2434 1741 Domini;
2470 1677 2770 1734 Theodotio
2801 1686 2855 1733 et
2881 1678 3080 1744 Quinta
3114 1677 3301 1744 editio,
3343 1687 3533 1748 myste-

1973 1775 2111 1826 rium
2143 1773 2399 1827 Domini:
2430 1772 2556 1828 inde
2598 1773 2743 1829 enim
2784 1773 2873 1828 ille
2913 1774 3164 1842 superius
3200 1780 3537 1830 memoratus

1901 1852 1948 1914 B
1972 1866 2066 1937 qui
2094 1866 2247 1920 timet
2271 1864 2578 1931 Dominum,
2607 1864 2675 1920 ad
2704 1876 2909 1921 tantam
2938 1866 3246 1921 felicitatem
3272 1868 3538 1937 pervenit,

1974 1959 2099 2029 quia
2144 1959 2475 2029 colloquium
2523 1958 2757 2025 Domini,
2789 1966 3059 2015 secretum
3115 1974 3180 2014 ac
3224 1961 3545 2031 mysterium

1972 2049 2114 2119 ejus,
2144 2061 2333 2105 notum
2363 2050 2465 2120 ipsi
2496 2061 2633 2114 erat,
2666 2058 2795 2105 nota
2837 2051 2968 2107 item
3000 2067 3063 2106 ea
3096 2066 3218 2121 quas
3259 2052 3313 2107 in
3346 2050 3542 2107 Testa-

1973 2149 2157 2197 mento
2186 2141 2325 2212 ejus,
2345 2142 2398 2197 id
2423 2150 2534 2208 est,
2559 2142 2614 2197 in
2640 2143 2840 2199 divinis
2867 2142 3168 2214 Scripturis
3190 2144 3546 2200 continentur

1973 2235 2251 2305 mysteria.

2048 2322 2214 2381 Vens.
2254 2326 2434 2381 l5-l7.
2492 2325 2647 2381 Oculi
2674 2327 2774 2380 mei
2844 2343 3044 2396 semper
3110 2326 3179 2380 ad
3234 2325 3539 2393 Dominum,

1970 2420 2219 2487 quoniam
2249 2420 2359 2488 ipse
2391 2420 2571 2473 evellet
2607 2419 2670 2474 de
2712 2420 2895 2490 laqueo
2930 2420 3081 2489 pedes
3126 2437 3286 2475 meos.
3330 2419 3546 2489 Respice

1973 2509 2025 2562 in
2056 2526 2136 2564 me
2175 2521 2221 2563 et
2271 2512 2515 2565 miserere
2564 2513 2685 2578 mei,
2731 2512 2857 2582 quia
2904 2513 3089 2566 unicus
3111 2522 3161 2565 et
3196 2527 3393 2581 pauper
3426 2528 3544 2565 sum

1971 2618 2082 2673 ego.
2126 2603 2515 2659 Tribnlationes
2547 2605 2720 2659 cordis
2771 2606 2872 2660 mei
2912 2607 3280 2675 multiplicata:
3310 2616 3452 2671 sunt,
3478 2606 3547 2660 de

1972 2695 2370 2750 necessitatibus
2418 2696 2545 2750 meis
2590 2713 2712 2750 erue
2758 2715 2858 2751 me.
2916 2696 3032 2753 Non
3079 2699 3148 2753 ob
3199 2706 3349 2753 recte
3400 2697 3543 2753 facta

1970 2801 2136 2855 opera
2174 2789 2333 2857 quasi
2366 2788 2603 2843 debitam
2664 2791 2897 2845 salutem
2945 2792 3075 2845 mihi
3128 2793 3381 2862 postulo;
3417 2792 3543 2847 novi

1971 2877 2117 2931 enim
2146 2893 2253 2943 me,
2288 2879 2537 2948 quamvis
2563 2881 2745 2934 omnia
2777 2895 2875 2952 pro
2910 2880 3180 2936 facultate’
3198 2884 3420 2952 egerim,
3445 2891 3545 2938 tuo

1972 2976 2155 3024 tamen
2202 2986 2363 3039 egere
2394 2972 2620 3028 auxilio.
2653 2972 3015 3037 Quamobrem
3043 2974 3236 3042 respice
3272 2976 3326 3029 in
3360 2993 3459 3041 me,
3491 2986 3544 3030 et

1971 3062 2216 3116 miserere
2232 3065 2349 3116 mei.
2370 3062 2500 3117 Nam
2521 3079 2605 3118 me
2622 3078 2933 3134 pauperem,
2956 3066 3105 3119 nulla
3122 3067 3314 3120 fultum
3329 3083 3451 3138 ope,
3475 3084 3543 3124 ac

1972 3155 2133 3209 saluti
2155 3154 2287 3208 mihi
2313 3155 2670 3225 procurandae
2694 3155 2953 3225 imparem
2974 3158 3108 3211 scio.
3127 3156 3410 3228 Proprium
3444 3174 3541 3213 au-

1972 3253 2083 3301 tem
2126 3245 2385 3301 omnibus
2435 3246 2543 3316 piis
2591 3262 2655 3301 ac
2687 3246 2797 3302 Deo
2847 3247 3041 3301 amicis
3084 3248 3219 3303 viris
3271 3258 3374 3311 est,
3420 3264 3543 3305 sese

1970 3338 2228 3393 aerumnis
2260 3339 2513 3410 allligere,
2553 3340 2607 3393 in
2657 3341 3107 3405 necessitatibus,
3150 3341 3208 3395 in
3246 3337 3538 3411 angustiis,

1971 3432 2027 3485 in
2058 3432 2533 3502 persecutionibus
2559 3434 2803 3499 versari;
2838 3433 2933 3488 sed
2969 3433 3062 3507 qui
3091 3438 3162 3489 sit
3192 3451 3380 3491 eorum
3414 3438 3543 3493 ﬁnis

1970 3539 2080 3577 non
2125 3525 2378 3594 ignorant
2421 3540 2637 3594 :quare
2688 3525 2836 3580 illius
2878 3528 3204 3598 assequendi
3254 3544 3384 3599 ergo
3429 3528 3539 3585 Deo

1970 3618 2277 3687 supplicant
2323 3618 2408 3700 his
2438 3618 2653 3680 verbis,
2694 3617 2757 3671 de
2798 3620 3196 3674 necessitatibus
3240 3622 3365 3674 meis
3416 3637 3544 3676 erue

1970 3727 2085 3777 me;
2119 3718 2195 3772 ut,
2222 3712 2493 3781 superatis
2525 3712 2642 3765 vitae
2661 3711 3535 3776 necessitatibus,calamitatibus,

1968 3803 2261 3866 aerumnis,
2306 3803 2490 3857 dicere
2544 3802 2836 3871 aliquando
2882 3803 3131 3873 possint:
3179 3806 3537 3859 Transivimus

1966 3909 2057 3961 per
2106 3896 2274 3964 ignem
2316 3904 2364 3948 et
2414 3910 2638 3963 aquam,
2685 3904 2734 3947 et
2782 3893 3011 3948 eduxisti
3066 3912 3159 3949 nos
3213 3899 3265 3951 in
3315 3898 3535 3968 refrigeo

1969 3989 2107 4040 rium
2134 3988 2201 4042 ³⁸.

2040 4078 2203 4135 Vens.
2254 4078 2437 4134 18-20.
2518 4080 2643 4133 Vide
2707 4082 3055 4136 humilitatem
3116 4099 3285 4136 meam
3339 4093 3389 4136 et
3450 4085 3536 4138 la-

289 4168 393 4222 καὶ
453 4166 603 4235 ἀρε-ρ
656 4166 857 4231 πάσας
905 4164 1009 4231 τὰς
1048 4165 1336 4233 ἁμαρτίας
1380 4182 1518 4234 μου.
1563 4165 1675 4218 Ἴδε
1729 4164 1867 4229 τοὺς

1978 4170 2143 4225 berem
2174 4188 2363 4236 meum,
2382 4182 2430 4225 et
2452 4171 2660 4225 dimitte
2689 4173 2933 4226 universa
2956 4172 3147 4226 delicta
3172 4189 3306 4227 mea.
3324 4172 3541 4243 Respice

287 4261 544 4329 ἐχθρούς
563 4276 701 4328 μου,
725 4258 812 4311 ὅτι
830 4258 1319 4325 ἐπληθύνθησαν,
1342 4257 1440 4310 καὶ
1457 4256 1638 4325 μῖσος
1659 4258 1868 4312 ἄδικον

1978 4262 2207 4315 inimicos
2242 4278 2381 4315 meos
2435 4263 2684 4331 quoniam
2736 4262 3074 4330 multiplicati
3118 4273 3268 4327 sunt,
3313 4275 3363 4317 et
3415 4264 3537 4318 odio

286 4349 598 4420 ὲμίσησάν
628 4366 716 4417 με.
752 4349 1030 4412 Φύλαξον
1077 4347 1191 4415 τὴν
1218 4346 1430 4416 ψυχήν
1468 4366 1586 4417 μου
1632 4350 1729 4404 καὶ
1756 4351 1867 4417 p.3-

1978 4355 2145 4425 iniquo
2179 4354 2400 4408 oderunt
2440 4371 2538 4407 me.
2584 4352 2806 4409 Custodi
2848 4356 3079 4408 animam
3116 4372 3283 4408 meam
3335 4366 3383 4410 et
3415 4373 3541 4410 erue

288 4443 400 4497 σαί
423 4458 533 4511 με·
570 4439 656 4510 μὴ
704 4440 1226 4509 καταισχυνθείην,
1264 4439 1352 4491 ὅτι
1381 4438 1612 4507 ἤλπισα
1638 4441 1735 4493 ἐπὶ
1771 4441 1862 4496 σέ.

1978 4462 2085 4501 me:
2121 4462 2224 4499 non
2258 4448 2561 4499 erubescam
2585 4446 2834 4514 quoniam
2864 4446 3066 4512 speravi
3095 4446 3151 4498 in
3184 4456 3251 4500 le.
3278 4444 3431 4512 Quod
3465 4446 3535 4499 ad

287 4535 373 4587 Τὰ
401 4535 499 4605 μὲν
531 4535 659 4604 παρ’
693 4533 825 4603 ἐμοῦ
858 4530 1231 4596 σπουδάζεται,
1265 4531 1333 4584 τά
1362 4531 1417 4583 δὲ
1456 4530 1606 4603 παρὰ
1650 4530 1743 4584 σοῦ
1769 4550 1863 4585 τυ-

1978 4552 2056 4591 me
2111 4543 2341 4607 spectat,
2396 4539 2823 4593 sollicitudinem
2870 4538 2975 4592 mei
3008 4553 3173 4609 gero;
3225 4538 3320 4593 sed
3374 4552 3530 4606 opem

290 4629 405 4695 ’ζεῖν
428 4624 585 4689 ἀξιῶ.
630 4623 769 4692 Ἐγὼ
789 4624 885 4694 μὲν
907 4620 998 4677 οὖν
1030 4623 1261 4693 ἐμαυτὸν
1293 4622 1524 4686 κολάζω,
1558 4624 1650 4675 καὶ
1676 4622 1863 4696 ὥσπερ

1978 4630 2199 4698 imploro
2227 4637 2394 4682 tuam.
2426 4628 2539 4698 Ego
2566 4629 2786 4698 quidem
2811 4632 3189 4700 memetipsum
3221 4630 3445 4699 castigo,
3478 4638 3535 4684 et

287 4719 445 4787 δίκην
490 4716 981 4785 είσπρατττόμενος
1029 4708 1104 4767 ὧν
1138 4714 1400 4785 πρότερον
1446 4713 1862 4785 ἐπλημμέλησα,

1978 4719 2125 4789 ιιιιεὶ
2180 4721 2508 4791 supplicium
2572 4722 2641 4776 de
2696 4723 2942 4791 pristinis
2995 4723 3208 4777 delictis
3271 4737 3530 4785 sumens,

289 4810 525 4880 ἐμαυτὸν
542 4826 594 4861 τι
602 4806 784 4878 μωροῦ
792 4825 908 4878 μαι,
939 4806 1206 4859 ταπεινῶν
1236 4805 1468 4876 ἐμαυτὸν
1485 4808 1540 4859 ἐν
1553 4807 1739 4871 κόποις
1773 4810 1867 4861 καὶ

1978 4813 2209 4868 ulciscor
2241 4814 2545 4883 meipsum,
2598 4830 2686 4869 me
2727 4816 2996 4882 abjectum
3046 4813 3323 4867 laboribus
3370 4821 3535 4883 atque

290 4902 579 4965 πόνοις·σὺ
617 4901 701 4965 δὲ,
732 4901 760 4952 ὁ
783 4900 935 4965 Θεὸς,
964 4894 1051 4953 οἶά
1084 4916 1168 4961 τις
1210 4898 1567 4967 ἀγωνοθέτης,
1604 4898 1693 4952 τὸν
1734 4900 1867 4971 ἐμὸν

1978 4903 2228 4957 aerumnis
2265 4904 2561 4958 constituo.
2590 4904 2671 4958 Tu
2692 4921 2841 4969 vero,
2869 4904 3029 4964 Deus,
3062 4919 3163 4958 ceu
3199 4905 3323 4973 quis
3356 4912 3534 4958 certa-

290 4992 476 5060 ἀγῶνα
488 4990 709 5062 θεωρῶν
729 4992 959 5053 καὶτοὺς
974 4990 1138 5060 ἐμοὺς
1151 4988 1446 5058 καμάτους,
1464 4988 1604 5041 δίδου
1620 4988 1716 5059 τὴν
1736 4990 1866 5059 ἀφε-

1978 4995 2179 5050 minum
2210 4996 2522 5067 praefectus,
2556 5003 2609 5051 et
2639 5013 2874 5067 pugnam
2904 5004 2958 5051 et
2981 4998 3193 5053 labores
3221 5010 3370 5051 meos
3400 5011 3536 5050 con-

292 5101 380 5137 σιν
405 5083 513 5135 τῶν
543 5083 763 5153 ἀμαρτη
774 5081 976 5151 μάτων,
992 5080 1084 5133 καὶ
1123 5077 1508 5149 συγχώρειόσα
1525 5076 1743 5132 πώποτε
1760 5079 1867 5132 διε-

1978 5085 2292 5154 :emplatus,
2323 5087 2538 5141 veniam
2571 5102 2788 5155 quaeso,
2832 5086 3097 5140 scelerum
3145 5085 3451 5151 concedito,
3480 5095 3533 5141 et

291 5174 588 5247 πραξάμην
620 5176 678 5226 ἐν
708 5172 1020 5244 ἁμαρτίαις.
1063 5170 1221 5223 Ἀλλά
1252 5170 1345 5222 καὶ⁹
1374 5168 1705 5240 θεασάμενος
1738 5171 1865 5235 τοὺς

1978 5188 2307 5245 quaecunque
2335 5175 2391 5228 in
2431 5176 2672 5244 peccatis
2716 5173 2859 5227 edidi
2904 5174 3184 5227 remittito.
3219 5170 3325 5227 Sed
3367 5173 3530 5227 etiam

290 5270 457 5340 ἐμοὺς
484 5268 714 5339 ἐχθροὺς
757 5266 942 5318 ὁπόσοι
967 5264 1117 5326 ὄντες
1149 5262 1520 5325 ἐπεϐούλευον,
1552 5264 1644 5316 καὶ
1674 5264 1748 5327 ὼς
1777 5268 1865 5335 μῖ-

1978 5266 2222 5321 inimicos
2272 5282 2422 5321 meos
2456 5266 2828 5333 conspicatus,
2861 5272 2993 5333 quot
3030 5262 3276 5318 videlicet
3304 5279 3532 5319 numero

290 5378 386 5424 σος
410 5362 594 5414 ἄδικον
617 5358 886 5431 ἐμίσησάν
914 5374 1001 5429 με,
1020 5355 1192 5425 φύλαξ
1212 5354 1370 5424 γενοῦ
1386 5354 1483 5424 τῆς
1512 5354 1648 5425 ἐμῆς
1667 5355 1868 5427 ψυχῆς,

1978 5357 2194 5414 insidias
2219 5358 2354 5412 mihi
2386 5363 2597 5428 parent,
2632 5362 2686 5410 et
2722 5355 2868 5425 quod
2902 5370 2987 5410 me
3020 5355 3146 5410 odio
3180 5355 3367 5427 iniquo
3410 5370 3529 5427 per-

364 5517 409 5547 “
459 5513 605 5571 Psal.
638 5530 743 5568 va
767 5553 784 5577 ,
822 5513 909 5567 12.

364 5672 438 5743 (l)
480 5671 751 5743 llebraica
783 5675 931 5743 sunt_
958 5675 1092 5743 rm,
1113 5676 1207 5743 “rp
1228 5706 1242 5728 ,
1297 5680 1327 5719 a
1361 5663 1703 5743 Theodoreto
1737 5678 1857 5743 _au—
1962 5662 2072 5717 Nos
2097 5663 2365 5743 saniorem
2392 5662 2677 5719 lectionem
2706 5680 2770 5720 ex
2800 5682 2934 5723 mss.
2966 5670 3241 5737 omnibus,
3303 5686 3413 5726 uno
3436 5686 3535 5729 ex-

292 5736 402 5797 tem
422 5736 606 5798 lectio
660 5738 973 5810 Symmachi
1004 5741 1083 5793 sic
1110 5740 1330 5810 affertur
1350 5776 1364 5797 ,
1395 5739 1686 5810 μυστήριον
1737 5736 1849 5784 Κυ-

1978 5742 2146 5803 :epto,
2188 5740 2522 5787 mutuamur.

298 5816 430 5886 ρίου.
467 5813 602 5881 Quae
634 5803 841 5883 pariter
862 5807 1245 5865 Theodotionis
1275 5803 1404 5863 esse
1427 5803 1626 5861 ibidem
1663 5803 1853 5859 fertur.
