3940 6292
416 331 516 386 ΞΞΙ

1127 324 1393 384 EUSEBII
1425 323 1905 383 CAESARIENSlS
1936 326 2089 383 OPP.
2129 326 2310 383 PARS
2347 324 2514 384 Ill.——
2549 326 2961 385 EXEGETICA.

3550 333 3645 387 232

431 454 758 516 sequantur,
787 450 978 502 custos
1007 452 1126 500 esto
1156 444 1351 500 animae
1397 459 1552 510 meas,
1593 452 1650 500 et
1696 444 1767 501 ab
1814 444 1999 500 inimi-

2105 445 2194 499 καὶ
2220 444 2380 517 ῥῦσαί
2412 463 2481 518 με
2515 447 2615 518 τῆς
2635 448 2744 501 τῶν
2773 448 3047 519 πολεμίων
3075 446 3382 517 ἐπιϐουλῆς.
3417 447 3646 503 Τοσαῦτα

423 552 616 594 eorum
669 537 886 594 insidiis
931 553 1061 594 erue
1109 553 1217 594 me.
1256 537 1353 594 His
1398 553 1565 609 porro
1611 542 1812 609 gestis,
1863 539 1990 592 tali-

423 631 638 700 basque
669 630 925 701 precibus
964 629 1217 694 emissis,
1262 645 1334 685 ne
1381 629 1689 684 confundar
1733 629 1988 700 efﬂagito.

420 721 558 778 Cum
592 724 738 779 enim
766 731 821 780 te
850 737 1000 793 spem
1033 738 1210 777 meam
1242 723 1643 787 constituerim,
1676 724 1843 791 probe
1875 722 1990 776 scio

423 832 488 871 ac
518 833 839 888 persuasum
869 817 1064 879 habeo,
1099 817 1243 886 quod
1284 834 1409 887 spes
1434 833 1543 873 non
1606 817 1927 872 confundat.

495 909 663 966 Vens.
714 910 825 973 21,
871 908 963 965 22.
1016 908 1324 963 Innocenles
1381 919 1430 963 et
1481 910 1608 963 recti
1660 909 1992 963 adhaeserunt

426 1003 574 1068 mihi,
607 1004 732 1073 quia
766 1003 995 1056 sustinui
1040 1012 1105 1057 te.
1143 1001 1356 1067 Libera,
1390 1002 1553 1068 Deus,
1588 1000 1763 1056 Israel
1791 1016 1855 1055 ea:
1883 1017 1997 1055 om-

426 1094 580 1150 nibus
611 1094 1043 1149 tribulationibus
1076 1095 1208 1148 suis.
1242 1093 1356 1150 lloc
1389 1109 1419 1148 a
1452 1110 1538 1149 me
1579 1102 1791 1163 gestum
1833 1108 1994 1163 opus,

427 1202 552 1242 cum
596 1187 806 1242 caeteris
861 1187 1142 1250 collatum,
1195 1199 1551 1256 permagnum
1602 1184 1728 1249 fuit,
1788 1184 1997 1255 tibique

428 1279 539 1335 Deo
571 1286 893 1350 acceptum;
928 1278 1113 1333 multis
1143 1278 1289 1333 enim
1317 1278 1626 1347 exemplum
1671 1278 1994 1343 tolerantius,

338 1436 342 1442 ,
428 1374 553 1428 vita:
593 1371 799 1442 probae,
846 1369 1184 1441 pmnitentiae
1236 1378 1292 1424 et
1347 1366 1714 1424 confessionis
1767 1368 1994 1423 exstiti:

430 1469 761 1532 quapropter
802 1460 1124 1515 innocentes
1157 1467 1210 1513 et
1254 1460 1387 1513 recti
1438 1458 1542 1512 viri
1577 1458 1709 1513 mihi
1743 1473 1842 1513 ceu
1874 1459 1998 1530 glu-

429 1551 544 1607 tine
595 1550 876 1620 conjuncti
918 1551 1284 1615 adhaeserunt,
1331 1564 1622 1621 meumque
1663 1551 1998 1604 consortium

431 1642 845 1712 expetiverunt;
872 1642 1021 1696 nulla
1052 1656 1185 1697 sane
1213 1641 1317 1695 alia
1346 1640 1414 1697 de
1446 1655 1635 1705 causa,
1679 1655 1841 1711 quam
1872 1640 2000 1710 quia

438 1735 842 1806 perseverando
871 1733 1131 1799 sustinui,
1163 1741 1217 1788 et
1248 1732 1379 1786 nihil
1403 1747 1511 1787 non
1535 1746 1829 1801 perpessus
1855 1745 2000 1795 sum,

2095 539 2153 591 δέ
2184 538 2397 609 πράξας
2452 540 2547 593 καὶ
2586 539 2821 594 τοσαῦτα
2847 540 3078 612 δεηθεὶς,
3105 541 3178 612 μὴ
3210 541 3645 609 καταισχυνθῖψσι

2096 630 2251 697 ἀξιῶ.
2285 632 2351 685 Σὲ
2378 632 2486 704 γὰρ
2508 632 2695 686 ἐλπίδα
2739 634 2976 704 ἐμαυτοῦ
3000 634 3243 705 θέμενος,
3280 632 3517 704 ἀκριϐῶς
3545 627 3648 688 οἶδα

2098 723 2192 776 καὶ
2213 722 2536 795 πέπεισμαι,
2560 725 2642 778 ὅτι
2675 726 2709 797 ή
2746 726 2897 791 ἐλτέἱς
2926 727 2986 780 οὐ
3017 724 3385 797 καταισχύνει.

2173 908 2407 962 Ἄκακοι
2431 907 2527 961 καὶ
2545 907 2740 974 εὐθεῒς
2768 906 3112 963 ὲκολλῶντό
3123 927 3245 979 μοι,
3267 911 3356 964 ὅτι
3378 911 3650 982 ὐπέμεινά

2098 1015 2192 1055 σε.
2246 1001 2576 1068 Λύτρωσαι,
2623 1003 2656 1054 ὀ
2697 1000 2861 1067 Θεὸς,
2901 1001 3009 1056 τὸν
3062 1002 3299 1071 Ἰσραὴλ
3342 1004 3412 1057 ἐκ
3457 1005 3649 1060 πασῶν

2098 1091 2217 1147 τῶν
2236 1093 2502 1161 θλίψεων
2520 1093 2726 1148 αὐτοῦ.
2753 1095 2864 1148 Καὶ⁵
2891 1094 3050 1149 τοῦτὸ
3078 1114 3166 1167 μοι
3194 1099 3330 1170 πρὸς
3356 1102 3467 1163 τοῖς
3490 1100 3650 1166 ἄλλοις

2100 1182 2483 1255 κατορθώμασι
2539 1185 2684 1255 μέγα
2732 1185 2960 1257 ὑπῆρξε,
2998 1187 3093 1240 καὶ
3124 1188 3207 1242 σοὶ
3234 1188 3311 1260 τῷ
3333 1190 3451 1262 Θεῷ
3482 1191 3647 1261 φίλον·

2103 1276 2320 1341 πολλοῖς
2357 1276 2466 1349 γὰρ
2520 1276 2779 1347 ἐγινόμην
2815 1277 3176 1350 ὐπογραμμὸς
3212 1282 3522 1353 καρτερίας,
3550 1282 3651 1353 βίου

2100 1388 2160 1425 τε
2226 1368 2421 1440 σεμνοῦ
2472 1370 2566 1423 καὶ
2607 1371 2891 1440 μετανοίας
2946 1372 3038 1425 καὶ
3084 1372 3546 1447 ὲξομολογήσεως·
3582 1376 3651 1430 διὸ

2100 1465 2296 1519 ἄκακοι
2326 1462 2514 1535 ἄνδρες
2540 1466 2632 1516 καὶ
2658 1464 2832 1530 εύθεῖς
2858 1466 3189 1536 συνήπτοντό
3212 1484 3301 1537 μοι
3323 1467 3651 1539 κολλώμενοι,

2102 1555 2197 1609 καὶ
2224 1554 2483 1626 συμϐιοῦν
2508 1553 2802 1619 ἀξιοῦντες,
2828 1556 2893 1610 δι’
2919 1556 3068 1610 οὐδὲν
3097 1556 3282 1629 ἓτερον
3302 1558 3335 1629 ἢ
3356 1560 3438 1612 ὅτι
3466 1560 3651 1631 ὑπέμευ

2104 1667 2193 1704 νον
2217 1649 2519 1721 καρτερῶν,
2560 1650 2653 1704 καὶ
2684 1650 2862 1704 πάντα
2884 1650 3175 1723 ὑπέφερον,
3209 1652 3267 1706 σὲ
3305 1652 3404 1723 τὴν
3435 1654 3653 1723 ἐμαυτοῦ

2104 1742 2292 1798 ἐλπίδα
2343 1740 2801 1815 προϐεϐλημένος.
2866 1742 3088 1806 Τούτοις
3148 1742 3351 1799 ἅπασιν
3403 1745 3651 1813 ἐπιλέγειο

432 1826 577 1897 quod
608 1834 662 1881 te
692 1841 841 1897 spem
872 1841 1048 1879 meam
1078 1825 1479 1881 constituerim.
1512 1821 1609 1880 His
1645 1825 1760 1879 haec
1794 1823 1999 1879 subne‘

2105 1837 2426 1905 Λύτρωσαι,
2473 1839 2505 1890 ό
2565 1834 2728 1902 Θεὸς,
2772 1835 2881 1889 τὸν
2924 1835 3161 1904 Ἰσραὴλ
3199 1837 3267 1891 ἐκ
3309 1837 3520 1892 πασῶν
3554 1838 3652 1892 τῶν

433 1920 554 1983 ctit,
569 1916 778 1984 Libera,
809 1918 971 1985 Deus,
1008 1916 1182 1973 Israel
1207 1932 1272 1972 ex
1301 1916 1540 1972 omnibus
1572 1914 1998 1971 tribulationibus

433 2012 573 2067 suis:
604 2025 725 2065 sese
758 2010 968 2066 scilicet
1009 2009 1265 2065 lsraelem
1297 2007 1368 2062 ob
1402 2009 1655 2078 superius
1701 2013 2001 2063 memorata

442 2108 596 2171 gesta
620 2108 925 2170 nuncupat.
956 2097 1107 2154 Talis
1145 2100 1290 2155 enim
1317 2104 1402 2157 est
1428 2098 1680 2169 quisquis
1707 2098 1775 2153 ab
1807 2098 2004 2155 animas

432 2210 545 2250 su.e
590 2192 905 2248 conditione
955 2192 1170 2247 lsraelis
1204 2204 1404 2244 nomen
1463 2191 1692 2244 obtinet.
1739 2188 1849 2244 Aut
1895 2189 2003 2242 alia

432 2282 662 2350 ratione,
696 2296 820 2337 cum
870 2283 945 2335 ita
975 2280 1262 2335 institutus
1294 2281 1387 2345 sit,
1443 2287 1504 2333 ut
1546 2295 1658 2334 non
1704 2279 1790 2335 sui
1829 2278 2003 2335 solius

432 2376 738 2432 custodiam
767 2381 942 2445 gerat,
975 2382 1069 2427 aut
1114 2373 1198 2427 sui
1238 2381 1453 2426 tantum
1484 2374 1775 2439 sollicitus,
1816 2388 1916 2444 pro
1943 2388 2005 2430 se

434 2468 553 2524 solo
582 2466 750 2522 Deum
782 2473 1069 2537 precetur;
1096 2473 1218 2533 post
1260 2479 1374 2518 rem
1406 2464 1543 2543 bene
1571 2474 1803 2535 gestam,
1850 2470 2004 2534 post-

433 2572 596 2628 quam
646 2570 745 2610 sua
788 2561 938 2610 recte
992 2554 1323 2625 composuit,
1363 2568 1464 2624 pro
1508 2555 1765 2609 universo
1802 2555 2005 2626 populo

433 2645 529 2702 Dei
563 2645 990 2716 supplicationes
1027 2645 1249 2710 emittit,
1291 2653 1579 2715 rogatque,
1622 2655 1706 2711 ut,
1742 2646 2006 2717 quemad-

435 2739 657 2794 modum
704 2738 1029 2794 serantehac
1077 2754 1143 2793 ex
1178 2739 1439 2794 aerumnis
1480 2745 1537 2794 et
1582 2740 1850 2811 angustiis
1894 2740 2002 2796 crio

434 2846 563 2902 pere
610 2829 864 2902 dignatus
912 2838 1016 2893 cst,
1066 2829 1121 2881 id
1161 2828 1342 2897 ipsum
1378 2838 1505 2899 agat
1531 2844 1661 2901 erga
1692 2837 1872 2885 totum
1910 2830 2005 2886 Dei

435 2925 717 2999 p0pulum,
767 2924 864 2995 qui
910 2922 1248 2995 intelligendi
1296 2924 1535 2994 quadam
1587 2924 1801 2982 ratione
1835 2925 2007 2984 lsrael

438 3024 806 3089 nuncupatur.

838 3127 1164 3184 PSALMUS
1196 3127 1403 3182 DAVID
1426 3127 1592 3184 XXV.

2100 1931 2365 1998 θλίψεων
2385 1928 2571 1983 αὑτοῦ
2589 1946 2603 1959 ⁸
2632 1930 2750 2000 ήτοι
2784 1927 2945 1991 αὐτὸς
2963 1928 3155 1982 ἐαυτὸν
3187 1927 3654 2002 ἐξομολογούμενος

2109 2022 2324 2095 Ἰσραὴλ
2349 2021 2627 2093 ὀνομάζων
2658 2021 2747 2076 διὰ
2769 2020 2839 2074 τὰ
2868 2020 3234 2092 προλεχθέντα
3271 2021 3440 2077 αὐτοῦ
3475 2041 3655 2095 κατορ-

2102 2112 2329 2186 θώματα
2349 2130 2363 2144 ·
2390 2113 2630 2177 τοιοῦτος
2649 2114 2758 2183 γάρ
2795 2115 2942 2166 ἐστιν
2978 2114 3007 2166 ό
3051 2112 3192 2166 κατὰ
3232 2112 3413 2184 ψυχὴν
3441 2113 3655 2186 Ἰσραήλ.

2105 2203 2179 2257 Ἢ
2211 2203 2405 2268 ἄλλως,
2432 2203 2816 2273 διδασκόμενος
2856 2201 2930 2275 μὴ
2961 2204 3152 2257 ἑαυτὸν
3185 2203 3342 2273 μόνον
3374 2203 3656 2273 φυλάττειν,

2106 2296 2239 2369 μηδέ
2276 2294 2425 2366 αὐτῷ
2453 2295 2597 2367 μόνῳ
2643 2294 2981 2358 σπουδάζειν,
3009 2297 3104 2348 καὶ
3133 2295 3261 2365 περὶ
3301 2296 3463 2366 μόνου
3488 2296 3657 2349 ἐαυτοῦ

2101 2392 2193 2444 τὸν
2241 2389 2372 2443 Θεὸν
2424 2387 2684 2441 ἱκετεύειν
2708 2404 2722 2417 ·
2759 2387 2896 2459 μετὰ
2930 2386 2986 2441 δέ
3024 2387 3086 2440 τὸ
3113 2386 3460 2459 κατορθῶσαι
3491 2389 3579 2441 καὶ
3605 2384 3658 2444 εὖ

2102 2478 2171 2533 τά
2199 2479 2320 2535 καθ’
2342 2478 2533 2533 ἐαυτὸν
2575 2476 2869 2543 διαθέσθαι,
2906 2477 3045 2548 ὑπὲρ
3073 2475 3167 2530 τοῦ
3203 2477 3409 2541 παντὸς
3433 2478 3556 2532 λαοῦ
3576 2477 3658 2532 τοῦ

2102 2569 2238 2623 Θεοῦ
2288 2569 2387 2633 τὰς
2431 2567 2801 2640 παρακλήσεις
2831 2568 3139 2639 ἀναπέμπει
3164 2585 3176 2598 ·
3233 2568 3466 2624 ἱκετεύει
3499 2587 3573 2635 τε,
3603 2570 3659 2624 ἶν’

2103 2662 2292 2736 ὥσπερ
2316 2662 2571 2735 ἀνωτέρω
2602 2662 2793 2717 ἐαυτὸν
2811 2660 2963 2732 ἠξίου
2996 2662 3255 2734 ῥυσθῆναι
3287 2664 3399 2717 ἀπὸ
3421 2664 3525 2719 τῶν
3546 2667 3657 2719 ἐαυ-

2104 2762 2199 2817 τοῦ
2249 2762 2481 2833 θλίψεων
2503 2803 2518 2828 ,
2562 2762 2705 2817 οὕτω
2756 2763 2852 2817 καὶ
2908 2763 3086 2818 πάντα
3126 2764 3219 2817 τὸν
3250 2763 3349 2818 τοῦ
3382 2762 3515 2819 Θεοῦ
3544 2761 3656 2815 λαὸν

2106 2854 2250 2910 κατὰ
2279 2854 2517 2911 διάνοιαν
2562 2854 2776 2929 Ἰσραὴλ
2806 2856 3223 2929 ὀνομαζόμενον.

2494 3108 2789 3163 ΨΔΛΜΟΣ
2812 3108 2900 3161 Ta
2933 3107 3132 3161 ΔΑΥΙΔ
3160 3108 3292 3162 KE'.

506 3219 673 3275 Vens.
693 3218 744 3271 l.
768 3216 964 3271 Judica
1012 3233 1113 3283 me,
1164 3216 1402 3284 Domine,
1441 3217 1690 3288 quoniam
1720 3233 1813 3288 ego
1841 3218 1896 3273 in
1927 3220 2001 3273 in-

2179 3202 2398 3271 Κρῒνόν
2416 3217 2514 3271 με,
2548 3202 2744 3269 Κύριε,
2772 3200 2861 3254 ὅτι
2883 3200 2998 3270 ἐγὼ
3029 3200 3099 3254 ἐν
3133 3200 3357 3269 ἀκακίᾳ
3386 3218 3502 3287 μου
3539 3197 3659 3253 ἐπο-

436 3302 679 3365 nocentia
702 3323 820 3362 mea
856 3323 1165 3378 progressus
1197 3322 1335 3369 sum,
1366 3316 1415 3359 et
1442 3306 1500 3359 in
1539 3304 1765 3359 Domino
1794 3321 2009 3374 sperans

438 3386 544 3459 non
560 3401 934 3458 commovebar.
956 3400 1212 3456 Fortasse
1240 3399 1511 3470 quispiam
1535 3398 1650 3453 haec
1662 3398 1807 3452 dicta
1820 3398 2011 3454 Davidi

438 3496 683 3553 referens
713 3496 959 3566 apposite
989 3494 1209 3557 dixerit,
1238 3493 1420 3563 ipsum
1445 3492 1721 3562 supplices
1746 3490 1859 3547 Deo
1881 3507 2009 3563 pre-

437 3604 532 3646 ces
553 3586 829 3644 eﬂ’undere
858 3601 959 3657 pro
985 3587 1097 3641 vita
1124 3600 1243 3640 sua.
1284 3582 1420 3639 Nam
1449 3600 1575 3639 cum
1613 3593 1840 3640 sanctus
1864 3585 2011 3656 Apo-

440 3680 614 3736 stolus
643 3678 789 3733 dicat
815 3696 829 3733 :
860 3676 1076 3747 Oportet
1096 3677 1329 3746 primum
1357 3676 1591 3730 omnium
1620 3675 1738 3746 ﬁeri
1769 3676 2011 3731 obsecra-

440 3771 626 3834 tiones,
646 3770 931 3834 orationes,
950 3767 1351 3838 postulationes,
1373 3767 1669 3837 gratiarum
1682 3769 1915 3822 actiones
1929 3769 1972 3802 ³⁷
1990 3787 2005 3836 ;

440 3876 506 3916 ac
554 3860 815 3932 praedicta
861 3861 918 3915 in
966 3866 1202 3929 quatuor
1238 3858 1451 3929 species
1495 3858 1861 3924 distribuerit,
1912 3874 2011 3929 par

439 3962 525 4010 est
551 3967 652 4008 nos
686 3967 747 4007 ea
770 3966 891 4022 quae
917 3950 972 4005 in
999 3950 1332 4020 psalmorum
1372 3949 1514 4004 libro
1552 3948 1805 4004 feruntur
1828 3959 2009 4006 mente

441 4044 804 4117 perpendere,
855 4049 1019 4112 atque
1059 4041 1304 4097 indicare
1332 4042 1557 4113 quinam
1608 4058 1801 4099 eorum
1848 4044 2008 4100 obse-

440 4137 737 4201 crationes,
769 4136 863 4207 qui
905 4136 1205 4198 orationes,
1236 4135 1329 4205 qui
1374 4136 1796 4216 postulationes,
1828 4140 2009 4193 maxi-

440 4244 636 4300 meque
676 4229 771 4299 qui
817 4229 1116 4299 gratiarum
1151 4227 1396 4283 actiones
1444 4226 1778 4298 praeferant:
1809 4228 2009 4299 quidve

441 4322 591 4379 aliud
627 4322 696 4377 ab
730 4322 839 4376 alio
871 4319 1108 4387 differat,
1136 4329 1299 4391 atque
1327 4336 1391 4376 ex
1431 4327 1543 4375 toto
1574 4321 1909 4391 psalmorum
1944 4322 2009 4375 li-

440 4415 543 4472 bro
572 4427 736 4484 supra
764 4411 1038 4467 dictorum
1068 4413 1428 4483 proprietates
1458 4412 1717 4483 seligere;
1748 4420 1830 4476 ut,
1856 4412 2007 4468 verbi

440 4521 628 4574 causa,
656 4504 1088 4571 obsecrationes,
1117 4521 1187 4559 ex
1215 4504 1283 4559 iis
1312 4505 1541 4576 psalmis
1571 4506 1664 4577 qui
1704 4505 2008 4560 invocatio-

2103 3295 2349 3362 ρεύθην,
2372 3292 2472 3346 καὶ
2492 3292 2589 3345 ἐπὶ
2608 3291 2689 3358 τῷ
2704 3294 2895 3361 Κυρίῳ
2909 3290 3164 3353 ἐλπίζων
3179 3294 3251 3346 οὐ
3273 3291 3363 3361 μὴ
3382 3286 3659 3346 σαλευθῶ.

2123 3385 2290 3449 ’ἰδίως
2324 3385 2389 3439 ἄν
2416 3402 2499 3449 τις
2538 3385 2632 3438 ἐπὶ
2674 3385 2764 3438 τὸν
2791 3383 2953 3437 Δαυῖδ
2999 3376 3282 3454 ἀναφέρων
3304 3385 3432 3448 τοὺς
3462 3397 3661 3455 προκει-

2113 3476 2307 3548 μένους
2332 3475 2543 3545 λόγους,
2566 3475 2707 3529 εἴποι
2728 3474 2793 3529 ἂν
2813 3475 3061 3546 ἐντυχίαν
3075 3474 3236 3528 αὐτὸν
3256 3474 3522 3529 ποιεῖσθαι
3541 3472 3661 3544 πρὸς

2108 3567 2198 3621 τὸν
2224 3565 2355 3620 Θεὸν
2387 3565 2515 3638 περὶ
2539 3566 2632 3619 τοῦ
2661 3566 2786 3619 ἱδίου
2819 3565 2953 3636 βίου.
2984 3565 3090 3618 Τοῦ
3108 3566 3215 3638 γάρ
3237 3566 3386 3638 ἱεροῦ
3425 3561 3660 3619 Ἀποστό-

2108 3656 2201 3711 λου
2233 3658 2530 3729 φήσαντοςο
2575 3655 2814 3726 Πρῶτον
2851 3656 3087 3711 πάντων
3113 3657 3207 3711 δεῖ
3224 3658 3517 3712 ποιεῖσθαι
3543 3653 3661 3721 δεή-

2109 3765 2261 3815 σεις,
2312 3750 2687 3820 προσευχὰς,
2722 3750 3059 3817 ἐντεύξεις,
3095 3740 3511 3819 εὐχαριστίαςε
3578 3745 3662 3798 καὶ

2108 3841 2370 3907 διελόντος
2414 3842 2483 3897 τὰ
2528 3842 2893 3915 προλεχθέντα
2939 3845 3017 3907 εις
3070 3843 3185 3914 εἴδη
3228 3842 3489 3914 τέσσαρα,
3527 3838 3661 3912 ἡμᾶς

2109 3938 2374 4009 προσήκει
2401 3936 2500 4008 τὴν
2531 3936 2765 3990 διάνοιαν
2791 3938 2903 4000 τοῖς
2937 3938 2994 3990 ἐν
3019 3939 3086 4007 τῇ
3113 3936 3280 4007 βίϐλῳ
3312 3936 3421 3990 τῶν
3436 3931 3661 4005 Ψαλμῶν

2108 4027 2503 4099 ἐμφερομένοις
2550 4029 2775 4099 ἐφιστᾷν
2818 4028 2909 4080 τὸν
2954 4027 3098 4094 νοῦν,
3153 4024 3661 4097 ἐπισημαινομένους

2107 4120 2249 4183 τίνες
2276 4121 2372 4191 μὲν
2397 4120 2574 4174 αὐτῶν
2613 4120 2929 4191 περιέχουσι
2952 4119 3184 4191 δεήσεις,
3215 4120 3308 4174 καὶ
3336 4119 3479 4183 τίνες
3508 4131 3661 4189 προσο

2108 4211 2290 4282 ευχὰς,
2341 4211 2434 4264 καὶ
2470 4212 2615 4276 τίνες
2657 4211 2948 4278 ἐντεύξεις,
2977 4213 3069 4265 καὶ
3095 4214 3188 4265 ἐπὶ
3229 4214 3364 4266 πᾶσι
3396 4212 3537 4275 τίνες
3584 4209 3662 4263 εὑ-

2107 4304 2423 4376 χαριστίας·
2458 4303 2511 4356 τί
2536 4321 2596 4357 τε
2639 4304 2886 4377 διαφέρει
2942 4304 3167 4377 θάτερον
3197 4304 3450 4376 θατέρου,
3489 4300 3664 4358 ἀναλέ-

2107 4396 2298 4465 γεσθαί
2353 4412 2414 4449 τε
2466 4396 2574 4449 ἀπὸ
2613 4397 2793 4467 πάσης
2838 4397 2937 4468 τῆς
2979 4397 3159 4467 βίὸλου
3191 4396 3299 4451 τῶν
3337 4395 3576 4468 Ψαλμῶν
3601 4391 3663 4445 τά

2112 4486 2376 4561 ἰδιώματα
2406 4490 2516 4544 τῶν
2541 4490 2845 4561 εἰρημένων
2872 4508 2886 4521 ·
2920 4486 3031 4545 οἷον
3076 4490 3175 4554 τὰς
3207 4491 3304 4561 μὲν
3336 4491 3544 4562 δεήσεις
3567 4485 3662 4542 ἀπὸ

438 4616 538 4658 nes
580 4609 636 4657 et
691 4598 1118 4670 supplicationes
1177 4574 1635 4669 complectuntur,
1697 4598 1753 4652 in
1808 4599 2001 4669 quibus

2109 4582 2219 4637 τῶν
2251 4583 2613 4655 περιεχόντων
2641 4582 3037 4656 παρακλήσεις,
3066 4584 3159 4637 καὶ
3178 4584 3478 4657 ἱκετηρίας,
3512 4585 3566 4636 ἐν
3584 4574 3663 4642 αἷς

438 4700 656 4749 exstant
692 4692 857 4748 etiam
897 4690 1308 4756 confessiones;
1358 4691 1538 4760 qualis
1588 4700 1673 4746 est
1708 4691 2006 4761 vigesimus

438 4791 668 4855 quartus
706 4783 969 4854 psalmus,
1002 4782 1096 4852 qui
1125 4795 1300 4851 neque
1342 4780 1638 4844 canticum,
1665 4794 1840 4850 neque
1861 4780 2008 4850 psal-

438 4891 583 4940 mus,
618 4890 795 4946 neque
824 4875 1082 4947 hymnus,
1122 4887 1302 4943 neque
1343 4871 1523 4927 simile
1560 4871 1862 4943 quidpiam,
1904 4871 2003 4927 sed

438 4965 628 5023 Davidi
656 4969 835 5024 solum
861 4967 1198 5023 inscribitur.
1230 4964 1520 5021 Orationes
1550 4972 1700 5029 sunt,
1737 4971 2005 5035 quotquot

440 5059 634 5131 psalmi
666 5061 721 5113 in
751 5060 910 5114 titulo
938 5059 1218 5113 orationes
1247 5057 1539 5121 dicuntur;
1572 5056 1884 5126 cujusmodi
1923 5065 2009 5111 est

440 5149 686 5205 decimus
714 5160 924 5217 sextus,
956 5151 1322 5221 octogesimus
1353 5150 1603 5220 quintus,
1634 5148 2007 5217 octogesimus

442 5256 643 5307 nonus,
689 5244 1022 5299 centesimus
1064 5244 1296 5313 primus,
1340 5241 1673 5297 centesimus
1701 5243 2006 5310 quadrage-

443 5334 616 5394 simus
653 5332 885 5403 primus.
931 5334 1242 5389 Gratiarum
1285 5334 1531 5389 actiones
1577 5342 1725 5399 sunt,
1756 5333 1850 5402 qui
1884 5333 2003 5403 pari

442 5425 656 5480 ratione
683 5438 747 5479 ac
776 5425 1108 5480 centesimus
1138 5424 1412 5481 secundus
1434 5422 1731 5492 conscripti
1767 5431 1917 5486 sunt,
1946 5423 2003 5477 in

441 5532 550 5586 quo
589 5517 671 5572 sic
713 5515 950 5585 legitur:
976 5514 1222 5579 Benedic,
1271 5516 1452 5569 anima
1484 5530 1621 5581 mea,
1672 5512 1923 5576 Domino.
1953 5522 2004 5568 et

440 5609 551 5664 noli
606 5607 843 5663 oblivisci
884 5622 1060 5663 omnes
1102 5605 1469 5661 retributiones
1502 5606 1651 5676 ejus,
1695 5613 1751 5661 et
1784 5613 1999 5662 caetera.

510 5765 554 5802 "
594 5764 615 5819 ι
647 5763 789 5820 Tim.
826 5781 903 5825 ιι.
940 5764 992 5819 1.
1034 5761 1169 5819 Vide
1201 5776 1363 5828 supra
1392 5761 1589 5829 psalm.
1624 5776 1737 5829 vn,
1771 5761 1834 5829 i,
1870 5759 1923 5816 5.

2111 4671 2285 4726 δέςκαὶ
2306 4671 2719 4745 ἐξομολογήσεις
2756 4674 3048 4745 φέρονται’
3079 4674 3262 4738 ὁποῖός
3291 4676 3440 4728 ἐστιν
3464 4676 3493 4727 ό
3527 4674 3661 4726 εἱκο-

2114 4764 2525 4835 στὸςετέταρτος
2570 4764 2802 4837 ψαλμὸς,
2837 4766 2960 4820 οὔτε
2984 4767 3116 4838 ᾠδὴ,
3145 4765 3268 4820 οὔτε
3291 4766 3523 4837 ψαλμὸς,
3551 4762 3661 4819 οὔτε

2111 4859 2297 4930 ὕμνος,
2331 4858 2453 4913 οὕτε
2480 4876 2533 4912 τι
2572 4860 2841 4915 τοιοῦτον·
2889 4860 3005 4913 ἀλλ’
3039 4860 3223 4925 ἁπλῶς
3255 4859 3333 4932 τῷ
3361 4860 3525 4914 Δαυῒδ
3553 4861 3664 4911 ἐπι·

2108 4954 2512 5026 γεγραμμένος.
2579 4957 2886 5029 Προσευχαὶ
2921 4957 2978 5010 δέ
3028 4958 3187 5022 εἰσιν,
3212 4957 3326 5011 ὅσοι
3355 4958 3414 5011 ἐν
3440 4959 3505 5027 τῇ
3545 4969 3665 5022 προ-

2109 5050 2293 5119 γραφῇ
2349 5048 2664 5120 προσευχῶν
2713 5049 3135 5121 ἐπιγράφουσιν·
3166 5044 3279 5103 οἷον
3315 5052 3343 5104 ό
3372 5049 3434 5114 ἓξ
3479 5048 3569 5101 καὶ
3587 5043 3665 5097 δέ-

2108 5154 2292 5201 κατος,
2324 5138 2418 5191 καὶ
2442 5140 2471 5191 ό
2501 5138 2854 5211 ὀγδοηκοστὸς
2892 5138 3164 5210 πέμπτος,
3198 5141 3291 5194 καὶ
3322 5135 3663 5209 ὀγδοηκοστὸς

2106 5227 2341 5291 ἐννατος,
2381 5228 2475 5282 καὶ
2519 5228 2807 5293 ἐκατοστὺς
2838 5229 3074 5301 πρῶτος,
3108 5232 3204 5285 καὶ
3234 5228 3517 5291 έκατοστὸς
3548 5239 3661 5279 τεσ-

2106 5325 2440 5396 σαρακοστδς
2482 5322 2715 5395 πρῶτος.
2749 5322 3099 5394 Εὐχαριστίαι
3121 5323 3181 5377 δέ
3220 5324 3354 5377 εἰσιν
3386 5324 3434 5375 οἱ
3476 5306 3660 5391 ὁμοίως

2107 5420 2320 5492 ἔχοντες
2332 5418 2410 5491 τῷ
2424 5417 2696 5489 ἑκατοστῷ
2711 5418 2967 5490 δευτέρῳ,
2985 5420 3042 5472 ἐν
3061 5411 3105 5486 ᾧ
3131 5417 3343 5490 εἴρηται
3360 5434 3374 5447 '
3399 5415 3655 5481 Εῠλόγει.

2106 5513 2334 5583 ἡψυχή
2352 5529 2493 5583 μου,
2543 5513 2649 5567 τὸν
2700 5513 2940 5581 Κύριον,
3004 5512 3105 5566 καί
3136 5511 3224 5581 μὴ
3271 5504 3657 5583 mxumam

2353 5580 2463 5673 τὰς
2494 5580 2929 5672 ἀνταποδόσεις
2988 5580 3219 5670 αὐτοῦ,
3264 5602 3355 5658 καὶ
3409 5598 3477 5654 τά
3521 5580 3652 5664 έξῆςο
