3940 6292
230 312 318 347 ωτι

234 334 319 363 206

1357 307 1858 363 COMMENTARM
1900 308 1964 361 IN
2004 307 2336 361 PSALMOS.

3370 300 3477 353 9'5!

232 426 508 492 Ἐντευξιν
530 428 589 481 δὲ
622 429 909 499 περιέχειὸ
940 428 1074 498 μετὰ
1099 430 1303 498 χεῖρας,
1326 429 1382 480 ὲν
1399 420 1442 494 ᾧ
1467 427 1807 496 γέγραπται·

1938 425 2312 480 ’ostulationes
2357 422 2597 476 continet
2645 435 2885 490 prscsens
2938 420 3237 491 psalmus,’
3277 419 3333 472 in
3376 435 3484 489 quo

229 517 443 586 Κρῖνόν
488 536 590 587 με,
652 521 846 582 Κύριε,
880 520 969 571 ὅτι
1023 519 1137 587 ἐγὼ
1170 520 1240 570 ὲν
1282 519 1496 584 ἀκακία
1523 535 1641 586 μου
1670 518 1808 568 ἐπο-

225 611 464 678 ρεύθην,
504 610 601 663 καὶ
645 611 713 663 τὰ
746 610 891 680 ἑξῆς.

312 702 491 770 Ἐρεῖς
525 696 643 761 οὖν,
697 701 885 771 ἐπειδὴ
941 700 1110 762 ὅντως
1149 698 1351 770 ἤρξατο
1387 702 1415 751 ὁ
1453 699 1636 761 Δαυῖδ,
1667 700 1740 761 ὼς
1761 700 1810 751 οἱ

228 794 495 861 θεοφιλεῖς
542 793 735 863 ἄνδρες
766 796 822 846 ὲν
873 796 983 857 τοῖς
1014 793 1219 846 ἑαυτῶν
1252 792 1343 844 τοῦ
1379 792 1494 861 βίου
1538 790 1811 862 κατορθώ-

230 904 394 955 μασιν
448 882 596 955 εἶχόν
640 903 761 937 τινα
804 886 1253 955 πλεονεκτήματα
1300 883 1573 955 ἐξαίρετα.
1624 884 1683 933 ἐν
1731 877 1811 944 οἷς

226 978 461 1039 ἕκαστος
510 976 691 1029 αὐτῶν
742 976 884 1039 ίδίως
934 975 1243 1047 διαπρεπὴς
1291 975 1539 1043 γέγονεν·
1576 968 1686 1026 οἷον
1735 974 1812 1035 ὡς

227 1069 321 1120 ἐπὶ
353 1069 816 1140 παραδείγματος,
873 1070 1073 1139 Ἰωσὴφ
1114 1070 1172 1121 ὲν
1205 1069 1549 1139 σωφροσύνῃ,
1601 1065 1716 1117 Ἰὼϐ
1745 1069 1810 1137 τῇ

228 1159 334 1211 τῶν
360 1159 552 1211 δεινῶν
581 1161 845 1231 ὑπομονῇ,
874 1159 1122 1230 Σολομὼν
1151 1161 1207 1212 ὲν
1232 1159 1391 1229 σοφίᾳ
1419 1159 1511 1209 καὶ
1533 1158 1809 1227 φρονήσει’

240 1250 499 1321 Ἀϐραὰμ
518 1250 604 1304 διὰ
631 1253 731 1321 τῆς
765 1252 995 1316 πίστεως
1021 1250 1399 1305 δεδικαιιῖηθαι
1439 1250 1682 1318 λέγεται·
1718 1248 1815 1301 καὶ⁵

225 1344 388 1407 ἄλλος
424 1344 588 1396 πάλιν
628 1347 687 1397 ὲν
723 1344 865 1415 ἄλλῳ
919 1344 1119 1415 ἀρετῆς
1167 1343 1340 1412 ἀγῶνι
1390 1342 1813 1413 μεμαρτύρηται

225 1436 562 1505 διαλάμψας.
612 1435 833 1499 Τούτοις
878 1432 971 1489 οὖν
1020 1436 1220 1507 ὁμοίως
1248 1436 1342 1489 καὶ
1369 1437 1398 1488 ὁ
1417 1433 1578 1488 Δαυῖδ
1606 1433 1817 1503 ἐξαίρε-

226 1540 321 1575 τον
359 1524 565 1594 ἀρετὴν
608 1524 948 1595 κτησάμενος
999 1524 1411 1596 ἀναγέγραπται
1437 1526 1535 1596 τὴν
1563 1523 1812 1587 ἀνεξικα-

227 1615 357 1669 κίαν
376 1633 389 1643 ·
422 1615 572 1687 δι’ῆν
603 1618 698 1669 καὶ
728 1616 818 1669 τὸν
845 1617 1019 1671 Σαοὺλ
1042 1619 1264 1689 ήνεγκε,
1303 1616 1473 1689 μυρία
1503 1618 1624 1670 κατ’
1651 1616 1815 1669 αὑτοῦ

223 1705 549 1775 δεδρακότα,
588 1707 730 1779 ειπερ
764 1706 954 1777 πράως
993 1710 1085 1761 καὶ
1129 1708 1465 1773 ἀνεξικάκως
1511 1708 1817 1778 ὑπομείνας

1914 521 2177 590 scriptum
2215 528 2297 573 est
2324 536 2339 571 :
2366 516 2561 569 Judica
2596 532 2695 577 me,
2744 514 2991 577 Domine,
3021 515 3271 585 quoniam
3310 530 3403 582 ego
3428 516 3483 566 in

1913 613 2210 666 innocentia
2244 627 2356 663 mea
2380 624 2688 679 progressus
2714 623 2852 670 sum,
2888 614 2993 659 etc.

1985 706 2145 759 Dicas
2170 706 2334 773 igitur
2361 705 2487 773 quia
2524 702 2687 756 David
2729 716 2795 755 eo
2830 715 2889 754 se
2923 699 3087 753 modo
3112 713 3302 769 gerere
3338 698 3485 750 ince-

1915 797 2012 866 pit,
2044 796 2329 865 religiosos
2362 796 2511 849 viros
2545 794 2598 847 in
2630 792 2890 861 operibus
2918 790 3015 844 abs
3048 804 3107 843 se
3135 789 3316 849 editis,
3348 802 3486 857 quo-

1916 888 2040 941 dam
2074 888 2333 941 virtutmn
2368 901 2562 956 genere
2594 885 2984 955 praecelluisse,
3020 882 3076 935 in
3111 896 3221 951 quo
3250 881 3487 950 quisque

1918 977 2160 1045 ipsorum
2193 978 2490 1047 praeclarus
2516 977 2725 1040 evasit;
2774 983 2856 1037 ut,
2894 973 3127 1042 exempli
3166 987 3354 1033 causa,
3386 968 3483 1023 Jo-

1914 1073 2044 1140 seph
2068 1071 2423 1132 continentia,
2442 1068 2544 1123 Job
2568 1068 2823 1137 patientia
2846 1067 2899 1120 in
2925 1066 3203 1131 adversis;
3228 1064 3483 1118 Salomon

1916 1164 2177 1233 sapientia
2202 1172 2255 1216 et
2274 1162 2554 1230 prudentia
2574 1178 2588 1225 ;
2606 1159 2876 1213 Abraham
2900 1158 3004 1211 title
3020 1156 3350 1225 justiﬁestus
3366 1172 3487 1210 esse

1913 1256 2109 1309 dicitur
2135 1270 2148 1306 :
2177 1265 2229 1308 ct
2256 1255 2397 1307 alius
2428 1254 2621 1306 iterum
2650 1252 2757 1306 alio
2787 1251 3002 1305 virtutis
3027 1248 3321 1303 certamine
3344 1249 3484 1302 emi-

1914 1348 2094 1403 cuisse
2117 1346 2459 1416 praedicatur.
2484 1344 2857 1412 Similiterque
2878 1342 3043 1395 David
3066 1340 3334 1410 praecipua
3359 1356 3488 1409 qua-

1912 1442 2035 1495 dam
2060 1440 2279 1501 virtute,
2313 1438 2518 1492 scilicet
2536 1437 2857 1506 injuriarum
2876 1434 3169 1498 oblivione,
3194 1433 3487 1487 emicuisse
3576 1438 3579 1441 ’

1918 1528 2128 1598 scripto
2169 1527 2440 1591 traditur;
2496 1540 2607 1596 qua
2638 1522 2860 1578 Saulem
2890 1522 3166 1593 patienter
3197 1521 3345 1582 tulit,
3399 1518 3494 1589 qui

1920 1622 2193 1677 sexcentis
2216 1636 2340 1676 eum
2368 1620 2524 1673 malis
2549 1618 2823 1683 alfecerat,
2854 1627 2907 1671 et
2932 1616 3047 1670 haec
3072 1615 3186 1685 ipse
3211 1615 3491 1668 moderate

1923 1729 1986 1768 ac
2025 1714 2145 1769 sine
2185 1712 2559 1782 indignatione
2594 1711 2785 1765 tulisse
2822 1710 2877 1763 in
2908 1708 3190 1778 Scriptura
3217 1713 3494 1760 narratur.

224 1796 667 1863 ἀναγέγραπται.
721 1799 873 1852 Ἐπεὶ
933 1800 1112 1853 τοίνυν
1185 1800 1461 1871 ἐξαίρετος
1538 1795 1607 1871 ἦν
1680 1798 1817 1869 αὕτη

1938 1804 2061 1872 )uia
2090 1804 2255 1875 igitur
2287 1805 2403 1859 hate
2434 1802 2658 1857 Davidis
2680 1801 2956 1871 prmeipua
2980 1801 3156 1854 virtus
3185 1805 3325 1857 erat.
3352 1810 3501 1849 man—

221 1888 317 1941 τοῦ
349 1888 518 1941 Δαύϊδ
544 1891 735 1962 ἀρετὴ,
778 1892 921 1959 λέγω
956 1892 1013 1945 δὲ
1043 1894 1076 1963 ὴ
1106 1893 1203 1963 τῆς
1240 1892 1546 1964 πραότητος
1572 1893 1667 1946 κα)¹
1713 1908 1815 1945 τα-ὅ

225 1980 665 2051 πεινοφροσύνης
692 1982 786 2036 καὶ
829 1983 1200 2048 ἀνεξικακίας,
1248 1982 1420 2036 ταῦτα
1457 1983 1634 2037 πάντα
1678 1982 1813 2053 ὁμοῦ

227 2069 545 2141 περιλαϐὼν
577 2072 812 2129 ἀκακίαν
838 2074 976 2128 αὐτὰ
1014 2074 1296 2146 ὠνόμασεο
1333 2076 1427 2128 καὶ
1452 2075 1526 2137 ὡς
1554 2077 1611 2127 ἐν
1642 2074 1815 2144 τούτῳ

229 2164 471 2231 μάλιστα
504 2164 583 2235 τῷ
628 2166 782 2237 μέρει
824 2168 1194 2239 κατορθώσας,
1225 2172 1283 2224 ὲν
1309 2173 1375 2241 τῇ
1410 2170 1546 2241 πρὸς
1573 2171 1663 2223 τὸν
1684 2170 1817 2223 Θεὸν

226 2255 472 2320 ἐντεύξει
490 2259 623 2328 φησί
643 2274 655 2286 ’
693 2258 913 2327 Ιιζρῖνόν
931 2277 1032 2329 με,
1062 2262 1259 2329 Κύριε,
1284 2260 1502 2331 arma)
1523 2263 1819 2328 ἑνὰκακίᾳ

227 2364 345 2414 μου
407 2349 759 2417 ἐπορεύθην.
802 2351 953 2404 Ἐπεὶ
999 2353 1056 2406 δὲ
1101 2354 1243 2423 μέγα
1290 2353 1420 2425 περὶ
1460 2354 1651 2406 ἑαυτοῦ
1690 2355 1821 2407 ἁπε-

229 2440 463 2509 φὴνατο,
495 2440 684 2512 ὥσπερ
725 2444 1206 2516 ὲγκαυχησὰμενος
1231 2446 1308 2515 τῷ
1329 2447 1592 2518 ἐξαιρέτῳ
1625 2445 1819 2499 ἑαυτοῦ

230 2530 624 2602 κατορθώματι
651 2532 753 2603 τῆς
793 2535 1081 2607 ἀκακίαςῆ
1107 2537 1205 2606 τῆς
1237 2539 1558 2609 ἁπλότητος,
1595 2540 1822 2611 ἐπιλαμ-

232 2622 459 2678 ϐάνεται
484 2627 644 2690 αὐτὸς
681 2630 873 2684 ἑαυτοῦ
910 2631 1000 2684 καὶ
1027 2631 1269 2697 ἐπιλέγει
1292 2633 1605 2700 ἀναγκαίως
1660 2633 1818 2703 ἑξῆς*

238 2717 461 2769 1ιάὶὲπί
482 2720 561 2785 τῷ
579 2723 775 2789 Κυρίῳ
800 2722 1053 2783 ἐλπίζων
1066 2727 1137 2777 οὺ
1152 2724 1237 2792 μὴ
1260 2726 1597 2795 ἀσθενήσω.
1633 2728 1825 2795 Ἀναγ-

232 2808 407 2872 καὶως
421 2807 512 2863 οὖν
537 2814 858 2878 συνέπλεξεν
873 2816 1061 2869 ἑαυτὸν
1085 2820 1149 2887 τῇ
1185 2818 1279 2869 ἐπὶ
1300 2817 1390 2870 τὸν
1408 2819 1611 2889 Κύριον
1626 2820 1822 2886 ἐλπίδι,

233 2902 322 2952 καὶ
348 2902 548 2955 ἑαυτοῦ
597 2911 911 2978 κατηγορεῖ,
947 2910 1021 2971 ὡς
1048 2908 1344 2979 δυναμένου
1380 2911 1707 2981 σαλευθῆναι
1731 2913 1825 2965 καὶ

233 2995 583 3066 ἐκτραπῆναι
616 3000 709 3051 καὶ
745 3000 1126 3071 ὲξασθενῆσαι.
1166 3003 1311 3072 Πλὴν
1356 3004 1507 3057 οὐδὲν
1544 3005 1826 3058 πείσεσθαι

231 3085 316 3139 διὰ
334 3088 439 3158 τὴν
460 3091 539 3153 εἰς
558 3090 689 3144 Θεὸν
713 3092 903 3146 ἐλπίδα
921 3093 1137 3165 θαρρῶν
1159 3095 1541 3149 διεϐεϐαιοῦτο·
1564 3096 1679 3167 ᾔδει
1695 3095 1823 3169 γὰρ,

232 3180 306 3233 δτι
334 3184 374 3252 ἡ
403 3182 560 3246 ἐλπὶς
579 3185 637 3236 ού
660 3186 1035 3255 καταισχύνει,
1075 3187 1213 3240 κατὰ
1240 3188 1329 3241 τὸν
1376 3188 1719 3243 Ἀπόστολον,

294 3276 649 3343 Δοκίμασόν
673 3295 769 3346 με,
806 3280 1001 3346 Κύριε,
1041 3281 1139 3333 καὶ
1171 3281 1463 3347 πεφασόν
1493 3298 1570 3349 με
1590 3298 1603 3311 ’
1634 3282 1833 3349 πύρω-

233 3380 351 3418 σον
384 3367 527 3432 τοὺς
552 3371 811 3438 νεφρούς
831 3388 949 3438 μου
984 3372 1081 3424 καὶ
1113 3371 1226 3438 τὴν
1259 3372 1510 3439 καρδίαν
1542 3390 1688 3441 μου.
1712 3374 1833 3427 ’Ότι

233 3457 293 3510 τὸ
322 3460 509 3524 ἔλεός
538 3477 653 3513 σου
684 3460 999 3515 κατέναντι
1032 3462 1151 3515 τῶν
1182 3462 1507 3532 ὀφθαλμῶν
1532 3482 1651 3532 μου
1677 3464 1831 3527 ἐστὶ,

237 3551 331 3602 καὶ
381 3550 769 3618 εὺηρέστησα
802 3553 872 3605 ἐν
902 3553 975 3620 τῇ
1004 3555 1257 3621 ἀληθείᾳ
1286 3571 1421 3608 σου.
1459 3556 1569 3625 Οὐχ
1602 3555 1677 3619 ὡς
1700 3555 1834 3610 ἀλα·

235 3641 616 3712 ζονευόμενος,
646 3645 752 3697 οὐδ’
781 3646 1137 3714 ἐπαιρόμενος
1176 3645 1331 3713 ἔλεγε
1360 3645 1451 3697 τό·
1491 3646 1836 3713 Δοκίμασόν

236 3752 321 3803 με,
368 3736 570 3801 Κύριε,
613 3737 709 3788 καὶ
744 3737 1039 3803 πείρασόν
1074 3754 1185 3805 με·
1233 3739 1518 3804 πίιρωσον
1562 3738 1704 3802 τοὺς
1736 3754 1834 3790 νε-

236 3825 435 3892 φρούς
459 3842 580 3893 μου
614 3826 714 3877 καὶ
741 3826 856 3893 τὴν
884 3826 1135 3894 ναρδιάν
1173 3844 1293 3896 μου
1314 3842 1327 3855 ·
1364 3826 1477 3880 ἀλλ’
1505 3826 1580 3889 ὡς
1611 3831 1668 3881 ὲν
1702 3828 1835 3898 εὐχῇ

238 3916 582 3988 παρακαλῶν
616 3918 719 3970 ὑπὸ
747 3918 841 3971 τοῦ
868 3916 1002 3971 Θεοῦ
1038 3918 1379 3992 καθαρθῆναι
1413 3919 1501 3972 διὰ
1527 3919 1628 3989 τῆς
1662 3918 1837 3990 πυρώ-

240 4026 405 4072 σεως,
441 4010 492 4060 εἱ
538 4009 708 4063 δέοιτο
742 4011 1079 4083 καθάρσεως.
1116 4012 1433 4083 Παρακαλεῖ
1472 4012 1649 4065 τοίνυν
1694 4013 1839 4065 δοκι-

243 4101 528 4171 μασθῆναι
563 4103 655 4154 καὶ
700 4103 1060 4175 πειρασθῆναι
1094 4104 1191 4175 τὴν
1240 4102 1631 4174 προλεχθεῖσαν
1673 4105 1837 4157 αὑτοῦ

241 4194 471 4266 ἀρετὴν,
523 4194 645 4248 καθ’
691 4196 757 4266 ἦν
811 4195 1115 4266 διαπρέψας
1170 4196 1571 4259 ἀποδέδεικται,
1609 4197 1708 4249 ούκ
1754 4199 1839 4265 ἐφ’

243 4287 426 4357 ἑαυτῷ
473 4288 770 4351 πεποιθὼς,
798 4288 911 4341 ἀλλ’
949 4290 1042 4342 ἐπὶ
1074 4287 1150 4357 τῷ
1193 4288 1285 4341 τοῦ
1319 4288 1455 4340 Θεοῦ
1493 4288 1651 4359 ἐλέῳ.
1685 4288 1841 4341 Ούτω

241 4380 398 4448 γοῦν,
436 4381 594 4451 φησι,
616 4380 703 4433 διὰ
732 4380 932 4443 παντὸς
981 4382 1038 4433 σε
1066 4381 1154 4433 τὸν
1187 4381 1317 4433 Θεὸν
1346 4382 1437 4433 καὶ
1463 4381 1553 4434 τὸν
1584 4381 1672 4431 σὺν
1697 4380 1843 4432 ἔλεον

245 4474 348 4544 πρὸ
381 4473 679 4543 ὀφθαλμῶν
706 4472 865 4543 ἒχων,
894 4473 1070 4526 πάντα
1100 4472 1189 4525 τὸν
1212 4473 1452 4543 ἐμαυτοῦ
1480 4473 1592 4543 βίον
1620 4473 1713 4525 καὶ
1739 4472 1842 4525 115t-

1923 1897 2155 1954 suetudo
2192 1912 2407 1967 nempe,
2438 1894 2741 1961 humilitas,
2776 1902 2830 1948 et
2862 1892 3152 1948 tolerantia
3182 1910 3195 1944 :
3224 1891 3338 1945 haec
3381 1903 3499 1941 om-

1927 1992 2018 2046 nia
2063 2005 2171 2044 una
2204 1988 2597 2059 complectens,
2641 1985 3015 2041 innocentiam
3049 1983 3285 2036 vocavit.
3320 1980 3386 2032 Et
3414 1988 3502 2033 ut-

1924 2091 2052 2153 pote
2081 2083 2174 2153 qui
2206 2083 2310 2136 hac
2338 2081 2607 2151 prtecipue
2638 2080 2691 2132 in
2729 2089 2881 2149 parte
2911 2093 2972 2132 se
3006 2076 3265 2146 praeclare
3299 2073 3502 2143 gessis-

1928 2183 2031 2239 sct,
2066 2176 2119 2228 in
2151 2174 2518 2245 postulatione
2544 2188 2643 2226 sua
2672 2173 2743 2224 ita
2770 2170 2938 2224 Deum
2971 2164 3504 2237 compellatzJudica

1927 2284 2028 2333 me,
2064 2268 2308 2333 Domine,
2343 2266 2589 2336 quoniam
2635 2280 2727 2333 ego
2772 2264 2826 2315 in
2874 2260 3170 2313 innocentia
3215 2274 3328 2310 mea
3380 2271 3503 2324 pro-

1927 2378 2136 2431 gressus
2169 2378 2305 2414 sum.
2355 2357 2806 2427 Quandoquidem
2852 2369 3109 2423 magnum
3135 2351 3202 2405 de
3242 2366 3302 2405 se
3345 2349 3505 2419 quid-

1930 2455 2073 2525 piam
2111 2455 2515 2525 pronuntiarat,
2551 2451 2709 2521 quasi
2738 2446 3108 2518 iactabundus
3139 2444 3207 2498 de
3246 2443 3507 2512 prax'lara

1932 2560 2033 2599 sua
2066 2544 2397 2599 innocentia-
2423 2550 2477 2596 et
2513 2538 2884 2610 simplicitatis
2918 2536 3141 2598 virtute,
3183 2548 3304 2588 sese
3333 2531 3510 2600 repri-

1932 2638 2033 2690 mit
2064 2646 2117 2691 et
2146 2636 2305 2705 quasi
2342 2634 2668 2690 necessitate
2700 2630 2961 2684 inductus
2991 2627 3201 2693 adjicit.
3234 2634 3283 2677 et
3314 2625 3367 2676 in
3398 2621 3511 2677 Do-

1933 2731 2077 2785 mino
2118 2745 2336 2797 sperans
2385 2744 2489 2779 non
2539 2723 2919 2779 commovebar.
2970 2718 3295 2774 Necessario
3344 2715 3513 2785 igitur

1934 2838 2032 2893 spe
2068 2837 2123 2875 ιιι
2156 2820 2323 2875 Deum
2361 2836 2419 2874 se
2451 2818 2719 2879 munivit,
2776 2828 3007 2882 seseque
3040 2813 3275 2874 incusat,
3310 2815 3369 2859 ut
3415 2806 3512 2874 qui

1933 2913 2291 2975 commoveri,
2338 2911 2529 2972 everti,
2566 2924 2629 2963 ac
2665 2905 2929 2960 inﬁrmari
2969 2904 3165 2956 valeat.
3205 2899 3400 2953 Verum
3444 2898 3511 2950 li~

1935 3006 2127 3060 denter
2150 3020 2229 3068 se,
2264 3005 2335 3057 ob
2366 3018 2516 3073 spem
2552 3002 2606 3054 in
2639 3000 2829 3059 Demn,
2880 2996 3015 3063 nihil
3068 2994 3194 3048 mali
3219 3004 3510 3061 passurum

1938 3096 2290 3153 asseverabat
2323 3115 2335 3151 :
2375 3101 2604 3148 noverat
2627 3092 2773 3146 enim
2805 3105 2956 3161 spem
3006 3103 3115 3141 non
3150 3083 3511 3145 confundere,

1862 3178 1905 3234 (ἶ
1939 3187 2240 3245 secundum
2270 3186 2589 3256 Apostolum
2615 3184 2687 3236 ³⁸.

2006 3282 2172 3337 Vens.
2204 3280 2259 3340 ἓ.
2288 3280 2343 3333 5.
2379 3279 2557 3333 Proba
2580 3295 2680 3341 me,
2711 3276 2955 3340 Domine,
2986 3284 3034 3327 et
3078 3280 3223 3326 tenta
3258 3282 3339 3323 me
3367 3284 3384 3321 :
3417 3282 3513 3320 ure

1933 3392 2081 3429 renes
2110 3389 2249 3426 meos
2290 3380 2339 3425 et
2372 3388 2463 3425 cor
2490 3386 2682 3424 meum.
2715 3366 2979 3432 Quoniam
3020 3361 3391 3417 misericordia
3424 3367 3516 3409 tua

1935 3477 2057 3520 ante
2083 3465 2262 3519 oculos
2296 3479 2437 3517 meo:
2466 3472 2565 3525 est,
2615 3471 2665 3515 et
2705 3458 3001 3527 complacui
3050 3457 3107 3508 in
3148 3453 3364 3508 reritate
3398 3459 3512 3502 tua.

1934 3555 2054 3611 Non
2101 3555 2260 3626 quasi
2304 3552 2673 3622 jactabundus
2722 3559 2778 3605 et
2826 3550 3005 3604 elatus
3041 3544 3226 3598 animo
3276 3542 3383 3595 hoc
3410 3539 3510 3599 ait,

1937 3649 2117 3705 Proba
2164 3664 2265 3709 me,
2304 3648 2546 3710 Domine,
2575 3655 2623 3699 et
2654 3653 2797 3697 tenta
2823 3658 2904 3694 me
2938 3657 2955 3694 :
2999 3655 3091 3691 ure
3122 3652 3268 3690 renes
3295 3650 3435 3688 nteos
3468 3641 3519 3685 et

1937 3762 2028 3799 cor
2057 3760 2251 3805 meum,
2288 3741 2381 3796 sed
2413 3739 2572 3810 quasi
2624 3739 2680 3791 in
2734 3736 2984 3790 oratione
3014 3727 3344 3800 postulando
3400 3741 3458 3778 se
3489 3740 3518 3775 ιι

1941 3836 2052 3891 Deo
2075 3838 2198 3906 igne
2221 3832 2463 3905 purgari.
2494 3832 2541 3886 si
2576 3829 2793 3899 quidem
2826 3824 3151 3895 purgatione
3178 3827 3358 3889 egeat.
3404 3816 3519 3870 R0-

1939 3940 2030 4001 gat
2061 3929 2226 3999 igitur
2260 3923 2479 3997 probari
2515 3933 2568 3976 et
2594 3917 2895 3974 examinari
2947 3929 3113 3984 supra
3158 3918 3518 3965 memoratam

1942 4038 2099 4078 suam
2122 4023 2403 4081 virtutem,
2424 4032 2529 4085 qua
2556 4013 2853 4084 przeclarus
2878 4012 3349 4063 commonstratus
3393 4009 3476 4055 cst
3504 4017 3519 4064 ;

1941 4131 2051 4170 non
2089 4113 2215 4179 sibi,
2249 4110 2345 4165 sed
2391 4108 2484 4163 Dei
2520 4102 2913 4161 misericordiae
2965 4098 3229 4154 conﬁsus.
3284 4093 3382 4155 lta,
3444 4092 3524 4144 in.

1944 4206 2083 4276 quit,
2120 4213 2171 4259 te
2203 4204 2393 4267 Deum,
2427 4208 2690 4268 tuamque
2722 4190 3155 4250 misericordiam
3186 4202 3299 4258 prae
3344 4184 3523 4239 oculis

1945 4313 2162 4367 semper
2196 4295 2425 4355 habens,
2455 4293 2621 4345 vitam
2654 4304 2828 4342 meam
2862 4284 3227 4350 universaque
3252 4292 3417 4346 opera
3444 4274 3524 4328 sic

1945 4389 2179 4453 institui,
2229 4397 2287 4441 ut
2317 4385 2713 4454 complacerem
2768 4380 2822 4433 in
2884 4377 3109 4431 veritate
3167 4381 3281 4427 tua.
3336 4368 3525 4435 Neque

1945 4485 2090 4539 enim
2132 4497 2255 4536 cum
2279 4478 2629 4535 simulatione
2651 4472 2911 4545 quadam,
2947 4468 3041 4525 sed
3072 4469 3125 4521 in
3156 4464 3387 4519 veritate
3409 4474 3526 4511 am«

249 4583 345 4630 σας
379 4585 487 4637 μου
522 4566 622 4628 τὰς
649 4565 877 4637 πράξεις
912 4564 1345 4633 ἐπαιδαγώγουν,
1376 4565 1449 4628 ὡς
1483 4566 1821 4636 εύαρεστῆσα

1950 4573 2132 4629 hulavi
2166 4586 2229 4626 ac
2262 4576 2515 4625 versatus
2571 4580 2715 4632 sum,
2773 4561 2979 4631 unique
3020 4558 3131 4611 Deo
3162 4555 3377 4625 placere
3409 4556 3527 4600 stu-

251 4657 306 4708 ὲν
335 4663 404 4729 τῇ
434 4658 667 4730 ἀληθείᾳ
701 4677 815 4712 σου.
843 4660 916 4711 Οὐ
956 4658 1062 4729 γὰρ
1097 4658 1214 4729 μεθ’
1246 4658 1606 4728 ὑποκρίσεως,
1634 4657 1748 4711 ἀλλ’
1784 4661 1841 4711 ἐν

253 4752 484 4823 ἀληθεία
517 4751 899 4823 περιεπάτησα
928 4753 1021 4804 καὶ
1053 4751 1418 4821 ἀνεστράφην,
1456 4751 1601 4821 μόνῳ
1624 4749 1701 4820 τῷ
1726 4749 1844 4819 Θεῴ

255 4844 625 4915 εὐαρεστῆσαι
656 4843 991 4908 σπουδάζων.

328 4960 454 5011 Οὐκ
482 4957 739 5011 ἐκάθισα
765 4956 915 5027 μετὰ
945 4958 1267 5026 συνεδρίου
1300 4958 1715 5026 ματαιότητος,
1749 4955 1844 5009 καὶ

258 5048 404 5116 μετὰ
448 5051 959 5118 παρανομούντων
995 5052 1065 5103 οὐ
1103 5049 1188 5119 μὴ
1230 5052 1499 5105 εἰσέλθω.
1550 5050 1845 5117 Ἐμίσησα

257 5141 596 5207 ἐκκλησίαν
635 5141 1150 5210 πονηρευομένων,
1196 5144 1293 5195 καὶ
1317 5141 1467 5211 μετὰ
1514 5139 1749 5194 ἀσεϐῶν
1776 5140 1846 5191 οὐ

256 5230 342 5299 μὴ
381 5233 624 5285 καθίσω.
661 5233 727 5286 Εἴ
753 5249 855 5285 που
882 5233 1059 5285 τοίνυν
1095 5235 1419 5304 συνήρχοντο
1452 5230 1593 5285 κατὰ
1624 5231 1684 5283 τὸ
1718 5229 1849 5282 αὐτὸ

265 5319 457 5386 ἄνδρες
500 5321 561 5374 ού
608 5322 909 5385 σπουδαῖοι,
940 5322 1048 5374 οὐδ’
1079 5323 1172 5376 ἐπὶ
1212 5323 1521 5386 σπουδαίοις
1561 5322 1849 5395 πράγμασι

270 5412 715 5484 ναιεδρεύυντες,
752 5415 845 5465 ἐπὶ
892 5415 1141 5485 ματαίοις
1184 5415 1242 5468 δὲ
1269 5416 1363 5469 καὶ
1394 5416 1494 5468 οὐκ
1532 5415 1851 5483 ἀναγκαίοις

269 5504 579 5575 ποιούμενοι
601 5508 702 5575 τὴν
723 5506 957 5560 σύνοδον*
985 5507 1228 5573 τούτους,
1253 5509 1436 5579 φησιν,
1467 5507 1685 5576 ἔφυγον,
1712 5508 1853 5561 ὥστε

275 5595 349 5666 μὴ
388 5596 920 5667 συμπεριπλέκεσθαι
962 5597 1138 5651 αὐτῶν
1182 5602 1249 5669 τῇ
1305 5599 1646 5670 ματαιότητι,
1674 5598 1733 5617 ’⁸⁸
1779 5595 1854 5658 ὡς

348 5750 394 5781 ³⁸
432 5749 581 5807 Rom.
618 5769 681 5813 ν,
717 5752 769 5805 5.

560 5842 835 5902 ΡΑτιιοι..
870 5842 984 5902 Gn.
1039 5836 1280 5901 XXIII.

1945 4663 2060 4717 dui.

2023 4941 2192 4998 Vens.
2228 4942 2282 5003 4,
2316 4942 2368 4995 5.
2409 4939 2531 4992 Non
2572 4937 2683 4991 sedi
2730 4949 2847 4987 cum
2896 4927 3119 4981 concilio
3168 4922 3443 4982 vanitatis,
3477 4930 3529 4974 et

1954 5054 2072 5089 cum
2100 5037 2283 5105 iniqua
2323 5030 2619 5102 gerentibus
2648 5044 2750 5081 non
2788 5020 3037 5077 introibo.
3068 5016 3221 5073 0divi
3252 5013 3531 5068 ecclesiam

1956 5128 2383 5198 malignanlium,
2413 5133 2462 5178 et
2486 5140 2601 5176 cum
2624 5119 2798 5189 impiis
2832 5133 2934 5171 non
2957 5111 3162 5168 sedebo.
3201 5106 3386 5162 Sicubi
3422 5119 3531 5158 una

1956 5220 2312 5275 convenirent
2330 5218 2433 5270 viri
2462 5231 2569 5268 non
2602 5210 2765 5280 frugi,
2794 5223 2968 5277 neque
2992 5206 3059 5258 de
3087 5202 3246 5256 bonis
3272 5198 3533 5268 operibus

1958 5314 2250 5371 consilium
2289 5311 2581 5381 agitantes,
2619 5304 2714 5359 sed
2738 5304 2805 5357 de
2832 5301 2989 5354 vanis
3034 5312 3098 5352 ac
3128 5310 3239 5348 non
3274 5305 3530 5346 necessa-

1959 5411 2058 5465 riis
2087 5408 2253 5463 rebus
2283 5406 2339 5458 in
2367 5409 2511 5457 coetu
2538 5414 2638 5454 suo
2663 5400 3091 5467 pertractantes;
3121 5389 3190 5443 ab
3213 5388 3303 5449 iis,
3329 5384 3531 5452 inquit,

1960 5499 2317 5570 refugiebam,
2354 5502 2412 5547 ut
2440 5508 2510 5546 ne
2557 5491 2748 5543 talium
2797 5487 3078 5541 hominum
3121 5476 3347 5537 vanitati
3383 5490 3528 5529 com-

1962 5564 2244 5655 miseerer,
2376 5593 2435 5638 ut
2464 5581 2592 5653 quid
2628 5588 2821 5650 praeter
2844 5578 3081 5633 divinam
3107 5575 3280 5642 legem
3315 5564 3536 5637 aggredi

3186 5826 3223 5876 Β
