3940 6292
470 274 576 332 235

1208 273 1475 331 EUSEBll
1513 262 1991 331 CESARIENSIS
2028 269 2181 325 OPP.
2226 268 2405 320 PARS
2442 267 2601 319 Ill.——
2636 265 3043 315 nauculam.
3595 273 3685 323 εδδ

469 396 757 464 auderent,
778 399 957 453 multo
989 397 1165 469 magis
1213 399 1284 453 ab
1332 397 1402 454 iis
1433 398 1797 461 declinabam,
1825 395 2032 452 erroris

2144 392 2226 446 καὶ
2248 389 2398 461 παρά
2423 388 2512 442 τὸν
2538 387 2676 440 θεῖον
2701 386 2862 457 νόμον
2894 384 3096 454 τολμᾷν
3123 381 3243 435 τινὰ
3268 383 3397 453 δρᾷν
3422 403 3433 413 -
3468 389 3555 443 καὶ
3577 393 3685 445 τού.

471 506 583 547 una
610 506 734 546 cum
756 490 825 547 iis
857 490 1254 546 adeundiviam
1276 491 1573 561 refugiens.
1607 490 1763 556 Quod
1789 490 1837 545 si
1859 504 2033 559 quan—

471 581 544 637 do
565 580 805 638 viderem
828 582 1041 654 aliquos
1064 590 1266 639 coetum
1287 590 1533 654 agentes,
1560 583 1652 653 qui
1677 598 1782 636 non
1819 598 1918 651 pro
1942 595 2035 634 va-

471 676 642 731 nitate
681 689 785 730 nec
808 691 908 746 pro
940 677 1205 747 improbis
1238 678 1498 748 operibus
1521 675 1901 738 convenirent,
1937 673 2034 728 sed

472 780 571 837 pro
600 772 785 837 pravis
802 775 856 823 et
884 768 1067 838 impiis
1086 769 1431 840 dogmatibus
1461 770 1514 823 in
1554 767 1789 824 ecclesia
1814 780 2038 836 congren

473 867 754 928 garentur,
789 861 892 937 bos
924 860 1216 932 plusquam
1266 875 1431 932 supra
1459 861 1637 916 dictos
1669 859 1798 915 odio
1839 857 2036 928 dignos

472 951 655 1007 rebar.
687 952 850 1008 Aliud
876 967 1007 1008 vero
1031 968 1062 1007 a
1085 968 1250 1024 supra
1275 952 1590 1009 memoratis
1628 949 1912 1005 hominum
1942 964 2038 1020 ge-

471 1059 578 1099 nus
609 1043 984 1113 conspicatus,
1027 1044 1321 1114 impiorum
1361 1043 1635 1106 videlicet,
1664 1048 1720 1097 et
1745 1042 1837 1111 qui
1863 1039 2033 1095 Deum

471 1150 582 1190 non
610 1143 861 1199 nossent,
892 1137 969 1190 ac'
989 1135 1083 1206 qui
1112 1135 1168 1190 in
1191 1150 1378 1191 errore
1405 1142 1459 1190 et
1482 1133 1791 1189 idololatria
1821 1132 2034 1187 voluta-

472 1233 683 1292 rentur,
714 1226 785 1280 ab
814 1226 881 1282 iis
907 1227 1256 1294 secedebam;
1296 1228 1371 1281 ita
1398 1234 1459 1281 ut
1489 1243 1558 1282 ne
1590 1227 1782 1283 sedere
1813 1225 2036 1297 quidem

471 1333 596 1373 cum
627 1318 695 1375 iis
726 1318 947 1385 vellem,
976 1333 1076 1374 nec
1106 1319 1199 1374 diu
1248 1334 1372 1374 cum
1407 1319 1475 1373 iis
1528 1318 1752 1382 morari,
1801 1333 1871 1373 ne
1928 1333 2035 1388 qua

471 1409 606 1464 mihi
635 1424 701 1464 ex
731 1423 924 1464 eorum
973 1422 1272 1481 congressu
1315 1409 1612 1479 impietatis
1641 1408 1898 1480 contagio
1926 1408 2029 1464 bae-

472 1506 635 1557 reret.
668 1498 849 1566 Quare
870 1499 996 1555 dico
1033 1519 1046 1555 :
1072 1509 1265 1555 etcum
1295 1501 1474 1570 impiis
1502 1516 1608 1555 non
1630 1497 1834 1555 sedebo.

2135 500 2256 546 τους
2321 482 2400 534 ἔτι
2456 478 2653 551 μᾶλλον
2708 477 2928 547 ἔφυγον,
2982 473 3412 547 παραιτούμενος
3452 478 3544 550 τὴν
3586 483 3685 552 ἅμα

2135 576 2314 637 αὐτοῖς
2356 575 2434 636 είς
2479 572 2578 643 τὴν
2612 571 2817 640 πλάνην
2865 569 3085 623 εἴσοδον.
3131 568 3238 621 Καὶ
3269 568 3322 620 εἴ
3357 586 3480 623 ποτε
3515 572 3569 625 δὲ
3597 575 3683 627 ὲώ-

2139 676 2244 737 ρων
2300 662 2753 733 ὲκκλησιάζοντάς
2807 677 2992 724 τινας,
3049 660 3141 712 καὶ
3196 659 3295 711 οὐκ
3335 661 3427 713 ἐπὶ
3480 668 3684 731 pata-,6-

2135 772 2294 825 τητος
2332 755 2779 824 συνερχομένους,
2805 752 2920 805 ἀλλ’
2955 751 3061 804 οὐδ’
3105 751 3197 804 ἐπὶ
3249 753 3577 823 παρανόμοις
3610 758 3685 828 ἔρ-

2135 865 2288 918 γοις,
2326 846 2441 900 ἀλλ’
2487 847 2582 899 ἐπὶ
2615 847 2874 916 πονηροῖς
2918 845 3013 898 καὶ
3056 844 3278 899 ἀσεϐέσι
3321 844 3592 916 δόγμασιν,
3638 852 3685 902 ὲν

2136 936 2395 1008 ἐκκλησίᾳ
2438 935 2599 1007 δῆθεν
2644 935 3164 1007 συγκροτουμένους,
3229 933 3451 999 τούτους
3495 937 3557 1009 δὴ
3597 942 3685 1010 μά-

2137 1028 2292 1080 λιστα
2321 1027 2473 1099 παρά
2515 1027 2641 1089 τοὺς
2682 1025 3079 1097 προλεχθέντας
3121 1024 3314 1095 μίσους
3341 1024 3520 1091 ἀξίους
3545 1030 3686 1099 ἡγού-

2140 1136 2266 1191 μην.
2293 1120 2404 1173 Καὶ
2443 1118 2629 1191 ἕτερον
2670 1118 2726 1171 δὲ
2771 1118 2957 1189 τάγμα
3005 1117 3159 1189 παρά
3196 1117 3268 1169 τά
3309 1118 3686 1191 προλελεγμένα

2138 1209 2310 1275 εἰδὼς,
2342 1211 2404 1265 τὸ
2434 1211 2543 1264 τῶν
2589 1209 2820 1275 ἀσεϐῶν,
2868 1209 2976 1263 τῶν
3018 1209 3109 1263 τὸν
3155 1208 3288 1262 Θεὸν
3348 1208 3421 1279 μὴ
3468 1210 3682 1277 εἰδότων,

2137 1303 2600 1376 εἰδωλολατρείαις
2623 1303 2717 1357 καὶ
2741 1302 2917 1375 πλάνῃ
2938 1301 3387 1371 καλινδουμένων,
3408 1301 3685 1373 ἀνεχώρουν

2137 1395 2335 1460 αὐτῶν,
2387 1395 2463 1460 ὡς
2513 1395 2648 1468 μηδὲ
2693 1394 2975 1467 βούλεσθαι
3025 1395 3206 1457 αὐτοῖς
3261 1393 3683 1462 συγκαθέζεσθαι,

2094 1552 2100 1566 ί
2141 1488 2263 1560 μηδ’
2306 1487 2398 1541 ἐπὶ
2447 1487 2580 1541 πολὺ
2618 1487 3008 1560 συγχρονίζειν,
3050 1486 3124 1558 μὴ
3169 1486 3277 1557 ἄρα
3311 1503 3395 1550 τις
3438 1486 3495 1554 ἐξ
3530 1488 3686 1542 αὐτῶν

2138 1582 2346 1652 γένοιτό
2377 1599 2466 1653 μοι
2497 1580 2779 1653 μετάδοσις
2801 1579 3054 1644 ἀσεϐείας
3073 1597 3087 1611 ο
3117 1578 3198 1633 διδ
3222 1579 3365 1650 φημί
3387 1594 3401 1609 ·
3422 1579 3530 1633 Kal
3555 1579 3685 1649 μετὰ

2143 1675 2379 1731 ἀσεϐῶν
2404 1676 2477 1729 οὐ
2506 1673 2597 1745 μὴ
2629 1673 2873 1730 καθίσω.

543 1804 704 1863 Vens.
779 1805 898 1863 6-8.
982 1805 1191 1860 Lavabo
1262 1804 1399 1859 inter
1476 1806 1770 1859 innocentes
1847 1819 2037 1858 manus

2207 1790 2470 1859 Νίψομαι
2498 1789 2568 1843 ἐν
2615 1786 2828 1853 ἀθώοις
2874 1785 2983 1853 τὰς
3029 1785 3233 1856 χεῖράς
3275 1804 3416 1856 μου,
3467 1785 3563 1840 καί
3596 1803 3684 1839 κυ-

474 1913 638 1963 meas,
688 1905 742 1953 et
767 1897 1106 1952 circumdabo
1140 1899 1312 1951 altare
1341 1907 1510 1959 tuum,
1549 1896 1770 1951 Domine
1801 1912 1820 1949 :
1849 1904 1907 1949 ut
1941 1910 2041 1949 au—

2144 1879 2353 1935 κλώσω
2381 1879 2450 1934 τὸ
2472 1878 2906 1947 θυσιαστήριον
2947 1895 3084 1942 σου,
3110 1879 3307 1947 Κύριε,
3327 1877 3433 1932 τοῦ
3456 1875 3683 1932 ἀκοῦσαι

474 1991 618 2046 diam
643 2008 818 2047 vocem
865 1991 1064 2057 laudis,
1119 2000 1171 2046 et
1223 2007 1463 2047 enarrem
1495 1992 1738 2045 universa
1764 1986 2038 2042 mirabilia

2144 1971 2342 2043 φωνῆς
2364 1971 2671 2039 αἰνέσεως,
2705 1971 2802 2026 καὶ
2831 1970 3231 2041 διηγήσασθαι
3257 1968 3451 2025 πάντα
3478 1969 3547 2023 τὰ
3566 1972 3683 2022 θαυ-

474 2091 586 2139 taa.
612 2081 865 2148 Domine,
894 2082 1060 2137 dilexi
1094 2081 1333 2136 decorem
1357 2077 1544 2137 domus
1589 2088 1713 2144 tute,
1761 2087 1812 2134 et
1865 2078 2037 2133 locum

2144 2064 2324 2134 μάσιά
2368 2080 2505 2120 σου.
2555 2065 2755 2133 Κύριε,
2806 2063 3094 2134 ἠγάπησα
3140 2063 3495 2133 εὐπρέπειαν
3531 2061 3681 2115 οἷκου

473 2153 828 2230 habitationi;
853 2174 1038 2245 gloria:
1065 2182 1189 2229 tum.
1222 2172 1280 2228 ln
1316 2173 1553 2228 circuitu
1588 2170 1929 2227 tabernaculi
1956 2170 2037 2226 tui

2144 2174 2275 2223 σου,
2318 2158 2418 2213 καὶ
2448 2160 2637 2213 τόπον
2663 2156 3053 2227 σκηνώματπ
3079 2156 3264 2225 δόξης
3304 2173 3441 2210 σου.
3480 2153 3682 2208 Κυκλῶν

474 2244 894 2326 obambulando,
929 2264 1161 2336 hymnos
1211 2262 1525 2318 emittebam
1575 2276 1676 2333 pro
1728 2259 2035 2324 sacriﬁciis,

2144 2266 2235 2304 σου
2266 2249 2329 2304 τὸ
2353 2249 2756 2322 θυσιαστήριον,
2785 2248 2984 2321 ὕμνους
3015 2249 3328 2320 ἀνέπεμπον
3361 2247 3475 2302 ἀντὶ
3497 2244 3679 2306 θυσίας,

475 2363 533 2411 ιιι
565 2355 635 2410 ab
659 2333 983 2411 hominibus
1008 2370 1040 2411 e
1096 2355 1280 2410 vicino
1314 2354 1510 2425 positis
1547 2353 1911 2421 audirentur,
1962 2352 2039 2407 ita

2144 2342 2232 2397 καὶ
2252 2342 2352 2413 τὴν
2375 2343 2400 2394 ὲ
2408 2340 2513 2413 μὴν
2538 2340 2718 2413 φωνὴν
2741 2340 3009 2411 ἀκουστὴν
3034 2341 3252 2392 ἐποίουν
3266 2340 3378 2402 τοῖς
3397 2333 3682 2407 πλησιάζου-

473 2452 536 2500 ut
566 2460 758 2502 omnes
809 2459 1001 2501 vocem
1048 2460 1223 2500 meam
1255 2424 1726 2511 teicelebrantem,
1785 2459 1851 2499 ac
1875 2457 2039 2501 enar-

2144 2448 2247 2497 σιν,
2280 2429 2421 2485 ὥστε
2455 2430 2661 2495 πάντας
2687 2428 2905 2483 ἀκούειν
2944 2428 3041 2500 τῆς
3071 2428 3210 2499 ὲμῆς
3250 2424 3431 2497 φωνῆς
3458 2424 3681 2511 αἰνούσης

476 2542 686 2592 rantem
718 2536 974 2592 universa
1005 2535 1277 2591 mirabilia
1334 2544 1427 2590 tua
1476 2533 1868 2591 auscultarent.
1901 2531 2038 2586 Nam

2144 2541 2201 2578 σε
2247 2524 2339 2578 τὸν
2381 2522 2510 2577 Θεὸν
2554 2523 2649 2577 καὶ
2693 2520 3053 2593 διηγουμένης
3099 2519 3279 2573 πάντα
3320 2515 3391 2571 τὰ
3434 2509 3680 2582 θαυμάσιοί

475 2628 531 2682 in
558 2625 777 2699 hymnis
829 2625 898 2681 ad
948 2625 1028 2682 tui
1058 2624 1271 2681 laudem
1318 2626 1683 2694 concinnatis,
1718 2624 2040 2680 admiranda

2144 2631 2252 2671 σου.
2311 2615 2397 2668 Ἐν
2426 2614 2535 2686 γὰρ
2568 2615 2681 2691 τοῖς
2737 2615 2815 2678 εἰς
2848 2612 2908 2666 σὲ
2950 2611 3138 2683 ὕμνοις
3188 2603 3679 2699 συμπαρελάμδανον

475 2691 624 2793 gesta
655 2727 750 2775 tua
780 2734 892 2774 una
919 2719 1340 2788 complectebar,
1395 2733 1518 2790 quae
1563 2691 1784 2789 proavis
1834 2718 2039 2773 nostris

2144 2707 2239 2773 τὰς
2265 2706 2573 2778 θαυμασίας
2606 2722 2699 2759 σου
2732 2705 2978 2777 πράξεις,
3003 2704 3071 2767 ἀς
3097 2703 3346 2769 ἐνεδείξω
3368 2703 3475 2764 τοῖς
3512 2691 3681 2768 ἡμετέ-

476 2810 791 2868 exhibuisti.
820 2810 1011 2882 Neque
1037 2810 1301 2866 duntaxat
1331 2810 1502 2867 altare
1523 2820 1679 2866 tuum
1712 2809 2038 2876 circuibam,

476 2902 570 2960 sed
594 2909 771 2959 totam
801 2918 1019 2974 quoque
1063 2902 1284 2959 domum
1340 2911 1489 2957 tuam
1539 2900 1727 2970 dilexi,
1787 2900 2037 2966 Domine,

478 2993 819 3064 maximeque
845 2986 1097 3052 decdrem
1135 2991 1279 3063 ejus,
1316 2993 1411 3063 qui
1453 2993 1511 3048 in
1555 2991 1662 3064 piis
1690 2991 2040 3065 dogmatibus

2146 2816 2259 2873 ροις
2292 2799 2681 2872 προπάτορσιν.
2718 2799 2790 2851 Οὐ
2843 2797 3002 2868 μόνον
3026 2797 3082 2851 δὲ
3109 2797 3170 2849 τὸ
3214 2789 3579 2864 θυσιαστήριόν
3601 2799 3678 2838 σου

2144 2890 2426 2954 ὲκύκλουν,
2473 2888 2607 2943 ἀλλά
2646 2889 2741 2942 καὶ
2786 2887 2964 2940 πάντα
2995 2886 3084 2940 τὸν
3115 2881 3266 2940 οἶκόν
3309 2900 3399 2937 σου
3428 2877 3677 2950 ἠγάπησα.

2140 2982 2313 3054 Κύριε
2335 2999 2350 3013 °
2387 2982 2482 3037 καὶ
2510 2980 2699 3035 τούτου
2740 2979 2973 3050 μάλιστα
2999 2977 3097 3050 τὴν
3122 2976 3453 3049 εὐπρέπειαν
3477 2970 3680 3038 θεωρου-

477 3092 530 3141 et
564 3057 930 3148 sermonibus,
960 3057 1183 3140 necnon
1211 3057 1272 3139 in
1291 3057 1803 3140 divinitus-traditis
1848 3082 2042 3139 lectio-

2147 3075 2313 3148 μένην
2340 3076 2398 3129 ὲν
2422 3073 2670 3128 εὐσεϐέσι
2692 3071 2924 3143 δόγμασι
2946 3071 3039 3124 καὶ
3061 3069 3261 3138 λόγοις,
3294 3067 3350 3120 ἐν
3370 3082 3428 3119 τε
3455 3063 3558 3160 eoi;
3582 3057 3681 3175 θεο-

478 3177 640 3232 nibus
670 3183 969 3248 spectatur.
1002 3174 1177 3232 Decor
1225 3182 1409 3231 autem
1448 3175 1650 3231 domus
1700 3173 1795 3231 Dei
1851 3174 2039 3240 fuerit,

478 3266 919 3322 convenientium
948 3274 1201 3332 ornatus,
1236 3266 1517 3338 inculpata
1553 3267 1685 3334 vita,
1737 3266 2045 3321 multitudi-

480 3356 566 3413 nis
595 3356 875 3421 honestas,
920 3365 1225 3414 concentus
1276 3364 1331 3412 et
1374 3355 1668 3412 concordia
1708 3370 2044 3412 concurrens-

479 3449 639 3504 tium.
668 3446 773 3504 Sed
806 3448 1066 3519 quoniam
1100 3449 1188 3505 vel
1215 3449 1345 3518 ipsa:
1375 3447 1572 3504 domus
1597 3448 1777 3514 sedes,
1804 3449 1874 3504 ob
1895 3463 2047 3503 amo-

480 3540 556 3597 ris
585 3555 714 3613 erga
744 3539 912 3597 Deum
940 3541 1334 3612 praestantiam,
1362 3539 1637 3610 religiosis
1665 3540 1863 3595 animis
1894 3554 2050 3594 ama-

481 3631 622 3687 biles
672 3637 824 3697 sunt,
870 3631 1083 3686 etiamsi
1125 3629 1355 3686 diversae
1401 3629 1511 3687 sint
1557 3644 1590 3684 a
1619 3629 1822 3685 tradito
1850 3629 2046 3685 domus

482 3720 576 3777 Dei
607 3721 824 3788 decore,
866 3722 1061 3779 merito
1105 3721 1327 3793 adjecit,
1378 3729 1430 3776 et
1484 3720 1658 3776 locum
1702 3721 2045 3777 habitationis

481 3814 664 3886 gloriae
692 3824 817 3871 tute.

551 3927 719 3984 Vnns.
749 3927 838 3994 11,
887 3927 976 3983 12.
1016 3925 1129 3998 Ego
1172 3937 1350 3984 autem
1395 3929 1452 3983 in
1480 3929 1782 3984 innocentia
1814 3944 1932 3982 mea
1963 3927 2049 3981 in-

483 4034 693 4088 gressus
721 4034 840 4072 sum
878 4032 897 4072 :
940 4017 1139 4073 redime
1166 4034 1267 4085 me,
1299 4018 1543 4086 Domine,
1572 4028 1624 4074 et
1651 4020 1896 4074 miserere
1925 4017 2045 4072 mei.

485 4108 585 4165 Pes
610 4125 754 4164 meus
786 4111 927 4164 stetit
955 4111 1013 4164 in
1046 4109 1264 4177 directo,
1292 4111 1347 4165 in
1374 4110 1609 4167 ecclesiis
1645 4110 1944 4168 benediram
1979 4120 2046 4176 te,

485 4202 725 4256 Domine.
761 4202 1213 4273 Quandoquidem
1253 4202 1422 4274 igitur
1453 4218 1560 4274 qua
1603 4218 1861 4261 mensura
1891 4201 2050 4256 meti-

483 4310 627 4359 mur,
655 4296 956 4351 remetietur
982 4296 1152 4360 nobis,
1183 4303 1239 4352 et
1270 4297 1328 4350 in
1353 4312 1463 4367 quo
1480 4295 1691 4367 judicio
1712 4294 2047 4365 iudicamus,

657 4342 943 4351 -ν---ν-ν-ν-
982 4342 1152 4360 σ--ν-ν,
1186 4342 1238 4352 ν-
1355 4342 1460 4367 ειη
1480 4342 1687 4367 ,κν-νη
1712 4342 2044 4365 ..νυ---ω--ι

483 4389 539 4444 ἰη
568 4388 758 4446 eodem
777 4388 1150 4458 judicabimur
1172 4389 1253 4457 ³⁹;
1285 4388 1408 4444 ideo
1447 4387 1760 4458 frequenter
1785 4386 2044 4440 innocen-

2150 4376 2308 4433 τοῦτο
2352 4373 2589 4447 συνεχῶς
2628 4375 2727 4445 τὴν
2768 4370 3002 4426 ἀκακίαν
3045 4365 3422 4442 προϐάλλεται,
3471 4342 3685 4462 τουτέῗῖ

483 4478 613 4533 tiam
644 4451 918 4551 proponit,
949 4478 1003 4533 id
1029 4486 1134 4545 est,
1165 4451 1434 4533 malorum
1463 4451 1813 4539 oblivionem,
1839 4480 1897 4529 et
1912 4475 2044 4528 tole-

2155 4472 2253 4543 τὴν
2278 4468 2580 4541 ἀμνηστίαν
2617 4464 2824 4530 κακῶν,
2867 4464 2962 4517 καὶ
2990 4461 3090 4532 τὴν
3121 4458 3258 4532 πρὸς
3296 4454 3419 4513 τοὺς
3450 4451 3525 4550 eis
3550 4456 3581 4493 α

483 4572 720 4627 rantiam
765 4572 1354 4643 mansuetudinemque
1383 4585 1511 4642 erga
1543 4584 1639 4625 eos
1670 4568 1764 4639 qui
1820 4568 1874 4622 in
1942 4565 2053 4621 sei-

483 4678 640 4735 psum
676 4672 1072 4735 peccaverant,
1133 4671 1193 4717 ut
1216 4677 1399 4733 parem
1435 4670 1492 4717 et
1535 4661 1653 4731 ipse
1683 4675 1782 4730 pro
1812 4657 2051 4713 admisso

482 4763 666 4810 errato
698 4752 1090 4825 indulgentiam
1140 4752 1237 4809 Dei
1290 4753 1667 4807 nanciscatur.
1722 4748 1814 4804 Sic
1853 4763 2050 4819 preca-

482 4856 597 4907 tus,
643 4843 832 4900 divino
881 4845 1060 4901 sancti
1090 4851 1150 4900 et
1200 4842 1504 4914 prophetici
1544 4840 1781 4913 Spiritus
1824 4840 2051 4896 numine
2092 4858 2095 4863 ·

482 4935 717 5003 afﬂatus,
760 4938 838 4993 ita
887 4937 1082 5009 pergit,
1118 4952 1206 5007 pes
1232 4952 1376 4991 meus
1415 4937 1558 4991 stetit
1600 4938 1656 4992 in
1690 4936 1888 4992 directo
1929 4950 1949 4991 :
1997 4936 2052 4989 in

484 5028 714 5086 ecclesiis
745 5029 1044 5086 benedicam
1068 5040 1137 5095 te,
1161 5029 1404 5085 Domine.
1427 5028 1773 5086 Vaticinatnr
1792 5029 1938 5085 enim
1968 5043 2050 5093 se,

485 5122 588 5176 etsi
645 5121 880 5192 pedibus
937 5137 1331 5193 nonnunquam
1380 5122 1738 5185 vacillaverit,
1771 5135 1836 5176 ac
1869 5127 2053 5176 motus

486 5226 895 5284 succussusque
927 5213 1114 5279 fuerit,
1138 5229 1417 5285 nunquam
1447 5216 1628 5269 ta'men
1657 5213 1713 5267 in
1748 5212 1834 5266 bis
1864 5211 2053 5280 lapsu-

487 5318 630 5376 rum,
680 5303 775 5359 sed
805 5306 1171 5361 constitutum
1218 5308 1274 5359 in
1307 5304 1541 5368 directo,
1589 5312 1753 5373 atque
1803 5300 2051 5355 futurum

487 5408 610 5452 esse
635 5401 695 5449 ut
718 5393 775 5448 in
804 5395 1054 5452 ecclesiis
1074 5395 1357 5452 benedicat
1384 5394 1648 5459 Domino;
1684 5392 1770 5449 his
1798 5406 2055 5463 praenun-

489 5486 628 5545 tians
676 5485 917 5542 futuram
968 5489 1057 5545 sui
1108 5488 1167 5543 in
1216 5487 1464 5544 ecclesiis
1513 5487 1608 5542 Dei
1665 5484 1983 5542 memoriam
2037 5503 2049 5537 :

559 5693 603 5724 ”
643 5693 830 5749 Matth.
863 5709 939 5748 vn
961 5734 978 5763 ,
1007 5693 1064 5747 2.

2144 3147 2431 3229 πνεύστοις
2454 3162 2891 3235 ἀναγνώσμασιν.
2917 3160 3235 3233 Εὐπρέπεια
3258 3159 3315 3211 δὲ
3340 3154 3422 3225 εἴη
3444 3150 3532 3206 τοῦ
3555 3147 3679 3201 οἴκου

2143 3257 2237 3313 τοῦ
2262 3257 2396 3311 Θεοῦ
2430 3257 2524 3311 καὶ
2545 3258 2574 3311 δ
2593 3255 2701 3308 τῶν
2728 3253 3131 3326 συνερχομένων
3152 3252 3378 3322 κόσμος,
3412 3246 3439 3298 ὃ
3462 3260 3517 3297 τε
3543 3235 3681 3310 βίοςδ

2145 3349 2509 3421 ἀνεπίληπτος
2531 3347 2627 3402 nat
2651 3346 2714 3400 τὸ
2743 3345 2968 3417 κόσμιον
2996 3343 3090 3398 τοῦ
3117 3343 3375 3415 πλήθους,
3400 3335 3490 3391 καὶ
3518 3334 3549 3404 ἡ
3571 3331 3681 3421 otto-

2144 3416 2386 3514 φροσύνῆ
2442 3439 2552 3496 τῶν
2593 3416 3017 3511 συνερχομένων.
3074 3436 3210 3491 Ἀλλ’
3272 3431 3391 3487 ἐπεὶ
3441 3425 3529 3481 καὶ
3574 3416 3684 3474 αὐτὸ

2144 3536 2340 3607 ἔδαφος
2372 3536 2437 3589 δι’
2462 3534 2766 3607 ὑπερϐολὴν
2791 3534 2892 3605 τῆς
2920 3532 3056 3603 πρὸς
3081 3530 3214 3584 Θεὸν
3249 3526 3479 3607 ἀγάπης
3495 3519 3684 3607 ἀγαπης

2256 3591 2512 3696 τυγχάνει
2532 3591 2651 3687 τάῖς
2685 3591 2949 3691 φίλοθέοις
2967 3591 3204 3690 ψυχαῖς,
3230 3591 3433 3685 ἕτερον
3460 3605 3521 3696 ὃν
3556 3591 3685 3696 Ῑταίίά

2145 3720 2244 3791 τὴν
2274 3717 2622 3773 ἀποδοθεῖσαν
2644 3716 2774 3786 ἡμῖν
2798 3712 3124 3784 εὐπρέπειαν
3146 3706 3240 3762 τοῦ
3266 3706 3414 3760 οἴκου
3435 3695 3523 3750 τοῦ
3547 3690 3681 3747 Θεου,

2135 3788 2369 3873 εἰέότως
2386 3807 2643 3876 ἐπιλέγει·
2668 3804 2777 3860 Καὶ
2792 3805 2977 3859 τόπον
2985 3798 3367 3869 σκηνώματος
3380 3788 3553 3853 δόξης
3565 3792 3681 3833 σου·

2139 3930 2142 3932 ⁷
2233 3920 2378 3991 Ἐγὼ
2411 3918 2478 3974 δὲ
2516 3919 2586 3973 ἐν
2613 3917 2831 3984 ἀκακία
2865 3933 2984 3986 μου
3024 3914 3385 3982 ἐπορεύθην·
3414 3884 3684 3991 λύτρωσξιί

2147 4032 2242 4086 με,
2276 3980 2475 4082 nepte,
2503 4011 2600 4065 καὶ
2630 3980 2888 4077 ἐλέησόν
2917 4023 3015 4077 με.
3059 4006 3111 4058 '0
3130 3980 3301 4069 huic
3322 4014 3438 4071 μῡυ
3466 3980 3684 4093 έίζῖἶιξῗ

2150 4081 2447 4175 εὐθύτητι,
2499 4104 2570 4157 ἐν
2611 4099 2963 4169 ἐκκλησίαις
3005 4095 3322 4165 εὐλογήσω
3368 4102 3459 4149 σε,
3480 4081 3680 4175 Abl?pr

2162 4162 2317 4256 Ἐπεὶ
2339 4162 2518 4252 τοίνυν
2633 4162 2812 4265 μέτρῲ
2838 4162 3684 4265 μετροῦμνάντιμετρηθτὲσεῖαζ

2342 4243 2445 4338 ξεέὶ,
2462 4243 2537 4337 νὲγν
2558 4243 2619 4350 ξ)
2633 4243 2876 4354 ἶς’ῥίῖέᾉιὲι
2905 4243 3183 4347 κρίνομεν,
3212 4243 3686 4356 κριθησόμεθα,.διά

3583 4431 3686 4488 ὑτὺν

2151 4530 2537 4638 ἡιλαρέηκέῑτας
2564 4558 2910 4626 ἀνεξικακίαν
2928 4573 2944 4586 ·
2978 4530 3056 4619 ὡς
3073 4554 3139 4608 ἀν
3166 4530 3259 4606 καὶ
3280 4545 3437 4606 αὐτὸς

2328 4623 2424 4713 τοῦ
2468 4623 2602 4711 Θεοῦ
2629 4623 2780 4726 τύχοι
2806 4652 3109 4725 ἀμνηστίας
3137 4651 3228 4705 ἐπὶ
3252 4645 3329 4717 τῷ
3359 4623 3689 4743 συ

2152 4725 2302 4824 abegi
2335 4750 2626 4821 σφάλματι.
2655 4746 2766 4800 Καὶ
2804 4743 2976 4799 ταῦτα
3011 4742 3291 4803 ἱκετεύσας
3323 4725 3690 4829 “remigii:

2153 4812 2296 4912 ἀγίῲ
2326 4812 2421 4894 καὶ
2447 4812 2769 4909 προφητικῷ
2786 4831 3064 4902 Πνεύματι
3096 4828 3270 4898 λέγων
3294 4820 3416 4891 ἑξῆς
3433 4831 3468 4912 ⁸-

2153 4889 2449 5004 go:
2569 4889 2882 4995 ,εύθύὲητα
2926 4889 2998 4978 έν
3025 4889 3383 5004 iliceti-natat?
3408 4889 3692 5004 emoti-(ff:

2158 4981 2262 5089 ἓξ
2293 4981 2880 5092 limite-ritabat,
2900 5013 3030 5086 γὰρ,
3069 5013 3171 5077 ὃτι,
3199 4981 3250 5063 ἐι
3279 5002 3373 5060 καί
3404 5007 3527 5092 ποτξ

2159 5069 2255 5089 *ν’
2293 5069 2487 5091 “”ῑ”“”
2523 5069 2797 5092 -Ἷ--ῐ-ιπν
2913 5069 2925 5084 ι
2979 5069 3029 5086 ,ι
3160 5069 3170 5077 .

2157 5134 2246 5169 νεν
2273 5118 2330 5169 ὲν
2360 5117 2475 5177 τοῖς
2510 5113 2668 5168 ποσὶν
2702 5107 2867 5163 αὐτοῦ
2903 5105 3063 5168 σάλος
3094 5103 3188 5157 καὶ
3216 5096 3400 5205 κλόνος
3436 5080 3525 5139 καὶ

2160 5226 2244 5272 σις
2266 5225 2278 5238 ·
2323 5205 2436 5260 ἀλλ’
2449 5160 2528 5257 ὀὐ
2572 5204 2820 5255 πεσεῖται
2860 5197 2955 5250 ἐπὶ
2996 5193 3225 5256 τούτοις,
3277 5182 3529 5299 satis“:

2160 5253 2432 5371 ξιιιεττῑξέῑ,
2474 5253 2685 5367 ita...
2730 5293 2789 5344 έν
2820 5286 3137 5358 ἐκκλησίαις
3171 5253 3405 5371 me
3443 5253 3692 5371 nisi:

2160 5340 2339 5355 νυν-..
2371 5340 2432 5363 ..,
2478 5340 2678 5367 rm,"
2733 5340 2779 5344 __
2826 5340 2988 5358 mm.
3118 5340 3134 5349 _
3305 5340 3316 5346 _

2158 5392 2257 5463 τὴν
2287 5340 2376 5444 διά
2406 5384 2594 5441 πασῶν
2618 5383 2726 5437 τῶν
2751 5379 3053 5453 ἐκκλησιῶν
3081 5376 3175 5431 τοῦ
3198 5368 3332 5429 Θεοῦ
3366 5360 3570 5476 gmw-TI:

2286 5477 2749 5553 προαναφωνήσας
2774 5491 2787 5505 '
2830 5444 3015 5537 81"!“
3040 5469 3169 5540 γοῦν
3197 5464 3291 5519 καὶ
3331 5455 3558 5525 σήμερον
3590 5444 3651 5485 κα
