3940 6292
324 286 424 343 25⁸1

1440 285 1940 343 COMMENTARIA
1973 284 2040 340 IN
2074 282 2408 342 PSALMOS.

3457 283 3565 338 ‘233

321 402 449 473 ὅλης
477 402 577 474 τῆς
622 402 945 474 οἰκουμένης
986 401 1044 456 ὲν
1075 403 1194 466 ταῖς
1241 402 1475 474 Χριστοῦ
1515 404 1829 476 ἐκκλησίαις
1869 406 1889 458 ἐ

2000 417 2125 456 nam
2180 402 2246 456 ad
2300 399 2625 454 hodiernum
2689 412 2861 466 usque
2924 396 3058 453 diem
3119 411 3214 467 per
3251 395 3560 452 universam

322 488 482 548 Δαυῖδ
507 493 720 562 εὐλογεῖ
740 494 829 546 τὸν
866 491 1088 566 Κύριον.

855 707 940 759 To
976 707 1174 759 ΔΑΥΙΔ
1218 708 1362 773 κεῖν.

389 796 606 865 Κύριος
651 800 953 866 φωτισμός
998 816 1138 866 μου,
1190 799 1287 850 καὶ
1336 799 1535 866 σωτήρ
1583 816 1722 867 μου,
1760 799 1892 850 τίνα

316 889 773 958 φοϐηθήσομαιξ
816 889 1032 957 Κύριος
1081 890 1541 957 ὑπερασπιστὴς
1588 889 1698 957 τῆς
1744 887 1892 955 ζωῆς

317 996 453 1046 μου,
483 979 604 1034 ἀπὸ
645 981 809 1046 τίνος
851 980 1166 1044 (Scaldem;
1198 983 1307 1035 Kal.
1347 983 1434 1036 διὰ
1465 981 1622 1034 τοῦτο
1668 982 1719 1035 τί
1751 982 1892 1035 διδά-

319 1087 438 1125 σκει
465 1071 528 1124 τὸ
561 1069 787 1144 Πνεῦμα
809 1073 868 1126 τὺ
894 1073 1265 1144 προφητικόνς
1296 1075 1482 1138 Ὅπως
1514 1074 1777 1144 προσήκει
1803 1073 1893 1125 τὸν

313 1161 392 1232 τῷ
439 1161 563 1232 Θεῷ
611 1163 971 1234 ἀνακείμενον
1013 1165 1351 1235 εὐχαριστεῖν
1393 1163 1560 1234 αὐτῷ,
1594 1165 1688 1218 καὶ
1735 1166 1892 1218 ὁποῖα

315 1251 471 1323 παρὰ
506 1252 603 1306 τοῦ
637 1253 770 1306 Θεοῦ
818 1255 1010 1308 αἰτεῖν.
1054 1254 1302 1326 Περιέχει
1338 1256 1394 1308 δὲ
1419 1257 1448 1309 6
1485 1256 1640 1323 λόγος
1671 1257 1884 1326 εὐχαρι-

316 1345 490 1397 στίαν.
527 1344 767 1409 Εἰκότως
808 1346 986 1400 τοίνυν
1013 1345 1136 1400 οὔτε
1177 1346 1408 1418 ψαλμδς,
1439 1347 1560 1401 οῦτε
1591 1348 1721 1419 ᾠδὴ,
1766 1347 1888 1400 οὔτε

316 1454 366 1488 τι
397 1435 508 1490 τῶν
554 1437 948 1508 παραπλησίων
992 1439 1424 1510 ἐπιγέγραπταιο
1468 1441 1681 1508 Κύριος
1713 1457 1888 1509 φωτι-

312 1530 470 1597 σμός
495 1547 618 1598 μου
648 1529 744 1582 καὶ
782 1529 981 1597 σωτήρ
1007 1549 1148 1599 μου,
1181 1532 1317 1584 τίνα
1341 1530 1786 1601 φοϐηθήσομαω
1831 1531 1887 1582 ὐ

317 1620 415 1690 μὲν
459 1620 561 1690 τὴν
591 1618 767 1690 ψυχήν
810 1622 868 1673 ὲν
917 1623 1071 1675 νυκτὶ
1105 1622 1198 1674 καὶ
1238 1624 1412 1693 σκότῳ
1457 1622 1885 1694 καλινδούμενος,

313 1711 410 1764 οὐκ
433 1712 590 1777 εἰδὼς
623 1715 744 1767 ὅποι
780 1713 1006 1785 φέρεται
1041 1716 1134 1768 καὶ
1159 1715 1307 1777 ὅπως
1334 1716 1686 1786 προσκόπτει,
1721 1716 1888 1787 μυρία

313 1803 459 1857 κακὰ
498 1804 886 1877 φοϐηθήσεται,
929 1807 1006 1870 ὡς
1044 1806 1111 1859 ἂν
1153 1808 1427 1871 παντελῶς
1477 1807 1888 1879 ἐπισπώμενοςο

309 1893 432 1946 ὅθεν
459 1895 638 1948 πάντα
681 1896 842 1965 φόϐον
883 1897 1203 1967 ὑπιδόμενος
1240 1900 1636 1970 καταπτήσσει.
1668 1901 1760 1952 καὶ
1796 1901 1893 1970 τῆς

309 1986 389 2048 εἰς
412 1984 506 2039 τὸν
531 1985 666 2040 Θεὸν
691 1988 978 2057 ὁμολογίας
1003 1988 1223 2055 ἔξαρνος
1244 1991 1466 2057 γίνεται.
1499 1991 1555 2043 Ὀ
1577 1991 1633 2043 δὲ
1660 1991 1760 2061 τῆς
1788 1991 1886 2060 ψυ-

308 2076 413 2146 χῆς
437 2078 567 2140 τοὺς
600 2078 912 2150 ὀφθαλμοὺς
936 2079 1043 2132 ὑπὸ
1073 2081 1170 2151 τῆς
1196 2081 1396 2152 Κυρίου
1429 2081 1746 2152 ἐλλάμψεως
1782 2100 1893 2151 φω-

304 2170 519 2235 τισθεὶς
553 2171 771 2243 πρῶτον
814 2174 912 2242 μὲν
939 2175 1192 2228 ἁπάντων
1235 2175 1396 2226 αὐτὸν
1434 2174 1524 2227 τὸν
1557 2175 1721 2228 αὐτοῦ
1762 2176 1894 2246 πρό-

310 2281 486 2334 μαχον
514 2265 611 2318 καί
636 2266 858 2336 σωτῆρα
885 2266 1080 2330 ὁπόσος
1102 2267 1185 2330 τίς
1219 2268 1334 2318 ἐστι
1360 2265 1584 2337 θεωρεῖ·
1623 2261 1720 2318 εἶτ’
1747 2266 1892 2337 ἔργῳ

307 2373 384 2408 πα
393 2355 670 2426 ραλαὸὼν,
694 2357 768 2421 ὼς
795 2358 823 2410 6
851 2355 959 2410 τῶν
977 2358 1233 2411 ἁπάντων
1257 2357 1522 2426 δεσπότης
1551 2359 1645 2410 καὶ
1665 2356 1887 2429 Κύριος,

310 2445 504 2517 θυρεὸς
543 2447 710 2501 αὐτοῦ
759 2448 853 2502 καὶ
892 2448 1054 2502 ὅπλον
1095 2449 1305 2519 ἄμαχον
1338 2449 1430 2502 καὶ
1481 2449 1893 2521 ὑπερασπιστὴς

314 2539 674 2611 καθέστηκεν,
708 2542 952 2612 ὰτρεμὴς
995 2542 1223 2610 γίνεται,
1267 2543 1361 2594 καὶ
1403 2542 1497 2595 ἅτε
1535 2543 1661 2606 τοὺς
1689 2542 1892 2612 ὀφθαλ-

321 2631 453 2700 μοὺς
477 2632 578 2701 τῆς
602 2631 778 2701 ψυχῆς
811 2633 1067 2703 ἀτρεμεῖς
1093 2631 1252 2703 ἔχων,
1296 2634 1392 2686 καὶ
1425 2633 1888 2704 πεφωτισμένους,

316 2722 524 2785 πάντας
547 2723 675 2787 τούς
700 2723 892 2777 ἑαυτοῦ
919 2723 1166 2796 ἐχθροὺς,
1195 2724 1303 2776 εἴτε
1324 2724 1449 2789 τούς
1471 2725 1561 2778 τὸν
1587 2725 1718 2778 Θεὸν
1741 2725 1895 2793 ἀγνο-

309 2813 504 2877 οῦντας
547 2813 885 2885 ἀνθρώπους,
918 2815 1028 2869 εἴτε
1078 2815 1178 2879 τὰς
1208 2816 1472 2888 ἀοράτους
1513 2817 1607 2870 καὶ
1649 2816 1892 2889 πονηρὰς

307 2907 592 2976 δυνάμεις,
634 2908 874 2978 ἐρήμους
912 2909 1015 2981 ὁρᾷ
1053 2908 1148 2962 τοῦ
1195 2909 1451 2962 τοσούτου
1500 2910 1743 2982 σωτῆρος
1795 2909 1890 2963 καὶ

309 2991 532 3063 βοηθοῦ,
563 2994 660 3047 καὶ
691 2995 765 3058 ὡς
800 2996 901 3065 ήδη
937 2998 1292 3061 πεπτωκότας
1327 2997 1522 3070 θεωρεῖ
1545 3016 1557 3028 ·
1593 2998 1671 3051 διὸ
1710 2999 1890 3070 πάσης

1996 500 2198 547 terram
2255 491 2310 544 in
2356 489 2601 545 ecclesiis
2647 487 2853 542 Christi
2915 486 3083 542 David
3136 487 3406 551 benedici:
3454 487 3565 544 Do"

1999 600 2166 639 mino.

2554 697 2762 753 DAVID
2790 695 2983 751 XXVI.

2069 792 2236 848 Vsus.
2275 793 2328 856 1,
2357 791 2412 844 2.
2456 790 2713 844 Dominus
2745 788 3066 842 illuminatio
3093 801 3228 848 mea,
3257 797 3306 842 et
3330 786 3564 841 salvator

1997 903 2162 945 meus.
2185 901 2334 955 quem
2360 884 2590 939 timebo?
2630 881 2884 934 Dominus
2912 889 3173 948 protector
3203 881 3321 933 vita’
3354 896 3500 939 metu,
3532 896 3564 931 a

1994 995 2095 1048 quo
2121 975 2428 1044 trepidabo?
2462 973 2558 1029 His
2589 988 2753 1044 porro
2781 971 2913 1043 quid
2947 969 3184 1040 Spiritus
3214 969 3564 1040 prOpheticus

1993 1073 2189 1127 docet?
2222 1070 2506 1138 Quomodo
2533 1076 2781 1140 oporteat
2818 1067 3091 1122 hominem
3141 1066 3251 1121 Deo
3288 1065 3560 1120 addictum

1997 1163 2097 1232 ipsi
2137 1163 2342 1232 gralias
2396 1178 2580 1232 agere,
2610 1170 2665 1216 et
2694 1160 2875 1231 qualia
2904 1160 3098 1231 par-sit
3127 1160 3194 1214 ab
3224 1159 3343 1229 ipso
3375 1165 3566 1228 postu-

1996 1255 2127 1310 lare.
2161 1254 2260 1308 liic
2289 1269 2419 1309 sane
2449 1268 2628 1309 sermo
2658 1253 2953 1323 gratiarum
2991 1252 3259 1306 actionem
3300 1250 3562 1304 continet.

1995 1345 2174 1412 Quare
2197 1346 2319 1415 jure
2343 1359 2406 1399 ac
2449 1344 2645 1399 merito
2674 1359 2848 1414 neque
2874 1343 3152 1415 psalmus,
3185 1358 3360 1413 neque
3389 1341 3565 1396 canti-

1993 1455 2139 1502 cum,
2167 1454 2341 1508 neque
2368 1437 2646 1508 quidpiam
2690 1437 2866 1492 simile
2915 1435 3234 1492 inscribitur
3266 1454 3279 1490 :
3309 1434 3564 1489 Dominus

1994 1531 2314 1585 illuminatio
2344 1547 2460 1584 mea
2511 1538 2561 1583 et
2616 1528 2852 1583 salvator
2899 1545 3078 1589 meus,
3129 1544 3280 1597 quem
3334 1525 3566 1581 timebo?

1995 1623 2097 1690 Qui
2121 1625 2172 1677 in
2194 1632 2352 1677 nocte
2379 1637 2444 1676 ac
2481 1622 2727 1677 tenebris
2771 1620 2953 1674 animo
2975 1620 3251 1674 volutatur
3279 1658 3295 1682 ,
3345 1619 3565 1674 nescius

1998 1729 2106 1785 quo
2129 1715 2352 1778 feratur,
2380 1721 2434 1768 et
2465 1713 2522 1766 in
2571 1710 2715 1782 quod
2755 1710 3054 1781 impingat,
3116 1719 3370 1766 sexcenta
3423 1709 3565 1764 mala

2000 1805 2354 1876 pertimescit,
2384 1811 2574 1876 utpote
2604 1803 2698 1874 qui
2733 1802 2839 1856 huc
2872 1803 3000 1856 illuc
3026 1802 3242 1872 penitus
3271 1802 3563 1871 trahatur;

1993 1912 2163 1970 quare
2216 1899 2428 1952 nullum
2480 1912 2592 1951 non
2648 1893 2951 1950 formidinis
3006 1910 3178 1964 genus
3231 1896 3563 1965 suspicatus,

1993 1989 2352 2050 exhorrescit.
2383 1995 2545 2057 atque
2599 1985 2998 2041 confessionem
3046 1983 3156 2040 Deo
3209 1986 3458 2056 abnegat.
3493 1985 3567 2040 At

1992 2079 2086 2150 qui
2121 2079 2318 2134 mentis
2349 2078 2523 2133 oculis
2555 2093 2586 2132 a
2614 2076 2824 2131 Domini
2872 2076 3158 2148 splendore
3193 2077 3562 2142 illuminatur,

1995 2169 2171 2239 primo
2203 2168 2420 2239 quidem
2453 2183 2516 2222 ac
2549 2183 2660 2237 praa
2704 2169 2958 2224 omnibus
3003 2175 3458 2239 propugnatorem
3500 2184 3565 2224 ac

1993 2263 2336 2319 Servatorem
2368 2277 2571 2327 suum,
2628 2269 2866 2332 quantus
2894 2263 3142 2319 videlicet
3179 2264 3288 2328 sit,
3319 2272 3564 2316 contem-

1994 2358 2200 2427 platur;
2255 2355 2460 2410 deinde.
2483 2370 2612 2410 vero
2647 2365 2933 2425 postquam
2989 2354 3070 2410 vel
3101 2369 3165 2408 ex
3212 2354 3346 2424 ipsis
3394 2354 3562 2422 gestis

1992 2447 2159 2503 rebus
2192 2446 2456 2509 edidicit,
2505 2445 2886 2501 universorum
2935 2444 3223 2500 Dominum
3270 2453 3325 2500 et
3377 2452 3562 2515 patro-

1993 2555 2145 2603 num,
2177 2539 2428 2610 clypeum
2460 2537 2591 2603 sibi,
2637 2545 2967 2592 armaturam
3005 2536 3472 2608 inexpugnabilem
3497 2549 3565 2592 ac

1993 2641 2356 2702 protectorem
2385 2646 2540 2696 esse;
2570 2637 2704 2686 tunc
2755 2629 3068 2685 formidinis
3109 2644 3340 2700 expers,
3371 2643 3436 2684 ac
3475 2634 3564 2684 ut-

1994 2732 2121 2796 pote
2170 2725 2367 2779 mentis
2394 2723 2583 2778 oculos
2633 2722 2937 2792 intrepidos
2992 2722 3434 2792 illuminatosque
3464 2721 3563 2775 ha-

1992 2817 2150 2874 beas.
2185 2830 2374 2870 omnes
2405 2813 2658 2869 inimicos
2713 2827 2877 2878 suos,
2926 2814 3041 2868 sive
3093 2812 3344 2866 homines
3391 2811 3559 2866 Deum

1992 2906 2326 2977 ignorantes,
2366 2906 2479 2960 sive
2509 2905 2810 2960 invisibiles
2842 2905 3214 2976 malignasque
3244 2912 3560 2974 potestates,

1992 2997 2306 3066 hujusmodi
2336 3005 2613 3051 servatore
2663 2997 3016 3066 adjutoreque
3067 3012 3290 3060 vacuos,
3322 2997 3558 3067 aspicit,

306 3084 492 3139 αὐτῶν
541 3085 644 3155 τῆς
681 3085 972 3158 ἐπιϐουλῆς
1011 3088 1285 3160 καταγελᾷ
1318 3088 1533 3160 θαρσῶν
1574 3089 1652 3161 τῷ
1697 3090 1889 3144 ἑαυτοῦ

1995 3102 2048 3146 et
2075 3089 2232 3160 quasi
2253 3089 2365 3159 jam
2389 3089 2573 3158 lapsos
2605 3089 2878 3152 intuetur;
2913 3102 3084 3158 quare
3127 3086 3397 3143 defensori
3430 3103 3563 3142 con-

309 3176 620 3247 ὐπερμάχῳ
645 3193 661 3207 ·
705 3175 784 3229 διό
839 3194 1034 3248 φησιν·
1076 3179 1139 3231 Εἰ
1179 3179 1278 3249 μὲν
1319 3181 1392 3252 μή
1433 3197 1524 3250 μοι
1563 3183 1592 3234 ὁ
1638 3181 1890 3245 τοσοῦτος

307 3268 496 3338 παρῆν
551 3267 766 3340 βοηθὸς,
811 3269 1063 3337 φωτίζων
1113 3289 1214 3342 μου
1251 3272 1350 3342 τὴν
1381 3272 1556 3344 ψυχήν
1587 3275 1682 3327 καὶ
1722 3275 1891 3346 ὑπερ-

305 3358 560 3423 ασπίζων
598 3377 700 3430 μου
723 3361 820 3432 τῆς
835 3360 1000 3431 ζωῆς,
1029 3363 1252 3426 εἰκότως
1267 3363 1540 3436 ἐφοϐήθην
1556 3365 1622 3418 ἂν
1650 3365 1756 3433 τὰς
1787 3367 1891 3433 ἀρ-

307 3450 422 3518 χὰς
469 3450 574 3505 καὶ
622 3452 730 3518 τὰς
764 3452 1052 3520 ἐξουσίας
1091 3454 1189 3509 καὶ
1226 3456 1368 3522 τοὺς
1409 3457 1890 3526 κοσμοκράτορας

306 3540 415 3594 τοῦ
467 3541 734 3607 σκότους
787 3544 1022 3608 τούτου,
1087 3545 1184 3598 καὶ
1238 3545 1311 3599 τὰ
1360 3549 1730 3617 πνευματικὰ
1778 3548 1891 3616 τῆς

305 3633 627 3698 πονηρίας,
667 3631 792 3696 τούς
834 3652 892 3687 τε
938 3634 1042 3688 ὑπὸ
1076 3635 1279 3690 τούτων
1318 3639 1761 3711 ὲνεργουμένους,
1795 3642 1891 3695 καὶ

307 3724 449 3777 κατὰ
471 3722 584 3776 τῶν
607 3724 704 3777 τοῦ
729 3725 863 3778 Θεοῦ
894 3727 1139 3797 ἀθλητῶν
1165 3730 1646 3801 ἐπανισταμένους.
1695 3735 1890 3788 Ἱκανοὶ

307 3815 417 3887 γὰρ
449 3811 592 3887 ἦσαν
619 3809 765 3869 οὗτοι
800 3817 1097 3890 θορυϐῆσαι
1127 3819 1225 3891 τὴν
1249 3821 1426 3892 ψυχήν
1463 3841 1565 3894 μου
1599 3825 1672 3897 μὴ
1703 3844 1891 3895 πεφω-

307 3907 572 3977 τισμὲνην
595 3925 610 3938 ο
648 3908 770 3961 ἐπεὶ
794 3909 849 3962 δὲ
873 3911 1034 3974 αὐτὸς
1065 3913 1093 3963 6
1119 3912 1228 3964 τῶν
1259 3913 1394 3967 ὅλων
1421 3916 1709 3988 δεσπότης,
1741 3920 1769 3971 ὀ
1796 3919 1888 3971 τοῦ

308 3999 441 4053 Θεοῦ
464 4000 617 4065 Υἱὸς,
647 4001 923 4072 φωτισμδς
950 4005 1223 4074 τυγχάνει,
1251 4007 1278 4057 ὁ
1311 4006 1471 4070 αὐτὸς
1497 4008 1552 4060 δὲ
1591 4010 1682 4062 καὶ
1708 4012 1890 4082 σωτήρ

312 4109 410 4162 μου
450 4092 624 4156 ἐστὶν,
654 4091 878 4156 εἰκότως
904 4096 1132 4165 φήσαιμ’
1159 4094 1243 4157 ἂν,
1281 4097 1421 4150 Τίνα
1445 4098 1891 4168 φοϐηθήσομαυ

307 4184 514 4237 Οὐδένα
559 4183 669 4256 γὰρ
711 4186 1184 4257 ὲπιστραφήσομαι
1214 4186 1322 4240 τῶν
1346 4188 1612 4242 τοσούτων
1659 4191 1888 4262 ἐχθρῶν,

308 4275 428 4329 οὐδὲ
479 4275 590 4328 ἀπό
632 4293 773 4339 τινος
804 4276 1006 4330 τούτων
1037 4278 1310 4341 δειλιάσω,
1361 4279 1575 4352 θαρσῶν
1614 4281 1691 4352 τῷ
1722 4284 1893 4356 ὐπερ-

308 4366 552 4434 ασπιστῇ
583 4365 682 4434 τῆς
718 4362 864 4435 ζωῆς
897 4383 1019 4436 μου.
1057 4366 1238 4419 ’Πάλιν
1271 4368 1314 4420 δ’
1344 4369 1577 4424 ἐνταῦθα
1606 4373 1887 4444 τηρήσεις,

309 4455 378 4520 ὡς
433 4455 518 4519 τὸ,
573 4456 776 4524 Σωτήρ
817 4475 956 4525 μου,
1015 4459 1072 4511 ἐν
1127 4457 1205 4528 τῷ
1261 4459 1550 4532 Ἐϐραῖκῷ,
1603 4464 1665 4517 τὸ
1717 4466 1889 4537 ὄνομα

313 4547 398 4600 τοῦ
430 4547 689 4618 Σωτῆρος
711 4547 866 4618 ἡμῶν
899 4549 1070 4618 Ἰησοῦ
1094 4551 1330 4621 Χριστοῦ
1364 4553 1545 4618 αὐτοῖς
1573 4559 1888 4630 χαρακτῆρ-

309 4660 391 4695 σιν
434 4643 744 4715 Ἑϐραϊκοῖς
788 4644 1048 4715 περιέχει,
1082 4647 1140 4698 ὲν
1182 4640 1263 4710 οἷς
1307 4646 1372 4700 ἄν
1404 4658 1484 4704 τις
1527 4643 1620 4697 τὸν
1653 4647 1890 4716 Ἰησοῦν

307 4734 589 4805 γράψειεν.

385 4828 445 4883 Ὀ
475 4828 535 4880 δὲ
572 4827 744 4882 ταῦτα
785 4827 956 4896 λέγων
992 4830 1228 4883 διδάσκει
1266 4831 1448 4884 ὁποίου
1484 4833 1766 4906 πειραθεὶς
1791 4833 1885 4886 τοῦ

310 4919 500 4973 ἑαυτοῦ
539 4917 802 4992 σωτῆρος,
835 4921 936 4991 τῆς
970 4921 1077 4974 τῶν
1101 4921 1310 4992 ἐχθρῶν
1336 4923 1624 4996 ἐπιϐουλῆς
1650 4925 1883 4994 κατεγέ-

309 5022 464 5066 λασε·
492 5010 576 5065 διό
609 5029 772 5081 φησιν
796 5030 809 5042 ·
849 5014 950 5067 Ἐν
979 5013 1058 5078 τῷ
1085 5015 1332 5084 ἐγγίζειν
1359 5017 1452 5070 ἐπ’
1484 5016 1590 5082 ἐμὲ
1631 5019 1887 5072 κακοῦν-

311 5121 432 5170 τας,
474 5103 582 5156 τοῦ
624 5104 838 5172 φαγεῖν
878 5105 984 5172 τὰς
1029 5106 1261 5176 σάρκας
1305 5127 1445 5178 μου,
1487 5113 1541 5163 οἱ
1581 5111 1886 5177 θλίϐοντες

309 5195 405 5247 καὶ
439 5197 494 5248 οὶ
536 5195 743 5263 ἐχθροί
757 5213 897 5263 μου,
924 5197 1092 5250 αὐτοὶ
1115 5197 1466 5266 ἠσθένησαν
1505 5199 1606 5252 καὶ
1635 5201 1883 5254 ἔπεσαν.

311 5287 368 5338 υἱ
404 5288 502 5358 μὲν
532 5286 758 5340 ὲπίεσάν
795 5305 882 5358 μοι
910 5289 1113 5360 θηρίων
1140 5290 1445 5343 ἁτιθάσσων
1473 5289 1648 5362 δίκην,
1698 5309 1855 5362 μονον
1876 5321 1889 5334 ι

313 5377 427 5446 ουχὶ
459 5381 745 5431 καταπιεῖν
795 5397 862 5448 με
901 5379 1209 5452 βουλόμενοι
1239 5383 1330 5436 καὶ
1363 5383 1532 5446 αὐτάς
1574 5401 1673 5454 μου
1718 5401 1886 5438 κατα-

318 5469 658 5539 μασήσασθαι
677 5469 778 5534 τὰς
800 5471 1024 5541 σάρκας.
1053 5473 1144 5526 Διὸ
1173 5474 1420 5528 λέλεκται
1463 5475 1615 5546 παρὰ
1635 5475 1712 5546 τῷ
1743 5477 1885 5546 Συμ-

320 5561 498 5630 μάχῳ·
549 5561 653 5615 Ἐν
699 5560 778 5626 τῷ
824 5561 1070 5632 ἐγγίζειν
1108 5566 1200 5618 ἐπ’
1237 5567 1340 5635 ἐμὲ
1385 5569 1752 5637 κακούργους
1799 5569 1884 5632 είς

419 5716 461 5746 δ’
508 5713 712 5779 Euhcs.
747 5732 836 5777 vl,
879 5717 958 5770 12.

1992 3181 2127 3236 ﬁsus
2155 3197 2255 3237 suo
2291 3181 2560 3250 quaslibet
2591 3180 2834 3250 ipsorum
2865 3179 3075 3234 deridet
3107 3179 3352 3241 insidias.
3411 3178 3564 3236 ideo-

1992 3290 2098 3346 que
2119 3275 2237 3330 ait:
2286 3274 2402 3330 Nisi
2439 3274 2570 3328 mihi
2603 3275 2730 3330 talis
2770 3272 2988 3341 adjutor
3017 3273 3253 3336 adesset,
3281 3271 3558 3326 illumina-

1994 3377 2080 3422 tor
2113 3367 2325 3428 anima),
2358 3381 2424 3421 ac
2456 3375 2734 3437 protector
2760 3365 2904 3428 vitae,
2927 3364 3119 3418 merito
3148 3361 3559 3417 reformidarem

1991 3460 2316 3530 principatus
2361 3468 2410 3512 et
2449 3466 2730 3525 potestates
2786 3466 2834 3511 et
2863 3453 3045 3510 mundi
3068 3463 3292 3508 rectores
3324 3451 3561 3506 tenebrat

1995 3570 2112 3606 rum
2141 3551 2349 3614 harum,
2373 3559 2422 3605 et
2448 3550 2754 3615 spiritualia
2802 3548 3047 3618 nequitia:
3093 3548 3139 3580 ’⁵⁸
3161 3587 3177 3610 ,
3222 3561 3434 3600 necnon
3467 3560 3565 3600 eos

1994 3645 2087 3714 qui
2119 3643 2272 3698 hisce
2297 3643 2525 3698 interius
2573 3641 2868 3712 agitantur,
2899 3647 2954 3694 et
2987 3646 3177 3694 contra
3207 3637 3302 3694 Dei
3332 3638 3565 3692 athletas

1993 3739 2304 3807 insurgunt.
2335 3734 2470 3789 Nam
2501 3734 2537 3787 ii
2582 3734 2719 3788 tales
2763 3740 2918 3788 erant
2951 3731 3043 3801 qui
3095 3731 3331 3784 animam
3385 3745 3559 3783 meam

1992 3829 2320 3883 conturbare
2349 3831 2595 3896 possent,
2626 3825 2674 3878 si
2723 3839 2832 3877 non
2885 3823 3185 3876 illuminata
3230 3820 3461 3885 fuisset;
3509 3829 3565 3873 at

1992 3920 2250 3989 quoniam
2284 3919 2399 3987 ipse
2429 3917 2806 3971 universorum
2835 3913 3093 3968 Dominus
3118 3913 3212 3968 Dei
3241 3911 3411 3968 Filius
3439 3913 3562 3965 illu-

1991 4013 2221 4066 minatio
2253 4025 2372 4066 mea
2395 4017 2500 4072 est,
2531 4010 2757 4079 ipseque
2790 4006 3046 4062 Servator
3064 4021 3238 4070 meus,
3259 4007 3382 4075 jure
3409 4005 3562 4060 dixe-

1992 4103 2118 4164 rim,
2146 4102 2315 4167 Quem
2345 4101 2574 4156 timebo?
2605 4099 2684 4154 Ex
2714 4107 2794 4154 tot
2813 4100 3011 4169 quippe
3041 4099 3278 4152 inimicis
3304 4114 3371 4153 ne
3393 4113 3562 4152 unum

1993 4193 2210 4263 quidem
2243 4192 2644 4261 pertimescam,
2678 4206 2854 4260 neque
2901 4190 3135 4259 aliquem
3168 4205 3355 4244 eorum
3388 4189 3563 4244 refor-

1993 4281 2232 4343 midabo,
2258 4283 2550 4351 protectori
2581 4281 2704 4334 vitae
2735 4295 2867 4334 mea}
2893 4279 3154 4334 confisus.
3211 4278 3311 4332 Hic
3368 4280 3564 4334 iterum

1992 4377 2251 4430 observes
2283 4373 2464 4436 velim,
2499 4373 2654 4436 illud,
2688 4373 2934 4428 Salvator
2966 4391 3108 4428 meus
3130 4415 3144 4436 ,
3200 4373 3256 4426 in
3298 4371 3565 4426 liebraico

1920 4448 1965 4502 D
1994 4468 2309 4538 exemplari,
2341 4466 2638 4521 Salvatoris
2693 4467 2868 4520 nostri
2916 4465 3044 4521 Jesu
3088 4465 3291 4520 Christi
3333 4480 3562 4528 nomen,

1987 4560 2282 4630 ipsissimis
2328 4558 2698 4613 caracteribus
2731 4555 3014 4612 Hebraicis
3065 4556 3388 4625 exprimere,
3408 4553 3564 4623 queis

1990 4666 2188 4706 nomen
2218 4648 2373 4704 Iesus
2406 4647 2755 4704 describitur.

2065 4827 2169 4894 Qui
2208 4826 2324 4880 hrec
2374 4824 2651 4894 loquitur,
2699 4828 2920 4878 enarrat
2963 4818 3174 4888 qualem
3230 4822 3564 4871 servatorem

1987 4929 2244 4991 expertus
2268 4917 2616 4974 inimicorum
2645 4916 2875 4972 insidias
2912 4911 3185 4974 deriserit,
3211 4911 3565 4980 quamobrem

1986 5012 2099 5066 ait:
2135 5011 2276 5064 Dum
2305 5011 2620 5079 appropiant
2642 5023 2796 5076 super
2821 5022 2900 5059 me
2943 5012 3182 5057 nocentes
3209 5043 3224 5064 ,
3283 5010 3342 5054 ut
3405 5001 3566 5055 edant

1987 5117 2172 5155 carnes
2202 5114 2380 5163 meas;
2409 5099 2497 5167 qui
2531 5096 2789 5150 tribulam
2822 5110 2903 5146 me
2945 5091 3146 5146 inimici
3176 5091 3298 5156 mei,
3327 5090 3432 5160 ipsi
3481 5090 3564 5142 in-

1989 5193 2191 5260 ﬁrmati
2220 5201 2343 5246 sunt
2383 5201 2432 5245 et
2477 5189 2791 5246 ceciderunt.
2836 5185 2919 5240 Illi
2949 5183 3166 5256 quidem
3213 5184 3388 5238 instar
3424 5182 3565 5237 fera-

1988 5305 2109 5342 rum
2151 5286 2579 5342 intractabilium
2621 5297 2709 5336 me
2741 5278 2952 5333 adorati
2984 5283 3154 5340 sunt,
3195 5283 3408 5331 tantum
3455 5291 3566 5329 non

1977 5380 2234 5452 aggressi
2265 5386 2324 5432 ut
2343 5377 2667 5431 devorarent
2697 5382 2751 5427 et
2782 5372 2930 5442 ipsas
2959 5384 3153 5425 carnes
3190 5369 3563 5425 comederem.

1993 5473 2172 5540 Quare
2225 5471 2367 5541 apud
2417 5466 2802 5539 Symmachum
2832 5463 3032 5520 dicitur
3061 5483 3074 5517 :
3109 5463 3252 5517 Dum
3290 5462 3566 5533 appropin-

1991 5578 2153 5636 quant
2210 5565 2337 5617 mihi
2384 5561 2709 5628 facinerosi,
2771 5567 2829 5612 ut
2891 5557 3130 5613 devorent
3181 5571 3363 5611 carnes
3395 5569 3564 5616 meas,
