3940 6292
399 315 507 373 359

1140 305 1408 363 EUSEBH
1444 298 1920 361 CASSARIENSIS
1957 296 2111 353 ΟΡΡ.
2151 296 2331 350 PARS
2370 296 2456 349 lli.
2498 328 2566 337 ——
2602 292 3011 350 EXEGETICA.

3542 290 3648 342 250

402 432 603 489 Verum
645 427 736 500 qui
792 424 919 480 talia
955 430 1144 478 contra
1198 439 1286 478 me
1319 420 1613 477 machinati
1651 427 1815 482 sunt,
1854 429 1974 471 cum

2083 412 2148 466 τὸ
2196 413 2557 483 καταφαγεῖν
2596 412 2702 478 τὰς
2748 409 2978 481 σάρκας
3018 426 3154 478 μου.
3197 406 3336 462 Ἀλλ’
3378 407 3427 460 οἱ
3476 404 3649 457 ταῦτα

399 526 511 595 jam
543 517 778 593 proximi
817 515 1075 573 carnibus
1108 516 1246 572 meis
1280 516 1549 571 instarent
1577 553 1592 578 ,
1647 510 1836 568 nescio
1866 522 1975 580 quo

402 625 564 688 pacto
590 629 709 686 qua:
738 614 794 667 in
832 627 920 667 me
957 618 1271 684 perpetrare
1313 606 1556 664 meditati
1602 606 1855 667 fuerant,
1910 614 1973 657 ea

402 711 519 780 ipsa
542 706 786 778 perpessi
814 710 960 761 sunt.
990 703 1125 758 Nam
1173 718 1280 766 me,
1310 700 1507 772 inquit,
1534 712 1725 755 contra
1759 711 1856 753 eos
1882 696 1973 749 ni-

403 801 479 856 hil
509 797 890 872 aggrediente,
923 797 1025 867 ipsi
1064 795 1323 866 inﬁrmati
1355 803 1507 858 sunt,
1560 801 1609 847 et
1655 790 1971 846 ceciderunt.

401 891 715 958 Enimvero,
759 901 818 947 ut
849 898 1032 961 aperte
1064 890 1263 960 liquet,
1298 888 1439 945 lucis
1466 901 1600 942 meae
1652 882 1976 941 servatoris—

397 1001 504 1055 que
534 986 638 1041 mei
682 999 882 1041 arcana
922 983 1215 1055 divinaque
1256 983 1455 1037 virtute
1496 977 1751 1035 debellati
1784 983 1840 1032 et
1880 976 1977 1031 de-

401 1077 542 1147 pulsi
576 1086 736 1143 sunt,
768 1086 828 1133 ut
860 1093 965 1133 una
996 1093 1096 1149 ego
1135 1079 1202 1133 ab
1233 1074 1448 1132 insidiis
1478 1078 1668 1130 eorum
1696 1071 1973 1141 eriperer;

398 1172 643 1244 nihilque
673 1172 857 1229 damni
888 1171 1214 1242 acciperem,
1244 1178 1298 1226 et
1330 1170 1439 1226 illis
1470 1182 1689 1240 quoque
1721 1164 1977 1221 utilitatis

401 1263 677 1334 quidpiam
701 1262 1012 1331 obveniret;
1047 1278 1111 1317 ac
1142 1261 1423 1317 debilitata
1442 1258 1758 1317 eorumdem
1787 1256 1978 1327 nequi-

405 1355 501 1417 tia,
528 1353 583 1408 id
609 1354 801 1410 saltem
831 1355 969 1409 lucri
1018 1355 1394 1426 perciperent,
1443 1358 1504 1406 ut
1552 1366 1621 1407 ne
1663 1350 1734 1406 ob
1765 1349 1973 1404 illatum

402 1448 534 1502 mihi
589 1446 1010 1512 detrimentum,
1061 1462 1253 1503 eorum
1309 1445 1629 1517 improbitas
1693 1457 1976 1499 accresce-

401 1544 504 1592 ret.
537 1533 597 1590 in
626 1537 953 1608 quibusdam
977 1536 1382 1607 exemplaribus
1414 1535 1773 1593 inscribitur:
1809 1532 1976 1587 Psal-

402 1648 515 1685 mus
546 1630 766 1686 Davidis
796 1633 1103 1703 priusquam
1136 1631 1398 1685 (iniretur.

471 1722 637 1779 Vens.
676 1724 731 1779 4.
780 1721 951 1779 Unam
980 1725 1107 1793 petii
1126 1742 1159 1777 a
1185 1723 1412 1777 Domino
1434 1762 1450 1787 ,
1486 1723 1622 1776 hanc
1669 1720 1935 1792 requiram
1956 1760 1972 1785 ,

398 1824 456 1869 ut
490 1816 772 1871 inhabilem
801 1817 855 1871 in
884 1816 1040 1871 domo
1089 1815 1304 1870 Domini
1342 1815 1585 1870 omnibus
1617 1812 1799 1868 diebus
1852 1812 1973 1867 vita:

399 1923 562 1971 mete,
609 1917 668 1963 ut
709 1907 914 1963 uideam
972 1907 1290 1976 uoluptatem
1345 1906 1599 1972 Domini,
1662 1914 1713 1960 et
1769 1905 1973 1960 uisitem

400 1998 651 2070 templum
694 1999 829 2069 ejus.
867 1996 1081 2054 Domini
1129 1997 1499 2069 pulchritudo,
1533 2012 1597 2051 ac
1623 1996 1788 2051 decor
1814 1993 1973 2048 volu-

397 2099 665 2163 ptasque,
716 2092 774 2147 in
825 2090 989 2147 domo
1038 2089 1138 2146 Dei
1169 2089 1547 2160 conSpicitur,
1611 2086 1862 2142 videlicet
1915 2084 1971 2138 in

398 2183 639 2241 Ecclesia
672 2184 824 2253 ejus;
884 2183 1046 2254 idque
1078 2190 1300 2253 propter
1331 2180 1593 2236 divinitus
1621 2178 1852 2233 traditas
1869 2192 1973 2264 ,εο-

396 2289 630 2346 orasque
680 2272 1039 2343 disciplinas,
1094 2271 1292 2340 quibus
1322 2282 1450 2324 vera
1505 2267 1646 2322 inest
1700 2262 1972 2320 sermonis

397 2365 765 2437 pulchritudo,
796 2353 973 2420 verus.
989 2364 1173 2428 decor,
1200 2362 1254 2416 in
1295 2377 1403 2433 quo
1431 2361 1517 2417 vel
1557 2364 1674 2430 ipse
1703 2357 1847 2413 Deus
1876 2356 1972 2410 de-

398 2458 629 2513 lectatur
669 2472 734 2511 ac
782 2466 1053 2511 versatur.
1084 2453 1271 2525 Neque
1304 2468 1335 2507 a
1365 2467 1495 2508 vero
1526 2448 1896 2511 aberraveris,
1922 2446 1969 2503 si

396 2546 660 2610 decorem,
682 2545 835 2600 illum
868 2545 1073 2601 dixeris
1095 2560 1218 2601 esse
1249 2549 1603 2613 temperatam
1631 2539 1971 2610 probamque

399 2639 584 2703 vitam,
621 2652 687 2693 ac
722 2645 970 2693 sanctum
1020 2638 1330 2693 institutum
1368 2634 1649 2691 hominum
1703 2632 1795 2704 qui
1842 2631 1971 2686 reli-

398 2732 557 2804 gione
590 2746 653 2786 ac
685 2732 886 2803 pietate
910 2738 1267 2789 exornantur.

466 2907 632 2966 Vens.
673 2910 728 2971 5.
764 2909 820 2966 6.
863 2909 1125 2978 Quoniam
1177 2907 1452 2963 abscondit
1497 2923 1578 2962 me
1623 2907 1678 2961 in
1726 2905 1973 2960 taberna-

398 3005 514 3059 culo
540 3019 558 3058 :
589 3006 642 3058 in
667 3003 751 3058 die
772 3003 1032 3057 malorum
1076 3002 1304 3073 protexit
1343 3017 1422 3054 me
1452 3000 1507 3053 in
1541 2997 1851 3053 abscondito
1886 3006 1972 3051 ta-

400 3094 668 3149 bernaculi
697 3095 803 3149 sui.
850 3093 916 3148 In
948 3104 1100 3164 petra
1151 3092 1408 3148 exultavit
1457 3107 1558 3146 me.
1612 3088 1740 3144 Haec
1786 3087 1971 3142 omnia
2002 3130 2046 3189 ο

398 3187 529 3241 mihi
579 3186 828 3245 Salvator
860 3202 1016 3243 meus
1056 3185 1282 3257 largitus
1313 3192 1433 3247 est,
1480 3183 1608 3237 dum
1659 3183 1973 3251 appropiant

399 3293 554 3347 super
581 3294 662 3332 me
686 3285 945 3345 nocentes,
975 3288 1032 3331 ut
1071 3277 1230 3331 edant
1263 3291 1447 3329 carnes
1476 3289 1643 3327 meas.
1681 3270 1790 3341 Ipsi
1821 3285 1977 3325 nam-

398 3386 507 3441 que
526 3371 787 3426 inﬁrmati
818 3378 948 3426 sunt
985 3378 1040 3426 et
1067 3369 1383 3425 ceciderunt
1415 3385 1428 3421 :
1466 3381 1567 3436 ego
1596 3370 1778 3419 autem
1809 3363 1864 3417 in
1892 3369 1977 3415 ta-

401 3462 699 3520 bernaculo
728 3464 984 3519 habitans
1010 3461 1238 3517 dextera
1284 3460 1404 3531 ejus
1446 3456 1775 3528 contegebar
1798 3496 1813 3521 ,
1847 3457 1976 3526 quia

400 3556 611 3613 scilicet
658 3556 716 3612 in
760 3556 994 3613 desertis
1048 3554 1184 3610 locis
1216 3560 1348 3608 tunc
1382 3550 1644 3623 temporis
1676 3547 1971 3613 versabar,

399 3650 547 3722 quod
580 3649 823 3705 nondum
852 3649 1085 3705 excitata
1113 3645 1311 3702 domus
1344 3643 1557 3701 Domini
1584 3648 1769 3706 esset,
1798 3654 1977 3710 neque

400 3742 663 3813 templum
684 3742 805 3812 ejus
834 3747 1092 3797 exstaret.
1124 3736 1229 3795 Sed
1272 3738 1390 3809 ipse
1428 3735 1665 3808 protexit
1691 3749 1778 3790 me
1807 3733 1862 3787 in
1887 3731 1977 3787 die

400 3835 690 3899 malorum,
733 3833 791 3890 id
819 3843 921 3898 est,
956 3839 1205 3904 tempore
1234 3830 1679 3901 persecutionum
1713 3835 1768 3882 et
1797 3832 1976 3880 tenta-

400 3927 642 3994 tionum;
699 3941 810 3981 non
852 3925 960 3980 alio
1007 3924 1062 3979 in
1093 3924 1233 3990 loco,
1268 3937 1429 3994 quam
1463 3921 1516 3976 in
1541 3918 1867 3977 abscondito
1896 3925 1978 3971 ta-

403 4018 683 4075 bernaculi
715 4018 821 4075 sui.
855 4016 1096 4087 Hujusce
1126 4032 1291 4088 porro
1308 4015 1441 4071 dicti
1470 4011 1974 4084 interpretationem

403 4107 745 4164 mutuaberis
797 4124 865 4164 ex
927 4107 997 4163 iis
1050 4123 1172 4179 quae
1226 4106 1438 4177 Moyses
1497 4105 1564 4160 de
1624 4102 1977 4159 tabernaculo

402 4200 770 4272 conscripsit,
828 4214 1043 4255 necnon
1092 4199 1161 4255 de
1218 4197 1556 4255 tabernaculi
1608 4196 1816 4251 intimis
1857 4209 1977 4265 par-

400 4292 577 4358 tibus,
610 4308 731 4365 quae
767 4292 1024 4349 omnibus
1050 4292 1601 4357 inaccessae,Sancta
1659 4295 1973 4345 sanctorum

400 4386 759 4442 vocabantur.
833 4384 959 4441 Haec
1021 4392 1177 4440 erant
1236 4384 1552 4441 abscondita
1613 4377 1970 4436 tabernaculi.

2075 506 2195 558 κατ’
2231 504 2362 574 ἐμοῦ
2405 503 2797 573 διανοηθέντες,
2828 502 2922 556 καὶ
2964 499 3065 571 ἤδη
3107 498 3332 569 πλησίον
3368 496 3650 566 γενόμενοι

2073 594 2179 648 τῶν
2212 595 2359 665 ἐμῶν
2395 594 2631 666 σαρκῶν,
2668 594 2768 646 οῦκ
2808 589 2901 645 οἷδ’
2931 592 3077 654 ὅπως
3118 588 3261 660 ἅπερ
3292 586 3496 660 πρᾶξαι
3527 588 3651 640 κατ’

2075 687 2210 759 ἐμοῦ
2259 688 2615 760 διανενόηντο,
2661 686 2835 741 ταῦτα
2878 685 3241 739 πεπόνθασιν-
3298 679 3479 735 Αὐτοὶ
3517 681 3648 751 γὰρ,

2073 780 2258 851 φησὶν,
2303 779 2686 848 ἡσθένησαν,
2717 778 2816 832 καὶ
2853 777 3102 841 ἔπεσαν,
3155 775 3304 830 οὐδὲν
3347 773 3484 846 ἐμοῦ
3529 760 3652 827 κατ’

2072 872 2249 928 αὐτῶν
2290 876 2383 946 ἐνη
2394 874 2651 945 ργηκότος
2675 890 2689 903 ·
2731 870 2867 925 ἀλλὰ
2906 870 3106 941 δηλαδὴ
3152 869 3245 923 τοῦ
3294 867 3427 939 ἐμοῦ
3476 867 3653 937 φωτὸς

2073 967 2167 1021 καὶ
2201 965 2298 1021 τοῦ
2340 964 2475 1038 ἐμοῦ
2520 966 2761 1037 σωτῆρος
2788 965 3082 1037 ἀπορρήτῳ
3108 963 3201 1017 καὶ
3232 962 3384 1032 θεῖκῇ
3424 959 3653 1031 δυνάμει

2075 1059 2196 1111 κατ’
2239 1056 2418 1110 αὐτῶν
2469 1055 2938 1128 στρατευσαμένου
2989 1056 3082 1108 καὶ
3124 1052 3520 1115 καταϐαλόντος
3561 1050 3653 1103 αὐ-

2073 1147 2219 1210 τοὺς,
2256 1147 2320 1200 ἵν’
2344 1145 2455 1216 ἐγώ
2485 1164 2545 1199 τε
2573 1147 2824 1217 ρυσθείην
2850 1146 2949 1216 τῆς
2990 1144 3169 1198 αὐτῶν
3214 1142 3524 1213 ἐπιϐουλῆς,
3560 1141 3655 1195 καὶ

2078 1238 2245 1310 μηδὲν
2288 1237 2561 1309 βλαϐείην,
2605 1238 2759 1292 αὐτοί
2804 1255 2863 1290 τε
2910 1236 3261 1308 ὠφεληθεῖεν,
3298 1236 3400 1305 τῆς
3444 1234 3654 1288 ἑαυτῶν

2075 1330 2272 1394 κακίας
2299 1328 2774 1400 ἐξασθενήσαντες,
2810 1328 3166 1398 κερδάναντες
3187 1325 3268 1396 τῷ
3301 1325 3375 1397 μὴ
3402 1324 3501 1396 τὴν
3526 1326 3653 1378 ἐαυ-

2074 1422 2183 1477 τῶν
2216 1422 2447 1494 αὐξῆσαι
2489 1421 2788 1494 μοχθηρίαν
2816 1419 2905 1473 διὰ
2948 1420 3049 1490 τῆς
3079 1421 3198 1473 κατ’
3247 1417 3382 1489 ἐμοῦ
3426 1417 3653 1489 βλάϐης.

2080 1516 2178 1569 Ἔν
2221 1532 2361 1569 τισιν
2402 1514 2827 1585 ἐπιγέγραπται,
2877 1511 3123 1582 Ψαλμὸς
3160 1510 3267 1566 τοῦ
3310 1509 3489 1564 Δαυῒδ
3537 1509 3656 1579 πρὸ

2076 1608 2182 1662 τοῦ
2212 1606 2554 1678 χρισθῆναι.

2151 1699 2311 1754 Μίαν
2356 1699 2677 1769 ᾐτησάμην
2713 1695 2873 1766 παρὰ
2919 1696 3165 1765 Κυρίου,
3214 1696 3442 1763 ταύτην
3485 1692 3640 1763 exiit

2076 1792 2274 1859 τήσω·
2313 1792 2421 1847 τοῦ
2465 1791 2765 1846 κατοικεῖν
2800 1808 2878 1860 με
2903 1791 2972 1845 ὲν
3008 1789 3153 1853 οἴκῳ
3197 1789 3419 1857 Κυρίου
3449 1785 3649 1854 πάσας

2077 1885 2186 1953 τὰς
2226 1886 2450 1956 ἡμέρας
2494 1884 2605 1954 τῆς
2648 1884 2795 1953 ζωῆς
2831 1902 2971 1954 μου,
3019 1884 3125 1938 τοῦ
3155 1881 3393 1952 θεωρεῖν
3430 1898 3509 1951 με
3537 1879 3654 1949 τὴν

2077 1980 2448 2049 τερπνότητα
2476 1976 2722 2047 Κυρίου,
2754 1976 2853 2031 καί
2886 1975 3351 2030 ἐπισκέπτεσθαι
3374 1973 3483 2027 τὸν
3502 1973 3654 2027 ναόν

2077 2072 2283 2126 αὐτοῦ.
2309 2070 2521 2135 nemo;
2550 2070 2755 2142 Κυρίου
2776 2069 2871 2123 καὶ
2900 2066 3201 2139 εὐπρέπεια
3229 2067 3323 2141 κα).
3349 2065 3651 2137 τερπνότης

2080 2165 2137 2218 ἐν
2166 2164 2244 2236 τῷ
2285 2165 2420 2235 οἴκῳ
2450 2162 2542 2216 τοῦ
2590 2161 2723 2218 Θεοῦ
2754 2160 3062 2233 θεωρεῖται,
3090 2158 3287 2230 δηλαδὴ
3322 2158 3381 2210 ἐν
3411 2158 3481 2228 τῇ
3525 2156 3651 2210 Ἐκ·

2078 2256 2277 2329 κλησίᾳ
2309 2254 2496 2320 αὐτοῦ,
2541 2254 2628 2308 διὰ
2665 2253 2774 2306 τῶν
2813 2251 3182 2306 θεοπνεύστων
3226 2250 3319 2303 καὶ
3353 2248 3513 2320 ἱερῶν
3547 2264 3651 2316 μαο

2079 2347 2144 2419 θη
2154 2349 2356 2419 μάτων,
2389 2350 2448 2401 ἐν
2479 2340 2560 2409 οἷς
2590 2344 2650 2398 τὺ
2685 2343 2933 2415 ἀληθινὸν
2964 2341 3058 2395 τοῦ
3091 2341 3247 2409 λόγου
3293 2339 3508 2402 κάλλος.
3558 2339 3649 2391 καὶ

2077 2443 2110 2512 ὴ
2156 2439 2361 2511 ἀληθὴς
2411 2438 2740 2510 εὐπρέπεια,
2863 2437 2956 2489 καὶ
3010 2434 3172 2496 αὐτὸς
3219 2433 3574 2504 ἐπιτέρπεται
3615 2437 3642 2487 ὁ

2077 2532 2210 2596 Θεὸς
2237 2532 2331 2586 καλ¹
2357 2529 2787 2602 ἐμπολιτεύεται.
2834 2528 2947 2581 Οὐκ
2972 2527 3036 2580 ἂν
3067 2526 3123 2580 δὲ
3168 2524 3431 2595 ἁμάρτοις
3458 2521 3629 2594 εὐπρέ

2078 2644 2239 2681 πειαν
2286 2625 2459 2694 λέγων
2506 2624 2599 2677 καὶ
2644 2623 2735 2677 τὸν
2777 2620 3029 2692 σώφρονα
3068 2619 3162 2673 καὶ
3191 2616 3385 2688 σεμνὸν
3419 2616 3532 2686 βίον
3561 2615 3649 2669 καὶ

2078 2722 2257 2774 πᾶσαν
2295 2718 2392 2791 τὴν
2426 2718 2677 2790 ἐνάρετον
2702 2714 2971 2768 πολιτείαν
2998 2712 3106 2766 τῶν
3144 2713 3202 2764 ἐν
3232 2709 3507 2780 θεοσεϐείᾳ
3533 2708 3645 2762 δια-

2079 2816 2412 2885 πρεπόντων.

2151 2912 2271 2964 Ὅτι
2312 2908 2541 2979 ἔκρυψέ
2586 2925 2662 2976 με
2699 2907 2770 2960 ἐν
2818 2901 3052 2971 σκηνῇ
3100 2900 3171 2955 ἐν
3215 2898 3403 2968 ἡμέρᾳ
3452 2894 3646 2951 κακῶν

2076 3002 2382 3058 ἐσκέπασέ
2421 3019 2499 3072 με
2539 3002 2608 3056 ἐν
2650 3000 2973 3067 ἀποκρύφῳ
3017 2993 3127 3063 τῆς
3165 2988 3400 3059 σκηνῆς
3441 2985 3647 3042 αὑτοῦ.

2091 3099 2188 3153 Ἐν
2212 3097 2397 3166 πέτρᾳ
2428 3094 2638 3165 ὒψωσέ
2660 3112 2755 3165 με.
2784 3091 2968 3146 Ταῦτά
2997 3107 3085 3161 μοι
3120 3087 3298 3141 πάντα
3327 3082 3599 3155 παρέσχεν
3621 3080 3647 3132 ι’

2077 3187 2268 3259 Σωτήρ
2301 3204 2402 3259 μου
2426 3187 2497 3240 ἐν
2520 3184 2600 3251 τῷ
2628 3181 2873 3253 ἐγγίζειν
2898 3177 2990 3236 ἐπ’
3028 3177 3134 3248 ἐμὲ
3161 3174 3520 3238 κακοῦντας,
3545 3169 3646 3225 τοῦ

2077 3281 2289 3350 φαγεῖν
2316 3278 2423 3345 τὰς
2465 3278 2698 3344 σάρκας
2732 3293 2872 3345 μου.
2903 3276 2966 3328 Οἱ
3003 3273 3100 3343 μέν
3130 3270 3239 3339 γὰρ
3267 3267 3527 3338 ἠσθένουν
3557 3263 3644 3316 καὶ

2077 3371 2301 3424 ἔπιπτον
2321 3387 2335 3400 ο
2384 3367 2496 3437 ἐγὼ
2523 3367 2580 3420 δέ
2621 3366 2725 3419 ὑπὸ
2767 3365 2868 3435 τῆς
2905 3362 3066 3417 αὐτοῦ
3094 3361 3270 3425 δεξιᾶς
3298 3355 3647 3429 ἐκρυπτόμην

2076 3462 2134 3515 ἐν
2161 3463 2332 3531 σκηνῇ
2356 3458 2644 3522 κατοικῶν,
2671 3457 2756 3511 διὰ
2785 3455 2845 3509 τὸ
2872 3457 2929 3508 ἐν
2956 3452 3211 3525 ἐρημίαις
3244 3451 3345 3513 τὰς
3373 3443 3646 3519 διατριϐὰς

2078 3552 2365 3615 ποιεῖσθαι,
2393 3552 2485 3605 καὶ
2512 3550 2586 3621 μὴ
2612 3549 2752 3619 ἔχειν
2779 3547 2895 3600 τότε
2921 3545 3011 3598 τὸν
3037 3539 3185 3597 οἷκον
3210 3541 3302 3595 τοῦ
3332 3538 3488 3598 Θεοῦ,
3515 3536 3648 3607 μηδὲ

2075 3646 2165 3700 τὸν
2197 3645 2323 3699 ναὸν
2361 3643 2545 3698 αὐτοῦ.
2582 3640 2740 3694 Ἀλλὰ
2784 3639 2877 3693 καὶ
2916 3634 3191 3691 ἐσκέπασέ
3237 3650 3305 3705 με
3351 3632 3410 3685 ἐν
3440 3634 3506 3701 τῇ
3538 3628 3649 3687 τῶν

2077 3739 2262 3813 κακῶν
2293 3737 2495 3809 ἡμέρᾳ,
2529 3733 2802 3788 τουτέστιν
2837 3734 2896 3785 ἐν
2922 3728 3097 3802 καιρῷ
3137 3728 3241 3781 τῶν
3271 3723 3523 3795 διωγμῶν
3556 3721 3660 3803 καὶ.

2076 3830 2184 3885 τῶν
2215 3829 2581 3903 πειρατηρίων
2599 3845 2613 3858 ο
2642 3828 2742 3881 οὐκ
2769 3823 3001 3895 ἀλλαχοῦ
3030 3839 3154 3885 που,
3181 3819 3294 3874 ἀλλ’
3328 3821 3385 3872 ἐν
3408 3816 3485 3888 τῷ
3512 3817 3644 3869 ἁποο

2078 3923 2272 3997 κρύφῳ
2298 3922 2399 3993 τῆς
2427 3921 2631 3992 σκηνῆς
2670 3917 2856 3972 αὑτοῦ.
2888 3916 3120 3986 Νοήσεις
3151 3913 3208 3965 δέ
3234 3911 3296 3964 τὸ
3328 3908 3647 3978 λελεγμένον

2078 4016 2185 4069 ἀπὸ
2210 4015 2317 4069 τῶν
2351 4012 2503 4086 παρὰ
2527 4012 2749 4066 Μωῦσεῖ
2773 4009 2899 4081 περὶ
2930 4006 3030 4077 τῆς
3060 4005 3263 4075 σκηνῆς
3296 4004 3646 4071 ἀναγεγραμ-

2081 4108 2277 4180 μένων,
2296 4112 2297 4115 “
2314 4107 2407 4161 καὶ
2435 4105 2561 4178 περὶ
2600 4104 2708 4157 τῶν
2746 4099 3000 4154 ἐσωτάτω
3040 4098 3141 4167 τῆς
3174 4095 3375 4165 σκηνῆς
3407 4092 3512 4145 τῶν
3539 4092 3647 4152 τοῖς

2079 4203 2245 4255 πᾶσιν
2289 4199 2526 4262 ἀϐάτων,
2562 4197 2705 4266 ειπερ
2749 4193 2975 4247 ἐκάλουν
3017 4191 3181 4258 ’Ἅγια
3226 4186 3419 4255 ἁγίων.
3465 4182 3647 4236 Ταῦτα

2078 4294 2186 4365 γὰρ
2211 4288 2279 4362 ἦν
2318 4290 2388 4344 τὰ
2434 4288 2729 4359 ἁπόκρυφα
2764 4284 2861 4355 τῆς
2897 4280 3122 4353 σκηνῆς.
3156 4277 3313 4331 Οὕτω
3351 4276 3530 4328 τοίνυν
3556 4272 3651 4328 καὶ

2080 4387 2137 4439 ἐν
2184 4383 2263 4454 τῷ
2302 4380 2477 4453 καιρῷ
2521 4379 2630 4433 τῶν
2675 4373 3041 4447 πειρατηρίων
3083 4371 3241 4433 αὐτὸς
3283 4369 3413 4439 ἐμὸς
3448 4367 3648 4439 Κύριος

399 4476 496 4537 Sic
548 4479 733 4553 itaque
788 4479 845 4534 in
912 4488 1156 4550 tempore
1205 4476 1570 4534 tentationum
1604 4514 1619 4538 ,
1693 4473 1811 4543 ipse
1868 4470 1973 4525 Do-

2079 4479 2172 4533 καὶ
2200 4474 2391 4547 Σωτὴρ
2423 4472 2695 4527 ἐσκέπασε
2718 4468 2812 4522 καὶ
2833 4464 3116 4537 άπέκρυψέ
3133 4478 3202 4533 με
3224 4461 3283 4514 ἐν
3302 4457 3380 4528 τῷ
3396 4460 3649 4529 ἐσωτάτω

403 4575 585 4631 minus
637 4581 693 4631 et
731 4572 989 4630 Servator
1054 4588 1210 4628 meus
1279 4570 1519 4643 protexit
1579 4582 1667 4623 me
1725 4573 1780 4621 et
1848 4564 1976 4619 abs-

401 4667 590 4723 condit
662 4667 721 4721 in
776 4667 984 4722 intimis
1058 4665 1400 4720 tabernaculi
1463 4661 1548 4719 sui
1595 4680 1608 4716 :
1663 4675 1773 4716 non
1829 4657 1975 4729 quod

399 4775 591 4817 revera
635 4759 712 4814 ibi
756 4774 843 4815 me
897 4758 1289 4823 collocaverit,
1345 4755 1442 4811 sed
1491 4755 1548 4810 in
1588 4753 1785 4807 animae
1829 4760 1973 4808 statu

401 4851 768 4918 sanctiﬁcato,
813 4859 869 4908 et
911 4866 942 4905 a
996 4850 1171 4905 turbae
1216 4848 1519 4919 frequentia
1566 4852 1870 4916 segregate.
1909 4842 1976 4898 Et

401 4944 540 5010 haec,
573 4946 774 5016 inquit,
805 4943 940 4998 mihi
968 4942 1261 5006 obvenere,
1296 4939 1604 5012 usquedum
1635 4938 1753 4994 dies
1796 4940 1973 4991 malo-

400 5053 522 5093 rum
550 5043 988 5109 perseverarent,
1022 5035 1320 5092 secundum
1355 5033 1488 5089 illud
1518 5032 1625 5087 alio
1655 5032 1709 5086 in
1745 5032 1867 5086 loco
1892 5030 1975 5085 di-

400 5137 549 5184 ctum
588 5147 601 5184 :
643 5126 809 5193 Vade,
838 5127 1059 5196 populus
1092 5144 1259 5190 meus,
1291 5126 1435 5179 intra
1483 5125 1539 5178 in
1581 5122 1825 5177 cubicula
1860 5130 1973 5186 tua,

400 5220 588 5276 claude
608 5219 836 5290 januam
876 5228 1045 5284 tuam,
1071 5218 1333 5273 absconde
1362 5217 1627 5272 modicum
1653 5216 1721 5271 ad
1750 5232 1978 5270 momen-

402 5332 537 5378 tum,
570 5314 735 5368 donec
770 5323 1099 5383 pertranseat
1127 5314 1212 5367 ira
1253 5311 1462 5367 Domini
1495 5311 1563 5366 δι.
1594 5310 1698 5366 Sed
1729 5326 1851 5366 cum
1890 5325 1976 5364 me

404 5421 510 5458 non
544 5419 758 5476 semper
785 5405 1076 5471 occultari,
1117 5417 1294 5475 neque
1337 5403 1394 5458 in
1432 5402 1754 5459 abscondito
1788 5401 1974 5455 taber—

405 5497 583 5551 naculi
620 5497 702 5551 sui
749 5496 967 5551 latitare
996 5496 1178 5561 vellet,
1209 5510 1274 5549 ac
1323 5494 1496 5551 solum
1547 5509 1634 5548 me
1688 5492 1974 5548 utilitatem

403 5603 628 5659 capere;
659 5603 895 5645 cumque
939 5587 1274 5645 decrevisset
1317 5602 1405 5643 me
1438 5587 1559 5642 aliis
1593 5600 1810 5657 quoque
1855 5582 1975 5639 fru-

478 5769 515 5799 "
559 5768 664 5824 lsa.
702 5784 848 5834 xxvi,
882 5767 975 5821 ‘20.

2080 4570 2177 4638 τῆς
2204 4566 2367 4622 αὑτοῦ
2402 4563 2635 4635 σκηνῆς
2671 4561 2731 4616 οὐ
2764 4562 2979 4622 πάντως
3007 4559 3065 4611 ἐν
3098 4557 3249 4626 τόπῳ
3273 4555 3403 4624 τοίῳ
3445 4553 3507 4624 δὴ
3552 4569 3651 4604 κα-

2077 4661 2372 4731 ταστήσας,
2403 4654 2515 4709 ἁλλ’
2563 4654 2620 4708 ἐν
2653 4652 2830 4723 ψυχῆς
2854 4650 3185 4704 καταστάσει
3221 4644 3527 4717 ἡγιασμένη
3558 4644 3648 4696 καὶ⁵

2075 4755 2176 4826 τῆς
2219 4752 2327 4807 τῶν
2373 4749 2581 4803 πολλῶν
2629 4746 2934 4816 κοινότητος
2978 4741 3488 4814 ἀποκεχωρισμένῃ.
3542 4738 3648 4792 Καὶ

2076 4848 2269 4910 ταῦτα,
2291 4843 2444 4916 φησὶ,
2464 4843 2593 4914 περὶ
2622 4840 2722 4911 ἐμὲ
2752 4839 2978 4905 ἐγίνετο,
3010 4836 3171 4908 μέχρι
3196 4832 3385 4905 καιροῦ
3420 4832 3531 4900 τῆς
3545 4830 3647 4882 τῶν

2079 4938 2266 4994 κακῶν
2295 4937 2529 5008 ἡμέρας,
2562 4933 2705 4986 κατὰ
2725 4932 2788 4984 τὸ
2823 4929 3147 4999 λελεγμένον
3178 4930 3235 4981 ἐν
3262 4924 3469 4996 ἑτέροις
3491 4941 3503 4953 ·
3535 4922 3648 4975 Βά-

2076 5034 2211 5098 διζε,
2244 5035 2276 5086 ὁ
2292 5032 2441 5096 λαός
2464 5047 2605 5100 μου,
2633 5026 2871 5083 εἴσελθε
2901 5028 2988 5091 είς
3011 5024 3085 5078 τὰ
3114 5018 3319 5090 ταμεῖά
3347 5035 3484 5083 σου,
3510 5015 3650 5069 ἁπό-

2076 5131 2328 5181 κλεισον
2345 5124 2461 5195 τὴν
2487 5125 2674 5193 θύραν
2699 5136 2836 5186 σου,
2856 5118 3224 5187 ἀποκρύϐηθι
3238 5111 3457 5184 μικρὸν
3478 5110 3644 5170 ὅσον,

2075 5220 2187 5286 ἕως
2214 5217 2290 5273 ἂν
2333 5216 2599 5286 παρέλθῃ
2632 5217 2671 5283 ἡ
2700 5213 2845 5283 ὀργὴ
2884 5212 3125 5280 Κυρίου.
3171 5206 3309 5260 Ἀλλ’
3346 5205 3447 5258 οὐκ
3487 5204 3566 5265 εἰς
3587 5200 3646 5252 τὸ

2078 5312 2335 5375 παντελὲς
2367 5307 2703 5383 κρύπτεσθαί
2737 5324 2802 5378 με
2847 5302 3143 5377 βουληθεὶς,
3169 5300 3276 5353 οὐδ’
3303 5301 3362 5351 ἐν
3407 5294 3486 5366 τῷ
3511 5295 3644 5348 ἀπο·

2079 5406 2270 5477 κρύφῳ
2301 5405 2398 5475 τῆς
2433 5403 2637 5474 σκηνῆς
2665 5399 2826 5453 αὐτοῦ
2866 5397 3167 5452 λανθάνειν.
3195 5393 3289 5447 καὶ
3319 5390 3477 5461 μόνον
3503 5389 3641 5454 ὠφε-

2076 5498 2305 5563 λεῖσθαι,
2336 5498 2605 5568 χρήσιμον
2633 5493 2687 5546 δέ
2728 5492 2822 5546 καὶ
2853 5493 3037 5561 ἕτερον
3064 5485 3398 5555 καταστῆναι
3435 5480 3642 5555 κρίνας,

2078 5591 2172 5644 ἐπὶ
2206 5590 2349 5644 τέλει
2390 5588 2490 5651 τῆς
2520 5586 2627 5640 τῶν
2651 5585 2838 5640 κακῶν
2872 5583 3083 5655 ἡμέρας
3112 5582 3183 5635 ἐν
3221 5577 3405 5648 πέτρᾳ
3440 5568 3646 5645 ῦψωσέ

2399 5710 2436 5753 4
