3940 6292
311 364 414 422 “1—H

1517 380 2021 436 COMMENTARIA
2061 381 2126 435 IN
2180 380 2524 440 PSALMOS.

3491 394 3596 447 94‘)

328 498 413 551 με.
445 479 514 536 Ἦ
542 485 747 554 πέτρα
776 489 843 543 δὲ
869 488 961 559 ἦν,
997 491 1157 562 φησὶν
1185 494 1212 545 ό
1241 493 1577 556 Ἀπόστολος,
1598 497 1629 546 o’
1651 495 1902 562 Χριστός

2031 504 2175 550 ctum
2211 498 2501 551 allaturum
2537 514 2679 560 esse,
2711 507 2900 553 exacta
2927 500 3014 555 die
3038 497 3325 567 malorum,
3364 505 3417 557 in
3450 518 3596 574 petra

345 575 432 630 Ἐν
467 573 582 644 γὰρ
615 578 702 647 τῷ
755 582 916 633 αὑτοῦ
958 582 1118 652 λόγῳ,
1166 584 1255 635 καὶ
1287 586 1350 654 τῇ
1386 582 1551 635 αὑτοῦ
1603 584 1784 652 σοφία,
1830 585 1922 636 καὶ

346 672 403 739 τῇ
443 669 674 740 δυνάμει
710 675 776 741 τῇ
819 675 1066 744 σωτηρὶῳ
1099 674 1281 744 ὑψωσέ
1325 693 1391 746 με
1420 677 1448 727 ὁ
1482 675 1646 728 πάλαι
1684 675 1925 746 ἀποκρὺ-

345 761 449 830 ιιιας
476 763 533 814 ὲν
563 764 628 832 τῇ
676 767 847 835 σκηνῇ
884 765 1066 831 αὑτοῦ,
1098 767 1190 820 καὶ
1227 769 1503 831 σκεπάσας
1545 770 1600 821 ὲν
1625 767 1924 839 ἀποκρύφῳ

345 855 445 924 τῆς
473 857 677 926 σκηνῆς
706 856 872 909 αὑτοῦ
907 860 962 910 ἐν
989 858 1167 930 ἡμέρᾳ
1204 859 1409 913 κακῶν.
1439 859 1783 932 Παραγαγὼν
1815 860 1924 932 γὰρ

343 947 410 998 τὰ
451 947 598 1000 κακὰ
643 949 856 1002 καὶτὸν
906 951 1094 1022 καιρὸν
1133 950 1240 1004 τῶν
1280 951 1488 1023 ἐχθρῶν
1537 953 1629 1004 καὶ
1663 952 1769 1004 τῶν
1812 951 1923 1004 θλι-

345 1038 550 1092 ϐόντων
580 1058 648 1110 με
676 1041 968 1112 πολεμίων,
994 1047 1072 1107 εἰς
1115 1043 1285 1097 εὑδιον
1314 1046 1404 1099 καὶ
1432 1049 1700 1117 εἰρηναῖον
1729 1047 1922 1116 λιμένα

345 1129 699 1199 κατέστησεν,
742 1130 962 1199 ἀγαγών
1010 1150 1066 1185 τε
1110 1136 1188 1197 εἰς
1240 1134 1300 1188 τὸ
1339 1137 1576 1205 ἐμφανὲς
1617 1137 1706 1188 τὸν
1759 1137 1920 1189 πάλαι

344 1223 810 1292 κρυπταςόμενον,
841 1226 1115 1296 μετέωρον
1137 1227 1305 1298 ἐπῆρε
1327 1228 1418 1280 καὶ
1445 1227 1642 1297 ὑψηλὸν
1673 1227 1916 1298 ἔστησεν,

343 1313 416 1378 ὡς
450 1316 620 1367 πᾶσιν
665 1315 891 1386 ὁρᾶσθαι
921 1318 1014 1369 καὶ
1051 1317 1203 1390 παρὰ
1241 1321 1352 1382 τοῖς
1397 1321 1529 1372 πᾶσι
1579 1318 1916 1384 δοξάζεσθαι,

343 1406 685 1476 ἡδρασμένον
726 1408 820 1461 καὶ
861 1407 1319 1481 τεθεμελιωμένον
1361 1412 1418 1463 ἐν
1446 1414 1512 1482 τῇ
1547 1412 1785 1482 aptam
1827 1412 1920 1464 καὶ

343 1498 722 1570 ἀσφαλεστάτη
752 1498 917 1552 αὑτοῦ
948 1500 1142 1572 πέτρᾳ.

407 1717 520 1770 Kal
545 1718 664 1773 νῦν
685 1719 895 1787 ὕψωσε
923 1719 1196 1789 κεφαλήν
1218 1738 1337 1790 μου
1373 1723 1465 1774 ἐπ’
1493 1724 1744 1792 ἐχθρούς
1768 1741 1908 1792 μου.

340 1812 568 1880 Νοήσεις
595 1813 892 1884 ἐπιστήσας
912 1815 1060 1878 ὅπως
1083 1815 1294 1885 εἴρηται
1319 1816 1468 1886 παρὰ
1491 1815 1568 1886 τῷ
1608 1815 1916 1886 Ἀποστόλῳ

2030 586 2281 640 exultavit
2314 604 2412 642 me.
2461 588 2624 642 Petra
2665 599 2860 652 autem,
2911 591 3087 660 inquit
3127 593 3441 662 Apostolus,
3483 612 3598 652 erat

2028 676 2270 732 Christus
2305 679 2370 733 δ’.
2409 677 2542 733 Nam
2580 681 2746 734 verbo
2793 696 2915 743 suo,
2961 683 3226 750 sapientia
3273 693 3327 740 et
3372 688 3596 744 salutari

2027 768 2228 825 virtute
2273 785 2371 826 sua
2415 773 2674 826 exaltavit
2705 790 2809 835 me,
2845 775 2935 844 qui
2985 776 3112 828 olim
3145 778 3508 836 absconderat
3541 785 3594 836 iu

2026 862 2379 917 tabernaculo
2409 880 2530 927 suo,
2565 875 2617 919 et
2651 867 2742 936 qui
2777 867 2830 920 in
2862 867 2948 922 die
2995 868 3260 922 malorum
3295 883 3596 940 protexerat

2025 951 2079 1005 in
2111 953 2432 1010 abscondito
2460 957 2798 1012 tabernaculi
2825 959 2930 1014 sui.
2965 958 3100 1013 Cum
3135 965 3276 1016 enim
3305 965 3597 1020 amovisset

2024 1047 2187 1112 mala,
2226 1055 2280 1102 et
2311 1064 2374 1103 ea
2401 1066 2521 1119 qua:
2555 1058 2800 1120 tempore
2852 1052 3199 1107 inimicorum
3250 1062 3304 1109 et
3356 1055 3595 1113 hostium

2023 1152 2109 1190 me
2135 1138 2541 1193 molestantium
2569 1141 2904 1207 acciderant,
2951 1144 3006 1197 in
3045 1145 3346 1214 tranquillo
3383 1155 3436 1201 et
3477 1148 3597 1216 pla-

2022 1227 2144 1282 cido
2178 1241 2340 1296 portu
2371 1247 2457 1286 me
2490 1235 2775 1289 constituit
2813 1254 2827 1290 :
2861 1252 3053 1306 meque
3087 1239 3213 1291 olim
3269 1239 3594 1302 latitantem,

2021 1317 2075 1371 in
2113 1320 2470 1389 conspicuum
2511 1323 2690 1379 locum
2734 1325 3052 1394 deductum,
3087 1330 3374 1384 sublimem
3399 1332 3592 1396 erexit,

2021 1416 2071 1462 et
2103 1412 2380 1465 excelsum
2416 1417 2628 1475 statuit,
2671 1423 2730 1469 ut
2770 1419 3014 1471 omnium
3071 1422 3391 1490 conspectui
3443 1429 3595 1491 pate-

2021 1515 2156 1564 rem,
2195 1502 2262 1556 ab
2292 1504 2548 1559 omnibus
2581 1507 2855 1572 laudarer,
2894 1516 3078 1580 utpote
3108 1511 3165 1565 in
3197 1511 3512 1569 ﬁrmissima
3541 1522 3593 1569 et

2021 1593 2250 1648 infracta
2283 1595 2458 1665 ipsius
2487 1606 2638 1666 petra
2669 1601 2882 1669 positus
2912 1610 2967 1655 et
2998 1601 3277 1660 fundatus.

2090 1707 2158 1762 Et
2179 1726 2315 1764 nunc
2339 1711 2593 1766 exultavit
2617 1722 2772 1782 caput
2796 1731 2966 1769 meum
2990 1733 3144 1785 super
3165 1718 3402 1772 inimicos
3426 1736 3585 1774 meos.

2017 1802 2331 1874 Perpendas
2357 1805 2516 1861 velim
2543 1822 2650 1876 qua
2683 1811 2952 1864 sententia
2987 1812 3055 1866 ab
3083 1811 3345 1883 Apostolo
3373 1814 3590 1870 dicatur

336 1905 412 1956 τό·
453 1905 604 1970 Ἕως
635 1900 704 1960 οὗ
736 1905 799 1958 τὸ
830 1906 1098 1975 σήμερον
1125 1906 1410 1961 καλεῖται.
1450 1906 1606 1961 Οὕτω
1635 1908 1742 1980 γὰρ
1772 1911 1903 1979 ἐρεῖς

2020 1896 2153 1950 illud
2184 1916 2196 1951 :
2227 1895 2404 1952 Donec
2449 1897 2602 1952 hodie
2655 1901 3054 1970 cognominatur
3085 1904 3152 1958 ⁸³.
3209 1903 3343 1958 Nam
3399 1906 3587 1962 eadem

335 1999 426 2051 xz".
465 1998 560 2050 ἐπὶ
594 1997 687 2050 τοῦ
726 2000 990 2069 παρόντος
1026 2001 1086 2053 τὸ
1117 2001 1334 2074 διαρκὲς
1363 2000 1454 2054 τοῦ
1487 2002 1680 2073 χρόνου
1711 2001 1913 2074 σημαί-

333 2088 538 2142 νεσθαι.
601 2089 658 2142 'O
698 2088 807 2160 γὰρ
857 2090 948 2142 τοῦ
992 2091 1126 2147 Θεοῦ
1171 2090 1475 2163 ἄνθρωπος,
1523 2093 1590 2146 τὰ
1627 2096 1912 2165 νικητήρια

331 2180 471 2232 κατὰ
501 2180 611 2232 τῶν
643 2179 852 2252 ἐχθρῶν
883 2180 1137 2251 εἰληφὼς,
1184 2183 1271 2236 ἀεὶ
1303 2185 1401 2254 τῆς
1439 2184 1546 2237 τῶν
1582 2184 1789 2256 ἐχθρῶν
1824 2203 1914 2238 κε-

331 2273 504 2343 φαλῆς
555 2275 826 2344 ἀνώτερος
869 2275 1094 2343 γίνεται·
1133 2275 1304 2340 οὕτως
1349 2278 1442 2330 καὶ
1488 2277 1648 2340 αὐτὸς
1688 2279 1716 2330 ό
1757 2277 1914 2331 ἑαυτδ

333 2367 493 2438 μέχρι
535 2366 629 2419 τοῦ
666 2367 927 2439 παρόντος
967 2369 1159 2439 χρόνου
1194 2369 1480 2438 ἐπαίρεται
1529 2370 1622 2422 καὶ
1661 2369 1911 2439 ὑψοῦται,

331 2457 450 2508 καθ’
498 2456 626 2526 ὅλης
681 2458 778 2528 τῆς
829 2459 1157 2530 οἰκουμένης
1207 2459 1462 2530 ᾁδόμενος
1515 2462 1607 2514 καλ¹
1642 2461 1912 2532 βοώμενος

335 2544 482 2616 παρὰ
514 2549 646 2599 πᾶσι
679 2550 791 2610 τοῖς
821 2547 1017 2612 ἔθνεσι,
1054 2551 1148 2604 καὶ
1177 2550 1384 2621 ὖψωταί
1414 2569 1477 2621 γε
1503 2553 1718 2624 ἀληθῶς
1751 2557 1784 2624 ή
1819 2573 1911 2607 κε-

336 2634 474 2704 φαλὴ
496 2635 658 2688 αὑτοῦ
677 2636 772 2689 ἐπὶ
786 2638 913 2701 τοὺς
932 2637 1099 2691 πάλαι
1125 2640 1447 2710 γενομένους
1469 2641 1634 2694 αὑτοῦ
1659 2644 1752 2712 ὲχθ
1763 2644 1907 2712 ρους,

332 2726 430 2788 τὰς
468 2727 731 2797 ἁοράτους
767 2729 1046 2800 δυνάμεις.
1105 2732 1163 2784 '0
1209 2731 1267 2784 δὲ
1311 2732 1401 2785 τοῦ
1437 2733 1570 2786 Θεοῦ
1605 2735 1908 2806 ἄνθρωπος,

326 2819 513 2872 τοῦτον
547 2820 782 2891 ὑψωθεὶς
812 2822 902 2874 τὸν
929 2825 1148 2895 τρόπον,
1183 2825 1484 2896 οὑκιέιργίᾳ⁴
1528 2827 1716 2879 ἑαυτὸν
1742 2828 1909 2896 gazam-

328 2929 432 2976 σιν,
463 2915 585 2966 οὑδὲ
618 2915 881 2986 ἀπραξία,
914 2916 1133 2970 πλείονα
1155 2918 1212 2970 δὲ
1238 2917 1470 2989 σπουδὴν
1512 2919 1638 2990 περὶ
1677 2919 1774 2990 τὴν
1815 2921 1908 2973 τοῦ

324 3005 459 3058 Θεοῦ
503 3006 761 3076 λατρείαν
811 3009 1073 3080 εἰσφέρει.
1120 3009 1211 3062 Διὸ
1262 3009 1527 3078 ἐπιλέγειο
1567 3010 1911 3066 Ἐκύκλωσα

325 3097 422 3150 καὶ
446 3098 638 3151 ἔθυσα
661 3099 723 3150 ἐν
755 3097 830 3166 τῇ
852 3099 1054 3169 σκηνῇ
1079 3101 1263 3155 αὐτοῦ
1285 3103 1508 3156 θυσίαν
1531 3103 1904 3172 ἀλαλαγμοῦ.

323 3185 490 3243 Αὗται
516 3190 575 3242 δὲ
603 3187 743 3261 ἦσαν
781 3193 835 3244 αἱ
862 3192 947 3245 διιι
982 3194 1164 3264 φωνῆς
1198 3197 1291 3248 καὶ
1321 3195 1599 3265 θεολογίας
1629 3195 1814 3267 ὓμνων
1845 3214 1905 3251 τε

2018 2006 2244 2060 prorsus
2264 1993 2477 2048 ratione
2513 1993 2568 2046 in
2599 1993 2852 2063 praesenti
2901 1995 3162 2065 temporis
3204 1998 3586 2054 assiduitatem

2016 2083 2316 2156 signiﬁcari
2349 2083 2627 2141 fateberis.
2662 2085 2941 2156 Siquidem
2973 2086 3067 2142 Dei
3099 2088 3261 2142 homo
3290 2089 3385 2159 qui
3414 2091 3590 2146 victo-

2015 2176 2107 2232 ria:
2131 2177 2196 2232 de
2222 2177 2460 2233 inimicis
2492 2185 2662 2248 parta:
2705 2180 2926 2248 praemia
2956 2181 3186 2249 accepit,
3219 2197 3434 2252 semper
3477 2183 3583 2237 ini-

2013 2271 2282 2325 micorum
2313 2271 2479 2341 capiti
2515 2271 2770 2342 superior
2799 2273 3021 2336 eminet,
3059 2274 3139 2328 sic
3169 2281 3222 2330 et
3258 2274 3372 2346 ipse
3415 2278 3584 2333 David

2015 2377 2186 2429 usque
2219 2361 2286 2415 ad
2338 2376 2576 2430 prtesens
2614 2369 2833 2431 tempus
2868 2363 3149 2417 extollitur
3195 2376 3248 2418 et
3293 2365 3582 2429 exaltatur,

2011 2467 2106 2517 per
2131 2451 2453 2507 universam
2485 2463 2685 2507 terram
2717 2453 3044 2509 decantatus
3074 2457 3426 2526 omniumque
3451 2473 3585 2528 gen-

2013 2543 2147 2596 tium
2184 2543 2413 2600 vocibus
2446 2543 2774 2608 celebratus,
2807 2551 2860 2599 ct
2883 2556 3044 2614 caput
3065 2545 3184 2614 ejus
3211 2561 3404 2602 revera
3433 2550 3588 2604 exal~

2011 2641 2182 2688 tatum
2233 2643 2317 2690 est
2357 2651 2524 2705 super
2556 2651 2747 2690 omnes
2789 2636 2881 2706 qui
2912 2637 3186 2706 quondam
3227 2639 3433 2694 inimici
3465 2640 3586 2711 ejus

2011 2729 2248 2796 inerant,
2285 2730 2627 2785 adversarias
2662 2731 2925 2784 nimirum
2968 2740 3291 2802 potestates.
3320 2733 3389 2788 At
3419 2734 3586 2790 homo

2009 2821 2104 2876 Dei
2131 2838 2196 2878 ea
2227 2825 2438 2878 ratione
2465 2825 2760 2888 exaltatus,
2798 2839 2907 2876 non
2938 2839 2997 2878 se
3029 2823 3258 2894 ignaviae
3289 2837 3381 2881 aut
3411 2829 3585 2899 segni-

2009 2913 2102 2968 tiei
2125 2913 2312 2977 tradit,
2339 2913 2432 2968 sed
2460 2913 2656 2982 majori
2683 2911 2864 2966 studio
2883 2911 3067 2968 divino
3092 2915 3260 2969 cultui
3293 2916 3580 2974 incumbit.

2008 3002 2189 3069 Quare
2222 3003 2526 3074 subjungit,
2560 3001 2791 3057 Circuivi
2836 3010 2886 3054 et
2920 3001 3192 3056 immolavi
3237 3005 3292 3057 in
3334 3005 3583 3061 taberna-

2006 3097 2128 3152 culo
2162 3096 2276 3166 ejus
2309 3098 2534 3152 hostiam
2577 3100 2939 3168 jubilationis.
2994 3099 3087 3156 "te
3119 3115 3254 3156 sane
3286 3106 3444 3154 erant
3480 3099 3578 3154 lio-

2008 3191 2128 3245 stiae
2157 3191 2403 3255 vocibus,
2430 3191 2630 3248 divinis
2683 3193 2938 3262 eloquiis,
2990 3191 3229 3264 hymnis,
3276 3193 3576 3263 gratiarum

323 3284 416 3336 καὶ
453 3283 804 3354 εὐχαριστίας
831 3285 1305 3357 ἀναπεμπόμεναι.
1351 3290 1438 3341 Ἐν
1469 3289 1566 3359 μὲν
1589 3285 1682 3342 οὖν
1701 3289 1780 3360 τῷ
1801 3290 1903 3360 πρὸ

2011 3286 2320 3342 actionibus
2349 3289 2584 3343 emissae.
2618 3288 2676 3342 In
2706 3289 3030 3358 praecedenti
3067 3290 3300 3359 psalmo,
3332 3288 3415 3343 vir
3441 3287 3578 3343 divi-

322 3374 507 3427 τούτου
546 3373 747 3446 ψαλμῷ
800 3377 1136 3448 μελλητικῶς
1187 3379 1494 3434 ἐδιδάσκετο
1546 3380 1722 3449 λέγειν
1763 3381 1793 3432 ὁ
1836 3381 1903 3435 τὰ

323 3467 438 3520 θεῖα
467 3468 870 3539 παιδευόμενος
915 3471 1175 3539 Νίψομαι
1210 3473 1281 3524 ἐν
1316 3471 1526 3538 ἀθώοις
1561 3471 1666 3539 τὰς
1705 3472 1906 3542 χεῖράς

318 3577 455 3627 μου,
499 3561 598 3613 καὶ
640 3561 930 3615 κυκλώσω
963 3561 1030 3615 τὸ
1074 3563 1508 3632 θυσιαστήριόν
1541 3581 1678 3630 σου,
1703 3565 1900 3632 Κύριεο

323 3652 552 3705 ἐνταῦθα
583 3652 640 3706 δὲ
672 3653 747 3717 ὼς
767 3653 866 3725 ἥδη
899 3655 1182 3725 προκύψας
1213 3657 1305 3708 καὶ
1327 3654 1504 3726 τυχὼν
1525 3656 1624 3727 τῆς
1653 3658 1817 3728 εὐχῆς
1842 3657 1901 3710 τὸ

324 3744 671 3815 ἀποτέλεσμα
718 3745 818 3815 τῆς
869 3747 1219 3816 ἐπαγγελίας,
1263 3749 1457 3816 ἐπάγει
1505 3749 1697 3817 λέγων’
1737 3749 1902 3815 Ὲκύ-

323 3841 528 3892 κλωσα
577 3839 674 3892 καὶ
718 3840 908 3894 ἔθυσα
945 3842 1016 3894 ἐν
1063 3840 1138 3910 τῇ
1191 3841 1394 3910 σκηνῇ
1446 3843 1633 3896 αὑτοῦ
1678 3843 1902 3896 θυσίαν

321 3929 698 3999 ἀλαλαγμοῦ
747 3931 843 3984 καὶ
891 3935 948 3985 ὲν
1003 3933 1103 4003 μὲν
1146 3937 1260 3997 τοῖς
1309 3933 1616 4006 ἔμπροσθεν
1659 3933 1894 4003 ἐλέγετοο

328 4020 432 4073 Τοῦ
462 4022 721 4077 ἀκοῦσαι
758 4022 969 4094 φωνὴν
1003 4023 1308 4093 αἰνέσεωςο
1355 4024 1587 4079 ἐνταῦθα
1619 4023 1697 4077 δέ’
1735 4027 1897 4096 ’ᾼσω

321 4110 414 4165 καὶ
443 4112 623 4180 ψαλῶ
659 4113 740 4179 τῷ
765 4116 976 4184 Κυρίῳ.

386 4248 792 4314 Εἱσάκουσον,
838 4252 1032 4326 Κύριε,
1075 4249 1182 4318 τῆς
1215 4250 1420 4320 φωνῆς
1461 4270 1599 4321 μου,
1648 4247 1722 4323 ἧς
1766 4249 1895 4305 ἐκέο

321 4341 526 4407 κραξα·
573 4343 862 4411 Ἐλέησόν
884 4361 960 4412 με
995 4342 1096 4396 καὶ
1123 4341 1493 4398 εἰσάκουσον
1519 4361 1662 4413 μου.
1690 4345 1789 4398 Σοὶ
1820 4340 1894 4396 εἴ·

318 4447 427 4483 πεεν
447 4434 486 4499 ἡ
514 4432 724 4500 καρδία
749 4433 1167 4503 μου·Ἑζήτησέ
1199 4452 1272 4489 σε
1304 4434 1370 4488 τὸ
1402 4438 1726 4502 πρόσωπόν
1747 4454 1890 4505 μουο

315 4522 378 4574 τὸ
406 4525 735 4591 πρόσωπόν
771 4540 907 4590 σου,
943 4527 1137 4593 Κύριε,
1179 4525 1427 4594 ζητήσω.
1485 4527 1629 4578 Ἀντὶ
1672 4527 1728 4579 δὲ
1773 4527 1886 4580 τοῦ·

2010 3379 2097 3434 nis
2129 3378 2182 3432 in
2216 3379 2379 3437 rebus
2408 3381 2694 3437 institutus
2721 3382 2836 3435 haec
2861 3381 2928 3435 de
2963 3382 3144 3435 futuro
3171 3380 3355 3435 dicere
3383 3378 3581 3434 edoce-

2006 3466 2548 3527 batur:Lavabointer
2569 3475 2865 3527 innocentes
2889 3490 3074 3527 manus
3101 3489 3264 3536 meas,
3288 3481 3336 3525 et
3357 3472 3581 3525 circum-

2005 3563 2140 3624 dabo
2167 3565 2336 3618 altare
2364 3574 2531 3631 tuum,
2572 3565 2797 3621 Domine
2825 3567 2870 3597 “
2902 3583 2914 3618 :
2956 3567 3044 3621 hic
3070 3581 3220 3628 vero,
3258 3573 3318 3618 ut
3347 3563 3440 3634 qui
3464 3563 3578 3632 jam

2005 3657 2298 3726 profecerit
2320 3670 2376 3713 et
2407 3661 2663 3729 precibus
2687 3662 2956 3732 promissa
2985 3667 3320 3716 consecutus
3341 3659 3432 3725 sit,
3463 3659 3578 3712 haec

2003 3748 2529 3820 loquitur:Circuivi
2576 3764 2624 3806 ct
2667 3753 2935 3807 immolavi
2983 3753 3039 3805 in
3089 3749 3424 3804 tabernaculo
3462 3750 3576 3817 ejus

2001 3841 2226 3895 hostiam
2256 3843 2597 3911 jubilationis
2629 3859 2646 3896 :
2677 3852 2732 3898 et
2773 3843 2828 3896 in
2862 3843 3134 3912 superiori
3168 3843 3331 3897 etiam
3365 3841 3578 3911 psalmo

2001 3933 2207 3987 dictum
2235 3942 2340 4001 est,
2370 3933 2438 3989 Ut
2468 3934 2688 3988 audiam
2716 3951 2890 3989 vocem
2923 3934 3102 3988 laudis
3132 3934 3212 3998 ⁸⁵;
3260 3933 3351 3988 hic
3391 3940 3572 3987 autem

1999 4025 2221 4092 dicitur,
2235 4021 2470 4080 Cantabo
2493 4038 2542 4082 et
2572 4029 2838 4098 psalmum
2861 4027 3039 4081 dicam
3069 4027 3318 4081 Domino.

2068 4247 2232 4304 Vens.
2287 4251 2441 4305 7-10.
2488 4249 2721 4316 Exaudi,
2768 4249 3008 4310 Domine,
3051 4264 3224 4303 vocem
3253 4265 3445 4310 meam,
3468 4264 3573 4318 qua

1995 4337 2218 4392 clamavi
2233 4339 2300 4392 ad
2322 4347 2370 4394 te
2389 4356 2406 4392 :
2426 4341 2668 4395 miserere
2685 4343 2783 4394 mei
2800 4351 2847 4395 et
2863 4339 3057 4395 exaudi
3076 4357 3175 4394 me.
3198 4337 3317 4393 Tibi
3334 4339 3466 4392 dixit
3483 4355 3573 4391 cor

1994 4447 2184 4494 meum,
2207 4430 2503 4501 Exquisivit
2528 4442 2575 4486 te
2585 4433 2746 4500 [acies
2767 4448 2914 4486 mea:
2936 4431 3123 4500 faciem
3144 4428 3567 4493 tuam,Domine,

1993 4526 2274 4592 requiram.
2295 4523 2427 4593 Ejus
2451 4526 2589 4587 loco,
2609 4524 2702 4577 tibi
2722 4524 2855 4578 dixit
2881 4541 2972 4577 cor
2999 4539 3192 4588 meum,
3217 4519 3496 4592 exquisivit
3521 4528 3570 4570 te

315 4615 409 4668 Σοὶ
430 4611 602 4670 εἶπεν
619 4618 658 4684 ή
686 4617 896 4686 καρδία
919 4635 1059 4686 μου,
1096 4616 1377 4692 Ἑζιὶτησέ
1399 4635 1471 4672 σε
1488 4619 1552 4672 τὸ
1567 4622 1892 4688 πρόσωπόν

2011 4617 2156 4670 Ριιείεις
2195 4634 2331 4680 mea,
2361 4619 2604 4686 apertius
2633 4615 2998 4688 Symmachus
3039 4618 3120 4671 sic
3159 4615 3568 4681 interpretatur.

307 4726 444 4776 μου,
485 4711 515 4761 ὁ
553 4709 846 4781 Σύμμαχος
881 4711 1208 4782 σαφέστερον
1251 4711 1511 4776 ἐξέδωκεν
1551 4711 1737 4767 εἰπών·
1789 4714 1889 4768 Σοὶ

1995 4710 2090 4762 tibi
2117 4709 2424 4780 loquebatur
2469 4727 2558 4762 cor
2587 4727 2781 4772 meum,
2819 4719 2864 4763 te
2889 4708 3157 4780 quaerebat
3185 4704 3358 4759 vultus
3402 4716 3567 4756 meus.

313 4800 676 4867 προσελάλει
704 4804 742 4871 ἡ
769 4802 982 4871 καρδία
1004 4820 1144 4872 μου⁹
1165 4803 1239 4857 σὲ
1258 4803 1443 4870 ἐζήτει
1467 4803 1532 4858 τὸ
1563 4807 1890 4872 πρόσωπόν

2011 4803 2196 4855 mimae
2227 4801 2424 4870 quippe
2465 4803 2646 4856 vultus
2677 4809 3069 4871 congruentem
3114 4795 3219 4851 sibi
3269 4792 3567 4863 inspectio-

307 4909 437 4959 μου.
475 4893 549 4944 Τὸ
576 4893 684 4963 γὰρ
711 4894 812 4964 τῆς
839 4893 1015 4964 ψυχῆς
1051 4895 1342 4965 πρόσωπον
1376 4897 1472 4968 τὴν
1517 4897 1888 4968 ἁρμόττουσαν

2011 4911 2110 4949 tem
2145 4894 2516 4949 desiderabat.
2550 4895 2663 4949 lloc
2715 4896 2892 4966 ipsum
2923 4893 3137 4962 Moyses
3173 4888 3255 4943 sic
3284 4886 3455 4942 Deum
3490 4886 3570 4952 al-_

311 4984 432 5038 θέαν
466 4985 670 5038 ἐπόθει.
703 4985 905 5040 Τούτου
925 4988 982 5040 δὲ
1001 4989 1093 5040 καὶ
1113 4989 1350 5058 Μωῦσῆς
1374 5004 1503 5041 ποτε
1524 4993 1705 5059 τυχεῖν
1729 4988 1881 5058 ἠξίου

309 5075 475 5145 λέγων
505 5075 584 5146 τῷ
611 5077 748 5147 Θεῷ·
797 5078 942 5132 Ἰδοὺ
979 5079 1206 5148 εὕρηκα
1238 5080 1413 5150 χάριν
1445 5081 1700 5135 ἐνώπιόν
1729 5099 1868 5137 σου’

307 5168 637 5238 ἐμφάνισώο
659 5187 761 5238 μοι
803 5173 1082 5225 σεαυτόν·
1123 5173 1401 5241 γνωστῶς
1439 5173 1544 5226 ἴδω
1585 5189 1678 5227 σε’
1726 5175 1873 5238 ὅπως

309 5261 809 5332 ἀνακεκαλυμμένῳ
836 5263 1110 5334 προσώπῳ
1151 5266 1251 5334 τὴν
1296 5265 1452 5330 δόξαν
1509 5267 1714 5336 Κυρίου
1750 5284 1879 5318 κατ-

307 5354 630 5428 οπτρίζοιτο.
656 5356 748 5407 Διό
780 5372 933 5427 φησι·
957 5356 1024 5409 Τὸ
1054 5358 1376 5424 πρόσωπόν
1407 5375 1543 5423 σου,
1567 5361 1762 5426 Κύριε.
1793 5358 1884 5426 ζη-

308 5443 482 5508 τήσω·
505 5447 593 5514 μὴ
618 5448 1010 5516 ἀποστρέψῃς
1027 5449 1090 5501 τὸ
1114 5450 1435 5516 πρόσωπόν
1454 5467 1569 5504 σου
1587 5451 1686 5504 ἀπ’
1711 5449 1875 5519 ἐμοῦ.

309 5535 365 5589 El
391 5538 498 5606 γὰρ
525 5541 606 5601 εἰς
633 5539 801 5607 ἄκρον
826 5539 1117 5611 τελειότης,
1155 5542 1246 5593 καὶ
1277 5543 1309 5612 ἡ
1345 5541 1484 5595 κατὰ
1511 5541 1642 5595 Θεὸν
1671 5542 1877 5614 ὑστάτη

372 5846 415 5876 δ’
474 5843 650 5901 lCor.
689 5861 744 5907 x,
776 5845 829 5900 ι.
903 5845 950 5879 ⁸⁸
1001 5843 1163 5902 Hebr.
1200 5862 1283 5911 ιιι,
1330 5848 1413 5902 12>.

1525 5848 1569 5879 ’”
1608 5845 1754 5902 Psal.
1788 5862 1914 5912 xxv,
1946 5845 1999 5900 6.

1982 4989 2210 5057 loquens
2233 4988 2496 5058 consequi
2527 4987 2838 5058 postulabat
2883 5006 2895 5040 :
2940 4983 3074 5037 Ecce
3120 4983 3290 5035 inveni
3338 4979 3559 5050 gratiae

1980 5081 2036 5132 in
2077 5089 2356 5148 conspectu
2406 5089 2494 5133 tuo
2530 5096 2546 5131 :
2579 5080 2792 5133 ostende
2825 5075 2952 5129 mihi
2989 5076 3232 5142 teipsum,
3273 5081 3320 5126 te
3349 5072 3561 5124 scienttt‘

1982 5170 2187 5227 videam
2219 5171 2300 5238 “;
2335 5177 2392 5226 ut
2427 5172 2660 5225 revelata
2693 5168 2830 5222 facie
2870 5169 3100 5237 gloriam
3133 5162 3348 5219 Domini
3388 5163 3541 5216 iutuc

1988 5274 2156 5319 retur.
2194 5263 2562 5329 Quamobrem
2612 5264 2708 5327 ait,
2751 5261 2943 5328 [aciem
2984 5269 3154 5324 tuam,
3188 5257 3436 5321 Domine,
3476 5272 3561 5308 re-

1991 5357 2235 5427 quiram;
2272 5373 2334 5409 ne
2367 5365 2571 5409 avertas
2624 5355 2812 5423 faciem
2858 5364 2999 5406 tuam
3034 5371 3066 5406 a
3098 5368 3198 5406 me.
3231 5349 3289 5406 Si
3317 5351 3461 5405 enim
3498 5349 3564 5404 ad

1989 5464 2303 5520 supremum
2331 5447 2592 5518 perfeétio
2621 5447 2918 5509 devenerit,
2956 5461 3088 5502 sane
3109 5445 3333 5500 ultimus
3367 5457 3562 5498 secun-

1988 5542 2116 5596 dum
2145 5541 2312 5596 Deum
2343 5536 2619 5610 profectus
2647 5539 2736 5594 ille
2770 5538 2955 5604 fuerit,
2988 5539 3081 5610 qui
3116 5538 3325 5594 scilicet
3365 5535 3432 5591 ad
3464 5531 3558 5588 Dei

2083 5844 2154 5924 ’δα
2197 5843 2328 5902 ibid.
2376 5844 2425 5899 7.
2455 5844 2550 5918 7.“
2583 5841 2754 5902 Exod.
2788 5860 2984 5913 χχχιιι,
3029 5844 3113 5900 i3.
