3940 6292
302 437 518 525 ,με

1151 426 1929 525 ΕυδΕΒΙΙὈᾹΞΘᾼΒΙΕΝΞΙΒ
1966 423 2116 482 ΟΡΡ.
2157 418 2336 477 PARS
2369 416 2457 473 Ill.
2498 446 2567 456 -—
2603 405 3011 467 EXEGETICA.

3537 395 3628 448 2-H

410 556 620 610 vultum
643 550 896 614 deducit,
926 559 1000 603 ita
1029 556 1087 601 ut
1108 548 1233 618 quis
1258 546 1366 604 Deo
1391 512 1637 618 praesens
1653 546 1813 611 adsit,
1837 545 1971 615 ejus-

2081 533 2329 607 προκοπὴ
2358 530 2498 600 αὕτη
2523 528 2587 582 ἂν
2613 526 2840 595 γένοιτο,
2864 524 2898 592 ἡ
2927 519 3021 573 ἐπὶ
3046 517 3108 570 τὸ
3130 515 3417 586 πρόσωπον
3439 509 3634 578 ἄγουσα

411 661 517 715 que
538 642 756 699 deitatis
783 640 954 712 radiis
978 637 1215 694 fruatur.

479 821 692 875 Gnarus
724 830 904 876 autem
933 833 1174 890 persaepe
1218 817 1389 874 Deum
1423 818 1491 872 ab
1529 817 1599 872 iis
1633 816 1727 887 qui
1767 813 1975 869 vultum

408 911 528 981 ejus
549 910 823 966 sustinere
843 925 951 966 non
978 909 1181 975 valent,
1208 924 1384 979 neque
1410 908 1716 962 innumero
1742 904 1976 958 ﬁliorum

407 1007 530 1078 ejus
561 1013 967 1076 computantur,
1007 1012 1250 1059 avertere
1294 1018 1375 1066 se,
1429 1017 1492 1055 ac
1522 1009 1673 1071 terga
1717 999 1786 1053 iis
1819 1012 1976 1052 mon-

409 1110 607 1165 strare,
634 1096 1092 1169 quemadmodum
1114 1094 1300 1171 Moysi
1332 1093 1466 1150 dixit
1494 1113 1507 1148 :
1548 1089 1754 1146 Videbis
1797 1099 1971 1159 poste-

408 1194 553 1246 riora
581 1208 720 1257 mea,
751 1190 952 1245 vultum
992 1173 1169 1243 autem
1215 1203 1384 1241 meum
1433 1200 1761 1256 nequaquam
1807 1183 1975 1250 inspi—

409 1286 513 1338 cies
541 1285 618 1352 ";
654 1294 712 1339 ut
741 1300 811 1340 ne
837 1284 893 1338 in
924 1282 1155 1339 similem
1198 1295 1385 1335 casum
1446 1276 1648 1333 incidat
1682 1276 1728 1330 is
1767 1275 1834 1329 de
1864 1289 1975 1345 quo

404 1378 518 1446 jam
554 1393 757 1440 sermo,
802 1376 887 1433 bis
919 1377 1100 1432 verbis
1134 1372 1404 1444 supplicat
1445 1370 1806 1438 obsecratque
1839 1386 1853 1421 :
1892 1365 1975 1420 Ne

410 1479 615 1525 avertas
662 1469 850 1539 faciem
880 1477 1026 1522 tuam
1065 1483 1097 1521 a
1143 1480 1272 1519 me:
1313 1480 1375 1517 ne
1430 1461 1659 1515 declines
1718 1460 1771 1512 in
1822 1460 1905 1511 ira
1938 1473 1973 1510 a

407 1578 555 1616 servo
592 1572 699 1615 tuo.
731 1559 958 1629 Adjutor
980 1574 1122 1612 meus
1158 1566 1290 1621 esto,
1325 1571 1388 1609 ne
1428 1552 1650 1623 abjicias
1683 1567 1784 1615 me,
1814 1565 1974 1620 neque

406 1652 617 1708 deseras
666 1669 771 1717 me,
807 1652 949 1707 Deus
992 1652 1239 1706 Salvator
1287 1664 1451 1703 meus.
1508 1646 1773 1712 Quoniam
1822 1650 1973 1712 pater

408 1762 552 1801 meus
580 1755 629 1800 et
669 1754 836 1799 mater
880 1761 997 1799 mea
1041 1743 1426 1813 dereliquerunt
1461 1755 1561 1802 me,
1591 1735 1845 1790 Dominus
1876 1750 1973 1787 au-

410 1848 511 1892 tem
534 1838 819 1908 assumpsit
857 1855 959 1893 me.
989 1835 1067 1893 Ne
1108 1851 1193 1891 me
1237 1848 1453 1891 servum
1483 1840 1659 1893 tuum,
1700 1828 1845 1900 quod
1884 1835 1970 1880 ta-

407 1929 481 1983 lia
508 1943 799 2000 aggressus
829 1929 953 1988 sim.
982 1926 1275 1982 averseris.
1316 1922 1502 1994 Neque
1539 1922 1684 1977 enim
1717 1920 1844 1974 licet
1876 1918 1975 1973 bo-

407 2020 540 2075 mini
562 2036 725 2076 carne
746 2019 935 2074 induto
952 2016 1263 2089 hujusmodi
1286 2015 1650 2087 dignationem
1672 2011 1969 2083 attingere;

406 2128 575 2185 quare
601 2111 771 2185 Moysi
797 2111 1019 2168 dicebas
1052 2129 1066 2165 :
1105 2108 1274 2163 Nemo
1300 2104 1491 2161 videbit
1535 2105 1737 2159 vultum
1776 2117 1969 2167 meum,

405 2214 456 2260 et
488 2204 618 2258 vivet
646 2203 713 2257 ⁸⁸.
760 2200 949 2273 Neque
978 2200 1124 2257 enim
1168 2196 1386 2253 mortali
1414 2195 1540 2252 vitae
1582 2194 1635 2249 id
1667 2200 1975 2263 competere

406 2296 571 2361 valet,
620 2302 679 2349 ut
712 2295 922 2351 vultum
953 2290 1356 2362 contempletur
1395 2296 1572 2344 tuum.
1606 2285 1970 2353 Quamobrem

405 2381 619 2447 udjuwr
652 2395 796 2433 meus
836 2389 982 2442 esto,
1014 2387 1073 2434 ut
1102 2379 1373 2448 postulata
1406 2394 1730 2450 consequar.
1764 2376 1848 2433 Ne
1872 2380 1970 2433 ab-

394 2472 557 2541 jicias
597 2488 698 2535 me,
745 2486 844 2541 pro
883 2486 992 2542 quo
1034 2470 1428 2544 Symmachus,
1468 2469 1554 2526 Ne
1596 2471 1804 2541 rejicias
1853 2487 1968 2537 me;

402 2559 601 2629 Aquila
635 2576 784 2626 vero,
819 2559 903 2614 Ne
931 2561 1138 2617 deseras
1163 2579 1264 2631 me,
1295 2561 1483 2618 edidit.
1506 2560 1711 2618 Deinde
1736 2563 1922 2631 adjicit
1952 2582 1967 2619 :

407 2653 588 2725 Neque
615 2655 827 2712 deseras
858 2673 959 2723 me,
991 2655 1133 2709 Deus
1160 2653 1410 2710 Salvator
1441 2667 1607 2706 meus.
1639 2649 1716 2705 Te
1737 2662 1972 2719 namque

405 2746 781 2816 patrocinante
814 2760 878 2801 ac
918 2744 1199 2800 dexteram
1233 2743 1566 2815 porrigente,
1609 2757 1735 2812 spes
1772 2754 1857 2798 est
1883 2757 1971 2797 me

405 2836 546 2891 bona
585 2836 769 2892 omnia
802 2842 1251 2891 consecuturum.
1281 2832 1422 2900 Quia
1452 2832 1639 2888 nullus
1667 2831 1808 2887 alius
1837 2831 1971 2885 mibi

403 2927 620 2997 adjutor
649 2927 806 2985 adest
835 2948 849 2984 :
879 2942 1058 2999 neque
1091 2926 1236 2983 enim
1263 2925 1447 2996 aliqua
1481 2924 1687 2979 arctior
1724 2910 1974 2978 charior-L

403 3035 530 3089 que,
556 3021 942 3092 quam‘patris
993 3030 1048 3076 et
1102 3021 1318 3085 matris,
1366 3016 1715 3073 necessitudo
1763 3015 1969 3083 fuerit;

404 3109 508 3180 ipsi
536 3124 666 3166 vero
695 3109 1103 3181 dereliquerunt
1133 3123 1242 3173 me,
1281 3106 1411 3178 quia
1453 3107 1522 3162 ab
1547 3106 1659 3162 illis
1691 3104 1966 3170 omnibus,

404 3210 463 3256 ut
487 3201 583 3256 tibi
627 3202 731 3258 soli
773 3200 885 3257 Deo
912 3215 1186 3264 vacarem,
1226 3198 1449 3254 recessi.
1483 3196 1663 3264 Quare
1706 3196 1805 3251 tibi
1839 3211 1964 3267 gra-

2073 628 2168 683 τοῦ
2190 624 2348 687 Θεοῦ,
2371 622 2446 685 ὡς
2470 616 2805 691 παρεστάναι
2837 609 2985 682 αύτῷ
3013 608 3105 663 καὶ
3130 606 3241 660 τῶν
3268 600 3630 677 μαρμαρυγῶι

2075 719 2172 791 τῆς
2205 713 2370 769 αὐτοῦ
2401 712 2651 781 θεότητος
2679 703 2989 761 ἀπολαύειν.

2145 803 2316 867 Εἰδὼς
2347 803 2425 866 δὲ,
2447 802 2528 854 ὃτι
2547 797 2807 859 πολλάκις
2832 796 2860 848 ὁ
2883 793 3017 857 Θεὸς
3043 790 3150 846 ἀπὸ
3177 788 3286 842 τῶν
3316 789 3391 860 μὴ
3412 785 3622 859 χωρούν

2073 915 2180 953 των
2194 896 2256 950 τὸ
2268 892 2430 949 αὐτοῦ
2446 891 2732 965 πρόσωπον
2750 886 2882 960 μηδὲ
2899 884 3054 949 ὲξιων
3069 882 3193 955 (sic)
3211 880 3292 953 [ἐξ
3303 878 3457 950 υἱῶν]
3473 877 3634 931 αὐτοῦ

2073 991 2262 1054 ὄντων,
2301 985 2634 1058 ἀποστρέφει
2668 981 2878 1045 ἑαυτὸν,
2911 978 2981 1033 τὰ
3010 977 3154 1031 νῶτα
3184 973 3375 1030 ἑαυτοῦ
3403 971 3633 1035 δεικνὺς,

2074 1082 2262 1154 ὥσπερ
2293 1077 2386 1134 οὖν
2412 1078 2492 1149 τῷ
2522 1077 2747 1131 Μωῦσεί
2774 1074 2976 1142 ἔλεγεν·
3011 1072 3176 1140 Ὄψει
3200 1067 3274 1122 τὰ
3293 1066 3486 1120 ὀπίσω
3496 1081 3633 1154 μοι),

2072 1172 2140 1225 τὸ
2168 1149 2242 1225 δέ
2265 1168 2587 1239 πρόσωπόν
2607 1184 2728 1236 μου
2763 1167 2874 1218 οὐκ
2910 1159 3236 1231 ὀφθήσεται
3279 1173 3396 1212 σοι·
3438 1156 3506 1210 ἵν’
3544 1149 3635 1209 οὖν

2077 1264 2151 1336 μὴ
2178 1262 2334 1316 τοῦτο
2367 1258 2529 1313 πάθοι
2565 1258 2594 1310 ὁ
2627 1256 2717 1313 διὰ
2753 1255 2864 1308 τῶν
2892 1250 3264 1325 προκειμένων
3288 1247 3632 1320 δηλούμενος,

2076 1352 2304 1408 ἱκετεύει
2354 1352 2448 1406 καὶ
2502 1350 2676 1404 δέεται
2724 1346 2931 1416 λέγων’
2982 1343 3080 1411 Μὴ
3126 1338 3515 1409 ἀποστρέψῃς
3567 1337 3635 1390 τὸ

2073 1445 2395 1515 πρόσωπόν
2430 1457 2547 1496 σου
2594 1441 2696 1494 ἀπ’
2740 1437 2917 1508 ἐμοῦ’
2947 1435 3033 1504 μὴ
3066 1433 3354 1499 ἐκκλίνῃς
3383 1431 3454 1485 ὲν
3490 1426 3634 1499 ὀργῇ

2072 1537 2189 1592 ἀπὸ
2221 1534 2328 1590 τοῦ
2359 1534 2582 1588 δούλου
2609 1546 2743 1585 σου.
2766 1527 2992 1595 Βοηθός
3013 1541 3132 1594 μου
3157 1522 3356 1595 γενοῦ,
3382 1520 3470 1592 μὴ
3493 1521 3636 1574 ἁπο-

2072 1626 2443 1695 σκορακίσῃς
2480 1640 2578 1693 με,
2624 1620 2722 1675 καί
2756 1617 2835 1687 μὴ
2864 1615 3264 1687 ἐγκαταλίπῃς
3284 1628 3380 1682 με,
3430 1613 3463 1664 ό
3494 1608 3635 1677 Θεὸς

2072 1722 2106 1772 ό
2135 1715 2338 1785 Σωτήρ
2362 1732 2502 1786 μου.
2534 1714 2653 1767 Ὅτι
2681 1715 2713 1766 ό
2736 1708 2930 1777 πατήρ
2948 1725 3067 1778 μου
3091 1705 3188 1760 καὶ
3217 1706 3257 1773 ἡ
3281 1702 3479 1773 μήτηρ
3517 1718 3634 1772 μου

2003 1827 2009 1834 ·
2070 1808 2421 1878 ἐγκατέλιπέ
2451 1824 2547 1877 με·
2594 1808 2625 1860 ὁ
2667 1803 2736 1857 δὲ
2776 1803 2993 1870 Κύριος
3036 1795 3441 1868 προσελάϐετό
3494 1811 3631 1863 μου.

2002 1909 2046 1966 Β
2074 1902 2188 1974 Μὴ,
2217 1902 2300 1956 ὅτι
2327 1899 2550 1954 τοιαῦτα
2573 1897 2899 1968 τετόλμηκα,
2930 1890 3291 1964 ἀποστράφῃς,
3318 1905 3383 1960 με
3404 1886 3494 1940 τδν
3518 1884 3636 1938 δοῦ-

2071 1997 2162 2051 λόν
2192 2013 2306 2050 σου.
2334 1995 2408 2049 Οὐ
2439 1993 2549 2064 γὰρ
2575 1993 2783 2061 ἐφεῖται
2812 1985 3081 2059 ἀνθρώπῳ
3111 1983 3287 2057 σάρκα
3316 1979 3635 2053 περιϐεϐλη-

2080 2087 2228 2159 μένῳ
2253 2085 2361 2139 τῶν
2384 2082 2638 2138 τοιούτων
2658 2076 2953 2146 ἀξιοῦσθαι*
2984 2077 3063 2131 διὸ
3088 2074 3271 2145 ἔλεγες
3292 2071 3371 2144 τῷ
3393 2074 3632 2126 Μωῦσεῖ’

2075 2178 2284 2244 Οὐδεὶς
2316 2176 2525 2247 ὄψεται
2570 2174 2637 2228 τὸ
2684 2171 3010 2242 πρόσωπόν
3045 2186 3186 2239 μου,
3228 2167 3326 2220 καὶ
3374 2165 3631 2234 ζήσεται.

2084 2270 2357 2324 Ἀδυνατεῖ
2385 2267 2494 2340 γάρ
2517 2268 2552 2338 ἡ
2576 2263 2744 2336 θνητὴ
2773 2263 2885 2334 ζωὴ
2914 2261 3049 2334 πρὸς
3069 2259 3166 2332 τὴν
3194 2258 3321 2313 θέαν
3345 2257 3438 2311 τοῦ
3466 2273 3632 2328 προσ-

2067 2359 2220 2416 ώπου
2258 2377 2372 2415 σου’
2406 2359 2487 2414 διὸ
2523 2357 2719 2429 μᾶλλον
2734 2356 3065 2426 ,βοηθός-μοι
3095 2353 3279 2410 νενοῦ
3294 2354 3432 2427 πρὸς
3451 2349 3513 2403 τὸ
3542 2365 3635 2404 τυ-

2068 2453 2183 2521 χεῖν
2212 2448 2322 2503 τῶν
2345 2446 2646 2521 ᾐτημένων.
2677 2444 2775 2513 Μὴ
2804 2440 3297 2510 ἀποσκορακίσῃς
3310 2455 3404 2509 με’
3432 2438 3548 2494 ἀνθ’
3571 2431 3631 2490 οὗ

2069 2546 2098 2598 ὀ
2142 2545 2469 2614 Σύμμαχος,
2506 2539 2604 2609 Μὴ
2645 2537 2988 2607 ἀπορῤίψῃς
3032 2550 3139 2604 με,
3174 2531 3465 2600 ἐξέδωκεν
3513 2532 3543 2585 ό
3575 2529 3631 2584 δὲ

2082 2635 2315 2700 ’Δκύλας
2338 2652 2352 2665 ·
2389 2633 2485 2703 Μὴ
2536 2631 2725 2701 ἐάσῃς
2757 2647 2854 2700 με.
2910 2626 3022 2682 Εἶτ’
3070 2625 3307 2695 ἐπιλέγει
3328 2642 3349 2655 ⁵
3396 2624 3504 2678 Kal
3545 2622 3630 2693 μὴ

2068 2726 2509 2798 ἐγκαταλείπῃς
2534 2740 2631 2794 με,
2661 2726 2694 2777 ό
2729 2720 2873 2788 Θεὸς
2905 2723 2938 2774 ό
2965 2716 3169 2785 Σωτήρ
3199 2735 3343 2788 μου.
3380 2714 3482 2769 Σοῦ
3525 2715 3631 2787 γὰρ

2070 2814 2621 2888 ἀντιλαμϐανομένου,
2676 2812 2768 2866 καὶ
2832 2809 3010 2875 δεξιὰν
3061 2809 3364 2882 ὀρέγοντος,
3417 2806 3631 2860 πάντων

2069 2909 2224 2973 ἐλπὶς
2262 2910 2442 2980 τυχεῖν
2482 2905 2588 2960 τῶν
2621 2902 2861 2974 ἀγαθῶν.
2917 2902 3069 2956 Ἐπεὶ
3108 2900 3295 2973 μηδεὶς
3329 2899 3515 2970 ἕτερός
3543 2913 3630 2967 μοι

2070 3001 2301 3072 πάρεστι
2328 2998 2534 3071 βοηθός·
2567 2997 2674 3051 τῶν
2700 2995 2810 3067 γάρ
2842 2995 2899 3048 ὲν
2927 2992 3234 3065 ἀνθρώποις
3262 2989 3514 3060 ἀναγκῶν
3545 2991 3634 3042 ού-

2066 3095 2175 3160 δεὶς
2194 3094 2260 3150 ἂν
2283 3093 2491 3164 γένοιτο
2508 3090 2714 3164 πατρὸς
2736 3090 2831 3143 καὶ
2858 3088 3061 3159 μητρὸς
3090 3086 3285 3159 μᾶλλον
3308 3083 3629 3158 προσφιλής

2068 3180 2215 3242 οὗτοι
2242 3187 2299 3242 δὲ
2323 3188 2475 3241 αὐτοὶ
2495 3181 2915 3240 καταλελοίπασί
2938 3199 3005 3252 με
3021 3179 3107 3235 διὰ
3127 3181 3188 3234 τὸ
3214 3180 3430 3234 πάντων
3454 3176 3638 3231 αὐτῶν

403 3292 534 3347 tiam
565 3292 842 3365 proﬁteor,
880 3292 1011 3363 quia
1049 3291 1118 3346 ab
1163 3290 1420 3346 omnibus
1449 3289 1701 3346 desertus
1743 3303 1808 3342 ac
1847 3287 1971 3343 reli-

2073 3276 2571 3349 ἀνακεχωρηκέναι,
2612 3276 2707 3329 καὶ
2748 3274 2832 3329 σοὶ
2883 3273 3029 3345 μόνῳ
3061 3270 3337 3343 σχολάζειν
3378 3269 3456 3341 τῷ
3493 3268 3635 3341 Θεῷ.

402 3391 544 3449 ctus,
580 3385 679 3443 abs
713 3394 765 3442 te
796 3385 913 3443 solo
945 3394 1259 3458 assumptus
1286 3401 1430 3442 sum.

473 3560 640 3621 Vens.
677 3563 768 3628 il,
804 3564 892 3622 12.
936 3564 1123 3637 Legem
1168 3579 1302 3636 pone
1351 3564 1482 3619 mihi
1521 3565 1576 3620 in
1614 3566 1700 3620 via
1732 3572 1826 3620 tua
1862 3584 1881 3620 :
1917 3577 1968 3623 et

400 3653 567 3725 dirige
599 3671 680 3710 me
712 3655 767 3709 in
795 3655 1038 3710 semitam
1067 3664 1266 3710 rectam
1293 3662 1506 3725 propter
1538 3654 1779 3708 inimicos
1804 3670 1966 3711 meos.

404 3746 490 3802 Ne
541 3746 830 3802 tradideris
908 3764 991 3802 me
1050 3748 1107 3802 in
1166 3748 1375 3802 animas
1434 3745 1800 3802 tribulantium
1865 3763 1967 3814 me,

401 3838 684 3920 quoniam.
730 3839 1130 3905 insurrexerunt
1208 3841 1263 3893 in
1338 3857 1420 3894 me
1499 3849 1651 3894 testes
1761 3840 1968 3911 iniqui,

401 3934 454 3982 et
515 3931 736 3982 mentita
807 3937 885 3984 est
957 3929 1211 4000 iniquitas
1284 3930 1407 3984 sibi.
1478 3928 1614 3984 Cum
1693 3930 1970 3987 multoties

401 4018 471 4075 de
512 4035 571 4074 se
618 4019 837 4076 divinus
884 4020 1177 4092 Apostolus
1224 4020 1340 4076 haec
1395 4022 1727 4077 declarasset
1777 4037 1843 4077 ac
1885 4022 1972 4077 di-

401 4109 573 4166 xisset
597 4128 612 4165 :
639 4108 792 4165 Nihil
821 4111 960 4165 enim
990 4112 1164 4165 minus
1203 4111 1284 4180 fui
1321 4111 1386 4165 ab
1418 4113 1485 4166 iis
1521 4114 1613 4183 qui
1652 4121 1774 4178 sunt
1806 4127 1966 4182 supra

401 4195 617 4250 modum
664 4197 970 4268 apostoli";
1002 4199 1070 4255 iis
1101 4200 1217 4254 haec
1253 4199 1477 4270 adjicit:
1509 4199 1634 4255 Non
1675 4196 1813 4272 quod
1850 4198 1969 4271 jam

401 4289 708 4358 acceperim,
742 4299 835 4344 aut
868 4291 985 4360 jam
1018 4290 1279 4362 perfectus
1323 4292 1464 4347 sim:
1493 4308 1679 4364 sequor
1709 4304 1883 4347 autem
1922 4294 1971 4348 si

400 4398 503 4455 quo
544 4381 698 4438 modo
740 4384 1171 4453 comprehendam
1189 4386 1235 4418 ⁵ο
1263 4401 1282 4439 :
1312 4400 1375 4440 ac
1406 4399 1625 4440 rursum
1667 4385 1796 4440 alibi
1821 4403 1835 4440 :
1865 4384 1971 4441 Ca-

399 4475 536 4545 stlgo
561 4490 749 4545 corpus
781 4493 972 4542 meum,
1005 4487 1055 4532 et
1080 4477 1136 4531 in
1164 4477 1463 4532 servitutem
1489 4476 1687 4547 redigo,
1744 4493 1807 4531 ne
1834 4476 1972 4546 forte

398 4581 519 4623 eum
542 4567 664 4624 aliis
689 4569 1100 4638 prtedicaverim,
1120 4570 1228 4640 ipse
1252 4568 1500 4640 reprobus
1526 4568 1719 4638 efﬁciar
1735 4567 1803 4621 δι.
1831 4566 1969 4623 Nam

2076 3368 2236 3422 Ὅθεν
2261 3368 2355 3422 καὶ
2380 3368 2538 3439 χάριν
2559 3365 2824 3438 ὁμολογῶ,
2854 3364 2937 3418 ὅτι
2962 3364 3175 3419 πάντων
3204 3362 3407 3435 ἔρημος
3426 3361 3524 3416 καὶ
3547 3377 3638 3414 κα·

2070 3458 2377 3530 ταλειφθεὶς
2409 3459 2513 3513 ὑπὸ
2540 3457 2633 3513 σοῦ
2665 3456 3061 3529 προσελήφθην.

2142 3552 2561 3622 Νομοθέτησόν
2585 3568 2663 3621 με
2694 3551 2766 3605 ἐν
2795 3549 2871 3619 τῇ
2901 3548 3019 3615 όδῷ
3041 3564 3177 3613 σου,
3207 3545 3306 3601 καὶ
3331 3544 3645 3616 όδήγησόν

2067 3664 2143 3717 με
2166 3648 2237 3701 ὲν
2263 3648 2436 3716 τρίϐῳ
2471 3646 2681 3715 εὐθείᾳ,
2718 3645 2897 3701 ἕνεκα
2942 3643 3061 3699 τῶν
3088 3642 3327 3714 ’ἐχθρῶν
3367 3661 3507 3714 μου.
3538 3642 3638 3713 Μὴ

2073 3734 2351 3806 παραδῷς
2370 3753 2447 3805 με
2476 3738 2562 3801 εὶς
2597 3735 2802 3804 ψυχὰς
2830 3734 3154 3789 θλιϐόντων
3180 3750 3275 3803 με,
3308 3732 3397 3787 ὅτι
3426 3730 3642 3789 ἐπανέ-

2074 3828 2316 3898 στησάν
2333 3845 2436 3899 μοι
2457 3825 2753 3898 μάρτιιοες
2778 3824 2988 3892 ἄδικοι,
3013 3826 3112 3880 καὶ
3127 3825 3426 3894 ἐψεύσατο
3447 3825 3488 3893 ἡ
3515 3824 3640 3879 ἀδι-

2073 3920 2175 3974 κία
2200 3918 2405 3988 ἑαυτῇ.
2426 3916 2689 3981 Πολλάκις
2717 3919 2844 3989 περὶ⁸
2874 3916 3068 3971 ἑαυτοῦ
3100 3917 3129 3968 ὁ
3159 3915 3298 3980 θεῖος
3321 3914 3640 3978 Ἀπόστολος

2074 4011 2291 4079 διδάξας
2325 4010 2420 4065 καὶ
2446 4009 2634 4065 εἰπών·
2667 4009 2857 4064 Οὐδὲν
2886 4008 2995 4079 γὰρ
3022 4009 3322 4078 ὑστέρηκα
3347 4008 3466 4062 τῶν
3487 4007 3640 4076 ὑπὲρ

2072 4105 2216 4159 λίαν
2229 4104 2603 4159 ἀποστόλων·
2627 4101 2833 4165 τούτοις
2853 4102 3025 4173 ἐπῆγε
3048 4100 3239 4170 λέγων·
3267 4102 3387 4170 Οὐχ
3410 4100 3499 4154 ὅτι
3519 4099 3637 4170 ἤδη

2073 4198 2296 4254 ἔλαϐον
2324 4197 2363 4266 ἢ
2389 4196 2505 4266 ἤδη
2539 4194 2931 4264 τετελείωμαι·
2958 4191 3146 4248 διώκω
3173 4193 3241 4246 δὲ
3264 4194 3316 4247 εἰ
3344 4193 3440 4246 καὶ
3464 4209 3642 4246 κατα-

2074 4288 2253 4345 λάϐω·
2283 4290 2377 4344 καὶ
2399 4288 2561 4342 πάλιν
2583 4282 2834 4358 ἀλλαχοῦ·
2876 4283 3201 4346 Ὺπωπιάζω
3218 4300 3337 4353 μου
3362 4281 3429 4335 τὸ
3446 4280 3637 4350 σῶμα,

2074 4382 2172 4436 καὶ
2217 4379 2590 4451 δουλαγωγῶ·
2621 4378 2854 4450 μήπως,
2892 4376 3103 4443 ἄλλοις
3139 4373 3421 4445 κηρύξας,
3457 4374 3640 4438 αὐτὸς

2075 4473 2358 4544 ἀδόκιμος
2373 4471 2649 4544 γένωμαι.
2670 4472 2832 4524 Ὅσον
2852 4469 2949 4540 μὲν
2971 4467 3080 4539 γὰρ
3096 4468 3170 4530 ὡς
3185 4466 3321 4538 πρὸς
3339 4464 3436 4518 ἀνθ
3443 4463 3641 4536 ρώπων

2079 4563 2386 4635 σύγκρισιν,
2425 4562 2639 4635 συνῄδει
2687 4559 2865 4632 ἑαυτῷ
2906 4557 3288 4631 προκεκοφότι,
3333 4557 3427 4611 καὶ
3452 4556 3554 4627 τὴν
3582 4555 3640 4608 ὲν

399 4668 662 4730 quantum
708 4661 779 4716 ad
820 4661 1102 4717 hominum
1153 4663 1622 4733 comparationem
1651 4660 1967 4716 aestimatio-

2072 4655 2378 4727 ἀνθρώποις
2420 4653 2732 4723 τελειότητα
2779 4649 3110 4722 ἀνειληφὸτι·
3155 4649 3277 4702 ὅσον
3319 4646 3377 4700 δὲ
3427 4646 3521 4699 ἐπὶ
3562 4643 3641 4715 τῷ

399 4767 633 4824 nemque
656 4752 983 4825 pertinebat,
1017 4769 1079 4810 se
1107 4753 1407 4826 profecisse
1438 4769 1501 4811 ac
1528 4754 1821 4809 humanam
1847 4768 1973 4823 per-

399 4842 689 4903 fectionem
734 4848 980 4918 attigisse
1033 4846 1141 4902 sibi
1192 4847 1449 4903 conscius
1497 4856 1651 4913 erat;
1705 4850 1969 4915 quantum

399 4946 582 4994 autem
613 4938 686 4993 ad
707 4939 788 4994 rei
815 4940 1121 5002 veritatem,
1156 4936 1225 4996 se
1261 4939 1318 4994 in
1348 4938 1539 4994 multis
1576 4938 1806 4993 deiicere
1835 4936 1975 4992 scie-

401 5030 517 5093 bat,
562 5030 636 5086 ob
680 5030 845 5102 idque
874 5047 996 5088 sese
1031 5029 1415 5103 imperfectum
1440 5030 1734 5085 fatebatur.
1767 5027 1973 5084 Eadem

400 5137 627 5193 prorsus
658 5129 857 5188 mente,
889 5123 937 5179 is
968 5122 1062 5196 qui
1094 5124 1151 5179 in
1176 5121 1433 5195 praesenti
1461 5120 1722 5191 loquitur,
1756 5118 1973 5173 videtur

400 5213 535 5270 mihi
566 5214 779 5270 debitas
806 5214 917 5271 Deo
963 5215 1032 5271 de
1073 5216 1364 5287 praeteritis
1393 5213 1555 5268 bonis
1581 5211 1789 5283 gratias
1815 5217 1969 5266 retu-

399 5307 550 5371 lisse,
583 5320 670 5366 ac,
699 5314 883 5378 utpote
905 5307 1088 5372 homo,
1115 5306 1448 5364 inﬁrmitatis
1474 5305 1727 5361 humanae
1756 5303 1971 5374 lapsum

400 5397 715 5467 suspicatus
738 5412 883 5454 esse.
914 5397 1254 5470 Quapropter
1298 5397 1366 5453 de
1401 5396 1586 5453 futuro
1612 5396 1781 5455 Deum
1811 5410 1974 5464 rcga-

403 5489 515 5553 bat,
549 5494 611 5543 ut
643 5487 762 5558 ipse
792 5487 896 5545 sibi
924 5489 1201 5559 legislator
1231 5498 1397 5547 esset.
1419 5488 1607 5560 Neque
1635 5487 1783 5545 enim
1813 5484 1968 5550 mibi,

402 5579 601 5652 inquit,
634 5588 763 5636 sunt
795 5581 988 5652 legalia
1032 5581 1235 5655 Moysis
1284 5585 1438 5639 satis.
1472 5581 1584 5638 Lex
1610 5581 1809 5653 quippe
1854 5578 1969 5646 illa,

403 5690 514 5729 non
546 5674 736 5747 justts,
770 5675 866 5731 sed
913 5674 1114 5746 iniquis
1157 5680 1210 5730 et
1251 5674 1754 5746 inobsequentibus,
1791 5670 1972 5742 impiis

2071 4746 2281 4817 ἀληθεῖ,
2312 4747 2371 4800 ὲν
2391 4745 2604 4809 πολλοῖς
2627 4742 2834 4797 ἑαυτῶν
2867 4743 3110 4813 ὑστερεῖν
3139 4739 3453 4808 ἐγίνωσκεν,
3476 4735 3639 4806 ἀτελῆ

2068 4856 2130 4893 τε
2170 4827 2309 4892 εἶναι
2339 4836 2529 4891 ἑαυτὸν
2554 4835 2641 4891 διά
2669 4833 2813 4889 τοῦθ’
2840 4832 3125 4905 ὡμολόγει.
3155 4830 3339 4902 Ταύτῃ
3375 4848 3464 4901 μοι
3496 4829 3641 4882 δοκεῖ

2075 4933 2142 5002 τῇ
2172 4929 2382 5001 διανοίᾳ
2409 4929 2503 4984 καὶ
2537 4929 2566 4982 ὁ
2599 4929 2670 4982 τὰ
2699 4925 3033 4999 προκείμενα
3070 4921 3351 4990 διεξελθὼν
3381 4922 3510 4993 περὶ
3542 4921 3639 4993 μὲν

2069 5020 2181 5075 τῶν
2214 5020 2618 5093 παρῳχηκότων
2655 5019 2755 5090 τὴν
2781 5018 3100 5090 πρέπουσαν
3125 5014 3473 5088 εὐχαριστίαν
3502 5016 3640 5067 ἀπο⁴

2071 5113 2364 5168 δεδωκέναι
2393 5112 2471 5184 τῷ
2497 5111 2634 5183 Θεῷ,
2664 5105 2753 5165 οἶα
2781 5110 2839 5164 δὲ
2881 5108 3164 5181 ἄνθρωπος
3188 5107 3278 5162 τὸν
3306 5105 3515 5160 ὄλισθον
3544 5108 3642 5176 τῆς

2073 5207 2421 5282 ἀνθρωπίνης
2449 5204 2730 5268 ἀσθενείας
2757 5202 3081 5276 ὑφορᾶσθαι.
3117 5201 3208 5254 Διὸ
3237 5200 3367 5273 περὶ
3392 5198 3485 5252 τοῦ
3520 5198 3644 5269 μέλ-

2071 5301 2257 5365 λοντος
2282 5299 2478 5372 χρόνου
2512 5295 2812 5368 παρεκάλει
2831 5296 2922 5348 τὸν
2950 5293 3103 5360 Θεὸν,
3129 5293 3276 5356 ὅπως
3303 5290 3467 5354 αὐτὸς
3497 5287 3644 5359 αὐτῷ

2074 5393 2285 5462 γένοιτο
2321 5389 2637 5461 νομοθέτης.
2681 5388 2755 5443 Ob
2800 5386 2909 5459 γὰρ
2951 5386 3191 5457 ἀπαρκεῖ
3234 5401 3347 5456 μοι,
3391 5383 3545 5454 φησὶ,
3577 5379 3643 5434 τά

2078 5485 2231 5557 παρὰ
2271 5485 2495 5540 Μωῦσεῖ
2533 5482 2757 5553 νόμιμα’
2789 5479 3021 5542 δικαίοις
3049 5478 3219 5551 γάρού
3244 5477 3409 5548 νόμος
3441 5477 3642 5537 ἐκεῖνος

2077 5577 2139 5631 οὐ
2163 5574 2570 5648 νενομοθέτητο,
2589 5572 2702 5628 ἀλλ’
2731 5572 2950 5643 ἀνόμοις
2970 5570 3066 5624 καὶ
3090 5569 3498 5634 ἀνυποτάκτοις,
3525 5568 3641 5621 ἀσε-

2079 5665 2200 5720 ϐέσι
2224 5665 2315 5721 καὶ
2347 5663 2687 5737 ἁμαρτωλοῖς
2711 5661 2938 5725 καὶτοῖς
2962 5657 3384 5732 παραπλησίοις.
3419 5657 3636 5717 Τούτοις

475 5832 520 5868 ’⁷
560 5831 728 5889 Exod.
763 5846 956 5899 xxrm,
989 5832 1079 5887 23.
1153 5832 1198 5865 ⁸*
1236 5828 1368 5885 ibid.
1446 5831 1487 5862 δ’
1528 5829 1571 5885 ll
1600 5792 1724 5886 Cor.
1760 5843 1856 5897 su,
1894 5826 1978 5881 ll.
2057 5824 2102 5861 ”
2141 5822 2372 5895 Philipp.
2411 5839 2492 5890 ιιι,
2528 5821 2609 5879 l2.
2686 5819 2726 5851 "
2770 5817 2788 5872 Ι
2820 5817 2945 5875 Cor.
2981 5831 3057 5883 Ix,
3085 5813 3177 5870 27.
