3940 6292
265 357 368 413 ΞΞΒ

1437 355 1942 414 COMMENTARIA
1975 358 2042 414 IN
2081 357 2420 414 PSALMOS.

3418 354 3526 410 246

215 495 222 502 -
267 473 376 544 γὰρ
412 473 442 526 ὁ
477 471 727 544 Μωῦσῆς
761 471 1086 542 ἐνομοθέτει,
1119 471 1260 525 κατὰ
1286 471 1385 542 τὴν
1420 473 1850 546 σκληροκαρδίαν

1958 483 2007 532 et
2037 475 2412 546 peccatoribus
2438 470 2612 543 iisque
2644 473 2916 528 similibus
2945 473 3069 528 (lata
3090 481 3196 533 est.
3224 473 3348 531 Istis
3369 478 3528 548 quip-

262 564 444 621 αὐτῶν
493 564 931 636 διαταττόμενος.
980 565 1120 634 Ἐγὼ
1159 565 1237 629 δὲ,
1281 566 1464 636 φησὶν,
1500 567 1560 619 ού
1589 570 1655 640 τῇ
1686 569 1857 622 Μωῡ-’

268 661 406 722 σέως
446 657 740 729 νομοθεσίᾳ.
785 655 1132 727 ὑποϐέϐληκα
1176 659 1428 728 ἐμαυτόν.
1473 659 1564 711 Διὸ
1601 658 1723 711 οὐδὲ
1755 659 1854 731 τὴν

260 752 353 805 διὰ
385 750 542 816 ζώων
567 751 787 821 σφαγῆς
826 750 1012 804 θυσίαν
1041 751 1476 821 ἐπηγγειλάμην,
1507 749 1642 804 άλλὰ
1663 750 1854 804 θυσίαν

263 842 610 914 ἀλαλαγμοῦ,
645 843 955 915 καινότερον
998 842 1201 914 τρόπον
1231 842 1262 913 ἢ
1292 842 1433 896 κατὰ
1472 842 1541 896 τὰ
1575 843 1853 906 Μωῦσέως

263 937 495 1008 νόμιμα.
545 935 748 1008 Διόπερ
797 935 934 1003 ἀξιῶ
967 936 1161 1004 καινῆς
1205 935 1525 1006 νομοθεσίας
1569 936 1718 1006 παρὰ
1757 935 1850 988 σού

263 1031 472 1100 τυχεῖν.
508 1029 683 1093 Αὐτὸς
715 1024 808 1083 οὖν
835 1028 931 1099 τὴν
960 1028 1058 1099 σὴν
1087 1027 1204 1081 ὁδὸν
1239 1028 1504 1095 ὲπίδειξόν
1541 1045 1648 1098 μοι·
1681 1026 1713 1099 ἢ
1737 1027 1852 1097 φώς

264 1138 468 1186 τισον,
506 1122 648 1176 κατὰ
677 1122 767 1176 τὸν
827 1121 1075 1175 Ἀκύλαν.
1124 1121 1216 1192 Μὴ
1265 1121 1424 1192 μόνον
1471 1121 1528 1174 δὲ
1569 1120 1850 1192 ὑποδείξῃς

267 1215 404 1286 μηδὲ
441 1214 814 1288 νομοθετήσῃς
845 1231 952 1285 μοι,
986 1207 1032 1266 ὦ
1067 1212 1258 1283 Κύριε,
1292 1211 1428 1266 ἀλλὰ
1459 1213 1552 1265 καὶ
1587 1211 1850 1282 δδήγησόν

268 1324 336 1374 με
368 1307 425 1358 ἐν
446 1303 619 1375 τρίϐῳ
639 1302 845 1375 εὐθείᾳ,
870 1301 1006 1374 πρὸς
1029 1302 1090 1354 τὸ
1113 1302 1186 1373 μὴ
1215 1299 1522 1372 προσκόψαι
1545 1299 1680 1370 πρὸς
1703 1297 1849 1351 λίθον

263 1398 356 1452 τδν
390 1397 528 1450 πόδα
563 1413 684 1467 μου,
719 1395 928 1449 ἕνεκεν
958 1393 1078 1447 τῶν
1105 1391 1336 1462 ἐχθρῶν
1360 1409 1501 1461 μου.
1533 1390 1630 1458 Μὴ
1665 1405 1849 1457 παρα-

264 1490 382 1556 δῷς
403 1506 484 1558 με
521 1491 608 1554 εἰς
653 1486 857 1556 ψυχὰς
900 1485 1226 1539 θλιϐόντων
1251 1500 1346 1552 με.
1379 1484 1456 1535 Δι’
1488 1481 1696 1552 ὁμαλῆς
1739 1477 1846 1548 γὰρ

423 1586 519 1638 καὶ
554 1583 839 1655 εἰρηνικῆς
875 1582 1022 1644 ὅπως
1058 1579 1325 1652 διαγάγῃς
1369 1594 1433 1649 με
1471 1574 1606 1640 ἀξιῶ
1631 1573 1720 1626 τὸν
1747 1571 1847 1641 τῆς

266 1676 410 1747 ζωῆς
449 1693 552 1746 μου
579 1675 790 1746 χρόνον.
823 1673 896 1726 Ού
934 1671 1043 1744 γάρ
1083 1671 1238 1742 μόνον
1274 1668 1522 1739 πολέμιοι
1549 1664 1842 1734 τυγχάνου-

266 1787 369 1831 σιν,
406 1765 546 1820 ἀλλὰ
577 1766 669 1818 καὶ
698 1763 1026 1833 συκοφάνται
1056 1761 1230 1816 ἄδικοι
1259 1762 1353 1814 καὶ
1379 1757 1839 1828 ψευδομάρτυρες,

265 1861 356 1913 καὶ
387 1859 569 1912 πάντα
599 1856 670 1910 τὰ
701 1854 910 1927 ἐχθρῶν
952 1853 1303 1926 πράττοντες.
1350 1851 1483 1904 Τότε
1531 1850 1588 1902 δὲ
1630 1847 1846 1920 ἀληθῶς
1878 1833 1920 1888 Β

265 1955 429 2024 ἑαυτῇ
463 1951 714 2021 ψεύδεται
757 1952 791 2020 ὴ
819 1946 1021 2010 ἀδικία,
1051 1947 1180 2000 ὅταν
1230 1943 1304 2016 μὴ
1332 1941 1474 1996 κατὰ
1505 1941 1846 2012 πραγμάτων

269 2046 520 2118 φέρηται,
567 2042 699 2113 μηδὲ
724 2038 995 2111 κατισχύῃ
1021 2037 1130 2090 τῶν
1162 2032 1810 2106 ψευδομαρτυρουμένων.

334 2133 608 2188 Πιστεύω
636 2131 741 2184 τοῦ
776 2129 924 2183 ἰδεῖν
951 2130 1024 2182 τὰ
1056 2127 1246 2198 ἀγαθὰ
1269 2125 1490 2194 Κυρίου
1513 2125 1581 2177 ἐν
1601 2123 1679 2194 τῇ
1711 2121 1848 2184 ζών-

269 2237 398 2274 των.
442 2220 674 2292 Μήποτε
705 2218 761 2271 δὲ
803 2218 897 2270 καὶ
939 2216 1032 2268 ἐπὶ
1071 2216 1170 2288 τὴν
1196 2214 1453 2285 ἀνωτέρω
1481 2214 1694 2284 αἴτησιν
1717 2214 1848 2267 ἀνα-

269 2315 494 2386 πέμπειο
524 2312 710 2382 ἀγαθὰ
729 2311 936 2384 Κυρίου
974 2310 1148 2378 λέγων
1180 2310 1240 2362 τὸ
1273 2309 1528 2380 ἀνωτέρω
1561 2308 1848 2379 εἰρημένον

269 2408 562 2480 πρόσωπον
609 2403 796 2470 αὑτοῦ,
849 2402 978 2475 περὶ
1023 2397 1083 2457 οὗ
1131 2402 1356 2471 ἔφασκε·
1407 2401 1479 2455 Τὸ
1526 2401 1851 2469 πρόσωπόν

271 2517 410 2566 σου,
441 2498 640 2566 Κύριε,
685 2494 942 2564 ζητήσω.
979 2492 1077 2562 Μὴ
1111 2491 1504 2562 ἀποστρέψῃς
1531 2492 1598 2546 τὸ
1620 2493 1852 2561 πρόσω-

273 2591 388 2643 πόν
417 2605 527 2643 σου
572 2587 674 2642 ἀπ’
707 2586 874 2656 ἐμοῦ.
916 2585 1006 2638 Διὸ
1041 2584 1184 2638 κατὰ
1221 2584 1312 2639 τὸν
1355 2583 1585 2637 Ἀκύλαν
1613 2583 1850 2654 εἴρηταιο

288 2683 649 2736 Ἐπίστευσα
674 2679 781 2732 τοῦ
825 2677 974 2731 ἰδεῖν
1009 2679 1079 2731 ἐν
1110 2673 1308 2746 ἀγαθῷ
1345 2677 1588 2746 Κυρίου·
1620 2676 1758 2732 κατὰ
1793 2677 1851 2730 δὲ

269 2773 357 2828 τὸν
381 2774 701 2845 Σύμμαχονο
738 2771 1085 2824 Ἐπίστευον
1111 2769 1261 2823 ἰδεῖν
1290 2768 1406 2839 τὴν
1457 2769 1848 2838 ἁταθοσύνην

273 2867 513 2935 Kvplov.
559 2863 697 2918 Ἀλλ’
725 2863 913 2934 δψεταί
928 2881 994 2933 γε
1021 2861 1114 2916 τοῦ
1132 2861 1336 2934 Κυρίου
1360 2861 1420 2914 τὸ
1443 2861 1734 2934 πρόσωπον
1756 2863 1853 2914 καὶ

271 2958 336 3014 τὰ
365 2955 551 3026 ἀγαθὰ
592 2953 948 3026 Κυρίου,ούκ
993 2954 1053 3006 ὲν
1092 2951 1173 3023 τῷ
1213 2950 1476 3024 περιγείῳ
1518 2951 1689 3021 τόπῳ,
1737 2949 1853 3003 ἀλλ’

271 3050 385 3103 οὐδὲ
418 3052 480 3103 ὲν
521 3045 602 3119 τῷ
641 3047 750 3100 τῶν
785 3045 994 3116 θνητῶν
1025 3043 1232 3116 χωρίῳ,
1265 3043 1378 3096 ἀλλ’
1406 3043 1464 3094 ὲν
1505 3044 1575 3113 γῇ
1613 3041 1850 3107 ζώντων,

1957 582 2024 638 pe
2053 566 2264 637 Moyses
2289 567 2458 636 legem
2490 565 2718 631 ferebat,
2744 564 2810 618 ad
2843 563 3096 620 duritiem
3129 566 3314 622 cordis
3337 582 3527 622 eorum

1956 657 2440 713 accommodatam.
2475 656 2544 710 At
2571 670 2692 727 ego,
2727 656 2923 726 inquit,
2957 670 3066 709 non
3095 672 3180 711 me
3205 656 3418 730 ,Moysis
3447 658 3530 712 le-

1955 747 2112 817 gibus
2160 747 2399 804 subdidi.
2445 746 2627 812 Quare
2673 761 2785 801 non
2841 753 3130 801 cruentum
3176 748 3528 815 sacriﬁcium,

1955 836 2049 891 sed
2101 837 2335 892 hostiam
2376 836 2721 906 jubilationis
2761 835 3042 906 pollicitus
3087 852 3231 902 sum,
3278 854 3420 894 novo
3467 853 3533 894 ac

1953 927 2110 996 longe
2155 926 2371 982 diverso
2402 942 2432 980 a
2467 925 2669 998 Moysis
2715 927 2982 998 legalibus
3033 927 3165 983 ritu.
3193 927 3320 984 Ideo
3363 944 3532 983 novas

1953 1020 2050 1073 abs
2076 1027 2129 1074 te
2163 1020 2379 1089 postulo
2410 1020 2574 1089 leges.
2606 1018 2688 1074 Tu
2737 1020 2877 1089 ipse,
2907 1035 3116 1090 quaero,
3146 1019 3292 1074 viam
3343 1028 3532 1076 osten-

1953 1111 2051 1166 das
2085 1112 2249 1178 mihi;
2277 1119 2371 1165 aut
2402 1111 2669 1175 illumina,
2708 1112 3012 1168 secundum
3041 1113 3314 1182 Aquilam.
3349 1110 3536 1182 Neque

1953 1203 2128 1258 solum
2163 1203 2424 1258 ostendas
2464 1218 2528 1256 ac
2555 1204 2726 1274 legem
2758 1218 2932 1273 ponas
2963 1205 3123 1270 mihi,
3153 1203 3401 1267 Domine,
3436 1205 3532 1260 sed

1951 1298 2111 1353 etiam
2142 1299 2313 1370 dirige
2344 1314 2429 1352 me
2465 1299 2517 1352 in
2553 1298 2744 1353 semita
2775 1306 2949 1362 recta,
2984 1306 3044 1353 ut
3073 1313 3141 1353 ne
3169 1298 3532 1354 ollendamad

1950 1393 2181 1464 lapidem
2213 1393 2347 1464 pede
2378 1408 2521 1457 meo,
2551 1403 2759 1462 propter
2786 1394 3028 1448 inimicos
3056 1411 3194 1448 meos
3221 1411 3239 1448 :
3271 1411 3335 1449 ne
3359 1395 3532 1450 tradi—

1949 1484 2087 1538 deris
2134 1502 2212 1538 me
2243 1486 2298 1538 in
2327 1485 2536 1538 animas
2569 1483 2936 1538 lribulantium
2954 1501 3053 1539 me.
3088 1483 3191 1540 Per
3218 1487 3435 1555 planam
3466 1501 3532 1541 ac

1947 1578 2226 1646 paciﬁcam
2254 1578 2396 1631 viam
2432 1592 2518 1632 me
2559 1584 2804 1648 tempore
2832 1578 2957 1633 vita:
2987 1593 3120 1632 meae
3161 1577 3404 1633 deducas
3433 1593 3532 1649 po-

1947 1667 2111 1723 stulo.
2138 1666 2256 1722 Non
2288 1668 2462 1722 solum
2492 1669 2636 1722 enim
2673 1668 2902 1730 inimici,
2924 1669 3018 1724 sed
3047 1669 3209 1724 etiam
3244 1670 3414 1740 iniqui
3443 1686 3534 1742 sy-

1945 1761 2230 1831 cophantae
2275 1768 2329 1816 et
2375 1759 2499 1816 falsi
2535 1767 2702 1815 testes
2731 1761 2960 1827 instant,
2993 1760 3086 1831 qui
3110 1763 3295 1817 omnia
3339 1759 3524 1817 hostili

1947 1869 2096 1909 more
2128 1868 2340 1909 mecum
2375 1863 2562 1924 agunt.
2593 1853 2748 1908 Tunc
2778 1868 2943 1925 porro
2979 1855 3081 1910 sibi
3113 1871 3240 1910 vere
3267 1855 3534 1910 mentitur

1947 1945 2229 2014 iniquitas,
2263 1944 2484 2016 quando
2515 1959 2606 2000 res
2641 1944 2744 2015 ipsi
2789 1960 2901 2000 non
2945 1946 3082 2001 bene
3105 1945 3324 2012 cedunt,
3352 1961 3530 2016 neque

1948 2035 2086 2092 falsa
2116 2037 2435 2093 testimonia
2463 2038 2785 2109 praevalent.

2019 2127 2186 2185 Vens.
2221 2130 2312 2184 15.
2353 2128 2523 2185 Credo
2553 2129 2724 2185 videre
2763 2129 2900 2184 bona
2931 2128 3145 2183 Domini
3179 2130 3234 2183 in
3274 2138 3416 2183 terra
3453 2131 3532 2184 vi-

1947 2222 2196 2276 ventium.
2232 2220 2372 2276 Num
2418 2222 2485 2277 ad
2517 2221 2855 2292 superiorem
2888 2221 3311 2291 postulationem
3342 2216 3532 2277 remit-

1947 2315 2034 2380 tit,
2067 2330 2129 2368 ac
2175 2315 2320 2369 bona
2368 2313 2582 2369 Domini
2627 2315 2830 2370 vocitat
2859 2313 3070 2368 vultum
3113 2311 3332 2368 Domini
3363 2327 3530 2384 supra

1949 2412 2330 2468 memoratum,
2365 2405 2433 2460 de
2480 2421 2590 2476 quo
2641 2404 2762 2459 ait:
2807 2403 3024 2459 Vultum
3066 2413 3250 2469 tuum,
3284 2403 3529 2468 Domine.

1950 2497 2233 2567 requiram.
2264 2493 2348 2550 Ne
2372 2504 2580 2550 avertas
2612 2495 2802 2568 [aciem
2832 2504 2980 2550 tuam
3003 2512 3036 2550 a
3065 2494 3188 2550 me?
3223 2494 3408 2562 Quare
3443 2511 3534 2551 se-

1949 2589 2188 2643 cundum
2237 2587 2490 2658 Aquilam
2537 2585 2780 2642 dicitur:
2815 2585 3040 2642 Credidi
3084 2603 3166 2642 me
3214 2587 3535 2642 visurum-ia

1952 2676 2084 2730 bono
2110 2675 2362 2739 Domini;
2394 2675 2694 2732 secundum
2719 2691 2848 2732 vero
2881 2675 3268 2747 Symmachum
3299 2695 3312 2731 :
3341 2675 3536 2731 Crede-

1951 2769 2074 2824 bam
2102 2769 2276 2824 videre
2321 2768 2607 2824 bonitatem
2658 2768 2890 2824 Domini.
2927 2767 3035 2823 Sed
3076 2769 3283 2825 videbit
3313 2768 3531 2824 Domini

1958 2875 2168 2928 vultum
2209 2881 2265 2927 et
2297 2871 2443 2928 bona
2482 2870 2729 2935 Domini,
2757 2885 2866 2927 non
2911 2869 2967 2924 in
3004 2878 3218 2927 terreno
3243 2868 3397 2932 loco,
3429 2867 3526 2923 sed

1958 2979 2135 3037 neque
2177 2964 2230 3018 in
2271 2974 2612 3022 mortuorum
2646 2962 2884 3034 regione,
2916 2961 3010 3018 sed
3053 2961 3110 3016 in
3150 2970 3294 3021 terra
3337 2960 3524 3016 viven-

1957 3057 2096 3112 tium
2123 3095 2140 3121 ,
2190 3070 2354 3124 quam
2400 3055 2675 3124 pollicitus
2731 3055 2830 3110 est'
2864 3053 3113 3114 Salvator
3158 3053 3244 3108 his
3295 3051 3523 3115 verbis;

273 3144 331 3213 ἦν
367 3141 466 3196 καὶ
513 3141 544 3193 ὁ
586 3138 777 3210 Σωτὴρ
819 3137 1180 3209 ἐπηγγείλατο
1222 3135 1412 3204 λέγων’
1469 3133 1756 3202 Μακάριοι
1797 3139 1850 3190 ol

1958 3147 2108 3205 Beati
2139 3147 2311 3214 mites,
2345 3147 2592 3217 quoniam
2625 3147 2724 3216 ipsi
2751 3145 3088 3215 possidebunt
3119 3153 3313 3200 terram
3333 3144 3401 3204 ¹².

275 3233 495 3304 πραεῖς,
527 3230 619 3284 ὅτι
651 3230 820 3283 αὐτοὶ
851 3226 1386 3298 κληρονομήσουσι
1417 3225 1531 3294 τὴν
1553 3224 1687 3296 γῆν.

817 3341 903 3394 ΤΩ
943 3341 1144 3393 ΔΑΥΙΔ
1177 3340 1303 3393 KZ'.

339 3437 497 3506 Πρὸς
547 3434 644 3500 σὲ,
673 3434 870 3503 Κύριε,
900 3431 1280 3501 κεκράξομαι,
1326 3433 1358 3484 ὀ
1407 3430 1552 3497 Θεός
1590 3446 1729 3499 μου,
1764 3426 1850 3496 μὴ

274 3525 752 3596 manuario-nc
782 3526 882 3576 ἀπ’
912 3522 1080 3591 ἐμοῦ,
1113 3520 1346 3590 μήποτε
1378 3518 1854 3589 παρασιωπήσῃς

271 3619 360 3669 ἐπ’
395 3617 569 3686 ἐμοὶ,
597 3614 697 3668 καὶ
743 3611 1177 3683 ὁμοιωθήσομαι
1224 3609 1347 3674 τοῖς
1387 3608 1854 3664 καταϐαίνουσιν

272 3712 356 3775 εἰς
380 3707 636 3763 λάκκον.
668 3706 783 3759 Οὐκ
816 3700 1230 3773 ἐπιλελησμένοι
1258 3699 1368 3752 τῶν
1397 3697 1703 3769 ἔμπροσθεν
1725 3700 1853 3770 ἡμῖν

274 3798 615 3870 λελεγμένων
659 3795 789 3868 περὶ
824 3793 932 3847 τῶν
968 3792 1097 3846 ἄνευ
1138 3789 1282 3854 τινὸς
1324 3790 1641 3865 προσθήκης
1669 3791 1854 3858 ἐπιγε-

271 3889 612 3962 γραμμένων
641 3883 721 3952 τῷ
767 3882 967 3949 Δαυῒὸ,
1015 3881 1186 3954 ἢτοῦ
1228 3879 1430 3945 Δαυῒδ,
1477 3880 1854 3952 προσθήσομεν

272 3983 499 4044 ἐκείνοις
547 3981 643 4033 ἐπὶ
683 3976 777 4031 τοῦ
822 3975 1088 4048 παρόντος
1135 3973 1233 4046 τὴν
1279 3974 1360 4036 είς
1402 3973 1550 4044 ἡμᾶς
1595 3970 1853 4026 ἐλθοῦσαν

273 4073 594 4145 παράδοσιν.
643 4069 779 4123 Φασὶ
825 4068 1003 4121 τοίνυν
1063 4065 1332 4136 Ἐϐραίων
1377 4063 1564 4126 παῖδες
1606 4062 1700 4119 ἐπὶ
1747 4061 1853 4114 τῶν

270 4165 528 4236 τοιαύτην
560 4162 794 4233 ἐχόντων
819 4160 1058 4230 γραφὴν,
1099 4158 1210 4211 δεῖν
1248 4155 1565 4232 ἀνατρέχειν
1603 4154 1695 4206 ἐπὶ
1729 4153 1854 4216 τοὺς

272 4257 555 4328 ἀνωτέρω,
599 4254 696 4308 καὶ
735 4254 955 4305 σκοπεῖν
993 4252 1176 4313 ὁποῖος
1213 4244 1281 4320 ἦν
1322 4251 1350 4302 ὁ
1390 4250 1446 4300 ὲν
1487 4248 1629 4318 ἀρχῇ
1663 4263 1855 4318 προτε-

271 4348 548 4418 ταγμένος
588 4345 802 4416 ψαλμὸς
838 4342 946 4395 τῶν
991 4340 1127 4413 μετὰ
1172 4339 1365 4404 ταῦτα,
1410 4340 1525 4408 ἦτοι
1576 4337 1855 4400 παντελῶς

273 4438 686 4511 ἁνεπιγράτρων,
718 4437 750 4508 ἢ
777 4435 856 4501 τῷ
875 4434 1056 4489 Δαυῒδ
1090 4433 1600 4505 ἐπιγεγραμμένωνο
1633 4433 1727 4486 λαὶ
1753 4451 1855 4506 μα-

2415 3336 2545 3392 lPSl
2577 3333 2787 3390 DAVID
2846 3332 3066 3390 XXVII.

2026 3431 2191 3494 Vens.
2227 3433 2279 3499 i,
2303 3432 2358 3486 2.
2400 3430 2484 3484 Ad
2519 3438 2586 3498 te,
2609 3429 2850 3492 Domine,
2896 3425 3161 3494 clamabo,
3196 3424 3340 3484 Deus
3366 3440 3530 3489 meus,

1957 3543 2020 3583 ne
2048 3525 2206 3579 sileas
2232 3542 2262 3577 a
2292 3541 2392 3587 me,
2418 3540 2484 3578 ne
2501 3521 2713 3594 quando
2741 3511 2916 3576 taceas
2948 3538 2980 3574 ιι
3005 3530 3170 3586 me,et
3197 3517 3536 3575 assimilabor

1956 3612 2463 3669 descendentibusin
2489 3611 2684 3665 lacum.
2718 3610 2918 3665 Eorum
2949 3623 3070 3680 quae
3115 3608 3366 3676 superius
3395 3605 3536 3660 dixi-

1957 3724 2079 3763 mus
2125 3707 2192 3761 de
2241 3706 2472 3776 psalmis
2491 3705 2582 3775 qui
2625 3704 2742 3759 sine
2767 3703 3141 3760 additamento
3173 3699 3390 3765 Davidi,
3421 3699 3537 3756 sive

1956 3793 2178 3848 Davidis
2219 3793 2615 3858 inscribuntur,
2644 3807 2752 3846 non
2786 3792 3156 3853 immemores,
3185 3790 3292 3844 illis
3323 3790 3376 3846 in
3397 3804 3538 3862 pra:-

1956 3885 2095 3939 senti
2125 3883 2496 3950 traditionem,
2535 3899 2656 3954 quae
2692 3883 2760 3937 ad
2797 3897 2898 3936 nos
2933 3896 3110 3952 usque
3135 3881 3405 3954 pervenit;
3437 3880 3536 3934 ad-

1951 3978 2205 4048 jiciemus
2231 3977 2330 4048 (1).
2365 3975 2455 4030 Sic
2504 3979 2658 4030 aiunt
2700 3977 2884 4046 itaque
2936 3973 3144 4034 Hebraei
3191 3973 3260 4030 de
3307 3973 3535 4045 psalmis

1956 4068 2048 4138 qui
2083 4069 2244 4124 talem
2267 4067 2561 4140 pmferunt
2589 4067 3000 4138 inscriptionem
3023 4108 3039 4135 ,_
3067 4074 3320 4138 Oportere
3345 4066 3410 4120 ad
3437 4082 3532 4121 su-

1956 4161 2202 4234 periores
2235 4176 2542 4225 recurrere,
2580 4168 2744 4235 atque
2795 4161 3107 4225 observare,
3134 4161 3358 4232 quinam
3392 4170 3538 4216 esset

1956 4253 2200 4322 psalmus
2231 4253 2324 4322 qui
2356 4252 2574 4323 praeiret
2603 4253 2727 4308 aliis
2750 4253 3238 4324 subsequentibus,
3271 4252 3385 4308 sive
3408 4250 3534 4305 nul-

1955 4345 2062 4399 lam
2106 4359 2332 4414 prorsus
2377 4345 2790 4414 inscriptionem
2834 4345 3154 4409 ferentibus,
3193 4345 3309 4401 sive
3342 4341 3536 4397 Davidi

1956 4436 2265 4504 inscriptis,
2291 4447 2451 4507 atque
2473 4447 2693 4507 accepta
2718 4438 2785 4491 ab
2805 4437 2898 4492 illo
2920 4438 3130 4507 psalmo
3157 4435 3534 4505 inscriptione,

275 4531 460 4594 θόντες
488 4529 550 4592 ἐξ
579 4528 788 4579 ἐκείνου
825 4526 923 4595 τὴν
962 4522 1303 4596 προγραφὴν,
1348 4522 1677 4594 ἐφαρμόζειν
1718 4523 1850 4593 αὐτῇ

1959 4531 2289 4586 sententiam
2320 4530 2772 4600 subsequentium
2803 4530 3138 4601 psalmorum
3175 4529 3279 4598 ipsi
3315 4541 3536 4584 accom-

277 4620 370 4673 καί
389 4620 502 4673 τῶν
528 4617 666 4689 μετὰ
686 4616 855 4669 ταῦτα
877 4615 1233 4686 συνημμένων
1258 4613 1356 4685 τὴν
1379 4613 1637 4669 διάνοιαν.
1673 4613 1730 4665 Ὀ
1757 4613 1854 4683 μὲν

276 4707 367 4766 οὖν
397 4709 541 4782 μετὰ
569 4711 778 4780 χεῖρας,
802 4708 880 4772 κζ’
902 4706 996 4770 ὢν,
1028 4706 1230 4777 ταύτην
1253 4705 1365 4776 ἔχει
1388 4705 1486 4777 τὴν
1511 4705 1854 4778 προγραφὴν,

279 4803 371 4856 καὶ
403 4804 434 4855 ὁ
468 4808 562 4865 κς⁹
589 4801 684 4854 καὶ
714 4801 742 4852 ὁ
777 4807 854 4854 κε’
885 4799 978 4853 καὶ
1012 4801 1040 4852 ὁ
1068 4798 1175 4855 x6"
1207 4799 1319 4852 ἀλλ’
1353 4801 1380 4851 ὁ
1409 4805 1494 4868 κγ’
1518 4798 1758 4869 ψαλμὸς
1789 4794 1858 4869 ἦν

283 4890 362 4958 τῷ
382 4891 585 4954 Δαυῒδ,
636 4891 837 4960 ὁμοίως
874 4891 928 4943 δὲ
971 4892 1063 4944 καὶ
1107 4891 1134 4942 ὁ
1177 4890 1279 4944 κ6’.
1330 4889 1539 4944 Οὐκοῦν
1571 4889 1861 4947 ἀκόλουθόν

280 4985 417 5048 ἐστι,
449 4981 595 5037 κατὰ
613 4983 708 5055 τὴν
742 4982 1034 5054 Ἐὄραῖκὴν
1055 4983 1373 5055 παράδοσιν,
1399 4982 1496 5036 καὶ
1513 4984 1636 5045 τοὺς
1659 4981 1855 5053 ἐφεξῆς

281 5077 489 5140 πάντας
519 5076 768 5146 ψαλμοὺς
792 5071 931 5128 εἶναι
961 5076 1381 5147 ὑπολαμϐάνειν,
1416 5076 1513 5139 ὡς,
1556 5075 1694 5132 κατὰ
1733 5073 1854 5127 τοῦ-

282 5184 367 5220 τον
398 5167 492 5220 τὸν
521 5165 702 5233 λόγον,
743 5166 836 5218 καὶ
880 5166 971 5219 τὸν
1016 5164 1152 5236 μετὰ
1192 5169 1377 5237 χεῖρας
1424 5165 1669 5236 ἡγεῖσθαι
1720 5160 1855 5218 εἶναι

283 5257 512 5330 ψαλμὸν,
547 5257 868 5329 περιέχοντα
906 5257 1108 5328 δέησιν.

350 5350 519 5404 Τοῦτο
556 5349 667 5421 γὰρ
709 5349 1036 5422 παρίστησιν
1079 5349 1241 5412 αὐτὸς
1282 5349 1483 5420 προῖὼν
1527 5351 1618 5402 καὶ
1658 5349 1851 5418 λέγων’

284 5442 665 5496 Εἱσὰκουσον
697 5437 804 5510 τῆς
845 5439 1048 5509 φωνῆς
1092 5438 1202 5509 τῆς
1249 5439 1510 5508 δεήσεως
1536 5459 1654 5512 μου
1684 5442 1754 5496 ἐν
1780 5442 1859 5509 τῷ

353 5600 398 5630 "
439 5597 633 5654 Matth.
660 5613 716 5664 ν,
751 5597 807 5652 4.

1959 4622 2169 4677 modari
2202 4630 2474 4692 oportere.
2507 4621 2756 4678 Praesens
2784 4623 2966 4692 itaque
2996 4622 3238 4694 psalmus
3265 4619 3357 4689 qui
3387 4633 3536 4673 xxvu

1959 4718 2065 4775 est,
2099 4710 2258 4766 istam
2305 4711 2467 4766 habet
2512 4711 2948 4781 inscriptionem,
3000 4710 3312 4780 pariterque
3365 4724 3536 4775 xxvr,

1961 4818 2067 4856 xxv
2094 4808 2150 4856 et
2179 4817 2309 4856 xxw
2341 4821 2354 4856 :
2389 4802 2484 4857 sed
2519 4819 2651 4857 χχιιι
2684 4802 2922 4873 psalmus
2953 4809 3071 4856 erat
3103 4797 3298 4852 Davidi
3343 4796 3539 4854 inscri-

1963 4898 2110 4964 ptus,
2144 4893 2506 4965 similiterque
2532 4912 2672 4961 xm,
2704 4895 2846 4949 unde
2881 4891 3182 4949 secundum
3211 4889 3538 4947 Hebraicam

1962 4982 2308 5038 traditionem
2361 4999 2703 5054 consequens
2748 4991 2863 5047 est,
2916 4981 3154 5051 reliquos
3203 4996 3392 5037 omnes
3440 4995 3538 5051 pro

1963 5075 2189 5147 psalmis
2240 5074 2306 5146 ad
2363 5075 2608 5130 eamdem
2637 5073 2904 5128 raticnem
2939 5070 3272 5142 reputandos
3301 5085 3443 5134 esse,
3475 5085 3541 5125 ac

1964 5175 2288 5238 praesentem
2319 5167 2571 5222 similiter
2600 5167 2867 5238 psalmum
2916 5164 3346 5237 supplicationes
3389 5179 3540 5220 com-

1964 5260 2312 5330 plectentem.

2035 5353 2175 5407 Illud
2216 5369 2314 5424 per
2359 5370 2419 5409 se
2467 5353 2708 5407 declarat
2741 5351 2822 5406 vel
2862 5350 2977 5424 ipse
3021 5351 3288 5421 psalmus,
3318 5348 3448 5405 dum
3485 5349 3539 5404 in

1966 5445 2319 5516 sequentibus
2351 5445 2431 5500 sic
2458 5444 2620 5499 habet
2649 5441 2904 5500 :Exaudi
2940 5460 3115 5500 vocem
3157 5441 3540 5513 deprecationis

350 5758 428 5827 (l)
468 5757 523 5811 In
546 5755 819 5829 opusculo
841 5753 1102 5829 Origenis
1127 5771 1155 5810 a
1182 5755 1339 5814 nobis
1362 5757 1672 5828 propediem
1699 5756 1928 5826 edendo,
1965 5757 2108 5828 quod
2177 5756 2244 5812 ab
2276 5753 2606 5828 Hieronymo
2641 5755 2914 5820 laudatur.
2958 5755 3071 5812 haec
3111 5755 3228 5823 ipsa
3283 5749 3533 5808 Hebrtco.

289 5826 414 5883 rum'
437 5829 662 5883 traditio
693 5826 934 5882 all’ertur.
