3940 6292
403 323 507 378 247

1120 318 1388 375 EUSEBII
1425 319 1899 377 CESARIENSIS
1939 317 2091 375 OPP.
2131 315 2313 372 PARS
2352 315 2439 370 Ill.
2478 348 2547 358 —
2587 315 2996 372 EXEGETICA.

3537 316 3652 371 238

401 456 529 495 mea
552 438 678 494 dum
699 454 794 493 oro
815 436 884 490 ad
917 444 984 490 te.
1016 434 1189 502 Quam
1218 452 1351 492 vero
1378 445 1615 492 mentem
1640 436 1977 507 deprecatio-

2083 431 2317 488 δέεσθαι
2339 450 2415 502 με
2438 431 2586 500 πρὸς
2607 431 2700 485 σέ.
2726 431 2857 484 Τίνα
2885 432 2941 485 δὲ
2968 431 3207 485 διάνοιαν
3236 433 3482 504 περιέχει
3510 438 3540 485 6
3559 434 3660 502 τῆς

399 535 487 588 nis
514 532 684 588 series
712 528 987 600 praeferat,
1014 545 1111 599 age
1141 535 1398 584 accurate
1418 529 1835 600 perpendamus.
1855 529 1982 582 Cla-

398 638 550 679 mare
573 636 634 675 se
654 620 792 675 dicit
815 620 884 674 ad
909 618 1217 687 Dominum,
1252 628 1417 691 atque
1441 619 1595 674 illum
1624 627 1683 674 ut
1704 619 1982 689 proprium

396 715 504 770 sibi
543 713 715 768 Deum
742 713 1022 768 invocare.
1056 711 1137 766 Tu
1167 711 1452 777 enim,ait,
1478 710 1736 783 dignatus
1759 727 1820 766 es
1849 725 1986 764 nun-

396 804 586 874 cupari
635 802 780 859 Deus
827 818 1004 870 meus,
1030 810 1090 859 ut
1121 803 1539 873 promissionem
1574 803 1722 856 illam
1775 799 1984 856 sanctis

395 896 527 952 viris
561 895 743 950 datam
775 910 1052 950 assereres
1081 913 1093 950 :
1134 893 1201 947 Et
1233 911 1322 949 ero
1345 894 1561 948 ittorum
1592 892 1760 957 Deus,
1794 900 1844 946 et
1877 891 1984 960 ipsi

397 991 552 1041 erunt
583 982 711 1035 mihi
738 979 960 1050 populus
987 978 1076 1030 δί’.
1100 976 1300 1046 Excipe
1331 977 1744 1047 deprecationem
1775 987 1968 1038 meam,

402 1087 453 1134 et
486 1093 549 1130 ne
589 1074 747 1129 sileas
788 1090 822 1127 a
849 1088 950 1138 me,
1001 1070 1274 1142 nequando
1319 1081 1493 1124 taceas
1541 1085 1574 1122 a
1604 1083 1706 1132 me,
1751 1074 1802 1120 et
1831 1064 1971 1120 ossi-

405 1167 632 1224 mitabor
672 1163 1100 1221 descendentibus
1142 1164 1195 1217 in
1243 1162 1438 1219 lacum.
1487 1160 1613 1216 Haec
1656 1160 1868 1216 dicebat
1914 1156 1970 1210 in

407 1259 707 1316 certamine
751 1257 1083 1313 constitutus
1128 1273 1143 1310 :
1185 1270 1255 1312 ne
1298 1255 1367 1311 iis
1413 1253 1505 1324 qui
1560 1261 1685 1322 post.
1729 1250 1975 1306 mortalis

409 1351 638 1422 hujusce
670 1352 795 1404 vita:
833 1348 1041 1403 exitum
1086 1347 1142 1402 in
1185 1348 1380 1402 mortis
1413 1346 1590 1401 lacum
1620 1343 1975 1406 descendunt,

410 1443 606 1499 similis
656 1441 827 1496 ﬁeret.
869 1437 1096 1495 Etiamsi
1150 1439 1295 1495 enim
1349 1440 1405 1493 in
1456 1436 1721 1507 superiori
1762 1434 1976 1506 psalmo

400 1525 601 1580 dixerit
634 1544 649 1581 :
677 1524 845 1580 Credo
867 1527 1037 1579 videre
1070 1524 1206 1579 bona
1251 1525 1465 1579 Domini
1511 1528 1567 1579 in
1614 1536 1756 1581 terra
1806 1527 1982 1581 uiuen-

402 1619 617 1683 tium";
636 1626 873 1674 attamen
904 1626 965 1672 ut
995 1618 1158 1673 homo
1182 1618 1359 1673 adhuc
1389 1634 1556 1674 carne
1579 1620 1978 1682 circumdatus.

2083 525 2323 596 δεήσεως
2349 525 2527 594 λόγος,
2550 524 2681 596 φέρε
2712 525 3152 595 κατανοήσωμεν.
3184 525 3323 595 Βοᾷν
3356 525 3490 595 φησὶ
3519 527 3663 596 πρὸς

2083 616 2305 688 Κύριον,
2335 614 2710 671 ἐπικαλεῖσθαί
2735 632 2792 668 τε
2831 614 2990 668 αὑτὸν
3048 617 3123 678 ὡς
3154 614 3282 669 ἴδιον
3308 614 3469 668 αὐτοῦ
3501 613 3658 670 Θεόν.

2082 710 2156 762 Σὺ
2188 709 2317 781 γὰρ,
2347 710 2531 781 φησὶν,
2560 709 2588 760 6
2617 705 2959 770 καταξιώσας
2989 706 3123 777 ἐμὸς
3146 706 3479 779 χρηματίσαι
3501 706 3659 770 Θεὸς,

2083 800 2204 854 καθ’
2244 802 2311 871 ἢν
2348 800 2700 872 περιποιῆσαι
2745 797 2883 869 πρὸς
2925 797 3052 861 τοὺς
3094 797 3280 867 ἁγίους
3324 797 3663 866 ἐπαγγελίαν

2081 892 2268 946 εἰπών·
2302 894 2409 947 Καὶ
2436 892 2649 961 ἔσομαι
2672 889 2870 945 αὐτῶν
2890 889 3055 955 Θεὸς,
3081 890 3182 943 καὶ
3205 891 3375 951 αὐτοὶ
3409 889 3664 943 ἔσονταί

2075 1002 2177 1053 μοι
2209 985 2374 1051 λαός.
2403 982 2740 1052 Παράδεξαί
2759 1000 2877 1053 μου
2906 981 3023 1049 τὴν
3046 980 3278 1050 δέησιν.
3307 981 3419 1035 Καὶ
3437 968 3527 1051 μὴ
3558 998 3663 1034 παι

2073 1066 2474 1145 ῥασιωπήσῃς
2523 1075 2625 1129 ἀπ’
2670 1073 2837 1143 ἐμοῦ,
2893 1072 3129 1143 μήποτε
3178 1071 3663 1141 παρασιωπήσῃς

2079 1168 2180 1222 ἀπ’
2213 1167 2381 1237 ἐμοῦ,
2424 1166 2522 1221 καὶ
2561 1164 2999 1235 ὁμοιωθήσομαι
3030 1164 3157 1231 τοῖς
3190 1166 3665 1218 καταϐαίνουσιν

2078 1261 2168 1325 εἰς
2203 1256 2664 1315 λάκκον-..Ταῦτα
2690 1257 2734 1311 δ’
2771 1256 3009 1326 ἔφασκεν
3039 1259 3096 1310 ὲν
3118 1256 3325 1328 ἀγωνίᾳ
3355 1254 3661 1320 καθεστώς

2084 1351 2157 1421 μή
2192 1367 2268 1421 πη
2298 1349 2404 1420 ἄρα
2440 1351 2553 1413 τοῖς
2585 1350 2720 1421 μετὰ
2757 1348 2855 1420 τὴν
2889 1348 3146 1402 ἀνάλυσιν
3169 1348 3264 1402 τοῦ
3301 1348 3498 1420 θνητοῦ
3541 1348 3662 1419 βίου

2080 1442 2494 1497 καταϐαίνουσιν
2516 1444 2596 1506 εἰς
2626 1442 2717 1495 τὸν
2743 1442 2837 1494 τοῦ
2868 1441 3097 1495 θανάτου
3125 1440 3326 1495 λάκκον
3347 1459 3663 1515 παρομοιω-

2080 1533 2218 1605 θείη.
2267 1535 2331 1587 Εἰ
2362 1532 2471 1607 γὰρ
2517 1533 2585 1587 τὰ
2635 1533 2869 1605 μάλιστα
2915 1534 2974 1586 ὲν
3018 1531 3096 1604 τῷ
3142 1532 3247 1604 πρὸ
3280 1532 3468 1587 τούτου
3503 1534 3662 1603 ἔλεγε

2076 1625 2294 1698 ψαλμῷ.
2344 1627 2611 1680 Πιστεύω
2637 1626 2742 1680 τοῦ
2761 1624 2909 1679 ἰδεῖν
2933 1625 3004 1679 τὰ
3027 1625 3217 1694 ἀγαθὰ
3247 1626 3468 1694 Κυρίου
3488 1627 3559 1679 ἐν

401 1711 473 1764 ob
496 1709 621 1765 vita:
650 1711 982 1766 debilitatem
1013 1726 1078 1767 ac
1106 1711 1500 1766 volubilitatem
1532 1710 1863 1765 decertabat.
1894 1712 1980 1764 Si—

2084 1717 2342 1779 ζὼντωνσ
2387 1718 2499 1772 ἀλλ’
2528 1719 2678 1789 ὅμως
2718 1717 2795 1782 ὡς
2831 1717 3137 1791 ἄνθρωπος,
3181 1718 3260 1771 ἔτι
3297 1719 3473 1789 σάρκα
3504 1735 3666 1788 περι-

404 1801 624 1871 quidem
643 1809 696 1858 et
723 1803 836 1873 ipse
861 1801 1155 1872 Apostolus
1183 1803 1523 1869 decertabat,
1549 1819 1616 1859 ne
1638 1803 1761 1858 aliis
1784 1802 1980 1873 praedi-

2083 1810 2352 1880 κείμενος,
2381 1786 2591 1879 ἠγωνία
2619 1808 2707 1862 διὰ
2734 1810 2794 1863 τὸ
2816 1786 3014 1882 σαθρὸν
3046 1810 3140 1863 καὶ
3171 1786 3530 1880 εὐμετάϐολον
3556 1786 3659 1861 τοῦ

403 1907 538 1947 cans
567 1891 681 1963 ipse
712 1894 974 1964 reprobus
1002 1894 1422 1951 inveniretur“.
1455 1893 1658 1947 Lacum
1692 1902 1871 1948 autem
1895 1909 1980 1948 so-

2084 1900 2221 1970 βίου.
2263 1902 2414 1955 Ἐπεὶ
2441 1901 2537 1955 καὶ
2560 1902 2588 1954 6
2614 1901 2940 1964 Ἀπόστολος
2967 1900 3197 1970 ἠγωνία,
3228 1902 3445 1972 μήπως,
3477 1899 3665 1963 ἄλλοις

401 1985 516 2039 lent
544 1984 713 2039 divini
741 1984 863 2039 libri
896 2001 1211 2055 nuncupare
1234 1986 1540 2040 animarum
1561 1984 1901 2039 domicilium
1926 1986 1980 2040 in

2083 1987 2346 2061 κηρύξας,
2376 1990 2537 2053 αὐτὸς
2572 1989 2827 2060 ἀδόκιμος
2854 1989 3096 2060 γένηται.
3131 1989 3342 2043 Λάκκου
3371 1988 3427 2041 δὲ
3461 1987 3663 2041 εἰώθα-

400 2076 640 2142 ini‘erno,
679 2086 737 2130 ut
785 2092 983 2133 vocare
1032 2088 1456 2139 consueverunt.
1486 2077 1642 2143 Quod
1669 2078 1832 2133 etiam
1862 2078 1980 2149 ipse

2083 2098 2164 2134 σιν
2186 2084 2235 2134 οἱ
2259 2082 2391 2134 θεῖοι
2416 2081 2563 2149 λόγοι
2590 2081 2876 2151 ὀνομάζειν
2902 2081 2964 2134 τδ
2994 2081 3101 2134 τῶν
3126 2080 3314 2150 ψυχῶν
3340 2081 3661 2152 οἰκητήριον

399 2167 569 2223 David
602 2168 865 2233 declarat,
899 2169 1030 2224 dum
1067 2185 1176 2225 non
1212 2169 1372 2239 longe
1417 2168 1546 2222 hinc
1594 2169 1649 2223 in
1681 2184 1816 2222 nix
1843 2169 1980 2238 psal-

2083 2171 2139 2223 τὸ
2172 2172 2231 2224 ὲν
2267 2170 2346 2240 τῷ
2372 2170 2686 2241 καλουμένῳ
2720 2169 2845 2242 ᾅδῃ·
2882 2169 2913 2222 θ
2954 2169 3020 2241 δὴ
3060 2170 3390 2242 παρίστησιν
3431 2166 3599 2231 αὐτὸς
3636 2169 3665 2221 6

401 2274 492 2313 mo
525 2260 653 2313 talia
684 2258 827 2314 fatur
856 2280 868 2314 :
905 2260 1128 2315 Domine
1175 2259 1316 2314 Deus
1347 2276 1514 2326 meus,
1536 2260 1760 2315 clamavi
1789 2260 1857 2313 ad
1910 2268 1976 2323 te,

2083 2259 2241 2313 Δαυῖδ
2266 2260 2365 2313 οὐκ
2388 2261 2463 2322 εἰς
2488 2258 2701 2330 μακρὰν
2730 2261 2788 2313 ὲν
2814 2257 2891 2329 τῷ
2912 2258 2991 2312 κθ’
3014 2258 3216 2329 ψαλμῷ
3248 2258 3443 2326 λέγων·
3479 2259 3662 2325 Κύριε

400 2363 452 2405 et
478 2351 685 2407 sanasti
715 2368 836 2406 me:
876 2351 1123 2416 Domine,
1151 2351 1381 2406 eduxisti
1414 2367 1479 2406 ea:
1510 2351 1712 2421 inferno
1744 2351 1979 2407 animam

2083 2345 2113 2399 6
2144 2351 2287 2416 Θεός
2313 2368 2447 2416 μου,
2474 2349 2768 2422 ἐκέκραξα
2799 2350 2949 2418 πρὸς
2980 2349 3075 2416 σὲ,
3105 2350 3201 2404 καὶ
3236 2348 3384 2403 ἰάσω
3406 2367 3506 2419 με·
3535 2350 3661 2403 Κύ-

406 2457 616 2505 meam;
660 2443 880 2497 satuasti
911 2460 992 2496 me
1020 2460 1053 2496 a
1082 2442 1509 2497 descendentibus
1546 2443 1603 2495 in
1641 2441 1837 2495 lacum.
1890 2439 1980 2494 Vi-

402 2532 529 2589 den‘
557 2533 831 2603 quomodo
855 2533 1042 2589 eodem
1068 2534 1123 2588 in
1152 2535 1273 2589 loco
1299 2533 1573 2589 infernum
1591 2543 1645 2588 et
1668 2535 1843 2587 lacum
1877 2548 1976 2587 una

403 2625 722 2697 copulavit?
766 2625 873 2682 Sed
901 2624 958 2680 in
989 2627 1243 2696 praesenti
1277 2625 1496 2698 quidem
1531 2627 1741 2697 psalmo
1773 2626 1979 2681 clamo-

401 2734 516 2774 rem
547 2717 617 2780 ad
638 2717 809 2773 Deum
833 2718 1053 2779 emittit,
1084 2733 1282 2788 rogans
1308 2735 1416 2773 non
1439 2717 1733 2774 assimilari
1756 2717 1980 2775 descen-

403 2810 656 2867 dentibus
694 2810 750 2865 in
780 2811 990 2876 lacum;
1033 2820 1089 2864 at
1128 2811 1183 2864 in
1218 2827 1359 2866 nono
1392 2820 1447 2865 et
1478 2811 1741 2881 vigesimo
1770 2811 1979 2866 oratio-

404 2919 527 2959 nem
560 2903 663 2960 sibi
712 2904 850 2958 bene
880 2903 1117 2958 cessisse
1160 2904 1506 2966 testiﬁcatur,
1539 2904 1619 2958 sic
1651 2902 1837 2958 aiens:
1868 2901 1977 2956 Do-

407 2997 566 3059 mine,
597 2992 825 3049 clamavi
863 2995 932 3049 ad
966 3006 1034 3060 te,
1068 3005 1117 3050 et
1162 2997 1369 3050 sanasti
1409 3011 1525 3060 me;
1569 2995 1789 3049 salvasti
1825 3011 1905 3049 me
1940 3012 1976 3051 α

401 3082 830 3142 descendentibus
870 3088 926 3141 in
964 3086 1223 3141 locum".
1256 3084 1572 3156 Opportune
1614 3094 1791 3141 autem
1819 3087 1977 3145 lacus
2005 3125 2046 3182 ο

409 3179 611 3233 dicitur
649 3179 956 3233 animarum
986 3179 1041 3233 in
1077 3178 1291 3234 inferno
1323 3179 1681 3234 domicilium.
1711 3177 1981 3244 Quemad-

407 3272 631 3326 modum
679 3274 823 3326 enim
856 3273 1005 3327 lacus
1039 3274 1438 3342 receptaculum
1474 3283 1558 3326 est
1587 3286 1851 3344 aquarum
1886 3270 1982 3329 de-

406 3377 574 3432 super
602 3376 667 3417 ac
694 3377 726 3418 e
756 3350 976 3417 sublimi
1008 3363 1151 3417 istuc
1183 3363 1569 3431 decidentium,
1601 3369 1683 3421 sic
1712 3373 1767 3421 et
1789 3366 1981 3421 mortis

403 3456 578 3526 regio,
613 3456 702 3511 cui
733 3471 931 3510 nomen
968 3455 1237 3520 infernus,
1276 3470 1370 3511 eas
1411 3472 1533 3529 quae
1569 3475 1599 3512 a
1632 3460 1881 3529 supernis
1914 3475 1980 3514 ex

406 3547 646 3603 humana
675 3547 787 3602 vita
822 3548 964 3602 istuc
995 3547 1255 3603 decidunt
1287 3550 1500 3606 animas
1530 3552 1830 3621 excipiens,
1858 3550 1983 3621 jure

405 3639 557 3694 lacus
589 3639 919 3709 appellatur.
945 3637 1123 3711 Rogat
1144 3639 1328 3712 itaque
1353 3650 1411 3696 ut
1441 3657 1514 3696 ne
1532 3643 1587 3696 in
1623 3652 1980 3697 memoratum

404 3729 583 3783 lacum
614 3744 720 3786 una
758 3745 882 3787 cum
923 3733 1045 3788 aliis
1079 3732 1419 3787 detrahatur.
1454 3731 1519 3785 Et
1548 3732 1654 3786 hoc
1683 3748 1814 3788 sane
1848 3733 1982 3787 mihi

404 3831 701 3895 continget,
725 3824 820 3889 ait,
846 3824 893 3881 si
927 3824 1162 3894 reliquis
1185 3824 1500 3879 hominibus
1530 3824 1725 3879 similis
1755 3822 1981 3879 evadam

405 3918 499 3986 qui
540 3917 640 3972 abs
668 3924 723 3971 te
751 3931 859 3970 non
893 3916 1281 3979 exaudiuntur,
1311 3915 1455 3985 quod
1488 3922 1573 3969 est
1600 3915 1900 3971 aversionis
1931 3921 1986 3970 et

404 4007 517 4060 ndii
550 4006 628 4060 tui
656 4006 894 4076 signum.
917 4004 1062 4060 Loco
1092 4014 1277 4061 autem
1313 4005 1499 4076 hujus,
1538 4022 1600 4060 ne
1631 4006 1788 4060 sileas
1821 4023 1852 4059 a
1880 4021 1982 4069 me,

408 4096 790 4165 Symmachus,
841 4112 903 4150 ne
943 4106 1118 4152 taceas
1149 4112 1217 4151 ea:
1250 4114 1351 4163 me,
1390 4099 1592 4165 habet;
1638 4113 1708 4153 ne
1749 4095 1888 4151 forte
1932 4108 1984 4152 te

404 4186 599 4256 procul
640 4203 726 4242 me
770 4188 1110 4260 quiescente,
1155 4189 1353 4245 similis
1393 4190 1497 4245 sim
1527 4188 1983 4245 descendentibus

405 4279 462 4332 in
499 4277 704 4334 lacum.

474 4537 642 4597 Vens.
678 4543 729 4597 5.
772 4543 1037 4610 Quoniam
1067 4563 1170 4600 non
1204 4548 1576 4604 intellexerunt
1611 4563 1768 4616 opera
1796 4547 1978 4603 Domi-
2006 4540 2051 4595 D

405 4632 482 4697 ni,
513 4643 562 4689 et
594 4636 648 4689 in
680 4652 838 4699 opera
883 4654 1137 4691 manuum
1177 4638 1313 4709 ejus,
1343 4637 1582 4694 destrues
1616 4639 1762 4705 illos,
1795 4649 1845 4694 et
1872 4657 1976 4695 non

405 4724 695 4798 adiﬁcabis
729 4746 836 4788 eos.
882 4726 1060 4800 Opera
1104 4730 1319 4788 Domini
1371 4732 1578 4788 dixeris
1632 4732 1976 4787 conditarum

406 4817 652 4873 omnium
688 4835 870 4875 rerum
912 4822 1300 4886 substantiam,
1335 4838 1499 4894 quam
1527 4840 1591 4879 ex
1619 4838 1729 4877 non
1758 4831 1981 4879 exstan-

409 4908 557 4965 tibus
600 4909 667 4964 ad
708 4913 1085 4968 exsistentiam
1130 4913 1356 4970 deduxit
1387 4915 1767 4970 universorum
1797 4915 1975 4986 opifex

407 4998 553 5056 Deus
583 5020 596 5056 :
624 5017 789 5073 opera
823 5015 1003 5061 autem
1037 5022 1296 5061 manuum
1327 5007 1467 5077 ejus.
1501 5023 1681 5062 rerum
1712 5007 1981 5063 factarum

409 5093 955 5163 administrationem,
987 5113 1094 5167 qua
1118 5099 1381 5170 prospicit
1408 5114 1472 5154 ac
1503 5098 1808 5168 dispensat,
1839 5099 1976 5154 Pro-

408 5186 661 5242 videntiae
692 5203 806 5243 suae
835 5191 1131 5246 virtutibus
1159 5207 1261 5248 ceu
1293 5192 1544 5249 manibus
1570 5192 1753 5246 omnia
1783 5192 1983 5263 guber-

412 5295 569 5336 nans.

494 5370 650 5427 Vsus.
682 5370 736 5435 6,
770 5373 824 5437 7.
868 5374 1181 5430 Benedictus
1222 5374 1384 5445 Deus,
1418 5376 1666 5447 quoniam
1704 5373 1976 5429 exaudiuit

413 5480 585 5517 uocem
616 5464 996 5533 deprecationis
1022 5485 1169 5524 meae.
1210 5467 1469 5523 Dominus
1508 5467 1724 5537 adjutor
1752 5482 1894 5520 meus
1928 5474 1978 5519 et

415 5565 677 5627 protector
700 5574 843 5613 meus
865 5576 883 5612 :
910 5561 963 5613 in
998 5561 1110 5629 ipso
1143 5563 1370 5629 sperauit
1397 5578 1489 5616 cor
1519 5577 1711 5626 meum,
1752 5569 1802 5615 et
1830 5559 1984 5629 adju-

2070 2458 2183 2509 ριε,
2203 2440 2499 2511 ἀνήγαγες
2518 2440 2587 2505 ἐξ
2611 2440 2758 2508 ᾅδου
2785 2440 2900 2508 τὴν
2926 2440 3137 2510 ψυχήν
3159 2457 3297 2510 μου·
3324 2438 3562 2506 ἐαωσάς
3578 2456 3660 2509 με

2076 2531 2195 2585 ἀπὸ
2230 2530 2348 2584 τῶν
2375 2531 2855 2584 καταϐαινόντων
2876 2530 2964 2596 εἱς
2995 2528 3245 2584 λάκκον.
3300 2529 3464 2601 Ὁρᾷς
3505 2530 3663 2594 ὅπως

2075 2622 2165 2676 τὸν
2193 2622 2327 2695 ᾅδην
2356 2625 2451 2676 καὶ
2481 2622 2570 2676 τὸν
2598 2621 2798 2675 λάκκον
2825 2621 2882 2674 ὲν
2921 2619 3108 2691 ταύτῷ
3136 2620 3222 2674 διὰ
3259 2619 3461 2674 τούτων
3488 2621 3659 2691 συνῆ-

2074 2717 2209 2787 die»);
2239 2714 2377 2769 Ἀλλ’
2401 2716 2458 2768 ὲν
2483 2715 2581 2785 μὲν
2607 2712 2687 2785 τῷ
2713 2711 2851 2785 μετὰ
2870 2715 3059 2784 χεῖρας
3087 2711 3214 2783 βοάς
3246 2712 3382 2784 πρὸς
3404 2711 3498 2767 τὸν
3522 2708 3661 2765 Θ;ὸν

2074 2810 2208 2879 άφίη
2216 2826 2319 2872 σιν,
2337 2805 2669 2880 παρακαλῶν
2688 2806 2762 2878 μὴ
2776 2805 3105 2876 ὁμοιωθῆναι
3119 2808 3228 2867 τοῖς
3242 2803 3568 2858 καταϐαίνου
3576 2820 3662 2858 σιν

2074 2902 2154 2964 είς
2181 2900 2398 2953 λάκκον·
2419 2902 2477 2952 ὲν
2500 2898 2556 2951 δὲ
2575 2896 2652 2968 τῷ
2673 2896 2876 2968 ὲννάτῳ
2900 2898 2996 2950 καὶ
3020 2897 3247 2968 εἰκοστῷ
3266 2896 3658 2969 κατωρθῶσθαι

2074 2991 2224 3063 αὐτῷ
2244 2992 2312 3045 τά
2331 2992 2429 3061 τῆς
2455 2991 2621 3061 εὐχῆς
2641 2990 2878 3044 διδάσκει
2910 2989 3102 3058 λέγων’
3140 2991 3338 3059 Κύριε,
3365 2990 3661 3059 ἐκέκραξα

2079 3091 2229 3155 πρὸς
2255 3083 2350 3147 σὲ,
2389 3085 2487 3138 καὶ
2517 3083 2666 3139 ιάσω
2692 3100 2789 3154 με·
2822 3083 3064 3151 ἕσωσάς
3084 3102 3162 3156 με
3186 3085 3301 3139 ἀπὸ
3332 3083 3453 3137 τῶν
3477 3101 3661 3137 κατα-

2080 3179 2403 3233 ϐαινόντων
2437 3179 2524 3243 εὶς
2551 3176 2804 3234 λάκκον.
2843 3177 3145 3250 Προσφυῶς
3175 3178 3232 3231 δὲ
3276 3176 3479 3240 λάκκος
3525 3176 3662 3229 ὠνό-

2083 3285 2286 3343 μασται
2323 3268 2383 3324 τὸ
2408 3270 2465 3325 ἐν
2493 3267 2572 3341 τῷ
2595 3270 2695 3341 ᾄδῃ
2717 3269 2825 3323 τῶν
2852 3268 3040 3339 ψυχῶν
3060 3269 3392 3340 οἰκητήριον.
3435 3269 3526 3331 Ὠς
3552 3268 3662 3339 γὰρ

2078 3363 2108 3414 6
2141 3362 2342 3424 λάκκος
2374 3361 2579 3431 δοχεῖόν
2618 3363 2733 3414 ἐστι
2772 3361 2880 3414 τῶν
2921 3360 3125 3414 άνωθεν
3158 3360 3251 3413 καὶ
3288 3358 3349 3425 ἐξ
3381 3358 3550 3429 ὕψους
3580 3361 3662 3422 εἰς

2081 3452 2240 3506 αὐτὸν
2273 3451 2732 3523 καταφερομένων
2762 3451 2987 3505 ὑδάτωψ
3028 3451 3121 3503 τὸν
3146 3451 3306 3505 αὐτὸν
3338 3450 3540 3522 τρόπον
3568 3450 3661 3504 καὶ

2081 3544 2110 3596 6
2137 3542 2231 3597 τοῦ
2260 3543 2491 3597 θανάτου
2519 3544 2717 3615 χῶρος,
2745 3545 2773 3597 6
2804 3543 3138 3616 καλούμενος
3163 3542 3295 3614 ᾅδης
3323 3542 3420 3606 τὰς
3452 3542 3658 3596 ἄνωθεν

2080 3635 2189 3689 ἀπὸ
2218 3635 2312 3689 τοῦ
2342 3634 2448 3688 τῶν
2476 3634 2778 3706 ἀνθρώπων
2818 3635 2935 3706 βίου
2969 3638 3048 3698 είς
3080 3634 3241 3688 αὐτὸν
3280 3633 3659 3705 καταφερομέ-

2082 3743 2178 3790 va;
2201 3725 2379 3798 ψυχάς
2410 3726 2822 3798 ὑποδεχόμενος,
2868 3725 3163 3799 προσφυῶς
3204 3726 3406 3789 λάκκος
3439 3727 3656 3797 ὠνόμα-

2084 3834 2229 3872 σται.
2284 3816 2600 3890 Παρακαλεῐ
2643 3817 2823 3871 τοίνυν
2867 3819 2941 3890 μὴ
2994 3818 3417 3890 συνελιωσθῆυαι
3452 3822 3534 3884 εἰς
3570 3820 3659 3875 τὸν

2082 3909 2446 3982 δεδηλωμένον
2470 3910 2692 3964 λάκκον.
2719 3909 2887 3966 Τοῦτο
2907 3910 2984 3974 δὲ,
3009 3911 3193 3981 φησιν,
3216 3909 3390 3973 ἔσται,
3408 3913 3457 3964 εἰ
3476 3912 3657 3981 ὅμοιος

2083 4001 2343 4072 γενοίμην
2366 4004 2480 4066 τοῖς
2499 4002 2704 4065 λοιποῖς
2728 4001 3035 4074 ἀνθρώποις
3061 4004 3174 4066 τοῖς
3204 4002 3279 4073 μὴ
3309 4003 3660 4074 εἰσακουομέ-

2082 4111 2194 4159 νοις
2215 4095 2320 4147 ὑπὸ
2340 4094 2453 4147 σοῦ·
2477 4094 2506 4147 ὃ
2528 4094 2592 4164 δὴ
2616 4097 2840 4165 σημεῖον
2863 4095 3118 4165 τυγχάνει
3136 4095 3235 4165 τῆς
3269 4095 3365 4166 σῆς
3394 4096 3658 4166 ἀποστρο-

2086 4189 2214 4258 φῆς.
2255 4188 2399 4241 Ἀντὶ
2424 4187 2481 4241 δὲ
2516 4186 2631 4240 τοῦ·
2667 4186 2764 4256 Μὴ
2797 4186 3275 4256 παρασιωπήσῃς
3300 4188 3402 4251 ἀπ’
3428 4188 3596 4257 ἐμοῦ,
3627 4190 3657 4242 δ

2086 4280 2401 4351 Σύμμαχος,
2418 4279 2503 4349 μὴ
2531 4279 2794 4350 σιγήσῃς
2818 4279 2885 4345 ἐξ
2908 4279 3073 4349 ἐμοῦ,
3100 4281 3251 4350 φησί’
3276 4282 3509 4352 μήποτε,
3534 4282 3656 4351 ἡσυ-

2083 4372 2349 4443 χάσαντός
2378 4389 2471 4425 σου
2496 4371 2696 4426 ἄποθεν
2723 4389 2845 4443 μου,
2874 4371 3126 4445 ὁμοιωθῶ
3156 4375 3267 4437 τοῖς
3296 4373 3655 4427 καταϐαίνου-

2085 4479 2171 4516 σιν
2198 4465 2278 4526 ei;
2302 4464 2522 4517 λάκκον.

2151 4554 2272 4606 Ὅτι
2303 4554 2374 4606 οὐ
2407 4551 2685 4620 συνῆκαν
2709 4556 2797 4621 εὶς
2823 4555 2894 4609 τὰ
2919 4555 3063 4625 ἔργα
3090 4556 3329 4624 Κυρίου,
3358 4555 3456 4611 καὶ
3481 4559 3568 4623 εἰς
3586 4553 3655 4608 τὰ

2077 4645 2221 4712 ἔργα
2255 4641 2373 4696 τῶν
2404 4643 2620 4713 χειρῶν
2656 4645 2863 4709 αὐτοῦ,
2894 4646 3166 4713 καθελεῐς
3194 4647 3434 4713 αὐτοὺς,
3458 4647 3558 4712 καὶ
3586 4648 3655 4700 οὐ

2072 4733 2159 4803 μὴ
2197 4733 2612 4803 οἰκοδομήσας
2645 4736 2885 4801 αὐτούς.
2937 4735 3113 4805 Ἔργα
3147 4734 3203 4788 δὲ
3246 4735 3454 4807 Κυρίου
3485 4734 3654 4797 εἴποις

2079 4825 2145 4879 ἂν
2184 4825 2283 4897 τὴν
2326 4825 2434 4879 τῶν
2463 4826 2705 4899 γενητῶν
2737 4827 2953 4882 πάντων
2986 4828 3302 4892 ὑπόστασιν,
3340 4827 3464 4881 καθ’
3493 4827 3560 4898 ἢν
3598 4826 3653 4892 ἐξ

2081 4917 2183 4970 οὐκ
2206 4916 2375 4970 ὄντων
2406 4920 2486 4981 εἰς
2530 4919 2591 4971 τὸ
2631 4915 2767 4972 εἶναι
2810 4919 2879 4973 τὰ
2919 4921 3095 4973 πάντα
3125 4921 3442 4991 παρήγαγεν
3482 4919 3512 4971 6
3550 4917 3652 4971 τῶν

2085 5008 2302 5062 πάντων
2322 5009 2550 5082 ποιητὴς
2579 5010 2729 5075 Θεὸς
2762 5011 2897 5083 ἔργα
2927 5011 2985 5064 δὲ
3008 5011 3206 5082 χειρῶν
3235 5010 3394 5065 αὐτοῦ
3425 5008 3523 5081 τὴν
3550 5009 3650 5062 τῶν

2083 5099 2391 5169 γενομένων
2433 5101 2717 5174 διοίκησιν,
2771 5104 2892 5157 καθ’
2940 5104 3007 5175 ἢν
3055 5106 3272 5176 προνοεῖ
3315 5104 3410 5157 καὶ
3460 5102 3628 5155 διέπει

2084 5190 2325 5265 ὡσπερεὶ
2364 5193 2522 5264 χερσὶ
2554 5197 2676 5257 ταῖς
2726 5194 2918 5248 ἑαυτοῦ
2964 5199 3349 5269 προνοητικαῖς
3395 5195 3628 5266 δυνάμεσ

2084 5281 2450 5355 διακυϐερνῶν
2476 5284 2545 5338 τὰ
2569 5286 2767 5340 πάντα.

2155 5374 2498 5444 Εὐλογητὸς
2538 5379 2571 5431 ό
2609 5377 2772 5445 Θεὸς,
2817 5378 2907 5434 ὅτι
2947 5382 3271 5451 elo-ﬁxa-“
3312 5379 3422 5449 τῆς
3451 5376 3649 5451 φωνῆς

2084 5466 2194 5537 τῆς
2218 5467 2482 5537 δεήσεώς
2512 5486 2647 5539 μου.
2694 5473 2911 5539 Κύριος
2946 5473 3175 5540 βοηθός
3197 5491 3316 5543 μου
3350 5474 3447 5526 καὶ
3475 5476 3645 5538 ὑπερ-

2084 5559 2393 5629 ασπιστής
2429 5579 2570 5630 μου·
2602 5561 2697 5617 ἐπ’
2724 5563 2883 5631 αὐτῷ
2911 5563 3177 5633 ἤλπισεν
3204 5566 3244 5635 ἡ
3280 5564 3488 5634 καρδία
3508 5578 3613 5634 μοι.

487 5738 553 5771 ³³⁸
582 5737 692 5795 Jer.
729 5756 822 5807 vn,
846 5740 936 5795 23.
1015 5736 1236 5794 "tPsal.
1276 5756 1423 5809 xxvi,
1456 5737 1542 5793 15.
1619 5738 1665 5771 ⁸⁸
1693 5736 1716 5795 l
1742 5738 1870 5795 Cor.
1899 5738 2101 5806 11,27.
2153 5743 2227 5818 _"
2255 5741 2395 5800 Psal.
2428 5759 2574 5815 xxxv,
2602 5748 2655 5802 4.

2925 5837 3153 5862 ax...‘
