3940 6292
178 325 324 382 249

1387 329 1890 386 COMMENTARIA
1931 329 1996 384 IN
2037 330 2374 388 PSALMOS.

3388 338 3493 396 250

185 441 318 493 θεαὶ
347 441 710 511 ἐϐοηθήθην.
747 443 854 497 Kal
885 443 1177 498 ἁνέθαλεν
1209 445 1246 511 ἡ
1277 441 1432 510 σάρξ
1455 460 1594 511 μου,
1627 440 1724 495 καὶ
1744 441 1804 494 ἐκ

1917 451 1998 496 tus
2037 459 2174 496 sum.
2217 441 2285 495 Et
2317 443 2556 510 reﬂoruit
2588 459 2712 498 caro
2745 463 2880 510 nica,
2914 457 2963 502 et
2989 465 3053 503 ex
3082 449 3349 504 voluntate
3379 467 3492 505 mea

187 534 557 604 θελήματος
577 553 698 604 μου
722 533 1238 606 ἐξομολογήσομαι
1265 533 1442 598 αὐτῷ.
1481 535 1538 586 ὐ
1569 532 1802 604 ἀψευδὴς

195 626 376 688 θεὸς,
425 626 790 697 πιστούμενος
839 625 1032 679 ἑαυτοῦ
1083 626 1181 690 τὰς
1228 625 1582 698 ὑποσχέσεις,
1630 625 1698 678 δι’
1730 618 1804 676 ὧν

199 716 562 784 ἐπήγγελται
597 717 790 786 λέγων’
821 719 944 772 Ἔτι
979 717 1316 782 λαλοῦντός
1341 733 1456 770 σου
1482 715 1612 784 ἐρῶ·
1649 715 1804 770 Ἰδοὺ

199 807 486 876 πάρειμιο
517 807 592 872 ὼς
619 809 785 877 ἐγγὺς
817 807 986 872 ἑστὼς
1013 809 1120 862 τῶν
1147 807 1404 879 καθαρῶς
1433 807 1592 861 αὐτὸν
1612 809 1804 860 ἐπικα-

199 899 528 968 λουμένων,
569 901 664 954 καὶ
705 901 779 964 ὡς
817 902 878 953 οὐ
917 901 1104 972 πόρρω
1141 901 1420 971 τυγχάνων
1444 901 1537 952 τοῦ
1563 898 1632 951 τὰ
1663 917 1806 972 πρα-

201 987 412 1058 χθέντα
471 990 888 1064 [προλεχθὲντα]
949 991 1260 1062 δεηθέντος,
1321 995 1554 1064 ἐπήκοον
1617 992 1806 1045 ἑαυτὸν

205 1081 466 1152 παρέσχε
503 1087 622 1146 ταῖς
665 1084 1076 1155 προλεχθείσαις
1111 1084 1429 1155 ἱκετηρίαις.
1475 1079 1587 1136 Εἶθ’
1619 1083 1806 1153 ὥσπερ

209 1178 444 1244 σημεῖον
497 1176 682 1230 δίδωσι
731 1177 820 1230 διὰ
868 1177 960 1230 τοῦ
1007 1175 1344 1248 προφητικοῦ
1388 1176 1698 1246 πνεύματος
1737 1177 1801 1246 τῇ

207 1269 300 1322 τοῦ
322 1269 624 1340 δεηθέντος
641 1271 810 1342 ψυχῇ,
847 1271 975 1342 περὶ
1011 1270 1104 1323 τοῦ
1137 1267 1486 1340 εἰσηκοῦσθαι
1516 1269 1706 1338 αὐτήν.
1743 1267 1806 1320 Ἡ

209 1361 284 1424 δὲ,
341 1363 782 1433 συναισθομένη,
835 1361 1157 1434 μεταϐάλλει
1213 1361 1309 1432 μὲν
1357 1359 1456 1424 τὰς
1503 1358 1806 1429 ἱκετηρίους

211 1455 396 1522 φωνὰς
445 1458 536 1519 είς
579 1455 947 1528 εὐχαριστίαν,
995 1453 1290 1523 ἐγνωκέναι
1333 1453 1388 1505 δὲ
1429 1452 1678 1522 ὁμολογεῖ
1707 1451 1806 1522 τὴν

1908 531 2193 602 conﬁtebor
2236 535 2303 587 ei.
2357 532 2500 588 Deus
2543 535 2814 590 mendacii
2862 555 3078 608 expers,
3119 547 3176 594 ut
3220 541 3493 610 promissa

1909 637 2006 676 sua
2029 625 2312 678 conﬁrmet
2331 623 2417 678 his
2439 623 2623 680 verbis
2648 641 2932 695 expressa,
2968 630 3151 684 Adhuc
3176 641 3222 684 te
3254 632 3494 702 loquente

1907 711 2108 768 dicam:
2141 711 2273 767 Ecce
2303 713 2492 768 adsum
2521 715 2593 780 δε,
2625 723 2812 785 utpote
2833 719 2925 787 qui
2959 735 3124 790 prope
3147 723 3217 774 sit
3240 723 3494 777 omnibus

1907 803 2000 871 qui
2025 819 2083 856 se
2109 819 2248 873 puro
2271 805 2436 860 corde
2461 807 2744 870 invocant,
2775 815 2828 862 et
2849 825 2960 862 non
2989 813 3183 879 procul
3209 813 3280 866 sit
3310 815 3491 883 coqui

1909 911 2074 964 supra
2107 896 2253 952 dicto
2288 903 2396 952 ritu
2430 900 2736 970 supplicat;
2761 903 3062 970 prtemissis
3095 904 3492 973 deprecationi-

1907 989 2010 1044 bus
2061 1005 2120 1044 se
2167 992 2462 1060 pr0pilium
2521 993 2786 1047 exhibuit.
2822 992 3028 1050 Deinde
3074 1013 3204 1051 vero
3239 1015 3333 1066 per
3359 1015 3490 1068 pro-

1907 1081 2180 1150 pheticum
2230 1083 2482 1152 spiritum
2536 1086 2870 1155 supplicanti
2915 1087 3111 1142 anima:
3144 1103 3242 1142 ceu
3279 1091 3492 1159 signum

1907 1171 2021 1238 dat,
2053 1189 2161 1243 quo
2193 1189 2252 1228 se
2281 1176 2593 1230 exauditam
2627 1177 2798 1234 fuisse
2833 1181 3063 1234 noverit.
3099 1179 3194 1234 llla
3227 1197 3354 1236 vero
3378 1183 3491 1236 haec

1908 1263 2374 1332 animadvertens,
2407 1268 2682 1338 supplices
2711 1285 2871 1324 voces
2903 1270 2957 1323 in
2986 1271 3284 1342 gratiarum
3320 1274 3490 1326 actio-

1907 1371 2032 1410 nem
2062 1357 2352 1422 convertit,
2399 1373 2463 1412 ac
2513 1359 2836 1414 beneﬁcium
2891 1361 2996 1416 sibi
3030 1362 3288 1416 collatum
3325 1378 3488 1434 agno-

1909 1463 2062 1502 scere
2088 1463 2146 1503 se
2170 1449 2480 1503 confitetur.
2514 1449 2880 1515 Quamobrem
2915 1452 3013 1516 ait,
3043 1451 3357 1507 Benedictus
3381 1454 3490 1509 Do-

213 1545 526 1616 γενομὲνην
575 1547 712 1616 αὐτῇ
763 1543 1100 1615 εὐεργεσίαν·
1136 1544 1214 1596 διό
1249 1560 1428 1614 φησιν·
1461 1541 1804 1611 Εὐλογητὸς

1911 1539 2106 1606 minus,
2155 1541 2404 1610 quoniam
2437 1541 2704 1594 exaudivit
2739 1559 2909 1596 vocem
2927 1541 3305 1612 deprecationis
3341 1562 3489 1600 mete.

195 1638 450 1705 ἧὶὶριες,
507 1637 598 1690 ὅτι
631 1637 956 1705 eloquence
997 1635 1108 1704 τῆς
1145 1633 1348 1704 φωνῆς
1392 1633 1501 1703 τῆς
1543 1633 1804 1700 δεήσεως

1911 1631 2166 1685 Dominus
2217 1632 2433 1702 adjutor
2465 1649 2610 1686 meus
2663 1643 2711 1686 et
2756 1643 3022 1702 protector
3065 1651 3209 1689 meus
3244 1651 3261 1688 :
3293 1637 3348 1688 in
3381 1637 3492 1706 ipso

169 1746 328 1796 μου·
395 1731 632 1797 Κύριος
677 1731 908 1798 βοηθός
925 1747 1043 1798 μου
1094 1731 1191 1782 καὶ
1237 1727 1628 1794 ὑπασπιστής
1661 1745 1801 1796 μου,

1911 1727 2134 1792 sperauit
2171 1741 2262 1778 cor
2291 1742 2484 1789 meum,
2515 1735 2564 1780 et
2593 1725 2808 1795 adjutus
2849 1744 2987 1780 sum.
3028 1726 3307 1783 Sentiebat
3345 1731 3490 1784 enim

168 1821 274 1874 ἐπ’
325 1819 518 1890 αὐτῷ
569 1820 836 1890 ἤλπισεν
886 1823 926 1890 ἡ
983 1821 1200 1888 καρδία
1240 1838 1382 1888 μου,
1423 1820 1521 1874 καὶ
1559 1818 1804 1886 ἐϐοηθή-

1911 1816 2186 1872 dexteram
2219 1815 2311 1872 Dei
2338 1825 2645 1888 porrectam
2674 1819 2798 1882 sibi,
2822 1820 3130 1888 patrocinio
3164 1836 3306 1884 esse,
3341 1829 3397 1874 ut
3427 1835 3491 1875 ne

167 1915 322 1979 θην.
369 1911 694 1982 Συνῂσθετο
722 1911 828 1984 γὰρ
861 1911 960 1982 τῆς
994 1911 1171 1976 δεξιᾶς
1197 1909 1292 1962 τοῦ
1317 1909 1448 1962 Θεοῦ
1482 1909 1800 1982 ὲκταθείσης

1911 1910 1962 1963 in
1993 1918 2354 1965 memoratum
2383 1911 2559 1964 lacum
2587 1909 2992 1964 detruderetnr.
3020 1909 3096 1963 Ex
3121 1911 3305 1980 gaudii
3327 1927 3492 1981 porro

173 2003 400 2075 μέχρις
437 2001 624 2072 αὐτῆς
655 2003 748 2056 καὶ
785 2001 1326 2073 ἀντιλαμϐανομένης
1368 2001 1537 2072 αὐτῆς
1569 2001 1706 2072 πρὸς
1743 2003 1804 2056 τὸ

1911 2001 2246 2056 vehementia
2265 2001 2537 2070 Propheta
2561 2017 2669 2055 non
2694 2003 2928 2054 animam
2951 2010 3184 2068 tantum,
3212 2003 3306 2057 sed
3327 2003 3490 2058 etiam

171 2095 252 2164 μὴ
301 2093 776 2165 καθελκυσθῆναι
825 2095 904 2158 εἰς
953 2093 1044 2145 τὸν
1086 2092 1396 2162 δηλωθέντα
1435 2093 1656 2148 λάκκον.
1715 2093 1804 2160 Ἐξ

1911 2107 2123 2145 carnem
2157 2108 2312 2146 suam
2343 2094 2586 2163 gavisam
2627 2101 2681 2148 et
2711 2100 3027 2146 renovatum
3070 2109 3192 2148 esse
3230 2095 3490 2149 testiﬁca-

173 2185 672 2258 ὑπερϐαλλούσης
711 2186 768 2238 δὲ
813 2187 988 2258 χαρᾶς
1031 2187 1059 2239 6
1097 2185 1381 2257 προφήτης
1411 2187 1470 2238 οὐ
1502 2187 1597 2258 τὴν
1628 2186 1803 2258 ψυχὴν

1911 2195 2016 2248 tur,
2051 2185 2121 2239 ob
2159 2201 2311 2256 spem
2353 2185 2501 2238 illam
2543 2185 2744 2240 bonam
2778 2185 2860 2238 vel
2911 2185 3012 2254 ipsi
3063 2187 3281 2256 corpori
3317 2187 3374 2240 in
3405 2201 3488 2240 re-

177 2280 386 2350 μόνον,
425 2277 576 2331 ἀλλὰ
605 2281 700 2331 καὶ
721 2279 820 2350 τὴν
841 2278 1017 2349 σάρκα
1041 2278 1204 2331 αὐτοῦ
1235 2278 1370 2349 φησὶ
1391 2278 1684 2347 γεγηθέναι
1709 2279 1804 2331 καὶ

1911 2278 2253 2332 surrectione
2305 2285 2650 2332 mortuorum
2705 2277 2954 2344 factam;
2987 2295 3157 2348 quare
3188 2279 3395 2342 subdit,
3441 2289 3490 2333 et

175 2371 559 2425 ἀνανεῶσθαι
589 2370 679 2423 διὰ
705 2371 804 2441 τὴν
838 2371 930 2424 καὶ
971 2369 1120 2441 αὐτῷ
1147 2369 1356 2441 σώματι
1389 2370 1804 2440 ἐπηγγελμένην

1911 2369 2144 2437 reﬂoruit
2181 2385 2305 2423 raro
2336 2387 2450 2423 mea
2481 2387 2498 2424 .'
2533 2371 2732 2440 quibus
2767 2381 2820 2426 et
2845 2371 3117 2440 adjunxit,
3140 2381 3190 2425 et
3214 2388 3278 2424 ex
3307 2373 3492 2425 volun-

177 2464 416 2534 ἀγαθὴν
457 2463 659 2518 ἐλπίδα
693 2463 834 2516 κατὰ
863 2463 960 2534 τὴν
987 2461 1096 2515 τῶν
1130 2461 1339 2534 νεκρῶν
1378 2463 1695 2516 ἀνάστασιν·
1726 2461 1804 2515 διὸ

1911 2471 2013 2515 tate
2049 2479 2162 2516 mea
2200 2463 2488 2533 conﬁtebor
2520 2464 2590 2518 ei.
2628 2463 2786 2529 Quod
2833 2465 2967 2517 mihi
3019 2479 3278 2534 perquam
3316 2465 3492 2520 simile

180 2557 472 2625 ὲπιλὲγεν
515 2556 626 2608 Καὶ
689 2555 988 2610 ἀνέθαλεν
1013 2555 1052 2622 ἠ
1079 2553 1236 2622 σάρξ
1263 2571 1418 2624 μουσ
1461 2549 1541 2617 οἷς
1579 2556 1804 2606 ἐπισυν-

1911 2553 2124 2608 videtur
2161 2553 2338 2609 huic:
2381 2555 2690 2610 Voluntarie
2739 2556 3054 2624 sacriﬁcabo
3111 2557 3204 2610 tibi
3224 2556 3292 2610 ⁸⁷.
3349 2555 3494 2612 Loco

183 2646 386 2700 ἅπτει·
408 2645 524 2700 Kal.
537 2647 608 2699 ὲκ
623 2648 726 2698 θελ
735 2645 766 2712 ἡ
767 2646 954 2714 ματος
959 2662 1078 2714 μου
1087 2643 1596 2713 ἑξομολογήσομαι
1623 2643 1802 2710 αὐτῷ·

1911 2656 2091 2700 autem
2125 2646 2256 2702 dicti
2299 2648 2470 2714 illius,
2521 2657 2568 2702 et
2605 2649 2846 2717 reﬂoruit
2894 2666 3018 2702 caro
3067 2666 3202 2716 mea,
3246 2649 3493 2719 Symma-

185 2742 332 2810 Ξτερ
355 2741 558 2809 ὅμοιον
585 2735 724 2791 εἷναί
745 2755 834 2808 μοι
852 2737 999 2790 δοκεῖ
1023 2736 1120 2807 τῷ·
1165 2737 1484 2802 Ἑκουσίως
1503 2739 1665 2790 θύσω
1683 2751 1800 2790 σοι.

1911 2739 2064 2802 chus,
2094 2740 2370 2809 eﬂ'loresce,
2401 2741 2600 2811 inquit,
2633 2759 2724 2795 cor
2749 2758 2948 2806 meum;
2975 2743 3168 2812 Aquila
3203 2757 3352 2808 vero,
3379 2740 3494 2812 glo-

195 2833 354 2887 ‘Av-c't
399 2831 464 2884 δὲ
511 2828 630 2894 τοῦ,
677 2828 776 2883 καὶ
816 2829 1112 2884 ἀνέθαλεν
1155 2831 1195 2898 ἡ
1243 2827 1401 2895 σάρξ
1453 2844 1594 2896 μου,
1634 2829 1662 2880 ὁ
1704 2827 1804 2896 μὲν

195 2925 535 2994 Σύμμαχος,
601 2921 884 2990 ἅνθησαι,
934 2923 1116 2992 φησὶν,
1165 2923 1203 2988 ἡ
1249 2919 1460 2988 καρδιά
1505 2935 1652 2988 μου·
1685 2921 1713 2972 6
1744 2917 1803 2974 δὲ

205 3016 468 3077 Ἀκύλας,
509 3011 906 3085 ἐγαυριάσατο
937 3016 974 3082 ἡ
1017 3013 1234 3081 καρδία
1285 3029 1406 3081 μου
1425 3028 1439 3042 ·
1468 3013 1495 3063 6
1524 3011 1579 3062 δὲ
1612 3010 1802 3064 Θεοδο-

209 3109 350 3172 είων,
395 3107 504 3161 καὶ
552 3107 848 3162 ἀνέθαλεν
889 3109 926 3175 ἡ
973 3105 1188 3174 καρδία
1223 3122 1342 3174 μου
1362 3121 1376 3134 ⁸
1412 3107 1446 3175 ἠ
1481 3103 1538 3156 δὲ
1573 3103 1802 3175 πέμπτη
1833 3169 1870 3184 η

211 3201 438 3265 ἑκδοσις,
481 3200 818 3267 ἐκρατύνθη
873 3199 912 3267 ἠ
945 3198 1158 3266 καρδία
1177 3214 1318 3266 μου.
1352 3196 1464 3250 Καὶ
1493 3195 1654 3249 πάλιν
1683 3197 1802 3249 ἀντι

1905 2833 2103 2884 riatum
2125 2841 2202 2885 est
2251 2849 2342 2884 cor
2393 2849 2594 2896 meum;
2649 2831 2971 2897 Theodmio,
3015 2843 3066 2885 et
3109 2833 3346 2902 reﬂoruit
3398 2849 3488 2884 cor

1905 2939 2108 2985 meum;
2145 2923 2337 2993 quinta
2371 2923 2558 2987 editio,
2587 2924 2896 2977 roboratam
2922 2935 2995 2977 est
3019 2941 3110 2978 cor
3133 2941 3323 2978 meum.
3355 2922 3493 2977 Rur-

1905 3029 2136 3084 sumque
2167 3015 2315 3069 illius
2346 3015 2486 3081 loco,
2528 3031 2593 3070 ea:
2625 3015 2892 3070 voluntate
2935 3033 3050 3070 mea
3088 3015 3373 3086 conﬁtebor
3400 3016 3484 3080 ei,

1907 3105 2291 3178 Symmachus,
2329 3107 2384 3160 in
2411 3109 2635 3162 canticis
2671 3110 2798 3162 meis
2831 3108 3102 3162 celebrabo
3137 3109 3328 3178 ipsum,
3372 3108 3488 3160 edi—

1906 3197 2020 3264 dit;
2050 3197 2248 3266 Aquila
2283 3213 2431 3260 vero,
2467 3206 2517 3250 et
2550 3215 2580 3250 a
2607 3201 2814 3251 cantico
2855 3217 2964 3252 meo
2996 3198 3285 3268 conﬁtebor
3313 3198 3380 3251 ci.

218 3295 312 3358 τοῦ,
367 3295 444 3348 ἐκ
489 3293 827 3364 θελήματος
864 3311 982 3363 μου
1021 3291 1545 3362 ἑξομολογήσομαι
1613 3291 1794 3358 αὐτῷ,
1852 3293 1880 3344 6
1919 3293 2016 3364 μὲν
2045 3293 2359 3364 Σύμμαχος·
2394 3293 2502 3348 Καὶ
2532 3295 2602 3346 ἐν
2636 3295 2814 3361 ᾠδαῖς
2849 3313 2970 3364 μου
2997 3295 3249 3365 ὑμνήσω
3282 3293 3489 3359 αὐτὸν,

222 3387 495 3453 ιξιδωκεν-
527 3388 556 3438 ὁ
581 3387 639 3439 δὲ
679 3385 939 3450 Ἀκύλας,
965 3387 1064 3442 καὶ
1091 3385 1210 3440 ἀπὸ
1240 3383 1505 3453 ᾅσματές
1527 3403 1644 3454 μου
1669 3385 2188 3457 ἐξομολογησομαί
2217 3385 2396 3451 αὐτῷ·

271 3481 500 3548 Κύριος
537 3479 878 3547 κραταίωμα
908 3478 1014 3532 τοῦ
1053 3476 1208 3533 λαοῦ
1241 3479 1448 3542 αὐτοῦ,
1482 3478 1578 3531 καὶ
1619 3479 1801 3546 ὑπερ-

233 3572 523 3641 ασπιστὴς
544 3571 664 3626 τῶν
689 3573 996 3640 σωτηρίων
1020 3575 1126 3626 τοῦ
1155 3573 1413 3641 Χριστοῦ
1442 3573 1627 3627 αὐτοῦ
1648 3561 1798 3626 ἐστι.

236 3667 410 3736 Σαφῶς
436 3662 534 3719 οὖν
557 3669 614 3718 ἐν
639 3665 852 3728 τούτοις
871 3665 964 3718 τοῦ
993 3666 1231 3738 Χριστοῦ
1267 3667 1361 3720 καὶ
1385 3666 1492 3719 τῶν
1526 3666 1616 3719 ὑπ’
1637 3665 1800 3720 αὐτοῦ

226 3759 544 3830 σωζομένων
577 3758 984 3829 ἐμνημόνευσεν
1015 3761 1047 3829 ἡ
1081 3758 1406 3829 προφητεία,
1443 3759 1716 3830 εὐκαίρως
1745 3757 1804 3822 ἐξ

226 3851 336 3914 ἑνὸς
358 3851 454 3903 τοῦ
485 3850 649 3903 Δαυῒδ
677 3851 804 3914 τοὺς
835 3849 1044 3914 πάντας
1083 3849 1559 3921 χαρακτηρίσασα.
1591 3851 1803 3922 ’Ὠσπερ

227 3943 352 4014 γὰρ,
389 3945 574 4013 φησιν,
615 3944 820 3996 ἐκεῖνον
852 3941 1112 4012 δεηθέντα
1137 3941 1360 4004 ἔσωσεν,
1389 3941 1582 4006 οὕτως,
1615 3943 1800 4012 φησὶν,

231 4035 322 4088 καὶ
347 4035 545 4098 παντὸς
569 4035 665 4088 τοῦ
703 4035 834 4088 ἰδίου
863 4033 996 4088 λαοῦ
1027 4033 1356 4106 κραταίωμα
1377 4033 1550 4086 ἔσται.

297 4125 504 4179 Σῶσον
529 4125 637 4180 τὸν
667 4129 821 4180 λαόν
847 4142 984 4190 σου,
1017 4125 1114 4179 καὶ
1143 4125 1486 4194 εὐλόγησον
1517 4123 1632 4192 τὴν
1659 4127 1806 4194 κλη-

236 4217 508 4286 ρονομίαν
526 4232 664 4279 σου,
688 4217 782 4270 καὶ
803 4217 1097 4284 ποίμανον
1110 4215 1331 4280 αὐτοὺς
1347 4215 1444 4268 καὶ
1460 4213 1686 4282 ἔπταρον
1702 4217 1778 4268 αὐ
1789 4247 1810 4262 ..

237 4305 368 4372 τοὺς
387 4307 494 4372 ἕως
511 4307 618 4360 τοῦ
643 4305 878 4372 αἰῶνος.
899 4305 1033 4358 Ποία
1048 4306 1106 4360 δὲ
1121 4304 1214 4358 τοῦ
1231 4304 1469 4376 Χριστοῦ
1491 4307 1523 4376 ἡ
1547 4306 1647 4376 κλη
1659 4323 1806 4376 ρονο-

243 4397 332 4467 μία
371 4398 638 4451 δείκνυται
678 4400 737 4450 ὲν
768 4397 848 4468 τῷ
876 4397 1112 4468 δευτέρῳ
1127 4396 1326 4468 ψαλμῷ
1345 4415 1358 4426 ·
1396 4397 1651 4465 Αἵτησαι
1673 4398 1803 4469 γὰρ,

241 4491 409 4557 φησὶν,
423 4491 520 4544 καὶ
540 4489 712 4543 δώσω
731 4503 828 4542 σοι
841 4489 984 4558 ἔθνη
1000 4490 1114 4558 τὴν
1133 4490 1544 4558 κληρονομίαν
1565 4491 1806 4556 comica),

243 4581 346 4646 τὴν
365 4582 734 4653 κατάσχεσιν
766 4597 882 4636 σου
914 4582 987 4636 τὰ
1017 4583 1245 4650 πέρατα
1267 4582 1520 4652 τῆς-γῆς.
1545 4583 1657 4635 Οὐκ
1671 4582 1736 4636 ἂν
1751 4582 1807 4634 δὲ

243 4673 492 4744 ἁμάρτοις
519 4677 616 4729 καὶ
647 4677 774 4738 τούς
807 4677 864 4728 ἐν
895 4674 972 4745 τῷ
1004 4676 1254 4748 προτέρῳ
1283 4675 1398 4746 λαῷ
1429 4674 1692 4744 θεοφιλεῖς
1713 4675 1807 4728 καὶ

1979 3479 2146 3536 Vens.
2178 3479 2232 3534 8.
2265 3481 2522 3534 Dominus
2555 3479 2828 3554 fortitudo.
2846 3481 3012 3549 plebis
3049 3497 3182 3544 suw,
3224 3496 3272 3535 et
3312 3493 3490 3551 proter

1907 3582 2022 3626 ctor
2049 3573 2408 3626 salvationum
2445 3572 2646 3626 Christi
2676 3574 2760 3626 sui
2789 3585 2887 3626 est.
2921 3572 3018 3626 llic
3044 3585 3229 3642 aperte
3257 3575 3492 3644 prophe-

1909 3666 1980 3718 tia
2013 3663 2292 3720 Christum
2323 3673 2378 3718 et
2415 3681 2510 3720 eos
2539 3665 2632 3734 qui
2663 3665 2812 3718 illius
2845 3679 2946 3733 ope
2977 3665 3210 3718 salutem
3242 3665 3492 3720 obtinent

1908 3760 2250 3822 memoravit,
2283 3767 2700 3828 opportuneque
2741 3773 2834 3826 per
2880 3773 3046 3810 unum
3080 3755 3336 3812 Davidcm
3369 3759 3492 3812 uui-

1905 3867 2098 3906 versos
2147 3851 2421 3920 exprimit.
2473 3849 2628 3904 Sicut
2666 3850 2832 3910 enirn,
2876 3849 3074 3918 inquit,
3106 3849 3489 3918 deprecantem

1907 3945 2084 4014 ipsum
2132 3944 2390 4006 servavit,
2425 3943 2501 3995 ita
2541 3945 2708 3996 totius
2741 3941 2846 3995 sibi
2881 3942 3084 4011 proprii
3115 3941 3301 4011 populi
3336 3941 3492 3997 forti-

1909 4037 2041 4090 tudo
2070 4035 2196 4090 erit.

1978 4127 2144 4184 Vsus.
2177 4127 2230 4182 9.
2280 4125 2499 4182 Saluum
2543 4125 2630 4194 fac
2675 4125 2926 4194 populum
2964 4135 3134 4188 tuum,
3189 4136 3237 4180 et
3273 4125 3488 4182 benedic

1908 4219 2206 4270 Ittareditati
2238 4227 2362 4272 tuae.
2393 4227 2442 4270 et
2469 4232 2623 4286 pasce
2650 4233 2737 4269 eos
2773 4226 2822 4270 et
2846 4216 3040 4270 extolle
3072 4217 3192 4270 illos
3225 4233 3390 4287 usque
3433 4219 3490 4270 in

1909 4325 2182 4366 arternum.
2210 4309 2468 4376 Quaenam
2503 4311 2574 4362 sit
2602 4307 2805 4364 Christi
2841 4309 3130 4363 hmreditas
3161 4310 3215 4362 in
3245 4310 3491 4364 secundo

1909 4405 2119 4474 psalmo
2161 4403 2500 4467 declaratur;
2537 4416 2686 4465 nam,
2733 4399 2958 4454 Postula
3001 4417 3035 4454 a
3069 4418 3167 4462 me,
3217 4401 3411 4471 inquit,
3437 4411 3488 4454 et

1909 4497 2044 4550 dabo
2077 4496 2170 4549 tibi
2217 4503 2390 4565 gentes
2425 4493 2786 4547 [nereditatem
2823 4502 2990 4555 tuam,
3029 4504 3076 4547 et
3111 4495 3488 4560 possessionem

1911 4600 2058 4642 tuam
2109 4589 2357 4642 terminos
2407 4595 2562 4640 terra:
2584 4587 2648 4638 ⁵³,
2688 4584 2874 4655 Neque
2904 4601 2932 4638 a
2962 4601 3091 4640 vero
3119 4585 3484 4647 aberraveris,

1911 4681 1956 4736 si
1991 4681 2277 4750 religiosos
2309 4679 2433 4734 illos
2461 4679 2516 4732 in
2550 4677 2716 4748 priori
2751 4677 2950 4746 populo
2975 4679 3143 4738 Viros,
3171 4675 3486 4744 praphetas,

243 4767 508 4836 προφήτας
543 4766 639 4818 καὶ
672 4766 914 4831 δικαίους
951 4766 1150 4837 ἄνδρας
1186 4768 1287 4838 τῆς
1319 4767 1414 4820 τοῦ
1449 4767 1684 4840 Χριστοῦ
1711 4785 1804 4836 γε-

1911 4781 1964 4825 et
1993 4772 2196 4840 justos,
2230 4769 2296 4823 ad
2330 4769 2536 4824 Christi
2574 4767 2943 4823 luereditatem
2975 4766 3306 4836 pertinuisse
3336 4765 3491 4830 dixe-

243 4855 442 4918 γονέναι
481 4857 846 4929 κληρονομίας
882 4858 1070 4922 εἰπὼν,
1105 4861 1200 4912 καὶ
1235 4859 1340 4914 τῶν
1371 4864 1679 4929 σωτηρίων
1709 4863 1808 4915 αὐ-

245 4943 332 4996 τοῦ
379 4947 790 5018 μετεσχηκέναι.
820 4947 954 5002 Οὐδὲ
977 4949 1085 5022 γὰρ
1113 4951 1180 5004 τὰ
1216 4951 1393 5022 πλήθη
1420 4954 1658 5016 καὶτοὺς
1679 4955 1810 5006 ἁνα-

248 5034 364 5103 ξίως
393 5041 802 5114 παραϐαλόντας
831 5045 896 5114 τῇ
937 5043 1231 5116 Ἐκκλησία
1259 5043 1352 5096 τοῦ
1379 5043 1514 5097 Θεοῦ
1543 5047 1808 5118 προσήκει

247 5127 364 5183 λαὸν
393 5134 708 5205 ἀποφαίνειν
743 5133 930 5200 αὐτοῦ,
965 5133 1079 5188 ἀλλ’
1117 5135 1149 5206 ἢ
1184 5136 1359 5205 μόνως
1392 5136 1518 5199 τοὺς
1550 5138 1810 5208 ἀρεσκόν-

249 5235 348 5287 τως
373 5225 511 5296 αὑτῷ
545 5225 816 5298 βιοῦντας,
860 5228 987 5296 περὶ
1020 5219 1096 5280 ὧν
1132 5227 1274 5280 εἴποι
1317 5227 1410 5280 ἄν·
1441 5229 1552 5281 Καὶ
1591 5229 1804 5299 ἔσομαι

252 5313 430 5368 αὐτῶν
461 5317 624 5384 Θεὸς,
668 5317 766 5370 καὶ
799 5317 967 5370 αὐτοὶ
1001 5317 1247 5370 ἔσονταί
1269 5335 1370 5385 μοι
1399 5321 1568 5383 λαός.
1593 5347 1659 5356 ——
1695 5320 1806 5373 Kal

255 5405 526 5474 ποίμανον
567 5409 813 5475 αὐτοὺς,
871 5408 968 5461 καὶ
1012 5409 1240 5478 ἕπαρον
1282 5409 1391 5475 ἕως
1426 5409 1532 5463 τοῦ
1569 5409 1802 5478 αἰῶνος.

259 5493 513 5567 Ποιμαίνει
532 5500 589 5554 δὲ
609 5501 808 5563 αὐτοὺς
834 5499 1087 5564 ἐνταῦθα,
1112 5501 1209 5572 τὴν
1237 5499 1411 5570 ψυχὴν
1449 5501 1614 5553 αὐτοῦ
1637 5500 1806 5564 τιθεὶς

257 5586 381 5660 ὑπὲρ
406 5589 600 5660 αὐτῶν,
630 5593 708 5656 ὥς
737 5608 902 5662 φησιν
920 5591 1392 5661 οὲνἙύαγγελίοις·
1439 5593 1490 5645 '0
1523 5594 1744 5663 ποιμὴν
1773 5597 1805 5647 ό

345 5743 388 5778 ⁸³
413 5745 512 5804 lsa.
545 5763 706 5811 Lvut,
732 5745 786 5802 9.
849 5747 891 5779 ⁸⁷
921 5745 1066 5804 Psal.
1091 5763 1208 5813 Lm,
1229 5747 1288 5836 .8.
1368 5749 1412 5780 ⁵⁸
1437 5747 1579 5805 Psal.
1619 5765 1675 5816 ιι,
1707 5753 1759 5804 8.

1909 4865 2006 4927 ris,
2033 4871 2196 4932 atque
2227 4863 2584 4915 salrationum
2613 4861 2734 4930 ejus
2759 4860 3052 4929 participes
3079 4857 3269 4912 fuisse.
3301 4856 3490 4927 Neque

1907 4955 2316 5010 multitudinem
2361 4954 2567 5024 populi,
2617 4968 2682 5008 ac
2713 4969 2808 5008 eos
2844 4953 2936 5020 qui
2971 4950 3195 5020 indigne
3229 4949 3490 5006 Ecclesia:

1905 5046 2004 5101 Dei
2055 5054 2432 5112 accesserunt,
2489 5045 2752 5116 populum
2807 5045 2929 5113 ejus
2983 5042 3342 5112 pronuntiare
3392 5057 3492 5112 par

1907 5140 2040 5204 fuit;
2072 5140 2164 5195 sed
2198 5141 2375 5195 solum
2412 5155 2507 5194 eos
2549 5138 2640 5208 qui
2693 5138 2796 5208 ipsi
2831 5135 3116 5206 probatam
3150 5141 3203 5188 et
3235 5135 3490 5203 placitam

1906 5232 2075 5285 vitam
2116 5231 2414 5292 duxerunt,
2440 5231 2508 5285 de
2537 5230 2739 5299 quibus
2775 5228 2892 5297 ipse
2924 5225 3123 5280 dixerit
3156 5244 3168 5279 :
3207 5224 3318 5278 Ero
3365 5225 3489 5278 illo-

1911 5343 2028 5380 rum
2045 5326 2208 5390 Deus,
2229 5335 2275 5378 et
2302 5325 2401 5392 ipsi
2423 5333 2577 5377 erunt
2589 5321 2716 5376 mihi
2729 5321 2954 5390 populus
2973 5321 3118 5374 ".—
3135 5318 3202 5372 Et
3223 5334 3380 5387 pasce
3401 5335 3484 5371 eos

1913 5427 1962 5472 et
1985 5417 2179 5472 extolle
2210 5417 2331 5470 illos
2365 5431 2526 5484 usque
2563 5415 2618 5467 in
2649 5423 2920 5468 wternum.
2955 5411 3056 5466 Hic
3089 5419 3269 5466 autem
3312 5409 3494 5480 pascit

1911 5509 2056 5573 illos,
2080 5508 2171 5578 qui
2199 5507 2438 5559 animam
2475 5519 2628 5558 suam
2665 5519 2764 5574 pro
2789 5503 2858 5587 iis
2885 5503 3088 5573 posuit,
3132 5511 3190 5556 ut
3219 5502 3274 5556 in
3310 5501 3490 5555 Evan-

1911 5595 2066 5663 geliis
2106 5593 2180 5646 ait
2213 5611 2224 5644 :
2257 5591 2436 5646 Bonus
2485 5601 2671 5662 pastor
2719 5593 2952 5648 animam
2993 5607 3145 5647 suam
3199 5591 3346 5662 ponit
3391 5605 3488 5660 pro

1835 5749 1880 5781 '9
1907 5747 2106 5803 Jerem.
2141 5763 2236 5816 vn,
2265 5747 2356 5802 23.
