3940 6292
504 366 600 421 251

1207 363 1475 420 EUSEBII
1513 352 1993 422 CIESARIENSIS
2028 361 2180 418 OPP.
2215 360 2395 417 PARS
2435 360 2521 416 III.
2561 392 2631 402 —
2656 359 3061 417 EXEGETICA.

3624 361 3727 415 ξω

498 485 676 541 ovibus
701 487 772 556 ⁶⁰;
809 504 872 543 ac
902 505 1119 545 rursum
1158 509 1170 545 τ
1208 490 1338 545 Oves
1392 508 1520 545 mea:
1564 507 1735 545 vocem
1770 507 1938 545 meam
1966 507 2058 543 au-

2165 487 2351 554 καλός
2388 487 2500 555 τὴν
2526 487 2739 557 ψυχὴν
2765 487 2950 542 αὑτοῦ
2989 488 3226 555 τίθησιν
3257 485 3409 554 ὑπὲρ
3440 484 3560 538 τῶν
3586 497 3726 551 προ-

493 572 649 632 diunt
679 578 758 646 “;
808 580 1117 652 iterumque
1155 601 1168 637 :
1211 581 1319 637 Ero
1358 583 1623 637 vobiscum
1654 599 1814 654 usque
1843 582 1912 637 ad
1941 600 2067 636 con-

497 674 900 727 summationem
967 676 1150 729 saeculi
1180 675 1247 730 ⁸⁸.
1306 675 1367 730 ln
1429 684 1672 746 tempore
1733 684 1912 731 autem
1970 691 2066 745 op-

502 771 734 833 portuno
788 765 935 836 ipsas
985 766 1043 820 in
1095 766 1331 823 sublime
1374 766 1581 834 elatas,
1627 765 1838 822 cmlesti
1898 781 2066 836 regno

502 855 749 914 donabit.

845 987 1166 1045 PSALMUS
1194 990 1401 1045 DAVID
1441 990 1681 1046 XXVIII.

979 1101 1040 1157 In
1067 1104 1210 1157 exitu
1243 1103 1591 1159 tabernaculi.

561 1211 731 1270 Vens.
768 1216 820 1281 1,
851 1215 905 1271 2.
932 1217 1132 1286 Afferte
1154 1216 1404 1282 Domino,
1453 1217 1554 1279 ﬁlii
1590 1216 1708 1279 Dei,
1734 1216 1919 1285 afferte
1955 1214 2062 1269 Do-

497 1307 637 1359 mino
665 1305 809 1375 ﬁlios
832 1307 1079 1362 arietant.
1127 1308 1325 1376 Alferte
1355 1306 1584 1361 Domino
1626 1306 1853 1377 gloriam
1885 1314 1935 1359 et
1969 1306 2062 1359 Ito-

497 1411 692 1456 oorem,
726 1395 909 1465 afferte
934 1394 1157 1450 Domino
1187 1396 1413 1466 gloriam
1447 1395 1648 1449 nomini
1675 1395 1812 1463 ejus,
1844 1394 2063 1450 adorate

2167 580 2373 634 ϐάτων·
2404 581 2497 633 καὶ⁹
2522 579 2701 633 πάλιν·
2733 579 2808 634 Τὰ
2834 582 2946 649 ἐμὰ
2976 583 3237 651 πρόϐατα
3262 577 3369 645 τῆς
3392 575 3595 647 φωνῆς
3614 592 3727 643 μου

2165 672 2396 725 ἀκούειο
2442 672 2535 724 καὶ
2576 671 2769 724 πάλιν·
2807 674 3062 741 Ἕσομαι
3088 671 3217 741 μεθ’
3264 667 3431 739 ὑμῶν
3473 667 3582 732 ἕως
3622 665 3725 733 τῆς

2164 763 2520 829 συντελείας
2549 761 2655 815 τοῦ
2682 760 2912 829 αἰῶνος·
2943 762 3118 835 καιρῷ
3138 763 3193 814 δὲ
3215 759 3503 830 ἐπιτηδείῳ
3524 757 3727 827 ἐπάρας

2164 853 2359 917 αὐτοὺς
2396 856 2474 916 εἰς
2504 851 2656 922 ὕψος,
2682 853 2782 924 τῆς
2801 852 3049 924 οὐρανίου
3080 850 3354 922 βασιλείας
3383 842 3725 911 καταξιώσει.

2553 988 2838 1042 ΨΑΛΜΟΣ
2867 989 2952 1040 ΤΩ
2980 987 3178 1040 ΔΑΥΙΔ
3204 987 3342 1039 KH'.

2607 1096 2870 1161 Ἐξοδίου
2903 1095 3140 1165 σκηνῆς
3183 1097 3283 1165 (1).

2247 1206 2551 1277 Ἐνέγκατε
2592 1206 2672 1273 τῷ
2714 1207 2927 1276 Κυρίῳ,
2967 1206 3082 1261 υἱοὶ
3127 1205 3294 1272 Θεοῦ,
3335 1203 3618 1274 ἐνέγκατε
3654 1201 3730 1267 τῷ

2164 1296 2355 1362 Κυρίῳ
2382 1295 2548 1361 υἱοὺς
2585 1294 2782 1363 κριῶν.
2825 1294 3137 1365 Ἐνέγκατε
3185 1292 3264 1359 τῷ
3304 1294 3500 1361 Κιφίῳ
3546 1291 3728 1354 δόξαν

2163 1385 2259 1439 καὶ
2322 1384 2518 1455 τιμήν·
2587 1386 2893 1456 Ἐνέγκατε
2959 1384 3039 1450 τῷ
3101 1386 3294 1454 Κυρίῳ
3353 1385 3543 1450 δόξαν
3603 1385 3727 1438 ὀνόο

499 1484 780 1539 Dominum
815 1488 872 1540 in
913 1487 1054 1540 atrio
1102 1499 1285 1541 sancto
1315 1489 1448 1556 ejus.
1483 1488 1578 1543 llis
1614 1504 1838 1558 prorsus
1862 1489 2058 1544 similia

2164 1493 2297 1546 ματι
2342 1477 2546 1531 αὑτοῦ.
2600 1476 3069 1544 Προσκυνὴσατε
3106 1477 3186 1542 τῷ
3226 1478 3420 1546 Κυρίῳ
3458 1478 3528 1530 ἐν
3569 1477 3727 1546 αὺλῇ

498 1577 672 1646 quoad
727 1579 1052 1633 sententiam
1108 1579 1346 1633 arbitror
1409 1594 1472 1635 ea
1532 1596 1653 1650 quae
1706 1581 1762 1634 in
1820 1594 2063 1652 nonage-

493 1668 633 1720 simo
654 1670 846 1738 quinto
875 1670 1084 1739 psalmo
1100 1670 1167 1725 de
1198 1670 1486 1726 vocatione
1515 1674 1755 1741 gentium
1794 1671 2060 1737 feruntur,

499 1777 613 1831 quas
638 1762 741 1817 hoc
762 1762 924 1818 modo
954 1779 1013 1818 se
1036 1763 1237 1817 habent
1268 1783 1281 1818 ;
1308 1762 1530 1818 Caulate
1548 1763 1772 1817 Domino
1800 1764 2060 1817 canticum

2162 1568 2299 1636 ἁγίᾳ
2329 1568 2535 1622 αὐτοῦ.
2580 1568 2799 1632 Τούτοις
2832 1569 3165 1639 ἰσοδυναμεῖν
3188 1568 3426 1641 ἡγοῦμαι
3459 1569 3602 1622 κατὰ
3630 1571 3728 1640 τὴν

2161 1660 2396 1713 διάνοιαν
2431 1660 2497 1713 τὰ
2520 1662 2577 1712 ἐν
2607 1660 2841 1731 πέμπτῳ
2883 1662 2977 1715 καὶ
3016 1661 3350 1732 ἐνενηκοστῷ
3377 1661 3575 1734 ψαλμῷ
3600 1663 3729 1734 περὶ

2160 1751 2258 1822 τῆς
2286 1751 2395 1803 τῶν
2414 1749 2583 1804 ἐθνῶν
2607 1750 2849 1822 κλήσεως
2869 1752 3056 1807 τοῦτον
3077 1752 3377 1823 λελεγμένα
3394 1753 3485 1806 τὸν
3504 1754 3723 1825 τρόπον’

498 1869 699 1918 uorum,
736 1863 946 1907 cantate
994 1853 1222 1909 Domino
1273 1857 1443 1909 omnis
1495 1867 1655 1909 terra.
1708 1856 1931 1910 Cantate
1955 1853 2058 1907 Do-

2172 1842 2394 1911 ’ᾼσατε
2425 1842 2504 1907 τῷ
2522 1843 2714 1911 Κυρίῳ
2748 1836 2913 1912 ᾆσμα
2936 1844 3144 1896 καινόν
3162 1859 3176 1872 ·
3201 1841 3388 1910 ᾄσατε
3409 1842 3491 1908 τῷ
3509 1845 3724 1911 Κυρίῳ,

497 1944 654 2007 mino,
692 1942 974 1998 benedicile
1022 1946 1223 1998 nomini
1274 1946 1408 2014 ejus,
1435 1946 1740 1999 annuuliate
1779 1945 1840 1999 de
1876 1944 1959 1998 die
2008 1946 2065 1997 in

497 2035 627 2086 liem
653 2034 890 2088 salutare
917 2035 1051 2103 ejus.
1079 2035 1402 2089 Annuuliate
1438 2036 1491 2089 in
1549 2035 1786 2106 gentibus
1835 2035 2062 2104 gloriam

496 2143 626 2195 ejus,
663 2127 719 2179 in
749 2127 990 2181 omnibus
1030 2128 1236 2197 populis
1297 2126 1568 2180 mirabilia
1612 2127 1746 2196 ejus.
1801 2126 2062 2192 Quoniam

495 2230 714 2283 magnus
747 2214 1002 2268 Dominus
1054 2226 1103 2269 et
1140 2214 1426 2270 laudabilis
1453 2215 1625 2280 valde,
1696 2215 1949 2271 terribilis
1984 2227 2061 2271 est

495 2319 646 2372 super
674 2321 848 2358 omnes
871 2305 992 2359 deos
1021 2306 1090 2360 ⁸³.
1132 2305 1396 2376 Deinceps
1426 2307 1499 2359 ita
1521 2307 1790 2362 subsumit
1822 2323 1839 2358 :
1870 2308 2064 2377 Alferte

495 2393 718 2448 Domino
741 2396 967 2463 gloriam
996 2398 1196 2450 nomini
1220 2397 1356 2466 ejus.
1386 2396 1580 2451 Tollite
1630 2397 1833 2453 hostias
1884 2408 1933 2452 et
1986 2399 2064 2452 in-

493 2487 649 2540 troite
676 2487 730 2539 in
760 2487 902 2540 atria
923 2487 1059 2556 ejus,
1090 2487 1308 2541 adorate
1325 2486 1611 2541 Dominum
1638 2489 1694 2542 in
1717 2489 1844 2543 aula
1875 2499 2062 2543 sancta

493 2571 625 2640 ejus.
651 2571 858 2637 Quibus
880 2587 1012 2628 sane
1069 2575 1436 2643 evangelicum
1479 2575 1731 2644 gratiam,
1767 2576 1822 2630 in
1870 2592 2062 2633 omnes

492 2663 659 2720 totius
691 2664 842 2719 orbis
872 2665 1131 2721 nationes
1160 2665 1436 2730 dili‘usam,
1480 2667 1874 2737 praenuntiatus,
1907 2676 2061 2739 post-

493 2771 653 2825 quam
689 2756 963 2811 canticum
993 2772 1216 2823 novum,
1257 2758 1511 2813 videlicet
1540 2760 1667 2814 novi
1700 2758 2055 2827 Testamenti,

492 2845 834 2908 memoravit,
862 2846 1060 2902 deinde
1086 2846 1332 2917 praecipit
1358 2855 1419 2901 ut
1447 2846 1676 2901 all'erant
1694 2847 1924 2904 Domino
1944 2850 2054 2920 glo-

493 2938 628 2991 riam
650 2944 704 2991 et
735 2937 1020 3004 honorem,
1070 2947 1124 2994 et
1175 2945 1395 2994 caetera.
1452 2938 1579 2994 Haec
1631 2947 1811 2995 autem
1866 2940 2064 2997 alierre

493 3028 661 3097 iubet,
693 3045 804 3085 non
830 3027 1070 3097 Judaeos,
1100 3029 1195 3085 sed
1250 3030 1486 3088 familias
1527 3034 1791 3104 gentium,
1839 3042 1933 3089 aut
1979 3051 2062 3092 se-

493 3118 727 3174 cundum
758 3121 1000 3190 reliquos
1025 3122 1371 3191 interpretes,
1421 3137 1486 3177 ac
1516 3122 1839 3180 Hebraicam
1860 3126 2058 3182 verita~

494 3226 620 3275 tem,
642 3214 973 3282 cognationes
1002 3213 1332 3282 populorum.
1374 3214 1501 3271 Haec
1532 3216 1716 3287 itaque
1767 3219 1825 3273 in
1868 3220 2059 3289 quinto

492 3311 545 3359 et
583 3305 936 3376 nonagesimo
992 3307 1203 3377 psalmo
1233 3308 1300 3363 de
1324 3309 1574 3379 gentibus
1613 3309 1877 3368 divinitus
1922 3328 2061 3384 pra:-

494 3392 741 3446 nuntiata
790 3401 939 3449 sunt.
974 3392 1034 3449 In
1075 3396 1331 3465 praesenti
1365 3411 1497 3451 vero
1539 3411 1603 3450 ea
1656 3397 1776 3467 ipsa
1799 3397 2061 3468 jubentur

491 3481 723 3536 Domino
775 3482 971 3539 afferre
1019 3485 1114 3539 lilii
1155 3487 1411 3550 arietum,
1477 3502 1617 3556 quos
1674 3488 1887 3544 aestimo
1924 3489 2060 3542 nihil

493 3572 706 3629 diﬁ‘e‘rre
739 3591 770 3628 a
803 3574 1025 3630 familiis
1047 3577 1308 3648 gentium,
1334 3585 1428 3631 aut
1451 3579 1865 3649 cognationibus
1888 3595 2061 3650 popu-

492 3673 688 3721 lorum.
714 3666 900 3739 Neque
925 3669 1070 3723 enim
1104 3668 1210 3739 ipsi
1240 3670 1440 3725 arietes
1467 3669 1583 3725 haec
1599 3670 1828 3727 Domino
1865 3671 2060 3727 aﬁ'erre

487 3751 767 3824 iubentur,
792 3759 887 3815 sed
915 3759 1010 3813 ﬁlii
1053 3760 1307 3815 arietum.
1338 3760 1396 3816 Id
1425 3777 1553 3816 vero
1588 3761 1716 3817 dico
1756 3762 2058 3818 secundum

493 3843 811 3901 Hebraicam
842 3850 1189 3913 sententiam,
1246 3851 1304 3903 in
1337 3864 1446 3920 qua
1495 3850 1808 3920 neutiquam
1838 3850 2060 3905 effertur

492 3938 623 3993 illud
650 3938 884 4008 :A/ferte
927 3942 1172 4006 Domino,
1204 3942 1305 4011 ﬁlii
1339 3940 1457 3996 Dei.
1515 3944 1694 4009 Quare
1725 3943 1840 3997 haec
1868 3943 1925 3997 in
1961 3943 2059 3997 Se-

492 4029 780 4099 ptuaginta
811 4030 1203 4101 interpretibus
1230 4033 1389 4089 obelo
1403 4042 1683 4098 notantur,
1705 4033 1851 4105 quod
1882 4049 2058 4105 neque

486 4122 549 4176 in
584 4121 851 4180 Hebraico
895 4126 1213 4196 exemplari,
1274 4142 1376 4182 nec
1423 4126 1568 4197 apud
1604 4126 1845 4197 reliquos
1887 4127 2058 4182 inter-

491 4220 674 4283 pretes
727 4225 1100 4286 compareant.
1149 4217 1307 4283 Quod
1337 4218 1385 4273 si
1432 4219 1655 4274 omnino
1705 4217 2057 4289 Septuaginta

491 4304 855 4374 interpretum
887 4308 1046 4364 lectio
1070 4309 1366 4379 spectanda
1394 4309 1487 4375 sit,
1524 4310 1648 4365 dico
1690 4309 1907 4380 praecipi
1930 4308 2056 4365 ﬁliis

492 4391 637 4468 [Dei]
692 4404 751 4450 ut
784 4396 1013 4452 aﬁ‘erant
1067 4398 1320 4465 Domino,
1374 4416 1485 4456 non
1541 4401 1761 4466 arietes,
1797 4402 1892 4456 scd
1916 4400 2055 4456 ﬁlios

2165 1932 2332 1986 πᾶσα
2367 1935 2403 2002 ἡ
2438 1932 2532 2004 γῆ.
2567 1936 2787 2004 ’ᾼσατε
2806 1932 2887 1999 τῷ
2914 1934 3124 2002 Κυρίῳ,
3158 1933 3529 2004 εὐλογήσατε
3544 1934 3729 2004 ὄνομα

2162 2024 2367 2091 αὐτοῦ,
2410 2025 2884 2095 εὐαγγελίσασθε
2916 2026 3148 2094 ἡμέραν
3179 2025 3248 2091 ἐξ
3277 2024 3499 2095 ἡμέρας
3522 2025 3589 2078 τὸ
3615 2042 3728 2080 σω»

2162 2113 2367 2183 τήριον
2419 2117 2625 2171 αὑτοῦ.
2702 2118 3110 2188 Ἀναγγείλατε
3138 2118 3208 2171 ἐν
3237 2117 3363 2184 τοῖς
3393 2118 3595 2171 ἔθνεσι
3620 2115 3731 2183 τὴν

2162 2200 2349 2266 δόξαν
2368 2204 2575 2269 αὐτοῦ,
2603 2203 2673 2256 ἐν
2693 2202 2843 2259 πᾶσι
2873 2204 2996 2271 τοῖς
3026 2205 3197 2272 λαοῖς
3216 2206 3288 2260 τὰ
3309 2204 3607 2274 θαυμάσια
3629 2208 3727 2259 αὺ-

2166 2296 2296 2349 τοῦ.
2331 2296 2460 2349 Ὅτι
2486 2295 2673 2366 μέγας
2691 2297 2905 2364 Κύριος
2942 2298 3039 2351 καὶ
3078 2297 3313 2365 αὶνετὸς
3344 2299 3599 2368 σφόδρα,
3630 2317 3728 2369 φο-

2162 2388 2329 2455 ϐερός
2347 2388 2518 2442 ἐστιν
2540 2389 2638 2441 ἐπὶ
2667 2387 2898 2455 πάντας
2932 2389 3075 2456 τοὺς
3107 2391 3278 2456 θεούς
3297 2407 3312 2421 ·
3342 2385 3425 2454 οἷς
3451 2391 3580 2462 ἑξῆς
3610 2393 3729 2445 ἐπι-

2160 2478 2376 2547 λέγεται
2400 2495 2415 2509 ·
2458 2479 2763 2549 Ἐνέγκατε
2790 2480 2871 2546 τῷ
2908 2482 3102 2550 Κυρίῳ
3127 2480 3316 2547 δόξαν
3351 2482 3596 2552 ὀνόματι
3620 2485 3727 2537 αὐ-

2160 2568 2287 2624 τοῦ.
2311 2571 2515 2639 Ἄρατε
2543 2572 2759 2638 θυσίας
2788 2572 2888 2625 καὶ
2936 2574 3360 2641 εὶσπορεύεσθε
3384 2576 3470 2640 εις
3493 2574 3600 2641 τὰς
3623 2577 3727 2628 αὑ-

2159 2661 2274 2726 λὰς
2330 2662 2539 2719 αὑτοῦ.
2598 2663 3069 2731 Προσκυνήσατε
3116 2664 3198 2730 τῷ
3233 2666 3426 2734 Κυρίῳ
3460 2665 3531 2719 ἐν
3570 2664 3728 2736 αὐλῇ

2160 2753 2301 2822 ἁγίᾳ
2329 2754 2536 2809 αὐτοῦ.
2583 2754 2672 2808 Ἐν
2696 2749 2777 2817 οἷς
2800 2755 2829 2806 ὁ
2853 2754 3028 2823 λόγος,
3055 2756 3154 2827 τὴν
3191 2756 3551 2827 εὐαγγελικὴν
3574 2759 3728 2829 χάριν

2158 2842 2257 2915 τὴν
2286 2845 2365 2908 εἰς
2393 2844 2571 2897 πάντα
2594 2843 2848 2914 χυθεῖσαν
2871 2843 2939 2897 τὰ
2965 2845 3085 2899 καθ’
3107 2845 3235 2919 ὅλης
3275 2846 3379 2917 τῆς
3413 2848 3726 2919 οἰκουμένης

2160 2933 2288 3006 ἔθνη
2334 2935 2951 3007 προευαγγελισάμενος,
3000 2937 3213 2991 καὶτοῦ
3249 2937 3435 2991 καινοῦ
3468 2938 3724 3011 ᾄσματος,

2157 3023 2356 3097 δηλαδὴ
2398 3026 2496 3097 τῆς
2570 3026 2762 3097 καινῆς
2818 3026 3091 3099 Διαθήκης
3145 3028 3552 3100 μνημονεύσας,
3605 3027 3726 3099 ἑξῆς

2161 3118 2484 3190 προστάττει
2517 3117 2760 3188 κομίζειν
2797 3116 2875 3188 τῷ
2913 3119 3101 3191 Κυρίῳ
3127 3119 3285 3187 δόξαν
3303 3121 3395 3174 καὶ
3418 3122 3607 3194 τιμὴν,
3633 3125 3722 3177 καὶ

2161 3207 2231 3262 τὰ
2266 3205 2409 3280 ἑξῆς.
2434 3208 2618 3262 Ταῦτά
2636 3225 2696 3261 τε
2724 3206 2969 3278 κομίζειν
3003 3210 3432 3281 παρακελεύεται
3455 3214 3558 3266 οὐκ
3603 3214 3722 3268 ‘lou-

2160 3301 2349 3365 δαίοις,
2375 3300 2510 3354 ἀλλὰ
2555 3304 2679 3361 ταῖς
2705 3302 2961 3372 πατριαίς
2988 3301 3096 3354 τῶν
3138 3302 3309 3356 ἐθνῶν
3331 3345 3345 3367 ,
3373 3303 3405 3374 ἢ
3431 3304 3575 3358 κατὰ
3601 3307 3718 3367 τοὺς

2160 3393 2379 3456 λοιποὺς
2415 3392 2773 3465 ἐρμηνευτὰς,
2805 3393 2900 3446 καὶ
2938 3392 3083 3447 κατὰ
3115 3394 3221 3464 τὴν
3256 3395 3547 3468 Ἑϐραῖκὴν
3569 3396 3723 3470 ἀκρί-

2163 3484 2335 3548 ϐειαν,
2358 3483 2486 3550 ταῖς
2509 3485 2883 3554 συγγενείαις
2896 3485 3012 3540 τῶν
3024 3486 3395 3543 duae-Eorice
3420 3491 3518 3561 μὲν
3529 3487 3622 3545 οὖν
3636 3508 3726 3546 σα·

2162 3574 2277 3647 φῶς
2302 3577 2359 3630 ἐν
2387 3575 2464 3646 τῷ
2495 3575 2729 3647 πέμπτῳ
2761 3577 2856 3628 καὶ
2882 3578 3216 3650 ἐνενηκοστῷ
3243 3580 3441 3652 ψαλμῷ
3468 3598 3534 3635 πε
3544 3583 3597 3653 pl.
3620 3582 3727 3636 τῶν

2168 3666 2338 3721 ἐθνῶν
2357 3665 2687 3731 ἐθεσπίζετοο
2705 3667 2761 3720 ἐν
2774 3667 2832 3721 δὲ
2847 3667 2922 3739 τῷ
2943 3669 3081 3739 μετὰ
3095 3672 3280 3741 χεῖρας
3302 3674 3329 3725 ὁ
3344 3672 3498 3740 λόγος
3507 3673 3578 3726 τὰ
3590 3674 3728 3727 αὐτὰ

2158 3757 2236 3828 τῷ
2249 3758 2436 3830 Κυρίῳ
2450 3765 2774 3830 προσφέρειν
2791 3763 2903 3824 τοῖς
2922 3762 3055 3824 υἱοῖς
3077 3762 3184 3815 τῶν
3202 3764 3368 3835 κριῶν
3386 3764 3617 3818 κελεύει’
3638 3764 3726 3829 οὓς

2160 3845 2365 3917 νομίζω
2405 3847 2569 3918 μηδὲν
2603 3847 2879 3920 διαφέρειν
2906 3850 3014 3904 τῶν
3056 3851 3298 3923 πατριῶν
3316 3852 3426 3907 τῶν
3469 3854 3658 3919 ἐθνῶν,
3692 3855 3724 3926 ἢ

2157 3938 2267 3992 τῶν
2289 3937 2615 4007 συγγενειῶν
2641 3937 2749 3991 τῶν
2764 3939 2926 3992 λαῶν.
2946 3942 3019 3995 Οὐ
3040 3940 3311 4013 γάραῦτοὶ
3326 3944 3374 3996 οἱ
3389 3946 3534 4015 κριοὶ
3561 3963 3726 4018 προσ-

2156 4029 2437 4083 τάττονται
2480 4030 2811 4102 προσφέρειν
2845 4031 2915 4085 τὰ
2946 4032 3506 4105 κεκελευσμένα,.ἀλλ“
3534 4039 3595 4091 οῖ
3622 4037 3734 4090 υἱοὶ

2157 4123 2265 4176 τῶν
2305 4122 2491 4196 κριῶν.
2520 4125 2630 4177 Καὶ
2678 4124 2853 4178 ταῦτά
2890 4126 2965 4199 (Ξ)
3001 4145 3142 4198 φημι
3175 4128 3312 4181 κατὰ
3332 4129 3431 4200 τὴν
3462 4130 3725 4201 Ἐϐραίων

2157 4214 2482 4286 ἀνάμνησιν,
2541 4215 2662 4270 καθ’
2693 4217 2760 4288 ἣν
2794 4220 2894 4272 οὐκ
2936 4219 3225 4291 ἐκφέρεται
3276 4221 3361 4273 τό·
3423 4221 3727 4292 Ἐνέγκατε

2156 4304 2236 4369 τῷ
2259 4305 2472 4372 Κυρίῳ,
2495 4305 2613 4359 υἱοὶ
2642 4307 2807 4361 Θεοῦ.
2854 4308 2943 4360 Διὸ
2968 4309 3061 4361 καὶ
3097 4308 3383 4364 ὠϐέλισται
3421 4310 3573 4381 παρὰ
3620 4315 3733 4375 τοῖς

2169 4396 2587 4467 Ἑϐδομήκοντα,
2623 4397 2698 4460 ὡς
2731 4398 2805 4469 μὴ
2830 4399 3076 4470 κείμενον
3106 4401 3242 4471 μήτε
3265 4400 3427 4472 ἐντῷ
3460 4400 3728 4474 Ἐϐραῐκῷ

490 4484 744 4551 arietum,
782 4487 1007 4557 gloriam
1029 4497 1085 4543 et
1108 4489 1368 4545 honorem
1411 4497 1714 4559 caeteraque
1750 4489 1835 4544 his
1864 4488 2058 4559 adjunq

2164 4490 2298 4559 μήτε
2339 4487 2490 4560 παρὰ
2521 4493 2633 4555 τοῖς
2671 4490 2876 4554 λοιποῖς
2903 4492 3282 4562 ἐρμηνευταῖς.
3316 4493 3381 4545 Εἰ
3408 4493 3464 4546 δὲ
3491 4495 3598 4566 χρὴ
3636 4495 3732 4549 καὶ

489 4584 599 4632 cta.
630 4575 763 4643 Quae
812 4594 945 4634 sane
983 4596 1049 4635 ex
1088 4584 1495 4652 comparatione
1536 4582 1713 4652 quinti
1739 4594 1792 4638 et
1817 4599 2055 4653 nonage-

488 4668 854 4739 simipsalmi,
888 4672 957 4726 de
1012 4673 1372 4729 conversione
1421 4673 1662 4745 gentium
1702 4673 2054 4743 praenuntiari

486 4757 741 4816 dixerim.

2160 4583 2240 4643 εἰς
2268 4580 2365 4653 τὴν
2393 4582 2500 4635 τῶν
2558 4582 2958 4654 Ἑϐδομήκοντα
3005 4584 3275 4656 θεωρῆσαι
3317 4584 3563 4653 ἕκδοσιν,.
3588 4586 3729 4658 φημὶ

2157 4673 2249 4726 τὸν
2276 4673 2431 4739 λόγον
2460 4675 2816 4748 προστάττειν
2851 4679 2961 4741 τοῖς
2988 4679 3124 4741 υἱοῖς
3155 4675 3250 4730 τοῦ
3291 4677 3476 4749 φέρειν
3507 4679 3586 4748 τῷ
3614 4680 3725 4731 Κυ-

2161 4764 2261 4836 ρίῳ
2278 4767 2338 4819 οὐ
2355 4768 2561 4840 κριοὺς,
2581 4767 2714 4822 ἀλλὰ
2737 4769 2886 4834 υἱοὺς
2917 4768 3087 4840 κριῶν
3104 4785 3119 4799 ο
3146 4769 3240 4823 καὶ
3266 4769 3421 4836 δόξαν
3451 4771 3546 4824 καὶ
3565 4770 3726 4840 τιμὴν

491 4853 583 4905 καὶ
614 4853 684 4908 τὰ
716 4854 846 4927 ἑξῆς
880 4857 1242 4929 ἐπιλεγόμενα
1262 4875 1278 4891 ο
1305 4858 1341 4914 ἃ
1392 4859 1456 4932 δὴ
1505 4860 1614 4915 ἀπὸ
1643 4861 1745 4933 τῆς
1781 4860 2137 4933 παραθέσεως
2162 4861 2258 4915 τοῦ
2291 4861 2542 4933 πέμπτου
2576 4864 2671 4947 κα).
2710 4862 3057 4936 ἐνενηκοστοῦ
3094 4862 3309 4935 ψαλμοῦ
3343 4864 3473 4935 περὶ
3492 4864 3592 4935 τῆς
3620 4861 3725 4915 τῶν

489 4947 658 5002 ἐθνῶν
685 4952 1019 5025 ἐπιστροφῆς
1048 4954 1257 5026 εἴποιμι
1296 4954 1362 5008 ἂν
1393 4955 1846 5028 προφητεῦεσθαι.

557 5038 742 5110 Neque
769 5056 800 5094 a
832 5058 1000 5115 scopo
1029 5043 1399 5112 deﬂectemus,
1434 5048 1482 5102 si
1515 5049 2052 5117 pronuntiaverimus

489 5130 580 5185 bic
612 5148 708 5202 per
732 5133 900 5191 Filios
929 5135 1047 5202 Dei,
1078 5136 1376 5194 Salvatoris
1403 5139 1577 5195 nostri
1606 5140 1901 5208 discipulos
1924 5154 2055 5209 apo-

489 5222 769 5293 stolosque
806 5226 1147 5298 signiﬁcarit
1180 5245 1212 5283 a
1241 5230 1441 5300 quibus
1499 5230 1671 5300 liquet
1703 5230 1903 5284 factum
1930 5244 2053 5285 esse

556 5432 601 5463 θ’
637 5429 794 5485 Joan.
828 5446 863 5484 x
891 5473 908 5499 ,
936 5433 1023 5488 11.
1097 5435 1141 5465 ⁸⁸
1171 5433 1328 5491 Joan.
1358 5450 1412 5501 ι,
1433 5433 1524 5490 27.
1601 5435 1647 5467 ⁶²
1677 5433 1867 5488 Matth.
1895 5447 2058 5488 13m“

2164 5433 2213 5490 0.
2241 5433 2286 5466 ”
2314 5433 2460 5490 Psal.
2512 5448 2631 5498 xcv,

558 5650 631 5720 ll)
653 5647 800 5722 llaec,
823 5648 1022 5714 ἐξοδίου
1041 5650 1264 5722 οξιηνῆς,
1292 5668 1398 5705 non
1427 5652 1678 5722 leguntur
1709 5652 1761 5706 in
1785 5652 2044 5708 llebraico

491 5719 804 5789 exemplari,
825 5736 1021 5789 neque,
1054 5719 1396 5776 Tlieodoreto
1438 5719 1597 5784 teste,
1624 5724 1679 5776 in
1713 5722 1949 5791 llcxaplo
1973 5724 2043 5779 le-

496 5798 769 5847 I'tbillluﬂ'.
794 5791 850 5845 ln
879 5791 1171 5846 Cbaldaico
1209 5800 1356 5846 textu
1388 5804 1563 5849 tamen
1597 5793 1807 5853 legitur.
1833 5794 1934 5847 Alii
1968 5795 2042 5850 le-

2230 5049 2344 5103 Οὐκ
2389 5048 2455 5103 ἂν
2481 5049 2538 5102 δὲ
2567 5050 2905 5121 ἁμάρτοιμεν
2955 5050 3077 5113 τοὺς
3129 5047 3359 5101 ἐνταῦθα
3396 5048 3545 5110 υἱοὺς
3588 5044 3716 5100 Θεοῦ

2158 5137 2480 5208 λεγομένους
2526 5141 2652 5203 τοὺς
2695 5139 2789 5193 τοῦ
2848 5139 3098 5209 Σωτῆρος
3139 5137 3295 5209 ἡμῶν
3354 5137 3594 5209 μαθητὰς
3625 5133 3714 5187 καὶ

2156 5229 2483 5295 ἀποστόλους
2535 5231 2630 5284 καὶ
2681 5230 3072 5301 εὐαγγελιστάς
3108 5227 3245 5285 εἶναι
3290 5228 3707 5302 ἀποφηνάμενοι»

2740 5434 2856 5489 1-4.

2151 5654 2514 5727 θυαμ-ἐξόδου
2548 5656 2770 5727 σκηνῆς,
2803 5656 2948 5724 quod
2970 5653 3522 5727 idipsumsiguiﬁcat.

2151 5716 2180 5849 ἶ
2219 5716 2443 5848 (ἴθυνα
2470 5716 3086 5798 ιιιιιι’ὶιὶυέ⁷εδί›ιιιιιιιιιιιὶι
3129 5728 3186 5782 in
3221 5716 3578 5795 lle'xaplorum
3600 5716 3706 5773 col-

2171 5811 2229 5850 cc
2261 5811 2403 5852 ioue.
