3940 6292
183 362 268 422 133
1360 385 1858 443 COMMENTARIA
1900 385 1966 440 IN
2004 355 2335 443 PSALMOS.

3353 385 3470 444 254

201 492 242 548 δι
274 483 335 548 ὒν
369 498 412 570 ἡ
441 500 675 574 κλῆσις
730 509 846 562 τῶν
880 507 1043 562 ἐθνῶν
1073 507 1314 576 φαίνεται
1346 505 1746 577 κατωρθωμένη
1770 523 1782 533 ⁹

1898 503 2127 574 gentium
2167 511 2525 557 vocationem.
2579 495 2688 553 Eos
2726 497 2936 554 scilicet
2969 497 3058 552 hic
3113 504 3357 568 psalmus
3381 501 3474 568 ju-

214 587 278 656 υἶς
297 591 322 643 δ
343 591 488 663 μετὰ
513 601 732 670 χεῖρας
762 600 919 668 λόγος
939 598 1261 671 προστάττει
1293 597 1476 668 φέρειν
1503 596 1580 668 τῷ
1607 597 1792 668 Κυρίῳ

221 689 410 763 πρῶτον
456 690 562 761 μὲν
601 693 872 748 ἁπάντων
913 696 1058 757 υἱοὺς
1092 692 1284 764 κριῶν,
1319 691 1433 745 ἀλλ’
1465 691 1527 744 οὐ
1574 689 1788 760 κριούς·

231 784 504 856 ὲπειόηπερ
530 784 676 854 πρὸς
706 787 808 857 τὴν
848 786 906 852 ἐξ
933 783 1100 838 ἐθνῶν
1137 782 1461 854 Ἐκκλησίαν
1503 780 1716 848 ἐλέγετο
1735 781 1792 832 ὲν

224 880 299 950 τῷ
325 877 746 949 τεσσαρακοστῷ
770 878 1011 949 τετάρτῳ
1038 875 1235 947 ψαλμῷ
1253 892 1266 904 ·
1313 873 1461 928 Ἀντί
1481 871 1599 925 τῶν
1617 869 1793 924 πατέ-

215 989 334 1040 ρων
361 989 477 1026 σου
517 969 900 1040 ἐγενήθησαν
932 970 1051 1023 υἱοί
1093 984 1230 1022 σου.
1279 967 1402 1019 Τῶν
1438 965 1494 1018 δὲ
1541 962 1792 1034 πατέρων

219 1067 385 1138 λήθην
404 1065 734 1138 ποιήσασθαι
753 1062 1186 1135 παρεκελεύσατο
1200 1061 1339 1130 αὐτῇ
1357 1059 1386 1111 6
1408 1059 1562 1126 λόγος
1582 1054 1750 1109 είπῶν
1774 1069 1789 1086 ο

219 1166 539 1224 Ἄκουσον,
595 1160 864 1228 θύγατερ,
926 1155 1024 1210 καί
1055 1155 1163 1219 ws,
1192 1152 1290 1208 καὶ
1333 1151 1544 1205 κλῖνον
1592 1148 1657 1202 τὸ
1685 1144 1790 1214 οὖς

211 1274 353 1318 σου,
381 1255 482 1307 καὶ
529 1252 818 1306 ἐπιλάθου
860 1250 964 1304 τοῦ
990 1247 1140 1304 λαοῦ
1178 1265 1315 1310 σου,
1353 1244 1451 1299 καὶ
1483 1242 1588 1296 τοῦ
1620 1243 1791 1295 οἴκου

208 1350 323 1402 τοῦ
350 1349 583 1414 πατρός
601 1361 716 1399 σου
735 1363 747 1374 ·
782 1343 882 1397 καὶ
902 1338 1257 1409 ἐπιθυμήσει
1291 1340 1324 1392 ὁ
1347 1333 1648 1401 βασιλεὺς
1684 1332 1792 1386 τοῦ

203 1441 490 1504 κάλλους
545 1452 688 1490 σου·
720 1435 809 1488 ὅτι
839 1433 1014 1498 αὑτός
1043 1432 1174 1485 ἐστι
1199 1430 1412 1498 Κύριός
1441 1444 1576 1481 σου.
1607 1422 1791 1477 Ταῦτα

200 1531 323 1601 γὰρ
353 1528 481 1582 οὐδὲ
518 1528 654 1598 πρὸς
687 1524 851 1595 ἄλλην
894 1522 926 1593 ἢ
954 1521 1089 1592 πρὸς
1119 1520 1284 1590 μόνην
1316 1517 1412 1587 τὴν
1466 1511 1790 1584 Ἐκκλησίαν

197 1625 306 1677 τοῦ
357 1619 606 1692 Χριστοῦ
649 1621 894 1688 ὲλέγετο’
930 1612 1319 1685 παραινοῦντος
1348 1609 1483 1679 αὐτῇ
1522 1605 1616 1660 τοῦ
1645 1605 1790 1659 Θείου

193 1715 537 1786 Πνεύματος
576 1713 744 1783 λήθην
799 1707 1125 1781 ποιήσασθαι
1166 1703 1261 1758 τοῦ
1311 1702 1578 1774 προτέρου
1619 1697 1791 1767 αὐτῆς

188 1806 334 1860 λαοῦ
363 1846 380 1868 ,
459 1805 554 1858 καὶ
620 1802 714 1856 τοῦ
747 1800 896 1855 οἴκου
932 1800 1026 1853 τοῦ
1092 1795 1300 1868 πατρὸς
1351 1795 1522 1864 αὐτῆς
1557 1792 1645 1846 διὰ
1693 1791 1790 1862 τὴν

195 1899 474 1955 πολύθεον
498 1897 727 1966 πλάνην,
763 1895 858 1948 καὶ
888 1894 985 1964 τὴν
1015 1891 1124 1944 τῶν
1169 1889 1417 1960 πατέρων
1433 1885 1602 1955 αὐτῆς
1623 1884 1788 1937 δεισι-

196 1988 521 2060 δαιμονίαν.
587 1983 700 2040 Εἶτ’
732 1983 919 2054 ἐπειδὴ
953 1982 1060 2036 τῶν
1119 1980 1370 2051 πατέρων
1431 1974 1787 2031 ἐπιλαθέσθαι

196 2085 343 2153 αὐτῇ
412 2077 893 2150 παρεκελεύσατο,
953 2072 1263 2143 ἀναγκαίως
1325 2070 1518 2137 ἐπάγει
1578 2067 1786 2134 λέγων·

211 2175 368 2228 Ἀντί
399 2171 526 2226 τῶν
583 2168 851 2238 πατέρων
879 2183 992 2222 σου
1015 2163 1388 2234 ἐγενήθησαν
1415 2162 1467 2212 οἱ
1500 2157 1618 2211 υἱοί
1653 2171 1789 2209 σου.

200 2268 450 2330 Τούτους
503 2267 654 2328 υίούς
689 2262 860 2336 κριῶν
906 2259 997 2313 διὰ
1031 2259 1092 2312 τὸ
1126 2256 1316 2323 ἄλογον
1345 2249 1625 2306 ἀποκαλεῖ.
1679 2241 1793 2298 Εἶτ’

199 2361 485 2428 ἐπιλέγειο
533 2335 847 2425 Ἐνέγκατε
891 2350 970 2417 τῷ
1000 2349 1193 2417 Κυρίῳ
1227 2344 1414 2409 δόξαν
1445 2340 1542 2394 καὶ
1582 2335 1790 2407 τιμήν·

194 2451 228 2504 δ
259 2452 333 2521 δὴ
383 2451 601 2519 νοήσεις
641 2446 750 2500 ἀπὸ
795 2444 896 2514 τῆς
937 2440 1030 2496 τοῦ
1053 2441 1300 2510 Σωτῆρος
1324 2434 1479 2507 ἡμῶν
1512 2431 1648 2504 πρὸς
1671 2428 1796 2491 τούς

1895 595 1984 650 bet
2011 595 2223 658 afferre,
2257 593 2434 664 primo
2460 590 2677 661 quidem
2710 598 2764 646 et
2786 599 2911 644 ante
2933 591 3115 644 omnia
3160 590 3301 646 ﬁlios
3323 591 3470 645 arie-

1895 697 2032 749 tum,
2062 701 2172 740 non
2233 687 2454 748 arietes,
2486 683 2748 753 quoniam
2803 683 2858 736 in
2894 682 3107 752 psalmo
3163 682 3469 751 quadrage-

1894 779 2034 833 simo
2067 787 2263 847 quarto
2296 775 2556 830 Ecclesia:
2583 790 2648 830 ex
2704 774 2960 844 gentibus
2998 783 3202 827 coacta:
3229 773 3468 828 dicitur:

1893 863 2002 918 Pro
2017 865 2254 933 patribus
2274 865 2376 918 tuis
2391 865 2503 917 nati
2535 873 2656 918 sunt
2686 861 2781 916 tibi
2815 863 2996 932 ﬁlii“.
3019 861 3315 932 Eidemque
3335 878 3471 933 prte-

1892 955 2094 1026 cipitur
2129 961 2188 1009 ut
2221 963 2436 1025 patrum
2463 970 2688 1010 suorum
2716 953 3078 1008 obliviscatur
3109 952 3195 1007 his
3238 953 3422 1008 verbis
3456 972 3472 1008 :

1891 1045 2052 1111 Audi,
2082 1045 2221 1116 ﬁlia,
2251 1057 2300 1099 et
2331 1045 2464 1111 vide,
2500 1054 2552 1098 et
2592 1045 2794 1098 inclina
2827 1060 3011 1098 aurem
3073 1052 3240 1110 tuam,
3264 1053 3314 1097 et
3339 1043 3474 1098 obli-

1892 1140 2083 1193 viscere
2113 1138 2365 1208 populum
2395 1148 2564 1202 tuum,
2588 1145 2637 1191 et
2658 1136 2872 1190 domum
2901 1136 3069 1203 patris
3105 1136 3222 1189 tui:
3259 1141 3308 1184 et
3353 1151 3476 1189 con-

1892 1232 2118 1299 cupiscet
2149 1229 2259 1285 Rex
2303 1229 2542 1284 decorem
2592 1239 2759 1293 tuum,
2811 1230 2936 1299 quia
2966 1230 3076 1298 ipse
3107 1238 3184 1282 est
3213 1227 3473 1282 Dominus

1893 1331 2012 1376 tuus
2041 1323 2110 1378 θ’.
2142 1321 2268 1377 Haec
2321 1322 2466 1376 enim
2509 1336 2615 1375 non
2646 1321 2737 1374 alii
2766 1335 2928 1390 quam
2977 1318 3184 1374 Christi
3217 1319 3475 1374 Ecclesia:

1891 1417 2037 1471 dicta
2063 1425 2216 1479 sunt,
2245 1416 2567 1470 eohortante
2595 1415 2740 1467 illam
2768 1412 2977 1484 Spiritu
3014 1414 3223 1479 divino,
3249 1423 3308 1468 ut
3333 1413 3473 1468 obli-

1892 1509 2135 1565 viscatur
2167 1508 2405 1578 priorem
2438 1507 2697 1577 populum
2725 1521 2884 1561 suum
2933 1515 2988 1560 et
3027 1505 3248 1559 domum
3300 1505 3473 1576 patris

1893 1600 1978 1655 sui
2006 1618 2021 1666 ;
2063 1599 2321 1652 nimirum
2348 1598 2416 1653 ob
2442 1597 2825 1666 multiplicium
2856 1597 3085 1651 deorum
3119 1611 3386 1665 errorem,
3408 1611 3474 1650 ac

1893 1698 2108 1761 patrum
2141 1704 2364 1744 suorum
2400 1688 2864 1758 superstitionem.
2920 1687 3127 1742 Deinde
3157 1689 3288 1758 quia
3316 1687 3466 1742 illam

1893 1791 2075 1852 patres
2103 1780 2352 1835 oblivisci
2385 1780 2794 1849 suosjusserat,
2826 1779 3142 1834 necessario
3185 1778 3349 1834 infert
3382 1780 3471 1837 his

1895 1876 2117 1931 verbis:
2156 1873 2266 1926 Pro
2308 1873 2552 1943 patribus
2604 1873 2708 1926 tuis
2744 1874 2858 1925 nati
2881 1881 3004 1925 sunt
3057 1872 3152 1924 tibi
3203 1873 3324 1941 ﬁlii.
3360 1870 3473 1928 Hos

1893 1966 2034 2022 ﬁlios
2059 1967 2288 2020 arietum
2315 1973 2475 2020 vocat
2515 1965 2586 2020 ob
2642 1965 2874 2020 rationis
2937 1962 3231 2018 delectum.
3276 1964 3474 2020 Postea

1893 2056 2230 2125 subjungitf:
2279 2055 2480 2123 A/ferte
2541 2047 2770 2109 Domino
2817 2057 3044 2128 gloriam
3101 2067 3150 2112 et
3204 2061 3470 2111 honorem.

1892 2146 2064 2216 Cujus
2092 2146 2417 2201 sententiam
2447 2163 2513 2200 ex
2537 2146 2641 2201 hoc
2675 2146 2976 2206 Salvatoris
3008 2150 3185 2206 nostri
3207 2151 3273 2204 ad
3305 2149 3476 2204 disci~

1895 2240 2052 2309 pulos
2080 2239 2285 2292 monito
2312 2237 2584 2307 intelligas
2611 2257 2622 2292 :
2654 2237 2885 2294 Luceant
2916 2258 3074 2312 opera
3098 2253 3268 2295 vestra
3292 2257 3474 2295 coram

1893 2328 2212 2397 hominibus,
2242 2339 2298 2382 ut
2321 2328 2548 2384 videntes
2585 2331 2721 2385 bona
2749 2349 2904 2402 opera
2953 2344 3141 2400 vestra,
3177 2334 3473 2406 gloriﬁcent

1897 2421 2115 2477 Patrem
2136 2431 2363 2476 vestrum
2390 2422 2480 2491 qui
2498 2421 2552 2475 in
2577 2423 2720 2478 cwlis
2751 2434 2828 2479 est
2861 2425 2926 2478 “.

201 2511 960 2615 μοιϐ-ῃτὰςπαρακελεύσεως,
994 2531 1061 2585 δι’
1090 2526 1158 2602 ἧς
1187 2529 1442 2598 παραινεῖ
1483 2524 1657 2591 λέγων
1690 2517 1872 2578 αὐτοῖς
1894 2511 2240 2615 ’,Λαμψάτω
2269 2514 2341 2568 τὰ
2403 2516 2548 2586 ἔργα
2579 2514 2744 2584 ὑμῶν
2803 2515 3147 2585 ἔμπροσθεν
3202 2515 3321 2569 τῶν
3371 2515 3477 2569 ἀν·

515 2603 695 2695 ὅπως.
729 2625 1066 2692 βλέποντες
1090 2624 1164 2675 τὰ
1188 2619 1344 2676 καλὰ
1383 2616 1551 2687 ὑμῶν
1579 2614 1744 2684 ἔργα,
1783 2603 2091 2673 δοξάσωσι
2144 2605 2250 2661 τὸν
2277 2607 2511 2677 Πατέρα
2537 2605 2706 2676 ὑμῶν
2743 2605 2851 2660 τὸν
2904 2606 2974 2661 ἑν
3004 2606 3140 2673 τοῖς
3175 2604 3472 2674 οὐρανοῖς.

279 2725 402 2778 Καὶ
445 2722 622 2794 τρίτον
670 2720 751 2773 ἔτι
805 2719 940 2792 πρὸς
978 2717 1206 2780 τούτοις,
1241 2712 1424 2784 φέρειν
1477 2707 1555 2780 τῷ
1601 2705 1792 2778 Κυρίῳ

204 2814 546 2887 προστάττει
600 2811 904 2883 συμφώνως
941 2813 968 2863 6
1011 2807 1146 2879 μετὰ
1177 2809 1362 2878 χεῖρας
1382 2801 1614 2874 ψαλμὸς,
1645 2799 1738 2852 καὶ
1757 2799 1791 2887 ό

205 2903 569 2975 ἑνενηκοστὸς
619 2901 886 2972 πέμπτος,
933 2897 1086 2960 δόξαν
1133 2893 1357 2964 ὀνόματι
1397 2887 1580 2942 αὐτοῦ.
1634 2881 1792 2954 Αὐτῷ

212 2997 310 3066 μὲν
339 2973 457 3065 γὰρ
520 2990 902 3064 προσφέρομεν
927 2987 1084 3050 δόξαν
1112 2985 1197 3038 διὰ
1234 2980 1516 3052 δογμάτων
1547 2973 1794 3048 ἐρρωμέ-

208 3104 348 3142 νωνο
393 3085 536 3141 ἀλλὰ
578 3086 673 3138 καὶ
721 3083 886 3153 τιμὴν
924 3079 1072 3151 αὐτῷ
1119 3074 1517 3149 προσφέρομεν,
1565 3067 1792 3138 πειθαρ-

211 3181 440 3253 γοῦντες
498 3177 880 3249 προστάγματι
917 3173 1130 3242 λέγοντι
1154 3187 1168 3200 °
1225 3169 1368 3238 Τίμα
1417 3163 1523 3218 τὸν
1574 3161 1793 3228 Κύριον

211 3250 328 3329 ιιπό
375 3271 511 3326 σῶν
555 3269 799 3322 δικαίων
826 3269 1046 3328 πόνων,
1074 3260 1172 3317 καὶ
1190 3260 1461 3330 ἀπάρχου
1488 3254 1647 3322 αὐτῷ
1673 3250 1792 3307 ἀπὸ

209 3367 339 3421 σῶν
375 3363 633 3434 καρπῶν
662 3359 1070 3425 δικαιοσύνης.
1119 3354 1210 3425 Τῷ
1258 3354 1317 3407 δὲ
1367 3351 1589 3420 ὀνόματι
1628 3341 1792 3400 αὐτοῦ

211 3456 368 3522 δόξαν
409 3453 810 3525 περιάπτομεν,
872 3447 1088 3500 ἐπειδὰν
1119 3444 1310 3515 λάμπῃ
1361 3440 1516 3512 ἡμῶν
1547 3437 1614 3491 τὰ
1657 3435 1794 3507 ἔργα

213 3549 528 3621 ἔμπροσθεν
592 3545 700 3600 τῶν
751 3541 1086 3614 ἀνθρώπων·
1123 3539 1260 3592 ὥστε
1314 3535 1556 3608 ὁρῶντας
1597 3529 1794 3592 αὐτοὺς

212 3637 456 3703 δοξάζειν
513 3635 607 3688 τὸν
655 3632 876 3704 Πατέρα
929 3630 1084 3701 ἡμῶν
1137 3629 1227 3681 τὸν
1266 3629 1324 3680 ἐν
1369 3627 1482 3687 τοῖς
1525 3624 1791 3692 οὐρανοῖς.

219 3731 408 3792 Ὅπως
423 3728 481 3780 δὲ
500 3727 654 3799 παρὰ
680 3727 792 3788 τοῖς
821 3723 998 3776 ἔθνεσι
1023 3721 1083 3773 τὸ
1103 3720 1272 3790 ὄνομα
1300 3715 1464 3772 αὐτοῦ
1490 3713 1792 3780 δοξάζεται,

218 3821 310 3872 καὶ
338 3822 366 3872 6
415 3819 507 3873 διὰ
552 3817 647 3871 τοῦ
681 3817 958 3890 προφήτου
1006 3811 1300 3884 παρίστησι
1366 3809 1520 3876 λόγος
1568 3806 1704 3876 πρὸς
1734 3804 1795 3856 τὸ

232 3907 498 3961 Ἰουδαίων
564 3906 715 3968 ἔθνος
787 3903 1200 3972 ἀποτεινόμενος
1252 3899 1346 3952 καὶ
1421 3897 1593 3966 λέγων
1614 3911 1626 3922 ·
1675 3897 1796 3948 Οὐκ

227 3998 356 4051 ἐστι
393 4016 513 4067 μου
557 3997 784 4066 θέλημα
836 3996 906 4050 ἐν
950 3994 1112 4064 ὑμῖν,
1153 3991 1315 4062 λέγει
1382 3991 1598 4058 Κύριος
1644 4001 1795 4041 παν-

230 4089 538 4158 τοκράτωρ,
585 4090 682 4142 καὶ
742 4088 962 4142 θυσίαν
1001 4088 1072 4140 οὐ
1115 4082 1518 4153 προσδεξομαι
1568 4081 1637 4134 ἐκ
1680 4078 1799 4134 τῶν

232 4181 433 4250 χειρῶν
474 4181 673 4251 ὑμῶν·
711 4180 858 4234 διότι
914 4179 1030 4234 ἀπὸ
1083 4175 1392 4232 ἀνατολῶν
1425 4175 1603 4244 ἡλίου
1621 4173 1798 4244 μέχρι

233 4270 470 4340 δυσμῶν
488 4273 849 4337 δεδόξασται
875 4271 941 4324 τὸ
964 4268 1152 4339 ὄνομά
1165 4286 1284 4338 μου
1315 4267 1384 4320 ἐν
1408 4265 1533 4331 τοῖς
1557 4265 1761 4319 ἔθνεσι
1779 4282 1793 4294 ο

237 4367 330 4419 καὶ
351 4367 604 4420 ἐνεταντὶ
629 4368 790 4432 τόπῳ
835 4364 1098 4434 θυμίαμα
1138 4359 1537 4430 προσφέρεται
1559 4356 1638 4423 τῷ
1664 4357 1788 4410 ὀνό-

1971 2703 2054 2758 Ad
2087 2703 2204 2757 haec
2234 2700 2419 2766 tertio,
2463 2715 2704 2768 praesens
2763 2700 3030 2769 psalmus,
3087 2702 3178 2753 cui
3208 2705 3476 2754 consonat

1892 2802 2283 2874 nonagesimus
2306 2799 2552 2869 quintus,
2587 2796 2835 2867 praecipit
2860 2796 3055 2851 afferre
3088 2795 3321 2850 Domino
3354 2794 3473 2864 glo-

1891 2899 2032 2954 riam
2073 2894 2284 2951 nomini
2337 2892 2478 2962 ejus.
2534 2889 2641 2960 Ipsi
2709 2904 2966 2958 namque,
3025 2903 3122 2958 per
3169 2887 3474 2942 doctrinam

1895 3004 2110 3053 sanam,
2149 2984 2378 3058 gloriam
2437 2981 2752 3046 all‘erimus;
2792 2979 2888 3034 sed
2945 2987 3002 3033 et
3043 2979 3307 3033 honorem
3369 2975 3474 3046 ipsi

1897 3080 2198 3141 aﬂ'erimus,
2228 3075 2275 3132 si
2298 3073 2427 3128 huic
2453 3071 2572 3142 ejus
2596 3077 2870 3141 praecepto
2888 3083 3176 3139 pareamus
3208 3086 3221 3122 :
3259 3066 3476 3120 Honora

1894 3172 2183 3230 Dominum
2212 3169 2276 3224 de
2311 3168 2417 3221 tuis
2443 3164 2605 3234 justis
2644 3162 2939 3226 laboribus,
2985 3169 3033 3214 et
3058 3160 3324 3230 primitias
3347 3158 3478 3227 oﬂ'er

1895 3268 1994 3336 ipsi
2022 3264 2086 3318 de
2118 3263 2221 3316 tuis
2241 3258 2472 3330 justitia:
2493 3255 2753 3326 fructibus
2779 3253 2853 3307 ⁸⁷.
2907 3251 3126 3307 Nemini
3153 3259 3335 3306 autem
3357 3251 3478 3318 ejus

1895 3356 2123 3429 gloriam
2148 3351 2526 3411 conciliamus,
2542 3346 2588 3402 si
2605 3345 2827 3417 quando
2856 3344 3074 3400 luceant
3095 3358 3262 3413 opera
3289 3348 3479 3397 nostra

1894 3462 2081 3504 coram
2111 3443 2427 3500 hominibus
2449 3485 2463 3509 ,
2495 3441 2572 3494 ita
2626 3447 2688 3492 ut
2737 3436 2986 3492 videntes
3020 3435 3124 3504 ipsi
3174 3433 3480 3504 gloriﬁcent

1895 3539 2112 3593 Patrem
2143 3541 2394 3591 nostrum
2415 3533 2508 3602 qui
2533 3531 2588 3584 in
2618 3529 2774 3584 caelis
2808 3534 2912 3581 est.
2946 3524 3068 3592 Quo
3102 3535 3261 3595 pacto
3298 3533 3478 3578 autem

1896 3630 2059 3686 etiam
2091 3627 2235 3697 apud
2290 3633 2482 3696 gentes
2510 3622 2717 3677 nomini
2784 3619 2905 3688 ejus
2957 3616 3134 3687 gloria
3183 3614 3476 3679 referatur,

1897 3720 1986 3774 hic
2017 3718 2290 3788 propheta:
2322 3730 2500 3771 sermo
2534 3713 2793 3776 declarat,
2830 3710 2923 3781 qui
2951 3707 3234 3763 Iudaicam
3264 3716 3478 3777 gentem

1898 3811 2141 3881 respicit,
2181 3816 2232 3863 et
2269 3809 2348 3862 sic
2380 3807 2541 3860 habet
2575 3820 2588 3856 :
2623 3803 2748 3856 Non
2781 3812 2858 3855 est
2881 3799 3120 3854 voluntas
3159 3813 3274 3850 mea
3302 3797 3358 3848 in
3387 3811 3479 3849 vo-

1899 3901 1999 3963 bis,
2034 3899 2176 3952 dicit'
2230 3897 2481 3950 Dominus
2533 3894 2885 3961 omnipotens,
2931 3899 2981 3944 et
3012 3888 3339 3958 sacriﬁcium
3375 3902 3481 3940 non

1900 3993 2151 4060 accipiant
2177 3989 2239 4044 de
2259 3987 2501 4042 manibus
2529 3987 2746 4049 vestris;
2768 3984 2832 4038 ab
2861 3991 2978 4038 ortu
2998 3980 3136 4036 enim
3168 3979 3296 4035 solis
3319 3994 3482 4048 usque

1901 4085 1968 4138 ad
2004 4099 2248 4136 occasum
2285 4081 2647 4152 gloriﬁcatum
2673 4086 2750 4131 est
2802 4091 2988 4129 nomen
3019 4089 3189 4127 meum
3227 4072 3281 4124 in
3307 4069 3482 4140 genti-

1901 4179 2026 4240 bus,
2061 4186 2109 4229 et
2142 4174 2362 4228 inomni
2391 4174 2504 4226 loco
2545 4171 2843 4241 thymiama
2859 4166 3077 4236 o/I'erlur
3108 4151 3311 4217 nomini
3341 4175 3477 4224 meo,

1899 4279 1948 4324 et
1990 4267 2312 4336 sacri/icium
2369 4263 2642 4318 mundum.
2685 4261 2824 4326 Quia
2867 4274 3118 4328 maguum
3173 4264 3250 4308 est
3292 4268 3482 4306 nomen

1904 4376 2071 4412 meum
2102 4359 2155 4410 in
2187 4355 2420 4426 gentibus
2448 4371 2466 4408 :
2497 4364 2544 4406 et
2576 4368 2663 4406 vos
2688 4350 2954 4420 polluistis
2991 4345 3124 4400 illud
3146 4345 3212 4398 ⁵⁸.
3253 4343 3336 4397 Ad
3364 4342 3482 4395 haec

235 4459 368 4523 ματί
388 4477 502 4527 μου
531 4459 631 4512 καὶ
656 4457 838 4511 θυσία
868 4433 1115 4525 καθαράο
1145 4454 1294 4508 διότι
1323 4451 1480 4522 μέγα
1512 4451 1578 4504 τὸ
1614 4448 1794 4518 ὄνομά

1901 4450 2084 4506 omnia
2115 4449 2173 4514 ii,
2198 4448 2288 4517 qui
2327 4447 2420 4498 lilii
2456 4443 2551 4498 Dei
2583 4458 2706 4497 esse
2738 4441 3107 4502 declarantur,
3138 4436 3348 4491 scilicet
3385 4433 3480 4486 ﬁlii

235 4567 348 4616 μου
365 4553 428 4604 ὲν
446 4552 568 4618 τοῖς
591 4551 834 4606 ἔθνεσιν
854 4567 868 4580 ο
898 4547 1064 4618 ὑμεῖς
1093 4546 1160 4600 δὲ
1186 4543 1599 4612 ,ϐεϐηλοῦντες
1631 4541 1797 4595 αὐτό.

243 4641 377 4712 Πρὸς
404 4644 609 4706 τούτοις
657 4643 860 4697 ἅπασιν
892 4642 940 4694 οἱ
972 4638 1304 4710 δηλωθέντες
1346 4636 1453 4689 υἱοὶ
1496 4634 1589 4688 τοῦ
1641 4632 1798 4698 Θεοῦ,

243 4734 275 4800 ἦ
307 4736 404 4787 υἱοὶ
433 4736 539 4788 τῶν
569 4734 739 4806 κριῶν
784 4733 1096 4787 κελεύονται
1156 4732 1479 4802 προσκυνεῖν
1507 4726 1587 4797 τῷ
1612 4725 1803 4797 Κυρίῳ

246 4823 301 4873 ἐν
333 4824 454 4896 αὐλῇ
475 4826 606 4896 ἁγίᾳ.
631 4824 819 4878 αὐτοῦ.
851 4824 923 4876 Οὐ
946 4823 1054 4893 γὰρ
1079 4823 1184 4888 ἔξω
1205 4823 1302 4892 τῆς
1329 4819 1498 4890 αὐλῆς
1534 4817 1801 4888 βούλεται,

247 4912 360 4964 οὐδὲ
382 4915 878 4986 ἀνακεχωρημένως
921 4913 1218 4975 ἱδιὰζοντας
1264 4911 1588 4980 προσκυνεῖν
1633 4903 1802 4976 αὐτῷ,

248 5000 354 5054 ἀλλ’
379 5007 719 5069 ἀπαντῶντας
740 5007 820 5068 είς
851 5005 950 5075 τὴν
993 5002 1317 5075 Ἐκκλησίαν
1348 4999 1532 5053 αὐτοῦ.
1577 4998 1722 5050 Ἀντὶ
1747 4996 1804 5049 δὲ

245 5096 355 5160 τοί).
398 5100 462 5153 ἐν
490 5099 648 5169 αὐλῇ
673 5100 815 5170 ἁγίᾳ,
843 5099 1050 5161 αὐτοῦ,
1088 5100 1116 5150 ὁ
1159 5097 1256 5166 μὲν
1292 5093 1540 5157 ’Λκύλας,
1567 5093 1635 5144 ἐν
1678 5089 1804 5142 δια-

245 5194 477 5260 αρεπείςι
515 5194 877 5264 ἡγιασμέ-νῃ,
919 5190 1180 5256 ἐξέδωκεν
1199 5205 1212 5217 ο
1236 5190 1264 5240 6
1286 5187 1343 5240 δὲ
1375 5185 1689 5255 Σύμμαχος,
1735 5183 1804 5236 ἐν

246 5281 572 5354 ὄιαπρεπεία
596 5286 757 5356 ἁγίᾳ.
798 5282 1180 5353 Βούλεταιγὰρ
1220 5283 1366 5352 ἡμᾶς
1397 5283 1426 5332 6
1475 5279 1628 5346 λόγος
1665 5270 1825 5347 μετα

1903 4537 2156 4603 arietum,
2188 4538 2449 4606 jubentur
2477 4535 2708 4588 adorare
2730 4530 3024 4585 Dominum
3047 4528 3100 4581 in
3129 4526 3251 4579 aula
3289 4528 3481 4578 sancta

1902 4635 2043 4704 ejus.
2079 4631 2154 4704 (Ι)
2181 4630 2298 4684 Non
2332 4629 2447 4684 vult
2479 4626 2628 4682 enim
2683 4631 2836 4678 extra
2875 4623 3079 4684 aulam,
3114 4631 3290 4686 neque
3318 4615 3370 4668 in
3395 4627 3483 4666 se-

1905 4739 2086 4786 cessu,
2118 4701 2212 4774 aut
2252 4725 2494 4774 semolos
2551 4716 2782 4768 adorare
2827 4712 3042 4780 ipsum;
3077 4706 3170 4762 sed
3223 4701 3482 4757 accedere

1902 4816 2056 4887 jubet
2078 4813 2145 4867 ad
2179 4810 2478 4865 Eeclesiam
2497 4823 2672 4863 suam.
2712 4803 2858 4858 Loco
2882 4812 3059 4855 autem
3081 4797 3248 4858 illius,
3277 4795 3330 4846 in
3355 4792 3483 4846 aula

1907 4885 2094 4963 sancta
2123 4905 2235 4975 ejus
2256 4945 2269 4967 ,
2311 4902 2528 4971 Aquila,
2559 4900 2613 4953 in
2631 4898 2813 4951 decore
2842 4891 3207 4960 sanctiﬁcata;
3233 4885 3482 4958 Symma-

1913 4999 2050 5054 chus
2084 5013 2235 5060 vero,
2265 4993 2521 5048 indecore
2572 5000 2778 5051 sancto,
2815 4983 3008 5040 edidit.
3043 4979 3167 5034 Vult
3193 4979 3337 5033 enim
3378 4992 3483 5031 nos

1915 5106 2039 5146 cum
2085 5086 2270 5144 debito
2312 5093 2532 5150 ornatu,
2571 5099 2634 5137 ac
2667 5081 2776 5135 Deo
2828 5076 3026 5130 dilecta
3055 5070 3268 5141 iustitia
3299 5068 3487 5122 adora-

1914 5183 2120 5236 tionem
2155 5194 2433 5251 peragere,
2471 5171 2748 5230 sanctitati
2777 5179 3004 5238 prorsus
3052 5161 3264 5216 deditos
3296 5174 3359 5212 ac
3389 5157 3485 5212 de-

1909 5275 2045 5329 cori.

248 5381 336 5434 τοῦ
368 5385 656 5455 πρέποντος
695 5383 920 5452 κόσμου,
953 5382 1048 5435 καὶ
1086 5380 1185 5450 τῆς
1204 5377 1280 5448 τῷ
1303 5375 1424 5447 Θεῷ
1466 5370 1796 5446 προσφιλοῦς
1867 5369 2212 5440 δικαιοσύνης
2273 5367 2371 5438 τὴν
2426 5357 2796 5434 προσκύνησιν
2860 5351 3152 5416 ποιεῖσθαι,
3195 5349 3347 5411 ὅλους
3388 5345 3484 5400 αὐ-

252 5475 367 5537 τοὺς
394 5478 446 5530 ὲν
471 5477 728 5549 ἁγιασμῷ
751 5475 1074 5546 γενομένους
1102 5471 1198 5526 καὶ
1223 5473 1278 5525 ὲν
1306 5467 1629 5542 εὐπρεπείᾳ.

351 5691 390 5722 ⁸³
441 5692 582 5749 Psal.
634 5706 783 5755 XLIV,
825 5688 911 5744 l7.
987 5686 1032 5718 ⁸⁵
1070 5683 1202 5740 ibid.
1231 5681 1316 5735 11.
1392 5679 1438 5710 ⁶⁶
1468 5676 1736 5740 Matth.v,
1791 5691 1794 5700 λ

1953 5672 1996 5702 ⁸⁷
2037 5668 2200 5722 Prov.
2239 5681 2324 5730 In,
2349 5663 2402 5719 9.
2480 5660 2524 5691 ⁶⁸
2563 5655 2792 5714 Malach.
2821 5670 2858 5722 ι,
2893 5649 3100 5708 10-12.

321 5873 388 5946 (l)
410 5872 641 5946 ldipsum
665 5872 774 5930 fere
804 5870 1035 5928 Basilius
1071 5867 1222 5932 dixit,
1250 5878 1354 5934 qua
1380 5861 1443 5918 de
1491 5876 1547 5916 re
1580 5859 1632 5913 iu
1659 5852 1974 5928 praefatione
2003 5848 2215 5905 videsis.
