3940 6292
552 315 662 372 255

1294 317 1565 373 EUSEBII
1605 318 2084 377 CJESARIENSIS
2121 320 2270 378 OPP.
2309 322 2488 378 PARS
2526 324 2614 381 lll.
2654 357 2725 367 —
2762 325 3164 384 EXEGETICA.

3689 331 3793 388 256

617 424 786 480 Vsus.
826 426 879 481 ὅ.
926 425 1041 480 Vox
1079 426 1293 481 Domini
1336 446 1492 499 super
1542 448 1742 500 aquas,
1784 433 1925 488 Deus
1959 435 2098 504 maje

2297 437 2467 505 Φωνὴ
2498 440 2718 506 Κυρίου
2748 441 2847 493 ἐπὶ
2882 440 3001 495 τῶν
3040 441 3290 507 ὑδάτων,
3322 448 3355 498 ό
3389 445 3532 510 Θεὸς
3559 443 3668 513 τῆς
3699 448 3794 500 δό-

544 517 703 572 statis
738 518 1005 581 intonuit;
1048 517 1307 572 Dominus
1343 537 1496 590 super
1535 539 1699 593 aquas
1732 525 1949 580 multas.
1983 524 2121 591 Quia

545 626 672 667 cum
707 611 763 665 in
791 612 996 667 vertice
1021 610 1255 667 Carmeli
1291 629 1385 667 aer
1414 629 1641 669 serenus
1670 623 1835 681 esset,
1866 617 2121 671 audiebat

544 720 733 761 vocem
776 720 1042 775 aquarum
1078 704 1393 760 multarum.
1437 705 1517 760 Ac
1555 707 1602 762 si
1638 709 1761 777 quis
1809 708 2119 764 summatim

546 798 731 852 omnia
763 797 983 866 colligat
1014 812 1134 867 quae
1167 797 1220 850 in
1262 796 1448 852 Veteri
1490 796 1839 855 Testamento
1863 799 1932 855 de
1963 801 2118 871 aquis

543 889 819 953 feruntur,
856 889 904 945 is
937 904 1071 944 sane
1110 887 1315 945 videbit
1360 890 1526 944 illud:
1561 891 1791 960 Spiritus
1834 891 1933 946 Dei
1983 892 2119 961 [ere-

543 983 700 1036 batur
723 997 880 1050 super
910 998 1104 1052 aquam
1129 980 1172 1013 ⁶⁹
1197 999 1210 1049 ;
1243 990 1296 1036 et
1318 982 1450 1036 illud
1477 1002 1489 1037 :
1518 981 1761 1037 Educant
1789 1000 1939 1055 aqua:
1958 985 2118 1055 repti-

542 1073 618 1128 lia
649 1075 951 1128 animarum
981 1074 1285 1137 viventium,
1308 1082 1359 1127 et
1393 1073 1633 1128 volatilia
1654 1075 1730 1140 7°;
1761 1090 1825 1130 ea
1867 1076 1995 1130 item
2023 1076 2117 1131 de-

532 1165 839 1238 prehendet
887 1180 1007 1236 quae
1057 1167 1113 1221 in
1167 1166 1373 1221 diluvio
1420 1177 1570 1236 gesta
1628 1174 1790 1229 sunt.
1839 1167 2115 1236 quomodo

532 1255 812 1321 videlicet,
850 1271 975 1310 cum
1004 1256 1192 1311 omnia
1219 1256 1378 1326 aquis
1410 1256 1697 1310 submersa
1724 1263 1926 1321 essent,
1964 1257 2113 1311 solus

528 1345 644 1403 Noe
684 1363 810 1403 cum
839 1347 909 1403 iis
941 1348 1034 1419 qui
1070 1348 1127 1402 in
1158 1363 1286 1402 arca
1317 1354 1476 1402 erant
1508 1348 1692 1402 salvus
1735 1348 2007 1411 evaserit,
2050 1363 2112 1402 ea

529 1438 704 1493 etiam
732 1454 854 1510 quae
886 1439 941 1493 in
968 1438 1226 1511 Egypto,
1263 1448 1317 1492 et
1346 1439 1402 1492 in
1437 1439 1576 1492 mari
1604 1438 1811 1504 Rubro,
1835 1447 1889 1493 et
1913 1454 2033 1507 qua:
2057 1438 2113 1493 in

526 1526 811 1598 Iordane,
860 1547 966 1603 qua
1001 1533 1213 1587 ratione
1247 1530 1340 1585 ﬁlii
1385 1529 1553 1586 Israel
1587 1530 1735 1585 sicco
1767 1530 1903 1601 pede
1932 1538 2114 1587 trans-

534 1622 719 1679 ierint.

609 1713 780 1772 Vuns.
816 1715 869 1769 4.
920 1715 1033 1770 Vox
1056 1715 1273 1769 Domini
1310 1717 1364 1768 in
1400 1715 1609 1770 virtute.
1636 1712 1772 1769 Nam
1803 1715 1897 1785 qui
1927 1715 2110 1770 omnia

2225 530 2337 599 ξης
2402 531 2756 601 ἐϐρόντησε·
2812 535 3024 602 Κύριος
3079 536 3179 589 ἐπὶ
3237 536 3473 591 ὑδάτων
3524 538 3794 597 πολλῶν.

2225 624 2365 687 Ὅτι,
2397 624 2611 696 αἰθρίας
2661 624 2826 697 οὔσης
2893 629 2985 680 ἐπὶ
3020 630 3117 702 τὴν
3149 631 3391 703 κορυφὴν
3434 630 3527 684 τοῦ
3559 633 3793 704 Rapidi-

2220 715 2333 781 λου,
2366 717 2529 787 ἤκουε
2573 719 2754 790 φωνὴν
2816 720 3020 774 ὑδάτων
3056 721 3285 775 πολλῶν.
3317 724 3429 777 Kal.
3465 724 3620 789 ὅλως,
3662 742 3794 778 συν·-

2220 807 2439 877 αγαγών
2463 826 2546 873 τις
2575 810 2642 864 τὰ
2659 813 2715 864 ὲν
2730 814 2796 883 τῇ
2824 813 3033 884 Παλαιᾷ
3059 814 3186 887 περὶ
3216 815 3421 869 ὑδάτων
3453 816 3797 887 ἀναγεγραμ-

2223 898 2379 971 μένα,
2434 902 2528 954 καὶ
2574 903 2650 966 ὡς
2698 903 2780 967 τὸ,
2832 904 3074 974 Πνεῦμα
3113 905 3219 958 τοῦ
3270 906 3418 959 Θεοῦ
3471 908 3794 976 ἐπεφέρετο

2217 991 2414 1045 ἐπάνω
2440 994 2547 1047 τοῦ
2580 994 2826 1062 ὕδατος·
2870 998 2964 1050 καὶ
2994 997 3054 1050 τό
3075 1015 3087 1028 ·
3108 980 3465 1068 Ἕξαγατ-έτω
3502 999 3573 1053 τὰ
3600 994 3793 1054 ὕδατα

2216 1082 2430 1150 ἑρπετὰ
2462 1085 2679 1155 ψυχῶν
2721 1086 2921 1149 ζωσῶν
2951 1088 3048 1142 καὶ
3082 1090 3319 1145 πετεινὰ
3365 1093 3689 1161 πετόμενα·
3728 1092 3794 1147 τά

2216 1190 2274 1226 τε
2309 1175 2365 1227 ὲν
2392 1174 2470 1245 τῷ
2501 1179 2888 1250 κατακλυσμῷ,
2919 1180 3011 1245 ὼς,
3059 1182 3311 1236 ἁπάντων
3338 1183 3683 1255 ὑποϐρυχίων
3709 1201 3790 1252 γι-

2215 1266 2471 1336 νομένων,
2502 1269 2659 1339 μόνος
2690 1272 2718 1322 ὁ
2758 1272 2879 1323 Νῶε
2926 1274 3020 1325 καὶ
3061 1275 3109 1326 οἱ
3161 1275 3256 1327 σὺν
3298 1274 3445 1345 αύτῷ
3474 1275 3790 1340 διεσώζοντο

2215 1354 2271 1405 ὲν
2301 1357 2365 1426 τῇ
2399 1356 2646 1428 κιϐωτῷ·
2677 1361 2772 1412 καὶ
2800 1360 2868 1414 τά
2910 1362 3002 1415 ἐπὶ
3031 1363 3128 1433 τῆς
3160 1362 3455 1431 Αἰγύπτου,
3486 1366 3581 1417 καὶ
3622 1366 3695 1419 τὰ
3735 1367 3789 1419 ὲν

2213 1447 2278 1516 τῇ
2319 1446 2552 1519 Ἐρυθρᾷ
2595 1448 2857 1524 Θαλάσσῃ,
2886 1453 2979 1505 καὶ
3026 1453 3092 1506 τὰ
3133 1456 3191 1506 ὲν
3232 1454 3310 1525 τῷ
3347 1455 3606 1530 Ἰορδάνῃ,
3636 1456 3788 1522 ὅπως

2214 1536 2430 1609 ἀϐρόχῳ
2465 1538 2585 1593 ποδὶ
2606 1538 2920 1595 διεϐίϐασαν
2947 1543 2996 1595 οἰ
3026 1543 3129 1596 υἱοὶ
3172 1543 3403 1615 Ἰσραὴλ,
3434 1544 3642 1614 ὄψεται.

2285 1714 2455 1785 Φωνὴ
2485 1718 2704 1784 Κυρίου
2741 1718 2811 1772 ἐν
2836 1719 3021 1787 ἰσχύϊ.
3059 1721 3118 1773 '0
3147 1719 3256 1792 γὰρ
3292 1720 3469 1775 πάντα
3499 1720 3701 1793 ἰσχύων
3733 1724 3785 1776 ὲν

533 1811 716 1875 potest
759 1805 814 1859 in
864 1804 1086 1860 Christo
1135 1806 1228 1875 qui
1280 1819 1339 1859 se
1388 1801 1699 1868 confortat,
1753 1803 1801 1858 is
1841 1811 2102 1873 praecepta

2212 1807 2290 1879 τῷ
2335 1809 2717 1880 ὲνδυναμοῦντι
2760 1810 2919 1865 αὐτὸν
2963 1813 3201 1884 Χριστῷ,
3256 1807 3410 1878 οὗτος
3457 1816 3645 1868 ἀκούει
3675 1816 3784 1870 τῶν

534 1897 752 1953 Domini
784 1898 958 1962 audit,
1001 1906 1055 1953 et
1080 1914 1142 1952 ea
1180 1897 1521 1966 exsequitur.
1564 1894 1683 1950 Vox
1722 1910 1852 1966 ergo
1895 1894 2112 1949 Domini

530 2004 641 2044 non
670 1990 725 2043 in
750 1989 916 2044 debili
946 2004 1009 2044 ac
1034 1990 1214 2044 soluta
1251 1988 1455 2053 anima,
1490 1987 1586 2043 sed
1626 1987 1681 2041 in
1722 1987 1944 2042 robusta
1991 2001 2113 2056 qua:

529 2083 741 2138 naviter
794 2082 996 2136 bonum
1038 2088 1313 2151 operatur.
1382 2080 1497 2135 Vox
1545 2078 1761 2133 Domini
1807 2080 1862 2133 in
1907 2079 2113 2149 magni-

529 2175 765 2245 ﬁcentia.
796 2172 915 2227 Non
964 2188 1061 2242 per
1088 2186 1151 2226 ea
1185 2171 1398 2235 solum,
1452 2170 1652 2239 inquit,
1688 2185 1808 2239 quae
1838 2169 1904 2224 de
1953 2168 2110 2238 aquis

528 2262 676 2317 dicta
705 2263 864 2318 nobis
899 2271 1048 2326 sunt,
1070 2277 1173 2315 vox
1207 2261 1423 2314 Domini
1455 2260 1761 2315 declaratur
1781 2303 1797 2329 ,
1821 2259 1915 2315 sed
1944 2259 2108 2314 etiam

530 2372 628 2427 per
661 2358 917 2411 virtutem
957 2362 1011 2409 et
1063 2354 1525 2426 magniﬁcentiam
1560 2355 1703 2424 ejus,
1738 2370 1902 2425 quam
1933 2354 2107 2410 oculis

533 2446 939 2518 deprehendere
973 2454 1175 2517 potest,
1208 2444 1463 2517 quisquis
1509 2445 1799 2501 confertim
1844 2447 2106 2500 mundum

532 2550 705 2597 totum
732 2556 1195 2613 quaquaversum,
1216 2549 1270 2595 et
1299 2550 1485 2611 partes
1517 2539 1637 2611 ejus
1669 2539 1946 2610 sigillatim
1976 2555 2108 2595 con-

525 2633 851 2704 templatur,
888 2646 1105 2687 necnon
1162 2631 1593 2685 inenarrabilcm
1648 2630 2101 2702 magnitudinem,

528 2724 857 2780 ineﬂabilem
888 2722 1376 2795 pulchritudinem,
1405 2737 1469 2777 ac
1498 2722 1668 2776 multa
1694 2723 1957 2777 varietate
1981 2738 2106 2793 spe-

525 2815 805 2880 ctabilem,
831 2831 952 2887 qua:
976 2815 1109 2880 ipsis
1134 2815 1298 2878 inest,
1328 2814 1675 2884 sapientiam.
1695 2812 1825 2880 Quae
1845 2814 2101 2869 nimirum

525 2915 852 2980 potestatem
876 2907 1244 2977 virtutemque
1272 2907 1652 2961 universorum
1676 2905 1888 2976 opiﬁcis
1918 2913 2103 2976 aperte

522 3008 982 3056 commonstrant.
1015 2999 1152 3054 Hinc
1184 3006 1269 3055 est
1295 2998 1439 3070 quod
1485 3014 1765 3055 sermones
1800 3000 2100 3070 prophetici

2215 1899 2439 1955 ἐντολῶν
2468 1902 2694 1974 Κυρίου,
2726 1903 2820 1956 καί
2848 1907 3011 1957 ποιεῖ.
3045 1905 3200 1977 Φωνὴ
3237 1902 3330 1960 οὖν
3359 1907 3564 1977 Κυρίου
3587 1907 3691 1960 οὐκ
3730 1910 3783 1961 ὲν

2212 1998 2279 2067 τῇ
2333 1995 2548 2049 ἀσθενεῖ
2588 1997 2682 2050 καὶ
2728 1995 2993 2071 λελυμένῃ
3037 1999 3202 2069 ψυχῇ,
3228 1998 3341 2051 ἀλλ’
3383 2001 3441 2052 ὲν
3468 2002 3534 2071 τῇ
3581 2000 3783 2072 εὐτόνῳ

2216 2088 2448 2163 ἰσχυρῶς
2490 2091 2933 2162 κατεργαζομένη
2975 2092 3037 2144 τὸ
3071 2091 3292 2159 ἀγαθόν.
3339 2091 3510 2160 Φωνὴ
3559 2093 3781 2160 Κυρίου

2210 2181 2281 2234 ἐν
2315 2183 2817 2253 μεγαλοπρεπείᾳ.
2850 2184 2923 2235 Οὐ
2967 2181 3053 2235 διὰ
3081 2183 3277 2253 μόνων,
3314 2183 3467 2251 φησὶ,
3493 2185 3601 2236 τῶν
3629 2187 3777 2257 εἰρη-

2214 2272 2388 2345 μένων
2410 2274 2539 2343 ἡμίν
2566 2290 2634 2325 πε
2645 2274 2696 2343 ρ).
2725 2272 2930 2327 ὑδάτων
2961 2275 2992 2345 ὴ
3025 2273 3174 2345 φωνὴ
3200 2275 3528 2346 παρίσταται
3550 2275 3647 2329 τοῦ
3671 2278 3780 2329 Κυ-

2212 2365 2357 2436 ρίου·
2399 2363 2532 2417 ἀλλὰ
2564 2365 2659 2418 καὶ
2690 2364 2779 2418 διὰ
2806 2364 2905 2435 τῆς
2935 2365 3116 2436 ἰσχύος
3148 2366 3312 2418 αὐτοῦ
3348 2368 3442 2419 καὶ
3477 2367 3577 2437 τῆς
3610 2385 3777 2438 μεγα-

2207 2456 2559 2527 λοπρεπείας,
2588 2456 2656 2526 ἢν
2690 2456 2834 2510 ἔστιν
2873 2457 3168 2529 ὀφθαλμοῖς
3199 2458 3530 2529 κατανοῆσαι
3569 2459 3777 2531 ἀθρόως

2206 2547 2296 2600 τὸν
2327 2546 2615 2618 σύμπαντα
2643 2548 2847 2618 κόσμον
2879 2549 3168 2620 ἁπείρατα,
3212 2549 3357 2613 ἰδίως
3397 2568 3457 2603 τε
3487 2550 3556 2604 τὰ
3589 2551 3773 2605 τούτου

2209 2639 2349 2711 μέρη
2393 2639 2747 2712 θεασάμενον,
2772 2643 2841 2695 τά
2863 2658 2923 2693 τε
2954 2640 3154 2713 μεγέθη
3200 2641 3268 2696 τὰ
3293 2643 3656 2715 ἀνεκδιήγητα
3681 2645 3773 2697 καὶ

2205 2730 2274 2785 τὰ
2318 2733 2667 2803 ἀνέκφραστα
2708 2733 2899 2805 κάλλη,
2947 2734 3048 2803 τήν
3091 2751 3151 2785 τε
3189 2735 3246 2786 ὲν
3285 2735 3466 2798 αὐτοῖς
3494 2736 3773 2807 ὁρωμένην

2205 2822 2582 2878 πολυποίκιλον
2640 2826 2863 2895 σοφίαν·
2908 2824 2943 2879 ἃ
2990 2826 3055 2897 δὴ
3094 2826 3347 2896 τυγχάνει
3398 2829 3771 2898 παραστατικὰ

2202 2914 2302 2984 τῆς
2333 2915 2426 2969 τοῦ
2474 2917 2881 2988 συστησαμένου
2926 2915 2992 2969 τὰ
3039 2916 3215 2971 πάντα
3258 2916 3539 2988 δυνάμεώς
3580 2935 3643 2971 τε
3682 2920 3773 2972 καὶ

2206 3002 2405 3073 ἰσχύος.
2434 3003 2626 3057 Ἔνθεν
2654 3007 2702 3057 οἱ
2729 3000 3053 3077 προφητικοὶ
3079 3004 3223 3073 λόγοι
3244 3004 3342 3077 τὴν
3373 3006 3649 3076 θεολογίαν
3667 3010 3771 3061 ἀπὸ

528 3092 621 3147 Dei
656 3093 944 3148 scientiam
981 3107 1012 3145 a
1046 3092 1422 3161 magnitudine
1453 3106 1678 3160 operum
1716 3091 1836 3161 ejus
1866 3091 2099 3146 mutuati

2207 3093 2298 3164 τῆς
2325 3094 2726 3167 μεγαλουργίας
2757 3096 2919 3150 αὐτοῦ
2955 3097 3390 3169 παρελάμϐανον.
3438 3100 3531 3152 Διὸ
3562 3100 3769 3171 εἴρηται

522 3184 655 3238 sint.
693 3182 1059 3249 Quamobrem
1085 3180 1227 3251 apud
1259 3179 1551 3235 Jeremiam
1587 3180 1794 3234 dictum
1828 3188 1945 3235 est:
1989 3180 2100 3235 Db-

526 3276 698 3328 minus
726 3275 817 3344 qui
859 3274 982 3344 fecit
1015 3282 1211 3327 terram
1243 3274 1296 3326 in
1333 3271 1642 3341 fortitudine
1673 3289 1773 3327 sua
1796 3274 1863 3340 ⁷⁸,
1900 3285 1953 3329 et
1993 3289 2099 3329 ca:-

524 3374 665 3422 tera.

594 3456 761 3511 Vatis.
798 3456 853 3519 5,
883 3455 934 3510 6.
980 3455 1095 3510 Vox
1137 3453 1355 3509 Domini
1389 3452 1768 3524 confringentis
1798 3454 1978 3507 cedros
2003 3468 2020 3505 :
2047 3461 2097 3506 et
2146 3474 2149 3481 ·

522 3549 814 3619 confringet
840 3548 1098 3603 Dominus
1134 3546 1314 3602 cedi-os
1340 3545 1551 3611 Libani,
1584 3557 1633 3601 et
1663 3549 1975 3601 comminuet
2007 3565 2096 3603 eas

522 3652 776 3711 tanquam
832 3642 1055 3696 vitulum
1105 3639 1329 3704 Libani,
1383 3649 1433 3694 et
1484 3639 1705 3694 dilectus
1762 3641 2096 3710 quemadmo-

520 3751 647 3790 aum
690 3735 835 3805 [ilius
881 3735 1238 3789 unicornium.
1285 3733 1401 3789 Hoc
1449 3735 1578 3789 item
1632 3733 1792 3788 modo
1826 3735 2097 3805 interpre-

522 3827 657 3882 teris
682 3845 697 3882 :
731 3841 828 3897 per
857 3827 1087 3881 vitulum
1113 3825 1329 3890 Libani,
1355 3825 1523 3880 ﬁlium
1556 3826 1919 3889 unicornium,
1947 3825 2095 3880 vide-

521 3923 614 3970 tur
634 3914 1069 3986 Hierosolymam
1104 3914 1373 3979 indicare,
1406 3923 1571 3985 atque
1591 3915 1745 3969 illum
1772 3914 1979 3984 pridem
2008 3914 2094 3969 di-

520 4008 721 4063 lectum
754 4007 923 4061 ﬁlium
949 4007 1319 4062 unicornium.
1345 4006 1482 4061 Nam
1514 4023 1581 4063 ex
1612 4009 1820 4063 sanctis
1843 4007 2089 4077 patribus

518 4100 627 4154 orti
666 4108 816 4163 sunt,
859 4101 959 4170 qui
1002 4099 1133 4154 olim
1184 4099 1478 4153 unicornes
1518 4099 1918 4163 vocitabantur,
1962 4099 2090 4168 quia

517 4206 630 4245 uno
657 4190 768 4245 Deo
800 4191 968 4245 veluti
1000 4205 1171 4244 cornu
1204 4198 1333 4244 sunt
1367 4189 1453 4244 usi
1482 4209 1495 4243 :
1533 4203 1638 4258 qua
1673 4187 1741 4245 de
1788 4203 1847 4242 re
1886 4188 2087 4258 gloria-

516 4281 721 4337 bantur
761 4280 848 4335 his
885 4280 1105 4335 verbis:
1156 4278 1221 4332 In
1266 4287 1312 4333 te
1336 4278 1575 4331 inimicos
1629 4287 1836 4332 nostros
1867 4277 2087 4330 ventila-

517 4371 688 4424 bimus
720 4386 883 4423 cornu
904 4371 975 4424 τ’.
1000 4369 1242 4435 Quorum
1275 4369 1368 4423 ﬁlii
1404 4369 1572 4434 fuere,
1599 4368 1766 4423 duces
1795 4366 1986 4421 Sarion
2019 4384 2087 4423 ex

2202 3186 2353 3257 παρὰ
2381 3187 2458 3258 τῷ
2491 3186 2760 3260 Ἱερεμίᾳ·
2800 3190 3013 3257 Κύριος
3054 3193 3086 3243 ό
3128 3188 3386 3258 ποιήσας
3421 3190 3538 3260 τὴν
3564 3192 3680 3263 γῆν
3701 3195 3774 3245 ἐν

2200 3275 2480 3347 τῇκίσχύτ
2504 3279 2712 3344 αὑτοῦ,
2752 3279 2846 3332 καὶ
2879 3279 2948 3333 τὰ
2976 3278 3123 3351 ἑξῆς.

2268 3457 2438 3526 Φωνὴ
2481 3459 2700 3526 Κυρίου
2736 3460 3163 3528 συντρίϐοντος
3204 3458 3487 3528 κέδρους·
3532 3461 3767 3529 ampl-

2196 3549 2298 3615 ψει
2348 3549 2565 3615 Κύριος
2602 3547 2709 3614 τὰς
2747 3549 3000 3617 κέδρους
3050 3549 3158 3602 τοῦ
3201 3547 3487 3602 Λιϐάνου·
3530 3549 3631 3602 καὶ
3666 3552 3765 3602 λε-

2196 3638 2413 3690 πτυνεῐ
2449 3636 2636 3704 αὐτὰς
2664 3640 2742 3704 ὡς
2774 3638 2881 3692 τὸν
2911 3641 3153 3708 μόσχον
3192 3640 3299 3695 τοῦ
3340 3639 3602 3693 Λιϐάνου
3644 3638 3764 3712 (sic)

2195 3728 2294 3781 καὶ
2334 3732 2366 3783 ό
2405 3729 2789 3799 ἠγαπημένος
2819 3733 2899 3798 ὡς
2931 3731 3062 3799 υἱὸς
3084 3731 3529 3803 μονοκερώτων.
3568 3733 3641 3786 Ἣ
3672 3732 3765 3786 καὶ

2193 3817 2395 3882 οὕτως·
2425 3819 2640 3891 Μόσχον
2683 3820 2825 3874 ἔοικε
2871 3821 3124 3888 Λιϐάνου,
3166 3824 3256 3877 τὸν
3302 3823 3415 3877 υἱὸν
3466 3823 3761 3898 μονοκερώ-

2193 3925 2322 3975 των,
2353 3908 2449 3980 τὴν
2485 3911 2838 3983 Ἰερουσαλὴμ
2865 3913 3063 3982 λέγειν,
3100 3914 3193 3966 καὶ
3232 3914 3322 3967 τὸν
3349 3913 3516 3968 πάλαι
3547 3918 3760 3987 ἠγαπη-

2196 3997 2354 4068 μένον
2387 3997 2499 4052 υἰὸν
2543 4001 2946 4071 μονοκερώτων.
2998 4002 3150 4055 Ἐπεὶ
3199 4003 3446 4074 πατέρων
3479 4004 3759 4073 γε-γόνασιν

2193 4091 2383 4159 ἁγίων,
2427 4092 2622 4157 οἵτινες
2669 4092 2916 4162 ἐλέγοντο
2963 4095 3351 4166 μονοκέρωτες,
3381 4095 3472 4149 διὰ
3513 4097 3578 4150 τὸ
3621 4098 3761 4168 μόνῳ

2190 4180 2308 4251 Θεῷ
2346 4182 2534 4253 κέρατι
2560 4184 2881 4254 κεχρῆσθαι,
2907 4185 2983 4248 ὡς
3008 4187 3093 4239 ἐπ’
3118 4184 3264 4256 αὐτῷ
3288 4187 3645 4258 σεμνύνεσθαι
3667 4188 3755 4242 καὶ

2190 4273 2388 4344 λέγειν·
2433 4275 2529 4327 Ἐν
2561 4276 2661 4330 σοὶ
2689 4276 2830 4342 τοὺς
2869 4278 3120 4346 ἐχθροὺς
3149 4278 3315 4347 ἡμῶν
3355 4282 3749 4350 κερατιοῦμεν.

2190 4360 2288 4419 Ὦν
2320 4368 2426 4420 υἱοὶ
2472 4368 2756 4437 γεγόνασιν
2786 4370 2836 4421 οἰ
2871 4368 3159 4439 ἡγούμενοι
3199 4368 3306 4424 τῶν
3351 4372 3414 4422 ὲκ
3461 4372 3750 4443 περιτομῆς

513 4461 960 4526 circumcisione,
995 4463 1075 4516 sic
1100 4465 1244 4516 enim
1278 4460 1331 4514 in
1373 4461 1496 4515 aliis
1524 4460 1857 4516 editionibus
1886 4476 2087 4515 vocan-

2207 4461 2400 4532 Ξαρίων
2428 4461 2501 4533 (1)
2530 4461 2760 4514 ἐνταῦθα
2782 4463 3102 4533 κεκλημένοι
3124 4464 3263 4517 κατὰ
3294 4464 3392 4528 τὰς
3419 4466 3586 4529 ἄλλας
3611 4466 3750 4519 £166-

513 4563 626 4619 tur,
661 4572 770 4625 qua
809 4570 942 4609 voce
986 4555 1242 4625 principes
1274 4554 1673 4634 signiﬁcantur.
1720 4555 1826 4610 Eos
1859 4557 2086 4609 commi-

2207 4569 2327 4616 mg,
2358 4552 2386 4605 ὂ
2421 4555 2785 4624 ἑρμηνεύεται
2809 4552 3114 4623 ἄρχοντες,
3137 4553 3230 4618 οὓς
3252 4555 3445 4627 ἀπειλῇ
3476 4555 3746 4629 συνέτριψε

513 4648 738 4703 natione
774 4647 1033 4702 contrivit
1067 4662 1186 4710 sua,
1222 4661 1329 4700 una
1363 4663 1489 4701 cum
1515 4646 1884 4718 Hierosolyma
1919 4664 2081 4718 quam

512 4740 745 4794 vitulum
779 4747 833 4794 et
891 4738 1161 4792 Libanum
1213 4742 1513 4807 nuncupat.
1576 4737 1633 4792 ld
1695 4738 1839 4791 enim
1899 4748 2082 4807 aperte

515 4829 765 4884 Ezechiel
787 4830 1051 4900 propheta
1080 4828 1406 4900 signiﬁcavit
1427 4829 1513 4883 bis
1535 4829 1747 4884 verbis:
1770 4828 1898 4884 ch
1918 4829 2080 4883 dicit:

511 4922 707 4994 Aquila
727 4921 946 4994 grandis
970 4939 1284 4993 magnarum
1306 4922 1535 4986 alarum,
1560 4923 1711 4993 longo
1732 4922 2080 4976 membrorum

511 5013 697 5079 ductu,
737 5014 892 5083 plena
943 5013 1230 5085 unguibus,
1275 5013 1587 5083 ductumque
1633 5013 1783 5066 habet
1826 5022 1880 5065 ut
1913 5014 2082 5082 ingre-

512 5105 694 5160 diatur
717 5108 772 5160 in
803 5106 1086 5170 Libanum,
1111 5115 1161 5159 et
1188 5106 1308 5160 tulit
1331 5105 1526 5158 selecto
1554 5104 1716 5169 cedri,
1747 5103 2077 5157 summitates

513 5198 781 5269 frondium
812 5208 1142 5261 tenerarum,
1188 5207 1238 5251 et
1266 5196 1454 5249 detulit
1488 5213 1551 5250 ea
1583 5197 1637 5248 in
1677 5205 1871 5248 terram
1915 5193 2079 5249 Chal-

2194 4642 2331 4713 μετὰ
2358 4643 2459 4712 τῆς
2502 4643 2876 4715 Ἰερουσαλὴμ,
2900 4644 2966 4715 ἢν
2996 4644 3193 4715 μόσχον
3226 4645 3329 4716 ἔφη
3371 4648 3464 4700 καὶ
3505 4647 3743 4700 Λίϐανον.

2190 4734 2383 4805 Σαφῶς
2413 4735 2520 4807 γὰρ
2557 4736 2816 4808 Ἰεζεκιὴλ
2853 4737 2882 4788 ὁ
2912 4738 3197 4808 προφήτης
3240 4738 3397 4791 τοῦτο
3443 4740 3743 4811 παρέστησε

2188 4827 2396 4898 φήσας·
2444 4827 2588 4882 Τάδε
2631 4828 2828 4896 λέγει·
2883 4830 2935 4881 Ὁ
2973 4829 3147 4895 ἀετὸς
3195 4833 3228 4883 ὀ
3268 4831 3455 4900 μέγας
3495 4835 3530 4884 d
3573 4845 3743 4900 μεγα-

2185 4917 2571 4990 λοπτέρυγος,
2614 4924 2647 4975 ό
2670 4919 2900 4990 μακρὸς
2932 4919 3007 4989 τῇ
3048 4921 3304 4986 ἐκτάσει,
3341 4921 3577 4991 πλήρης
3621 4921 3741 4975 ortis

2186 5026 2309 5077 κων
2336 5009 2403 5076 ὃς
2427 5011 2551 5080 ἔχει
2582 5011 2648 5065 τὸ
2678 5012 2876 5081 ἥγημαι
2905 5012 3200 5066 εἰσελθεῖν
3225 5015 3312 5079 εὶς
3337 5013 3448 5066 τὸν
3472 5015 3741 5071 Λίϐανον,

2185 5102 2283 5156 καὶ
2317 5100 2493 5156 ἔλαϐε
2528 5102 2602 5156 τὰ
2625 5103 2908 5158 ἐπίλεκτα
2951 5102 3058 5171 τῆς
3090 5104 3325 5171 κέδρου,
3360 5105 3432 5160 τὰ
3457 5104 3603 5173 ἄκρα
3635 5100 3742 5167 τῆς

2185 5196 2581 5265 άπαλότητος,
2623 5196 2723 5250 καὶ
2777 5196 3033 5265 ἤνεγκεν
3085 5195 3237 5251 αὐτὰ
3291 5198 3379 5262 εὶς
3432 5195 3547 5267 γῆν
3593 5197 3743 5247 Xa.)-

510 5290 748 5345 da'orum
793 5288 1096 5362 [Chanaan]
1139 5290 1205 5344 ⁷³.
1265 5287 1398 5355 Qua:
1448 5290 1564 5359 ipse
1610 5288 1666 5341 in
1728 5286 2075 5356 sequentibus

2207 5285 2390 5340 ialm"
2417 5285 2453 5340 ἃ
2480 5287 2574 5341 καὶ
2595 5286 2684 5340 διὰ
2708 5286 2816 5340 τῶν
2844 5286 2969 5356 ἑξῆς
2995 5288 3307 5359 ἡρμήνευσε
3335 5286 3509 5357 λέγων
3532 5304 3545 5318 ·
3573 5288 3741 5338 Ὅταν

510 5382 902 5450 interpretatur
950 5380 1180 5436 dicens:
1229 5380 1363 5434 Cum
1405 5379 1598 5434 venerit
1645 5376 1756 5431 Rex
1789 5376 2074 5447 Babylonis

2207 5377 2328 5448 ίνίθῃ
2354 5378 2654 5445 ,βασιλεὺς
2680 5379 3037 5447 Βαϐυλῶνος
3062 5380 3164 5434 ἐπὶ
3210 5379 3608 5451 Ἰερουσαλὴμ,
3641 5375 3735 5430 καὶ

580 5536 625 5568 ⁸⁸
651 5534 850 5591 Gcnes.
882 5548 923 5600 ι,
948 5533 1005 5587 2.

1104 5533 1149 5564 ⁷⁸³
1181 5530 1311 5589 ibid.
1342 5532 1433 5588 20.
1511 5534 1555 5562 τι
1606 5529 1805 5587 Jercm.
1832 5547 1886 5596 κ,
1916 5531 1998 5586 12.
2074 5533 2102 5563 ⁷“

2207 5533 2293 5588 sal.
2326 5550 2477 5601 XLIII,
2508 5533 2560 5589 6.
2639 5534 2684 5566 ⁷³
2713 5532 2912 5590 Ezech.
2937 5549 3072 5599 xvn,
3103 5535 3157 5590 5.

582 5691 657 5761 (ἰ)
692 5689 809 5770 vox
832 5690 1358 5770 Euphemareliquis
1385 5693 1787 5770 interpretibus
1816 5709 2097 5764 expressa,
2137 5708 2198 5748 ex
2235 5694 2502 5753 llebraico
2558 5695 2739 5755 Sirion
2788 5694 3038 5754 confecta
3073 5700 3157 5752 est
3180 5708 3196 5759 ;
3223 5691 3571 5770 Septuaginta
3607 5701 3725 5749 vero

506 5764 840 5834 lnterpretes
873 5761 1243 5832 ἠγαπημένον,
1267 5761 1534 5830 dilectum,
1557 5761 1905 5820 transtulere.
