3940 6292
167 335 276 387 ‘2337

1309 337 1814 396 COMMENTARIA
1857 341 1924 397 1N
1961 339 2298 398 PSALMOS.

3323 351 3433 404 θείς

165 449 426 522 λήψεται
451 452 561 506 τὸν
593 451 860 514 ,ϐασιλέα
888 455 1078 526 αὐτῆς
1113 457 1210 512 καὶ
1235 459 1340 511 τεν
1367 459 1629 528 ἄρχοντα
1652 463 1741 514 αὺ-

1857 461 1912 514 in
1957 460 2295 526 Jerusalem,
2371 469 2602 514 assumet
2661 477 2830 532 regem
2895 481 3008 530 ejus
3039 475 3088 519 et
3144 468 3430 539 principem

165 544 300 614 τῆς.
357 543 594 608 Τούτους
633 545 742 618 γὰρ
781 547 1067 602 calicum
1118 547 1209 599 καὶ
1255 549 1408 618 ἄκρα
1456 551 1756 620 κέκληκεν

163 637 578 703 ἁπαλότητος.
624 639 840 710 Μόσχον
871 640 928 693 δὲ
969 641 1138 711 αὐτῆς
1183 657 1314 712 φησι
1361 643 1420 696 τὸ
1464 643 1757 714 θυσιαστή-

167 745 308 798 ριον,
343 729 402 781 ἐν
425 725 470 796 ᾧ
501 729 734 801 μόσχους
765 733 856 785 καὶ
887 732 1076 796 θυσίας
1102 733 1365 804 ἀνέφερον
1389 755 1400 766 ·
1427 736 1462 790 δι
1491 735 1553 808 δή
1583 737 1756 790 πάντα

167 819 562 893 συντέτριπται
605 823 746 892 μετὰ
761 825 995 896 Σαρίων,
1013 825 1040 878 ὃ
1073 826 1220 880 ἐστιν
1249 828 1546 900 ἀρχόντων.
1567 829 1754 894 Οὕτως

161 905 258 962 οἷν
291 928 430 982 φησι
463 913 740 984 συντρίψει
771 915 863 967 καὶ
907 917 1031 980 τοὺς
1066 918 1123 968 ὲν
1171 921 1282 982 τοῖς
1311 917 1516 982 λοιποῖς
1550 919 1757 972 ἔθνεσιν

163 1001 408 1066 ἀσεϐεῖς,
449 1005 574 1067 τοὺς
604 1005 994 1076 ἐπαιρομένους
1020 1007 1095 1072 ὼς
1123 1009 1222 1071 τὰς
1267 1009 1490 1082 κέδρους
1523 1009 1616 1064 τοῦ
1651 1013 1747 1064 Λι-

165 1097 194 1148 6
205 1097 330 1148 ανου
341 1137 356 1149 .

233 1185 413 1254 Φωνὴ
445 1186 664 1254 Kvplov
710 1190 1113 1258 συσσείοντος
1142 1191 1384 1261 ἔρημον,
1427 1193 1753 1248 συσσείσει

163 1279 388 1346 Κύριος
429 1279 544 1348 τὴν
581 1282 804 1351 ἔρημον
849 1280 1068 1349 Κάδης.
1115 1285 1352 1356 Ἀληθῶς
1395 1285 1500 1356 γὰρ
1546 1289 1578 1358 ἡ
1616 1287 1756 1358 σύμ-

165 1391 316 1425 πασα
349 1372 456 1424 τῶν
492 1373 794 1446 ἀνθρώπων
827 1377 1138 1448 οἰκουμένη,
1171 1377 1373 1448 ἔρημος
1401 1375 1536 1432 οὖσα
1561 1379 1752 1450 πρότε-

165 1483 256 1536 ρον
291 1465 428 1520 Θεοῦ
457 1469 710 1534 γνώσεως
735 1471 828 1522 καὶ
853 1469 1152 1535 εὐσεϐείας,
1191 1471 1506 1542 συνεσείσθη
1543 1471 1630 1524 διὰ
1655 1471 1749 1524 τοῦ

161 1559 522 1628 εὗαγγελικοῦ
557 1565 928 1633 κηρύγματος,
973 1565 1047 1628 ὼς
1081 1563 1404 1635 μεταϐαλεῖν
1443 1565 1612 1636 αὐτὴν
1643 1565 1750 1618 ἀπὸ

160 1653 368 1716 κακίας
413 1655 494 1716 εἰς
525 1654 744 1724 ἀρετὴν,
794 1653 888 1708 καὶ
915 1657 1022 1710 ἀπὸ
1057 1657 1276 1724 ἀγνοίας
1316 1659 1394 1720 εἰς
1437 1658 1750 1730 ἐπιστήμην

159 1741 331 1796 θείαν.
365 1744 594 1813 Γέγονεν
628 1741 720 1798 οὖν
749 1747 806 1814 ἐξ
837 1748 1042 1818 ἐρήμου
1077 1747 1388 1820 οἰκουμένη.

225 1925 406 1992 Φωνὴ
463 1929 687 1996 Κυρίου
749 1927 1239 1998 καταρτιζομένου
1295 1927 1580 1998 ἐλάφους,
1645 1927 1744 1982 καὶ

163 2015 546 2084 ἀποκαλύψει
588 2015 869 2086 δρυμοὺς,
899 2017 996 2070 καὶ
1038 2018 1106 2070 ἐν
1145 2017 1224 2084 τῷ
1255 2019 1379 2084 ναῷ
1410 2020 1594 2073 αὐτοῦ
1626 2019 1745 2085 πᾶς

163 2126 246 2174 τις
289 2109 458 2177 λέγει
513 2109 720 2174 δόξαν.
773 2112 1032 2179 Ἐλὰςεους
1063 2111 1194 2184 γὰρ,
1236 2113 1420 2184 φησὶν,
1469 2115 1496 2165 ὁ
1541 2113 1744 2182 Κύριος

163 2201 634 2272 καταρτισάμενος
659 2219 672 2230 ·
706 2199 842 2266 ζῶον
889 2204 1188 2274 φιλέρημον
1219 2204 1531 2272 ὁσιοκτόνον
1559 2221 1616 2257 τε
1653 2207 1746 2258 καὶ

165 2293 526 2364 κερασφόρον,
565 2295 658 2348 καὶ
704 2295 846 2348 κατὰ
880 2297 970 2348 τὸν
1018 2296 1180 2366 νόμον
1243 2296 1505 2368 καθαρὸν,
1554 2298 1613 2350 ὃν

167 2381 409 2452 ἐπεμψεν
427 2385 510 2446 εἰς
531 2384 628 2454 τήν
649 2385 1084 2456 προδηλωθεῖσαν
1117 2386 1340 2456 ἔρημον.
1371 2389 1432 2440 Οἱ
1459 2389 1514 2440 δὲ
1542 2389 1744 2458 ταύτην

160 2473 546 2545 διαδραμόντες
577 2475 704 2538 τοὺς
736 2477 793 2527 ὲν
824 2477 958 2548 αὐτῇ
995 2477 1146 2546 ὀφεις
1178 2483 1292 2542 τοῖς
1334 2481 1542 2534 ἑαυτῶν
1584 2500 1742 2535 κατε-

159 2565 414 2636 ’πάτησαν
444 2567 588 2630 ποσὶ,
620 2567 800 2621 πάντα
846 2585 904 2619 τε
935 2569 1002 2621 τὰ
1034 2571 1089 2622 ἐν
1119 2573 1180 2640 τῇ
1211 2573 1400 2642 μῳ
1441 2573 1618 2626 ξοϐόλα
1652 2573 1747 2646 θη-

165 2657 254 2728 ρία
286 2657 502 2728 μακρὰν
539 2657 826 2730 ἀπήλασαν
851 2677 862 2688 ·
893 2651 965 2716 ὧν
1007 2661 1326 2726 ἐλαθέντων,
1363 2665 1746 2738 ἀπεκαλύφθη-

161 2765 260 2800 σαν
289 2752 338 2802 οξ
373 2750 564 2820 δρυμοί
593 2769 604 2780 ·
637 2752 748 2806 Καὶ
788 2753 858 2804 ἑν
897 2752 976 2817 τῷ
1012 2753 1136 2818 ναῷ
1171 2753 1288 2820 πᾶς
1323 2774 1409 2822 τις
1449 2759 1610 2828 λέγει
1643 2759 1743 2812 δέ·

161 2839 288 2904 ξαν.
337 2842 550 2913 Σφόδρα
577 2845 822 2915 ἀκριϐῶς
851 2844 1094 2916 εἴρηται·
1129 2848 1234 2899 Καὶ
1267 2847 1336 2900 ἐν
1367 2847 1446 2913 τῷ
1487 2849 1611 2914 τ·αῷ
1643 2854 1745 2904 αὑ-

161 2931 258 2984 τοῦ
303 2930 426 2998 πᾶς
463 2951 556 3000 τις
597 2939 764 3004 λέγει
817 2935 1038 3000 δόξαν·
1083 2937 1266 2988 οὐκέτι
1316 2937 1424 3009 γὰρ
1479 2939 1742 3004 Ἰουδαῖοι,

163 3023 269 3076 οὐδὲ
289 3027 318 3076 ὁ
346 3027 414 3077 ἐκ
447 3025 756 3096 περιτομῆς
794 3026 942 3090 λαὸς,
981 3027 1114 3080 ἀλλὰ
1145 3030 1250 3091 πᾶς
1273 3046 1358 3092 τις
1403 3032 1430 3083 ὀ
1463 3029 1520 3094 ἐξ
1567 3031 1744 3084 ἁπάν-

165 3130 256 3168 των
281 3117 392 3168 τῶν
429 3116 603 3170 ἐθνῶν
627 3117 1000 3190 ἐπιστραφείς.
1032 3119 1246 3187 Κύριος
1289 3119 1472 3189 ἰσχὺν
1500 3121 1579 3186 τῷ
1613 3122 1742 3187 λαῷ

162 3208 334 3261 αὐτοῦ
373 3207 590 3262 δώσει·
624 3211 841 3278 Κύριος
885 3210 1206 3279 εὐλογήσει
1240 3210 1348 3263 τὸν
1369 3211 1524 3264 λαὸν
1554 3213 1741 3266 αὑτοῦ

163 3300 222 3350 ἰν
246 3299 479 3370 εἰρήνῃ.

687 3391 980 3445 ΨΑΛΜΟΣ
1017 3391 1191 3446 ΩΔΗΣ

163 3483 290 3536 ΤΟΥ
310 3483 789 3538 ΕΓΚΑΙΝΙΣΜΟΥ
815 3486 949 3538 ΤΟΥ
975 3486 1185 3540 ΟἷΚΟΥ
1211 3487 1352 3542 ΤΟΥ
1381 3487 1582 3542 AAde
1607 3487 1736 3544 Kf-J'.

223 3613 360 3666 Ἀλλ’
395 3615 546 3669 εἴποι
581 3615 666 3680 τίς
711 3617 776 3670 ἂν
813 3616 952 3688 πρὸς
991 3619 1170 3686 τοῦτο,
1201 3619 1276 3683 ὡς
1309 3621 1564 3692 οὐδεμίαν
1599 3623 1742 3676 οἰκο-

159 3703 320 3776 δομῆς
346 3707 502 3759 οἴκου
531 3707 564 3778 ῆ
590 3707 716 3760 ναοῦ
752 3713 986 3762 ποιεῖται
1021 3711 1242 3782 μνήμην
1267 3728 1279 3740 ·
1315 3711 1434 3764 οὺδέ
1466 3729 1550 3776 τις
1585 3713 1739 3781 λόγος

159 3797 302 3850 ἐττίν
339 3799 396 3850 ἑν
431 3799 514 3868 τῷ
557 3799 756 3870 ψαλμῷ
795 3801 1093 3872 δυνάμενος
1131 3803 1394 3874 ἁρμόζειν
1441 3806 1738 3872 ὲγκαινίοις

159 3889 324 3954 οἴκου,
383 3891 460 3956 ὡς
513 3892 731 3962 νομίσαι
796 3893 916 3948 τινὰ
983 3895 1076 3947 ἐπὶ
1143 3895 1482 3966 ὲγκαινισμῷ
1531 3897 1625 3949 τοῦ
1680 3900 1736 3950 ἐν

167 3977 556 4052 Ἱεροσολύμοις
581 3982 688 4034 νεὼ
711 3985 801 4036 τὸν
829 3983 1188 4056 προκείμενον
1216 3985 1430 4055 ψαλμὸν
1461 3989 1732 4058 εἰρῆσθαι.

169 4069 306 4122 Ἀλλ’
343 4073 466 4124 ἐπεὶ
501 4073 952 4145 προγέγραπται,
988 4074 1161 4147 ᾨδῆς
1207 4076 1598 4144 ἐγκαινισμοῦ
1629 4079 1735 4131 τοῦ

159 4163 358 4216 οἴκου·
415 4166 614 4218 σκόπει
662 4168 871 4238 μήποτε
925 4168 1072 4220 οἷκον
1116 4169 1348 4222 ἐνταῦθα
1393 4171 1491 4242 τὴν
1539 4172 1732 4224 ἑαυτοῦ

161 4251 328 4323 ᾤυχὴν
355 4254 684 4308 αἰνίττεται·
729 4258 786 4307 ἐν
883 4257 944 4310 τὸ
975 4257 1114 4311 θεῖον
1146 4259 1388 4330 Πνεῦμα,
1423 4260 1498 4323 ὡς
1535 4263 1590 4313 ὲν
1621 4261 1733 4332 ναῷ

163 4345 376 4415 οἱκῆσάν
423 4363 578 4410 ποτε,
618 4347 796 4418 καιρῷ
826 4365 930 4401 τινι
970 4349 1174 4420 ἔρημον
1207 4352 1376 4420 αὐτὴν
1417 4352 1730 4406 καταλέλοι-

163 4451 280 4500 πεν,
337 4438 698 4510 ἀναχωρῆσαν
751 4439 837 4492 διὰ
895 4439 994 4511 τὴν
1053 4441 1535 4512 πλημμεληθεῖσαν
1585 4445 1730 4515 αὐτῷ

163 4527 300 4580 κατὰ
341 4529 428 4582 τον
469 4530 674 4600 Οὐρίαν
718 4531 812 4596 καὶ
856 4531 954 4602 τὴν
1000 4531 1188 4585 τούτου
1232 4535 1465 4600 γυναῖκα
1507 4535 1738 4604 πρᾶξιν·

163 4611 222 4662 δι’
255 4614 320 4682 ἣν
349 4616 442 4667 καὶ
478 4616 638 4686 μέχρι
673 4616 764 4670 τοῦ
809 4617 1040 4672 θανάτου
1093 4621 1425 4692 κατελήλυθε
1447 4663 1460 4686 ,
1509 4623 1576 4677 τὰ
1629 4625 1734 4696 πρὸ

165 4701 376 4758 θάνατον
417 4709 780 4778 ἁμαρτήσας·
813 4709 1056 4781 δυνάμει
1103 4711 1160 4764 δὲ
1205 4714 1326 4765 τότε
1380 4715 1474 4766 καὶ
1521 4717 1601 4778 εἰς
1645 4716 1734 4769 τὸν

165 4793 388 4860 λάκκον,
439 4799 534 4852 καὶ
588 4802 668 4862 εἰς
707 4799 800 4852 τὸν
844 4801 976 4872 ᾅδην
1025 4803 1364 4874 κατηνέχθη,
1421 4805 1624 4877 κατέϐη
1673 4823 1734 4859 τε

167 4887 366 4958 ἀληθῶς
391 4893 474 4953 εἰς
501 4890 828 4962 διαφθοράν·
877 4892 954 4955 ὼς
983 4893 1072 4945 διὰ
1117 4894 1290 4948 ταῦτα
1325 4895 1542 4966 θρήνοις
1569 4897 1734 4948 αὐτὸν

169 4981 444 5050 σχολάσαι,
503 4983 708 5037 σάκκον
759 5001 819 5037 τε
878 4986 998 5038 ἀντὶ
1027 4986 1128 5056 τῆς
1173 4987 1454 5058 βασιλικῆς
1507 4988 1734 5058 ἐσθῆτος

169 5073 564 5144 περιϐαλέσθαι.
612 5074 754 5126 Ἀλλ’
799 5076 986 5148 ἐπειδὴ
1037 5077 1312 5146 ἀξιόλογον
1364 5079 1736 5150 ἐνδειξάμενος

166 5162 462 5228 μετάνοιαν,
499 5167 692 5218 ἑαυτόν
737 5183 798 5218 τε
833 5165 1070 5229 κολάσας
1116 5169 1209 5220 καὶ
1256 5171 1733 5241 τιμωρησάμενος,

164 5251 354 5317 ἱκανῶς
375 5273 436 5308 τε
463 5258 880 5328 ἐγκαρτερήσας
907 5261 1027 5320 ταῖς
1059 5258 1528 5332 ἐξομολογήσεσιν,
1563 5263 1735 5331 ἐπαγ-ο

167 5342 339 5406 γελίαν
379 5347 626 5416 ἀφέσεως
672 5348 774 5418 τῆς
821 5348 1091 5419 ἁμαρτίας
1143 5349 1368 5422 εἴληφε,
1413 5351 1500 5404 διὰ
1543 5353 1638 5405 τοῦ
1671 5355 1734 5406 ἐκ

171 5435 468 5505 σπέρματος
493 5437 661 5491 αὑτοῦ
689 5439 1146 5510 προελευσομένου
1164 5441 1420 5512 Χριστοῦ,
1451 5443 1734 5512 μέλλοντος

173 5525 260 5576 καὶ
287 5529 468 5601 μέχρις
514 5531 644 5601 ᾅδου
691 5531 1120 5602 καταϐήσεσθαι·
1167 5533 1390 5596 εἰκότως
1423 5535 1520 5604 τῆς
1565 5551 1732 5605 κατη-

175 5617 314 5682 φείας
357 5621 696 5690 μεταϐαλὼν,
731 5623 824 5674 καὶ
855 5623 953 5692 τῆς
982 5625 1066 5692 ἐφ’
1093 5619 1172 5686 οἷς
1210 5625 1506 5696 ἐτόλμησεν
1539 5625 1730 5697 ἐξομο-

177 5711 456 5779 λογήσεως,
499 5712 852 5782 εὐχαριστίαν
895 5715 1206 5786 ἀναπέμπει
1251 5717 1328 5786 τῷ
1367 5717 1487 5788 Θεῷ
1519 5717 1726 5788 λέγων·

247 5857 344 5905 ’⁸-⁸³
369 5865 564 5922 Ezech.
599 5883 732 5928 nu,
767 5867 849 5921 12.

1859 553 1974 622 ejus
1997 553 2138 606 ἐ’-⁸³.
2155 551 2266 607 Hos
2292 553 2484 608 selecta
2507 561 2682 620 vocat,
2711 565 2760 608 et
2785 559 3111 613 summitates
3159 561 3432 628 frondium

1860 655 2159 700 tenerorum
2209 647 2350 716 ejus.
2381 645 2625 700 Vitulum
2667 655 2846 702 autem
2874 649 3015 718 ejus,
3045 653 3214 708 altare
3247 663 3429 718 vocat,

1859 738 1912 791 in
1943 755 2050 808 quo
2075 739 2272 794 vitulos
2304 747 2358 794 et
2399 739 2666 794 sacriﬁcia
2698 739 3017 796 offerebant.
3055 743 3185 810 Quae
3223 747 3428 810 omnia,

1857 849 1964 886 una
1995 849 2118 888 cum
2155 831 2363 896 Sariis,
2399 831 2450 884 id
2492 841 2575 886 est
2623 833 2967 902 principibus
3014 835 3154 903 ejus,
3194 837 3430 892 contrita

1857 939 2005 980 sunt.
2041 923 2138 988 Ita,
2177 925 2374 994 inquit,
2419 931 2740 978 caeterarum
2780 926 3020 994 gentium
3059 927 3255 996 impios
3298 944 3430 985 con-

1855 1021 2015 1080 teret,
2050 1016 2140 1086 qui
2173 1015 2346 1070 instar
2378 1015 2669 1070 ccdrorum
2703 1013 2895 1084 Libani
2933 1017 3303 1087 erigebantur.

1927 1193 2092 1250 Vnus.
2123 1193 2176 1248 8.
2235 1193 2350 1248 Vox
2398 1193 2615 1250 Domini
2663 1195 3007 1251 concutientis
3047 1195 3332 1260 desertum,
3381 1205 3431 1251 et

1855 1287 2192 1342 comntoeebit
2241 1285 2502 1342 Dominus
2547 1289 2812 1342 desertum
2867 1288 3056 1344 Cades.
3095 1288 3235 1344 Vere
3283 1299 3430 1345 totus

1853 1383 2003 1437 orbis
2037 1383 2340 1444 hominum,
2362 1397 2486 1434 cum
2516 1391 2642 1436 ante
2671 1381 2766 1436 Dei
2797 1383 3106 1452 cognitione
3143 1399 3204 1436 ac
3232 1383 3432 1453 pietate

1853 1485 2058 1524 vacuus
2087 1478 2138 1522 et
2183 1468 2433 1524 desertus
2469 1479 2646 1532 esset,
2683 1487 2778 1540 per
2819 1473 3186 1542 evangelicum
3233 1473 3430 1542 prmdi-

1853 1563 2124 1615 eationem
2161 1571 2471 1616 commotus
2506 1569 2625 1626 est,
2677 1561 2750 1614 ita
2788 1574 2842 1617 ut
2874 1579 2904 1617 a
2943 1565 3188 1634 nequitia
3217 1565 3284 1618 ad
3315 1566 3428 1620 vir-

1853 1663 2022 1707 tutem
2045 1696 2060 1718 ,
2098 1653 2166 1704 ab
2210 1653 2516 1723 ignorantia
2553 1653 2618 1706 ad
2644 1655 2926 1708 scientiam
2965 1655 3204 1708 divinam
3239 1663 3424 1710 trans-

1853 1753 2078 1799 mearet.
2125 1743 2204 1798 Ex
2239 1745 2455 1800 deserto
2501 1745 2667 1816 igitur
2699 1745 2978 1801 habitatus
3007 1747 3156 1801 orbis
3199 1747 3426 1804 effectus

1775 1835 1818 1890 B
1847 1845 1948 1890 est.

1919 1925 2084 1981 Vens.
2121 1925 2303 1982 9—H.
2357 1927 2470 1980 V01:
2497 1925 2709 1980 Domini
2741 1929 3093 1994 pra'parantis
3137 1945 3331 1992 cervos,
3375 1941 3425 1985 et

1845 2017 2094 2071 reuelabit
2137 2018 2420 2080 condensa,
2454 2027 2501 2070 et
2537 2018 2592 2070 in
2643 2018 2836 2088 templo
2879 2018 2991 2086 ejus
3036 2035 3212 2072 omnes
3252 2020 3424 2074 dicent

1845 2113 2094 2182 gloriam.
2131 2109 2263 2164 Nam
2313 2109 2608 2174 Dominus,
2645 2111 2856 2180 inquit,
2895 2127 3084 2167 cervos
3133 2121 3420 2182 prceparat.

1847 2203 1942 2256 Est
1970 2203 2172 2256 animal
2207 2203 2520 2257 solitudinis
2551 2217 2765 2265 amans,
2808 2203 3153 2272 serpentibus
3182 2205 3421 2266 exitiale.

1844 2303 1894 2347 et
1929 2301 2242 2358 cornutum,
2279 2304 2440 2364 atque
2486 2293 2786 2348 secundum
2821 2293 2990 2364 legem
3021 2297 3284 2350 mundum
3317 2305 3421 2360 est,

1845 2399 1908 2434 ac
1943 2385 1996 2436 in
2025 2382 2343 2454 praedictum
2374 2384 2650 2438 desertum
2678 2384 2939 2438 emissum
2977 2383 3098 2438 fuit.
3125 2383 3228 2450 Qui
3261 2401 3426 2455 porro

1845 2473 2122 2528 desertum
2157 2475 2472 2544 hujusmodi
2503 2481 2855 2545 percurrunt,
2891 2483 3174 2544 serpentes
3197 2476 3430 2546 pedibus

1847 2568 1962 2622 suis
1995 2575 2303 2638 proterunt,
2329 2569 2625 2636 omniaque
2675 2575 2944 2621 venenata
2987 2570 3040 2620 in
3092 2583 3275 2623 eremo
3304 2569 3425 2621 ani-

1847 2661 2012 2714 malia
2073 2659 2264 2730 procul
2316 2659 2562 2730 abigunt.
2621 2659 2830 2724 Quibus
2881 2659 3124 2728 depulsis
3187 2659 3427 2714 revelata

1848 2763 1977 2808 sunt
2012 2763 2302 2821 querceta,
2337 2761 2384 2804 et
2415 2753 2468 2803 in
2515 2753 2705 2817 tempto
2741 2751 2856 2819 ejus
2897 2769 3074 2805 omnes
3113 2751 3286 2805 dicent
3307 2749 3430 2822 glo-

1847 2845 2002 2896 riam.
2043 2843 2266 2896 Summa
2301 2850 2450 2896 certe
2501 2844 2855 2896 accuratione
2900 2843 3106 2896 dictum
3135 2851 3240 2905 est,
3290 2854 3338 2897 et
3371 2845 3426 2898 in

1849 2935 2037 3004 temp.'o
2065 2936 2178 3004 ejus
2215 2951 2390 2988 omnes
2428 2933 2600 2987 dicent
2629 2933 2890 3004 gloriam;
2923 2951 3030 2989 non
3058 2937 3202 2989 enim
3227 2935 3424 3002 Judaei,

1846 3043 2022 3096 neque
2069 3027 2302 3096 populus
2333 3041 2398 3080 ex
2435 3025 2890 3090 circumcisione,
2934 3027 3030 3082 sed
3069 3027 3318 3098 quisquis
3357 3045 3422 3084 ex

1847 3119 2104 3174 (minibus
2134 3118 2388 3188 gentibus
2424 3131 2727 3173 conversus
2757 3125 2860 3173 est.
2894 3117 3148 3172 Dominus
3181 3121 3424 3176 virtutem

1847 3210 2036 3279 populo
2072 3227 2169 3263 suo
2199 3207 2385 3272 dabit;
2418 3207 2681 3262 Dominus
2713 3207 2974 3262 benedicet
3021 3213 3212 3279 populo
3241 3228 3334 3264 suo
3367 3213 3424 3266 in

1847 3319 1992 3372 pace.

2301 3389 2630 3447 PSALMUS
2669 3391 2946 3447 CANTICI

1949 3488 2002 3542 1.
2031 3486 2096 3542 IN
2123 3485 2584 3540 DEDICATIONE
2623 3483 2860 3540 DOMUS
2897 3483 3104 3539 DAVID
3127 3483 3318 3539 XXIX.

1915 3619 2022 3675 Sed
2057 3619 2294 3675 fortasse
2315 3618 2588 3689 quispiam
2611 3618 2680 3672 ad
2703 3619 2818 3674 haec
2847 3617 3070 3682 dixerit,
3107 3618 3254 3689 quod
3293 3619 3420 3672 uul—

1841 3715 1948 3768 lam
1976 3715 2066 3768 hic
2096 3719 2388 3768 structurae
2427 3712 2625 3766 domus
2671 3711 2790 3766 sive
2831 3712 3018 3780 templi
3063 3711 3228 3765 faciat
3259 3726 3418 3764 men-

1839 3807 2043 3860 tionem
2083 3825 2096 3858 :
2157 3819 2256 3859 nec
2288 3803 2570 3872 quidpiam
2605 3801 2660 3854 in
2695 3802 2906 3870 psalmo
2935 3803 3238 3870 reperiatur
3269 3801 3418 3871 quod

1839 3897 2011 3968 possit
2041 3896 2372 3951 dedicationi
2403 3895 2602 3948 domus
2633 3904 2964 3963 competere,
2997 3901 3058 3946 ut
3107 3894 3232 3963 quis
3263 3903 3422 3964 puta-

1837 3984 1978 4038 verit
2023 3981 2089 4036 de
2129 3983 2314 4052 templi
2359 3981 2840 4052 liierosolymitani
2897 3981 3242 4037 dedicatione
3275 3984 3422 4038 hunc

1837 4072 2106 4141 psalmum
2135 4071 2546 4138 pronuntiatum
2578 4069 2768 4126 fuisse.
2803 4069 3003 4125 Verum
3035 4073 3296 4140 quoniam
3335 4074 3416 4128 in.

1837 4163 2138 4217 scribitur:
2170 4161 2420 4216 Psalmus
2468 4163 2662 4214 cantici
2717 4161 2772 4214 in
2827 4160 3156 4216 dedicatione
3188 4162 3412 4230 domus,

1835 4255 1990 4320 mihi,
2017 4269 2224 4323 quaeso,
2246 4253 2584 4316 consideres,
2609 4269 2738 4306 num
2762 4253 2850 4306 hic
2875 4267 2972 4322 per
2995 4253 3238 4315 domum,
3261 4271 3418 4310 suam

1835 4347 2009 4418 ipsam
2055 4345 2292 4398 animam
2329 4344 2618 4398 adumbret
2659 4363 2672 4397 :
2730 4343 2784 4396 in
2839 4357 2946 4412 qua
2996 4360 3122 4396 cum
3179 4343 3420 4414 Spiritus

1851 4444 2070 4490 sant-tus
2101 4451 2200 4490 ceu
2231 4436 2282 4487 in
2315 4433 2518 4503 templo
2573 4431 2868 4501 aliquando
2898 4431 3220 4494 habitasset,
3276 4448 3418 4502 quo-

1775 4523 1818 4576 D
1847 4527 1970 4580 dam
1995 4535 2240 4594 tempore
2268 4525 2538 4578 desertam
2569 4537 2688 4576 eam
2723 4522 2962 4591 reliquit,
2997 4532 3161 4591 atque
3185 4521 3415 4576 recessit

1841 4622 1910 4674 ob
1941 4628 2214 4690 patratum
2247 4617 2302 4671 in
2329 4616 2514 4670 Ut’iam
2547 4622 2600 4668 et
2623 4630 2846 4668 uxorem
2873 4615 2992 4683 ejus
3017 4613 3264 4680 facinus;
3291 4613 3418 4668 ideo

1841 4714 1908 4768 ad
1945 4721 2172 4766 mortem
2209 4727 2382 4781 usque
2430 4709 2687 4778 delapsus
2737 4717 2842 4774 est,
2887 4708 3014 4777 quia
3073 4707 3140 4760 ad
3181 4715 3412 4762 mortem

1842 4813 2197 4876 peccaverat;
2253 4804 2362 4858 imo
2407 4804 2620 4857 ratione
2664 4801 2898 4871 quadam
2933 4815 3104 4868 usque
3133 4799 3200 4852 ad
3233 4800 3413 4853 lacum

1841 4906 1894 4952 et
1929 4897 1996 4951 ad
2043 4897 2314 4950 infernum
2347 4895 2619 4949 deductus
2649 4901 2754 4956 est,
2795 4907 2858 4943 ac
2909 4891 3086 4958 rcipsa
3129 4889 3412 4946 descendit

1843 4993 1898 5043 in
1935 4989 2380 5058 corruptionem;
2417 4986 2492 5038 ita
2527 4993 2584 5038 ut
2616 4999 2678 5038 ea
2707 4983 2772 5038 de
2801 4995 2964 5034 causa
2993 4979 3206 5034 fletibus
3236 4995 3294 5034 se
3318 4980 3414 5036 de-

1839 5079 2000 5142 derit,
2030 5095 2092 5132 ac
2123 5093 2222 5148 pro
2261 5078 2406 5147 regia
2437 5085 2588 5132 veste
2623 5077 2842 5129 saccum
2891 5071 3148 5126 induerit.
3181 5073 3250 5125 At
3286 5075 3413 5144 quia

1841 5181 2132 5241 postquam
2166 5171 2386 5240 dignam
2445 5169 2694 5224 exhibuit
2747 5165 3147 5236 pmnitentiam,
3195 5179 3258 5220 ac
3293 5181 3414 5222 sese

1839 5263 2126 5331 castigavit
2155 5270 2318 5331 atque
2350 5261 2584 5330 punivit,
2619 5255 3055 5326 congruentique
3084 5264 3328 5324 tempore
3357 5257 3410 5310 in

1838 5355 2282 5411 confessionibus
2311 5351 2700 5424 perseveravit,
2752 5347 3064 5404 remitteudi
3127 5347 3230 5402 sibi
3279 5362 3407 5418 pec-

1838 5448 1944 5501 cati
1973 5447 2396 5518 promissionem
2449 5451 2643 5497 nactus
2683 5448 2788 5504 est,
2820 5455 2916 5509 per
2949 5438 3227 5494 Christum
3259 5437 3406 5493 Scili-

1838 5545 1924 5594 cet
1980 5553 2044 5591 οι
2099 5537 2218 5604 ejus
2271 5532 2480 5588 semine
2529 5532 2900 5601 proditurum,
2934 5537 2988 5582 et
3029 5529 3094 5582 ad
3129 5527 3408 5582 infernum

1839 5643 2012 5696 usque
2046 5627 2476 5686 descensurum;
2505 5621 2630 5690 jure
2677 5637 2706 5674 a
2741 5620 2964 5674 tristitia
2997 5627 3051 5674 ct
3077 5635 3104 5672 a
3137 5619 3409 5674 scelerum

1836 5717 2180 5772 confessione
2237 5713 2561 5778 transi-alus,
2593 5713 2800 5784 gratias
2836 5713 2946 5781 agit
3001 5711 3132 5772 Deo,
3167 5709 3357 5764 dicens.
3387 5725 3406 5762 ·
