3940 6292
536 285 642 342 2'59

1066 276 1332 336 EUSEBII
1370 277 1852 335 CIESARIENSIS
1888 278 2037 334 OPP.
2096 279 2275 335 PARS
2338 278 2515 337 lll.-—
2550 278 2963 337 EXEGETICA.

3661 286 3781 337 260

539 394 786 459 Domine,
828 392 1058 447 eduxisti
1085 390 1150 445 ab
1179 390 1382 461 inferno
1414 392 1648 445 animam
1670 407 1859 456 meam,
1890 391 2104 445 salvasti

2210 393 2404 461 Κύριε,
2423 391 2717 461 ἀνήγαγες
2743 391 2813 456 ἐξ
2834 391 2982 460 ᾅδου
3000 392 3112 461 τὴν
3134 392 3345 462 ψυχήν
3364 410 3503 461 μου,
3531 393 3780 461 ἕσωσὰς

540 505 623 545 me
643 505 679 544 α
707 484 1134 541 descendentibus
1163 485 1218 538 in
1254 484 1426 538 lacum
1453 501 1472 537 :
1507 485 1821 554 luctumque
1856 500 2015 539 suum
2048 485 2106 538 in

540 579 783 635 laetitiam
811 592 1031 633 versum
1072 577 1158 632 his
1181 576 1366 632 verbis
1397 574 1723 631 testiﬁcatur
1748 594 1759 629 :
1791 575 2106 631 Convertisti

535 670 805 739 planctum
829 685 1000 722 meum
1029 668 1083 720 in
1110 666 1366 737 gaudium
1396 666 1548 732 mihi,
1573 667 1874 721 conscidisti
1897 683 2107 720 saccum

537 778 709 816 meum
738 772 789 816 et
831 759 1223 815 circumdedisti
1268 775 1351 813 me
1398 759 1608 813 lmtitia.
1653 759 1789 814 Cum
1820 758 1989 829 igitur
2015 758 2105 814 hic

537 852 783 918 domum,
826 850 1051 905 Davidis
1077 850 1314 904 animam
1344 849 1587 904 indicare
1617 856 2105 904 commonstratum

539 944 646 1009 sit,
682 942 914 1012 hujusce
958 940 1157 996 domus
1190 938 1527 996 dedicationi
1563 954 1684 1009 qua:
1718 938 1809 993 hic
1847 937 2107 993 dicuntur

539 1035 775 1106 aptanda
803 1039 952 1087 sunt.

614 1210 775 1268 Vens.
807 1212 863 1275 ‘2,
893 1212 948 1266 3.
990 1209 1258 1264 Exaltabo
1292 1218 1360 1277 te,
1385 1208 1627 1275 Domine,
1651 1212 1901 1279 quoniam
1926 1226 2105 1265 susce-

530 1302 663 1373 pisti
688 1318 788 1365 me,
816 1317 908 1354 nec
936 1299 1208 1355 delectasti
1241 1299 1485 1352 inimicos
1522 1315 1660 1352 meos
1685 1314 1839 1367 super
1867 1316 1967 1354 me.
1992 1299 2105 1353 Do-

536 1395 677 1449 mine
720 1394 857 1448 Deus
882 1409 1047 1457 meus,
1083 1393 1311 1447 clamavi
1339 1390 1408 1444 ad
1442 1400 1510 1456 te,
1541 1400 1591 1445 et
1619 1393 1828 1445 sanasti
1860 1408 1960 1447 me.
1996 1391 2107 1445 Du-

537 1486 696 1549 mine,
723 1484 955 1539 eduxisti
987 1484 1050 1538 ab
1082 1485 1286 1553 inferno
1312 1484 1542 1536 animum
1570 1499 1760 1548 meam,
1790 1483 2011 1538 salvasti
2027 1500 2107 1538 me

536 1575 1021 1631 adescendentibus
1050 1578 1106 1630 in
1137 1578 1331 1630 locum.
1382 1573 1508 1629 Haec
1554 1573 1724 1629 David
1758 1575 1813 1629 in
1850 1576 2106 1646 praesenti

537 1670 750 1741 psalmo
783 1669 951 1734 dicit;
988 1669 1042 1723 in
1072 1670 1338 1739 vigesimo
1385 1668 1621 1740 septimo
1654 1674 1858 1733 autem,
1887 1669 1962 1722 ita
1992 1671 2106 1723 cla-

2202 502 2280 553 με
2305 484 2422 538 ἀπὸ
2459 482 2578 537 τῶν
2607 485 3083 538 καταϐαινόντων
3119 486 3205 550 εἷς
3245 485 3494 547 λάκκον,
3542 485 3782 555 μεταϐε-

2208 574 2434 646 ϐλῆσθαί
2485 592 2545 628 τε
2592 575 2739 646 αὑτῷ
2783 575 2852 627 τὰ
2895 574 2986 628 τοῦ
3035 576 3260 641 πένθους
3307 578 3386 640 εἰς
3436 576 3782 649 εὐφροσύνην

2211 667 2461 739 σημαίνει
2492 666 2585 719 καὶ
2615 667 2680 719 δι’
2703 661 2776 719 ὧν
2809 667 2999 738 φησίν·
3029 668 3359 736 ’Ἐστρεψας
3390 667 3496 721 τὸν
3516 669 3784 724 κοπετὸν

2207 762 2296 825 είς
2346 758 2540 829 χαρὰν
2593 759 2756 827 ἐμοί’
2806 757 3118 826 διέρῤηξας
3173 761 3279 813 τὸν
3336 759 3569 813 σάκκον
3619 779 3782 830 μου,

2208 851 2305 904 καὶ
2338 848 2694 919 περιέζωσάς
2728 867 2805 919 με
2842 852 3245 919 εὐφροσύνην.
3282 850 3625 922 Δεδειγμένου
3664 853 3786 906 τοί-

2207 959 2303 997 νυν
2334 941 2428 995 τοῦ
2469 941 2617 995 οἴκου
2645 942 2745 1012 τῆς
2782 940 2875 995 τοῦ
2909 940 3067 993 Δαυῒδ
3097 942 3291 1013 ψυχῆς,
3327 942 3434 1015 ἄρα
3474 943 3548 1013 τῷ
3579 946 3784 1011 ἐγκαι-

2207 1032 2384 1106 νισμῷ
2435 1032 2528 1087 τοῦ
2575 1031 2811 1085 τοιούτου
2857 1030 3008 1085 οίκου
3064 1032 3390 1104 ἐφαρμόζειν
3440 1031 3507 1085 τὰ
3549 1032 3786 1104 προκεί-

2210 1142 2368 1197 μενα.

2288 1213 2540 1285 ’Υψὼσω
2571 1232 2664 1280 σε,
2706 1216 2901 1284 Κύριε,
2940 1215 3029 1268 ὅτι
3060 1212 3355 1280 ὑπέλαϐές
3380 1230 3487 1283 με,
3528 1213 3623 1267 καί
3659 1215 3783 1268 οὐκ

2206 1307 2517 1377 ηὔφρανας
2563 1306 2703 1372 τοὺς
2752 1306 3003 1374 ἐχθρούς
3048 1323 3167 1374 μου
3222 1306 3313 1357 ἐπ’
3358 1306 3505 1369 ἐμοί.
3536 1306 3786 1374 Κύριεὸ

2210 1400 2352 1465 Θεός
2377 1417 2518 1469 μου,
2552 1397 2847 1465 ἐκέκραξα
2889 1396 3039 1464 πρὸς
3068 1397 3174 1456 σὲ.
3209 1397 3308 1451 καὶ
3349 1396 3493 1450 ὶάσω
3512 1415 3630 1466 μοι.
3661 1398 3786 1452 Κύ-

2200 1509 2313 1561 ριε,
2356 1491 2652 1562 ἀνήγαγες
2681 1491 2750 1557 ἐξ
2788 1490 2936 1559 ᾅδου
2974 1488 3329 1558 τὴνψυχήν
3352 1507 3491 1559 μου.
3531 1488 3787 1555 ἕσωσάς

2203 1601 2281 1654 με
2314 1582 2430 1638 ἀπὸ
2478 1582 2598 1637 τῶν
2638 1582 3112 1636 καταϐαινόντων
3155 1583 3241 1646 είς
3282 1580 3527 1635 λάκκον.
3586 1580 3785 1634 Ταῦτα

2214 1676 2312 1748 μὲν
2344 1676 2372 1728 ὁ
2395 1674 2556 1729 Δαυῒδ
2592 1674 2678 1728 διὰ
2714 1675 2808 1728 τοῦ
2858 1671 2994 1744 μετὰ
3032 1675 3216 1744 χεῖρας
3258 1671 3468 1743 ψαλμοῦ
3496 1673 3680 1741 λέγει·
3729 1673 3785 1725 ὲν

537 1761 721 1815 mabat
752 1761 867 1830 ipse
892 1780 904 1815 :
935 1760 1023 1813 Ad
1052 1772 1119 1825 te,
1148 1759 1385 1826 Domine,
1408 1760 1670 1826 clamabo,
1698 1760 1839 1816 Deus
1862 1777 2027 1825 meus,
2050 1776 2104 1812 ne

2209 1770 2266 1823 δὲ
2311 1767 2387 1840 τῷ
2425 1767 2654 1838 εἰκοστῷ
2688 1766 2899 1837 ἑϐδόμῳ
2935 1764 3132 1837 ψαλμῷ
3176 1766 3205 1817 ό
3236 1764 3394 1827 αὐτὸς
3422 1762 3546 1817 ἐϐόα
3576 1763 3783 1832 λέγων’

530 1853 695 1908 sileas
735 1871 767 1907 a
809 1871 907 1915 me.
936 1870 998 1907 ne
1030 1853 1239 1924 quando
1272 1863 1447 1909 taceas
1490 1872 1524 1909 a
1552 1871 1653 1920 me,
1683 1864 1732 1909 et
1766 1852 2107 1909 assimitabor

535 1944 964 2001 descendentibus
1009 1948 1067 2001 in
1096 1947 1293 2002 lacum.
1327 1946 1434 2003 Sed
1466 1949 1594 2019 quia
1625 1948 1699 2004 ibi
1730 1948 1811 2004 sic
1841 1950 2107 2017 precaba-

535 2047 648 2105 tur,
677 2038 768 2093 hic
796 2038 1006 2110 gratias
1036 2039 1149 2110 agit
1195 2047 1257 2093 ut
1299 2039 1562 2097 detrusus
1599 2049 1727 2095 ante
1757 2047 1813 2095 et
1849 2040 2106 2110 delapsus

535 2131 593 2185 in
618 2130 819 2197 lacum,
856 2130 951 2185 sed
980 2130 1093 2198 jam
1124 2131 1383 2186 reductus
1407 2140 1459 2186 et
1491 2138 1683 2188 erutus
1712 2148 1779 2187 ex
1811 2147 1898 2196 eo,
1928 2147 2107 2202 neque

535 2223 736 2278 similia
770 2236 969 2292 passus
998 2222 1066 2277 iis
1096 2223 1191 2293 qui
1225 2238 1349 2277 cum
1375 2222 1429 2276 in
1462 2222 1638 2292 ipsum
1669 2223 2102 2287 descendissent,

533 2327 817 2384 nunquam
846 2312 972 2368 inde
1008 2323 1199 2383 postea
1252 2321 1618 2369 emerserunt.
1652 2312 1787 2367 Nam
1818 2329 1941 2368 cum
1991 2314 2107 2384 pri-

534 2406 641 2463 mis
674 2406 893 2461 beatum
919 2414 1003 2461 est
1034 2421 1141 2460 non
1166 2420 1429 2476 peccare;
1466 2412 1521 2460 at
1551 2407 1681 2476 quia
1717 2405 1970 2461 humanae
2003 2421 2105 2460 na-

535 2507 674 2552 tura;
703 2496 994 2553 inﬁrmitas
1020 2498 1265 2570 peccatis
1305 2497 1586 2568 subjacet;
1642 2497 1942 2554 secundam
1982 2498 2107 2569 quis

535 2591 937 2663 navigationem
967 2607 1090 2647 esse
1120 2590 1346 2655 dixerit,
1386 2591 1455 2645 ad
1496 2591 1700 2646 bonum
1735 2607 1795 2647 se
1822 2606 2105 2657 revocare,

535 2699 602 2739 ac
624 2691 747 2755 post
772 2684 1027 2739 morbum
1057 2698 1179 2741 sese
1201 2684 1497 2740 restituere
1526 2697 1591 2739 ac
1620 2684 1927 2740 naturalem
1959 2684 2106 2740 reci-

533 2793 664 2850 pere
685 2778 994 2835 sanitatem.

601 3042 767 3100 Vsus.
797 3044 850 3110 5,
886 3043 941 3098 6.
984 3043 1211 3098 Psallite
1242 3043 1487 3108 Domino,
1518 3042 1690 3097 sancti
1736 3040 1870 3110 ejus,
1911 3049 1960 3095 et
1989 3057 2109 3094 con-

539 3133 756 3188 ﬁtemini
812 3133 1081 3187 memoria:
1140 3132 1446 3186 sanctitatis
1500 3131 1636 3201 ejus.
1700 3130 1966 3196 Quoniam
2020 3130 2105 3182 ira

532 3225 589 3279 in
641 3223 1004 3294 indignatione
1052 3224 1190 3294 ejus,
1260 3232 1309 3277 et
1368 3224 1478 3276 vita
1533 3224 1591 3275 in
1637 3221 1910 3275 voluntate
1967 3220 2103 3291 ejus.

539 3314 719 3386 Rogat
764 3322 825 3370 ut
875 3315 980 3371 sibi
1035 3313 1322 3385 poenitenti
1378 3312 1851 3383 congratulcntur.
1890 3319 1944 3366 et
1978 3326 2109 3365 con-

534 3406 815 3470 ﬁteantur,
860 3405 914 3461 id
960 3412 1066 3467 est,
1113 3404 1319 3475 gratias
1366 3412 1531 3473 agant
1559 3401 1835 3456 memoriae
1896 3401 2105 3457 sancti-

534 3499 666 3552 tatis
693 3497 855 3566 ejus;
907 3509 972 3551 ac
1024 3494 1069 3549 si
1103 3495 1332 3556 diceret,
1378 3499 1439 3546 ut
1472 3492 1791 3546 memoriam
1822 3491 2104 3555 refricem,

532 3604 712 3661 neque
754 3588 1155 3642 obliviscantur
1186 3586 1455 3640 bonorum
1500 3600 1622 3654 quae
1652 3583 1969 3639 hominibus
2000 3582 2106 3637 Do-

533 3684 718 3737 minus
757 3679 1214 3735 subministravit.
1246 3677 1386 3733 Cum
1426 3677 1619 3749 primis
1672 3685 1852 3730 autem
1887 3690 1986 3745 par
2022 3682 2108 3730 est

532 3773 832 3844 gratiarum
893 3770 1204 3824 actionibus
1254 3769 1535 3831 insistere,
1590 3781 1862 3821 memores
1908 3765 2107 3821 divinae

532 3862 909 3934 benignitatis,
945 3876 1067 3931 qua:
1102 3868 1256 3914 tanta
1287 3866 1394 3925 est,
1430 3868 1489 3914 ut
1514 3872 1794 3928 nunquam
1836 3858 1965 3913 velit
1994 3872 2107 3911 ma-

533 3955 647 4010 lum
674 3954 990 4009 hominibus
1018 3951 1301 4007 obvenire.
1343 3949 1501 4017 Quod
1530 3950 1577 4006 si
1603 3951 1887 4021 contingat
1915 3964 2108 4019 quem-

533 4046 679 4118 piam
701 4046 772 4100 ob
794 4044 1072 4115 pr0priam
1104 4042 1509 4113 improbitatem
1536 4043 1901 4113 castigatione
1923 4055 2104 4112 egere,

532 4139 652 4209 ipse
681 4137 787 4193 sibi
811 4138 945 4191 iram
972 4133 1367 4206 indignationis
1394 4142 1677 4206 procurat.
1702 4134 1863 4190 Certe
1903 4134 2104 4189 volun-

538 4239 628 4284 tas
652 4226 748 4284 Dei
781 4244 892 4283 non
924 4236 1157 4283 mortem
1180 4226 1516 4291 hominibus,
1539 4225 1635 4281 sed
1668 4224 1836 4280 vitam
1877 4226 2103 4294 expetit.

538 4321 721 4390 Quare
750 4322 859 4377 alio
883 4323 938 4377 in
967 4323 1089 4378 loco
1124 4322 1325 4377 dicitur
1355 4338 1371 4374 :
1412 4318 1538 4373 Vivo
1579 4334 1695 4389 ego,
1742 4317 1871 4371 dicit
1923 4317 2106 4371 Domi-

2206 1859 2361 1926 Πρὸς
2409 1856 2521 1919 σὲ,
2564 1857 2760 1925 Κύριε,
2797 1854 3182 1924 κεκράξομαι,
3236 1857 3268 1907 ὀ
3311 1854 3455 1919 Θεός
3495 1870 3647 1922 μου,
3698 1853 3784 1923 μὴ

2206 1948 2685 2019 παρασιωπήσῃς
2717 1949 2817 2003 ἀπ’
2851 1947 3017 2018 ἐμοῦ,
3041 1945 3274 2016 μήποτε
3304 1944 3785 2013 παρασιωπήσῃς

2206 2042 2305 2096 ἀπ’
2339 2041 2485 2112 ἐμοῦ
2505 2081 2520 2105 ,
2556 2043 2657 2095 καί
2691 2040 3128 2109 όμοιωθήσομαι
3157 2037 3279 2103 τοῖς
3311 2036 3785 2091 καταϐαίνουσιν

2205 2138 2292 2202 είς
2320 2134 2567 2190 λάκκον.
2614 2133 2753 2187 Ἀλλ’
2786 2134 2912 2186 ἐπεὶ
2947 2133 3046 2203 μὲν
3076 2131 3247 2185 ταῦτα
3284 2127 3508 2200 ηὖχετο’
3542 2128 3783 2183 ἐνταῦθα

2205 2228 2262 2281 δὲ
2278 2229 2409 2298 εὑχα
2418 2226 2587 2299 ριστεί
2607 2226 2683 2290 ὡς
2706 2224 3050 2295 κατενεχθεὶς
3067 2223 3326 2296 πρότερον
3344 2222 3437 2275 καὶ
3456 2218 3784 2274 καταπεσὼν

2206 2320 2286 2383 εἰς
2316 2320 2408 2371 τὸν
2440 2318 2660 2379 λάκκον,
2681 2316 2989 2387 ἀνενεχθεὶς
3014 2315 3072 2368 δὲ
3095 2313 3255 2369 πάλιν
3279 2313 3375 2368 καὶ
3394 2311 3698 2377 ἀνασωθεὶς
3726 2312 3783 2379 ἐξ

2206 2408 2391 2473 αὑτοῦ,
2422 2409 2515 2463 καὶ
2546 2408 2621 2480 μὴ
2647 2405 2821 2475 ταῦτα
2853 2405 3043 2459 παθὼν
3072 2407 3183 2469 τοῖς
3216 2401 3646 2473 καταϐεϐηκόσιν
3683 2401 3784 2472 μὲν

2206 2503 2284 2563 είς
2322 2499 2504 2564 αὐτὸν,
2554 2498 2629 2569 μὴ
2674 2495 3040 2567 ἀναϐεϐηκόσι
3085 2494 3171 2548 δέ·
3208 2493 3631 2566 προηγουμένως
3673 2491 3782 2564 γὰρ

2210 2590 2478 2662 μακάριον
2516 2589 2577 2642 τὸ
2619 2588 2694 2659 μὴ
2733 2589 3036 2660 ἁμαρτεῖνο
3085 2584 3273 2657 ἐπειδὴ
3313 2588 3347 2657 ἡ
3384 2584 3640 2637 ἀσθένεια
3682 2583 3781 2654 τῆς

2206 2682 2554 2753 ἀνθρωπίνης
2581 2681 2795 2751 φύσεως
2822 2679 3031 2742 τούτοις
3075 2677 3375 2741 ὑπόκειται,
3404 2674 3681 2746 δεύτερος,
3707 2675 3780 2739 c'u;

2205 2772 2272 2826 ἂν
2297 2771 2441 2824 εἴποι
2466 2788 2570 2834 τις,
2599 2769 2765 2834 πλοῦς
2789 2769 2850 2823 τὸ
2879 2767 3212 2822 ἀναπαλέσαι
3238 2766 3360 2838 (sic)
3388 2765 3571 2829 καλὸν,
3604 2764 3780 2818 καὶτὸ

2206 2863 2494 2917 ἀναλαϐεῖν
2518 2861 2712 2915 ταύτὸν
2735 2860 2877 2933 μετὰ
2900 2860 2999 2933 τὴν
3022 2859 3198 2923 νόσον,
3224 2858 3319 2912 καὶ
3340 2858 3437 2929 τὴν
3461 2855 3602 2910 κατὰ
3625 2855 3779 2926 φύσιν

2207 2954 2497 3009 ἀπολαϐεῖν
2521 2954 2726 3023 ὑγείαν.

2283 3049 2523 3105 Ψάλατε
2553 3048 2633 3116 τῷ
2663 3048 2856 3117 Κυρίῳ
2895 3051 2951 3102 οί
2987 3048 3143 3102 ὅσιοι
3186 3045 3402 3109 αὐτοῦ,
3438 3043 3538 3099 καί
3569 3044 3776 3113 ἐξομο-

2208 3144 2485 3217 λογεῖσθε
2516 3143 2591 3212 τῇ
2625 3143 2832 3214 μνήμῃ
2867 3142 2979 3212 τῆς
3034 3141 3377 3213 ἁγιωσύνης
3409 3138 3618 3194 αὑτοῦ.
3662 3138 3776 3190 Ὀτι

2207 3237 2351 3308 ὀργὴ
2383 3238 2453 3291 ἑν
2483 3235 2563 3302 τῷ
2587 3234 2751 3305 θυμῷ
2779 3235 2988 3301 αὐτοῦ,
3022 3234 3121 3288 καὶ
3150 3232 3261 3301 ζωὴ
3292 3232 3363 3286 ἐν
3390 3230 3470 3297 τῷ
3495 3230 3777 3300 θελήματι

2205 3329 2413 3386 αὐτοῦ.
2458 3328 2780 3400 Συγχαίρειν
2810 3326 2959 3399 αὺτῷ
2995 3328 3409 3397 μετανοήσαντι,
3450 3324 3547 3378 καὶ
3590 3324 3779 3395 ἐξομο-⁸

2205 3420 2479 3491 λογεῖσθαι
2506 3460 2522 3485 ,
2580 3418 2855 3473 τουτέστιν
2917 3418 3256 3490 εὐχαριστεῖν
3306 3418 3373 3487 τῇ
3433 3417 3621 3487 μνήμῃ
3679 3414 3779 3486 τῆς

2206 3510 2516 3581 ἁγιωσύνης
2547 3506 2738 3564 αὐτοῦ·
2790 3508 2911 3562 ἀντὶ
2953 3508 3069 3572 τοῦ,
3105 3507 3203 3579 τὴν
3238 3508 3455 3579 μνήμην
3488 3507 3775 3571 ἀναζωπυ-

2211 3604 2449 3677 ροῦντες,
2484 3601 2603 3672 μηδ’
2636 3599 3111 3670 ἐπιλανθανόμενοι
3138 3599 3245 3651 τῶν
3275 3597 3424 3670 παρὰ
3459 3597 3553 3651 τοῦ
3575 3597 3778 3669 Κυρίου

2207 3698 2624 3770 χορηγουμένων
2657 3695 2964 3766 ἀνθρώποις
2987 3693 3225 3764 ἀγαθῶν.
3243 3693 3493 3748 Μάλιστα
3522 3693 3581 3746 δὲ
3613 3708 3778 3763 προσ-

2207 3795 2331 3861 ήκει
2395 3790 2493 3861 τὴν
2524 3789 2871 3861 εὐχαριστίαν
2916 3787 3223 3850 ἐπιτείνειν,
3263 3786 3641 3858 μεμνημένους
3680 3786 3777 3853 τῆς

2206 3878 2298 3931 τοῦ
2329 3877 2462 3931 Θεοῦ
2490 3878 2919 3950 φιλανθρωπίας,
2963 3877 3086 3948 ἥτις
3122 3875 3362 3946 τοσαύτη
3395 3875 3669 3945 τυγχάνει,
3701 3872 3775 3933 ὡς

2211 3970 2478 4041 μηδέποτε
2525 3968 2809 4038 βούλεσθαί
2840 3986 2891 4021 τι
2932 3968 3101 4022 κακὸν
3138 3967 3465 4038 ἀνθρώποις.
3508 3968 3573 4020 Ei
3600 3966 3656 4018 δὲ
3681 3963 3775 4017 καί

2206 4062 2338 4115 ποτέ
2394 4078 2479 4124 τις
2526 4060 2614 4114 διὰ
2673 4060 2771 4132 τὴν
2818 4060 3023 4114 οἰκείαν
3083 4058 3382 4130 μοχθηρίαν
3450 4055 3775 4127 ἐπιστροφῆς

2203 4152 2421 4225 δεηθείη
2447 4192 2463 4216 ,
2527 4152 2690 4217 αὐτὸς
2757 4152 2855 4223 μὲν
2914 4150 3090 4221 ἑαυτῷ
3148 4147 3549 4213 κατασκευάζει
3611 4146 3775 4217 θυμὸν

2204 4244 2407 4316 ὀργῆς·
2446 4243 2507 4297 τό
2539 4260 2602 4313 γε
2634 4243 2740 4315 μὴν
2774 4243 2986 4314 θέλημα
3012 4241 3105 4297 τοῦ
3140 4241 3274 4295 Θεοῦ
3296 4282 3311 4305 ,
3356 4245 3567 4313 μήποτε
3600 4240 3774 4312 βούλε-

2203 4337 2324 4391 σθαι
2370 4336 2595 4391 θάνατον
2640 4334 2930 4408 ἀνθρώπῳ,
2977 4332 3113 4387 ἀλλὰ
3158 4334 3323 4404 ζωήν.
3368 4333 3460 4386 Διὸ
3487 4335 3546 4387 ὲν
3579 4332 3771 4402 ἑτέροις

531 4431 653 4480 nus,
687 4415 809 4468 nolo
834 4424 1055 4469 mortem
1082 4412 1397 4483 peccatoris,
1428 4408 1517 4464 sed
1543 4409 1719 4478 potius
1740 4408 2100 4477 poznitentiam

2209 4430 2419 4499 λέγεται
2437 4446 2449 4458 °
2484 4428 2577 4483 Ζῶ
2606 4427 2740 4497 ἐγὼ,
2772 4426 2933 4497 λέγει
2962 4427 3178 4493 Κύριος
3196 4441 3211 4454 ·
3245 4426 3317 4478 οὐ
3344 4411 3645 4494 ,ϐούλομαι
3668 4420 3774 4474 τὸν

529 4505 644 4576 ejus
667 4505 735 4561 “.
764 4505 965 4561 Eodem
998 4520 1218 4577 quoque
1261 4503 1423 4558 modo
1454 4503 1543 4557 hic
1589 4501 1799 4557 dictum
1834 4508 1939 4567 est,
1980 4500 2102 4553 Vita

528 4598 587 4653 in
611 4598 878 4652 voluntate
906 4598 1055 4669 ejus;
1089 4614 1199 4653 non
1228 4597 1373 4652 enim
1417 4597 1503 4649 ira
1545 4596 1601 4649 in
1650 4595 1920 4650 voluntate
1963 4594 2099 4663 ejus.

531 4688 677 4745 Sane
710 4698 909 4760 praeter
938 4689 1033 4745 Dei
1063 4689 1407 4761 propositum
1441 4702 1504 4742 ac
1537 4697 1735 4758 praeter
1763 4689 2099 4743 voluntatem

528 4782 651 4852 ejus
701 4782 1057 4853 peccantibus
1105 4779 1411 4851 indignatio
1456 4788 1511 4835 et
1546 4780 1627 4833 ira
1668 4787 2094 4850 praeparantur:

527 4874 675 4947 quod
711 4876 785 4929 ita
815 4875 1058 4930 declarat
1100 4873 1397 4943 Apostolus
1435 4889 1450 4925 :
1487 4872 1568 4925 An
1597 4871 1811 4925 divitias
1845 4871 2097 4926 bonitatis

527 4968 666 5037 ejus,
697 4975 747 5020 et
774 4967 1043 5035 patientia:
1064 4976 1113 5020 et
1142 4964 1563 5035 longanimitatis
1592 4965 1919 5019 contemnis?
1947 4964 2099 5033 igno-

526 5075 656 5113 rans
688 5060 935 5129 quoniam
966 5041 1260 5128 benignit'as
1291 5055 1388 5110 Dei
1423 5056 1491 5108 ad
1516 5056 1877 5126 paenitentiam
1923 5063 1972 5108 te
2002 5053 2100 5106 ad-

527 5151 697 5205 ducit.
728 5150 1026 5205 Secundum
1049 5159 1224 5203 autem
1247 5149 1504 5203 duritiam
1534 5158 1679 5202 tuam
1700 5157 1749 5202 et
1771 5147 2096 5212 impaenitens

529 5256 642 5303 cor,
660 5240 991 5295 thesaurizas
1005 5239 1099 5293 tibi
1114 5241 1252 5293 iram
1264 5241 1317 5294 in
1335 5239 1419 5294 die
1437 5241 1532 5294 irae
1548 5249 1597 5293 et
1619 5238 1950 5293 reuelationis
1956 5237 2097 5306 justi

506 5338 511 5345 '
529 5330 717 5396 iudicii
726 5330 844 5394 Dei,
858 5332 945 5400 qui
959 5330 1137 5385 reddet
1153 5331 1430 5400 unicuique
1440 5330 1721 5384 secundum
1735 5344 1891 5398 opera
1908 5328 2092 5398 ejus”.

2209 4519 2469 4576 θάνατον
2506 4520 2612 4574 τοῦ
2645 4517 2997 4589 ἀμαρτωλοῦ
3043 4517 3124 4582 ὡς
3167 4515 3284 4583 τὴν
3316 4514 3640 4583 μετάνοιαν
3669 4512 3773 4565 αὺ-

2207 4610 2334 4667 τοῦ.
2389 4610 2544 4665 Οὕτω
2570 4610 2701 4681 γοῦν
2733 4611 2828 4663 καὶ
2861 4608 3095 4663 ἐνταῦθα
3125 4607 3394 4660 λέλεκται·
3442 4606 3575 4674 Ζωὴ
3605 4605 3667 4659 ἐν
3690 4600 3772 4668 τῷ

2207 4702 2490 4772 θελήματι
2537 4701 2751 4755 αὐτοῦ’
2806 4702 2866 4754 οὐ
2914 4700 3023 4771 γὰρ
3078 4698 3224 4770 ὀργὴ
3267 4699 3338 4751 ἐν
3373 4697 3457 4763 τῷ
3498 4695 3770 4766 θελήματι

2204 4794 2410 4847 αὐτοῦ.
2479 4792 2638 4863 Παρὰ
2699 4792 3017 4864 προαίρεσιν
3072 4790 3130 4844 δὲ
3182 4789 3316 4843 Θεοῦ
3371 4789 3467 4843 καὶ
3516 4786 3661 4859 παρὰ
3709 4785 3770 4838 τὸ

2208 4884 2455 4956 βούλημα
2504 4885 2670 4939 αὐτοῦ
2724 4887 2839 4948 τοῖς
2886 4883 3259 4955 ἁμαρτάνουσι
3315 4880 3768 4943 κατασκευάζεται

2206 4973 2378 5044 θυμὸς
2428 4973 2523 5028 καὶ
2578 4975 2745 5047 ὀργή’
2805 4973 2834 5026 ὃ
2880 4973 2946 5045 δὴ
2993 4974 3325 5046 παρίστησιν
3375 4973 3405 5026 ὁ
3462 4967 3770 5032 Ἀπόστολος

2207 5066 2384 5135 φήσας
2403 5081 2417 5094 ·
2455 5066 2527 5119 Ἦ
2550 5066 2656 5119 τοῦ
2688 5066 2957 5122 ⁴πλούτου
2989 5065 3101 5135 τῆς
3123 5065 3538 5135 χρηστότητος
3571 5058 3767 5123 αὐτοῦ,

2206 5153 2305 5205 καὶ
2343 5153 2453 5222 τῆς
2482 5153 2715 5224 ἀνοχῆς
2758 5155 2857 5209 καὶ
2896 5153 3005 5225 τῆς
3033 5155 3445 5225 μακροθυμίας
3486 5165 3769 5220 καταφρο-

2201 5241 2364 5308 νεῖς;
2425 5243 2680 5315 ἀγνοῶν,
2733 5245 2824 5298 ὅτι
2876 5244 2944 5298 τὸ
2997 5244 3265 5313 χρηστὸν
3319 5244 3425 5298 τοῦ
3487 5242 3629 5298 Θεοῦ
3681 5241 3772 5307 είς

2195 5331 2521 5400 μετάνοιάν
2549 5349 2623 5387 σε
2649 5332 2793 5402 ἄγει.
2824 5333 2986 5387 Κατὰ
3015 5333 3084 5386 δὲ
3112 5334 3226 5403 τὴν
3253 5329 3631 5401 σκληρότητὰ
3651 5342 3770 5383 σου

508 5428 629 5484 ’καὶ
678 5427 1082 5497 ἀμετανόητον
1126 5425 1375 5493 καρδίαν
1393 5464 1408 5490 ,
1473 5423 1850 5492 θησαυρίζεις
1897 5422 2134 5490 σεαυτῷ
2184 5425 2374 5495 ὀργὴν
2422 5426 2493 5480 ἐν
2542 5426 2734 5496 ἡμέρᾳ
2785 5428 2971 5499 ὀργῆς
3024 5429 3124 5483 καί
3182 5429 3613 5499 ἀποκαλύψτως
3666 5419 3770 5479 καὶ

527 5518 963 5587 δικαιοκρισίας
1008 5517 1113 5570 τοῦ
1167 5518 1315 5572 Θεοῦ
1334 5557 1351 5585 ,
1398 5517 1466 5584 ὃς
1510 5517 1809 5572 ἀποδώσει
1865 5517 2099 5582 ἑκάστῳ
2134 5520 2284 5572 κατὰ
2320 5520 2392 5573 τὰ
2421 5518 2566 5589 ἔργα
2587 5521 2790 5575 αὐτοῦ.

596 5699 647 5734 ⁸⁵
685 5696 880 5754 Ezech.
921 5710 1087 5761 mn,
1118 5694 1207 5750 25.
1285 5695 1328 5727 ⁸⁵
1371 5692 1525 5750 Rom.
1563 5709 1639 5762 ιι,
1676 5694 1794 5751 αίοϐ.
