3940 6292
257 279 360 335 261

1389 291 1888 349 COMMENTARIA
1925 297 1992 352 ΙΝ
2031 297 2374 356 PSALMOS.

3401 314 3503 372 £63

337 397 481 466 Ἐγὼ
519 399 590 452 δὲ
625 401 762 456 εἶπα
804 403 872 456 ἐν
911 404 986 472 τῇ
1023 407 1270 474 εὐθηνίᾳ
1309 427 1446 478 μου·
1487 415 1568 466 Οὐ
1597 413 1682 483 μὴ
1721 431 1807 467 σα·

2005 415 2168 474 Vens.
2206 419 2260 484 7,
2287 419 2340 474 8.
2386 419 2496 490 Ego
2533 429 2710 476 autem
2747 423 2859 476 dixi
2889 427 2943 479 in
2979 427 3307 484 abundantia
3352 445 3486 483 mea.

251 489 448 544 meo
479 491 570 556 εἰς
599 493 706 544 τὸν
732 493 930 548 αἰῶνα.
958 499 1164 550 Δικαιοῖ
1187 499 1286 569 τὴν
1309 502 1486 573 κρίσιν
1515 505 1604 556 τοῦ
1629 507 1830 576 Κυρίου

251 579 534 649 ὁμολογῶν
583 583 744 634 πόθεν
791 585 937 654 αὖτῷ
973 587 1315 658 συμϐέϐηκεν
1358 593 1390 662 ἡ
1432 593 1665 656 πτῶσις·
1711 595 1830 649 δέον

255 671 370 740 γάρ
407 671 617 723 ἑστῶτα
649 673 708 725 ἐν
747 678 811 744 τῇ
851 675 997 746 παρὰ
1035 677 1111 746 τῷ
1140 679 1256 750 Θεῷ
1290 682 1474 734 στάσει
1519 685 1828 756 μεμνῆσθαι

249 760 348 812 τοῦ
388 760 686 827 φάσκοντος
727 763 884 832 λόγου
903 783 915 794 ·
953 767 1004 818 '0
1027 765 1220 821 δοκῶν
1252 770 1518 836 ἑστάναι,
1549 775 1826 838 ,βλεπέτω

243 849 337 918 μὴ
391 849 586 920 πέσῃ,
639 855 919 923 ὁμολογεῖν
966 875 1024 910 τε
1049 859 1123 928 τῷ
1164 861 1282 932 Θεῴ
1327 863 1484 933 χάριν
1538 866 1678 938 ὑπὲρ
1729 869 1828 937 τῆς

251 942 524 1006 στάσεως.
572 944 630 996 Ὀ
657 945 732 1010 δὲ,
785 949 884 1000 οὐκ
930 949 1104 1022 ὀρθῶς
1157 953 1528 1027 λογισάμενος,
1555 960 1704 1032 παρὰ
1731 961 1828 1032 τὴν

249 1034 424 1086 αὐτοῦ
457 1036 656 1108 ἀρετὴν
697 1040 756 1092 ὲν
791 1043 902 1104 τοῖς
935 1043 1237 1109 καλλίστοις
1285 1049 1504 1103 ἑστάναι
1549 1052 1822 1122 ἐνόμιζεν·

249 1125 524 1194 ἀπέφαινέ
555 1145 615 1180 τε
649 1131 839 1186 ἑαυτὸν
872 1134 964 1186 καὶ
1003 1135 1269 1207 ἄτρεπτον
1301 1141 1394 1194 καὶ
1435 1143 1823 1216 ἀμετάϐλητον.

243 1218 450 1284 Κύριε,
469 1219 538 1270 ἐν
579 1217 660 1284 τῷ
695 1220 980 1288 θελήματι
1017 1241 1132 1278 σου
1165 1228 1472 1298 παρέσχου
1508 1231 1586 1296 τῷ
1618 1233 1826 1288 κάλλει

238 1327 370 1380 μου
419 1309 692 1380 δύναμιν.
760 1314 907 1366 Ἐπεὶ
961 1316 1133 1371 ταῦτα
1182 1319 1252 1372 τὰ
1309 1325 1679 1394 προειρημένα
1727 1328 1826 1380 οὐκ

245 1396 432 1466 ὀρθῶς
478 1397 780 1466 ἐλογίζετο,
825 1401 994 1470 ἔγνω,
1029 1405 1108 1457 ὅτι
1142 1408 1174 1476 ἡ
1211 1409 1396 1473 στάσις
1429 1413 1589 1466 αὐτοῦ
1621 1417 1823 1484 ἐκείνη,

247 1489 350 1540 καὶ
391 1490 422 1558 ἡ
457 1489 677 1558 εὐθηνία
715 1491 810 1544 καὶ
839 1493 898 1545 τὺ
934 1497 1134 1566 προσὸν
1161 1499 1306 1570 αὐτῷ
1338 1502 1458 1555 τότε
1505 1505 1696 1570 κάλλος
1728 1510 1825 1562 οὑκ

241 1575 318 1651 ἦν
359 1581 418 1646 ἐξ
455 1581 642 1648 αὑτοῦ,
675 1583 794 1636 οὐδὲ
834 1586 984 1658 παρὰ
1011 1589 1106 1660 τὴν
1142 1591 1330 1646 ἑαυτοῦ
1374 1596 1552 1648 αἰτίαν
1583 1599 1825 1670 ὑπῆρχεν

241 1671 420 1742 αὐτῷ.
467 1675 558 1726 Διὸ
590 1675 1075 1749 ἐξομολογούμενος
1123 1684 1296 1738 ταῦτά
1348 1705 1510 1758 φησιν
1552 1691 1696 1763 ἔργῳ
1726 1695 1822 1765 τὴν

1935 506 2058 562 Non
2092 509 2334 563 movebar
2365 511 2418 564 in
2451 521 2730 566 a'ternum.
2756 512 3030 570 Judicium
3061 516 3266 574 Domini
3288 521 3498 591 justum

1931 614 2054 654 esse
2086 601 2428 670 comprobat,
2456 601 2585 654 dum
2621 603 2916 658 confitetur
2959 607 3100 662 [unde
3153 610 3262 664 sibi
3313 612 3502 682 lapsus

1931 691 2158 744 venerit.
2195 688 2346 761 Opus
2377 693 2522 746 enim
2550 703 2633 748 est
2653 709 2800 756 eum,
2838 697 2932 766 qui
2962 712 3148 751 coram
3203 701 3310 756 Deo
3340 717 3480 756 con-

1931 781 2097 848 sistit,
2133 783 2454 838 meminisse
2485 785 2649 853 hujus
2675 787 2826 852 dict-i,
2857 788 2962 854 Qui
2993 789 3196 844 videtur
3219 804 3384 857 stare,
3421 795 3500 849 ni-

1928 871 2050 926 deat
2075 891 2136 927 ne
2166 875 2324 928 cadat
2369 875 2439 942 5",
2497 891 2559 930 ac
2605 877 2835 934 Domino
2871 881 3101 950 gratiam
3133 883 3200 938 de
3237 895 3378 940 statu
3407 887 3499 939 illo

1928 963 2190 1032 proﬁteri.
2225 967 2295 1018 At
2317 967 2410 1020 ille
2451 981 2558 1020 non
2587 969 2721 1022 bene
2761 985 2944 1024 secum
2974 983 3255 1041 reputans,
3292 991 3357 1028 ex
3393 990 3494 1030 sua

1927 1059 2127 1114 virtute
2159 1076 2218 1114 se
2245 1063 2298 1114 in
2333 1061 2612 1130 praeclaris
2635 1069 2782 1118 stare
2807 1064 3106 1120 arbitratus
3129 1074 3242 1130 est,
3269 1082 3498 1137 seseque

1927 1150 2344 1218 immutabilem,
2377 1153 2818 1224 itmnobilcmque
2839 1155 3152 1212 declaravit.
3187 1157 3424 1220 Domine,
3442 1161 3498 1212 in

1925 1243 2192 1296 voluntate
2227 1253 2317 1296 tua
2347 1246 2646 1312 prtcstitisti
2695 1246 2872 1300 decori
2903 1265 3014 1302 meo
3055 1250 3321 1304 virtutem.
3357 1251 3496 1316 Quia

1925 1335 2182 1403 superius
2235 1345 2532 1388 memorata
2581 1352 2690 1390 non
2745 1345 2896 1392 recte
2927 1339 3314 1404 testimaverat,
3349 1341 3500 1394 novit

1925 1425 2141 1478 tandem
2172 1431 2374 1478 statum
2419 1425 2593 1490 illum,
2622 1425 2960 1492 felicitatem,
3006 1445 3070 1484 ac
3095 1431 3347 1485 decorem
3383 1447 3498 1502 quo

1925 1521 2056 1568 tunc
2092 1513 2356 1584 fulgebat,
2393 1531 2502 1569 non
2532 1532 2596 1570 ex
2627 1531 2706 1580 se,
2731 1533 2906 1587 neque
2928 1535 2987 1574 se
3017 1528 3240 1576 auctore
3271 1521 3375 1576 sibi
3397 1521 3498 1576 ad-

1927 1601 2118 1657 fuisse.
2148 1602 2492 1674 Quapropter
2523 1621 2646 1658 cum
2673 1622 2735 1660 ex
2769 1623 2828 1660 re
2859 1608 2976 1677 ipsa
3019 1609 3354 1666 infirmitatis
3385 1629 3498 1668 sua:

1925 1693 2356 1764 experimentum
2409 1697 2670 1765 cepisset,
2725 1697 2842 1752 inec
2883 1699 3198 1762 confitetur,
3261 1702 3496 1760 dicens:

243 1767 448 1834 πεῖραν
510 1767 840 1837 παραλαϐὼν
902 1773 1000 1842 τῆς
1049 1776 1242 1828 ἑαυτοῦ
1294 1779 1612 1845 ἀσθενείας·
1669 1764 1807 1839 Ἀπέ-

1931 1785 2180 1838 Avertisti
2211 1786 2400 1854 faciem
2433 1796 2579 1840 tuam
2622 1805 2654 1842 a
2702 1805 2803 1852 me,
2837 1798 2888 1843 et
2919 1791 3096 1858 factus
3137 1809 3255 1845 sum
3283 1803 3497 1848 contur-

235 1857 520 1921 στρεψας
545 1855 613 1909 δέ
642 1873 758 1910 σου
792 1857 856 1912 τὸ
889 1865 1255 1940 πρόσωπονη
1274 1869 1372 1920 καὶ
1412 1871 1702 1940 ἐγενήθην
1738 1892 1820 1928 ιε-

237 1945 632 2015 ταραηιέι-Ὄς.
671 1951 742 2002 Σὺ
777 1951 874 2022 μὲν
896 1953 1002 2025 γὰρ
1029 1955 1182 2008 οὐδὲν
1221 1933 1378 2012 πλέον
1406 1960 1664 2032 ἔπραξας,
1700 1966 1822 2018 οὔτε

235 2030 420 2100 ὦσας,
455 2039 582 2092 οὔτε
611 2043 906 2108 κατέϐαλες
924 2061 936 2074 '
980 2047 1110 2100 αὐτὸ
1142 2049 1197 2102 δὲ
1225 2051 1380 2105 τοῦτο
1436 2054 1524 2108 διὰ
1553 2057 1654 2128 τὴν
1682 2059 1821 2130 ἐμὴν

235 2129 616 2201 μεγαλαυχίαν
649 2137 1028 2206 μεμονωμένον
1061 2158 1126 2210 με
1164 2142 1372 2208 εἴασας,
1411 2149 1504 2200 καὶ
1538 2149 1636 2218 τῆς
1668 2155 1819 2223 παρά

231 2221 332 2274 θεοῖ
369 2222 630 2294 βοηθείας
671 2227 892 2298 ἔρημον.
956 2231 1354 2303 Ἀπέστρεψας
1393 2237 1459 2290 τὸ
1500 2221 1820 2308 πρόσωπον

233 2329 354 2366 σου
376 2331 390 2343 ·
427 2313 536 2382 ἐγὼ
574 2315 628 2368 δὲ
665 2322 1004 2391 παραχρῆμα
1051 2325 1378 2398 ¹ίγλεγχόμην,
1423 2330 1518 2382 καὶ
1543 2333 1820 2402 ἐγω-ὁμηγ-

233 2407 706 2476 τεταραῃιένος.
730 2410 1046 2466 ὑποπίπτων
1095 2419 1205 2480 τοῖς
1253 2419 1405 2488 ἐμοῖς
1437 2421 1813 2494 ἁμαρτήμασι,

233 2495 336 2548 καὶ
363 2501 474 2562 τοῖς
507 2501 659 2570 ἐμοῖς
686 2502 918 2574 ἐχθροῖς.

313 2589 472 2656 Πρὸς
524 2592 632 2654 σὲ,
687 2595 884 2662 Κῖιριε,
919 2599 1306 2670 κεκράξομαι,
1361 2605 1460 2658 καὶ
1514 2606 1662 2674 πρὸς
1709 2608 1815 2662 τὸν

241 2682 397 2734 Θεόν
418 2701 534 2750 μου
562 2684 948 2756 δενιθήσομαι.
1003 2692 1094 2756 Τίς
1122 2692 1374 2761 ὠφέλεια
1401 2697 1471 2750 ἐν
1499 2698 1578 2763 τῷ
1613 2701 1814 2768 αἵματί

225 2793 378 2842 μου,
414 2775 484 2828 ἐν
521 2777 600 2842 τῷ
640 2778 966 2848 καταϐῆναι
1005 2800 1082 2851 με
1125 2787 1210 2850 εὶς
1255 2786 1614 2857 διαφθοράν;
1654 2794 1809 2848 Κατὰ

227 2865 290 2917 δὲ
325 2865 418 2918 τὸν
441 2867 754 2940 Σύμμαχον·
774 2871 874 2926 Ἐν
893 2873 1014 2940 τοῖς
1029 2878 1232 2942 κακοῖς
1245 2883 1563 2950 γενόμενος
1573 2881 1805 2954 ἔλεγον·

229 2957 392 3025 Πρὸς
429 2959 525 3022 σὲ,
555 2962 752 3028 Κύριε,
795 2963 1028 3030 ﬁction),
1085 2967 1185 3020 καί
1231 2985 1304 3022 σε
1353 2970 1460 3023 τὸν
1503 2971 1808 3042 δεσπότην

221 3067 346 3116 μου
399 3052 688 3104 ἱκετεύσω
713 3069 728 3083 ·
783 3054 841 3105 τί
892 3054 1100 3122 κέρδος
1156 3058 1224 3110 ἑν
1280 3058 1359 3124 τῷ
1408 3062 1608 3130 αἵματί
1651 3082 1800 3134 μου,

225 3138 696 3208 κατενεχθέντος
739 3161 856 3210 μου
909 3148 996 3210 εἰς
1037 3145 1401 3215 dtagaopdr;
1455 3151 1551 3219 Mi;
1605 3154 1805 3223 ἐξομο-

223 3231 562 3302 λογήσεταί
593 3248 693 3287 σοι
727 3237 911 3302 κόνις,
953 3238 991 3306 ἢ
1025 3240 1355 3310 ἀπαγγελεῖ
1379 3244 1492 3311 τὴν
1520 3247 1808 3314 ἀλήθειάν

223 3337 386 3385 σου;
425 3323 614 3378 Ταῦτα
655 3328 751 3379 καὶ
791 3325 859 3379 τὰ
899 3327 1106 3392 τούτοις
1153 3331 1504 3404 παραπλήσια
1561 3336 1804 3402 ἱκετεύω,

225 3410 476 3466 κάτωθεν
509 3415 755 3486 κραυγὰς
783 3416 960 3486 ἀφιεὶς
991 3419 1096 3471 ἀπὸ
1128 3419 1220 3472 τοῦ
1253 3421 1552 3490 βαθυτάτου
1579 3425 1802 3490 λάκκου,

223 3503 539 3574 πυθόμενος
581 3507 656 3569 ὼς
706 3507 856 3578 παρὰ
904 3509 1221 3564 διδασκάλου
1273 3515 1460 3583 μαθεῖν
1514 3518 1662 3589 παρὰ
1711 3519 1802 3572 σοῦ

221 3594 318 3647 τοῦ
345 3595 509 3650 Θεοῦ.
559 3598 656 3662 Τίς
699 3599 930 3667 ὠφέλεια
957 3601 1164 3670 γίνεται
1199 3603 1378 3676 ἢὲμοὶ
1419 3607 1451 3678 ἢ
1489 3610 1696 3679 ἑτέροις
1741 3612 1805 3664 ἐκ

219 3685 316 3739 τοῦ
351 3686 492 3758 ἐμοῦ
527 3691 787 3758 αἵματος;
833 3693 903 3744 Ἦ
947 3693 997 3744 τί
1036 3695 1195 3748 πλέον
1225 3697 1530 3766 ἀνθρώποις
1573 3701 1802 3772 ὑπάρξει

220 3777 288 3829 ἐκ
315 3777 412 3830 τοῦ
439 3780 541 3850 ἐμὲ
565 3780 736 3835 ἐλθεῖν
759 3785 838 3846 εἰς
865 3784 1190 3858 διαφθοράν;
1227 3789 1441 3860 Ἐτέρου
1483 3791 1581 3861 μὲν
1608 3793 1714 3864 γὰρ
1746 3796 1801 3846 ὲν

217 3868 299 3940 τῷ
343 3870 542 3940 αἵματι
587 3872 816 3944 ὑπάρξει
859 3875 1024 3947 πολλή
1066 3895 1150 3942 τις
1189 3879 1278 3932 καὶ
1327 3881 1532 3952 μεγάλη
1569 3883 1800 3952 ὠφέλεια

216 3962 299 4032 τῷ
327 3963 500 4015 παντὶ
538 3965 728 4037 κόσμῳ
747 3984 759 3996 ·
795 3968 1012 4022 ἐπειδὰν
1058 3973 1085 4024 6
1115 3971 1206 4034 σὸς
1235 3973 1406 4044 ἀμνὸς
1446 3976 1473 4026 6
1502 3976 1669 4046 αἴρων
1704 3977 1800 4046 τὴν

215 4055 504 4126 ἁμαρτίαν
554 4055 648 4110 τοῦ
701 4057 942 4130 κόσμου,
993 4059 1068 4124 ὡς
1121 4061 1390 4133 πρόϐατον
1445 4065 1538 4117 ἐπὶ
1590 4065 1800 4136 σφαγὴν

217 4145 388 4210 ἔλθοι,
415 4149 514 4201 καὶ
559 4149 634 4212 ὡς
661 4150 829 4220 ἀμνὸς
855 4153 1096 4208 ἐναντίον
1125 4155 1217 4208 τοῦ
1249 4157 1527 4226 κείραντος
1567 4158 1796 4224 ἄφωνος.

217 4237 423 4290 Τούτου
479 4237 588 4310 γὰρ
648 4239 726 4310 τῷ
777 4242 964 4312 αἵματι
1035 4245 1410 4316 ἀπολύτρωσις
1473 4249 1564 4300 καὶ
1614 4248 1798 4301 κακῶν

217 4328 508 4400 ἐλευθερία
526 4333 656 4386 πᾶσι
676 4335 788 4395 τοῖς
802 4334 868 4386 δι’
885 4335 1048 4387 αὐτοῦ
1072 4335 1467 4407 σωθησομένοις
1489 4341 1792 4409 γενήσεται.

1932 1875 2106 1932 batus.
2143 1877 2223 1930 Tu
2255 1879 2474 1947 quidem
2505 1879 2643 1932 nihil
2683 1880 2913 1935 ulterius
2956 1881 3207 1947 effecisti,
3241 1899 3348 1938 non
3397 1887 3496 1940 im-

1928 1970 2116 2040 pulisli
2163 1987 2339 2040 neque
2373 1971 2622 2040 dejecisti
2655 1987 2776 2040 me;
2825 1973 2880 2027 id
2931 1983 3138 2028 tantum
3171 1978 3491 2045 praestitisti.

1929 2068 1988 2112 ut
2017 2075 2104 2113 me
2135 2068 2354 2130 propter
2406 2060 2777 2129 arrogantiam
2825 2077 3000 2116 meam
3052 2063 3252 2129 solum,
3287 2073 3493 2135 tuaque

1925 2167 2028 2220 ope
2059 2167 2292 2206 vacuum
2346 2153 2630 2208 deseret-es
2669 2171 2682 2205 ε
2733 2151 2984 2206 Avertisti
3019 2154 3210 2223 faciem
3241 2166 3408 2224 tuam,
3437 2170 3496 2214 et

1925 2257 2022 2312 ego
2048 2243 2342 2298 confestim
2365 2245 2674 2308 convictus,
2700 2244 2874 2312 factus
2903 2262 3020 2300 sum
3045 2249 3410 2318 conturbatus,
3435 2252 3492 2306 in

1923 2343 2144 2404 peccata
2175 2351 2292 2392 mea
2324 2337 2533 2409 lapsus,
2573 2344 2627 2392 et
2659 2335 2898 2392 inimicis
2925 2339 3062 2396 meis
3099 2341 3350 2397 traditus.

1987 2614 2154 2670 Vens.
2182 2615 2234 2683 9,
2263 2617 2348 2670 10.
2389 2616 2471 2670 Ad
2515 2627 2581 2680 te,
2605 2617 2846 2685 Domine,
2877 2620 3138 2688 clamabo,
3161 2629 3211 2676 et
3237 2611 3492 2676 ad'Deum

1915 2722 2086 2760 meum
2131 2707 2462 2776 deprecabor.
2507 2707 2637 2774 Quae
2689 2709 2892 2762 utilitas
2947 2711 3001 2764 in
3053 2713 3304 2782 sanguine
3351 2727 3486 2774 meo,

1914 2801 2038 2848 dum
2081 2796 2332 2850 descendo
2359 2799 2412 2850 in
2443 2801 2864 2869 corruptionem?
2891 2800 3204 2856 Secundum
3239 2801 3470 2874 Symma-

1913 2887 2074 2940 chum
2119 2899 2335 2943 autem:
2369 2887 2500 2943 Cum
2542 2891 2596 2944 iu
2645 2892 2801 2944 malis
2845 2908 3010 2946 essem
3035 2933 3050 2958 ,
3098 2893 3212 2946 dixi
3244 2909 3264 2948 :
3297 2893 3378 2946 Ad
3409 2904 3479 2956 te,

1913 2979 2151 3043 Domine,
2182 2980 2442 3044 clamabo,
2470 2989 2518 3034 et
2545 2990 2591 3034 te
2623 2980 2904 3034 Dominum
2941 2999 3110 3036 meum
3139 2983 3478 3052 deprecabor.

1912 3069 2066 3136 Quod
2095 3072 2300 3124 lucrum
2329 3073 2380 3124 in
2410 3073 2662 3142 sanguine
2697 3089 2830 3133 meo,
2867 3089 2956 3128 me
2997 3074 3172 3128 delato
3210 3076 3262 3129 in
3299 3091 3486 3130 corra-

1905 3161 2170 3226 ptioncm?
2217 3157 2469 3230 Nunquid
2511 3161 2844 3228 conﬁtebitur
2887 3161 2982 3213 tibi
3027 3149 3342 3228 pulvis,'aut
3388 3179 3487 3216 an—

1909 3249 2169 3304 nuntiabit
2208 3251 2473 3304 veritatem
2503 3253 2686 3306 tuam?
2715 3251 2840 3306 Haec
2866 3259 2918 3306 et
2953 3251 3039 3307 his
3062 3252 3259 3306 similia
3292 3252 3485 3322 depre-

1907 3358 2021 3407 cor,
2051 3359 2117 3397 ex
2145 3342 2348 3397 infimis
2389 3359 2452 3398 ac
2492 3359 2556 3398 ex
2605 3343 3037 3414 profundissimo
3067 3345 3190 3400 lacu
3217 3345 3484 3400 clamores

1905 3435 2180 3499 emittens,
2204 3433 2583 3503 sciscitorque,
2616 3443 2673 3490 ut
2707 3451 2738 3489 a
2769 3443 2822 3490 te
2843 3433 2974 3499 Deo,
3007 3451 3104 3491 ceu
3136 3451 3167 3490 a
3195 3437 3479 3507 magistro.

1905 3523 2157 3578 edocear.
2184 3522 2314 3588 Quae
2337 3525 2540 3578 utilitas
2563 3534 2656 3578 aut
2683 3525 2819 3578 mihi
2849 3533 2941 3578 aut
2966 3526 3087 3580 aliis
3110 3541 3176 3580 ex
3209 3528 3479 3597 sanguine

1905 3631 2026 3670 meo
2056 3616 2370 3672 confertur?
2413 3616 2520 3672 Aut
2555 3618 2684 3688 quid
2718 3621 2950 3688 amplius
2996 3620 3307 3676 hominibus
3336 3621 3482 3674 acci-

1907 3707 1996 3761 dot
2025 3707 2227 3780 [boni],
2259 3725 2304 3763 Si
2336 3709 2668 3764 descendere
2693 3711 2749 3764 in
2775 3711 3214 3782 corruptionem?
3241 3713 3306 3764 At
3333 3713 3478 3768 enim

1907 3799 1960 3852 in
1993 3801 2216 3853 alterius
2251 3800 2514 3868 sanguine
2560 3801 2728 3854 multa
2771 3815 3072 3869 magnaque
3116 3799 3324 3855 utilitas
3357 3801 3479 3854 uni--

1903 3903 2062 3943 verso
2089 3890 2291 3944 mundo
2315 3891 2569 3954 accedet;
2603 3890 2820 3958 quando
2843 3891 3028 3960 Agnus
3052 3897 3178 3944 tuus
3210 3891 3302 3962 qui
3335 3891 3476 3945 tollit

1903 3989 2182 4048 peccatum
2219 3979 2404 4034 mundi
2431 3981 2498 4044 ⁸⁷,
2531 3981 2686 4049 quasi
2722 3981 2839 4035 ovis
2872 3981 2936 4034 ad
2968 3981 3358 4052 jugulationem
3387 3997 3474 4037 ve.-

1899 4069 2033 4132 niet,
2060 4076 2112 4122 et
2144 4076 2398 4138 tanquam
2429 4083 2601 4138 agnus
2625 4084 2806 4122 coram
2831 4068 3086 4124 tondente
3116 4087 3174 4124 se
3201 4071 3318 4126 sine
3337 4087 3470 4126 voce

1899 4158 2004 4212 erit
2024 4157 2092 4212 ⁸⁸.
2125 4157 2258 4211 Nam
2292 4175 2358 4214 ex
2382 4159 2545 4228 hujus
2579 4159 2840 4227 sanguine
2869 4159 3168 4230 redemptio
3187 4169 3242 4216 et
3261 4163 3468 4232 ereptio

1901 4264 1931 4302 a
1965 4251 2121 4305 malis
2149 4251 2217 4304 iis
2245 4251 2369 4316 erit,
2399 4251 2494 4320 qui
2545 4267 2637 4321 per
2683 4267 2804 4306 eum
2845 4255 3072 4306 salutem
3120 4255 3466 4308 consecuturi

1900 4353 2046 4398 sunt.
2097 4343 2400 4408 Quinetiam
2453 4345 2748 4398 descensus
2790 4344 2911 4412 ejus
2949 4345 3016 4398 ad
3054 4361 3148 4400 eos
3175 4362 3347 4416 usque
3375 4347 3468 4415 qui

232 4420 393 4473 Ἀλλὰ
447 4423 544 4474 καὶ
587 4423 620 4493 ἡ
675 4425 973 4490 κατάϐασις
1018 4427 1228 4480 ἐκείνου
1263 4429 1296 4497 ἡ
1328 4429 1493 4499 μέχρι
1531 4429 1638 4484 τῶν
1668 4430 1784 4483 δια-

1913 4453 1943 4490 n
1973 4441 2324 4506 corruptione
2354 4443 2408 4490 et
2453 4436 2508 4489 in
2541 4445 2716 4490 morte
2745 4443 3052 4497 versantur,
3085 4437 3270 4490 multis
3303 4451 3469 4491 causa

217 4514 560 4588 φθαρέντων,
598 4517 692 4570 καὶ
719 4520 776 4570 ὲν
809 4519 1018 4588 θανάτῳ
1046 4521 1370 4591 γενομένων,
1401 4523 1611 4586 πολλοῖς
1643 4523 1794 4577 αἰτία

219 4606 500 4677 σωτηρίας
543 4605 714 4660 ἔσται.
751 4609 948 4672 Πολλὸς
974 4609 1082 4682 γὰρ
1121 4611 1248 4681 χοῦς
1290 4613 1384 4664 καὶ⁸
1423 4611 1590 4683 πολλὴ
1643 4613 1791 4676 κόνις

215 4697 322 4751 τῶν
349 4697 524 4750 πάλαι
563 4699 656 4750 καὶ
685 4699 952 4770 σαρκίνων
993 4703 1085 4755 καὶ
1105 4702 1306 4772 χοῖκῶν
1363 4701 1662 4775 ἀνθρώπων
1707 4703 1792 4768 ἐξ·

215 4789 612 4860 ομολογήσεταί
649 4808 756 4844 σοι·
784 4791 832 4844 οἳ
874 4794 966 4846 καὶ
995 4795 1084 4846 ἐπὶ
1127 4795 1187 4847 τὺ
1229 4799 1473 4866 κρεῖττον
1523 4793 1793 4867 μεταϐλη-

217 4878 416 4945 θέντες,
471 4880 842 4949 ἀπαγγελοῦσι
889 4883 988 4953 τὴν
1036 4883 1288 4954 ἀλήθειάν
1343 4901 1455 4939 σου.
1503 4887 1648 4956 Μήτι
1695 4880 1786 4938 οὖν

216 4973 306 5025 καὶ
337 4975 397 5024 ὲν
427 4971 510 5041 τῷ
551 4973 670 5044 ἐμῷ
709 4974 900 5044 αἵματι
935 4975 1088 5028 ἔσται
1119 4993 1171 5028 τι
1207 4975 1444 5032 τοιοῦτον
1481 4978 1682 5047 ἀγαθὸν

214 5065 434 5136 atticum;
507 5065 542 5136 ἦ
602 5065 1009 5136 ὡφεληθὴσεταί
1064 5085 1148 5130 τις
1199 5069 1332 5139 ἐ.μοῦ
1387 5071 1788 5141 κατασυρέντος

213 5153 314 5208 ὑπὸ
341 5154 440 5209 τοῦ
471 5154 702 5208 θανάτου
727 5173 742 5223 ;
775 5157 807 5226 ἢ
841 5157 968 5227 χοῦς
997 5159 1090 5211 κα)⁸
1122 5159 1150 5208 6
1175 5159 1280 5211 ἀπὸ
1309 5159 1403 5212 τοῦ
1437 5159 1530 5229 χοῦ
1564 5160 1788 5230 ληφθεὶς

213 5248 304 5298 καὶ
335 5246 578 5316 γεγονὼς
611 5247 914 5319 ἅνθρωπος,
950 5249 1305 5319 μεταϐληθεὶς
1334 5251 1442 5304 ἀπὸ
1474 5249 1563 5303 τοῦ
1598 5251 1781 5322 χοϊκοῦ

215 5338 302 5389 καὶ
325 5339 617 5410 γενόμενος
661 5341 1042 5409 πνευματικὸς,
1072 5341 1373 5410 ἀπαγγελεῖ
1403 5342 1500 5414 τὴν
1526 5343 1780 5414 ἀλήθειάν

217 5443 340 5494 eoo;
399 5431 563 5484 Ἀλλά
607 5431 714 5503 γὰρ
755 5433 906 5485 οὐδὲν
945 5432 1095 5488 ἔσται
1137 5433 1197 5497 ἐξ
1231 5433 1362 5503 ἐμοῦ
1391 5432 1658 5486 τοιοῦτον·
1700 5436 1781 5488 διὸ

217 5518 438 5575 ἱκετεύω
507 5523 582 5593 μὴ
639 5523 968 5595 ὁμοιωθῆναι
1040 5529 1150 5588 τοῖς
1223 5525 1634 5580 καταϐαίνουσιν
1697 5532 1779 5594 είς

219 5615 428 5666 λάκκον.

286 5729 328 5760 ⁸⁸⁵
367 5731 388 5784 ι
425 5732 550 5785 Cor.
591 5747 660 5794 ι,
699 5731 786 5784 12-
857 5733 900 5764 ⁸⁷
940 5732 1095 5788 Joan.
1137 5751 1182 5798 ι,
1219 5735 1306 5790 ἳθ.
1386 5735 1431 5768 ⁸⁸
1457 5735 1561 5804 lsa,
1590 5750 1704 5802 LIII,
1737 5735 1791 5788 7.

1895 4529 2089 4584 salutis
2135 4528 2257 4582 erit.
2320 4527 2500 4581 Pulvis
2542 4527 2685 4580 enim
2739 4527 2941 4580 multus
2989 4529 3264 4598 multaque
3299 4535 3465 4591 terra,

1895 4620 2177 4674 hominum
2218 4619 2424 4675 scilicet
2464 4618 2593 4672 olim
2641 4618 2940 4671 carnalium
2994 4633 3058 4673 ac
3107 4627 3463 4682 lerrenorum,

1894 4711 2240 4766 confitebitur
2261 4711 2356 4766 tibi
2381 4730 2394 4765 :
2417 4711 2512 4780 qui
2535 4709 2588 4762 in
2614 4709 2888 4764 meliorem
2910 4709 3054 4762 versi
3075 4707 3461 4772 conditionem,

1895 4804 2296 4858 annuntiabunt
2349 4803 2630 4857 veritatem
2681 4808 2850 4855 tuam.
2901 4799 3154 4869 Nunquid
3199 4799 3363 4869 igitur
3409 4800 3456 4852 in

1895 4895 2158 4964 sanguine
2204 4909 2326 4949 meo
2373 4894 2479 4949 tale
2523 4893 2799 4964 quidpiam
2845 4893 3045 4946 bonum
3085 4889 3287 4943 mundo
3325 4890 3465 4944 erit?

1891 4985 1974 5039 An
2003 4985 2126 5054 quis
2161 4983 2448 5038 utilitatem
2494 4984 2623 5038 hinc
2673 4982 2969 5054 percipiet,
3015 4979 3062 5034 si
3097 4993 3195 5048 ego
3225 4993 3256 5031 a
3287 4988 3462 5034 morte

1891 5077 2180 5131 detrahar?
2217 5075 2298 5129 An
2345 5076 2522 5146 pulvis
2549 5085 2601 5130 et
2633 5074 2727 5145 qui
2754 5090 2820 5128 ex
2855 5073 3072 5144 pulvere
3103 5079 3352 5139 sumptus
3384 5069 3460 5122 fa-

1889 5177 2012 5223 ctus
2038 5175 2122 5224 est
2151 5169 2331 5232 homo,
2362 5183 2428 5222 ex
2468 5175 2684 5220 terreno
2728 5169 3090 5218 commutatus
3119 5160 3176 5214 in
3203 5158 3459 5231 spiritua-

1889 5261 2016 5324 lem,
2050 5257 2392 5313 annnntiabit
2420 5259 2696 5310 veritatem
2726 5255 2908 5307 tuam?
2933 5251 3079 5306 Nihil
3108 5267 3240 5308 sane
3266 5251 3457 5320 hujus-

1888 5354 2036 5407 modi
2063 5368 2130 5407 ex
2165 5367 2248 5406 me
2274 5349 2529 5420 prodibit.
2567 5348 2930 5414 Quamobrem
2967 5359 3100 5418 rogo
3149 5359 3218 5400 ne
3262 5342 3455 5400 similis

1891 5441 2015 5496 fiam
2043 5440 2499 5498 descendentibus
2529 5440 2582 5494 in
2612 5441 2810 5495 lacum.
