3940 6292
472 319 580 378 9.63

1176 314 1445 371 EUSEBII
1481 312 1961 369 ClESARIENSlS
1997 312 2147 369 OPP.
2190 309 2371 365 PARS
2408 310 2493 365 ΙΙΙ.
2535 340 2602 351 --
2638 308 3045 367 EXEGETICA.

3624 311 3730 365 26::

540 429 707 486 Vens.
771 428 957 483 "-15.
990 427 1204 483 Audivit
1248 430 1523 494 Dominus,
1583 437 1631 484 et
1692 431 1935 484 misertus
1979 443 2048 483 est

2234 430 2489 481 Ἤκουσε
2522 429 2776 495 Κύριος,
2809 426 2903 479 καὶ
2931 423 3157 493 mense
3190 440 3265 491 με
3285 438 3298 451 ·
3358 424 3571 491 Κύριος
3600 425 3730 495 ἐτε-

469 524 593 587 mei,
638 521 891 575 Dominus
937 520 1111 589 factus
1165 532 1242 575 est
1285 522 1500 591 adjutor
1539 537 1704 576 meus.
1777 520 2045 576 Converti-

468 615 539 668 sti
594 612 864 682 planctum
931 628 1102 665 meum
1162 612 1215 664 in
1260 612 1509 681 gaudium
1543 612 1671 665 mihi
1700 628 1718 665 :
1744 611 2048 666 conscidisti

471 722 680 760 saccum
710 722 903 769 meum,
933 713 984 759 et
1016 705 1408 758 circumdedisti
1436 722 1515 759 me
1542 706 1750 760 laetitia.
1778 705 1915 760 Cum
1946 706 2046 767 sic,

470 797 668 867 inquit,
709 796 1052 866 deprecarer,
1085 796 1177 866 qui
1224 811 1333 849 non
1388 795 1576 864 procul
1622 801 1706 849 est
1748 794 1818 848 ab
1858 794 1925 849 iis
1955 793 2048 864 qui

471 906 608 964 pure
646 904 711 945 ac
757 889 989 944 ﬁdeliter
1015 889 1270 943 invocant
1300 890 1499 958 ipsum,
1532 886 1793 942 Dominus
1824 885 2044 950 audivit,

471 981 540 1036 de
569 995 677 1050 quo
711 979 914 1033 dictum
945 988 1027 1033 est
1052 996 1065 1031 :
1098 976 1270 1045 Prope
1296 985 1373 1029 est
1408 976 1665 1029 Dominus
1696 972 1936 1027 omnibus
1965 974 2048 1025 in-

472 1071 774 1124 vocantibus
799 1086 913 1124 cum
960 1070 1015 1123 in
1054 1069 1270 1123 veritate
1297 1068 1342 1100 "
1368 1084 1383 1123 :
1415 1076 1469 1122 et
1499 1075 1784 1137 postquam
1820 1064 2047 1128 audivit,

471 1164 715 1216 misertus
747 1171 823 1215 est
853 1162 975 1221 mei,
1010 1175 1074 1213 ac
1122 1174 1277 1215 suam
1321 1175 1447 1226 erga
1489 1173 1577 1212 me
1619 1156 2046 1211 misericordiam

471 1269 634 1324 opere
661 1251 1075 1323 comprobavit:
1112 1250 1284 1319 factus
1319 1258 1396 1303 est
1435 1244 1578 1299 enim
1617 1246 1833 1316 adjutor
1879 1263 2044 1301 meus.

469 1345 765 1416 Postquam
822 1359 921 1398 nos
976 1344 1127 1398 hisce
1181 1343 1448 1396 allocutus
1488 1352 1570 1395 est
1600 1341 1804 1403 verbis,
1842 1347 1897 1395 et
1927 1353 2049 1408 quae

473 1438 576 1494 sibi
612 1435 924 1492 acciderant
965 1435 1259 1495 enarravit.
1295 1448 1490 1488 rursus
1539 1433 1834 1502 gratiarum
1879 1431 2049 1484 actio-

472 1547 595 1586 nem
621 1529 687 1584 ad
723 1529 898 1599 ipsum
932 1526 1101 1581 Deum
1146 1526 1432 1591 convertit,
1466 1525 1729 1580 benelicia
1781 1524 1884 1579 sibi
1929 1523 2045 1578 col-

472 1622 581 1675 lata
610 1634 959 1675 enumerans.
998 1616 1155 1681 Nam,
1188 1617 1384 1687 inquit,
1412 1626 1469 1670 tu
1512 1616 1618 1669 mei
1666 1616 1923 1670 misertus
1961 1628 2044 1678 es,

471 1722 525 1766 et
554 1711 731 1766 factus
769 1726 828 1765 es
851 1709 1066 1778 adjutor
1094 1723 1279 1775 meus;
1316 1716 1478 1778 atque
1521 1707 1601 1762 sic
1627 1714 1836 1762 veteres
1870 1706 2048 1777 lacry-

2148 519 2300 586 νήθη
2343 519 2569 587 βοηθός
2606 536 2742 588 μου.
2791 519 3126 584 Tarpeii-ag-
3172 516 3277 570 τὸν
3320 517 3578 570 κοπετόν
3613 534 3734 588 μου
3782 518 3787 523 ’

2148 616 2234 679 εἰς
2274 616 2468 682 χαρὰν
2497 611 2646 681 ἐμοὶ,
2696 608 3009 678 διέρῤηξας
3049 608 3156 661 τὸν
3199 606 3432 661 σάκκον
3461 623 3601 675 μου,
3633 609 3732 661 και

2149 705 2503 774 περιέζωσάς
2523 721 2599 774 με
2620 704 3023 773 εὐφροσύνην.
3043 701 3249 764 Ταῦτα,
3271 700 3427 769 φησὶ,
3452 698 3736 768 δεηθέντος

2153 816 2273 868 μου,
2303 802 2331 852 ὁ
2357 798 2432 870 μὴ
2466 797 2678 869 μακρὰν
2706 795 2955 865 ἀφεστὼς
2983 794 3088 848 τῶν
3122 792 3375 863 καθαρῶς
3404 792 3501 845 καὶ
3529 790 3735 854 πιστῶς

2147 888 2593 958 ἐπικαλουμένων
2630 885 2794 940 αὑτὸν
2820 886 3022 957 Κύριος
3044 883 3298 951 ἤκουσε,
3331 881 3460 952 περὶ
3492 874 3555 933 οὗ
3584 880 3734 952 εἴρη-

2148 998 2268 1034 ται·
2333 981 2542 1049 Ἐτυγὺς
2591 982 2806 1047 Κύριος
2851 976 3001 1032 πᾶσι
3046 976 3172 1041 τοῖς
3233 974 3735 1041 ἐπικαλουμένοις

2149 1072 2334 1126 αὐτὸν
2377 1073 2447 1124 ἐν
2489 1072 2759 1140 ἀληθείᾳ·
2810 1069 2904 1122 καὶ
2951 1068 3188 1131 ἀκούσας
3231 1066 3463 1133 ἠλέησέ
3503 1083 3601 1135 με.
3644 1069 3736 1119 καὶ

2149 1164 2307 1235 ἔργον
2352 1163 2659 1229 ἐπεδείξατο
2706 1160 2799 1213 τοῦ
2854 1161 2932 1224 είς
2960 1161 3058 1231 ἐμὲ
3092 1160 3295 1213 οἴκτουο
3320 1157 3578 1229 ἐγενήθη
3624 1160 3730 1228 γὰρ

2143 1256 2371 1322 βοηθός
2390 1274 2528 1325 μου.
2555 1255 2739 1309 Ταῦτα
2769 1256 2844 1318 ὡς
2873 1253 3009 1323 πρὸς
3038 1254 3185 1323 ἡμᾶς
3205 1250 3528 1321 διαλεχθεὶς,
3552 1250 3646 1302 καὶ
3667 1249 3734 1301 τὰ

2153 1346 2535 1417 συμϐεϐηκότα
2577 1346 2724 1417 αὐτῷ
2762 1345 2980 1408 διδάξας
3004 1346 3171 1415 ἡμᾶς,
3204 1343 3538 1414 ἀποστρέφει
3575 1341 3736 1393 πάλιν

2148 1438 2246 1509 τὴν
2273 1437 2620 1509 εὐχαριστίαν
2656 1437 2745 1490 ἐπ’
2775 1436 2934 1489 αὑτὸν
2967 1436 3118 1499 Θεὸν,
3148 1435 3245 1498 τὰς
3275 1435 3353 1497 εἱς
3381 1433 3545 1487 αὑτὸν
3585 1433 3737 1503 εὐερ-

2148 1530 2337 1597 γεσίας
2366 1528 2596 1593 διεξιών.
2639 1529 2904 1601 Ἠλέησας
2940 1528 3050 1600 γάρ
3085 1545 3150 1599 με
3191 1528 3279 1590 σὺ,
3310 1526 3465 1596 φησὶ,
3513 1526 3610 1580 καὶ
3642 1526 3736 1595 γέ-

2148 1635 2311 1686 γονας
2360 1617 2552 1688 βοηθός
2597 1634 2732 1689 μου·
2777 1617 2918 1671 οὕτω
2968 1634 3028 1669 τε
3079 1614 3373 1687 μετέϐαλες
3424 1616 3494 1668 τὰ
3532 1616 3737 1668 παλαιά

2155 1729 2255 1782 μου
2295 1710 2524 1783 δάκρυα,
2559 1711 2812 1774 καὶτοὺς
2853 1709 3084 1783 θρήνους
3122 1708 3219 1762 καὶ
3260 1713 3350 1761 τὸν
3390 1706 3625 1761 κοπετὸν
3658 1709 3737 1771 είς

473 1818 613 1870 mas,
644 1801 1081 1863 lamentationes,
1130 1800 1408 1869 planctum
1456 1798 1512 1851 in
1561 1797 1756 1862 risum,
1790 1794 2047 1863 gaudium

2152 1805 2359 1873 γέλωτα
2381 1805 2475 1858 καὶ
2505 1803 2699 1875 χαρὰν,
2735 1803 2829 1857 καὶ
2865 1802 3202 1872 ἀγαλλίασιν,
3238 1799 3620 1871 ὲπαληθεύσας
3647 1799 3736 1853 τὸν

471 1902 527 1948 ct
574 1891 991 1947 exsultationem
1030 1891 1400 1945 commutasti.
1448 1888 1525 1942 Ita
1573 1903 1756 1943 verum
1797 1899 2049 1955 compro-

472 1986 609 2040 basti
659 1985 803 2039 illam
858 1983 1270 2045 beatitudinem,
1306 1997 1426 2052 qua:
1465 1982 1557 2036 diu
1610 1988 1797 2050 postea
1827 1980 1893 2033 de
1916 1978 2049 2032 llcn-

470 2079 615 2134 tibus
644 2093 706 2132 ac
730 2078 1042 2148 lugentibus
1070 2075 1265 2129 tradita
1296 2083 1379 2129 est
1411 2094 1422 2127 :
1453 2073 1607 2127 Beati
1631 2073 1719 2138 qui
1742 2073 1889 2141 ﬂent,
1919 2087 2051 2140 quo-

471 2173 616 2226 niam
648 2171 884 2226 ridebunt
906 2172 983 2231 ’°;
1016 2170 1154 2224 beati
1179 2171 1266 2240 qui
1297 2168 1489 2238 lugent,
1521 2168 1769 2235 quoniam
1795 2166 1893 2234 ipsi
1922 2181 2049 2218 con-

471 2265 786 2319 solabuntur
814 2265 883 2315 οι.
920 2261 1003 2317 Me
1045 2275 1205 2315 sacco
1231 2260 1453 2326 exuisti,
1489 2260 1579 2328 qui
1610 2259 1790 2312 luctus
1833 2257 2045 2326 signum

471 2363 609 2416 erat,
646 2355 700 2406 in
731 2368 839 2422 quo
870 2367 957 2407 me
1005 2351 1323 2420 allligebam,
1356 2358 1409 2404 et
1452 2349 1671 2419 cingqu
1704 2348 1902 2402 lautitia:
1945 2348 2047 2401 cir-

472 2445 821 2500 cumcinxisti
860 2457 966 2497 me.
999 2440 1122 2494 Haec
1154 2455 1314 2509 porro
1336 2441 1517 2493 omnia
1571 2440 1700 2493 mihi
1745 2439 2043 2509 praebuisti,

473 2543 533 2590 ut
566 2535 734 2598 né,-si
763 2535 863 2589 tibi
910 2548 1018 2587 non
1050 2531 1333 2586 confessus
1368 2547 1569 2594 essem,
1601 2541 1741 2585 terra
1780 2540 1832 2585 et
1870 2531 2047 2601 pulvis

470 2642 830 2691 remanerem,
858 2634 916 2680 ut
965 2634 1138 2680 cantet
1176 2623 1267 2678 tibi
1314 2624 1484 2694 gloria
1534 2639 1667 2676 mea.
1706 2621 1841 2675 Nam
1879 2622 1924 2678 si
1956 2623 2049 2676 de-

471 2719 805 2775 scendissem
862 2719 920 2773 in
975 2717 1416 2787 corruptionem,
1464 2716 1613 2770 nulla
1657 2715 1786 2768 hinc
1841 2714 2049 2768 utilitas

470 2813 559 2868 vel
588 2812 722 2866 mihi
751 2811 834 2867 vel
859 2810 982 2866 aliis
1032 2817 1293 2865 eventura
1338 2816 1475 2863 erat.
1519 2807 1630 2877 Ego
1672 2822 1907 2876 namque
1940 2808 2049 2861 vita

472 2907 562 2962 illa
601 2922 722 2977 quae
763 2921 831 2961 ex
878 2914 929 2960 te
964 2904 1207 2975 procedit
1255 2902 1553 2973 privandus
1596 2916 1768 2969 eram,
1799 2901 1892 2954 alii
1920 2915 2049 2956 vero

472 3015 568 3070 per
596 3014 679 3054 me
704 3000 931 3053 salutem
960 2996 1184 3051 minime
1213 2996 1357 3050 nacti
1387 3002 1588 3051 essent.

540 3089 611 3144 At
640 3090 859 3161 quando
894 3097 953 3143 tu
985 3088 1285 3143 convertisti
1322 3085 1590 3157 planctum
1619 3100 1791 3138 meum
1823 3084 1877 3137 in
1917 3100 2049 3154 gau-

2151 1890 2375 1962 ὕστερόν
2408 1908 2539 1944 ποτε
2564 1889 2823 1961 λεχθέντα
2856 1890 3202 1962 μακαρισμὸν
3237 1889 3497 1961 περὶτῶν
3523 1888 3737 1942 κλαιόν-

2148 1997 2254 2033 των
2279 1980 2371 2033 καὶ
2398 1980 2758 2045 πενθούντων,
2790 1979 2932 2034 κατὰ
2955 1980 3012 2032 τό
3031 1997 3043 2009 ·
3087 1978 3377 2048 Μακάριοι
3415 1982 3469 2032 οἱ
3498 1980 3737 2032 κλαίον-

2147 2091 2265 2139 τες,
2298 2073 2386 2125 ὅτι
2418 2071 2781 2143 γελάσονται
2801 2090 2814 2104 ·
2839 2072 2935 2126 καὶ
2961 2071 3239 2142 μακάριοι
3269 2077 3321 2125 οἱ
3352 2072 3733 2139 πενθοῦντες,

2147 2165 2235 2217 ὅτι
2272 2163 2867 2231 παρακληθήσονται.
2919 2164 3000 2216 Τὰ
3032 2163 3276 2235 σύμϐολα
3315 2163 3448 2231 γοῦν
3484 2163 3581 2217 τοῦ
3612 2164 3736 2217 πέν-

2148 2255 2274 2318 θους
2322 2255 2597 2318 ἀπέδυσας
2632 2272 2730 2326 με,
2781 2255 2875 2309 τὸν
2924 2255 3159 2318 σάκκον,
3211 2258 3269 2308 ὲν
3319 2249 3363 2323 ᾧ
3404 2256 3735 2310 κακοπαθῶν

2150 2349 2382 2420 ἐμαυτὸν
2409 2350 2811 2422 ἐτιμωρούμην,
2848 2348 2941 2403 καὶ
2975 2348 3222 2421 ζώσματι
3267 2349 3607 2422 εὐφροσύνης
3643 2368 3736 2403 πε-

2152 2442 2413 2513 ριέζωσάς
2462 2460 2548 2513 με.
2600 2443 2711 2496 Καὶ
2735 2441 2911 2496 ταῦτα
2938 2442 3113 2495 πάντα
3162 2460 3251 2513 μοι
3298 2442 3602 2513 παρέσχου,
3651 2443 3735 2496 ἵνα

2153 2536 2225 2605 μὴ
2268 2536 2547 2605 ἀπομείνω
2593 2535 2737 2598 κόνις
2773 2537 2866 2588 καὶ
2898 2530 3027 2606 χούς
3073 2538 3101 2590 ὁ
3143 2536 3216 2607 μὴ
3249 2535 3735 2607 ἐξομολογούμενός

2152 2643 2254 2692 σοι,
2295 2626 2406 2679 ἀλλ’
2437 2628 2537 2680 ἵνα
2569 2626 2782 2695 eam"
2822 2644 2919 2681 σοι
2949 2629 2987 2696 ἠ
3018 2627 3167 2690 δόξα
3187 2646 3327 2697 μου.
3373 2628 3463 2680 Ἐν
3501 2628 3600 2699 μὲν
3630 2627 3734 2698 γὰρ

2148 2717 2226 2788 τῷ
2260 2717 2563 2789 καταϐῆναί
2601 2735 2667 2788 με
2700 2720 2779 2782 είς
2807 2718 3105 2790 διαφθορὰν
3140 2719 3365 2791 οὐδεμία
3394 2739 3478 2784 τις
3502 2715 3571 2790 ἦν
3594 2719 3735 2789 ὡφέ-

2148 2808 2269 2864 λεια
2293 2808 2402 2862 οὔτ’
2433 2809 2557 2880 ἐμοὶ
2583 2808 2706 2862 οὔτε
2728 2810 2954 2881 ἑτέροις.
3002 2808 3144 2879 Ἐγώ
3173 2822 3245 2863 τε’
3267 2810 3377 2883 γὰρ
3403 2809 3735 2883 ἀπεστερού-

2153 2918 2258 2971 μην
2283 2901 2381 2972 τῆς
2407 2901 2558 2973 παρὰ
2591 2900 2685 2954 σοῦ
2710 2900 2875 2971 ζωῆς,
2906 2902 3055 2956 ἄλλοι
3081 2921 3139 2956 τε
3167 2902 3416 2975 οὐδαμῶς
3443 2904 3733 2976 ἐτύγχανον

2148 2991 2250 3062 τῆς
2280 2991 2345 3044 δι’
2376 2993 2509 3064 ἐμοῦ
2544 2996 2834 3066 σωτηρίας.

2233 3084 2319 3135 Ἐν
2350 3083 2405 3136 δὲ
2433 3083 2510 3155 τῷ
2529 3084 2930 3153 μεταϐάλλειν
2961 3100 3035 3140 σε
3064 3084 3172 3139 τὸν
3198 3088 3459 3140 κοπετόν
3480 3105 3602 3158 μου
3651 3090 3735 3155 εὶς

471 3181 618 3235 dium
666 3179 813 3242 mihi,
845 3185 899 3234 et
927 3178 1145 3249 quando
1190 3174 1497 3230 conscidisti
1542 3190 1753 3227 saccum
1785 3188 1957 3225 meum
2000 3180 2048 3225 et

2152 3174 2344 3243 χαρὰν
2377 3174 2526 3243 ἐμοὶ,
2565 3178 2659 3229 καὶ
2701 3178 2759 3229 ὲν
2791 3176 2868 3248 τῷ
2908 3175 3223 3246 διίιῤῥῆξαι
3253 3194 3329 3231 σε
3366 3179 3476 3232 τὸν
3507 3179 3735 3234 σάκκον

472 3270 865 3325 circumdedisti
913 3286 992 3323 me
1036 3268 1245 3331 ιαἰίιὶα,
1271 3280 1381 3320 non
1428 3264 1643 3319 modica
1690 3262 1816 3316 inde
1845 3263 2051 3317 utilitas

473 3363 707 3417 accessit
736 3379 749 3415 :
784 3377 910 3416 nam
939 3361 1170 3432 pristina
1205 3366 1427 3427 recepta
1455 3357 1650 3427 gloria,
1674 3370 1770 3425 per
1800 3369 1919 3410 eam
1949 3354 2051 3408 tibi

472 3454 707 3509 cantabo
731 3465 784 3510 et
806 3454 1033 3525 psallam
1054 3494 1068 3518 ,
1097 3467 1204 3507 non
1242 3466 1407 3521 prava
1436 3451 1652 3521 quidem
1692 3448 2048 3511 conscientia,

474 3547 570 3602 sed
603 3546 785 3601 fidenti
826 3560 888 3599 ac
926 3559 1063 3616 pura
1114 3552 1313 3600 mente.
1361 3543 1485 3597 ldeo
1515 3543 1611 3606 ait,
1647 3540 1715 3595 Ut
1755 3549 1927 3594 cantet
1958 3539 2053 3592 tibi

470 3639 645 3709 gloria
674 3654 808 3701 mea,
849 3647 898 3691 et
944 3653 1047 3691 non
1093 3647 1429 3707 compungar.
1476 3633 1555 3688 lta
1606 3648 1770 3704 porro
1802 3646 2053 3702 perseve-

474 3731 608 3786 rabo
640 3745 737 3801 per
764 3744 925 3784 omne
976 3728 1256 3794 saeculum,
1285 3726 1585 3783 conﬁtebor
1638 3724 1762 3789 tibi,
1813 3732 1867 3777 et
1918 3737 1948 3775 a
2001 3729 2052 3775 te

474 3823 607 3876 mihi
641 3836 856 3891 semper
896 3821 1093 3875 collata
1126 3818 1389 3874 benellcia
1436 3816 1894 3872 commemorabo.
1942 3813 2051 3866 Do-

471 3916 645 3968 minus
674 3915 847 3983 {actus
875 3922 954 3967 est
988 3911 1203 3981 adjutor
1229 3927 1392 3965 meus.
1436 3908 1741 3963 Notandum
1776 3921 1939 3976 porro
1969 3912 2052 3960 est

474 4005 629 4066 illud,
655 4004 827 4073 factus
850 4011 947 4068 est,
978 4017 1089 4055 non
1128 4012 1342 4071 semper
1374 4007 1651 4069 acceptam
1688 3996 2051 4051 substantiam

474 4095 822 4168 signiﬁcare;
871 4095 962 4149 sed
1001 4094 1325 4165 quandoque
1365 4093 1529 4147 etiam
1586 4090 1829 4144 habitum
1858 4102 2052 4159 quem-

475 4192 622 4245 dam.
655 4187 842 4243 Sicubi
877 4187 1044 4257 igitur
1085 4186 1139 4240 id
1175 4184 1243 4240 de
1291 4182 1573 4239 Salvatore
1614 4182 1848 4247 dicatur,
1896 4179 2046 4233 habi-

476 4288 590 4335 tum
621 4279 687 4335 ad
716 4294 833 4333 rem
862 4278 1123 4347 aliquam,
1156 4292 1264 4331 non
1300 4275 1662 4332 substantiam
1708 4272 1929 4337 iactam,
1975 4271 2052 4325 si-

474 4370 713 4444 gniﬁcat.
770 4368 1083 4424 Convertisti
1145 4368 1415 4437 planctum
1471 4381 1643 4420 meum
1691 4365 1745 4417 in
1797 4363 2051 4433 gaudium

474 4464 623 4518 mihi.
655 4462 769 4517 Vox
800 4464 911 4527 illa,
944 4462 1186 4533 planctus
1223 4460 1359 4532 [sive‘
1404 4461 1577 4513 tunsio
1623 4455 1893 4529 pectoris],
1922 4471 2048 4511 sen-

477 4574 597 4614 sum
631 4555 900 4627 signiﬁcat
930 4575 944 4611 :
972 4555 1116 4626 quod
1141 4554 1225 4609 vel
1247 4555 1364 4623 ipsa
1394 4568 1452 4608 re
1483 4551 1814 4612 declaratur,
1855 4564 2051 4603 manus

477 4650 676 4719 quippe
721 4655 908 4718 pectus
954 4646 1211 4701 tundunt.
1257 4643 1359 4710 Qui
1406 4643 1569 4713 igitur
1607 4642 1661 4695 in
1706 4641 2051 4711 propriorum

480 4748 827 4812 peccatorum
858 4754 1024 4795 sensu
1055 4744 1326 4801 versatur,
1364 4750 1429 4789 ac
1461 4749 1556 4804 per
1601 4734 1910 4803 spirituales
1943 4746 2054 4784 ma-

481 4849 584 4889 nus
613 4848 737 4888 cum
784 4832 1022 4887 ellicacia
1071 4844 1292 4885 sensum
1333 4827 1534 4883 excitat
1573 4841 1762 4888 suum,
1795 4825 1843 4880 is
1871 4832 2052 4878 trans-

480 4925 620 4980 latus
670 4941 700 4979 a
751 4925 922 4987 luctu,
954 4921 1234 4994 gaudium,
1292 4918 1528 4989 Spiritus
1573 4918 1747 4973 sancti
1786 4915 2049 4980 fructum,

477 5017 723 5087 accipiet.
760 5016 894 5070 lllud
934 5029 1121 5085 porro,
1159 5011 1481 5073 convertisti,
1512 5011 1867 5064 mutationem
1899 5008 2046 5061 illam

479 5126 543 5165 es
573 5109 793 5179 planctu
817 5115 870 5162 et
897 5108 1045 5160 luctu
1076 5106 1133 5159 in
1176 5104 1415 5158 laetitiam
1446 5101 1685 5156 declarat
1714 5120 1728 5169 ;
1774 5099 1908 5155 illud
1952 5100 2049 5154 de—

480 5215 649 5263 mum,
683 5216 783 5252 non
812 5214 1149 5269 compungar,
1183 5196 1233 5250 id
1263 5203 1365 5262 est,
1407 5210 1515 5248 non
1549 5194 1768 5247 mutabo
1802 5193 2052 5262 proposi-

481 5299 619 5345 tum.
647 5289 827 5345 Gloria
872 5290 962 5343 illa
993 5287 1267 5343 cautatrix
1300 5286 1419 5357 ejus
1448 5285 1540 5356 qui
1584 5285 1664 5340 sic
1705 5283 1873 5338 Deum
1920 5282 2052 5337 atl‘a-

482 5390 593 5447 tur,
632 5382 840 5435 rectum
871 5381 994 5435 vita:
1043 5379 1350 5433 institutum
1391 5385 1473 5433 est
1521 5382 1574 5430 et
1615 5374 1853 5444 cognitio
1891 5389 2046 5444 pura.

483 5469 705 5525 Domine
745 5467 883 5521 Deus
933 5485 1096 5532 meus,
1139 5470 1193 5522 in
1241 5477 1490 5522 wternum
1532 5463 1819 5535 conﬁtebor
1847 5465 1957 5518 tibi.
1990 5463 2048 5518 1d

482 5570 587 5625 cm,
609 5574 709 5629 pro
736 5557 991 5613 omnibus
1019 5573 1139 5629 quae
1160 5557 1505 5629 contigerint,
1531 5572 1638 5611 non
1668 5555 1830 5611 modo
1855 5555 2050 5625 jucun-

561 5738 606 5773 ⁸³
645 5736 789 5795 Psal.
824 5749 1001 5805 axuv,
1039 5738 1128 5794 18.
1201 5740 1249 5771 ⁸⁸
1287 5737 1418 5796 Luc.
1456 5754 1530 5807 γι,
1563 5739 1654 5796 21.

2145 3284 2265 3334 μου
2298 3266 2396 3319 καί
2427 3266 2738 3335 περιζῶσαι
2764 3272 3169 3338 εὐφροσύνην,
3208 3273 3306 3343 οὐχ
3336 3273 3369 3342 ἡ
3394 3273 3635 3344 τυχοῦσα
3658 3290 3735 3343 γε·

2151 3358 2373 3427 γένηται
2392 3360 2629 3428 ὠφέλεια
2646 3378 2658 3391 ·
2687 3362 2978 3416 ἀπολαϐὼν
3006 3364 3115 3436 γὰρ
3140 3364 3237 3435 τὴν
3269 3365 3541 3436 προτέραν
3568 3367 3735 3438 ἐμαυ-

2149 3449 2242 3502 τοῦ
2267 3449 2443 3516 δόξαν,
2478 3450 2564 3504 διὰ
2582 3452 2788 3524 ταύτης
2818 3472 2899 3507 σοι
2925 3454 3099 3525 ψαλῶ,
3116 3458 3211 3510 καὶ
3237 3457 3391 3526 ψαλῶ
3419 3475 3502 3511 σοι
3518 3459 3579 3511 ού
3604 3459 3738 3530 μετά

2150 3557 2292 3605 τινος
2322 3541 2534 3613 φαύλης
2569 3545 2948 3617 συνειδήσεως,
2980 3546 3115 3601 ἀλλὰ
3172 3549 3310 3619 μετὰ
3357 3553 3736 3622 πεπαρῤησια-

2152 3632 2357 3704 σμένης
2389 3634 2481 3686 καὶ
2516 3634 2765 3707 καθαρᾶς
2812 3636 3067 3701 διανοίας.
3099 3640 3190 3692 Διό
3216 3656 3408 3709 φησιν·
3443 3642 3635 3707 Ὅπως
3664 3630 3737 3693 Eu;

2150 3724 2362 3793 ψίῐλλῃ
2415 3742 2514 3779 σοι
2560 3728 2598 3795 ἠ
2642 3727 2793 3792 δόξα
2841 3747 2981 3797 μου,
3028 3729 3127 3783 καὶ
3169 3732 3239 3783 οὐ
3278 3730 3363 3800 μὴ
3404 3732 3733 3800 κατανυτῶ.

2151 3816 2307 3869 Οὕτω
2333 3836 2391 3870 τε
2417 3818 2710 3871 διατελέσω
2744 3821 2824 3883 εἰς
2850 3820 2944 3873 τὸν
2979 3819 3272 3891 σύμπαντα
3306 3821 3509 3886 αἰῶνα,
3547 3821 3734 3891 ἐξομο-

2150 3905 2472 3978 λογούμενός
2504 3926 2617 3973 σοι,
2661 3908 2755 3961 καὶ
2791 3910 2890 3972 τὰς
2926 3909 3023 3973 σὰς
3061 3909 3150 3962 διὰ
3186 3910 3385 3974 παντὸς
3418 3911 3734 3981 εὐεργεσίας

2150 3998 2249 4063 τὰς
2279 4002 2359 4060 εἰς
2389 3998 2487 4069 ἐμὲ
2515 3999 2745 4063 διεξιών.
2781 4001 2997 4067 Κύριος
3040 4000 3295 4071 ἐγενήθη
3328 4002 3563 4069 ,Βοηθός
3594 4020 3730 4072 μου.

2151 4091 2516 4162 Σημειωτὲον,
2575 4090 2657 4143 ὅτι
2706 4089 2785 4154 τὸ,
2843 4090 3117 4159 ἐγενήθη,
3171 4092 3273 4143 οὐκ
3332 4091 3419 4144 ἀεὶ
3483 4092 3732 4145 ούσίωσιν

2153 4181 2426 4251 σημαίνει·
2447 4179 2560 4232 ἀλλ’
2592 4178 2701 4231 ἐσθ’
2731 4181 2818 4231 ὅτε
2848 4180 2942 4232 καὶ
2970 4179 3105 4250 πρός
3131 4197 3250 4232 τινα
3282 4181 3485 4250 σχέσιν.
3516 4180 3589 4234 E!’
3608 4199 3730 4235 ποτε

2150 4268 2242 4324 οὖν
2299 4273 2394 4325 καὶ
2440 4272 2533 4324 ἐπὶ
2578 4270 2670 4324 τοῦ
2712 4272 2966 4344 Σωτῆρος
3020 4271 3242 4345 τοιαύτη
3299 4273 3510 4341 γένοιτο
3561 4274 3728 4344 φωνὴ,

2156 4363 2339 4432 σχέσιν
2364 4364 2500 4435 πρός
2530 4381 2582 4416 τι
2620 4364 2714 4416 καὶ
2746 4364 2867 4434 οὐχὶ
2900 4365 3153 4417 ούσίωσιν
3188 4364 3459 4435 σημαίνει.
3499 4366 3731 4432 "Harpe-

2153 4459 2276 4524 ψας
2309 4453 2415 4507 τὸν
2452 4458 2709 4508 κοπετόν
2743 4472 2863 4523 μου
2895 4456 2982 4521 εἰς
3024 4454 3218 4523 χαρὰν
3253 4456 3404 4525 ἐμοί.
3442 4456 3529 4520 Ἡ,
3562 4470 3731 4511 κοπε-

2154 4549 2285 4613 τός,
2314 4548 2466 4618 φωνὴ
2485 4588 2498 4611 ,
2529 4548 2629 4619 τὴν
2665 4546 3013 4618 συναίσῡησιν
3062 4548 3338 4618 σημαίνει,
3369 4550 3446 4611 ὠς
3473 4549 3570 4601 καὶ
3598 4548 3728 4617 αὐτὴ

2156 4641 2188 4709 ἡ
2227 4638 2424 4712 πρᾶξις
2454 4639 2780 4710 παρίστησι,
2809 4638 3146 4710 τῶνηχειρῶν
3179 4640 3242 4692 τὸ
3274 4638 3468 4710 στῆθος
3507 4657 3729 4694 κοπτου·

2157 4732 2285 4784 σῶν.
2365 4731 2421 4783 '0
2480 4727 2572 4783 οὖν
2621 4731 2680 4782 ὲν
2731 4731 3079 4802 συναισθήσει
3131 4731 3275 4784 ἰδίων
3323 4732 3729 4802 ἁμαρτημάτων

2154 4821 2414 4891 γεγονὼς,
2459 4821 2554 4874 καὶ
2587 4821 2954 4893 ὲνεργητικῶς
2999 4821 3086 4876 διὰ
3115 4822 3314 4895 χειρῶν
3350 4823 3727 4894 πνευματικῶν

2155 4914 2251 4984 τὴν
2286 4912 2537 4982 αἴσθησιν
2586 4912 2751 4965 αὑτοῦ
2784 4913 3090 4985 διεγείρας,
3137 4914 3455 4984 μεταϐαλὼν
3497 4915 3607 4969 ἀπὸ
3640 4912 3725 4967 τοῦ

2148 5000 2535 5072 ὀλοφύρεσθαι,
2572 5001 2745 5073 χαρὰν
2770 5003 2861 5056 τὸν
2886 5004 3098 5075 καρπὸν
3133 5004 3227 5057 τοῦ
3258 5005 3575 5074 Πνεύματος
3606 5007 3727 5060 ἀνα·

2148 5094 2393 5165 λήψεται.
2430 5092 2523 5156 Τὸ,
2559 5092 2891 5161 ἔστρεψας,
2947 5094 3097 5165 δηλοῖ
3129 5096 3227 5166 τὴν
3262 5099 3325 5150 ὲκ
3384 5096 3481 5150 τοῦ
3530 5098 3725 5151 κόπτε·

2156 5188 2279 5240 σθαι
2329 5187 2423 5241 καὶ
2469 5187 2753 5242 λυπεῖσθαι
2782 5188 2861 5251 είς
2917 5188 3092 5259 χαρὰν
3144 5188 3477 5260 μεταϐολήν·
3535 5191 3604 5244 τὸ
3652 5189 3724 5249 δὲ,

2152 5280 2329 5351 οὺμὴ
2362 5281 2706 5351 κατανυγῶ,
2742 5283 2801 5335 ού
2846 5281 2920 5353 μὴ
2977 5281 3257 5353 μεταγνῶ,
3298 5284 3451 5352 φησί.
3504 5282 3640 5349 Δόξα
3676 5281 3727 5333 δὲ

2154 5373 2429 5443 ψάλλουσα
2454 5372 2547 5425 τοῦ
2579 5372 2753 5426 ταῦτα
2780 5373 3029 5443 λέγοντος
3056 5374 3136 5445 τῷ
3159 5374 3449 5446 Θεῷ,ὀρθὴ
3491 5373 3724 5428 πολιτεία

2156 5465 2249 5518 καὶ
2273 5463 2471 5533 γνῶσίς
2502 5466 2648 5517 ἐστιν
2681 5465 2994 5537 εἰλικρινής.
3024 5467 3201 5533 Κύριε
3246 5469 3278 5519 ὀ
3310 5466 3455 5532 Θεός
3474 5483 3614 5534 μου,
3644 5464 3723 5528 εις

2156 5558 2261 5611 τὸν
2288 5555 2470 5612 αἰῶνα
2493 5557 3014 5628 ἐξομολογήσομαι
3036 5573 3135 5611 σοι
3155 5577 3168 5589 ·
3200 5558 3321 5611 ἀντὶ
3341 5557 3454 5623 τοῦ,
3477 5557 3570 5611 ἐπὶ
3595 5556 3722 5611 πᾶσι

1730 5740 1775 5773 ἰ
1816 5736 2007 5795 Matth.
2052 5753 2112 5803 τ,
2145 5738 2194 5793 5.
