3940 6292
193 402 281 458 ΞΕΒ

1283 380 1781 456 Constantem
1819 395 1884 457 IN
1922 402 2260 462 PSALMOS.

3280 405 3387 465 266

159 527 166 537 '
192 523 285 583 τοῖς
308 516 704 590 συμϐαίνουσιν,
730 515 789 572 οὐ
817 496 1108 590 προσηνέσι
1141 517 1319 588 μόνον,
1347 518 1482 574 ἀλλὰ
1506 521 1600 574 καὶ
1631 521 1723 575 ἐπὶ

1834 523 1910 579 dis
1932 524 2115 593 rebus,
2147 524 2240 580 sed
2270 524 2432 580 etiam
2461 540 2560 596 pro
2582 524 2884 592 laboribus,
2911 527 3113 597 gratias
3131 527 3231 582 tibi
3263 544 3385 599 ago,

190 611 363 674 πόνοις,
396 608 698 680 εὐχαριστῶ
724 627 819 672 σοι,
848 609 1107 663 Δέσποτα.

193 727 282 780 ΕΙΣ
324 724 404 776 ΤΟ
453 723 676 777 ΤΕΛΟΣ
723 724 1149 848 ΨΑέἕὶίξΊΣΛΣΓΩ
1205 721 1423 792 ΔΑΥῙΔ,
1475 724 1726 782 ΕΚΣΤΑ-

248 884 367 938 Οὔτε
402 885 457 937 ἐν
483 887 548 954 τῇ
588 883 853 954 Ἐϐραίων
886 886 1094 956 Γραφῇ,
1125 885 1247 940 οὔτε
1289 887 1438 958 παρὰ
1470 891 1581 952 τοῖς
1612 889 1723 943 λοι-

191 979 291 1039 ποῖς
313 977 664 1046 ἐρμηνευταῖς
691 978 722 1048 ἠ
754 975 1042 1048 προγραφὴ
1077 977 1337 1048 περιέχει.
1360 979 1720 1047 ἐκστάσεως.

192 1067 379 1140 Μήποτε
414 1066 467 1118 δὲ
507 1066 594 1118 διὰ
627 1067 690 1119 τὸ
727 1066 1046 1138 ἐκφέρεσθαι
1097 1067 1174 1138 τῷ
1220 1069 1445 1140 ψαλμῷ·
1493 1071 1632 1139 Ἐγὼ
1655 1069 1724 1124 δὲ

191 1154 303 1214 εἶπα
324 1160 386 1211 ἐν
409 1158 482 1227 τῇ
512 1159 797 1214 ἐκστάσει
815 1177 961 1230 μου·
1000 1163 1363 1232 Ἇπέρῤιμμαι
1395 1163 1510 1217 ἀπὸ
1538 1179 1722 1231 προσ-

193 1251 325 1305 ώπου
342 1250 451 1304 τῶν
475 1252 797 1322 ὀφθαλμῶν
815 1269 950 1317 σου,
973 1254 1067 1325 τὴν
1093 1255 1406 1328 προσθήκην
1435 1276 1518 1321 τις
1539 1260 1723 1330 ἐποιή-

195 1361 300 1397 σατο
338 1347 389 1397 ὲν
431 1348 496 1417 τῇ
540 1349 834 1418 προγραφῇ
875 1347 952 1410 είς
984 1347 1076 1401 τὸν
1101 1349 1286 1419 καιρὸν
1317 1350 1436 1404 καθ’
1462 1351 1518 1404 ὃν
1552 1353 1608 1404 ἐν
1633 1352 1723 1405 ἐκ·

195 1435 346 1488 στάσει
372 1435 652 1502 γενόμενος
669 1433 844 1490 εἶπεν·
877 1437 1242 1506 Ἆπέῥριμμαι
1267 1441 1380 1494 ἀπὸ
1401 1441 1724 1510 προσώπου

194 1543 288 1578 των
321 1526 630 1596 ὀφθαλμῶν
664 1543 800 1592 σου,
828 1529 1155 1601 ἀναπέμψας
1182 1531 1249 1585 τὰ
1273 1532 1616 1605 ἐμφερόμενα
1644 1536 1722 1607 τῷ

194 1619 333 1686 λόγως
364 1620 502 1689 Πλὴν
527 1619 643 1673 ἀλλ’
669 1621 748 1684 εἰς
771 1619 832 1673 τὸ
852 1617 1003 1685 τέλος
1030 1625 1156 1687 τοὺς
1185 1626 1606 1695 ἐντυγχάνοντας
1625 1645 1724 1681 πα-

195 1709 429 1780 ραπέμπει
453 1710 544 1763 καὶ
578 1713 610 1781 ἡ
639 1711 888 1783 παροῦσα
933 1714 1243 1786 προγραφὴ,
1273 1715 1388 1786 ἦτοι
1419 1717 1509 1770 διὰ
1534 1717 1602 1771 τὰ
1631 1736 1722 1772 τε-

194 1800 391 1860 λευταῖα,
423 1802 478 1854 ἐν
505 1795 586 1864 οἷς
613 1803 935 1873 παραίνεσιν
968 1805 1401 1878 ἀναγκαιοτάτην
1427 1809 1718 1883 περιέχειή

193 1895 408 1963 λέγουσα·
449 1895 818 1965 Ἆγαπήσατε
846 1897 952 1951 τὸν
984 1900 1204 1966 Κύριον
1228 1901 1448 1968 πάντες
1477 1907 1530 1956 οὶ
1572 1903 1726 1960 ὅσιοι
1755 1892 1797 1946 Β

193 1990 342 2043 αὑτοῦ
365 2030 378 2052 ,
431 1989 517 2044 ὅτι
565 1991 854 2058 ἀληθείας
897 1990 1215 2059 ἐκζητεῖται
1254 1996 1484 2062 Κύριος,
1528 1999 1620 2051 καὶ
1663 1999 1732 2054 τὰ

195 2081 321 2150 ἑξῆς·
348 2081 377 2152 ἢ
414 2080 496 2134 διὰ
541 2078 604 2134 τὸ
637 2081 1003 2154 προφητεύειν
1033 2083 1154 2137 τινὰ
1182 2087 1307 2156 περὶ
1340 2087 1448 2140 τῶν
1494 2089 1636 2142 κατὰ
1672 2089 1732 2144 τὸ

196 2170 332 2233 πάθος
368 2169 453 2223 τοῦ
499 2172 758 2243 Σωτῆρος
802 2172 1232 2243 πεπραγμένων·
1279 2177 1314 2230 ἃ
1359 2177 1422 2248 δὴ
1451 2177 1729 2246 γίγνεσθαι

196 2261 384 2330 ἤμελλεν
407 2261 492 2315 ἐπὶ
523 2256 810 2336 συντελείᾳ
836 2259 930 2317 τοῦ
966 2266 1176 2329 αἰῶνος.
1196 2267 1331 2320 Ἀλλ’
1363 2257 1483 2322 ἐπεὶ
1517 2273 1609 2324 καὶ
1635 2273 1729 2326 τοῦ

197 2343 563 2416 Δαυῒδέλπίδας
606 2355 917 2425 ὑπογράφει
971 2353 1181 2422 ἀγαθὰς
1220 2359 1248 2409 ὁ
1292 2355 1466 2425 λόγος,
1528 2359 1726 2424 αἵτινες

196 2443 384 2513 ἡμελλον
406 2443 546 2515 αὒτῷ
588 2446 675 2506 εἰς
723 2445 812 2497 τὸν
865 2444 1122 2514 μέλλοντα
1152 2446 1340 2516 χρόνον
1365 2447 1723 2515 ἀποδίδοσθαι,

198 2534 379 2598 εἰκότως
406 2537 476 2599 εἰς
504 2535 563 2588 τὸ
591 2535 754 2598 τέλος
783 2533 1096 2605 ἀναπέμπει
1121 2535 1219 2606 τὴν
1253 2541 1590 2610 προγραφὴν.
1623 2541 1726 2593 Πε-

200 2623 337 2693 ριέχει
375 2625 422 2678 δὲ
465 2629 493 2680 ό
541 2629 654 2689 πᾶς
702 2627 981 2697 ἱκετηρίαν
1024 2625 1117 2678 τοῦ
1158 2628 1337 2691 Δαυῒδ,
1373 2629 1489 2682 ὅλον
1537 2629 1725 2684 ἐαυτὸν

1833 616 2074 672 Domine.

1835 723 1884 784 ί.
1943 729 2005 784 IN
2067 728 2275 784 FINEM
2295 725 2880 854 PSALM‘I‘JEXDAVID,
2920 728 3057 786 PRO
3092 729 3386 786 EXS'I‘ASI

1898 894 2081 965 Neque
2128 897 2180 949 in
2213 894 2476 950 Hebraica
2515 893 2818 963 Scriptura,
2851 907 3029 962 neque
3065 893 3121 946 in
3163 891 3389 960 reliquis

1829 983 2238 1055 interpretibus,
2283 983 2568 1052 inscriptio
2597 982 2726 1036 illud
2759 981 2995 1052 praefert,
3033 995 3127 1046 pro
3165 979 3386 1033 exstasi.

1827 1076 1966 1132 Num
2014 1078 2150 1134 forte
2189 1079 2316 1148 quia
2369 1077 2501 1131 illud
2551 1076 2605 1129 in
2645 1076 2852 1145 psalmo
2890 1076 2936 1108 "
2971 1074 3231 1129 eil'ertur:
3278 1071 3388 1142 Ego

1830 1180 1999 1224 autent
2030 1172 2143 1224 dixi
2185 1172 2239 1225 in
2280 1170 2478 1226 exstasi
2513 1171 2700 1223 mentis
2744 1185 2870 1222 mea:
2899 1185 2918 1223 :
2958 1166 3234 1237 Projectns
3270 1182 3381 1221 sum

1829 1280 1862 1314 ιι
1887 1251 2020 1331 Ῑᾶεἱε
2049 1255 2318 1316 oculorum
2349 1270 2582 1324 tuorum,
2615 1261 2847 1329 idipsum
2875 1261 3143 1330 quispiam
3191 1259 3382 1315 inscri-

1827 1356 1995 1426 ptioni
2020 1355 2304 1417 addiderit,
2341 1355 2405 1407 ad
2437 1364 2649 1422 tempus
2672 1353 2803 1407 illud
2839 1353 2888 1406 id
2912 1351 3174 1413 referens,
3198 1366 3305 1421 quo
3332 1351 3382 1405 in

1829 1444 2032 1498 exslasi
2065 1444 2274 1513 positus
2300 1443 2437 1497 dixit
2468 1463 2480 1497 :
2509 1441 2782 1512 Projectus
2813 1459 2930 1497 sum
2972 1459 3004 1496 a
3036 1442 3170 1504 [acie
3199 1441 3378 1497 oculo-

1828 1553 1946 1589 rum
1976 1546 2181 1590 tuorum
2202 1539 2226 1592 .9
2245 1535 2509 1591 Cmterum
2540 1551 2780 1607 praesens
2814 1537 3097 1605 inscriptio
3129 1536 3384 1590 lectorem

1830 1625 1895 1680 ad
1929 1626 2088 1681 tinem
2120 1628 2366 1688 remittit.
2397 1628 2510 1683 sive
2540 1635 2757 1698 propter
2784 1644 2846 1682 ea
2875 1644 2994 1698 qua
3014 1642 3206 1683 versus
3227 1627 3384 1680 linem

1829 1719 2106 1780 dicuntur,
2136 1718 2225 1772 ubi
2258 1735 2352 1787 per
2386 1721 2750 1774 necessariam
2780 1719 3204 1773 admonitionem
3234 1717 3385 1772 aﬂ'ert

1829 1810 1915 1864 his
1946 1810 2143 1864 verbis:
2162 1809 2375 1880 Diligite
2392 1810 2694 1873 Dominum,
2714 1827 2888 1864 ontnes
2915 1812 3084 1864 sancti
3103 1809 3237 1879 ejus,
3255 1825 3385 1878 quo-

1826 1902 1968 1955 niam
1990 1903 2230 1956 veritates
2260 1904 2473 1972 requirit
2501 1902 2773 1966 Dominus,
2801 1912 2853 1958 et
2874 1909 3066 1957 caetera
3088 1919 3102 1967 ;
3127 1902 3240 1956 sive
3261 1901 3385 1970 quia

1827 1995 2086 2048 nonnulla
2116 1995 2442 2048 vaticinatur
2466 2011 2586 2064 qua:
2621 2003 2861 2064 tempore
2889 1993 3163 2063 passionis
3198 1991 3386 2046 Salva-

1828 2084 1962 2139 toris
1986 2085 2161 2138 nostri
2190 2093 2339 2154 gesta
2378 2091 2524 2147 sunt,
2553 2098 2782 2153 quaeque
2827 2084 2883 2136 in
2919 2083 3385 2136 consummatione

1827 2176 2010 2231 saeculi
2041 2183 2267 2230 ventura
2289 2185 2464 2230 erant.
2495 2174 2598 2230 Sed
2629 2175 2886 2244 quoniam
2915 2174 3058 2228 bona
3086 2173 3175 2227 hic
3199 2171 3385 2226 Davidi

1827 2282 1952 2337 spes
1983 2267 2382 2330 subindicatur,
2415 2282 2533 2336 quae
2561 2268 2666 2338 ipsi
2699 2267 2756 2320 in
2783 2266 2969 2320 futuro
2997 2273 3243 2335 tempore
3281 2264 3387 2317 im-

1829 2362 2022 2430 plenda
2056 2369 2171 2415 erat
2195 2401 2210 2425 ,
2247 2361 2370 2430 jure
2410 2360 2816 2429 inscriptionem
2851 2359 2908 2412 in
2947 2358 3103 2413 ﬁnem
3139 2357 3386 2412 remittit.

1832 2450 1998 2507 Totus
2024 2468 2155 2508 vero
2198 2452 2440 2522 psalmus
2474 2451 2694 2504 Davidis
2735 2449 3186 2520 supplicationem
3233 2463 3388 2501 com-

1832 2543 2088 2613 plectitur
2111 2545 2204 2614 qui
2237 2559 2357 2598 sese
2384 2552 2554 2598 totum
2587 2541 2697 2596 Deo
2732 2540 3093 2603 concredidit,
3127 2549 3388 2609 rogatque

1832 2642 1891 2687 ut
1923 2652 1991 2690 ne
2023 2653 2119 2706 spe
2145 2636 2375 2691 labatur.

201 2715 539 2787 ἀναρτήσαντος
563 2717 660 2771 τοῦ
695 2717 851 2778 Θεοῦ,
885 2717 977 2769 καὶ
1013 2718 1318 2790 παρακαλεῖ
1359 2721 1431 2791 μὴ
1466 2722 1716 2774 ἐκπεσεῖν
1743 2724 1842 2794 τῆς
1869 2726 2097 2792 ἐλπίδος.

265 2809 366 2861 Ἐπὶ
407 2810 517 2873 σοι,
557 2811 764 2878 Κύριε,
796 2807 1052 2875 ἤλπισα,
1096 2810 1180 2879 μὴ
1225 2814 1726 2880 καταισχυνθείην

201 2901 266 2966 εις
289 2900 378 2954 τὸν
409 2901 615 2958 αἰῶνα·
667 2905 742 2956 ἐν
769 2903 844 2972 τῇ
882 2904 1236 2970 δικαιοσύνῃ
1271 2918 1386 2957 σου
1421 2903 1610 2971 ῥῦσαί
1648 2922 1726 2974 με

201 2989 481 3055 ιαὶέξελοῦ
504 3010 598 3061 με.
641 2993 872 3048 κλῖνον
902 2993 1053 3062 πρὸς
1082 2992 1160 3062 μὲ
1188 2992 1254 3046 τὸ
1293 2989 1403 3058 οὖς
1445 3009 1584 3056 σου,
1624 2991 1724 3046 τά-

203 3097 354 3148 χυγον·
377 3083 474 3138 τοῦ
500 3084 822 3149 ἐξελέσθαι
850 3102 945 3154 με.
978 3084 1164 3156 Πολλῷ
1195 3102 1255 3138 τε
1300 3085 1508 3156 πλούτῳ
1538 3087 1730 3158 περιρ-

1897 2819 2062 2876 Vens.
2093 2821 2214 2874 2-4.
2269 2817 2338 2874 In
2369 2831 2436 2879 te.
2471 2819 2710 2882 Domine,
2739 2794 2964 2885 sperari,
3018 2817 3140 2870 non‘
3169 2815 3390 2880 confun-

1825 2912 1925 2966 dar
1957 2914 2011 2966 in
2043 2921 2296 2967 aeternum
2332 2927 2351 2966 :
2390 2913 2441 2965 in
2467 2911 2683 2979 justitia
2727 2920 2816 2961 tua
2857 2907 3022 2961 libera
3051 2923 3149 2960 me.
3181 2905 3390 2959 lnclina

1827 3004 1896 3058 ad
1925 3021 2005 3059 me
2037 3021 2216 3058 aurem
2251 3012 2396 3056 tuam
2419 3042 2434 3066 ,
2482 2999 2714 3054 accelera
2743 3007 2801 3050 ut
2834 3014 2990 3051 eruas
3023 3013 3122 3050 me.
3159 2994 3389 3048 Etiamsi

1830 3097 2014 3152 multis
2042 3096 2244 3152 divitiis
2275 3095 2537 3156 aﬂlueret,
2563 3100 2618 3148 et
2645 3090 2887 3145 victoriis
2904 3104 3040 3159 quas
3057 3090 3124 3144 de
3152 3085 3392 3142 inimicis

205 3174 426 3246 ῥεόμενος,
459 3180 505 3230 εί
532 3179 625 3232 καὶ
660 3177 839 3240 νίκαις
863 3181 981 3241 ταῖς
1007 3180 1126 3231 κατ’
1150 3178 1359 3250 ἐχθρῶν
1386 3179 1578 3250 ἐκόμα,
1595 3178 1729 3232 ἀλλὰ

1834 3195 2222 3256 reportaverat,
2266 3196 2552 3240 ornaretur
2574 3223 2589 3247 ,
2637 3183 2773 3238 nihil
2801 3197 2988 3238 eorum
3015 3180 3083 3234 ad
3125 3180 3390 3236 securitaa

203 3265 363 3322 τούτων
382 3269 522 3324 οὐδὲν
545 3271 690 3342 πρὸς
717 3269 1011 3338 ἀσφάλειαν
1032 3269 1422 3342 συμϐαλεῖσθαι
1442 3270 1588 3340 αὐτῷ
1611 3270 1730 3323 ἐπέ-

204 3372 371 3427 πειστο,
397 3363 552 3434 μόνην
574 3364 634 3416 δὲ
670 3362 770 3433 τὴν
801 3363 892 3415 ἐπὶ
919 3363 1121 3434 Κύριον
1148 3363 1338 3416 ἐλπίδα
1357 3379 1370 3392 ·
1406 3362 1501 3415 διὸ.
1521 3361 1728 3416 ἱκέτευε

203 3450 365 3521 ταύτης
389 3455 586 3523 μήποτε
615 3459 877 3509 ἐκπεσεῖν
897 3473 909 3485 ·
943 3455 1078 3508 ἀλλὰ
1103 3455 1196 3509 καὶ
1223 3457 1370 3527 ἡμᾶς
1399 3455 1642 3509 ἐδίδασκε
1661 3454 1731 3510 τὰ

206 3541 329 3611 ὅμοια
357 3547 493 3617 αὐτῷ
524 3546 824 3619 ζηλοῦντας
871 3547 968 3600 καὶ
1001 3550 1213 3618 φρονεῖν
1247 3547 1339 3601 καὶ
1370 3534 1565 3614 λέγειν.
1586 3549 1730 3601 Ἀντλ⁵

204 3630 262 3696 δὲ,
285 3633 342 3687 ἐν
359 3636 424 3704 τῇ
451 3637 806 3709 δικαιοσύνῃ
835 3655 972 3693 σου·
1001 3641 1070 3692 ὲν
1091 3637 1165 3708 τῇ
1193 3641 1571 3710 ἐλεημοσύνη
1590 3657 1728 3706 σου,

205 3724 496 3798 ὐΣύμμαχος
538 3729 797 3798 ἐξέδωκε.
827 3730 1018 3784 Γενοῦ
1045 3749 1146 3800 μοι
1190 3735 1277 3797 εὶς
1323 3733 1470 3786 Θεὸν
1510 3736 1729 3803 ὑπερα-

204 3819 444 3888 σπιστὴν,
472 3825 567 3878 καὶ
597 3828 692 3890 εἰς
721 3819 888 3878 οἷκον
920 3817 1270 3895 καταφυγῆς
1290 3827 1396 3882 τοῦ
1414 3827 1611 3882 σῶσαί
1630 3847 1726 3899 με.

207 3907 297 3961 Ὅτι
319 3914 636 3985 κραταίωμά
665 3933 786 3984 μου
813 3916 910 3969 καὶ
935 3915 1245 3987 καταφυγή
1274 3936 1392 3987 μου
1421 3915 1480 3973 εἷ
1499 3920 1601 3984 σὺ,
1631 3921 1731 3975 καὶ

205 3993 370 4053 ἕνεκεν
392 4003 491 4056 τοῦ
523 4001 820 4074 ὀνόματός
851 4021 968 4060 σου
1000 4005 1321 4075 όδητήσεις
1359 4026 1435 4077 με
1478 4007 1576 4063 καὶ
1604 4009 1732 4064 δια-

208 4089 400 4159 (ipsum
433 4107 525 4163 με.
555 4096 746 4151 Ταῦτα
786 4097 881 4150 καὶ
929 4099 988 4152 ἐν
1032 4097 1111 4167 τῷ
1137 4099 1583 4172 ἑπτακαιδεκάτῳ
1609 4097 1732 4156 εἷπε

208 4178 380 4255 ψαλμῷ-

272 4274 503 4347 Έξάξεις
538 4301 615 4352 με
659 4281 728 4335 ἐκ
773 4283 1024 4352 παγίδος
1063 4285 1305 4353 ταύτης,
1348 4281 1424 4356 ἧς
1455 4283 1733 4356 ἕκρυψάν

208 4376 298 4428 μοι,
331 4366 408 4421 ὅτι
447 4370 525 4424 σὺ
563 4372 620 4425 εἷ
659 4374 693 4424 ό
723 4371 1178 4439 ὑπερασπιστὴς
1214 4391 1352 4441 μου,
1396 4375 1588 4442 Κύριε.
1627 4378 1732 4442 Εἰς

210 4455 369 4525 χεῖράς
408 4478 518 4517 σου
557 4463 980 4533 παραθήσομαι
1024 4466 1090 4519 τὸ
1131 4464 1366 4533 πνεῦμά
1403 4484 1522 4535 μου
1542 4478 1555 4490 ⁸
1590 4469 1731 4522 ἐλυ-

1831 3289 1937 3336 tem
1969 3281 2072 3335 sibi
2112 3279 2384 3345 conferre,
2419 3293 2690 3348 unamque
2727 3276 2784 3330 in
2836 3275 3125 3332 Dominum
3158 3288 3307 3343 spem
3337 3274 3392 3326 id

1828 3379 2090 3442 praestare
2139 3385 2342 3442 posse,
2393 3368 2786 3424 arbitrabatur.
2835 3366 3013 3432 Quare
3046 3363 3392 3433 supplicabat

1829 3472 1891 3517 ut
1917 3477 2196 3532 nunquam
2227 3462 2295 3516 ab
2335 3476 2398 3516 ea
2430 3459 2704 3515 decideret
2747 3473 2762 3510 :
2804 3457 2898 3512 sed
2926 3471 3027 3512 nos
3055 3470 3273 3525 quoque
3305 3455 3392 3508 in-

1830 3555 2090 3610 stituebat
2122 3562 2179 3608 ut
2204 3553 2355 3624 paria
2385 3559 2712 3623 quaerentes,
2745 3550 2933 3604 eadem
2969 3563 3090 3618 quae
3122 3549 3237 3618 ipse
3266 3561 3392 3601 seno

1829 3647 2059 3702 tiremus
2096 3661 2162 3700 ac
2189 3646 2556 3715 loqueremur.
2602 3641 2746 3698 Loco
2787 3650 2966 3695 autem
3013 3640 3177 3700 illius.
3221 3640 3276 3690 in
3296 3637 3394 3706 ju-

1829 3739 1978 3793 stitia
2030 3747 2157 3801 tua,
2228 3735 2610 3808 Symmachus,
2639 3736 2695 3788 in
2735 3730 3097 3786 misericordia
3137 3741 3247 3793 tua,
3275 3730 3395 3784 edi-

1829 3831 1928 3885 dit.
1963 3829 2092 3884 Esto
2139 3829 2268 3882 mihi
2322 3829 2376 3882 in
2411 3828 2579 3882 Deum
2623 3836 2966 3896 protectorem
3009 3832 3058 3876 et
3097 3822 3152 3875 in
3179 3823 3394 3874 domum

1830 3921 2038 3990 refugii,
2065 3929 2124 3973 ut
2146 3919 2349 3973 saluum
2374 3934 2454 3971 me
2481 3917 2670 3986 facias.
2703 3915 2966 3983 Quoniam
2993 3911 3250 3983 fortitudo
3279 3926 3396 3964 mea

1829 4024 1876 4067 et
1907 4013 2164 4083 refugium
2209 4024 2379 4064 meum
2421 4026 2474 4063 es
2518 4017 2607 4076 tu,
2658 4017 2706 4062 et
2753 4017 2961 4077 propter
3009 4022 3195 4060 nomen
3246 4015 3398 4056 tuum

1829 4105 2048 4160 deduces
2079 4120 2159 4158 me
2185 4112 2234 4157 et
2264 4103 2490 4157 enutries
2523 4119 2624 4156 me.
2659 4099 2785 4156 Haec
2826 4101 2883 4155 in
2920 4100 3152 4170 septimo
3184 4095 3396 4153 decimo

1829 4211 2047 4268 quoque
2077 4195 2290 4265 psalmo
2318 4193 2549 4248 dixerat.

1901 4288 2067 4343 Vens.
2098 4289 2152 4350 5,
2180 4287 2232 4343 6.
2265 4285 2468 4341 Educes
2493 4302 2574 4340 me
2597 4284 2660 4338 de
2685 4285 2865 4356 laqueo
2889 4283 2984 4336 hoc
3003 4298 3152 4353 quem
3175 4281 3398 4335 abscon-

1830 4382 2019 4435 derunt
2052 4381 2199 4445 mihi,
2230 4382 2478 4451 quoniam
2520 4387 2574 4432 tu
2605 4395 2658 4432 es
2684 4385 2946 4445 protector
2971 4391 3138 4429 meus.
3172 4372 3238 4426 In
3283 4388 3399 4425 ma-

1832 4491 1928 4529 nus
1957 4483 2073 4526 tuas
2100 4471 2472 4527 commendabo
2495 4452 2744 4539 spiritum
2767 4484 2934 4522 meum
2961 4480 2979 4519 :
3003 4463 3269 4520 redemisti
3294 4477 3396 4525 me,

209 4545 372 4612 τρώσω
409 4569 501 4621 με,
530 4557 711 4622 Κύριε
759 4557 792 4608 ό
844 4555 989 4621 Θεὸς
1040 4553 1152 4623 τῆς
1196 4557 1610 4624 ἀληθείαςεἘξ
1655 4552 1729 4613 ὧν

1834 4566 2057 4619 Domine
2080 4563 2220 4618 Deus
2247 4563 2503 4618 veritatis.
2537 4561 2615 4616 Ex
2647 4561 2714 4616 iis
2743 4575 2865 4631 quae
2897 4560 3010 4629 jam
3041 4558 3170 4613 olim
3202 4569 3398 4623 exper-

213 4637 456 4714 ἐπειράθην
498 4648 666 4701 πάλαι
710 4647 990 4720 πρότερον,
1027 4648 1350 4719 πέπεισμαι,
1380 4650 1460 4702 ὅτι
1504 4651 1598 4703 καὶ
1636 4649 1732 4705 νῦν

211 4727 376 4798 ίξάξεις
399 4755 460 4807 με
489 4741 550 4793 ἐκ
580 4739 762 4810 πάσης
785 4739 1006 4809 παγίδος
1026 4742 1124 4812 τῆς
1149 4735 1255 4795 ὑπὸ
1278 4741 1385 4796 τῶν
1407 4741 1614 4813 ἐχθρῶν
1641 4760 1731 4814 μοι

211 4827 877 4900 κατασκευαζομένης.”Εως
917 4832 1026 4904 γὰρ
1068 4834 1126 4886 ἐν
1167 4832 1245 4903 τῷ
1286 4832 1386 4903 βίῳ
1427 4832 1506 4903 τῷ
1553 4834 1731 4906 θνητῷ

210 4919 432 4988 τυγχάνω,
458 4919 572 4981 οἶδα
621 4925 1050 4998 πολεμούμενος·
1102 4929 1197 4982 καὶ
1255 4928 1446 5000 μέχρις
1497 4929 1731 4998 ἐσχάτης

212 5002 438 5082 ἀναπνοῆς
458 5016 511 5068 ἐν
533 5015 740 5087 ἀγωνίᾳ
763 5016 1028 5088 κατέστην
1050 5017 1142 5072 καὶ
1169 5017 1256 5071 διὰ
1272 5017 1370 5082 τὰς
1392 5017 1500 5070 τῶν
1522 5016 1730 5088 ἐχθρῶν

214 5095 648 5169 ὲπιόουλάς.ὶΑλλὰ
669 5107 992 5180 πέπεισμαι,
1019 5111 1099 5164 ὅτι
1149 5109 1242 5164 ἐπὶ
1290 5111 1371 5164 σοὶ
1418 5111 1730 5183 ἀναρτήσας

213 5184 290 5253 τὴν
330 5193 543 5262 ἐμαυτοῦ
591 5195 800 5263 ἐλπίδα,
847 5200 909 5252 οὐ
961 5199 1501 5270 καταισχυνθήσομαι
1533 5203 1612 5264 είς
1639 5200 1730 5254 τὸν

215 5275 367 5332 αἰῶνα.
397 5282 518 5339 Θεὸν
549 5287 604 5340 δὲ
645 5286 900 5358 ἀληθείας
944 5289 1216 5359 εὐκαίρως
1259 5289 1354 5342 καὶ
1388 5287 1732 5356 καταλλήλως

217 5365 304 5428 τοῖς
327 5366 614 5443 λεγομένοις
642 5377 919 5449 ὠνόμασεν
938 5395 951 5408 ·
978 5379 1040 5431 οὐ
1065 5377 1172 5448 γὰρ
1201 5377 1316 5430 ἔστι
1345 5377 1730 5448 διαψευσθῆναι

217 5453 287 5509 τὸν
310 5460 389 5514 ἐπὶ
417 5464 472 5518 σε
488 5468 760 5538 ,ὴλπικότα
783 5508 799 5534 ,
826 5469 948 5523 οὐδὲ
966 5470 1060 5523 τὸν
1082 5470 1176 5526 ἐπὶ
1202 5470 1322 5533 ταῖς
1354 5471 1472 5532 σαῖς
1492 5469 1726 5538 ἐπαγγε-

220 5539 332 5613 λίαις
357 5563 760 5617 πεπιστευκότα.

285 5639 571 5717 Ἐμίσησας
601 5655 742 5721 τοὺς
773 5651 1304 5724 διαφυλάσσοντας
1335 5651 1729 5730 eamdi???“

223 5721 474 5804 διακενῆς.
491 5742 630 5812 Ἐγὼ
667 5745 736 5800 δὲ
777 5721 886 5800 ἐπὶ.
911 5745 993 5812 τῷ
1024 5747 1218 5813 Κυρίῳ
1239 5721 1472 5812 ἤλπισα
1491 5764 1504 5776 ⁸
1542 5721 1724 5814 cita»!-

278 5819 316 5850 "
343 5821 468 5889 Psal,
498 5848 626 5893 xxx.
656 5836 747 5891 23.

489 5923 754 5987 PATROL.
801 5927 916 5988 Gn.
966 5926 1201 5990 XXIII.

1829 4649 1918 4714 tus
1949 4671 2103 4719 sum,
2146 4655 2363 4710 conﬁdo
2406 4663 2460 4710 te
2495 4669 2560 4709 ex
2599 4653 2793 4724 quovis
2841 4653 3036 4723 laqueo
3073 4648 3397 4704 educturum

1829 4766 1940 4814 me,
1971 4750 2040 4804 ab
2072 4748 2309 4803 inimicis
2336 4749 2470 4802 mibi
2502 4754 2713 4818 parato.
2742 4745 2991 4812 Quandiu
3021 4742 3165 4798 enim
3204 4739 3260 4793 in
3287 4739 3397 4793 vita

1829 4841 2047 4896 mortali
2096 4855 2307 4905 versor,
2355 4855 2443 4895 me
2488 4839 2862 4909 impugnatum
2911 4835 2979 4890 iri
3033 4833 3184 4896 scio;
3230 4837 3284 4887 et
3329 4829 3398 4884 ad

1831 4941 2132 4988 extremum
2163 4947 2340 5002 usque
2367 4931 2620 4996 halitum,
2658 4930 3002 4984 inimicorum
3048 4922 3264 4979 insidiis
3305 4937 3398 4992 ap-

1830 5028 2052 5098 petitus,
2099 5026 2155 5081 in
2205 5025 2505 5081 certamine
2545 5023 2875 5078 constitutus
2910 5033 3026 5074 ero.
3075 5016 3145 5070 At
3182 5014 3398 5070 conﬁdo

1829 5119 1945 5174 fore
1978 5126 2059 5182 ut,
2091 5129 2188 5189 spe
2216 5132 2335 5172 mea
2375 5118 2431 5171 in
2473 5125 2524 5170 te
2557 5114 2816 5184 reposita,
2846 5125 2956 5166 non
2991 5106 3296 5164 confundar
3339 5107 3398 5162 in

1828 5220 2114 5266 aeternum.
2155 5210 2323 5264 Deum
2359 5216 2536 5263 autem
2565 5205 2809 5261 veritatis
2844 5210 3147 5273 opportune
3175 5205 3230 5255 et
3264 5213 3399 5254 con-

1828 5311 2088 5373 gruenter
2121 5302 2186 5357 ad
2217 5317 2332 5356 rem
2362 5315 2482 5370 quae
2513 5299 2692 5367 agitur
2723 5296 2939 5350 vocavit
2975 5312 2988 5348 :
3033 5307 3208 5362 neque
3248 5291 3396 5346 enim

1829 5395 2147 5465 contingere
2179 5399 2374 5464 potest,
2407 5400 2467 5445 ut
2497 5391 2544 5444 is
2575 5389 2669 5459 qui
2717 5389 2772 5442 in
2816 5396 2868 5443 te
2915 5387 3184 5458 speravit,
3227 5384 3310 5440 vel
3346 5383 3395 5436 is

1829 5483 1920 5552 qui
1949 5483 2234 5554 promissis
2271 5480 2380 5537 tuis
2410 5480 2568 5535 Iidem
2600 5479 2810 5543 baliuit,
2847 5493 2942 5547 spe
2985 5476 3216 5531 labatur.

1899 5660 2063 5716 Vsus.
2098 5661 2150 5724 7,
2181 5660 2234 5713 8.
2273 5657 2448 5714 Odisti
2477 5657 2804 5711 observantes
2836 5656 3114 5714 vanitates,
3137 5663 3395 5718 superan-

1829 5768 1943 5807 eue.
1990 5751 2101 5822 Ego
2146 5760 2317 5808 autem
2369 5752 2422 5804 in
2459 5749 2678 5804 Domino
2727 5748 2928 5818 speravi
2965 5763 2982 5800 :
3025 5738 3299 5799 exsultatio
3343 5745 3394 5790 ct

3030 5917 3065 5975 ο
