3940 6292
480 398 585 457 9.67
1172 391 1448 449 EUSEBII
1489 387 1964 450 CESARIENSIS
2002 386 2152 443 OPP.
2185 385 2362 441 PARS
2418 386 2595 442 lll.-—-
2632 384 3039 442 EXEGETICA.
3630 384 3737 436 268

485 515 708 573 letabor
744 512 800 567 in
835 507 1203 566 misericordia
1248 517 1358 562 tua.
1401 505 1594 561 Merito
1642 503 1844 560 laetaris
1870 503 1939 559 de
1961 518 2041 557 ve-

2161 504 2442 571 λιάσομαι
2489 501 2589 555 καὶ
2632 500 3118 571 εὐφρανθήσομαι
3157 497 3253 552 ἐπὶ
3286 496 3366 563 τῷ
3402 494 3557 551 ἐλέει
3592 510 3730 551 σου·

482 609 663 668 γίιοιίε
711 602 1070 663 amatoribus,
1103 600 1336 670 illosque
1389 597 1663 664 admittis;
1696 594 1818 649 ideo
1847 593 2041 648 dictum

2157 596 2402 659 Εἰκότως
2429 595 2639 667 χαίρεις
2668 595 2764 666 μέν
2792 596 2906 657 τοῖς
2931 594 3030 665 τῆς
3057 590 3313 663 ἀληθείας
3339 589 3613 660 ἐρασταῖς,
3639 588 3734 642 καὶ

482 710 586 767 est,
613 699 890 755 'Veritates
920 694 1140 765 requirit
1162 692 1462 755 Dominus,-
1507 689 1630 745 illos
1669 704 1798 744 vero
1827 687 1919 758 qui
1961 702 2041 740 va-

2160 689 2385 752 τούτους
2417 687 2730 762 προσίεσαι·
2761 686 2840 741 διὸ
2863 685 3143 740 λέλεκται·
3185 682 3481 751 Ἀληθείας
3506 679 3741 750 ἐπιζητεῖ

479 796 708 852 nitatem
766 795 1066 851 sectantur,
1116 791 1305 856 utpote
1356 782 1449 854 qui
1481 779 1826 836 mendacium
1860 794 2041 835 conse-

2156 783 2371 851 Κύριος
2391 798 2404 812 ⁸
2448 781 2574 843 τοὺς
2608 779 2664 833 δὲ
2698 780 2793 853 τὴν
2829 778 3162 851 ματαιότητα
3201 775 3558 847 περιέποντας
3589 771 3738 825 εἰκό-

479 892 717 948 ctentur,
756 878 1066 937 adversaris
1107 883 1165 933 et
1205 874 1393 932 odisti.
1454 872 1680 929 Vanitas
1719 872 1921 943 quippe
1970 879 2041 926 esl

2160 891 2268 939 τως
2300 871 2585 945 ἀποτρέπῃ
2617 872 2708 925 καὶ
2736 873 2930 942 μισεῖς,
2965 868 3040 931 ὡς
3067 866 3133 921 ἂν
3159 868 3220 920 τὸ
3249 864 3441 936 ψεῦδος
3471 861 3739 935 μεταδιώ-

478 978 623 1051 quod
654 974 936 1033 mendacio
966 973 1227 1043 plenum:
1267 982 1438 1040 quare
1478 968 1561 1023 sic
1589 966 1850 1022 admones
1880 984 1893 1019 :
1924 963 2041 1018 Fili:

2159 981 2376 1028 κοντας,
2404 963 2719 1034 Ματαιότης
2737 961 2845 1034 γὰρ
2863 961 2926 1014 τὸ
2953 959 3179 1030 ψεύδους
3206 957 3372 1029 γέμον
3391 972 3403 986 ’
3432 955 3512 1009 διὸ
3539 969 3737 1024 παραυ.⁹

478 1070 750 1127 homin‘um
777 1076 1045 1139 usquequo
1071 1063 1220 1135 gravi
1252 1063 1427 1127 corde,
1460 1072 1520 1115 ut
1545 1058 1671 1132 quid
1699 1057 1925 1128 diligitis
1964 1072 2056 1110 va-

478 1167 698 1222 nitatem
724 1172 777 1217 οι
801 1159 1044 1231 quleritis
1063 1156 1397 1213 mendacium
1415 1154 1504 1208 “i
1537 1153 1649 1225 Ego
1671 1165 1802 1208 vero
1839 1167 1869 1205 a
1897 1150 2054 1206 vanis

478 1255 648 1313 rebus
677 1267 925 1317 aversus,
967 1251 1024 1306 in
1058 1257 1117 1306 te
1155 1250 1274 1304 solo
1296 1245 1527 1301 Domino
1556 1259 1677 1301 meo
1705 1260 1857 1315 spem
1894 1248 2057 1313 repo.

480 1349 591 1414 sui,
623 1362 793 1418 quare
820 1342 1048 1400 conﬁdo
1078 1356 1189 1397 non
1238 1340 1444 1395 frustra
1473 1336 1572 1392 tibi
1607 1337 1873 1408 meipsum
1900 1350 2052 1389 com-

481 1440 721 1497 misisse.
764 1436 902 1492 Nam
938 1435 1062 1492 ﬁnis
1101 1432 1218 1506 spei
1254 1432 1307 1488 in
1348 1440 1401 1487 te
1446 1428 1626 1501 posita
1679 1439 1759 1485 est
1788 1426 2053 1498 gaudium

482 1536 537 1584 et
576 1527 783 1582 laetitia.

555 1619 721 1675 Ve‘ns.
753 1620 807 1674 9.
844 1617 1110 1686 Quoniam
1162 1615 1437 1685 respexisti
1460 1602 1823 1668 'bumilitatent
1859 1623 2049 1677 meam,

478 1712 703 1767 salvasti
745 1713 810 1765 de
840 1708 1238 1765 necessitatibus
1282 1708 1516 1761 animum
1560 1719 1767 1767 meam;
1802 1718 1892 1758 nec
1924 1716 2053 1755 con-

2158 1058 2269 1120 νεϊς
2302 1055 2500 1125 λέγων·
2542 1054 2661 1109 Υἱοὶ
2697 1050 3041 1120 ἀνθρώπιον,
3086 1048 3196 1114 ἕως
3243 1049 3388 1103 πότε
3426 1044 3736 1114 ,ϐαρυκάρ-

2153 1147 2305 1212 dios;
2345 1148 2445 1201 ἵνα
2488 1146 2547 1200 τι
2597 1142 2861 1215 ἀγαπᾶτε
2895 1141 3279 1212 ματαιότητα,
3320 1139 3417 1193 καὶ
3465 1136 3735 1205 ζητεῖσθε

2156 1237 2419 1308 ψεῦδοςς
2456 1237 2596 1307 Ἐγὼ
2638 1237 2718 1301 δὲ,
2747 1233 3113 1306 ἀποστραφεὶς
3158 1231 3227 1287 τὰ
3281 1230 3503 1302 μάταια,
3535 1228 3629 1280 ἐπὶ
3672 1229 3733 1283 σὺ

2162 1330 2323 1401 μόνον
2373 1329 2464 1383 τὸν
2509 1329 2743 1402 ἐμαυτοῦ
2777 1328 2978 1399 Κύριον
3010 1325 3247 1397 ἧλπισαο
3278 1323 3358 1377 διὸ
3403 1322 3729 1391 πέπεισμαι,

2154 1421 2252 1474 οὐκ
2306 1423 2426 1492 είκῇ
2469 1438 2551 1473 σοι
2602 1419 2839 1491 ἐμαυτὸν
2868 1414 3311 1489 παρατεθεῖσθαι.
3346 1413 3420 1468 Τὸ
3443 1412 3554 1485 γὰρ
3573 1412 3733 1475 τέλος

2046 1552 2051 1557 υ
2153 1514 2254 1585 τῆς
2280 1516 2361 1576 είς
2386 1513 2446 1566 σὲ
2472 1512 2686 1576 ἐλπίδος
2717 1509 2858 1584 χαρὰ
2885 1511 2980 1564 καὶ
3017 1506 3341 1580 εὐφροσύνη.

2226 1606 2346 1659 Ὅτι
2381 1604 2614 1671 ἐπεῖδες
2651 1602 2768 1673 τὴν
2807 1600 3172 1656 ταπείνωσιν
3207 1616 3347 1668 μου,
3375 1598 3613 1664 ἔσωσας
3653 1597 3731 1651 ἐκ

2153 1698 2276 1755 τῶν
2301 1696 2579 1768 ἀναγκῶν
2603 1696 2719 1766 τὴν
2743 1694 2955 1765 ψυχήν
2975 1710 3120 1763 μου.
3149 1692 3259 1747 Kal
3304 1693 3376 1746 οὐ
3417 1689 3731 1746 συνέκλει-

479 1805 689 1859 clusisti
732 1820 812 1857 me
859 1805 913 1857 in
959 1801 1202 1856 manibus
1252 1801 1501 1863 inimici;
1546 1797 1785 1853 statuistt
1833 1796 1886 1863 in
1938 1794 2041 1848 loco

2152 1792 2270 1859 σάς
2291 1808 2368 1863 με
2394 1792 2481 1857 εις
2511 1789 2709 1860 χεῖρας
2730 1785 2986 1858 ἐχθρῶν·
3021 1785 3289 1852 ἐστησας
3315 1783 3387 1838 ὲν
3407 1780 3727 1852 εὐρυχῲφ

476 1897 712 1965 spatioso
740 1894 892 1964 pedes
938 1910 1099 1949 meos.
1157 1892 1276 1948 Jam
1321 1891 1459 1946 alias
1492 1887 1778 1961 respexisti
1825 1858 2041 1940 humili-

2150 1849 2310 1951 τοιὶέ
2324 1849 2945 1953 πόδᾶς’]ιιᾶυ.⁵ιιὲῆ’και
2973 1849 3166 1930 ἄλλοτεί
3186 1849 3392 1939 ἐπεῖδες
3414 1849 3513 1947 τήν
3531 1849 3728 1928 esset.

476 1995 646 2044 tatem
689 2001 864 2042 meam
897 2005 911 2042 :
948 2001 1012 2039 ac
1046 1986 1371 2056 plerumque
1400 1981 1581 2036 anima
1613 1992 1733 2034 mea
1760 1978 1826 2031 in
1856 1990 2041 2030 neces-

2150 1977 2314 2033 νωσίν
2338 1994 2448 2048 -μου
2468 1993 2482 2005 θ
2519 1974 2776 2037 πολλάκις
2807 1988 2867 2026 τε
2900 1968 3296 2042 περιπεσούσης
3322 1966 3422 2038 τῆς
3450 1966 3589 2037 ἐμῆς
3612 1965 3725 2035 dm-

476 2080 668 2136 sitates
705 2078 774 2133 ab
818 2055 1056 2131 inimicis
1099 2074 1205 2131 sibi
1256 2073 1508 2129 inductas
1552 2071 1804 2142 delapsa,
1850 2081 2041 2137 meque

2150 2070 2249 2140 Χῆς
2283 2069 2547 2137 ἀνάγκαις
2578 2068 2698 2129 ταῖς
2727 2064 2831 2118 ὑπὸ
2863 2061 2971 2116 τῶν
3001 2059 3207 2133 ἐχθρῶν
3237 2057 3597 2120 ἐπιτεθείσαις
3615 2055 3722 2110 αὑ-

472 2172 612 2227 nibil
636 2170 784 2226 aliud
811 2176 1004 2241 agente
1025 2182 1188 2238 quam
1220 2177 1278 2222 ut
1301 2165 1640 2221 llumiliarem
1673 2173 1729 2218 et
1755 2161 2041 2232 aiiligerem

2150 2165 2237 2234 τῇ,
2261 2159 2395 2232 ἐμοῦ
2436 2175 2496 2212 τε
2534 2156 2697 2229 μηδὲν
2725 2154 2885 2209 πλέον
2919 2153 3247 2224 πράττοντος
3273 2149 3307 2222 ἢ
3333 2146 3722 2211 ταπεινοῦντος

473 2279 582 2330 me,
612 2262 681 2319 ob
708 2239 942 2319 emissas
975 2260 1042 2314 ad
1081 2267 1136 2315 te
1160 2258 1326 2313 Deum
1362 2273 1541 2313 meum
1572 2270 1785 2328 preces,
1828 2263 1887 2309 tu
1927 2255 2041 2325 ipse

2150 2253 2383 2327 ἐμαυτὸν
2407 2251 2502 2306 καὶ
2524 2248 2816 2311 κακοῦντος
2838 2246 2925 2301 διὰ
2943 2239 3064 2300 ⁴τῶν
3097 2242 3233 2318 πρὸς
3253 2241 3313 2297 σὲ
3333 2241 3423 2295 τὸν
3448 2240 3581 2294 Θεὸν
3603 2242 3722 2297 ἱκε-

472 2371 629 2412 meus
677 2359 1053 2426 prepugnator
1102 2366 1168 2405 ac
1216 2359 1511 2420 protector,
1561 2362 1648 2402 me
1698 2360 2040 2417 nequaquam

471 2447 800 2518 despiciens,
830 2446 929 2501 sed
962 2443 1321 2500 humilitatem
1345 2441 1657 2514 approbans
1693 2455 1892 2504 meam,
1929 2440 2041 2494 sal-

470 2538 609 2593 vasti
638 2536 704 2592 de
730 2533 1127 2591 necessitatibus
1168 2534 1403 2587 animant
1434 2547 1626 2597 meam,
1659 2547 1752 2585 nec
1776 2529 2037 2585 conclusi-

469 2631 543 2686 sti
566 2647 645 2685 me
674 2630 729 2684 in
754 2627 998 2684 manibus
1051 2626 1290 2691 inimici;
1332 2640 1396 2680 ac
1441 2631 1637 2696 praeter
1676 2622 2042 2693 exspectatio-

467 2739 594 2780 nem
624 2737 713 2778 me
744 2722 801 2777 in
834 2720 1042 2777 retibus
1092 2719 1204 2790 jam
1244 2718 1583 2783 devolutum,
1614 2725 1668 2772 et
1692 2715 2038 2770 inimicorum

468 2813 727 2870 manibus
767 2810 1053 2878 traditum,
1088 2809 1341 2881 eripuisti
1370 2807 1741 2877 remisistique
1782 2805 2035 2870 liberum,

466 2904 635 2982 pedes
671 2920 824 2961 meos
866 2905 922 2959 in
962 2903 1254 2958 latitudine
1295 2915 1360 2956 ac
1399 2902 1456 2954 in
1484 2900 1605 2954 loco
1635 2898 1875 2970 spatioso
1906 2911 2039 2951 con-

467 2997 737 3061 stituisti,
791 2996 1082 3065 solutoque
1134 2992 1266 3048 mihi
1322 2990 1689 3055 concessisti,
1724 2991 2039 3061 ubicunque

464 3091 657 3147 vellem
685 3090 1013 3145 incederem.
1037 3087 1097 3142 ln
1120 3085 1349 3143 historia
1374 3096 1537 3157 porro
1556 3093 1834 3147 narratur,
1860 3082 2037 3153 ipsum

2146 2326 2370 2419 τηρίων,
2402 2345 2463 2397 σὺ
2499 2342 2658 2404 αὐτὸς
2697 2342 2724 2393 6
2757 2340 2887 2410 ἐμὸς
2918 2339 3230 2410 ὑπέρμαχος
3267 2335 3361 2389 καὶ
3404 2326 3716 2405 ὑπερασπι-

2148 2417 2298 2510 στῆς,
2323 2417 2396 2509 μη
2418 2429 2823 2507 ἀντιπαρελθών
2849 2448 2939 2503 με,
2962 2429 3357 2500 ἀποδεξάμενος
3376 2427 3434 2481 δὲ
3458 2425 3554 2497 τὴν
3576 2423 3718 2497 ἐμὴν

2145 2530 2489 2593 ταπείνωσιν,
2520 2528 2757 2591 ἔσωσας
2779 2525 2849 2579 ἐκ
2877 2523 2994 2578 τῶν
3024 2519 3303 2592 ἀναγκῶν
3345 2518 3461 2589 τὴν
3503 2516 3720 2588 ψυχήν

2138 2642 2278 2695 μου,
2313 2621 2412 2677 καὶ
2453 2622 2523 2675 οὐ
2567 2615 2970 2682 συνέκλεισάς
2994 2633 3072 2685 με
3108 2617 3195 2680 εἰς
3225 2611 3426 2683 χεῖρας
3452 2608 3713 2679 ἐχθρῶν-ο

2145 2713 2461 2787 παραδόξως
2507 2710 2564 2763 δέ
2620 2726 2687 2780 με
2731 2706 2863 2761 εἴσω
2893 2704 3121 2760 δικτύων
3150 2704 3249 2775 ήδη
3278 2702 3588 2771 γενόμενον,
3622 2699 3718 2752 καὶ

2142 2808 2262 2869 ταῖς
2288 2803 2445 2877 χερσὶ
2471 2800 2578 2855 τῶν
2605 2799 2813 2871 ἐχθρῶν
2837 2795 3265 2869 παραδεδομένον
3293 2792 3545 2865 ἀρπάσας
3572 2788 3718 2843 ἐλεύ-

2144 2899 2299 2972 θερον
2332 2898 2558 2968 ἀνῆκας,
2592 2894 2686 2949 καὶ
2713 2894 2838 2956 τοὺς
2871 2891 3039 2954 πόδας
3073 2906 3172 2961 μου
3206 2888 3264 2940 ἐν
3292 2884 3591 2956 πλατύτητι
3622 2886 3716 2936 καὶ

2144 2988 2451 3063 εὐρυχωρίᾳ
2481 2986 2839 3056 κατέστησας,
2877 2982 3232 3053 συγχωρήσας
3259 2977 3456 3047 ἄφετόν
3505 2992 3572 3047 με
3616 2974 3716 3045 βα-

2142 3085 2305 3149 δίζειν
2339 3084 2462 3137 ὅποι
2488 3081 2584 3134 καὶ
2614 3077 2892 3149 βούλομαι.
2923 3073 3174 3128 Διδάσκει
3202 3070 3257 3124 δέ
3292 3069 3387 3123 καὶ
3416 3071 3450 3140 ή
3480 3068 3713 3139 ἱστορία,

465 3200 609 3256 saepe
634 3199 665 3238 a
684 3183 847 3238 Saule
866 3181 1289 3253 deprehensum,
1311 3186 1365 3234 et
1387 3177 1681 3248 aliquando
1702 3176 1757 3230 in
1779 3177 2037 3246 spelunca

2150 3177 2246 3241 6st,
2282 3173 2542 3236 πολλάκις
2571 3168 2933 3240 καταληφθεὶς
2962 3164 3068 3219 ὑπὸ
3111 3163 3204 3217 τοῦ
3246 3160 3439 3225 Σαοὺλ,
3470 3161 3564 3214 καὶ
3592 3159 3717 3231 μέν-

468 3273 765 3336 inclusum,
815 3285 1012 3325 manus
1051 3269 1172 3339 ejus
1210 3267 1476 3338 effugisse
1522 3285 1536 3322 :
1583 3274 1639 3322 et
1672 3267 1810 3321 alias
1858 3276 1888 3319 a
1914 3264 2040 3320 Get-

466 3365 624 3420 thteis
664 3378 724 3420 se
759 3370 941 3418 mente
969 3368 1189 3432 captum
1232 3358 1545 3417 simulando
1593 3359 1838 3429 elapsum
1896 3373 2038 3415 esse.

538 3535 703 3599 Vens.
748 3540 837 3595 10.
883 3538 1134 3596 Miserere
1180 3539 1302 3603 mei,
1354 3537 1593 3602 Domine,
1648 3536 1896 3607 quoniam
1947 3536 2042 3590 tri-

467 3635 665 3690 bulor:
706 3632 1049 3689 conturbatus
1082 3642 1160 3688 est
1195 3633 1252 3686 in
1301 3634 1385 3685 ira
1430 3629 1613 3686 oculus
1660 3645 1828 3693 meus,
1864 3629 2042 3682 anima

450 3743 583 3783 mea
629 3736 681 3782 et
723 3736 898 3782 venter
939 3741 1104 3780 meus.
1152 3722 1338 3796 Rogo,
1377 3722 1591 3792 inquit,
1649 3735 1721 3776 ac
1778 3720 2043 3791 deprecor

462 3822 571 3876 mei
621 3826 682 3877 ut
727 3818 1062 3883 miserearis,
1116 3819 1369 3888 quoniam
1410 3815 1669 3881 lribulor;
1709 3814 1870 3885 cujus
1920 3814 2042 3869 loco

464 3911 686 3984 Aquila,
729 3910 998 3980 Quoniam
1027 3919 1309 3980 angustum
1341 3909 1490 3963 mihi.
1527 3906 1630 3962 Tui
1659 3908 1803 3963 enim
1832 3915 1885 3962 et
1912 3919 2040 3977 pro-

464 4006 762 4060 missorum
799 4012 1020 4060 tuorum
1063 4018 1229 4058 causa
1283 4002 1339 4056 in
1383 4008 1615 4073 angusta
1655 4007 1711 4055 et
1759 4005 1909 4054 arcta
1952 3997 2040 4053 via

464 4095 684 4154 incedo.
733 4096 816 4152 At~
843 4096 1040 4152 animm
1080 4110 1215 4152 meae
1252 4095 1466 4159 oculus,
1510 4093 1738 4164 ipsaque
1778 4107 1935 4147 mens
1975 4105 2040 4146 ac

467 4188 553 4245 vis
581 4187 951 4243 ratiocinandi
989 4187 1209 4242 turbata
1238 4185 1407 4241 estin
1439 4186 1538 4240 ira.
1574 4183 1680 4239 Pro
1711 4198 1820 4256 quo
1843 4182 2041 4254 Aquila

469 4282 632 4337 dicit:
654 4280 903 4353 Squaluit
934 4281 993 4335 in
1024 4279 1388 4350 indignatione
1431 4276 1616 4333 oculus
1662 4290 1844 4339 meus;
1881 4273 2039 4346 Sym-

463 4373 696 4430 machus
726 4387 877 4441 vero,
911 4372 1177 4428 Turbatus
1220 4381 1298 4428 est
1330 4386 1440 4441 pra:
1465 4368 1824 4440 indignatione
1855 4366 2039 4422 oculus

463 4483 632 4523 meus.
669 4464 806 4521 Nam
856 4480 982 4522 cum
1034 4463 1496 4537 indignationem,
1545 4461 1759 4532 inquit,
1805 4467 1861 4515 et
1899 4459 2038 4514 iram

2149 3284 2231 3321 τοι
2263 3265 2358 3320 καὶ
2384 3267 2439 3318 ἐν
2468 3262 2545 3334 τῷ
2574 3260 2821 3331 σπηλαίῳ
2852 3252 3210 3326 καθειρχθεὶς,
3241 3250 3339 3313 τὰς
3366 3247 3572 3302 ἐκείνου
3602 3250 3715 3317 χεῖ-

2155 3373 2252 3431 ρας
2279 3357 2523 3427 διέφυγε,
2559 3354 2654 3409 καὶ
2682 3351 2866 3407 ἄλλοτε
2888 3349 3013 3411 τοὺς
3031 3343 3316 3407 Γετθαίους
3331 3339 3714 3413 παραπληξίαν

2151 3470 2251 3524 σχη
2261 3450 2644 3523 ματισάμενος.

2232 3542 2516 3609 Ἐλέησόν
2541 3556 2637 3609 με,
2669 3538 2862 3606 Κύριε,
2889 3536 2978 3589 ὅτι
3003 3533 3292 3601 θλίϐομαι*
3332 3526 3627 3598 ἐταράχθη
3645 3525 3717 3580 ὲν

2148 3632 2312 3703 θυμῷ
2337 3637 2369 3688 ό
2396 3631 2700 3701 ὀφθαλμός
2724 3645 2865 3697 μου,
2888 3626 2927 3695 ἡ
2956 3623 3126 3694 ψυχή
3144 3639 3284 3692 μου,
3305 3620 3401 3674 καὶ
3428 3620 3468 3688 ἡ
3488 3614 3717 3688 γαστήρ

2140 3725 2571 3800 μου.Ἰκετεύω,
2603 3724 2756 3793 φησι,
2787 3722 2881 3775 κα)⁸
2903 3719 3093 3788 δέομαι
3121 3714 3428 3787 ἐλεηθῆναι,
3462 3710 3555 3764 ὅτι
3589 3708 3717 3765 θλί-

2149 3824 2319 3890 ϐομαι
2340 3833 2357 3849 ⁶
2386 3817 2501 3872 ἀνθ’
2532 3812 2591 3870 οὗ
2615 3818 2643 3870 6
2688 3813 2916 3875 Ἀκύλας
2943 3809 3107 3882 φησίν
3127 3825 3140 3838 ·
3165 3808 3283 3859 Ὅτι
3316 3802 3539 3859 στενὸν
3563 3800 3713 3870 ἐμοί.

2147 3914 2257 3985 Τὴν
2305 3914 2413 3985 γὰρ
2461 3912 2651 3984 στενὴν
2679 3910 2772 3964 καὶ
2812 3905 3174 3979 τεθλιμμένην
3199 3900 3368 3957 ὁδεύω
3393 3899 3483 3953 διὰ
3513 3897 3594 3963 σὲ,
3624 3894 3714 3949 καὶ

2144 4004 2244 4071 τὰς
2283 4005 2381 4070 σὰς
2420 4003 2770 4073 ἐπαγγελίας.
2788 3999 2947 4054 Ἀλλὰ
2973 3996 3068 4052 καὶ
3096 3997 3125 4050 ὁ
3155 3994 3254 4066 τῆς
3276 3991 3453 4063 ψυχῆς
3486 4006 3588 4061 μου
3617 3988 3715 4058 ὀφ-

2147 4098 2370 4171 θαλμὸς,
2399 4097 2558 4161 αὐτὸς
2584 4098 2613 4150 6
2639 4093 2765 4159 νοῦς
2793 4090 2971 4147 καὶτὸ
2998 4092 3056 4144 ἐν
3090 4087 3214 4158 ἐμοὶ
3239 4082 3564 4153 λογιστικὸν,
3592 4080 3715 4133 ἐτα-

2149 4191 2327 4266 ράχθη
2384 4191 2442 4244 ἐν
2500 4186 2657 4261 θυμῷ
2681 4205 2695 4218 ·
2750 4184 2866 4241 ἀνθ’
2899 4175 2962 4237 οὗ
3008 4183 3038 4236 ὁ
3093 4180 3192 4252 μὲν
3232 4175 3460 4239 Ἀκύλας
3510 4171 3707 4266 (Mc—iv».

2460 4278 2546 4334 ’ἐν
2588 4272 2970 4346 παροργισμῷ
3020 4274 3053 4326 ὁ
3079 4266 3382 4340 ὀφθαλμός
3405 4280 3525 4335 μου
3549 4278 3563 4291 ·
3604 4263 3633 4314 6
3658 4260 3711 4313 δὲ

2145 4375 2438 4447 Σύμμαχος
2455 4389 2471 4404 ο
2518 4368 2805 4436 Ἐθολώθη
2838 4366 2936 4420 διὰ
2970 4359 3380 4433 παροργισμὸν
3410 4353 3713 4447 ὀφθαλμός

2458 4463 2565 4534 γὰρ
2607 4459 2954 4536 παρώργισα,
2986 4455 3138 4526 φησὶ,
3168 4452 3260 4507 καὶ
3300 4446 3469 4539 θυμὸν
3495 4440 3713 4539 ἐμαυτῷ

462 4555 598 4611 mibi
653 4556 962 4623 concitavi,
1013 4570 1184 4613 ausus
1229 4561 1296 4612 ea
1337 4563 1651 4627 perpetrare
1682 4566 1804 4623 qua:
1853 4549 2038 4606 furore

2150 4537 2434 4633 ἐπήγειρα,
2465 4555 2741 4626 τολμήσας
2764 4545 3163 4621 διαπράξασθαι
3187 4542 3258 4598 τὰ
3287 4537 3461 4633 θυμοῦ
3502 4537 3601 4592 καὶ
3626 4537 3715 4633 6p:

463 4660 520 4703 et
560 4648 642 4703 ira
684 4648 850 4720 digna
894 4656 1054 4717 sunt,
1101 4657 1236 4706 tunc
1272 4647 1556 4713 confusio,
1600 4645 1947 4702 conturbatio
1983 4650 2039 4700 et

464 4742 687 4811 squalor
742 4743 1128 4799 rationabilem
1182 4743 1379 4800 animas
1419 4742 1530 4798 vim
1569 4741 1878 4812 occupavit.
1928 4738 2037 4795 Sed

462 4833 631 4888 etiam
666 4833 848 4891 anima
874 4849 994 4892 mea
1022 4842 1079 4893 et
1104 4844 1295 4892 venter
1327 4850 1484 4893 meus
1519 4834 1639 4906 ipse
1677 4831 2036 4889 conturbatus

462 4944 529 4984 ac
576 4929 843 4988 confusus
896 4938 983 4988 est
1047 4932 1103 4987 in
1145 4939 1392 5003 tempore
1439 4927 1832 5001 indignationis
1878 4941 2032 4984 mea.

462 5019 934 5085 Quemadmodum
964 5039 1095 5080 vero
1126 5023 1325 5079 anima:
1351 5021 1571 5078 oculum
1601 5036 1700 5094 per
1723 5021 2038 5077 translatio-

464 5126 589 5166 nem
624 5128 653 5167 a
677 5115 865 5171 sensili
909 5116 1071 5171 oculo
1100 5115 1456 5187 intelligimus
1476 5153 1493 5179 ,
1536 5114 1618 5170 sic
1646 5119 1892 5170 ventrem
1919 5114 2040 5183 ejus

461 5220 813 5277 nequaquam
855 5208 1044 5266 labare
1099 5209 1147 5266 si
1189 5211 1299 5265 vim
1347 5208 1627 5264 memoria:
1660 5209 1934 5279 accipias;
1980 5210 2039 5264 in

462 5309 570 5361 qua
602 5311 701 5350 ceu
737 5298 794 5352 in
818 5307 1030 5369 ventre,
1058 5299 1214 5357 cibos
1247 5313 1440 5355 omnes
1481 5314 1514 5354 a
1542 5300 1894 5356 sermonibus
1917 5315 2040 5370 per-

462 5399 653 5457 ceptos
683 5404 949 5460 reponere
994 5396 1402 5456 consuevimus.
1442 5394 1810 5462 Quamobrem
1838 5392 2039 5450 alicubi

461 5477 668 5536 dicitur
693 5502 706 5535 :
734 5482 978 5549 Benedic,
1013 5488 1194 5542 anima
1211 5503 1348 5553 mea,
1376 5486 1618 5550 Domino,
1648 5496 1699 5541 et
1719 5487 1898 5541 omnia
1924 5500 2041 5558 qua

463 5581 611 5633 intra
658 5596 737 5634 me
779 5590 921 5647 sunt,
946 5581 1148 5635 nomini
1200 5589 1387 5636 sancto
1433 5581 1549 5651 ejus
1571 5581 1659 5635 "'.
1704 5578 1771 5633 Et
1792 5577 2042 5634 Salvator

466 5676 540 5731 ait
568 5692 582 5731 :
618 5672 722 5740 Qui
764 5671 948 5727 biberit
982 5668 1049 5727 ea:
1077 5688 1216 5743 aqua
1242 5688 1400 5743 quam
1422 5688 1515 5743 ego
1540 5663 1678 5728 dabo
1722 5672 1790 5741 ei,
1821 5670 2043 5742 ﬂumina

531 5848 579 5885 “
620 5847 764 5909 Psal.
800 5866 888 5925 Iv,
926 5851 979 5907 5.
1058 5851 1131 5884 ⁸³*
1159 5848 1311 5909 Psal.
1351 5864 1465 5921 ett,
1501 5852 1552 5909 ι.

2141 4625 2250 4723 γῆς
2268 4625 2425 4714 seu,
2452 4646 2514 4700 τὸ
2556 4625 2855 4716 τηνικαῦτα
2901 4640 3162 4710 σύγχυσις
3209 4633 3305 4689 και
3355 4631 3582 4723 θόλωσις
3626 4625 3717 4681 και

2141 4721 2352 4815 αύχμὺς
2397 4741 2457 4794 τὸ
2502 4735 2809 4807 λογιστικὸν
2849 4734 2947 4805 τῆς
2991 4729 3133 4801 ἐμῆς
3163 4727 3341 4798 ψυχῆς
3374 4721 3713 4815 κατείληφενΓ

2156 4813 2318 4890 Ἀλλὰ
2349 4833 2443 4889 καὶ
2469 4834 2502 4904 ἡ
2527 4830 2670 4901 ψυχή
2712 4844 2833 4900 μου,
2860 4825 3017 4898 φησὶ,
3044 4822 3188 4891 καὶὴ
3220 4817 3435 4889 γαστήρ
3468 4832 3594 4887 μου,
3628 4813 3717 4867 καὶ

2139 4929 2275 5002 αὐτὴ
2299 4924 2533 4996 ἐθολώθη
2562 4924 2656 4979 καὶ
2677 4918 2948 4993 ἐταράχθη
2977 4914 3116 4971 κατὰ
3129 4914 3219 4969 τδν
3245 4910 3433 4981 καιρὸν
3457 4905 3717 5002 τοῦ-παρα

2145 4997 2413 5096 οργινσμοῢ
2470 5016 2819 5091 μου.”Ωσπερ
2842 5011 2899 5065 δὲ
2922 5006 3195 5078 ὀφθαλμὸν
3225 5002 3421 5073 ψυχῆς
3440 4997 3585 5053 κατὰ
3609 5011 3717 5096 ’με-

2145 5088 2387 5186 ταιροράν
2437 5088 2535 5165 τοῦ
2580 5105 2838 5177 αἰσθητοῦ
2888 5098 3163 5172 ὀφθαλμοῦ
3190 5096 3546 5186 νενοήκαμεν,
3577 5088 3716 5186 οὕτω

2146 5177 2243 5262 καί
2289 5177 2387 5278 τὴν
2422 5201 2664 5274 γαστέρα
2695 5197 2864 5268 αὐτῆς
2890 5195 2992 5248 ούκ
3015 5192 3079 5246 ἂν
3106 5188 3369 5260 ἁμάρτοις
3407 5180 3579 5278 simini

2146 5269 2374 5371 δύναμιν
2411 5269 2510 5369 τὴν
2557 5269 2914 5366 μνημονικὴν,
2943 5287 3000 5340 ἐν
3118 5281 3303 5351 ὥσπερ
3337 5279 3394 5330 ἐν
3417 5273 3597 5371 κοιλίᾳ
3623 5269 3716 5371 καὶ

2145 5363 2345 5464 γαστρὶ
2370 5363 2568 5452 πάσας*
2595 5363 2692 5448 τὰς
2739 5381 2827 5436 διὰ
2862 5379 3035 5448 λόγων
3074 5372 3279 5446 τροφὰς
3306 5363 3713 5464 ἐναποτίθεσθαι

2148 5458 2324 5538 εἴωθε.
2360 5475 2451 5535 Διὸ
2499 5475 2743 5532 λέλεκταί
2795 5484 2931 5528 που⁸
2972 5469 3241 5536 Εὐλότει,
3276 5464 3314 5531 ἠ
3362 5458 3532 5530 ψυχή
3569 5472 3708 5527 μου,

2147 5578 2255 5633 τὸν
2280 5576 2518 5645 Κύριον,
2548 5571 2645 5627 καὶ
2671 5569 2869 5625 πάντα
2893 5565 2966 5622 τὰ
2984 5561 3157 5628 ἐντός
3191 5574 3311 5629 μου
3335 5555 3399 5608 τὸ
3432 5552 3617 5645 ὄνομα
3644 5548 3709 5645 td

2150 5667 2322 5741 ἅγιον
2343 5637 2547 5725 αὐτού.
2585 5661 2697 5719 Kal
2721 5664 2750 5716 6
2775 5658 2967 5731 Σωτὴρ
2989 5656 3076 5709 δέ·
3116 5654 3212 5717 Ὃς
3242 5649 3319 5702 ἂν
3357 5645 3464 5714 πίῃ
3499 5644 3569 5697 ἐκ
3607 5637 3706 5695 τοῦ
