  <div class='ocr_page' id='page_1' title='image "/cluster/home/n/w/nwhite01/storage/ocr_20150623/23/mdp.39015078384396/142.png"; bbox 0 0 3940 6292; ppageno 0'>
   <div class='ocr_carea' id='block_1_1' title="bbox 200 375 307 435">
    <p class='ocr_par' dir='ltr' id='par_1_1' title="bbox 200 375 307 435">
     <span class='ocr_line' id='line_1_1' title="bbox 200 375 307 435; baseline 0.028 -3"><span class='ocrx_word' id='word_1_1' title='bbox 200 375 307 435; x_wconf 68' lang='grc' dir='ltr'><strong>ἳῡθ</strong></span> 
     </span>
    </p>
   </div>
   <div class='ocr_carea' id='block_1_2' title="bbox 1411 396 1837 456">
    <p class='ocr_par' dir='ltr' id='par_1_2' title="bbox 1411 398 1837 455">
     <span class='ocr_line' id='line_1_2' title="bbox 1411 398 1837 455; baseline -0.002 0"><span class='ocrx_word' id='word_1_2' title='bbox 1411 401 1451 455; x_wconf 87' lang='lat' dir='ltr'><strong>C</strong></span> <span class='ocrx_word' id='word_1_3' title='bbox 1463 398 1837 455; x_wconf 71' lang='grc' dir='ltr'><strong>ΟΜΜΕΝΪΑΗ</strong></span> 
     </span>
    </p>
   </div>
   <div class='ocr_carea' id='block_1_3' title="bbox 1941 396 3516 456">
    <p class='ocr_par' dir='ltr' id='par_1_3' title="bbox 1956 396 3516 456">
     <span class='ocr_line' id='line_1_3' title="bbox 1956 396 3516 456; baseline 0 -2"><span class='ocrx_word' id='word_1_4' title='bbox 1956 398 2023 454; x_wconf 82' lang='lat' dir='ltr'><strong>IN</strong></span> <span class='ocrx_word' id='word_1_5' title='bbox 2062 396 2398 453; x_wconf 81' lang='lat' dir='ltr'><strong>PSALMOS.</strong></span> <span class='ocrx_word' id='word_1_6' title='bbox 3415 396 3516 456; x_wconf 61' lang='lat'><strong>£70</strong></span> 
     </span>
    </p>
   </div>
   <div class='ocr_carea' id='block_1_4' title="bbox 220 495 1837 588">
    <p class='ocr_par' dir='ltr' id='par_1_4' title="bbox 220 495 1837 588">
     <span class='ocr_line' id='line_1_4' title="bbox 220 495 1837 588; baseline 0.006 -23"><span class='ocrx_word' id='word_1_7' title='bbox 220 495 476 573; x_wconf 66' lang='grc' dir='ltr'><strong>ὓδατος,</strong></span> <span class='ocrx_word' id='word_1_8' title='bbox 510 509 598 569; x_wconf 78' lang='grc' dir='ltr'>οὗ</span> <span class='ocrx_word' id='word_1_9' title='bbox 633 517 772 588; x_wconf 67' lang='grc' dir='ltr'>ἐγὼ</span> <span class='ocrx_word' id='word_1_10' title='bbox 805 518 970 574; x_wconf 84' lang='grc' dir='ltr'><strong>δώσω</strong></span> <span class='ocrx_word' id='word_1_11' title='bbox 1001 518 1180 584; x_wconf 82' lang='grc' dir='ltr'>αὐτῷ,</span> <span class='ocrx_word' id='word_1_12' title='bbox 1209 521 1457 588; x_wconf 79' lang='grc' dir='ltr'>ποταμοὶ</span> <span class='ocrx_word' id='word_1_13' title='bbox 1498 521 1566 573; x_wconf 86' lang='grc' dir='ltr'>ἐκ</span> <span class='ocrx_word' id='word_1_14' title='bbox 1599 519 1710 587; x_wconf 78' lang='grc' dir='ltr'>τῆς</span> <span class='ocrx_word' id='word_1_15' title='bbox 1738 537 1837 574; x_wconf 75' lang='lat' dir='ltr'><strong>xm-</strong></span> 
     </span>
    </p>
   </div>
   <div class='ocr_carea' id='block_1_5' title="bbox 1941 495 3518 588">
    <p class='ocr_par' dir='ltr' id='par_1_5' title="bbox 1960 511 3518 585">
     <span class='ocr_line' id='line_1_5' title="bbox 1960 511 3518 585; baseline -0.003 -14"><span class='ocrx_word' id='word_1_16' title='bbox 1960 518 2023 573; x_wconf 84' lang='lat' dir='ltr'><strong>de</strong></span> <span class='ocrx_word' id='word_1_17' title='bbox 2062 528 2239 572; x_wconf 85' lang='lat' dir='ltr'><strong>ventre</strong></span> <span class='ocrx_word' id='word_1_18' title='bbox 2283 517 2396 585; x_wconf 88' lang='lat' dir='ltr'><strong>ejus</strong></span> <span class='ocrx_word' id='word_1_19' title='bbox 2431 522 2591 583; x_wconf 73' lang='lat' dir='ltr'><strong>fluent</strong></span> <span class='ocrx_word' id='word_1_20' title='bbox 2636 530 2786 585; x_wconf 78' lang='lat' dir='ltr'><strong>aqua</strong></span> <span class='ocrx_word' id='word_1_21' title='bbox 2821 517 2965 577; x_wconf 73' lang='lat' dir='ltr'><strong>vim,</strong></span> <span class='ocrx_word' id='word_1_22' title='bbox 3009 511 3244 570; x_wconf 73' lang='lat' dir='ltr'><strong>salientis</strong></span> <span class='ocrx_word' id='word_1_23' title='bbox 3277 516 3330 569; x_wconf 77' lang='lat' dir='ltr'><strong>in</strong></span> <span class='ocrx_word' id='word_1_24' title='bbox 3362 518 3518 569; x_wconf 79' lang='lat' dir='ltr'><strong>vitam</strong></span> 
     </span>
    </p>
   </div>
   <div class='ocr_carea' id='block_1_6' title="bbox 247 595 1858 682">
    <p class='ocr_par' dir='ltr' id='par_1_6' title="bbox 247 595 1858 682">
     <span class='ocr_line' id='line_1_6' title="bbox 247 595 1858 682; baseline 0.001 -19"><span class='ocrx_word' id='word_1_25' title='bbox 247 595 372 663; x_wconf 66' lang='grc' dir='ltr'>λίας</span> <span class='ocrx_word' id='word_1_26' title='bbox 423 603 639 660; x_wconf 80' lang='grc' dir='ltr'>αὑτοῦ</span> <span class='ocrx_word' id='word_1_27' title='bbox 686 611 1030 677; x_wconf 76' lang='grc' dir='ltr'>ῥεύσουσιν</span> <span class='ocrx_word' id='word_1_28' title='bbox 1067 611 1284 677; x_wconf 82' lang='grc' dir='ltr'>ὕδατος</span> <span class='ocrx_word' id='word_1_29' title='bbox 1323 609 1554 680; x_wconf 48' lang='lat' dir='ltr'><strong>amco</strong></span> <span class='ocrx_word' id='word_1_30' title='bbox 1604 613 1858 682; x_wconf 79' lang='grc' dir='ltr'>ἁλλομέ-</span> 
     </span>
    </p>
   </div>
   <div class='ocr_carea' id='block_1_7' title="bbox 247 695 1857 774">
    <p class='ocr_par' dir='ltr' id='par_1_7' title="bbox 247 695 1857 774">
     <span class='ocr_line' id='line_1_7' title="bbox 247 695 1857 774; baseline 0.007 -29"><span class='ocrx_word' id='word_1_31' title='bbox 247 708 355 747; x_wconf 62' lang='grc' dir='ltr'><strong>⁴’σου</strong></span> <span class='ocrx_word' id='word_1_32' title='bbox 387 695 478 761; x_wconf 84' lang='grc' dir='ltr'><strong>εἰς</strong></span> <span class='ocrx_word' id='word_1_33' title='bbox 507 695 685 767; x_wconf 69' lang='grc' dir='ltr'><strong>ζωὴν</strong></span> <span class='ocrx_word' id='word_1_34' title='bbox 704 701 963 756; x_wconf 79' lang='grc' dir='ltr'>αἰώνιον.</span> <span class='ocrx_word' id='word_1_35' title='bbox 997 702 1288 757; x_wconf 80' lang='grc' dir='ltr'>Κάνταῦθα</span> <span class='ocrx_word' id='word_1_36' title='bbox 1320 703 1495 756; x_wconf 82' lang='grc' dir='ltr'><strong>τοίνυν</strong></span> <span class='ocrx_word' id='word_1_37' title='bbox 1523 703 1620 774; x_wconf 84' lang='grc' dir='ltr'>τὴν</span> <span class='ocrx_word' id='word_1_38' title='bbox 1649 722 1857 774; x_wconf 84' lang='grc' dir='ltr'>μνημο-</span> 
     </span>
    </p>
   </div>
   <div class='ocr_carea' id='block_1_8' title="bbox 259 785 1852 866">
    <p class='ocr_par' dir='ltr' id='par_1_8' title="bbox 259 785 1852 866">
     <span class='ocr_line' id='line_1_8' title="bbox 259 785 1852 866; baseline 0.011 -26"><span class='ocrx_word' id='word_1_39' title='bbox 259 785 410 860; x_wconf 74' lang='grc' dir='ltr'>νικὴν</span> <span class='ocrx_word' id='word_1_40' title='bbox 441 788 711 856; x_wconf 81' lang='grc' dir='ltr'>δύναμιν,</span> <span class='ocrx_word' id='word_1_41' title='bbox 749 795 782 866; x_wconf 79' lang='grc' dir='ltr'><strong>ἢ</strong></span> <span class='ocrx_word' id='word_1_42' title='bbox 820 795 913 848; x_wconf 68' lang='grc' dir='ltr'>καὶ</span> <span class='ocrx_word' id='word_1_43' title='bbox 941 795 1071 849; x_wconf 82' lang='grc' dir='ltr'>αὑτὸ</span> <span class='ocrx_word' id='word_1_44' title='bbox 1096 797 1157 849; x_wconf 81' lang='grc' dir='ltr'>τὸ</span> <span class='ocrx_word' id='word_1_45' title='bbox 1187 796 1507 866; x_wconf 77' lang='grc' dir='ltr'>ἡγεμονικὸν</span> <span class='ocrx_word' id='word_1_46' title='bbox 1531 795 1630 865; x_wconf 82' lang='grc' dir='ltr'>τῆς</span> <span class='ocrx_word' id='word_1_47' title='bbox 1655 795 1852 866; x_wconf 78' lang='grc' dir='ltr'>ψυχῆς,</span> 
     </span>
    </p>
   </div>
   <div class='ocr_carea' id='block_1_9' title="bbox 264 882 1851 959">
    <p class='ocr_par' dir='ltr' id='par_1_9' title="bbox 264 882 1851 959">
     <span class='ocr_line' id='line_1_9' title="bbox 264 882 1851 959; baseline 0.002 -21"><span class='ocrx_word' id='word_1_48' title='bbox 264 882 470 938; x_wconf 83' lang='grc' dir='ltr'>κοιλίαν</span> <span class='ocrx_word' id='word_1_49' title='bbox 496 882 791 956; x_wconf 81' lang='grc' dir='ltr'>ὠνόμασεν</span> <span class='ocrx_word' id='word_1_50' title='bbox 822 889 851 941; x_wconf 86' lang='grc' dir='ltr'><strong>ὁ</strong></span> <span class='ocrx_word' id='word_1_51' title='bbox 879 889 1086 959; x_wconf 85' lang='grc' dir='ltr'>Σωτήρ.</span> <span class='ocrx_word' id='word_1_52' title='bbox 1120 888 1383 952; x_wconf 83' lang='grc' dir='ltr'>Θολωθε¹ις</span> <span class='ocrx_word' id='word_1_53' title='bbox 1420 889 1596 941; x_wconf 82' lang='grc' dir='ltr'>τοίνυν</span> <span class='ocrx_word' id='word_1_54' title='bbox 1624 887 1712 941; x_wconf 84' lang='grc' dir='ltr'>τὸν</span> <span class='ocrx_word' id='word_1_55' title='bbox 1754 891 1851 958; x_wconf 83' lang='grc' dir='ltr'>όφ-</span> 
     </span>
    </p>
   </div>
   <div class='ocr_carea' id='block_1_10' title="bbox 267 977 1855 1050">
    <p class='ocr_par' dir='ltr' id='par_1_10' title="bbox 267 977 1855 1050">
     <span class='ocr_line' id='line_1_10' title="bbox 267 977 1855 1050; baseline 0.001 -20"><span class='ocrx_word' id='word_1_56' title='bbox 267 977 474 1047; x_wconf 79' lang='grc' dir='ltr'>θαλμδν</span> <span class='ocrx_word' id='word_1_57' title='bbox 501 977 604 1048; x_wconf 71' lang='grc' dir='ltr'>τῆς</span> <span class='ocrx_word' id='word_1_58' title='bbox 631 978 835 1048; x_wconf 81' lang='grc' dir='ltr'>ψυχῆς,</span> <span class='ocrx_word' id='word_1_59' title='bbox 857 978 949 1032; x_wconf 75' lang='grc' dir='ltr'>καὶ</span> <span class='ocrx_word' id='word_1_60' title='bbox 977 978 1076 1050; x_wconf 84' lang='grc' dir='ltr'>τὴν</span> <span class='ocrx_word' id='word_1_61' title='bbox 1103 979 1342 1049; x_wconf 83' lang='grc' dir='ltr'><strong>γαστέρα</strong></span> <span class='ocrx_word' id='word_1_62' title='bbox 1369 977 1466 1048; x_wconf 83' lang='grc' dir='ltr'>τὴν</span> <span class='ocrx_word' id='word_1_63' title='bbox 1493 978 1855 1050; x_wconf 82' lang='grc' dir='ltr'>παραδεδομέ-</span> 
     </span>
    </p>
   </div>
   <div class='ocr_carea' id='block_1_11' title="bbox 267 1070 1852 1143">
    <p class='ocr_par' dir='ltr' id='par_1_11' title="bbox 267 1070 1852 1143">
     <span class='ocr_line' id='line_1_11' title="bbox 267 1070 1852 1143; baseline 0.001 -21"><span class='ocrx_word' id='word_1_64' title='bbox 267 1087 392 1141; x_wconf 84' lang='grc' dir='ltr'>νην,</span> <span class='ocrx_word' id='word_1_65' title='bbox 426 1070 638 1142; x_wconf 77' lang='grc' dir='ltr'><strong>ἰατρείᾳ</strong></span> <span class='ocrx_word' id='word_1_66' title='bbox 665 1072 762 1124; x_wconf 77' lang='grc' dir='ltr'>καὶ</span> <span class='ocrx_word' id='word_1_67' title='bbox 794 1070 1058 1142; x_wconf 76' lang='grc' dir='ltr'>θεραπείᾳ</span> <span class='ocrx_word' id='word_1_68' title='bbox 1100 1070 1334 1140; x_wconf 83' lang='grc' dir='ltr'>ἐμαυτὸν</span> <span class='ocrx_word' id='word_1_69' title='bbox 1374 1073 1651 1142; x_wconf 88' lang='grc' dir='ltr'>παρεῖχον,</span> <span class='ocrx_word' id='word_1_70' title='bbox 1692 1070 1852 1143; x_wconf 76' lang='grc' dir='ltr'>ὀδύνῃ</span> 
     </span>
    </p>
   </div>
   <div class='ocr_carea' id='block_1_12' title="bbox 264 1161 1848 1234">
    <p class='ocr_par' dir='ltr' id='par_1_12' title="bbox 264 1161 1848 1234">
     <span class='ocr_line' id='line_1_12' title="bbox 264 1161 1848 1234; baseline -0.001 -18"><span class='ocrx_word' id='word_1_71' title='bbox 264 1161 364 1216; x_wconf 73' lang='grc' dir='ltr'>καὶ</span> <span class='ocrx_word' id='word_1_72' title='bbox 399 1163 843 1232; x_wconf 76' lang='grc' dir='ltr'>στεναγμοῖς,καὶ</span> <span class='ocrx_word' id='word_1_73' title='bbox 871 1162 1114 1233; x_wconf 71' lang='grc' dir='ltr'>πτωχείᾳ</span> <span class='ocrx_word' id='word_1_74' title='bbox 1139 1162 1461 1234; x_wconf 76' lang='grc' dir='ltr'>παραδιδοὺς</span> <span class='ocrx_word' id='word_1_75' title='bbox 1489 1162 1580 1215; x_wconf 78' lang='grc' dir='ltr'><strong>τὸν</strong></span> <span class='ocrx_word' id='word_1_76' title='bbox 1610 1162 1848 1232; x_wconf 80' lang='grc' dir='ltr'><strong>ἐμαυτοῦ</strong></span> 
     </span>
    </p>
   </div>
   <div class='ocr_carea' id='block_1_13' title="bbox 263 1253 1850 1326">
    <p class='ocr_par' dir='ltr' id='par_1_13' title="bbox 263 1253 1850 1326">
     <span class='ocr_line' id='line_1_13' title="bbox 263 1253 1850 1326; baseline 0 -19"><span class='ocrx_word' id='word_1_77' title='bbox 263 1253 410 1322; x_wconf 85' lang='grc' dir='ltr'>βίον,</span> <span class='ocrx_word' id='word_1_78' title='bbox 440 1254 627 1325; x_wconf 83' lang='grc' dir='ltr'>ὥσπερ</span> <span class='ocrx_word' id='word_1_79' title='bbox 655 1255 747 1309; x_wconf 78' lang='grc' dir='ltr'>διὰ</span> <span class='ocrx_word' id='word_1_80' title='bbox 773 1272 935 1308; x_wconf 84' lang='grc' dir='ltr'>τινων</span> <span class='ocrx_word' id='word_1_81' title='bbox 963 1253 1174 1308; x_wconf 85' lang='grc' dir='ltr'>κύκλων</span> <span class='ocrx_word' id='word_1_82' title='bbox 1206 1254 1603 1326; x_wconf 88' lang='grc' dir='ltr'>ἰατρευόμενος.</span> <span class='ocrx_word' id='word_1_83' title='bbox 1623 1255 1766 1308; x_wconf 72' lang='grc' dir='ltr'>Ἀντὶ</span> <span class='ocrx_word' id='word_1_84' title='bbox 1792 1254 1850 1307; x_wconf 81' lang='grc' dir='ltr'><strong>δὲ</strong></span> 
     </span>
    </p>
   </div>
   <div class='ocr_carea' id='block_1_14' title="bbox 257 1344 1848 1415">
    <p class='ocr_par' dir='ltr' id='par_1_14' title="bbox 257 1344 1848 1415">
     <span class='ocr_line' id='line_1_14' title="bbox 257 1344 1848 1415; baseline 0.001 -17"><span class='ocrx_word' id='word_1_85' title='bbox 257 1345 500 1408; x_wconf 76' lang='grc' dir='ltr'><strong>τοῦ,Ἐν</strong></span> <span class='ocrx_word' id='word_1_86' title='bbox 532 1347 788 1415; x_wconf 74' lang='grc' dir='ltr'>πτωχείᾳ</span> <span class='ocrx_word' id='word_1_87' title='bbox 833 1347 872 1412; x_wconf 78' lang='grc' dir='ltr'><strong><em>ἠ</em></strong></span> <span class='ocrx_word' id='word_1_88' title='bbox 919 1346 1097 1414; x_wconf 81' lang='grc' dir='ltr'>ἰσχύς</span> <span class='ocrx_word' id='word_1_89' title='bbox 1133 1364 1273 1414; x_wconf 85' lang='grc' dir='ltr'>μου,</span> <span class='ocrx_word' id='word_1_90' title='bbox 1311 1344 1408 1398; x_wconf 80' lang='grc' dir='ltr'>καὶ</span> <span class='ocrx_word' id='word_1_91' title='bbox 1441 1344 1513 1399; x_wconf 86' lang='grc' dir='ltr'>τὰ</span> <span class='ocrx_word' id='word_1_92' title='bbox 1543 1344 1693 1400; x_wconf 80' lang='grc' dir='ltr'>ὀστᾶ</span> <span class='ocrx_word' id='word_1_93' title='bbox 1729 1363 1848 1415; x_wconf 83' lang='grc' dir='ltr'><strong>μου</strong></span> 
     </span>
    </p>
   </div>
   <div class='ocr_carea' id='block_1_15' title="bbox 253 1439 1848 1510">
    <p class='ocr_par' dir='ltr' id='par_1_15' title="bbox 253 1439 1848 1510">
     <span class='ocr_line' id='line_1_15' title="bbox 253 1439 1848 1510; baseline 0.001 -18"><span class='ocrx_word' id='word_1_94' title='bbox 253 1439 725 1508; x_wconf 76' lang='grc' dir='ltr'>ἐταράχθησαν·</span> <span class='ocrx_word' id='word_1_95' title='bbox 758 1439 1088 1510; x_wconf 81' lang='grc' dir='ltr'>σαφέστερον</span> <span class='ocrx_word' id='word_1_96' title='bbox 1115 1439 1143 1491; x_wconf 86' lang='grc' dir='ltr'><strong>ὁ</strong></span> <span class='ocrx_word' id='word_1_97' title='bbox 1175 1439 1466 1510; x_wconf 84' lang='grc' dir='ltr'><strong>Σύμμαχος</strong></span> <span class='ocrx_word' id='word_1_98' title='bbox 1508 1439 1848 1509; x_wconf 82' lang='grc' dir='ltr'>ὴρμήνευσεν</span> 
     </span>
    </p>
   </div>
   <div class='ocr_carea' id='block_1_16' title="bbox 253 1529 1848 1601">
    <p class='ocr_par' dir='ltr' id='par_1_16' title="bbox 253 1529 1848 1601">
     <span class='ocr_line' id='line_1_16' title="bbox 253 1529 1848 1601; baseline 0 -17"><span class='ocrx_word' id='word_1_99' title='bbox 253 1530 440 1584; x_wconf 75' lang='grc' dir='ltr'>εἰπών</span> <span class='ocrx_word' id='word_1_100' title='bbox 462 1546 476 1560; x_wconf 83' lang='lat'><strong><em>°</em></strong></span> <span class='ocrx_word' id='word_1_101' title='bbox 507 1533 611 1585; x_wconf 84' lang='grc' dir='ltr'>Διά</span> <span class='ocrx_word' id='word_1_102' title='bbox 639 1531 1048 1598; x_wconf 75' lang='grc' dir='ltr'>τὴν⁹κάκωσίν</span> <span class='ocrx_word' id='word_1_103' title='bbox 1071 1547 1189 1600; x_wconf 83' lang='grc' dir='ltr'>μου</span> <span class='ocrx_word' id='word_1_104' title='bbox 1213 1531 1252 1598; x_wconf 76' lang='grc' dir='ltr'>ἡ</span> <span class='ocrx_word' id='word_1_105' title='bbox 1287 1532 1465 1601; x_wconf 80' lang='grc' dir='ltr'>ἰσχύς</span> <span class='ocrx_word' id='word_1_106' title='bbox 1496 1548 1614 1600; x_wconf 81' lang='grc' dir='ltr'><strong>μου</strong></span> <span class='ocrx_word' id='word_1_107' title='bbox 1649 1530 1747 1583; x_wconf 80' lang='grc' dir='ltr'>καὶ</span> <span class='ocrx_word' id='word_1_108' title='bbox 1775 1529 1848 1584; x_wconf 84' lang='grc' dir='ltr'>τὰ</span> 
     </span>
    </p>
   </div>
   <div class='ocr_carea' id='block_1_17' title="bbox 253 1620 1846 1694">
    <p class='ocr_par' dir='ltr' id='par_1_17' title="bbox 253 1620 1846 1694">
     <span class='ocr_line' id='line_1_17' title="bbox 253 1620 1846 1694; baseline 0.002 -21"><span class='ocrx_word' id='word_1_109' title='bbox 253 1620 419 1675; x_wconf 77' lang='grc' dir='ltr'>ὀστᾶ</span> <span class='ocrx_word' id='word_1_110' title='bbox 444 1639 568 1690; x_wconf 80' lang='grc' dir='ltr'><strong>μου</strong></span> <span class='ocrx_word' id='word_1_111' title='bbox 595 1623 992 1690; x_wconf 81' lang='grc' dir='ltr'>ηῠρωτίασαν.</span> <span class='ocrx_word' id='word_1_112' title='bbox 1027 1621 1182 1676; x_wconf 80' lang='grc' dir='ltr'>Οὕτω</span> <span class='ocrx_word' id='word_1_113' title='bbox 1211 1621 1340 1694; x_wconf 81' lang='grc' dir='ltr'>γὰρ,</span> <span class='ocrx_word' id='word_1_114' title='bbox 1395 1623 1577 1692; x_wconf 76' lang='grc' dir='ltr'>φησὶν,</span> <span class='ocrx_word' id='word_1_115' title='bbox 1611 1622 1846 1692; x_wconf 83' lang='grc' dir='ltr'>ἐμαυτὸν</span> 
     </span>
    </p>
   </div>
   <div class='ocr_carea' id='block_1_18' title="bbox 246 1710 1846 1785">
    <p class='ocr_par' dir='ltr' id='par_1_18' title="bbox 246 1710 1846 1785">
     <span class='ocr_line' id='line_1_18' title="bbox 246 1710 1846 1785; baseline 0.003 -22"><span class='ocrx_word' id='word_1_116' title='bbox 246 1710 520 1774; x_wconf 70' lang='grc' dir='ltr'>ἐκάκουν,</span> <span class='ocrx_word' id='word_1_117' title='bbox 550 1711 626 1775; x_wconf 84' lang='grc' dir='ltr'>ὡς</span> <span class='ocrx_word' id='word_1_118' title='bbox 649 1710 735 1764; x_wconf 80' lang='grc' dir='ltr'>διὰ</span> <span class='ocrx_word' id='word_1_119' title='bbox 755 1713 854 1784; x_wconf 84' lang='grc' dir='ltr'>τὴν</span> <span class='ocrx_word' id='word_1_120' title='bbox 885 1713 1190 1785; x_wconf 79' lang='grc' dir='ltr'>ὑπερϐολὴν</span> <span class='ocrx_word' id='word_1_121' title='bbox 1213 1714 1315 1784; x_wconf 83' lang='grc' dir='ltr'>τῆς</span> <span class='ocrx_word' id='word_1_122' title='bbox 1346 1711 1640 1777; x_wconf 81' lang='grc' dir='ltr'><strong>κακώσεως</strong></span> <span class='ocrx_word' id='word_1_123' title='bbox 1663 1714 1846 1781; x_wconf 83' lang='grc' dir='ltr'>ἐξατο-</span> 
     </span>
    </p>
   </div>
   <div class='ocr_carea' id='block_1_19' title="bbox 247 1801 1843 1876">
    <p class='ocr_par' dir='ltr' id='par_1_19' title="bbox 247 1801 1843 1876">
     <span class='ocr_line' id='line_1_19' title="bbox 247 1801 1843 1876; baseline 0.004 -24"><span class='ocrx_word' id='word_1_124' title='bbox 247 1801 428 1869; x_wconf 77' lang='grc' dir='ltr'>νῆσαί</span> <span class='ocrx_word' id='word_1_125' title='bbox 481 1819 585 1872; x_wconf 90' lang='grc' dir='ltr'><strong>μου</strong></span> <span class='ocrx_word' id='word_1_126' title='bbox 635 1802 728 1855; x_wconf 75' lang='grc' dir='ltr'>καὶ</span> <span class='ocrx_word' id='word_1_127' title='bbox 771 1803 1127 1876; x_wconf 83' lang='grc' dir='ltr'>ἐξασθενῆσαι</span> <span class='ocrx_word' id='word_1_128' title='bbox 1160 1804 1258 1875; x_wconf 83' lang='grc' dir='ltr'>τὴν</span> <span class='ocrx_word' id='word_1_129' title='bbox 1289 1805 1459 1874; x_wconf 77' lang='grc' dir='ltr'>ἰσχὺν,</span> <span class='ocrx_word' id='word_1_130' title='bbox 1485 1804 1577 1857; x_wconf 78' lang='grc' dir='ltr'>καὶ</span> <span class='ocrx_word' id='word_1_131' title='bbox 1612 1804 1751 1858; x_wconf 62' lang='grc' dir='ltr'>αὐτὰ.</span> <span class='ocrx_word' id='word_1_132' title='bbox 1777 1805 1843 1859; x_wconf 81' lang='grc' dir='ltr'><strong>τὰ</strong></span> 
     </span>
    </p>
   </div>
   <div class='ocr_carea' id='block_1_20' title="bbox 1957 604 3518 674">
    <p class='ocr_par' dir='ltr' id='par_1_20' title="bbox 1957 604 3518 674">
     <span class='ocr_line' id='line_1_20' title="bbox 1957 604 3518 674; baseline -0.001 -11"><span class='ocrx_word' id='word_1_133' title='bbox 1957 619 2208 664; x_wconf 70' lang='lat' dir='ltr'><strong>aeternam</strong></span> <span class='ocrx_word' id='word_1_134' title='bbox 2244 607 2310 662; x_wconf 77' lang='lat'><strong>“.</strong></span> <span class='ocrx_word' id='word_1_135' title='bbox 2367 605 2466 659; x_wconf 82' lang='lat' dir='ltr'><strong>Hic</strong></span> <span class='ocrx_word' id='word_1_136' title='bbox 2531 606 2713 674; x_wconf 78' lang='lat' dir='ltr'><strong>itaque</strong></span> <span class='ocrx_word' id='word_1_137' title='bbox 2778 604 3156 660; x_wconf 90' lang='lat' dir='ltr'><strong>reminiscendi</strong></span> <span class='ocrx_word' id='word_1_138' title='bbox 3209 605 3345 669; x_wconf 82' lang='lat' dir='ltr'><strong>vim,</strong></span> <span class='ocrx_word' id='word_1_139' title='bbox 3404 607 3518 661; x_wconf 69' lang='lat' dir='ltr'><strong>sive.</strong></span> 
     </span>
    </p>
   </div>
   <div class='ocr_carea' id='block_1_21' title="bbox 1955 693 3518 767">
    <p class='ocr_par' dir='ltr' id='par_1_21' title="bbox 1955 693 3518 767">
     <span class='ocr_line' id='line_1_21' title="bbox 1955 693 3518 767; baseline -0.004 -14"><span class='ocrx_word' id='word_1_140' title='bbox 1955 700 2116 753; x_wconf 90' lang='lat' dir='ltr'><strong>etiam</strong></span> <span class='ocrx_word' id='word_1_141' title='bbox 2153 697 2451 767; x_wconf 85' lang='lat' dir='ltr'><strong>principem</strong></span> <span class='ocrx_word' id='word_1_142' title='bbox 2488 694 2685 748; x_wconf 64' lang='lat' dir='ltr'><strong>animm</strong></span> <span class='ocrx_word' id='word_1_143' title='bbox 2724 701 2952 763; x_wconf 90' lang='lat' dir='ltr'><strong>partem,</strong></span> <span class='ocrx_word' id='word_1_144' title='bbox 2986 701 3224 748; x_wconf 81' lang='lat' dir='ltr'><strong>ventrem</strong></span> <span class='ocrx_word' id='word_1_145' title='bbox 3262 693 3518 748; x_wconf 86' lang='lat' dir='ltr'><strong>Servator</strong></span> 
     </span>
    </p>
   </div>
   <div class='ocr_carea' id='block_1_22' title="bbox 1954 785 3513 858">
    <p class='ocr_par' dir='ltr' id='par_1_22' title="bbox 1954 785 3513 858">
     <span class='ocr_line' id='line_1_22' title="bbox 1954 785 3513 858; baseline -0.001 -15"><span class='ocrx_word' id='word_1_146' title='bbox 1954 787 2312 858; x_wconf 73' lang='lat' dir='ltr'><strong>nuncupavit.</strong></span> <span class='ocrx_word' id='word_1_147' title='bbox 2347 789 2484 840; x_wconf 79' lang='lat' dir='ltr'><strong>Cum</strong></span> <span class='ocrx_word' id='word_1_148' title='bbox 2521 801 2650 854; x_wconf 83' lang='lat' dir='ltr'><strong>ergo</strong></span> <span class='ocrx_word' id='word_1_149' title='bbox 2695 793 2750 838; x_wconf 89' lang='lat' dir='ltr'><strong>et</strong></span> <span class='ocrx_word' id='word_1_150' title='bbox 2784 785 2986 838; x_wconf 89' lang='lat' dir='ltr'><strong>mentis</strong></span> <span class='ocrx_word' id='word_1_151' title='bbox 3021 785 3195 839; x_wconf 88' lang='lat' dir='ltr'><strong>oculis</strong></span> <span class='ocrx_word' id='word_1_152' title='bbox 3227 794 3280 840; x_wconf 90' lang='lat' dir='ltr'><strong>et</strong></span> <span class='ocrx_word' id='word_1_153' title='bbox 3307 793 3513 850; x_wconf 87' lang='lat' dir='ltr'><strong>ventre,</strong></span> 
     </span>
    </p>
   </div>
   <div class='ocr_carea' id='block_1_23' title="bbox 1955 873 3516 949">
    <p class='ocr_par' dir='ltr' id='par_1_23' title="bbox 1955 873 3516 949">
     <span class='ocr_line' id='line_1_23' title="bbox 1955 873 3516 949; baseline -0.001 -17"><span class='ocrx_word' id='word_1_154' title='bbox 1955 881 2020 932; x_wconf 94' lang='lat' dir='ltr'><strong>de</strong></span> <span class='ocrx_word' id='word_1_155' title='bbox 2051 895 2159 949; x_wconf 90' lang='lat' dir='ltr'><strong>quo</strong></span> <span class='ocrx_word' id='word_1_156' title='bbox 2200 877 2309 946; x_wconf 89' lang='lat' dir='ltr'><strong>jam</strong></span> <span class='ocrx_word' id='word_1_157' title='bbox 2345 875 2610 937; x_wconf 76' lang='lat' dir='ltr'><strong>diximus,</strong></span> <span class='ocrx_word' id='word_1_158' title='bbox 2648 874 3006 930; x_wconf 88' lang='lat' dir='ltr'><strong>conturbatus</strong></span> <span class='ocrx_word' id='word_1_159' title='bbox 3050 890 3260 942; x_wconf 91' lang='lat' dir='ltr'><strong>essem,</strong></span> <span class='ocrx_word' id='word_1_160' title='bbox 3297 873 3516 930; x_wconf 72' lang='lat' dir='ltr'><strong>medela:</strong></span> 
     </span>
    </p>
   </div>
   <div class='ocr_carea' id='block_1_24' title="bbox 1953 965 3515 1041">
    <p class='ocr_par' dir='ltr' id='par_1_24' title="bbox 1953 965 3515 1041">
     <span class='ocr_line' id='line_1_24' title="bbox 1953 965 3515 1041; baseline -0.003 -15"><span class='ocrx_word' id='word_1_161' title='bbox 1953 988 2039 1026; x_wconf 90' lang='lat' dir='ltr'><strong>me</strong></span> <span class='ocrx_word' id='word_1_162' title='bbox 2095 980 2256 1041; x_wconf 90' lang='lat' dir='ltr'><strong>atque</strong></span> <span class='ocrx_word' id='word_1_163' title='bbox 2309 966 2586 1022; x_wconf 90' lang='lat' dir='ltr'><strong>curationi</strong></span> <span class='ocrx_word' id='word_1_164' title='bbox 2644 965 2884 1034; x_wconf 77' lang='lat' dir='ltr'><strong>tradidi;</strong></span> <span class='ocrx_word' id='word_1_165' title='bbox 2940 965 3148 1030; x_wconf 90' lang='lat' dir='ltr'><strong>dolori,</strong></span> <span class='ocrx_word' id='word_1_166' title='bbox 3203 967 3515 1036; x_wconf 76' lang='lat' dir='ltr'><strong>gemitibus,</strong></span> 
     </span>
    </p>
   </div>
   <div class='ocr_carea' id='block_1_25' title="bbox 1951 1058 3519 1132">
    <p class='ocr_par' dir='ltr' id='par_1_25' title="bbox 1951 1058 3519 1132">
     <span class='ocr_line' id='line_1_25' title="bbox 1951 1058 3519 1132; baseline -0.004 -15"><span class='ocrx_word' id='word_1_167' title='bbox 1951 1062 2179 1132; x_wconf 80' lang='lat' dir='ltr'><strong>egestati</strong></span> <span class='ocrx_word' id='word_1_168' title='bbox 2209 1061 2373 1115; x_wconf 88' lang='lat' dir='ltr'><strong>vitam</strong></span> <span class='ocrx_word' id='word_1_169' title='bbox 2422 1058 2605 1114; x_wconf 77' lang='lat' dir='ltr'><strong>addixi</strong></span> <span class='ocrx_word' id='word_1_170' title='bbox 2665 1072 2868 1121; x_wconf 83' lang='lat' dir='ltr'><strong>meam,</strong></span> <span class='ocrx_word' id='word_1_171' title='bbox 2901 1072 3002 1112; x_wconf 90' lang='lat' dir='ltr'><strong>ceu</strong></span> <span class='ocrx_word' id='word_1_172' title='bbox 3046 1058 3279 1128; x_wconf 87' lang='lat' dir='ltr'><strong>quadam</strong></span> <span class='ocrx_word' id='word_1_173' title='bbox 3325 1059 3519 1113; x_wconf 83' lang='lat' dir='ltr'><strong>circui-</strong></span> 
     </span>
    </p>
   </div>
   <div class='ocr_carea' id='block_1_26' title="bbox 1955 1149 3518 1220">
    <p class='ocr_par' dir='ltr' id='par_1_26' title="bbox 1955 1149 3518 1220">
     <span class='ocr_line' id='line_1_26' title="bbox 1955 1149 3518 1220; baseline -0.002 -12"><span class='ocrx_word' id='word_1_174' title='bbox 1955 1156 2102 1209; x_wconf 86' lang='lat' dir='ltr'><strong>tione</strong></span> <span class='ocrx_word' id='word_1_175' title='bbox 2140 1169 2272 1208; x_wconf 91' lang='lat' dir='ltr'><strong>usus</strong></span> <span class='ocrx_word' id='word_1_176' title='bbox 2305 1153 2371 1206; x_wconf 87' lang='lat' dir='ltr'><strong>ad</strong></span> <span class='ocrx_word' id='word_1_177' title='bbox 2407 1152 2638 1206; x_wconf 83' lang='lat' dir='ltr'><strong>salutem</strong></span> <span class='ocrx_word' id='word_1_178' title='bbox 2675 1149 3124 1220; x_wconf 83' lang='lat' dir='ltr'><strong>recuperandam.</strong></span> <span class='ocrx_word' id='word_1_179' title='bbox 3154 1149 3262 1205; x_wconf 90' lang='lat' dir='ltr'><strong>Pro</strong></span> <span class='ocrx_word' id='word_1_180' title='bbox 3295 1151 3388 1204; x_wconf 93' lang='lat' dir='ltr'><strong>illo</strong></span> <span class='ocrx_word' id='word_1_181' title='bbox 3421 1166 3518 1205; x_wconf 88' lang='lat' dir='ltr'><strong>au-</strong></span> 
     </span>
    </p>
   </div>
   <div class='ocr_carea' id='block_1_27' title="bbox 1949 1243 3516 1312">
    <p class='ocr_par' dir='ltr' id='par_1_27' title="bbox 1949 1243 3516 1312">
     <span class='ocr_line' id='line_1_27' title="bbox 1949 1243 3516 1312; baseline -0.003 -12"><span class='ocrx_word' id='word_1_182' title='bbox 1949 1255 2078 1306; x_wconf 89' lang='lat' dir='ltr'><strong>tem,</strong></span> <span class='ocrx_word' id='word_1_183' title='bbox 2141 1243 2205 1298; x_wconf 79' lang='lat' dir='ltr'><strong><em>In</em></strong></span> <span class='ocrx_word' id='word_1_184' title='bbox 2243 1251 2548 1312; x_wconf 84' lang='lat' dir='ltr'><strong>paupertate</strong></span> <span class='ocrx_word' id='word_1_185' title='bbox 2590 1243 2754 1296; x_wconf 80' lang='lat' dir='ltr'><strong>virtus</strong></span> <span class='ocrx_word' id='word_1_186' title='bbox 2799 1259 2935 1308; x_wconf 89' lang='lat' dir='ltr'><strong>mea,</strong></span> <span class='ocrx_word' id='word_1_187' title='bbox 2978 1251 3028 1296; x_wconf 90' lang='lat' dir='ltr'><strong>et</strong></span> <span class='ocrx_word' id='word_1_188' title='bbox 3080 1258 3201 1296; x_wconf 86' lang='lat' dir='ltr'><strong>ossa</strong></span> <span class='ocrx_word' id='word_1_189' title='bbox 3237 1259 3351 1296; x_wconf 86' lang='lat' dir='ltr'><strong>mea</strong></span> <span class='ocrx_word' id='word_1_190' title='bbox 3391 1257 3516 1296; x_wconf 66' lang='lat' dir='ltr'><strong>corc-</strong></span> 
     </span>
    </p>
   </div>
   <div class='ocr_carea' id='block_1_28' title="bbox 1953 1332 3516 1404">
    <p class='ocr_par' dir='ltr' id='par_1_28' title="bbox 1953 1332 3516 1404">
     <span class='ocr_line' id='line_1_28' title="bbox 1953 1332 3516 1404; baseline -0.001 -15"><span class='ocrx_word' id='word_1_191' title='bbox 1953 1336 2170 1390; x_wconf 89' lang='lat' dir='ltr'><strong>turbata</strong></span> <span class='ocrx_word' id='word_1_192' title='bbox 2220 1345 2373 1398; x_wconf 84' lang='lat' dir='ltr'><strong>sunt,</strong></span> <span class='ocrx_word' id='word_1_193' title='bbox 2422 1335 2664 1402; x_wconf 77' lang='lat' dir='ltr'><strong>apertius</strong></span> <span class='ocrx_word' id='word_1_194' title='bbox 2716 1332 3074 1404; x_wconf 86' lang='lat' dir='ltr'><strong>Symmachus</strong></span> <span class='ocrx_word' id='word_1_195' title='bbox 3127 1335 3516 1403; x_wconf 85' lang='lat' dir='ltr'><strong>interpretatus</strong></span> 
     </span>
    </p>
   </div>
   <div class='ocr_carea' id='block_1_29' title="bbox 1948 1422 3516 1493">
    <p class='ocr_par' dir='ltr' id='par_1_29' title="bbox 1948 1422 3516 1493">
     <span class='ocr_line' id='line_1_29' title="bbox 1948 1422 3516 1493; baseline -0.003 -11"><span class='ocrx_word' id='word_1_196' title='bbox 1948 1434 2032 1482; x_wconf 89' lang='lat' dir='ltr'><strong>est</strong></span> <span class='ocrx_word' id='word_1_197' title='bbox 2074 1427 2158 1481; x_wconf 88' lang='lat' dir='ltr'><strong>his</strong></span> <span class='ocrx_word' id='word_1_198' title='bbox 2207 1424 2387 1479; x_wconf 88' lang='lat' dir='ltr'><strong>verbis</strong></span> <span class='ocrx_word' id='word_1_199' title='bbox 2412 1465 2426 1489; x_wconf 96' lang='lat'><strong>,</strong></span> <span class='ocrx_word' id='word_1_200' title='bbox 2467 1422 2685 1490; x_wconf 84' lang='lat' dir='ltr'><strong>Propter</strong></span> <span class='ocrx_word' id='word_1_201' title='bbox 2741 1422 3069 1493; x_wconf 79' lang='lat' dir='ltr'><strong>aﬂlictionem</strong></span> <span class='ocrx_word' id='word_1_202' title='bbox 3112 1439 3312 1486; x_wconf 87' lang='lat' dir='ltr'><strong>meam,</strong></span> <span class='ocrx_word' id='word_1_203' title='bbox 3348 1424 3516 1478; x_wconf 82' lang='lat' dir='ltr'><strong>virtus</strong></span> 
     </span>
    </p>
   </div>
   <div class='ocr_carea' id='block_1_30' title="bbox 1949 1511 3514 1580">
    <p class='ocr_par' dir='ltr' id='par_1_30' title="bbox 1949 1511 3514 1580">
     <span class='ocr_line' id='line_1_30' title="bbox 1949 1511 3514 1580; baseline -0.004 -8"><span class='ocrx_word' id='word_1_204' title='bbox 1949 1534 2065 1572; x_wconf 87' lang='lat' dir='ltr'><strong>mea</strong></span> <span class='ocrx_word' id='word_1_205' title='bbox 2112 1525 2161 1570; x_wconf 87' lang='lat' dir='ltr'><strong>et</strong></span> <span class='ocrx_word' id='word_1_206' title='bbox 2206 1533 2326 1569; x_wconf 88' lang='lat' dir='ltr'><strong>ossa</strong></span> <span class='ocrx_word' id='word_1_207' title='bbox 2370 1531 2485 1567; x_wconf 91' lang='lat' dir='ltr'><strong>mea</strong></span> <span class='ocrx_word' id='word_1_208' title='bbox 2531 1521 2865 1580; x_wconf 86' lang='lat' dir='ltr'><strong>putruerunt.</strong></span> <span class='ocrx_word' id='word_1_209' title='bbox 2916 1511 2994 1567; x_wconf 88' lang='lat' dir='ltr'><strong>lta</strong></span> <span class='ocrx_word' id='word_1_210' title='bbox 3030 1529 3114 1567; x_wconf 90' lang='lat' dir='ltr'><strong>me</strong></span> <span class='ocrx_word' id='word_1_211' title='bbox 3149 1512 3514 1578; x_wconf 89' lang='lat' dir='ltr'><strong>maeerabam,</strong></span> 
     </span>
    </p>
   </div>
   <div class='ocr_carea' id='block_1_31' title="bbox 1948 1604 3518 1678">
    <p class='ocr_par' dir='ltr' id='par_1_31' title="bbox 1948 1604 3518 1678">
     <span class='ocr_line' id='line_1_31' title="bbox 1948 1604 3518 1678; baseline -0.004 -14"><span class='ocrx_word' id='word_1_212' title='bbox 1948 1609 2147 1678; x_wconf 83' lang='lat' dir='ltr'><strong>inquit,</strong></span> <span class='ocrx_word' id='word_1_213' title='bbox 2176 1614 2236 1661; x_wconf 92' lang='lat' dir='ltr'><strong>ut</strong></span> <span class='ocrx_word' id='word_1_214' title='bbox 2265 1618 2485 1676; x_wconf 88' lang='lat' dir='ltr'><strong>propter</strong></span> <span class='ocrx_word' id='word_1_215' title='bbox 2514 1605 2819 1659; x_wconf 80' lang='lat' dir='ltr'><strong>aﬂlictionis</strong></span> <span class='ocrx_word' id='word_1_216' title='bbox 2845 1605 2953 1658; x_wconf 90' lang='lat' dir='ltr'><strong>vim</strong></span> <span class='ocrx_word' id='word_1_217' title='bbox 2974 1645 2990 1668; x_wconf 92' lang='lat'><strong>,</strong></span> <span class='ocrx_word' id='word_1_218' title='bbox 3019 1605 3195 1658; x_wconf 66' lang='lat' dir='ltr'><strong>virtus</strong></span> <span class='ocrx_word' id='word_1_219' title='bbox 3226 1621 3346 1660; x_wconf 88' lang='lat' dir='ltr'><strong>mea</strong></span> <span class='ocrx_word' id='word_1_220' title='bbox 3379 1604 3518 1660; x_wconf 88' lang='lat' dir='ltr'><strong>defi-</strong></span> 
     </span>
    </p>
   </div>
   <div class='ocr_carea' id='block_1_32' title="bbox 1947 1696 3518 1766">
    <p class='ocr_par' dir='ltr' id='par_1_32' title="bbox 1947 1696 3518 1766">
     <span class='ocr_line' id='line_1_32' title="bbox 1947 1696 3518 1766; baseline -0.004 -10"><span class='ocrx_word' id='word_1_221' title='bbox 1947 1709 2094 1756; x_wconf 83' lang='lat' dir='ltr'><strong>ceret</strong></span> <span class='ocrx_word' id='word_1_222' title='bbox 2127 1714 2190 1753; x_wconf 88' lang='lat' dir='ltr'><strong>ac</strong></span> <span class='ocrx_word' id='word_1_223' title='bbox 2220 1698 2604 1758; x_wconf 84' lang='lat' dir='ltr'><strong>iuﬁrmaretur,</strong></span> <span class='ocrx_word' id='word_1_224' title='bbox 2636 1705 2798 1766; x_wconf 91' lang='lat' dir='ltr'><strong>atque</strong></span> <span class='ocrx_word' id='word_1_225' title='bbox 2821 1696 2936 1765; x_wconf 90' lang='lat' dir='ltr'><strong>ipsa</strong></span> <span class='ocrx_word' id='word_1_226' title='bbox 2967 1700 3161 1749; x_wconf 66' lang='lat' dir='ltr'><strong>animae</strong></span> <span class='ocrx_word' id='word_1_227' title='bbox 3204 1711 3350 1762; x_wconf 87' lang='lat' dir='ltr'><strong>ossa,</strong></span> <span class='ocrx_word' id='word_1_228' title='bbox 3384 1697 3518 1766; x_wconf 78' lang='lat' dir='ltr'><strong>ipsa:</strong></span> 
     </span>
    </p>
   </div>
   <div class='ocr_carea' id='block_1_33' title="bbox 1947 1788 3518 1860">
    <p class='ocr_par' dir='ltr' id='par_1_33' title="bbox 1947 1788 3518 1860">
     <span class='ocr_line' id='line_1_33' title="bbox 1947 1788 3518 1860; baseline -0.004 -14"><span class='ocrx_word' id='word_1_229' title='bbox 1947 1792 2255 1857; x_wconf 80' lang='lat' dir='ltr'><strong>facultates,</strong></span> <span class='ocrx_word' id='word_1_230' title='bbox 2302 1789 2501 1860; x_wconf 90' lang='lat' dir='ltr'><strong>quibus</strong></span> <span class='ocrx_word' id='word_1_231' title='bbox 2535 1789 2664 1842; x_wconf 92' lang='lat' dir='ltr'><strong>olim</strong></span> <span class='ocrx_word' id='word_1_232' title='bbox 2713 1788 2944 1842; x_wconf 83' lang='lat' dir='ltr'><strong>viriliter</strong></span> <span class='ocrx_word' id='word_1_233' title='bbox 2991 1789 3246 1859; x_wconf 77' lang='lat' dir='ltr'><strong>agebam,</strong></span> <span class='ocrx_word' id='word_1_234' title='bbox 3290 1803 3518 1858; x_wconf 69' lang='lat' dir='ltr'><strong>compu~</strong></span> 
     </span>
    </p>
   </div>
   <div class='ocr_carea' id='block_1_34' title="bbox 239 1878 1837 1966">
    <p class='ocr_par' dir='ltr' id='par_1_34' title="bbox 239 1891 1837 1966">
     <span class='ocr_line' id='line_1_34' title="bbox 239 1891 1837 1966; baseline 0.003 -22"><span class='ocrx_word' id='word_1_235' title='bbox 239 1893 355 1962; x_wconf 65' lang='grc' dir='ltr'>τῆς</span> <span class='ocrx_word' id='word_1_236' title='bbox 378 1892 560 1962; x_wconf 69' lang='grc' dir='ltr'>ψυχῆς</span> <span class='ocrx_word' id='word_1_237' title='bbox 596 1910 696 1963; x_wconf 87' lang='grc' dir='ltr'><strong>μου</strong></span> <span class='ocrx_word' id='word_1_238' title='bbox 725 1895 906 1957; x_wconf 85' lang='grc' dir='ltr'><strong>ὀστέα,</strong></span> <span class='ocrx_word' id='word_1_239' title='bbox 936 1896 1028 1950; x_wconf 73' lang='grc' dir='ltr'>καὶ</span> <span class='ocrx_word' id='word_1_240' title='bbox 1049 1895 1149 1960; x_wconf 85' lang='grc' dir='ltr'><strong>τὰς</strong></span> <span class='ocrx_word' id='word_1_241' title='bbox 1176 1895 1432 1966; x_wconf 84' lang='grc' dir='ltr'>δυνάμεις</span> <span class='ocrx_word' id='word_1_242' title='bbox 1462 1897 1519 1948; x_wconf 84' lang='grc' dir='ltr'><strong>ἐν</strong></span> <span class='ocrx_word' id='word_1_243' title='bbox 1552 1891 1639 1960; x_wconf 76' lang='grc' dir='ltr'>αἷς</span> <span class='ocrx_word' id='word_1_244' title='bbox 1671 1897 1837 1950; x_wconf 82' lang='grc' dir='ltr'>πάλαι</span> 
     </span>
    </p>
   </div>
   <div class='ocr_carea' id='block_1_35' title="bbox 1941 1878 3515 1966">
    <p class='ocr_par' dir='ltr' id='par_1_35' title="bbox 1941 1878 3515 1948">
     <span class='ocr_line' id='line_1_35' title="bbox 1941 1878 3515 1948; baseline -0.006 -6"><span class='ocrx_word' id='word_1_245' title='bbox 1941 1888 2266 1948; x_wconf 87' lang='lat' dir='ltr'><strong>trescerent;</strong></span> <span class='ocrx_word' id='word_1_246' title='bbox 2320 1882 2434 1935; x_wconf 84' lang='lat' dir='ltr'><strong>sive</strong></span> <span class='ocrx_word' id='word_1_247' title='bbox 2463 1878 2765 1935; x_wconf 87' lang='lat' dir='ltr'><strong>secundum</strong></span> <span class='ocrx_word' id='word_1_248' title='bbox 2814 1879 3088 1947; x_wconf 88' lang='lat' dir='ltr'><strong>Aquilam,</strong></span> <span class='ocrx_word' id='word_1_249' title='bbox 3131 1878 3195 1930; x_wconf 76' lang='lat' dir='ltr'><strong>Et</strong></span> <span class='ocrx_word' id='word_1_250' title='bbox 3243 1896 3365 1932; x_wconf 90' lang='lat' dir='ltr'><strong>ossa</strong></span> <span class='ocrx_word' id='word_1_251' title='bbox 3399 1893 3515 1932; x_wconf 77' lang='lat' dir='ltr'><strong>mea</strong></span> 
     </span>
    </p>
   </div>
   <div class='ocr_carea' id='block_1_36' title="bbox 240 1983 1838 2058">
    <p class='ocr_par' dir='ltr' id='par_1_36' title="bbox 240 1983 1838 2058">
     <span class='ocr_line' id='line_1_36' title="bbox 240 1983 1838 2058; baseline 0.006 -24"><span class='ocrx_word' id='word_1_252' title='bbox 240 1983 592 2055; x_wconf 75' lang='grc' dir='ltr'>ἡνδριςόμην</span> <span class='ocrx_word' id='word_1_253' title='bbox 622 1987 1000 2058; x_wconf 81' lang='grc' dir='ltr'>ηὑρωτίασαν-</span> <span class='ocrx_word' id='word_1_254' title='bbox 1043 1987 1076 2058; x_wconf 85' lang='grc' dir='ltr'>ἢ</span> <span class='ocrx_word' id='word_1_255' title='bbox 1118 1987 1260 2041; x_wconf 86' lang='grc' dir='ltr'>κατὰ</span> <span class='ocrx_word' id='word_1_256' title='bbox 1306 1990 1397 2042; x_wconf 83' lang='grc' dir='ltr'>τὸν</span> <span class='ocrx_word' id='word_1_257' title='bbox 1435 1989 1690 2042; x_wconf 72' lang='grc' dir='ltr'><strong>Ἀκύλαν⁸</strong></span> <span class='ocrx_word' id='word_1_258' title='bbox 1729 1989 1838 2043; x_wconf 83' lang='grc' dir='ltr'><strong>Καὶ</strong></span> 
     </span>
    </p>
   </div>
   <div class='ocr_carea' id='block_1_37' title="bbox 241 2074 1842 2152">
    <p class='ocr_par' dir='ltr' id='par_1_37' title="bbox 241 2074 1842 2152">
     <span class='ocr_line' id='line_1_37' title="bbox 241 2074 1842 2152; baseline 0.003 -25"><span class='ocrx_word' id='word_1_259' title='bbox 241 2074 326 2127; x_wconf 78' lang='grc' dir='ltr'>τὰ</span> <span class='ocrx_word' id='word_1_260' title='bbox 351 2075 510 2129; x_wconf 79' lang='grc' dir='ltr'>ὀστᾶ</span> <span class='ocrx_word' id='word_1_261' title='bbox 533 2094 652 2145; x_wconf 79' lang='grc' dir='ltr'><strong>μου</strong></span> <span class='ocrx_word' id='word_1_262' title='bbox 683 2077 986 2147; x_wconf 80' lang='grc' dir='ltr'>ηὐχμώθη.</span> <span class='ocrx_word' id='word_1_263' title='bbox 1015 2079 1202 2134; x_wconf 78' lang='grc' dir='ltr'>Ταῦτα</span> <span class='ocrx_word' id='word_1_264' title='bbox 1223 2080 1280 2133; x_wconf 86' lang='grc' dir='ltr'><strong>δὲ</strong></span> <span class='ocrx_word' id='word_1_265' title='bbox 1311 2083 1578 2149; x_wconf 86' lang='grc' dir='ltr'>ἀναγκαῖα</span> <span class='ocrx_word' id='word_1_266' title='bbox 1610 2081 1746 2152; x_wconf 85' lang='grc' dir='ltr'>πρὸς</span> <span class='ocrx_word' id='word_1_267' title='bbox 1766 2081 1842 2133; x_wconf 84' lang='grc' dir='ltr'><strong>δι-</strong></span> 
     </span>
    </p>
   </div>
   <div class='ocr_carea' id='block_1_38' title="bbox 240 2165 1843 2244">
    <p class='ocr_par' dir='ltr' id='par_1_38' title="bbox 240 2165 1843 2244">
     <span class='ocr_line' id='line_1_38' title="bbox 240 2165 1843 2244; baseline 0.005 -26"><span class='ocrx_word' id='word_1_268' title='bbox 240 2165 552 2220; x_wconf 83' lang='grc' dir='ltr'>δασκαλίαν</span> <span class='ocrx_word' id='word_1_269' title='bbox 580 2170 675 2222; x_wconf 79' lang='grc' dir='ltr'>καὶ</span> <span class='ocrx_word' id='word_1_270' title='bbox 699 2170 1062 2240; x_wconf 74' lang='grc' dir='ltr'>ὑπογραμμὸν</span> <span class='ocrx_word' id='word_1_271' title='bbox 1089 2171 1198 2225; x_wconf 89' lang='grc' dir='ltr'><strong>τῶν</strong></span> <span class='ocrx_word' id='word_1_272' title='bbox 1226 2174 1473 2242; x_wconf 80' lang='grc' dir='ltr'><strong>ἀφέσεως</strong></span> <span class='ocrx_word' id='word_1_273' title='bbox 1504 2175 1685 2244; x_wconf 84' lang='grc' dir='ltr'>τυχεῖν</span> <span class='ocrx_word' id='word_1_274' title='bbox 1721 2174 1843 2244; x_wconf 82' lang='grc' dir='ltr'>βου-</span> 
     </span>
    </p>
   </div>
   <div class='ocr_carea' id='block_1_39' title="bbox 242 2256 1418 2334">
    <p class='ocr_par' dir='ltr' id='par_1_39' title="bbox 242 2256 1418 2334">
     <span class='ocr_line' id='line_1_39' title="bbox 242 2256 1418 2334; baseline 0.009 -25"><span class='ocrx_word' id='word_1_275' title='bbox 242 2256 501 2328; x_wconf 74' lang='grc' dir='ltr'>λομένων</span> <span class='ocrx_word' id='word_1_276' title='bbox 531 2259 638 2312; x_wconf 89' lang='grc' dir='ltr'><strong>τῶν</strong></span> <span class='ocrx_word' id='word_1_277' title='bbox 664 2260 882 2313; x_wconf 80' lang='grc' dir='ltr'>οἰκείων</span> <span class='ocrx_word' id='word_1_278' title='bbox 911 2260 1017 2332; x_wconf 90' lang='grc' dir='ltr'><strong>πλη</strong></span> <span class='ocrx_word' id='word_1_279' title='bbox 1027 2263 1205 2334; x_wconf 87' lang='grc' dir='ltr'>μμελη</span> <span class='ocrx_word' id='word_1_280' title='bbox 1215 2265 1418 2334; x_wconf 87' lang='grc' dir='ltr'>μάτων.</span> 
     </span>
    </p>
   </div>
   <div class='ocr_carea' id='block_1_40' title="bbox 318 2345 1844 2423">
    <p class='ocr_par' dir='ltr' id='par_1_40' title="bbox 318 2345 1844 2423">
     <span class='ocr_line' id='line_1_40' title="bbox 318 2345 1844 2423; baseline 0.007 -24"><span class='ocrx_word' id='word_1_281' title='bbox 318 2347 491 2414; x_wconf 81' lang='grc' dir='ltr'>Παρὰ</span> <span class='ocrx_word' id='word_1_282' title='bbox 529 2345 760 2414; x_wconf 77' lang='grc' dir='ltr'><strong>πάντας</strong></span> <span class='ocrx_word' id='word_1_283' title='bbox 785 2347 928 2414; x_wconf 86' lang='grc' dir='ltr'>τοὺς</span> <span class='ocrx_word' id='word_1_284' title='bbox 960 2349 1211 2419; x_wconf 82' lang='grc' dir='ltr'>ἐχθρούς</span> <span class='ocrx_word' id='word_1_285' title='bbox 1238 2371 1356 2421; x_wconf 87' lang='grc' dir='ltr'><strong>μου</strong></span> <span class='ocrx_word' id='word_1_286' title='bbox 1379 2354 1675 2423; x_wconf 77' lang='grc' dir='ltr'><strong>ἐγενήθην</strong></span> <span class='ocrx_word' id='word_1_287' title='bbox 1696 2355 1844 2408; x_wconf 82' lang='grc' dir='ltr'>ὀνει-</span> 
     </span>
    </p>
   </div>
   <div class='ocr_carea' id='block_1_41' title="bbox 241 2435 1844 2514">
    <p class='ocr_par' dir='ltr' id='par_1_41' title="bbox 241 2435 1844 2514">
     <span class='ocr_line' id='line_1_41' title="bbox 241 2435 1844 2514; baseline 0.005 -24"><span class='ocrx_word' id='word_1_288' title='bbox 241 2435 380 2504; x_wconf 79' lang='grc' dir='ltr'>δος,</span> <span class='ocrx_word' id='word_1_289' title='bbox 406 2438 508 2491; x_wconf 80' lang='grc' dir='ltr'>καὶ</span> <span class='ocrx_word' id='word_1_290' title='bbox 535 2439 659 2506; x_wconf 82' lang='grc' dir='ltr'>τοῖς</span> <span class='ocrx_word' id='word_1_291' title='bbox 682 2441 911 2511; x_wconf 82' lang='grc' dir='ltr'>γείτοσί</span> <span class='ocrx_word' id='word_1_292' title='bbox 937 2462 1056 2513; x_wconf 78' lang='grc' dir='ltr'><strong>μου</strong></span> <span class='ocrx_word' id='word_1_293' title='bbox 1087 2444 1347 2514; x_wconf 70' lang='grc' dir='ltr'>σφόδρα,</span> <span class='ocrx_word' id='word_1_294' title='bbox 1386 2445 1485 2499; x_wconf 77' lang='grc' dir='ltr'>καὶ</span> <span class='ocrx_word' id='word_1_295' title='bbox 1516 2448 1697 2514; x_wconf 67' lang='grc' dir='ltr'>φόϐος</span> <span class='ocrx_word' id='word_1_296' title='bbox 1720 2448 1844 2514; x_wconf 81' lang='grc' dir='ltr'>τοῖς</span> 
     </span>
    </p>
   </div>
   <div class='ocr_carea' id='block_1_42' title="bbox 240 2530 1842 2608">
    <p class='ocr_par' dir='ltr' id='par_1_42' title="bbox 240 2530 1842 2608">
     <span class='ocr_line' id='line_1_42' title="bbox 240 2530 1842 2608; baseline 0.007 -27"><span class='ocrx_word' id='word_1_297' title='bbox 240 2530 548 2598; x_wconf 70' lang='grc' dir='ltr'>γνωστοῖς</span> <span class='ocrx_word' id='word_1_298' title='bbox 581 2550 718 2600; x_wconf 85' lang='grc' dir='ltr'>μου.</span> <span class='ocrx_word' id='word_1_299' title='bbox 769 2538 833 2588; x_wconf 82' lang='grc' dir='ltr'><strong>Οἱ</strong></span> <span class='ocrx_word' id='word_1_300' title='bbox 863 2535 1220 2604; x_wconf 74' lang='grc' dir='ltr'>θεωροῦντές</span> <span class='ocrx_word' id='word_1_301' title='bbox 1241 2554 1317 2605; x_wconf 86' lang='grc' dir='ltr'><strong>με</strong></span> <span class='ocrx_word' id='word_1_302' title='bbox 1346 2537 1460 2602; x_wconf 81' lang='grc' dir='ltr'><strong>ἔξω</strong></span> <span class='ocrx_word' id='word_1_303' title='bbox 1493 2539 1720 2608; x_wconf 61' lang='grc' dir='ltr'>ἔφυγον</span> <span class='ocrx_word' id='word_1_304' title='bbox 1740 2541 1842 2593; x_wconf 81' lang='grc' dir='ltr'><strong>ἀπ’</strong></span> 
     </span>
    </p>
   </div>
   <div class='ocr_carea' id='block_1_43' title="bbox 243 2619 1848 2698">
    <p class='ocr_par' dir='ltr' id='par_1_43' title="bbox 243 2619 1848 2698">
     <span class='ocr_line' id='line_1_43' title="bbox 243 2619 1848 2698; baseline 0.006 -26"><span class='ocrx_word' id='word_1_305' title='bbox 243 2619 408 2687; x_wconf 73' lang='grc' dir='ltr'>ἐμοῦ</span> <span class='ocrx_word' id='word_1_306' title='bbox 425 2636 440 2648; x_wconf 84' lang='grc'><strong><em>⁸</em></strong></span> <span class='ocrx_word' id='word_1_307' title='bbox 473 2623 825 2692; x_wconf 75' lang='grc' dir='ltr'>ἐπελήσθην</span> <span class='ocrx_word' id='word_1_308' title='bbox 848 2625 991 2679; x_wconf 76' lang='grc' dir='ltr'>ὡσεὶ</span> <span class='ocrx_word' id='word_1_309' title='bbox 1020 2625 1236 2694; x_wconf 78' lang='grc' dir='ltr'>νεκρὸς</span> <span class='ocrx_word' id='word_1_310' title='bbox 1264 2627 1381 2681; x_wconf 79' lang='grc' dir='ltr'>ἀπὸ</span> <span class='ocrx_word' id='word_1_311' title='bbox 1421 2627 1667 2696; x_wconf 79' lang='grc' dir='ltr'>καρδίας</span> <span class='ocrx_word' id='word_1_312' title='bbox 1688 2645 1701 2658; x_wconf 83' lang='lat'><strong><em>°</em></strong></span> <span class='ocrx_word' id='word_1_313' title='bbox 1725 2629 1848 2698; x_wconf 76' lang='grc' dir='ltr'><strong>ἑτε-</strong></span> 
     </span>
    </p>
   </div>
   <div class='ocr_carea' id='block_1_44' title="bbox 241 2711 1842 2793">
    <p class='ocr_par' dir='ltr' id='par_1_44' title="bbox 241 2711 1842 2793">
     <span class='ocr_line' id='line_1_44' title="bbox 241 2711 1842 2793; baseline 0.006 -28"><span class='ocrx_word' id='word_1_314' title='bbox 241 2711 454 2781; x_wconf 74' lang='grc' dir='ltr'><strong>νήθην</strong></span> <span class='ocrx_word' id='word_1_315' title='bbox 470 2714 607 2768; x_wconf 81' lang='grc' dir='ltr'>ὡσεὶ</span> <span class='ocrx_word' id='word_1_316' title='bbox 659 2717 885 2784; x_wconf 81' lang='grc' dir='ltr'>σκεῦος</span> <span class='ocrx_word' id='word_1_317' title='bbox 911 2719 1247 2784; x_wconf 79' lang='grc' dir='ltr'>ἀπολωλός.</span> <span class='ocrx_word' id='word_1_318' title='bbox 1281 2720 1466 2774; x_wconf 78' lang='grc' dir='ltr'>Ταῦτα</span> <span class='ocrx_word' id='word_1_319' title='bbox 1498 2722 1842 2793; x_wconf 79' lang='grc' dir='ltr'>ἁναφέρομεν</span> 
     </span>
    </p>
   </div>
   <div class='ocr_carea' id='block_1_45' title="bbox 243 2803 1843 2883">
    <p class='ocr_par' dir='ltr' id='par_1_45' title="bbox 243 2803 1843 2883">
     <span class='ocr_line' id='line_1_45' title="bbox 243 2803 1843 2883; baseline 0.006 -29"><span class='ocrx_word' id='word_1_320' title='bbox 243 2803 343 2855; x_wconf 79' lang='grc' dir='ltr'><strong>ἐπὶ</strong></span> <span class='ocrx_word' id='word_1_321' title='bbox 388 2804 481 2856; x_wconf 75' lang='grc' dir='ltr'>τὸν</span> <span class='ocrx_word' id='word_1_322' title='bbox 528 2806 719 2877; x_wconf 79' lang='grc' dir='ltr'>καιρὸν</span> <span class='ocrx_word' id='word_1_323' title='bbox 748 2807 843 2860; x_wconf 78' lang='grc' dir='ltr'>τοῦ</span> <span class='ocrx_word' id='word_1_324' title='bbox 878 2807 1080 2872; x_wconf 82' lang='grc' dir='ltr'>πάθους</span> <span class='ocrx_word' id='word_1_325' title='bbox 1111 2808 1206 2862; x_wconf 76' lang='grc' dir='ltr'><strong>τοῦ</strong></span> <span class='ocrx_word' id='word_1_326' title='bbox 1239 2810 1490 2882; x_wconf 73' lang='grc' dir='ltr'>Σωτῆρος</span> <span class='ocrx_word' id='word_1_327' title='bbox 1533 2810 1708 2879; x_wconf 83' lang='grc' dir='ltr'>ἡμῶν,</span> <span class='ocrx_word' id='word_1_328' title='bbox 1743 2812 1843 2883; x_wconf 84' lang='grc' dir='ltr'><strong>ἁρ-</strong></span> 
     </span>
    </p>
   </div>
   <div class='ocr_carea' id='block_1_46' title="bbox 246 2894 1840 2974">
    <p class='ocr_par' dir='ltr' id='par_1_46' title="bbox 246 2894 1840 2974">
     <span class='ocr_line' id='line_1_46' title="bbox 246 2894 1840 2974; baseline 0.006 -28"><span class='ocrx_word' id='word_1_329' title='bbox 246 2894 405 2963; x_wconf 81' lang='grc' dir='ltr'>μόζοι</span> <span class='ocrx_word' id='word_1_330' title='bbox 435 2895 502 2948; x_wconf 82' lang='grc' dir='ltr'>ἂν</span> <span class='ocrx_word' id='word_1_331' title='bbox 535 2897 628 2950; x_wconf 85' lang='grc' dir='ltr'><strong>ὑπ’</strong></span> <span class='ocrx_word' id='word_1_332' title='bbox 658 2897 823 2951; x_wconf 80' lang='grc' dir='ltr'>αὑτοῦ</span> <span class='ocrx_word' id='word_1_333' title='bbox 849 2899 1122 2968; x_wconf 90' lang='grc' dir='ltr'>λέγεσθαι,</span> <span class='ocrx_word' id='word_1_334' title='bbox 1151 2901 1238 2953; x_wconf 85' lang='grc' dir='ltr'>ὅτε</span> <span class='ocrx_word' id='word_1_335' title='bbox 1284 2904 1331 2954; x_wconf 81' lang='grc' dir='ltr'><strong>οἰ</strong></span> <span class='ocrx_word' id='word_1_336' title='bbox 1371 2901 1554 2972; x_wconf 73' lang='grc' dir='ltr'>ἐχθροὶ</span> <span class='ocrx_word' id='word_1_337' title='bbox 1603 2903 1840 2974; x_wconf 83' lang='grc' dir='ltr'>ἀνηρτη-</span> 
     </span>
    </p>
   </div>
   <div class='ocr_carea' id='block_1_47' title="bbox 245 2985 1842 3059">
    <p class='ocr_par' dir='ltr' id='par_1_47' title="bbox 245 2985 1842 3059">
     <span class='ocr_line' id='line_1_47' title="bbox 245 2985 1842 3059; baseline 0.005 -22"><span class='ocrx_word' id='word_1_338' title='bbox 245 2985 410 3056; x_wconf 80' lang='grc' dir='ltr'>μένον</span> <span class='ocrx_word' id='word_1_339' title='bbox 456 2987 694 3059; x_wconf 86' lang='grc' dir='ltr'>όρῶντες</span> <span class='ocrx_word' id='word_1_340' title='bbox 741 2990 901 3043; x_wconf 76' lang='grc' dir='ltr'>αὑτὸν</span> <span class='ocrx_word' id='word_1_341' title='bbox 931 2989 1273 3054; x_wconf 77' lang='grc' dir='ltr'>ἐπετώθαζον</span> <span class='ocrx_word' id='word_1_342' title='bbox 1302 2991 1670 3055; x_wconf 80' lang='grc' dir='ltr'>ὀνειδίζοντες,</span> <span class='ocrx_word' id='word_1_343' title='bbox 1699 2991 1842 3045; x_wconf 81' lang='grc' dir='ltr'>κατὰ</span> 
     </span>
    </p>
   </div>
   <div class='ocr_carea' id='block_1_48' title="bbox 239 3075 1838 3149">
    <p class='ocr_par' dir='ltr' id='par_1_48' title="bbox 239 3075 1838 3149">
     <span class='ocr_line' id='line_1_48' title="bbox 239 3075 1838 3149; baseline 0.003 -20"><span class='ocrx_word' id='word_1_344' title='bbox 239 3075 314 3129; x_wconf 76' lang='grc' dir='ltr'><strong>τὰ</strong></span> <span class='ocrx_word' id='word_1_345' title='bbox 343 3078 713 3148; x_wconf 75' lang='grc' dir='ltr'>γεγραμμένα</span> <span class='ocrx_word' id='word_1_346' title='bbox 758 3081 816 3131; x_wconf 86' lang='grc' dir='ltr'><strong>ἐν</strong></span> <span class='ocrx_word' id='word_1_347' title='bbox 861 3082 970 3143; x_wconf 87' lang='grc' dir='ltr'>τοῖς</span> <span class='ocrx_word' id='word_1_348' title='bbox 1001 3081 1383 3148; x_wconf 73' lang='grc' dir='ltr'>Εὑαγγελίοιςο</span> <span class='ocrx_word' id='word_1_349' title='bbox 1419 3082 1554 3133; x_wconf 82' lang='grc' dir='ltr'>οἵτε</span> <span class='ocrx_word' id='word_1_350' title='bbox 1585 3082 1838 3149; x_wconf 77' lang='grc' dir='ltr'>γνωστοὶ,</span> 
     </span>
    </p>
   </div>
   <div class='ocr_carea' id='block_1_49' title="bbox 243 3171 1840 3246">
    <p class='ocr_par' dir='ltr' id='par_1_49' title="bbox 243 3171 1840 3246">
     <span class='ocr_line' id='line_1_49' title="bbox 243 3171 1840 3246; baseline 0.003 -21"><span class='ocrx_word' id='word_1_351' title='bbox 243 3172 338 3225; x_wconf 77' lang='grc' dir='ltr'>καὶ</span> <span class='ocrx_word' id='word_1_352' title='bbox 370 3172 423 3224; x_wconf 78' lang='grc' dir='ltr'>οἱ</span> <span class='ocrx_word' id='word_1_353' title='bbox 463 3171 728 3241; x_wconf 74' lang='grc' dir='ltr'>μαθηταὶ,</span> <span class='ocrx_word' id='word_1_354' title='bbox 748 3172 842 3225; x_wconf 72' lang='grc' dir='ltr'>καὶ</span> <span class='ocrx_word' id='word_1_355' title='bbox 869 3173 1029 3243; x_wconf 84' lang='grc' dir='ltr'>φίλοι,</span> <span class='ocrx_word' id='word_1_356' title='bbox 1054 3174 1203 3244; x_wconf 76' lang='grc' dir='ltr'>φόϐῳ</span> <span class='ocrx_word' id='word_1_357' title='bbox 1233 3175 1615 3239; x_wconf 81' lang='grc' dir='ltr'>ὑποπεσόντες,</span> <span class='ocrx_word' id='word_1_358' title='bbox 1645 3176 1840 3246; x_wconf 85' lang='grc' dir='ltr'>ἀνεχώ-</span> 
     </span>
    </p>
   </div>
   <div class='ocr_carea' id='block_1_50' title="bbox 1944 1967 3514 2038">
    <p class='ocr_par' dir='ltr' id='par_1_50' title="bbox 1944 1967 3514 2038">
     <span class='ocr_line' id='line_1_50' title="bbox 1944 1967 3514 2038; baseline -0.006 -9"><span class='ocrx_word' id='word_1_359' title='bbox 1944 1979 2288 2030; x_wconf 77' lang='lat' dir='ltr'><strong>exaruerunt.</strong></span> <span class='ocrx_word' id='word_1_360' title='bbox 2332 1970 2458 2022; x_wconf 77' lang='lat' dir='ltr'><strong>Haec</strong></span> <span class='ocrx_word' id='word_1_361' title='bbox 2495 1983 2661 2038; x_wconf 88' lang='lat' dir='ltr'><strong>porro</strong></span> <span class='ocrx_word' id='word_1_362' title='bbox 2696 1977 2825 2021; x_wconf 87' lang='lat' dir='ltr'><strong>sunt</strong></span> <span class='ocrx_word' id='word_1_363' title='bbox 2858 1967 2946 2031; x_wconf 93' lang='lat' dir='ltr'><strong>iis,</strong></span> <span class='ocrx_word' id='word_1_364' title='bbox 2981 1968 3072 2036; x_wconf 88' lang='lat' dir='ltr'><strong>qui</strong></span> <span class='ocrx_word' id='word_1_365' title='bbox 3108 1967 3373 2021; x_wconf 81' lang='lat' dir='ltr'><strong>scelerum</strong></span> <span class='ocrx_word' id='word_1_366' title='bbox 3419 1983 3514 2020; x_wconf 85' lang='lat' dir='ltr'><strong>su-</strong></span> 
     </span>
    </p>
   </div>
   <div class='ocr_carea' id='block_1_51' title="bbox 1944 2053 3513 2129">
    <p class='ocr_par' dir='ltr' id='par_1_51' title="bbox 1944 2053 3513 2129">
     <span class='ocr_line' id='line_1_51' title="bbox 1944 2053 3513 2129; baseline -0.007 -8"><span class='ocrx_word' id='word_1_367' title='bbox 1944 2081 2102 2120; x_wconf 92' lang='lat' dir='ltr'><strong>orum</strong></span> <span class='ocrx_word' id='word_1_368' title='bbox 2160 2062 2379 2116; x_wconf 87' lang='lat' dir='ltr'><strong>veniam</strong></span> <span class='ocrx_word' id='word_1_369' title='bbox 2428 2058 2699 2128; x_wconf 90' lang='lat' dir='ltr'><strong>consequi</strong></span> <span class='ocrx_word' id='word_1_370' title='bbox 2728 2065 3039 2129; x_wconf 86' lang='lat' dir='ltr'><strong>perOptant,</strong></span> <span class='ocrx_word' id='word_1_371' title='bbox 3072 2053 3136 2111; x_wconf 87' lang='lat' dir='ltr'><strong>ad</strong></span> <span class='ocrx_word' id='word_1_372' title='bbox 3169 2056 3513 2124; x_wconf 87' lang='lat' dir='ltr'><strong>disciplinam</strong></span> 
     </span>
    </p>
   </div>
   <div class='ocr_carea' id='block_1_52' title="bbox 1942 2151 2688 2225">
    <p class='ocr_par' dir='ltr' id='par_1_52' title="bbox 1942 2151 2688 2225">
     <span class='ocr_line' id='line_1_52' title="bbox 1942 2151 2688 2225; baseline -0.011 -12"><span class='ocrx_word' id='word_1_373' title='bbox 1942 2168 1995 2213; x_wconf 90' lang='lat' dir='ltr'><strong>et</strong></span> <span class='ocrx_word' id='word_1_374' title='bbox 2025 2154 2325 2225; x_wconf 64' lang='lat' dir='ltr'><strong>exemplum</strong></span> <span class='ocrx_word' id='word_1_375' title='bbox 2360 2151 2688 2207; x_wconf 88' lang='lat' dir='ltr'><strong>necessaria.</strong></span> 
     </span>
    </p>
   </div>
   <div class='ocr_carea' id='block_1_53' title="bbox 2015 2345 3510 2423">
    <p class='ocr_par' dir='ltr' id='par_1_53' title="bbox 2015 2345 3510 2423">
     <span class='ocr_line' id='line_1_53' title="bbox 2015 2345 3510 2423; baseline 0.001 -17"><span class='ocrx_word' id='word_1_376' title='bbox 2015 2345 2185 2410; x_wconf 72' lang='lat' dir='ltr'><strong>Vens.</strong></span> <span class='ocrx_word' id='word_1_377' title='bbox 2240 2350 2430 2409; x_wconf 70' lang='lat'><strong>12-”.</strong></span> <span class='ocrx_word' id='word_1_378' title='bbox 2466 2353 2638 2423; x_wconf 89' lang='lat' dir='ltr'><strong>Super</strong></span> <span class='ocrx_word' id='word_1_379' title='bbox 2671 2371 2848 2408; x_wconf 82' lang='lat' dir='ltr'><strong>ontnes</strong></span> <span class='ocrx_word' id='word_1_380' title='bbox 2915 2355 3158 2407; x_wconf 80' lang='lat' dir='ltr'><strong>inimicos</strong></span> <span class='ocrx_word' id='word_1_381' title='bbox 3223 2371 3363 2408; x_wconf 86' lang='lat' dir='ltr'><strong>meos</strong></span> <span class='ocrx_word' id='word_1_382' title='bbox 3427 2355 3510 2422; x_wconf 76' lang='lat' dir='ltr'><strong>fa-</strong></span> 
     </span>
    </p>
   </div>
   <div class='ocr_carea' id='block_1_54' title="bbox 1945 2443 3514 2514">
    <p class='ocr_par' dir='ltr' id='par_1_54' title="bbox 1945 2443 3514 2514">
     <span class='ocr_line' id='line_1_54' title="bbox 1945 2443 3514 2514; baseline 0 -16"><span class='ocrx_word' id='word_1_383' title='bbox 1945 2455 2058 2499; x_wconf 87' lang='lat' dir='ltr'><strong>ctus</strong></span> <span class='ocrx_word' id='word_1_384' title='bbox 2096 2462 2212 2498; x_wconf 89' lang='lat' dir='ltr'><strong>sum</strong></span> <span class='ocrx_word' id='word_1_385' title='bbox 2255 2444 2588 2514; x_wconf 81' lang='lat' dir='ltr'><strong>opprobrium</strong></span> <span class='ocrx_word' id='word_1_386' title='bbox 2619 2455 2666 2498; x_wconf 86' lang='lat' dir='ltr'><strong>et</strong></span> <span class='ocrx_word' id='word_1_387' title='bbox 2695 2444 2876 2497; x_wconf 74' lang='lat' dir='ltr'><strong>vicinis</strong></span> <span class='ocrx_word' id='word_1_388' title='bbox 2920 2445 3046 2497; x_wconf 81' lang='lat' dir='ltr'><strong>meis</strong></span> <span class='ocrx_word' id='word_1_389' title='bbox 3082 2443 3248 2508; x_wconf 86' lang='lat' dir='ltr'><strong>valde,</strong></span> <span class='ocrx_word' id='word_1_390' title='bbox 3275 2453 3324 2497; x_wconf 89' lang='lat' dir='ltr'><strong>et</strong></span> <span class='ocrx_word' id='word_1_391' title='bbox 3354 2443 3514 2498; x_wconf 79' lang='lat' dir='ltr'><strong>timor</strong></span> 
     </span>
    </p>
   </div>
   <div class='ocr_carea' id='block_1_55' title="bbox 1946 2535 3510 2606">
    <p class='ocr_par' dir='ltr' id='par_1_55' title="bbox 1946 2535 3510 2606">
     <span class='ocr_line' id='line_1_55' title="bbox 1946 2535 3510 2606; baseline -0.003 -13"><span class='ocrx_word' id='word_1_392' title='bbox 1946 2540 2082 2593; x_wconf 82' lang='lat' dir='ltr'><strong>notis</strong></span> <span class='ocrx_word' id='word_1_393' title='bbox 2114 2538 2261 2590; x_wconf 79' lang='lat' dir='ltr'><strong>meis.</strong></span> <span class='ocrx_word' id='word_1_394' title='bbox 2317 2537 2420 2602; x_wconf 83' lang='lat' dir='ltr'><strong>Qui</strong></span> <span class='ocrx_word' id='word_1_395' title='bbox 2461 2536 2702 2591; x_wconf 77' lang='lat' dir='ltr'><strong>ridebant</strong></span> <span class='ocrx_word' id='word_1_396' title='bbox 2735 2553 2833 2600; x_wconf 90' lang='lat' dir='ltr'><strong>me,</strong></span> <span class='ocrx_word' id='word_1_397' title='bbox 2866 2535 3012 2605; x_wconf 81' lang='lat' dir='ltr'><strong>foras</strong></span> <span class='ocrx_word' id='word_1_398' title='bbox 3046 2536 3293 2606; x_wconf 76' lang='lat' dir='ltr'><strong>fugerunt</strong></span> <span class='ocrx_word' id='word_1_399' title='bbox 3336 2552 3367 2588; x_wconf 91' lang='lat' dir='ltr'><strong>a</strong></span> <span class='ocrx_word' id='word_1_400' title='bbox 3394 2547 3510 2589; x_wconf 84' lang='lat' dir='ltr'><strong>me:</strong></span> 
     </span>
    </p>
   </div>
   <div class='ocr_carea' id='block_1_56' title="bbox 1945 2625 3512 2699">
    <p class='ocr_par' dir='ltr' id='par_1_56' title="bbox 1945 2625 3512 2699">
     <span class='ocr_line' id='line_1_56' title="bbox 1945 2625 3512 2699; baseline -0.005 -14"><span class='ocrx_word' id='word_1_401' title='bbox 1945 2632 2191 2685; x_wconf 78' lang='lat' dir='ltr'><strong>oblivioni</strong></span> <span class='ocrx_word' id='word_1_402' title='bbox 2231 2631 2388 2683; x_wconf 79' lang='lat' dir='ltr'><strong>datus</strong></span> <span class='ocrx_word' id='word_1_403' title='bbox 2421 2646 2538 2683; x_wconf 88' lang='lat' dir='ltr'><strong>sum</strong></span> <span class='ocrx_word' id='word_1_404' title='bbox 2573 2637 2823 2699; x_wconf 85' lang='lat' dir='ltr'><strong>tanquam</strong></span> <span class='ocrx_word' id='word_1_405' title='bbox 2851 2637 3087 2682; x_wconf 84' lang='lat' dir='ltr'><strong>mortuus</strong></span> <span class='ocrx_word' id='word_1_406' title='bbox 3132 2644 3163 2680; x_wconf 89' lang='lat' dir='ltr'><strong>a</strong></span> <span class='ocrx_word' id='word_1_407' title='bbox 3192 2626 3364 2682; x_wconf 86' lang='lat' dir='ltr'><strong>corde.</strong></span> <span class='ocrx_word' id='word_1_408' title='bbox 3397 2625 3512 2680; x_wconf 66' lang='lat' dir='ltr'><strong>Fa—</strong></span> 
     </span>
    </p>
   </div>
   <div class='ocr_carea' id='block_1_57' title="bbox 1944 2718 3511 2791">
    <p class='ocr_par' dir='ltr' id='par_1_57' title="bbox 1944 2718 3511 2791">
     <span class='ocr_line' id='line_1_57' title="bbox 1944 2718 3511 2791; baseline -0.002 -14"><span class='ocrx_word' id='word_1_409' title='bbox 1944 2734 2058 2777; x_wconf 87' lang='lat' dir='ltr'><strong>ctus</strong></span> <span class='ocrx_word' id='word_1_410' title='bbox 2102 2739 2219 2776; x_wconf 88' lang='lat' dir='ltr'><strong>sum</strong></span> <span class='ocrx_word' id='word_1_411' title='bbox 2263 2733 2512 2791; x_wconf 87' lang='lat' dir='ltr'><strong>tanquam</strong></span> <span class='ocrx_word' id='word_1_412' title='bbox 2556 2738 2646 2774; x_wconf 84' lang='lat' dir='ltr'><strong>vas</strong></span> <span class='ocrx_word' id='word_1_413' title='bbox 2691 2721 2974 2788; x_wconf 83' lang='lat' dir='ltr'><strong>perditum.</strong></span> <span class='ocrx_word' id='word_1_414' title='bbox 3025 2718 3149 2773; x_wconf 69' lang='lat' dir='ltr'><strong>Haec</strong></span> <span class='ocrx_word' id='word_1_415' title='bbox 3190 2718 3258 2774; x_wconf 86' lang='lat' dir='ltr'><strong>ad</strong></span> <span class='ocrx_word' id='word_1_416' title='bbox 3295 2726 3511 2789; x_wconf 82' lang='lat' dir='ltr'><strong>tempus</strong></span> 
     </span>
    </p>
   </div>
   <div class='ocr_carea' id='block_1_58' title="bbox 1943 2812 3510 2886">
    <p class='ocr_par' dir='ltr' id='par_1_58' title="bbox 1943 2812 3510 2886">
     <span class='ocr_line' id='line_1_58' title="bbox 1943 2812 3510 2886; baseline -0.003 -17"><span class='ocrx_word' id='word_1_417' title='bbox 1943 2817 2215 2886; x_wconf 88' lang='lat' dir='ltr'><strong>passionis</strong></span> <span class='ocrx_word' id='word_1_418' title='bbox 2251 2814 2551 2868; x_wconf 80' lang='lat' dir='ltr'><strong>Salvatoris</strong></span> <span class='ocrx_word' id='word_1_419' title='bbox 2583 2814 2756 2868; x_wconf 88' lang='lat' dir='ltr'><strong>nostri</strong></span> <span class='ocrx_word' id='word_1_420' title='bbox 2800 2812 3106 2873; x_wconf 89' lang='lat' dir='ltr'><strong>referimus,</strong></span> <span class='ocrx_word' id='word_1_421' title='bbox 3143 2827 3262 2881; x_wconf 67' lang='lat' dir='ltr'><strong>qua:</strong></span> <span class='ocrx_word' id='word_1_422' title='bbox 3289 2812 3358 2866; x_wconf 86' lang='lat' dir='ltr'><strong>ab</strong></span> <span class='ocrx_word' id='word_1_423' title='bbox 3390 2814 3510 2882; x_wconf 87' lang='lat' dir='ltr'><strong>ipso</strong></span> 
     </span>
    </p>
   </div>
   <div class='ocr_carea' id='block_1_59' title="bbox 1944 2899 3509 2974">
    <p class='ocr_par' dir='ltr' id='par_1_59' title="bbox 1944 2899 3509 2974">
     <span class='ocr_line' id='line_1_59' title="bbox 1944 2899 3509 2974; baseline -0.004 -14"><span class='ocrx_word' id='word_1_424' title='bbox 1944 2913 2309 2974; x_wconf 83' lang='lat' dir='ltr'><strong>congruenter</strong></span> <span class='ocrx_word' id='word_1_425' title='bbox 2335 2903 2481 2956; x_wconf 91' lang='lat' dir='ltr'><strong>dicta</strong></span> <span class='ocrx_word' id='word_1_426' title='bbox 2529 2901 2750 2964; x_wconf 85' lang='lat' dir='ltr'><strong>fuerint,</strong></span> <span class='ocrx_word' id='word_1_427' title='bbox 2783 2899 3001 2970; x_wconf 91' lang='lat' dir='ltr'><strong>quando</strong></span> <span class='ocrx_word' id='word_1_428' title='bbox 3031 2900 3236 2954; x_wconf 89' lang='lat' dir='ltr'><strong>inimici</strong></span> <span class='ocrx_word' id='word_1_429' title='bbox 3277 2913 3509 2969; x_wconf 86' lang='lat' dir='ltr'><strong>suspen-</strong></span> 
     </span>
    </p>
   </div>
   <div class='ocr_carea' id='block_1_60' title="bbox 1944 2990 3510 3062">
    <p class='ocr_par' dir='ltr' id='par_1_60' title="bbox 1944 2990 3510 3062">
     <span class='ocr_line' id='line_1_60' title="bbox 1944 2990 3510 3062; baseline -0.005 -9"><span class='ocrx_word' id='word_1_430' title='bbox 1944 3014 2064 3053; x_wconf 90' lang='lat' dir='ltr'><strong>sum</strong></span> <span class='ocrx_word' id='word_1_431' title='bbox 2097 2995 2342 3051; x_wconf 87' lang='lat' dir='ltr'><strong>videntes</strong></span> <span class='ocrx_word' id='word_1_432' title='bbox 2376 2994 2676 3049; x_wconf 87' lang='lat' dir='ltr'><strong>irridebant</strong></span> <span class='ocrx_word' id='word_1_433' title='bbox 2705 3009 2850 3058; x_wconf 91' lang='lat' dir='ltr'><strong>eum,</strong></span> <span class='ocrx_word' id='word_1_434' title='bbox 2886 2991 3194 3062; x_wconf 89' lang='lat' dir='ltr'><strong>opprobriis</strong></span> <span class='ocrx_word' id='word_1_435' title='bbox 3228 2990 3510 3046; x_wconf 66' lang='lat' dir='ltr'><strong>incesseno</strong></span> 
     </span>
    </p>
   </div>
   <div class='ocr_carea' id='block_1_61' title="bbox 1943 3082 3506 3157">
    <p class='ocr_par' dir='ltr' id='par_1_61' title="bbox 1943 3082 3506 3157">
     <span class='ocr_line' id='line_1_61' title="bbox 1943 3082 3506 3157; baseline -0.004 -14"><span class='ocrx_word' id='word_1_436' title='bbox 1943 3098 2056 3153; x_wconf 91' lang='lat' dir='ltr'><strong>tes,</strong></span> <span class='ocrx_word' id='word_1_437' title='bbox 2103 3096 2162 3142; x_wconf 92' lang='lat' dir='ltr'><strong>ut</strong></span> <span class='ocrx_word' id='word_1_438' title='bbox 2203 3089 2258 3141; x_wconf 89' lang='lat' dir='ltr'><strong>in</strong></span> <span class='ocrx_word' id='word_1_439' title='bbox 2286 3087 2595 3157; x_wconf 82' lang='lat' dir='ltr'><strong>Evangeliis</strong></span> <span class='ocrx_word' id='word_1_440' title='bbox 2643 3086 2904 3154; x_wconf 90' lang='lat' dir='ltr'><strong>scriptum</strong></span> <span class='ocrx_word' id='word_1_441' title='bbox 2947 3091 3030 3139; x_wconf 89' lang='lat' dir='ltr'><strong>est</strong></span> <span class='ocrx_word' id='word_1_442' title='bbox 3067 3101 3078 3136; x_wconf 95' lang='lat'>:</span> <span class='ocrx_word' id='word_1_443' title='bbox 3124 3099 3188 3138; x_wconf 86' lang='lat' dir='ltr'><strong>ac</strong></span> <span class='ocrx_word' id='word_1_444' title='bbox 3217 3082 3331 3136; x_wconf 88' lang='lat' dir='ltr'><strong>noti</strong></span> <span class='ocrx_word' id='word_1_445' title='bbox 3364 3082 3506 3150; x_wconf 85' lang='lat' dir='ltr'><strong>ejus.</strong></span> 
     </span>
    </p>
   </div>
   <div class='ocr_carea' id='block_1_62' title="bbox 1945 3175 3510 3252">
    <p class='ocr_par' dir='ltr' id='par_1_62' title="bbox 1945 3175 3510 3252">
     <span class='ocr_line' id='line_1_62' title="bbox 1945 3175 3510 3252; baseline -0.005 -15"><span class='ocrx_word' id='word_1_446' title='bbox 1945 3181 2196 3252; x_wconf 88' lang='lat' dir='ltr'><strong>discipuli</strong></span> <span class='ocrx_word' id='word_1_447' title='bbox 2230 3191 2283 3235; x_wconf 90' lang='lat' dir='ltr'><strong>et</strong></span> <span class='ocrx_word' id='word_1_448' title='bbox 2314 3179 2496 3246; x_wconf 89' lang='lat' dir='ltr'><strong>amici,</strong></span> <span class='ocrx_word' id='word_1_449' title='bbox 2528 3185 2672 3233; x_wconf 90' lang='lat' dir='ltr'><strong>metu</strong></span> <span class='ocrx_word' id='word_1_450' title='bbox 2722 3177 2960 3245; x_wconf 89' lang='lat' dir='ltr'><strong>correpti</strong></span> <span class='ocrx_word' id='word_1_451' title='bbox 3006 3175 3353 3239; x_wconf 83' lang='lat' dir='ltr'><strong>recedebant,</strong></span> <span class='ocrx_word' id='word_1_452' title='bbox 3386 3175 3510 3244; x_wconf 83' lang='lat' dir='ltr'><strong>ipso</strong></span> 
     </span>
    </p>
   </div>
   <div class='ocr_carea' id='block_1_63' title="bbox 244 3257 1837 3341">
    <p class='ocr_par' dir='ltr' id='par_1_63' title="bbox 244 3262 1834 3340">
     <span class='ocr_line' id='line_1_63' title="bbox 244 3262 1834 3340; baseline 0.004 -26"><span class='ocrx_word' id='word_1_453' title='bbox 244 3279 374 3333; x_wconf 87' lang='grc' dir='ltr'>ρουν</span> <span class='ocrx_word' id='word_1_454' title='bbox 424 3262 848 3326; x_wconf 82' lang='grc' dir='ltr'>καταλείποντες</span> <span class='ocrx_word' id='word_1_455' title='bbox 885 3264 1043 3317; x_wconf 89' lang='grc' dir='ltr'>αὑτόν</span> <span class='ocrx_word' id='word_1_456' title='bbox 1065 3283 1078 3296; x_wconf 87' lang='grc'><strong>·</strong></span> <span class='ocrx_word' id='word_1_457' title='bbox 1116 3265 1204 3318; x_wconf 85' lang='grc' dir='ltr'>ὅτε</span> <span class='ocrx_word' id='word_1_458' title='bbox 1237 3267 1330 3319; x_wconf 77' lang='grc' dir='ltr'>καὶ</span> <span class='ocrx_word' id='word_1_459' title='bbox 1379 3268 1406 3318; x_wconf 87' lang='grc' dir='ltr'>ὁ</span> <span class='ocrx_word' id='word_1_460' title='bbox 1448 3269 1834 3340; x_wconf 80' lang='grc' dir='ltr'>πρωτοστάτης</span> 
     </span>
    </p>
   </div>
   <div class='ocr_carea' id='block_1_64' title="bbox 1941 3257 3508 3341">
    <p class='ocr_par' dir='ltr' id='par_1_64' title="bbox 1941 3264 3508 3341">
     <span class='ocr_line' id='line_1_64' title="bbox 1941 3264 3508 3341; baseline -0.006 -13"><span class='ocrx_word' id='word_1_461' title='bbox 1941 3275 2162 3339; x_wconf 88' lang='lat' dir='ltr'><strong>relicto;</strong></span> <span class='ocrx_word' id='word_1_462' title='bbox 2210 3271 2430 3341; x_wconf 89' lang='lat' dir='ltr'><strong>quando</strong></span> <span class='ocrx_word' id='word_1_463' title='bbox 2491 3271 2538 3325; x_wconf 88' lang='lat' dir='ltr'><strong>is</strong></span> <span class='ocrx_word' id='word_1_464' title='bbox 2591 3269 2685 3339; x_wconf 89' lang='lat' dir='ltr'><strong>qui</strong></span> <span class='ocrx_word' id='word_1_465' title='bbox 2737 3267 3131 3336; x_wconf 88' lang='lat' dir='ltr'><strong>discipulorum</strong></span> <span class='ocrx_word' id='word_1_466' title='bbox 3177 3265 3296 3334; x_wconf 87' lang='lat' dir='ltr'><strong>ejus</strong></span> <span class='ocrx_word' id='word_1_467' title='bbox 3341 3264 3508 3319; x_wconf 90' lang='lat' dir='ltr'><strong>choro</strong></span> 
     </span>
    </p>
   </div>
   <div class='ocr_carea' id='block_1_65' title="bbox 240 3354 1829 3432">
    <p class='ocr_par' dir='ltr' id='par_1_65' title="bbox 240 3354 1829 3432">
     <span class='ocr_line' id='line_1_65' title="bbox 240 3354 1829 3432; baseline 0.005 -26"><span class='ocrx_word' id='word_1_468' title='bbox 240 3354 335 3407; x_wconf 78' lang='grc' dir='ltr'>τοῦ</span> <span class='ocrx_word' id='word_1_469' title='bbox 367 3355 540 3426; x_wconf 81' lang='grc' dir='ltr'>χοροῦ</span> <span class='ocrx_word' id='word_1_470' title='bbox 577 3355 686 3409; x_wconf 89' lang='grc' dir='ltr'><strong>τῶν</strong></span> <span class='ocrx_word' id='word_1_471' title='bbox 719 3356 884 3423; x_wconf 64' lang='grc' dir='ltr'>αὑτοῦ</span> <span class='ocrx_word' id='word_1_472' title='bbox 911 3357 1165 3429; x_wconf 79' lang='grc' dir='ltr'>μαθητῶν</span> <span class='ocrx_word' id='word_1_473' title='bbox 1190 3360 1419 3430; x_wconf 75' lang='grc' dir='ltr'>ἤρνηται</span> <span class='ocrx_word' id='word_1_474' title='bbox 1445 3360 1605 3413; x_wconf 78' lang='grc' dir='ltr'>αὑτὸν</span> <span class='ocrx_word' id='word_1_475' title='bbox 1631 3361 1829 3432; x_wconf 89' lang='grc' dir='ltr'>τρίτον.</span> 
     </span>
    </p>
   </div>
   <div class='ocr_carea' id='block_1_66' title="bbox 241 3447 1835 3524">
    <p class='ocr_par' dir='ltr' id='par_1_66' title="bbox 241 3447 1835 3524">
     <span class='ocr_line' id='line_1_66' title="bbox 241 3447 1835 3524; baseline 0.006 -25"><span class='ocrx_word' id='word_1_476' title='bbox 241 3447 379 3500; x_wconf 78' lang='grc' dir='ltr'>Τότε</span> <span class='ocrx_word' id='word_1_477' title='bbox 409 3448 470 3500; x_wconf 81' lang='grc' dir='ltr'><strong>δὲ</strong></span> <span class='ocrx_word' id='word_1_478' title='bbox 492 3449 588 3501; x_wconf 74' lang='grc' dir='ltr'>καὶ</span> <span class='ocrx_word' id='word_1_479' title='bbox 613 3449 895 3520; x_wconf 83' lang='grc' dir='ltr'>ἀπελήσθη</span> <span class='ocrx_word' id='word_1_480' title='bbox 917 3450 1049 3502; x_wconf 76' lang='grc' dir='ltr'>ὡσεὶ</span> <span class='ocrx_word' id='word_1_481' title='bbox 1076 3452 1267 3523; x_wconf 81' lang='grc' dir='ltr'>νεκρὸς</span> <span class='ocrx_word' id='word_1_482' title='bbox 1287 3453 1395 3505; x_wconf 80' lang='grc' dir='ltr'>ἀπὸ</span> <span class='ocrx_word' id='word_1_483' title='bbox 1417 3453 1642 3524; x_wconf 86' lang='grc' dir='ltr'>καρδίας</span> <span class='ocrx_word' id='word_1_484' title='bbox 1659 3472 1672 3485; x_wconf 88' lang='grc'><strong>·</strong></span> <span class='ocrx_word' id='word_1_485' title='bbox 1699 3454 1835 3508; x_wconf 84' lang='grc' dir='ltr'><strong>ἀλλά</strong></span> 
     </span>
    </p>
   </div>
   <div class='ocr_carea' id='block_1_67' title="bbox 245 3539 1832 3616">
    <p class='ocr_par' dir='ltr' id='par_1_67' title="bbox 245 3539 1832 3616">
     <span class='ocr_line' id='line_1_67' title="bbox 245 3539 1832 3616; baseline 0.007 -27"><span class='ocrx_word' id='word_1_486' title='bbox 245 3539 338 3590; x_wconf 76' lang='grc' dir='ltr'>καὶ</span> <span class='ocrx_word' id='word_1_487' title='bbox 385 3539 651 3611; x_wconf 76' lang='grc' dir='ltr'>ἐνομίσθη</span> <span class='ocrx_word' id='word_1_488' title='bbox 697 3542 979 3609; x_wconf 82' lang='grc' dir='ltr'>γεγονέναι</span> <span class='ocrx_word' id='word_1_489' title='bbox 1009 3542 1084 3606; x_wconf 84' lang='grc' dir='ltr'>ὡς</span> <span class='ocrx_word' id='word_1_490' title='bbox 1129 3543 1322 3608; x_wconf 81' lang='grc' dir='ltr'>σκεῦος</span> <span class='ocrx_word' id='word_1_491' title='bbox 1356 3545 1650 3609; x_wconf 86' lang='grc' dir='ltr'>ἀπολωλός.</span> <span class='ocrx_word' id='word_1_492' title='bbox 1686 3546 1832 3616; x_wconf 85' lang='grc' dir='ltr'>Πλὴν</span> 
     </span>
    </p>
   </div>
   <div class='ocr_carea' id='block_1_68' title="bbox 246 3628 1830 3706">
    <p class='ocr_par' dir='ltr' id='par_1_68' title="bbox 246 3628 1830 3706">
     <span class='ocr_line' id='line_1_68' title="bbox 246 3628 1830 3706; baseline 0.005 -26"><span class='ocrx_word' id='word_1_493' title='bbox 246 3628 384 3682; x_wconf 80' lang='grc' dir='ltr'>ἀλλὰ</span> <span class='ocrx_word' id='word_1_494' title='bbox 411 3630 512 3684; x_wconf 71' lang='grc' dir='ltr'><strong>καί¹</strong></span> <span class='ocrx_word' id='word_1_495' title='bbox 546 3629 719 3684; x_wconf 83' lang='grc' dir='ltr'>ταῦτα</span> <span class='ocrx_word' id='word_1_496' title='bbox 742 3633 836 3684; x_wconf 83' lang='grc' dir='ltr'>ἐπὶ</span> <span class='ocrx_word' id='word_1_497' title='bbox 867 3633 957 3686; x_wconf 79' lang='grc' dir='ltr'>τὸν</span> <span class='ocrx_word' id='word_1_498' title='bbox 983 3635 1040 3686; x_wconf 90' lang='grc' dir='ltr'><strong>ἐν</strong></span> <span class='ocrx_word' id='word_1_499' title='bbox 1066 3632 1146 3703; x_wconf 79' lang='grc' dir='ltr'>τῷ</span> <span class='ocrx_word' id='word_1_500' title='bbox 1171 3633 1372 3705; x_wconf 74' lang='grc' dir='ltr'>ψαλμῷ</span> <span class='ocrx_word' id='word_1_501' title='bbox 1402 3634 1830 3706; x_wconf 78' lang='grc' dir='ltr'>ἐξομολογούμε-</span> 
     </span>
    </p>
   </div>
   <div class='ocr_carea' id='block_1_69' title="bbox 247 3722 1834 3800">
    <p class='ocr_par' dir='ltr' id='par_1_69' title="bbox 247 3722 1834 3800">
     <span class='ocr_line' id='line_1_69' title="bbox 247 3722 1834 3800; baseline 0.006 -27"><span class='ocrx_word' id='word_1_502' title='bbox 247 3737 336 3774; x_wconf 81' lang='grc' dir='ltr'><strong>νον</strong></span> <span class='ocrx_word' id='word_1_503' title='bbox 364 3722 753 3794; x_wconf 82' lang='grc' dir='ltr'>ἀναφερόμενα</span> <span class='ocrx_word' id='word_1_504' title='bbox 776 3725 1217 3796; x_wconf 77' lang='grc' dir='ltr'>ὑπερϐάλλουσαν</span> <span class='ocrx_word' id='word_1_505' title='bbox 1238 3727 1402 3781; x_wconf 84' lang='grc' dir='ltr'>αὑτοῦ</span> <span class='ocrx_word' id='word_1_506' title='bbox 1430 3729 1722 3800; x_wconf 81' lang='grc' dir='ltr'>παρίστησι</span> <span class='ocrx_word' id='word_1_507' title='bbox 1744 3729 1834 3782; x_wconf 85' lang='grc' dir='ltr'><strong>κά-</strong></span> 
     </span>
    </p>
   </div>
   <div class='ocr_carea' id='block_1_70' title="bbox 245 3811 1832 3888">
    <p class='ocr_par' dir='ltr' id='par_1_70' title="bbox 245 3811 1832 3888">
     <span class='ocr_line' id='line_1_70' title="bbox 245 3811 1832 3888; baseline 0.004 -24"><span class='ocrx_word' id='word_1_508' title='bbox 245 3828 438 3865; x_wconf 85' lang='grc' dir='ltr'>κωσιν.</span> <span class='ocrx_word' id='word_1_509' title='bbox 468 3811 629 3866; x_wconf 71' lang='grc' dir='ltr'>Οὕτω</span> <span class='ocrx_word' id='word_1_510' title='bbox 679 3813 788 3885; x_wconf 82' lang='grc' dir='ltr'>γὰρ</span> <span class='ocrx_word' id='word_1_511' title='bbox 813 3815 1000 3869; x_wconf 75' lang='grc' dir='ltr'>ἑαυτὸν</span> <span class='ocrx_word' id='word_1_512' title='bbox 1030 3815 1304 3886; x_wconf 82' lang='grc' dir='ltr'>ἐξέτηκεν,</span> <span class='ocrx_word' id='word_1_513' title='bbox 1334 3817 1409 3880; x_wconf 83' lang='grc' dir='ltr'>ὡς</span> <span class='ocrx_word' id='word_1_514' title='bbox 1433 3817 1700 3871; x_wconf 78' lang='grc' dir='ltr'>ἐκλείπειν</span> <span class='ocrx_word' id='word_1_515' title='bbox 1734 3819 1832 3888; x_wconf 85' lang='grc' dir='ltr'>μὲν</span> 
     </span>
    </p>
   </div>
   <div class='ocr_carea' id='block_1_71' title="bbox 244 3903 1829 3979">
    <p class='ocr_par' dir='ltr' id='par_1_71' title="bbox 244 3903 1829 3979">
     <span class='ocr_line' id='line_1_71' title="bbox 244 3903 1829 3979; baseline 0.003 -23"><span class='ocrx_word' id='word_1_516' title='bbox 244 3903 407 3957; x_wconf 75' lang='grc' dir='ltr'>αὑτοῦ</span> <span class='ocrx_word' id='word_1_517' title='bbox 465 3905 524 3955; x_wconf 88' lang='grc' dir='ltr'><strong>ἐν</strong></span> <span class='ocrx_word' id='word_1_518' title='bbox 571 3903 731 3975; x_wconf 83' lang='grc' dir='ltr'>ὀδύνῃ</span> <span class='ocrx_word' id='word_1_519' title='bbox 765 3905 862 3976; x_wconf 81' lang='grc' dir='ltr'>τὴν</span> <span class='ocrx_word' id='word_1_520' title='bbox 893 3904 1058 3977; x_wconf 80' lang='grc' dir='ltr'>ζωὴν,</span> <span class='ocrx_word' id='word_1_521' title='bbox 1091 3907 1184 3960; x_wconf 61' lang='grc' dir='ltr'><strong>καὶ⁵</strong></span> <span class='ocrx_word' id='word_1_522' title='bbox 1233 3907 1326 3979; x_wconf 80' lang='grc' dir='ltr'>ἔτη</span> <span class='ocrx_word' id='word_1_523' title='bbox 1376 3910 1435 3961; x_wconf 86' lang='grc' dir='ltr'><strong>ἐν</strong></span> <span class='ocrx_word' id='word_1_524' title='bbox 1487 3913 1829 3979; x_wconf 87' lang='grc' dir='ltr'>στεναγμοῖς,</span> 
     </span>
    </p>
   </div>
   <div class='ocr_carea' id='block_1_72' title="bbox 247 3993 1832 4070">
    <p class='ocr_par' dir='ltr' id='par_1_72' title="bbox 247 3993 1832 4070">
     <span class='ocr_line' id='line_1_72' title="bbox 247 3993 1832 4070; baseline 0.004 -24"><span class='ocrx_word' id='word_1_525' title='bbox 247 3993 545 4065; x_wconf 75' lang='grc' dir='ltr'>ἀσθενῆσαι</span> <span class='ocrx_word' id='word_1_526' title='bbox 573 3994 632 4048; x_wconf 86' lang='grc' dir='ltr'><strong>δὲ</strong></span> <span class='ocrx_word' id='word_1_527' title='bbox 662 3997 719 4048; x_wconf 85' lang='grc' dir='ltr'><strong>ἐν</strong></span> <span class='ocrx_word' id='word_1_528' title='bbox 743 3997 984 4069; x_wconf 77' lang='grc' dir='ltr'>πτωχείᾳ</span> <span class='ocrx_word' id='word_1_529' title='bbox 1011 3999 1108 4070; x_wconf 82' lang='grc' dir='ltr'>τὴν</span> <span class='ocrx_word' id='word_1_530' title='bbox 1137 4000 1310 4070; x_wconf 83' lang='grc' dir='ltr'>ἰσχὺν,</span> <span class='ocrx_word' id='word_1_531' title='bbox 1334 4002 1427 4053; x_wconf 72' lang='grc' dir='ltr'>καὶ</span> <span class='ocrx_word' id='word_1_532' title='bbox 1455 4001 1522 4053; x_wconf 72' lang='grc' dir='ltr'>τὸ</span> <span class='ocrx_word' id='word_1_533' title='bbox 1545 4002 1705 4054; x_wconf 84' lang='grc' dir='ltr'>ὀστέα</span> <span class='ocrx_word' id='word_1_534' title='bbox 1732 4002 1832 4070; x_wconf 78' lang='grc' dir='ltr'>τῆς</span> 
     </span>
    </p>
   </div>
   <div class='ocr_carea' id='block_1_73' title="bbox 246 4083 1834 4160">
    <p class='ocr_par' dir='ltr' id='par_1_73' title="bbox 246 4083 1834 4160">
     <span class='ocr_line' id='line_1_73' title="bbox 246 4083 1834 4160; baseline -0.002 -13"><span class='ocrx_word' id='word_1_535' title='bbox 246 4083 424 4156; x_wconf 72' lang='grc' dir='ltr'>ψυχῆς</span> <span class='ocrx_word' id='word_1_536' title='bbox 475 4084 643 4138; x_wconf 75' lang='grc' dir='ltr'>αὐτοῦ</span> <span class='ocrx_word' id='word_1_537' title='bbox 689 4087 1055 4160; x_wconf 81' lang='grc' dir='ltr'>ταραχθῆναι·</span> <span class='ocrx_word' id='word_1_538' title='bbox 1099 4091 1184 4160; x_wconf 81' lang='grc' dir='ltr'>ἐφ’</span> <span class='ocrx_word' id='word_1_539' title='bbox 1215 4087 1295 4154; x_wconf 79' lang='grc' dir='ltr'>οἷς</span> <span class='ocrx_word' id='word_1_540' title='bbox 1340 4092 1432 4144; x_wconf 77' lang='grc' dir='ltr'>καὶ</span> <span class='ocrx_word' id='word_1_541' title='bbox 1479 4092 1702 4160; x_wconf 77' lang='grc' dir='ltr'>ἐγελᾶτο</span> <span class='ocrx_word' id='word_1_542' title='bbox 1731 4093 1834 4145; x_wconf 82' lang='grc' dir='ltr'>ὑπὸ</span> 
     </span>
    </p>
   </div>
   <div class='ocr_carea' id='block_1_74' title="bbox 247 4177 1830 4253">
    <p class='ocr_par' dir='ltr' id='par_1_74' title="bbox 247 4177 1830 4253">
     <span class='ocr_line' id='line_1_74' title="bbox 247 4177 1830 4253; baseline 0.005 -24"><span class='ocrx_word' id='word_1_543' title='bbox 247 4177 353 4230; x_wconf 81' lang='grc' dir='ltr'><strong>τῶν</strong></span> <span class='ocrx_word' id='word_1_544' title='bbox 381 4177 618 4248; x_wconf 77' lang='grc' dir='ltr'>ἐχθρῶν,</span> <span class='ocrx_word' id='word_1_545' title='bbox 648 4178 724 4241; x_wconf 86' lang='grc' dir='ltr'>ὼς</span> <span class='ocrx_word' id='word_1_546' title='bbox 750 4181 870 4250; x_wconf 78' lang='grc' dir='ltr'>εἰκῆ</span> <span class='ocrx_word' id='word_1_547' title='bbox 903 4182 996 4235; x_wconf 78' lang='grc' dir='ltr'>καὶ</span> <span class='ocrx_word' id='word_1_548' title='bbox 1024 4183 1200 4253; x_wconf 81' lang='grc' dir='ltr'>μάτην</span> <span class='ocrx_word' id='word_1_549' title='bbox 1233 4185 1426 4237; x_wconf 80' lang='grc' dir='ltr'>ἑαυτὸν</span> <span class='ocrx_word' id='word_1_550' title='bbox 1452 4185 1830 4237; x_wconf 84' lang='grc' dir='ltr'>κατακόπτων.</span> 
     </span>
    </p>
   </div>
   <div class='ocr_carea' id='block_1_75' title="bbox 251 4265 1833 4342">
    <p class='ocr_par' dir='ltr' id='par_1_75' title="bbox 251 4265 1833 4342">
     <span class='ocr_line' id='line_1_75' title="bbox 251 4265 1833 4342; baseline 0.004 -23"><span class='ocrx_word' id='word_1_551' title='bbox 251 4267 322 4319; x_wconf 68' lang='lat' dir='ltr'><strong>UO</strong></span> <span class='ocrx_word' id='word_1_552' title='bbox 355 4266 519 4337; x_wconf 89' lang='grc' dir='ltr'>μόνον</span> <span class='ocrx_word' id='word_1_553' title='bbox 541 4265 598 4318; x_wconf 82' lang='grc' dir='ltr'><strong>δὲ</strong></span> <span class='ocrx_word' id='word_1_554' title='bbox 635 4267 784 4337; x_wconf 86' lang='grc' dir='ltr'><strong>παρά</strong></span> <span class='ocrx_word' id='word_1_555' title='bbox 810 4271 926 4332; x_wconf 90' lang='grc' dir='ltr'>τοῖς</span> <span class='ocrx_word' id='word_1_556' title='bbox 960 4268 1174 4342; x_wconf 86' lang='grc' dir='ltr'>ἐχθροῖς</span> <span class='ocrx_word' id='word_1_557' title='bbox 1209 4273 1417 4339; x_wconf 85' lang='grc' dir='ltr'>ἐγίνετο</span> <span class='ocrx_word' id='word_1_558' title='bbox 1449 4273 1667 4336; x_wconf 76' lang='grc' dir='ltr'>ὄνειδος,</span> <span class='ocrx_word' id='word_1_559' title='bbox 1698 4272 1833 4326; x_wconf 75' lang='grc' dir='ltr'>ἀλλὰ</span> 
     </span>
    </p>
   </div>
   <div class='ocr_carea' id='block_1_76' title="bbox 251 4357 1834 4432">
    <p class='ocr_par' dir='ltr' id='par_1_76' title="bbox 251 4357 1834 4432">
     <span class='ocr_line' id='line_1_76' title="bbox 251 4357 1834 4432; baseline 0.003 -21"><span class='ocrx_word' id='word_1_560' title='bbox 251 4359 342 4412; x_wconf 76' lang='grc' dir='ltr'>καὶ</span> <span class='ocrx_word' id='word_1_561' title='bbox 375 4357 537 4429; x_wconf 79' lang='grc' dir='ltr'>παρὰ</span> <span class='ocrx_word' id='word_1_562' title='bbox 560 4361 674 4420; x_wconf 88' lang='grc' dir='ltr'>τοῖς</span> <span class='ocrx_word' id='word_1_563' title='bbox 700 4359 934 4426; x_wconf 84' lang='grc' dir='ltr'>γείτοσιν</span> <span class='ocrx_word' id='word_1_564' title='bbox 963 4361 1127 4414; x_wconf 79' lang='grc' dir='ltr'>αὑτοῦ</span> <span class='ocrx_word' id='word_1_565' title='bbox 1163 4364 1275 4424; x_wconf 83' lang='grc' dir='ltr'>τοῖς</span> <span class='ocrx_word' id='word_1_566' title='bbox 1308 4361 1540 4432; x_wconf 84' lang='grc' dir='ltr'>μάλιστα</span> <span class='ocrx_word' id='word_1_567' title='bbox 1568 4363 1729 4417; x_wconf 83' lang='grc' dir='ltr'>αὑτὸν</span> <span class='ocrx_word' id='word_1_568' title='bbox 1760 4365 1834 4416; x_wconf 84' lang='grc' dir='ltr'>εἰ-</span> 
     </span>
    </p>
   </div>
   <div class='ocr_carea' id='block_1_77' title="bbox 247 4441 1832 4523">
    <p class='ocr_par' dir='ltr' id='par_1_77' title="bbox 247 4441 1832 4523">
     <span class='ocr_line' id='line_1_77' title="bbox 247 4441 1832 4523; baseline 0.001 -21"><span class='ocrx_word' id='word_1_569' title='bbox 247 4447 377 4514; x_wconf 82' lang='grc' dir='ltr'>δόσι,</span> <span class='ocrx_word' id='word_1_570' title='bbox 414 4447 509 4502; x_wconf 79' lang='grc' dir='ltr'><strong>διὰ</strong></span> <span class='ocrx_word' id='word_1_571' title='bbox 539 4448 600 4500; x_wconf 85' lang='grc' dir='ltr'>τὸ</span> <span class='ocrx_word' id='word_1_572' title='bbox 632 4446 857 4516; x_wconf 83' lang='grc' dir='ltr'>ἔγγιστα</span> <span class='ocrx_word' id='word_1_573' title='bbox 893 4451 1077 4503; x_wconf 85' lang='grc' dir='ltr'>οἰκεῖν.</span> <span class='ocrx_word' id='word_1_574' title='bbox 1128 4441 1285 4502; x_wconf 74' lang='grc' dir='ltr'>Οὗτοι</span> <span class='ocrx_word' id='word_1_575' title='bbox 1314 4450 1442 4521; x_wconf 84' lang='grc' dir='ltr'>γὰρ,</span> <span class='ocrx_word' id='word_1_576' title='bbox 1469 4451 1700 4523; x_wconf 85' lang='grc' dir='ltr'>ὁρῶντες</span> <span class='ocrx_word' id='word_1_577' title='bbox 1732 4451 1832 4504; x_wconf 81' lang='grc' dir='ltr'>αὑ-</span> 
     </span>
    </p>
   </div>
   <div class='ocr_carea' id='block_1_78' title="bbox 249 4539 1830 4615">
    <p class='ocr_par' dir='ltr' id='par_1_78' title="bbox 249 4539 1830 4615">
     <span class='ocr_line' id='line_1_78' title="bbox 249 4539 1830 4615; baseline 0.003 -24"><span class='ocrx_word' id='word_1_578' title='bbox 249 4539 334 4593; x_wconf 77' lang='grc' dir='ltr'>τὸν</span> <span class='ocrx_word' id='word_1_579' title='bbox 367 4539 784 4611; x_wconf 82' lang='grc' dir='ltr'>κατατρύχοντα</span> <span class='ocrx_word' id='word_1_580' title='bbox 810 4541 868 4594; x_wconf 90' lang='grc' dir='ltr'><strong>ἐν</strong></span> <span class='ocrx_word' id='word_1_581' title='bbox 894 4544 959 4612; x_wconf 77' lang='grc' dir='ltr'><strong>τῇ</strong></span> <span class='ocrx_word' id='word_1_582' title='bbox 989 4541 1125 4612; x_wconf 82' lang='grc' dir='ltr'>πρὸς</span> <span class='ocrx_word' id='word_1_583' title='bbox 1147 4541 1238 4594; x_wconf 85' lang='grc' dir='ltr'>τὸν</span> <span class='ocrx_word' id='word_1_584' title='bbox 1267 4541 1399 4594; x_wconf 86' lang='grc' dir='ltr'>Θεὸν</span> <span class='ocrx_word' id='word_1_585' title='bbox 1433 4542 1830 4615; x_wconf 83' lang='grc' dir='ltr'>ἐξομολογήσει,</span> 
     </span>
    </p>
   </div>
   <div class='ocr_carea' id='block_1_79' title="bbox 1933 3356 3506 3436">
    <p class='ocr_par' dir='ltr' id='par_1_79' title="bbox 1933 3356 3506 3436">
     <span class='ocr_line' id='line_1_79' title="bbox 1933 3356 3506 3436; baseline -0.006 -17"><span class='ocrx_word' id='word_1_586' title='bbox 1933 3373 2192 3436; x_wconf 62' lang='lat' dir='ltr'><strong>praeerat,</strong></span> <span class='ocrx_word' id='word_1_587' title='bbox 2230 3371 2313 3417; x_wconf 87' lang='lat' dir='ltr'><strong>ter</strong></span> <span class='ocrx_word' id='word_1_588' title='bbox 2345 3362 2523 3432; x_wconf 91' lang='lat' dir='ltr'><strong>ipsum</strong></span> <span class='ocrx_word' id='word_1_589' title='bbox 2575 3359 2812 3430; x_wconf 81' lang='lat' dir='ltr'><strong>negavit.</strong></span> <span class='ocrx_word' id='word_1_590' title='bbox 2859 3357 3014 3411; x_wconf 86' lang='lat' dir='ltr'><strong>Tunc</strong></span> <span class='ocrx_word' id='word_1_591' title='bbox 3061 3372 3194 3412; x_wconf 90' lang='lat' dir='ltr'><strong>sane</strong></span> <span class='ocrx_word' id='word_1_592' title='bbox 3240 3356 3506 3410; x_wconf 89' lang='lat' dir='ltr'><strong>oblivioni</strong></span> 
     </span>
    </p>
   </div>
   <div class='ocr_carea' id='block_1_80' title="bbox 1933 3448 3506 3526">
    <p class='ocr_par' dir='ltr' id='par_1_80' title="bbox 1933 3448 3506 3526">
     <span class='ocr_line' id='line_1_80' title="bbox 1933 3448 3506 3526; baseline -0.006 -15"><span class='ocrx_word' id='word_1_593' title='bbox 1933 3457 2094 3512; x_wconf 76' lang='lat' dir='ltr'><strong>datus</strong></span> <span class='ocrx_word' id='word_1_594' title='bbox 2127 3464 2212 3511; x_wconf 89' lang='lat' dir='ltr'><strong>est</strong></span> <span class='ocrx_word' id='word_1_595' title='bbox 2247 3465 2508 3526; x_wconf 87' lang='lat' dir='ltr'><strong>tanquam</strong></span> <span class='ocrx_word' id='word_1_596' title='bbox 2563 3461 2813 3506; x_wconf 90' lang='lat' dir='ltr'><strong>mortuus</strong></span> <span class='ocrx_word' id='word_1_597' title='bbox 2860 3465 2890 3503; x_wconf 89' lang='lat' dir='ltr'><strong>a</strong></span> <span class='ocrx_word' id='word_1_598' title='bbox 2924 3448 3127 3513; x_wconf 87' lang='lat' dir='ltr'><strong>corde;</strong></span> <span class='ocrx_word' id='word_1_599' title='bbox 3185 3450 3294 3503; x_wconf 91' lang='lat' dir='ltr'><strong>imo</strong></span> <span class='ocrx_word' id='word_1_600' title='bbox 3339 3449 3506 3502; x_wconf 90' lang='lat' dir='ltr'><strong>etiam</strong></span> 
     </span>
    </p>
   </div>
   <div class='ocr_carea' id='block_1_81' title="bbox 1931 3538 3507 3618">
    <p class='ocr_par' dir='ltr' id='par_1_81' title="bbox 1931 3538 3507 3618">
     <span class='ocr_line' id='line_1_81' title="bbox 1931 3538 3507 3618; baseline -0.006 -18"><span class='ocrx_word' id='word_1_601' title='bbox 1931 3555 2194 3618; x_wconf 88' lang='lat' dir='ltr'><strong>tanquam</strong></span> <span class='ocrx_word' id='word_1_602' title='bbox 2248 3561 2346 3600; x_wconf 87' lang='lat' dir='ltr'><strong>vas</strong></span> <span class='ocrx_word' id='word_1_603' title='bbox 2401 3542 2674 3614; x_wconf 86' lang='lat' dir='ltr'><strong>perditqu</strong></span> <span class='ocrx_word' id='word_1_604' title='bbox 2738 3547 3022 3611; x_wconf 87' lang='lat' dir='ltr'><strong>reputatus</strong></span> <span class='ocrx_word' id='word_1_605' title='bbox 3071 3546 3176 3593; x_wconf 91' lang='lat' dir='ltr'><strong>est.</strong></span> <span class='ocrx_word' id='word_1_606' title='bbox 3236 3538 3507 3592; x_wconf 71' lang='lat' dir='ltr'><strong>Caeterum</strong></span> 
     </span>
    </p>
   </div>
   <div class='ocr_carea' id='block_1_82' title="bbox 1931 3628 3505 3704">
    <p class='ocr_par' dir='ltr' id='par_1_82' title="bbox 1931 3628 3505 3704">
     <span class='ocr_line' id='line_1_82' title="bbox 1931 3628 3505 3704; baseline -0.007 -13"><span class='ocrx_word' id='word_1_607' title='bbox 1931 3637 2047 3693; x_wconf 83' lang='lat' dir='ltr'><strong>haec</strong></span> <span class='ocrx_word' id='word_1_608' title='bbox 2079 3639 2124 3693; x_wconf 91' lang='lat' dir='ltr'><strong>si</strong></span> <span class='ocrx_word' id='word_1_609' title='bbox 2158 3636 2225 3691; x_wconf 86' lang='lat' dir='ltr'><strong>ad</strong></span> <span class='ocrx_word' id='word_1_610' title='bbox 2257 3650 2382 3691; x_wconf 90' lang='lat' dir='ltr'><strong>eum</strong></span> <span class='ocrx_word' id='word_1_611' title='bbox 2407 3636 2498 3704; x_wconf 93' lang='lat' dir='ltr'><strong>qui</strong></span> <span class='ocrx_word' id='word_1_612' title='bbox 2535 3634 2587 3687; x_wconf 93' lang='lat' dir='ltr'><strong>in</strong></span> <span class='ocrx_word' id='word_1_613' title='bbox 2616 3633 2825 3704; x_wconf 89' lang='lat' dir='ltr'><strong>psalmo</strong></span> <span class='ocrx_word' id='word_1_614' title='bbox 2857 3631 3149 3685; x_wconf 85' lang='lat' dir='ltr'><strong>confitetur</strong></span> <span class='ocrx_word' id='word_1_615' title='bbox 3179 3628 3505 3694; x_wconf 89' lang='lat' dir='ltr'><strong>referantur,</strong></span> 
     </span>
    </p>
   </div>
   <div class='ocr_carea' id='block_1_83' title="bbox 1932 3720 3502 3798">
    <p class='ocr_par' dir='ltr' id='par_1_83' title="bbox 1932 3720 3502 3798">
     <span class='ocr_line' id='line_1_83' title="bbox 1932 3720 3502 3798; baseline -0.008 -14"><span class='ocrx_word' id='word_1_616' title='bbox 1932 3738 2230 3784; x_wconf 70' lang='lat' dir='ltr'><strong>extremam</strong></span> <span class='ocrx_word' id='word_1_617' title='bbox 2265 3729 2384 3798; x_wconf 87' lang='lat' dir='ltr'><strong>ejus</strong></span> <span class='ocrx_word' id='word_1_618' title='bbox 2412 3726 2690 3782; x_wconf 87' lang='lat' dir='ltr'><strong>miseriam</strong></span> <span class='ocrx_word' id='word_1_619' title='bbox 2729 3735 2782 3779; x_wconf 91' lang='lat' dir='ltr'><strong>et</strong></span> <span class='ocrx_word' id='word_1_620' title='bbox 2808 3722 3155 3777; x_wconf 82' lang='lat' dir='ltr'><strong>aﬂlictionem</strong></span> <span class='ocrx_word' id='word_1_621' title='bbox 3200 3720 3502 3775; x_wconf 87' lang='lat' dir='ltr'><strong>declarant.</strong></span> 
     </span>
    </p>
   </div>
   <div class='ocr_carea' id='block_1_84' title="bbox 1932 3811 3504 3880">
    <p class='ocr_par' dir='ltr' id='par_1_84' title="bbox 1932 3811 3504 3880">
     <span class='ocr_line' id='line_1_84' title="bbox 1932 3811 3504 3880; baseline -0.008 -4"><span class='ocrx_word' id='word_1_622' title='bbox 1932 3821 2010 3876; x_wconf 84' lang='lat' dir='ltr'><strong>ita</strong></span> <span class='ocrx_word' id='word_1_623' title='bbox 2043 3823 2186 3875; x_wconf 89' lang='lat' dir='ltr'><strong>enim</strong></span> <span class='ocrx_word' id='word_1_624' title='bbox 2223 3835 2346 3875; x_wconf 89' lang='lat' dir='ltr'><strong>sese</strong></span> <span class='ocrx_word' id='word_1_625' title='bbox 2377 3818 2692 3880; x_wconf 88' lang='lat' dir='ltr'><strong>maceravit,</strong></span> <span class='ocrx_word' id='word_1_626' title='bbox 2722 3827 2782 3870; x_wconf 90' lang='lat' dir='ltr'><strong>ut</strong></span> <span class='ocrx_word' id='word_1_627' title='bbox 2809 3814 3066 3869; x_wconf 84' lang='lat' dir='ltr'><strong>deficeret</strong></span> <span class='ocrx_word' id='word_1_628' title='bbox 3097 3814 3152 3867; x_wconf 90' lang='lat' dir='ltr'><strong>in</strong></span> <span class='ocrx_word' id='word_1_629' title='bbox 3179 3812 3366 3866; x_wconf 89' lang='lat' dir='ltr'><strong>dolore</strong></span> <span class='ocrx_word' id='word_1_630' title='bbox 3391 3811 3504 3864; x_wconf 85' lang='lat' dir='ltr'><strong>vita</strong></span> 
     </span>
    </p>
   </div>
   <div class='ocr_carea' id='block_1_85' title="bbox 1933 3901 3502 3981">
    <p class='ocr_par' dir='ltr' id='par_1_85' title="bbox 1933 3901 3502 3981">
     <span class='ocr_line' id='line_1_85' title="bbox 1933 3901 3502 3981; baseline -0.006 -15"><span class='ocrx_word' id='word_1_631' title='bbox 1933 3913 2087 3981; x_wconf 90' lang='lat' dir='ltr'><strong>eius,</strong></span> <span class='ocrx_word' id='word_1_632' title='bbox 2128 3919 2183 3966; x_wconf 89' lang='lat' dir='ltr'><strong>et</strong></span> <span class='ocrx_word' id='word_1_633' title='bbox 2230 3911 2356 3964; x_wconf 88' lang='lat' dir='ltr'><strong>anni</strong></span> <span class='ocrx_word' id='word_1_634' title='bbox 2404 3911 2525 3979; x_wconf 87' lang='lat' dir='ltr'><strong>ejus</strong></span> <span class='ocrx_word' id='word_1_635' title='bbox 2569 3910 2622 3962; x_wconf 90' lang='lat' dir='ltr'><strong>in</strong></span> <span class='ocrx_word' id='word_1_636' title='bbox 2683 3907 3007 3978; x_wconf 81' lang='lat' dir='ltr'><strong>gemitibus,</strong></span> <span class='ocrx_word' id='word_1_637' title='bbox 3056 3905 3231 3959; x_wconf 87' lang='lat' dir='ltr'><strong>virtus</strong></span> <span class='ocrx_word' id='word_1_638' title='bbox 3277 3903 3396 3972; x_wconf 88' lang='lat' dir='ltr'><strong>ejus</strong></span> <span class='ocrx_word' id='word_1_639' title='bbox 3443 3901 3502 3956; x_wconf 84' lang='lat' dir='ltr'><strong>in</strong></span> 
     </span>
    </p>
   </div>
   <div class='ocr_carea' id='block_1_86' title="bbox 1935 3994 3504 4072">
    <p class='ocr_par' dir='ltr' id='par_1_86' title="bbox 1935 3994 3504 4072">
     <span class='ocr_line' id='line_1_86' title="bbox 1935 3994 3504 4072; baseline -0.005 -17"><span class='ocrx_word' id='word_1_640' title='bbox 1935 4012 2249 4072; x_wconf 89' lang='lat' dir='ltr'><strong>paupertate</strong></span> <span class='ocrx_word' id='word_1_641' title='bbox 2296 4000 2685 4064; x_wconf 84' lang='lat' dir='ltr'><strong>infirmaretur,</strong></span> <span class='ocrx_word' id='word_1_642' title='bbox 2725 4007 2780 4054; x_wconf 91' lang='lat' dir='ltr'><strong>et</strong></span> <span class='ocrx_word' id='word_1_643' title='bbox 2811 4014 2934 4054; x_wconf 88' lang='lat' dir='ltr'><strong>ossa</strong></span> <span class='ocrx_word' id='word_1_644' title='bbox 2983 3999 3178 4050; x_wconf 63' lang='lat' dir='ltr'><strong>animae</strong></span> <span class='ocrx_word' id='word_1_645' title='bbox 3218 3994 3338 4065; x_wconf 84' lang='lat' dir='ltr'><strong>ejus</strong></span> <span class='ocrx_word' id='word_1_646' title='bbox 3369 4009 3504 4048; x_wconf 79' lang='lat' dir='ltr'><strong>eon-</strong></span> 
     </span>
    </p>
   </div>
   <div class='ocr_carea' id='block_1_87' title="bbox 1935 4086 3506 4162">
    <p class='ocr_par' dir='ltr' id='par_1_87' title="bbox 1935 4086 3506 4162">
     <span class='ocr_line' id='line_1_87' title="bbox 1935 4086 3506 4162; baseline -0.005 -14"><span class='ocrx_word' id='word_1_647' title='bbox 1935 4095 2317 4159; x_wconf 86' lang='lat' dir='ltr'><strong>turbarentur;</strong></span> <span class='ocrx_word' id='word_1_648' title='bbox 2358 4108 2466 4162; x_wconf 85' lang='lat' dir='ltr'><strong>qua</strong></span> <span class='ocrx_word' id='word_1_649' title='bbox 2513 4092 2569 4145; x_wconf 89' lang='lat' dir='ltr'><strong>in</strong></span> <span class='ocrx_word' id='word_1_650' title='bbox 2612 4107 2670 4146; x_wconf 88' lang='lat' dir='ltr'><strong>re</strong></span> <span class='ocrx_word' id='word_1_651' title='bbox 2738 4092 2806 4144; x_wconf 89' lang='lat' dir='ltr'><strong>ab</strong></span> <span class='ocrx_word' id='word_1_652' title='bbox 2835 4089 3070 4144; x_wconf 86' lang='lat' dir='ltr'><strong>inimicis</strong></span> <span class='ocrx_word' id='word_1_653' title='bbox 3110 4103 3327 4158; x_wconf 90' lang='lat' dir='ltr'><strong>quoque</strong></span> <span class='ocrx_word' id='word_1_654' title='bbox 3356 4086 3506 4142; x_wconf 88' lang='lat' dir='ltr'><strong>deri-</strong></span> 
     </span>
    </p>
   </div>
   <div class='ocr_carea' id='block_1_88' title="bbox 1933 4179 3499 4256">
    <p class='ocr_par' dir='ltr' id='par_1_88' title="bbox 1933 4179 3499 4256">
     <span class='ocr_line' id='line_1_88' title="bbox 1933 4179 3499 4256; baseline -0.004 -15"><span class='ocrx_word' id='word_1_655' title='bbox 1933 4188 2184 4249; x_wconf 86' lang='lat' dir='ltr'><strong>debatur,</strong></span> <span class='ocrx_word' id='word_1_656' title='bbox 2215 4186 2373 4256; x_wconf 87' lang='lat' dir='ltr'><strong>quasi</strong></span> <span class='ocrx_word' id='word_1_657' title='bbox 2417 4187 2470 4239; x_wconf 90' lang='lat' dir='ltr'><strong>in</strong></span> <span class='ocrx_word' id='word_1_658' title='bbox 2493 4199 2692 4239; x_wconf 87' lang='lat' dir='ltr'><strong>vanum</strong></span> <span class='ocrx_word' id='word_1_659' title='bbox 2723 4198 2787 4236; x_wconf 91' lang='lat' dir='ltr'><strong>ac</strong></span> <span class='ocrx_word' id='word_1_660' title='bbox 2824 4182 3024 4236; x_wconf 80' lang='lat' dir='ltr'><strong>frustra</strong></span> <span class='ocrx_word' id='word_1_661' title='bbox 3056 4197 3176 4237; x_wconf 87' lang='lat' dir='ltr'><strong>sese</strong></span> <span class='ocrx_word' id='word_1_662' title='bbox 3219 4179 3499 4250; x_wconf 77' lang='lat' dir='ltr'><strong>afﬂigeret.</strong></span> 
     </span>
    </p>
   </div>
   <div class='ocr_carea' id='block_1_89' title="bbox 1935 4268 3502 4343">
    <p class='ocr_par' dir='ltr' id='par_1_89' title="bbox 1935 4268 3502 4343">
     <span class='ocr_line' id='line_1_89' title="bbox 1935 4268 3502 4343; baseline -0.006 -11"><span class='ocrx_word' id='word_1_663' title='bbox 1935 4279 2050 4333; x_wconf 79' lang='lat' dir='ltr'><strong>Non</strong></span> <span class='ocrx_word' id='word_1_664' title='bbox 2082 4278 2242 4332; x_wconf 89' lang='lat' dir='ltr'><strong>modo</strong></span> <span class='ocrx_word' id='word_1_665' title='bbox 2275 4286 2454 4332; x_wconf 89' lang='lat' dir='ltr'><strong>autem</strong></span> <span class='ocrx_word' id='word_1_666' title='bbox 2485 4275 2723 4330; x_wconf 89' lang='lat' dir='ltr'><strong>inimicis</strong></span> <span class='ocrx_word' id='word_1_667' title='bbox 2768 4274 2820 4326; x_wconf 91' lang='lat' dir='ltr'><strong>in</strong></span> <span class='ocrx_word' id='word_1_668' title='bbox 2854 4273 3207 4343; x_wconf 83' lang='lat' dir='ltr'><strong>Opprobrium</strong></span> <span class='ocrx_word' id='word_1_669' title='bbox 3253 4270 3378 4333; x_wconf 88' lang='lat' dir='ltr'><strong>fuit,</strong></span> <span class='ocrx_word' id='word_1_670' title='bbox 3405 4268 3502 4323; x_wconf 88' lang='lat' dir='ltr'><strong>sed</strong></span> 
     </span>
    </p>
   </div>
   <div class='ocr_carea' id='block_1_90' title="bbox 1933 4364 3501 4440">
    <p class='ocr_par' dir='ltr' id='par_1_90' title="bbox 1933 4364 3501 4440">
     <span class='ocr_line' id='line_1_90' title="bbox 1933 4364 3501 4440; baseline -0.007 -14"><span class='ocrx_word' id='word_1_671' title='bbox 1933 4371 2099 4426; x_wconf 79' lang='lat' dir='ltr'><strong>etiam</strong></span> <span class='ocrx_word' id='word_1_672' title='bbox 2133 4370 2350 4438; x_wconf 87' lang='lat' dir='ltr'><strong>vicinis,</strong></span> <span class='ocrx_word' id='word_1_673' title='bbox 2381 4369 2473 4440; x_wconf 90' lang='lat' dir='ltr'><strong>qui</strong></span> <span class='ocrx_word' id='word_1_674' title='bbox 2503 4368 2648 4438; x_wconf 92' lang='lat' dir='ltr'><strong>quod</strong></span> <span class='ocrx_word' id='word_1_675' title='bbox 2678 4367 2924 4437; x_wconf 80' lang='lat' dir='ltr'><strong>proxime</strong></span> <span class='ocrx_word' id='word_1_676' title='bbox 2958 4366 3284 4425; x_wconf 83' lang='lat' dir='ltr'><strong>habitarent,</strong></span> <span class='ocrx_word' id='word_1_677' title='bbox 3321 4364 3501 4433; x_wconf 87' lang='lat' dir='ltr'><strong>ipsum</strong></span> 
     </span>
    </p>
   </div>
   <div class='ocr_carea' id='block_1_91' title="bbox 1935 4453 3499 4530">
    <p class='ocr_par' dir='ltr' id='par_1_91' title="bbox 1935 4453 3499 4530">
     <span class='ocr_line' id='line_1_91' title="bbox 1935 4453 3499 4530; baseline -0.007 -16"><span class='ocrx_word' id='word_1_678' title='bbox 1935 4462 2103 4530; x_wconf 88' lang='lat' dir='ltr'><strong>probe</strong></span> <span class='ocrx_word' id='word_1_679' title='bbox 2147 4468 2434 4516; x_wconf 85' lang='lat' dir='ltr'><strong>noverant.</strong></span> <span class='ocrx_word' id='word_1_680' title='bbox 2497 4458 2605 4529; x_wconf 88' lang='lat' dir='ltr'><strong>Ipsi</strong></span> <span class='ocrx_word' id='word_1_681' title='bbox 2649 4474 2883 4528; x_wconf 92' lang='lat' dir='ltr'><strong>namque</strong></span> <span class='ocrx_word' id='word_1_682' title='bbox 2930 4457 3176 4511; x_wconf 84' lang='lat' dir='ltr'><strong>videntes</strong></span> <span class='ocrx_word' id='word_1_683' title='bbox 3232 4455 3382 4509; x_wconf 88' lang='lat' dir='ltr'><strong>illum</strong></span> <span class='ocrx_word' id='word_1_684' title='bbox 3444 4453 3499 4504; x_wconf 87' lang='lat' dir='ltr'><strong>in</strong></span> 
     </span>
    </p>
   </div>
   <div class='ocr_carea' id='block_1_92' title="bbox 1935 4549 3490 4608">
    <p class='ocr_par' dir='ltr' id='par_1_92' title="bbox 1935 4549 3490 4608">
     <span class='ocr_line' id='line_1_92' title="bbox 1935 4549 3490 4608; baseline -0.008 -1"><span class='ocrx_word' id='word_1_685' title='bbox 1935 4553 2281 4608; x_wconf 80' lang='lat' dir='ltr'><strong>confessione</strong></span> <span class='ocrx_word' id='word_1_686' title='bbox 2331 4550 2398 4605; x_wconf 89' lang='lat' dir='ltr'><strong>ad</strong></span> <span class='ocrx_word' id='word_1_687' title='bbox 2432 4550 2598 4605; x_wconf 88' lang='lat' dir='ltr'><strong>Deum</strong></span> <span class='ocrx_word' id='word_1_688' title='bbox 2654 4551 2855 4604; x_wconf 87' lang='lat' dir='ltr'><strong>emissa</strong></span> <span class='ocrx_word' id='word_1_689' title='bbox 2919 4562 3042 4602; x_wconf 88' lang='lat' dir='ltr'><strong>sese</strong></span> <span class='ocrx_word' id='word_1_690' title='bbox 3102 4549 3490 4605; x_wconf 88' lang='lat' dir='ltr'><strong>macerantem,</strong></span> 
     </span>
    </p>
   </div>
   <div class='ocr_carea' id='block_1_93' title="bbox 249 4627 1837 4708">
    <p class='ocr_par' dir='ltr' id='par_1_93' title="bbox 249 4631 1831 4704">
     <span class='ocr_line' id='line_1_93' title="bbox 249 4631 1831 4704; baseline 0 -19"><span class='ocrx_word' id='word_1_691' title='bbox 249 4631 559 4700; x_wconf 81' lang='grc' dir='ltr'>κατεγέλων</span> <span class='ocrx_word' id='word_1_692' title='bbox 605 4632 770 4685; x_wconf 80' lang='grc' dir='ltr'>αὑτοῦ</span> <span class='ocrx_word' id='word_1_693' title='bbox 821 4632 914 4685; x_wconf 78' lang='grc' dir='ltr'>καὶ</span> <span class='ocrx_word' id='word_1_694' title='bbox 951 4632 1243 4697; x_wconf 77' lang='grc' dir='ltr'>ὠνείδιζον.</span> <span class='ocrx_word' id='word_1_695' title='bbox 1275 4634 1337 4686; x_wconf 82' lang='grc' dir='ltr'>Οἱ</span> <span class='ocrx_word' id='word_1_696' title='bbox 1369 4631 1426 4685; x_wconf 85' lang='grc' dir='ltr'><strong>δέ</strong></span> <span class='ocrx_word' id='word_1_697' title='bbox 1465 4634 1831 4704; x_wconf 82' lang='grc' dir='ltr'>προσήκοντες</span> 
     </span>
    </p>
   </div>
   <div class='ocr_carea' id='block_1_94' title="bbox 1941 4627 3497 4708">
    <p class='ocr_par' dir='ltr' id='par_1_94' title="bbox 1941 4633 3497 4708">
     <span class='ocr_line' id='line_1_94' title="bbox 1941 4633 3497 4708; baseline -0.008 -13"><span class='ocrx_word' id='word_1_698' title='bbox 1941 4642 2235 4696; x_wconf 86' lang='lat' dir='ltr'><strong>irridebant</strong></span> <span class='ocrx_word' id='word_1_699' title='bbox 2280 4656 2405 4696; x_wconf 90' lang='lat' dir='ltr'><strong>eum</strong></span> <span class='ocrx_word' id='word_1_700' title='bbox 2427 4647 2480 4695; x_wconf 90' lang='lat' dir='ltr'><strong>et</strong></span> <span class='ocrx_word' id='word_1_701' title='bbox 2528 4639 2836 4708; x_wconf 88' lang='lat' dir='ltr'><strong>opprobriis</strong></span> <span class='ocrx_word' id='word_1_702' title='bbox 2887 4637 3206 4691; x_wconf 83' lang='lat' dir='ltr'><strong>onerabant.</strong></span> <span class='ocrx_word' id='word_1_703' title='bbox 3269 4633 3497 4704; x_wconf 78' lang='lat' dir='ltr'><strong>Cognati</strong></span> 
     </span>
    </p>
   </div>
   <div class='ocr_carea' id='block_1_95' title="bbox 249 4723 1827 4798">
    <p class='ocr_par' dir='ltr' id='par_1_95' title="bbox 249 4723 1827 4798">
     <span class='ocr_line' id='line_1_95' title="bbox 249 4723 1827 4798; baseline 0 -20"><span class='ocrx_word' id='word_1_704' title='bbox 249 4725 393 4798; x_wconf 83' lang='grc' dir='ltr'>αὑτῷ</span> <span class='ocrx_word' id='word_1_705' title='bbox 439 4727 726 4794; x_wconf 82' lang='grc' dir='ltr'>συγγενεῖς</span> <span class='ocrx_word' id='word_1_706' title='bbox 768 4723 863 4778; x_wconf 76' lang='grc' dir='ltr'>καὶ</span> <span class='ocrx_word' id='word_1_707' title='bbox 904 4723 1044 4792; x_wconf 83' lang='grc' dir='ltr'>φίλοι</span> <span class='ocrx_word' id='word_1_708' title='bbox 1075 4725 1171 4778; x_wconf 74' lang='grc' dir='ltr'>καὶ</span> <span class='ocrx_word' id='word_1_709' title='bbox 1199 4723 1509 4792; x_wconf 77' lang='grc' dir='ltr'>ἐφοϐοῦντο,</span> <span class='ocrx_word' id='word_1_710' title='bbox 1543 4726 1617 4790; x_wconf 84' lang='grc' dir='ltr'>ὡς</span> <span class='ocrx_word' id='word_1_711' title='bbox 1648 4744 1827 4797; x_wconf 87' lang='grc' dir='ltr'>μεμη-</span> 
     </span>
    </p>
   </div>
   <div class='ocr_carea' id='block_1_96' title="bbox 249 4815 1826 4890">
    <p class='ocr_par' dir='ltr' id='par_1_96' title="bbox 249 4815 1826 4890">
     <span class='ocr_line' id='line_1_96' title="bbox 249 4815 1826 4890; baseline -0.001 -19"><span class='ocrx_word' id='word_1_712' title='bbox 249 4816 370 4871; x_wconf 81' lang='grc' dir='ltr'>νότα</span> <span class='ocrx_word' id='word_1_713' title='bbox 419 4818 520 4871; x_wconf 71' lang='grc' dir='ltr'>καὶ</span> <span class='ocrx_word' id='word_1_714' title='bbox 568 4817 668 4880; x_wconf 80' lang='grc' dir='ltr'><strong>τὰς</strong></span> <span class='ocrx_word' id='word_1_715' title='bbox 713 4817 912 4888; x_wconf 85' lang='grc' dir='ltr'>φρένας</span> <span class='ocrx_word' id='word_1_716' title='bbox 959 4815 1284 4890; x_wconf 77' lang='grc' dir='ltr'>ἐξεστηκότα</span> <span class='ocrx_word' id='word_1_717' title='bbox 1309 4835 1322 4847; x_wconf 72' lang='grc'><strong><em>⁸</em></strong></span> <span class='ocrx_word' id='word_1_718' title='bbox 1358 4817 1498 4872; x_wconf 86' lang='grc' dir='ltr'>ὥστε</span> <span class='ocrx_word' id='word_1_719' title='bbox 1525 4819 1826 4888; x_wconf 77' lang='grc' dir='ltr'>ἀναχωρεῖν</span> 
     </span>
    </p>
   </div>
   <div class='ocr_carea' id='block_1_97' title="bbox 251 4908 1824 4981">
    <p class='ocr_par' dir='ltr' id='par_1_97' title="bbox 251 4908 1824 4981">
     <span class='ocr_line' id='line_1_97' title="bbox 251 4908 1824 4981; baseline -0.001 -17"><span class='ocrx_word' id='word_1_720' title='bbox 251 4910 334 4964; x_wconf 78' lang='grc' dir='ltr'>καὶ</span> <span class='ocrx_word' id='word_1_721' title='bbox 359 4911 590 4980; x_wconf 77' lang='grc' dir='ltr'>φεύγειν</span> <span class='ocrx_word' id='word_1_722' title='bbox 620 4910 676 4977; x_wconf 74' lang='grc' dir='ltr'>ἐξ</span> <span class='ocrx_word' id='word_1_723' title='bbox 703 4909 887 4975; x_wconf 77' lang='grc' dir='ltr'>αὑτοῦ,</span> <span class='ocrx_word' id='word_1_724' title='bbox 909 4908 1384 4976; x_wconf 85' lang='grc' dir='ltr'>ἀπογινώσκοντας</span> <span class='ocrx_word' id='word_1_725' title='bbox 1407 4910 1570 4963; x_wconf 80' lang='grc' dir='ltr'>αὑτοῦ</span> <span class='ocrx_word' id='word_1_726' title='bbox 1594 4912 1691 4981; x_wconf 80' lang='grc' dir='ltr'>τὴν</span> <span class='ocrx_word' id='word_1_727' title='bbox 1717 4928 1824 4964; x_wconf 86' lang='grc' dir='ltr'>σω·-</span> 
     </span>
    </p>
   </div>
   <div class='ocr_carea' id='block_1_98' title="bbox 248 4995 1823 5075">
    <p class='ocr_par' dir='ltr' id='par_1_98' title="bbox 248 4995 1823 5075">
     <span class='ocr_line' id='line_1_98' title="bbox 248 4995 1823 5075; baseline 0 -21"><span class='ocrx_word' id='word_1_728' title='bbox 248 5002 462 5075; x_wconf 78' lang='grc' dir='ltr'>τηρίαν,</span> <span class='ocrx_word' id='word_1_729' title='bbox 508 5001 682 5073; x_wconf 82' lang='grc' dir='ltr'>λήθην</span> <span class='ocrx_word' id='word_1_730' title='bbox 713 5019 772 5055; x_wconf 93' lang='grc' dir='ltr'><strong>τε</strong></span> <span class='ocrx_word' id='word_1_731' title='bbox 805 5000 968 5055; x_wconf 82' lang='grc' dir='ltr'>αὑτοῦ</span> <span class='ocrx_word' id='word_1_732' title='bbox 1003 5002 1274 5054; x_wconf 73' lang='grc' dir='ltr'>ποιεῖσθαι</span> <span class='ocrx_word' id='word_1_733' title='bbox 1320 4999 1454 5056; x_wconf 72' lang='grc' dir='ltr'>ὡσεὶ</span> <span class='ocrx_word' id='word_1_734' title='bbox 1495 5000 1588 5053; x_wconf 74' lang='grc' dir='ltr'>καὶ</span> <span class='ocrx_word' id='word_1_735' title='bbox 1629 4995 1823 5072; x_wconf 77' lang='grc' dir='ltr'>νεκροῦ</span> 
     </span>
    </p>
   </div>
   <div class='ocr_carea' id='block_1_99' title="bbox 249 5091 1826 5166">
    <p class='ocr_par' dir='ltr' id='par_1_99' title="bbox 249 5091 1826 5166">
     <span class='ocr_line' id='line_1_99' title="bbox 249 5091 1826 5166; baseline -0.002 -17"><span class='ocrx_word' id='word_1_736' title='bbox 249 5095 339 5166; x_wconf 73' lang='grc' dir='ltr'><strong>ἠδη</strong></span> <span class='ocrx_word' id='word_1_737' title='bbox 371 5093 691 5164; x_wconf 84' lang='grc' dir='ltr'>γενομένου,</span> <span class='ocrx_word' id='word_1_738' title='bbox 721 5093 818 5148; x_wconf 77' lang='grc' dir='ltr'>καὶ</span> <span class='ocrx_word' id='word_1_739' title='bbox 845 5093 921 5156; x_wconf 85' lang='grc' dir='ltr'>ὡς</span> <span class='ocrx_word' id='word_1_740' title='bbox 944 5093 1072 5164; x_wconf 81' lang='grc' dir='ltr'>περὶ</span> <span class='ocrx_word' id='word_1_741' title='bbox 1105 5091 1329 5156; x_wconf 82' lang='grc' dir='ltr'>σκεύους</span> <span class='ocrx_word' id='word_1_742' title='bbox 1354 5091 1694 5156; x_wconf 81' lang='grc' dir='ltr'>ἀπολωλότος</span> <span class='ocrx_word' id='word_1_743' title='bbox 1713 5093 1826 5146; x_wconf 83' lang='grc' dir='ltr'>δια-</span> 
     </span>
    </p>
   </div>
   <div class='ocr_carea' id='block_1_100' title="bbox 251 5178 1826 5250">
    <p class='ocr_par' dir='ltr' id='par_1_100' title="bbox 251 5178 1826 5250">
     <span class='ocr_line' id='line_1_100' title="bbox 251 5178 1826 5250; baseline 0.001 -18"><span class='ocrx_word' id='word_1_744' title='bbox 251 5180 474 5234; x_wconf 80' lang='grc' dir='ltr'>κεῖσθαι.</span> <span class='ocrx_word' id='word_1_745' title='bbox 512 5178 698 5234; x_wconf 76' lang='grc' dir='ltr'>Ταῦτα</span> <span class='ocrx_word' id='word_1_746' title='bbox 751 5181 926 5234; x_wconf 83' lang='grc' dir='ltr'>πάντα</span> <span class='ocrx_word' id='word_1_747' title='bbox 977 5180 1298 5235; x_wconf 82' lang='grc' dir='ltr'>πεπονθέναι</span> <span class='ocrx_word' id='word_1_748' title='bbox 1351 5180 1605 5250; x_wconf 68' lang='grc' dir='ltr'>ἔφασκεν,</span> <span class='ocrx_word' id='word_1_749' title='bbox 1637 5183 1826 5235; x_wconf 83' lang='grc' dir='ltr'>ἐαυτὸν</span> 
     </span>
    </p>
   </div>
   <div class='ocr_carea' id='block_1_101' title="bbox 253 5270 1825 5346">
    <p class='ocr_par' dir='ltr' id='par_1_101' title="bbox 253 5270 1825 5346">
     <span class='ocr_line' id='line_1_101' title="bbox 253 5270 1825 5346; baseline 0.001 -22"><span class='ocrx_word' id='word_1_750' title='bbox 253 5272 429 5325; x_wconf 81' lang='grc' dir='ltr'>κακῶν</span> <span class='ocrx_word' id='word_1_751' title='bbox 454 5270 839 5343; x_wconf 77' lang='grc' dir='ltr'>ἐξομολογήσει</span> <span class='ocrx_word' id='word_1_752' title='bbox 867 5272 962 5325; x_wconf 75' lang='grc' dir='ltr'>καὶ</span> <span class='ocrx_word' id='word_1_753' title='bbox 994 5273 1265 5344; x_wconf 86' lang='grc' dir='ltr'>μετανοίᾳ.</span> <span class='ocrx_word' id='word_1_754' title='bbox 1286 5273 1423 5326; x_wconf 84' lang='grc' dir='ltr'>Ἀλλ’</span> <span class='ocrx_word' id='word_1_755' title='bbox 1445 5273 1551 5326; x_wconf 90' lang='grc' dir='ltr'>οῖδε</span> <span class='ocrx_word' id='word_1_756' title='bbox 1585 5274 1703 5344; x_wconf 81' lang='grc' dir='ltr'>μὲν,</span> <span class='ocrx_word' id='word_1_757' title='bbox 1721 5291 1825 5346; x_wconf 80' lang='grc' dir='ltr'>φη-</span> 
     </span>
    </p>
   </div>
   <div class='ocr_carea' id='block_1_102' title="bbox 256 5361 1829 5436">
    <p class='ocr_par' dir='ltr' id='par_1_102' title="bbox 256 5361 1829 5436">
     <span class='ocr_line' id='line_1_102' title="bbox 256 5361 1829 5436; baseline 0.003 -23"><span class='ocrx_word' id='word_1_758' title='bbox 256 5361 320 5427; x_wconf 81' lang='grc' dir='ltr'>σὶ,</span> <span class='ocrx_word' id='word_1_759' title='bbox 352 5362 588 5417; x_wconf 82' lang='grc' dir='ltr'>τοιοῦτοι</span> <span class='ocrx_word' id='word_1_760' title='bbox 612 5364 866 5432; x_wconf 86' lang='grc' dir='ltr'>γεγόνασι</span> <span class='ocrx_word' id='word_1_761' title='bbox 895 5366 1020 5436; x_wconf 85' lang='grc' dir='ltr'><strong>περί</strong></span> <span class='ocrx_word' id='word_1_762' title='bbox 1048 5365 1168 5436; x_wconf 89' lang='grc' dir='ltr'>ἐμέ.</span> <span class='ocrx_word' id='word_1_763' title='bbox 1187 5364 1327 5433; x_wconf 83' lang='grc' dir='ltr'><strong>Ἐγὼ</strong></span> <span class='ocrx_word' id='word_1_764' title='bbox 1359 5366 1414 5419; x_wconf 80' lang='grc' dir='ltr'><strong>δὲ</strong></span> <span class='ocrx_word' id='word_1_765' title='bbox 1448 5367 1547 5419; x_wconf 87' lang='grc' dir='ltr'><strong>οὑκ</strong></span> <span class='ocrx_word' id='word_1_766' title='bbox 1582 5367 1709 5420; x_wconf 79' lang='grc' dir='ltr'>ἄνευ</span> <span class='ocrx_word' id='word_1_767' title='bbox 1738 5366 1829 5418; x_wconf 84' lang='grc' dir='ltr'>λό-</span> 
     </span>
    </p>
   </div>
   <div class='ocr_carea' id='block_1_103' title="bbox 256 5452 1828 5531">
    <p class='ocr_par' dir='ltr' id='par_1_103' title="bbox 256 5452 1828 5531">
     <span class='ocr_line' id='line_1_103' title="bbox 256 5452 1828 5531; baseline 0.003 -23"><span class='ocrx_word' id='word_1_768' title='bbox 256 5469 343 5522; x_wconf 78' lang='grc' dir='ltr'><strong>γου</strong></span> <span class='ocrx_word' id='word_1_769' title='bbox 370 5455 542 5519; x_wconf 80' lang='grc' dir='ltr'>οὕτως</span> <span class='ocrx_word' id='word_1_770' title='bbox 557 5455 794 5527; x_wconf 80' lang='grc' dir='ltr'>ἐμαυτὸν</span> <span class='ocrx_word' id='word_1_771' title='bbox 815 5452 969 5528; x_wconf 80' lang='grc' dir='ltr'>ἦγον,</span> <span class='ocrx_word' id='word_1_772' title='bbox 992 5457 1104 5511; x_wconf 88' lang='grc' dir='ltr'>ἀλλ’</span> <span class='ocrx_word' id='word_1_773' title='bbox 1122 5458 1418 5531; x_wconf 86' lang='grc' dir='ltr'>ἐπειδήπερ</span> <span class='ocrx_word' id='word_1_774' title='bbox 1442 5459 1637 5530; x_wconf 71' lang='grc' dir='ltr'>ἤκουον</span> <span class='ocrx_word' id='word_1_775' title='bbox 1663 5459 1828 5530; x_wconf 76' lang='grc' dir='ltr'>ψόγον</span> 
     </span>
    </p>
   </div>
   <div class='ocr_carea' id='block_1_104' title="bbox 260 5535 1822 5623">
    <p class='ocr_par' dir='ltr' id='par_1_104' title="bbox 260 5535 1822 5623">
     <span class='ocr_line' id='line_1_104' title="bbox 260 5535 1822 5623; baseline 0.003 -23"><span class='ocrx_word' id='word_1_776' title='bbox 260 5546 454 5601; x_wconf 68' lang='grc' dir='ltr'>πολλῶν</span> <span class='ocrx_word' id='word_1_777' title='bbox 486 5548 891 5620; x_wconf 83' lang='grc' dir='ltr'>παροικούντων</span> <span class='ocrx_word' id='word_1_778' title='bbox 919 5550 1194 5615; x_wconf 86' lang='grc' dir='ltr'>κυκλόθεν,</span> <span class='ocrx_word' id='word_1_779' title='bbox 1221 5551 1271 5603; x_wconf 84' lang='grc' dir='ltr'><strong>οἰ</strong></span> <span class='ocrx_word' id='word_1_780' title='bbox 1291 5535 1410 5604; x_wconf 81' lang='grc' dir='ltr'>τότε</span> <span class='ocrx_word' id='word_1_781' title='bbox 1447 5552 1822 5623; x_wconf 87' lang='grc' dir='ltr'>συναιρόμενοι</span> 
     </span>
    </p>
   </div>
   <div class='ocr_carea' id='block_1_105' title="bbox 261 5633 1821 5712">
    <p class='ocr_par' dir='ltr' id='par_1_105' title="bbox 261 5633 1821 5712">
     <span class='ocr_line' id='line_1_105' title="bbox 261 5633 1821 5712; baseline 0.006 -26"><span class='ocrx_word' id='word_1_782' title='bbox 261 5633 346 5689; x_wconf 69' lang='grc' dir='ltr'>ἐπὶ</span> <span class='ocrx_word' id='word_1_783' title='bbox 365 5637 422 5690; x_wconf 79' lang='grc' dir='ltr'>τὸ</span> <span class='ocrx_word' id='word_1_784' title='bbox 445 5638 574 5690; x_wconf 82' lang='grc' dir='ltr'>αὑτὸ</span> <span class='ocrx_word' id='word_1_785' title='bbox 597 5637 785 5691; x_wconf 76' lang='grc' dir='ltr'>λαῧεῖν</span> <span class='ocrx_word' id='word_1_786' title='bbox 807 5638 902 5709; x_wconf 80' lang='grc' dir='ltr'>τὴν</span> <span class='ocrx_word' id='word_1_787' title='bbox 922 5639 1097 5710; x_wconf 78' lang='grc' dir='ltr'>ψυχήν</span> <span class='ocrx_word' id='word_1_788' title='bbox 1121 5658 1220 5710; x_wconf 82' lang='grc' dir='ltr'><strong>μου</strong></span> <span class='ocrx_word' id='word_1_789' title='bbox 1243 5639 1596 5711; x_wconf 82' lang='grc' dir='ltr'>ἐνεθυμοῦντο</span> <span class='ocrx_word' id='word_1_790' title='bbox 1615 5657 1628 5672; x_wconf 67' lang='grc' dir='ltr'>θ</span> <span class='ocrx_word' id='word_1_791' title='bbox 1647 5644 1693 5694; x_wconf 81' lang='grc' dir='ltr'><strong>οἰ</strong></span> <span class='ocrx_word' id='word_1_792' title='bbox 1715 5642 1821 5712; x_wconf 80' lang='grc' dir='ltr'><strong>γὰρ</strong></span> 
     </span>
    </p>
   </div>
   <div class='ocr_carea' id='block_1_106' title="bbox 327 5818 836 5888">
    <p class='ocr_par' dir='ltr' id='par_1_106' title="bbox 327 5818 836 5888">
     <span class='ocr_line' id='line_1_106' title="bbox 327 5818 836 5888; baseline -0.01 -8"><span class='ocrx_word' id='word_1_793' title='bbox 327 5818 372 5850; x_wconf 80' lang='grc'><strong>’⁵</strong></span> <span class='ocrx_word' id='word_1_794' title='bbox 405 5819 563 5882; x_wconf 80' lang='lat' dir='ltr'><strong>Joan.</strong></span> <span class='ocrx_word' id='word_1_795' title='bbox 601 5840 717 5888; x_wconf 84' lang='lat' dir='ltr'><strong>vn,</strong></span> <span class='ocrx_word' id='word_1_796' title='bbox 749 5822 836 5876; x_wconf 77' lang='lat'><strong>38.</strong></span> 
     </span>
    </p>
   </div>
   <div class='ocr_carea' id='block_1_107' title="bbox 1932 4728 3497 4802">
    <p class='ocr_par' dir='ltr' id='par_1_107' title="bbox 1932 4728 3497 4802">
     <span class='ocr_line' id='line_1_107' title="bbox 1932 4728 3497 4802; baseline -0.003 -19"><span class='ocrx_word' id='word_1_797' title='bbox 1932 4749 2061 4788; x_wconf 85' lang='lat' dir='ltr'><strong>vero</strong></span> <span class='ocrx_word' id='word_1_798' title='bbox 2093 4739 2146 4786; x_wconf 90' lang='lat' dir='ltr'><strong>et</strong></span> <span class='ocrx_word' id='word_1_799' title='bbox 2175 4733 2366 4795; x_wconf 82' lang='lat' dir='ltr'><strong>amici,</strong></span> <span class='ocrx_word' id='word_1_800' title='bbox 2402 4732 2494 4802; x_wconf 89' lang='lat' dir='ltr'><strong>qui</strong></span> <span class='ocrx_word' id='word_1_801' title='bbox 2521 4733 2700 4802; x_wconf 91' lang='lat' dir='ltr'><strong>ipsum</strong></span> <span class='ocrx_word' id='word_1_802' title='bbox 2727 4731 3020 4786; x_wconf 85' lang='lat' dir='ltr'><strong>convenire</strong></span> <span class='ocrx_word' id='word_1_803' title='bbox 3057 4728 3323 4789; x_wconf 85' lang='lat' dir='ltr'><strong>solebant,</strong></span> <span class='ocrx_word' id='word_1_804' title='bbox 3352 4732 3497 4779; x_wconf 92' lang='lat' dir='ltr'><strong>metu</strong></span> 
     </span>
    </p>
   </div>
   <div class='ocr_carea' id='block_1_108' title="bbox 1933 4819 3499 4893">
    <p class='ocr_par' dir='ltr' id='par_1_108' title="bbox 1933 4819 3499 4893">
     <span class='ocr_line' id='line_1_108' title="bbox 1933 4819 3499 4893; baseline -0.005 -16"><span class='ocrx_word' id='word_1_805' title='bbox 1933 4823 2207 4893; x_wconf 79' lang='lat' dir='ltr'><strong>perterriti</strong></span> <span class='ocrx_word' id='word_1_806' title='bbox 2240 4831 2416 4885; x_wconf 88' lang='lat' dir='ltr'><strong>erant,</strong></span> <span class='ocrx_word' id='word_1_807' title='bbox 2457 4835 2521 4875; x_wconf 89' lang='lat' dir='ltr'><strong>ac</strong></span> <span class='ocrx_word' id='word_1_808' title='bbox 2555 4821 2601 4876; x_wconf 89' lang='lat' dir='ltr'><strong>si</strong></span> <span class='ocrx_word' id='word_1_809' title='bbox 2632 4837 2756 4874; x_wconf 91' lang='lat' dir='ltr'><strong>eum</strong></span> <span class='ocrx_word' id='word_1_810' title='bbox 2811 4819 3174 4873; x_wconf 88' lang='lat' dir='ltr'><strong>insanientem</strong></span> <span class='ocrx_word' id='word_1_811' title='bbox 3223 4830 3288 4869; x_wconf 85' lang='lat' dir='ltr'><strong>ac</strong></span> <span class='ocrx_word' id='word_1_812' title='bbox 3318 4822 3499 4869; x_wconf 86' lang='lat' dir='ltr'><strong>mente</strong></span> 
     </span>
    </p>
   </div>
   <div class='ocr_carea' id='block_1_109' title="bbox 1931 4906 3500 4977">
    <p class='ocr_par' dir='ltr' id='par_1_109' title="bbox 1931 4906 3500 4977">
     <span class='ocr_line' id='line_1_109' title="bbox 1931 4906 3500 4977; baseline -0.006 -8"><span class='ocrx_word' id='word_1_813' title='bbox 1931 4915 2225 4969; x_wconf 91' lang='lat' dir='ltr'><strong>alienatum</strong></span> <span class='ocrx_word' id='word_1_814' title='bbox 2269 4912 2573 4977; x_wconf 88' lang='lat' dir='ltr'><strong>vidissent;</strong></span> <span class='ocrx_word' id='word_1_815' title='bbox 2612 4914 2683 4966; x_wconf 90' lang='lat' dir='ltr'><strong>ita</strong></span> <span class='ocrx_word' id='word_1_816' title='bbox 2721 4923 2776 4965; x_wconf 91' lang='lat' dir='ltr'><strong>ut</strong></span> <span class='ocrx_word' id='word_1_817' title='bbox 2809 4910 2878 4965; x_wconf 91' lang='lat' dir='ltr'><strong>de</strong></span> <span class='ocrx_word' id='word_1_818' title='bbox 2921 4909 3095 4964; x_wconf 87' lang='lat' dir='ltr'><strong>salute</strong></span> <span class='ocrx_word' id='word_1_819' title='bbox 3136 4907 3257 4975; x_wconf 90' lang='lat' dir='ltr'><strong>ejus</strong></span> <span class='ocrx_word' id='word_1_820' title='bbox 3301 4906 3500 4975; x_wconf 82' lang='lat' dir='ltr'><strong>despe-</strong></span> 
     </span>
    </p>
   </div>
   <div class='ocr_carea' id='block_1_110' title="bbox 1931 4995 3495 5070">
    <p class='ocr_par' dir='ltr' id='par_1_110' title="bbox 1931 4995 3495 5070">
     <span class='ocr_line' id='line_1_110' title="bbox 1931 4995 3495 5070; baseline -0.006 -12"><span class='ocrx_word' id='word_1_821' title='bbox 1931 5013 2117 5060; x_wconf 87' lang='lat' dir='ltr'><strong>rantes</strong></span> <span class='ocrx_word' id='word_1_822' title='bbox 2149 5003 2471 5060; x_wconf 88' lang='lat' dir='ltr'><strong>secederent</strong></span> <span class='ocrx_word' id='word_1_823' title='bbox 2512 5012 2567 5058; x_wconf 89' lang='lat' dir='ltr'><strong>et</strong></span> <span class='ocrx_word' id='word_1_824' title='bbox 2596 5003 2917 5070; x_wconf 84' lang='lat' dir='ltr'><strong>aufugerent</strong></span> <span class='ocrx_word' id='word_1_825' title='bbox 2939 5038 2952 5062; x_wconf 95' lang='lat'><strong>,</strong></span> <span class='ocrx_word' id='word_1_826' title='bbox 3017 5000 3302 5067; x_wconf 89' lang='lat' dir='ltr'><strong>ipsumque</strong></span> <span class='ocrx_word' id='word_1_827' title='bbox 3328 4995 3495 5050; x_wconf 86' lang='lat' dir='ltr'><strong>veluti</strong></span> 
     </span>
    </p>
   </div>
   <div class='ocr_carea' id='block_1_111' title="bbox 1923 5094 3494 5167">
    <p class='ocr_par' dir='ltr' id='par_1_111' title="bbox 1923 5094 3494 5167">
     <span class='ocr_line' id='line_1_111' title="bbox 1923 5094 3494 5167; baseline -0.006 -16"><span class='ocrx_word' id='word_1_828' title='bbox 1923 5097 2034 5167; x_wconf 90' lang='lat' dir='ltr'><strong>jam</strong></span> <span class='ocrx_word' id='word_1_829' title='bbox 2085 5104 2358 5152; x_wconf 90' lang='lat' dir='ltr'><strong>mortuum</strong></span> <span class='ocrx_word' id='word_1_830' title='bbox 2402 5097 2665 5151; x_wconf 89' lang='lat' dir='ltr'><strong>oblivioni</strong></span> <span class='ocrx_word' id='word_1_831' title='bbox 2711 5094 2930 5156; x_wconf 82' lang='lat' dir='ltr'><strong>darent,</strong></span> <span class='ocrx_word' id='word_1_832' title='bbox 2983 5105 3047 5144; x_wconf 90' lang='lat' dir='ltr'><strong>ae</strong></span> <span class='ocrx_word' id='word_1_833' title='bbox 3097 5098 3354 5158; x_wconf 90' lang='lat' dir='ltr'><strong>tanquam</strong></span> <span class='ocrx_word' id='word_1_834' title='bbox 3399 5102 3494 5142; x_wconf 84' lang='lat' dir='ltr'><strong>vas</strong></span> 
     </span>
    </p>
   </div>
   <div class='ocr_carea' id='block_1_112' title="bbox 1926 5179 3496 5258">
    <p class='ocr_par' dir='ltr' id='par_1_112' title="bbox 1926 5179 3496 5258">
     <span class='ocr_line' id='line_1_112' title="bbox 1926 5179 3496 5258; baseline -0.006 -16"><span class='ocrx_word' id='word_1_835' title='bbox 1926 5188 2198 5258; x_wconf 86' lang='lat' dir='ltr'><strong>perditum</strong></span> <span class='ocrx_word' id='word_1_836' title='bbox 2224 5189 2508 5243; x_wconf 86' lang='lat' dir='ltr'><strong>haberent.</strong></span> <span class='ocrx_word' id='word_1_837' title='bbox 2541 5187 2667 5241; x_wconf 63' lang='lat' dir='ltr'><strong>Haec</strong></span> <span class='ocrx_word' id='word_1_838' title='bbox 2695 5185 2876 5239; x_wconf 88' lang='lat' dir='ltr'><strong>omnia</strong></span> <span class='ocrx_word' id='word_1_839' title='bbox 2905 5196 3221 5254; x_wconf 85' lang='lat' dir='ltr'><strong>perpessum</strong></span> <span class='ocrx_word' id='word_1_840' title='bbox 3253 5196 3312 5236; x_wconf 88' lang='lat' dir='ltr'><strong>se</strong></span> <span class='ocrx_word' id='word_1_841' title='bbox 3342 5179 3496 5235; x_wconf 80' lang='lat' dir='ltr'><strong>testi-</strong></span> 
     </span>
    </p>
   </div>
   <div class='ocr_carea' id='block_1_113' title="bbox 1930 5272 3495 5344">
    <p class='ocr_par' dir='ltr' id='par_1_113' title="bbox 1930 5272 3495 5344">
     <span class='ocr_line' id='line_1_113' title="bbox 1930 5272 3495 5344; baseline -0.003 -12"><span class='ocrx_word' id='word_1_842' title='bbox 1930 5279 2123 5333; x_wconf 84' lang='lat' dir='ltr'><strong>ﬁcatur</strong></span> <span class='ocrx_word' id='word_1_843' title='bbox 2146 5318 2160 5342; x_wconf 91' lang='lat'><strong>,</strong></span> <span class='ocrx_word' id='word_1_844' title='bbox 2195 5280 2324 5334; x_wconf 89' lang='lat' dir='ltr'><strong>dum</strong></span> <span class='ocrx_word' id='word_1_845' title='bbox 2359 5295 2416 5333; x_wconf 88' lang='lat' dir='ltr'><strong>se</strong></span> <span class='ocrx_word' id='word_1_846' title='bbox 2453 5280 2508 5333; x_wconf 91' lang='lat' dir='ltr'><strong>in</strong></span> <span class='ocrx_word' id='word_1_847' title='bbox 2542 5276 2886 5332; x_wconf 84' lang='lat' dir='ltr'><strong>confessione</strong></span> <span class='ocrx_word' id='word_1_848' title='bbox 2918 5282 2972 5330; x_wconf 90' lang='lat' dir='ltr'><strong>et</strong></span> <span class='ocrx_word' id='word_1_849' title='bbox 2999 5275 3316 5344; x_wconf 71' lang='lat' dir='ltr'><strong>pmnitentia</strong></span> <span class='ocrx_word' id='word_1_850' title='bbox 3362 5272 3495 5330; x_wconf 76' lang='lat' dir='ltr'><strong>allii-</strong></span> 
     </span>
    </p>
   </div>
   <div class='ocr_carea' id='block_1_114' title="bbox 1931 5365 3496 5439">
    <p class='ocr_par' dir='ltr' id='par_1_114' title="bbox 1931 5365 3496 5439">
     <span class='ocr_line' id='line_1_114' title="bbox 1931 5365 3496 5439; baseline -0.004 -15"><span class='ocrx_word' id='word_1_851' title='bbox 1931 5379 2098 5439; x_wconf 78' lang='lat' dir='ltr'><strong>geret.</strong></span> <span class='ocrx_word' id='word_1_852' title='bbox 2141 5367 2244 5423; x_wconf 86' lang='lat' dir='ltr'><strong>Sed</strong></span> <span class='ocrx_word' id='word_1_853' title='bbox 2281 5369 2358 5422; x_wconf 89' lang='lat' dir='ltr'><strong>illi</strong></span> <span class='ocrx_word' id='word_1_854' title='bbox 2389 5368 2630 5438; x_wconf 89' lang='lat' dir='ltr'><strong>quidem,</strong></span> <span class='ocrx_word' id='word_1_855' title='bbox 2666 5366 2763 5430; x_wconf 89' lang='lat' dir='ltr'><strong>ait,</strong></span> <span class='ocrx_word' id='word_1_856' title='bbox 2804 5365 2886 5419; x_wconf 92' lang='lat' dir='ltr'><strong>sic</strong></span> <span class='ocrx_word' id='word_1_857' title='bbox 2925 5378 3052 5434; x_wconf 79' lang='lat' dir='ltr'><strong>erga</strong></span> <span class='ocrx_word' id='word_1_858' title='bbox 3094 5378 3179 5418; x_wconf 88' lang='lat' dir='ltr'><strong>me</strong></span> <span class='ocrx_word' id='word_1_859' title='bbox 3223 5378 3282 5419; x_wconf 87' lang='lat' dir='ltr'><strong>se</strong></span> <span class='ocrx_word' id='word_1_860' title='bbox 3311 5379 3496 5433; x_wconf 59' lang='lat' dir='ltr'><strong>gesseo</strong></span> 
     </span>
    </p>
   </div>
   <div class='ocr_carea' id='block_1_115' title="bbox 1930 5455 3495 5532">
    <p class='ocr_par' dir='ltr' id='par_1_115' title="bbox 1930 5455 3495 5532">
     <span class='ocr_line' id='line_1_115' title="bbox 1930 5455 3495 5532; baseline -0.002 -17"><span class='ocrx_word' id='word_1_861' title='bbox 1930 5470 2078 5517; x_wconf 77' lang='lat' dir='ltr'><strong>runt.</strong></span> <span class='ocrx_word' id='word_1_862' title='bbox 2116 5462 2228 5532; x_wconf 81' lang='lat' dir='ltr'><strong>Ego</strong></span> <span class='ocrx_word' id='word_1_863' title='bbox 2256 5477 2386 5516; x_wconf 89' lang='lat' dir='ltr'><strong>vero</strong></span> <span class='ocrx_word' id='word_1_864' title='bbox 2418 5475 2526 5515; x_wconf 91' lang='lat' dir='ltr'><strong>non</strong></span> <span class='ocrx_word' id='word_1_865' title='bbox 2558 5460 2677 5514; x_wconf 88' lang='lat' dir='ltr'><strong>sine</strong></span> <span class='ocrx_word' id='word_1_866' title='bbox 2707 5457 2940 5512; x_wconf 85' lang='lat' dir='ltr'><strong>consilio</strong></span> <span class='ocrx_word' id='word_1_867' title='bbox 2972 5466 3025 5511; x_wconf 92' lang='lat' dir='ltr'><strong>et</strong></span> <span class='ocrx_word' id='word_1_868' title='bbox 3054 5455 3262 5510; x_wconf 91' lang='lat' dir='ltr'><strong>ratione</strong></span> <span class='ocrx_word' id='word_1_869' title='bbox 3297 5471 3382 5510; x_wconf 92' lang='lat' dir='ltr'><strong>me</strong></span> <span class='ocrx_word' id='word_1_870' title='bbox 3414 5456 3495 5513; x_wconf 82' lang='lat' dir='ltr'><strong>sic</strong></span> 
     </span>
    </p>
   </div>
   <div class='ocr_carea' id='block_1_116' title="bbox 1928 5547 3494 5625">
    <p class='ocr_par' dir='ltr' id='par_1_116' title="bbox 1928 5547 3494 5625">
     <span class='ocr_line' id='line_1_116' title="bbox 1928 5547 3494 5625; baseline -0.004 -19"><span class='ocrx_word' id='word_1_871' title='bbox 1928 5568 2088 5624; x_wconf 75' lang='lat' dir='ltr'><strong>agere</strong></span> <span class='ocrx_word' id='word_1_872' title='bbox 2111 5555 2365 5625; x_wconf 86' lang='lat' dir='ltr'><strong>putabam</strong></span> <span class='ocrx_word' id='word_1_873' title='bbox 2397 5568 2408 5602; x_wconf 92' lang='lat'>:</span> <span class='ocrx_word' id='word_1_874' title='bbox 2442 5551 2537 5607; x_wconf 91' lang='lat' dir='ltr'><strong>sed</strong></span> <span class='ocrx_word' id='word_1_875' title='bbox 2564 5551 2692 5620; x_wconf 89' lang='lat' dir='ltr'><strong>quia</strong></span> <span class='ocrx_word' id='word_1_876' title='bbox 2724 5549 3007 5604; x_wconf 87' lang='lat' dir='ltr'><strong>audiebam</strong></span> <span class='ocrx_word' id='word_1_877' title='bbox 3039 5547 3494 5616; x_wconf 88' lang='lat' dir='ltr'><strong>vituperationem</strong></span> 
     </span>
    </p>
   </div>
   <div class='ocr_carea' id='block_1_117' title="bbox 1929 5639 3493 5710">
    <p class='ocr_par' dir='ltr' id='par_1_117' title="bbox 1929 5639 3493 5710">
     <span class='ocr_line' id='line_1_117' title="bbox 1929 5639 3493 5710; baseline -0.006 -11"><span class='ocrx_word' id='word_1_878' title='bbox 1929 5646 2222 5700; x_wconf 88' lang='lat' dir='ltr'><strong>multorum</strong></span> <span class='ocrx_word' id='word_1_879' title='bbox 2251 5642 2705 5700; x_wconf 87' lang='lat' dir='ltr'><strong>commorantium</strong></span> <span class='ocrx_word' id='word_1_880' title='bbox 2743 5641 2797 5696; x_wconf 90' lang='lat' dir='ltr'><strong>in</strong></span> <span class='ocrx_word' id='word_1_881' title='bbox 2826 5640 3083 5705; x_wconf 83' lang='lat' dir='ltr'><strong>circuitu,</strong></span> <span class='ocrx_word' id='word_1_882' title='bbox 3109 5639 3198 5710; x_wconf 89' lang='lat' dir='ltr'><strong>qui</strong></span> <span class='ocrx_word' id='word_1_883' title='bbox 3228 5647 3358 5694; x_wconf 90' lang='lat' dir='ltr'><strong>tunc</strong></span> <span class='ocrx_word' id='word_1_884' title='bbox 3386 5649 3493 5691; x_wconf 78' lang='lat' dir='ltr'><strong>una</strong></span> 
     </span>
    </p>
   </div>
  </div>
