3940 6292
530 402 628 459 2η

1218 399 1483 455 EUSEBII
1521 399 1997 457 CESARIENSIS
2032 400 2183 459 ΟΡΡ.
2223 399 2404 457 PARS
2438 400 2526 458 ill.
2555 432 2625 441 —
2656 401 3051 458 EXEGE'I'ICA.
3631 414 3718 467 272

531 520 927 576 etnivenlebant
970 531 1034 571 co
1064 517 1314 582 consilio,
1346 528 1405 574 ut
1432 520 1667 575 animam
1722 536 1897 576 meam
1952 521 2095 575 acci-

2196 521 2421 592 ἀφανείς
2468 520 2561 574 καὶ
2607 520 2824 591 ἀόρατοι
2869 519 3068 590 ἐχθροὶ,
3108 516 3488 588 περιπεσόντος
3529 534 3623 591 μου
3661 527 3715 595 τῇ

534 618 752 683 pereut;
800 624 926 665 nam
964 610 1168 666 occulti
1213 617 1267 666 et
1306 610 1608 668 invisibiles
1653 613 1880 678 inimici,
1921 629 2006 668 me
2036 613 2092 667 in

534 711 815 775 peccatum
846 704 1018 774 lapso.
1039 704 1094 758 in
1134 720 1303 760 unum
1350 706 1665 778 congregati
1709 715 1837 763 sunt
1881 714 1941 761 ut
1974 705 2094 760 ani-

534 811 676 851 mam
720 804 895 850 meam
930 803 1224 865 raperent;
1275 796 1395 852 ideo
1444 813 1633 852 eorum
1682 797 1913 853 insidias
1963 798 2093 853 sub-

533 886 814 950 odoratus,
844 886 947 940 tale
981 885 1047 940 de
1079 901 1164 941 me
1198 887 1524 957 supplicium
1560 889 1807 958 sumpsi;
1845 888 2093 959 cogitans

534 991 664 1031 num
717 976 855 1031 forte
884 976 1045 1041 Deus,
1092 988 1384 1049 conspecta
1430 978 1743 1050 liujusmodi
1792 979 2095 1050 abjcctione

522 1080 675 1134 mea,
704 1067 1077 1125 misericordia
1106 1077 1286 1123 motus
1314 1085 1400 1125 me
1430 1070 1761 1127 liberaturus
1787 1079 1950 1127 esset.

603 1158 771 1215 Vsus.
803 1157 1003 1224 15,16.
1049 1157 1159 1229 Ego
1192 1168 1367 1214 autem
1409 1160 1467 1213 in
1508 1170 1556 1215 te
1586 1161 1811 1230 speravi,
1849 1160 2095 1225 Domine;

535 1252 650 1307 dixi
670 1270 688 1309 :
712 1252 851 1307 Deus
883 1267 1026 1306 meus
1059 1268 1113 1306 es
1145 1260 1222 1316 tu,
1256 1252 1312 1305 in
1341 1252 1582 1307 manibus
1622 1254 1725 1308 tuis
1757 1262 1921 1309 sortes
1946 1271 2091 1310 mete.

537 1343 663 1400 Haec
696 1342 950 1407 inimicis,
985 1341 1180 1413 inquit,
1214 1351 1403 1397 contra
1436 1359 1521 1399 me
1554 1345 1924 1410 molientibus,
1954 1347 2007 1401 in
2041 1353 2097 1400 te

535 1435 1041 1508 speravi,Domine;
1073 1435 1310 1507 dixique,
1343 1443 1395 1491 te
1427 1436 1602 1492 solum
1627 1437 1757 1492 mihi
1792 1437 2095 1507 adjutorem

534 1524 779 1582 sufficere
808 1545 822 1580 :
853 1541 998 1587 nam,
1034 1523 1171 1580 Deus
1218 1541 1360 1580 meus
1394 1543 1448 1581 es
1497 1536 1575 1592 tu,
1613 1530 1667 1582 in
1699 1531 1947 1587 manibus
1991 1535 2095 1589 tuis

535 1630 701 1670 sortes
725 1632 868 1671 mete.
887 1614 992 1670 Pro
1017 1631 1124 1686 quo
1146 1624 1259 1670 tum
1279 1615 1540 1672 Hebraica
1564 1620 1744 1686 lectio,
1764 1630 1875 1676 tum
1901 1625 2094 1694 reliqui

535 1707 882 1775 interpretes,
915 1716 1147 1776 tempora
1193 1723 1326 1769 mea,
1346 1708 1653 1767 ediderunt.
1702 1712 1923 1769 Etiamsi
1951 1717 2094 1771 enim

534 1798 739 1854 inimici
772 1800 883 1869 jam
924 1799 1159 1855 maxime
1188 1799 1401 1858 viribus
1435 1803 1670 1870 valeant,
1718 1806 1874 1876 quasi
1906 1809 2097 1864 adver-

2199 612 2460 685 ἀμαρτία,
2490 612 2873 666 συνετάσσοντο
2916 610 3051 681 πρὸς
3097 609 3375 681 ἀλλήλους,
3410 610 3549 674 ὅπως
3590 610 3717 684 διαρο

2197 705 2410 759 πάσωσι
2454 703 2553 776 τὴν
2601 703 2738 775 ἐμὴν
2790 703 2985 773 ψυχήν.
3038 702 3234 772 Διόπερ
3261 700 3390 770 ἐγὼ,
3418 701 3516 772 τῆς
3548 702 3718 757 τούτων

2198 795 2482 867 ἐπιϐουλῆς
2512 793 2942 865 συναισθόμενος,
2967 795 3030 863 τῇ
3058 792 3295 864 τοσαύτῃ
3319 791 3545 862 ἐμαυτὸν
3569 794 3717 847 ἐπιδί-

2197 884 2318 939 δουν
2354 884 2610 955 τιμωρίᾳ,
2640 882 2694 935 εἴ
2729 899 2844 945 πως
2872 882 2977 952 ἄρα
3013 883 3041 933 ὁ
3069 880 3200 943 Θεὸς
3231 880 3319 933 διὰ
3357 879 3453 950 τὴν
3492 880 3720 953 τοσαύτην

2202 993 2302 1046 μου
2344 976 2666 1029 ταπείνωσιν
2715 972 2952 1044 ὲλεήσειέ
2999 988 3066 1041 με
3119 972 3214 1025 καὶ
3260 970 3478 1042 ῥύσαιτο
3518 970 3607 1041 τῆς
3632 973 3720 1028 τῶν

2199 1067 2293 1138 ὲχϐ
2302 1066 2408 1139 ρῶν
2436 1065 2741 1137 ἐπιϐουλῆς.

2282 1158 2420 1227 Ἐγὼ
2450 1156 2518 1210 δὲ
2549 1156 2645 1210 ἐπὶ
2687 1159 2785 1210 σοι
2818 1156 3071 1225 ἤλπισα,
3097 1156 3271 1223 Κύριε
3289 1170 3304 1185 ’
3344 1155 3508 1208 εἵαται
3533 1155 3607 1210 Σὺ
3624 1151 3718 1210 eid

2199 1246 2346 1315 Θεός
2365 1266 2504 1317 μου,
2532 1249 2603 1302 ἐν
2628 1247 2755 1313 ταῖς
2780 1249 2953 1317 χερσί
2971 1261 3087 1302 σου
3113 1251 3167 1302 oi
3191 1247 3404 1317 κλῆροι
3421 1265 3552 1318 μου.
3566 1248 3718 1302 Ταῦτα

2197 1340 2305 1393 τῶν
2330 1339 2538 1411 ἐχθρῶν
2574 1357 2695 1410 μου,
2722 1341 2873 1411 φησὶ,
2907 1340 3301 1412 βουλευομένων
3331 1341 3449 1395 κατ’
3485 1341 3625 1412 ἐμοῦ,
3646 1342 3719 1397 ἐπὶ

2200 1430 2260 1483 σὲ
2292 1431 2512 1502 ἤλπισα,
2542 1430 2747 1502 Κύριε·
2789 1428 2970 1498 ἔλεγόν
3011 1429 3073 1483 τέ
3119 1446 3179 1483 σε
3231 1430 3390 1500 μόνον
3431 1429 3607 1500 βοηθόν
3647 1448 3718 1501 μοι

2199 1523 2465 1595 ἀπαρκεῖν
2483 1538 2497 1553 ·
2532 1524 2674 1589 Θεὸς
2705 1521 2820 1590 γάρ
2853 1539 2970 1592 μου
2993 1516 3051 1575 εἷ
3068 1521 3170 1585 σὺ,
3192 1520 3263 1574 ἐν
3287 1520 3413 1588 ταῖς
3440 1523 3600 1591 χερσί
3624 1539 3718 1578 σου

2200 1617 2254 1667 oi
2283 1612 2495 1683 κλῆροι
2515 1630 2632 1683 μου
2652 1631 2665 1644 ·
2708 1612 2825 1667 ἀνθ’
2851 1604 2934 1675 οὗ,
2965 1615 3017 1666 οι
3050 1611 3240 1679 καιροί
3267 1628 3407 1680 μου,
3432 1613 3465 1681 ἡ
3499 1610 3716 1682 Ἐϐραῖκὴ

2200 1706 2502 1776 ἀνάγνωσις
2538 1706 2632 1759 καὶ
2658 1706 2708 1759 οἱ
2737 1706 2912 1760 λοιποὶ
2938 1702 3266 1776 ἑρμηνευταὶ
3292 1700 3643 1758 ὲκδεόώκασιν.
3667 1703 3718 1756 Et

2200 1799 2310 1871 γὰρ
2357 1799 2451 1853 καὶ
2495 1798 2562 1852 τὰ
2618 1798 2850 1869 μάλιστα
2890 1797 2985 1850 νῦν
3031 1800 3079 1850 οἱ
3127 1797 3310 1868 ἐχθροὶ
3362 1795 3717 1867 κατισχύουσιν,

535 1904 654 1944 sum
702 1905 788 1944 me
821 1891 963 1944 nacti
999 1899 1361 1961 opportunum
1405 1900 1656 1964 tempus;
1701 1902 1757 1949 at
1797 1896 1926 1951 mihi
1960 1905 2095 1953 tem-

2196 1888 2384 1963 ὥσπερ
2410 1889 2597 1961 καιρὸν
2624 1890 2836 1961 ἔχοντες
2863 1890 2979 1943 κατ’
3009 1887 3164 1959 ἐμοῦ,
3197 1888 3314 1942 ἀλλ’
3348 1889 3399 1941 οἱ
3426 1887 3542 1958 ἐμοὶ
3574 1885 3718 1957 καιροὶ

532 1995 663 2051 pora
712 1993 830 2036 mea
881 1982 937 2037 in
982 1983 1233 2039 manibus
1284 1983 1395 2039 tuis
1443 1992 1722 2041 reservata
1780 1995 1909 2043 sunt
1941 2005 1953 2039 :
1985 2004 2095 2059 quo

532 2079 777 2142 tempore
838 2080 1015 2130 sortes
1066 2089 1217 2130 meas
1274 2089 1442 2145 penes
1501 2083 1556 2132 te.
1614 2078 1885 2149 repositas
1936 2080 2089 2135 novi.

531 2160 893 2228 Quamobrem
919 2165 1046 2234 jure
1077 2166 1330 2237 supplico
1362 2167 1707 2239 postuloque,
1743 2186 1829 2227 me
1872 2170 1926 2226 in
1958 2186 2094 2241 pra:-

535 2255 674 2309 seuti
734 2255 802 2309 ab
857 2256 1097 2311 inimicis
1148 2266 1201 2313 et
1257 2271 1287 2310 a
1331 2259 1781 2329 persequentibus
1828 2276 1914 2316 me
1962 2262 2095 2317 libe-

534 2359 666 2399 rari.

622 2432 782 2490 Vens.
863 2430 1053 2489 17-19.
1129 2432 1355 2490 Illustra
1430 2436 1618 2507 faciem
1700 2447 1842 2492 tuam
1935 2448 2093 2507 super

530 2539 734 2580 servum
768 2535 934 2593 tuum,
964 2528 1168 2581 saluum
1202 2544 1283 2583 me
1325 2528 1412 2598 {ac
1456 2529 1511 2582 in
1554 2530 1917 2585 misericordia
1965 2541 2092 2585 tua:

534 2617 795 2682 Domine,
856 2635 963 2673 non
1008 2619 1346 2690 confundor,
1420 2624 1672 2694 quoniam
1730 2624 1964 2678 invocavi
2021 2633 2089 2679 te.

532 2711 997 2779 Quemadmodum
1035 2714 1251 2769 oriente
1289 2716 1404 2770 sole
1438 2716 1679 2772 tenebrae
1715 2716 2091 2787 dissipantur,

533 2804 637 2859 sub
670 2814 815 2859 terra
864 2804 1153 2869 absconso,
1202 2806 1384 2860 omnia
1418 2822 1525 2861 nox
1563 2814 1825 2877 occupat,
1855 2815 2094 2878 tuncque

529 2909 597 2947 ex
628 2892 865 2948 latibulis
890 2894 1021 2949 suis
1064 2894 1338 2965 prodeunt
1381 2896 1510 2952 fera:
1548 2907 1825 2968 agrestes,
1879 2898 2094 2969 virique

529 2984 763 3055 operarii
815 2986 1155 3055 iniquitatis;
1211 2988 1319 3054 ita,
1369 2986 1480 3046 Deo
1529 3003 1741 3053 averso,
1804 2990 2094 3061 insurgunt

532 3075 725 3130 animae
752 3075 969 3140 hostes,
1000 3077 1282 3147 ipsamque
1327 3079 1730 3135 incursionibus
1771 3079 2091 3146 molestam;

531 3164 651 3234 ipso
700 3172 878 3219 autem
915 3164 1145 3221 Deitatis
1186 3183 1299 3222 suae
1348 3168 1532 3223 lumen
1581 3170 1892 3234 emittente,
1947 3169 2093 3240 quod

532 3256 740 3309 vuttum
765 3254 857 3311 Dei
881 3254 1163 3327 Scriptura
1194 3272 1390 3314 vocare
1428 3261 1733 3328 consuevit,
1769 3270 1902 3317 tunc
1935 3277 2092 3318 avera
2118 3236 2160 3292 ο

532 3355 726 3402 tantur
746 3356 800 3402 et
829 3346 1010 3418 fugam
1059 3349 1268 3404 faciunt
1295 3366 1486 3407 omnes
1518 3354 1612 3422 qui
1644 3354 1821 3407 amica
1853 3355 2098 3412 tenebris

533 3450 698 3505 opera
728 3445 1064 3509 perpetrant,
1102 3453 1165 3493 ac
1193 3440 1456 3510 quidquid
1484 3441 1595 3497 Deo
1640 3445 1978 3498 contrarium
2010 3453 2097 3501 est

536 3526 856 3598 dissipatur.
905 3526 1089 3596 Quare
1124 3546 1216 3600 qui
1260 3533 1440 3602 primo
1471 3532 1834 3590 conﬁtebatur
1871 3536 2093 3594 dicens:

540 3614 767 3673 Illustra
820 3620 1011 3689 faciem
1064 3630 1210 3675 tuam
1266 3639 1424 3692 super
1474 3641 1680 3679 servum
1746 3635 1937 3694 tuum,
1983 3627 2097 3697 jam

538 3720 783 3774 rursum,
817 3708 934 3764 Non
959 3721 1182 3782 propter
1225 3724 1389 3785 opera
1435 3731 1576 3779 mea,
1615 3716 1814 3787 inquit,
1839 3717 1934 3773 sed
1971 3733 2098 3789 pro-

535 3809 657 3871 pter
699 3801 1130 3857 misericordiam
1175 3815 1322 3859 tuam
1357 3806 1586 3863 salutem
1643 3808 1891 3867 nancisci
1941 3825 2097 3880 rogo;

537 3898 698 3963 atque
749 3892 942 3946 iterum
977 3912 992 3948 :
1025 3894 1292 3959 Quoniam
1348 3904 1402 3951 te
1453 3898 1731 3962 invocavi,
1781 3899 1979 3970 inquit,
2027 3916 2098 3956 ne

538 3981 845 4036 contundar
870 3983 1000 4053 quia
1031 3986 1245 4054 speravi
1279 3986 1332 4040 in
1362 3994 1435 4041 te.
1464 3986 1676 4042 Etenim
1706 3990 1891 4060 impiis
1919 3991 2010 4060 qui
2046 4001 2098 4046 te

538 4071 708 4129 Deum
741 4089 848 4128 non
880 4084 1086 4129 noruut'
1103 4077 1457 4146 opprobrium
1480 4079 1727 4134 debetur.
1760 4080 2099 4151 Quapropter

537 4165 633 4228 ait,
655 4164 979 4220 Erubeseant
1008 4168 1158 4237 impii
1187 4180 1237 4223 et
1265 4169 1592 4224 deducantur
1614 4172 1667 4225 in
1690 4173 1984 4242 infernum;
2015 4175 2098 4229 vel

534 4257 835 4312 secundum
872 4259 1120 4329 Aquilam
1170 4268 1225 4315 et
1265 4260 1667 4332 Symmachum,
1701 4263 1905 4318 Sileant
1933 4266 1986 4317 in
2016 4266 2100 4317 in-

535 4349 704 4416 ferne.
743 4346 807 4401 Et
836 4348 945 4418 jam
969 4349 1189 4420 quidem
1220 4352 1297 4406 illi
1330 4353 1627 4422 loquuntur
1658 4356 1826 4409 muita
1859 4357 2009 4422 ausi;
2042 4363 2099 4410 at

533 4451 658 4491 cum
702 4437 757 4492 in
786 4448 1175 4509 congruentem
1226 4442 1333 4497 sibi
1377 4443 1558 4500 locum
1604 4445 1819 4502 deducti
1873 4447 2095 4513 fuerint,

2196 1981 2597 2052 πεφυλαγμένοι
2640 1982 2775 2035 εἰσιν
2797 1983 2856 2034 έν
2890 1980 3009 2043 ταῖς
3046 1982 3165 2043 σαῖς
3193 1980 3381 2051 χερσίν
3402 1997 3416 2010 ο
3445 1981 3500 2032 ὲν
3524 1975 3595 2042 οἷς
3619 1993 3717 2030 και-

2196 2079 2310 2147 ροῖς
2338 2070 2431 2128 καὶ
2457 2073 2582 2136 τοὺς
2606 2072 2841 2143 ἐμαυτοῦ
2871 2072 3110 2142 κλήρους
3136 2066 3252 2125 οἶδα
3284 2070 3432 2144 παρὰ
3461 2070 3538 2123 σοὶ
3556 2070 3719 2138 φυλάτ-

2194 2164 2398 2219 τεσθαι.
2430 2164 2520 2218 Διὸ
2543 2163 2767 2229 εἰκότως
2803 2162 3028 2217 ἱκετεύω
3073 2162 3166 2215 καὶ
3199 2162 3388 2232 δέομαι
3417 2160 3504 2213 ἐπὶ
3531 2158 3612 2213 τοῦ
3638 2176 3717 2212 πα·

2196 2252 2377 2329 ρόντος
2396 2255 2653 2328 ῥυσθῆναι
2668 2256 2732 2308 ὲκ
2755 2253 2861 2308 τῶν
2884 2252 3091 2325 ἐχθρῶν
3120 2270 3219 2323 μου
3250 2251 3350 2306 καὶ
3376 2253 3438 2304 ὲκ
3461 2250 3558 2304 τῶν
3584 2266 3717 2304 κατα-

2193 2346 2497 2402 διωκόντων
2525 2363 2611 2418 με.

2277 2438 2597 2507 Ἐπίφανον
2630 2436 2697 2490 τὸ
2742 2437 3065 2504 πρόσωπόν
3098 2453 3212 2490 σου
3256 2437 3357 2490 ἐπὶ
3405 2437 3505 2490 τὸν⁴
3535 2433 3719 2489 δοῦλόν

2195 2544 2309 2583 σου
2374 2527 2581 2582 σῶσόν
2620 2543 2698 2596 με
2733 2528 2803 2580 ἐν
2841 2527 2994 2580 ἐλέει
3030 2544 3146 2581 σου
3167 2544 3181 2557 ·
3216 2530 3416 2596 Κύριε,
3441 2527 3522 2597 μὴ
3560 2540 3717 2580 καται-

2194 2620 2553 2690 σχυνθείην,
2605 2620 2693 2672 ὅτι
2735 2618 3192 2687 ἐπεκαλεσάμην
3238 2636 3336 2673 σε.
3364 2620 3559 2689 Ὠσπερ
3600 2614 3718 2688 ἡλίου

2194 2711 2570 2776 ἀνατείλαντος
2603 2711 2786 2764 λύεται
2835 2713 2896 2765 τὸ
2942 2712 3130 2775 σκότος
3149 2728 3162 2742 ο
3194 2712 3307 2764 ὑπὸ
3333 2712 3431 2782 γῆν
3457 2712 3510 2764 δὲ
3535 2704 3718 2779 γενομέ-

2192 2825 2306 2871 νου,
2340 2808 2435 2874 viii
2471 2806 2822 2879 διαλαμϐάνει
2855 2807 2915 2859 τὸ
2948 2808 3054 2859 πᾶν
3074 2823 3087 2837 ’
3120 2806 3347 2877 προΐασι
3378 2822 3435 2857 τε
3462 2806 3519 2856 ἐκ
3541 2801 3632 2855 τῶν
3657 2801 3717 2852 ot-

2194 2896 2358 2953 κείων
2386 2898 2731 2953 καταδύσεων
2770 2899 2935 2970 θῆρες
2971 2898 3151 2969 ἄγριοι
3183 2898 3282 2951 καὶ
3316 2896 3498 2967 ἄνδρες
3524 2906 3719 2962 κακου9⁶

2192 2990 2315 3058 γίας
2347 2990 2572 3062 ἐργάται
2592 3004 2607 3021 ·
2633 2990 2823 3055 οὕτως,
2857 2988 3329 3058 ἀποστρεφομένου
3364 2988 3461 3059 μὲν
3490 2984 3572 3040 τοῦ
3593 2980 3713 3041 Θεοῦ.

2194 3082 2241 3134 ot
2268 3082 2365 3152 τῆς
2392 3080 2571 3152 ψυχῆς
2596 3080 2778 3152 ἐχθροὶ
2813 3079 3196 3134 ὲπανίστανται
3226 3079 3319 3131 καὶ
3347 3076 3715 3148 κατατρέχουσιν

2194 3171 2363 3242 αύτῆς
2378 3190 2391 3203 ο
2418 3172 2818 3243 ἐπιλάμψαντος
2843 3172 2900 3225 δὲ
2923 3169 3085 3224 αὐτοῦ
3107 3170 3167 3223 τὸ
3188 3169 3304 3239 φῶς
3332 3171 3429 3241 τῆς
3454 3166 3602 3223 αὑτοῦ
3623 3161 3714 3217 Θεό-

2194 3280 2373 3333 τητος,
2403 3265 2539 3335 ὅπερ
2564 3264 2853 3336 πρόσωπον
2868 3261 3000 3315 Θεοῦ
3029 3261 3317 3331 ὀνομάζειν
3341 3259 3521 3313 εἴωθεν
3543 3260 3573 3329 ἡ
3600 3257 3712 3327 Γρα-

2196 3355 2292 3426 φὴ,
2324 3354 2721 3427 ἀποτρέπονται
2752 3355 2846 3426 μὲν
2870 3353 2965 3407 καὶ
2992 3353 3363 3423 ἀποφεύγουσι
3395 3352 3578 3412 πάντες
3598 3347 3638 3399 oi
3660 3345 3715 3396 τὰ

2196 3445 2328 3515 φίλα
2352 3444 2446 3499 τοῦ
2477 3444 2697 3508 σκάτους
2734 3442 2869 3516 ἔργα
2912 3443 3384 3516 διαπραττόμενοι,
3407 3429 3712 3496 διαλύεταιᾶ

2196 3539 2306 3593 πᾶν
2334 3538 2393 3591 τὸ
2421 3537 2662 3592 ἐναντίον
2691 3537 2770 3608 τῷ
2798 3535 2936 3607 Θεῷ.
2967 3537 3058 3589 Διὸ
3091 3536 3395 3608 παρακαλεῖ
3417 3537 3444 3589 ὁ
3469 3534 3532 3587 τὰ
3557 3529 3712 3601 πρῶτα

2197 3627 2726 3700 ἐξομολογησάμενος
2758 3628 3013 3696 φάσκωνσ
3062 3628 3392 3695 Ἐπίςοανον
3430 3623 3494 3678 τὸ
3560 3620 3712 3689 arde-

2196 3720 2362 3772 ωπόν
2382 3732 2497 3772 σου
2528 3720 2614 3784 είς
2641 3719 2748 3772 τὸν
2772 3717 2995 3772 δοῦλόν
3036 3732 3177 3771 σου⁹
3230 3719 3321 3772 καὶ
3353 3717 3505 3772 πάλιν
3517 3722 3535 3745 ·“
3561 3712 3625 3766 Οὐ
3645 3707 3713 3762 διὰ

2195 3819 2294 3875 τὰς
2323 3809 2463 3879 ὲμάς
2495 3809 2740 3882 πράξεις,
2774 3812 2927 3880 φησὶ,
2954 3809 3043 3863 διὰ
3083 3811 3141 3864 δὲ
3171 3810 3232 3863 τὸ
3268 3811 3358 3864 σὺν
3392 3809 3528 3871 ἕλεος
3570 3800 3713 3869 σωθῆ·

2197 3919 2284 3954 ναι
2319 3902 2487 3967 ἀξιῶ·
2541 3902 2636 3955 καὶ
2681 3898 2871 3965 αὖθιςο
2913 3901 3063 3955 Ἐπεὶ
3106 3901 3164 3955 δὲ
3219 3918 3277 3955 σε
3328 3895 3711 3964 ἐπεκαλεσάμηνι

2198 3994 2353 4063 φησι,
2384 3992 2458 4063 μὴ
2504 3992 2973 4064 καταισχυνθείην,
3006 3994 3086 4046 δτι
3125 3993 3219 4046 ἐπὶ
3265 3994 3347 4048 σοι
3388 3992 3589 4062 ἤλπισα.
3615 3982 3712 4042 Τοῖς

2200 4082 2299 4151 μὲν
2327 4081 2434 4153 γάρ
2467 4080 2706 4147 ἀσεϐέσι,
2733 4084 2846 4144 τοῖς
2871 4082 2930 4134 σὲ
2959 4082 3050 4136 τὸν
3078 4078 3209 4136 Θεὸν
3232 4083 3331 4136 οὐκ
3357 4075 3712 4147 ἐπισταμένοις.

2200 4171 2426 4242 αἰσχύνη
2473 4172 2670 4241 πρέπει
2694 4189 2707 4204 ·
2755 4171 2835 4224 διό
2882 4188 3046 4243 φησιν
3069 4189 3083 4204 ο
3111 4172 3580 4243 Αίσχυνθείησαν
3599 4165 3711 4218 das-

2199 4261 2322 4328 ϐεῖς
2347 4261 2442 4315 καὶ
2470 4262 2912 4331 καταχθείησαν
2935 4264 3021 4328 εὶς
3047 4261 3193 4329 ᾅδου
3211 4280 3226 4295 ·
3258 4262 3291 4333 ἢ
3324 4259 3461 4315 κατά
3479 4260 3563 4313 τὸν
3586 4249 3712 4307 Ἃκέ-

2199 4350 2298 4405 λαν
2318 4354 2412 4406 καὶ
2437 4353 2527 4405 τὸν
2555 4353 2846 4423 Σύμμαχον
2866 4371 2878 4384 ο
2913 4354 3315 4408 Σιωπάτωσαν
3341 4357 3426 4420 εις
3453 4351 3607 4420 ᾅδην.
3623 4343 3713 4399 Νῦν

2208 4443 2309 4512 μὲν
2336 4442 2444 4514 γάρ
2473 4441 2689 4494 λαλοῦσι
2731 4440 2899 4493 πολλὰ
2932 4441 3266 4512 τολμῶντες·
3300 4440 3510 4495 ἐπειδὰν
3548 4436 3597 4488 δὲ
3631 4446 3711 4484 κα·

533 4538 663 4583 tunc
713 4531 1037 4601 arrogantia
1095 4533 1255 4588 ﬁnem
1312 4533 1546 4602 facient,
1591 4545 1723 4592 tunc
1778 4540 1920 4594 labia
1973 4542 2095 4608 illa,

2202 4533 2470 4604 ταχθῶσιν
2511 4535 2591 4597 είς
2631 4532 2692 4586 τὸ
2729 4533 3054 4604 κατάλληλον
3079 4532 3262 4596 αὐτοῖς
3287 4531 3493 4603 χωρίον,
3517 4527 3710 4626 tto-tnui-

530 4637 652 4691 qute
679 4622 733 4676 in
764 4624 1017 4693 praesenti
1048 4639 1169 4678 cum
1198 4626 1451 4695 superbia
1476 4637 1664 4682 contra
1688 4629 1897 4698 justum
1925 4631 2095 4688 virum

2204 4626 2379 4680 καῦτα
2400 4624 2695 4679 παύσονται
2716 4626 2814 4696 τῆς
2837 4625 3201 4696 μεγαλαυχίας
3216 4644 3231 4658 ·
3254 4625 3375 4677 τότε
3400 4623 3453 4675 δὲ
3478 4620 3561 4673 καὶ
3575 4611 3711 4671 ἀλαλι

532 4715 703 4768 multa
748 4714 1057 4785 proferunt,
1112 4723 1262 4770 muta
1306 4727 1501 4786 erunt;
1556 4729 1686 4775 tunc
1726 4721 1794 4777 de
1821 4723 2098 4793 justorum

532 4803 812 4861 hominum
846 4807 1102 4878 despectu
1135 4808 1271 4862 ultio
1302 4818 1568 4865 sumetur.

604 5064 768 5126 Vsus.
797 5068 889 5134 ΞΟ,
920 5070 1011 5125 ει.
1040 5070 1210 5136 Quam
1245 5088 1436 5143 magna
1468 5073 1754 5128 multitudo
1796 5074 2090 5130 dulcedinis

531 5167 658 5223 tum,
688 5158 928 5224 Domine,
960 5177 1118 5232 quam
1147 5164 1470 5218 abscondisti
1501 5166 1801 5220 timentibus
1833 5169 1916 5221 te!
1967 5168 2093 5223 Per-

531 5248 702 5316 fecisti
727 5250 801 5304 eis
834 5253 924 5320 qui
955 5263 1170 5321 sperant
1194 5255 1250 5307 in
1271 5263 1319 5307 te
1349 5255 1401 5307 in
1429 5268 1706 5325 conspectu
1732 5259 1967 5326 ﬁliorum
1996 5260 2090 5315 ho-

531 5345 752 5398 minum.
786 5344 1085 5401 Abscondcs
1131 5363 1218 5401 eos
1268 5349 1322 5400 in
1374 5348 1679 5403 abscondita
1712 5350 1868 5419 {aciei
1911 5361 2016 5407 tua:
2057 5370 2089 5408 a

492 5482 499 5489 .
537 5432 934 5489 contnrbatione
965 5437 1254 5492 hominum.
1312 5439 1559 5511 Proteges
1600 5458 1687 5496 eos
1737 5441 1795 5495 in
1844 5442 2091 5498 taberna-

530 5524 706 5577 culoa
741 5527 1157 5582 contradictione
1205 5528 1532 5599 linguarum.
1591 5529 1807 5595 lsthaac,
1853 5534 1949 5599 ait,
1991 5533 2089 5589 de-

533 5624 786 5684 precatus
818 5634 960 5679 sum,
1003 5628 1061 5672 ut
1090 5618 1330 5676 illustres
1367 5621 1559 5679 faciem
1589 5632 1736 5677 tuam
1770 5640 1935 5695 super
1968 5643 2086 5681 ser-

531 5722 661 5761 vum
716 5717 891 5771 tuum,
942 5718 993 5763 et
1043 5717 1102 5763 ut
1151 5711 1379 5767 salutem
1418 5714 1789 5771 miscricordia
1823 5723 1915 5770 tua
1958 5734 2092 5771 nan-

535 5799 731 5862 ciscar.
757 5809 810 5855 et
840 5817 907 5857 nc
936 5803 1242 5859 conmndar
1265 5805 1528 5873 quoniam
1563 5807 1807 5864 invocavi
1854 5818 1925 5874 te,
1951 5824 2084 5863 con-

2198 4717 2486 4787 γενήσεται
2524 4715 2595 4769 τά
2626 4716 2719 4769 ἐπὶ
2754 4716 2848 4770 τοῦ
2875 4716 3139 4788 παρόντος
3169 4714 3337 4770 πολλά
3378 4710 3511 4767 κατά
3545 4704 3626 4760 τοῦ
3645 4702 3709 4755 δι·

2199 4806 2352 4870 καίου
2398 4805 2741 4876 φθεγγόμενα
2772 4806 2923 4878 χείλη
2959 4806 3073 4876 μεθ’
3102 4804 3495 4877 ὑπερηφανίας·
3528 4797 3632 4850 τότε
3665 4788 3710 4841 ἃ

2201 4899 2296 4952 καὶ
2323 4898 2737 4969 ἐκδικηθήσεται
2766 4900 2914 4951 πᾶσα
2943 4900 2975 4968 ή
3006 4897 3146 4951 κατά
3180 4896 3287 4950 τῶν
3309 4894 3516 4949 δικαίων
3542 4879 3710 4952 “ww

2311 5007 2376 5042 ις.

2196 5006 2376 5043 νωσιο.

2279 5026 2371 5144 Ὡέι
2393 5079 2551 5133 πολὺ
2585 5079 2649 5132 τὸ
2677 5077 2910 5146 πλῆθος
2934 5076 3040 5146 τῆς
3066 5077 3470 5148 χρηστότητος
3488 5063 3708 5135 σω’,Κύ’

2189 5186 2303 5238 prs,
2323 5166 2398 5239 ἧς
2428 5171 2695 5239 ἔκρυψας
2718 5170 2840 5236 τοῖς
2861 5170 3252 5240 φοϐουμένοις
3274 5169 3382 5224 0's!
3406 5157 3709 5231 Ἐξειρτάσω

2195 5262 2318 5328 τοῖς
2349 5261 2695 5322 ἐλπίζουσιν
2732 5262 2829 5315 ἐπὶ
2875 5261 2950 5316 σὲ
2975 5262 3252 5316 ἐναντίον
3295 5259 3412 5314 τῶν
3439 5255 3573 5312 υἱῶν
3614 5245 3710 5301 τῶν

2197 5352 2539 5420 ἀνθρώπω.
2599 5353 3019 5420 Κατακρύψεις
3063 5354 3283 5417 αὐτοὺς
3321 5351 3390 5404 ἐν
3429 5340 3709 5410 ἀποκρύφῳ

2195 5444 2301 5497 τοῦ
2357 5443 2675 5512 προσώπου
2740 5459 2855 5499 σου
2913 5444 3033 5499 ἀπὸ
3094 5443 3352 5514 ταραχῆς
3406 5434 3701 5506 ἀνθρώπων

2195 5534 2526 5601 Σκεπάσεις
2578 5535 2797 5601 αὐτοὺς
2854 5536 2924 5588 ἐν
2977 5535 3192 5605 σκηνῇ,
3240 5534 3355 5590 ἀπὸ
3409 5521 3705 5590 ἀντιλογίας

2192 5625 2710 5695 τλωσσῶν.Ταῦτα,
2728 5627 2909 5697 φησὶν,
2930 5627 3196 5690 ἱκέτευσα,
3221 5623 3473 5693 ὲπιφάναι
3487 5618 3542 5671 τὸ
3564 5609 3703 5685 πρόσ-

2199 5719 2344 5773 ωπόν
2375 5735 2465 5771 σου
2522 5720 2612 5771 ἐπὶ
2641 5718 2731 5773 τὸν
2765 5715 2949 5772 δοῦλόν
2977 5736 3091 5784 σου,
3124 5720 3216 5771 καὶ
3248 5716 3473 5785 σωθῆναι
3497 5706 3562 5776 τῷ
3590 5697 3702 5755 ὲλέα

2202 5827 2293 5863 σου
2320 5808 2391 5881 μὴ
2419 5809 2789 5881 καταισχῦναι,
2816 5812 2896 5866 ὅτι
2923 5809 3330 5880 ἑπεκαλεσάμην
3352 5821 3428 5870 σε,
3449 5785 3700 5860 πεπεισμ·
