3940 6292
244 376 362 434 Ἣὸ

1405 370 1912 447 ,εοιιΜΕΝτΑιιιΑ
1951 369 2015 426 ιΝ
2046 363 2387 421 PSALMOS.

3402 355 3506 409 276

263 515 379 563 νος,
401 495 478 560 ὥς
508 499 544 568 ἡ
576 495 650 568 σὴ
679 494 976 566 χρηστότης
1004 491 1167 562 πολλή
1196 508 1276 554 τις
1301 491 1394 544 καὶ
1423 491 1622 557 άςατος
1647 486 1847 556 τυγχά-

1956 479 2087 534 fisus
2124 473 2594 532 mansuetudinem
2646 479 2794 528 tuam
2828 485 3073 540 magnam
3105 475 3163 530 et~
3186 463 3519 526 ineffabilem

277 611 382 654 νει,
413 589 650 643 πλούτου
672 589 731 642 δέ
758 587 911 655 γέμει
941 583 1153 638 πολλοῦ.
1177 583 1266 634 Διὸ
1293 583 1383 634 καὶ
1409 580 1556 651 παρὰ
1586 579 1662 650 τῷ
1690 580 1846 630 Ἀπο-

282 684 455 753 στύλῳ
487 681 706 750 εἴρηται
726 697 738 709 ’
779 680 844 732 Ἢ
883 674 986 730 τοῦ
1017 676 1280 728 πλούτου
1312 671 1418 740 τῆς
1448 669 1849 740 χρηστότητος

275 773 469 831 αὑτοῦ
498 772 598 826 καὶ
638 769 747 838 τῆς
775 767 998 836 ἀνοχῆς
1029 766 1124 820 καὶ
1167 764 1274 832 τῆς
1297 761 1698 832 μακροθυμίας
1748 778 1850 812 κα-

275 864 635 937 ταφρονεῖςς
695 860 855 926 Ἀλλά
904 859 998 913 νῦν
1043 860 1140 929 μὲν
1177 858 1237 910 οὐ
1284 857 1394 917 τοῖς
1433 855 1563 909 πᾶσι
1614 851 1847 922 φανεράν

275 962 459 1022 ποιεῖς
473 957 570 1028 τὴν
588 952 931 1026 χρηστότητά
947 968 1038 1004 σου
1055 969 1068 980 ·
1092 949 1351 1022 κρύπτεις
1365 947 1419 1000 δὲ
1451 946 1618 1016 αὐτὴν
1647 944 1740 997 καὶ
1756 960 1847 994 τα-

275 1048 451 1123 μιεύῃ
472 1047 755 1117 φυλάττων
776 1047 889 1106 τοῖς
911 1043 1071 1113 φοϐον
1081 1042 1258 1113 μένοις
1290 1057 1368 1091 σε.
1388 1037 1535 1090 Ἐπεὶ
1556 1037 1648 1089 καὶ
1676 1033 1849 1104 ἐξειρ-

270 1141 440 1211 γάσω
469 1140 639 1210 αὐτὴν
665 1139 742 1201 εἰς
774 1137 904 1189 αὐτὸ
922 1134 1107 1188 τοῦτο·
1130 1132 1271 1200 λέγω
1296 1130 1352 1182 δὲ
1369 1132 1447 1192 είς
1476 1129 1537 1181 τὸ
1558 1131 1669 1190 τοῖς
1695 1126 1846 1178 ἐλπί-

273 1233 472 1300 ζουσιν
507 1233 598 1285 ἐπὶ
636 1232 695 1284 σὲ
737 1231 1034 1300 παρασχεῖν
1079 1224 1280 1295 αὐτὴν,
1345 1222 1436 1276 καὶ
1491 1220 1743 1293 παρέξεις
1786 1235 1848 1286 γε

271 1326 458 1396 αὐτὴν
506 1322 645 1377 κατὰ
698 1321 885 1392 καιρὸν
928 1319 1032 1390 πρὸ
1066 1317 1172 1369 τῶν
1218 1312 1508 1384 ὀφθαλμῶν
1561 1311 1666 1365 τῶν
1722 1311 1849 1364 υἱῶν

270 1417 395 1471 τῶν
427 1413 751 1486 ἀνθρώπων,
777 1412 915 1465 ὥστε
957 1409 1161 1471 πάντας
1193 1406 1317 1458 ἰδεῖν
1349 1405 1444 1477 τὴν
1489 1404 1586 1471 σὴν
1621 1401 1850 1473 χρηστό-

270 1523 446 1574 τητα,
473 1503 651 1574 καιρῷ
680 1503 778 1572 τῆς
796 1500 900 1554 τῶν
934 1497 1151 1568 ἀγαθῶν
1181 1494 1410 1569 ἀμοιϐῆς
1439 1492 1716 1563 διδομένην
1740 1494 1848 1553 τοῖς

275 1597 495 1661 ἀξίοις·
539 1594 727 1664 διόπερ
757 1592 850 1645 καὶ
891 1593 948 1643 ἐν
989 1589 1064 1659 τῷ
1098 1588 1196 1658 βίῳ
1234 1588 1331 1650 τάς
1367 1603 1446 1639 σοι
1493 1584 1850 1653 ἀνακειμένας

266 1687 463 1757 ψυχὰς
493 1684 634 1739 κατὰ
655 1685 782 1747 τοὺς
802 1681 908 1735 τῶν
934 1681 1300 1754 πειρατηρίων
1328 1678 1547 1749 καιροὺς
1576 1677 1670 1747 τῆς
1700 1675 1849 1746 παρὰ

271 1778 487 1830 σαυτοῦ
521 1776 726 1845 σκέπης
750 1773 1017 1840 καταξιῶν
1046 1771 1434 1844 ἀποκρύπτεις,
1467 1770 1724 1840 ῥυόμενος
1749 1767 1846 1820 αύ-

268 1870 409 1933 ττοὺς
450 1869 561 1923 ἀπὸ
591 1867 834 1938 ταραχῆς
869 1865 1187 1937 ἀνθρώπων,
1219 1862 1312 1916 καὶ
1341 1861 1527 1934 ὥσπερ
1576 1863 1634 1925 ἐν
1677 1860 1854 1934 σκέπῃ

273 1962 391 2013 ὑπο
427 1960 525 2030 τὴν
579 1959 774 2012 σαυτοῦ
807 1961 962 2029 χεῖρα
998 1954 1283 2022 σκεπάζων
1315 1955 1510 2016 αὐτοὺς
1557 1952 1664 2006 ἀπὸ
1711 1953 1854 2005 ἀντι-

272 2049 472 2117 λογίας
501 2048 780 2116 γλωσσῶν,
801 2048 934 2118 πρὸς
958 2046 1015 2098 τ’)
1045 2045 1207 2116 μηδὲν
1225 2043 1693 2107 καταϐλάπτεσθαι
1719 2043 1855 2112 μήτε

276 2141 392 2194 ὑπὸ
425 2140 535 2192 τῶν
575 2139 753 2207 λόγοις
780 2140 975 2201 αὐτοὺς
1004 2136 1542 2207 καταπολεμούντων,
1583 2136 1716 2206 μήτε
1750 2135 1854 2187 ὑπὸ

275 2232 392 2286 τῶν
420 2232 492 2285 δι’
523 2231 700 2303 ἔργων
742 2230 842 2293 τὰς
881 2229 996 2297 κατ’
1029 2229 1204 2283 αὐτῶν
1250 2227 1496 2300 μηχανάς
1530 2226 1854 2290 συσκευαζοτ

278 2325 489 2400 μένων.

351 2415 702 2485 Εὐλογητὸς
729 2412 1075 2484 Κύριος-,ὅτι
1112 2410 1534 2482 ἐθαυμάστωσε
1573 2411 1638 2465 τὸ
1686 2412 1853 2474 ἕλεος

282 2506 478 2563 αὑτοῦ
505 2509 574 2560 ἐν
609 2508 783 2561 πόλει
823 2505 1123 2575 περιοχῆς.
1155 2503 1254 2556 Διὰ
1285 2503 1550 2560 τοσούτων
1589 2504 1688 2574 τὴν
1719 2502 1854 2573 πρὸς

291 2599 388 2652 τὸν
417 2599 542 2652 Θεὸν
582 2597 820 2662 ἔντευξιν
871 2596 1232 2666 πεποιημένος
1276 2598 1304 2650 6
1345 2593 1849 2665 ἐξομολογούμενος,

289 2691 388 2744 ἐπὶ
414 2690 645 2760 χρηστὸν
693 2688 1023 2761 περιγράφει
1055 2687 1205 2752 τέλος
1249 2689 1339 2741 τὸν
1391 2687 1580 2754 λόγον,
1621 2684 1854 2753 εὐλογῶν

283 2781 379 2832 τὸν
415 2781 579 2846 Θεὸν,
616 2780 707 2833 ὅτι
749 2779 1175 2848 ἐθα-υμάστωσε
1231 2779 1298 2832 τὸ
1339 2781 1512 2846 ἕλεος
1562 2779 1746 2833 αὐτοῦ
1786 2779 1855 2832 ἐν

281 2873 458 2937 πόλει
475 2872 783 2940 περιοχῆςο
809 2871 942 2942 ὅπερ
958 2871 985 2922 6
999 2870 1068 2925 Σύ
1079 2889 1288 2942 μμαχος
1303 2875 1334 2943 ἡ
1343 2872 1638 2943 ρμήνευσεν
1661 2870 1851 2933 οὕτως·

284 2963 632 3032 Εὐλογητὸς
666 2965 876 3030 Κύριος
900 2966 931 3015 ὀ
965 2963 1326 3031 παραδείξας
1367 2963 1432 3015 τὸ
1469 2962 1639 3026 ἕλεος
1669 2960 1854 3014 αὑτοῦ

283 3055 435 3122 ἐμοὶ,
469 3055 550 3120 ὠς
580 3054 649 3107 ἐν
679 3056 849 3108 πόλει
893 3052 1429 3130 περιπεφραγμένῃ.
1461 3055 1536 3105 Δι’
1564 3051 1697 3122 ἐμοῦ
1722 3051 1850 3123 γὰρ,

1950 585 2096 633 esse,
2136 583 2200 623 ac
2247 566 2452 621 divitiis
2499 563 2686 618 multis
2742 560 3028 616 refert-am.
3079 561 3256 626 Quare
3300 556 3520 614 dictum.

1946 661 2014 716 ab
2045 659 2306 730 Apostoio
2351 657 2453 712 fuit
2494 675 2506 711 :
2539 656 2626 709 An
2667 655 2876 708 diuitias
2919 651 3164 705 bonitatis
3189 650 3301 712 eius
3335 657 3383 701 et
3411 662 3522 716 ,πε

1949 754 2144 808 tientia:
2195 763 2263 807 et.
2313 748 2725 820 longanimitatis
2775 745 3066 800 contemnis
3086 743 3178 796 9'?
3228 740 3343 796 Sed
3391 740 3520 808 jam.

1947 845 2165 916 quidem
2192 859 2302 898 non
2339 842 2596 897 omnibus
2636 837 2936 896 bonitatem
2974 843 3120 888 tuam
3163 833 3522 886 manifestam.

1947 936 2111 1001 facis,
2153 936 2245 990 sed
2288 935 2532 989 occultas
2561 947 2677 986 eam
2728 937 2783 983 et
2838 926 3112 988 recondis,
3155 922 3522 991 custodisque.

1948 1027 2268 1081 timentibus
2293 1034 2364 1084 te.
2404 1024 2540 1090 Quia
2571 1037 2700 1076 vero
2733 1020 2799 1075 ad
2833 1034 2951 1074 eam
2985 1019 3159 1089 ipsam
3191 1030 3303 1068 rem
3333 1011 3510 1083 perfe-

1947 1120 2241 1179 cistieam,
2278 1116 2330 1170 id
2381 1124 2486 1177 est,
2537 1123 2595 1167 ut
2655 1111 3016 1182 sperantibus
3047 1109 3098 1162 in
3153 1118 3206 1162 te
3255 1105 3508 1176 largiare,

1949 1210 2301 1281 prmbeasque
2331 1209 2502 1278 ipsam
2553 1216 2866 1276 opportuno
2914 1209 3158 1270 tempore
3199 1214 3308 1268 pra:
3337 1197 3526 1254 oculis,

1951 1301 2182 1354 ﬁliorum
2228 1299 2530 1361 hominum,
2574 1296 2649 1350 ita
2683 1302 2745 1348 ut
2772 1308 2962 1348 omnes
2997 1290 3300 1351 bonitatem
3334 1288 3513 1356 suspi-

1950 1397 2100 1449 ciant
2139 1399 2309 1453 tuam,
2345 1397 2589 1460 tempore
2638 1383 3100 1444 remunerationis
3129 1382 3398 1436 bonorum
3431 1377 3514 1431 di-

1950 1483 2071 1554 guis
2114 1483 2464 1541 attributam;
2517 1479 2639 1532 ideo
2681 1479 2737 1531 in
2767 1477 2869 1530 hac
2911 1476 3018 1530 vita
3065 1471 3274 1526 animas
3305 1469 3401 1525 tibi
3425 1469 3515 1524 ad-

1950 1577 2145 1641 dictas,
2173 1574 2528 1629 lentationnm
2560 1578 2807 1637 tempore
2834 1576 2924 1622 tua
2956 1565 3292 1637 protectione
3318 1563 3514 1631 dignas

1952 1668 2178 1730 habens,
2213 1665 2528 1725 abscondis,
2584 1662 2896 1730 liherasque
2953 1659 3077 1712 illas
3124 1672 3153 1709 a
3212 1653 3513 1709 conturba-

1954 1759 2100 1817 tione
2133 1758 2439 1821 hominum,
2503 1771 2566 1811 ac
2619 1755 2728 1809 sub
2756 1767 2919 1806 manu
2967 1759 3058 1802 tua
3099 1749 3245 1802 velut
3287 1745 3389 1800 sub
3435 1755 3514 1798 te»-

1884 1833 1924 1886 Β
1955 1851 2132 1920 gmine
2182 1850 2417 1920 quodam
2454 1846 2693 1919 protegis
2736 1860 2830 1900 eas
2865 1858 2894 1895 a
2925 1839 3361 1896 contradictione
3407 1836 3516 1889 lin-

1953 1957 2203 2012 guarum,
2235 1947 2294 1994 ut
2323 1940 2456 1993 nihil
2491 1939 2756 1994 laedantur
2787 1935 2867 1990 vel
2894 1935 3050 1987 abiis
3082 1931 3174 2001 qui
3201 1931 3349 2000 ipsas
3393 1943 3515 1983 ver-

1955 2033 2039 2087 bis
2065 2033 2405 2102 impugnant,
2446 2031 2531 2086 vel
2579 2030 2648 2084 ab
2696 2029 2762 2082 iis
2814 2027 2906 2100 qui
2940 2023 3221 2086 machinas
3250 2035 3380 2076 suas
3411 2017 3522 2074 adn.

1955 2141 2147 2186 uersus
2179 2125 2300 2181 illas
2329 2125 2628 2182 instruunt.

2025 2410 2191 2467 Vsus.
2221 2411 2313 2466 22.
2332 2409 2646 2464 Benedictus
2675 2405 3220 2477 Dominus,,quoniam
3249 2402 3530 2470 miri/ictu.

1955 2503 2024 2557 uit
2048 2501 2460 2556 misericordiam
2483 2517 2633 2554 suam
2662 2502 2716 2553 in
2742 2501 2949 2553 civitate
2991 2494 3323 2550 munitionis.
3367 2491 3521 2546 Post-

1955 2609 2117 2665 quam
2150 2592 2460 2648 conﬁtendo
2496 2598 2578 2647 tot
2606 2591 2786 2646 verbis
2807 2589 2976 2644 Deum
3009 2584 3375 2656 compellavit,
3406 2598 3520 2638 ser-

1955 2701 2171 2743 monem
2221 2699 2380 2740 suum
2417 2691 2726 2754 opportuno
2756 2692 2810 2736 et
2855 2682 2996 2735 bono
3024 2677 3256 2732 termino
3283 2674 3528 2737 claudit,

1955 2775 2330 2831 benedicendo
2367 2774 2560 2838 Deum,
2593 2774 2841 2844 quoniam
2881 2769 3185 2837 miriﬁcarit
3216 2766 3518 2820 misericor-

1954 2867 2100 2921 diam
2128 2883 2280 2922 suam
2334 2867 2389 2920 in
2440 2867 2646 2920 ciuitate
2708 2862 3052 2916 munitionis:
3079 2857 3223 2929 quod
3277 2856 3540 2926 Symma-.

1954 2961 2098 3015 chus
2123 2960 2202 3014 sic
2225 2961 2614 3029 interpretatus
2641 2964 2754 3012 est:
2789 2953 3097 3009 Benedictus
3122 2951 3402 3011 Dominus,
3427 2946 3536 3016 qui.

1955 3050 2178 3104 ostendit
2201 3051 2329 3104 mihi
2350 3047 2762 3104 misericordiam
2799 3062 2972 3112 suam,
3003 3043 3158 3115 quasi
3197 3043 3251 3095 in
3301 3039 3536 3093 civitate-

289 3147 474 3217 φησιν,
508 3149 538 3200 6
577 3146 707 3209 Θεὸς
754 3145 1034 3216 ἐδοξάσθη,
1058 3148 1159 3210 ὅτι,
1188 3145 1391 3217 μυρίων
1431 3146 1515 3199 ἐπ’
1553 3145 1652 3216 ἐμὲ
1698 3143 1852 3198 πολε-

1957 3143 2180 3196 munita.
2225 3141 2328 3196 Per
2356 3157 2442 3196 me
2471 3141 2688 3211 quippe,
2731 3139 2828 3200 ait,
2860 3135 3005 3191 Deus
3031 3131 3368 3204 gloriﬁcatus
3411 3141 3516 3192 est.

291 3238 427 3308 μίων
473 3238 784 3294 συστάντων
809 3279 823 3302 ,
876 3241 970 3302 καὶ
1014 3239 1166 3309 δίκην
1223 3238 1462 3308 μεγάλης
1509 3238 1712 3300 πόλεως
1754 3237 1855 3308 τὴν

288 3331 429 3400 ἐμὴν
455 3329 636 3400 ψυχὴν
669 3329 973 3400 πολιορκεῖν
999 3329 1432 3398 πεπειραμένων,
1455 3331 1482 3381 6
1509 3329 1636 3400 ἐμὸς
1661 3327 1852 3398 φύλαξ,

290 3422 541 3492 φραγμὸν
575 3439 664 3492 μοι
694 3421 1020 3494 περιϐαλὼν,
1051 3423 1112 3474 τὺ
1158 3421 1302 3486 ἕλεος
1344 3419 1507 3474 αὐτοῦ
1548 3419 1855 3491 θαυμαστὸν

290 3510 510 3576 ἔδειξεν,
545 3511 688 3565 οὕτω
722 3529 789 3582 με
826 3511 1002 3576 σώσας
1034 3513 1163 3565 ὡσεὶ
1202 3513 1294 3566 καὶ
1327 3513 1476 3566 πόλιν
1504 3512 1671 3584 τείχει
1704 3530 1855 3583 nept-

291 3598 632 3669 ϐεϐλημένην
696 3599 903 3671 ὀχυρῷ,
947 3602 1195 3664 Τοιοῦτος
1243 3601 1297 3654 δέ
1347 3620 1433 3672 μοι
1487 3603 1714 3672 γέγονας
1734 3606 1797 3658 σὺ
1827 3607 1856 3660 6

289 3690 415 3760 ἐμὸς
448 3690 676 3760 Κύριος,
704 3693 936 3760 ὁπηνίκα
963 3693 1121 3756 αὐτὸς
1149 3694 1379 3763 ἐμαυτὸν
1405 3695 1674 3750 ταπεινῶν
1706 3697 1763 3747 ἐν
1787 3698 1853 3767 τῇ

289 3780 557 3854 γενομένῃ
594 3798 684 3852 μοι
711 3781 982 3846 ἐκστάσει,
1024 3784 1082 3834 ἐν
1205 3782 1498 3851 ἐταράχθη
1523 3783 1593 3836 ἐν
1629 3784 1792 3853 θυμῷ
1823 3789 1858 3840 ό

290 3872 596 3941 ὀφθαλμός
608 3890 727 3941 μου
745 3873 842 3927 καὶ
864 3875 902 3941 ἠ
930 3873 1096 3943 ψυχή
1125 3892 1262 3943 μου,
1285 3876 1384 3929 καὶ
1408 3879 1444 3944 ἡ
1473 3878 1698 3946 γαστήρ
1715 3897 1852 3946 μου.

287 3962 398 4016 Ούκ
439 3964 759 4034 ἐπετρίϐην,
795 3964 905 4018 ἀλλ’
940 3966 1250 4018 ἐταπείνουν
1293 3968 1544 4036 ἐμαυτὸν,
1578 3969 1650 4031 ὡς
1691 3971 1858 4040 άπορε

292 4053 474 4123 ῥιφεὶς
502 4054 612 4106 άπὸ
643 4054 750 4106 τῶν
796 4055 901 4135 σῶν
928 4057 1219 4127 ὀφθαλμῶν
1252 4057 1337 4112 διὰ
1381 4059 1477 4130 τὴν
1508 4060 1644 4130 ἐμὴν
1674 4063 1855 4132 ἁμαρ-

289 4144 427 4195 τίαν.
473 4141 637 4195 Ἀλλά
659 4142 826 4197 ταῦτα
853 4145 960 4212 ἐγὼ
997 4147 1091 4215 μὲν
1127 4147 1306 4213 ἔλεγον
1341 4149 1850 4219 ἐξομολογούμενος

293 4236 351 4286 σὺ
384 4234 442 4286 δὲ
477 4234 857 4305 φιλάνθρωπος
887 4254 979 4289 και
1016 4238 1216 4306 ἀγαθὸς
1247 4240 1398 4303 Θεὸς,
1423 4242 1523 4293 ούκ
1550 4241 1856 4310 ἀπέρριψας

286 4323 373 4376 τὸν
405 4323 501 4376 σὺν
532 4323 769 4394 οἰκέτην,
802 4324 934 4377 ἀλλὰ
960 4327 1100 4380 κατὰ
1137 4329 1235 4399 τὴν
1268 4329 1591 4398 ἐπαγγελίαν
1627 4332 1722 4402 τὴν
1750 4332 1854 4400 φά-

292 4429 560 4466 σκουσαν·
602 4413 777 4466 Ὅταν
803 4415 1211 4485 ἀποστραφείς
1227 4418 1542 4486 στενάξῃς,
1574 4423 1705 4472 τότε
1742 4435 1857 4474 σω-

1957 3230 2085 3300 quia
2112 3231 2503 3302 propemodum
2549 3228 2777 3288 inﬁnitis
2814 3226 3059 3282 collectis
3101 3223 3372 3284 hostibus,
3399 3219 3520 3272 ani-

1957 3338 2211 3393 mamque
2266 3337 2440 3377 meam
2495 3337 2593 3380 ceu
2650 3333 2907 3390 magnam
2947 3315 3223 3374 civitatem
3270 3312 3549 3367 obsidere,

1956 3415 2310 3477 conantibus,
2344 3422 2528 3469 custos
2555 3413 2646 3468 ille
2693 3427 2845 3467 meus
2876 3415 3030 3479 septo
3067 3423 3154 3462 me
3184 3406 3518 3460 circummu-o

1956 3509 2135 3574 niens,
2190 3507 2623 3564 misericordiam
2683 3520 2836 3560 suam
2899 3500 3203 3557 mirabilem
3250 3497 3534 3560 exhibuit,

1957 3608 2120 3670 atque
2150 3602 2226 3655 ita
2257 3615 2343 3655 me
2370 3598 2608 3654 servavit
2642 3595 2865 3667 perinde
2895 3603 3058 3667 atque
3095 3592 3369 3646 civitatem
3406 3587 3537 3641 for--

1957 3691 2169 3747 tissimo
2223 3707 2382 3744 muro
2409 3691 2634 3758 '_circum
2685 3689 3025 3742 instructam.
3064 3681 3212 3736 Talis
3259 3695 3384 3750 erga
3432 3692 3530 3734 mo—

1957 3782 2132 3848 fuisti,
2165 3782 2392 3836 Domine
2439 3782 2532 3846 mi,
2575 3779 2795 3850 quando
2828 3775 3204 3845 memetipsum
3237 3771 3517 3827 humiliari

1959 3876 2014 3930 in
2047 3890 2278 3930 excessu
2321 3873 2521 3926 mentis
2555 3887 2709 3934 mete,
2748 3884 2857 3939 quo
2894 3865 3236 3922 conturbatus
3267 3872 3343 3917 est
3368 3863 3419 3915 in
3435 3861 3542 3916 ira-

1957 3967 2138 4020 oculus
2191 3981 2357 4027 meus,
2406 3963 2586 4021 anima
2642 3979 2758 4016 mea
2804 3968 2854 4016 et
2904 3969 3078 4014 venter
3118 3973 3285 4013 meus.
3334 3954 3544 4026 Nequa

1957 4066 2090 4113 tunc
2140 4054 2562 4127 procrastinavi,
2619 4053 2715 4108 sed
2771 4051 3152 4120 memetipsum
3212 4045 3520 4110 humiliari,

1956 4147 2114 4220 quasi
2158 4147 2366 4217 peccati
2397 4147 2501 4202 mei
2549 4160 2714 4199 causa
2746 4144 3024 4213 projectus
3059 4141 3130 4198 ab
3157 4140 3332 4196 oculis
3380 4139 3514 4193 tuis.

1956 4241 2024 4294 Et
2061 4241 2175 4295 hmo
2213 4238 2433 4308 quidem
2463 4235 2773 4291 conﬁtendo
2798 4233 2909 4287 dixi
2937 4252 2950 4287 :
2979 4231 3061 4285 Tu
3095 4245 3220 4286 vero
3246 4230 3520 4283 humanus

1956 4333 2242 4402 bonusque
2276 4334 2438 4393 Deus,
2468 4345 2554 4384 me
2586 4327 2946 4384 domesticum
2978 4333 3130 4378 tuum
3171 4337 3276 4376 non
3309 4319 3517 4389 abjeci-

1957 4425 2028 4481 Sti
2050 4468 2064 4492 ,
2100 4425 2194 4480 sed
2224 4419 2524 4479 secundum
2553 4421 2964 4491 promissionem
2999 4419 3180 4480 istam,
3215 4413 3348 4470 Cum
3395 4428 3519 4466 con-

289 4503 476 4572 ϐἠσῃ·
512 4504 690 4558 ταῦτα
737 4506 871 4576 ἐμοῦ
924 4507 1171 4575 λέγοντος
1221 4511 1578 4580 εἱσήκουσας,
1622 4512 1714 4566 καὶ
1766 4512 1852 4564 διὰ

1956 4532 2130 4571 uersus
2163 4515 2498 4584 ingemueris,
2526 4522 2648 4564 tunc
2674 4510 2897 4564 salutem
2921 4507 3172 4562 obtinebis
3191 4506 3258 4567 ⁸⁸,
3289 4518 3374 4556 me
3403 4502 3526 4555 hrecr

290 4591 445 4648 τοῦτο
477 4593 948 4664 ἑθαυμιίστωσας
973 4595 1039 4650 τὸ
1076 4599 1247 4664 ἔλεός
1286 4615 1401 4652 σου
1431 4598 1558 4668 ἐμοὶ
1585 4600 1654 4652 ἐν
1684 4601 1857 4653 πόλει

292 4684 597 4755 περιοχῆςο

665 4798 751 4851 ἸὨ
788 4799 982 4854 ΔΑΥΙΔ
1009 4801 1356 4854 ΣΥΝΕΣΕΩΣ
1390 4803 1511 4855 AA'.

357 4887 650 4956 Μακάριοι
679 4881 766 4946 ὧν
795 4891 1104 4959 ἀφέθησαν
1128 4896 1184 4946 αἱ
1209 4895 1462 4962 ἀνομίαι,
1482 4896 1579 4949 καὶ
1603 4889 1690 4949 ὧν
1717 4897 1853 4950 ἐπε-

295 4979 697 5045 καλύφθησαν
738 4983 795 5033 αὶ
829 4981 1121 5050 ἁμαρτίαι.
1155 4981 1328 5034 Πολλὰ
1368 4982 1622 5047 κακώσας
1668 4985 1858 5038 ἐαυτὸν

297 5068 382 5120 ἐπὶ
404 5066 483 5138 τῷ
515 5067 882 5140 συμϐεϐηκότι
911 5071 1336 5142 πλημμελήματι
1365 5076 1393 5126 6
1429 5073 1608 5139 Δαυῒδ,
1639 5075 1733 5128 καὶ
1760 5075 1856 5139 τάς

297 5158 379 5216 διὰ
405 5160 502 5213 τοῦ
526 5161 851 5232 τριακοστοῦ
887 5163 1067 5231 φωνὰς
1101 5166 1415 5236 προέμενος,
1445 5166 1740 5238 φροντίζων
1765 5169 1857 5222 καὶ

299 5251 539 5320 ἀγωνιῶν
559 5252 657 5324 τὴν
669 5252 762 5306 τοῦ
779 5253 910 5308 Θεοῦ
932 5256 1128 5327 κρίσιν,
1147 5257 1230 5326 ἐφ’
1247 5252 1325 5322 οἷς
1348 5259 1508 5323 αὐτὸς
1529 5260 1704 5330 ἑαυτῷ
1730 5279 1854 5312 συν-

300 5341 540 5412 εγνώκειο
560 5340 678 5397 εἶτα
696 5345 775 5415 τῷ
786 5346 922 5398 Πνεύ
932 5364 1059 5417 ματι
1079 5348 1154 5419 τῷ
1176 5350 1313 5418 ἁγίῳ
1329 5351 1420 5402 καὶ
1448 5353 1514 5422 τῇ
1539 5352 1762 5423 δυνάμει
1787 5355 1853 5424 τῇ

303 5437 601 5507 προφητικῇ
635 5435 734 5507 τὴν
765 5436 850 5490 διὰ
881 5437 979 5508 τῆς
1020 5440 1281 5511 σωτηρίου
1316 5442 1533 5512 χάριτος
1564 5443 1856 5513 μέλλουσαν

300 5525 505 5582 Εσεσθαι
538 5529 708 5580 πᾶσιν
751 5527 1054 5600 ἀνθρώποις
1089 5530 1432 5603 συγχώρησιν
1470 5533 1576 5587 τῶν
1609 5535 1856 5606 ἁμαρτη-

303 5620 478 5694 μάτων
519 5618 802 5687 ἐπιγνοὺς,
851 5620 942 5674 καὶ
981 5621 1054 5685 ὡς
1084 5622 1133 5673 oi
1179 5622 1237 5689 ἐξ
1274 5621 1439 5678 ἐθνῶν
1479 5625 1853 5699 εἰδωλολάτραι

359 5799 416 5848 ³³-
440 5798 604 5863 Boni.
648 5814 721 5864 ιι,
756 5797 809 5859 4.
885 5799 930 5832 ’⁸
967 5798 1162 5858 Ezech.
1196 5816 1403 5866 xum,
1441 5801 1524 5858 12.

1959 4606 2226 4661 dicentem
2253 4605 2544 4669 exaudisti,
2586 4611 2641 4658 et
2669 4612 2953 4674 propterea
2983 4597 3283 4667 miriﬁcasti
3311 4592 3519 4648 miseria

1957 4699 2195 4758 cordiam
2232 4708 2375 4751 tuam
2410 4696 2536 4750 mihi
2563 4697 2618 4749 in
2655 4695 2862 4748 civitate
2887 4688 3214 4747 munitionis.

2189 4806 2316 4869 IPSI
2353 4806 2560 4862 DAV'ID
2598 4800 3070 4859 INTELLECTUS
3107 4794 3298 4851 XXXI.

2032 4901 2198 4955 Vens.
2242 4901 2295 4955 1.
2328 4900 2480 4954 Beati
2507 4913 2728 4967 quorum
2771 4897 3003 4949 remissa
3030 4896 3150 4945 sunt
3195 4883 3533 4954 iniquitates»

1962 5003 2010 5048 et
2061 5008 2283 5062 quorum
2318 4998 2452 5045 tecta
2504 4997 2624 5044 sunt
2668 4994 2904 5058 peccata.
2957 4982 3248 5049 Postquam
3290 4989 3386 5046 pro
3419 4973 3516 5028 ad-

1963 5085 2133 5140 misso
2165 5084 2370 5140 scelere
2403 5099 2524 5139 sese
2552 5079 2722 5136 David
2760 5077 2989 5132 multum
3015 5073 3298 5134 aﬂlixerat,
3328 5080 3518 5121 voces-

1961 5190 2066 5244 que
2110 5174 2164 5228 in
2199 5175 2408 5244 psalmo
2449 5171 2728 5228 tricesimo
2771 5167 2980 5238 positas
3029 5164 3309 5227 emiserat,
3343 5158 3410 5214 de
3434 5156 3522 5226 ju-

1961 5265 2105 5319 dieio
2136 5264 2228 5320 Dei
2265 5280 2361 5334 pro
2396 5265 2463 5317 iis
2491 5275 2728 5332 quorum
2766 5258 2872 5313 sibi
2905 5255 3161 5310 conscius
3201 5256 3321 5306 erat
3367 5247 3520 5304 solli-

1962 5356 2143 5422 citus;
2170 5370 2375 5427 gnarus
2396 5355 2525 5408 item
2548 5368 2616 5406 ex
2648 5349 2850 5420 Spiritu
2871 5352 3065 5401 sancto
3095 5351 3257 5413 atque
3293 5355 3358 5396 ex
3388 5353 3517 5409 pro-

1961 5448 2174 5518 phetica
2205 5447 2297 5501 illa
2345 5446 2566 5508 virtute,
2599 5440 2941 5498 remissionis
2990 5444 3340 5509 peccatorum
3389 5445 3512 5501 qua)

1961 5556 2055 5610 per
2082 5540 2371 5595 salutarem
2398 5536 2628 5605 gratiam
2651 5532 2963 5588 hominibus
2984 5525 3329 5586 concedenda
3362 5530 3479 5578 erat
3496 5537 3515 5579 ε,

1960 5609 2162 5700 ignarus
2195 5629 2323 5683 item
2359 5626 2673 5682 idololatras
2726 5633 2780 5680 et
2813 5624 3000 5680 atheos
3046 5617 3317 5677 sexcentis
3359 5609 3520 5667 matis
