3940 6292
506 370 614 430 273
1224 365 1498 422 EUSEBll
1531 363 2006 422 CAESAI‘IENSIS
2041 361 2193 419 OPP.
2232 359 2414 416 PARS
2452 359 2539 417 Ill.
2577 391 2649 402 —
2677 360 3080 418 EXEGETICA.
3643 367 3731 423 276

502 487 881 559 complicatos,
913 486 1208 555 aliquando
1238 488 1454 543 veniam
1487 495 1836 566 peccatorum
1871 502 1968 558 per
1992 486 2038 540 la

2147 482 2269 543 καὶ
2313 482 2483 551 ἀθεοι,
2538 481 2753 554 μυρίοις
2804 485 2992 553 κακοῖς
3040 482 3501 554 ἐμπεπαρμένοι,
3547 482 3727 555 ἀθρόας

497 595 723 635 vacrum
748 580 1181 650 regenerationis
1210 578 1502 635 confertim
1535 592 1951 651 consecuturos,
1980 579 2032 633 hi

2174 578 2304 631 ποτὲ
2338 576 2615 642 τεύξονται
2651 577 2899 653 ἀφέσεως
2944 575 3223 648 ἁμαρτιῶν
3260 575 3351 629 διά
3385 574 3610 647 λουτροῦ
3640 593 3727 631 πα-

495 670 656 729 dictis
692 670 915 725 eosdem
961 678 1046 726 ter
1076 670 1266 727 beatos
1295 671 1576 741 praedicat.
1627 670 1953 736 Gemitibus,
1984 672 2038 726 in

2166 667 2525 737 λιγγενεσίας,
2541 667 2968 741 τρισμακαρίους
2986 667 3209 730 τούτους
3229 666 3527 735 ἀποφαίνει
3538 668 3620 721 διὰ
3635 669 3726 723 τῶν

492 764 630 833 quit,
664 767 720 817 et
748 762 1012 834 lacrymis
1055 761 1442 835 frequentibus
1474 765 1684 839 peccati
1716 772 1881 833 causa
1930 778 2035 835 con

2168 763 2563 835 προκειμένων.
2632 761 2945 835 Ὀδυρμοῖς,
2994 761 3191 834 φησὶν,
3227 759 3339 830 ἐγὼ
3383 761 3482 815 καὶ
3524 760 3725 835 δάκρυσι

494 856 805 919 tabescens,
838 864 893 910 et
937 854 1084 913 illius
1115 869 1248 927 ergo
1289 856 1344 910 in
1397 855 1762 916 adversitates
1816 856 2038 912 inuume

2167 852 2412 924 θαμινοῖς
2446 854 2535 908 διὰ
2575 852 2673 928 τὴν
2705 853 2977 926 ἁμαρτίαν
3021 851 3410 925 προστετηκὼς
3430 892 3445 916 ,
3482 853 3575 906 καὶ
3607 872 3724 909 παν-

493 961 585 1000 ras
631 945 913 1017 delapsus,
965 947 1317 1002 aemulatione
1368 946 1571 1018 dignos
1606 963 1702 1003 eos
1764 961 1828 1002 ac
1876 947 2066 1004 beatos

492 1036 755 1107 prauiieo,
785 1038 880 1108 qui
911 1037 1032 1093 sine
1078 1038 1320 1094 miseriis
1349 1038 1691 1110 hujusmodi,
1722 1054 1820 1115 per
1849 1038 1944 1094 Dei
1972 1039 2062 1094 be-

493 1129 840 1200 nignitatem,
884 1130 1264 1187 remissionem
1309 1137 1661 1202 peccatorum
1711 1138 2061 1201 acceperunt.

492 1220 671 1275 Tanto
705 1222 907 1293 quippe
937 1238 1065 1301 erga
1091 1223 1216 1279 illos
1238 1223 1421 1295 studio
1452 1233 1505 1278 et
1525 1224 1850 1279 liberalitate
1868 1226 2059 1301 utitur,

491 1320 552 1368 ut
575 1329 687 1381 non
721 1315 899 1370 solum
941 1315 1206 1384 remittat,
1236 1315 1333 1371 sed
1359 1315 1526 1370 etiam
1557 1322 1704 1386 tegat
1728 1331 1917 1392 eorum
1945 1332 2064 1393 pec-

489 1412 633 1472 cata,
670 1413 731 1463 ut
764 1421 835 1462 ne
863 1406 1152 1477 vestigium
1183 1405 1403 1487 quidem
1435 1422 1627 1462 eorum
1653 1405 1934 1462 residuum
1964 1409 2056 1467 sit.

563 1587 727 1646 Vens.
757 1589 812 1653 2.
836 1590 1035 1646 Beatus
1068 1593 1147 1645 vir
1176 1592 1263 1646 cui
1297 1609 1402 1646 non
1434 1593 1773 1662 imputaverit
1798 1591 2058 1659 Dominus

484 1690 781 1751 peccatum,
829 1699 922 1759 nec
957 1694 1034 1738 est
1063 1684 1119 1753 in
1147 1700 1236 1738 ore
1280 1684 1394 1754 ejus
1427 1683 1604 1755 dolus.
1651 1683 1782 1751 Quae
1805 1684 2059 1754 superius

484 1773 633 1835 dicta
658 1781 808 1841 sunt,
847 1777 1145 1847 generatim
1173 1777 1492 1844 eﬂ‘eruntur,
1530 1784 1693 1861 atque
1721 1793 1912 1846 omnes
1938 1793 2058 1832 om-

2164 945 2428 1009 τοδαπαῖς
2453 947 2761 1017 συμφοραῖς
2787 943 2990 1015 ταύτης
3019 942 3179 1015 χάριν
3210 940 3550 1015 περιπεσὼν,
3576 940 3725 1015 ζηλω-

2163 1038 2290 1102 τοὺς
2334 1038 2573 1102 ἐκείνους
2612 1038 2705 1092 καὶ
2752 1035 3053 1109 μακαρίους
3102 1034 3365 1090 ἀποκαλῶ
3388 1076 3403 1101 ,
3450 1037 3576 1099 τοὺς
3612 1037 3723 1091 ἀτα-

2163 1110 2457 1203 λαιπώρως
2482 1133 2548 1202 τῇ
2576 1128 2670 1183 τοῦ
2725 1128 2862 1183 Θεοῦ
2910 1128 3291 1201 φιλανθρωπίᾳ
3335 1127 3450 1182 τῶν
3497 1129 3722 1201 ἁμαρτη-

2166 1222 2350 1291 μάτων
2388 1221 2712 1292 δεξαμένους
2751 1220 2849 1291 τὴν
2898 1219 3112 1290 ἄφεσιν.
3156 1220 3409 1292 Τοσαύτη
3461 1218 3568 1291 γὰρ
3614 1221 3721 1292 περὶ

2162 1313 2359 1377 αὐτοὺς
2380 1313 2577 1385 χρῆται
2608 1311 2911 1384 φιλοτιμίᾳ,
2942 1312 3018 1376 ὡς
3049 1312 3125 1384 μὴ
3160 1313 3320 1382 μόνον
3351 1313 3589 1382 ἀφεῖναι,
3609 1311 3721 1367 ἀλλά

2162 1406 2258 1481 καὶ
2302 1400 2541 1477 καλύψαι
2585 1404 2684 1471 τὰς
2716 1403 3160 1477 ἁμαρτίαςγκαὶ
3194 1405 3331 1478 μηδέ
3378 1406 3502 1476 ῖχνη
3542 1405 3718 1461 τούτων

2163 1497 2533 1552 καταλείπειν.

2235 1588 2536 1659 Μακάριος
2580 1588 2734 1658 ἀνὴρ
2773 1579 2822 1654 ᾧ
2885 1590 2956 1643 οὐ
3006 1585 3094 1658 μὴ
3161 1587 3483 1656 λογίσηται
3532 1588 3717 1655 Κύριος

2160 1680 2475 1751 ἁμαρτίαν,
2509 1679 2649 1735 οὐδέ
2675 1680 2847 1734 ἐστιν
2866 1679 2936 1734 ἑν
2958 1677 3038 1745 τῷ
3067 1679 3318 1749 στόματι
3340 1677 3529 1732 αὑτοῦ
3548 1677 3721 1742 δόλος.

2159 1774 2240 1828 Τά
2279 1773 2378 1844 μὲν
2406 1771 2817 1846 προλελεγμένα
2861 1771 3090 1840 γενικῶς
3122 1771 3367 1843 εἴρηται,
3394 1768 3488 1825 καὶ
3516 1769 3715 1844 καθόλου

483 1864 616 1920 nino
658 1866 963 1937 respiciunt
1015 1868 1109 1940 qui
1156 1885 1254 1941 per
1289 1871 1524 1941 gratiam
1559 1852 1909 1940 peccatorum
1951 1883 2038 1923 ve-

2156 1842 2289 1936 rtspi.
2321 1842 2539 1938 πάντων
2580 1862 2687 1937 τῶν
2730 1863 3034 1932 μελλόντων
3067 1842 3315 1933 ἀφέσεως
3348 1842 3624 1934 ἁμαρτιῶν
3645 1858 3714 1914 διὰ

481 1956 628 2025 niam
655 1959 871 2035 nacturi
905 1968 1069 2035 sunt;
1124 1972 1179 2017 at
1219 1978 1340 2032 quae
1379 1962 1436 2016 in
1467 1961 1726 2032 praesenti
1763 1961 2038 2026 dicuntur,

2152 1956 2254 2027 τῆς
2295 1956 2520 2028 χάριτος
2561 1950 2881 2027 τυγχάνειν·
2911 1954 2980 2009 τὰ
3022 1955 3079 2009 δὲ
3113 1955 3489 2027 προσκείμενα
3528 1954 3710 2035 ὄπωςή

478 2063 592 2118 quo
636 2032 744 2105 ritu
788 2032 1045 2110 remissio
1092 2055 1430 2110 concedatur
1489 2054 1735 2108 declarat
1793 2052 1881 2108 his
1927 2067 2038 2107 ver-

2150 2048 2343 2118 ἄφεσις
2375 2047 2575 2101 δίδοται
2597 2047 2895 2121 παρίστησι
2917 2046 3003 2101 διά
3033 2046 3156 2100 τοῦ·
3196 2043 3279 2103 Οὗ
3304 2046 3392 2116 μὴ
3422 2032 3711 2116 λογίσηται

480 2139 596 2197 bis:
641 2138 744 2218 Cui
776 2159 884 2197 non
914 2144 1252 2215 imputaverit
1281 2146 1539 2200 Dominus
1572 2153 1863 2214 peccatum.
1910 2142 2038 2198 Nam

2148 2139 2368 2206 Κύριος
2409 2138 2720 2207 ἁμαρτίαν.
2754 2137 2937 2202 ’Ἃπαξ
2987 2138 3087 2209 μὲν
3136 2138 3246 2210 γὰρ
3302 2136 3596 2209 γενομένην
3630 2134 3709 2208 τήν

477 2243 762 2304 peccatum
794 2237 963 2307 semel
996 2239 1545 2308 perpetratumJieri
1567 2254 1678 2293 non
1720 2252 1883 2308 posse
1913 2237 2038 2306 quin

2150 2228 2523 2301 παραχθεῖσαν
2581 2228 2852 2301 ἁμαρτίαν
2891 2229 3150 2300 ἀγένητον
3201 2228 3279 2300 μὴ
3316 2227 3574 2284 δύνασθαι
3592 2224 3708 2281 εἶναι

474 2324 780 2397 admissum
814 2325 981 2385 fuerit
1027 2329 1339 2399 significat:
1396 2331 1492 2386 sed
1539 2345 1705 2400 penes
1755 2329 2038 2382 Dominum

2147 2320 2329 2394 δηλοῖ·
2370 2321 2461 2375 τόν
2489 2338 2555 2390 γε
2585 2321 2683 2392 μὲν
2715 2321 2920 2396 Κύριον
2949 2320 3042 2374 τὸν
3073 2318 3322 2385 ἐξουσίαν
3352 2320 3540 2392 ἔχοντα
3569 2321 3620 2373 ἐν
3642 2320 3706 2389 τῷ

475 2430 619 2479 esse,
651 2422 712 2470 ut
738 2416 795 2487 in
817 2418 1126 2487 rationibus
1169 2421 1285 2490 suis
1313 2409 1561 2493 peceanti
1593 2420 1805 2476 facinus
1833 2420 1919 2475 vel
1943 2420 2038 2473 im-

2147 2411 2440 2484 λογοθεσίῳ
2477 2412 2788 2481 λογίζεσθαι
2838 2412 2916 2484 τῷ
2961 2412 3346 2484 ἡμαρτηκότι,
3401 2412 3436 2485 ἦ
3470 2412 3541 2484 μὴ
3585 2412 3705 2480 λογί-

475 2513 633 2578 putet
663 2506 749 2562 vel
778 2523 888 2564 non
910 2509 1160 2581 imputet,
1198 2528 1262 2580 ac
1302 2504 1516 2568 veniam
1546 2521 1601 2569 et
1647 2511 2038 2583 indulgentiam

2147 2503 2337 2568 ζεσθαι
2367 2503 2428 2557 τὸ
2476 2505 2886 2576 πεπραγμένον,
2922 2503 3056 2557 ἀλλά
3108 2506 3420 2577 συγχωρεῖν
3467 2504 3705 2579 ποιεῖσθαι

2143 2592 2242 2665 τὴν
2278 2594 2489 2663 ἄφεσιν.
2519 2594 2631 2647 Καὶ
2665 2594 2962 2669 ἐπειδήπερ
2993 2590 3221 2660 ἕκαστος
3253 2597 3367 2650 τῶν
3400 2596 3702 2669 προσιόντων

2142 2685 2211 2754 τῇ
2267 2682 2356 2736 διά
2418 2684 2514 2737 τοῦ
2574 2684 2947 2756 βαπτίσματος
2996 2686 3319 2760 δωρουμένη
3380 2686 3698 2757 συγχωρήσει

2142 2774 2211 2827 δι’
2245 2775 2534 2847 ὁμολογίας
2565 2777 2666 2847 τῆς
2714 2779 2795 2841 είς
2838 2777 2927 2831 τὸν
2961 2779 3224 2851 Σωτῆρα,
3263 2776 3373 2850 τῆς
3404 2795 3469 2847 γε
3515 2780 3590 2841 είς
3623 2776 3700 2830 τὸν

2142 2866 2250 2921 τῶν
2284 2868 2421 2922 ὅλων
2452 2869 2583 2924 Θεὸν
2619 2870 2874 2935 πίστεως,
2902 2872 2995 2926 καὶ
3017 2871 3084 2925 δι’
3118 2869 3563 2944 ἐξομολογήσεως
3590 2870 3701 2931 είλιτ

472 2596 762 2654 concedat.
804 2597 1009 2656 Verum
1055 2603 1185 2674 quia
1234 2612 1504 2676 quotquot
1536 2605 1916 2661 remissionem
1948 2602 2045 2658 de-

471 2686 748 2759 lictorum,
774 2707 897 2763 quae
941 2709 1039 2764 per
1080 2682 1413 2767 baptismum
1460 2697 1642 2762 datur,
1679 2696 1901 2760 adeunt,
1947 2711 2044 2765 per

470 2778 878 2857 confessionem
925 2784 979 2863 in
1015 2783 1361 2842 Salvatorem
1411 2787 1693 2855 emissam,
1732 2802 1829 2858 per
1880 2786 2041 2863 ﬁdem

469 2870 530 2943 in
558 2873 939 2951 universorum
968 2861 1159 2943 Deum,
1192 2894 1255 2933 ac
1283 2895 1380 2950 per
1406 2866 1810 2936 confessionem
1862 2861 2041 2935 since;

469 2976 612 3037 ram,
669 2967 881 3041 veniam
929 2977 1376 3040 consequuntur;
1404 2977 1772 3041 congruenter
1794 2977 1849 3024 et
1881 2984 2038 3023 accu-

2147 2959 2391 3032 κρινοῦς,
2422 2962 2523 3033 τῆς
2556 2962 2803 3031 ἀφέσεως
2851 2963 3131 3030 τεύξεται·
3175 2964 3385 3036 σφόδρα
3425 2962 3694 3035 ἀκριόῶςό

468 3063 587 3133 rate
609 3056 904 3115 admodum
938 3061 1219 3132 adjicitur,
1254 3062 1367 3118 Nec
1389 3064 1546 3118 estin
1578 3080 1667 3118 ore
1688 3063 1802 3132 ejus
1844 3062 1998 3117 dolus
2019 3101 2034 3128 ,

2147 3050 2297 3119 λόγος
2331 3052 2657 3127 προστίθησι
2710 3053 2807 3125 τὴν
2841 3053 3152 3123 φάσκουσαν
3190 3055 3538 3128 προσθήκην·
3574 3055 3693 3109 Οὐδ’

468 3158 583 3229 aut,
610 3152 666 3205 in
704 3154 896 3232 spiritu
942 3139 1057 3225 ejus
1098 3156 1290 3211 dolus:
1336 3172 1463 3212 nam
1510 3166 1745 3232 utroque
1784 3158 1947 3213 modo
1980 3159 2036 3234 in

2147 3143 2317 3199 ἔστιν
2345 3144 2415 3198 ἐν
2447 3143 2528 3211 τῷ
2553 3145 2802 3215 στόματι
2831 3145 3017 3201 αὑτοῦ
3032 3146 3232 3214 δόλος,
3260 3148 3317 3219 ἢ,
3347 3148 3418 3202 ἐν
3444 3147 3520 3214 τῷ
3538 3143 3692 3200 πνεύ-

468 3242 700 3324 lectione
721 3244 915 3302 fertur.
967 3246 1067 3301 Hic
1095 3249 1240 3302 enim
1270 3250 1488 3317 beatus,
1514 3252 1608 3322 qui
1655 3251 1853 3321 spiritu
1894 3266 2034 3321 puro

2147 3255 2277 3307 ματι
2305 3239 2492 3293 αὐτοῦ
2533 3237 2746 3305 δόλος·
2788 3239 3063 3311 ἑκατέρως
3106 3239 3216 3311 γάρ
3265 3241 3488 3313 φέρεται
3534 3240 3588 3293 ὲν
3626 3235 3692 3307 τῷ

466 3349 535 3390 ac
563 3350 658 3411 ore
688 3337 872 3413 veraci
899 3338 1306 3396 confessionem
1338 3342 1471 3408 edit,
1511 3358 1783 3414 vocesque
1831 3343 2038 3416 profert

2147 3329 2549 3403 ἀναγνώσματι.
2574 3325 2742 3395 Οὗτος
2772 3331 2880 3406 γὰρ
2915 3331 3203 3407 μακάριος,
3239 3335 3268 3386 ὁ
3301 3330 3524 3403 καθαρῷ
3552 3327 3693 3383 πνεύ-

466 3425 525 3481 in
557 3428 776 3485 lavacro
822 3435 1258 3511 regenerationis
1308 3437 1523 3494 solitas.
1567 3437 1726 3511 Quod
1769 3434 1902 3494 siin
1936 3455 2033 3496 ore

2147 3442 2271 3495 ματι
2315 3423 2416 3495 τὴν
2456 3423 2865 3501 ἐξομολόγησιν
2892 3425 3246 3496 ποιούμενος,
3282 3426 3379 3480 καὶ
3418 3424 3516 3488 τὰς
3548 3424 3601 3477 ἐν
3623 3419 3693 3511 τῷ

464 3519 608 3606 ejus,
630 3522 717 3602 vel
744 3522 798 3578 in
823 3509 1042 3602 spiritu,
1073 3527 1160 3602 vel
1192 3528 1249 3583 in
1290 3530 1473 3584 anima
1504 3510 1663 3586 dolus
1704 3531 2033 3608 inveniatur,

2147 3513 2345 3587 λουτρῷ
2368 3513 2468 3582 τῆς
2498 3513 2919 3581 παλιγγενεσίας
2948 3514 3131 3583 φωνάς
3164 3514 3612 3586 προσφερόμενος.
3635 3509 3689 3610 Ιῗί

466 3602 656 3689 utpote
677 3617 772 3691 qui
796 3601 1037 3690 seipsum
1066 3619 1345 3695 deceperit
1373 3622 1449 3697 ita
1478 3629 1538 3677 ut
1564 3623 1778 3678 veniam
1801 3639 1913 3678 non
1938 3601 2036 3680 οιὰ-

2147 3602 2181 3656 5’-
2230 3601 2476 3674 εὑρεθείη
2510 3604 2568 3656 ἐν
2616 3601 2693 3672 τῷ
2744 3603 2969 3674 στόματι
3015 3603 3179 3681 αὑτοῦ
3213 3604 3396 3669 δόλος,
3441 3603 3473 3675 ἢ
3523 3603 3576 3654 ἐν
3620 3601 3686 3668 τῷ

464 3703 667 3787 tineat;
691 3689 794 3763 sua
816 3689 1042 3779 insuper
1079 3689 1575 3791 mala-adaugebit,
1603 3728 1730 3768 cum
1771 3712 2037 3791 majorem

2147 3691 2408 3763 πνεύματι
2441 3699 2536 3768 καὶ
2578 3696 2647 3765 τῇ
2695 3692 2838 3775 ψυχῇ
2860 3734 2875 3758 ,
2907 3693 2981 3757 ὡς
3024 3695 3309 3766 ἀπατήσας
3357 3694 3543 3749 ἐαυτὸν
3571 3689 3685 3761 πρὸς

464 3794 570 3862 sibi
608 3782 748 3856 iram
773 3800 829 3856 in
860 3800 949 3858 die
975 3803 1072 3857 ira:
1117 3783 1575 3867 coacervaverit,‘
1843 3788 1846 3791 λ
2014 3781 2037 3791 ﬂ

2147 3784 2197 3837 τὸ
2218 3784 2291 3860 μὴ
2324 3787 2503 3855 τυχεῖν
2532 3784 2630 3855 τῆς
2653 3782 2921 3853 ἀφέσεως,
2944 3784 3025 3838 ἐτι
3057 3786 3151 3856 κα)⁸
3179 3785 3405 3858 αὐξήσει
3427 3784 3492 3839 τὰ
3516 3781 3683 3838 ἑαυτοῦ

2134 3876 2281 3928 κακά
2327 3875 2704 3947 ὲπισωρεύσας
2747 3875 2869 3956 καθ’
2922 3877 3120 3946 ἑαυτοῦ,
3164 3877 3386 3943 πλείονα
3441 3874 3596 3947 ὀργὴν
3633 3872 3682 3925 ἐν

2134 3966 2318 4053 ἡμέρᾳ
2344 3966 2534 4038 ὀργῆς.

2174 4074 2177 4075 ⁷
2207 4077 2327 4130 Ὅτι
2352 4077 2974 4151 ἑσίγησα,ἐπαλαιῴθη
3005 4077 3079 4131 τὰ
3115 4077 3269 4135 ὀστὰ
3289 4097 3430 4150 μου,
3460 4077 3569 4135 ἀπὸ
3588 4072 3679 4129 τοῦ

2134 4162 2366 4232 κράζειν
2387 4182 2463 4234 με
2488 4164 2639 4239 ὅλην
2663 4165 2778 4235 τὴν
2807 4167 3054 4237 ἡμέραν,
3084 4187 3137 4239 κ,
3167 4188 3218 4239 τ,
3253 4171 3304 4225 λ.
3342 4171 3559 4228 Ἐκεῖνοι
3587 4164 3671 4238 μέν

2135 4240 2243 4305 είσι
2293 4254 2568 4326 μακάριοι,
2586 4238 2696 4318 κοῦς
2730 4254 2806 4326 τῷ
2843 4238 3115 4328 πνεύματι
3162 4242 3327 4327 γνοὺς
3367 4257 3671 4330 ἐμακάρισα·

533 4061 701 4120 Vsus.
740 4062 797 4129 5,
826 4066 881 4121 4.
923 4066 1186 4131 Quoniam
1222 4070 1398 4135 tacui,
1451 4070 1866 4149 inveteraverunt
1909 4090 2037 4149 ossa

458 4173 599 4221 utea,
624 4156 751 4212 dum
786 4158 1075 4223 clamarem
1105 4168 1213 4215 tota
1245 4161 1349 4230 die,
1378 4172 1482 4220 etc.
1528 4163 1607 4220 Illi
1637 4147 1854 4237 quidem
1889 4147 2034 4239 beati

459 4256 610 4312 aunt,
634 4264 772 4320 quos
801 4250 855 4305 in
901 4251 1095 4327 spiritu
1122 4268 1457 4324 cognoscens
1485 4256 1675 4313 beatos
1719 4259 2030 4335 praedicavi.

461 4336 575 4410 Ego
605 4354 735 4395 vero
772 4352 1057 4413 postquam
1112 4344 1444 4402 clamoribus
1482 4355 1544 4404 et
1595 4348 2033 4427 confessionibus

2147 4341 2246 4411 ἐγὼ
2291 4342 2347 4396 δὲ
2386 4345 2555 4399 πολλά
2585 4348 2852 4421 κοπιάσας
2881 4349 2939 4402 ἐν
2968 4351 3091 4413 ταῖς
3116 4350 3253 4428 πρὸς
3274 4350 3366 4409 τὸν
3392 4349 3519 4402 Θεὸν
3543 4345 3674 4417 βοαῖς

454 4434 689 4491 multum
746 4433 1118 4507 laboraveram
1145 4476 1160 4502 ,
1207 4437 1533 4510 defatigatus
1566 4441 1731 4497 tacui.
1781 4423 2032 4517 Proque

2147 4429 2230 4487 καὶ
2258 4435 2720 4508 ἐξομολογήσεσιν,
2756 4439 3041 4512 ἀπέκαμον
3066 4423 3161 4515 καί
3200 4443 3458 4517 ἐσίγησα·
3482 4437 3588 4497 ἀνθ’
3620 4428 3672 4488 οὗ

456 4522 857 4621 §ymmachus‘,
911 4527 1176 4603 Quoniam
1230 4530 1392 4596 silui;
1450 4531 1751 4621 Theodotjo
1806 4546 2030 4608 autem,

2147 4524 2164 4621 ξ
2202 4525 2299 4619 μὲν
2337 4525 2647 4613 Σύμμαχος,
2679 4529 2798 4584 Ὅτι
2828 4532 3203 4609 ἀπεσίγησα·
3236 4535 3265 4587 ὁ
3307 4533 3364 4586 δὲ
3387 4528 3668 4621 Θεοδοτίων,

453 4610 720 4681 Quoniam
750 4613 1006 4686 laboravi,
1031 4618 1368 4689 interpretati
1396 4630 1542 4678 sunt.
1575 4604 1797 4680 Pro'illo
1823 4604 2027 4694 autem,

2147 4604 2256 4667 Ὀτι
2280 4610 2608 4681 ἐκοπίασα,
2644 4621 3013 4693 ήρμήνευσαν.
3034 4604 3195 4678 ’Ἂντὶ
3230 4624 3287 4678 δὲ
3324 4625 3417 4678 τοῦ
3446 4620 3557 4677 ἀπὸ
3582 4616 3672 4672 τοῦ

451 4702 577 4757 dum
602 4705 911 4771 clamarem,
943 4694 1302 4779 Sj'mmaclius
1323 4754 1337 4779 ,
1363 4710 1503 4766 Dum
1542 4712 1867 4773 lamentarer
1916 4704 2031 4776 tota.

2147 4706 2367 4776 κράζειν
2396 4727 2494 4779 με,
2540 4711 2671 4786 Ἀπὸ
2708 4713 2815 4768 τοῦ
2852 4714 3172 4787 ὀδύρεο·θαί
3208 4735 3287 4793 με
3315 4719 3516 4777 πᾶσαν
3544 4709 3672 4782 ήμέ·

450 4794 567 4859 die,
602 4793 790 4852 edidit.
842 4794 1286 4854 Inveteraverunt
1317 4809 1497 4858 autem
1528 4803 1649 4872 ejus
1692 4821 1853 4873 ossa,
1890 4826 2024 4866 cun-

450 4886 579 4940 trita
623 4888 832 4944 scilicet
875 4905 943 4945 ex
979 4891 1240 4946 continua
1287 4893 1381 4948 illa
1410 4894 1700 4954 afﬂictione
1743 4915 1849 4971 qua
1877 4916 1937 4957 se
1968 4904 2026 4958 in

448 4977 795 5036 confessione
848 4983 1146 5038 maceravit
1177 5003 1192 5038 :
1244 4983 1317 5038 ibi
1347 5000 1582 5057 namque
1615 4989 1760 5046 vires
1787 4992 1983 5049 animae
2004 5035 2020 5062 ,

448 5083 568 5139 qua:
587 5085 713 5128 ossa
739 5072 1014 5141 dicuntur,
1034 5074 1491 5147 defatigabantur.
1511 5078 1693 5146 Quare
1722 5085 2022 5140 secundum

448 5158 698 5230 Aquilam
731 5162 955 5230 dicitur,
986 5165 1249 5232 Quoniam
1276 5171 1532 5238 obmutui,
1555 5177 1785 5230 contrita
1806 5175 2022 5246 {uerunt

447 5268 571 5306 ossa
600 5269 715 5307 mea
756 5256 812 5310 in
850 5259 1023 5330 rugitu
1056 5276 1206 5326 meo;
1263 5263 1561 5319 secundum
1593 5264 1975 5338 Symmachum
1999 5309 2015 5337 ,

447 5347 714 5414 Quoniam
736 5349 883 5412 silui,
916 5352 1334 5409 inveteraverunt
1372 5372 1495 5411 ossa
1536 5373 1653 5412 mea
1683 5400 1696 5424 ,
1746 5358 1873 5414 dum
1903 5361 2019 5416 cta-

446 5453 645 5494 τιατ-ειη
672 5447 783 5493 tota
809 5438 912 5495 die.
950 5440 1071 5497 Non
1098 5441 1166 5497 ad
1197 5460 1366 5498 unum
1404 5461 1670 5512 mensem,
1696 5449 1792 5505 sed
1840 5452 2020 5506 omni-

447 5526 548 5589 bus
586 5529 778 5586 diebus
807 5544 930 5586 sese
958 5534 1270 5589 macerabat
1296 5551 1359 5591 ac
1384 5535 1732 5609 defatigabat.

518 5707 685 5767 Vna.
719 5711 771 5767 5.
792 5710 1055 5766 Delictum
1078 5729 1246 5768 meum
1276 5717 1541 5786 cognitum
1570 5719 1691 5788 feci,
1718 5732 1770 5776 et
1803 5722 2018 5793 injusti-

447 5806 576 5874 tiam
616 5823 786 5874 meum
815 5821 919 5874 non
959 5805 1227 5863 abscondi.
1271 5808 1431 5864 Dixi:
1478 5810 1777 5881 Conﬁtebor
1826 5814 2011 5871 advar-

2129 4815 2276 4867 ραν,
2317 4800 2611 4856 ἐκδέδωκεν
2655 4806 2685 4858 ό
2714 4805 3026 4878 Σύμμαχος.
3054 4797 3399 4879 Ἐπαλαιώθη
3429 4808 3484 4861 δὲ
3527 4798 3669 4881 αύτοῦ

2132 4892 2201 4945 τά
2225 4892 2356 4946 ὀστᾶ
2398 4894 2787 4969 συντριϐόμενα
2806 4890 2881 4953 ἐκ
2912 4901 3014 4973 τῆς
3049 4901 3248 4973 πολλῆς
3281 4899 3563 4960 κακώσεως
3584 4894 3669 4962 τῆς

2135 4983 2275 5038 κατά
2303 4985 2401 5057 τὴν
2432 4986 2812 5061 ἐξομολόγησιν
2844 4992 2992 5063 αὐτῷ
3016 4995 3407 5067 γεγενημένης·
3448 4995 3502 5046 ἐν
3588 4984 3668 5039 καὶ

2131 5075 2231 5139 τὰς
2260 5076 2514 5154 δύναμεις
2537 5074 2649 5151 ’τῆς
2677 5082 2855 5153 ψυχῆς
2898 5083 3061 5137 ὀστέα
3114 5084 3512 5157 ὀνομαζομένας
3553 5092 3666 5138 κατ·

2132 5168 2335 5226 επὸνει.
2364 5170 2455 5224 Διὸ
2482 5172 2620 5227 κατὰ
2649 5173 2739 5227 τὸν
2766 5173 2996 5228 Ἀκύλαν
3023 5177 3264 5253 εἴρηται·
3295 5156 3411 5228 Ὅτι
3436 5170 3668 5239 ἐκώφευσ

2130 5273 2235 5328 σα,
2266 5264 2575 5332 κατετρίόη
2606 5265 2680 5341 τὰ
2725 5265 2875 5322 ὀστᾶ
2913 5285 3033 5338 μου
3074 5267 3144 5321 ἐν
3178 5263 3514 5337 ,βρυχήματί
3531 5268 3662 5329 ,βίου’

2132 5353 2274 5408 κατά
2318 5355 2377 5409 δὲ
2422 5355 2513 5410 τὸν
2559 5346 2852 5431 Σύμμαχον
2871 5399 2886 5424 ,
2921 5359 3041 5414 Ὅτι
3081 5358 3499 5426 ἀπεσιώπησα,
3541 5350 3669 5404 ἐπα·,

2130 5444 2352 5516 λαιώθη
2389 5447 2462 5502 τὰ
2487 5447 2639 5505 ὀστᾶ
2670 5442 2810 5520 μού,
2850 5451 2969 5506 ἀπὸ
3002 5450 3111 5504 τοῦ
3142 5451 3451 5519 ὀδύρεσθαι
3482 5440 3664 5496 πᾶσαν

2133 5538 2378 5609 ἡμέραν.
2407 5543 2539 5596 Οὐδὲ
2567 5543 2724 5615 μέχρι
2760 5545 2944 5617 μηνὸς,
2982 5545 3119 5600 ἀλλά
3150 5544 3327 5620 πάσας
3358 5539 3451 5603 τὰς
3477 5530 3661 5607 ἡμέρας

2132 5632 2459 5704 κατέτρυχεν
2492 5635 2683 5689 ἑαυτὸν
2709 5636 2801 5689 καὶ
2834 5638 3138 5692 κατεπόνει.

2199 5723 2319 5793 Τὴν
2348 5725 2638 5794 ἁμαρτίαν
2670 5744 2790 5796 μου
2812 5725 3120 5796 ἐγνίὶφιαα,
3148 5725 3248 5782 καὶ
3281 5723 3391 5792 τὴν
3423 5713 3650 5785 ἀνομίαν

2115 5835 2230 5890 μου
2261 5817 2370 5872 οὐκ
2393 5817 2688 5887 ἐκάλυψα.
2722 5815 2903 5874 Εἴπα·
2952 5819 3341 5887 Ἔξαγυρεύσω
3373 5812 3493 5869 κατ’
3518 5801 3642 5877 ἐμοῦ
