3940 6292
410 281 522 339 ἳἚἸ

1561 297 2064 354 ΟΟΜΜΕΝἸἊΒΙΑ
2099 298 2166 352 1N
2205 299 2540 358 PSALMOS.

3576 302 3684 360 278

415 403 532 474 τὴν
575 407 846 480 ἀνομίαν
863 432 985 484 μου
1025 415 1101 481 τῷ
1129 416 1343 484 Κυρίῳ,
1377 417 1471 471 καὶ
1508 417 1589 472 σὺ
1621 418 1862 487 ἀφῆκας
1893 420 1971 486 τὴι

2075 475 2079 485 ι
2108 436 2224 473 sum
2252 437 2330 474 me
2368 421 2684 490 injustitiam
2718 422 3198 487 meamDomino,ct
3223 431 3277 478 tat
3299 423 3547 478 remisisti
3577 425 3672 476 im-

425 499 703 555 ἀσέϐειαν
745 503 863 572 τῆς
893 506 1138 575 καρδίας
1171 526 1309 577 μου.
1354 507 1685 578 Διάψαλμα.
1724 510 1905 563 Ἀλλοι
1945 510 2003 563 δὲ

426 595 511 657 οὐ,
533 592 647 662 τὴν
666 595 954 651 ἀσέϐειαν
975 597 1082 666 τῆς
1111 599 1378 666 καρδίας,
1407 599 1563 663 ἀλλὰ,
1587 602 1701 668 τὴν
1723 599 2002 656 ἀσέϐειαν

425 685 539 755 τῆς
568 690 858 757 ἁμαρτίας
886 709 1025 760 μου,
1063 691 1322 756 ἐξέθεντο.
1360 693 1502 746 Ἀντὶ
1537 693 1592 746 δὲ
1623 694 1811 748 τούτου
1840 696 1999 768 ἀκρι-

422 777 678 851 ϐέστερον
703 783 732 834 ὁ
772 782 1066 852 Σύμμαχος
1103 785 1450 853 ἡρμήνευσεν
1509 783 1710 838 εἰπών·
1762 787 1888 840 Ἵνα
1918 786 1998 840 σὺ

415 869 656 939 ἀφέλῃς
695 872 808 939 τὴν
846 875 1134 941 ἁμαρτίαν
1154 892 1294 943 μου.
1344 875 1480 930 Τάδε
1537 875 1666 949 γὰρ,
1719 879 1874 946 φησὶ,
1905 880 1997 932 καὶ

415 961 545 1016 τάδε
571 963 983 1036 διεπραξάμην,
1018 968 1104 1021 ἵνα
1145 967 1270 1022 τάδε
1311 986 1401 1039 μοι
1421 967 1704 1037 γένωνται.
1745 970 1858 1023 υὺκ
1896 970 1996 1042 ἤδη

415 1053 735 1126 τετυχηκὼς
775 1056 876 1125 τῆς
909 1058 1176 1128 ἀφέσεως,
1212 1059 1326 1112 ἀλλ’
1377 1059 1452 1123 ὡς
1496 1060 1672 1114 πάντα
1719 1061 1994 1130 πράττων,

415 1145 505 1198 ῐνα
533 1146 707 1216 αὐτῆς
736 1146 906 1220 τύχῃ,
941 1149 1090 1202 ταῦτ’
1129 1150 1282 1220 ἔλεγε
1337 1149 1477 1204 κατὰ
1519 1151 1611 1204 τὸν
1661 1152 1953 1223 Σύμμαχον
1979 1193 1992 1206 .

413 1237 528 1290 Καὶ
567 1237 762 1308 ἔχεταί·
784 1258 845 1309 γε
898 1241 1120 1314 λόγουη
1172 1243 1393 1315 τοιαύτη
1444 1244 1733 1314 ἑρμηνεία·
1785 1247 1830 1298 εί
1887 1245 1995 1316 γὰρ

412 1327 637 1400 ἐτέρους
685 1331 1049 1403 ἐμακάριζεν,
1077 1330 1152 1391 ὧν
1190 1334 1469 1405 ἀφέθησαν
1523 1336 1583 1388 αἱ
1639 1335 1888 1406 ἀνομίαι,
1919 1336 1995 1400 ὡς

413 1420 645 1490 μηδέπω
664 1423 824 1486 αὐτὸς
852 1424 1166 1496 τετυχηκὼς
1186 1426 1283 1495 τῆς
1313 1426 1579 1495 ἀφέσεως,
1615 1427 1730 1491 πῶς
1763 1427 1994 1481 ἐνταῦθα

407 1511 637 1567 ἐδύνατο
661 1514 835 1583 λέγειν
861 1535 873 1547 ·
907 1517 1014 1570 Καὶ
1046 1518 1128 1572 σὺ
1160 1517 1402 1587 ἀφῆκας
1434 1519 1548 1587 τὴν
1575 1519 1852 1574 ἀσέϐειαν
1884 1520 1992 1589 τῆς

400 1602 700 1673 ἁμαρτίας
732 1625 851 1676 μου
867 1624 896 1671 ;-
918 1608 1119 1679 Διόπερ
1155 1609 1294 1664 κατά
1325 1610 1415 1662 τὸν
1451 1610 1741 1682 Σύμμαχον
1776 1612 1993 1684 ἀκριϐέ-

403 1712 597 1768 στερον
622 1700 870 1771 είρῆσθαί
898 1720 1042 1774 φημι
1070 1705 1150 1768 τὸ,
1186 1706 1311 1760 Ἵνα
1337 1706 1418 1760 σὺ
1452 1705 1683 1775 ἀφέλῃς
1712 1705 1823 1774 τὴν
1849 1707 1988 1760 ἀσέ-

396 1785 571 1840 ϐειαν
599 1785 706 1854 τῆς
745 1791 1032 1860 ἁμαρτίας
1060 1811 1199 1864 μου.

485 1878 657 1947 ’Υπὲρ
707 1883 926 1951 ταύτης
960 1885 1359 1953 προσεύξεται
1401 1904 1500 1942 σοι
1541 1888 1659 1957 πᾶς
1705 1891 1872 1957 ὅσιος
1916 1893 1987 1945 ὲν

392 1970 588 2038 καιρῷ
638 1973 882 2042 εὐθέτῳ.
935 1977 1111 2047 Πλὴν
1162 1979 1233 2032 ἐν
1280 1982 1684 2052 κατακλυσμῷ
1750 1983 1986 2038 ὑδάτων

386 2063 649 2130 πολλῶν
680 2068 829 2135 πρὸς
857 2069 1045 2124 αὐτὸν
1071 2074 1182 2126 οὐκ
1227 2073 1514 2144 ἑγγιοῦσι.
1548 2076 1646 2129 Διά
1679 2076 1834 2131 τοῦτο
1874 2080 1982 2142 πᾶς

387 2157 542 2219 ὅσιος
577 2158 881 2231 ὑπόδειγμα
913 2163 1091 2218 λαϐὼν
1125 2167 1188 2218 ἐκ
1220 2166 1328 2221 τῶν
1361 2170 1482 2222 κατ’
1513 2169 1613 2240 ἐμὲ
1656 2173 1982 2245 πεπραγμέ-

386 2265 499 2310 νων
530 2249 917 2322 προθυμότατα
952 2256 1042 2308 καὶ
1076 2257 1356 2328 εὐθαρσῶς
1377 2261 1775 2328 προσεύξεται
1793 2279 1912 2324 σοι,
1931 2265 1985 2318 ετ

389 2354 524 2391 ποτε
557 2341 749 2411 καιρὸς
789 2344 950 2398 αὑτὸν
980 2346 1116 2418 καλῇ
1149 2348 1242 2400 ἐπὶ
1281 2349 1379 2420 τὴν
1421 2338 1615 2422 ὁμοίαν
1653 2355 1776 2424 ἐμοὶ
1809 2373 1978 2424 προσ-

387 2429 562 2501 ευχὴν
591 2432 786 2490 ἐλθεῖν.
817 2437 1263 2509 Προσευξαμένου
1287 2442 1342 2494 δὲ
1371 2443 1536 2497 αὑτοῦ
1576 2446 1713 2500 κατὰ
1741 2448 1806 2500 τὸ
1843 2450 1978 2503 ὑπό-

389 2522 596 2594 δειγμα
627 2527 687 2578 τὸ
719 2529 871 2598 ἐμὸν,
900 2533 995 2585 καὶ
1037 2531 1202 2586 αὐτοῦ
1237 2537 1582 2603 ἐπακούσεις,
1624 2541 1879 2613 παρέξεις
1915 2561 1976 2596 τε

390 2616 546 2687 αὐτῷ
578 2619 670 2691 τὴν
717 2623 870 2695 παρά
913 2625 1005 2678 σοῦ
1045 2629 1313 2700 σωτηρίαν
1338 2669 1353 2692 ,
1406 2630 1547 2686 ὥστε
1607 2633 1770 2706 μηδὲν
1813 2635 1976 2690 αὑτὸν

389 2706 684 2780 βλαϐῆναι,
701 2712 802 2766 κᾶν
839 2716 1004 2785 μυρία
1031 2719 1436 2785 κατακλύζοντα
1469 2723 1636 2778 ὕδατα
1663 2728 1784 2796 κατ’
1809 2727 1973 2781 αὐτοῦ

388 2799 655 2872 φέρηται.
693 2803 780 2867 Ὡς
808 2805 916 2877 γὰρ
941 2807 1032 2859 ἐπὶ
1062 2809 1268 2880 πέτραν
1298 2813 1656 2885 οἰκοδομήσας
1684 2818 1848 2871 αὑτοῦ
1876 2820 1975 2891 τὴν

381 2893 608 2959 οἰκίαν,
665 2897 760 2949 καὶ
792 2898 886 2950 ἐπὶ
936 2899 995 2951 σὲ
1045 2902 1136 2954 τὸν
1173 2902 1344 2974 μέγαν
1398 2907 1624 2978 Σωτῆρα
1660 2909 1971 2980 ἀναρτήσας

378 2985 583 3040 ἑαυτοῦ
613 2987 714 3052 τὰς
740 2990 982 3056 ἐλπίδας,
1019 2992 1268 3059 ἀπτωτος
1306 2997 1400 3050 καὶ
1438 2998 1650 3070 ἑδραῖος
1672 3004 1854 3071 μενεῖα
1882 3001 1970 3055 διὰ

374 3077 490 3149 γὰρ
517 3077 618 3150 τὴν
673 3081 772 3152 σὴν
824 3082 1074 3156 φυλακὴν
1104 3087 1225 3140 οὐδὲ
1274 3088 1571 3159 πλησιάσαι
1625 3091 1808 3162 αύτῷ,
1846 3093 1966 3146 οὐδὲ

2101 511 2346 580 pietatem
2386 513 2558 566 cordis
2591 515 2711 570 mei.
2757 512 3092 582 Diapsalma.
3124 514 3250 576 Alii,
3282 530 3390 569 non
3425 515 3690 581 impietas

2104 611 2202 655 tem
2225 603 2425 665 cordis,
2451 601 2545 658 sed
2566 604 2881 672 impietatem
2915 603 3111 673 peccati
3146 605 3245 657 mei
3282 611 3692 673 exposuerunt,

2103 693 2207 749 Pro
2225 711 2331 765 quo
2348 696 2657 751 accuratius
2677 693 3036 766 Symmachus
3063 695 3450 764 interpretatus
3483 701 3566 748 est
3587 692 3691 752 his,

2102 786 2379 851 verbis,Ut
2399 799 2454 840 tu
2475 788 2710 856 auferres
2735 795 3003 855 peccatum
3021 803 3210 840 meum.
3232 784 3375 849 Hac,
3400 786 3593 856 inquit,
3617 795 3673 840 et

2101 881 2214 936 hch
2237 880 2361 942 feci,
2384 891 2438 934 ut
2461 881 2574 936 haec
2599 881 2728 935 mihi
2751 880 3092 936 obvenireut.
3121 877 3239 932 Non
3269 877 3412 932 enim
3440 879 3548 947 jam
3569 877 3670 932 mi-

2100 973 2454 1027 sericordiam
2485 979 2814 1029 consecutus
2835 1013 2848 1036 ,
2894 971 2988 1027 sed
3029 972 3174 1026 velut
3207 969 3386 1024 omnia
3419 984 3586 1038 agens
3611 976 3682 1023 ιιι

2097 1072 2540 1133 consequeretur,
2565 1065 2680 1120 lucc
2706 1065 2918 1120 dicebat
2938 1067 3233 1120 secundum
3262 1063 3662 1136 Symmachum.

2099 1154 2162 1208 Et
2191 1171 2320 1211 sane
2351 1156 2656 1225 hujusmodi
2691 1158 3063 1228 interpretatio
3093 1165 3236 1212 recte
3260 1157 3514 1212 cohaeret.
3535 1156 3668 1211 Nam

2095 1247 2139 1300 si
2167 1248 2322 1311 alios,
2357 1259 2414 1302 ut
2445 1249 2654 1302 veniam
2690 1250 2992 1320 iniquitatis
3025 1258 3380 1316 consecutos,
3433 1250 3506 1303 ita
3537 1247 3666 1303 bea-

2097 1347 2180 1394 tos
2210 1339 2575 1408 praedicasset,
2607 1343 2761 1411 quasi
2794 1341 2908 1410 ipse
2934 1343 3172 1396 nondum
3203 1349 3532 1397 consecutus
3577 1355 3664 1397 es-

2093 1440 2194 1491 set,
2231 1432 2504 1502 quomodo
2539 1433 2624 1488 hic
2657 1434 2838 1489 dicere
2866 1436 3041 1503 potuit
3069 1432 3169 1488 :Et
3201 1443 3255 1488 tu
3287 1435 3535 1489 remisisti
3563 1434 3665 1486 im-

2088 1521 2329 1587 pietatem
2386 1523 2584 1588 peccati
2632 1524 2773 1579 mei?
2830 1522 3010 1588 Quare
3057 1524 3368 1580 accuratius
3424 1523 3671 1595 Symma-

2092 1612 2254 1665 chum
2288 1615 2513 1669 vertisse
2545 1615 2669 1669 dico
2727 1616 2830 1671 hoc
2859 1626 3054 1690 pacto:
3093 1617 3161 1670 Ut
3211 1626 3264 1669 tu
3297 1616 3530 1685 auferres
3571 1616 3670 1676 ius:

2088 1703 2332 1770 pietatem
2363 1704 2560 1773 peccati
2589 1705 2712 1760 mei.

2165 1874 2329 1931 Vens.
2372 1876 2424 1931 6.
2468 1876 2575 1932 Pro
2598 1877 2697 1932 hac
2748 1879 2918 1934 orabit
2970 1879 3040 1932 ad
3065 1886 3112 1934 te
3152 1881 3319 1933 omnis
3349 1888 3564 1933 sanctus
3601 1877 3670 1939 in,

2088 1979 2315 2038 tempore
2344 1981 2654 2040 opportuno.
2698 1972 3070 2028 Verumtamen
3101 1975 3154 2027 in
3177 1973 3372 2027 diluvio
3399 1988 3666 2042 aquarum.

2087 2065 2377 2119 multarum
2410 2066 2478 2119 ad
2515 2084 2630 2120 eum
2682 2083 2787 2121 non
2815 2065 3274 2135 approximabunt.
3319 2064 3664 2134 Quapropter.

2083 2157 2261 2213 omnis
2289 2167 2532 2223 sanctus,
2578 2167 2798 2229 sumpto
2837 2175 2902 2213 ex
2955 2159 3025 2214 iis
3061 2173 3181 2228 quae
3222 2171 3350 2228 erga
3378 2170 3465 2211 me
3502 2163 3670 2225 gesta,

2084 2255 2210 2302 sunt
2239 2249 2508 2319 exemplo,
2546 2249 2800 2303 alacriter
2827 2264 2893 2303 ac
2923 2247 3149 2303 ﬁdenter
3181 2247 3250 2300 ad
3279 2257 3326 2300 te
3358 2245 3563 2308 orabit;
3605 2245 3652 2299 si

2081 2340 2299 2411 quando
2331 2340 2508 2410 ipsum
2541 2341 2608 2394 ad
2641 2341 2871 2395 similem
2923 2356 3056 2395 meae
3087 2340 3391 2394 orationem
3437 2344 3650 2407 tempus

2080 2435 2339 2490 evocarit.
2406 2434 2504 2489 Illo
2544 2443 2724 2490 autem
2773 2437 2840 2490 ad
2892 2435 2996 2489 mei
3054 2435 3359 2504 exemplum
3419 2441 3646 2488 orante.

2082 2527 2258 2596 ipsum
2281 2544 2498 2599 quoque
2526 2537 2582 2585 tu
2611 2529 2891 2592 exaudics,
2915 2529 3144 2584 salutem
3177 2528 3322 2580 illam
3349 2541 3468 2596 quae
3499 2541 3563 2580 ex
3597 2531 3651 2575 te

2079 2621 2326 2690 procedit
2367 2621 2443 2676 illi
2493 2623 2792 2691 impertias,
2819 2622 2895 2677 ita
2937 2629 2997 2674 ut
3027 2621 3162 2675 nihil
3199 2621 3436 2690 patiatur
3479 2619 3662 2676 detri-.

2079 2714 2265 2779 menti,
2302 2714 2515 2769 etiamsi
2550 2713 2773 2768 inﬁnitae
2805 2720 3152 2782 erumpentes
3186 2725 3340 2781 aquae
3373 2711 3427 2764 in
3471 2709 3657 2779 ipsum.

2076 2804 2340 2861 ferantur.
2376 2804 2512 2858 Nam
2535 2820 2658 2858 cum
2695 2805 2840 2860 velut
2870 2805 2924 2858 in
2959 2812 3112 2874 petra
3142 2803 3361 2857 domum
3391 2801 3645 2855 fundave-

2075 2897 2146 2950 rit
2180 2912 2372 2961 suam,
2408 2913 2668 2968 spemque
2710 2912 2866 2950 suam
2922 2896 2976 2950 in
3021 2904 3075 2951 te
3121 2909 3318 2963 magno
3368 2893 3652 2948 Salvatore

2074 2987 2397 3057 reposuerit,
2431 2989 2584 3057 lapsu
2624 3002 2832 3042 vacuus
2868 2995 2922 3042 et
2952 2986 3142 3042 ﬁrmus
3181 2986 3483 3040 consistet:
3519 2997 3643 3036 nam

2074 3082 2150 3134 tui
2177 3080 2424 3138 custodia
2483 3081 2655 3143 fulto,
2718 3096 2786 3134 ne
2837 3079 3270 3150 appropinquare
3301 3077 3517 3147 quidem
3553 3083 3643 3128 aut

375 3143 850 3240 eﬁbc'yevéaeai
883 3143 1190 3247 δυνήσεται.
1240 3179 1350 3231 Καὶ
1371 3143 1585 3251 ’ταύτην
1627 3143 1821 3254 γε

2075 3169 2221 3239 iuxta
2277 3170 2538 3226 accedere
2598 3180 2876 3241 poterunt.
2929 3169 3102 3236 Quam
3158 3169 3285 3225 item
3320 3166 3644 3222 sententiam

375 3281 530 3318 νοιαν
566 3267 600 3336 ἡ
645 3263 739 3317 τοῦ
791 3266 1087 3339 Συμμάχου
1137 3270 1480 3342 παρέστησεν
1526 3273 1824 3346 ἑρμηνεία,
1861 3276 1966 3346 φή-

377 3371 523 3408 σασα
545 3372 560 3384 °
589 3357 734 3424 Περὶ
771 3359 988 3414 τούτου
1025 3361 1426 3429 προσεύξεται
1458 3363 1577 3431 πᾶς
1624 3365 1812 3432 ὅσιος,
1846 3369 1967 3421 ἀντὶ

371 3443 492 3508 τοῦ,
525 3444 630 3498 Διά
679 3445 840 3501 τοῦτο
889 3451 1247 3521 προσεύξεται
1279 3455 1388 3519 πᾶς
1438 3455 1583 3518 ὅσιός
1633 3473 1713 3509 σοι
1776 3458 1966 3528 καιρὸν

375 3535 580 3609 εὑρὼν,
610 3537 754 3592 ὥστε
804 3541 1163 3607 ὲπικλύζοντα
1207 3546 1371 3600 ὕδατα
1405 3548 1572 3601 πολλὰ
1618 3550 1753 3622 πρὸς
1803 3551 1964 3604 αὐτὸν

375 3626 452 3699 μὴ
480 3629 722 3696 ἐγγίσαι.
761 3631 886 3685 Ἐὰν
923 3633 979 3686 δὲ
1019 3635 1159 3688 κατὰ
1192 3638 1319 3701 τοὺς
1363 3639 1764 3711 Ἐϐδομήκοντα
1801 3640 1963 3711 λέγη·

367 3737 460 3775 ται
481 3739 494 3750 ·
539 3722 714 3790 Ὑπὲρ
743 3726 961 3792 ταύτης
991 3729 1386 3795 προσεύξεται
1427 3730 1548 3797 πᾶς
1582 3731 1768 3798 ὅσιος,
1799 3733 1948 3804 ὲροὺ-

369 3830 494 3883 μεν,
523 3816 633 3878 ὅτι,
662 3815 814 3884 ὑπὲρ
843 3818 1086 3887 ταύτης,
1103 3819 1301 3893 δηλαδὴ
1322 3822 1422 3891 τῆς
1447 3824 1693 3891 ἀφέσεως
1710 3826 1807 3897 τῆς
1835 3826 1958 3896 ἐμοὶ

363 3905 699 3976 γενομένης.
752 3906 851 3959 Διά
899 3908 1008 3980 γὰρ
1041 3909 1132 3962 τὸν
1168 3910 1260 3963 σὸν
1300 3911 1448 3965 ἔλεον
1480 3915 1574 3966 καὶ
1607 3914 1705 3985 τὴν
1747 3917 1826 3979 είς
1855 3917 1957 3986 ἐμὲ

360 3995 675 4066 γενομένην
729 3997 1136 4069 φιλανθρωπίαν
1175 4002 1281 4064 πᾶς
1330 4001 1475 4066 ὅσιος
1522 4001 1742 4068 εὔελπις
1780 4005 1954 4072 ἔσται,

357 4088 470 4140 τῶν
499 4085 710 4156 ὁμοίων
748 4088 896 4158 παρὰ
929 4090 1021 4143 σοῦ
1057 4095 1269 4162 τυχεῖν·
1311 4095 1513 4148 εἴποτε
1539 4096 1688 4167 αὐτῷ
1723 4098 1953 4166 γένοιτο,

355 4177 434 4242 ὡς
469 4175 755 4248 ἀνθρώπῳ
785 4179 966 4250 σάρκα
997 4183 1384 4255 περικειμένῳ,
1415 4185 1622 4239 τοιοῦτό
1650 4204 1703 4240 τι
1733 4188 1953 4260 σφάλμα

355 4270 455 4324 καὶ
489 4269 687 4341 καιρὸς
712 4270 964 4341 δεόμενος
989 4273 1180 4342 ὁμοίας
1219 4275 1342 4344 ἐμοὶ
1385 4275 1824 4351 ὲξομολογήσεως
1857 4285 1952 4336 καὶ

2071 3261 2384 3333 Symmachi
2432 3264 2808 3334 interpretatio
2857 3262 3121 3324 declarat.
3154 3276 3275 3331 quae
3332 3261 3410 3314 sic
3444 3259 3639 3320 habet,

2066 3355 2145 3410 De
2168 3355 2266 3409 hac
2298 3357 2556 3410 rcorabit
2591 3357 2761 3410 omnis
2790 3364 3004 3409 sanctus
3025 3393 3041 3418 ,
3084 3353 3229 3408 illius
3256 3353 3394 3417 loco,
3419 3353 3643 3421 Propter

2065 3448 2191 3513 hoc,
2257 3449 2322 3503 ad
2378 3455 2430 3504 te
2469 3450 2647 3505 orabit
2692 3449 2870 3504 omnis
2927 3455 3171 3512 sanctus,
3200 3462 3324 3501 cum
3378 3446 3652 3500 invenerit

2065 3552 2310 3610 tempus.
2347 3541 2420 3594 ita
2479 3549 2540 3593 ut
2582 3540 3112 3608 exundantesaqute
3161 3538 3343 3591 multa;
3401 3537 3468 3589 ad
3519 3552 3646 3594 eum

2064 3649 2172 3687 non
2203 3633 2483 3688 accedant.
2527 3631 2681 3698 Quod
2723 3633 2767 3685 si
2798 3631 3095 3687 secundum
3132 3627 3272 3682 LXX
3308 3628 3685 3697 luterpretea,

2061 3725 2306 3790 dicatur,
2342 3724 2450 3778 Pro
2483 3727 2580 3788 hac
2609 3725 2778 3778 orabit
2811 3725 2979 3778 omnis
3012 3731 3264 3787 sanctus,
3305 3734 3403 3773 nos
3437 3719 3517 3772 sic
3544 3733 3682 3788 ex-_,

2061 3818 2403 3888 plicabimus,
2431 3833 2528 3886 pro.
2551 3815 2670 3881 hac,
2697 3811 3440 3879 videlicetremissionemihi
3469 3808 3638 3863 facta.

2059 3909 2191 3976 Nam
2226 3919 2450 3980 propter
2503 3906 2934 3960 misericordiam
2989 3911 3173 3974 tuam,
3206 3909 3260 3956 et
3312 3908 3462 3955 tuum
3509 3915 3666 3972 erga.

2057 4003 2308 4061 homines
2343 4018 2582 4058 amorem
2602 4001 2732 4056 mihi
2765 3998 3090 4060 exhibitura,
3123 3995 3302 4050 omnis
3330 4001 3555 4062 sanctus
3578 3992 3636 4049 in

2057 4110 2219 4165 Spem.
2253 4095 2446 4158 veniet,
2479 4110 2537 4150 se
2585 4092 2787 4149 similia
2831 4090 2928 4145 abs
2972 4096 3028 4144 te
3074 4092 3533 4148 consecuturum,
3586 4084 3634 4157 si
3661 4120 3682 4152 t.

2055 4186 2272 4256 quando
2312 4186 2438 4251 sibi,
2475 4193 2662 4255 utpote
2698 4181 2904 4238 homini
2931 4197 3096 4235 carne
3127 4179 3338 4244 induto,
3372 4177 3634 4232 delictum

2053 4287 2224 4348 atque
2242 4286 2459 4349 tempus
2485 4278 2667 4348 simile
2704 4277 3023 4346 contingat,
3055 4286 3166 4344 quo
3196 4270 3384 4340 itidem
3417 4268 3633 4325 conics-
3690 4323 3694 4326 .

267 4965 270 4968 .
356 4915 411 4968 τὸ
433 4912 669 4984 Πνεῦμα
695 4914 756 4966 τὸ
781 4913 922 4968 θεῖον
949 4917 1293 4990 ἀποκρίσεως
1342 4920 1502 4974 αὐτὸν
1532 4921 1691 4988 ἀξιοῖ,
1717 4921 1936 4995 θαρσεῖν

355 4362 702 4434 προσευχῆς.

2075 4370 2206 4424 tione
2232 4377 2287 4423 et
2320 4369 2568 4430 oratione
2599 4383 2738 4438 opus
2775 4367 2995 4422 habeat.

425 4451 698 4506 Συνετιῶ
749 4467 822 4506 σε
871 4453 969 4507 καὶ
1007 4455 1272 4525 συμϐιϐὤ
1313 4470 1387 4510 σε
1413 4457 1484 4510 ἐν
1527 4458 1643 4524 ὁδῷ
1680 4460 1864 4531 ταύτῃ
1905 4456 1945 4533 ᾗ

2088 4499 2091 4502 -
2122 4461 2289 4523 Vens.
2343 4462 2395 4516 8.
2442 4461 2775 4525 Intellectum
2810 4459 2903 4514 tibi
2934 4457 3071 4518 dabo
3104 4465 3154 4511 et
3187 4457 3449 4522 instraam
3495 4459 3542 4504 te
3573 4451 3645 4519 in.

355 4545 638 4614 πορεύσῃ
658 4561 673 4576 ο
696 4547 1014 4615 ἐπιστηριῶ
1037 4549 1133 4602 ἐπὶ
1168 4549 1243 4604 σὲ
1271 4550 1414 4618 τοὺς
1439 4552 1782 4620 ὀφθαλμούς
1803 4572 1940 4622 μου.

2075 4555 2131 4607 tia
2166 4553 2264 4608 hac
2297 4571 2400 4624 qua
2423 4554 2714 4625 gradieris:
2743 4552 2966 4622 ﬁrmabo
2997 4567 3153 4621 super
3177 4560 3224 4602 te
3253 4547 3432 4615 oculos
3461 4560 3625 4608 meos,

361 4638 428 4691 Γὺ
459 4636 760 4707 λεγόμενον
807 4639 896 4692 διὰ
939 4639 1032 4692 τοῦ
1086 4645 1408 4714 προφήτουιε
1442 4645 1565 4698 Ἔτι
1606 4645 1945 4714 λαλοῦντός

2075 4646 2202 4714 )uod
2233 4649 2314 4704 sic
2345 4664 2375 4702 a
2405 4649 2668 4719 propheta
2700 4648 2906 4708 dictum
2929 4657 3046 4710 est,
3082 4642 3282 4706 Adhuc
3304 4650 3350 4693 te
3387 4641 3640 4707 loquente,-

353 4742 502 4792 σου,
540 4725 683 4794 ἐρῶ·
721 4728 866 4782 Ἰδοὺ
894 4729 1150 4799 πάρειμι,
1190 4734 1291 4786 καὶ.
1318 4734 1410 4787 ἐπὶ
1431 4733 1527 4786 τοῦ
1577 4735 1739 4788 Δαυῒδ
1772 4736 1942 4808 ἐπλη-

2075 4739 2219 4794 τὶοαιη
2243 4758 2262 4795 :
2296 4741 2428 4796 Ecce
2457 4742 2646 4796 adsum
2676 4743 2720 4774 ³⁷
2742 4781 2756 4806 ,
2805 4745 2861 4796 in
2890 4739 3091 4794 Davide
3121 4735 3464 4806 implebatur.
3503 4729 3624 4800 lpSQ

355 4819 544 4890 ρ-εὓτο.
572 4819 716 4872 Διότι
744 4821 1040 4893 εὐχομένου
1066 4825 1160 4878 καὶ
1181 4825 1282 4894 τὴν
1297 4826 1481 4898 δέησιν
1504 4827 1935 4900 ἀναπέμποντος,

2075 4847 2278 4904 tamque
2308 4841 2498 4889 orante
2531 4849 2595 4888 ac
2619 4831 3070 4903 supplicationem
3098 4827 3397 4892 emittente,
3446 4821 3619 4891 Spit-i7

2038 4927 2132 4986 tus
2159 4925 2381 4984 divinus
2413 4925 2513 4994 ipsi
2542 4923 2872 4994 respondere
2913 4921 3189 4989 dignatus,
3227 4915 3363 4968 bene
3396 4925 3619 4980 sperare

2038 5018 2214 5089 jubet.
2242 5015 2352 5087 Ego
2380 5015 2547 5080 enim,
2579 5014 2789 5085 inquit,
2813 5010 3133 5073 intellectum
3158 5004 3253 5073 tibi
3288 5002 3422 5056 dabo
3453 5010 3501 5054 et
3541 5001 3619 5054 iu-

2043 5120 2247 5165 struam
2291 5117 2356 5167 te,
2393 5106 2498 5162 Pro
2524 5121 2632 5177 quo
2663 5104 2889 5177 Aquila,
2943 5100 3201 5158 Scientem
3256 5105 3303 5149 te
3335 5094 3532 5164 faciam
3564 5101 3616 5146 et

2042 5202 2352 5255 illuminabo
2385 5211 2432 5259 te
2470 5201 2523 5253 in
2548 5200 2631 5254 via
2670 5199 2768 5254 hac
2792 5211 2896 5263 qua
2929 5191 3220 5264 gradieris;
3251 5186 3614 5261 Symmachus

2041 5310 2190 5358 vero,
2217 5293 2531 5351 Prudentem
2554 5302 2599 5344 te
2630 5291 2825 5360 faciam
2848 5299 2897 5343 et
2927 5284 3197 5340 ostendam
3219 5283 3315 5336 tibi
3341 5283 3476 5336 viam
3509 5295 3615 5350 qua

2041 5382 2274 5442 incedas.
2327 5381 2624 5438 Pollicetur
2681 5381 2824 5436 enim
2873 5375 3284 5434 monstraudam
3333 5371 3438 5443 ipsi
3488 5387 3611 5426 esse

2038 5479 2179 5532 viam
2211 5476 2277 5531 ab
2301 5490 2366 5530 eo
2396 5475 2489 5545 qui
2515 5474 2670 5537 dixit,
2692 5473 2796 5543 Ego
2817 5488 2934 5527 sum
2957 5471 3038 5525 via
3062 5469 3126 5525 ".
3153 5467 3253 5522 Hic
3273 5475 3454 5520 autem
3494 5471 3612 5524 erat

2041 5567 2137 5624 Dei
2165 5564 2426 5634 Verbum,
2459 5567 2602 5638 quod
2629 5567 2730 5623 iter
2753 5573 2974 5640 agentes
3004 5563 3068 5619 ad
3101 5573 3184 5618 ter
3217 5560 3424 5616 felicem
3447 5557 3621 5630 linem,

355 5003 511 5076 αὐτῷ
554 5007 1081 5079 παρακελευόμενον.
1117 5010 1262 5080 Ἐγὼ
1286 5013 1394 5084 γάρ
1424 5028 1519 5077 σε,
1565 5015 1749 5086 φησὶν,
1785 5031 1936 5070 συν-

357 5096 493 5152 ιτιῶ
532 5098 637 5153 καὶ
680 5100 945 5170 συμόιόὥ
987 5119 1089 5156 σε·
1138 5104 1253 5157 ἀνθ’
1287 5099 1347 5160 οὗ
1387 5108 1416 5158 ὁ
1457 5107 1688 5172 Ἀκύλας
1735 5109 1930 5180 φησιν’

365 5190 796 5259 Ἑπιστημώσω
825 5208 899 5247 σε
927 5195 1024 5249 καὶ
1063 5197 1300 5263 φωτίσω
1338 5214 1411 5252 σε
1441 5199 1511 5252 ἐν
1541 5200 1656 5266 ὀδῷ
1686 5202 1868 5270 ταύτῃ
1894 5197 1934 5273 ᾖ

362 5282 628 5351 πορεύσῃ
651 5300 663 5312 ·
697 5284 726 5335 ὁ
753 5283 808 5336 δὲ
836 5285 1126 5355 Σύμμαχος
1149 5305 1161 5316 ·
1205 5291 1508 5343 Συνετίσω
1542 5308 1614 5344 σε
1655 5292 1751 5344 καὶ
1784 5295 1932 5346 ὐπο-

362 5368 528 5435 Βείξω
571 5389 671 5425 σοι
717 5373 863 5427 ὁδὸν
906 5374 987 5442 ἣν
1010 5377 1297 5444 όδεύσεις.
1353 5379 1775 5449 Ἐπαγγέλλεται
1825 5382 1930 5455 γὰρ

363 5461 514 5529 δεῖξαι
547 5464 698 5534 αὐτῷ
725 5466 818 5518 τὸν
846 5468 1066 5521 εἰπόντα
1085 5485 1098 5497 ο
1139 5469 1278 5538 Ἐγώ
1317 5472 1434 5540 ειμι
1463 5472 1501 5539 ἡ
1530 5473 1689 5538 ὁδός.
1725 5469 1835 5528 Ἦν
1872 5475 1929 5527 δὲ

363 5549 500 5622 ὦτος
528 5561 558 5610 ὁ
591 5557 690 5611 τοῦ
733 5556 870 5610 Θεοῦ
914 5559 1103 5628 Λόγος,
1131 5561 1164 5612 ὁ.
1187 5563 1311 5625 τοὺς
1350 5561 1630 5631 ὁδεύοντας
1657 5565 1802 5636 ἄγων
1836 5567 1927 5619 ἐπὶ

439 5740 484 5773 ⁸⁷
528 5741 640 5800 lea.
682 5751 844 5800 LVIII,
876 5734 936 5801 9.Δ
1026 5739 1068 5772 ³⁸
1106 5740 1262 5799 Joan.
1302 5757 1422 5816 xw,
1457 5743 1507 5793 ϐ.
