3940 6292
204 359 297 416 281
1343 358 1846 414 COMMENTARIA
1883 359 1954 416 IN
1992 359 2331 416 PSALMOS.
3351 354 3460 411 283

229 475 473 541 ’Δι’ἷιλαν,
504 478 643 545 Τοῖς
691 478 934 555 εὐᾷἐσιν
969 475 1279 546 ὡραιοῦται
1321 476 1602 546 ὕμνησις.
1644 477 1796 530 Ἐπεὶ

1911 493 2002 534 rius
2029 486 2113 534 est
2142 478 2196 532 in
2221 491 2316 531 ore
2344 473 2667 546 peccatoris,
2705 472 2832 542 jure
2862 486 2978 533 eos,
3006 469 3098 540 qui
3117 483 3250 538 pura
3279 479 3461 528 mente

221 571 327 641 γὰρ
355 570 453 644 οὐχ
482 569 692 640 ὼραῑος
736 570 900 641 ὕμνος
928 573 986 623 ὲν
1019 568 1248 639 στόματι
1280 567 1627 640 ἀμαρτωλοῦ,
1657 569 1800 622 είκό-

1911 578 1953 626 at
1985 585 2122 642 puro
2146 568 2313 625 corde
2348 573 2497 632 sunt,
2532 566 2687 621 decet
2717 563 2812 620 Dei
2843 562 3190 619 collaudatio.

221 681 329 726 τως
358 666 465 725 τοῖς
489 662 743 735 καθαρὰς
776 663 1009 725 διανοίας
1035 663 1129 715 καὶ
1158 660 1374 732 καθαρὰ
1405 661 1558 732 χείλη
1603 678 1800 732 κεκτη-

225 756 404 826 μένοις
433 754 758 826 εὐπρέπειή
793 755 887 809 τοῦ
913 753 1049 808 Θεοῦ
1083 753 1306 827 αἴνεσις.

305 818 800 918 Ἐξομολογ-εἲσθε
831 849 910 914 τῷ
953 849 1149 917 Κυρίῳ
1185 849 1256 900 ἐν
1283 825 1510 915 κιθάρᾳ,
1538 847 1606 900 ἐν
1636 849 1796 917 ψαλ-

1965 829 2136 885 Vuus.
2177 828 2234 894 2,
2283 827 2338 884 5.
2377 825 2711 896 Conﬁtemini
2758 822 2986 878 Domino
3034 821 3089 873 in
3141 820 3366 887 cithara,
3403 818 3462 876 in

1896 922 2147 992 psalterio
2173 921 2345 974 decem
2367 919 2682 974 chordarum
2706 916 2918 986 psallite
2945 915 3042 967 illi.
3074 911 3461 984 [Instrumenta

217 943 399 1011 τηρίῳ
424 941 764 1010 δεκαχόρδῳ
789 941 1022 1010 arcuata
1048 939 1226 1006 αὐτῷ.
1261 939 1418 993 Κατά
1452 939 1672 1012 πρώτην
1703 941 1796 994 τοῦ

219 1022 386 1106 νόμου
408 1035 709 1108 παράδοσιν
725 1032 1218 1106 γεγραμμένα.Καὶ
1237 1035 1266 1086 6
1283 1033 1381 1096 τὰς
1397 1032 1502 1090 ἔσω
1517 1030 1572 1082 δὲ
1589 1031 1682 1084 καὶ
1702 1029 1798 1093 τὰς

221 1127 324 1193 ἔξω
340 1122 625 1196 αἰσθήσεις
644 1123 886 1195 καθαρὰς
903 1125 995 1178 καὶ
1017 1125 1336 1198 ἀμέμπτους
1353 1120 1632 1190 φυλάττων
1648 1122 1704 1172 ὲν
1723 1120 1801 1172 6‘s-

221 1217 474 1287 καχόρδῳ
493 1216 668 1287 ψαλτη
677 1217 772 1286 ρίῳ
784 1215 972 1284 ψάλλει
990 1214 1067 1285 τῷ
1078 1215 1213 1286 Θεῷ.
1225 1215 1443 1283 ’ᾼσατε
1465 1211 1622 1277 αὐτῷ
1637 1205 1800 1279 ᾆσμα

218 1309 450 1362 καινόν.
487 1309 562 1360 Τὸ
602 1309 698 1378 μὲν
744 1306 969 1360 παλαιὸν
999 1303 1152 1378 ᾆσμα
1181 1306 1269 1358 διὰ
1299 1305 1534 1367 παλαιᾶς
1566 1303 1798 1374 κιθάρας

217 1403 316 1454 καὶ
335 1399 571 1452 παλαιοῦ
591 1400 911 1471 ψαλτηρίου,
937 1398 1042 1452 τῶν
1075 1398 1294 1468 ἀψύχων
1326 1397 1590 1468 ὀργάνων,
1613 1394 1799 1466 ὥσπερ

214 1493 306 1545 διὰ
331 1492 616 1562 συμϐόλων
645 1493 738 1545 καὶ
784 1491 1006 1545 εἰκόνων
1039 1489 1407 1552 ἐσπουδάζετο
1445 1488 1522 1559 τῷ
1548 1488 1799 1559 προτέρῳ

399 1585 462 1637 τὸ
505 1585 563 1636 δὲ
594 1585 777 1638 καινὸν
817 1580 967 1656 ᾆσμα
1013 1582 1510 1654 μεγαλοφυέστερον
1547 1581 1644 1633 καὶ
1685 1579 1801 1632 θεο-

215 1677 595 1748 πρεπέστερον
628 1676 716 1728 διά
747 1674 977 1746 κιθάρας
1011 1673 1210 1745 ζώσης,
1247 1674 1341 1728 καὶ
1361 1672 1448 1725 διὰ
1490 1670 1583 1724 τοῦ
1609 1671 1800 1723 ἀποδο-

215 1766 401 1831 θέντος
428 1765 756 1837 δεκαχὸρδου
798 1766 1096 1837 ψαλτηρίου
1128 1765 1509 1834 ἀναπέμπεται
1553 1761 1632 1831 τῷ
1658 1761 1794 1832 Θεῷ.

1896 1014 2127 1087 scilicet]
2161 1013 2458 1069 secundum
2497 1013 2724 1082 primam
2771 1010 2906 1078 legis
2941 1007 3282 1060 traditionem
3319 1004 3462 1060 serio

1898 1116 2007 1180 pta.
2041 1107 2300 1177 Quisquis
2343 1121 2466 1160 cum
2515 1105 2825 1166 interiores,
2857 1111 2969 1168 tum
3001 1100 3300 1154 exteriores
3332 1113 3460 1153 sen-

1899 1193 2014 1267 sus,
2050 1215 2214 1270 puros
2258 1199 2674 1267 inculpatosque
2726 1202 2928 1256 servat,
2979 1193 3033 1247 in
3071 1191 3328 1262 psalterio
3368 1190 3463 1244 de-

1899 1295 2017 1345 cem
2066 1290 2391 1344 chordarum
2441 1289 2624 1358 psallit
2665 1285 2795 1341 Deo.
2841 1283 3067 1350 Caritate
3104 1285 3150 1348 ei
3199 1283 3463 1351 canticum

1897 1396 2108 1449 novum.
2140 1380 2426 1448 Canticum
2468 1385 2624 1433 vetus
2651 1377 2870 1447 antiqua
2903 1376 3112 1434 cithara
3153 1383 3207 1428 et
3239 1374 3463 1444 antiquo

1898 1472 2158 1544 psalterio
2179 1480 2456 1534 cantatur,
2478 1470 2859 1525 instrumentis
2885 1469 3096 1524 scilicet
3123 1465 3461 1531 inaniniatis,

1899 1566 2057 1637 quasi
2089 1564 2352 1636 Symbolis
2375 1572 2429 1618 et
2468 1562 2796 1632 imaginibus
2827 1562 3025 1632 quibus
3065 1560 3215 1630 prior
3244 1559 3332 1613 ille
3364 1573 3463 1627 po-

1899 1659 2060 1727 pulus
2087 1655 2358 1718 studebat.
2391 1655 2460 1708 At
2491 1670 2688 1709 novum
2718 1656 2990 1708 canticum
3024 1649 3463 1723 magniﬁcentius

1900 1766 1961 1803 ac
1994 1749 2101 1803 Deo
2135 1748 2373 1818 dignius,
2415 1748 2624 1801 cithara
2667 1748 2879 1801 vivente
2909 1761 2972 1800 ac
3023 1753 3326 1798 memorato
3368 1742 3465 1803 illo

212 1857 431 1924 Καλῶς
473 1831 703 1926 ψάξίατε
730 1831 1176 1927 ἐν’-ἀλαλαγμῷ.
1222 1831 1389 1918 Οὗτος
1431 1857 1460 1907 6
1488 1831 1798 1922 ἀλαλαγμός

1911 1841 2240 1896 :lecaehordo
2271 1836 2553 1910 psalterio,
2603 1837 2713 1892 Deo
2750 1837 3032 1892 emittitur.
3072 1834 3210 1888 Bene
3251 1831 3466 1901 psallite

155 1956 162 1962 ‘
212 1953 326 2002 ἐστι
363 1949 664 2020 μυστικάς·
695 1949 773 2001 διὸ
811 1949 1026 2020 εἴρηταί
1069 1965 1206 2002 που·
1241 1946 1539 2015 Μακάριος
1579 1948 1613 1998 ό
1649 1943 1799 2010 λαὸς

212 2043 244 2094 ὁ
267 2039 591 2108 γινώσκων
635 2042 1007 2111 ἀλαλαγμόν.
1049 2041 1207 2094 Ἀλλά
1241 2042 1334 2095 καὶ
1375 2039 1494 2094 ἀντὶ
1539 2039 1674 2109 βοῶν
1707 2039 1800 2092 καὶ

215 2131 461 2202 μόσχων,
505 2133 603 2185 καὶ
664 2132 770 2185 τῶν
820 2133 886 2186 δι’
921 2133 1150 2204 αἵματος
1183 2133 1403 2194 θυσιῶν,
1437 2131 1627 2193 θυσίας
1670 2130 1802 2184 ἀλα·

211 2221 432 2294 λαγμοῦ
477 2223 904 2277 κατατεθυκέναι
950 2223 1114 2294 φησιν
1146 2225 1175 2276 6
1209 2221 1408 2275 εἰπών⁹
1450 2222 1802 2274 Ἐκύκλωσα

210 2315 309 2367 καί
350 2315 550 2368 ἔθυσα
597 2316 667 2367 ἐν
687 2313 759 2383 τῇ
803 2313 1005 2384 σκηνῇ
1047 2313 1234 2367 αὐτοῦ
1267 2314 1490 2366 θυσίαν
1539 2313 1801 2380 ἀλαλατ-

1898 1935 1952 1986 in
1995 1932 2334 2001 jubilatione.
2394 1929 2519 1984 Haec
2558 1929 2814 1998 jubilatio
2859 1928 3089 1999 mystica
3135 1933 3219 1981 est
3251 1944 3265 1979 :
3293 1939 3465 1994 quare

1879 2025 2103 2080 dictum
2137 2025 2336 2078 alicubi
2369 2025 2505 2081 fuit:
2541 2023 2734 2076 Beatus
2763 2021 2984 2090 populus
3017 2019 3106 2088 qui
3137 2019 3236 2072 scit
3268 2015 3466 2080 iubila-

1901 2117 2155 2172 tioneml.
2191 2113 2303 2170 lmo
2345 2130 2474 2170 vero
2511 2113 2698 2176 boum,
2741 2112 3058 2172 vitulorum,
3085 2114 3466 2162 cruentarum-

1901 2222 2006 2276 que
2043 2205 2438 2262 sacriﬁciorum
2467 2205 2608 2270 loco,
2635 2203 2870 2257 hostiam
2898 2199 3243 2271 jubilationis
3271 2197 3467 2253 immo-.-

1901 2301 2043 2356 lasse
2080 2301 2156 2364 ait
2206 2301 2295 2354 ille
2321 2319 2334 2354 :
2360 2298 2588 2354 Circuivi
2629 2307 2678 2366 et
2726 2297 2993 2350 immolavi
3027 2295 3081 2348 in
3126 2291 3465 2354 tabernaculo

1899 2389 2014 2460 eju's
2047 2389 2273 2444 hostiam
2296 2389 2631 2458 jubilationis
2650 2387 2691 2442 ³.

1972 2480 2140 2537 Vsus.
2168 2481 2222 2545 4,
2264 2480 2317 2536 5.
2361 2478 2500 2551 Quia
2528 2488 2726 2545 rectum
2775 2487 2852 2532 est
2893 2477 3102 2532 verbum
3135 2473 3371 2538 Domini,
3415 2479 3469 2528 et

287 2499 427 2550 Ὀτι
460 2497 641 2563 εὐθὺς
671 2500 704 2551 d
735 2498 917 2567 λόγος
942 2497 1048 2550 τοῦ
1087 2498 1328 2564 Κυρίου,
1363 2496 1460 2553 καὶ
1493 2494 1687 2550 πάντα
1729 2494 1803 2548 τὰ

203 2589 367 2657 ἔργα
398 2589 582 2642 αὐτοῦ
618 2589 690 2641 ἐν
727 2589 948 2642 πίστει.
999 2587 1216 2657 Ἇγαπᾷ
1246 2587 1669 2655 ἐλεημοσύνην
1701 2586 1800 2638 καί

203 2679 429 2745 κρίσιν
448 2696 460 2708 ·
487 2678 592 2732 τοῦ
616 2677 830 2743 ἐλέους
857 2679 1076 2744 Κυρίου
1111 2678 1351 2746 πλήρης
1379 2680 1418 2746 ἡ
1448 2677 1543 2759 γῇ.
1581 2680 1661 2732 Τὰ
1705 2680 1802 2749 μὲν

201 2771 317 2839 τῆς
371 2770 478 2823 τῶν
513 2769 684 2822 ὄντων
727 2770 1084 2841 καταλήψεως
1128 2769 1216 2823 διὰ
1253 2770 1490 2833 πίστεως
1531 2772 1661 2841 ἡμῖν
1693 2789 1801 2840 χω-

204 2864 402 2936 ρείτω,
439 2864 509 2916 τὰ
547 2863 604 2916 δὲ
660 2862 751 2916 τοῦ
795 2862 1099 2935 πρακτικοῦ
1137 2862 1252 2932 βίου
1298 2862 1387 2916 διὰ
1437 2863 1803 2932 ὲλεημοσύνης

203 2959 308 3010 καὶ
345 2956 606 3027 κρίσεως.
635 2957 820 3011 Ταῦτα
847 2958 956 3029 γὰρ
988 2958 1180 3028 ἀγαπᾷ
1205 2958 1233 3008 6
1271 2956 1433 3019 εὐθὺς
1467 2954 1560 3008 τοῦ
1597 2956 1801 3027 Κυρίου

201 3047 374 3116 λόγος
403 3065 417 3077 ·
450 3048 547 3100 ἆτε
596 3050 875 3120 κριτικοὺς
913 3051 1063 3120 ἡμᾶς
1108 3047 1520 3111 κατασκευάσας
1550 3048 1642 3100 καὶ
1689 3047 1805 3100 δια-

1911 3029 2081 3100 diligit
2125 3035 2334 3082 rectum
2378 3026 2512 3080 illud
2545 3025 2770 3080 verbum
2794 3023 3040 3086 Domini,
3090 3028 3276 3090 utpote
3323 3019 3473 3089 quod

204 3139 504 3209 κριτικοὺς
532 3138 626 3192 τοῦ
657 3157 715 3192 τε
743 3140 910 3194 καλοῦ
963 3139 1180 3194 καὶτοῦ
1227 3139 1493 3193 ἐναντίου.
1540 3139 1630 3191 Διὸ
1682 3138 1804 3208 βού-

1911 3123 2064 3176 nobis
2113 3117 2518 3175 internoscendi
2550 3117 2660 3170 vim
2699 3116 2977 3179 indiderit,
3012 3129 3076 3169 ac
3126 3113 3474 3168 discernendi

205 3204 366 3283 λεται
399 3233 552 3301 ἡμᾶς
601 3232 766 3302 μηδὲν
802 3232 1042 3303 ἀκρίτως
1088 3233 1368 3303 πράττειν,
1414 3231 1547 3301 μηδὲ
1594 3204 1803 3299 ἀλόγως

1911 3214 2046 3267 inter
2069 3213 2272 3266 bonum
2303 3217 2357 3264 et
2386 3210 2695 3280 oppositum
2738 3208 2906 3261 illius.
2945 3205 3311 3271 Quamobrem
3360 3204 3476 3259 vult

1906 3321 2008 3365 nos
2041 3304 2177 3358 nihil
2209 3304 2328 3358 sine
2351 3302 2562 3372 judicio
2607 3316 2786 3379 agere,
2817 3314 2997 3367 neque
3028 3296 3477 3351 irrationabiliter

1903 2573 2081 2626 omnia
2123 2587 2280 2640 opera
2309 2569 2421 2639 ejus
2459 2570 2512 2620 in
2551 2567 2673 2636 ﬁde.
2725 2567 2914 2637 Diligit
2960 2563 3380 2619 misericordiam
3418 2571 3471 2617 et

1895 2661 2158 2732 judicium
2184 2677 2202 2714 :
2236 2657 2600 2722 misericordia
2623 2657 2836 2714 Domini
2862 2656 3018 2722 plena
3043 2665 3118 2709 est
3152 2665 3311 2708 terra.
3340 2653 3472 2718 Qua:

1903 2754 2290 2825 cogitationem
2319 2766 2382 2805 ac
2410 2750 2954 2821 comprehensionem
2980 2761 3164 2802 rerum
3198 2751 3469 2814 spectant,

1903 2863 2000 2917 per
2028 2845 2184 2899 ﬁdem
2229 2844 2388 2898 nobis
2423 2843 2738 2911 tradantur;
2793 2855 2915 2907 qua
2957 2847 3137 2894 autem
3172 2838 3472 2908 practicam

1902 2941 2092 3003 vitam,
2136 2953 2234 3008 per
2279 2936 2711 3002 misericordiam
2755 2941 2808 2988 et
2833 2932 3124 3002 judicium.
3157 2929 3284 2984 Haec
3325 2928 3472 2990 enim

212 3322 486 3393 φέρεσθαι
531 3327 650 3386 ταῖς
692 3323 749 3390 ἐξ
791 3323 970 3376 αὐτῶν
1011 3327 1238 3396 ὁρμαῖς,
1289 3323 1628 3393 κεκριμένως,
1675 3322 1804 3392 περὶ

215 3414 328 3466 τῶν
363 3415 655 3485 πρακτέων
707 3415 1098 3486 βουλεύεσθαι,
1154 3415 1249 3468 καὶ¹
1285 3415 1420 3484 πρός
1473 3430 1536 3481 γε
1587 3413 1806 3467 πάντων

221 3505 610 3575 ἐλεημονικοῦς
668 3501 805 3559 εἶναι
832 3547 846 3570 ,
901 3505 1341 3576 συγνωμονικοὺς
1392 3503 1447 3556 δὲ
1500 3503 1637 3574 πρὸς
1681 3503 1808 3568 τοὺς

230 3597 639 3673 ἁμαρτάνοντας
666 3599 1041 3668 γιγνομένους,
1072 3597 1374 3668 συμπαθεῖς
1412 3595 1468 3648 δὲ
1498 3593 1590 3646 καὶ
1622 3593 1807 3662 φιλαν-

235 3688 477 3760 θρώπους
512 3691 649 3762 πρὸς
676 3691 803 3755 τοὺς
829 3691 979 3744 ἐλέου
1006 3692 1316 3762 δεομένους.

311 3781 393 3846 Τῷ
416 3785 576 3853 λόγῳ
598 3783 706 3836 τοῦ
738 3785 962 3851 Κυρίου
989 3787 1040 3836 οἱ
1069 3780 1310 3850 οὐρανοὶ
1339 3779 1806 3847 ἐστερεώθησαν,

239 3878 331 3928 καὶ
357 3877 435 3942 τῷ
461 3879 753 3948 πνεύματι
779 3877 885 3930 τοῦ
911 3878 1209 3944 στόματος
1231 3872 1417 3926 αὐτοῦ
1444 3868 1611 3923 πᾶσα
1642 3870 1680 3937 ἡ
1703 3867 1808 3920 δύ-

242 3983 406 4035 ναμις
458 3968 678 4021 αὐτῶν.
729 3967 819 4038 Τῷ
874 3964 966 4020 οὖν
1024 3964 1200 4035 Ila-cpt
1241 3964 1392 4016 πᾶσα
1437 3960 1728 4030 ἡδύναμις
1773 3959 1807 4027 ὴ

247 4058 622 4130 ὑπερουράνιος
674 4056 1012 4130 ὲστερεὼθη·
1059 4055 1304 4108 τουτέστι
1349 4051 1412 4103 τὸ
1457 4048 1671 4101 εὔτονον
1717 4047 1812 4100 καὶ

252 4149 449 4217 βέϐαιον
479 4153 576 4205 καὶ
605 4151 798 4219 πάγιον
827 4153 884 4202 ὲν
912 4146 1188 4218 ἁγιασμῷ,
1223 4145 1317 4198 καὶ
1351 4143 1502 4214 πάσῃ
1527 4139 1812 4212 πρεπούσῃ

251 4228 356 4312 ταῖς
387 4249 553 4319 ἱεραῖς
591 4243 882 4313 δυνάμεσιν
911 4241 1102 4310 ἀρετῇ,
1147 4239 1212 4290 ὲκ
1244 4236 1344 4305 τῆς
1367 4232 1460 4287 τοῦ
1499 4232 1812 4302 Πνεύματος

255 4339 550 4410 ἐπικουρίας
580 4337 813 4406 ἔχουσιν.
869 4329 1086 4384 Ἐνθάδε
1129 4330 1225 4399 μὲν
1257 4323 1350 4379 οὖν
1394 4325 1632 4394 πνεῦμα
1682 4324 1815 4378 στό-

252 4449 416 4498 ματος
441 4427 629 4484 αὑτοῦ
657 4425 1088 4494 ἀναγέγραπται.
1123 4420 1444 4491 Εὑρήσομεν
1481 4417 1538 4470 δὲ
1579 4414 1812 4484 ἀλλαχοῦ

255 4525 334 4575 καὶ
371 4523 522 4591 λόγον
573 4520 838 4590 στόματος
872 4513 1036 4568 αὐτοῦ
1087 4509 1398 4582 εἰρημένον,
1455 4507 1542 4560 ἵνα
1581 4504 1747 4576 νοηθῇ
1784 4507 1812 4557 6
1843 4557 1886 4610 Β

257 4612 422 4685 Σωτὴρ
460 4614 556 4667 καὶ
587 4612 649 4664 τὸ
695 4611 848 4677 ἆγιον
884 4604 1048 4660 αὐτοῦ
1102 4601 1346 4673 Πνεῦμα.
1407 4598 1717 4669 Ἀμφότεροι
1755 4596 1813 4649 δὲ

259 4711 576 4774 συνήργησεν
613 4703 672 4753 ὲν
718 4701 784 4769 τῇ
820 4695 993 4750 κτίσει
1031 4692 1138 4746 τῶν
1176 4687 1423 4759 οὐρανῶν
1455 4686 1551 4738 καὶ
1596 4685 1705 4738 τῶν
1757 4686 1814 4738 ἐν

1907 3397 2224 3466 impetuque
2251 3395 2472 3464 proprio
2509 3395 2659 3455 ferri,
2692 3393 2758 3446 de
2781 3390 3004 3461 agendis
3033 3387 3328 3462 prudenter
3347 3401 3480 3442 con-

1908 3491 2108 3556 sulere,
2153 3504 2217 3544 ac
2266 3504 2376 3558 prae
2408 3487 2684 3549 omnibus,
2733 3483 3120 3538 misericordes
3157 3497 3300 3544 esse,
3345 3495 3477 3550 pec-

1909 3592 2029 3640 cata
2063 3583 2115 3636 in
2146 3596 2249 3644 nos
2281 3580 2522 3634 admissa
2558 3578 2716 3632 facile
2748 3577 3078 3638 condonare,
3103 3573 3392 3628 condolere
3413 3585 3479 3626 ac

1906 3676 2069 3749 mites
2098 3691 2220 3730 esse
2246 3689 2372 3746 erga
2404 3688 2504 3727 eos
2532 3671 2626 3741 qui
2655 3668 3028 3734 misericordia
3069 3673 3248 3736 egent.

1981 3767 2145 3822 Vsus.
2178 3766 2230 3821 6.
2282 3764 2448 3818 Verbo
2474 3762 2686 3815 Domini
2729 3760 2846 3812 caeli
2875 3759 3079 3828 ﬁrmati
3113 3767 3257 3816 sunt,
3287 3764 3336 3808 et
3367 3755 3478 3824 spi-

1909 3861 2018 3926 ritu
2047 3860 2152 3911 oris
2175 3859 2288 3927 ejus
2311 3856 2481 3914 omnis
2505 3854 2669 3912 virtus
2691 3867 2894 3905 eorum.
2921 3849 2967 3902 Α
2991 3848 3152 3906 Patre
3177 3847 3343 3917 igitur
3363 3861 3476 3901 om-

1909 3954 1997 4008 nis
2025 3951 2201 4004 virtus
2226 3946 2470 4003 celestis
2506 3943 2721 3998 ﬁrmata
2765 3951 2869 4004 est,
2904 3942 2957 3994 id
2986 3947 3071 4005 est
3098 3939 3347 4003 ﬁrmitas,
3379 3952 3474 3994 so-

1910 4045 2116 4108 liditas,
2144 4041 2525 4109 stabilitasque
2557 4037 2614 4090 in
2648 4033 3080 4094 sanctiﬁcatione
3114 4047 3178 4087 ac
3203 4032 3350 4086 omni
3383 4044 3477 4087 sa-

1912 4135 2023 4189 cris
2071 4130 2432 4202 potestatibus
2477 4126 2824 4182 convenienti
2876 4127 3077 4180 virtute
3130 4139 3197 4178 ex
3239 4122 3478 4193 Spiritus

1913 4225 2119 4279 auxilio
2151 4223 2278 4277 data
2320 4227 2424 4276 est.
2459 4219 2558 4273 Hic
2591 4233 2756 4289 porro
2782 4217 3002 4285 spiritus
3048 4215 3153 4269 oris
3181 4215 3295 4282 ejus
3336 4213 3476 4270 scri-

1912 4324 2063 4386 ptum
2099 4319 2203 4368 est.
2245 4311 2390 4366 Alibi
2418 4323 2637 4381 quoque
2687 4308 2927 4376 reperire
2974 4312 3058 4360 est
3086 4304 3314 4358 verbum
3362 4301 3478 4357 oris

1913 4389 2052 4475 ejus,
2084 4411 2145 4457 ut
2190 4403 2277 4458 bis
2326 4401 2662 4470 intelligatur
2711 4398 2961 4454 Salvator
3004 4401 3057 4456 et
3106 4402 3330 4450 sanctus
3358 4392 3478 4461 ejus

1917 4495 2151 4565 Spiritus
2191 4501 2453 4561 :uterque
2491 4502 2656 4560 porro
2703 4487 2758 4540 in
2806 4484 3082 4539 creatione
3116 4481 3378 4537 ccelorum
3423 4484 3481 4532 et

1914 4593 2246 4658 potestatum
2275 4587 2816 4658 eoruchOperatus
2843 4584 2945 4632 est.
2981 4575 3106 4629 ldeo
3140 4573 3345 4626 dictum
3371 4575 3477 4631 est,

1929 4679 2092 4735 Verbo
2126 4677 2338 4732 Domini
2375 4675 2491 4729 εωιὶ
2519 4672 2720 4744 ﬁrmati
2749 4679 2891 4733 sunt,
2931 4676 2980 4722 et
3015 4665 3208 4734 spiritu
3231 4660 3337 4714 oris
3365 4658 3478 4728 ejus

258 4752 723 4864 αὑτόῖΐςιὸυνάμεων
744 4752 883 4840 ἠδιά
913 4783 1070 4838 τοῦτο
1111 4752 1326 4854 εἴρηται
1347 4796 1360 4808 ’
1402 4777 1487 4843 Τῷ
1509 4778 1670 4845 λόγῳ
1703 4779 1807 4830 Κυ-

1917 4773 2086 4829 omnis
2115 4772 2280 4827 virtus
2312 4783 2513 4823 eorum.
2550 4764 2698 4818 Nihil
2732 4762 2878 4816 enim
2913 4759 3032 4814 sine
3067 4752 3302 4824 Spiritus
3340 4763 3482 4819 prae-

2313 4861 2358 4864 s-
2604 4858 2615 4864 -
2744 4855 2774 4864 ..
2853 4853 2865 4864 ο
2908 4853 2941 4864 ι-
3067 4845 3356 4864 ..Αμλξιημ
3411 4838 3475 4864 ,Δ

256 4883 374 4948 ρίου
394 4838 462 4938 ὀἱ
490 4838 732 4949 οὐρανοὶ
770 4838 1248 4944 ἐστερεώθησαιί,
1284 4868 1384 4924 καὶ
1413 4838 1494 4933 τῷ
1526 4838 1807 4934 rtus—uetari

1919 4867 2096 4923 sentia
2151 4861 2543 4920 sanctiﬁcatur.
2590 4855 2811 4926 Angelis
2853 4853 3018 4923 igitur
3067 4845 3357 4901 transitum
3409 4838 3478 4895 ad

259 4965 353 5029 τοῦ
395 4976 686 5044 στόματος
737 4969 924 5024 αὐτοῦ
985 4966 1154 5021 πᾶσα
1209 4967 1248 5033 ἡ
1297 4961 1549 5031 δύναμις
1600 4955 1815 5025 αὐτῶν.

263 5067 404 5121 Οὐδὲν
429 5067 534 5139 γὰρ
559 5063 841 5134 ἁγιάζεται
881 5059 954 5132 μὴ
978 5060 1044 5129 τῇ
1073 5055 1348 5129 παρουσίᾳ..
1365 5053 1456 5108 τοῦ
1477 5051 1809 5123 Πνεύματος.

272 5159 519 5226 Ἇγγέλων
546 5157 675 5227 γοῦν
719 5155 818 5226 τὴν
850 5153 949 5223 μὲν
983 5152 1062 5213 είς
1088 5148 1150 5203 1:6
1191 5143 1330 5201 εἶναι
1370 5144 1604 5215 πάροδον
1649 5142 1679 5194 6
1718 5144 1813 5214 δη-

271 5251 499 5322 μιουργὸς
523 5249 714 5317 Λόγος,
740 5249 769 5300 6
793 5244 1023 5315 ποιητὴς
1049 5240 1157 5296 τῶν
1179 5239 1339 5302 ὅλων,
1369 5237 1656 5308 παρείχετο
1673 5253 1687 5266 ο
1723 5235 1814 5288 τὸν

269 5339 509 5414 ἁγιασμδν
528 5341 583 5397 δὲ
604 5342 788 5404 αὐτοῖς
808 5338 867 5390 τὸ
894 5337 1118 5406 Πνεῦμα
1143 5334 1204 5387 τὸ
1238 5333 1389 5401 ἅγιον
1412 5330 1776 5398 συνεπέφερεν
1795 5345 1808 5356 ’

269 5434 320 5485 οὐ
342 5433 440 5505 γὰρ
464 5435 646 5503 νήπιοι
681 5428 992 5492 κτισθέντες
1019 5426 1069 5479 oi
1092 5421 1341 5492 ἄγγελοι.

326 5525 623 5594 Φοϐηθήτω
663 5521 774 5577 τὸν
819 5520 1039 5587 Κύριον
1055 5515 1223 5571 πᾶσα
1260 5516 1298 5581 ἡ
1352 5511 1450 5582 τῆ·
1484 5511 1585 5565 ἀπ’
1629 5506 1815 5563 αὐτοῦ

268 5615 322 5671 δὲ
342 5615 808 5684 σαλευθήτωσαν
865 5609 1090 5675 πάντες
1135 5610 1190 5662 οἱ
1246 5603 1668 5662 κατοικοῦντες
1700 5599 1816 5669 τὴν

319 5801 336 5856 ξ
373 5797 513 5862 Psal.
551 5805 839 5858 LXXXVIII,
874 5788 962 5845 16.
1040 5787 1056 5817 ³
1098 5783 1241 5840 Psal.
1280 5797 1404 5836 xxvi
1430 5820 1443 5847 ,
1479 5778 1529 5834 6.

1920 4958 2266 5016 existentiam
2306 4961 2522 5008 creator
2552 4949 2790 5006 Verbum
2816 4940 3066 5016 praebuit,
3097 4935 3476 4991 universorum

1916 5052 2100 5123 opifex
2127 5069 2140 5104 :
2179 5044 2666 5104 sanetiﬁcatiunem
2696 5051 2824 5092 vero
2856 5031 3046 5090 eodem
3085 5036 3328 5096 tempore
3357 5020 3479 5092 Spi-

1918 5116 2058 5198 ritus
2086 5149 2310 5198 sanctus
2339 5135 2565 5201 indidit;
2595 5147 2705 5189 non
2735 5127 2878 5184 enim
2901 5122 3138 5180 infantes
3173 5116 3344 5175 creati
3381 5129 3480 5171 an-

1917 5236 2020 5311 geli
2057 5243 2202 5290 sunt.

1990 5501 2157 5557 Vens.
2192 5500 2245 5562 8,
2276 5496 2328 5551 9.
2373 5494 2576 5549 Timeat
2597 5485 2878 5543 Dominum
2918 5479 3086 5534 omnis
3119 5486 3303 5529 terra:
3331 5467 3396 5524 ab
3417 5481 3478 5521 co

1922 5605 2097 5652 autem
2123 5559 2542 5647 commoveantur
2564 5596 2738 5636 omnes
2762 5573 3111 5631 inhabitantes
3143 5565 3338 5621 orbem.
3369 5559 3476 5616 Ad-
