3940 6292
507 345 614 401 285

1159 340 1431 401 EUSEBII
1468 339 1945 397 CESABIENSIS
1982 339 2132 399 OPP.
2173 342 2352 400 PARS
2386 343 2474 399 III.
2514 375 2583 385 —
2609 342 3015 402 EXEGETICA.

3617 350 3721 407 284

505 463 726 520 modum
750 469 1167 532 consequenter,
1196 470 1483 534 postquam
1511 476 1706 533 magna
1730 460 1823 517 Dei
1849 460 2034 533 opiﬁci;

2137 514 2139 521 ,
2163 464 2540 532 οἰκουμένην.
2572 462 2783 536 Σφόδρα
2804 463 2861 518 δέ
2888 461 3195 527 ἀκολούθως
3224 461 3321 528 τὰς
3346 462 3440 518 τοῦ
3465 464 3601 519 Θεοῦ
3628 486 3719 538 με-

505 555 816 616 declaravit.
843 569 907 609 ac
936 562 1145 610 tantum
1171 570 1280 610 non
1300 555 1372 610 ob
1393 554 1581 610 oculos
1601 554 1804 626 posuit,
1828 562 2062 625 quantus

505 646 578 702 sit
606 645 695 701 ille
727 646 915 700 talium
959 662 1140 702 rerum
1187 646 1438 702 conditor
1487 646 1788 715 Dominus;
1837 662 1959 703 eum
1989 648 2061 701 ti-

503 752 652 793 mere
695 737 968 808 praecepit.
1015 737 1423 807 Annuntiatque
1453 754 1563 793 non
1596 739 1736 793 ultra
1769 738 1928 794 idolis
1960 740 2059 793 ad—

501 820 799 885 hibendum
849 830 1110 901 animum,
1147 846 1257 885 non
1308 832 1584 887 daemonas
1611 832 1869 887 colendos
1916 847 2057 896 esse,

502 923 601 979 sed
645 930 917 993 tantarum
952 939 1134 978 rerum
1172 941 1339 979 unum
1381 926 1646 995 opiﬁcem.
1699 925 1844 982 Illius
1878 934 2058 982 autem

500 1012 640 1076 loco,
660 1023 1098 1085 commoveantur,
1127 1012 1483 1085 Symmachus
1513 1027 1844 1071 revereantur
1865 1018 2054 1073 edidit.

499 1101 600 1158 Hie
646 1104 936 1175 intelligas,
987 1121 1096 1176 quo
1126 1115 1287 1176 pacto
1317 1107 1556 1161 futurum
1601 1117 1716 1164 erat
1767 1117 1827 1164 ut
1873 1110 1943 1165 ab
1991 1124 2057 1165 eo

497 1207 971 1253 commoverentur
1040 1215 1229 1271 omnes
1291 1200 1658 1258 inhabitantes
1724 1202 1948 1267 orbem,
2008 1201 2055 1258 si

498 1287 681 1341 animo
709 1290 1012 1360 perpendas
1057 1307 1164 1361 qua
1216 1293 1427 1348 ratione
1476 1309 1572 1363 per
1618 1292 2053 1364 praedicationem

493 1370 860 1451 evangelicam
882 1387 936 1436 et
980 1382 1274 1438 salutarem
1319 1378 1627 1440 doctrinam
1676 1386 1730 1440 in
1778 1393 1895 1441 toto
1922 1386 2053 1441 orbe

495 1465 752 1526 Ecclesiae
780 1470 891 1526 Deo
924 1474 1230 1529 constitutae
1262 1475 1394 1540 sint,
1426 1491 1586 1533 aures
1617 1479 1859 1531 omnium
1889 1480 2053 1534 verbo

494 1562 754 1631 repletae,
804 1563 1152 1635 universique
1210 1565 1457 1622 homines
1505 1568 1597 1621 illa
1650 1575 1801 1622 tanta
1852 1569 2053 1624 virtute

492 1652 771 1718 commoti,
809 1669 874 1708 ac
905 1656 1098 1709 mutati
1128 1670 1161 1711 a
1187 1657 1420 1727 pristino
1446 1658 1711 1713 idolorum
1746 1674 1950 1724 errore,
1983 1659 2057 1713 ad

489 1759 630 1800 verae
656 1747 873 1815 pietatis
896 1749 1369 1804 commonitionem
1395 1749 1757 1805 accesserint:
1786 1750 2049 1816 Quoniam

2164 551 2493 624 γαλουργίας
2551 555 2921 626 παραστήσας,
2959 555 3054 608 καὶ
3094 556 3370 627 μονονουχὶ
3429 556 3719 629 ὀφθαλμοῖς

2162 643 2428 713 ἐπιδείξας
2459 644 2715 716 ὁπηλίκος
2737 647 2881 700 ἐστὶν
2909 647 2938 698 6
2962 644 3070 699 τῶν
3092 645 3344 700 τοιούτων
3392 645 3719 719 δημιουργὸς

2148 734 2380 811 ¹Κύριος,
2417 735 2844 808 παρακελεύεται
2894 737 3079 791 τοῦτον
3139 736 3435 805 φοϐεῖσθαι.
3483 739 3719 809 Εὐαγγε-

2159 824 2362 890 λέξεται
2387 827 2444 880 δὲ
2476 827 2709 893 εἰδώλοις
2745 829 2940 900 μηκέτι
2972 829 3258 901 προσέχειν
3274 830 3365 884 τὸν
3395 830 3542 898 νοῦν,
3582 834 3719 905 μήτε

2156 916 2413 987 δαίμονας
2442 919 2708 986 σέϐεσθαι,
2740 920 2875 974 ἀλλὰ
2899 921 2989 974 τὸν
3010 921 3274 991 τοσούτων
3296 924 3545 994 ποιητήν.
3575 924 3720 978 ’Δντὶ

2155 1009 2212 1063 δὲ
2236 1009 2352 1074 τοῦ,
2386 1011 2876 1078 σαλευθήτωσαν,
2899 1014 2928 1065 6
2969 1013 3281 1084 Σύμμαχος,
3323 1014 3720 1070 εὐλαϐεῖσθαι-

2155 1116 2296 1164 σαν,
2352 1100 2598 1167 ἐξέδωκε.
2639 1102 2873 1174 Νοήσεις
2911 1103 3057 1168 ὅπως
3119 1103 3340 1175 ἔμελλον
3391 1105 3717 1163 σαλεύεσθαι

2153 1191 2249 1246 ἀπ’
2279 1192 2443 1246 αὑτοῦ
2471 1194 2670 1257 πάντες
2701 1195 2750 1247 οἱ
2795 1195 3171 1259 κατοικοῦντες
3231 1196 3327 1268 τὴν
3369 1197 3714 1270 οἰκουμένην,

2153 1282 2451 1352 ἐπιστήσας
2468 1281 2567 1353 τὴν
2605 1281 2860 1348 διάνοιαν,
2907 1282 2982 1346 ὡς
3033 1282 3124 1336 ἐπὶ
3162 1282 3240 1353 τῷ
3300 1283 3613 1355 κηρύγματι
3639 1283 3717 1355 τῷ

2152 1371 2486 1443 εὐαγγελικῷ
2514 1373 2608 1431 καὶ
2628 1376 2694 1445 τῇ
2724 1373 2975 1444 σωτηρίῳ
2997 1373 3304 1445 διδασκαλίᾳ
3331 1372 3450 1427 καθ’
3467 1373 3593 1442 ὅλης
3618 1377 3718 1445 τῆς

2151 1464 2470 1536 οἰκουμένης
2503 1465 2816 1537 Ἐκκλησίαι
2847 1464 2924 1535 τῷ
2943 1464 3058 1534 Θεῷ
3085 1465 3434 1536 συνέστησαν·
3464 1465 3629 1527 πιῖισάζ
3657 1482 3716 1525 τε

2150 1556 2285 1629 ἀκοὴ
2313 1556 2599 1630 ἐπληρώθη
2621 1556 2715 1611 τοῦ
2749 1556 2931 1626 λόγον,
2966 1559 3060 1611 καὶ
3093 1556 3294 1620 πάντες
3317 1556 3592 1628 ἄνθρωποι
3621 1557 3717 1610 ἐπὶ

2147 1652 2213 1720 τῇ
2241 1649 2476 1722 τοσαύτῃ
2505 1650 2729 1720 δυνάμει
2788 1648 3114 1719 κεκίνηνται,
3152 1647 3574 1720 μεταϐάλλοντες
3606 1647 3718 1704 ἀπὸ

2149 1744 2246 1812 τῆς
2302 1741 2571 1812 προτέρας
2635 1739 2763 1811 περὶ
2826 1739 2894 1797 τὰ
2954 1740 3145 1794 εἴδωλα
3193 1740 3419 1812 πλάνης,
3489 1740 3591 1813 καλ
3634 1741 3715 1805 είς

490 1836 599 1904 ipse
625 1837 779 1905 dixit,
813 1848 862 1893 et
911 1839 1056 1909 facta
1087 1850 1247 1907 sunt;
1296 1842 1405 1915 ipse
1452 1840 1743 1909 mandavit,
1788 1850 2034 1911 etcreata.

2146 1832 2448 1903 ὑπόμνησιν
2474 1831 2714 1896 ἐλθόντες
2733 1832 2831 1904 τῆς
2852 1831 3081 1902 ἀληθοῦς
3112 1830 3411 1896 εὐσεϐείας·
3426 1876 3429 1879 .
3444 1832 3586 1892 ’Ὁτι
3606 1832 3717 1886 ai).

485 1938 626 1984 sunt.

544 2108 709 2167 Vens.
740 2111 823 2167 I0.
852 2111 1107 2167 Dominus
1136 2112 1360 2182 dissipat
1416 2114 1639 2168 consilia
1672 2116 1922 2185 gentium,
1960 2131 2041 2168 re—

480 2202 669 2272 probat
717 2212 892 2257 autem
946 2205 1284 2275 cogitationes
1316 2204 1645 2273 populorum,
1697 2213 1746 2259 et
1799 2206 2042 2273 reprobat

479 2294 705 2349 consilia
740 2296 1056 2365 principum.
1098 2294 1235 2362 Quia
1283 2295 1500 2351 videbat
1537 2297 1762 2367 spiritus
1809 2298 2043 2367 prophe-

478 2389 625 2443 ticus
649 2387 890 2442 futurum
913 2401 1054 2453 esse,
1082 2394 1142 2441 ut
1163 2388 1629 2456 persecutionibus
1655 2388 2041 2442 afﬂictarentur

479 2479 517 2555 ii
549 2479 643 2548 qui
674 2494 705 2533 a
737 2480 919 2549 prisca
980 2479 1070 2533 illa
1132 2479 1516 2546 superstitione
1556 2481 1826 2535 recessuri
1859 2489 2036 2546 erant,

476 2577 534 2626 et
561 2571 855 2644 multorum
886 2571 1112 2625 deorum
1144 2585 1387 2625 errorem
1437 2573 1756 2638 aversaturi,
1811 2581 1868 2626 ut
1918 2589 2039 2629 sese

476 2662 543 2717 ad
580 2664 956 2718 universorum
984 2662 1269 2716 Dominum
1292 2670 1703 2732 converterent;
1728 2665 2037 2720 necessario

475 2753 721 2824 praecipit
744 2754 846 2819 eis,
880 2753 970 2824 qui
1011 2769 1193 2808 rerum
1221 2753 1461 2807 omnium
1490 2755 1736 2824 Opiﬁcem
1765 2757 2034 2822 noverint,

474 2855 535 2901 ut
562 2832 839 2918 immissos
873 2858 904 2898 a
943 2845 1196 2916 gentibus
1227 2845 1284 2899 in
1327 2844 1643 2900 inﬁdelitate
1684 2861 2043 2916 perseveran-

473 2938 622 3013 tibus
656 2947 912 3011 terrores,
962 2954 1260 3008 eorumque
1305 2939 1480 2993 minas
1508 2955 1617 2993 non
1657 2938 2032 2995 reformident.

472 3029 624 3085 Licet
652 3029 797 3085 enim
831 3028 1041 3084 inﬁnita
1071 3036 1260 3085 contra
1293 3044 1389 3086 vos
1432 3031 1766 3098 moliantur;
1804 3041 1857 3085 at
1898 3032 2035 3087 nihil

2146 1924 2251 1990 τὸς
2278 1920 2426 1988 εἷπε,
2450 1924 2548 1978 καὶ
2581 1922 2971 1994 ἐγενήθησαν
3014 1923 3199 1992 αὐτὸς
3229 1923 3583 1989 ἐνετείλατο,
3612 1923 3714 1978 και

2146 2015 2531 2084 ἐκτίσθησαν.

2215 2107 2429 2174 Κύριος
2452 2106 2816 2169 διασκεδάζὲι
2849 2108 3083 2175 βουλὰς
3130 2106 3319 2163 ἐθνῶν
3334 2147 3350 2172 ,
3418 2103 3622 2173 (idem?
3647 2102 3715 2159 δά

2144 2199 2473 2268 λογισμοὺς
2518 2198 2704 2263 λαῶν,
2769 2200 2869 2254 καὶ
2935 2199 3133 2255 ἀθετεῖ
3190 2196 3426 2263 βουλὰς
3489 2196 3711 2265 ἀρχόνε

2144 2308 2281 2345 των.
2327 2293 2474 2345 Ἐπεὶ
2529 2291 2771 2362 συνεώρα
2820 2292 2883 2344 τὸ
2941 2290 3273 2363 προφητικὸν
3324 2287 3543 2358 πνεῦμα
3584 2285 3711 2356 μὲλ-

2127 2381 2330 2444 -λοντας
2357 2381 2678 2448 ἐξάπτεσθαι
2738 2383 3007 2452 διωγμοὺς
3055 2381 3194 2435 κατὰ
3223 2379 3331 2432 τῶν
3361 2376 3710 2449 ἀναχωρούνς-

2142 2490 2249 2526 των
2279 2472 2379 2544 μὲν
2394 2474 2492 2544 τῆς
2518 2472 2786 2545 προτέρας
2805 2472 3219 2544 δεισιδαιμονίας
3245 2471 3341 2528 καὶ
3363 2474 3708 2541 ἀποστρεφο-

2146 2558 2321 2629 μένων
2341 2560 2439 2630 τὴν
2483 2560 2738 2614 πολύθεον
2787 2560 3014 2631 πλάνην,
3047 2560 3139 2614 ἐπὶ
3190 2561 3248 2613 δέ
3286 2560 3377 2614 τὸν
3425 2559 3713 2624 τῶνόλων

2142 2650 2343 2722 Κύριον
2371 2652 2820 2722 ἐπιστρεφόντων,
2870 2650 3177 2721 ἀναγκαίως
3220 2650 3329 2706 τῶν
3371 2655 3428 2705 ἐν
3477 2652 3709 2723 ἀπιστίᾳ

2144 2742 2438 2813 μεινάντων
2475 2742 2640 2796 ἐθνῶν
2699 2745 2824 2809 τοὺς
2853 2743 3046 2813 φόϐους
3076 2745 3169 2797 καὶ
3219 2742 3331 2806 τὰς.
3365 2741 3597 2807 ἀπειλὰς
3632 2743 3708 2814 μή

2140 2834 2364 2897 δεδιέναι
2396 2833 2819 2906 παρακελεύεται
2850 2837 2962 2899 τοῖς
2995 2834 3103 2888 τῶν
3158 2833 3292 2897 ὅλων
3324 2834 3553 2906 ποιητὴν
3578 2836 3707 2888 ἐπε-

2140 2926 2424 2996 γνωκόσιν.
2456 2925 2571 2979 Κᾶν
2606 2924 2714 2998 γὰρ
2748 2925 2916 2997 μυρία
2942 2924 3064 2979 καθ’
3100 2924 3252 2995 ὑμῶν
3281 2923 3710 2978 ἐπιϐουλεύσωνο

2137 3036 2245 3072 ται·
2275 3017 2387 3071 ἀλλ’
2417 3018 2589 3083 οὐδὲν,
2625 3018 2807 3088 φησιν,
2840 3015 3119 3086 ίσχύσουσι,
3139 3016 3258 3070 καθ’
3285 3014 3436 3087 ὑμῶν
3473 3016 3706 3087 ἐνεργῆ-

472 3120 530 3175 in
575 3121 744 3175 vestri
772 3121 1065 3189 perniciem
1091 3122 1314 3190 exsequi
1337 3122 1614 3177 valebunt.
1651 3124 1772 3193 Ipse
1801 3139 2034 3194 namque

2141 3125 2251 3163 σαι.
2283 3109 2453 3172 Αὐτὸς
2486 3109 2593 3180 γὰρ
2624 3110 2653 3161 ό
2697 3108 2913 3161 πάντων
2941 3107 3269 3178 δημιουργὸς
3297 3108 3390 3159 καὶ
3416 3096 3721 3178 Κύριος,ι’ί›ἶ

473 3213 718 3287 omnium
750 3210 932 3284 Opifex
972 3219 1026 3267 et
1073 3212 1357 3276 Dominus,
1391 3214 1458 3268 ad
1485 3230 1644 3284 quem
1676 3192 2031 3286 iconfugistis,

2137 3201 2526 3272 προσεφύγετε,
2583 3198 2682 3263 τὰς
2713 3200 2834 3253 καθ’
2861 3199 3011 3269 ὑμῶν
3057 3198 3345 3268 ἐπιϐουλὰς
3400 3198 3507 3252 τῶν
3534 3197 3705 3252 ἐθνῶν

471 3302 704 3358 insidias
736 3318 767 3356 a
796 3303 1049 3377 gentibus
1077 3320 1141 3358 ac
1175 3304 1483 3363 inﬁdelibus
1516 3308 1729 3377 populis
1755 3310 1909 3365 vobis
1940 3326 2034 3381 pa-

2137 3291 2364 3353 καὶτῶν
2417 3291 2658 3345 ἀπίστων
2690 3290 2853 3355 λαῶν,
2900 3291 3022 3353 τοὺς
3061 3289 3185 3343 καθ’
3215 3288 3365 3360 ὑμῶν
3409 3288 3720 3359 λογισμοὺς.

469 3399 639 3457 ratas,
694 3399 749 3448 et
800 3394 1157 3463 cogitationes
1207 3410 1396 3449 eorum
1441 3397 1598 3451 vobis
1646 3399 1904 3456 adversas
1941 3378 2033 3455 ⁷νει

2137 3383 2213 3446 ἐνὶ
2245 3381 2470 3451 νεύματι
2497 3380 2852 3434 διασκεδάσει.
2889 3382 2949 3433 Εἰ
3001 3379 3059 3433 δὲ
3111 3380 3205 3433 καὶ
3257 3378 3515 3450 ἄρχοντές
3573 3393 3703 3431 ποτε

469 3493 608 3540 nutu
661 3484 778 3561 solo
833 3484 1156 3554 dissipabit:
1207 3492 1262 3541 et
1317 3486 1611 3557 siquando
1668 3490 1936 3560 principes
1968 3505 2033 3544 ac

2137 3474 2227 3525 καὶ
2259 3472 2496 3542 βασιλεῖς
2531 3471 2771 3542 μέλλοιεν
2819 3471 2937 3524 καθ’
2973 3469 3125 3541 ὑμῶν
3172 3468 3521 3542 ἐξάπτεσθαι,
3568 3467 3703 3524 ἀλλὰ

467 3593 624 3651 reges
677 3579 835 3634 vobis
889 3589 1265 3647 succenseant,
1318 3588 1374 3635 at
1421 3581 1469 3635 is
1509 3582 1736 3637 consilia
1788 3583 2029 3651 ipsorum

2137 3564 2223 3618 καὶ
2250 3563 2451 3616 τούτων
2483 3561 2732 3635 ἀθετήσει
2756 3562 2964 3633 βουλάς
3000 3563 3265 3634 κρατήσει,
3291 3561 3355 3634 δὲ,
3372 3561 3507 3633 μόνη
3543 3564 3577 3633 ή
3606 3561 3703 3614 αύ-

468 3669 624 3743 irr-ita
672 3667 854 3739 faciet,
890 3670 1177 3740 solumque
1205 3671 1325 3739 ejus
1360 3671 1647 3727 consilium
1680 3673 1733 3725 in
1767 3681 2029 3728 aeternum

348 3809 358 3820 .
467 3761 726 3817 manebit.
757 3760 1047 3818 Enimvero
1074 3763 1430 3834 cogitationes
1470 3765 1748 3834 sapientiae
1776 3767 1895 3836 ejus
1920 3782 2028 3821 non

465 3854 690 3926 perinde
729 3861 892 3928 atque
920 3855 1278 3927 cogitationes
1306 3856 1606 3911 hominum
1633 3858 1801 3912 irritae
1827 3867 2024 3914 erunt:

464 3943 561 3999 sed
583 3943 789 4022 judicia
819 3945 940 4014 ejus
973 3932 1289 4015 permanent
1319 3947 1376 4001 in
1410 3949 1812 4017 generationem
1856 3956 1909 4004 et
1937 3965 2032 4020 ge-

464 4036 823 4111 nerationem.
854 4035 1223 4107 Cogitationes
1255 4040 1453 4111 quippe
1485 4056 1615 4096 suas
1656 4049 1899 4096 reservat
1933 4043 2030 4096 ho-

464 4127 704 4183 rninibus
731 4142 791 4182 se
817 4129 1034 4198 dignis;
1066 4139 1118 4203 et
1145 4131 1272 4200 quia
1303 4131 1360 4186 in
1393 4133 1621 4203 singulis
1662 4135 2028 4203 generationi-

463 4220 569 4276 bus
624 4228 679 4275 et
730 4219 1015 4275 hominum
1070 4222 1555 4287 successionibus,
1609 4224 1829 4295 quidam
1874 4225 2026 4295 digni

463 4311 855 4382 reperiuntur,
918 4312 1040 4383 jure
1087 4328 1151 4367 ac
1204 4315 1399 4369 merito
1461 4316 1664 4371 eisdem
1739 4317 2023 4385 cogitatio-

461 4418 559 4460 nes
614 4418 838 4461 servans
900 4390 1060 4470 suas,
1120 4406 1270 4477 ipsas
1331 4406 1385 4462 in
1465 4406 1846 4478 generationes
1901 4423 2020 4462 om—

461 4508 561 4549 nes
592 4494 865 4561 producit.
899 4494 965 4550 Et
1018 4495 1134 4571 haec
1165 4510 1296 4553 sane
1355 4496 1485 4551 olim
1545 4497 1855 4569 prophetice
1883 4514 2022 4568 prae-
2048 4537 2099 4598 ο

460 4586 606 4641 dicta
657 4591 813 4652 sunt,
849 4585 1093 4657 ipsisque
1145 4589 1310 4645 rebus
1355 4589 1523 4659 gestis
1577 4605 1678 4645 nos
1726 4589 2017 4646 verborum

458 4685 715 4732 eventum
741 4667 1077 4748 excepimus.
1111 4678 1327 4751 Quanta
1350 4681 1495 4736 enim
1527 4682 1788 4739 adversus
1829 4684 2019 4742 Eccle-

459 4769 597 4824 siam
647 4769 769 4840 ejus
817 4770 1117 4825 machinati
1152 4760 1323 4836 sint,
1376 4773 1566 4843 quales
1611 4778 2018 4845 persecutiones

457 4860 835 4927 excitaverint,
873 4862 1180 4933 cujusmodi
1200 4862 1428 4937 consilia
1450 4872 1638 4919 contra
1670 4882 1770 4921 nos
1798 4869 2018 4925 inierint

457 4952 731 5023 principes
765 4953 930 5023 hujus
959 4954 1166 5019 saeculi,
1216 4970 1315 5025 pro
1347 4956 1426 5011 rei
1474 4958 1735 5027 gravitate
1774 4962 2017 5015 enarrari

457 5044 685 5113 nequit:
718 5060 894 5114 neque
925 5047 1195 5101 reeenseri
1226 5061 1335 5115 quo
1376 5057 1534 5116 pacto
1568 5048 1681 5104 haec
1711 5052 1890 5104 omnia
1921 5067 2017 5121 per

456 5132 717 5188 virtutem
748 5132 843 5189 Dei
874 5135 1139 5207 dissipata
1176 5137 1376 5192 fuerint
1400 5156 1417 5205 ;
1443 5155 1619 5210 neque
1644 5149 1803 5196 aetate
1827 5152 2014 5197 nostra

456 5223 822 5291 solummodo,
859 5228 952 5283 sed
984 5243 1082 5299 per
1125 5230 1367 5299 singulas
1394 5233 1771 5301 generationes
1814 5247 1844 5288 a
1877 5243 2016 5297 tem-

454 5329 586 5386 pore
609 5316 779 5371 divini
809 5316 1106 5377 Salvatoris
1134 5321 1310 5376 nostri
1333 5321 1599 5380 adventus
1637 5323 1860 5395 impleta
1879 5326 2008 5381 sint.

524 5405 691 5463 Vsus.
728 5408 796 5462 12
826 5409 962 5465 -15.
1027 5411 1194 5466 Beata
1255 5429 1379 5484 gens
1426 5414 1575 5485 cujus
1628 5423 1707 5470 est
1755 5416 2011 5477 Dominus

455 5498 596 5553 Deus
654 5498 790 5568 eius,
855 5502 1075 5572 populus
1125 5521 1276 5574 quem
1333 5506 1489 5578 elegit
1547 5510 1602 5563 in
1647 5508 2009 5567 hereditatem

452 5589 575 5642 sibi.
612 5589 751 5643 Olim
786 5586 1005 5661 quidem
1032 5609 1159 5664 pars
1207 5603 1368 5668 atque
1397 5599 1684 5656 baereditas
1725 5602 1844 5672 ejus
1892 5612 2014 5658 erat

453 5677 618 5734 Israel
654 5697 668 5733 :
717 5696 904 5737 verum
932 5684 1060 5755 quia
1089 5684 1144 5739 id
1182 5685 1272 5742 ille
1302 5691 1660 5761 contempsit,
1707 5694 1774 5748 ad
1821 5702 2008 5764 gentes

450 5772 626 5857 gratia
662 5775 981 5843 transmissa
1027 5783 1129 5836 est.
1162 5775 1239 5832 De
1289 5780 1413 5836 coelo
1461 5783 1683 5857 respexit
1727 5783 2005 5857 Dominus,

2128 3655 2220 3708 τοῦ
2253 3654 2413 3725 βουλὴ
2437 3656 2515 3718 είς
2559 3654 2648 3707 τὸν
2679 3655 2869 3708 αἰῶνα.
2931 3652 3086 3706 Ἀλλά
3139 3652 3232 3705 καὶ
3276 3653 3376 3722 τῆς
3429 3651 3623 3721 σοφίας
3652 3651 3715 3720 οι,

2127 3746 2376 3818 λογισμοὶ
2398 3743 2561 3799 αὐτοῦ
2591 3746 2687 3816 οὐχ
2723 3745 2922 3815 ὁμοίως
2973 3747 3086 3808 τοίς
3135 3745 3413 3821 λογισμοῖς
3461 3741 3574 3796 τῶν
3608 3742 3700 3795 ἀν-

2129 3840 2361 3913 θρώπων
2389 3840 2756 3912 ἁθετήσονται·
2783 3838 3155 3910 παραμένουσι
3182 3838 3237 3890 δὲ
3257 3835 3451 3909 ἑαυτοῦ
3484 3836 3697 3907 κρίσεις

2127 3936 2208 3999 εἰς
2237 3933 2429 4003 γενεὰν
2459 3933 2553 3986 καὶ
2586 3933 2796 4002 γενεάν.
2822 3931 3081 3985 Φυλάττει
3104 3930 3213 4003 γὰρ
3244 3932 3370 3993 τοὺς
3393 3929 3561 3983 αὑτοῦ
3612 3928 3712 3993 λοέ⁴

2125 4027 2356 4096 γισμοὺς
2383 4027 2494 4088 τοῖς
2519 4024 2711 4078 ἐαυτοῦ
2737 4022 2925 4089 ἀξίοις·
2962 4025 3055 4077 καὶ
3080 4023 3374 4094 ἐπειδήπερ
3415 4020 3539 4075 καθ’
3564 4020 3695 4074 ἐκά-

2127 4135 2256 4189 στην
2277 4116 2468 4187 γενεὰν
2494 4118 2589 4172 καὶ
2611 4116 2855 4188 διαδοχὴν
2876 4114 3174 4187 ἀνθρώπων
3196 4113 3537 4186 εὑρίσκονταί
3551 4129 3694 4176 τινες

2123 4209 2286 4277 ἄξιοι,
2321 4212 2543 4274 εἰκότως
2591 4209 2799 4274 τούτοις
2847 4208 3029 4272 αὐτοῖς
3071 4207 3338 4278 διατηρῶν
3371 4207 3497 4270 τοὺς
3526 4201 3705 4273 αὐτοῦΔ

2122 4300 2432 4372 λογισμοὺς,
2461 4303 2539 4366 είς
2554 4299 2743 4369 γενεὰν
2758 4299 2852 4353 καὶ
2877 4297 3068 4368 γενεὰν
3100 4297 3299 4367 αὐτοὺς
3323 4294 3687 4365 παρεκτείνει.

2121 4392 2232 4446 Καὶ
2255 4392 2423 4447 ταῦτα
2451 4393 2547 4463 μὲν
2580 4391 2745 4445 πάλαι
2769 4388 3088 4463 προελέγετο
3117 4379 3484 4461 προφητικῶς·
3510 4384 3690 4456 ἔργοις

2121 4485 2178 4539 δέ
2209 4485 2390 4553 αὐτοῖς
2418 4484 2515 4556 τὴν
2546 4482 2767 4537 ἔκϐασιν
2794 4482 2902 4537 τῶν
2930 4483 3103 4549 λόγων
3148 4481 3309 4554 ἡμεῖς
3342 4476 3686 4550 παρειλήφα-

2125 4594 2244 4650 μεν.
2278 4578 2414 4641 Ὅσα
2446 4576 2554 4647 γὰρ
2588 4577 2999 4648 ἐμηχανήσαντο
3034 4573 3175 4627 κατὰ
3223 4574 3323 4643 τῆς
3362 4568 3687 4639 Ἐκκλησίας

2118 4670 2304 4734 αὐτοῦ,
2338 4669 2432 4723 καὶ
2459 4668 2673 4732 ὁποίους
2701 4668 2823 4721 καθ’
2854 4665 3009 4737 ἡμῶν
3055 4665 3354 4735 ἐπήγειραν
3389 4661 3683 4731 διωγμοὺς,

2117 4762 2305 4826 ὁποίας
2327 4779 2386 4815 τε
2419 4761 2612 4831 βουλὰς
2638 4760 3021 4814 ἐϐουλεύσαντο
3077 4760 3126 4811 οἱ
3179 4757 3438 4829 ἄρχοντες
3467 4754 3560 4808 τοῦ
3608 4755 3704 4812 αίο,

2115 4856 2251 4918 ῶνος
2269 4854 2455 4908 τούτου
2480 4852 2602 4906 καθ’
2630 4851 2804 4922 ἡμῶν,
2832 4851 2931 4904 οὐκ
2982 4849 3126 4902 ἐστιν
3158 4848 3392 4913 ἐπαξίως
3420 4846 3682 4916 διηγήσα-

2118 4947 2260 5001 σθαι·
2299 4945 2391 4998 καὶ
2416 4946 2490 5009 ὼς
2523 4943 2696 4997 ταῦτα
2726 4943 2902 4996 πάντα
2938 4941 3071 4995 Θεοῦ
3113 4941 3336 5011 δυνάμει
3380 4937 3682 4994 διεσκεδάν-

2114 5054 2289 5092 νυντοσ
2325 5038 2417 5090 καὶ
2442 5038 2516 5100 ὡς
2536 5037 2635 5089 οὐκ
2676 5038 2759 5104 ἐφ’
2791 5033 2945 5107 ἡμῶν
2982 5034 3159 5105 μόνον,
3212 5032 3346 5087 ἀλλὰ
3399 5031 3519 5086 καθ’
3549 5029 3678 5083 ἐκά-

2115 5146 2248 5199 στην
2271 5129 2462 5197 γενεὰν
2486 5128 2664 5200 ἐργοις
2686 5126 2859 5180 ταῦτα
2883 5125 3182 5197 ἐπληροῦτο
3214 5125 3321 5183 ἀπὸ
3339 5124 3459 5189 τῶν⁸
3476 5123 3695 5195 χρόνων,

2111 5222 2212 5293 τῆς
2234 5220 2331 5275 τοῦ
2359 5221 2605 5293 Σωτῆρος
2632 5218 2946 5288 θεοφανείας
2976 5216 3274 5289 ἀρξάμενα.

2181 5420 2486 5491 Μακάρων
2512 5418 2579 5474 τὸ
2612 5419 2785 5485 ἔθνος
2816 5413 2887 5474 οὗ
2939 5419 3112 5473 ἐστιν
3137 5421 3171 5472 ό
3220 5418 3433 5486 Κύριος
3455 5422 3489 5471 ό
3536 5417 3676 5481 Θεὸς

2110 5513 2327 5577 αὐτοῦ,
2382 5512 2533 5578 λαὸς
2601 5510 2674 5565 ὃν
2739 5506 3058 5575 ἐξελέξατο
3115 5509 3202 5574 εἰς
3272 5508 3675 5576 κληρονομίαν

2110 5602 2317 5669 ἐαυτῷ.
2357 5602 2529 5656 Πάλαι
2555 5602 2653 5672 μὲν
2683 5601 2791 5672 γὰρ
2821 5596 2889 5671 ἦν
2925 5599 3141 5671 Ἰσραὴλ
3193 5601 3348 5673 μερὶς
3402 5600 3497 5654 καὶ
3550 5596 3677 5665 κλη-

2112 5693 2335 5765 ρονομία
2363 5692 2546 5746 αὐτοῦ·
2598 5690 2712 5745 ἀλλ’
2744 5693 2864 5745 ἐπεὶ
2915 5691 3144 5763 ἡθέτησε
3201 5691 3595 5762 μεταϐέϐληται
3635 5687 3670 5756 ἠ

2108 5786 2268 5859 χάρις
2298 5785 2390 5839 ἐπὶ
2412 5782 2479 5838 τὰ
2507 5782 2652 5855 ἔθνη.
2697 5783 2801 5850 Ἐξ
2839 5785 3097 5852 οὐρανοῦ
3131 5784 3463 5853 ἐπέϐλεψεν
3495 5786 3527 5839 ὀ
3559 5779 3668 5837 Κύ-
