  <div class='ocr_page' id='page_1' title='image "/cluster/home/n/w/nwhite01/storage/ocr_20150623/23/mdp.39015078384396/150.png"; bbox 0 0 3940 6292; ppageno 0'>
   <div class='ocr_carea' id='block_1_1' title="bbox 234 340 337 402">
    <p class='ocr_par' dir='ltr' id='par_1_1' title="bbox 234 340 337 402">
     <span class='ocr_line' id='line_1_1' title="bbox 234 340 337 402; baseline -0.029 0"><span class='ocrx_word' id='word_1_1' title='bbox 234 340 337 402; x_wconf 72' lang='lat'><strong><em>285</em></strong></span> 
     </span>
    </p>
   </div>
   <div class='ocr_carea' id='block_1_2' title="bbox 1382 336 2360 399">
    <p class='ocr_par' dir='ltr' id='par_1_2' title="bbox 1382 336 2360 399">
     <span class='ocr_line' id='line_1_2' title="bbox 1382 336 2360 399; baseline -0.003 0"><span class='ocrx_word' id='word_1_2' title='bbox 1382 337 1876 399; x_wconf 70' lang='lat' dir='ltr'><strong><em>COMMENTARIA</em></strong></span> <span class='ocrx_word' id='word_1_3' title='bbox 1919 336 1986 392; x_wconf 79' lang='grc' dir='ltr'><strong>ΙΝ</strong></span> <span class='ocrx_word' id='word_1_4' title='bbox 2023 336 2360 396; x_wconf 76' lang='lat' dir='ltr'><strong><em>PSALMOS.</em></strong></span> 
     </span>
    </p>
   </div>
   <div class='ocr_carea' id='block_1_3' title="bbox 3397 343 3503 400">
    <p class='ocr_par' dir='ltr' id='par_1_3' title="bbox 3397 343 3503 400">
     <span class='ocr_line' id='line_1_3' title="bbox 3397 343 3503 400; baseline 0 0"><span class='ocrx_word' id='word_1_5' title='bbox 3397 343 3503 400; x_wconf 69' lang='lat'><strong><em>286</em></strong></span> 
     </span>
    </p>
   </div>
   <div class='ocr_carea' id='block_1_4' title="bbox 234 458 1819 533">
    <p class='ocr_par' dir='ltr' id='par_1_4' title="bbox 234 458 1819 533">
     <span class='ocr_line' id='line_1_4' title="bbox 234 458 1819 533; baseline -0.003 -17"><span class='ocrx_word' id='word_1_6' title='bbox 234 477 383 533; x_wconf 78' lang='grc' dir='ltr'>ριος,</span> <span class='ocrx_word' id='word_1_7' title='bbox 411 460 537 515; x_wconf 74' lang='grc' dir='ltr'>εἶδε</span> <span class='ocrx_word' id='word_1_8' title='bbox 570 462 816 533; x_wconf 77' lang='grc' dir='ltr'><em>πάντας</em></span> <span class='ocrx_word' id='word_1_9' title='bbox 838 466 978 532; x_wconf 79' lang='grc' dir='ltr'><em>τοὺς</em></span> <span class='ocrx_word' id='word_1_10' title='bbox 1005 463 1170 529; x_wconf 85' lang='grc' dir='ltr'>υιοὺς</span> <span class='ocrx_word' id='word_1_11' title='bbox 1198 463 1316 517; x_wconf 85' lang='grc' dir='ltr'><em>τῶν</em></span> <span class='ocrx_word' id='word_1_12' title='bbox 1360 462 1698 530; x_wconf 83' lang='grc' dir='ltr'><strong><em>ἀνθρώπων.</em></strong></span> <span class='ocrx_word' id='word_1_13' title='bbox 1738 458 1819 523; x_wconf 75' lang='grc' dir='ltr'><strong><em>Ἐξ</em></strong></span> 
     </span>
    </p>
   </div>
   <div class='ocr_carea' id='block_1_5' title="bbox 1924 458 3501 533">
    <p class='ocr_par' dir='ltr' id='par_1_5' title="bbox 1936 458 3501 531">
     <span class='ocr_line' id='line_1_5' title="bbox 1936 458 3501 531; baseline 0.004 -20"><span class='ocrx_word' id='word_1_14' title='bbox 1936 458 2065 512; x_wconf 74' lang='lat' dir='ltr'><strong><em>uidit</em></strong></span> <span class='ocrx_word' id='word_1_15' title='bbox 2110 477 2286 514; x_wconf 88' lang='lat' dir='ltr'><strong><em>omnes</em></strong></span> <span class='ocrx_word' id='word_1_16' title='bbox 2330 461 2471 529; x_wconf 76' lang='lat' dir='ltr'><strong><em>ﬁlios</em></strong></span> <span class='ocrx_word' id='word_1_17' title='bbox 2504 459 2794 514; x_wconf 77' lang='lat' dir='ltr'><strong><em>hominum.</em></strong></span> <span class='ocrx_word' id='word_1_18' title='bbox 2860 460 2936 515; x_wconf 88' lang='lat' dir='ltr'><strong><em>De</em></strong></span> <span class='ocrx_word' id='word_1_19' title='bbox 2968 470 3264 531; x_wconf 73' lang='lat' dir='ltr'><strong><em>prwparato</em></strong></span> <span class='ocrx_word' id='word_1_20' title='bbox 3294 462 3501 517; x_wconf 86' lang='lat' dir='ltr'><strong><em>habita-</em></strong></span> 
     </span>
    </p>
   </div>
   <div class='ocr_carea' id='block_1_6' title="bbox 246 552 1831 626">
    <p class='ocr_par' dir='ltr' id='par_1_6' title="bbox 246 552 1831 626">
     <span class='ocr_line' id='line_1_6' title="bbox 246 552 1831 626; baseline -0.004 -16"><span class='ocrx_word' id='word_1_21' title='bbox 246 555 484 624; x_wconf 76' lang='grc' dir='ltr'><strong><em>ἑτοίμου</em></strong></span> <span class='ocrx_word' id='word_1_22' title='bbox 550 558 1014 626; x_wconf 79' lang='grc' dir='ltr'><em>κατοικητηρίου</em></span> <span class='ocrx_word' id='word_1_23' title='bbox 1089 555 1272 611; x_wconf 85' lang='grc' dir='ltr'><em>αὐτοῦ</em></span> <span class='ocrx_word' id='word_1_24' title='bbox 1343 554 1675 621; x_wconf 71' lang='grc' dir='ltr'>ἐπέϐλεψεν</span> <span class='ocrx_word' id='word_1_25' title='bbox 1733 552 1831 605; x_wconf 83' lang='grc' dir='ltr'><strong><em>ἐπὶ</em></strong></span> 
     </span>
    </p>
   </div>
   <div class='ocr_carea' id='block_1_7' title="bbox 247 644 1833 716">
    <p class='ocr_par' dir='ltr' id='par_1_7' title="bbox 247 644 1833 716">
     <span class='ocr_line' id='line_1_7' title="bbox 247 644 1833 716; baseline -0.004 -14"><span class='ocrx_word' id='word_1_26' title='bbox 247 648 482 713; x_wconf 70' lang='grc' dir='ltr'><em>πάντας</em></span> <span class='ocrx_word' id='word_1_27' title='bbox 505 649 654 715; x_wconf 86' lang='grc' dir='ltr'><em>τοὺς</em></span> <span class='ocrx_word' id='word_1_28' title='bbox 679 650 1106 716; x_wconf 78' lang='grc' dir='ltr'><strong><em>κατοικοῦντας</em></strong></span> <span class='ocrx_word' id='word_1_29' title='bbox 1136 648 1251 716; x_wconf 81' lang='grc' dir='ltr'><em>τὴν</em></span> <span class='ocrx_word' id='word_1_30' title='bbox 1303 648 1438 716; x_wconf 72' lang='grc' dir='ltr'><strong><em>γῆν.</em></strong></span> <span class='ocrx_word' id='word_1_31' title='bbox 1474 648 1537 699; x_wconf 88' lang='lat'><strong><em>&#39;0</em></strong></span> <span class='ocrx_word' id='word_1_32' title='bbox 1592 644 1833 709; x_wconf 77' lang='grc' dir='ltr'><em>πλάσας</em></span> 
     </span>
    </p>
   </div>
   <div class='ocr_carea' id='block_1_8' title="bbox 246 736 1833 813">
    <p class='ocr_par' dir='ltr' id='par_1_8' title="bbox 246 736 1833 813">
     <span class='ocr_line' id='line_1_8' title="bbox 246 736 1833 813; baseline -0.004 -17"><span class='ocrx_word' id='word_1_33' title='bbox 246 743 595 813; x_wconf 72' lang='grc' dir='ltr'><em>καταμόνας</em></span> <span class='ocrx_word' id='word_1_34' title='bbox 636 743 747 809; x_wconf 86' lang='grc' dir='ltr'><em>τὰς</em></span> <span class='ocrx_word' id='word_1_35' title='bbox 788 743 1033 811; x_wconf 79' lang='grc' dir='ltr'><em>καρδίας</em></span> <span class='ocrx_word' id='word_1_36' title='bbox 1097 740 1315 805; x_wconf 84' lang='grc' dir='ltr'><em>αὐτῶν,</em></span> <span class='ocrx_word' id='word_1_37' title='bbox 1353 744 1384 794; x_wconf 88' lang='grc' dir='ltr'><em>ό</em></span> <span class='ocrx_word' id='word_1_38' title='bbox 1442 740 1672 803; x_wconf 78' lang='grc' dir='ltr'>συνιεὶς</span> <span class='ocrx_word' id='word_1_39' title='bbox 1734 736 1833 790; x_wconf 75' lang='grc' dir='ltr'><strong><em>ἐπὶ</em></strong></span> 
     </span>
    </p>
   </div>
   <div class='ocr_carea' id='block_1_9' title="bbox 245 828 1831 904">
    <p class='ocr_par' dir='ltr' id='par_1_9' title="bbox 245 828 1831 904">
     <span class='ocr_line' id='line_1_9' title="bbox 245 828 1831 904; baseline -0.006 -15"><span class='ocrx_word' id='word_1_40' title='bbox 245 835 450 889; x_wconf 71' lang='grc' dir='ltr'><em>πάντα</em></span> <span class='ocrx_word' id='word_1_41' title='bbox 479 834 552 887; x_wconf 85' lang='grc' dir='ltr'><em>τὰ</em></span> <span class='ocrx_word' id='word_1_42' title='bbox 578 834 724 903; x_wconf 70' lang='grc' dir='ltr'><em>ἔργα</em></span> <span class='ocrx_word' id='word_1_43' title='bbox 761 835 975 889; x_wconf 81' lang='grc' dir='ltr'><em>αὐτῶν.</em></span> <span class='ocrx_word' id='word_1_44' title='bbox 1021 836 1135 887; x_wconf 84' lang='grc' dir='ltr'><strong><em>Ἵνα</em></strong></span> <span class='ocrx_word' id='word_1_45' title='bbox 1186 833 1402 904; x_wconf 79' lang='grc' dir='ltr'><strong><em>γνῶμεν</em></strong></span> <span class='ocrx_word' id='word_1_46' title='bbox 1457 830 1572 893; x_wconf 83' lang='grc' dir='ltr'><strong><em>πῶς</em></strong></span> <span class='ocrx_word' id='word_1_47' title='bbox 1624 828 1831 899; x_wconf 78' lang='grc' dir='ltr'><strong><em>ὑπέστη</em></strong></span> 
     </span>
    </p>
   </div>
   <div class='ocr_carea' id='block_1_10' title="bbox 243 917 1830 996">
    <p class='ocr_par' dir='ltr' id='par_1_10' title="bbox 243 917 1830 996">
     <span class='ocr_line' id='line_1_10' title="bbox 243 917 1830 996; baseline -0.006 -17"><span class='ocrx_word' id='word_1_48' title='bbox 243 925 310 979; x_wconf 79' lang='grc' dir='ltr'><strong><em>τὸ</em></strong></span> <span class='ocrx_word' id='word_1_49' title='bbox 334 924 776 996; x_wconf 76' lang='grc' dir='ltr'><strong><em>μακαριζόμενον</em></strong></span> <span class='ocrx_word' id='word_1_50' title='bbox 809 925 979 989; x_wconf 81' lang='grc' dir='ltr'>ἔθνος,</span> <span class='ocrx_word' id='word_1_51' title='bbox 1020 925 1112 976; x_wconf 80' lang='grc' dir='ltr'><strong><em>καὶ</em></strong></span> <span class='ocrx_word' id='word_1_52' title='bbox 1165 923 1326 975; x_wconf 76' lang='grc' dir='ltr'>πόθεν</span> <span class='ocrx_word' id='word_1_53' title='bbox 1383 920 1571 992; x_wconf 71' lang='grc' dir='ltr'>εἴληφε</span> <span class='ocrx_word' id='word_1_54' title='bbox 1606 919 1702 988; x_wconf 84' lang='grc' dir='ltr'>τὴν</span> <span class='ocrx_word' id='word_1_55' title='bbox 1734 917 1830 970; x_wconf 88' lang='grc' dir='ltr'><strong><em>σύ-</em></strong></span> 
     </span>
    </p>
   </div>
   <div class='ocr_carea' id='block_1_11' title="bbox 249 1014 1828 1089">
    <p class='ocr_par' dir='ltr' id='par_1_11' title="bbox 249 1014 1828 1089">
     <span class='ocr_line' id='line_1_11' title="bbox 249 1014 1828 1089; baseline 0.005 -20"><span class='ocrx_word' id='word_1_56' title='bbox 249 1034 441 1070; x_wconf 85' lang='grc' dir='ltr'>στασιν</span> <span class='ocrx_word' id='word_1_57' title='bbox 473 1019 505 1069; x_wconf 99' lang='lat'><strong><em>6</em></strong></span> <span class='ocrx_word' id='word_1_58' title='bbox 532 1016 658 1079; x_wconf 86' lang='grc' dir='ltr'>λαὸς</span> <span class='ocrx_word' id='word_1_59' title='bbox 684 1016 743 1068; x_wconf 78' lang='grc' dir='ltr'>ὃν</span> <span class='ocrx_word' id='word_1_60' title='bbox 785 1014 1062 1082; x_wconf 76' lang='grc' dir='ltr'><strong><em>ἐξελέξατο</em></strong></span> <span class='ocrx_word' id='word_1_61' title='bbox 1104 1017 1183 1078; x_wconf 78' lang='grc' dir='ltr'>εἰς</span> <span class='ocrx_word' id='word_1_62' title='bbox 1225 1015 1587 1087; x_wconf 83' lang='grc' dir='ltr'><strong><em>κληρονομίαν</em></strong></span> <span class='ocrx_word' id='word_1_63' title='bbox 1632 1017 1828 1089; x_wconf 69' lang='grc' dir='ltr'>ἐαυτῷ,</span> 
     </span>
    </p>
   </div>
   <div class='ocr_carea' id='block_1_12' title="bbox 244 1106 1832 1180">
    <p class='ocr_par' dir='ltr' id='par_1_12' title="bbox 244 1106 1832 1180">
     <span class='ocr_line' id='line_1_12' title="bbox 244 1106 1832 1180; baseline 0.001 -18"><span class='ocrx_word' id='word_1_64' title='bbox 244 1106 563 1171; x_wconf 75' lang='grc' dir='ltr'>ἀκολούθως</span> <span class='ocrx_word' id='word_1_65' title='bbox 585 1108 844 1171; x_wconf 78' lang='grc' dir='ltr'><strong><em>διδάσκει,</em></strong></span> <span class='ocrx_word' id='word_1_66' title='bbox 872 1108 947 1171; x_wconf 85' lang='grc' dir='ltr'><strong><em>ὡς</em></strong></span> <span class='ocrx_word' id='word_1_67' title='bbox 975 1108 1081 1178; x_wconf 85' lang='grc' dir='ltr'>ἄρα</span> <span class='ocrx_word' id='word_1_68' title='bbox 1114 1106 1275 1169; x_wconf 76' lang='grc' dir='ltr'>αὐτὸς</span> <span class='ocrx_word' id='word_1_69' title='bbox 1323 1110 1351 1160; x_wconf 90' lang='lat'><strong><em>6</em></strong></span> <span class='ocrx_word' id='word_1_70' title='bbox 1402 1107 1603 1180; x_wconf 84' lang='grc' dir='ltr'>Κύριος</span> <span class='ocrx_word' id='word_1_71' title='bbox 1625 1111 1832 1173; x_wconf 79' lang='grc' dir='ltr'><em>πάντας</em></span> 
     </span>
    </p>
   </div>
   <div class='ocr_carea' id='block_1_13' title="bbox 244 1197 1830 1273">
    <p class='ocr_par' dir='ltr' id='par_1_13' title="bbox 244 1197 1830 1273">
     <span class='ocr_line' id='line_1_13' title="bbox 244 1197 1830 1273; baseline 0.003 -23"><span class='ocrx_word' id='word_1_72' title='bbox 244 1199 373 1261; x_wconf 75' lang='grc' dir='ltr'>τοὺς</span> <span class='ocrx_word' id='word_1_73' title='bbox 411 1200 565 1260; x_wconf 76' lang='grc' dir='ltr'>υἱοὺς</span> <span class='ocrx_word' id='word_1_74' title='bbox 584 1198 690 1250; x_wconf 80' lang='grc' dir='ltr'>τῶν</span> <span class='ocrx_word' id='word_1_75' title='bbox 718 1197 1015 1269; x_wconf 82' lang='grc' dir='ltr'>ἀνθρώπων</span> <span class='ocrx_word' id='word_1_76' title='bbox 1038 1200 1161 1261; x_wconf 86' lang='grc' dir='ltr'>τοὺς</span> <span class='ocrx_word' id='word_1_77' title='bbox 1190 1200 1573 1264; x_wconf 77' lang='grc' dir='ltr'><strong><em>κατοικοῦντας</em></strong></span> <span class='ocrx_word' id='word_1_78' title='bbox 1602 1202 1698 1273; x_wconf 85' lang='grc' dir='ltr'><strong><em>τὴν</em></strong></span> <span class='ocrx_word' id='word_1_79' title='bbox 1727 1204 1830 1272; x_wconf 84' lang='grc' dir='ltr'><strong><em>γῆν</em></strong></span> 
     </span>
    </p>
   </div>
   <div class='ocr_carea' id='block_1_14' title="bbox 241 1288 1830 1364">
    <p class='ocr_par' dir='ltr' id='par_1_14' title="bbox 241 1288 1830 1364">
     <span class='ocr_line' id='line_1_14' title="bbox 241 1288 1830 1364; baseline 0.003 -22"><span class='ocrx_word' id='word_1_80' title='bbox 241 1290 711 1360; x_wconf 61' lang='grc' dir='ltr'>ἐπισκεψάμενος,</span> <span class='ocrx_word' id='word_1_81' title='bbox 757 1288 816 1354; x_wconf 77' lang='grc' dir='ltr'><strong><em>ἐξ</em></strong></span> <span class='ocrx_word' id='word_1_82' title='bbox 844 1290 1095 1343; x_wconf 84' lang='grc' dir='ltr'>ἁπάντων</span> <span class='ocrx_word' id='word_1_83' title='bbox 1121 1290 1327 1343; x_wconf 75' lang='grc' dir='ltr'>τούτων</span> <span class='ocrx_word' id='word_1_84' title='bbox 1376 1294 1740 1364; x_wconf 80' lang='grc' dir='ltr'>συνεστήσατο</span> <span class='ocrx_word' id='word_1_85' title='bbox 1770 1296 1830 1348; x_wconf 80' lang='grc' dir='ltr'>τὸ</span> 
     </span>
    </p>
   </div>
   <div class='ocr_carea' id='block_1_15' title="bbox 240 1381 1827 1455">
    <p class='ocr_par' dir='ltr' id='par_1_15' title="bbox 240 1381 1827 1455">
     <span class='ocr_line' id='line_1_15' title="bbox 240 1381 1827 1455; baseline 0.004 -22"><span class='ocrx_word' id='word_1_86' title='bbox 240 1381 547 1453; x_wconf 79' lang='grc' dir='ltr'>προλεχθὲν</span> <span class='ocrx_word' id='word_1_87' title='bbox 596 1382 769 1446; x_wconf 80' lang='grc' dir='ltr'>ἔθνος,</span> <span class='ocrx_word' id='word_1_88' title='bbox 828 1385 921 1435; x_wconf 69' lang='grc' dir='ltr'><strong><em>καὶ</em></strong></span> <span class='ocrx_word' id='word_1_89' title='bbox 966 1383 1055 1435; x_wconf 81' lang='grc' dir='ltr'>τὸν</span> <span class='ocrx_word' id='word_1_90' title='bbox 1101 1385 1497 1455; x_wconf 80' lang='grc' dir='ltr'>προειρημένον</span> <span class='ocrx_word' id='word_1_91' title='bbox 1548 1385 1709 1450; x_wconf 80' lang='grc' dir='ltr'>λαὸν,</span> <span class='ocrx_word' id='word_1_92' title='bbox 1765 1388 1827 1439; x_wconf 81' lang='grc' dir='ltr'><strong><em>οὐ</em></strong></span> 
     </span>
    </p>
   </div>
   <div class='ocr_carea' id='block_1_16' title="bbox 234 1475 1824 1547">
    <p class='ocr_par' dir='ltr' id='par_1_16' title="bbox 234 1475 1824 1547">
     <span class='ocr_line' id='line_1_16' title="bbox 234 1475 1824 1547; baseline 0.002 -19"><span class='ocrx_word' id='word_1_93' title='bbox 234 1475 515 1538; x_wconf 78' lang='grc' dir='ltr'>διακόνοις</span> <span class='ocrx_word' id='word_1_94' title='bbox 538 1476 741 1547; x_wconf 79' lang='grc' dir='ltr'>ἑτέροις</span> <span class='ocrx_word' id='word_1_95' title='bbox 762 1476 1114 1547; x_wconf 82' lang='grc' dir='ltr'>κεχρημένος.</span> <span class='ocrx_word' id='word_1_96' title='bbox 1153 1478 1295 1530; x_wconf 83' lang='grc' dir='ltr'>Ἀντ“ι</span> <span class='ocrx_word' id='word_1_97' title='bbox 1322 1477 1377 1529; x_wconf 86' lang='grc' dir='ltr'><em>δὲ</em></span> <span class='ocrx_word' id='word_1_98' title='bbox 1401 1476 1513 1529; x_wconf 68' lang='grc' dir='ltr'>τοῦ·</span> <span class='ocrx_word' id='word_1_99' title='bbox 1542 1477 1642 1541; x_wconf 80' lang='grc' dir='ltr'><em>Ἐξ</em></span> <span class='ocrx_word' id='word_1_100' title='bbox 1674 1480 1824 1531; x_wconf 84' lang='grc' dir='ltr'><em>ἑτοί-</em></span> 
     </span>
    </p>
   </div>
   <div class='ocr_carea' id='block_1_17' title="bbox 229 1564 1826 1634">
    <p class='ocr_par' dir='ltr' id='par_1_17' title="bbox 229 1564 1826 1634">
     <span class='ocr_line' id='line_1_17' title="bbox 229 1564 1826 1634; baseline 0.001 -18"><span class='ocrx_word' id='word_1_101' title='bbox 229 1583 356 1634; x_wconf 80' lang='grc' dir='ltr'><strong><em>μσυ</em></strong></span> <span class='ocrx_word' id='word_1_102' title='bbox 412 1564 870 1631; x_wconf 78' lang='grc' dir='ltr'><em>κατοικητηριόυ</em></span> <span class='ocrx_word' id='word_1_103' title='bbox 916 1564 1123 1627; x_wconf 78' lang='grc' dir='ltr'><em>αὑτοῦ,</em></span> <span class='ocrx_word' id='word_1_104' title='bbox 1171 1566 1199 1616; x_wconf 91' lang='lat'><strong><em>6</em></strong></span> <span class='ocrx_word' id='word_1_105' title='bbox 1254 1566 1349 1634; x_wconf 86' lang='grc' dir='ltr'>μὲν</span> <span class='ocrx_word' id='word_1_106' title='bbox 1394 1564 1647 1629; x_wconf 78' lang='grc' dir='ltr'><strong><em>Ἀκύλας,</em></strong></span> <span class='ocrx_word' id='word_1_107' title='bbox 1707 1564 1826 1617; x_wconf 83' lang='grc' dir='ltr'><strong><em>ἀπὸ</em></strong></span> 
     </span>
    </p>
   </div>
   <div class='ocr_carea' id='block_1_18' title="bbox 233 1654 1827 1726">
    <p class='ocr_par' dir='ltr' id='par_1_18' title="bbox 233 1654 1827 1726">
     <span class='ocr_line' id='line_1_18' title="bbox 233 1654 1827 1726; baseline -0.001 -18"><span class='ocrx_word' id='word_1_108' title='bbox 233 1654 627 1723; x_wconf 79' lang='grc' dir='ltr'><em>ἐδράσματος</em></span> <span class='ocrx_word' id='word_1_109' title='bbox 679 1654 968 1721; x_wconf 72' lang='grc' dir='ltr'><em>καθέδρας</em></span> <span class='ocrx_word' id='word_1_110' title='bbox 1029 1656 1237 1717; x_wconf 82' lang='grc' dir='ltr'><em>αὐτοῦ,</em></span> <span class='ocrx_word' id='word_1_111' title='bbox 1286 1658 1653 1726; x_wconf 83' lang='grc' dir='ltr'>ὴρμήνευσεν·</span> <span class='ocrx_word' id='word_1_112' title='bbox 1702 1658 1729 1709; x_wconf 90' lang='lat'><strong><em>6</em></strong></span> <span class='ocrx_word' id='word_1_113' title='bbox 1769 1656 1827 1709; x_wconf 88' lang='grc' dir='ltr'><em>δὲ</em></span> 
     </span>
    </p>
   </div>
   <div class='ocr_carea' id='block_1_19' title="bbox 236 1745 1823 1816">
    <p class='ocr_par' dir='ltr' id='par_1_19' title="bbox 236 1745 1823 1816">
     <span class='ocr_line' id='line_1_19' title="bbox 236 1745 1823 1816; baseline 0.004 -19"><span class='ocrx_word' id='word_1_114' title='bbox 236 1746 563 1816; x_wconf 56' lang='grc' dir='ltr'>Σύμμαχπ,</span> <span class='ocrx_word' id='word_1_115' title='bbox 597 1745 714 1801; x_wconf 81' lang='grc' dir='ltr'><strong><em>ἀπὸ</em></strong></span> <span class='ocrx_word' id='word_1_116' title='bbox 740 1746 915 1814; x_wconf 85' lang='grc' dir='ltr'><em>ἕδρας</em></span> <span class='ocrx_word' id='word_1_117' title='bbox 935 1749 1239 1813; x_wconf 77' lang='grc' dir='ltr'><em>κατοικίας</em></span> <span class='ocrx_word' id='word_1_118' title='bbox 1261 1749 1448 1802; x_wconf 82' lang='grc' dir='ltr'><em>αὐτοῦ</em></span> <span class='ocrx_word' id='word_1_119' title='bbox 1470 1748 1823 1816; x_wconf 72' lang='grc' dir='ltr'>ἐπέϐλεψεν.</span> 
     </span>
    </p>
   </div>
   <div class='ocr_carea' id='block_1_20' title="bbox 247 1812 1900 1906">
    <p class='ocr_par' dir='ltr' id='par_1_20' title="bbox 247 1812 1900 1906">
     <span class='ocr_line' id='line_1_20' title="bbox 247 1812 1900 1906; baseline 0 -18"><span class='ocrx_word' id='word_1_120' title='bbox 247 1812 399 1888; x_wconf 14' lang='grc' dir='ltr'><strong><em>ὐνδήὲ</em></strong></span> <span class='ocrx_word' id='word_1_121' title='bbox 420 1812 599 1904; x_wconf 56' lang='grc' dir='ltr'>λόγος</span> <span class='ocrx_word' id='word_1_122' title='bbox 627 1812 813 1888; x_wconf 35' lang='grc' dir='ltr'>αὑτοῦ-</span> <span class='ocrx_word' id='word_1_123' title='bbox 838 1836 933 1906; x_wconf 78' lang='grc' dir='ltr'>τὴν</span> <span class='ocrx_word' id='word_1_124' title='bbox 969 1812 1237 1906; x_wconf 79' lang='grc' dir='ltr'><strong><em>σωτηρίαν</em></strong></span> <span class='ocrx_word' id='word_1_125' title='bbox 1263 1836 1547 1890; x_wconf 84' lang='grc' dir='ltr'>διεκονεῖτο</span> <span class='ocrx_word' id='word_1_126' title='bbox 1576 1812 1819 1899; x_wconf 43' lang='grc' dir='ltr'>τοῖς-σω·</span> <span class='ocrx_word' id='word_1_127' title='bbox 1858 1812 1900 1866; x_wconf 79' lang='grc' dir='ltr'><strong>Β</strong></span> 
     </span>
    </p>
   </div>
   <div class='ocr_carea' id='block_1_21' title="bbox 233 1926 1819 1998">
    <p class='ocr_par' dir='ltr' id='par_1_21' title="bbox 233 1926 1819 1998">
     <span class='ocr_line' id='line_1_21' title="bbox 233 1926 1819 1998; baseline 0.003 -21"><span class='ocrx_word' id='word_1_128' title='bbox 233 1926 511 1996; x_wconf 78' lang='grc' dir='ltr'>ζομένοις·</span> <span class='ocrx_word' id='word_1_129' title='bbox 582 1927 928 1980; x_wconf 77' lang='grc' dir='ltr'>Ἀπέστειλε</span> <span class='ocrx_word' id='word_1_130' title='bbox 974 1927 1082 1998; x_wconf 81' lang='grc' dir='ltr'><strong><em>γὰρ</em></strong></span> <span class='ocrx_word' id='word_1_131' title='bbox 1110 1927 1218 1980; x_wconf 75' lang='grc' dir='ltr'><em>τὸν</em></span> <span class='ocrx_word' id='word_1_132' title='bbox 1254 1930 1442 1997; x_wconf 82' lang='grc' dir='ltr'><em>λόγον</em></span> <span class='ocrx_word' id='word_1_133' title='bbox 1484 1926 1668 1981; x_wconf 80' lang='grc' dir='ltr'><em>αὐτοῦ</em></span> <span class='ocrx_word' id='word_1_134' title='bbox 1721 1928 1819 1981; x_wconf 79' lang='grc' dir='ltr'><strong><em>καὶ</em></strong></span> 
     </span>
    </p>
   </div>
   <div class='ocr_carea' id='block_1_22' title="bbox 236 2016 1821 2087">
    <p class='ocr_par' dir='ltr' id='par_1_22' title="bbox 236 2016 1821 2087">
     <span class='ocr_line' id='line_1_22' title="bbox 236 2016 1821 2087; baseline 0.001 -17"><span class='ocrx_word' id='word_1_135' title='bbox 236 2016 451 2077; x_wconf 69' lang='grc' dir='ltr'><em>ἰάσατο</em></span> <span class='ocrx_word' id='word_1_136' title='bbox 485 2018 730 2084; x_wconf 78' lang='grc' dir='ltr'><em>αὐτοὺς,</em></span> <span class='ocrx_word' id='word_1_137' title='bbox 762 2019 858 2072; x_wconf 81' lang='grc' dir='ltr'><em>καὶ</em></span> <span class='ocrx_word' id='word_1_138' title='bbox 885 2021 1174 2087; x_wconf 77' lang='grc' dir='ltr'><strong><em>ἐρῤὐσατο</em></strong></span> <span class='ocrx_word' id='word_1_139' title='bbox 1202 2020 1419 2086; x_wconf 79' lang='grc' dir='ltr'><em>αὐτοὺς</em></span> <span class='ocrx_word' id='word_1_140' title='bbox 1441 2021 1508 2072; x_wconf 82' lang='grc' dir='ltr'><em>ἐκ</em></span> <span class='ocrx_word' id='word_1_141' title='bbox 1538 2018 1653 2072; x_wconf 82' lang='grc' dir='ltr'><em>τῶν</em></span> <span class='ocrx_word' id='word_1_142' title='bbox 1693 2019 1821 2071; x_wconf 84' lang='grc' dir='ltr'><em>δια-</em></span> 
     </span>
    </p>
   </div>
   <div class='ocr_carea' id='block_1_23' title="bbox 230 2107 1820 2179">
    <p class='ocr_par' dir='ltr' id='par_1_23' title="bbox 230 2107 1820 2179">
     <span class='ocr_line' id='line_1_23' title="bbox 230 2107 1820 2179; baseline -0.001 -18"><span class='ocrx_word' id='word_1_143' title='bbox 230 2107 477 2176; x_wconf 65' lang='grc' dir='ltr'><em>φθορῶν</em></span> <span class='ocrx_word' id='word_1_144' title='bbox 503 2107 720 2162; x_wconf 81' lang='grc' dir='ltr'><em>αὐτῶν.</em></span> <span class='ocrx_word' id='word_1_145' title='bbox 755 2109 852 2162; x_wconf 83' lang='grc' dir='ltr'>Διὰ</span> <span class='ocrx_word' id='word_1_146' title='bbox 885 2109 935 2161; x_wconf 83' lang='grc' dir='ltr'><em>τί</em></span> <span class='ocrx_word' id='word_1_147' title='bbox 962 2108 1018 2160; x_wconf 86' lang='grc' dir='ltr'><em>δὲ</em></span> <span class='ocrx_word' id='word_1_148' title='bbox 1048 2108 1107 2173; x_wconf 80' lang='grc' dir='ltr'>ἐξ</span> <span class='ocrx_word' id='word_1_149' title='bbox 1136 2109 1365 2179; x_wconf 78' lang='grc' dir='ltr'>οὐρανοῦ</span> <span class='ocrx_word' id='word_1_150' title='bbox 1400 2108 1660 2177; x_wconf 73' lang='grc' dir='ltr'>ὲπέϐλεψε</span> <span class='ocrx_word' id='word_1_151' title='bbox 1702 2107 1820 2161; x_wconf 83' lang='grc' dir='ltr'><strong><em>Κύ-</em></strong></span> 
     </span>
    </p>
   </div>
   <div class='ocr_carea' id='block_1_24' title="bbox 231 2200 1821 2272">
    <p class='ocr_par' dir='ltr' id='par_1_24' title="bbox 231 2200 1821 2272">
     <span class='ocr_line' id='line_1_24' title="bbox 231 2200 1821 2272; baseline 0 -18"><span class='ocrx_word' id='word_1_152' title='bbox 231 2220 370 2272; x_wconf 80' lang='grc' dir='ltr'>ριος,</span> <span class='ocrx_word' id='word_1_153' title='bbox 404 2202 507 2254; x_wconf 75' lang='grc' dir='ltr'><strong><em>καὶ</em></strong></span> <span class='ocrx_word' id='word_1_154' title='bbox 536 2201 589 2253; x_wconf 85' lang='grc' dir='ltr'>τί</span> <span class='ocrx_word' id='word_1_155' title='bbox 612 2201 671 2254; x_wconf 85' lang='grc' dir='ltr'>τὸ</span> <span class='ocrx_word' id='word_1_156' title='bbox 692 2201 863 2254; x_wconf 80' lang='grc' dir='ltr'>αἴτιον</span> <span class='ocrx_word' id='word_1_157' title='bbox 883 2200 975 2253; x_wconf 80' lang='grc' dir='ltr'>τοῦ</span> <span class='ocrx_word' id='word_1_158' title='bbox 1003 2200 1336 2267; x_wconf 81' lang='grc' dir='ltr'>καταξιῶσαι</span> <span class='ocrx_word' id='word_1_159' title='bbox 1365 2202 1462 2271; x_wconf 82' lang='grc' dir='ltr'>τῆς</span> <span class='ocrx_word' id='word_1_160' title='bbox 1484 2201 1674 2255; x_wconf 77' lang='grc' dir='ltr'>ἑαυτοῦ</span> <span class='ocrx_word' id='word_1_161' title='bbox 1699 2202 1821 2254; x_wconf 82' lang='grc' dir='ltr'>ἐπι-</span> 
     </span>
    </p>
   </div>
   <div class='ocr_carea' id='block_1_25' title="bbox 230 2294 1819 2367">
    <p class='ocr_par' dir='ltr' id='par_1_25' title="bbox 230 2294 1819 2367">
     <span class='ocr_line' id='line_1_25' title="bbox 230 2294 1819 2367; baseline 0 -19"><span class='ocrx_word' id='word_1_162' title='bbox 230 2296 447 2363; x_wconf 73' lang='grc' dir='ltr'>σκοπῆς</span> <span class='ocrx_word' id='word_1_163' title='bbox 478 2295 691 2356; x_wconf 80' lang='grc' dir='ltr'>πάντας</span> <span class='ocrx_word' id='word_1_164' title='bbox 718 2294 845 2356; x_wconf 78' lang='grc' dir='ltr'>τοὺς</span> <span class='ocrx_word' id='word_1_165' title='bbox 869 2295 1017 2356; x_wconf 73' lang='grc' dir='ltr'>υἱοὺς</span> <span class='ocrx_word' id='word_1_166' title='bbox 1057 2294 1164 2346; x_wconf 79' lang='grc' dir='ltr'>τῶν</span> <span class='ocrx_word' id='word_1_167' title='bbox 1197 2294 1517 2365; x_wconf 85' lang='grc' dir='ltr'>ἀνθρώπων,</span> <span class='ocrx_word' id='word_1_168' title='bbox 1553 2295 1819 2367; x_wconf 83' lang='grc' dir='ltr'>παρίστη-</span> 
     </span>
    </p>
   </div>
   <div class='ocr_carea' id='block_1_26' title="bbox 226 2380 1819 2453">
    <p class='ocr_par' dir='ltr' id='par_1_26' title="bbox 226 2380 1819 2453">
     <span class='ocr_line' id='line_1_26' title="bbox 226 2380 1819 2453; baseline 0.003 -19"><span class='ocrx_word' id='word_1_169' title='bbox 226 2399 311 2434; x_wconf 87' lang='grc' dir='ltr'><strong><em>σιν</em></strong></span> <span class='ocrx_word' id='word_1_170' title='bbox 342 2381 481 2451; x_wconf 78' lang='grc' dir='ltr'><strong><em>ὲξῆς</em></strong></span> <span class='ocrx_word' id='word_1_171' title='bbox 523 2381 715 2449; x_wconf 84' lang='grc' dir='ltr'>λέγων·</span> <span class='ocrx_word' id='word_1_172' title='bbox 764 2380 827 2432; x_wconf 83' lang='grc' dir='ltr'>Ὀ</span> <span class='ocrx_word' id='word_1_173' title='bbox 876 2381 1119 2447; x_wconf 82' lang='grc' dir='ltr'><em>πλάσας</em></span> <span class='ocrx_word' id='word_1_174' title='bbox 1168 2385 1506 2451; x_wconf 72' lang='grc' dir='ltr'><em>καταμόνας</em></span> <span class='ocrx_word' id='word_1_175' title='bbox 1538 2384 1645 2450; x_wconf 83' lang='grc' dir='ltr'><strong><em>τὰς</em></strong></span> <span class='ocrx_word' id='word_1_176' title='bbox 1676 2402 1819 2453; x_wconf 80' lang='grc' dir='ltr'><em>καρ-</em></span> 
     </span>
    </p>
   </div>
   <div class='ocr_carea' id='block_1_27' title="bbox 220 2467 1816 2544">
    <p class='ocr_par' dir='ltr' id='par_1_27' title="bbox 220 2467 1816 2544">
     <span class='ocr_line' id='line_1_27' title="bbox 220 2467 1816 2544; baseline 0.003 -20"><span class='ocrx_word' id='word_1_177' title='bbox 220 2472 366 2537; x_wconf 73' lang='grc' dir='ltr'><em>δίας</em></span> <span class='ocrx_word' id='word_1_178' title='bbox 390 2471 614 2525; x_wconf 83' lang='grc' dir='ltr'><em>αὐτῶν·</em></span> <span class='ocrx_word' id='word_1_179' title='bbox 646 2470 762 2527; x_wconf 75' lang='grc' dir='ltr'><strong><em>ἀνθ’</em></strong></span> <span class='ocrx_word' id='word_1_180' title='bbox 789 2467 849 2525; x_wconf 74' lang='grc' dir='ltr'><strong><em>οὗ</em></strong></span> <span class='ocrx_word' id='word_1_181' title='bbox 879 2473 907 2523; x_wconf 93' lang='lat'><strong><em>6</em></strong></span> <span class='ocrx_word' id='word_1_182' title='bbox 962 2472 1255 2542; x_wconf 78' lang='grc' dir='ltr'>Σύμμαχος</span> <span class='ocrx_word' id='word_1_183' title='bbox 1302 2490 1482 2544; x_wconf 79' lang='grc' dir='ltr'>φησιν·</span> <span class='ocrx_word' id='word_1_184' title='bbox 1529 2476 1588 2526; x_wconf 90' lang='grc' dir='ltr'>Ὀ</span> <span class='ocrx_word' id='word_1_185' title='bbox 1620 2474 1816 2529; x_wconf 80' lang='grc' dir='ltr'>πλάσ-</span> 
     </span>
    </p>
   </div>
   <div class='ocr_carea' id='block_1_28' title="bbox 220 2562 1816 2636">
    <p class='ocr_par' dir='ltr' id='par_1_28' title="bbox 220 2562 1816 2636">
     <span class='ocr_line' id='line_1_28' title="bbox 220 2562 1816 2636; baseline 0.003 -19"><span class='ocrx_word' id='word_1_186' title='bbox 220 2580 363 2617; x_wconf 78' lang='grc' dir='ltr'><strong><em>σων</em></strong></span> <span class='ocrx_word' id='word_1_187' title='bbox 400 2564 741 2632; x_wconf 79' lang='grc' dir='ltr'><em>καταμόνας</em></span> <span class='ocrx_word' id='word_1_188' title='bbox 763 2562 1029 2631; x_wconf 81' lang='grc' dir='ltr'><strong><em>ἑκάστην</em></strong></span> <span class='ocrx_word' id='word_1_189' title='bbox 1064 2564 1313 2631; x_wconf 76' lang='grc' dir='ltr'><em>καρδίαν</em></span> <span class='ocrx_word' id='word_1_190' title='bbox 1353 2563 1569 2619; x_wconf 83' lang='grc' dir='ltr'><em>αὐτῶν.</em></span> <span class='ocrx_word' id='word_1_191' title='bbox 1614 2566 1677 2617; x_wconf 83' lang='lat' dir='ltr'><strong><em>Ei</em></strong></span> <span class='ocrx_word' id='word_1_192' title='bbox 1719 2567 1816 2636; x_wconf 86' lang='grc' dir='ltr'><strong><em>μὲν</em></strong></span> 
     </span>
    </p>
   </div>
   <div class='ocr_carea' id='block_1_29' title="bbox 219 2654 1818 2728">
    <p class='ocr_par' dir='ltr' id='par_1_29' title="bbox 219 2654 1818 2728">
     <span class='ocr_line' id='line_1_29' title="bbox 219 2654 1818 2728; baseline 0.003 -20"><span class='ocrx_word' id='word_1_193' title='bbox 219 2654 341 2725; x_wconf 76' lang='grc' dir='ltr'><strong><em>γὰρ</em></strong></span> <span class='ocrx_word' id='word_1_194' title='bbox 366 2655 567 2725; x_wconf 79' lang='grc' dir='ltr'>ὁμοίως</span> <span class='ocrx_word' id='word_1_195' title='bbox 590 2657 704 2718; x_wconf 84' lang='grc' dir='ltr'>τοῖς</span> <span class='ocrx_word' id='word_1_196' title='bbox 763 2654 977 2724; x_wconf 79' lang='grc' dir='ltr'>ἀλόγοις</span> <span class='ocrx_word' id='word_1_197' title='bbox 1036 2654 1193 2719; x_wconf 81' lang='grc' dir='ltr'>ζώοις</span> <span class='ocrx_word' id='word_1_198' title='bbox 1223 2657 1315 2708; x_wconf 76' lang='grc' dir='ltr'>καὶ</span> <span class='ocrx_word' id='word_1_199' title='bbox 1359 2657 1448 2708; x_wconf 83' lang='grc' dir='ltr'><strong><em>τὸν</em></strong></span> <span class='ocrx_word' id='word_1_200' title='bbox 1478 2656 1818 2728; x_wconf 76' lang='grc' dir='ltr'>ἀνθρώπινον</span> 
     </span>
    </p>
   </div>
   <div class='ocr_carea' id='block_1_30' title="bbox 217 2743 1815 2818">
    <p class='ocr_par' dir='ltr' id='par_1_30' title="bbox 217 2743 1815 2818">
     <span class='ocr_line' id='line_1_30' title="bbox 217 2743 1815 2818; baseline 0.003 -20"><span class='ocrx_word' id='word_1_201' title='bbox 217 2746 354 2807; x_wconf 78' lang='grc' dir='ltr'>νοῦν</span> <span class='ocrx_word' id='word_1_202' title='bbox 388 2748 612 2817; x_wconf 70' lang='grc' dir='ltr'>ὑφίστη,</span> <span class='ocrx_word' id='word_1_203' title='bbox 648 2747 797 2801; x_wconf 78' lang='grc' dir='ltr'>οὐδὲν</span> <span class='ocrx_word' id='word_1_204' title='bbox 846 2743 914 2818; x_wconf 78' lang='grc' dir='ltr'><strong><em>ἦν</em></strong></span> <span class='ocrx_word' id='word_1_205' title='bbox 968 2748 1260 2815; x_wconf 86' lang='grc' dir='ltr'>ἀναγκαῖον</span> <span class='ocrx_word' id='word_1_206' title='bbox 1308 2748 1619 2801; x_wconf 78' lang='grc' dir='ltr'>ἐπιϐλέπειν</span> <span class='ocrx_word' id='word_1_207' title='bbox 1654 2751 1815 2802; x_wconf 81' lang='grc' dir='ltr'>αὐτὸν</span> 
     </span>
    </p>
   </div>
   <div class='ocr_carea' id='block_1_31' title="bbox 214 2837 1813 2913">
    <p class='ocr_par' dir='ltr' id='par_1_31' title="bbox 214 2837 1813 2913">
     <span class='ocr_line' id='line_1_31' title="bbox 214 2837 1813 2913; baseline 0.003 -21"><span class='ocrx_word' id='word_1_208' title='bbox 214 2838 311 2892; x_wconf 68' lang='grc' dir='ltr'>ἐπὶ</span> <span class='ocrx_word' id='word_1_209' title='bbox 345 2856 483 2901; x_wconf 85' lang='grc' dir='ltr'>τους</span> <span class='ocrx_word' id='word_1_210' title='bbox 505 2840 652 2903; x_wconf 76' lang='grc' dir='ltr'>υἱοὺς</span> <span class='ocrx_word' id='word_1_211' title='bbox 700 2837 809 2891; x_wconf 82' lang='grc' dir='ltr'>τῶν</span> <span class='ocrx_word' id='word_1_212' title='bbox 866 2838 1186 2910; x_wconf 83' lang='grc' dir='ltr'>ἀνθρώπων·</span> <span class='ocrx_word' id='word_1_213' title='bbox 1244 2841 1355 2910; x_wconf 82' lang='grc' dir='ltr'><strong><em>ἀπή</em></strong></span> <span class='ocrx_word' id='word_1_214' title='bbox 1365 2858 1483 2911; x_wconf 80' lang='grc' dir='ltr'>ρκει</span> <span class='ocrx_word' id='word_1_215' title='bbox 1509 2841 1616 2913; x_wconf 82' lang='grc' dir='ltr'><strong><em>γὰρ</em></strong></span> <span class='ocrx_word' id='word_1_216' title='bbox 1639 2843 1670 2912; x_wconf 87' lang='grc' dir='ltr'><strong>ή</strong></span> <span class='ocrx_word' id='word_1_217' title='bbox 1694 2843 1813 2896; x_wconf 87' lang='grc' dir='ltr'>καθ’</span> 
     </span>
    </p>
   </div>
   <div class='ocr_carea' id='block_1_32' title="bbox 211 2930 1810 3005">
    <p class='ocr_par' dir='ltr' id='par_1_32' title="bbox 211 2930 1810 3005">
     <span class='ocr_line' id='line_1_32' title="bbox 211 2930 1810 3005; baseline 0.003 -21"><span class='ocrx_word' id='word_1_218' title='bbox 211 2931 341 2990; x_wconf 76' lang='grc' dir='ltr'>ὅλου</span> <span class='ocrx_word' id='word_1_219' title='bbox 377 2934 611 3004; x_wconf 87' lang='grc' dir='ltr'>πρόνοια</span> <span class='ocrx_word' id='word_1_220' title='bbox 640 2932 857 2987; x_wconf 83' lang='grc' dir='ltr'>πάντων</span> <span class='ocrx_word' id='word_1_221' title='bbox 887 2930 946 2997; x_wconf 79' lang='grc' dir='ltr'>ἐξ</span> <span class='ocrx_word' id='word_1_222' title='bbox 1007 2932 1120 2985; x_wconf 78' lang='grc' dir='ltr'>ἴσου</span> <span class='ocrx_word' id='word_1_223' title='bbox 1172 2935 1566 3005; x_wconf 75' lang='grc' dir='ltr'>προνοουμένηο</span> <span class='ocrx_word' id='word_1_224' title='bbox 1596 2936 1713 2988; x_wconf 72' lang='grc' dir='ltr'>νυνὶ</span> <span class='ocrx_word' id='word_1_225' title='bbox 1734 2936 1810 2999; x_wconf 83' lang='grc' dir='ltr'><strong><em>δὲ,</em></strong></span> 
     </span>
    </p>
   </div>
   <div class='ocr_carea' id='block_1_33' title="bbox 209 3022 1814 3096">
    <p class='ocr_par' dir='ltr' id='par_1_33' title="bbox 209 3022 1814 3096">
     <span class='ocr_line' id='line_1_33' title="bbox 209 3022 1814 3096; baseline 0.001 -19"><span class='ocrx_word' id='word_1_226' title='bbox 209 3024 531 3096; x_wconf 71' lang='grc' dir='ltr'>ἐπειδήπερ</span> <span class='ocrx_word' id='word_1_227' title='bbox 554 3022 831 3096; x_wconf 77' lang='grc' dir='ltr'>ἐξαίρετός</span> <span class='ocrx_word' id='word_1_228' title='bbox 858 3041 940 3087; x_wconf 87' lang='grc' dir='ltr'><strong><em>τις</em></strong></span> <span class='ocrx_word' id='word_1_229' title='bbox 968 3024 1124 3077; x_wconf 78' lang='grc' dir='ltr'>οὐσία</span> <span class='ocrx_word' id='word_1_230' title='bbox 1166 3024 1454 3095; x_wconf 83' lang='grc' dir='ltr'>ἀνθρώπου</span> <span class='ocrx_word' id='word_1_231' title='bbox 1484 3025 1649 3095; x_wconf 75' lang='grc' dir='ltr'>ψυχὴ,</span> <span class='ocrx_word' id='word_1_232' title='bbox 1694 3027 1814 3079; x_wconf 77' lang='grc' dir='ltr'>ἐπεὶ</span> 
     </span>
    </p>
   </div>
   <div class='ocr_carea' id='block_1_34' title="bbox 207 3114 1807 3187">
    <p class='ocr_par' dir='ltr' id='par_1_34' title="bbox 207 3114 1807 3187">
     <span class='ocr_line' id='line_1_34' title="bbox 207 3114 1807 3187; baseline 0.013 -27"><span class='ocrx_word' id='word_1_233' title='bbox 207 3117 349 3187; x_wconf 75' lang='grc' dir='ltr'>περὶ</span> <span class='ocrx_word' id='word_1_234' title='bbox 441 3116 607 3186; x_wconf 84' lang='grc' dir='ltr'>μόνου</span> <span class='ocrx_word' id='word_1_235' title='bbox 690 3114 976 3186; x_wconf 84' lang='grc' dir='ltr'>ἀνθρώπου</span> <span class='ocrx_word' id='word_1_236' title='bbox 1056 3116 1469 3187; x_wconf 79' lang='grc' dir='ltr'>μεμαρτύρηται</span> <span class='ocrx_word' id='word_1_237' title='bbox 1535 3115 1807 3187; x_wconf 76' lang='grc' dir='ltr'><strong><em>εἰρηκώς⁶</em></strong></span> 
     </span>
    </p>
   </div>
   <div class='ocr_carea' id='block_1_35' title="bbox 1934 551 3501 620">
    <p class='ocr_par' dir='ltr' id='par_1_35' title="bbox 1934 551 3501 620">
     <span class='ocr_line' id='line_1_35' title="bbox 1934 551 3501 620; baseline 0.001 -15"><span class='ocrx_word' id='word_1_238' title='bbox 1934 551 2052 605; x_wconf 88' lang='lat' dir='ltr'><strong><em>culo</em></strong></span> <span class='ocrx_word' id='word_1_239' title='bbox 2093 566 2188 603; x_wconf 89' lang='lat' dir='ltr'><strong><em>suo</em></strong></span> <span class='ocrx_word' id='word_1_240' title='bbox 2224 551 2447 618; x_wconf 75' lang='lat' dir='ltr'><strong><em>respexit</em></strong></span> <span class='ocrx_word' id='word_1_241' title='bbox 2481 564 2636 617; x_wconf 82' lang='lat' dir='ltr'><strong><em>super</em></strong></span> <span class='ocrx_word' id='word_1_242' title='bbox 2663 567 2838 604; x_wconf 86' lang='lat' dir='ltr'><strong><em>omnes</em></strong></span> <span class='ocrx_word' id='word_1_243' title='bbox 2872 552 2962 620; x_wconf 89' lang='lat' dir='ltr'><strong><em>qui</em></strong></span> <span class='ocrx_word' id='word_1_244' title='bbox 2999 551 3237 606; x_wconf 87' lang='lat' dir='ltr'><strong><em>habitant</em></strong></span> <span class='ocrx_word' id='word_1_245' title='bbox 3281 562 3501 607; x_wconf 88' lang='lat' dir='ltr'><strong><em>terram.</em></strong></span> 
     </span>
    </p>
   </div>
   <div class='ocr_carea' id='block_1_36' title="bbox 1936 640 3503 715">
    <p class='ocr_par' dir='ltr' id='par_1_36' title="bbox 1936 640 3503 715">
     <span class='ocr_line' id='line_1_36' title="bbox 1936 640 3503 715; baseline 0.004 -23"><span class='ocrx_word' id='word_1_246' title='bbox 1936 640 2040 705; x_wconf 85' lang='lat' dir='ltr'><strong><em>Qui</em></strong></span> <span class='ocrx_word' id='word_1_247' title='bbox 2088 641 2244 709; x_wconf 74' lang='lat' dir='ltr'><strong><em>finxit</em></strong></span> <span class='ocrx_word' id='word_1_248' title='bbox 2288 642 2567 711; x_wconf 86' lang='lat' dir='ltr'><strong><em>sigillatim</em></strong></span> <span class='ocrx_word' id='word_1_249' title='bbox 2622 642 2786 694; x_wconf 88' lang='lat' dir='ltr'><strong><em>corda</em></strong></span> <span class='ocrx_word' id='word_1_250' title='bbox 2837 658 3019 696; x_wconf 84' lang='lat' dir='ltr'><strong><em>eorum</em></strong></span> <span class='ocrx_word' id='word_1_251' title='bbox 3049 684 3064 708; x_wconf 89' lang='lat'><strong><em>,</em></strong></span> <span class='ocrx_word' id='word_1_252' title='bbox 3118 645 3208 713; x_wconf 91' lang='lat' dir='ltr'><strong><em>qui</em></strong></span> <span class='ocrx_word' id='word_1_253' title='bbox 3254 644 3503 715; x_wconf 87' lang='lat' dir='ltr'><strong><em>intelligit</em></strong></span> 
     </span>
    </p>
   </div>
   <div class='ocr_carea' id='block_1_37' title="bbox 1935 728 3501 805">
    <p class='ocr_par' dir='ltr' id='par_1_37' title="bbox 1935 728 3501 805">
     <span class='ocr_line' id='line_1_37' title="bbox 1935 728 3501 805; baseline 0.007 -26"><span class='ocrx_word' id='word_1_254' title='bbox 1935 728 2113 780; x_wconf 83' lang='lat' dir='ltr'><strong><em>omnia</em></strong></span> <span class='ocrx_word' id='word_1_255' title='bbox 2154 743 2313 796; x_wconf 85' lang='lat' dir='ltr'><strong><em>opera</em></strong></span> <span class='ocrx_word' id='word_1_256' title='bbox 2365 746 2567 783; x_wconf 87' lang='lat' dir='ltr'><strong><em>eorum.</em></strong></span> <span class='ocrx_word' id='word_1_257' title='bbox 2617 728 2687 785; x_wconf 87' lang='lat' dir='ltr'><strong><em>Ut</em></strong></span> <span class='ocrx_word' id='word_1_258' title='bbox 2735 731 2974 785; x_wconf 82' lang='lat' dir='ltr'><strong><em>sciamus</em></strong></span> <span class='ocrx_word' id='word_1_259' title='bbox 3004 748 3112 802; x_wconf 88' lang='lat' dir='ltr'><strong><em>quo</em></strong></span> <span class='ocrx_word' id='word_1_260' title='bbox 3142 742 3301 802; x_wconf 88' lang='lat' dir='ltr'><strong><em>pacto</em></strong></span> <span class='ocrx_word' id='word_1_261' title='bbox 3345 750 3501 805; x_wconf 74' lang='lat' dir='ltr'><strong><em>gens,</em></strong></span> 
     </span>
    </p>
   </div>
   <div class='ocr_carea' id='block_1_38' title="bbox 1934 819 3507 891">
    <p class='ocr_par' dir='ltr' id='par_1_38' title="bbox 1934 819 3507 891">
     <span class='ocr_line' id='line_1_38' title="bbox 1934 819 3507 891; baseline 0.007 -19"><span class='ocrx_word' id='word_1_262' title='bbox 1934 834 2054 888; x_wconf 75' lang='lat' dir='ltr'><strong><em>qua:</em></strong></span> <span class='ocrx_word' id='word_1_263' title='bbox 2100 819 2259 874; x_wconf 86' lang='lat' dir='ltr'><strong><em>beata</em></strong></span> <span class='ocrx_word' id='word_1_264' title='bbox 2306 822 2654 891; x_wconf 67' lang='lat' dir='ltr'><strong><em>prmdicatur.</em></strong></span> <span class='ocrx_word' id='word_1_265' title='bbox 2692 823 2987 877; x_wconf 90' lang='lat' dir='ltr'><strong><em>constituta</em></strong></span> <span class='ocrx_word' id='word_1_266' title='bbox 3030 824 3213 889; x_wconf 79' lang='lat' dir='ltr'><strong><em>fuerit,</em></strong></span> <span class='ocrx_word' id='word_1_267' title='bbox 3262 834 3316 880; x_wconf 91' lang='lat' dir='ltr'><strong><em>et</em></strong></span> <span class='ocrx_word' id='word_1_268' title='bbox 3362 828 3507 883; x_wconf 87' lang='lat' dir='ltr'><strong><em>unde</em></strong></span> 
     </span>
    </p>
   </div>
   <div class='ocr_carea' id='block_1_39' title="bbox 1932 912 3504 985">
    <p class='ocr_par' dir='ltr' id='par_1_39' title="bbox 1932 912 3504 985">
     <span class='ocr_line' id='line_1_39' title="bbox 1932 912 3504 985; baseline 0.004 -20"><span class='ocrx_word' id='word_1_269' title='bbox 1932 912 2196 969; x_wconf 85' lang='lat' dir='ltr'><strong><em>collectus</em></strong></span> <span class='ocrx_word' id='word_1_270' title='bbox 2225 913 2390 968; x_wconf 81' lang='lat' dir='ltr'><strong><em>fuerit</em></strong></span> <span class='ocrx_word' id='word_1_271' title='bbox 2415 914 2650 984; x_wconf 90' lang='lat' dir='ltr'><strong><em>populus</em></strong></span> <span class='ocrx_word' id='word_1_272' title='bbox 2684 914 2775 969; x_wconf 90' lang='lat' dir='ltr'><strong><em>ille</em></strong></span> <span class='ocrx_word' id='word_1_273' title='bbox 2806 931 2966 985; x_wconf 89' lang='lat' dir='ltr'><strong><em>quem</em></strong></span> <span class='ocrx_word' id='word_1_274' title='bbox 3004 915 3166 985; x_wconf 82' lang='lat' dir='ltr'><strong><em>elegit</em></strong></span> <span class='ocrx_word' id='word_1_275' title='bbox 3195 917 3249 969; x_wconf 88' lang='lat' dir='ltr'><strong><em>in</em></strong></span> <span class='ocrx_word' id='word_1_276' title='bbox 3272 916 3504 971; x_wconf 82' lang='lat' dir='ltr'><strong><em>haeredi-</em></strong></span> 
     </span>
    </p>
   </div>
   <div class='ocr_carea' id='block_1_40' title="bbox 1937 1005 3506 1077">
    <p class='ocr_par' dir='ltr' id='par_1_40' title="bbox 1937 1005 3506 1077">
     <span class='ocr_line' id='line_1_40' title="bbox 1937 1005 3506 1077; baseline 0.005 -23"><span class='ocrx_word' id='word_1_277' title='bbox 1937 1005 2282 1072; x_wconf 62' lang='lat' dir='ltr'><strong><em>tatemtsibi;</em></strong></span> <span class='ocrx_word' id='word_1_278' title='bbox 2316 1014 2719 1077; x_wconf 91' lang='lat' dir='ltr'><strong><em>consequenter</em></strong></span> <span class='ocrx_word' id='word_1_279' title='bbox 2747 1006 2927 1071; x_wconf 89' lang='lat' dir='ltr'><strong><em>docet,</em></strong></span> <span class='ocrx_word' id='word_1_280' title='bbox 2970 1007 3061 1076; x_wconf 88' lang='lat' dir='ltr'><strong><em>qui</em></strong></span> <span class='ocrx_word' id='word_1_281' title='bbox 3091 1007 3207 1076; x_wconf 89' lang='lat' dir='ltr'><strong><em>ipse</em></strong></span> <span class='ocrx_word' id='word_1_282' title='bbox 3245 1006 3506 1062; x_wconf 87' lang='lat' dir='ltr'><strong><em>Dominus</em></strong></span> 
     </span>
    </p>
   </div>
   <div class='ocr_carea' id='block_1_41' title="bbox 1932 1096 3505 1167">
    <p class='ocr_par' dir='ltr' id='par_1_41' title="bbox 1932 1096 3505 1167">
     <span class='ocr_line' id='line_1_41' title="bbox 1932 1096 3505 1167; baseline 0.001 -17"><span class='ocrx_word' id='word_1_283' title='bbox 1932 1110 2058 1150; x_wconf 90' lang='lat' dir='ltr'><strong><em>cum</em></strong></span> <span class='ocrx_word' id='word_1_284' title='bbox 2108 1111 2299 1154; x_wconf 89' lang='lat' dir='ltr'><strong><em>omnes</em></strong></span> <span class='ocrx_word' id='word_1_285' title='bbox 2352 1096 2494 1153; x_wconf 82' lang='lat' dir='ltr'><strong><em>ﬁlios</em></strong></span> <span class='ocrx_word' id='word_1_286' title='bbox 2552 1099 2833 1151; x_wconf 85' lang='lat' dir='ltr'><strong><em>hominum</em></strong></span> <span class='ocrx_word' id='word_1_287' title='bbox 2882 1099 2973 1167; x_wconf 90' lang='lat' dir='ltr'><strong><em>qui</em></strong></span> <span class='ocrx_word' id='word_1_288' title='bbox 3022 1099 3269 1152; x_wconf 90' lang='lat' dir='ltr'><strong><em>habitant</em></strong></span> <span class='ocrx_word' id='word_1_289' title='bbox 3302 1106 3505 1151; x_wconf 89' lang='lat' dir='ltr'><strong><em>terram</em></strong></span> 
     </span>
    </p>
   </div>
   <div class='ocr_carea' id='block_1_42' title="bbox 1932 1189 3504 1262">
    <p class='ocr_par' dir='ltr' id='par_1_42' title="bbox 1932 1189 3504 1262">
     <span class='ocr_line' id='line_1_42' title="bbox 1932 1189 3504 1262; baseline 0 -20"><span class='ocrx_word' id='word_1_290' title='bbox 1932 1189 2250 1257; x_wconf 91' lang='lat' dir='ltr'><strong><em>respiceret,</em></strong></span> <span class='ocrx_word' id='word_1_291' title='bbox 2280 1205 2346 1244; x_wconf 78' lang='lat' dir='ltr'><strong><em>ex</em></strong></span> <span class='ocrx_word' id='word_1_292' title='bbox 2395 1190 2462 1243; x_wconf 89' lang='lat' dir='ltr'><strong><em>iis</em></strong></span> <span class='ocrx_word' id='word_1_293' title='bbox 2507 1190 2763 1245; x_wconf 91' lang='lat' dir='ltr'><strong><em>omnibus</em></strong></span> <span class='ocrx_word' id='word_1_294' title='bbox 2807 1191 3121 1260; x_wconf 62' lang='lat' dir='ltr'><strong><em>praedictam</em></strong></span> <span class='ocrx_word' id='word_1_295' title='bbox 3152 1200 3367 1262; x_wconf 78' lang='lat' dir='ltr'><strong><em>gentem</em></strong></span> <span class='ocrx_word' id='word_1_296' title='bbox 3400 1189 3504 1246; x_wconf 86' lang='lat' dir='ltr'><strong><em>sibi</em></strong></span> 
     </span>
    </p>
   </div>
   <div class='ocr_carea' id='block_1_43' title="bbox 1932 1277 3507 1349">
    <p class='ocr_par' dir='ltr' id='par_1_43' title="bbox 1932 1277 3507 1349">
     <span class='ocr_line' id='line_1_43' title="bbox 1932 1277 3507 1349; baseline 0.001 -18"><span class='ocrx_word' id='word_1_297' title='bbox 1932 1277 2208 1348; x_wconf 86' lang='lat' dir='ltr'><strong><em>selegerit,</em></strong></span> <span class='ocrx_word' id='word_1_298' title='bbox 2245 1294 2459 1333; x_wconf 87' lang='lat' dir='ltr'><strong><em>necnon</em></strong></span> <span class='ocrx_word' id='word_1_299' title='bbox 2490 1290 2851 1333; x_wconf 89' lang='lat' dir='ltr'><strong><em>memoratum</em></strong></span> <span class='ocrx_word' id='word_1_300' title='bbox 2891 1281 3185 1349; x_wconf 88' lang='lat' dir='ltr'><strong><em>populum,</em></strong></span> <span class='ocrx_word' id='word_1_301' title='bbox 3224 1296 3335 1334; x_wconf 90' lang='lat' dir='ltr'><strong><em>non</em></strong></span> <span class='ocrx_word' id='word_1_302' title='bbox 3383 1280 3507 1333; x_wconf 84' lang='lat' dir='ltr'><strong><em>aliis</em></strong></span> 
     </span>
    </p>
   </div>
   <div class='ocr_carea' id='block_1_44' title="bbox 1930 1372 3507 1440">
    <p class='ocr_par' dir='ltr' id='par_1_44' title="bbox 1930 1372 3507 1440">
     <span class='ocr_line' id='line_1_44' title="bbox 1930 1372 3507 1440; baseline 0.004 -18"><span class='ocrx_word' id='word_1_303' title='bbox 1930 1386 2094 1440; x_wconf 90' lang='lat' dir='ltr'><strong><em>quam</em></strong></span> <span class='ocrx_word' id='word_1_304' title='bbox 2133 1372 2386 1440; x_wconf 85' lang='lat' dir='ltr'><strong><em>superius</em></strong></span> <span class='ocrx_word' id='word_1_305' title='bbox 2412 1388 2546 1427; x_wconf 93' lang='lat' dir='ltr'><strong><em>usus</em></strong></span> <span class='ocrx_word' id='word_1_306' title='bbox 2580 1372 2871 1427; x_wconf 86' lang='lat' dir='ltr'><strong><em>ministris.</em></strong></span> <span class='ocrx_word' id='word_1_307' title='bbox 2918 1372 3024 1426; x_wconf 87' lang='lat' dir='ltr'><strong><em>Pro</em></strong></span> <span class='ocrx_word' id='word_1_308' title='bbox 3059 1373 3153 1427; x_wconf 91' lang='lat' dir='ltr'><strong><em>illo</em></strong></span> <span class='ocrx_word' id='word_1_309' title='bbox 3186 1382 3391 1439; x_wconf 87' lang='lat' dir='ltr'><strong><em>autem,</em></strong></span> <span class='ocrx_word' id='word_1_310' title='bbox 3425 1373 3507 1428; x_wconf 81' lang='lat' dir='ltr'><strong><em>De</em></strong></span> 
     </span>
    </p>
   </div>
   <div class='ocr_carea' id='block_1_45' title="bbox 1927 1463 3505 1537">
    <p class='ocr_par' dir='ltr' id='par_1_45' title="bbox 1927 1463 3505 1537">
     <span class='ocr_line' id='line_1_45' title="bbox 1927 1463 3505 1537; baseline 0.007 -23"><span class='ocrx_word' id='word_1_311' title='bbox 1927 1472 2228 1530; x_wconf 55' lang='lat' dir='ltr'><strong><em>praeparato</em></strong></span> <span class='ocrx_word' id='word_1_312' title='bbox 2272 1463 2575 1523; x_wconf 82' lang='lat' dir='ltr'><strong><em>habitacula</em></strong></span> <span class='ocrx_word' id='word_1_313' title='bbox 2626 1481 2759 1530; x_wconf 90' lang='lat' dir='ltr'><strong><em>suo,</em></strong></span> <span class='ocrx_word' id='word_1_314' title='bbox 2806 1467 3023 1537; x_wconf 83' lang='lat' dir='ltr'><strong><em>Aquila,</em></strong></span> <span class='ocrx_word' id='word_1_315' title='bbox 3072 1485 3105 1521; x_wconf 93' lang='lat' dir='ltr'><strong><em>a</em></strong></span> <span class='ocrx_word' id='word_1_316' title='bbox 3147 1470 3505 1526; x_wconf 84' lang='lat' dir='ltr'><strong><em>stabilimenta</em></strong></span> 
     </span>
    </p>
   </div>
   <div class='ocr_carea' id='block_1_46' title="bbox 1929 1554 3506 1631">
    <p class='ocr_par' dir='ltr' id='par_1_46' title="bbox 1929 1554 3506 1631">
     <span class='ocr_line' id='line_1_46' title="bbox 1929 1554 3506 1631; baseline 0.009 -24"><span class='ocrx_word' id='word_1_317' title='bbox 1929 1554 2067 1609; x_wconf 80' lang='lat' dir='ltr'><strong><em>sedis</em></strong></span> <span class='ocrx_word' id='word_1_318' title='bbox 2103 1572 2233 1618; x_wconf 72' lang='lat' dir='ltr'><strong><em>sum,</em></strong></span> <span class='ocrx_word' id='word_1_319' title='bbox 2263 1556 2651 1627; x_wconf 80' lang='lat' dir='ltr'><strong><em>interpretatus</em></strong></span> <span class='ocrx_word' id='word_1_320' title='bbox 2681 1566 2764 1614; x_wconf 89' lang='lat' dir='ltr'><strong><em>est</em></strong></span> <span class='ocrx_word' id='word_1_321' title='bbox 2794 1576 2808 1625; x_wconf 88' lang='lat'><strong>;</strong></span> <span class='ocrx_word' id='word_1_322' title='bbox 2859 1560 3219 1630; x_wconf 83' lang='lat' dir='ltr'><strong><em>Symmachus</em></strong></span> <span class='ocrx_word' id='word_1_323' title='bbox 3242 1571 3444 1631; x_wconf 88' lang='lat' dir='ltr'><strong><em>autem,</em></strong></span> <span class='ocrx_word' id='word_1_324' title='bbox 3469 1583 3506 1621; x_wconf 89' lang='lat' dir='ltr'><strong><em>a</em></strong></span> 
     </span>
    </p>
   </div>
   <div class='ocr_carea' id='block_1_47' title="bbox 1928 1644 3505 1725">
    <p class='ocr_par' dir='ltr' id='par_1_47' title="bbox 1928 1644 3505 1725">
     <span class='ocr_line' id='line_1_47' title="bbox 1928 1644 3505 1725; baseline 0.008 -27"><span class='ocrx_word' id='word_1_325' title='bbox 1928 1644 2047 1699; x_wconf 87' lang='lat' dir='ltr'><strong><em>sede</em></strong></span> <span class='ocrx_word' id='word_1_326' title='bbox 2075 1644 2421 1703; x_wconf 80' lang='lat' dir='ltr'><strong><em>habitationis</em></strong></span> <span class='ocrx_word' id='word_1_327' title='bbox 2456 1665 2568 1701; x_wconf 75' lang='lat' dir='ltr'><strong><em>sua:</em></strong></span> <span class='ocrx_word' id='word_1_328' title='bbox 2600 1651 2845 1717; x_wconf 75' lang='lat' dir='ltr'><strong><em>respexit.</em></strong></span> <span class='ocrx_word' id='word_1_329' title='bbox 2885 1648 3121 1706; x_wconf 81' lang='lat' dir='ltr'><strong><em>Verbum</em></strong></span> <span class='ocrx_word' id='word_1_330' title='bbox 3153 1661 3337 1707; x_wconf 91' lang='lat' dir='ltr'><strong><em>autem</em></strong></span> <span class='ocrx_word' id='word_1_331' title='bbox 3383 1655 3505 1725; x_wconf 85' lang='lat' dir='ltr'><strong><em>ejus</em></strong></span> 
     </span>
    </p>
   </div>
   <div class='ocr_carea' id='block_1_48' title="bbox 1931 1736 3503 1807">
    <p class='ocr_par' dir='ltr' id='par_1_48' title="bbox 1931 1736 3503 1807">
     <span class='ocr_line' id='line_1_48' title="bbox 1931 1736 3503 1807; baseline 0.007 -19"><span class='ocrx_word' id='word_1_332' title='bbox 1931 1737 2162 1789; x_wconf 83' lang='lat' dir='ltr'><strong><em>salutem</em></strong></span> <span class='ocrx_word' id='word_1_333' title='bbox 2188 1736 2256 1789; x_wconf 90' lang='lat' dir='ltr'><strong><em>iis</em></strong></span> <span class='ocrx_word' id='word_1_334' title='bbox 2286 1737 2378 1805; x_wconf 91' lang='lat' dir='ltr'><strong><em>qui</em></strong></span> <span class='ocrx_word' id='word_1_335' title='bbox 2407 1740 2685 1807; x_wconf 87' lang='lat' dir='ltr'><strong><em>accepturi</em></strong></span> <span class='ocrx_word' id='word_1_336' title='bbox 2708 1748 2865 1793; x_wconf 89' lang='lat' dir='ltr'><strong><em>erant</em></strong></span> <span class='ocrx_word' id='word_1_337' title='bbox 2896 1741 3344 1797; x_wconf 85' lang='lat' dir='ltr'><strong><em>administrabat:</em></strong></span> <span class='ocrx_word' id='word_1_338' title='bbox 3375 1761 3503 1800; x_wconf 88' lang='lat' dir='ltr'><strong><em>nam</em></strong></span> 
     </span>
    </p>
   </div>
   <div class='ocr_carea' id='block_1_49' title="bbox 1928 1823 3505 1900">
    <p class='ocr_par' dir='ltr' id='par_1_49' title="bbox 1928 1823 3505 1900">
     <span class='ocr_line' id='line_1_49' title="bbox 1928 1823 3505 1900; baseline 0.009 -25"><span class='ocrx_word' id='word_1_339' title='bbox 1928 1824 2071 1876; x_wconf 81' lang='lat' dir='ltr'><strong><em>misit</em></strong></span> <span class='ocrx_word' id='word_1_340' title='bbox 2099 1823 2307 1878; x_wconf 72' lang='lat' dir='ltr'><strong><em>verbum</em></strong></span> <span class='ocrx_word' id='word_1_341' title='bbox 2340 1841 2494 1878; x_wconf 88' lang='lat' dir='ltr'><strong><em>suum</em></strong></span> <span class='ocrx_word' id='word_1_342' title='bbox 2536 1836 2586 1880; x_wconf 92' lang='lat' dir='ltr'><strong><em>et</em></strong></span> <span class='ocrx_word' id='word_1_343' title='bbox 2615 1830 2822 1895; x_wconf 85' lang='lat' dir='ltr'><strong><em>sanavit</em></strong></span> <span class='ocrx_word' id='word_1_344' title='bbox 2853 1847 2961 1895; x_wconf 88' lang='lat' dir='ltr'><strong><em>eos,</em></strong></span> <span class='ocrx_word' id='word_1_345' title='bbox 3008 1840 3056 1884; x_wconf 89' lang='lat' dir='ltr'><strong><em>et</em></strong></span> <span class='ocrx_word' id='word_1_346' title='bbox 3085 1834 3275 1900; x_wconf 85' lang='lat' dir='ltr'><strong><em>eripuit</em></strong></span> <span class='ocrx_word' id='word_1_347' title='bbox 3319 1851 3407 1888; x_wconf 87' lang='lat' dir='ltr'><strong><em>eos</em></strong></span> <span class='ocrx_word' id='word_1_348' title='bbox 3439 1834 3505 1889; x_wconf 85' lang='lat' dir='ltr'><strong><em>de</em></strong></span> 
     </span>
    </p>
   </div>
   <div class='ocr_carea' id='block_1_50' title="bbox 1928 1916 3503 1997">
    <p class='ocr_par' dir='ltr' id='par_1_50' title="bbox 1928 1916 3503 1997">
     <span class='ocr_line' id='line_1_50' title="bbox 1928 1916 3503 1997; baseline 0.008 -28"><span class='ocrx_word' id='word_1_349' title='bbox 1928 1916 2319 1977; x_wconf 83' lang='lat' dir='ltr'><strong><em>interitionibus</em></strong></span> <span class='ocrx_word' id='word_1_350' title='bbox 2348 1935 2529 1971; x_wconf 90' lang='lat' dir='ltr'><strong><em>eorum</em></strong></span> <span class='ocrx_word' id='word_1_351' title='bbox 2554 1919 2596 1974; x_wconf 76' lang='lat'><strong><em>‘.</em></strong></span> <span class='ocrx_word' id='word_1_352' title='bbox 2633 1918 2745 1975; x_wconf 84' lang='lat' dir='ltr'><strong><em>Cur</em></strong></span> <span class='ocrx_word' id='word_1_353' title='bbox 2780 1932 2961 1976; x_wconf 88' lang='lat' dir='ltr'><strong><em>autem</em></strong></span> <span class='ocrx_word' id='word_1_354' title='bbox 2993 1923 3060 1977; x_wconf 90' lang='lat' dir='ltr'><strong><em>de</em></strong></span> <span class='ocrx_word' id='word_1_355' title='bbox 3093 1927 3234 1979; x_wconf 75' lang='lat' dir='ltr'><strong><em>etelo</em></strong></span> <span class='ocrx_word' id='word_1_356' title='bbox 3260 1928 3503 1997; x_wconf 79' lang='lat' dir='ltr'><strong><em>respexit</em></strong></span> 
     </span>
    </p>
   </div>
   <div class='ocr_carea' id='block_1_51' title="bbox 1928 2007 3502 2085">
    <p class='ocr_par' dir='ltr' id='par_1_51' title="bbox 1928 2007 3502 2085">
     <span class='ocr_line' id='line_1_51' title="bbox 1928 2007 3502 2085; baseline 0.01 -24"><span class='ocrx_word' id='word_1_357' title='bbox 1928 2007 2214 2073; x_wconf 90' lang='lat' dir='ltr'><strong><em>Dominus,</em></strong></span> <span class='ocrx_word' id='word_1_358' title='bbox 2249 2019 2304 2067; x_wconf 90' lang='lat' dir='ltr'><strong><em>et</em></strong></span> <span class='ocrx_word' id='word_1_359' title='bbox 2336 2027 2456 2081; x_wconf 69' lang='lat' dir='ltr'><strong><em>qua:</em></strong></span> <span class='ocrx_word' id='word_1_360' title='bbox 2489 2027 2656 2067; x_wconf 92' lang='lat' dir='ltr'><strong><em>causa</em></strong></span> <span class='ocrx_word' id='word_1_361' title='bbox 2733 2013 2900 2075; x_wconf 78' lang='lat' dir='ltr'><strong><em>fuerit</em></strong></span> <span class='ocrx_word' id='word_1_362' title='bbox 2932 2016 3075 2085; x_wconf 88' lang='lat' dir='ltr'><strong><em>quod</em></strong></span> <span class='ocrx_word' id='word_1_363' title='bbox 3123 2034 3314 2074; x_wconf 90' lang='lat' dir='ltr'><strong><em>omnes</em></strong></span> <span class='ocrx_word' id='word_1_364' title='bbox 3360 2021 3502 2076; x_wconf 74' lang='lat' dir='ltr'><strong><em>filios</em></strong></span> 
     </span>
    </p>
   </div>
   <div class='ocr_carea' id='block_1_52' title="bbox 1929 2100 3502 2176">
    <p class='ocr_par' dir='ltr' id='par_1_52' title="bbox 1929 2100 3502 2176">
     <span class='ocr_line' id='line_1_52' title="bbox 1929 2100 3502 2176; baseline 0.008 -23"><span class='ocrx_word' id='word_1_365' title='bbox 1929 2100 2211 2155; x_wconf 90' lang='lat' dir='ltr'><strong><em>hominum</em></strong></span> <span class='ocrx_word' id='word_1_366' title='bbox 2238 2102 2555 2159; x_wconf 87' lang='lat' dir='ltr'><strong><em>visitatione</em></strong></span> <span class='ocrx_word' id='word_1_367' title='bbox 2584 2121 2681 2159; x_wconf 89' lang='lat' dir='ltr'><strong><em>sua</em></strong></span> <span class='ocrx_word' id='word_1_368' title='bbox 2705 2106 3044 2176; x_wconf 84' lang='lat' dir='ltr'><strong><em>dignaretur,</em></strong></span> <span class='ocrx_word' id='word_1_369' title='bbox 3074 2110 3314 2164; x_wconf 88' lang='lat' dir='ltr'><strong><em>declarat</em></strong></span> <span class='ocrx_word' id='word_1_370' title='bbox 3344 2112 3502 2167; x_wconf 85' lang='lat' dir='ltr'><strong><em>dein—</em></strong></span> 
     </span>
    </p>
   </div>
   <div class='ocr_carea' id='block_1_53' title="bbox 1926 2194 3499 2269">
    <p class='ocr_par' dir='ltr' id='par_1_53' title="bbox 1926 2194 3499 2269">
     <span class='ocr_line' id='line_1_53' title="bbox 1926 2194 3499 2269; baseline 0.007 -23"><span class='ocrx_word' id='word_1_371' title='bbox 1926 2208 2057 2263; x_wconf 87' lang='lat' dir='ltr'><strong><em>ceps</em></strong></span> <span class='ocrx_word' id='word_1_372' title='bbox 2092 2194 2177 2248; x_wconf 87' lang='lat' dir='ltr'><strong><em>his</em></strong></span> <span class='ocrx_word' id='word_1_373' title='bbox 2220 2196 2439 2253; x_wconf 83' lang='lat' dir='ltr'><strong><em>verbis:</em></strong></span> <span class='ocrx_word' id='word_1_374' title='bbox 2484 2197 2588 2261; x_wconf 87' lang='lat' dir='ltr'><strong><em>Qui</em></strong></span> <span class='ocrx_word' id='word_1_375' title='bbox 2614 2199 2769 2266; x_wconf 77' lang='lat' dir='ltr'><strong><em>ﬁnxit</em></strong></span> <span class='ocrx_word' id='word_1_376' title='bbox 2799 2200 3075 2269; x_wconf 82' lang='lat' dir='ltr'><strong><em>sigillatim</em></strong></span> <span class='ocrx_word' id='word_1_377' title='bbox 3108 2203 3272 2256; x_wconf 87' lang='lat' dir='ltr'><strong><em>corda</em></strong></span> <span class='ocrx_word' id='word_1_378' title='bbox 3294 2220 3499 2269; x_wconf 86' lang='lat' dir='ltr'><strong><em>eorum;</em></strong></span> 
     </span>
    </p>
   </div>
   <div class='ocr_carea' id='block_1_54' title="bbox 1924 2286 3504 2364">
    <p class='ocr_par' dir='ltr' id='par_1_54' title="bbox 1924 2286 3504 2364">
     <span class='ocr_line' id='line_1_54' title="bbox 1924 2286 3504 2364; baseline 0.007 -25"><span class='ocrx_word' id='word_1_379' title='bbox 1924 2302 2024 2357; x_wconf 91' lang='lat' dir='ltr'><strong><em>pro</em></strong></span> <span class='ocrx_word' id='word_1_380' title='bbox 2035 2302 2143 2357; x_wconf 88' lang='lat' dir='ltr'><strong><em>quo</em></strong></span> <span class='ocrx_word' id='word_1_381' title='bbox 2160 2286 2518 2358; x_wconf 84' lang='lat' dir='ltr'><strong><em>Symmachus</em></strong></span> <span class='ocrx_word' id='word_1_382' title='bbox 2533 2291 2712 2353; x_wconf 90' lang='lat' dir='ltr'><strong><em>habet,</em></strong></span> <span class='ocrx_word' id='word_1_383' title='bbox 2732 2292 2834 2358; x_wconf 82' lang='lat' dir='ltr'><strong><em>Qui</em></strong></span> <span class='ocrx_word' id='word_1_384' title='bbox 2847 2294 2995 2363; x_wconf 83' lang='lat' dir='ltr'><strong><em>ﬁngit</em></strong></span> <span class='ocrx_word' id='word_1_385' title='bbox 3015 2296 3289 2364; x_wconf 82' lang='lat' dir='ltr'><strong><em>sigillatim</em></strong></span> <span class='ocrx_word' id='word_1_386' title='bbox 3311 2314 3504 2351; x_wconf 79' lang='lat' dir='ltr'><strong><em>unum—</em></strong></span> 
     </span>
    </p>
   </div>
   <div class='ocr_carea' id='block_1_55' title="bbox 1924 2376 3495 2457">
    <p class='ocr_par' dir='ltr' id='par_1_55' title="bbox 1924 2376 3495 2457">
     <span class='ocr_line' id='line_1_55' title="bbox 1924 2376 3495 2457; baseline 0.01 -29"><span class='ocrx_word' id='word_1_387' title='bbox 1924 2376 2159 2446; x_wconf 83' lang='lat' dir='ltr'><strong><em>quodque</em></strong></span> <span class='ocrx_word' id='word_1_388' title='bbox 2188 2394 2277 2429; x_wconf 90' lang='lat' dir='ltr'><strong><em>cor</em></strong></span> <span class='ocrx_word' id='word_1_389' title='bbox 2300 2395 2503 2435; x_wconf 89' lang='lat' dir='ltr'><strong><em>eorum.</em></strong></span> <span class='ocrx_word' id='word_1_390' title='bbox 2530 2380 2585 2433; x_wconf 77' lang='lat' dir='ltr'><strong><em>Si</em></strong></span> <span class='ocrx_word' id='word_1_391' title='bbox 2613 2381 2761 2435; x_wconf 87' lang='lat' dir='ltr'><strong><em>enim</em></strong></span> <span class='ocrx_word' id='word_1_392' title='bbox 2785 2382 3081 2441; x_wconf 83' lang='lat' dir='ltr'><strong><em>humanam</em></strong></span> <span class='ocrx_word' id='word_1_393' title='bbox 3111 2396 3345 2442; x_wconf 88' lang='lat' dir='ltr'><strong><em>mentem</em></strong></span> <span class='ocrx_word' id='word_1_394' title='bbox 3375 2387 3495 2457; x_wconf 91' lang='lat' dir='ltr'><strong><em>pari</em></strong></span> 
     </span>
    </p>
   </div>
   <div class='ocr_carea' id='block_1_56' title="bbox 1925 2472 3501 2545">
    <p class='ocr_par' dir='ltr' id='par_1_56' title="bbox 1925 2472 3501 2545">
     <span class='ocr_line' id='line_1_56' title="bbox 1925 2472 3501 2545; baseline 0.01 -22"><span class='ocrx_word' id='word_1_395' title='bbox 1925 2479 2087 2539; x_wconf 89' lang='lat' dir='ltr'><strong><em>atque</em></strong></span> <span class='ocrx_word' id='word_1_396' title='bbox 2119 2472 2373 2527; x_wconf 86' lang='lat' dir='ltr'><strong><em>animalia</em></strong></span> <span class='ocrx_word' id='word_1_397' title='bbox 2405 2474 2566 2527; x_wconf 87' lang='lat' dir='ltr'><strong><em>bruta</em></strong></span> <span class='ocrx_word' id='word_1_398' title='bbox 2593 2475 2803 2531; x_wconf 89' lang='lat' dir='ltr'><strong><em>ratione</em></strong></span> <span class='ocrx_word' id='word_1_399' title='bbox 2835 2478 3233 2545; x_wconf 87' lang='lat' dir='ltr'><strong><em>constituisset,</em></strong></span> <span class='ocrx_word' id='word_1_400' title='bbox 3274 2496 3501 2537; x_wconf 85' lang='lat' dir='ltr'><strong><em>necesse</em></strong></span> 
     </span>
    </p>
   </div>
   <div class='ocr_carea' id='block_1_57' title="bbox 1924 2562 3500 2640">
    <p class='ocr_par' dir='ltr' id='par_1_57' title="bbox 1924 2562 3500 2640">
     <span class='ocr_line' id='line_1_57' title="bbox 1924 2562 3500 2640; baseline 0.007 -25"><span class='ocrx_word' id='word_1_401' title='bbox 1924 2562 2170 2631; x_wconf 84' lang='lat' dir='ltr'><strong><em>profecto</em></strong></span> <span class='ocrx_word' id='word_1_402' title='bbox 2192 2579 2301 2617; x_wconf 89' lang='lat' dir='ltr'><strong><em>non</em></strong></span> <span class='ocrx_word' id='word_1_403' title='bbox 2320 2574 2439 2619; x_wconf 86' lang='lat' dir='ltr'><strong><em>erat</em></strong></span> <span class='ocrx_word' id='word_1_404' title='bbox 2459 2566 2632 2635; x_wconf 89' lang='lat' dir='ltr'><strong><em>ipsum</em></strong></span> <span class='ocrx_word' id='word_1_405' title='bbox 2666 2568 2937 2637; x_wconf 84' lang='lat' dir='ltr'><strong><em>reSpicere</em></strong></span> <span class='ocrx_word' id='word_1_406' title='bbox 2967 2585 3129 2640; x_wconf 85' lang='lat' dir='ltr'><strong><em>super</em></strong></span> <span class='ocrx_word' id='word_1_407' title='bbox 3158 2572 3298 2628; x_wconf 83' lang='lat' dir='ltr'><strong><em>ﬁlios</em></strong></span> <span class='ocrx_word' id='word_1_408' title='bbox 3322 2573 3500 2627; x_wconf 90' lang='lat' dir='ltr'><strong><em>homi-</em></strong></span> 
     </span>
    </p>
   </div>
   <div class='ocr_carea' id='block_1_58' title="bbox 1924 2654 3497 2730">
    <p class='ocr_par' dir='ltr' id='par_1_58' title="bbox 1924 2654 3497 2730">
     <span class='ocr_line' id='line_1_58' title="bbox 1924 2654 3497 2730; baseline 0.006 -23"><span class='ocrx_word' id='word_1_409' title='bbox 1924 2670 2090 2719; x_wconf 89' lang='lat' dir='ltr'><strong><em>num;</em></strong></span> <span class='ocrx_word' id='word_1_410' title='bbox 2144 2654 2413 2710; x_wconf 86' lang='lat' dir='ltr'><strong><em>sulliceret</em></strong></span> <span class='ocrx_word' id='word_1_411' title='bbox 2451 2657 2595 2710; x_wconf 89' lang='lat' dir='ltr'><strong><em>enim</em></strong></span> <span class='ocrx_word' id='word_1_412' title='bbox 2642 2658 2967 2715; x_wconf 81' lang='lat' dir='ltr'><strong><em>universalis</em></strong></span> <span class='ocrx_word' id='word_1_413' title='bbox 2998 2661 3086 2712; x_wconf 90' lang='lat' dir='ltr'><strong><em>illa</em></strong></span> <span class='ocrx_word' id='word_1_414' title='bbox 3138 2663 3497 2730; x_wconf 87' lang='lat' dir='ltr'><strong><em>providentia,</em></strong></span> 
     </span>
    </p>
   </div>
   <div class='ocr_carea' id='block_1_59' title="bbox 1923 2745 3499 2825">
    <p class='ocr_par' dir='ltr' id='par_1_59' title="bbox 1923 2745 3499 2825">
     <span class='ocr_line' id='line_1_59' title="bbox 1923 2745 3499 2825; baseline 0.008 -28"><span class='ocrx_word' id='word_1_415' title='bbox 1923 2745 2177 2798; x_wconf 89' lang='lat' dir='ltr'><strong><em>omnibus</em></strong></span> <span class='ocrx_word' id='word_1_416' title='bbox 2228 2746 2512 2813; x_wconf 78' lang='lat' dir='ltr'><strong><em>aequaliter</em></strong></span> <span class='ocrx_word' id='word_1_417' title='bbox 2550 2749 2913 2816; x_wconf 86' lang='lat' dir='ltr'><strong><em>prospiciens.</em></strong></span> <span class='ocrx_word' id='word_1_418' title='bbox 2954 2752 3111 2805; x_wconf 74' lang='lat' dir='ltr'><strong><em>Nunc</em></strong></span> <span class='ocrx_word' id='word_1_419' title='bbox 3156 2762 3336 2807; x_wconf 89' lang='lat' dir='ltr'><strong><em>autem</em></strong></span> <span class='ocrx_word' id='word_1_420' title='bbox 3372 2757 3499 2825; x_wconf 88' lang='lat' dir='ltr'><strong><em>quia</em></strong></span> 
     </span>
    </p>
   </div>
   <div class='ocr_carea' id='block_1_60' title="bbox 1922 2835 3497 2910">
    <p class='ocr_par' dir='ltr' id='par_1_60' title="bbox 1922 2835 3497 2910">
     <span class='ocr_line' id='line_1_60' title="bbox 1922 2835 3497 2910; baseline 0.007 -22"><span class='ocrx_word' id='word_1_421' title='bbox 1922 2835 2237 2905; x_wconf 61' lang='lat' dir='ltr'><strong><em>prmeellens</em></strong></span> <span class='ocrx_word' id='word_1_422' title='bbox 2262 2837 2511 2906; x_wconf 62' lang='lat' dir='ltr'><strong><em>quaedam</em></strong></span> <span class='ocrx_word' id='word_1_423' title='bbox 2549 2838 2854 2893; x_wconf 87' lang='lat' dir='ltr'><strong><em>substantia</em></strong></span> <span class='ocrx_word' id='word_1_424' title='bbox 2890 2849 2973 2894; x_wconf 90' lang='lat' dir='ltr'><strong><em>est</em></strong></span> <span class='ocrx_word' id='word_1_425' title='bbox 3008 2844 3189 2895; x_wconf 87' lang='lat' dir='ltr'><strong><em>anima</em></strong></span> <span class='ocrx_word' id='word_1_426' title='bbox 3238 2844 3497 2910; x_wconf 89' lang='lat' dir='ltr'><strong><em>hominis,</em></strong></span> 
     </span>
    </p>
   </div>
   <div class='ocr_carea' id='block_1_61' title="bbox 1920 2927 3499 3009">
    <p class='ocr_par' dir='ltr' id='par_1_61' title="bbox 1920 2927 3499 3009">
     <span class='ocr_line' id='line_1_61' title="bbox 1920 2927 3499 3009; baseline 0.007 -30"><span class='ocrx_word' id='word_1_427' title='bbox 1920 2927 2361 2997; x_wconf 86' lang='lat' dir='ltr'><strong><em>quandoquidem</em></strong></span> <span class='ocrx_word' id='word_1_428' title='bbox 2382 2929 2447 2983; x_wconf 92' lang='lat' dir='ltr'><strong><em>de</em></strong></span> <span class='ocrx_word' id='word_1_429' title='bbox 2470 2930 2586 2983; x_wconf 91' lang='lat' dir='ltr'><strong><em>solo</em></strong></span> <span class='ocrx_word' id='word_1_430' title='bbox 2602 2930 2818 2985; x_wconf 89' lang='lat' dir='ltr'><strong><em>homine</em></strong></span> <span class='ocrx_word' id='word_1_431' title='bbox 2838 2931 3170 2987; x_wconf 89' lang='lat' dir='ltr'><strong><em>declaratum</em></strong></span> <span class='ocrx_word' id='word_1_432' title='bbox 3192 2935 3499 3009; x_wconf 86' lang='lat' dir='ltr'><strong><em>est,Facia-</em></strong></span> 
     </span>
    </p>
   </div>
   <div class='ocr_carea' id='block_1_62' title="bbox 1921 3019 3501 3092">
    <p class='ocr_par' dir='ltr' id='par_1_62' title="bbox 1921 3019 3501 3092">
     <span class='ocr_line' id='line_1_62' title="bbox 1921 3019 3501 3092; baseline 0.006 -21"><span class='ocrx_word' id='word_1_433' title='bbox 1921 3036 2037 3072; x_wconf 91' lang='lat' dir='ltr'><strong><em>mus</em></strong></span> <span class='ocrx_word' id='word_1_434' title='bbox 2064 3019 2322 3073; x_wconf 86' lang='lat' dir='ltr'><strong><em>hominem</em></strong></span> <span class='ocrx_word' id='word_1_435' title='bbox 2342 3023 2410 3074; x_wconf 89' lang='lat' dir='ltr'><strong><em>ad</em></strong></span> <span class='ocrx_word' id='word_1_436' title='bbox 2434 3023 2715 3092; x_wconf 83' lang='lat' dir='ltr'><strong><em>imaginem</em></strong></span> <span class='ocrx_word' id='word_1_437' title='bbox 2732 3033 2781 3076; x_wconf 86' lang='lat' dir='ltr'><strong><em>et</em></strong></span> <span class='ocrx_word' id='word_1_438' title='bbox 2802 3025 3199 3080; x_wconf 84' lang='lat' dir='ltr'><strong><em>similitudinem</em></strong></span> <span class='ocrx_word' id='word_1_439' title='bbox 3230 3038 3501 3082; x_wconf 88' lang='lat' dir='ltr'><strong><em>nostram:</em></strong></span> 
     </span>
    </p>
   </div>
   <div class='ocr_carea' id='block_1_63' title="bbox 1920 3110 3501 3187">
    <p class='ocr_par' dir='ltr' id='par_1_63' title="bbox 1920 3110 3501 3187">
     <span class='ocr_line' id='line_1_63' title="bbox 1920 3110 3501 3187; baseline 0.008 -24"><span class='ocrx_word' id='word_1_440' title='bbox 1920 3120 1969 3163; x_wconf 89' lang='lat' dir='ltr'><strong><em>et</em></strong></span> <span class='ocrx_word' id='word_1_441' title='bbox 2002 3110 2124 3179; x_wconf 83' lang='lat' dir='ltr'><strong><em>fecit</em></strong></span> <span class='ocrx_word' id='word_1_442' title='bbox 2155 3111 2296 3166; x_wconf 88' lang='lat' dir='ltr'><strong><em>Deus</em></strong></span> <span class='ocrx_word' id='word_1_443' title='bbox 2322 3112 2615 3167; x_wconf 86' lang='lat' dir='ltr'><strong><em>hominem:</em></strong></span> <span class='ocrx_word' id='word_1_444' title='bbox 2643 3114 2711 3167; x_wconf 88' lang='lat' dir='ltr'><strong><em>ad</em></strong></span> <span class='ocrx_word' id='word_1_445' title='bbox 2732 3115 3111 3186; x_wconf 83' lang='lat' dir='ltr'><strong><em>imaginemDei</em></strong></span> <span class='ocrx_word' id='word_1_446' title='bbox 3136 3119 3255 3187; x_wconf 78' lang='lat' dir='ltr'><strong><em>fecit</em></strong></span> <span class='ocrx_word' id='word_1_447' title='bbox 3274 3120 3426 3174; x_wconf 81' lang='lat' dir='ltr'><strong><em>illum</em></strong></span> <span class='ocrx_word' id='word_1_448' title='bbox 3444 3123 3501 3181; x_wconf 82' lang='lat'><strong><em>&#39;;</em></strong></span> 
     </span>
    </p>
   </div>
   <div class='ocr_carea' id='block_1_64' title="bbox 205 3174 1819 3281">
    <p class='ocr_par' dir='ltr' id='par_1_64' title="bbox 205 3174 1812 3279">
     <span class='ocr_line' id='line_1_64' title="bbox 205 3174 1812 3279; baseline -0.003 -14"><span class='ocrx_word' id='word_1_449' title='bbox 205 3174 587 3279; x_wconf 65' lang='grc' dir='ltr'>Ποιήσωμεν</span> <span class='ocrx_word' id='word_1_450' title='bbox 623 3174 935 3277; x_wconf 64' lang='grc' dir='ltr'>ἄνθρωπον</span> <span class='ocrx_word' id='word_1_451' title='bbox 976 3174 1103 3261; x_wconf 73' lang='grc' dir='ltr'><em>κατ’</em></span> <span class='ocrx_word' id='word_1_452' title='bbox 1129 3174 1336 3261; x_wconf 70' lang='grc' dir='ltr'><em>εἰκόνα</em></span> <span class='ocrx_word' id='word_1_453' title='bbox 1366 3174 1676 3276; x_wconf 50' lang='grc' dir='ltr'><em>’ἡμετέραν</em></span> <span class='ocrx_word' id='word_1_454' title='bbox 1714 3174 1812 3261; x_wconf 77' lang='grc' dir='ltr'><em>καὶ</em></span> 
     </span>
    </p>
   </div>
   <div class='ocr_carea' id='block_1_65' title="bbox 1924 3174 3501 3281">
    <p class='ocr_par' dir='ltr' id='par_1_65' title="bbox 1924 3203 3501 3281">
     <span class='ocr_line' id='line_1_65' title="bbox 1924 3203 3501 3281; baseline 0.008 -25"><span class='ocrx_word' id='word_1_455' title='bbox 1924 3203 2044 3271; x_wconf 89' lang='lat' dir='ltr'><strong><em>jure</em></strong></span> <span class='ocrx_word' id='word_1_456' title='bbox 2095 3204 2352 3274; x_wconf 84' lang='lat' dir='ltr'><strong><em>imaginis</em></strong></span> <span class='ocrx_word' id='word_1_457' title='bbox 2401 3206 2492 3260; x_wconf 92' lang='lat' dir='ltr'><strong><em>ille</em></strong></span> <span class='ocrx_word' id='word_1_458' title='bbox 2559 3220 2671 3261; x_wconf 67' lang='lat' dir='ltr'><strong><em>suae</em></strong></span> <span class='ocrx_word' id='word_1_459' title='bbox 2712 3208 3105 3277; x_wconf 82' lang='lat' dir='ltr'><strong><em>providentiam</em></strong></span> <span class='ocrx_word' id='word_1_460' title='bbox 3156 3227 3391 3281; x_wconf 83' lang='lat' dir='ltr'><strong><em>gerens,</em></strong></span> <span class='ocrx_word' id='word_1_461' title='bbox 3436 3212 3501 3268; x_wconf 78' lang='lat' dir='ltr'><strong><em>de</em></strong></span> 
     </span>
    </p>
   </div>
   <div class='ocr_carea' id='block_1_66' title="bbox 206 3297 1815 3369">
    <p class='ocr_par' dir='ltr' id='par_1_66' title="bbox 206 3297 1815 3369">
     <span class='ocr_line' id='line_1_66' title="bbox 206 3297 1815 3369; baseline -0.001 -16"><span class='ocrx_word' id='word_1_462' title='bbox 206 3303 354 3353; x_wconf 76' lang='grc' dir='ltr'><em>καθ’</em></span> <span class='ocrx_word' id='word_1_463' title='bbox 414 3301 719 3369; x_wconf 72' lang='grc' dir='ltr'>ὁμοίωσιν·</span> <span class='ocrx_word' id='word_1_464' title='bbox 773 3298 869 3351; x_wconf 75' lang='grc' dir='ltr'><strong><em>καὶ</em></strong></span> <span class='ocrx_word' id='word_1_465' title='bbox 924 3298 1212 3364; x_wconf 86' lang='grc' dir='ltr'>ἐποίησεν</span> <span class='ocrx_word' id='word_1_466' title='bbox 1255 3300 1287 3350; x_wconf 90' lang='grc' dir='ltr'><em>ό</em></span> <span class='ocrx_word' id='word_1_467' title='bbox 1320 3298 1536 3363; x_wconf 84' lang='grc' dir='ltr'><em>Κύριος</em></span> <span class='ocrx_word' id='word_1_468' title='bbox 1584 3297 1689 3350; x_wconf 86' lang='grc' dir='ltr'><strong><em>τὸν</em></strong></span> <span class='ocrx_word' id='word_1_469' title='bbox 1715 3297 1815 3351; x_wconf 83' lang='grc' dir='ltr'><strong><em>ἅν-</em></strong></span> 
     </span>
    </p>
   </div>
   <div class='ocr_carea' id='block_1_67' title="bbox 208 3387 1812 3460">
    <p class='ocr_par' dir='ltr' id='par_1_67' title="bbox 208 3387 1812 3460">
     <span class='ocr_line' id='line_1_67' title="bbox 208 3387 1812 3460; baseline -0.004 -15"><span class='ocrx_word' id='word_1_470' title='bbox 208 3396 485 3460; x_wconf 76' lang='grc' dir='ltr'>θρωπσνο</span> <span class='ocrx_word' id='word_1_471' title='bbox 506 3390 631 3443; x_wconf 83' lang='grc' dir='ltr'><em>κατ’</em></span> <span class='ocrx_word' id='word_1_472' title='bbox 653 3389 856 3442; x_wconf 80' lang='grc' dir='ltr'><em>εἰκόνα</em></span> <span class='ocrx_word' id='word_1_473' title='bbox 873 3387 1018 3441; x_wconf 85' lang='grc' dir='ltr'><strong><em>Θεοῦ</em></strong></span> <span class='ocrx_word' id='word_1_474' title='bbox 1033 3387 1322 3454; x_wconf 82' lang='grc' dir='ltr'>ἐποίησεν</span> <span class='ocrx_word' id='word_1_475' title='bbox 1344 3389 1548 3439; x_wconf 81' lang='grc' dir='ltr'><em>αὐτόν·</em></span> <span class='ocrx_word' id='word_1_476' title='bbox 1568 3389 1812 3452; x_wconf 78' lang='grc' dir='ltr'><strong><em>εἰκότως,</em></strong></span> 
     </span>
    </p>
   </div>
   <div class='ocr_carea' id='block_1_68' title="bbox 203 3480 1832 3553">
    <p class='ocr_par' dir='ltr' id='par_1_68' title="bbox 203 3480 1832 3553">
     <span class='ocr_line' id='line_1_68' title="bbox 203 3480 1832 3553; baseline -0.001 -16"><span class='ocrx_word' id='word_1_477' title='bbox 203 3483 289 3547; x_wconf 78' lang='grc' dir='ltr'>ὡς</span> <span class='ocrx_word' id='word_1_478' title='bbox 320 3482 396 3537; x_wconf 81' lang='grc' dir='ltr'>ἂν</span> <span class='ocrx_word' id='word_1_479' title='bbox 421 3486 525 3553; x_wconf 81' lang='grc' dir='ltr'><strong><em>τῆς</em></strong></span> <span class='ocrx_word' id='word_1_480' title='bbox 557 3480 747 3535; x_wconf 75' lang='grc' dir='ltr'>ἑαυτοῦ</span> <span class='ocrx_word' id='word_1_481' title='bbox 782 3481 985 3544; x_wconf 73' lang='grc' dir='ltr'>εἰκόνος</span> <span class='ocrx_word' id='word_1_482' title='bbox 1017 3480 1281 3551; x_wconf 81' lang='grc' dir='ltr'>προνοῶν,</span> <span class='ocrx_word' id='word_1_483' title='bbox 1308 3480 1376 3544; x_wconf 76' lang='grc' dir='ltr'><strong><em>ἐξ</em></strong></span> <span class='ocrx_word' id='word_1_484' title='bbox 1393 3480 1651 3548; x_wconf 84' lang='grc' dir='ltr'><em>οὐρανοῦ</em></span> <span class='ocrx_word' id='word_1_485' title='bbox 1681 3480 1832 3536; x_wconf 81' lang='grc' dir='ltr'>ἐπέ-.</span> 
     </span>
    </p>
   </div>
   <div class='ocr_carea' id='block_1_69' title="bbox 212 3568 1813 3642">
    <p class='ocr_par' dir='ltr' id='par_1_69' title="bbox 212 3568 1813 3642">
     <span class='ocr_line' id='line_1_69' title="bbox 212 3568 1813 3642; baseline -0.002 -15"><span class='ocrx_word' id='word_1_486' title='bbox 212 3576 419 3642; x_wconf 67' lang='grc' dir='ltr'>ὄλεψε</span> <span class='ocrx_word' id='word_1_487' title='bbox 452 3572 550 3626; x_wconf 80' lang='grc' dir='ltr'><strong><em>καὶ</em></strong></span> <span class='ocrx_word' id='word_1_488' title='bbox 594 3568 714 3625; x_wconf 82' lang='grc' dir='ltr'>εἶδε</span> <span class='ocrx_word' id='word_1_489' title='bbox 762 3570 994 3638; x_wconf 78' lang='grc' dir='ltr'><em>πάντας</em></span> <span class='ocrx_word' id='word_1_490' title='bbox 1033 3571 1174 3636; x_wconf 89' lang='grc' dir='ltr'><em>τοὺς</em></span> <span class='ocrx_word' id='word_1_491' title='bbox 1222 3571 1393 3637; x_wconf 82' lang='grc' dir='ltr'><em>υἱοὺς</em></span> <span class='ocrx_word' id='word_1_492' title='bbox 1424 3570 1543 3641; x_wconf 81' lang='grc' dir='ltr'><em>τῶν</em></span> <span class='ocrx_word' id='word_1_493' title='bbox 1591 3572 1813 3639; x_wconf 85' lang='grc' dir='ltr'><em>ἀνθρώ-</em></span> 
     </span>
    </p>
   </div>
   <div class='ocr_carea' id='block_1_70' title="bbox 166 3660 1813 3734">
    <p class='ocr_par' dir='ltr' id='par_1_70' title="bbox 166 3660 1813 3734">
     <span class='ocr_line' id='line_1_70' title="bbox 166 3660 1813 3734; baseline -0.002 -16"><span class='ocrx_word' id='word_1_494' title='bbox 166 3714 171 3719; x_wconf 76' lang='grc'><em>,</em></span> <span class='ocrx_word' id='word_1_495' title='bbox 218 3677 381 3718; x_wconf 73' lang='grc' dir='ltr'>πων.</span> <span class='ocrx_word' id='word_1_496' title='bbox 422 3665 492 3715; x_wconf 86' lang='grc' dir='ltr'>Ὃ</span> <span class='ocrx_word' id='word_1_497' title='bbox 545 3661 611 3734; x_wconf 83' lang='grc' dir='ltr'><em>δὴ</em></span> <span class='ocrx_word' id='word_1_498' title='bbox 659 3661 930 3732; x_wconf 80' lang='grc' dir='ltr'>παριστὰς</span> <span class='ocrx_word' id='word_1_499' title='bbox 975 3663 1003 3715; x_wconf 90' lang='lat'><strong><em>6</em></strong></span> <span class='ocrx_word' id='word_1_500' title='bbox 1054 3660 1247 3732; x_wconf 83' lang='grc' dir='ltr'>παρὼν</span> <span class='ocrx_word' id='word_1_501' title='bbox 1288 3661 1446 3729; x_wconf 70' lang='grc' dir='ltr'>λόγος</span> <span class='ocrx_word' id='word_1_502' title='bbox 1497 3661 1679 3731; x_wconf 83' lang='grc' dir='ltr'>φησίν·</span> <span class='ocrx_word' id='word_1_503' title='bbox 1752 3662 1813 3714; x_wconf 93' lang='lat'><strong><em>&#39;0</em></strong></span> 
     </span>
    </p>
   </div>
   <div class='ocr_carea' id='block_1_71' title="bbox 226 3752 1813 3821">
    <p class='ocr_par' dir='ltr' id='par_1_71' title="bbox 226 3752 1813 3821">
     <span class='ocr_line' id='line_1_71' title="bbox 226 3752 1813 3821; baseline -0.002 -13"><span class='ocrx_word' id='word_1_504' title='bbox 226 3753 532 3808; x_wconf 62' lang='grc' dir='ltr'>πλάσιν-ων</span> <span class='ocrx_word' id='word_1_505' title='bbox 567 3754 906 3821; x_wconf 80' lang='grc' dir='ltr'><em>καταμόνας</em></span> <span class='ocrx_word' id='word_1_506' title='bbox 933 3753 1039 3818; x_wconf 84' lang='grc' dir='ltr'><em>τὰς</em></span> <span class='ocrx_word' id='word_1_507' title='bbox 1092 3752 1339 3820; x_wconf 79' lang='grc' dir='ltr'><em>καρδίας</em></span> <span class='ocrx_word' id='word_1_508' title='bbox 1384 3752 1602 3808; x_wconf 58' lang='grc' dir='ltr'><em>αὐτῶν</em></span> <span class='ocrx_word' id='word_1_509' title='bbox 1648 3770 1813 3805; x_wconf 88' lang='grc' dir='ltr'>κατα-</span> 
     </span>
    </p>
   </div>
   <div class='ocr_carea' id='block_1_72' title="bbox 238 3844 1811 3917">
    <p class='ocr_par' dir='ltr' id='par_1_72' title="bbox 238 3844 1811 3917">
     <span class='ocr_line' id='line_1_72' title="bbox 238 3844 1811 3917; baseline 0.001 -18"><span class='ocrx_word' id='word_1_510' title='bbox 238 3848 403 3917; x_wconf 81' lang='grc' dir='ltr'>μόνας</span> <span class='ocrx_word' id='word_1_511' title='bbox 432 3847 491 3899; x_wconf 81' lang='grc' dir='ltr'><em>δὲ</em></span> <span class='ocrx_word' id='word_1_512' title='bbox 532 3846 747 3917; x_wconf 77' lang='grc' dir='ltr'>εἴρηται</span> <span class='ocrx_word' id='word_1_513' title='bbox 789 3846 909 3899; x_wconf 76' lang='grc' dir='ltr'>ἀντὶ</span> <span class='ocrx_word' id='word_1_514' title='bbox 960 3844 1085 3911; x_wconf 83' lang='grc' dir='ltr'>τοῦ,</span> <span class='ocrx_word' id='word_1_515' title='bbox 1142 3846 1537 3917; x_wconf 84' lang='grc' dir='ltr'><strong><em>ἀφωρισμένως</em></strong></span> <span class='ocrx_word' id='word_1_516' title='bbox 1573 3846 1722 3916; x_wconf 77' lang='grc' dir='ltr'>παρὰ</span> <span class='ocrx_word' id='word_1_517' title='bbox 1744 3846 1811 3900; x_wconf 78' lang='grc' dir='ltr'>τὰ</span> 
     </span>
    </p>
   </div>
   <div class='ocr_carea' id='block_1_73' title="bbox 239 3938 1808 4010">
    <p class='ocr_par' dir='ltr' id='par_1_73' title="bbox 239 3938 1808 4010">
     <span class='ocr_line' id='line_1_73' title="bbox 239 3938 1808 4010; baseline -0.001 -19"><span class='ocrx_word' id='word_1_518' title='bbox 239 3939 397 3993; x_wconf 74' lang='grc' dir='ltr'>λοιπὰ</span> <span class='ocrx_word' id='word_1_519' title='bbox 419 3939 551 4003; x_wconf 81' lang='grc' dir='ltr'>ζῶα.</span> <span class='ocrx_word' id='word_1_520' title='bbox 575 3939 822 4009; x_wconf 81' lang='grc' dir='ltr'>Καρδίας</span> <span class='ocrx_word' id='word_1_521' title='bbox 847 3939 901 3991; x_wconf 79' lang='grc' dir='ltr'><em>δὲ</em></span> <span class='ocrx_word' id='word_1_522' title='bbox 923 3938 1097 4007; x_wconf 76' lang='grc' dir='ltr'>λέγων</span> <span class='ocrx_word' id='word_1_523' title='bbox 1129 3940 1253 4001; x_wconf 85' lang='grc' dir='ltr'>τοὺς</span> <span class='ocrx_word' id='word_1_524' title='bbox 1281 3938 1569 4009; x_wconf 85' lang='grc' dir='ltr'>λογισμοὺς</span> <span class='ocrx_word' id='word_1_525' title='bbox 1597 3939 1808 4010; x_wconf 79' lang='grc' dir='ltr'>ἐδήλου,</span> 
     </span>
    </p>
   </div>
   <div class='ocr_carea' id='block_1_74' title="bbox 247 4029 1811 4101">
    <p class='ocr_par' dir='ltr' id='par_1_74' title="bbox 247 4029 1811 4101">
     <span class='ocr_line' id='line_1_74' title="bbox 247 4029 1811 4101; baseline -0.001 -15"><span class='ocrx_word' id='word_1_526' title='bbox 247 4034 333 4086; x_wconf 76' lang='grc' dir='ltr'><strong><em>καὶ</em></strong></span> <span class='ocrx_word' id='word_1_527' title='bbox 357 4033 436 4086; x_wconf 77' lang='grc' dir='ltr'>ὅτι</span> <span class='ocrx_word' id='word_1_528' title='bbox 461 4031 858 4101; x_wconf 79' lang='grc' dir='ltr'>ἀφωρισμένως</span> <span class='ocrx_word' id='word_1_529' title='bbox 883 4030 1111 4093; x_wconf 75' lang='grc' dir='ltr'>ἕκαστος</span> <span class='ocrx_word' id='word_1_530' title='bbox 1160 4029 1445 4101; x_wconf 83' lang='grc' dir='ltr'>ἄνθρωπος</span> <span class='ocrx_word' id='word_1_531' title='bbox 1485 4029 1671 4101; x_wconf 86' lang='grc' dir='ltr'>ὥσπερ</span> <span class='ocrx_word' id='word_1_532' title='bbox 1714 4047 1811 4084; x_wconf 86' lang='grc' dir='ltr'>τα-</span> 
     </span>
    </p>
   </div>
   <div class='ocr_carea' id='block_1_75' title="bbox 254 4120 1809 4195">
    <p class='ocr_par' dir='ltr' id='par_1_75' title="bbox 254 4120 1809 4195">
     <span class='ocr_line' id='line_1_75' title="bbox 254 4120 1809 4195; baseline 0 -18"><span class='ocrx_word' id='word_1_533' title='bbox 254 4128 407 4195; x_wconf 82' lang='grc' dir='ltr'>μιεῖον</span> <span class='ocrx_word' id='word_1_534' title='bbox 435 4124 929 4193; x_wconf 80' lang='grc' dir='ltr'>ἀποκεκλεισμένον</span> <span class='ocrx_word' id='word_1_535' title='bbox 961 4120 1190 4192; x_wconf 61' lang='grc' dir='ltr'>ἕχειξτὴν</span> <span class='ocrx_word' id='word_1_536' title='bbox 1216 4120 1410 4177; x_wconf 74' lang='grc' dir='ltr'>ἑαυτοῦ</span> <span class='ocrx_word' id='word_1_537' title='bbox 1442 4120 1698 4185; x_wconf 85' lang='grc' dir='ltr'>διάνοιαν,</span> <span class='ocrx_word' id='word_1_538' title='bbox 1734 4120 1809 4185; x_wconf 78' lang='grc' dir='ltr'><strong><em>ὡς</em></strong></span> 
     </span>
    </p>
   </div>
   <div class='ocr_carea' id='block_1_76' title="bbox 256 4211 1803 4292">
    <p class='ocr_par' dir='ltr' id='par_1_76' title="bbox 256 4211 1803 4292">
     <span class='ocr_line' id='line_1_76' title="bbox 256 4211 1803 4292; baseline -0.006 -18"><span class='ocrx_word' id='word_1_539' title='bbox 256 4220 440 4292; x_wconf 82' lang='grc' dir='ltr'>μηδένα</span> <span class='ocrx_word' id='word_1_540' title='bbox 463 4220 721 4275; x_wconf 83' lang='grc' dir='ltr'>δύνασθαι</span> <span class='ocrx_word' id='word_1_541' title='bbox 753 4219 969 4289; x_wconf 79' lang='grc' dir='ltr'>ἐτέρους</span> <span class='ocrx_word' id='word_1_542' title='bbox 1020 4214 1457 4287; x_wconf 81' lang='grc' dir='ltr'>καταλαμϐάνειν</span> <span class='ocrx_word' id='word_1_543' title='bbox 1494 4211 1803 4284; x_wconf 85' lang='grc' dir='ltr'>λογισμούς.</span> 
     </span>
    </p>
   </div>
   <div class='ocr_carea' id='block_1_77' title="bbox 256 4304 1806 4382">
    <p class='ocr_par' dir='ltr' id='par_1_77' title="bbox 256 4304 1806 4382">
     <span class='ocr_line' id='line_1_77' title="bbox 256 4304 1806 4382; baseline -0.005 -17"><span class='ocrx_word' id='word_1_544' title='bbox 256 4314 445 4379; x_wconf 79' lang='grc' dir='ltr'><strong><em>οὐδεὶς</em></strong></span> <span class='ocrx_word' id='word_1_545' title='bbox 474 4312 624 4382; x_wconf 75' lang='grc' dir='ltr'><strong><em>γοῦν</em></strong></span> <span class='ocrx_word' id='word_1_546' title='bbox 677 4310 841 4365; x_wconf 76' lang='grc' dir='ltr'><em>οἶδεν</em></span> <span class='ocrx_word' id='word_1_547' title='bbox 868 4309 1193 4377; x_wconf 84' lang='grc' dir='ltr'><strong><em>ἀνθρώπων</em></strong></span> <span class='ocrx_word' id='word_1_548' title='bbox 1230 4307 1303 4361; x_wconf 89' lang='grc' dir='ltr'><em>τὰ</em></span> <span class='ocrx_word' id='word_1_549' title='bbox 1330 4305 1435 4359; x_wconf 85' lang='grc' dir='ltr'><em>τοῦ</em></span> <span class='ocrx_word' id='word_1_550' title='bbox 1471 4304 1806 4372; x_wconf 80' lang='grc' dir='ltr'><strong><em>ἀνθρώπου,</em></strong></span> 
     </span>
    </p>
   </div>
   <div class='ocr_carea' id='block_1_78' title="bbox 256 4397 1808 4475">
    <p class='ocr_par' dir='ltr' id='par_1_78' title="bbox 256 4397 1808 4475">
     <span class='ocr_line' id='line_1_78' title="bbox 256 4397 1808 4475; baseline -0.006 -15"><span class='ocrx_word' id='word_1_551' title='bbox 256 4407 296 4459; x_wconf 72' lang='lat' dir='ltr'><strong><em>ri</em></strong></span> <span class='ocrx_word' id='word_1_552' title='bbox 314 4406 391 4475; x_wconf 83' lang='grc' dir='ltr'><strong><em>μὴ</em></strong></span> <span class='ocrx_word' id='word_1_553' title='bbox 410 4407 477 4460; x_wconf 87' lang='grc' dir='ltr'><em>τὸ</em></span> <span class='ocrx_word' id='word_1_554' title='bbox 502 4405 741 4473; x_wconf 83' lang='grc' dir='ltr'><em>πνεῦμα</em></span> <span class='ocrx_word' id='word_1_555' title='bbox 775 4402 882 4455; x_wconf 89' lang='grc' dir='ltr'><strong><em>τοῦ</em></strong></span> <span class='ocrx_word' id='word_1_556' title='bbox 913 4399 1226 4469; x_wconf 84' lang='grc' dir='ltr'><strong><em>ἀνθρώπου</em></strong></span> <span class='ocrx_word' id='word_1_557' title='bbox 1283 4398 1347 4452; x_wconf 85' lang='grc' dir='ltr'><em>τὸ</em></span> <span class='ocrx_word' id='word_1_558' title='bbox 1386 4400 1456 4451; x_wconf 89' lang='grc' dir='ltr'><strong><em>ἐν</em></strong></span> <span class='ocrx_word' id='word_1_559' title='bbox 1482 4397 1661 4463; x_wconf 81' lang='grc' dir='ltr'><em>αὐτῷ.</em></span> <span class='ocrx_word' id='word_1_560' title='bbox 1717 4398 1808 4450; x_wconf 86' lang='grc' dir='ltr'>Διὸ</span> 
     </span>
    </p>
   </div>
   <div class='ocr_carea' id='block_1_79' title="bbox 256 4490 1885 4588">
    <p class='ocr_par' dir='ltr' id='par_1_79' title="bbox 256 4490 1885 4588">
     <span class='ocr_line' id='line_1_79' title="bbox 256 4490 1885 4588; baseline 0.005 -36"><span class='ocrx_word' id='word_1_561' title='bbox 256 4500 365 4569; x_wconf 77' lang='grc' dir='ltr'>περι</span> <span class='ocrx_word' id='word_1_562' title='bbox 394 4500 553 4570; x_wconf 51' lang='grc' dir='ltr'>μόνον</span> <span class='ocrx_word' id='word_1_563' title='bbox 583 4496 677 4550; x_wconf 78' lang='grc' dir='ltr'>τοῦ</span> <span class='ocrx_word' id='word_1_564' title='bbox 711 4497 961 4565; x_wconf 78' lang='grc' dir='ltr'>Σωτῆρος</span> <span class='ocrx_word' id='word_1_565' title='bbox 998 4492 1157 4588; x_wconf 78' lang='grc' dir='ltr'>ἡμῶν</span> <span class='ocrx_word' id='word_1_566' title='bbox 1199 4492 1282 4588; x_wconf 59' lang='grc' dir='ltr'><strong><em>εἰς</em></strong></span> <span class='ocrx_word' id='word_1_567' title='bbox 1325 4491 1681 4588; x_wconf 36' lang='grc' dir='ltr'>παηρξισταςιξ</span> <span class='ocrx_word' id='word_1_568' title='bbox 1707 4490 1808 4588; x_wconf 64' lang='grc' dir='ltr'><strong><em>τῆς</em></strong></span> <span class='ocrx_word' id='word_1_569' title='bbox 1841 4533 1885 4588; x_wconf 75' lang='lat' dir='ltr'><strong>D</strong></span> 
     </span>
    </p>
   </div>
   <div class='ocr_carea' id='block_1_80' title="bbox 256 4576 1886 4658">
    <p class='ocr_par' dir='ltr' id='par_1_80' title="bbox 256 4576 1886 4658">
     <span class='ocr_line' id='line_1_80' title="bbox 256 4576 1886 4658; baseline -0.006 -16"><span class='ocrx_word' id='word_1_570' title='bbox 256 4588 395 4642; x_wconf 67' lang='grc' dir='ltr'>αὐτοῦ</span> <span class='ocrx_word' id='word_1_571' title='bbox 442 4588 697 4658; x_wconf 81' lang='grc' dir='ltr'>θεότητος</span> <span class='ocrx_word' id='word_1_572' title='bbox 726 4585 960 4650; x_wconf 77' lang='grc' dir='ltr'>ἐλέγετοο</span> <span class='ocrx_word' id='word_1_573' title='bbox 990 4581 1184 4647; x_wconf 78' lang='grc' dir='ltr'><em>Αὐτὸς</em></span> <span class='ocrx_word' id='word_1_574' title='bbox 1221 4579 1333 4650; x_wconf 77' lang='grc' dir='ltr'><strong><em>γὰρ</em></strong></span> <span class='ocrx_word' id='word_1_575' title='bbox 1385 4579 1515 4649; x_wconf 73' lang='grc' dir='ltr'>ᾔδει</span> <span class='ocrx_word' id='word_1_576' title='bbox 1555 4582 1611 4633; x_wconf 85' lang='grc' dir='ltr'><strong><em>τί</em></strong></span> <span class='ocrx_word' id='word_1_577' title='bbox 1642 4576 1719 4649; x_wconf 78' lang='grc' dir='ltr'><strong><em>ἦν</em></strong></span> <span class='ocrx_word' id='word_1_578' title='bbox 1741 4581 1811 4633; x_wconf 85' lang='grc' dir='ltr'><strong><em>ἐν</em></strong></span> <span class='ocrx_word' id='word_1_579' title='bbox 1841 4576 1886 4588; x_wconf 81' lang='grc'><strong><em>””</em></strong></span> 
     </span>
    </p>
   </div>
   <div class='ocr_carea' id='block_1_81' title="bbox 255 4669 1809 4746">
    <p class='ocr_par' dir='ltr' id='par_1_81' title="bbox 255 4669 1809 4746">
     <span class='ocr_line' id='line_1_81' title="bbox 255 4669 1809 4746; baseline -0.004 -17"><span class='ocrx_word' id='word_1_580' title='bbox 255 4677 320 4743; x_wconf 83' lang='grc' dir='ltr'><em>τῷ</em></span> <span class='ocrx_word' id='word_1_581' title='bbox 349 4677 654 4746; x_wconf 81' lang='grc' dir='ltr'><strong><em>ἀνθρώπῳ·</em></strong></span> <span class='ocrx_word' id='word_1_582' title='bbox 708 4674 804 4728; x_wconf 75' lang='grc' dir='ltr'>καὶ</span> <span class='ocrx_word' id='word_1_583' title='bbox 856 4673 1039 4726; x_wconf 84' lang='grc' dir='ltr'>πάλιν·</span> <span class='ocrx_word' id='word_1_584' title='bbox 1101 4670 1290 4737; x_wconf 75' lang='grc' dir='ltr'><em>Εἰδὼς</em></span> <span class='ocrx_word' id='word_1_585' title='bbox 1314 4670 1382 4723; x_wconf 82' lang='grc' dir='ltr'><em>δὲ</em></span> <span class='ocrx_word' id='word_1_586' title='bbox 1424 4670 1568 4736; x_wconf 87' lang='grc' dir='ltr'><em>τοὺς</em></span> <span class='ocrx_word' id='word_1_587' title='bbox 1605 4669 1809 4725; x_wconf 84' lang='grc' dir='ltr'><em>διαλο-</em></span> 
     </span>
    </p>
   </div>
   <div class='ocr_carea' id='block_1_82' title="bbox 256 4764 1810 4843">
    <p class='ocr_par' dir='ltr' id='par_1_82' title="bbox 256 4764 1810 4843">
     <span class='ocr_line' id='line_1_82' title="bbox 256 4764 1810 4843; baseline -0.007 -16"><span class='ocrx_word' id='word_1_588' title='bbox 256 4772 481 4843; x_wconf 62' lang='grc' dir='ltr'>γισμοὺς</span> <span class='ocrx_word' id='word_1_589' title='bbox 512 4768 735 4824; x_wconf 83' lang='grc' dir='ltr'><em>αὐτῶν.</em></span> <span class='ocrx_word' id='word_1_590' title='bbox 765 4768 935 4822; x_wconf 78' lang='grc' dir='ltr'>Τοῦτο</span> <span class='ocrx_word' id='word_1_591' title='bbox 961 4767 1018 4820; x_wconf 85' lang='grc' dir='ltr'><em>δὲ</em></span> <span class='ocrx_word' id='word_1_592' title='bbox 1048 4766 1144 4819; x_wconf 74' lang='grc' dir='ltr'>καὶ</span> <span class='ocrx_word' id='word_1_593' title='bbox 1176 4767 1233 4817; x_wconf 85' lang='grc' dir='ltr'><strong><em>ὲν</em></strong></span> <span class='ocrx_word' id='word_1_594' title='bbox 1259 4766 1371 4827; x_wconf 86' lang='grc' dir='ltr'>τοῖς</span> <span class='ocrx_word' id='word_1_595' title='bbox 1425 4764 1810 4837; x_wconf 80' lang='grc' dir='ltr'>προκειμένοις</span> 
     </span>
    </p>
   </div>
   <div class='ocr_carea' id='block_1_83' title="bbox 258 4856 1810 4936">
    <p class='ocr_par' dir='ltr' id='par_1_83' title="bbox 258 4856 1810 4936">
     <span class='ocr_line' id='line_1_83' title="bbox 258 4856 1810 4936; baseline -0.005 -19"><span class='ocrx_word' id='word_1_596' title='bbox 258 4866 582 4936; x_wconf 57' lang='lat' dir='ltr'><strong><em>capiantur</em></strong></span> <span class='ocrx_word' id='word_1_597' title='bbox 621 4862 760 4935; x_wconf 85' lang='grc' dir='ltr'>μετὰ</span> <span class='ocrx_word' id='word_1_598' title='bbox 806 4861 913 4933; x_wconf 79' lang='grc' dir='ltr'><strong><em>γὰρ</em></strong></span> <span class='ocrx_word' id='word_1_599' title='bbox 956 4860 1038 4913; x_wconf 78' lang='grc' dir='ltr'><strong><em>τόο</em></strong></span> <span class='ocrx_word' id='word_1_600' title='bbox 1086 4859 1149 4911; x_wconf 91' lang='lat'><strong><em>&#39;0</em></strong></span> <span class='ocrx_word' id='word_1_601' title='bbox 1193 4856 1437 4921; x_wconf 77' lang='grc' dir='ltr'><em>πλάσας</em></span> <span class='ocrx_word' id='word_1_602' title='bbox 1471 4858 1810 4926; x_wconf 83' lang='grc' dir='ltr'><em>καταμόνας</em></span> 
     </span>
    </p>
   </div>
   <div class='ocr_carea' id='block_1_84' title="bbox 255 4948 1810 5025">
    <p class='ocr_par' dir='ltr' id='par_1_84' title="bbox 255 4948 1810 5025">
     <span class='ocr_line' id='line_1_84' title="bbox 255 4948 1810 5025; baseline -0.004 -16"><span class='ocrx_word' id='word_1_603' title='bbox 255 4955 338 5021; x_wconf 81' lang='grc' dir='ltr'><em>τὰς</em></span> <span class='ocrx_word' id='word_1_604' title='bbox 360 4955 607 5025; x_wconf 81' lang='grc' dir='ltr'><em>καρδίας</em></span> <span class='ocrx_word' id='word_1_605' title='bbox 626 4952 845 5018; x_wconf 84' lang='grc' dir='ltr'><em>αὐτῶν,</em></span> <span class='ocrx_word' id='word_1_606' title='bbox 875 4952 1142 5022; x_wconf 78' lang='grc' dir='ltr'>συνῆπται</span> <span class='ocrx_word' id='word_1_607' title='bbox 1168 4949 1245 5001; x_wconf 85' lang='grc' dir='ltr'>τό·</span> <span class='ocrx_word' id='word_1_608' title='bbox 1279 4949 1341 5001; x_wconf 92' lang='lat'><strong><em>&#39;0</em></strong></span> <span class='ocrx_word' id='word_1_609' title='bbox 1370 4948 1602 5014; x_wconf 81' lang='grc' dir='ltr'>συνιεὶς</span> <span class='ocrx_word' id='word_1_610' title='bbox 1615 4948 1810 5003; x_wconf 82' lang='grc' dir='ltr'><em>πάντα</em></span> 
     </span>
    </p>
   </div>
   <div class='ocr_carea' id='block_1_85' title="bbox 1923 3296 3499 3369">
    <p class='ocr_par' dir='ltr' id='par_1_85' title="bbox 1923 3296 3499 3369">
     <span class='ocr_line' id='line_1_85' title="bbox 1923 3296 3499 3369; baseline 0.006 -20"><span class='ocrx_word' id='word_1_611' title='bbox 1923 3300 2049 3350; x_wconf 79' lang='lat' dir='ltr'><strong><em>caelo</em></strong></span> <span class='ocrx_word' id='word_1_612' title='bbox 2084 3298 2309 3365; x_wconf 72' lang='lat' dir='ltr'><strong><em>respexit</em></strong></span> <span class='ocrx_word' id='word_1_613' title='bbox 2356 3306 2406 3351; x_wconf 89' lang='lat' dir='ltr'><strong><em>et</em></strong></span> <span class='ocrx_word' id='word_1_614' title='bbox 2450 3296 2579 3351; x_wconf 84' lang='lat' dir='ltr'><strong><em>vidit</em></strong></span> <span class='ocrx_word' id='word_1_615' title='bbox 2619 3314 2793 3354; x_wconf 89' lang='lat' dir='ltr'><strong><em>omnes</em></strong></span> <span class='ocrx_word' id='word_1_616' title='bbox 2828 3300 2969 3367; x_wconf 88' lang='lat' dir='ltr'><strong><em>ﬁlios</em></strong></span> <span class='ocrx_word' id='word_1_617' title='bbox 3019 3300 3309 3361; x_wconf 81' lang='lat' dir='ltr'><strong><em>hominum.</em></strong></span> <span class='ocrx_word' id='word_1_618' title='bbox 3343 3304 3499 3369; x_wconf 84' lang='lat' dir='ltr'><strong><em>Quod</em></strong></span> 
     </span>
    </p>
   </div>
   <div class='ocr_carea' id='block_1_86' title="bbox 1923 3387 3500 3466">
    <p class='ocr_par' dir='ltr' id='par_1_86' title="bbox 1923 3387 3500 3466">
     <span class='ocr_line' id='line_1_86' title="bbox 1923 3387 3500 3466; baseline 0.006 -25"><span class='ocrx_word' id='word_1_619' title='bbox 1923 3387 2011 3443; x_wconf 92' lang='lat' dir='ltr'><strong><em>his</em></strong></span> <span class='ocrx_word' id='word_1_620' title='bbox 2072 3390 2254 3445; x_wconf 79' lang='lat' dir='ltr'><strong><em>verbis</em></strong></span> <span class='ocrx_word' id='word_1_621' title='bbox 2314 3388 2371 3442; x_wconf 90' lang='lat' dir='ltr'><strong><em>in</em></strong></span> <span class='ocrx_word' id='word_1_622' title='bbox 2427 3391 2686 3459; x_wconf 59' lang='lat' dir='ltr'><strong><em>praesenti</em></strong></span> <span class='ocrx_word' id='word_1_623' title='bbox 2732 3393 3139 3461; x_wconf 83' lang='lat' dir='ltr'><strong><em>pronuntiatur,</em></strong></span> <span class='ocrx_word' id='word_1_624' title='bbox 3196 3393 3300 3459; x_wconf 91' lang='lat' dir='ltr'><strong><em>Qui</em></strong></span> <span class='ocrx_word' id='word_1_625' title='bbox 3344 3397 3500 3466; x_wconf 84' lang='lat' dir='ltr'><strong><em>ﬁngit</em></strong></span> 
     </span>
    </p>
   </div>
   <div class='ocr_carea' id='block_1_87' title="bbox 1920 3480 3498 3557">
    <p class='ocr_par' dir='ltr' id='par_1_87' title="bbox 1920 3480 3498 3557">
     <span class='ocr_line' id='line_1_87' title="bbox 1920 3480 3498 3557; baseline 0.006 -24"><span class='ocrx_word' id='word_1_626' title='bbox 1920 3480 2200 3549; x_wconf 82' lang='lat' dir='ltr'><strong><em>sigillatim</em></strong></span> <span class='ocrx_word' id='word_1_627' title='bbox 2246 3481 2408 3535; x_wconf 86' lang='lat' dir='ltr'><strong><em>corda</em></strong></span> <span class='ocrx_word' id='word_1_628' title='bbox 2443 3499 2661 3547; x_wconf 87' lang='lat' dir='ltr'><strong><em>eorum;</em></strong></span> <span class='ocrx_word' id='word_1_629' title='bbox 2710 3484 2980 3553; x_wconf 85' lang='lat' dir='ltr'><strong><em>sigillatim</em></strong></span> <span class='ocrx_word' id='word_1_630' title='bbox 3006 3485 3214 3557; x_wconf 86' lang='lat' dir='ltr'><strong><em>dictum</em></strong></span> <span class='ocrx_word' id='word_1_631' title='bbox 3240 3489 3498 3557; x_wconf 86' lang='lat' dir='ltr'><strong><em>estquasi</em></strong></span> 
     </span>
    </p>
   </div>
   <div class='ocr_carea' id='block_1_88' title="bbox 1921 3572 3498 3643">
    <p class='ocr_par' dir='ltr' id='par_1_88' title="bbox 1921 3572 3498 3643">
     <span class='ocr_line' id='line_1_88' title="bbox 1921 3572 3498 3643; baseline 0.004 -17"><span class='ocrx_word' id='word_1_632' title='bbox 1921 3572 2216 3642; x_wconf 88' lang='lat' dir='ltr'><strong><em>separatim</em></strong></span> <span class='ocrx_word' id='word_1_633' title='bbox 2258 3579 2312 3625; x_wconf 92' lang='lat' dir='ltr'><strong><em>et</em></strong></span> <span class='ocrx_word' id='word_1_634' title='bbox 2352 3587 2600 3627; x_wconf 86' lang='lat' dir='ltr'><strong><em>seorsum</em></strong></span> <span class='ocrx_word' id='word_1_635' title='bbox 2640 3588 2671 3625; x_wconf 93' lang='lat' dir='ltr'><strong><em>a</em></strong></span> <span class='ocrx_word' id='word_1_636' title='bbox 2712 3574 2939 3643; x_wconf 87' lang='lat' dir='ltr'><strong><em>reliquis</em></strong></span> <span class='ocrx_word' id='word_1_637' title='bbox 2968 3575 3314 3633; x_wconf 82' lang='lat' dir='ltr'><strong><em>animalibus.</em></strong></span> <span class='ocrx_word' id='word_1_638' title='bbox 3358 3577 3498 3633; x_wconf 90' lang='lat' dir='ltr'><strong><em>Dum</em></strong></span> 
     </span>
    </p>
   </div>
   <div class='ocr_carea' id='block_1_89' title="bbox 1920 3660 3494 3734">
    <p class='ocr_par' dir='ltr' id='par_1_89' title="bbox 1920 3660 3494 3734">
     <span class='ocr_line' id='line_1_89' title="bbox 1920 3660 3494 3734; baseline 0.006 -21"><span class='ocrx_word' id='word_1_639' title='bbox 1920 3668 2101 3715; x_wconf 89' lang='lat' dir='ltr'><strong><em>autem</em></strong></span> <span class='ocrx_word' id='word_1_640' title='bbox 2133 3660 2300 3714; x_wconf 90' lang='lat' dir='ltr'><strong><em>corda</em></strong></span> <span class='ocrx_word' id='word_1_641' title='bbox 2336 3670 2681 3725; x_wconf 88' lang='lat' dir='ltr'><strong><em>memoraret,</em></strong></span> <span class='ocrx_word' id='word_1_642' title='bbox 2727 3664 3085 3733; x_wconf 84' lang='lat' dir='ltr'><strong><em>cogitationes</em></strong></span> <span class='ocrx_word' id='word_1_643' title='bbox 3134 3667 3494 3734; x_wconf 81' lang='lat' dir='ltr'><strong><em>signiﬁcavit:</em></strong></span> 
     </span>
    </p>
   </div>
   <div class='ocr_carea' id='block_1_90' title="bbox 1921 3753 3496 3824">
    <p class='ocr_par' dir='ltr' id='par_1_90' title="bbox 1921 3753 3496 3824">
     <span class='ocr_line' id='line_1_90' title="bbox 1921 3753 3496 3824; baseline 0.005 -18"><span class='ocrx_word' id='word_1_644' title='bbox 1921 3753 2048 3824; x_wconf 86' lang='lat' dir='ltr'><strong><em>quia</em></strong></span> <span class='ocrx_word' id='word_1_645' title='bbox 2116 3753 2343 3822; x_wconf 88' lang='lat' dir='ltr'><strong><em>quilibet</em></strong></span> <span class='ocrx_word' id='word_1_646' title='bbox 2388 3753 2552 3813; x_wconf 90' lang='lat' dir='ltr'><strong><em>homo</em></strong></span> <span class='ocrx_word' id='word_1_647' title='bbox 2598 3769 2846 3815; x_wconf 88' lang='lat' dir='ltr'><strong><em>seorsum</em></strong></span> <span class='ocrx_word' id='word_1_648' title='bbox 2894 3764 3129 3819; x_wconf 81' lang='lat' dir='ltr'><strong><em>mentem</em></strong></span> <span class='ocrx_word' id='word_1_649' title='bbox 3189 3772 3343 3812; x_wconf 92' lang='lat' dir='ltr'><strong><em>suam</em></strong></span> <span class='ocrx_word' id='word_1_650' title='bbox 3394 3773 3496 3814; x_wconf 87' lang='lat' dir='ltr'><strong><em>ceu</em></strong></span> 
     </span>
    </p>
   </div>
   <div class='ocr_carea' id='block_1_91' title="bbox 1917 3843 3497 3912">
    <p class='ocr_par' dir='ltr' id='par_1_91' title="bbox 1917 3843 3497 3912">
     <span class='ocr_line' id='line_1_91' title="bbox 1917 3843 3497 3912; baseline 0.007 -17"><span class='ocrx_word' id='word_1_651' title='bbox 1917 3843 2324 3912; x_wconf 86' lang='lat' dir='ltr'><strong><em>receptaculum</em></strong></span> <span class='ocrx_word' id='word_1_652' title='bbox 2384 3844 2663 3898; x_wconf 89' lang='lat' dir='ltr'><strong><em>occlusam</em></strong></span> <span class='ocrx_word' id='word_1_653' title='bbox 2720 3844 2916 3909; x_wconf 88' lang='lat' dir='ltr'><strong><em>habet,</em></strong></span> <span class='ocrx_word' id='word_1_654' title='bbox 2965 3853 3025 3911; x_wconf 78' lang='lat' dir='ltr'><strong><em>ut</em></strong></span> <span class='ocrx_word' id='word_1_655' title='bbox 3062 3862 3222 3901; x_wconf 91' lang='lat' dir='ltr'><strong><em>nemo</em></strong></span> <span class='ocrx_word' id='word_1_656' title='bbox 3271 3849 3497 3906; x_wconf 89' lang='lat' dir='ltr'><strong><em>alterius</em></strong></span> 
     </span>
    </p>
   </div>
   <div class='ocr_carea' id='block_1_92' title="bbox 1918 3936 3495 4011">
    <p class='ocr_par' dir='ltr' id='par_1_92' title="bbox 1918 3936 3495 4011">
     <span class='ocr_line' id='line_1_92' title="bbox 1918 3936 3495 4011; baseline 0.004 -21"><span class='ocrx_word' id='word_1_657' title='bbox 1918 3937 2282 4005; x_wconf 89' lang='lat' dir='ltr'><strong><em>cogitationes</em></strong></span> <span class='ocrx_word' id='word_1_658' title='bbox 2352 3936 2756 4007; x_wconf 88' lang='lat' dir='ltr'><strong><em>deprehendere</em></strong></span> <span class='ocrx_word' id='word_1_659' title='bbox 2822 3938 3018 4001; x_wconf 80' lang='lat' dir='ltr'><strong><em>valeat.</em></strong></span> <span class='ocrx_word' id='word_1_660' title='bbox 3080 3938 3278 4003; x_wconf 82' lang='lat' dir='ltr'><strong><em>Nullus</em></strong></span> <span class='ocrx_word' id='word_1_661' title='bbox 3333 3943 3495 4011; x_wconf 81' lang='lat' dir='ltr'><strong><em>igitur</em></strong></span> 
     </span>
    </p>
   </div>
   <div class='ocr_carea' id='block_1_93' title="bbox 1918 4025 3498 4100">
    <p class='ocr_par' dir='ltr' id='par_1_93' title="bbox 1918 4025 3498 4100">
     <span class='ocr_line' id='line_1_93' title="bbox 1918 4025 3498 4100; baseline 0.006 -20"><span class='ocrx_word' id='word_1_662' title='bbox 1918 4025 2186 4081; x_wconf 89' lang='lat' dir='ltr'><strong><em>hominum</em></strong></span> <span class='ocrx_word' id='word_1_663' title='bbox 2214 4028 2357 4081; x_wconf 90' lang='lat' dir='ltr'><strong><em>novit</em></strong></span> <span class='ocrx_word' id='word_1_664' title='bbox 2384 4044 2500 4098; x_wconf 73' lang='lat' dir='ltr'><strong><em>qute</em></strong></span> <span class='ocrx_word' id='word_1_665' title='bbox 2528 4037 2651 4081; x_wconf 89' lang='lat' dir='ltr'><strong><em>sunt</em></strong></span> <span class='ocrx_word' id='word_1_666' title='bbox 2677 4027 2926 4093; x_wconf 79' lang='lat' dir='ltr'><strong><em>hominis,</em></strong></span> <span class='ocrx_word' id='word_1_667' title='bbox 2948 4031 3054 4083; x_wconf 89' lang='lat' dir='ltr'><strong><em>nisi</em></strong></span> <span class='ocrx_word' id='word_1_668' title='bbox 3087 4033 3303 4100; x_wconf 84' lang='lat' dir='ltr'><strong><em>spiritus</em></strong></span> <span class='ocrx_word' id='word_1_669' title='bbox 3330 4034 3498 4089; x_wconf 84' lang='lat' dir='ltr'><strong><em>homi-</em></strong></span> 
     </span>
    </p>
   </div>
   <div class='ocr_carea' id='block_1_94' title="bbox 1916 4120 3493 4194">
    <p class='ocr_par' dir='ltr' id='par_1_94' title="bbox 1916 4120 3493 4194">
     <span class='ocr_line' id='line_1_94' title="bbox 1916 4120 3493 4194; baseline 0.006 -20"><span class='ocrx_word' id='word_1_670' title='bbox 1916 4121 2001 4174; x_wconf 88' lang='lat' dir='ltr'><strong><em>nis</em></strong></span> <span class='ocrx_word' id='word_1_671' title='bbox 2030 4121 2120 4190; x_wconf 90' lang='lat' dir='ltr'><strong><em>qui</em></strong></span> <span class='ocrx_word' id='word_1_672' title='bbox 2144 4131 2219 4173; x_wconf 88' lang='lat' dir='ltr'><strong><em>est</em></strong></span> <span class='ocrx_word' id='word_1_673' title='bbox 2246 4123 2299 4173; x_wconf 89' lang='lat' dir='ltr'><strong><em>in</em></strong></span> <span class='ocrx_word' id='word_1_674' title='bbox 2325 4122 2434 4189; x_wconf 82' lang='lat' dir='ltr'><strong><em>ipso</em></strong></span> <span class='ocrx_word' id='word_1_675' title='bbox 2460 4125 2498 4173; x_wconf 80' lang='grc'>⁸.</span> <span class='ocrx_word' id='word_1_676' title='bbox 2519 4120 2698 4187; x_wconf 85' lang='lat' dir='ltr'><strong><em>Quare</em></strong></span> <span class='ocrx_word' id='word_1_677' title='bbox 2723 4120 2790 4175; x_wconf 91' lang='lat' dir='ltr'><strong><em>de</em></strong></span> <span class='ocrx_word' id='word_1_678' title='bbox 2822 4122 2939 4177; x_wconf 90' lang='lat' dir='ltr'><strong><em>solo</em></strong></span> <span class='ocrx_word' id='word_1_679' title='bbox 2974 4122 3254 4182; x_wconf 83' lang='lat' dir='ltr'><strong><em>Salvatore</em></strong></span> <span class='ocrx_word' id='word_1_680' title='bbox 3281 4135 3493 4194; x_wconf 85' lang='lat' dir='ltr'><strong><em>nostro,</em></strong></span> 
     </span>
    </p>
   </div>
   <div class='ocr_carea' id='block_1_95' title="bbox 1916 4214 3493 4290">
    <p class='ocr_par' dir='ltr' id='par_1_95' title="bbox 1916 4214 3493 4290">
     <span class='ocr_line' id='line_1_95' title="bbox 1916 4214 3493 4290; baseline 0.006 -22"><span class='ocrx_word' id='word_1_681' title='bbox 1916 4215 1983 4269; x_wconf 91' lang='lat' dir='ltr'><strong><em>ad</em></strong></span> <span class='ocrx_word' id='word_1_682' title='bbox 2018 4215 2440 4270; x_wconf 90' lang='lat' dir='ltr'><strong><em>declarationem</em></strong></span> <span class='ocrx_word' id='word_1_683' title='bbox 2460 4216 2580 4284; x_wconf 84' lang='lat' dir='ltr'><strong><em>ejus</em></strong></span> <span class='ocrx_word' id='word_1_684' title='bbox 2597 4214 2847 4281; x_wconf 91' lang='lat' dir='ltr'><strong><em>Deitatis,</em></strong></span> <span class='ocrx_word' id='word_1_685' title='bbox 2876 4218 3180 4284; x_wconf 90' lang='lat' dir='ltr'><strong><em>dicebatur,</em></strong></span> <span class='ocrx_word' id='word_1_686' title='bbox 3205 4219 3327 4290; x_wconf 83' lang='lat' dir='ltr'><strong><em>Ipse</em></strong></span> <span class='ocrx_word' id='word_1_687' title='bbox 3355 4224 3493 4277; x_wconf 85' lang='lat' dir='ltr'><strong><em>enim</em></strong></span> 
     </span>
    </p>
   </div>
   <div class='ocr_carea' id='block_1_96' title="bbox 1917 4306 3491 4377">
    <p class='ocr_par' dir='ltr' id='par_1_96' title="bbox 1917 4306 3491 4377">
     <span class='ocr_line' id='line_1_96' title="bbox 1917 4306 3491 4377; baseline 0.005 -16"><span class='ocrx_word' id='word_1_688' title='bbox 1917 4308 2115 4361; x_wconf 87' lang='lat' dir='ltr'><strong><em>sciebat</em></strong></span> <span class='ocrx_word' id='word_1_689' title='bbox 2143 4306 2268 4377; x_wconf 89' lang='lat' dir='ltr'><strong><em>quid</em></strong></span> <span class='ocrx_word' id='word_1_690' title='bbox 2308 4316 2439 4360; x_wconf 88' lang='lat' dir='ltr'><strong><em>esset</em></strong></span> <span class='ocrx_word' id='word_1_691' title='bbox 2485 4309 2539 4360; x_wconf 88' lang='lat' dir='ltr'><strong><em>in</em></strong></span> <span class='ocrx_word' id='word_1_692' title='bbox 2576 4310 2863 4375; x_wconf 83' lang='lat' dir='ltr'><strong><em>homine&quot;;</em></strong></span> <span class='ocrx_word' id='word_1_693' title='bbox 2902 4325 2965 4364; x_wconf 93' lang='lat' dir='ltr'><strong><em>ac</em></strong></span> <span class='ocrx_word' id='word_1_694' title='bbox 2994 4327 3213 4366; x_wconf 89' lang='lat' dir='ltr'><strong><em>rursum</em></strong></span> <span class='ocrx_word' id='word_1_695' title='bbox 3248 4332 3260 4366; x_wconf 92' lang='lat'>:</span> <span class='ocrx_word' id='word_1_696' title='bbox 3308 4311 3491 4371; x_wconf 78' lang='lat' dir='ltr'><strong><em>Sciens</em></strong></span> 
     </span>
    </p>
   </div>
   <div class='ocr_carea' id='block_1_97' title="bbox 1915 4398 3493 4472">
    <p class='ocr_par' dir='ltr' id='par_1_97' title="bbox 1915 4398 3493 4472">
     <span class='ocr_line' id='line_1_97' title="bbox 1915 4398 3493 4472; baseline 0.004 -18"><span class='ocrx_word' id='word_1_697' title='bbox 1915 4400 2258 4470; x_wconf 84' lang='lat' dir='ltr'><strong><em>cogitationes</em></strong></span> <span class='ocrx_word' id='word_1_698' title='bbox 2306 4400 2520 4452; x_wconf 88' lang='lat' dir='ltr'><strong><em>illorum</em></strong></span> <span class='ocrx_word' id='word_1_699' title='bbox 2540 4401 2580 4453; x_wconf 82' lang='grc'>⁸.</span> <span class='ocrx_word' id='word_1_700' title='bbox 2612 4398 2726 4454; x_wconf 85' lang='lat' dir='ltr'><strong><em>Hoc</em></strong></span> <span class='ocrx_word' id='word_1_701' title='bbox 2759 4401 2885 4455; x_wconf 91' lang='lat' dir='ltr'><strong><em>item</em></strong></span> <span class='ocrx_word' id='word_1_702' title='bbox 2917 4402 2974 4455; x_wconf 90' lang='lat' dir='ltr'><strong><em>in</em></strong></span> <span class='ocrx_word' id='word_1_703' title='bbox 3002 4404 3254 4472; x_wconf 66' lang='lat' dir='ltr'><strong><em>praesenti</em></strong></span> <span class='ocrx_word' id='word_1_704' title='bbox 3309 4405 3493 4460; x_wconf 84' lang='lat' dir='ltr'><strong><em>decla-</em></strong></span> 
     </span>
    </p>
   </div>
   <div class='ocr_carea' id='block_1_98' title="bbox 1914 4491 3490 4565">
    <p class='ocr_par' dir='ltr' id='par_1_98' title="bbox 1914 4491 3490 4565">
     <span class='ocr_line' id='line_1_98' title="bbox 1914 4491 3490 4565; baseline 0.004 -20"><span class='ocrx_word' id='word_1_705' title='bbox 1914 4500 2030 4546; x_wconf 88' lang='lat' dir='ltr'><strong><em>rat:</em></strong></span> <span class='ocrx_word' id='word_1_706' title='bbox 2061 4499 2181 4562; x_wconf 90' lang='lat' dir='ltr'><strong><em>post</em></strong></span> <span class='ocrx_word' id='word_1_707' title='bbox 2217 4492 2351 4545; x_wconf 88' lang='lat' dir='ltr'><strong><em>illud</em></strong></span> <span class='ocrx_word' id='word_1_708' title='bbox 2384 4492 2553 4555; x_wconf 90' lang='lat' dir='ltr'><strong><em>enim,</em></strong></span> <span class='ocrx_word' id='word_1_709' title='bbox 2579 4491 2684 4557; x_wconf 86' lang='lat' dir='ltr'><strong><em>Qui</em></strong></span> <span class='ocrx_word' id='word_1_710' title='bbox 2707 4494 2863 4562; x_wconf 76' lang='lat' dir='ltr'><strong><em>ﬁnxit</em></strong></span> <span class='ocrx_word' id='word_1_711' title='bbox 2894 4495 3171 4565; x_wconf 88' lang='lat' dir='ltr'><strong><em>sigillatim</em></strong></span> <span class='ocrx_word' id='word_1_712' title='bbox 3204 4496 3365 4550; x_wconf 88' lang='lat' dir='ltr'><strong><em>corda</em></strong></span> <span class='ocrx_word' id='word_1_713' title='bbox 3402 4512 3490 4552; x_wconf 80' lang='lat' dir='ltr'><strong><em>eo—</em></strong></span> 
     </span>
    </p>
   </div>
   <div class='ocr_carea' id='block_1_99' title="bbox 1915 4579 3483 4653">
    <p class='ocr_par' dir='ltr' id='par_1_99' title="bbox 1915 4579 3483 4653">
     <span class='ocr_line' id='line_1_99' title="bbox 1915 4579 3483 4653; baseline 0.004 -18"><span class='ocrx_word' id='word_1_714' title='bbox 1915 4597 2033 4635; x_wconf 90' lang='lat' dir='ltr'><strong><em>rum</em></strong></span> <span class='ocrx_word' id='word_1_715' title='bbox 2053 4623 2067 4647; x_wconf 85' lang='lat'><strong><em>,</em></strong></span> <span class='ocrx_word' id='word_1_716' title='bbox 2104 4580 2323 4643; x_wconf 88' lang='lat' dir='ltr'><strong><em>additur</em></strong></span> <span class='ocrx_word' id='word_1_717' title='bbox 2346 4580 2468 4644; x_wconf 89' lang='lat' dir='ltr'><strong><em>hoc,</em></strong></span> <span class='ocrx_word' id='word_1_718' title='bbox 2502 4579 2605 4646; x_wconf 87' lang='lat' dir='ltr'><strong><em>Qui</em></strong></span> <span class='ocrx_word' id='word_1_719' title='bbox 2631 4581 2877 4652; x_wconf 88' lang='lat' dir='ltr'><strong><em>intelligit</em></strong></span> <span class='ocrx_word' id='word_1_720' title='bbox 2894 4585 3074 4637; x_wconf 91' lang='lat' dir='ltr'><strong><em>omnia</em></strong></span> <span class='ocrx_word' id='word_1_721' title='bbox 3103 4600 3259 4653; x_wconf 85' lang='lat' dir='ltr'><strong><em>opera</em></strong></span> <span class='ocrx_word' id='word_1_722' title='bbox 3285 4601 3483 4641; x_wconf 88' lang='lat' dir='ltr'><strong><em>eorum.</em></strong></span> 
     </span>
    </p>
   </div>
   <div class='ocr_carea' id='block_1_100' title="bbox 1916 4671 3489 4744">
    <p class='ocr_par' dir='ltr' id='par_1_100' title="bbox 1916 4671 3489 4744">
     <span class='ocr_line' id='line_1_100' title="bbox 1916 4671 3489 4744; baseline 0.004 -18"><span class='ocrx_word' id='word_1_723' title='bbox 1916 4672 2037 4741; x_wconf 85' lang='lat' dir='ltr'><strong><em>Ipse</em></strong></span> <span class='ocrx_word' id='word_1_724' title='bbox 2065 4686 2301 4741; x_wconf 91' lang='lat' dir='ltr'><strong><em>namque</em></strong></span> <span class='ocrx_word' id='word_1_725' title='bbox 2330 4671 2479 4726; x_wconf 90' lang='lat' dir='ltr'><strong><em>solus</em></strong></span> <span class='ocrx_word' id='word_1_726' title='bbox 2510 4672 2762 4743; x_wconf 87' lang='lat' dir='ltr'><strong><em>intelligit</em></strong></span> <span class='ocrx_word' id='word_1_727' title='bbox 2789 4690 2851 4728; x_wconf 86' lang='lat' dir='ltr'><strong><em>ex</em></strong></span> <span class='ocrx_word' id='word_1_728' title='bbox 2888 4675 3193 4744; x_wconf 89' lang='lat' dir='ltr'><strong><em>cujusmodi</em></strong></span> <span class='ocrx_word' id='word_1_729' title='bbox 3223 4676 3489 4732; x_wconf 88' lang='lat' dir='ltr'><strong><em>electione</em></strong></span> 
     </span>
    </p>
   </div>
   <div class='ocr_carea' id='block_1_101' title="bbox 1915 4762 3488 4833">
    <p class='ocr_par' dir='ltr' id='par_1_101' title="bbox 1915 4762 3488 4833">
     <span class='ocr_line' id='line_1_101' title="bbox 1915 4762 3488 4833; baseline 0.004 -16"><span class='ocrx_word' id='word_1_730' title='bbox 1915 4762 2219 4817; x_wconf 84' lang='lat' dir='ltr'><strong><em>voluntatis</em></strong></span> <span class='ocrx_word' id='word_1_731' title='bbox 2266 4762 2550 4816; x_wconf 89' lang='lat' dir='ltr'><strong><em>hominum</em></strong></span> <span class='ocrx_word' id='word_1_732' title='bbox 2610 4778 2773 4833; x_wconf 88' lang='lat' dir='ltr'><strong><em>opera</em></strong></span> <span class='ocrx_word' id='word_1_733' title='bbox 2833 4766 3086 4829; x_wconf 91' lang='lat' dir='ltr'><strong><em>edantur,</em></strong></span> <span class='ocrx_word' id='word_1_734' title='bbox 3138 4779 3262 4819; x_wconf 85' lang='lat' dir='ltr'><strong><em>cum</em></strong></span> <span class='ocrx_word' id='word_1_735' title='bbox 3305 4767 3488 4823; x_wconf 87' lang='lat' dir='ltr'><strong><em>nullus</em></strong></span> 
     </span>
    </p>
   </div>
   <div class='ocr_carea' id='block_1_102' title="bbox 1916 4855 3488 4929">
    <p class='ocr_par' dir='ltr' id='par_1_102' title="bbox 1916 4855 3488 4929">
     <span class='ocr_line' id='line_1_102' title="bbox 1916 4855 3488 4929; baseline 0.002 -20"><span class='ocrx_word' id='word_1_736' title='bbox 1916 4857 2057 4925; x_wconf 87' lang='lat' dir='ltr'><strong><em>alius</em></strong></span> <span class='ocrx_word' id='word_1_737' title='bbox 2098 4855 2399 4925; x_wconf 87' lang='lat' dir='ltr'><strong><em>intelligere</em></strong></span> <span class='ocrx_word' id='word_1_738' title='bbox 2436 4862 2600 4926; x_wconf 88' lang='lat' dir='ltr'><strong><em>queat</em></strong></span> <span class='ocrx_word' id='word_1_739' title='bbox 2630 4872 2695 4909; x_wconf 84' lang='lat' dir='ltr'><strong><em>ex</em></strong></span> <span class='ocrx_word' id='word_1_740' title='bbox 2730 4857 3036 4926; x_wconf 87' lang='lat' dir='ltr'><strong><em>cujusmodi</em></strong></span> <span class='ocrx_word' id='word_1_741' title='bbox 3078 4857 3380 4929; x_wconf 89' lang='lat' dir='ltr'><strong><em>proposito,</em></strong></span> <span class='ocrx_word' id='word_1_742' title='bbox 3421 4874 3488 4912; x_wconf 77' lang='lat' dir='ltr'><strong><em>ex</em></strong></span> 
     </span>
    </p>
   </div>
   <div class='ocr_carea' id='block_1_103' title="bbox 1915 4946 3481 5021">
    <p class='ocr_par' dir='ltr' id='par_1_103' title="bbox 1915 4946 3481 5021">
     <span class='ocr_line' id='line_1_103' title="bbox 1915 4946 3481 5021; baseline -0.003 -15"><span class='ocrx_word' id='word_1_743' title='bbox 1915 4966 2025 5021; x_wconf 88' lang='lat' dir='ltr'><strong><em>quo</em></strong></span> <span class='ocrx_word' id='word_1_744' title='bbox 2051 4958 2199 5003; x_wconf 91' lang='lat' dir='ltr'><strong><em>motu</em></strong></span> <span class='ocrx_word' id='word_1_745' title='bbox 2222 4946 2523 5000; x_wconf 85' lang='lat' dir='ltr'><strong><em>voluntatis</em></strong></span> <span class='ocrx_word' id='word_1_746' title='bbox 2545 4947 2726 5015; x_wconf 89' lang='lat' dir='ltr'><strong><em>quivis</em></strong></span> <span class='ocrx_word' id='word_1_747' title='bbox 2758 4948 3036 5002; x_wconf 90' lang='lat' dir='ltr'><strong><em>hominum</em></strong></span> <span class='ocrx_word' id='word_1_748' title='bbox 3066 4958 3187 5018; x_wconf 82' lang='lat' dir='ltr'><strong><em>agat</em></strong></span> <span class='ocrx_word' id='word_1_749' title='bbox 3205 4962 3324 5015; x_wconf 72' lang='lat' dir='ltr'><strong><em>qua:</em></strong></span> <span class='ocrx_word' id='word_1_750' title='bbox 3352 4948 3481 5017; x_wconf 87' lang='lat' dir='ltr'><strong><em>agit.</em></strong></span> 
     </span>
    </p>
   </div>
   <div class='ocr_carea' id='block_1_104' title="bbox 253 5036 3488 5117">
    <p class='ocr_par' dir='ltr' id='par_1_104' title="bbox 253 5036 3488 5117">
     <span class='ocr_line' id='line_1_104' title="bbox 253 5036 3488 5117; baseline -0.002 -19"><span class='ocrx_word' id='word_1_751' title='bbox 253 5047 311 5100; x_wconf 81' lang='grc' dir='ltr'><em>τὰ</em></span> <span class='ocrx_word' id='word_1_752' title='bbox 325 5046 463 5117; x_wconf 75' lang='grc' dir='ltr'><em>ἔργα</em></span> <span class='ocrx_word' id='word_1_753' title='bbox 487 5044 708 5099; x_wconf 82' lang='grc' dir='ltr'><em>αὐτῶν.</em></span> <span class='ocrx_word' id='word_1_754' title='bbox 737 5043 913 5106; x_wconf 88' lang='grc' dir='ltr'>Μόνος</span> <span class='ocrx_word' id='word_1_755' title='bbox 939 5040 1047 5111; x_wconf 81' lang='grc' dir='ltr'><strong><em>γὰρ</em></strong></span> <span class='ocrx_word' id='word_1_756' title='bbox 1075 5039 1233 5103; x_wconf 82' lang='grc' dir='ltr'>αὐτὸς</span> <span class='ocrx_word' id='word_1_757' title='bbox 1264 5039 1506 5110; x_wconf 84' lang='grc' dir='ltr'>συνίησιν</span> <span class='ocrx_word' id='word_1_758' title='bbox 1538 5040 1596 5107; x_wconf 79' lang='grc' dir='ltr'>ἐξ</span> <span class='ocrx_word' id='word_1_759' title='bbox 1628 5043 1817 5110; x_wconf 79' lang='grc' dir='ltr'>ὁποίας</span> <span class='ocrx_word' id='word_1_760' title='bbox 1851 5041 2223 5117; x_wconf 77' lang='grc' dir='ltr'>προαιρέσεως</span> <span class='ocrx_word' id='word_1_761' title='bbox 2252 5036 2321 5107; x_wconf 72' lang='grc' dir='ltr'>τὰ</span> <span class='ocrx_word' id='word_1_762' title='bbox 2349 5037 2455 5090; x_wconf 78' lang='grc' dir='ltr'>τῶν</span> <span class='ocrx_word' id='word_1_763' title='bbox 2481 5036 2784 5111; x_wconf 86' lang='grc' dir='ltr'>ἀνθρώπων</span> <span class='ocrx_word' id='word_1_764' title='bbox 2810 5037 2945 5109; x_wconf 77' lang='grc' dir='ltr'>ἔργα</span> <span class='ocrx_word' id='word_1_765' title='bbox 2992 5038 3339 5105; x_wconf 76' lang='grc' dir='ltr'>ἐπιτελεῖται,</span> <span class='ocrx_word' id='word_1_766' title='bbox 3378 5056 3488 5113; x_wconf 82' lang='grc' dir='ltr'>μη-</span> 
     </span>
    </p>
   </div>
   <div class='ocr_carea' id='block_1_105' title="bbox 254 5128 3373 5211">
    <p class='ocr_par' dir='ltr' id='par_1_105' title="bbox 254 5128 3373 5211">
     <span class='ocr_line' id='line_1_105' title="bbox 254 5128 3373 5211; baseline -0.001 -22"><span class='ocrx_word' id='word_1_767' title='bbox 254 5134 379 5199; x_wconf 74' lang='grc' dir='ltr'>δενὸς</span> <span class='ocrx_word' id='word_1_768' title='bbox 401 5136 563 5191; x_wconf 79' lang='grc' dir='ltr'>ἄλλου</span> <span class='ocrx_word' id='word_1_769' title='bbox 589 5133 887 5205; x_wconf 85' lang='grc' dir='ltr'>δυναμένου</span> <span class='ocrx_word' id='word_1_770' title='bbox 918 5132 1151 5185; x_wconf 88' lang='grc' dir='ltr'>συνιέναι</span> <span class='ocrx_word' id='word_1_771' title='bbox 1183 5131 1312 5202; x_wconf 74' lang='grc' dir='ltr'>ποίᾳ</span> <span class='ocrx_word' id='word_1_772' title='bbox 1336 5132 1590 5203; x_wconf 84' lang='grc' dir='ltr'>προθέσει</span> <span class='ocrx_word' id='word_1_773' title='bbox 1615 5134 1709 5186; x_wconf 81' lang='grc' dir='ltr'>καὶ</span> <span class='ocrx_word' id='word_1_774' title='bbox 1737 5138 1899 5211; x_wconf 57' lang='grc' dir='ltr'><strong><em>ὁποίᾳ⁹</em></strong></span> <span class='ocrx_word' id='word_1_775' title='bbox 1926 5137 2069 5206; x_wconf 85' lang='grc' dir='ltr'>ὁρμῇ</span> <span class='ocrx_word' id='word_1_776' title='bbox 2095 5131 2321 5192; x_wconf 73' lang='grc' dir='ltr'>ἕκαστος</span> <span class='ocrx_word' id='word_1_777' title='bbox 2345 5128 2451 5183; x_wconf 86' lang='grc' dir='ltr'>τῶν</span> <span class='ocrx_word' id='word_1_778' title='bbox 2479 5129 2575 5182; x_wconf 85' lang='grc' dir='ltr'><strong><em>ἀνθ</em></strong></span> <span class='ocrx_word' id='word_1_779' title='bbox 2586 5128 2779 5200; x_wconf 84' lang='grc' dir='ltr'>ρώπων</span> <span class='ocrx_word' id='word_1_780' title='bbox 2809 5130 3033 5198; x_wconf 87' lang='grc' dir='ltr'>πράττει</span> <span class='ocrx_word' id='word_1_781' title='bbox 3055 5130 3091 5184; x_wconf 81' lang='grc' dir='ltr'>ἃ</span> <span class='ocrx_word' id='word_1_782' title='bbox 3126 5131 3373 5202; x_wconf 85' lang='grc' dir='ltr'>πράττει.</span> 
     </span>
    </p>
   </div>
   <div class='ocr_carea' id='block_1_106' title="bbox 313 5226 1804 5299">
    <p class='ocr_par' dir='ltr' id='par_1_106' title="bbox 313 5226 1804 5299">
     <span class='ocr_line' id='line_1_106' title="bbox 313 5226 1804 5299; baseline -0.001 -13"><span class='ocrx_word' id='word_1_783' title='bbox 313 5234 389 5287; x_wconf 78' lang='grc' dir='ltr'><strong><em>Οὺ</em></strong></span> <span class='ocrx_word' id='word_1_784' title='bbox 419 5230 662 5293; x_wconf 78' lang='grc' dir='ltr'>σώζεται</span> <span class='ocrx_word' id='word_1_785' title='bbox 700 5228 997 5295; x_wconf 80' lang='grc' dir='ltr'><strong><em>,βασιλεὺς</em></strong></span> <span class='ocrx_word' id='word_1_786' title='bbox 1022 5227 1119 5281; x_wconf 88' lang='grc' dir='ltr'><strong><em>διὰ</em></strong></span> <span class='ocrx_word' id='word_1_787' title='bbox 1144 5226 1386 5296; x_wconf 82' lang='grc' dir='ltr'><em>πολλὴν</em></span> <span class='ocrx_word' id='word_1_788' title='bbox 1407 5229 1681 5299; x_wconf 78' lang='grc' dir='ltr'><em>δύναμιν,</em></span> <span class='ocrx_word' id='word_1_789' title='bbox 1704 5232 1804 5285; x_wconf 80' lang='grc' dir='ltr'><em>καὶ</em></span> 
     </span>
    </p>
   </div>
   <div class='ocr_carea' id='block_1_107' title="bbox 258 5320 1800 5395">
    <p class='ocr_par' dir='ltr' id='par_1_107' title="bbox 258 5320 1800 5395">
     <span class='ocr_line' id='line_1_107' title="bbox 258 5320 1800 5395; baseline 0.002 -19"><span class='ocrx_word' id='word_1_790' title='bbox 258 5326 404 5395; x_wconf 74' lang='grc' dir='ltr'><em>τίτας</em></span> <span class='ocrx_word' id='word_1_791' title='bbox 456 5327 527 5379; x_wconf 89' lang='grc' dir='ltr'><strong><em>οὐ</em></strong></span> <span class='ocrx_word' id='word_1_792' title='bbox 569 5322 905 5390; x_wconf 84' lang='grc' dir='ltr'>σωθήσεται</span> <span class='ocrx_word' id='word_1_793' title='bbox 957 5322 1027 5374; x_wconf 83' lang='grc' dir='ltr'><strong><em>ἐν</em></strong></span> <span class='ocrx_word' id='word_1_794' title='bbox 1062 5320 1277 5390; x_wconf 76' lang='grc' dir='ltr'>πλήθει</span> <span class='ocrx_word' id='word_1_795' title='bbox 1328 5323 1543 5389; x_wconf 73' lang='grc' dir='ltr'><strong><em>ἰσχύος</em></strong></span> <span class='ocrx_word' id='word_1_796' title='bbox 1594 5324 1800 5379; x_wconf 85' lang='grc' dir='ltr'><em>αὐτοῦ.</em></span> 
     </span>
    </p>
   </div>
   <div class='ocr_carea' id='block_1_108' title="bbox 264 5414 1804 5485">
    <p class='ocr_par' dir='ltr' id='par_1_108' title="bbox 264 5414 1804 5485">
     <span class='ocr_line' id='line_1_108' title="bbox 264 5414 1804 5485; baseline 0.001 -16"><span class='ocrx_word' id='word_1_797' title='bbox 264 5416 477 5485; x_wconf 64' lang='grc' dir='ltr'><strong><em>Ψωδὴς</em></strong></span> <span class='ocrx_word' id='word_1_798' title='bbox 499 5418 687 5483; x_wconf 81' lang='grc' dir='ltr'><em>ἵππος</em></span> <span class='ocrx_word' id='word_1_799' title='bbox 717 5417 805 5482; x_wconf 80' lang='grc' dir='ltr'><strong><em>εὶς</em></strong></span> <span class='ocrx_word' id='word_1_800' title='bbox 833 5414 1150 5483; x_wconf 58' lang='grc' dir='ltr'><em>σωτηρίαν</em></span> <span class='ocrx_word' id='word_1_801' title='bbox 1191 5415 1260 5467; x_wconf 87' lang='grc' dir='ltr'><strong><em>ἐν</em></strong></span> <span class='ocrx_word' id='word_1_802' title='bbox 1293 5414 1359 5467; x_wconf 85' lang='grc' dir='ltr'><em>δὲ</em></span> <span class='ocrx_word' id='word_1_803' title='bbox 1379 5414 1595 5483; x_wconf 80' lang='grc' dir='ltr'>πλήθει</span> <span class='ocrx_word' id='word_1_804' title='bbox 1621 5418 1804 5471; x_wconf 83' lang='grc' dir='ltr'><em>δυνά-</em></span> 
     </span>
    </p>
   </div>
   <div class='ocr_carea' id='block_1_109' title="bbox 260 5503 1807 5577">
    <p class='ocr_par' dir='ltr' id='par_1_109' title="bbox 260 5503 1807 5577">
     <span class='ocr_line' id='line_1_109' title="bbox 260 5503 1807 5577; baseline 0 -16"><span class='ocrx_word' id='word_1_805' title='bbox 260 5522 387 5575; x_wconf 84' lang='grc' dir='ltr'>μεως</span> <span class='ocrx_word' id='word_1_806' title='bbox 427 5507 611 5562; x_wconf 86' lang='grc' dir='ltr'><em>αὐτοῦ</em></span> <span class='ocrx_word' id='word_1_807' title='bbox 667 5508 741 5561; x_wconf 86' lang='grc' dir='ltr'><strong><em>οὐ</em></strong></span> <span class='ocrx_word' id='word_1_808' title='bbox 798 5503 1151 5572; x_wconf 83' lang='grc' dir='ltr'>σωθήσεται.</span> <span class='ocrx_word' id='word_1_809' title='bbox 1215 5503 1360 5558; x_wconf 86' lang='grc' dir='ltr'><em>Ἰδοὺ</em></span> <span class='ocrx_word' id='word_1_810' title='bbox 1411 5510 1463 5560; x_wconf 83' lang='grc' dir='ltr'><strong><em>οἱ</em></strong></span> <span class='ocrx_word' id='word_1_811' title='bbox 1514 5507 1807 5577; x_wconf 65' lang='grc' dir='ltr'><em>ὀφθαλμοὶ</em></span> 
     </span>
    </p>
   </div>
   <div class='ocr_carea' id='block_1_110' title="bbox 260 5598 1807 5677">
    <p class='ocr_par' dir='ltr' id='par_1_110' title="bbox 260 5598 1807 5677">
     <span class='ocr_line' id='line_1_110' title="bbox 260 5598 1807 5677; baseline 0.001 -24"><span class='ocrx_word' id='word_1_812' title='bbox 260 5602 454 5677; x_wconf 76' lang='grc' dir='ltr'><em>Κυρίου</em></span> <span class='ocrx_word' id='word_1_813' title='bbox 499 5600 599 5655; x_wconf 77' lang='grc' dir='ltr'><strong><em>ἐπὶ</em></strong></span> <span class='ocrx_word' id='word_1_814' title='bbox 619 5598 762 5666; x_wconf 84' lang='grc' dir='ltr'><em>τοὺς</em></span> <span class='ocrx_word' id='word_1_815' title='bbox 784 5598 1191 5671; x_wconf 73' lang='grc' dir='ltr'>φοϐουμένους</span> <span class='ocrx_word' id='word_1_816' title='bbox 1223 5598 1428 5663; x_wconf 83' lang='grc' dir='ltr'><em>αὐτὸν,</em></span> <span class='ocrx_word' id='word_1_817' title='bbox 1464 5599 1604 5666; x_wconf 86' lang='grc' dir='ltr'><em>τοὺς</em></span> <span class='ocrx_word' id='word_1_818' title='bbox 1637 5601 1807 5655; x_wconf 85' lang='grc' dir='ltr'><em>ἐλπί-</em></span> 
     </span>
    </p>
   </div>
   <div class='ocr_carea' id='block_1_111' title="bbox 1977 5224 3484 5297">
    <p class='ocr_par' dir='ltr' id='par_1_111' title="bbox 1977 5224 3484 5297">
     <span class='ocr_line' id='line_1_111' title="bbox 1977 5224 3484 5297; baseline -0.003 -12"><span class='ocrx_word' id='word_1_819' title='bbox 1977 5229 2147 5285; x_wconf 74' lang='lat' dir='ltr'><strong><em>Vens.</em></strong></span> <span class='ocrx_word' id='word_1_820' title='bbox 2179 5224 2297 5281; x_wconf 80' lang='grc'><strong><em>16-</em></strong></span> <span class='ocrx_word' id='word_1_821' title='bbox 2329 5224 2416 5279; x_wconf 83' lang='grc'><strong><em>19.</em></strong></span> <span class='ocrx_word' id='word_1_822' title='bbox 2449 5224 2573 5279; x_wconf 86' lang='lat' dir='ltr'><strong><em>Non</em></strong></span> <span class='ocrx_word' id='word_1_823' title='bbox 2619 5225 2912 5279; x_wconf 86' lang='lat' dir='ltr'><strong><em>salvabitur</em></strong></span> <span class='ocrx_word' id='word_1_824' title='bbox 2954 5240 3048 5278; x_wconf 73' lang='lat' dir='ltr'><strong><em>res;</em></strong></span> <span class='ocrx_word' id='word_1_825' title='bbox 3108 5242 3202 5297; x_wconf 85' lang='lat' dir='ltr'><strong><em>per</em></strong></span> <span class='ocrx_word' id='word_1_826' title='bbox 3259 5227 3484 5282; x_wconf 88' lang='lat' dir='ltr'><strong><em>multam</em></strong></span> 
     </span>
    </p>
   </div>
   <div class='ocr_carea' id='block_1_112' title="bbox 1906 5315 3484 5388">
    <p class='ocr_par' dir='ltr' id='par_1_112' title="bbox 1906 5315 3484 5388">
     <span class='ocr_line' id='line_1_112' title="bbox 1906 5315 3484 5388; baseline -0.004 -8"><span class='ocrx_word' id='word_1_827' title='bbox 1906 5327 2183 5386; x_wconf 77' lang='lat' dir='ltr'><strong><em>uirtutem,</em></strong></span> <span class='ocrx_word' id='word_1_828' title='bbox 2235 5328 2285 5373; x_wconf 90' lang='lat' dir='ltr'><strong><em>et</em></strong></span> <span class='ocrx_word' id='word_1_829' title='bbox 2314 5320 2459 5388; x_wconf 84' lang='lat' dir='ltr'><strong><em>gigas</em></strong></span> <span class='ocrx_word' id='word_1_830' title='bbox 2537 5334 2639 5371; x_wconf 90' lang='lat' dir='ltr'><strong><em>non</em></strong></span> <span class='ocrx_word' id='word_1_831' title='bbox 2690 5315 2984 5370; x_wconf 86' lang='lat' dir='ltr'><strong><em>salvabitur</em></strong></span> <span class='ocrx_word' id='word_1_832' title='bbox 3036 5317 3087 5370; x_wconf 88' lang='lat' dir='ltr'><strong><em>in</em></strong></span> <span class='ocrx_word' id='word_1_833' title='bbox 3147 5317 3484 5373; x_wconf 82' lang='lat' dir='ltr'><strong><em>multitudine</em></strong></span> 
     </span>
    </p>
   </div>
   <div class='ocr_carea' id='block_1_113' title="bbox 1910 5406 3482 5478">
    <p class='ocr_par' dir='ltr' id='par_1_113' title="bbox 1910 5406 3482 5478">
     <span class='ocr_line' id='line_1_113' title="bbox 1910 5406 3482 5478; baseline -0.004 -5"><span class='ocrx_word' id='word_1_834' title='bbox 1910 5418 2117 5473; x_wconf 84' lang='lat' dir='ltr'><strong><em>virtutis</em></strong></span> <span class='ocrx_word' id='word_1_835' title='bbox 2142 5430 2271 5468; x_wconf 65' lang='lat' dir='ltr'><strong><em>suae.</em></strong></span> <span class='ocrx_word' id='word_1_836' title='bbox 2300 5409 2499 5464; x_wconf 76' lang='lat' dir='ltr'><strong><em>Fallax</em></strong></span> <span class='ocrx_word' id='word_1_837' title='bbox 2522 5424 2681 5478; x_wconf 87' lang='lat' dir='ltr'><strong><em>equus</em></strong></span> <span class='ocrx_word' id='word_1_838' title='bbox 2707 5406 2775 5459; x_wconf 89' lang='lat' dir='ltr'><strong><em>ad</em></strong></span> <span class='ocrx_word' id='word_1_839' title='bbox 2797 5407 3022 5461; x_wconf 87' lang='lat' dir='ltr'><strong><em>salutem</em></strong></span> <span class='ocrx_word' id='word_1_840' title='bbox 3041 5449 3054 5473; x_wconf 97' lang='lat'><strong><em>,</em></strong></span> <span class='ocrx_word' id='word_1_841' title='bbox 3080 5409 3132 5462; x_wconf 91' lang='lat' dir='ltr'><strong><em>in</em></strong></span> <span class='ocrx_word' id='word_1_842' title='bbox 3155 5407 3482 5467; x_wconf 86' lang='lat' dir='ltr'><strong><em>abundantia</em></strong></span> 
     </span>
    </p>
   </div>
   <div class='ocr_carea' id='block_1_114' title="bbox 1914 5497 3481 5563">
    <p class='ocr_par' dir='ltr' id='par_1_114' title="bbox 1914 5497 3481 5563">
     <span class='ocr_line' id='line_1_114' title="bbox 1914 5497 3481 5563; baseline -0.004 0"><span class='ocrx_word' id='word_1_843' title='bbox 1914 5520 2088 5563; x_wconf 88' lang='lat' dir='ltr'><strong><em>autem</em></strong></span> <span class='ocrx_word' id='word_1_844' title='bbox 2110 5503 2317 5560; x_wconf 64' lang='lat' dir='ltr'><strong><em>virtutis</em></strong></span> <span class='ocrx_word' id='word_1_845' title='bbox 2342 5516 2451 5555; x_wconf 75' lang='lat' dir='ltr'><strong><em>sua:</em></strong></span> <span class='ocrx_word' id='word_1_846' title='bbox 2475 5517 2575 5553; x_wconf 90' lang='lat' dir='ltr'><strong><em>non</em></strong></span> <span class='ocrx_word' id='word_1_847' title='bbox 2599 5497 2913 5554; x_wconf 87' lang='lat' dir='ltr'><strong><em>salvabitur.</em></strong></span> <span class='ocrx_word' id='word_1_848' title='bbox 2940 5497 3075 5557; x_wconf 88' lang='lat' dir='ltr'><strong><em>Ecce</em></strong></span> <span class='ocrx_word' id='word_1_849' title='bbox 3100 5500 3240 5554; x_wconf 85' lang='lat' dir='ltr'><strong><em>oculi</em></strong></span> <span class='ocrx_word' id='word_1_850' title='bbox 3267 5500 3481 5557; x_wconf 67' lang='lat' dir='ltr'><strong><em>Domina</em></strong></span> 
     </span>
    </p>
   </div>
   <div class='ocr_carea' id='block_1_115' title="bbox 1915 5593 3481 5670">
    <p class='ocr_par' dir='ltr' id='par_1_115' title="bbox 1915 5593 3481 5670">
     <span class='ocr_line' id='line_1_115' title="bbox 1915 5593 3481 5670; baseline -0.003 -15"><span class='ocrx_word' id='word_1_851' title='bbox 1915 5616 2067 5670; x_wconf 86' lang='lat' dir='ltr'><strong><em>super</em></strong></span> <span class='ocrx_word' id='word_1_852' title='bbox 2100 5604 2380 5652; x_wconf 86' lang='lat' dir='ltr'><strong><em>metuentes</em></strong></span> <span class='ocrx_word' id='word_1_853' title='bbox 2405 5610 2553 5661; x_wconf 88' lang='lat' dir='ltr'><strong><em>eum,</em></strong></span> <span class='ocrx_word' id='word_1_854' title='bbox 2586 5602 2633 5647; x_wconf 88' lang='lat' dir='ltr'><strong><em>et</em></strong></span> <span class='ocrx_word' id='word_1_855' title='bbox 2664 5593 2717 5646; x_wconf 91' lang='lat' dir='ltr'><strong><em>in</em></strong></span> <span class='ocrx_word' id='word_1_856' title='bbox 2745 5593 2819 5647; x_wconf 80' lang='lat' dir='ltr'><strong><em>eis</em></strong></span> <span class='ocrx_word' id='word_1_857' title='bbox 2849 5594 2939 5664; x_wconf 87' lang='lat' dir='ltr'><strong><em>qui</em></strong></span> <span class='ocrx_word' id='word_1_858' title='bbox 2962 5603 3173 5664; x_wconf 82' lang='lat' dir='ltr'><strong><em>sperant</em></strong></span> <span class='ocrx_word' id='word_1_859' title='bbox 3197 5610 3351 5664; x_wconf 82' lang='lat' dir='ltr'><strong><em>super</em></strong></span> <span class='ocrx_word' id='word_1_860' title='bbox 3378 5596 3481 5651; x_wconf 80' lang='lat' dir='ltr'><strong><em>mi-</em></strong></span> 
     </span>
    </p>
   </div>
   <div class='ocr_carea' id='block_1_116' title="bbox 334 5794 1819 5878">
    <p class='ocr_par' dir='ltr' id='par_1_116' title="bbox 334 5800 1800 5878">
     <span class='ocr_line' id='line_1_116' title="bbox 334 5800 1800 5878; baseline -0.005 -16"><span class='ocrx_word' id='word_1_861' title='bbox 334 5803 507 5864; x_wconf 63' lang='lat' dir='ltr'><strong><em>‘Psal.</em></strong></span> <span class='ocrx_word' id='word_1_862' title='bbox 538 5805 785 5878; x_wconf 60' lang='lat'><strong><em>“1,20.</em></strong></span> <span class='ocrx_word' id='word_1_863' title='bbox 860 5806 881 5838; x_wconf 81' lang='grc'><em>³</em></span> <span class='ocrx_word' id='word_1_864' title='bbox 920 5803 1116 5862; x_wconf 87' lang='lat' dir='ltr'><strong><em>Genes.</em></strong></span> <span class='ocrx_word' id='word_1_865' title='bbox 1155 5816 1195 5868; x_wconf 85' lang='grc' dir='ltr'><strong><em>ι,</em></strong></span> <span class='ocrx_word' id='word_1_866' title='bbox 1229 5801 1320 5871; x_wconf 74' lang='lat'><strong><em>26,</em></strong></span> <span class='ocrx_word' id='word_1_867' title='bbox 1356 5803 1444 5859; x_wconf 73' lang='grc'><strong><em>27.</em></strong></span> <span class='ocrx_word' id='word_1_868' title='bbox 1526 5804 1545 5836; x_wconf 74' lang='grc'>⁸</span> <span class='ocrx_word' id='word_1_869' title='bbox 1585 5800 1628 5856; x_wconf 90' lang='lat' dir='ltr'><strong><em>ll</em></strong></span> <span class='ocrx_word' id='word_1_870' title='bbox 1666 5801 1800 5858; x_wconf 86' lang='lat' dir='ltr'><strong><em>Cor.</em></strong></span> 
     </span>
    </p>
   </div>
   <div class='ocr_carea' id='block_1_117' title="bbox 1924 5794 3067 5878">
    <p class='ocr_par' dir='ltr' id='par_1_117' title="bbox 1952 5794 3067 5865">
     <span class='ocr_line' id='line_1_117' title="bbox 1952 5794 3067 5865; baseline 0 -11"><span class='ocrx_word' id='word_1_871' title='bbox 1952 5798 2039 5855; x_wconf 83' lang='lat' dir='ltr'><strong><em>ll.</em></strong></span> <span class='ocrx_word' id='word_1_872' title='bbox 2117 5797 2136 5829; x_wconf 90' lang='grc'><strong>⁷</strong></span> <span class='ocrx_word' id='word_1_873' title='bbox 2174 5794 2331 5852; x_wconf 84' lang='lat' dir='ltr'><strong><em>Joan.</em></strong></span> <span class='ocrx_word' id='word_1_874' title='bbox 2369 5812 2447 5860; x_wconf 75' lang='grc' dir='ltr'><strong><em>ιι.</em></strong></span> <span class='ocrx_word' id='word_1_875' title='bbox 2484 5797 2574 5854; x_wconf 72' lang='grc'><strong><em>25.</em></strong></span> <span class='ocrx_word' id='word_1_876' title='bbox 2655 5798 2676 5830; x_wconf 85' lang='grc'><strong>⁸</strong></span> <span class='ocrx_word' id='word_1_877' title='bbox 2719 5795 2853 5854; x_wconf 88' lang='lat' dir='ltr'><strong><em>Luc.</em></strong></span> <span class='ocrx_word' id='word_1_878' title='bbox 2884 5810 2975 5865; x_wconf 67' lang='grc' dir='ltr'>γι,</span> <span class='ocrx_word' id='word_1_879' title='bbox 3010 5796 3067 5854; x_wconf 89' lang='lat'><strong><em>8.</em></strong></span> 
     </span>
    </p>
   </div>
  </div>
