3940 6292
554 313 662 371 ἏἹ

1176 313 1442 371 EUSEBII
1480 314 1955 374 CESARIENSIS
1986 316 2089 375 ΟΡ]

2194 320 2359 378 PARS
2422 323 2508 381 Ill.
2547 356 2618 368 —
2653 328 3064 397 EXEGETICA.

3640 350 3722 410 288

554 426 843 485 δεήσοι-ΔΜ
872 443 1012 497 ηαδ,
1054 435 1111 480 ιιι
1142 438 1300 482 eruat
1332 445 1366 482 a
1391 438 1558 483 morte
1591 430 1798 484 animas
1825 447 2003 484 eorum
2022 470 2038 495 ,
2066 448 2089 484 ε

2217 430 2425 503 ζοντας
2444 437 2543 492 ἐπὶ
2568 440 2633 494 τὸ
2665 441 2840 517 ἔλεος
2865 446 3071 515 αὐτοῦ,
3096 451 3401 520 ῥύσασθαι
3420 455 3486 511 ἐκ
3520 463 3735 525 θανάτου

554 526 666 577 alat
702 537 789 580 eos
828 520 881 574 in
923 520 1086 589 fame.
1127 519 1319 575 Isthmo
1356 520 1800 591 supradictorum
1839 523 2123 578 sententiae

550 613 843 673 cohazreut.
878 608 1071 666 Sermo
1098 625 1334 682 namque
1364 619 1650 683 postquam
1694 627 1886 671 omnes
1925 613 2021 683 qui
2064 613 2118 669 in

548 711 693 759 terra
722 710 851 766 sunt
884 703 1133 767 homines
1178 704 1247 759 ad
1293 704 1387 762 Dei
1419 706 1669 764 timorem
1702 708 1957 778 superius
1990 722 2121 767 evo-

546 797 690 852 cavit
718 795 805 852 his
834 796 1043 864 verbis,
1066 796 1273 851 Timent
1304 796 1583 854 Dominum
1610 800 1779 856 omnis
1810 808 1990 867 terra;
2024 798 2120 855 de-

545 887 672 944 inde
716 896 777 945 ut
827 888 1041 943 animos
1092 888 1354 953 adderet,
1397 906 1467 953 ne
1507 891 1689 947 animo
1729 890 2025 947 deﬁcerent
2053 906 2118 948 ac

544 980 967 1041 reformidarent
991 981 1405 1051 persecutiones
1431 982 1760 1039 obventuras
1780 1025 1795 1050 ,
1821 990 1947 1038 ante
1974 983 2118 1054 adje-

543 1083 723 1140 cerat,
750 1075 1008 1133 Dominus
1033 1076 1258 1145 dissipat
1280 1076 1505 1131 consilia
1526 1077 1790 1147 gentium,
1812 1083 1867 1134 et
1891 1086 2110 1141 caetera.

541 1165 729 1221 Eidem
764 1167 928 1237 igitur
957 1167 1243 1231 sententiae
1272 1167 1536 1223 insistens
1568 1168 1622 1222 in
1654 1170 1908 1239 superius
1937 1170 2116 1232 allatis

541 1261 616 1315 ait
646 1303 658 1315 .
691 1258 993 1328 Confidite,
1021 1275 1118 1316 vos
1151 1275 1344 1317 omnes
1381 1261 1449 1316 ad
1482 1275 1621 1331 quos
1654 1276 1835 1316 sermo
1859 1263 2111 1321 vertitur.

541 1353 599 1409 Si
648 1353 833 1423 itaque
877 1353 946 1409 ad
993 1353 1141 1407 hunc
1185 1354 1435 1409 timorem
1489 1354 1872 1419 accesseritis,
1923 1357 2114 1413 oculos

536 1446 659 1517 ejus
702 1445 924 1516 vimque
957 1444 1106 1509 illius
1140 1446 1515 1517 perspicacem
1545 1447 1702 1503 vobis
1732 1447 2111 1517 providentem

536 1536 856 1592 obtinebitis
878 1577 894 1600 ,
931 1552 1054 1607 quae
1095 1552 1192 1594 vos
1221 1536 1290 1590 ab
1318 1538 1575 1603 omnibus
1610 1538 1850 1596 inimicis
1877 1555 1943 1595 ac
1976 1541 2112 1607 insi-

534 1630 841 1689 diatoribus
869 1631 1147 1697 liberabit.
1178 1630 1314 1691 Ecce
1345 1645 1582 1703 namque
1614 1631 1754 1685 oculi
1783 1630 1995 1689 Domini
2018 1647 2112 1691 su-

529 1738 623 1792 per
655 1731 942 1791 metuentes
973 1740 1092 1780 eum
1113 1763 1129 1789 ,
1161 1725 1252 1795 qui
1282 1732 1497 1793 sperant
1544 1738 1702 1793 super
1741 1723 2106 1781 misericordia

2221 526 2329 627 τάς
2351 529 2556 598 ψυχὰς
2580 533 2797 599 αὐτῶν,
2822 538 2919 593 καί
2948 538 3257 611 διαθρέψαι
3282 546 3497 614 αὐτοὺς
3513 551 3576 604 ἐν
3594 558 3731 627 λιμῷ.

2224 617 2446 717 Ἔχετιμ
2481 623 2709 717 τῆςᾷτῶν
2735 628 3173 701 προλελεγμένων
3213 635 3447 703 διανοίας
3464 641 3529 696 τὰ
3556 617 3734 717 προπί-

2222 726 2387 820 pera:
2405 714 2750 820 Συγκαλέσας
2765 720 2876 820 ’γὰρ
2895 724 2924 775 ό
2955 722 3111 794 λόγος
3148 729 3352 797 πάντας
3379 736 3500 800 τοὺς
3554 714 3633 803 ἐπὶ
3657 748 3734 820 γῆς

2220 804 2538 905 ἀνθρώπους
2591 812 2684 864 ἐπὶ
2731 813 2820 885 τὸν
2848 816 3010 885 φόϐον
3045 820 3140 874 τοῦ
3173 822 3305 878 Θεοῦ
3331 826 3416 882 διὰ
3455 831 3543 884 τοῦ

2218 898 2358 951 πεῖνο
2388 901 2699 969 Φοϐηθήτω
2731 906 2839 960 τὸν
2881 910 3099 977 Κύριον
3123 912 3291 970 πᾶσα
3314 919 3351 987 ἡ
3391 920 3486 989 γῆ·
3533 898 3636 983 εἶτα
3656 946 3734 985 πα.

2218 989 2564 1091 ραθαρῤύνας
2588 996 2668 1091 Δμὴ
2701 998 2938 1091 ἀγωνιᾷν
2971 1004 3104 1073 μηδὲ
3165 1008 3438 1076 φοϐεῖσθαι
3494 1016 3608 1082 τοὺς
3633 1021 3731 1091 μέλ-

2214 1080 2402 1149 λοντας
2440 1087 2828 1153 ἐπανίστασθαι
2890 1095 3072 1159 αὐτοῖς
3118 1098 3409 1171 διωγμοὺς,
3441 1080 3733 1181 συνῆφεγδιά

2213 1176 2667 1276 τῶνξμπροσθιτν
2701 1183 2813 1276 -τόο
2871 1188 3085 1276 Κύριος
3132 1191 3497 1260 διασκεδάζει
3536 1176 3730 1276 βουλὰς

2213 1267 2423 1333 ἐθνῶν,
2453 1271 2548 1325 καὶ
2575 1270 2641 1324 τὰ
2664 1270 2810 1344 ἑξῆς.
2846 1275 2957 1346 Τῆς
2986 1272 3078 1331 οὖν
3111 1281 3280 1353 αὐτῆς
3329 1284 3556 1355 διανοίας
3583 1267 3732 1367 excipe:

2212 1378 2302 1425 νος
2326 1365 2419 1417 καὶ
2450 1365 2536 1419 διὰ
2566 1367 2675 1420 τῶν
2703 1373 3076 1443 προκειμένων
3129 1378 3278 1447 φησί·
3314 1379 3584 1454 Θαρσεῖτε.
3625 1365 3731 1443 πάν,

2212 1471 2301 1555 τες
2326 1456 2479 1555 ὑ-μείς
2508 1460 2643 1530 πρὸς
2675 1461 2767 1530 οῦς
2785 1465 2813 1517 ὁ
2834 1464 3006 1535 λόγος.
3039 1470 3099 1523 Et
3148 1471 3280 1540 γοῦν
3333 1478 3650 1547 προσέλθοιτε
3673 1484 3729 1555 τῷ

2212 1548 2389 1642 αὐτοῦ·
2407 1551 2573 1622 φόϐῳ,
2598 1552 2747 1642 ἕξετε
2766 1557 2891 1621 τοὺς
2911 1560 3075 1614 αὐτοῦ
3103 1563 3412 1636 ὀφθαλμοὺς
3437 1570 3522 1623 καὶ
3541 1572 3627 1642 τὴν
3649 1548 3729 1639 διοζ

2215 1636 2439 1708 ρατικὴν
2465 1640 2627 1694 αὑτοῦ
2646 1642 2872 1717 δύναμιν
2906 1651 3307 1708 ἐπισκοποῦσαν
3334 1657 3492 1722 ὑμᾶς,
3521 1664 3604 1716 καὶ
3628 1666 3730 1721 πάν-

2209 1745 2315 1827 των
2342 1730 2549 1801 ἐχθρῶν
2577 1735 2670 1788 καὶ
2723 1738 3021 1798 ἐπιϐούλων
3076 1746 3365 1819 ῥυομένην.
3414 1750 3557 1808 Ἰδοὺ
3576 1755 3666 1827 γὰρ
3688 1761 3731 1812 oi

530 1813 683 1884 ejus,
730 1825 789 1868 ut
831 1825 981 1868 eruat
1031 1832 1065 1870 a
1106 1824 1279 1880 morte
1324 1816 1533 1877 animas
1572 1830 1775 1870 eorum.
1817 1812 1953 1868 Nam
1986 1815 2089 1881 sint

2211 1820 2504 1914 ὀφθαλμοὶ
2530 1827 2752 1914 Κυρίου
2800 1830 2901 1895 ἐπὶ
3140 1812 3541 1910 φοϐουμένους
3562 1812 3726 1914 αὐτὸν,

529 1904 705 1960 oculis
733 1905 828 1961 Dei
856 1906 1006 1969 nulla
1039 1905 1234 1962 salutis
1272 1921 1404 1977 spes
1448 1912 1568 1974 est,
1609 1921 1679 1961 ne
1721 1905 1943 1978 quidem
1984 1907 2099 1977 regi

528 1994 586 2050 in
620 1996 842 2062 militari
870 2004 1142 2068 potestate
1176 1997 1363 2053 fidenti
1393 2016 1408 2067 ;
1442 2013 1557 2062 non
1600 1998 1807 2070 giganti
1850 1999 1908 2053 in
1950 1999 2098 2061 mu]-

526 2084 762 2142 titudine
813 2088 1032 2151 virtutis
1069 2096 1125 2154 et
1170 2087 1508 2145 fortitudinis
1557 2089 1939 2159 superbienti;
1985 2104 2095 2145 non

526 2194 671 2250 equo
726 2178 1005 2241 velocitati
1062 2179 1263 2250 pedum
1321 2179 1642 2236 confidenti.
1717 2178 1844 2243 Haec
1897 2182 2100 2252 quippe

522 2268 709 2322 omnia
737 2267 988 2337 decipere
1021 2268 1235 2332 solent,
1272 2271 1461 2325 fallere
1494 2270 1624 2339 item
1669 2277 1725 2326 et
1766 2272 1820 2325 in
1853 2286 2095 2326 errorem

522 2358 783 2414 inducere
811 2373 909 2423 eos
935 2357 1029 2429 qui
1078 2360 1134 2425 in
1179 2359 1374 2421 iisdem
1414 2376 1565 2430 spem
1603 2361 1825 2416 habent.
1861 2361 1968 2417 Sed
1996 2377 2098 2425 vos

522 2448 779 2506 confidite
805 2450 898 2519 qui
930 2449 1216 2504 Dominum
1245 2452 1512 2507 invocatis
1533 2492 1551 2514 ,
1580 2452 1811 2524 ejusque
1844 2451 2095 2508 timorem

521 2539 919 2608 assumpsistis.
950 2539 1190 2599 Consilia
1218 2542 1460 2612 gentium
1489 2558 1557 2613 ne
1582 2542 1948 2607 reformidetis
1972 2560 2097 2616 qua:

520 2628 787 2685 Dominus
849 2631 1122 2715 dissipat,
1182 2647 1284 2689 nec
1342 2634 1704 2705 cogitationes
1762 2638 2088 2708 populorum

517 2737 640 2791 quae
681 2736 712 2776 a
762 2726 872 2777 Deo
922 2723 1090 2785 irritas
1131 2723 1463 2795 efﬁciuntur,
1512 2742 1615 2782 nec
1651 2730 1884 2784 consilia
1940 2730 2092 2801 prin—

516 2818 699 2881 cipum
757 2828 879 2884 quae
942 2814 1059 2884 ipse
1118 2816 1428 2881 subvertit,
1486 2816 1599 2871 imo
1663 2834 1842 2891 neque
1905 2834 2090 2890 regem

514 2903 702 2958 manui
745 2903 970 2969 militari
1018 2905 1303 2973 innixum,
1346 2921 1524 2977 neque
1566 2908 1841 2979 gigantem
1873 2909 2091 2962 fortitu-

514 2995 641 3052 dine
670 3011 736 3052 ac
763 2997 974 3054 viribus
1004 3000 1285 3068 corporeis
1311 3007 1632 3063 tumentem.
1658 3000 1870 3056 Etcum
1898 3004 2090 3072 ingens

512 3088 863 3160 praesidium,
894 3089 1148 3147 videlicet
1172 3092 1528 3161 providentia:
1558 3094 1731 3173 ipsius
1760 3094 1951 3153 oculos
1983 3096 2082 3149 ob-

2206 1909 2347 1977 τοὺς
2372 1912 2721 1985 ἐλπίζοντας
2772 1920 2870 1974 ἐπὶ
2927 1923 2993 1977 τὸ
3035 1910 3206 1993 ἕλεος
3237 1909 3443 1996 αὐτοῦ,
3474 1909 3729 2001 ῥύσασθαι

2204 2003 2273 2099 ἐκ
2304 2006 2562 2099 θανάτου
2595 2010 2703 2078 τὰς
2726 2014 2932 2083 ψυχὰς
2985 2017 3202 2075 αὐτῶν.
3255 2024 3388 2095 Δίχα
3444 2026 3546 2099 γὰρ
3590 2030 3727 2085 αὐτῶν

2204 2095 2315 2149 τῶν
2344 2097 2435 2151 τοῦ
2463 2099 2597 2154 Θεοῦ
2630 2104 2921 2176 ὀφθαλμῶν
2977 2110 3078 2163 οὐκ
3120 2111 3268 2166 ἔστιν
3321 2116 3450 2189 άλλη
3509 2095 3727 2195 σωτηρίας

2205 2189 2377 2284 ἐλπὶς,
2405 2191 2528 2247 οὔτε
2560 2194 2770 2265 βασιλεῖ
2804 2207 3163 2276 στρατιωτικῇ
3201 2207 3426 2279 δυνάμει
3470 2189 3725 2284 θαρροῦντι,

2204 2280 2326 2337 οὔτε
2359 2284 2578 2353 γίγαντι
2611 2289 2702 2341 ἐπὶ
2735 2290 2924 2363 πλήθει
2969 2294 3251 2366 δυνάμεως
3286 2301 3381 2354 καὶ
3440 2280 3605 2374 ἰσχύος
3626 2322 3726 2374 γαυ-

2207 2376 2473 2446 ρουμένῳ,
2501 2376 2625 2431 οὔτε
2661 2380 2810 2452 ἵππῳ
2843 2384 3018 2438 ποδῶν
3045 2386 3286 2460 ὠκύτητι
3313 2391 3603 2465 θαρροῦντι.
3623 2396 3727 2450 Πάν·

2201 2483 2269 2519 τα
2299 2466 2407 2540 γὰρ
2434 2468 2608 2523 ταῦτα
2641 2470 3002 2541 διαψεύδεται,
3035 2477 3258 2546 σφάλλει
3313 2483 3406 2547 καὶ
3443 2483 3604 2556 πλανᾷ
3632 2487 3725 2553 τοὺς

2202 2557 2289 2609 ἐπ’
2320 2559 2501 2623 αὐτοῖς
2551 2561 2867 2631 ἡλπικότας.
2917 2566 3053 2619 Ἀλλ’
3102 2569 3261 2639 ὑμεῖς
3312 2571 3569 2645 θαρσεῖτε,
3596 2578 3636 2628 oi
3656 2576 3722 2628 τὸν

2200 2645 2402 2718 Κύριον
2424 2648 2827 2716 ἐπικαλοῦντες,
2859 2655 2951 2713 καὶ
2981 2655 3074 2710 τὸν
3112 2657 3279 2711 αὐτοῦ
3307 2661 3466 2729 φόϐον
3494 2660 3723 2732 ἀνειληφό-

2198 2756 2307 2803 τες.
2338 2742 2449 2807 Καὶ
2473 2743 2611 2814 μήτε
2635 2743 2827 2815 βουλὰς
2861 2746 3030 2801 ἐθνῶν
3087 2750 3360 2820 φοϐεῖσθε,
3394 2753 3458 2819 ἃς
3507 2756 3534 2809 ὀ
3562 2755 3721 2826 Κύριος

2196 2829 2631 2898 διασκεδάννυσι,
2679 2837 2819 2908 μήτε
2846 2836 3139 2910 λογισμοὺς
3178 2840 3345 2905 λαῶν,
3393 2843 3481 2909 οῦς
3508 2846 3534 2897 ὁ
3561 2844 3721 2915 Κύριος

2196 2922 2396 2988 ἀθετεῖ,
2441 2926 2577 2997 μήτε
2608 2925 2802 2996 βουλὰς
2827 2930 3123 3002 ἀρχόντων,
3166 2932 3232 2997 ἃς
3256 2934 3419 2999 αὐτὸς
3456 2936 3716 3008 ἀνατρέπει.

2210 3012 2366 3067 Ἀλλὰ
2399 3015 2534 3086 μηδὲ
2569 3016 2790 3087 βασιλέα
2820 3020 3009 3093 πλήθει
3058 3027 3451 3097 στρατιωτικῆς
3490 3025 3719 3095 δυνάμεως

2197 3103 2494 3158 πεποιθότα
2519 3108 2986 3180 καταπλήττεσθε,
3025 3113 3159 3184 μηδὲ
3212 3115 3444 3183 γίγαντα
3497 3115 3622 3185 ἰσχύϊ
3648 3114 3718 3169 καὶ

512 3180 766 3246 tineatis,
802 3181 859 3236 in
885 3182 1005 3254 ipso
1030 3184 1150 3238 solo
1180 3191 1235 3239 et
1270 3184 1325 3238 in
1360 3184 1744 3241 misericordia
1772 3186 1894 3255 ejus
1931 3201 2083 3256 spem

2194 3194 2327 3266 ἀλκῇ
2377 3194 2628 3268 σώματος
2680 3180 3038 3272 τυφούμενονξ
3088 3180 3351 3283 Ἔχοντες
3391 3207 3446 3263 δὲ
3495 3180 3619 3279 μέγα
3642 3223 3716 3276 φυ-

512 3274 759 3340 rcponite
786 3282 1023 3330 vestram
1044 3315 1059 3340 ,
1094 3284 1153 3343 ut
1185 3285 1341 3329 eruat
1374 3293 1408 3331 a
1440 3287 1608 3332 morte
1638 3279 1843 3333 animas
1876 3295 2081 3341 eorum.

512 3362 660 3421 llors
688 3372 870 3421 autem
902 3366 1097 3431 anima:
1139 3364 1304 3423 fuerit
1343 3367 1439 3425 Dei
1480 3370 1800 3442 abnegatio,
1851 3369 2085 3429 defectio

509 3458 670 3528 plena
689 3497 705 3522 ,
732 3465 787 3514 et
815 3469 1039 3529 peccata
1067 3461 1133 3515 ad
1163 3470 1396 3517 mortem
1469 3462 1542 3522 ita
1573 3471 1633 3516 ut
1664 3462 1709 3517 si
1741 3461 1961 3532 quando
1991 3479 2085 3518 ac-

509 3549 687 3618 cidat,
724 3559 784 3605 ut
822 3556 1158 3622 sperantium
1207 3554 1263 3608 in
1313 3553 1481 3610 Deum
1526 3570 1758 3626 corpora
1803 3555 2082 3610 communi

508 3642 706 3707 morti,
751 3642 822 3698 ob
864 3644 984 3714 ejus
1029 3645 1405 3703 testimonium
1452 3646 1781 3712 tradantur,
1831 3654 1887 3709 at
1937 3648 2084 3714 oculi

505 3733 601 3790 Dei
629 3736 843 3793 animas
873 3753 1064 3793 eorum
1092 3746 1351 3795 curantes
1378 3754 1410 3794 a
1441 3746 1618 3796 morte
1663 3741 1815 3811 ipsos
1856 3741 2079 3812 eripue-

504 3833 653 3882 runt.
682 3826 870 3899 Neque
901 3829 957 3897 id
991 3831 1336 3887 solummodo
1369 3842 1631 3903 praestant
1663 3850 1679 3899 ;
1711 3833 1810 3888 sed
1840 3843 1900 3889 ut
1927 3835 2080 3899 alant

503 3933 599 3974 eos
627 3919 684 3973 in
718 3920 860 3976 fame
884 3962 899 3986 ,
937 3923 1344 3997 providentiam
1378 3924 1602 3980 habent.
1641 3922 1922 3996 Siquidem
1955 3942 2081 3996 per-

504 4012 850 4068 secutionum
896 4021 1173 4089 tempore,
1218 4032 1327 4087 quo
1370 4019 1692 4090 plerumque
1729 4019 1978 4076 doctrina
2024 4028 2080 4074 et

502 4104 812 4160 divinarum
860 4105 1272 4178 Scripturarum
1322 4110 1587 4169 lectiones
1638 4114 2073 4185 praepediuntur,

500 4197 722 4268 rarique
754 4208 1053 4254 occurrunt
1091 4203 1185 4271 qui
1229 4203 1545 4273 spirituales
1587 4206 1740 4262 cibos
1783 4206 2073 4263 animabus

501 4288 784 4344 hominum
826 4290 1189 4363 impertiant;
1237 4281 1478 4351 attamen
1526 4297 1672 4359 oculi
1702 4296 1955 4362 Domini,
1987 4298 2074 4353 di-

499 4378 610 4435 vini
643 4378 882 4451 Spiritus
920 4382 1166 4450 iniluxu,
1214 4385 1461 4459 ipsorum
1495 4388 1708 4444 animas
1739 4389 1891 4452 alunt
1915 4396 1970 4447 et
2000 4388 2070 4443 ab

492 4470 617 4542 ipso
644 4470 754 4527 Deo
780 4472 1064 4530 institutas
1092 4476 1338 4532 efﬁciunt
1363 4518 1378 4544 ,
1405 4478 1481 4532 ita
1514 4488 1572 4533 ut
1601 4480 1742 4534 citra
1769 4480 2067 4535 humanam

2189 3285 2479 3359 λακτήριον
2526 3291 2653 3355 τοὺς
2706 3292 2806 3362 τῆς
2841 3294 3096 3364 προνοίας
3128 3297 3293 3352 αὐτοῦ
3323 3299 3625 3370 ὀφθαλμοὺς,
3650 3298 3714 3350 ἐπ’

2187 3373 2347 3430 αὑτὸν
2372 3374 2619 3439 ἐλπίζετε
2656 3379 2817 3449 μόνον
2845 3370 2939 3437 κάι
2964 3383 3055 3436 ἐπὶ
3100 3385 3160 3437 τὸ
3188 3385 3338 3452 ἔλεος
3362 3376 3536 3451 αὑτοῦ,
3573 3389 3645 3454 εὶς
3664 3387 3713 3440 τὸ

2177 3464 2485 3531 ῥύσασθαι
2521 3465 2591 3521 ἐκ
2615 3468 2875 3524 θανάτου
2907 3471 3016 3539 τὰς
3044 3475 3250 3544 ψυχὰς
3282 3478 3491 3538 αὐτῶν.
3519 3479 3713 3547 Θάνατος

2185 3556 2232 3609 δ’
2252 3557 2319 3610 ἂν
2357 3559 2441 3629 εἴη
2463 3558 2642 3631 ψυχῆς
2678 3562 2711 3632 ἡ
2763 3561 2991 3634 ἄρνησις
3024 3566 3116 3620 τοῦ
3142 3569 3278 3623 Θεοῦ
3311 3572 3404 3624 καὶ
3430 3574 3460 3643 ὴ
3493 3569 3713 3642 παντελὴς

2183 3644 2618 3717 ἀποστασία,καὶ
2648 3654 2703 3707 αἱ
2758 3654 2893 3727 πρὸς
2920 3656 3148 3713 θάνατον
3164 3662 3605 3733 ἁμαρτίαισῶστε,
3631 3660 3712 3714 κᾶν
3762 3702 3765 3707 »
3848 3656 3849 3697 ἶ

2185 3741 2361 3814 συμϐῇ
2394 3761 2521 3798 ποτε
2552 3745 2659 3799 τῶν
2691 3746 3017 3813 ἐλπιζόντων
3043 3752 3137 3806 ἐπὶ
3169 3754 3262 3806 τὸν
3296 3756 3490 3827 Κύριον
3533 3756 3593 3809 τὰ
3636 3752 3711 3807 adh

2184 3849 2328 3903 ματα
2349 3834 2561 3907 θανάτῳ
2587 3838 2976 3907 παραδίδοσθαι
3004 3843 3081 3915 τῷ
3119 3845 3284 3917 κοινῷ
3316 3846 3402 3901 διὰ
3430 3849 3520 3918 τὴν
3549 3850 3618 3910 είς
3632 3847 3709 3899 αὐ-

2177 3925 2269 3979 τὸν
2306 3930 2629 4009 μαρτυρίαν,
2652 3931 2765 3987 ἀλλ’
2790 3934 2840 3993 oi
2866 3934 3135 4007 ὀφθαλμοὶ
3157 3939 3320 4001 αὐτοῦ
3345 3940 3432 3994 τοῦ
3451 3941 3713 4013 κρείττονος

2177 4021 2597 4093 ἐπιμεληθέντες
2627 4025 2728 4090 τὰς
2756 4026 2935 4100 ψυχὰς
2971 4029 3149 4085 αὐτῶν
3173 4033 3468 4105 ἐρρύσαντο
3498 4037 3554 4088 ὲκ
3581 4032 3707 4087 θανάο

2175 4128 2289 4166 του.
2322 4116 2396 4167 Οὐ
2434 4116 2592 4186 μόνον
2619 4117 2676 4187 δὲ
2704 4119 2862 4172 τοῦτο
2895 4122 3158 4188 ποιοῦσιν,
3209 4126 3345 4195 ἀλλὰ
3375 4129 3465 4180 καὶ
3507 4126 3589 4180 τοῦ
3613 4126 3711 4179 δια-ν,

2149 4202 2370 4289 θρέψαι
2395 4206 2592 4271 αὐτοὺς
2620 4210 2677 4275 ὲν
2699 4209 2843 4280 λιμῷ
2876 4212 3131 4297 πρόνοιαν
3182 4218 3479 4282 ποιοῦνται,
3512 4218 3590 4271 Ἐν
3619 4217 3705 4286 γὰρ

2170 4299 2283 4360 τοῖς
2314 4302 2523 4370 καιροζς
2546 4300 2654 4354 τῶν
2711 4302 2985 4374 διωγμῶν,
3013 4304 3134 4358 καθ’
3154 4306 3249 4372 οὓς
3297 4310 3542 4376 πολλάκις
3565 4305 3704 4365 κεκῶ-

2170 4387 2354 4442 λυνται
2388 4392 2484 4461 μὲν
2522 4394 2579 4446 αί
2635 4393 2974 4456 διδασκαλίαι
3008 4400 3193 4454 καὶτὰ
3222 4401 3333 4457 τῶν
3379 4402 3703 4457 θεοπνεύστων

2170 4478 2403 4563 Γραφῶν
2434 4481 2856 4561 ἀναγνώσματα,
2910 4485 3161 4552 σπανίζει
3187 4490 3247 4558 δὲ
3272 4493 3300 4545 ὁ
3324 4491 3422 4556 τὰς
3447 4503 3703 4561 πνευματι-

386 4553 393 4559 ’
496 4564 663 4618 ullam
706 4564 1088 4636 disciplinam,
1139 4583 1340 4635 arcana
1390 4572 1623 4642 quadam
1651 4572 1852 4628 virtute
1880 4572 2063 4627 nutri-

2194 4547 2273 4636 τάς
2302 4547 2508 4646 τροφὰς
2549 4547 2673 4641 ταῖς
2691 4547 2816 4633 ’τῶν
2842 4547 3155 4655 ’ἀνθρώπων
3211 4547 3490 4652 διαδιδοὺς
3519 4547 3701 4654 ψυχαῖς.

497 4668 677 4736 antur.

2169 4666 2318 4738 ὅμως
2346 4670 2395 4722 οἱ
2422 4668 2688 4742 ὀφθαλμοὶ
2712 4672 2807 4726 τοῦ
2831 4674 3038 4746 Κυρίου
3066 4679 3131 4748 τῇ
3160 4677 3251 4733 τοῦ
3275 4680 3415 4733 θείου
3431 4676 3701 4748 Πνεύματος

492 4745 741 4845 ξπιῤῥοῇ,
775 4755 871 4827 καὶ
894 4758 1100 4814 τούτων
1154 4760 1253 4825 τὰς
1297 4760 1472 4844 ψυχάς
1537 4761 1879 4833 διατρέφουσι
1931 4763 2301 4834 θεοδιδάκτους
2358 4766 2555 4832 αὐτοὺς
2586 4767 3037 4844 ἀπεργαζόμενοι,
3099 4745 3174 4835 ῶς
3204 4774 3298 4828 καὶ
3327 4775 3451 4842 ἄνευ
3491 4745 3582 4845 τῆς
3627 4771 3709 4825 an

493 4826 724 4918 θρὼπων
755 4826 1100 4917 διδασκαλίας
1125 4826 1426 4926 ἀπορρῆτιξ)
1454 4826 1680 4925 δυνάμει
1730 4826 2047 4942 τρέφεσθαι-ο

699 5084 705 5089 .
795 5025 856 5083 IN
894 5026 1226 5095 PSALMUM
1267 5030 1475 5099 DAYID
1511 5031 1747 5104 XXXIII.

493 5181 543 5236 L
596 5182 833 5256 Quando,
860 5186 1159 5249 immutavit
1196 5190 1398 5245 vultum
1436 5207 1591 5255 suum
1626 5210 1808 5249 coram
1845 5196 2065 5256 Abime:

817 5255 959 5324 lech,
996 5266 1047 5312 et
1083 5259 1287 5315 dimisit
1322 5278 1440 5317 eum
1477 5273 1527 5319 et
1566 5265 1721 5320 abiit.

559 5407 792 5477 Quidam
838 5411 1098 5485 suspicati
1142 5424 1272 5472 sunt
1327 5418 1474 5472 illam
1522 5420 1810 5489 praesentis
1851 5420 2059 5491 psaimi

490 5502 902 5573 inscriptionem
923 5545 938 5569 ,
971 5506 1257 5562 historiam
1287 5510 1593 5579 respicere,
1621 5525 1728 5581 qua
1757 5509 1932 5568 fertur
1962 5512 2059 5568 Da-

487 5597 666 5652 videm
694 5612 725 5651 a
754 5596 894 5655 facie
918 5597 1101 5657 Saulis
1126 5600 1427 5672 fugientem
1449 5642 1464 5666 ,
1497 5601 1564 5656 ad
1590 5602 1838 5658 Anchum
1870 5617 2054 5676 regem

485 5687 624 5743 Geth
660 5693 996 5758 accessisse,
1026 5694 1248 5763 quando
1281 5692 1551 5750 insaniam
1586 5697 1858 5755 simulans
1896 5699 2054 5769 quasi

487 5789 742 5863 tympano
774 5785 1026 5857 pulsabat
1055 5786 1123 5840 ad
1157 5793 1343 5860 portas
1376 5787 1555 5856 urbis,
1591 5800 1644 5844 et
1675 5789 2055 5861 deferebatur,

2403 5035 2513 5103 ΕΙΣ
2544 5039 2681 5095 ΤΟΝ
2708 5041 3008 5097 ΨΑΛΜΟΝ
3037 5041 3124 5108 ΤΩ
3155 5045 3353 5109 ΔΑΥΙΔ
3380 5045 3491 5099 ΔΡ.

2183 5196 2405 5268 Ὁπότε,
2433 5197 2734 5265 ἠλλοίωσε
2770 5198 2838 5252 τὸ
2894 5202 3217 5268 πρόσωπον
3262 5200 3446 5257 αὑτοῦ
3478 5196 3701 5254 sis-diam

2218 5267 2542 5339 Ἀϐιμέλεχ,
2574 5270 2671 5324 καὶ
2701 5267 3012 5326 ἀπέλυσεν
3042 5273 3229 5327 αὑτὸν
3262 5274 3360 5328 καὶ
3406 5268 3665 5339 ἀπῆλθεν.

2249 5422 2543 5477 Ὑπέλαϐόν
2593 5441 2737 5489 τινες
2790 5425 2887 5507 τὴν
2962 5426 3056 5481 τοῦ
3108 5427 3460 5501 προκειμένου
3507 5415 3690 5495 ψαλμοῦ

2164 5514 2488 5587 προγραφὴν
2519 5515 2732 5587 ἐκείνην
2758 5517 3041 5590 σημαίνειν
3090 5522 3188 5593 τὴν
3245 5521 3494 5591 ἱστορίαν,
3534 5510 3686 5585 δι’ἧςν

2165 5602 2378 5673 φεύγων
2409 5604 2568 5657 Δαυῒδ
2597 5605 2706 5658 ἀπὸ
2737 5606 3025 5679 προσώπου
3038 5611 3226 5675 Σαοὺλ,
3253 5609 3550 5682 ἐληλυθέναι
3576 5600 3685 5673 πρρς

2174 5696 2398 5766 Ἀγχοῦς
2424 5696 2643 5766 βασιλέα
2655 5698 2754 5750 Γὲθ
2771 5699 3197 5772 ἀναγέγραπταιο
3224 5704 3311 5755 ὅτε
3337 5701 3521 5773 μανίαν
3546 5708 3683 5767 προσο

2161 5789 2403 5862 ποιηθεὶς
2455 5790 2817 5863 ὲτυμπάνιζεν
2843 5792 2936 5847 ἐπὶ
2984 5798 3103 5859 ταῖς
3147 5795 3333 5866 θύραις
3366 5796 3459 5866 τῆς
3484 5788 3685 5857 πάλεωίι
