3940 6292
288 341 402 398 28‘)

1475 330 1975 405 conueuranm
2012 344 2080 400 ιιι
2115 327 2454 400 PSALuos.

3479 346 3586 402 290

305 466 410 519 xc).
437 465 828 538 παρεφέρετο,
865 471 960 523 καὶ
986 472 1197 536 ἔπιπτε,
1250 461 1342 524 καὶ
1374 471 1628 543 κατέρρει
1669 470 1736 524 τὰ
1767 471 1916 524 σίελα

2027 474 2076 522 et
2108 466 2426 532 decidebat,
2465 472 2518 520 et
2551 459 2864 520 deﬂuebant
2897 465 3082 521 Salivaa
3113 465 3233 536 ejus
3267 464 3322 520 in
3357 465 3587 521 barbam

312 557 486 614 αὑτοῦ
515 557 612 610 ὲ.πὶ
645 560 744 613 τὸν
768 561 1004 632 πώγωνα
1024 564 1207 616 αὐτοῦ·
1227 563 1354 616 ὥστ’
1372 564 1543 616 εἰπεῖν
1570 563 1663 615 τὸν
1691 562 1916 632 Ἀγχοῦς

321 652 470 726 ’πρὸς
500 654 628 717 τοὺς
683 653 881 718 παῖδας
940 654 1123 709 αὑτοῦ·
1168 656 1368 727 Ἀνδρα
1420 657 1714 727 ἐπίληπτον
1750 656 1833 709 ἵνα
1865 654 1920 708 τί

329 749 662 820 εἰσηγὰγετε
724 747 862 820 πρὸς
911 747 1015 819 μέ;
1070 747 1208 800 Ἀλλ’
1258 749 1338 801 ὃτι
1392 749 1490 820 μὲν
1543 748 1803 819 ἡλλοίωσε
1860 748 1920 800 τὸ

331 838 631 910 atro/Samaei;
664 838 852 904 αὑτοῦ,
903 839 1141 909 ἥκουσαν
1169 841 1215 891 οἱ
1279 838 1524 892 τοιοῦτοι·
1577 841 1658 892 ὅτι
1720 840 1764 893 δ’
1795 838 1920 910 ἑξῆς

335 928 633 998 συνῆπται,
666 929 946 982 ἐναντίον
987 930 1311 1000 Ἀϐιμέλεχ,
1343 930 1555 984 δοκοῦσί
1585 948 1674 1002 μοι
1705 948 1921 1004 παρεω-

335 1021 592 1092 ρακέναι.
641 1021 702 1074 Ὁ
736 1021 832 1091 μὲν
858 1017 950 1074 οὖν
995 1022 1219 1093 Ἀγχοῦς
1247 1021 1352 1076 τῶν
1383 1022 1692 1092 ἀλλοφύλων
1719 1019 1786 1094 ἦν
1818 1023 1918 1093 βα-

339 1109 524 1173 σιλεὺς
576 1110 688 1162 τῶν
736 1112 1127 1165 κατοικούντων
1159 1112 1255 1184 τὴν
1304 1112 1424 1165 Γέθ·
1457 1115 1485 1166 ὁ
1535 1112 1593 1165 δὲ
1635 1113 1920 1185 ’Λὸιμέλεχ

342 1202 524 1271 ἱερεὺς
563 1201 660 1254 τοῦ
697 1201 833 1255 Θεοῦ
890 1204 1306 1274 μνημονεύεται·
1364 1203 1500 1276 πρὸς
1529 1205 1588 1257 ὃν
1636 1206 1727 1258 καὶ
1759 1205 1920 1261 αὑτὸν

338 1294 621 1366 ἐληλυθὼς
668 1297 697 1349 ὁ
729 1295 890 1350 Δαυῒδ
936 1297 1041 1368 πρὸ
1069 1297 1168 1368 τῆς
1211 1301 1509 1370 παρουσίας
1538 1300 1635 1370 τῆς
1663 1299 1799 1372 πρὸς
1830 1299 1920 1353 τὸν

353 1384 586 1456 Ἀγχοῦς
622 1387 928 1457 ἱστορεῖται·
967 1389 1110 1458 λέγει
1139 1390 1246 1462 γὰρ
1277 1393 1308 1462 ἡ
1343 1392 1531 1462 Γραφή
1555 1409 1568 1422 ·
1603 1391 1712 1448 Καὶ
1753 1392 1920 1462 ἔρχε-

335 1491 435 1530 tat
471 1481 504 1530 ό
530 1477 713 1531 Δαυῒδ
742 1481 828 1544 εις
851 1480 1006 1532 Νοϐὰ
1034 1483 1182 1548 πρὸς
1240 1482 1552 1552 Ἀχιμέλεχ
1583 1483 1690 1538 τὸν
1742 1481 1918 1552 ἱερέα,

338 1567 438 1620 καὶ
469 1567 693 1636 ἐξέστη
749 1569 1056 1641 Ἀχιμέλεχ
1083 1571 1157 1641 τῇ
1181 1573 1514 1640 ἀπαντήσει
1553 1574 1758 1629 αὑτοῦ·
1822 1575 1922 1628 καὶ

335 1660 512 1713 εἶπεν
539 1659 722 1725 αὐτῷ·
748 1663 807 1714 Ti
834 1662 920 1716 ὅτι
952 1664 1032 1717 σὺ
1059 1665 1246 1734 μόνος
1266 1665 1362 1718 καὶ
1392 1667 1590 1732 οὐδεὶς
1609 1668 1759 1736 μετὰ
1782 1667 1921 1731 σοῦ;

337 1752 450 1805 Καὶ
502 1749 638 1806 εἶπε
658 1755 837 1808 Δαυτδ
874 1755 952 1821 τῷ
986 1758 1142 1826 ἱερεῖ·
1217 1757 1280 1811 '0
1315 1760 1616 1826 βασιλεὺς
1647 1761 1924 1815 ἐντέταλ-

2019 559 2194 630 ipsius
2224 577 2238 626 ;
2274 559 2346 612 ita
2385 565 2447 612 ut
2481 557 2687 612 diceret
2720 557 2948 613 Auchus
2983 558 3166 626 pueris
3200 559 3317 614 suis
3351 577 3363 613 :
3405 557 3588 623 Quare

2018 651 2194 705 virum
2224 649 2484 720 epilepsia
2512 657 2822 718 correptum
2848 648 2914 702 ad
2935 665 3018 703 me
3039 650 3420 706 introduxistis
3442 651 3463 704 ?
3485 648 3590 704 Vc-

2017 757 2140 796 rum
2165 742 2243 796 illi
2272 741 2339 796 ad
2369 741 2423 796 id
2455 742 2631 796 Solum
2661 742 3014 797 attenderunt
3041 741 3186 812 quod
3219 743 3589 797 immutaverit

2016 835 2225 890 Vultum
2253 850 2410 890 suum
2437 853 2452 901 ;
2479 833 2574 888 sed
2600 832 2853 888 videntur
2877 834 3007 888 mihi
3034 832 3089 888 id
3115 833 3419 904 neglexisse
3443 833 3589 904 quod

2018 945 2146 982 mox
2190 928 2459 998 sequitur,
2506 943 2686 981 coram
2734 925 3057 980 Abimelech.
3083 929 3151 982 At
3174 925 3318 979 enim
3366 926 3589 980 Anchus

2020 1021 2451 1090 alienigenarum
2477 1017 2704 1074 Getham
2751 1018 3103 1072 incolentium
3157 1033 3251 1072 rex
3279 1024 3434 1084 erat;
3462 1015 3592 1073 Abi-

2020 1113 2226 1168 melcch
2257 1127 2385 1167 vero
2415 1112 2674 1168 sacerdos
2697 1109 2789 1166 Dei
2824 1110 2992 1166 fuisse
3020 1117 3353 1165 memoratur
3383 1125 3397 1162 :
3427 1123 3590 1178 quem

2018 1204 2150 1259 item
2185 1203 2353 1258 David
2385 1203 2620 1267 adiisse,
2655 1211 2946 1272 antequam
2975 1201 3090 1274 regi
3133 1199 3359 1256 Anchus
3410 1215 3469 1254 se
3519 1199 3595 1253 si-

2018 1303 2222 1359 steret,
2276 1304 2605 1362 enarratur;
2659 1295 2735 1349 ait
2762 1295 2964 1365 quippe
2996 1294 3323 1364 Scriptura:
3358 1291 3426 1347 Et
3456 1293 3594 1346 venit
3633 1344 3644 1361 ι

2019 1387 2191 1441 David
2226 1387 2278 1441 in
2313 1385 2520 1440 Nobam
2557 1385 2624 1439 ad
2650 1384 2980 1438 Achimelech
3020 1384 3346 1439 sacerdotem
3368 1425 3382 1446 ,
3416 1393 3467 1438 et
3502 1383 3595 1437 ob-

2023 1479 2222 1547 stupuit
2269 1475 2595 1532 Achimelech
2641 1475 2705 1531 de
2757 1493 2980 1531 occursu
3023 1476 3181 1546 ejus;
3217 1487 3264 1531 et
3313 1476 3451 1529 dixit
3498 1477 3593 1530 ei:

2025 1574 2204 1640 Quare
2232 1581 2286 1626 tu
2313 1575 2457 1628 solus
2487 1583 2537 1627 et
2565 1572 2743 1627 nullus
2772 1583 2846 1626 est
2878 1577 3044 1626 teCum
3072 1576 3096 1629 ?
3126 1572 3192 1626 Et
3221 1575 3295 1626 ait
3322 1573 3492 1627 David
3521 1571 3590 1625 ad

2024 1667 2394 1722 sacerdotem:
2428 1664 2538 1718 Rea:
2577 1665 2820 1733 prwcepit
2858 1663 2986 1716 milii
3023 1680 3314 1717 sermonem
3354 1661 3504 1716 hodie
3541 1671 3592 1714 et

2024 1760 2161 1814 dixit
2189 1760 2316 1814 mihi
2345 1776 2362 1813 .'
2397 1758 2566 1813 Nemo
2596 1759 2729 1811 sciat
2760 1774 2867 1811 rem
2895 1765 3105 1825 propter
3130 1773 3287 1827 quant
3313 1773 3405 1826 ego
3440 1759 3590 1809 mitto

334 1844 434 1897 ta!
458 1862 564 1913 μοι
586 1845 754 1913 ῥῆμα
777 1846 1040 1916 σήμερον
1059 1849 1156 1903 καὶ
1182 1845 1312 1902 εἶπέ
1334 1867 1452 1919 μοι·
1472 1851 1696 1920 Μηδεὶς
1723 1851 1921 1922 γνώτω

2027 1865 2103 1919 te,
2130 1863 2178 1908 et
2202 1853 2266 1908 de
2292 1871 2397 1924 qua
2424 1853 2643 1923 prwcepi
2687 1851 2821 1914 tibi;
2851 1859 2900 1904 et
2926 1849 3102 1918 pueris
3133 1850 3445 1917 testiﬁcatus
3474 1864 3591 1900 sum

336 1936 405 1989 τὸ
435 1933 607 2004 ῥῆμα
643 1937 777 2005 περὶ
825 1933 897 1994 οὗ
955 1938 1068 2008 ἐγὼ
1124 1934 1482 1996 ἀποστέλλω
1507 1958 1599 2008 σε,
1636 1945 1731 1998 καὶ
1766 1945 1920 2014 ὑπὲρ

337 2024 410 2084 οὗ
445 2029 809 2100 ὲντέταλμαί
865 2046 985 2096 σοι,
1047 2034 1144 2087 καὶ
1177 2033 1300 2100 τοῖς
1357 2034 1687 2104 παιδαρίοις
1725 2035 1920 2106 διαμε-

332 2123 717 2191 μαρτύρημαι
768 2124 838 2178 ὲν
884 2125 964 2190 τῷ
993 2126 1152 2192 τόπῳ
1184 2127 1264 2193 τῷ
1321 2127 1622 2199 λεγομένῳ
1652 2129 1797 2184 Θεοῦ
1827 2131 1923 2183 πί-

336 2232 493 2282 στις.
519 2217 634 2270 Kal
665 2217 782 2271 νῦν
805 2218 862 2271 εἴ
884 2221 1042 2272 εἰσιν
1065 2218 1184 2273 ὑπὸ
1239 2219 1353 2289 τὴν
1405 2220 1573 2290 χεῖρά
1596 2238 1711 2275 σου
1736 2220 1920 2290 ἄρτοι,

335 2306 444 2373 δὸς
471 2310 563 2374 εὶς
585 2308 791 2377 χεῖράς
817 2329 937 2378 μου
979 2311 1046 2365 τὸ
1088 2308 1350 2380 εὑρεθέν.
1392 2314 1501 2367 Καὶ
1541 2315 1833 2384 ἀπεκρίθη
1890 2318 1924 2369 ὁ

335 2397 538 2464 ἱερεὺς
561 2399 642 2464 τῷ
684 2400 884 2468 Δαυῒδ,
915 2402 1014 2456 καὶ
1045 2397 1236 2456 εἶπεν·
1272 2406 1392 2458 Οὐκ
1421 2405 1580 2459 εἰσὶν
1606 2405 1771 2474 ἄρτοι
1814 2404 1923 2470 ,ϐέ-

338 2490 516 2554 ὅηλοι
540 2491 652 2544 ὑπὸ
687 2491 803 2561 τὴν
827 2492 996 2562 χεῖρά
1014 2513 1155 2563 μου,
1188 2495 1276 2549 ὅτι
1307 2497 1444 2551 ἀλλ’
1480 2497 1517 2566 ἢ
1562 2497 1728 2566 ἄρτοι
1769 2498 1925 2568 ἅγιοι

337 2583 530 2634 εἰσιν·
571 2585 621 2635 εἰ
662 2586 1093 2656 περυλατμένα
1150 2588 1222 2641 τὰ
1271 2587 1551 2657 παιδάρια
1593 2590 1765 2644 ἐστιν
1805 2591 1924 2646 ἀπὸ

336 2673 650 2742 γυναικὸς,
695 2675 793 2728 καὶ
860 2675 1094 2747 φάγετε.
1131 2679 1240 2733 Kal
1295 2681 1581 2749 ἀπεκρίθη
1608 2682 1789 2736 Δαυῒδ
1846 2682 1926 2750 τῷ

333 2764 502 2834 ἱερεῖ,
527 2765 626 2818 καὶ
647 2763 817 2820 εἶπεν
837 2767 1015 2833 αὐτῷ·
1047 2770 1198 2824 Ἀλλ’
1221 2772 1336 2825 ἀπὸ
1353 2773 1636 2841 γυναικὸς
1658 2775 1926 2845 ἀπεσκή-

331 2858 487 2924 μεθα
511 2855 691 2925 ἐχθὲς
716 2858 813 2910 καὶ
841 2859 1047 2926 τρίτην
1073 2859 1317 2928 ἡμέραν·
1344 2862 1414 2914 ἐν
1458 2862 1538 2927 τῷ
1564 2863 1828 2928 ἐξελθεῖν
1850 2882 1928 2934 με

338 2951 426 3014 εἰς
448 2949 597 3002 ὀδὼν
616 2948 824 3019 γέγονε
856 2949 927 3003 τὰ
955 2949 1230 3019 παιδάρια
1258 2945 1610 3023 ἡγνισμένα·
1647 2956 1744 3009 καὶ
1775 2957 1924 3025 αὕτη

339 3042 378 3108 ἡ
409 3039 554 3106 ὁδὸς
578 3039 867 3108 βέϐηλος·
905 3041 1056 3095 διότι
1085 3041 1353 3111 σήμερον
1374 3043 1802 3112 ἁγιασθήσεται
1831 3045 1928 3099 διὰ

341 3129 411 3182 τὰ
433 3132 631 3198 σκεύη
680 3148 818 3201 μου.
869 3133 978 3185 Καὶ
1046 3131 1266 3185 ἔδωκεν
1315 3131 1474 3198 αὐτῷ
1531 3133 1844 3203 Ἀχιμέλεχ
1895 3136 1928 3187 ὁ

2021 1948 2075 2001 in
2111 1946 2223 2000 loco
2253 1947 2343 2017 qui
2371 1945 2588 2010 dicitur,
2623 1943 2719 1997 Dei
2753 1941 2905 2012 fides.
2933 1940 3092 1994 Nunc
3116 1957 3238 2010 ergo
3274 1941 3320 1993 si
3352 1939 3458 1992 sint
3494 1939 3589 1991 sub

2021 2056 2180 2092 manu
2217 2047 2308 2091 tua
2336 2053 2494 2105 panes
2521 2077 2534 2098 ,
2564 2034 2635 2089 da
2665 2036 2721 2088 in
2755 2050 2942 2088 manus
2977 2048 3118 2087 meas
3154 2031 3291 2102 quod
3327 2043 3589 2100 repertum

2023 2131 2203 2197 fuerit.
2243 2129 2312 2183 Et
2346 2126 2658 2198 respondens
2691 2124 2939 2181 sacerdos
2969 2124 3163 2179 Davidi
3194 2125 3268 2177 ait
3303 2123 3385 2176 illi
3413 2137 3430 2177 :
3465 2119 3590 2174 Non

2023 2230 2145 2274 sunt
2183 2236 2342 2289 panes
2384 2219 2510 2272 laici
2549 2217 2643 2272 sub
2683 2232 2843 2270 manu
2882 2233 3030 2282 mea,
3070 2214 3160 2269 sed
3195 2224 3398 2268 tantum
3430 2229 3589 2281 panes

2022 2313 2228 2380 sancti,
2271 2314 2318 2366 si
2357 2312 2721 2365 abstinuerunt
2768 2309 2918 2376 pueri
2966 2324 3001 2361 a
3043 2307 3388 2372 mulieribus,
3419 2320 3591 2358 come-

2023 2403 2151 2458 dite.
2182 2403 2246 2456 Et
2274 2387 2542 2472 respondit
2572 2400 2742 2455 David
2766 2400 3060 2464 sacerdoti,
3088 2408 3136 2452 et
3163 2399 3296 2452 dixit
3324 2399 3372 2451 ei
3393 2413 3409 2450 :
3442 2396 3593 2449 Certe

2025 2513 2059 2549 a
2090 2495 2394 2549 mulieribus
2429 2494 2783 2548 continuimus
2815 2509 2911 2547 nos
2947 2490 3011 2544 ab
3044 2492 3154 2544 heri
3185 2499 3232 2543 et
3265 2488 3456 2542 nudius
3491 2496 3597 2540 ter-

2026 2588 2162 2650 tius,
2187 2585 2395 2656 quando
2421 2585 2615 2656 egressi
2641 2601 2823 2638 sumus
2852 2585 2906 2637 in
2931 2585 3069 2636 viam
3092 2625 3106 2646 ,
3135 2591 3183 2636 et
3212 2582 3422 2652 {uerunt
3445 2578 3597 2648 pueri

2024 2678 2386 2746 sanctiﬁcati:
2417 2693 2574 2746 porro
2605 2677 2687 2731 via
2714 2676 2825 2730 haec
2854 2675 3056 2743 polluta
3087 2683 3165 2729 est
3189 2690 3208 2737 ,'
3236 2673 3326 2728 sed
3357 2674 3470 2742 ipsa
3499 2674 3594 2726 Ito-

2025 2767 2110 2822 Jie
2125 2767 2759 2837 sanctiﬁcabiturpropter
2783 2783 2909 2819 vasa
2937 2781 3071 2818 mea.
3099 2764 3162 2818 Et
3193 2764 3335 2817 dedit
3361 2765 3408 2818 ei
3436 2763 3596 2815 Achi-

2027 2859 2222 2914 melech
2250 2859 2493 2914 sacerdos
2520 2877 2677 2930 panes
2704 2859 3076 2928 propositionis
3097 2898 3111 2922 ,
3138 2873 3297 2927 neque
3317 2857 3450 2909 enim
3481 2863 3597 2909 erat

2027 2953 2101 3006 ibi
2128 2955 2313 3022 panis,
2347 2954 2450 3007 nisi
2483 2963 2687 3006 tantum
2716 2965 2876 3020 panes
2907 2950 3095 3018 faciei,
3127 2949 3218 3018 qui
3253 2947 3445 3002 sublati
3482 2948 3603 3017 [uc-

2029 3052 2151 3094 rant
2177 3059 2208 3094 a
2240 3040 2375 3108 [acie
2398 3041 2612 3096 Domini
2633 3081 2646 3105 ,
2674 3049 2729 3092 ut
2759 3048 3036 3108 poneretur
3059 3039 3212 3107 panis
3240 3037 3465 3099 calidus,
3495 3053 3599 3102 qua

2030 3135 2114 3188 die
2146 3136 2345 3204 accepit
2374 3151 2460 3188 eos
2493 3136 2536 3187 °.

344 3220 536 3287 ιερεὺς
565 3221 710 3288 τοὺς
757 3223 978 3291 ἄρτους
1013 3222 1124 3291 τῆς
1157 3226 1514 3292 προθέσεως·
1567 3225 1657 3278 ὅτι
1712 3227 1823 3280 οὐκ
1864 3223 1943 3296 ἦν
1979 3225 2178 3295 ἄρτος,
2211 3226 2348 3280 ἀλλ’
2373 3227 2411 3294 ἢ
2439 3225 2601 3294 ἄρτοι
2628 3225 2734 3282 τοῦ
2757 3226 3080 3295 προσώπου
3115 3226 3168 3278 ol
3234 3224 3600 3294 ἀφῃρημένοι

343 3319 410 3370 ἐκ
435 3320 764 3388 προσώπου
790 3321 1008 3390 Κυρίου
1033 3321 1141 3376 τοῦ
1181 3324 1581 3393 παρατεθῆναι
1613 3324 1794 3394 ἄρτον
1831 3326 2067 3395 θερμὸν,
2093 3320 2132 3398 ᾗ
2176 3325 2367 3396 ἡμέρᾳ
2391 3325 2606 3381 ἐλαϐεν
2625 3327 2865 3390 αὐτούς.

414 3411 606 3466 Ταῦτα
653 3413 751 3488 μὲν
797 3408 890 3465 οὖν
929 3414 962 3484 ἡ
1002 3415 1130 3484 περὶ
1174 3415 1270 3468 τοῦ
1341 3416 1624 3488 Ἀχιμέλεχ
1675 3418 1926 3489 διήγησις

2099 3419 2226 3474 llaec
2263 3418 2426 3474 habet
2465 3417 2709 3471 narratio
2747 3417 2838 3470 illa
2876 3415 2943 3470 de
2981 3413 3353 3468 Achimelech.
3394 3410 3602 3471 Deinde

349 3505 614 3578 περιέχει·
671 3502 798 3574 ὲξῆς
848 3503 905 3557 δὲ
954 3506 1221 3575 συνῆπται
1268 3506 1342 3571 ὡς
1373 3509 1571 3579 ἀνέστη
1623 3510 1786 3563 Δαυῒδ
1833 3513 1926 3565 καὶ

351 3598 546 3666 ἔφυγεν
572 3599 631 3649 ὲν
660 3600 725 3668 τῇ
758 3597 942 3668 ἡμέρᾳ.
975 3599 1176 3670 ἐκείνῃ·
1238 3598 1332 3651 τοῦ
1360 3617 1418 3653 τε
1461 3602 1745 3673 Ἀχιμέλεχ
1800 3605 1929 3657 ἀνα-

350 3692 622 3762 χωρήσας,
650 3685 780 3760 mea
828 3688 963 3760 πρὸς
1000 3689 1225 3762 Ἀγχοῦς
1271 3691 1494 3761 βασιλέα
1554 3694 1592 3744 Γ
1597 3693 1676 3745 έθ.
1737 3695 1794 3746 Ὀ
1831 3695 1928 3766 μὲν

352 3779 438 3835 οὖν
467 3800 552 3846 τις
584 3783 718 3853 ἐρεῖ,
750 3781 872 3834 ἐπεὶ
934 3782 1008 3853 μὴ
1077 3783 1370 3855 ἐμφέρεται
1405 3786 1462 3837 ὲν
1490 3787 1555 3855 τῇ
1620 3785 1830 3857 ἱστορίᾳ
1859 3788 1926 3856 τῇ

353 3873 490 3925 κατὰ
507 3871 602 3925 τὸν
661 3871 948 3941 Ἀχιμέλεχ
989 3889 1008 3922 ι
1040 3872 1338 3937 ἀλλοιώσας
1380 3874 1442 3927 τὸ
1491 3875 1780 3946 πρόσωπον
1835 3878 1930 3929 αύ-

349 3965 442 4018 τοῦ
472 3967 502 4018 ὁ
534 3964 718 4030 Δαυῖδ,
758 3985 775 4017 ι
815 3968 954 4019 κατὰ
989 3965 1208 4035 σφάλμα
1255 3966 1466 4021 κεῖσθαι
1510 3969 1572 4021 τὸ
1604 3969 1774 4038 ὄνομα
1833 3969 1928 4022 τοῦ

365 4055 652 4127 Ἀδιμέλεχ
686 4057 808 4110 ἀντὶ
853 4057 945 4110 τοῦ
996 4057 1257 4128 ὀνόματος
1303 4057 1548 4128 Ἀγχούς·
1606 4058 1790 4126 σαφῶς
1821 4059 1930 4130 γὰρ

353 4147 439 4201 ἐπὶ
462 4147 560 4202 τοῦ
588 4149 813 4220 Ἀγχοῦς
845 4149 1074 4223 εἴρηται·
1094 4164 1114 4198 ι
1131 4148 1423 4214 ἀλλοιώσας
1442 4150 1502 4203 τὸ
1528 4159 1816 4222 πρόσωπον
1843 4152 1928 4205 αὐ-

351 4243 465 4306 τοῦ,
498 4261 516 4293 ι
542 4242 631 4294 ὅτε
661 4241 752 4294 καὶ
783 4240 852 4294 τὰ
886 4241 1035 4295 σιελα
1054 4242 1216 4295 αὐτοῦ
1243 4243 1496 4315 κατέρρει
1519 4243 1612 4296 καὶ
1637 4243 1932 4314 ὲτυμπάνι-

354 4334 460 4399 ζεν.
502 4335 709 4405 Ἔργον
730 4333 786 4385 δὲ
821 4333 1044 4404 Θρασὺν,
1073 4334 1168 4388 καὶ
1207 4335 1473 4405 προπετὲς
1505 4330 1643 4389 εἶναι
1693 4337 1931 4408 ἡγοῦμαι

353 4423 410 4475 τὲ
436 4419 821 4491 ἀποφήνασθαι
878 4418 1079 4490 τολμᾷν
1110 4421 1209 4491 τὴν
1244 4419 1391 4473 θείαν
1434 4421 1654 4492 Γραφὴν
1685 4425 1932 4495 ὴμαρτῆ-

355 4519 496 4581 σθαι,
529 4513 628 4566 καὶ
652 4509 902 4564 τοσοῦτον
931 4511 1202 4582 περιέχειν
1231 4511 1476 4582 σφάλμα,
1521 4510 1596 4576 ὡς
1624 4514 1744 4567 ἀντὶ
1779 4515 1934 4568 ἀλλο-

353 4606 520 4674 φύλου
551 4603 746 4674 ἀνδρὸς
777 4602 925 4673 ἱερέα
990 4602 1122 4656 Θεοῦ
1155 4602 1521 4675 παρενθεῖναι·
1585 4604 1818 4674 μάλιστα
1845 4607 1934 4659 ὅτε

348 4701 441 4754 καὶ
466 4700 502 4768 ἡ
549 4695 814 4766 Ἐϐραῖκὴ
845 4695 1146 4762 ἀνάγνωσις
1181 4697 1274 4748 καὶ
1306 4698 1353 4748 οἱ
1395 4695 1571 4749 λοιποὶ
1602 4687 1935 4768 ἐρμηνευταὶ

2029 3511 2290 3582 adjicitur
2342 3525 2452 3579 quo
2496 3517 2656 3580 pacto
2695 3508 2866 3563 David
2918 3507 3222 3564 surrexerit
3270 3514 3326 3560 et
3355 3505 3604 3577 effugerit

2028 3593 2122 3660 illa
2157 3603 2279 3669 die,
2327 3617 2563 3671 cumque
2606 3603 2676 3656 ab
2730 3599 3080 3656 Achimelech
3135 3599 3502 3663 discessisset,
3533 3600 3603 3654 ad

2028 3696 2252 3750 Anchus
2265 3709 2445 3764 regem
2468 3693 2606 3749 Geth
2631 3694 2946 3749 accesserit.
2967 3691 3118 3747 Dicet
3134 3691 3272 3747 forte
3290 3693 3560 3762 quispiam
3582 3699 3600 3744 ξ

2032 3790 2167 3845 Cum
2199 3791 2254 3843 in
2283 3787 2510 3842 historia
2539 3789 2605 3841 de
2639 3785 2984 3840 Achimelech
3012 3800 3121 3838 non
3147 3782 3356 3837 feratur
3385 3802 3403 3833 ι
3434 3782 3595 3836 Davi-

2029 3883 2152 3937 dem
2179 3882 2497 3935 immutasse
2528 3879 2735 3932 vultum
2765 3891 2946 3941 suum,
2976 3896 2994 3928 ι
3017 3876 3172 3945 lapsu
3211 3874 3471 3945 graphice
3502 3890 3607 3930 no-

2030 3989 2154 4028 men
2186 3970 2536 4027 Achimelech
2566 3985 2668 4040 pro
2696 3969 2918 4024 nomine
2958 3968 3182 4022 Anchus
3211 3968 3447 4037 positum
3471 3976 3556 4023 est
3581 3985 3597 4024 :

2031 4066 2177 4120 clare
2208 4065 2354 4119 enim
2403 4063 2460 4116 in
2506 4062 2736 4117 historia
2774 4061 2997 4116 Anchus
3047 4061 3249 4117 dicitur
3285 4063 3605 4116 immutasse

2031 4159 2242 4212 vultum
2291 4171 2473 4223 suum,
2523 4153 2743 4225 quando
2784 4155 2968 4209 saliva:
3017 4154 3136 4223 ejus
3186 4153 3520 4217 difﬂuebant,
3554 4163 3608 4209 et

2032 4249 2189 4319 quasi
2217 4256 2479 4318 tympano
2506 4247 2779 4318 pulsabat.
2812 4247 2882 4299 At
2905 4260 3005 4316 ego
3026 4245 3203 4299 audax
3228 4247 3606 4300 temerarium-

2032 4357 2139 4412 que
2172 4340 2383 4396 facinus
2411 4340 2652 4394 arbitror
2684 4355 2826 4403 esse,
2859 4340 3218 4409 pronuntiare
3269 4338 3610 4393 confidenter

2032 4433 2272 4488 divinam
2300 4432 2639 4502 Scripturam
2665 4432 2870 4500 lapsam
2891 4446 3032 4494 esse,
3053 4438 3107 4485 et
3127 4431 3234 4485 tale
3255 4431 3443 4485 vitium
3469 4444 3605 4500 prat-

2034 4524 2196 4589 ferre,
2231 4531 2291 4578 ut
2327 4539 2426 4593 pro
2456 4524 2574 4578 viro
2620 4522 2925 4591 alienigena
2967 4524 3225 4578 sacerdos
3259 4522 3472 4577 Domini
3508 4538 3608 4591 po-

2035 4625 2236 4682 natur;
2275 4631 2400 4669 cum
2445 4614 2683 4668 maxime
2716 4612 2980 4668 Hebraica
3014 4614 3255 4669 lectio.et
3283 4612 3476 4682 reliqui
3523 4613 3608 4666 in-

2036 4715 2306 4777 terpretes
2351 4722 2541 4762 omnes
2582 4707 2910 4761 Achimelech
2970 4705 3378 4761 circumferant.
3418 4703 3609 4760 Restat

351 4792 556 4853 πάντες
581 4787 672 4841 τὸν
710 4785 994 4858 Ἀχιμέλεχ
1013 4787 1370 4858 περιέχουσιν.
1407 4786 1614 4842 Οὐκοῦν
1641 4789 1927 4844 ἀκόλουθον

2035 4799 2226 4870 igitur,
2256 4799 2475 4870 quando
2527 4799 2817 4870 inscriptio
2841 4813 2968 4854 vera
3000 4797 3224 4868 profert,
3260 4806 3318 4851 ut
3351 4797 3608 4867 exquira-

349 4883 414 4938 ἂν
438 4884 554 4952 εἴη,
581 4877 950 4951 ἀληθευούσης
982 4878 1081 4949 τῆς
1113 4880 1454 4950 προγραφῆς,
1486 4879 1766 4951 ἐπιζητεῖν
1815 4881 1933 4947 πῶς

349 4977 442 5029 καὶ
474 4973 614 5026 πότε
656 4970 954 5038 ἠλλοίωσε
1017 4971 1081 5024 τὸ
1140 4973 1460 5040 πρόσωπον
1506 4973 1692 5027 αὐτοῦ
1756 4955 1942 5036 Δαυῒδέ

347 5066 638 5121 ἐναντιον
699 5065 1024 5134 Ἀϐιμέλεχ,
1074 5064 1172 5118 καὶ
1233 5065 1543 5120 ἀπέλυσεν
1590 5068 1794 5134 αὐτὸν,
1835 5070 1934 5124 καὶ

349 5158 614 5228 ἀπῆλθε.
643 5158 800 5211 Δοκεῖ
825 5157 886 5226 δή
911 5175 998 5227 μοι
1027 5159 1090 5210 ὲκ
1113 5158 1212 5228 τῆς
1241 5158 1594 5230 παραθέσεως
1609 5161 1714 5215 τῶν
1736 5161 1937 5217 λοιπῶν

351 5247 714 5323 ἑρμηνευτῶν
737 5247 922 5311 λύσεις
965 5249 1310 5320 εὑρίσκεσθαι
1337 5249 1431 5303 τοῦ
1476 5248 1831 5323 ζητουμένου.
1877 5253 1934 5305 Ὁ

356 5344 454 5413 μὲν
485 5340 600 5413 γὰρ
645 5335 878 5404 Ἀκύλας
913 5340 1006 5393 καὶ
1035 5341 1068 5412 ή
1101 5341 1320 5412 πέμπτη
1353 5340 1560 5406 ἕκδοσις
1605 5343 1792 5396 τοῦτον
1829 5347 1932 5416 ἡρ-

358 5406 637 5506 μήνευσαν
660 5433 751 5486 τὸν
779 5433 998 5504 τρόπον·
1037 5406 1146 5487 ibi)
1176 5406 1364 5486 davié‘
1395 5433 1493 5487 ὅτε
1542 5406 1951 5502 nauatae—seis?

360 5528 546 5598 γεῦμα
583 5525 773 5580 αὐτοῦ
817 5527 905 5590 εἰς
951 5526 1274 5593 πρόσωπον
1312 5525 1638 5595 Ἀϐιμέλεχ.
1674 5527 1774 5580 καὶ
1803 5519 1948 5591 ἐξέο’

364 5621 541 5674 Canter
559 5617 770 5682 αὐτὸν,
836 5617 935 5670 καὶ
979 5616 1231 5686 ἀπῆλθε.
1283 5617 1507 5689 Μήποτε
1534 5617 1643 5689 γὰρ
1687 5618 1775 5673 διὰ
1809 5621 1934 5682 τοὺς

432 5802 452 5832 ⁹
488 5798 506 5853 l
544 5799 679 5871 Reg.
721 5793 977 5864 111,1-6.

2031 4905 2161 4945 mus
2183 4890 2457 4960 quomodo
2483 4899 2537 4945 et
2567 4891 2786 4961 quando
2809 4889 2977 4944 David
3008 4889 3208 4943 vultum
3231 4904 3384 4943 suum
3411 4890 3606 4942 immu-
3643 4959 3647 4963 _

2035 4985 2165 5037 tavit
2195 4998 2374 5036 coram
2421 4983 2742 5048 Abimelech,
2779 4993 2826 5036 et
2864 4983 3065 5036 dimisit
3093 5000 3230 5044 eum,
3256 4993 3304 5037 et
3330 4983 3480 5038 abiit.
3512 4981 3610 5038 Vi-

2038 5074 2198 5129 detur
2221 5090 2353 5130 sane
2387 5074 2519 5129 mihi
2559 5091 2626 5129 ex
2651 5083 2969 5129 caeterorum
3001 5075 3353 5144 interpretum
3387 5079 3619 5145 compa-'

2038 5165 2249 5221 ratione
2305 5165 2521 5234 quaesiti
2553 5166 2851 5219 solutiones
2878 5164 3383 5234 suppeditari.Nam
3411 5165 3607 5237 Aquila

2039 5266 2090 5311 et
2121 5259 2310 5327 quinta
2340 5258 2508 5313 editio
2535 5257 2638 5312 hoc
2665 5267 2823 5327 pacto
2857 5258 3196 5328 interpretati
3238 5267 3366 5315 sunt
3397 5276 3409 5312 :
3447 5260 3610 5314 Davi.

2036 5346 2118 5400 dis
2148 5348 2357 5418 quando
2408 5348 2705 5401 immutavit
2733 5357 2942 5416 gustum
2985 5365 3136 5402 suum
3170 5351 3239 5404 ad
3267 5351 3607 5420 [aciemAbi-

2034 5438 2253 5502 melecb,
2316 5447 2364 5491 et
2427 5437 2576 5505 ejecit
2619 5453 2760 5502 eum,
2820 5447 2868 5492 et
2944 5438 3096 5495 abiit.
3173 5440 3336 5497 Forte
3386 5455 3607 5513 pmptcr

2036 5545 2207 5603 panes
2239 5529 2653 5599 propositionis,
2682 5545 2821 5600 quos
2873 5545 2998 5585 cum
3041 5535 3340 5604 accepisset
3373 5535 3442 5589 ab
3479 5535 3609 5590 Abi-

2037 5620 2268 5684 melech,
2303 5618 2537 5685 comedit
2575 5620 2690 5690 ipse
2743 5627 2796 5676 et
2839 5622 2991 5691 pueri
3027 5623 3118 5691 qui
3165 5639 3288 5678 cum
3321 5639 3387 5679 eo
3427 5630 3606 5689 erant,
