3940 6292
531 341 632 412 sol

1216 351 1485 410 EUSEBII
1517 349 1994 409 CJESARIENSIS
2031 347 2181 408 OPP.
2224 347 2402 404 PARS
2463 347 2634 403 lll.-—-
2671 344 3071 401 EXEGETICA.
3669 349 3752 404 292

533 472 855 525 immutasse
903 467 1104 525 dicitur
1139 465 1357 542 gustum
1387 488 1545 528 suum
1583 472 1649 526 ad
1675 471 1867 526 faciem
1892 471 2084 526 Ahime

2212 469 2407 541 ἄρτους
2425 467 2524 538 τῆς
2559 465 2886 536 προθέσεως,
2908 463 3003 527 οὒς
3031 462 3208 517 λαὸὼν
3236 463 3392 534 παρὰ
3422 463 3518 517 τοῦ
3565 465 3750 538 Ἀϐιμέ-

534 563 680 618 iech.
713 563 849 617 Cum
875 563 1019 617 enim
1061 565 1456 618 sanctificatum
1491 565 1672 619 cibum
1701 563 2015 626 'comederit,
2042 577 2106 618 ac

533 654 903 710 Sacerdotales
937 671 1125 726 panes,
1154 657 1354 726 quibus
1377 657 1598 712 nonnisi
1644 657 1775 712 solis
1805 655 2103 711 sacerdoti-

530 745 634 802 bus
665 748 738 802 nti
781 747 997 813 licebat,
1040 748 1346 801 immutavit
1386 757 1601 819 gustum
1649 763 1828 804 suum.
1860 745 2106 817 Symma-

529 837 668 893 chus
694 854 824 893 vero
860 853 982 893 cum
1008 838 1162 902 dicit,
1200 839 1417 893 Davidis
1459 839 1667 911 quando
1701 839 2105 909 transformavit

531 937 727 985 inorem
759 947 913 984 suum
948 947 1124 985 coram
1156 931 1474 999 Abimelech,
1510 934 1673 986 alium
1707 949 1928 989 sensum
1974 935 2105 990 sub-

524 1023 666 1094 ji‘cit,
697 1025 824 1079 dum
870 1026 944 1079 ait
969 1041 1175 1081 morem
1221 1025 1442 1082 Davidis
1489 1026 1835 1082 immutatum
1869 1027 1924 1080 in
1967 1043 2100 1083 con-

528 1125 719 1188 Spectu
751 1117 1094 1173 Abimelech:
1140 1118 1268 1187 'quia
1314 1118 1525 1172 scilicet
1563 1118 1933 1189 interrogatus
1981 1133 2102 1188 quae

527 1225 695 1267 causa
727 1217 992 1280 susceptae
1019 1209 1118 1265 vim
1159 1210 1262 1264 sibi
1291 1217 1458 1273 esset,
1499 1210 1762 1265 mentitus
1789 1217 1894 1274 est,
1922 1225 1985 1264 ac
2013 1225 2100 1265 sa-

528 1305 803 1359 cerdotem
841 1302 1064 1358 fefellit:
1101 1305 1338 1358 alienum
1369 1301 1571 1372 quippe
1603 1302 1819 1358 Davidis
1858 1303 2099 1358 moribus

527 1403 643 1450 erat
677 1395 894 1451 fallacia
924 1395 1025 1459 uti,
1083 1410 1192 1465 qua
1239 1395 1421 1449 tamen
1455 1411 1587 1449 usus
1622 1410 1686 1448 eo
1725 1402 1969 1464 tempore
1996 1395 2100 1446 im-

525 1486 756 1540 mutavit
782 1501 983 1541 morem
1018 1501 1202 1550 suum,
1244 1483 1542 1541 secundum
1578 1485 1979 1556 Symmachum.
2017 1485 2097 1540 E-x

524 1577 686 1632 dictis
727 1589 892 1646 porro
929 1579 1100 1646 ipsam
1158 1592 1379 1647 quoque
1430 1576 1786 1646 Septuaginta
1838 1576 2096 1632 Virorum

523 1669 1026 1739 interpretationem
1059 1670 1302 1725 historiae
1325 1669 1658 1725 Abimelechi
1683 1670 1939 1740 adaptare
1966 1671 2096 1726 lice-

523 1758 624 1824 bit,
653 1774 774 1829 qum
802 1767 990 1813 narrat
1034 1759 1292 1814 Davidem
1334 1761 1654 1816 immutasse
1681 1760 1888 1816 vultum
1935 1777 2093 1816 suum

2205 561 2319 631 λεχν
2350 559 2549 628 ἔφαγεν
2595 557 2753 620 αὐτὸς
2783 557 2877 609 καὶ
2915 557 2981 610 τά
3037 555 3296 625 παιδάρια
3345 554 3418 607 τά
3455 556 3570 625 μετ’
3596 558 3749 622 αὑτοῦ,

2204 644 2556 724 ἡλλοιωκέναι
2583 651 2799 719 λέγεται
2854 652 2915 702 τὸ
2941 648 3120 719 γεῦμα
3164 647 3328 702 αὑτοῦ
3380 649 3464 711 είς
3496 649 3752 720 πρόσωπον

2217 746 2522 816 Ἀϐιμέλεχ.
2551 743 2915 815 Ἡγιασμένης
2942 743 3048 813 γὰρ
3070 742 3274 813 τροφῆς
3291 740 3647 815 γευσάμενος,
3677 744 3751 795 καὶ

2201 837 2309 890 τῶν
2338 838 2516 908 ἄρτων
2538 837 2643 890 τῶν
2702 835 3005 904 ἱερατικῶν,
3041 829 3122 897 οἷς
3153 833 3252 886 οὐκ
3294 832 3431 902 ἐξῆν
3476 834 3752 904 χρήσασθαι

2201 931 2249 982 εἰ
2282 929 2355 1000 μὴ
2384 930 2560 999 μόνοις
2594 932 2704 993 τοῖς
2735 925 3260 998 ίερεῦσιν,ὴλλοίωσε
3286 925 3347 978 τὸ
3382 925 3566 995 γεῦμα
3594 926 3748 982 αὑτοῦ.
3850 921 3851 938 1

2213 1021 2270 1074 '0
2295 1023 2349 1074 δὲ
2370 1021 2661 1093 Σύμμαχος
2689 1018 2876 1074 εἰπών·
2911 1020 3021 1074 Τοῦ
3055 1018 3234 1073 Δαυῒδ
3273 1019 3461 1072 ὁπότε
3499 1023 3748 1088 μετεμόρ-

2199 1129 2364 1184 φωσε
2393 1114 2500 1166 τὸν
2527 1114 2748 1181 τρόπον
2789 1113 2897 1166 τόν
2927 1111 3144 1165 ἑαυτοῦ
3184 1111 3534 1180 ἔμπροσθεν
3565 1110 3749 1181 Ἀϐιμέ-

2199 1211 2330 1276 λεχ,
2373 1207 2562 1276 ἑτέραν
2609 1207 2843 1260 διάνοιαν
2887 1202 3246 1273 ὑποϐέϐληκε,
3299 1200 3396 1254 τὸν
3445 1201 3639 1272 τρόπον
3673 1203 3746 1256 τοῦ

2198 1299 2361 1352 Δαυῒδ
2387 1298 2707 1368 ἠλλοιῶσθαι
2761 1299 2936 1368 φήσας
2970 1293 3277 1368 ἔμπροσθεν
3349 1291 3654 1364 Ἀϐιμέλεχ,
3681 1294 3747 1347 διὰ

2196 1394 2275 1456 τὸ,
2304 1391 2637 1464 ἐρωτηθέντα
2668 1390 2751 1453 τίς
2777 1388 2862 1459 εἴη
2889 1386 3036 1458 αὑτῷ
3069 1389 3102 1457 ἡ
3158 1387 3304 1439 αἰτία
3338 1385 3445 1455 τῆς
3474 1384 3612 1451 ὁδοῦ,
3641 1385 3745 1454 ψεύ-

2199 1484 2392 1539 σασθαι
2421 1485 2515 1537 καὶ
2543 1478 3010 1554 παραλογίσασθαι
3038 1479 3128 1531 τὸν
3163 1477 3333 1549 ἱερέα·
3357 1474 3635 1546 ἀλλότριον
3662 1476 3744 1547 γὰρ

2195 1571 2263 1646 ἦν
2293 1573 2385 1627 τοῦ
2427 1573 2629 1645 τρόπου
2676 1571 2770 1625 τοῦ
2812 1567 2974 1623 Δαυῒδ
3029 1569 3089 1620 τὸ
3133 1566 3318 1639 ἀπάτῃ
3382 1559 3742 1640 κεχρῆσθαι,ᾗ

2196 1669 2316 1723 κατ’
2338 1669 2540 1721 ἐκεῖνον
2587 1666 2678 1719 τὸν
2736 1664 2926 1736 καιρὸν
2973 1661 3338 1735 χρησάμενος,
3395 1658 3646 1728 ἠλλοίωσε
3671 1659 3742 1712 τὸν

2194 1762 2391 1834 τρόπον
2422 1759 2606 1825 αὑτοῦ,
2633 1758 2774 1814 κατὰ
2803 1757 2894 1811 τὸν
2925 1757 3237 1827 Σύμμαχον.
3285 1754 3384 1806 Ἐκ
3403 1752 3461 1806 δὲ
3488 1745 3593 1805 τῶν
3622 1754 3740 1824 εἰρη-

523 1864 708 1903 coram
751 1849 1087 1916 Abimelech,
1123 1851 1252 1921 quia
1295 1865 1403 1905 non
1450 1850 1554 1920 ipsi
1583 1866 1768 1906 veram
1809 1844 1946 1922 fugae
1980 1867 2084 1908 sua:

2199 1853 2373 1924 μένων
2397 1852 2491 1904 καὶ⁵
2522 1851 2620 1921 τὴν
2642 1849 2750 1902 τῶν
2784 1846 3184 1918 Ἐὅδομήκοντα
3213 1840 3514 1914 ἑρμηνείαν
3536 1842 3740 1912 ἐφαρμό-

521 1951 744 1996 causam
797 1942 1194 2008 declaraverat,
1248 1941 1342 1998 sed
1383 1941 1650 1997 fefellerat
1695 1958 1818 1997 eum
1848 1944 1951 1997 alia
1991 1937 2091 2013 pro

521 2035 645 2090 aliis
679 2037 930 2102 locutus;
967 2038 1040 2088 ita
1070 2044 1127 2089 ut
1176 2035 1340 2090 etiam
1380 2036 1617 2091 Goliathi
1643 2036 1899 2092 frameam
1932 2036 2000 2090 ab
2027 2052 2092 2090 eo

522 2125 812 2194 acceperit,
849 2125 1060 2196 ipsique
1104 2125 1367 2195 perniciei
1393 2140 1561 2181 causa
1609 2126 1790 2181 fuerit.
1836 2128 1950 2182 Sub
1979 2128 2091 2182 haec

522 2216 666 2270 enim
691 2214 819 2270 Saul
842 2232 965 2271 cum
990 2233 1104 2272 rem
1138 2226 1343 2288 gestam
1373 2217 1670 2284 didicisset,
1702 2220 1852 2274 misit
1879 2221 1973 2289 qui
1993 2236 2089 2274 oc-

520 2308 764 2363 ciderent
790 2308 1104 2364 Abimelech
1129 2318 1183 2365 et
1213 2325 1399 2366 omnes
1435 2310 1747 2366 sacerdotes
1777 2311 2011 2378 Domini,
2037 2319 2091 2368 et

517 2397 728 2455 Nobam
768 2401 1044 2456 civitatem
1087 2403 1444 2458 sacerdotum.
1483 2406 1774 2472 percussit.
1818 2405 2090 2476 Gestaque

516 2493 634 2547 haec
684 2493 866 2547 omnia
917 2503 1065 2560 sunt,
1117 2495 1244 2565 quia
1296 2495 1466 2553 David
1516 2499 1822 2553 immutavit
1867 2501 2089 2555 modum

517 2593 700 2654 suum,
747 2594 841 2640 aut
870 2577 1078 2642 vultum
1112 2604 1269 2643 suum
1329 2589 1383 2642 in
1428 2600 1722 2661 conspectu
1751 2592 2084 2646 Abimelech.

513 2670 826 2746 Regnorum
883 2676 1162 2748 Scriptura
1200 2679 1530 2734 Achimelech
1565 2682 1760 2750 habet;
1795 2699 1865 2738 ne
1898 2700 1966 2737 ex
2000 2685 2090 2737 lit-

515 2772 645 2820 terae
691 2770 1116 2824 commutatione
1166 2771 1436 2840 quispiam
1484 2781 1814 2828 moveatur:
1866 2789 1989 2827 nam
2021 2791 2087 2830 ex

513 2873 576 2914 ea
599 2875 719 2930 quae
744 2860 1030 2916 intercedit
1059 2863 1202 2917 inter
1226 2865 1433 2920 litteras
1463 2865 1592 2919 Beth
1625 2872 1678 2920 et
1705 2863 1870 2935 Caph,
1902 2875 1961 2920 ut
1983 2865 2089 2922 lle-

513 2951 642 3005 braai
689 2963 908 3015 vocant,
949 2953 1326 3022 similitudine,
1375 2956 1590 3011 diverse
1629 2971 1828 3011 nomen
1881 2957 2087 3012 editum

515 3040 617 3096 fuit
647 3060 660 3097 :
690 3042 959 3112 siquidem
996 3060 1102 3098 una
1126 3045 1424 3116 eademque
1457 3046 1568 3101 fere
1593 3045 1826 3101 duorum
1852 3048 2089 3102 elemen-

509 3139 692 3196 torum
728 3132 918 3203 ﬁgura.
946 3133 1270 3190 brevissimo
1297 3137 1452 3206 apice
1481 3137 1658 3190 solum
1689 3136 2080 3208 distinguente.

511 3224 571 3278 in
627 3223 934 3294 Evangeliis
1007 3240 1170 3294 porro
1227 3226 1458 3295 hujusce
1524 3226 1769 3282 historiae
1824 3227 2082 3283 Davidem

510 3317 810 3386 spectantis
857 3315 1106 3372 Salvator
1152 3318 1400 3372 meminit
1449 3319 1534 3374 his
1574 3321 1755 3375 verbis
1784 3340 1796 3375 :
1826 3320 1950 3376 Non
2003 3323 2080 3376 le-

507 3407 662 3478 gistis
697 3406 822 3475 quid
846 3406 1028 3476 fecerit
1065 3408 1255 3472 David,
1286 3411 1496 3480 quando
1529 3413 1736 3476 esuriit,
1771 3421 1819 3466 et
1849 3417 1937 3484 qui
1963 3432 2081 3471 cum

503 3512 566 3551 eo
596 3506 748 3550 erant
771 3514 788 3552 :
812 3499 1068 3568 quomodo
1095 3501 1312 3556 intravit
1343 3503 1396 3556 in
1437 3503 1653 3557 domum
1685 3505 1802 3573 Dei,
1832 3515 1882 3560 et
1912 3525 2074 3578 panes

504 3591 879 3659 propositionis
900 3592 1144 3658 comedit,
1184 3611 1314 3665 quos
1360 3613 1463 3651 non
1494 3597 1682 3652 licebat
1711 3601 1759 3654 ei
1787 3600 1958 3666 edere,
1990 3619 2080 3656 ne—

501 3695 605 3750 que
635 3681 701 3735 iis
729 3683 819 3752 qui
847 3699 966 3736 cum
998 3701 1058 3737 eo
1089 3695 1261 3752 erant,
1293 3688 1397 3741 nisi
1439 3689 1572 3743 solis
1615 3691 1973 3747 sacerdotibus
1999 3695 2080 3748 ‘°?

507 3769 623 3826 Hoc
647 3771 702 3827 in
725 3772 1017 3845 Erangelio
1063 3778 1364 3833 secundum
1391 3778 1703 3836 Matthzeum
1737 3784 1943 3838 dictum
1971 3793 2075 3842 est.

502 3862 640 3918 Cum
673 3872 852 3921 autem
901 3867 958 3921 in
1012 3866 1308 3939 Evangelio
1356 3872 1658 3927 secundum
1713 3873 1954 3931 Marcum
2003 3876 2076 3930 ita

505 3956 746 4010 locutum
779 3956 1116 4014 Salvatorem
1158 3976 1281 4016 esse
1316 3963 1632 4021 scribatur:
1671 3964 1959 4037 Nunquam
2008 3966 2078 4022 le-

502 4049 656 4120 gistis
695 4051 821 4121 quid
861 4052 1041 4121 fecerit
1087 4053 1280 4120 David,
1327 4056 1537 4126 quando
1587 4061 1951 4114 necessitatem
1989 4061 2079 4114 Ira-

505 4140 637 4206 buit,
661 4151 711 4195 et
740 4144 926 4196 esui-iit
980 4145 1088 4214 ipse
1123 4154 1175 4202 et
1213 4147 1302 4216 qui
1333 4163 1449 4200 cum
1492 4166 1552 4203 eo
1590 4155 1783 4207 erant?
1815 4153 2076 4223 quomodo

503 4232 738 4286 introivit
771 4235 825 4287 in
855 4233 1068 4288 domum
1097 4235 1196 4290 Dei
1233 4237 1328 4292 sub
1359 4238 1618 4293 Abiathar
1640 4243 1872 4312 principe
1902 4261 2077 4299 sacer-

502 4321 709 4389 dotum,
741 4333 792 4379 et
829 4343 989 4396 panes
1042 4330 1417 4397 propositionis
1466 4336 1802 4388 manducavit
1830 4336 1909 4388 ιιι
1950 4337 2074 4406 quis

501 4431 614 4470 non
643 4416 811 4469 animi
849 4417 1080 4487 pendeat
1111 4429 1406 4489 quaeratve,
1440 4438 1548 4492 qua
1586 4425 1795 4479 ratione
1826 4425 1914 4480 hic
1947 4424 2074 4482 Ser-

2193 1949 2306 2008 σεις
2333 1946 2399 2014 τῇ
2450 1941 2594 1996 κατά
2639 1941 2730 1995 τὸν
2773 1937 3058 2010 Ἀδιμέλεχ
3113 1937 3344 2008 ἱστορίᾳ,
3401 1935 3614 2006 φησάσῃ
3665 1934 3738 2004 ἠλ-

2189 2036 2470 2090 λοιωκέναι
2494 2035 2585 2088 τὸν
2635 2033 2796 2088 Δαυῒδ
2841 2033 2901 2086 τὸ
2958 2031 3246 2104 πρόσωπον
3301 2028 3501 2083 ἑαυτοῦ
3545 2027 3736 2082 ἐνώπιον

2202 2126 2508 2197 Ἀϐιμέλεχ,
2536 2124 2624 2178 διὰ
2665 2124 2725 2177 τὸ
2761 2124 2834 2194 μὴ
2899 2122 3229 2192 ἀπαγγεῖλαι
3279 2121 3435 2192 αὐτῷ
3459 2120 3564 2173 -τὸν
3593 2119 3734 2191 ἀληθῆ

2189 2217 2344 2286 λόγον
2398 2217 2499 2286 τῆς
2551 2215 2742 2269 ἑαυτοῦ
2798 2215 2994 2286 φυγῆς,
3057 2212 3535 2284 παραλογίσασθαι
3570 2213 3621 2265 δὲ
3664 2211 3736 2264 καὶ

2189 2307 2350 2379 ἕτερα
2379 2307 2494 2361 ἀνθ’
2527 2306 2728 2376 ἐτέρων
2764 2308 2958 2358 εἰπεῖν·
2978 2303 3053 2368 ὡς
3081 2306 3172 2357 καὶ
3215 2302 3315 2375 τὴν
3360 2303 3623 2374 ῥομφαίαν
3659 2299 3731 2353 τοῦ

2189 2397 2380 2451 Γολιὰο
2409 2398 2536 2469 παρ’
2566 2397 2729 2452 αὑτοῦ
2778 2395 3054 2461 δέξασθαι,
3103 2394 3359 2465 γενέσθαι
3418 2413 3479 2448 τε
3511 2393 3646 2464 αὐτῷ
3670 2393 3733 2446 αἵ-

2187 2508 2300 2544 τιον
2324 2491 2617 2555 ἀπωλείας.
2642 2489 2843 2544 Μαθὼν
2875 2491 2983 2562 γὰρ
3012 2489 3148 2561 μετὰ
3172 2491 3347 2544 ταῦτα
3377 2489 3549 2545 Σαοὺλ
3572 2489 3632 2542 τὰ
3659 2505 3732 2540 πε-

2189 2582 2496 2653 πραγμένα,
2528 2581 2749 2651 πέμψας
2784 2582 2990 2634 ἀνεῖλεν
3050 2580 3208 2632 αὐτόν
3247 2598 3310 2634 τε
3357 2579 3451 2636 τὸν
3490 2579 3730 2650 Ἀϐιμέλεχ

2189 2677 2280 2728 καὶ
2320 2676 2525 2737 πάντας
2576 2677 2701 2737 τοὺς
2751 2677 2913 2746 ἱερεῖς
2943 2672 3035 2726 τοῦ
3069 2674 3276 2745 Κυρίου
3332 2674 3428 2728 καὶ
3451 2675 3545 2744 τὴν
3585 2671 3729 2726 Νοὸὰν

2187 2769 2287 2840 τὴν
2318 2767 2470 2821 πόλιν
2496 2767 2602 2821 τῶν
2651 2767 2838 2838 ἱερέων
2894 2767 3149 2833 ἐπάταξε.
3206 2767 3320 2821 Καὶ
3363 2766 3538 2820 ταῦτα
3587 2767 3729 2818 πάντα

2189 2863 2520 2933 πέπρακται,
2551 2861 2682 2914 διότι
2703 2859 2958 2931 ὴλλοίωσε
2986 2860 3146 2914 Δαυῒδ
3190 2860 3281 2913 τὸν
3308 2860 3512 2932 τρόπον
3541 2855 3725 2925 αὐτοῦῆ

2187 2954 2248 3008 τὸ
2277 2955 2564 3027 πρόσωπον
2597 2954 2760 3007 αὑτοῦ
2811 2951 3037 3006 ἐνώπιον
3070 2953 3380 3024 Ἀϐιμέλεχ.
3421 2952 3603 3005 Ἡτῶν
3647 2949 3726 3000 Βα-

2189 3045 2402 3100 σιλειῶν
2423 3047 2611 3118 Γραφὴ
2648 3045 2950 3115 Ἀχιμέλεχ
2997 3045 3260 3116 περιέχει·
3296 3045 3593 3114 ἐναλλαγῆς
3611 3059 3724 3094 στοι-

2190 3139 2333 3210 χείου
2356 3138 2670 3209 γενομένης,
2707 3137 2858 3190 οὐδὲν
2893 3137 2973 3190 δεῖ
3022 3135 3304 3190 κινεῖσθαι·
3361 3135 3508 3208 παρὰ
3535 3135 3630 3204 γὰρ
3650 3132 3724 3202 τὴν

2183 3231 2474 3302 ὁμοιότητα
2506 3230 2600 3283 τοῦ
2644 3229 2906 3300 στοιχείου
2929 3221 3022 3282 τοῦ
3055 3229 3181 3297 βὴθ
3204 3230 3336 3301 παρ’
3368 3228 3620 3301 Ἑϐραίοις
3650 3241 3724 3277 κα-

2181 3322 2440 3392 λουμένου
2482 3323 2575 3375 καὶ
2617 3322 2710 3375 τοῦ
2752 3323 2876 3391 χὰερ
2929 3321 3199 3392 διαφόρως
3229 3320 3448 3392 ἐξεδόθη
3499 3317 3718 3386 τοῦνομα’

2185 3415 2364 3485 σχεδὸν
2383 3417 2490 3489 γὰρ
2516 3415 2573 3468 ἓν
2607 3417 2698 3470 καὶ
2735 3415 2928 3470 ταυτόν
2975 3416 3090 3468 ἐστι
3119 3415 3187 3468 τὰ
3216 3415 3308 3468 δύο
3333 3417 3582 3485 στοιχεῖα,
3613 3410 3718 3481 βρα-

2181 3508 2415 3579 χυτάτης
2445 3510 2670 3582 κεραίας
2701 3511 2867 3582 μόνης
2891 3509 3337 3579 ὲναλλαττούσης.
3372 3509 3640 3580 Μέμνηται
3675 3503 3719 3554 δὲ

2181 3599 2273 3650 καὶ
2310 3601 2338 3654 ὁ
2370 3600 2560 3671 Σωτὴρ
2587 3602 2644 3652 ὲν
2677 3603 2788 3664 τοῖς
2817 3599 3169 3668 Εὑαγγελίοις
3225 3600 3329 3670 τῆς
3392 3596 3718 3672 προκειμένης

2180 3691 2321 3744 κατὰ
2353 3691 2444 3745 τοῦ
2479 3691 2638 3745 Δαυῒδ
2672 3693 2906 3764 ἱστορίας
2960 3693 3150 3761 λέγων·
3202 3697 3325 3748 Οὐκ
3363 3693 3638 3762 ἀνέγνωτε
3672 3685 3718 3738 τί

2177 3783 2427 3850 ἐποίησε
2456 3782 2654 3846 Δαυῒδ,
2685 3782 2782 3837 ὅτε
2825 3783 3108 3837 ἐπείνασε
3143 3784 3239 3837 καί
3270 3787 3326 3838 οι
3373 3784 3498 3853 μετ’
3539 3777 3712 3834 αὑτοῦ·

2177 3873 2258 3938 ὡς
2283 3872 2568 3941 εἰσῆλθεν
2612 3876 2698 3939 εἰς
2751 3873 2858 3926 τόν
2897 3871 3066 3927 οἷκον
3091 3874 3198 3928 τοῦ
3232 3873 3402 3939 Θεοῦ,
3455 3872 3548 3925 καὶ
3600 3866 3713 3930 τοὺς

2176 3963 2392 4032 ἄρτους
2419 3964 2529 4032 τῆς
2557 3964 2889 4032 προθέσεως
2912 3966 3152 4035 ἔφαγεν,
3181 3965 3290 4033 οὓς
3336 3967 3447 4020 οὐκ
3484 3962 3616 4027 ἐξόν
3651 3955 3712 4028 ἦν

2175 4055 2387 4126 φαγεῖν
2416 4057 2559 4110 οὐδὲ
2605 4056 2728 4123 τοῖς
2778 4058 2907 4127 μετ’
2941 4058 3150 4121 αὐτοῦ,
3178 4061 3232 4112 εὶ
3268 4057 3357 4128 μὴ
3379 4057 3579 4128 μόνοις
3611 4050 3710 4115 τοῖς

2175 4148 2433 4217 ἱερεῦσι;
2461 4147 2629 4202 Τοῦτο
2660 4149 2756 4218 μὲν
2784 4146 2875 4202 οὖν
2908 4152 2967 4206 ἒν
2996 4150 3072 4221 τῷ
3097 4153 3236 4205 κατὰ
3265 4150 3535 4204 Ματθαῖον
3555 4145 3707 4209 Eber-

2174 4239 2338 4312 γελίῳ
2367 4242 2601 4313 εἴρηται.
2633 4243 2783 4295 Ἐπεὶ
2820 4243 2876 4296 δὲ
2905 4242 2962 4295 ὲν
3005 4243 3083 4314 τῷ
3115 4243 3253 4297 κατὰ
3297 4243 3519 4313 Μάρκον
3557 4236 3702 4299 Εὐαγ’

2123 4344 2128 4348 ’
2175 4332 2340 4403 γελίῳ
2377 4333 2788 4406 ἀναγέγραπται
2830 4336 2858 4387 ό
2898 4334 3087 4406 Σωτὴρ
3129 4335 3397 4407 εἰρηκώς·
3445 4328 3701 4386 Οὐδέποτε

2177 4425 2470 4494 ἀνέγνωτε
2495 4426 2553 4478 τι
2579 4427 2827 4494 ἐποίησε
2858 4426 3056 4491 Δαυῖδ,
3094 4426 3190 4480 ὅτε
3214 4427 3423 4496 χρείαν
3446 4423 3599 4490 ἔσχε,
3621 4412 3700 4469 καὶ

499 4515 659 4562 vetor
690 4522 795 4562 non
841 4509 1199 4575 Abimelechi,
1251 4511 1346 4567 sed
1395 4513 1704 4571 Abiatharis
1739 4517 2069 4572 mentionem

2185 4516 2495 4570 ἐπείνασεν
2517 4515 2697 4582 αὐτὸς
2718 4515 2814 4569 καὶ
2840 4520 2891 4570 οἱ
2910 4517 3037 4586 μετ’
3058 4516 3240 4571 αὑτοῦ
3263 4533 3281 4579 ;
3309 4516 3432 4581 πῶς
3454 4509 3699 4577 εἰσῆλθεν

500 4598 736 4655 fecerit?
767 4600 848 4654 Ad
886 4616 1047 4671 quam
1083 4617 1196 4657 rem
1242 4602 1382 4659 forte
1411 4606 1534 4674 quis
1566 4607 1893 4675 respondeat
1915 4609 2072 4664 bino-

497 4690 703 4746 minem
749 4690 1161 4746 Abimelechum
1193 4692 1387 4759 fuisse,
1423 4695 1498 4748 ita
1543 4704 1601 4750 ut
1648 4697 1695 4751 is
1743 4697 1859 4766 ipse
1907 4698 2072 4754 fuerit

497 4781 590 4849 qui
639 4780 919 4834 Abiathar.
974 4779 1039 4834 Et
1070 4796 1204 4836 sane
1250 4798 1377 4837 mox
1422 4784 1543 4852 ejus
1597 4784 1758 4851 filius,
1808 4786 2071 4842 Abiathar

496 4869 678 4926 dictus
708 4871 764 4925 in
785 4871 925 4926 libro
952 4872 1264 4942 Regnorum
1295 4873 1468 4929 fertur
1494 4893 1509 4930 :
1532 4878 1624 4946 qui
1647 4877 1798 4934 solus
1827 4894 1858 4933 a
1884 4893 2071 4935 sacer-

494 4964 686 5018 dotum
711 4965 857 5021 caede
907 4967 1151 5036 elapsus,
1191 4983 1315 5022 cum
1355 4967 1559 5024 Davide
1601 4980 1741 5025 erat.
1779 4971 1934 5028 Alius
1962 4972 2070 5027 for-

495 5066 644 5111 tasse
669 5057 887 5123 dixerit,
929 5059 985 5112 in
1019 5059 1247 5114 historia
1278 5059 1687 5116 Abimelechum
1731 5070 1788 5117 ut
1809 5064 2065 5120 sacerdo-

496 5154 605 5203 tem
639 5151 956 5218 memorari;
991 5159 1047 5206 at
1098 5152 1203 5207 hoc
1256 5153 1378 5208 loco
1434 5152 1772 5211 Salvatorem
1833 5157 2062 5222 dixisse,

495 5241 850 5295 Abiatharum
879 5259 945 5298 eo
983 5252 1227 5314 tempore
1259 5245 1427 5302 fuisse
1473 5248 1776 5320 principem
1809 5249 2067 5304 sacerdo-

497 5343 612 5386 tum
647 5350 659 5385 :
694 5330 962 5398 Introivit,
993 5336 1088 5400 ait,
1123 5335 1295 5390 David
1325 5339 1381 5391 in
1407 5336 1621 5392 domum
1654 5339 1752 5394 Dei
1781 5340 1875 5394 sub
1901 5340 2066 5394 Abia-

495 5425 618 5479 thar
650 5425 882 5495 principe
919 5429 1270 5483 sacerdotum.
1309 5429 1450 5487 Sane
1481 5448 1610 5487 vero
1636 5433 1865 5488 historia
1893 5449 2065 5489 caesos

494 5519 839 5573 Achimelech
873 5527 926 5576 et
956 5522 1267 5576 sacerdotes
1295 5539 1325 5576 a
1358 5521 1520 5578 Saule
1564 5539 1898 5594 memorans,
1929 5526 2067 5581 nihil

561 5791 609 5872 ξ’
647 5788 835 5846 Matth.
871 5805 979 5856 xu,
1018 5790 1131 5856 5,4.
1183 5791 1253 5868 ,ίί
1295 5788 1460 5846 Marc.
1500 5806 1568 5858 II,
1603 5790 1695 5858 25,
1723 5790 1813 5846 26.

2177 4612 2263 4675 εὶς
2288 4609 2396 4662 τὸν
2425 4605 2590 4662 οἷκον
2633 4609 2738 4662 τοῦ
2782 4608 2924 4664 Θεοῦ
2963 4610 3060 4663 ἐπὶ
3091 4610 3358 4677 Ἀϐιάθαρ
3397 4607 3500 4661 τοῦ
3533 4603 3699 4670 ἀρχιε-

2174 4700 2343 4771 ρέως,
2374 4700 2470 4754 καὶ
2507 4700 2647 4766 τοὺς
2676 4699 2889 4770 ἄρτους
2923 4701 3028 4768 τῆς
3054 4702 3381 4770 προθέσεως
3409 4699 3609 4767 ἔφαγεὶ
3639 4686 3702 4747 τίς

2178 4791 2279 4845 οὐκ
2309 4791 2373 4845 ἂν
2403 4791 2714 4862 ἀπορήσειε,
2746 4791 2860 4855 πῶς
2884 4794 2911 4844 ό
2935 4793 3124 4863 Σωτὴρ
3144 4792 3373 4846 ἐνταῦθα
3398 4791 3455 4843 οὐ
3476 4785 3562 4840 τοῦ
3581 4775 3701 4833 Ἀϐι-

2186 4881 2372 4951 μέλεχ,
2407 4881 2540 4934 ἀλλὰ
2586 4880 2677 4934 τοῦ
2713 4880 2973 4952 Ἀϐιάθαρ
3021 4883 3319 4954 μέμνηταις
3366 4879 3503 4950 Πρὸς
3540 4873 3565 4925 ὅ
3588 4869 3701 4922 εἴποι

2179 4990 2263 5037 τις
2288 4973 2354 5026 ἂν
2376 4971 2640 5042 διώνυμον
2663 4973 2983 5044 γεγενῆσθαι
3011 4975 3098 5027 τὸν
3121 4973 3424 5044 Ἀϐιμέλεχ,
3450 4965 3568 5022 ὥστ’
3589 4955 3700 5052 ei“:

2180 5064 2271 5118 τὸν
2304 5064 2464 5117 αὐτὸν
2491 5063 2568 5131 τῷ
2597 5064 2876 5135 Ἀϐιάθαρ.
2907 5065 3112 5118 Αὐτίκα
3141 5065 3269 5132 γοῦν
3310 5063 3403 5117 καὶ
3443 5056 3549 5117 υίὸς
3584 5049 3703 5135 ait“?

2179 5154 2439 5226 ~A6tdt0ap
2491 5130 3164 5223 κεκλημένος-ἐμφέρεται-
3183 5151 3247 5219 τῇ
3279 5144 3461 5220 Γραφῇ
3487 5135 3585 5191 τῶν
3609 5130 3694 5226 lia.-

2167 5246 2398 5302 σιλειῶν·
2432 5246 2511 5310 ὃς,
2537 5242 2811 5313 διαφυγὼν
2839 5241 2944 5295 ἀπὸ
2976 5240 3082 5294 τῶν
3106 5237 3490 5311 ἀναιρεθέντων
3538 5218 3696 5313 ἱερέῳν

2170 5343 2347 5412 μόνος,
2377 5308 2652 5411 τῷΔαυῖδ
2703 5308 2890 5406 συνῆν.
2929 5335 3120 5400 Ἀλλος
3169 5334 3213 5386 δ’
3234 5308 3303 5388 ἀν
3330 5329 3466 5384 εἴποι
3493 5316 3575 5416 τοῦ
3615 5308 3694 5416 ibi“

2181 5433 2465 5503 Ἀὃιμέλεχ
2487 5431 2583 5501 τὴν
2612 5429 2847 5501 ἱστορίαν
2887 5429 2962 5493 ὡς
3017 5427 3203 5500 ἱερέως
3246 5413 3597 5496 μνημονεύειν
3624 5413 3694 5503 εἶθ’

2168 5489 2340 5578 ταῦθα
2370 5489 2552 5578 aen-can;
2573 5489 2801 5593 Σωτῆρα
2846 5489 2956 5573 τόν⁷
2980 5489 3509 5591 Ἀϐιάθαρ-ἀρχιερέα
3527 5489 3690 5564 τυγχέν
