3940 6292
235 302 356 360 293

1392 306 1887 364 COMMENTARIA
1920 309 1983 363 ΙΝ
2024 310 2359 370 PSALMOS.

3399 325 3503 380 298

248 444 366 479 νειν
408 425 528 477 κατ’
566 426 753 479 ἐκεῖνο
774 426 965 499 καιροῦ
992 428 1177 497 φῆσαι.
1203 426 1462 495 Eia-71.108
1492 426 1620 499 γὰρ,
1654 428 1815 497 φησὶν

1942 429 2007 483 de
2046 432 2305 500 principis
2337 433 2675 486 sacerdotum
2699 447 2831 489 nece
2870 436 3125 490 narravit.
3150 436 3213 491 Et
3242 437 3355 494 haec
3382 444 3502 511 qui-

257 518 443 573 Δαυῒδ
474 519 561 583 εὶς
594 518 708 571 τὸν
742 517 908 575 οἷκον
936 520 1040 573 τοῦ
1079 519 1225 572 Θεοῦ
1275 518 1374 571 ἐπὶ
1438 519 1695 587 Ἀϐιάθαρ
1731 521 1838 575 τοῦ

1944 521 2064 575 dem
2094 522 2253 576 nobis
2282 522 2347 577 de
2373 524 2567 592 psalmi
2599 525 2757 578 titulo
2802 526 2945 580 dicta
2980 528 3109 583 sint.

256 611 604 681 ἀρχιερέως.
646 614 758 667 Καὶ
797 614 1040 683 φαίνεται
1069 616 1100 684 ἡ
1132 614 1238 666 τῶν
1265 613 1513 686 ἱστοριῶν
1549 614 1752 686 γραφὴ,
1811 615 1901 668 τὸν
1953 617 2237 687 Ἀχιμέλεχ
2271 619 2362 671 καὶ
2397 620 2520 682 τοὺς
2560 619 2721 689 ἱερεῖς
2754 620 2845 673 τοῦ
2878 621 3009 673 Θεοῦ
3069 624 3367 696 ἀνῃρῆσθαι
3398 628 3501 699 φή-

262 721 411 757 σασα
442 705 547 757 ὑπὸ
578 705 676 758 τοῦ
745 706 935 771 Σαοὺλ,
996 708 1256 778 ἀρχιερέα
1293 708 1633 780 ἀνῃρημένον
1665 710 1762 779 οὐχ
1824 712 2169 781 ίστορήσασα.
2207 712 2391 766 Ταῦτα
2450 713 2545 796 μὲν
2596 710 2686 767 οῦν
2720 717 2847 785 ἡμῖν
2893 718 2970 779 είς
3020 717 3119 788 τὴν
3146 720 3237 772 τοῦ
3286 720 3499 791 ψαλμοῦ

256 801 593 873 προγραφὴν
626 803 879 873 εἰρήσθω.

326 895 670 964 Εὐλοτήσω
722 895 829 948 τὸν
889 898 1105 965 Κύριον
1150 899 1218 951 ἐν
1284 899 1459 952 παντὶ
1500 897 1700 967 καιρῷ,
1746 898 1843 952 διὰ

258 986 495 1051 παντὸς
524 988 562 1055 ἡ
588 988 819 1053 alveo-ig
867 990 1051 1043 αὑτοῦ
1078 990 1146 1042 ἐν
1165 989 1244 1054 τῷ
1289 992 1538 1058 στόματί
1565 1008 1700 1059 μου.
1737 993 1841 1045 Εὐ-

258 1076 541 1146 χαριστῶν
567 1077 596 1128 ὁ
628 1076 788 1131 Δαυῖδ
822 1081 905 1148 ἐφ’
945 1075 1025 1142 οἷς
1051 1078 1252 1150 ἠξιώθη
1306 1082 1508 1152 τροφῆς
1538 1082 1841 1152 ἱερατικῆς,

257 1170 378 1221 Οὐκ
413 1170 505 1222 ἐπὶ
535 1170 630 1223 τοῦ
687 1172 969 1243 παρόντος,
1028 1176 1179 1243 φησὶ,
1223 1174 1400 1245 μόνον,
1451 1176 1585 1230 ἀλλά
1636 1176 1729 1229 καὶ
1757 1176 1843 1229 διὰ

256 1262 447 1329 πάσης
480 1261 580 1330 τῆς
604 1263 747 1333 ζωῆς
772 1262 998 1333 χάριτας
1026 1262 1300 1333 ὁμολογῶν
1349 1264 1440 1317 καὶ
1481 1264 1715 1334 εὐλογῶν
1744 1267 1839 1319 αὑ·-

251 1348 350 1401 τὺν
388 1349 699 1403 διατελέσω·
736 1351 856 1404 οὐδὲ
888 1351 1342 1423 ἀπολειφθήσεταί
1368 1371 1496 1407 ποτε
1548 1356 1608 1409 τὸ
1666 1356 1838 1426 στόμα

256 1458 365 1511 μου
421 1446 523 1513 τῆς
554 1446 633 1505 είς
660 1444 820 1497 αὐτὸν
854 1444 1127 1508 αἰνέσεως.
1172 1446 1315 1497 Ἀντὶ
1365 1445 1470 1516 γὰρ
1518 1446 1705 1509 ουσίας
1744 1447 1837 1498 καὶ

250 1532 729 1603 ὁλοκαυτωμάτων
762 1534 1126 1606 πεπαίδευμαι
1148 1537 1245 1605 τὴν
1272 1537 1358 1590 διὰ
1393 1535 1611 1605 χειλέων
1642 1537 1835 1608 προσά-

249 1639 374 1690 γειν
404 1624 557 1693 αὐτῷ
591 1622 796 1678 θυσίαν.

2008 894 2168 949 Vsus.
2202 894 2255 947 2.
2299 896 2610 952 Benedicam
2642 899 2923 955 Dominum
2978 904 3029 955 in
3058 907 3200 959 omni
3250 916 3494 979 tempore.

1938 1004 2138 1055 semper
2192 988 2308 1042 laus
2361 990 2474 1059 ejus
2513 992 2565 1044 in
2608 1010 2695 1045 ore
2748 1010 2880 1047 meo.
2923 993 3140 1051 Gratias
3190 1001 3299 1069 agit
3332 1002 3496 1057 David

1938 1080 2081 1148 quod
2114 1079 2434 1133 sacerdotali
2480 1081 2602 1136 cibo
2645 1083 2898 1153 dignatus
2928 1084 3035 1139 sit:
3062 1086 3171 1140 Nec
3211 1090 3385 1143 solum
3437 1094 3493 1146 in

1938 1171 2215 1241 praesenti,
2238 1171 2333 1235 ait,
2362 1172 2453 1226 sed
2480 1188 2573 1241 per
2601 1180 2771 1227 totum
2793 1177 2916 1229 vitae
2941 1179 3269 1243 curriculum
3294 1184 3497 1252 gratias

1939 1261 2229 1316 conﬁtendi
2256 1277 2320 1315 ac
2344 1262 2697 1319 benedicendi
2723 1266 2882 1320 ﬁnem
2911 1282 3018 1326 non
3050 1267 3244 1322 faciam
3277 1289 3290 1323 :
3321 1288 3497 1342 neque
3538 1328 3545 1341 ,

1936 1370 1997 1409 os
2045 1370 2225 1409 meum
2279 1355 2436 1410 laude
2469 1356 2588 1424 ejus
2649 1373 2880 1412 vacuum
2934 1376 3169 1430 unquam
3203 1364 3323 1418 erit.
3359 1365 3495 1420 Nam

1934 1446 2213 1500 institutus
2236 1446 2305 1499 ita
2338 1446 2435 1509 lui,
2460 1456 2519 1501 ut
2547 1449 2936 1504 sacriﬁciorum
2973 1462 3024 1506 ct
3054 1452 3494 1511 holocaustorum

1932 1538 2070 1604 vice,
2102 1539 2260 1595 labiis
2291 1538 2392 1610 ipsi
2424 1540 2656 1597 hostiam
2690 1544 2934 1603 oderam.

337 1693 562 1783 Ἐπειδὴ
593 1713 698 1784 γὰρ
729 1714 981 1783 φεύγοντι
1016 1732 1105 1786 μοι
1133 1716 1301 1779 οὐδεὶς
1333 1715 1521 1787 βοηθὸς
1551 1718 1821 1786 πάρεστιν,

2002 1713 2446 1784 Quandoquidem
2500 1716 2722 1787 fugienti
2772 1720 2904 1774 mihi
2962 1722 3145 1778 nullus
3200 1725 3492 1795 opitulator

246 1802 374 1855 οὐδέ
399 1820 489 1866 τις
519 1805 805 1877 καταφυγὴ
824 1845 840 1871 ,
874 1806 992 1860 οὐδὲ
1019 1808 1284 1877 ἀσφάλεια
1302 1825 1315 1839 ·
1348 1810 1505 1879 μόνον
1534 1810 1590 1862 δὲ
1610 1810 1699 1863 τὸν
1722 1809 1832 1862 Κύ-

250 1911 369 1964 ριον
400 1895 775 1966 φυλακτήριον
802 1898 1075 1968 ἐπάγομαι
1107 1900 1204 1969 τῆς
1237 1899 1471 1969 ἐμαυτοῦ
1504 1901 1701 1971 ψυχῆς,
1736 1900 1830 1953 καὶ

246 1986 336 2037 ἐπ’
372 1984 546 2054 αὐτῷ,
591 1985 702 2038 ἀλλ’
737 1987 837 2039 οὐκ
867 1990 958 2041 ἐπὶ
984 1991 1101 2051 ταῖς
1147 1990 1304 2059 ἐμαῖς
1332 1990 1765 2061 δικαιοπραγίαις
1796 1992 1827 2061 ἠ

243 2076 391 2145 ψυχή
418 2093 523 2146 μου
547 2075 753 2147 0:19:55:-
795 2079 1153 2141 είκότως,ἐπί
1195 2080 1273 2145 τῷ
1289 2081 1479 2147 Κυρίῳ
1531 2080 1825 2148 καυχήσε-

243 2185 340 2221 ται
359 2171 395 2236 ἠ
422 2168 601 2237 ψυχή
616 2186 733 2236 μου
754 2186 766 2197 ·
794 2170 1226 2222 ἀκουσάτωσαν
1243 2171 1448 2237 πραεῖς
1470 2172 1564 2224 καὶ
1583 2173 1829 2239 εὐφραν-

244 2262 554 2329 θήτωσαν.
630 2263 758 2332 Ἐμέ
804 2264 860 2315 δὲ
903 2262 1155 2325 λαϐόντες
1193 2264 1491 2334 ὑπόδειγμα
1537 2266 1732 2328 πάντες
1777 2265 1826 2317 οἱ

241 2356 415 2424 πρᾶοι
457 2355 551 2406 καὶ
584 2354 828 2408 ταπεινοὶ
862 2353 954 2406 καὶ
979 2354 1237 2417 ἐπιεικεῖς
1257 2354 1344 2408 διὰ
1364 2355 1460 2426 τὴν
1484 2356 1561 2418 είς
1586 2356 1674 2408 τὸν
1696 2356 1826 2409 Θεὸν

240 2446 538 2501 εὐλάϐειαν
558 2488 573 2513 ,
603 2446 980 2517 Θαρῤείτωσαν
998 2447 1092 2498 καὶ
1119 2445 1220 2517 πλη
1231 2446 1540 2517 ρούσθωσαν
1566 2446 1827 2517 εὐφροσύ-

240 2554 352 2606 νης
376 2576 390 2597 ,
425 2538 493 2588 τὰ
529 2537 618 2590 ἴσα
654 2554 741 2607 μοι
776 2538 1278 2608 προσδοκήσαντες,
1324 2538 1416 2590 καὶ
1443 2538 1601 2591 αὑτὸν
1637 2538 1825 2592 ἐλπίδα

240 2628 341 2680 τὸν
370 2628 568 2699 Κύριον
586 2627 821 2697 θέμενοι.
866 2630 1014 2681 Ἐπεὶ
1032 2630 1087 2682 δὲ
1110 2631 1203 2683 καὶ
1227 2631 1322 2700 τὴν
1347 2630 1613 2700 ῥομφαίαν
1635 2629 1672 2681 Γ
1675 2629 1822 2683 ολιάθ

235 2719 339 2771 τοῦ
363 2719 663 2787 ἀλλοφύλου
683 2719 833 2791 παρὰ
849 2719 926 2790 τῷ
956 2720 1239 2791 Ἀ6ιμέλεχ
1255 2720 1432 2774 λαϐὼν
1457 2722 1619 2791 ἀπῄει
1640 2738 1651 2749 ·
1688 2720 1823 2773 Ἀλλ’

236 2812 348 2864 οὐδ’
375 2814 471 2865 ἐπὶ
483 2813 679 2884 τούτῳ,
704 2814 855 2884 φησὶ,
889 2815 1249 2884 καυχήσομαι,
1278 2814 1392 2867 ἀλλ’
1413 2816 1503 2867 ἐπὶ
1516 2814 1594 2885 τῷ
1616 2816 1820 2885 Κυρίῳ,

236 2905 306 2957 δι’
342 2904 403 2957 ὃν
435 2904 644 2975 ταύτην
673 2906 989 2976 ἐκτησάμην
1019 2906 1115 2976 τήν
1156 2905 1462 2975 ῥομφαίαν
1494 2906 1568 2967 ὡς
1604 2906 1696 2957 κα)⁵
1734 2904 1822 2957 τὸν

243 3000 396 3073 ἱερέα
420 3002 598 3052 εἰπεῖν
618 3000 767 3071 αὐτῷ
790 3018 802 3030 ·
839 3000 981 3053 Ἰδοὺ
1006 3001 1042 3067 ἡ
1065 3001 1331 3068 ῥομφαία
1352 3000 1575 3054 Γολιὰθ
1600 3000 1704 3053 τοῦ
1729 3003 1823 3052 Φι-

1933 1802 2106 1865 adest,
2142 1803 2351 1856 nullum
2384 1803 2658 1875 eﬂ'ugium,
2700 1809 2965 1863 securitas
3000 1812 3492 1884 nulla;solumque

1932 1890 2218 1945 Dominum
2243 1892 2435 1947 animae
2469 1910 2599 1947 mea:
2628 1896 2937 1965 praesidium
2964 1901 3171 1967 paravi,
3198 1908 3357 1972 atqite
3386 1904 3491 1973 ipsi

1932 1984 2054 2050 soli,
2087 1998 2194 2037 non
2240 1992 2386 2038 recte
2421 1984 2579 2039 factis
2615 1989 2785 2052 meis,
2829 1990 3053 2065 conﬁdit
3100 1994 3280 2047 anima
3333 2012 3487 2063 mea;

1924 2071 2048 2141 jure
2088 2089 2219 2129 sane
2281 2076 2338 2127 in
2377 2076 2598 2129 Domino
2654 2077 2957 2132 laudabitur
2996 2081 3173 2135 anima
3208 2099 3357 2137 mea:
3389 2102 3487 2137 au-

1928 2162 2076 2217 diant
2100 2169 2358 2220 mansueti
2389 2178 2437 2221 et
2470 2169 2727 2224 laetentur.
2754 2170 2943 2241 illeque
2973 2156 3026 2225 in
3050 2176 3353 2244 exemplum
3384 2178 3487 2231 sibi

1927 2265 2292 2325 preponentes
2338 2261 2604 2313 mansueti
2648 2276 2855 2325 omnes,
2892 2256 3123 2318 humiles
3154 2281 3215 2319 ac
3258 2270 3488 2323 modesti

1926 2348 2063 2410 viri,
2104 2350 2173 2403 ob
2220 2350 2472 2418 pietatem
2522 2366 2649 2423 erga
2690 2352 2858 2407 Deum
2891 2370 3087 2423 suam,
3132 2358 3405 2413 conﬁdant
3435 2367 3489 2416 et

1928 2439 2126 2508 gaudio
2173 2444 2555 2509 cumulentur,
2606 2446 2758 2511 paria
2811 2463 3023 2502 mecum
3085 2460 3483 2519 exspectantes,

1928 2530 2215 2602 ipsumque
2272 2533 2561 2588 Dominum
2620 2537 2723 2590 sibi
2787 2538 2838 2591 in
2904 2555 3051 2609 spem
3101 2551 3484 2610 proponentes.

1928 2617 2195 2684 Quoniam
2245 2637 2374 2675 vero
2418 2630 2705 2693 postquam
2750 2626 2986 2694 gladium
3032 2630 3344 2700 alienigena:
3381 2631 3488 2687 Go—

1927 2709 2056 2762 liath
2104 2711 2170 2787 ab
2198 2711 2549 2767 Abimeleclio
2608 2728 2935 2785 acceperat:
2966 2719 3219 2775 discessit
3260 2741 3271 2775 :
3304 2739 3479 2793 neque

1926 2800 1980 2853 in
2006 2801 2329 2871 hoc,inquit,
2352 2803 2643 2871 gloriabor,
2666 2806 2761 2859 sed
2789 2806 2843 2859 in
2862 2806 3106 2873 Domino,
3133 2811 3288 2879 cujus
3322 2808 3486 2869 bene-

1926 2891 2049 2945 ﬁcio
2089 2893 2235 2947 hunc
2284 2894 2520 2963 gladium
2564 2904 2759 2951 nactus
2811 2914 2970 2963 sum;
3010 2899 3080 2953 ita
3132 2904 3190 2954 ut
3238 2904 3321 2958 vel
3370 2906 3485 2974 ipse

1925 2985 2181 3038 sacerdos
2230 2986 2310 3039 sic
2356 3001 2477 3040 eum
2514 2989 2904 3057 compellaret:
2957 2989 3091 3044 Ecce
3131 2990 3341 3060 gladius
3382 2995 3485 3051 6ο-

241 3092 524 3145 ⁵ὶιστιιίου
547 3134 563 3159 ,
605 3091 677 3145 δν
700 3091 1003 3158 ἐπάταξας
1034 3092 1103 3145 ἐν
1131 3090 1205 3159 τῇ
1232 3090 1465 3145 κοιλάδι
1504 3092 1651 3158 Ἠλᾷ
1676 3131 1690 3155 ,
1722 3092 1819 3145 καὶ

1928 3076 2055 3128 liath
2077 3076 2397 3141 Pliilistlztei,
2423 3095 2572 3147 quem
2616 3082 2923 3148 percussisti
2948 3083 3000 3135 in
3032 3086 3165 3139 valle
3188 3086 3308 3150 Ela,
3342 3090 3485 3143 invo-

241 3183 393 3250 αὐτὴ
418 3183 819 3252 ἑνειλημμένη
848 3182 1070 3251 ἱματίῳ.
1105 3184 1172 3237 Et
1197 3183 1424 3247 ταύτην
1447 3180 1643 3249 λήψῃ,
1674 3197 1819 3235 σαυ-

241 3274 320 3338 τῷ
340 3274 491 3327 λάϐε
511 3314 524 3336 ,
558 3273 644 3326 ὅτι
672 3277 783 3328 οὐκ
811 3274 981 3327 ἐστιν
1000 3272 1169 3341 ἑτέρα
1196 3272 1383 3341 παρὲξ
1408 3272 1615 3341 αὐτῆς.
1660 3271 1818 3325 Ὥστε

244 3364 447 3418 τούτων
479 3364 786 3418 ἀκούσαντα
812 3364 901 3418 τὸν
932 3364 1094 3418 Δαυῖδ
1124 3366 1328 3417 είπεῖν·
1386 3365 1487 3417 Ἔν
1512 3362 1593 3429 τῷ
1623 3364 1819 3431 Κυρίῳ

242 3458 701 3525 ἐπαινεθήσεται
732 3460 770 3527 ἡ
807 3458 975 3526 ψυχή
992 3475 1131 3528 μου.
1166 3458 1423 3527 Μεγάλην
1450 3457 1605 3522 δόξαν
1627 3456 1817 3528 ἔφερεν

244 3550 419 3605 ἐκεῖνο
446 3553 506 3604 τὸ
534 3552 661 3623 δόρυ
682 3552 761 3622 τῷ
780 3551 939 3605 Δαυῒδ
958 3591 972 3617 ,
1003 3552 1271 3624 παιδαρίῳ
1302 3552 1397 3622 μὲν
1421 3550 1531 3603 ὄντι
1552 3589 1568 3616 ,
1602 3550 1695 3603 καὶ
1722 3568 1819 3620 μη-

244 3643 300 3696 δὲ
330 3645 520 3716 φέρειν
566 3645 706 3698 ὅπλα
736 3644 1000 3714 πολεμικὰ
1030 3643 1372 3713 ἐπισταμένῳ
1392 3684 1406 3708 ,
1439 3642 1619 3694 πίστει
1663 3641 1720 3694 δέ
1748 3644 1812 3711 τῇ

244 3737 322 3799 είς
351 3736 486 3788 Θεὸν
520 3737 1016 3805 καταγωνισαμένῳ
1042 3736 1133 3787 τὸν
1170 3733 1360 3787 Γολιάθ
1387 3774 1400 3797 ,
1435 3733 1509 3795 ὠς
1540 3733 1625 3786 διὰ
1659 3732 1815 3784 τοῦτο

244 3828 361 3879 ἀντὶ
404 3828 751 3897 ἀναθήματος
788 3827 886 3899 τὴν
914 3825 1184 3896 ῥομφαίαν
1228 3824 1391 3895 μόνην
1435 3823 1650 3893 ἐκείνην
1681 3825 1813 3875 ἀνα-

246 3920 456 3972 κεῖσθαι
485 3920 541 3971 ἐν
566 3918 644 3987 τῷ
677 3916 807 3988 ἱερῷ
828 3933 841 3945 ’
893 3917 921 3969 ὃ
944 3916 1007 3987 δὴ
1040 3917 1134 3969 καὶ
1166 3916 1547 3985 ἐπεσημήνατο
1573 3915 1749 3984 φήσας
1786 3914 1813 3964 ὁ

246 4009 454 4073 ιερεύςο
488 4008 597 4061 Καὶ
636 4010 746 4060 οὐκ
779 4008 947 4061 ἐστιν
974 4006 1153 4075 ἄλλη.
1216 4006 1350 4058 Οὑδέ
1373 4006 1481 4077 γὰρ
1508 4007 1634 4075 ἐξῆν
1663 4007 1719 4057 ἐν
1745 4007 1809 4075 τῇ

246 4100 415 4170 σκηνῇ
468 4097 563 4149 τοῦ
609 4096 742 4150 Θεοῦ
776 4097 915 4151 ὅπλα
948 4097 1214 4167 πολεμικὰ
1251 4096 1600 4148 ἀποτίθεσθαι
1624 4113 1636 4125 ⁸
1679 4095 1812 4165 μόνη

242 4189 295 4242 δὲ
322 4189 505 4260 ἐκείνη
541 4191 618 4252 εἰς
655 4191 871 4260 μνήμην
914 4187 1005 4240 τοῦ
1045 4187 1208 4241 Δαυῒδ
1235 4188 1333 4257 τῆς
1364 4188 1503 4241 κατά
1532 4187 1626 4240 τοῦ
1654 4187 1811 4240 ἀλλο-

245 4281 405 4350 φύλου
442 4281 597 4349 νίκης
627 4281 871 4333 ἀνέκειτο
890 4318 903 4343 ,
935 4278 1136 4331 ὡσανεὶ
1158 4279 1566 4350 εὐχαριστήριον
1593 4280 1812 4331 ἀποκει-

247 4374 375 4446 μένη
404 4373 483 4443 τῷ
509 4374 607 4443 τὴν
635 4373 789 4443 νίκην
814 4372 961 4442 αὐτῷ
988 4370 1347 4444 δεδωρημένῳ
1376 4369 1453 4439 τῷ
1481 4370 1615 4440 Θεῷ.

1927 3167 2066 3219 lutus
2101 3177 2253 3245 veste.
2285 3166 2344 3221 Si
2373 3168 2507 3221 hunc
2534 3170 2607 3223 vis
2641 3171 2841 3234 tollere,
2876 3174 3000 3227 tolle
3029 3175 3141 3243 tibi,
3169 3178 3291 3246 quia
3307 3180 3483 3235 nullus

1925 3257 2062 3309 alius
2086 3257 2168 3309 hic
2194 3265 2270 3309 est
2299 3266 2488 3321 pra’ter
2505 3259 2675 3325 ipsum
2699 3260 2761 3313 ".
2796 3258 2890 3315 His
2918 3262 3099 3331 itaque
3126 3266 3347 3331 auditis,
3382 3267 3485 3320 Da-

1922 3347 2011 3403 vid
2043 3349 2147 3403 ait:
2176 3348 2241 3402 In
2275 3348 2498 3403 Domino
2527 3350 2832 3402 laudabitur
2866 3353 3045 3405 anima
3076 3372 3210 3410 mea.
3237 3355 3484 3428 Magnam

1923 3448 2071 3494 certe
2105 3438 2292 3493 Davidi
2340 3442 2565 3510 gloriam
2597 3443 2821 3511 parabat
2872 3444 2961 3499 ille
3003 3446 3244 3515 gladius;
3278 3451 3480 3520 quippe

1923 3531 2018 3601 qui
2058 3532 2318 3600 puerulus
2350 3548 2473 3586 cum
2509 3540 2675 3595 esset,
2722 3533 3152 3606 bellicorumque
3204 3554 3482 3594 armorum

1921 3623 2229 3692 imperitus,
2267 3622 2369 3677 ﬁde
2410 3624 2463 3675 in
2500 3621 2666 3676 Deum
2716 3624 2958 3679 munitus
2999 3625 3210 3680 Goliath
3246 3629 3479 3693 devicit;

1921 3717 1994 3768 ita
2020 3722 2077 3768 ut
2102 3731 2164 3769 ea
2190 3715 2257 3770 de
2289 3729 2455 3770 causa
2490 3713 2700 3767 donarii
2728 3714 2846 3769 loco
2877 3716 3027 3772 solus
3054 3719 3145 3773 ille
3174 3720 3383 3789 gladius
3424 3720 3480 3774 in

1921 3820 2079 3860 sacro
2119 3806 2392 3875 repositus
2442 3814 2632 3859 esset:
2679 3805 2824 3876 quod
2870 3808 3046 3877 ipsum
3098 3810 3351 3863 sacerdos
3394 3810 3479 3863 bis

1919 3897 2101 3951 verbis
2132 3896 2408 3958 indicavit,
2445 3909 2495 3948 et
2529 3898 2704 3951 nullus
2743 3891 2881 3952 alius
2909 3907 3007 3953 est.
3037 3897 3221 3969 Neque
3253 3902 3395 3955 enim
3425 3902 3479 3957 in

1918 3990 2271 4043 tabernaculo
2303 3988 2394 4042 Dei
2432 3990 2627 4043 licebat
2659 4005 2808 4043 arma
2836 3990 3029 4045 bellica
3063 3991 3347 4061 deponere.
3382 3992 3480 4049 llic

1920 4091 2100 4135 autem
2136 4083 2286 4136 solus
2326 4081 2381 4134 in
2420 4083 2736 4136 memoriam
2780 4091 3064 4152 reportatae
3096 4098 3123 4136 a
3166 4083 3366 4140 Davide
3412 4086 3480 4141 de

1920 4173 2223 4242 alienigena
2254 4174 2497 4227 victoria:
2533 4176 2803 4243 repositus
2836 4183 2974 4238 erat,
3007 4176 3164 4245 quasi
3203 4175 3256 4229 in
3279 4179 3480 4247 gratia-

1919 4281 2040 4319 rum
2075 4266 2342 4320 actionem
2378 4265 2488 4320 Deo
2518 4269 2608 4336 qui
2635 4268 2915 4322 victOriam
2944 4268 3045 4338 ipsi
3074 4268 3315 4327 dederat.

306 4439 697 4533 Μεγαλύνατε
723 4439 829 4516 τὸν
851 4439 1068 4531 Κύριον
1098 4439 1218 4516 σὺν
1241 4439 1367 4531 ἐμοὶ
1388 4502 1402 4525 ,
1434 4461 1531 4515 καὶ
1558 4439 1813 4530 ύψώσω-

1988 4442 2154 4497 Veas.
2188 4443 2241 4497 5.
2270 4441 2610 4512 Magni/icate
2641 4439 2923 4495 Dominum
2956 4459 3172 4509 mecum,
3200 4452 3248 4495 et
3283 4442 3478 4496 exalte-

241 4575 348 4627 μεν
374 4556 444 4610 τὸ
477 4556 667 4625 ὄνομα
694 4556 879 4609 αὑτοῦ
910 4556 1009 4609 ἐπὶ
1032 4556 1098 4609 τὸ
1122 4557 1285 4609 αὐτό.
1326 4555 1388 4607 Oi
1416 4555 1525 4626 γὰρ
1554 4554 1617 4607 δι’
1639 4554 1813 4626 ἔργων

247 4650 332 4701 καὶ
364 4649 484 4719 βίου
514 4647 610 4700 τοῦ
650 4649 766 4700 κατ’
800 4648 997 4720 ἀρετὴν
1036 4647 1131 4719 τὴν
1165 4650 1221 4700 ἐν
1269 4648 1477 4710 ἑαυτοῖς
1509 4648 1691 4701 εἰκόνα
1718 4647 1811 4700 τοῦ

246 4739 371 4793 Θεοῦ
398 4737 752 4809 κοσμοῦντες,
783 4739 944 4792 αὑτὸν
969 4738 1247 4805 δοξάζουσι
1271 4740 1362 4792 καὶ
1391 4739 1632 4808 ὑψοῦσιν.
1664 4738 1815 4802 Ἐξε-

248 4831 464 4898 ζήτησα
496 4831 602 4884 τὸν
625 4832 840 4899 Κύριον
869 4830 967 4883 καὶ
992 4830 1297 4899 ἐπήκουσέ
1327 4849 1465 4900 μου.
1533 4830 1683 4882 Ἐπεὶ
1712 4828 1808 4898 τῷ,

248 4924 570 4992 ἑξεζὴτησα
591 4965 607 4991 ,
640 4923 699 4975 τὸ
716 4963 731 4988 ,
771 4922 1077 4989 ἐπήκουσέ
1099 4941 1217 4993 μου
1238 4962 1251 4987 ,
1280 4921 1631 4993 ἀνταπεδόοη.

304 5096 494 5166 Οὗτος
527 5101 560 5153 ὀ
587 5097 821 5167 πτωχὸς
852 5096 1167 5164 ἐκέκραξε,
1205 5098 1302 5151 καὶ
1333 5101 1365 5151 ὀ
1402 5098 1614 5166 Κύριος
1640 5095 1806 5163 elo-7'1-

250 5206 466 5246 κουσεν
491 5190 681 5244 αὐτοῦ
696 5230 709 5254 ,
737 5190 833 5242 καὶ
856 5189 923 5241 ἐκ
946 5188 1156 5244 πασῶν
1176 5190 1293 5243 τῶν
1316 5190 1580 5258 θλίψεων
1625 5186 1809 5241 αὑτοῦ

248 5284 474 5338 ἔσωσεν
493 5281 699 5335 αὐτόν.
732 5278 897 5333 Πάλιν
918 5281 1105 5333 ἐαυτὸν
1124 5320 1138 5341 ,
1154 5280 1227 5344 ὡς
1247 5281 1339 5333 καὶ
1360 5282 1417 5331 ἐν
1438 5283 1547 5341 τοῖς
1569 5278 1810 5350 ἔμπροσ-

249 5375 362 5441 Θεν,
406 5371 776 5443 ὑπογραμμὸν
816 5371 1041 5442 παρέχει
1076 5372 1173 5441 τῆς
1212 5370 1409 5440 ἐτέρων
1446 5363 1805 5430 διδασκαλίας.

247 5466 456 5537 Πτωχὺν
488 5463 599 5534 γὰρ
626 5462 817 5516 ἑαυτὸν
850 5462 1016 5514 εἰπὼν
1054 5462 1141 5515 διὰ
1167 5462 1264 5532 τὴν
1289 5461 1389 5530 τῆς
1417 5460 1594 5531 ψυχῆς
1616 5457 1809 5512 ἐαυτοῦ

248 5560 561 5613 ταπείνωσιν
577 5555 672 5608 καὶ
695 5551 1049 5625 μετριοσύνην
1069 5593 1083 5617 ,
1100 5552 1174 5617 ὼς
1196 5569 1261 5605 πε
1270 5552 1319 5622 pi
1338 5550 1521 5622 ἐτέρου
1544 5567 1610 5603 πε
1619 5550 1669 5622 ρὶ
1689 5551 1811 5606 ἐαυ-

305 5745 341 5776 η
383 5741 401 5794 1
444 5741 578 5811 Reg.
619 5750 751 5798 UA.
789 5732 843 5787 9ο

1920 4553 2036 4591 mus
2058 4553 2243 4591 nomen
2276 4536 2389 4604 ejus
2423 4536 2477 4589 in
2521 4532 2771 4603 idipsum.
2815 4534 2947 4587 Nam
2979 4536 3070 4603 qui
3122 4536 3376 4604 Operibus
3412 4548 3477 4588 ac

1919 4631 2028 4684 vita
2058 4644 2179 4682 cum
2217 4629 2411 4682 virtute
2456 4639 2576 4680 acta
2608 4626 2897 4697 imaginem
2952 4626 3046 4679 Dei
3074 4627 3128 4679 in
3160 4642 3216 4680 se
3240 4626 3472 4695 positam

1919 4716 2267 4785 exornant,ii
2296 4736 2426 4775 sane
2457 4720 2631 4790 ipsum
2661 4719 2832 4789 gloria
2875 4717 3183 4773 alliciantet
3213 4715 3471 4770 exaltant.

1922 4814 2195 4886 Exquisivi
2228 4813 2504 4866 Dominum
2528 4821 2575 4864 et
2608 4810 2874 4865 exaudivit
2906 4826 3004 4863 me.
3039 4806 3311 4876 Siquidem
3347 4806 3474 4860 huic

1916 4905 2073 4969 voci,
2112 4903 2403 4973 exquisivi,
2468 4902 2558 4954 illa
2616 4901 2857 4954 vicissim
2909 4898 3151 4963 additur,
3208 4897 3473 4951 exaudivit

1917 5014 2015 5051 me.

1992 5085 2154 5141 Vens.
2195 5083 2310 5138 6-8.
2364 5076 2473 5137 Iste
2519 5093 2717 5150 pauper
2773 5077 3053 5143 clamat-it,
3108 5085 3157 5131 et
3217 5076 3471 5131 Dominus

1911 5178 2172 5233 exaudivit
2220 5192 2359 5237 eum,
2406 5184 2456 5228 et
2495 5172 2557 5225 de
2597 5170 2835 5224 omnibus
2890 5167 3314 5221 tribulationibus
3356 5169 3470 5235 ejus

1913 5269 2133 5323 saluauit
2163 5283 2298 5319 eum.
2333 5264 2428 5317 llic
2464 5276 2704 5323 rursum,
2748 5260 2824 5312 uti
2860 5259 3130 5328 superius,
3162 5259 3467 5325 exemplum

1914 5356 2215 5430 disciplinae
2244 5372 2363 5412 sese
2390 5354 2511 5408 aliis
2540 5352 2802 5422 perhibet.
2827 5350 2961 5404 Cum
2993 5364 3051 5403 se
3080 5364 3311 5419 namque
3337 5364 3469 5418 pau-

1913 5467 2096 5522 perem
2143 5450 2214 5503 ob
2257 5448 2451 5501 animae
2489 5460 2601 5499 suae
2646 5442 3003 5496 humilitatem
3052 5455 3116 5495 ac
3148 5440 3465 5496 modestiam

1914 5544 2176 5606 declarat,
2213 5540 2280 5596 de
2316 5537 2514 5609 seipse
2554 5536 2711 5606 quasi
2752 5534 2818 5590 de
2847 5534 2951 5589 alio
2982 5534 3120 5589 hanc
3162 5532 3467 5589 doctrinam
