3940 6292
556 329 669 395 295

1228 326 1496 392 nusnnu
1531 314 2008 393 CESARIENSIS
2044 310 2119 390 or

2235 310 2416 388 PARS
2452 332 2540 390 ill.
2578 365 2650 376 —
2683 313 3091 394 exsomnes.
3668 352 3744 407 εθι
3833 280 3835 318 ε

558 459 767 515 tradit:
808 455 916 510 Iste
938 459 1136 524 pauper
1173 456 1443 519 clamavit,
1481 464 1530 509 et
1569 454 1827 508 Dominus
1863 452 2119 507 exaudivit

2233 451 2326 505 τοῦ
2363 451 2604 505 διδάσκει
2627 452 2799 520 λέγων
2819 469 2832 482 ·
2863 449 3050 518 Οὗτος
3077 456 3109 506 ὀ
3136 455 3368 524 πτωχὸς
3401 457 3656 528 ἐκέκραξε
3674 474 3744 525 καὶ

556 569 698 607 cum.
733 550 800 603 At
831 563 918 612 ne,
969 549 1166 618 inquit,
1216 547 1600 612 arbitremini,
1641 563 1726 602 me
1771 545 1991 617 quidem
2037 545 2131 614 qui

557 659 656 715 pro
685 657 811 712 rege
855 655 918 695 ac
953 641 1196 695 uniVersi
1252 641 1434 710 populi
1476 641 1721 710 principe
1761 639 2000 702 habeor,
2037 635 2132 692 sed

556 738 740 792 animo
770 735 842 790 ob
907 733 1000 789 Dei
1057 743 1260 789 metum
1312 749 1520 804 pauper
1562 748 1721 801 sum,
1771 731 1948 786 solum
2005 730 2132 785 talia

554 836 943 894 consecutum;
969 827 1249 881 enimvero
1273 827 1441 896 probe
1463 832 1799 896 compertum
1823 834 1925 887 est,
1952 824 2131 893 ipsum

557 922 846 977 Dominum
882 921 973 989 qui
1021 928 1265 989 praeSens
1322 918 1580 971 omnibus
1625 924 1728 979 est,
1776 915 1986 970 similes
2023 911 2130 970 mei

555 1015 854 1086 pauperes.
889 1011 1141 1067 videlicet
1175 1011 1429 1064 timentes
1477 1008 1669 1073 Deum,
1720 1007 2126 1062 exauditurumt

557 1105 777 1161 Gustate
834 1114 883 1159 et
935 1103 1101 1158 ridete
1159 1101 1409 1172 quoniam
1462 1101 1638 1154 suavis
1697 1107 1775 1153 est
1831 1097 2128 1152 Dominus:

557 1199 738 1254 beatus
773 1198 849 1250 vir
882 1196 971 1268 qui
1003 1203 1178 1264 sperat
1222 1197 1276 1248 in
1307 1211 1386 1248 eo.
1427 1192 1690 1262 Quisquis
1718 1191 1788 1246 ob
1833 1190 2128 1262 perfectam

554 1298 610 1346 et
639 1288 1035 1344 indelicientem
1069 1288 1123 1340 in
1177 1285 1345 1340 Deum
1380 1301 1530 1355 spem
1561 1286 1642 1339 vir
1663 1284 1900 1351 exsistit,
1937 1284 2127 1340 beatus

554 1389 660 1438 est.
696 1380 881 1452 Neque
924 1380 1022 1434 abs
1061 1393 1120 1433 re
1163 1377 1372 1447 Aquila:
1404 1375 1838 1446 interpretationi
1888 1390 2126 1444 praesens

554 1474 759 1529 dictum
795 1472 920 1542 quis
967 1470 1254 1542 aptaverit.
1291 1468 1350 1522 In
1384 1468 1542 1521 titulo
1573 1467 1773 1537 quippe
1823 1466 2125 1521 secundum

552 1564 804 1634 Aquilam
836 1563 1042 1617 dictum
1093 1569 1218 1615 est:
1277 1558 1516 1622 Davidis,
1577 1557 1788 1629 quando
1829 1559 2128 1611 immutavit

551 1664 763 1730 ‘gustum
793 1671 947 1710 suum
995 1663 1115 1706 ante
1159 1651 1348 1721 facient
1407 1649 1722 1704 Abimeleclz.
1773 1647 1912 1716 Quia
1965 1651 2127 1720 igitur

554 1747 690 1816 ipse,
726 1761 847 1800 cum
897 1757 1064 1815 panes
1114 1741 1503 1812 propositionis
1543 1740 1892 1805 comedisset,
1930 1739 2126 1794 immu-

2235 546 2268 597 ό
2305 545 2518 612 Κύριος
2546 543 2912 611 είσήκουσεν
2941 545 3148 599 αὐτοῦ.
3195 547 3351 600 Ἀλλὰ
3386 551 3457 620 μὴ
3485 551 3592 622 ἐμὲ,
3627 561 3741 627 φησὶ,

2237 635 2394 706 μόνον
2416 637 2768 708 τετυχηκέναι
2790 637 3152 708 νομίζετε,τδν
3172 638 3517 711 νομιζόμενον
3540 644 3625 714 μὲν
3643 645 3743 705 εἶναι
3835 691 3837 714 λ

2234 726 2455 796 βασιλέα
2486 729 2580 780 καὶ
2608 727 2842 798 ἄρχοντα
2868 727 2960 780 τοῦ
2995 729 3195 792 παντὸς
3227 729 3440 794 ἔθνους,
3467 735 3529 802 τῇ
3558 735 3608 787 δὲ
3633 739 3742 813 ψυχῇ

2231 817 2576 886 πτωχεύοντα
2612 797 2698 870 διὰ
2725 817 2814 870 τὸν
2835 817 2927 870 τοῦ
2965 817 3099 871 Θεοῦ
3137 819 3326 888 φόϐον·
3363 797 3589 893 ἀκριϐῶς
3613 797 3660 881 δέ,

2231 907 2497 962 νώσκεται
2519 949 2534 970 ,
2559 910 2640 962 ὅτι
2667 911 2696 962 6
2728 910 2890 972 αὐτὸς
2912 909 3115 980 Κύριος
3139 912 3234 964 καὶ
3262 911 3449 985 παρὼν
3473 915 3571 970 τῶν
3589 919 3743 990 ὁμοίως
3835 907 3837 968 ἕ

2229 1002 2352 1071 ἐμοὶ
2378 1001 2606 1071 πτωχῶν
2631 1043 2645 1067 ,
2679 1002 2821 1070 λέγω
2848 1002 2904 1054 δὲ
2929 1003 3036 1056 τῶν
3063 1003 3407 1074 φοϐουμένων
3434 1007 3605 1072 αὐτὸν,
3632 1015 3742 1066 εἰσα-

2230 1091 2496 1146 κούσεται.
2526 1093 2841 1146 Γεύσασθε
2865 1093 2964 1148 καὶ
3008 1092 3163 1146 ἴδετε
3210 1093 3298 1147 ὅτι
3327 1097 3582 1164 χρηστὸς
3605 1103 3634 1154 ό
3660 1105 3742 1157 Κύ.
3838 1119 3839 1152 1

2220 1201 2370 1252 ριος·
2397 1183 2686 1254 μακάριος
2709 1185 2864 1253 ἀνὴρ
2885 1185 2951 1251 ὃς
2971 1185 3190 1247 ἐλπίζει
3214 1187 3306 1240 ἐπ’
3325 1189 3524 1241 αὐτόν’
3556 1189 3604 1244 ’0
3615 1193 3685 1247 διὰ
3700 1194 3744 1250 τὸ

2226 1278 2442 1342 τελείως
2465 1279 2558 1331 καὶ
2585 1279 2880 1340 ἀνελλιπῶς
2909 1277 3148 1342 ἐλπίζειν
3178 1282 3269 1334 ἐπὶ
3300 1281 3432 1336 Θεὸν
3463 1283 3592 1354 ἀνὴρ
3611 1287 3743 1359 ὑπάρ-

2228 1389 2337 1443 χων
2370 1372 2638 1444 μακάριός
2669 1373 2834 1426 ἐστιν.
2883 1373 2995 1425 Οὐκ
3023 1373 3324 1437 ἀπεικότως
3351 1373 3415 1427 ἄν
3445 1391 3522 1438 τις
3550 1377 3741 1448 ἐφαρμό-

2229 1481 2370 1517 σειεν
2391 1467 2458 1536 τῇ
2483 1464 2624 1518 κατά
2647 1465 2739 1517 τὸν
2774 1463 3002 1518 Ἀκύλαν
3030 1464 3294 1536 ἑρμηνείᾳ
3315 1465 3411 1537 τὴν
3437 1470 3741 1540 προκειμένην

2227 1556 2368 1623 λέξιν
2384 1575 2396 1587 ·
2419 1557 2646 1628 ἐπείπερ
2672 1558 2728 1609 ὲν
2754 1559 2819 1627 τῇ
2844 1560 3132 1627 προγραφῇ
3155 1557 3295 1610 κατά
3318 1556 3406 1610 τὸν
3437 1557 3642 1612 Ἀκύλαν
3660 1561 3742 1615 ὲλέ-

2226 1665 2378 1718 γετοσ
2417 1648 2528 1703 Τοῦ
2547 1648 2746 1712 Δαυῒδ,
2773 1648 2869 1702 ὅτε
2893 1649 3192 1716 ὴλλοίωσε
3210 1648 3274 1702 τὸ
3301 1649 3486 1720 γεῦμα
3504 1651 3665 1705 αὐτοῦ
3679 1656 3741 1721 εις

2227 1743 2548 1810 πρόσωπον
2589 1741 2913 1810 Ἀϐιμέλεχ.
2952 1740 3103 1793 Ἑπεὶ
3135 1741 3312 1796 τοίνυν
3345 1738 3533 1810 αὐτὸς(
3550 1745 3643 1796 τῶν
3668 1739 3739 1818 ἄρὲ

554 1813 686 1892 tavit
725 1813 946 1907 gustum
999 1851 1180 1898 suum,
1217 1850 1279 1889 ac
1329 1850 1394 1889 ex
1445 1841 1607 1904 gustu
1639 1833 1834 1888 deinde
1885 1832 2119 1886 divinam

2228 1853 2334 1889 των
2365 1835 2462 1906 τῆς
2489 1834 2800 1906 προθέσεως
2842 1831 3157 1904 μεταλαϐὼν
3175 1875 3192 1901 ,
3244 1835 3503 1904 ήλλοίωσε
3527 1838 3582 1890 τὸ
3605 1813 3740 1910 γεῦμα

553 1931 657 1986 sibi
703 1932 959 1983 virtutem
1011 1928 1264 1982 collatam
1314 1925 1483 1980 fuisse
1511 1926 1718 1991 sensit;
1769 1924 1995 1987 idcirco,
2041 1939 2127 1978 se-

550 2021 789 2077 cundum
821 2019 972 2083 illud,
999 2019 1204 2090 Absque
1232 2019 1356 2074 dolo
1396 2020 1590 2088 accepi,
1617 2019 1728 2074 sine
1761 2017 1958 2072 invidia
1982 2033 2127 2070 com-

550 2111 860 2179 munico",
913 2111 981 2166 ad
1030 2111 1373 2166 consimilem
1436 2119 1656 2182 gustum
1712 2108 2126 2182 percipiendum

550 2207 688 2260 alios
734 2204 995 2260 festinare
1033 2205 1375 2268 cohortatur,
1411 2214 1574 2273 atque
1626 2204 1841 2274 precari
1870 2211 1930 2257 ut
1985 2218 2126 2274 pane

548 2298 674 2354 vitae
719 2298 976 2351 alantur:
1040 2296 1200 2366 cujus
1252 2295 1561 2367 symbolum
1614 2310 1679 2349 ac
1745 2295 1924 2366 imago
1967 2303 2126 2350 erant

551 2405 721 2460 panes
753 2390 831 2444 illi
862 2388 1254 2460 propositionis
1307 2404 1404 2457 per
1452 2386 1656 2459 Moysis
1685 2387 1857 2458 legem
1909 2389 2121 2443 statuti.

551 2481 733 2546 Quare
765 2481 935 2534 David
985 2495 1110 2534 cum
1152 2480 1482 2550 intelligeret
1535 2478 1695 2550 cujus
1753 2480 1931 2549 imago
1978 2486 2126 2534 esset

555 2571 712 2640 panis
745 2570 835 2624 ille
883 2567 1295 2639 propositionis,
1330 2583 1438 2622 non
1464 2567 1531 2623 ad
1573 2583 1896 2637 corporeum
1929 2583 2122 2637 panem

551 2669 613 2716 ut
652 2660 1012 2727 accedamus;
1046 2658 1141 2715 sed
1190 2659 1255 2714 ad
1296 2675 1492 2729 panem
1544 2659 1638 2729 qui
1681 2674 1944 2728 corporeo
1993 2659 2123 2714 sub-

551 2753 846 2818 indicatur,
897 2767 999 2806 nos
1057 2759 1339 2822 provocat.
1373 2750 1484 2805 Nos
1516 2752 1683 2822 igitur
1734 2752 1828 2821 qui
1861 2751 1915 2804 in
1963 2753 2122 2808 terris

547 2849 857 2910 Versantur,
893 2843 1050 2914 panis
1097 2853 1150 2897 et
1183 2842 1344 2898 Verbi
1382 2844 1474 2914 qui
1505 2843 1572 2898 de
1626 2844 1768 2898 coelo
1816 2844 2118 2911 descendit,

547 2949 612 2988 ac
649 2935 1002 3004 semetipsum
1060 2933 1362 2990 exinanivit
1395 2943 1448 2988 et
1481 2933 1785 3003 depressit,
1827 2935 2120 3005 participes

548 3022 828 3080 etlicimur.
871 3025 975 3092 Qui
1014 3041 1142 3080 vero
1171 3032 1300 3080 sunt
1334 3025 1390 3079 in
1418 3039 1587 3095 regno
1638 3025 1924 3088 caelorum,
1959 3027 2121 3094 pleno

550 3115 645 3170 illo
672 3130 736 3170 ac
765 3115 1006 3186 perfecto
1030 3123 1277 3180 utuntur,
1308 3114 1426 3185 ejus
1463 3114 1751 3170 divinitate
1791 3117 2034 3182 enutriti,
2065 3123 2119 3172 et

549 3205 831 3276 sapientiae
882 3207 1440 3276 contemplationibus
1485 3204 1749 3261 fruentes.
1783 3205 1908 3261 Haec
1955 3209 2118 3263 etiam

550 3313 654 3353 nos
700 3299 995 3369 aliquando
1045 3297 1328 3354 obtinendi
1375 3313 1527 3368 spem
1589 3298 1792 3354 habere
1842 3300 2116 3364 convenit,

547 3391 904 3462 quamobrem
952 3389 1158 3444 dictum
1207 3397 1336 3446 est:
1401 3388 1593 3442 Beatus
1663 3391 1742 3444 vir
1804 3391 1893 3461 qui
1945 3399 2120 3460 sperat

549 3483 602 3538 2η
634 3499 715 3537 eo.

620 3573 788 3629 Vens.
825 3571 880 3628 9.
931 3571 1128 3627 Timete
1173 3571 1480 3638 Dominum,
1524 3590 1699 3629 omnes
1748 3577 1920 3629 sancti
1971 3577 2115 3646 ejus,

547 3668 798 3738 quoniam
831 3682 934 3720 non
961 3675 1038 3720 est
1066 3667 1243 3735 inopia
1275 3667 1579 3721 timentibus
1609 3683 1746 3721 eum.
1774 3667 1898 3722 Haec
1935 3670 2118 3723 omnia

548 3761 716 3816 David
763 3761 831 3815 ad
881 3759 1114 3814 aliorum
1165 3759 1456 3814 utilitatem
1522 3761 1914 3816 sententiarum
1965 3775 2117 3817 more

549 3851 778 3923 profert,
813 3865 1046 3920 quorum
1106 3850 1256 3920 prior
1299 3850 1414 3921 ipse
1449 3852 1654 3920 potitus
1700 3859 1838 3916 erat,
1897 3851 2116 3921 quando

548 3943 844 4013 exquisivit
915 3940 1232 4006 Dominum,
1299 3957 1362 3996 ac
1407 3943 1702 4013 propitium
1763 3953 1958 3998 nactus
2009 3952 2112 3998 est.

545 4031 802 4103 Praecipit
831 4032 1013 4102 itaque
1065 4032 1272 4087 sanctis
1305 4031 1422 4096 Dei,
1466 4042 1527 4087 ut
1574 4034 1820 4089 timorem
1854 4036 1973 4104 ejus
2005 4050 2117 4106 ιιι-ιιι

546 4125 722 4180 oculis
750 4124 986 4179 habeant
1019 4143 1033 4179 :
1072 4125 1140 4180 ab
1195 4125 1290 4179 illo
1321 4127 1521 4196 quippe
1555 4128 1746 4181 timore
1785 4127 1960 4180 sancti
2000 4126 2114 4181 elli-

547 4215 804 4282 ciuntur;
836 4215 958 4270 ideo
987 4214 1095 4269 alio
1125 4215 1180 4270 in
1212 4216 1421 4286 psalmo
1443 4215 1669 4280 dictum,
1695 4215 1876 4268 Timor
1901 4215 2114 4270 Domini

547 4317 725 4364 castus
767 4309 841 4376 “,
888 4310 1166 4370 videlicet.
1220 4319 1401 4366 castos
1450 4309 1707 4366 elliciens.
1771 4309 2113 4380 Quapropter

545 4400 730 4455 divina
765 4400 851 4456 lex
885 4402 1001 4456 ait:
1043 4400 1227 4457 Sancti
1259 4404 1425 4468 eritis,
1453 4403 1700 4473 quoniam
1729 4418 1820 4472 ego
1859 4400 2109 4454 Dominus

2227 1927 2392 1983 αὑτοῦ
2415 1968 2429 1992 ,
2463 1924 2562 1981 εἶτ’
2596 1928 2702 1981 ἀπὸ
2722 1928 2822 1998 τῆς
2847 1926 3086 1996 γεύσεως
3113 1927 3310 1998 ᾔσθετο
3335 1929 3598 2002 δυνάμεως
3630 1932 3740 1997 θείας

2226 2018 2622 2093 χορηγηθείσης
2647 2019 2826 2090 αὐτῷ’
2854 2019 3042 2074 τούτου
3071 2024 3228 2092 χάριν
3257 2021 3398 2076 κατὰ
3414 2023 3472 2074 τό
3490 2038 3504 2053 θ
3539 2023 3739 2090 Ἀδόλως

2224 2115 2463 2178 ἔλαϐον,
2491 2116 2763 2183 ἀφθόνως
2786 2115 3191 2187 μεταδίδομαι,
3225 2117 3528 2189 παρακαλεῖ
3555 2118 3635 2170 καί
3657 2118 3739 2170 ἑτέ-

2228 2221 2355 2276 ρους
2378 2200 2628 2260 σπεύδειν
2659 2206 2751 2260 ὲπὶ
2769 2207 2868 2278 τὴν
2895 2207 3087 2277 ὁμοίαν
3109 2207 3260 2278 αὐτῷ
3287 2208 3473 2276 γεῦσιν
3491 2247 3506 2272 ,
3535 2208 3738 2272 εὔξασθαί

2224 2313 2283 2348 τε
2312 2297 2582 2369 τραφῆναι
2614 2296 2692 2368 τῷ
2716 2297 2865 2369 ἄρτῳ
2888 2299 2985 2369 τῆς
3013 2298 3159 2370 ζωῆς
3177 2317 3191 2330 ·
3221 2294 3284 2354 οὗ
3309 2299 3561 2370 σύμϐολον
3588 2300 3663 2353 καὶ
3684 2303 3738 2352 εἰ·

2225 2386 2335 2440 κὼν
2355 2388 2644 2459 ἐτύγχανον
2665 2391 2713 2442 οἱ
2737 2389 2824 2442 διὰ
2845 2391 3122 2455 Μωῡσέως
3141 2393 3464 2463 νενομοθετη
3473 2393 3606 2463 μένοι
3625 2392 3738 2462 ἄρτοι

2223 2481 2322 2552 τῆς
2353 2481 2678 2552 προθέσεως.
2714 2483 2912 2555 Διόπερ
2939 2485 2966 2536 6
2993 2484 3155 2538 Δαυῖδ
3176 2524 3193 2550 ,
3223 2487 3424 2556 νοήσας
3457 2483 3587 2547 τίνος
3611 2479 3665 2555 ἦν
3685 2485 3737 2535 εἰ·

2224 2574 2335 2627 κὼν
2372 2576 2399 2626 6
2431 2575 2526 2646 τῆς
2558 2575 2865 2647 προθέσεως
2892 2578 3086 2648 ἄρτος,
3117 2580 3216 2631 οὐκ
3242 2578 3336 2631 ἐπὶ
3365 2578 3454 2631 τὸν
3486 2576 3737 2648 σωματικδν

2225 2666 2473 2718 σπεύδειν
2507 2668 2822 2740 προτρέπει,
2855 2668 2967 2720 ἀλλ’
2991 2670 3082 2721 ἐπὶ
3105 2669 3195 2723 τὸν
3219 2669 3285 2722 δι’
3305 2669 3465 2723 αὑτοῦ
3486 2669 3732 2739 νοούμενον.

2234 2759 2422 2830 Ἡμεῖς
2449 2761 2546 2830 μὲν
2571 2756 2663 2814 οὖν
2693 2763 2742 2813 ot
2766 2761 2859 2814 ἐπὶ
2891 2763 2992 2833 γῆς
3024 2763 3086 2816 ὲκ
3113 2762 3206 2816 τοῦ
3231 2760 3460 2835 οὐρανοῦ
3488 2760 3736 2830 καταϐεϐη-

2222 2850 2377 2912 κότος
2422 2849 2516 2902 τοῦ
2561 2851 2724 2922 ἄρτου
2768 2853 2860 2905 καὶ
2905 2850 2998 2905 τοῦ
3036 2852 3210 2921 Λόγου
3247 2851 3570 2915 κενώσαντος
3593 2849 3735 2904 ἑαυτὸν

2222 2943 2316 2996 καὶ
2347 2944 2738 3015 σμικρύναντος
2767 2944 3281 3016 μεταλαμϐάνομενο
3311 2947 3364 2998 οἱ
3392 2945 3446 2998 δὲ
3469 2947 3522 2997 ὲν
3542 2947 3597 3014 τῇ
3625 2943 3735 3012 βασι·

2220 3033 2339 3106 λείᾳ
2375 3035 2484 3089 τῶν
2515 3037 2755 3108 οὐρανῶν
2785 3037 3022 3109 πλήρους
3055 3038 3220 3091 αὐτοῦ
3255 3038 3351 3091 καὶ
3392 3036 3580 3091 τελείου
3611 3051 3734 3106 μετα-

2220 3127 2552 3198 λαμϐάνουσι
2576 3170 2590 3194 ,
2633 3131 2958 3201 τρεφόμενοι
2989 3129 3152 3183 αὐτοῦ
3182 3133 3247 3201 τῇ
3284 3131 3492 3202 θεότητι
3513 3169 3526 3194 ,
3554 3130 3634 3182 καὶ
3657 3127 3734 3179 τῶν

2219 3219 2320 3289 τῆς
2349 3219 2538 3287 σοφίας
2569 3219 2939 3292 θεωρημάτων
2971 3221 3338 3286 ἀπολαύοντες
3356 3262 3371 3288 ,
3420 3215 3490 3278 ὧν
3520 3223 3602 3277 καὶ⁴
3624 3222 3734 3292 ἡμᾶς

2217 3310 2392 3380 καιρῷ
2409 3327 2536 3364 ποτε
2555 3315 2835 3382 μετασχεῖν
2858 3313 3096 3378 ἐλπίζειν
3120 3318 3406 3387 προσήκει,
3425 3315 3500 3368 διὸ
3513 3315 3733 3367 λέλεκταισ

2214 3399 2516 3470 Μακάριος
2547 3403 2702 3472 ἀνὴρ
2727 3403 2795 3470 ὃς
2817 3404 3038 3465 ἐλπίζει
3062 3405 3156 3458 ἐπ’
3180 3409 3390 3462 αὐτόν.

2287 3579 2585 3648 Φοϐήθητε
2611 3579 2717 3633 τὸν
2742 3580 2962 3650 Κύριον
2981 3619 2997 3644 ,
3040 3579 3263 3647 πάντες
3309 3583 3362 3634 οί
3393 3580 3537 3651 ἅγιοι
3572 3575 3735 3641 αὑτοῦ,

2216 3672 2305 3726 ὅτι
2330 3675 2440 3726 οὐκ
2469 3673 2641 3726 ἔστιν
2666 3671 2973 3741 ὑστέρημα
3009 3671 3132 3737 τοῖς
3161 3671 3546 3742 φοϐουμένοις
3572 3669 3735 3722 αὐτόν.

2217 3764 2398 3818 Πάντα
2422 3763 2595 3818 ταῦτα
2624 3763 2914 3834 γνωμικῶς
2941 3765 2969 3816 ὁ
2995 3762 3154 3817 Δαυῒδ
3185 3766 3264 3827 εἰς
3297 3763 3394 3835 τὴν
3420 3763 3605 3835 ἐτέρων
3629 3759 3737 3826 ὠφέ-

2215 3856 2363 3910 λειαν
2395 3857 2746 3928 προφέρεται,
2783 3856 2940 3920 αὐτὸς
2969 3857 3230 3927 πρότερον
3255 3855 3559 3919 ἀπολαύσας
3579 3853 3734 3912 αὐτῶν,

2214 3950 2302 4002 ὅτε
2322 3989 2336 4014 ,
2377 3951 2682 4021 ἐκζητήσας
2708 3949 2798 4002 τὸν
2826 3949 3028 4019 Κύριον
3049 3986 3064 4012 ,
3105 3950 3342 4020 ἐπηκόου
3370 3949 3527 4004 αὑτοῦ
3551 3945 3733 4015 τετύχη-

2215 4057 2298 4093 κεε
2323 4040 2761 4110 Παρακελεύεται
2792 4041 2968 4093 τοίνυν
3002 4041 3093 4094 τὸν
3123 4041 3288 4109 φόϐον
3319 4041 3412 4094 τοῦ
3441 4041 3626 4110 Κυρίου
3657 4033 3734 4105 πρὸ

2213 4132 2504 4203 ὀφθαλμῶν
2527 4130 2766 4184 τίθεσθαι
2788 4133 2913 4193 τοὺς
2938 4133 3126 4200 ἁγίους
3151 4132 3314 4185 αὑτοῦ
3333 4151 3344 4162 ·
3371 4133 3471 4186 ὑπὸ
3492 4132 3589 4201 γὰρ
3608 4123 3733 4180 αὑτοῦ

2213 4225 2308 4278 τοῦ
2339 4225 2503 4294 φόϐου
2531 4224 2676 4292 ἅγιοι
2705 4223 3115 4278 ἀνατελοῦνται·
3147 4223 3227 4277 διὸ
3250 4225 3496 4279 λέλεκται
3521 4226 3574 4276 ὲν
3603 4219 3734 4289 ἑτέρῳ

2212 4315 2428 4388 ψαλμῷ⁸
2463 4317 2524 4369 '0
2543 4317 2724 4385 φόϐος
2741 4315 2962 4383 Κυρίου
2981 4316 3184 4385 ἁγνὸς,
3205 4318 3325 4371 ἀντὶ
3344 4317 3456 4379 τοῦ,
3478 4311 3730 4384 ἀγνοποιός.

2212 4409 2302 4461 Διὸ
2328 4409 2420 4462 καὶ
2444 4411 2472 4462 ό
2498 4407 2639 4470 θεῖος
2664 4407 2825 4478 νόμος
2854 4406 3017 4478 φησίν
3035 4423 3048 4438 ’
3078 4409 3267 4476 Ἅγιοι
3297 4410 3526 4471 ἔσεσθε,
3554 4407 3631 4460 ὅτι
3647 4400 3733 4471 ἐγὼ

545 4491 686 4546 Deus
719 4502 884 4546 vester
909 4502 1122 4547 sanctus
1153 4510 1270 4546 sum
1295 4494 1360 4548 ¹⁸.
1389 4495 1566 4562 Atque
1589 4492 1802 4564 signum
1829 4490 1960 4546 illud
1997 4491 2110 4546 evi-

2221 4501 2424 4569 Κύριος
2457 4503 2490 4554 ὀ
2529 4499 2674 4566 Θεὸς
2707 4497 2874 4568 ὑμῶν
2910 4499 3092 4570 ἅγιος.
3156 4501 3264 4552 Καὶ
3306 4505 3520 4571 σημεῖον
3549 4498 3631 4552 τοῦ
3663 4512 3734 4564 φο·

544 4585 681 4640 dens
714 4584 878 4640 fuerit
922 4586 1136 4640 timoris
1171 4583 1408 4649 Domini,
1453 4584 1498 4640 si
1541 4584 1664 4654 quis
1702 4599 1733 4636 a
1771 4583 2026 4638 sordibus
2060 4591 2115 4638 et

541 4677 728 4750 pravis
771 4676 1028 4748 operibus
1060 4693 1232 4746 purus
1285 4684 1340 4730 et
1375 4692 1577 4731 vacuus
1632 4675 1834 4741 fuerit,
1885 4689 2113 4744 seseque

545 4777 796 4824 sanctum
836 4784 1066 4840 corpore
1101 4784 1163 4822 ac
1196 4768 1393 4837 spiritu
1421 4767 1737 4821 servaverit.
1771 4765 2112 4821 Timentibus

544 4876 708 4932 porro
734 4860 924 4926 Deum,
959 4861 1052 4931 qui
1085 4876 1176 4930 per
1197 4861 1317 4929 ejus
1344 4867 1546 4914 metum
1583 4859 1756 4913 sancti
1784 4857 2109 4922 efﬁciuntur,

545 4953 682 5006 nihil
713 4967 951 5023 unquam
977 4951 1172 5015 deerit,
1196 4958 1381 5020 utpote
1409 4951 1500 5019 qui
1529 4950 1748 5004 divitias
1787 4964 2010 5020 magnas
2044 4964 2108 5003 ac

543 5045 862 5101 thesaurum
891 5043 1153 5116 optimum
1198 5043 1252 5096 in
1306 5043 1425 5112 ipso
1468 5041 1661 5099 timore
1702 5041 1919 5097 Domini
1953 5056 2104 5111 repes

542 5137 734 5193 rerint.

1045 5247 1320 5303 DAVIDIS
1357 5245 1595 5303 XXXIV.

615 5336 779 5394 Vsus.
825 5339 940 5395 1-5.
977 5338 1196 5405 Judica,
1225 5339 1462 5404 Domine,
1510 5346 1748 5392 nocentes
1799 5353 1898 5403 me,
1935 5351 2103 5406 expu-

543 5449 648 5505 gna
670 5436 1030 5506 impugnantes
1059 5452 1158 5489 me.
1189 5433 1521 5504 Appreliende
1567 5450 1719 5487 arma
1759 5444 1808 5486 et
1847 5442 2053 5486 scutum
2080 5447 2099 5485 .'

545 5537 594 5580 et
618 5542 839 5598 exsurge
864 5528 918 5581 in
949 5527 1276 5596 adjutorium
1326 5528 1474 5579 mihi.
1507 5525 1732 5595 Eﬁ'unde
1761 5526 2020 5594 frameam
2048 5531 2098 5576 et

2213 4587 2424 4640 δεῖσθαι
2456 4586 2547 4640 τὸν
2578 4587 2780 4658 Κύριον
2813 4587 2956 4640 τοῦτ’
2994 4587 3060 4641 ἂν
3088 4588 3296 4655 γένοιτο
3316 4627 3331 4651 ,
3371 4591 3429 4642 τὸ
3461 4584 3732 4658 καθαρεύειν

2217 4677 2313 4747 μὲν
2340 4676 2517 4748 πάσης
2540 4676 2808 4746 ρυπαρίας
2829 4676 2921 4728 καὶ
2947 4678 3175 4748 αἰσχρᾶς
3197 4677 3445 4748 πράξεως
3462 4719 3474 4743 ,
3494 4674 3733 4746 φυλάττειν

2211 4769 2266 4822 δὲ
2294 4770 2489 4831 αὐτοὺς
2518 4768 2707 4836 ἁγίους
2743 4768 2833 4821 καὶ
2871 4765 3083 4838 σώματι
3113 4769 3206 4821 καὶ
3237 4767 3519 4838 πνεύματι.
3566 4765 3670 4824 Τοῖς
3689 4759 3730 4810 δὲ

2210 4861 2300 4913 τὸν
2351 4859 2554 4931 Κύριον
2588 4858 2974 4929 φοϐουμένοις,
3027 4858 3118 4912 καὶ
3147 4859 3235 4911 διὰ
3283 4859 3373 4911 τὸν
3419 4855 3572 4912 αὑτοῦ
3603 4851 3730 4922 φόϐον

2213 4955 2563 5026 ἡγιασμένοις
2586 4994 2600 5018 ,
2657 4955 2806 5007 οὐδὲν
2846 4952 2912 5006 ἂν
2943 4953 3107 5025 δεήσῃ
3153 4953 3227 5017 ὼς
3256 4953 3322 5006 ἂν
3356 4953 3521 5023 μέγαν
3548 4945 3732 5002 πλοῦτσν

2212 5047 2306 5100 καὶ
2339 5045 2605 5118 θησαυρὸν
2635 5045 2835 5114 ἀγαθὸν
2859 5045 2916 5098 ὲν
2939 5043 3085 5115 αὺτῷ
3113 5043 3189 5114 τῷ
3217 5043 3364 5114 φόϐῳ
3393 5041 3583 5112 Κυρίου
3603 5036 3731 5105 εὑρη-

2213 5138 2384 5191 κόσιν.

2723 5243 2860 5300 ΤΟΥ
2897 5241 3092 5297 ΔΑΥΙΔ
3125 5243 3242 5296 AA"

2278 5340 2566 5403 Δίκασον,
2601 5339 2797 5406 Κύριε,
2832 5339 2974 5405 τοὺς
3001 5337 3358 5402 ἀδικοῦντάς
3384 5351 3488 5404 με,
3511 5326 3728 5394 πολέμηο

2207 5449 2321 5488 σον
2351 5432 2490 5499 τοὺς
2521 5429 2933 5500 πολεμοῦντάς
2959 5448 3054 5500 με.
3094 5427 3410 5484 Ἐπιλαϐοῦ
3447 5425 3622 5479 ὅπλου
3648 5414 3725 5470 καὶ

2205 5524 2415 5594 θυρεοῦ
2439 5544 2452 5555 ·
2490 5524 2588 5579 καὶ
2613 5523 2906 5591 ἀνάστηθι
2945 5526 3032 5590 εἰς
3062 5519 3349 5589 βοήθειάν
3366 5537 3482 5590 μοι.
3513 5518 3726 5581 Ἐκχεον

546 5619 792 5672 conclude
813 5618 1060 5673 adversus
1083 5634 1168 5672 eos
1190 5619 1278 5688 qui
1305 5627 1680 5686 persequuntur
1707 5633 1804 5671 me.
1826 5616 2096 5682 Quoniam

2221 5615 2520 5684 δομραίαν,
2545 5613 2640 5669 καὶ
2671 5615 3042 5684 σύτκλεισον
3071 5610 3414 5677 ἐξεναντίας
3444 5605 3553 5659 τῶν
3578 5610 3722 5655 κοτα-

625 5770 667 5802 ¹³
705 5770 831 5842 Ssp.
873 5787 978 5837 vn,
1021 5771 1106 5828 t3.
1175 5771 1226 5857 7“
1268 5768 1413 5826 Psal.
1448 5787 1616 5838 ινιιι,
1655 5771 1738 5827 ιο.
1818 5771 1861 5802 ³⁸
1903 5769 2078 5825 chit.
2121 5782 2195 5836 ιι,
2241 5769 2331 5824 43.
