3940 6292
259 355 370 420 297

1413 353 1912 420 COMMENTARIA
1955 355 2024 420 iN
2061 359 2183 416 PSA
2194 361 2394 418 LMOS.

3416 362 3524 420 298

261 479 608 534 διωκόντων
633 497 732 550 με.
773 479 924 534 Ἐπεὶ
949 483 1042 533 καὶ
1061 481 1117 532 ὲν
1149 479 1226 549 τῷ
1258 478 1513 549 Ἱεζεκιὴλ
1529 479 1698 532 πολλὰ
1729 495 1819 548 περ

1961 481 2014 534 in
2063 477 2346 532 Ezechiele
2399 475 2563 529 multa
2611 473 2674 530 de
2703 475 2909 530 framea
2947 475 3092 532 dicta
3143 473 3311 540 sunt;
3367 491 3520 542 nam,

268 566 540 638 ῥομφαίας
565 567 784 640 εἴρηται
801 585 813 598 ·
865 568 1148 638 Ῥομφαιά
1170 569 1278 638 γὰρ
1297 609 1312 630 ,
1343 569 1474 638 φησὶ
1499 609 1513 630 ,
1557 569 1840 636 ῥομφαία,

265 659 602 729 ἑξεγέρθητι
619 700 634 724 ,
653 661 752 714 καὶ
769 661 918 730 φάγε
931 657 1072 730 αἷμα
1099 658 1471 728 τραυματιῶν
1491 678 1503 690 ·
1533 660 1624 712 καὶ
1649 660 1808 714 πάλιν
1825 677 1837 688 ·

267 755 318 808 Γ
319 751 354 820 ἦ
391 751 500 806 ἐὰν
531 750 766 820 ἁμάρτῃ
793 771 914 821 μοι,
951 753 1050 804 καὶ
1079 749 1394 806 ἀποστελῶ
1417 753 1720 819 ῥομφαίαν
1748 751 1840 802 ἐπ’

262 844 482 912 αὐτήν·
509 844 686 898 πάντα
709 844 764 896 δὲ
787 845 956 898 ταῦτα
971 844 1110 898 κατὰ
1125 845 1222 915 τῆς
1243 847 1300 898 ἐν
1323 843 1626 914 ἀνθρώποις
1645 845 1842 908 κακίας

263 937 558 1009 ἐπαφίησιν
577 977 592 1002 ,
619 937 694 1002 ὡς
713 938 916 1008 ἀγαθὸς
935 977 950 1002 ,
981 938 1116 1010 πρὸς
1137 937 1402 1006 ὠφέλειαν
1431 935 1537 988 τῶν
1561 937 1650 988 ὑπ’
1673 936 1840 1007 αὐτῆς

261 1028 720 1100 κεκρατημένωνο
751 1029 874 1082 ἐπεὶ
903 1029 994 1082 καὶ
1024 1027 1275 1100 πολέμων
1311 1025 1470 1092 σώζει
1520 1029 1620 1097 (1),
1652 1027 1837 1098 ὥσπερ

261 1120 444 1192 ἰατρὸς
463 1161 478 1184 ,
509 1121 722 1192 τέμνων
759 1123 850 1176 καὶ
883 1122 1052 1176 καίων
1085 1123 1152 1176 τὰ
1169 1121 1468 1176 πεπονθότα
1483 1121 1572 1174 τοῦ
1589 1119 1837 1191 σώματος

257 1213 394 1284 πρὸς
413 1211 706 1286 θεραπείαν
737 1215 962 1278 παντός’
989 1213 1195 1277 τούτοις
1211 1213 1459 1284 ἐπιφέρει
1485 1213 1655 1282 λέγων
1681 1214 1832 1284 ἑξῆς·

253 1301 448 1360 Εἶπον
482 1304 558 1373 τῇ
587 1305 756 1374 ψυχῇ
783 1324 930 1375 μου’
975 1307 1238 1373 Σωτηρὶα
1267 1323 1382 1360 σου
1411 1305 1524 1374 ἐγώ
1553 1309 1666 1375 εἰμι
1685 1325 1696 1338 °
1749 1325 1838 1360 πι-

257 1397 463 1450 στεύων
497 1399 592 1450 καὶ
619 1399 860 1470 ἀκριϐῶς
890 1397 1250 1468 πεπεισμένος
1277 1437 1290 1462 ,
1327 1399 1408 1450 ὅτι
1456 1399 1516 1450 τὸ
1549 1397 1834 1468 λεγόμενον

255 1489 358 1542 ὑπὸ
387 1489 478 1543 τοῦ
505 1491 640 1544 Θεοῦ
670 1491 766 1544 οὐκ
793 1491 976 1562 ἀργῶς
1003 1491 1248 1562 πρόεισιν
1268 1531 1281 1554 ,
1319 1491 1430 1544 ἀλλ’
1455 1494 1533 1555 εἰς
1559 1493 1718 1562 ἔργον
1747 1493 1836 1545 ὲκ-

253 1577 430 1632 ὃαίνει
459 1581 674 1646 πάντως
693 1582 753 1634 τὸ
775 1583 1084 1652 λεγόμενον.
1117 1584 1224 1636 Καὶ
1249 1585 1306 1636 ὲν
1335 1583 1507 1652 τούτῳ
1526 1583 1582 1636 δὲ
1611 1583 1706 1653 τὴν
1737 1583 1833 1654 μὲν

251 1671 450 1724 ἑαυτοῦ
483 1675 700 1742 ⁴ῆρνεῖιιο
735 1673 1038 1745 σωτηρίαν,
1063 1674 1154 1726 καὶ
1187 1675 1284 1744 τὴν
1317 1673 1510 1726 ἑαυτοῦ
1545 1678 1832 1746 παρῃτεῖτο

251 1761 396 1834 ζωὴν
417 1804 432 1828 ,
467 1765 564 1836 τὴν
603 1767 658 1818 δὲ
690 1765 784 1820 τοῦ
817 1767 1018 1836 Κυρίου
1053 1767 1324 1838 σωτηρίαν
1356 1769 1421 1836 τῇ
1455 1766 1648 1819 ἑαυτοῦ
1687 1767 1828 1838 ψυχῇ

1954 569 2208 632 Framea,
2243 569 2438 637 inquit,
2475 567 2678 636 framea
2731 567 3012 632 suscitare,
3059 579 3108 622 et
3143 567 3354 622 comede
3389 583 3520 622 san-

1949 663 2156 732 guinem
2203 659 2594 714 vulneratorum
2629 659 2702 724 ¹⁶;
2758 673 2822 712 ac
2871 673 3124 714 rursum:
3185 660 3346 716 Terra
3399 676 3520 714 cum

1949 757 2234 824 peccaverit
2267 755 2416 816 mihi,
2445 755 2604 806 etiam
2635 753 2920 806 immittam
2955 753 3212 822 frameam
3243 763 3430 806 contra
3447 753 3518 806 il-

1949 845 2056 900 fam
2081 847 2153 910 I7;
2189 847 2302 900 lucc
2335 855 2516 900 autem
2551 845 2730 900 omnia
2759 847 3022 900 adversus
3053 847 3312 900 malitiam
3341 845 3518 900 homi-

1945 955 2101 1002 num,
2137 947 2320 1009 utpote
2351 940 2550 1002 bonus,
2584 938 2650 994 ad
2682 939 2972 994 utilitatem
3013 953 3202 992 eorum
3235 939 3380 1009 quia
3403 939 3516 992 fra-

1947 1041 2064 1080 mea
2101 1027 2190 1082 illa
2213 1035 2572 1098 occupantur,
2609 1028 2808 1082 emittit
2843 1047 2858 1083 :
2895 1029 3150 1098 quoniam
3181 1029 3308 1082 item
3339 1044 3370 1082 a
3399 1029 3516 1084 bel-

1947 1117 2014 1172 lis
2043 1127 2220 1172 servat
2253 1127 2306 1173 et
2335 1129 2515 1174 tuetur
2553 1119 2712 1188 quasi
2765 1120 3032 1184 medicus,
3060 1120 3307 1190 corporis
3341 1137 3514 1174 mem-

1944 1206 2040 1260 bra
2075 1207 2216 1262 male
2247 1207 2460 1270 affecta,
2499 1209 2564 1262 ad
2591 1209 2762 1264 totius
2791 1210 3222 1264 incolumitatem
3253 1223 3514 1266 resecan!

1941 1305 1996 1350 et
2025 1299 2297 1366 adurens;
2331 1299 2451 1354 ideo
2483 1301 2536 1353 in
2573 1302 2930 1370 sequentibus
2962 1300 3128 1356 infert
3154 1319 3164 1354 :
3187 1300 3285 1354 Dic
3319 1301 3512 1356 animi:

1942 1406 2070 1444 mea:
2099 1407 2114 1444 :
2149 1389 2307 1446 Salus
2349 1403 2440 1446 tua
2481 1411 2571 1464 ego
2613 1411 2750 1460 sum,
2783 1395 3015 1450 credens
3047 1395 3258 1450 scilicet
3290 1411 3354 1450 ac
3389 1411 3514 1464 per

1941 1497 2164 1538 suasum
2203 1484 2360 1554 plane
2391 1487 2618 1550 habens,
2649 1487 2870 1544 clintum
2907 1489 3038 1542 illud
3089 1487 3184 1543 Dei
3221 1504 3332 1544 non
3391 1489 3512 1542 fru-

1941 1581 2054 1630 stra
2083 1575 2350 1644 prolatum
2385 1593 2526 1642 esse,
2557 1577 2650 1633 sed
2671 1587 2836 1650 opere
2865 1595 2928 1634 ac
2969 1597 3026 1636 re
3065 1589 3215 1650 gesta
3263 1599 3512 1652 compro-

1939 1666 2078 1720 bari.
2111 1668 2286 1738 Atque
2317 1684 2378 1723 ea
2413 1671 2630 1740 quidem
2673 1672 2728 1725 in
2775 1689 2834 1728 re
2885 1674 3116 1728 salutem
3155 1689 3316 1743 quam
3349 1691 3414 1728 ex
3449 1691 3511 1730 se

1941 1760 2103 1814 habet
2151 1761 2471 1831 abnegabat,
2517 1765 2794 1834 vitamque
2837 1767 3110 1836 propriam
3159 1767 3505 1835 repudiabat,

249 1854 578 1926 χαρισθῆναι
609 1855 836 1928 ηὔχετο,
871 1861 1020 1923 ὅπως
1052 1860 1143 1912 καὶ
1175 1857 1333 1922 αὐτὸς
1367 1859 1480 1929 ἔχοι
1507 1858 1712 1926 λέγειν·
1743 1856 1819 1910 Ζὰ

1939 1866 2002 1906 ac
2031 1850 2246 1906 Domini
2276 1854 2505 1936 salutem
2533 1857 2728 1910 anima:
2749 1857 2986 1913 conferri
3009 1873 3122 1913 suae
3145 1861 3501 1928 precabatur;

247 1945 316 2000 δὲ
341 1949 544 2002 οὐκέτι
573 1949 684 2020 ἐγὼ
703 1991 717 2014 ,
752 1950 818 2018 ζῇ
843 1951 909 2004 δὲ
939 1953 1007 2004 ἐν
1037 1949 1168 2019 ἐμοὶ
1191 1952 1464 2018 Χριστός.
1519 1949 1688 2012 Αὐτὸς
1721 1949 1828 2022 γάρ

248 2037 394 2090 ἐστιν
421 2041 454 2110 ἡ
483 2041 726 2123 σωῃρία
759 2041 944 2112 ήμῶν·
971 2042 1126 2094 τοῦτο
1149 2041 1277 2108 γοῦν
1303 2039 1432 2092 αὐτὸ
1459 2041 1706 2110 σημαίνει
1733 2041 1828 2094 καὶ

247 2130 278 2200 ἠ
306 2129 402 2183 τοῦ
442 2131 618 2202 Ἰησοῦ
653 2131 915 2202 ὀνόματος
944 2133 1226 2204 ἑρμηνεία.

313 2305 837 2376 Αίσχυνθήτωσαν
854 2307 948 2359 καὶ
967 2307 1432 2374 ἐντραπὴτωσαν
1449 2312 1499 2362 ei
1517 2307 1826 2374 ζητοῦντες

244 2393 360 2462 τὴν
405 2395 618 2464 ψυχήν
655 2415 795 2466 μου.
853 2397 1052 2449 Τούτου
1087 2397 1226 2470 γὰρ,
1267 2399 1432 2470 φησι,
1479 2398 1684 2469 Κύριε,
1721 2399 1826 2450 ὑπὸ

246 2485 341 2538 σοῦ
379 2485 714 2554 γενομένου,
767 2485 860 2540 καὶ
907 2487 1310 2551 ἐπακούσαντος
1353 2507 1453 2558 μου
1501 2490 1598 2558 τῆς
1637 2489 1822 2558 εὐχῆς,

248 2577 696 2648 αἰσχυνθῆσονται
715 2579 810 2632 καὶ
831 2581 1256 2651 ἐντραπήσονται
1273 2583 1346 2643 ὡς
1367 2583 1539 2652 μάτην
1556 2581 1826 2652 ἐπιχειρή-

255 2669 574 2732 σαντες·διὸ
603 2671 698 2722 κοιλ⁸
731 2665 999 2741 ἀπέτυχον
1027 2671 1117 2724 τοῦ
1149 2673 1600 2742 σπουδαζομένου.
1653 2671 1820 2724 Ἀπο-

245 2757 782 2826 στραςεήτωσανεὶς
805 2759 874 2812 τὰ
892 2761 1081 2812 ὀπίσω
1103 2761 1196 2812 καὶ
1212 2761 1823 2829 καταισχυνθιξτωσαν

241 2853 296 2904 οἱ
321 2849 694 2920 λογιζόμενοί
717 2869 816 2920 μοι
842 2853 1014 2906 κακά.
1049 2852 1242 2906 Οὐκέτι
1267 2854 1373 2924 γὰρ
1405 2857 1690 2924 στήσονται
1717 2857 1822 2926 πρὸ

241 2941 536 3014 προσώπου
573 2959 708 3013 μου¹
750 2943 892 2996 νῶτα
922 2943 976 2995 δὲ
1014 2943 1194 3008 δόντες
1233 2945 1688 3016 παραχωρῆσουσί
1726 2964 1816 3018 μοι

237 3035 304 3088 τὰ
333 3037 646 3107 νικητήρια.
684 3033 986 3103 Φεύγουτας
1014 3035 1068 3088 δὲ
1101 3033 1293 3099 αὐτοὺς
1321 3040 1414 3090 καὶ
1445 3039 1524 3100 εἰς
1552 3037 1619 3090 τὰ
1649 3038 1820 3090 όπίσω

235 3127 552 3200 χωροῦντας
565 3128 993 3199 διασκορπισμὸς
1010 3129 1697 3199 λήψεταιΓεν-ηθήτωσαν
1713 3131 1818 3202 γὰρ

1936 1947 1996 1994 ιιι
2039 1941 2154 2012 ipse
2207 1957 2422 2012 quoque
2457 1945 2637 2000 dicere
2682 1958 2868 2016 posset
2923 1967 2935 2002 :
3003 1947 3129 2002 Vivo
3163 1958 3360 2010 autem,
3383 1949 3506 2018 jam

1935 2047 2038 2084 non
2068 2047 2196 2102 ego;
2256 2034 2374 2086 vivit
2411 2051 2527 2088 vero
2553 2036 2603 2088 in
2636 2051 2714 2089 me
2746 2035 2988 2092 Christus
3019 2039 3080 2090 ³⁸.
3117 2039 3234 2108 Ipse
3267 2056 3506 2108 namque

1933 2131 2016 2178 est
2052 2125 2200 2180 salus
2239 2135 2430 2180 nostra
2465 2146 2478 2180 :
2519 2127 2754 2196 idipsum
2799 2146 2964 2200 porro
2996 2131 3076 2186 vel
3112 2131 3229 2201 ipsa
3265 2131 3503 2186 nominis

1931 2211 2060 2268 Iesu
2085 2213 2483 2285 signiﬁcatione
2519 2215 2813 2272 indicatur.

2005 2302 2169 2360 Vens.
2225 2306 2342 2362 4-8.
2407 2307 2814 2376 Confundantur
2868 2321 2916 2366 et
2967 2325 3300 2368 reret-cantur
3353 2331 3500 2383 qum-

1931 2410 2099 2454 rentes
2141 2401 2373 2454 animam
2409 2417 2597 2455 meam.
2649 2401 2743 2458 llis
2799 2404 2984 2470 rebus,
3035 2405 3278 2469 Domine,
3334 2407 3414 2460 sic
3467 2422 3502 2462 a

1931 2499 1984 2543 te
2015 2493 2204 2560 gestis,
2247 2501 2532 2562 postquam
2565 2494 3004 2563 deprecationem
3037 2513 3210 2552 meam
3242 2499 3500 2554 exauzlie-

1931 2583 2028 2648 ris,
2065 2584 2470 2639 confundentur
2501 2585 2576 2638 illi
2612 2601 2676 2639 ac
2707 2587 2914 2656 pudore
2944 2587 3266 2652 afﬁcientur,
3303 2598 3361 2642 ut
3385 2591 3499 2644 fru-

1931 2679 2042 2725 stra
2081 2689 2192 2726 rem
2224 2675 2464 2744 aggressi
2499 2693 2512 2729 :
2549 2677 2901 2744 quamobrem
2933 2693 2960 2730 a
2993 2695 3160 2748 scopo
3189 2679 3322 2748 lapsi
3345 2689 3495 2736 sunt.

1929 2765 2248 2816 Arertantur
2283 2777 2570 2820 retrorsum
2599 2777 2648 2822 et
2684 2768 2992 2822 erubescant
3035 2769 3325 2840 cogitantes
3371 2773 3500 2826 milii

1929 2856 2092 2910 nulla.
2126 2855 2242 2910 Non
2265 2858 2402 2910 ultra
2425 2859 2566 2912 enim
2593 2861 2897 2914 consistent
2915 2869 3038 2916 ante
3069 2861 3260 2917 faciem
3285 2880 3456 2918 meam
3481 2885 3494 2920 :

1929 2945 2022 2998 sed
2053 2953 2204 3016 terga
2237 2947 2450 3008 dantes.
2486 2949 2679 3002 cedent
2711 2951 2840 3002 mihi
2875 2951 3178 3006 victoriam.
3225 2951 3330 3022 ipsi
3373 2971 3497 3008 vero

1929 3036 2196 3106 fugientes
2245 3053 2308 3092 ac
2353 3045 2499 3091 retro
2551 3037 2808 3095 cedentes
2842 3040 3280 3110 dissipabuntur.
3329 3041 3496 3096 Fiant

1929 3137 2179 3196 tanquam
2209 3129 2378 3197 pulvis
2431 3137 2548 3181 ante
2584 3129 2776 3198 {aciem
2823 3133 2980 3194 venti,
3020 3141 3068 3186 et
3119 3135 3332 3202 angelus
3389 3133 3492 3188 Do-

234 3219 378 3272 ὡσεὶ
425 3219 580 3288 χοῦς
617 3219 768 3272 κατὰ
813 3222 1136 3288 πρόσωπον
1169 3221 1390 3290 ἀνέμου
1424 3223 1520 3274 καὶ
1567 3223 1819 3292 ἅγγελος

1930 3221 2052 3272 mini
2081 3231 2357 3273 coarctans
2403 3237 2512 3284 eos,
2566 3239 2634 3276 ne
2675 3225 2819 3278 ultra
2873 3225 2996 3278 illos
3047 3227 3366 3296 congregari
3401 3237 3492 3280 aut

233 3311 459 3378 Kvplcv
488 3311 780 3365 ἐκθλίϐων
811 3314 1063 3380 αὐτοὺς,
1117 3315 1250 3385 μηδὲ
1286 3315 1648 3386 συναχθῆναι,
1687 3316 1818 3386 μηδὲ

233 3404 674 3475 παλινδρομῆσαι
715 3407 1038 3477 συγχωρῶν,
1069 3409 1096 3461 ὁ
1133 3408 1178 3460 δ’
1212 3407 1372 3470 αὐτὸς
1397 3407 1700 3477 ἐπιμενέτω
1724 3411 1816 3460 ἐκ-

234 3493 436 3550 θλίϐων
462 3497 688 3562 αὐτοὺς,
719 3497 962 3552 τουτέστι
984 3499 1245 3564 κολάζων.
1281 3498 1598 3568 Γενηθήτω
1614 3503 1651 3568 ἡ
1679 3499 1816 3564 ὁδὸς

235 3587 437 3642 αὐτῶν
467 3591 689 3655 σκότος
716 3591 812 3644 καὶ
846 3593 1164 3660 ὀλίσθημα,
1195 3591 1292 3646 καὶ
1323 3591 1573 3662 ἅγγελος
1595 3591 1814 3656 Κυρίου

1927 3309 2120 3362 reverti
2159 3310 2318 3368 sinat.
2353 3311 2444 3364 sed
2485 3311 2648 3364 instet
2680 3311 2794 3382 ipse
2828 3325 3138 3378 coarctans,
3173 3314 3226 3366 id
3257 3325 3341 3370 est
3391 3333 3492 3385 pn—

1923 3399 2082 3454 niens
2105 3401 2246 3455 illos.
2281 3399 2406 3454 Fiat
2439 3405 2520 3456 via
2547 3402 2764 3457 illorum
2795 3405 3017 3458 tenebrat
3045 3413 3094 3458 et
3129 3405 3410 3470 lubricum,
3441 3417 3490 3464 et

1924 3493 2138 3563 angelus
2179 3493 2395 3546 Domini
2416 3510 2724 3566 persequens
2759 3513 2866 3550 eos.
2905 3495 3058 3550 Viam
3089 3497 3382 3567 impiorum
3415 3501 3490 3554 vi-

1921 3591 2032 3637 tam
2069 3601 2290 3654 pravam
2319 3595 2618 3656 nuncupat,
2654 3603 2760 3658 qua
2793 3587 2868 3640 illi
2901 3589 2984 3640 via
3019 3589 3362 3644 incedebant.

233 3680 618 3736 καταδιώκων
635 3683 875 3749 αὐτούς.
908 3682 1278 3738 Ὀδὸνάσεϐῶν
1295 3685 1384 3738 τὸν
1403 3685 1673 3756 μοχθηρὸν
1699 3685 1810 3753 βίον
1843 3677 2130 3748 ὀνομάζει,
2163 3677 2284 3730 καθ’
2314 3679 2372 3731 ὃν
2403 3679 2500 3750 τὴν
2536 3681 2758 3750 πορείαν
2789 3683 3130 3751 ἐποιήσαντο.

303 3773 438 3826 Ὅτι
487 3771 716 3840 δωρεὰν
763 3773 1038 3840 ἑκρυψάν
1064 3792 1162 3842 μοι
1202 3773 1527 3842 διαφθορὰν
1565 3771 1813 3843 παγίδος

235 3863 450 3918 αὐτῶν.
515 3863 653 3917 Ἀνθ⁹
685 3859 744 3918 οὗ
771 3867 799 3918 ὁ
827 3864 1120 3936 Σύμμαχος
1152 3866 1408 3929 ἐξέδωκεν
1439 3863 1611 3928 οὕτως
1634 3881 1646 3893 ·
1685 3865 1813 3916 ’Ὅτι

232 3957 512 4023 ἀναιτίως
541 3955 926 4026 κατέκρυψάν
945 3976 1045 4026 μοι
1078 3957 1405 4027 διαφθορὰν
1429 3957 1682 4028 δικτύων
1709 3959 1814 4010 αὐ-

232 4047 366 4104 τῶν.
395 4047 582 4120 Μηδὲν
615 4049 722 4119 γὰρ
753 4050 843 4101 ὑπ’
869 4047 1001 4120 ἐμοῦ
1025 4051 1460 4120 προπεπονθότες
1488 4049 1693 4121 δωρεὰν
1719 4049 1820 4102 και

232 4141 492 4204 ἀναιτίως
519 4140 874 4194 ἐπεϐούλευόν
907 4159 994 4212 μοι
1029 4141 1360 4212 κρύπτοντες
1391 4141 1592 4208 παγίδα
1612 4181 1625 4204 ,
1661 4141 1726 4193 δι’
1745 4135 1813 4211 ἧς

233 4233 350 4302 ἐμοὶ
373 4233 674 4304 διαφθορὰν
699 4231 1116 4297 κατεσκεύαζον.
1141 4233 1204 4285 Ei
1227 4234 1318 4286 καὶ
1345 4233 1412 4286 τὰ
1444 4232 1675 4303 μάλιστα
1703 4232 1810 4303 γὰρ

233 4326 446 4380 ἐδόκουν
469 4327 537 4379 δι’
559 4325 654 4378 ἀνθ
665 4325 858 4396 ρώπων
879 4343 944 4396 με
969 4325 1094 4380 πολε
1104 4329 1221 4397 μεῖν
1242 4367 1255 4390 ,
1276 4325 1392 4397 ἦτοι
1411 4325 1496 4378 διὰ
1510 4325 1601 4379 τοῦ
1619 4325 1809 4390 Σαοὺλ,

233 4417 265 4489 ἢ
291 4419 384 4472 καὶ
408 4417 475 4470 δι’
500 4417 703 4487 ἑτέρων
723 4457 738 4480 ,
771 4416 883 4470 ἀλλ’
907 4417 1006 4470 οὐκ
1030 4415 1254 4486 ἠγνόουν
1277 4413 1385 4484 ἐγὼ
1406 4417 1502 4486 τῆς
1523 4415 1614 4468 τοῦ
1640 4415 1810 4469 Σαοὺλ

1994 3766 2257 3831 Quoniam
2304 3769 2470 3836 gratis
2513 3769 2898 3821 absconderant
2947 3770 3074 3821 mihi
3117 3769 3382 3821 interitum
3417 3770 3485 3824 la-

1920 3860 2038 3928 quei
2065 3860 2165 3912 sui.
2195 3857 2301 3911 Pro
2333 3875 2442 3928 quo
2493 3857 2856 3929 Symmachus
2886 3861 2966 3913 sic
2999 3859 3189 3924 edidit,
3223 3859 3489 3923 Quoniam

1920 3956 2031 4003 sine
2065 3966 2228 4002 causa
2264 3949 2646 4003 absconderant
2681 3948 2806 4000 mihi
2833 3949 3103 4002 interitum
3141 3950 3328 4002 retium
3361 3967 3488 4006 suo—

1919 4056 2056 4093 rum.
2088 4039 2249 4092 Nullo
2290 4041 2490 4110 quippe
2525 4057 2552 4093 a
2599 4055 2684 4094 me
2732 4039 2908 4094 affecti
2956 4039 3177 4104 damno,
3230 4042 3399 4110 gratis
3433 4051 3488 4096 et

1920 4133 2038 4187 sine
2082 4147 2248 4187 causa
2305 4133 2707 4187 abscondentes
2755 4133 3031 4202 laqueum,
3085 4133 3488 4189 insidiabantur

1919 4223 2073 4286 mihi,
2116 4239 2225 4294 quo
2268 4224 2397 4278 mihi
2439 4223 2718 4278 interitum
2755 4233 3031 4294 pararent.
3079 4223 3304 4280 Etiamsi
3341 4228 3486 4282 enim

1917 4315 2265 4380 videbantur,
2321 4318 2434 4370 sive
2493 4315 2692 4378 Saulis,
2753 4318 2867 4370 sive
2914 4315 3144 4372 aliorum
3205 4317 3486 4372 hominum

1918 4421 2080 4475 opera
2113 4397 2432 4477 impugnare
2475 4423 2588 4472 me;
2653 4415 2700 4460 at
2749 4423 2856 4460 non
2917 4407 3232 4478 ignorabam
3263 4427 3362 4482 ego
3391 4409 3486 4480 qui

235 4507 566 4578 ζηλοτυπίας
589 4508 714 4571 τοὺς
741 4507 942 4572 αἰτίους
975 4507 1068 4562 καὶ
1096 4506 1202 4560 τῶν
1231 4505 1429 4558 λοιπῶν
1460 4505 1664 4577 ἐχθρῶν
1687 4504 1810 4567 τοὺς

1930 4497 2066 4551 Sauli
2103 4499 2322 4554 invidia:
2355 4507 2630 4562 auctores,
2661 4509 2714 4554 et
2743 4501 2836 4570 qui
2865 4503 3201 4572 reliquorum
3243 4503 3484 4556 hostium

237 4597 536 4660 ὐποὼλείς.
565 4587 582 4609 ”
603 4597 782 4650 Ἄλλοι
815 4597 922 4668 γὰρ
954 4594 1092 4668 ἦσαν
1123 4599 1171 4651 οἱ
1203 4597 1300 4660 τὰς
1335 4595 1538 4648 ἑαυτῶν
1579 4595 1811 4662 παγίδας

240 4689 570 4761 κρύπτοντες
607 4689 700 4742 καὶ
727 4689 824 4759 τὴν
861 4689 1035 4760 ψυχήν
1071 4707 1171 4760 μου
1201 4687 1506 4758 διαφθεῖραι
1540 4685 1810 4756 πειρώμε-

239 4797 312 4834 νοι
331 4821 344 4844 ,
366 4781 414 4834 οἳ
449 4779 546 4832 καὶ
568 4775 770 4848 μάτην
799 4779 1116 4832 ὠνείδισαν
1141 4776 1252 4846 τὴν
1277 4775 1487 4847 ψυχήν
1508 4795 1625 4846 μου
1642 4793 1654 4806 ⁸
1691 4775 1806 4829 ἀνθ’

239 4862 294 4924 ὦ
314 4871 340 4921 ὁ
363 4869 658 4940 Σύμμαχος
689 4868 946 4934 ἐξέδωκεν
966 4883 978 4898 ⁸
1016 4869 1315 4934 ’Λναιτίως
1341 4865 1667 4932 ὐπώρυξαν
1693 4865 1807 4932 τὴν

241 4960 440 5028 ψυχήν
466 4977 608 5030 μου.
660 4959 842 5012 Πάντα
871 4959 978 5029 γὰρ
1011 4959 1293 5030 ἔπραττον,
1322 4957 1590 5026 ἐκστῆσαι
1619 4953 1802 5026 βουλό-

249 5065 382 5118 μενοι
411 5051 578 5105 αὐτοῦ
601 5051 698 5121 τὴν
726 5051 901 5120 ψυχὴν
927 5051 1024 5119 τῆς
1049 5052 1458 5120 ἐνυπαρχούσης
1482 5050 1618 5118 αὐτῇ
1644 5047 1804 5118 πραό-

245 5153 390 5208 τητος
420 5141 516 5192 καὶ
543 5123 920 5206 ἀνεξικακίας,
949 5141 1040 5192 καὶ
1069 5140 1218 5202 ὅπως
1237 5179 1250 5202 ,
1285 5137 1589 5208 πληρωθεὶς
1628 5137 1800 5208 θυμοῦ

246 5229 330 5282 καὶ
357 5231 556 5302 ὀργῆς,
589 5232 680 5284 ἐπὶ
707 5231 803 5302 τὴν
833 5233 1041 5303 ἄμυναν
1074 5230 1216 5283 ἔλθοι
1236 5271 1250 5288 ,
1287 5229 1378 5282 καὶ
1417 5229 1585 5300 δράσῃ
1619 5247 1670 5281 τι
1699 5247 1800 5282 xu"-

247 5319 332 5373 κδν
354 5323 442 5376 τὸν
471 5323 664 5379 Σαούλ.
716 5323 899 5377 Ταῦτα
936 5323 1033 5394 μὲν
1057 5320 1147 5380 οὖν
1175 5323 1301 5394 περὶ
1333 5321 1440 5373 τῶν
1473 5321 1683 5374 πολλῶν
1714 5323 1802 5392 ὲχ-

247 5411 410 5482 θρῶν·
471 5418 606 5485 περὶ
628 5415 684 5468 δὲ
726 5415 818 5468 τοῦ
866 5417 922 5468 ὲν
965 5417 1147 5480 αὐτοῖς
1187 5413 1484 5487 κορυφαίου
1525 5413 1798 5482 ἐπιλέγει·

257 5503 488 5558 Ἐλθέτω
512 5503 672 5570 αὐτῷ
702 5506 882 5576 παγίς
907 5505 988 5573 ἢν
1014 5509 1084 5559 οὐ
1113 5505 1422 5574 γινώσκει,
1453 5503 1549 5558 καὶ
1583 5505 1622 5572 ἡ
1651 5503 1802 5569 θήρα

245 5589 317 5660 ἢν
334 5595 556 5664 ἔκρυψε
576 5598 924 5651 συλλαϐἐτω
944 5599 1147 5662 αὑτὸν,
1173 5597 1267 5650 καὶ
1290 5599 1360 5650 ἐν
1385 5595 1458 5666 τῇ
1481 5596 1681 5665 etrapida
1702 5609 1802 5649 πε-

307 5735 350 5766 “
384 5735 580 5790 Ezech.
613 5749 730 5798 nt,
763 5735 814 5790 9.
895 5737 936 5767 ¹⁷
977 5735 1139 5791 Zaeb.
1176 5751 1300 5800 xm,
1336 5737 1384 5790 7.

1463 5737 1504 5768 ³³
1543 5737 1660 5790 Gal.
1703 5751 1764 5800 ιι,
1797 5735 1887 5790 9.0.

1916 4591 2118 4642 occulti
2151 4591 2480 4659 impulsores
2512 4599 2720 4648 essent.
2755 4593 2862 4647 Alii
2910 4610 3146 4650 namuue
3188 4603 3343 4648 erant
3390 4595 3484 4664 qui

1915 4679 2139 4748 laqueos
2184 4681 2604 4749 abscondet-ent,
2663 4691 2718 4736 et
2767 4685 3002 4738 animam
3051 4688 3276 4758 perdere
3306 4698 3483 4737 meam

1913 4771 2256 4836 molirentur,
2303 4775 2398 4844 qui
2445 4775 2607 4830 etiam
2661 4792 2977 4844 supervacue
3033 4780 3482 4844 cxprobravernnt

1913 4863 2141 4916 animam
2175 4883 2391 4918 meam:
2429 4883 2524 4936 pro
2558 4883 2666 4937 quo
2710 4867 3073 4939 Symmachus
3123 4867 3314 4926 edidit.
3369 4867 3483 4920 sine

1911 4969 2072 5006 causa
2098 4955 2426 5023 stt/foderunt
2471 4960 2704 5012 anitnam
2739 4975 2926 5011 meam.
2963 4957 3106 5022 Nihil
3136 4959 3336 5028 quippe
3373 4973 3482 5012 non

1909 5048 2161 5116 agebant,
2201 5057 2254 5101 ut
2305 5051 2540 5104 animam
2575 5051 2694 5119 ejus
2731 5053 2798 5105 ab
2832 5051 2996 5104 insita
3037 5049 3129 5102 illa
3161 5057 3483 5102 mansuetu-

1909 5138 2036 5192 dine
2074 5143 2128 5192 et
2183 5139 2508 5208 injuriarum
2543 5140 2818 5195 oblivione
2849 5139 3224 5202 deturbarent,
3256 5155 3364 5208 quo
3397 5139 3480 5194 ira

1904 5228 2196 5300 furoreque
2217 5233 2410 5300 plenus
2436 5233 2500 5286 ad
2537 5233 2831 5286 vindictam
2867 5249 2924 5286 se
2959 5239 3218 5296 verteret,
3242 5241 3294 5286 et
3321 5229 3474 5286 Sauli

1901 5324 2178 5394 quidpiam
2214 5327 2342 5379 mali
2367 5325 2611 5380 inferret.
2661 5324 2788 5379 Πιοο
2819 5325 2884 5380 de
2909 5325 3095 5379 multis
3129 5325 3362 5378 inimicis
3394 5324 3477 5376 tli—

1900 5421 1987 5467 cta
2023 5433 2037 5468 :
2075 5415 2142 5470 de
2175 5415 2391 5468 illorum
2438 5423 2619 5470 autem
2659 5417 2901 5486 principe
2949 5415 3064 5469 haec
3111 5415 3336 5484 adjicit:
3377 5415 3475 5466 Ve-

1901 5506 2013 5558 niat
2041 5505 2124 5558 illi
2158 5505 2372 5575 laqueus
2405 5522 2556 5574 quem
2589 5507 2820 5576 ignorat,
2875 5515 2926 5560 et
2955 5507 3128 5572 captio
3157 5523 3312 5575 quam
3351 5503 3476 5558 abs-

1902 5598 2076 5652 condit
2110 5599 2464 5666 apprehendat
2499 5615 2638 5664 eum,
2669 5611 2719 5654 ct
2750 5601 2804 5653 in
2839 5600 3083 5670 laqueum
3123 5611 3280 5654 caaat
3313 5601 3364 5654 in
3389 5603 3471 5670 ip-

307 5825 382 5898 (ι)
406 5827 538 5896 Quis
565 5843 680 5882 non
703 5829 846 5898 videt
869 5831 1152 5902 legendum
1177 5846 1298 5886 esse
1329 5831 1908 5903 no).zp6’w,Lalineque
1939 5831 2277 5888 reddendum
2315 5849 2326 5884 :
2363 5832 2526 5886 etiam
2565 5833 2886 5902 impugnans
2917 5833 3089 5887 salvat
3109 5837 3134 5888 ?

555 5923 826 5985 ΡΑτιιοι..
873 5925 988 5986 Gn.
1037 5925 1268 5989 XXI”.

3076 5929 3151 5987 10
