3940 6292
424 347 530 404 2'59

1106 343 1376 400 EUSEBII
1407 338 1888 397 CESARIENSIS
1919 335 2070 394 OPP.
2102 337 2282 396 PARS
2318 342 2405 400 Ill.
2438 375 2508 385 ——
2545 344 2949 403 EXEGETICA.

3560 348 3673 406 300

428 479 571 519 sunt:
598 461 724 517 llaec
774 462 932 533 quasi
983 461 1260 534 precando
1290 478 1320 518 a
1349 462 1554 520 Davide
1582 462 1815 534 prolata,
1851 460 1998 516 futu-

2105 461 2290 517 σεῖται
2321 463 2391 516 ἐν
2415 464 2588 535 αὐτῇ.
2639 465 2824 520 Ταῦτα
2850 465 2908 519 δέ
2935 464 3124 536 ῶσπερ
3151 464 3210 519 ἐν
3234 465 3366 538 εὐχῇ
3398 465 3476 537 τῷ
3506 466 3672 520 Δαυτδ

428 570 613 611 rerum
663 555 967 625 praenuntia
1020 563 1202 622 erant,
1259 563 1313 611 et
1340 571 1489 628 'quaa
1534 560 1795 611 eventura
1840 559 1998 608 erant

427 645 1144 719 propheticetdeclarabant.
1175 646 1553 719 Similiterque
1585 647 1838 718 superius
1870 660 2000 716 pro-

427 740 640 813 phetice
672 739 881 795 dictum
911 749 1027 796 est:
1064 740 1395 797 Erubescant
1424 740 1917 812 etconfundantur,
1942 738 1997 794 id

421 836 527 895 est,
558 829 885 886 erubescent
917 838 971 886 et
1002 830 1408 888 confundentur
1427 835 1530 899 ;fac
1557 848 1777 889 rursum
1802 832 1997 888 :Aver-

424 929 606 977 tantur
633 920 1127 991 etﬁconfundantur,
1154 933 1204 978 et
1238 925 1374 995 ﬁant
1399 933 1651 997 tanquam
1673 924 1864 994 pulvis,
1894 924 2000 981 hoc

423 1023 528 1081 est,
558 1022 874 1071 avertentur
906 1022 961 1071 et
1003 1014 1430 1081 confundentur,
1465 1026 1521 1074 et
1572 1017 1704 1073 flent
1736 1025 1998 1088 tanquam

423 1108 622 1178 pulvis.
650 1106 787 1163 Nam
815 1123 937 1180 qua:
962 1107 1200 1165 inimicis
1226 1118 1506 1168 eventura
1540 1118 1698 1166 erant
1741 1125 2000 1182 praenun-

420 1199 617 1259 tiabat.
655 1199 773 1255 Erit
812 1202 917 1272 ~qui
964 1201 1285 1268 arbitretur,
1333 1202 1404 1259 de
1450 1200 1757 1260 Saulehmc
1783 1204 1998 1275 prolata

425 1309 570 1359 esse,
607 1293 736 1364 quia
756 1293 911 1349 haud
951 1294 1047 1350 diu
1081 1300 1272 1365 postea
1306 1295 1411 1351 hoc
1448 1296 1553 1367 ipsi
1585 1297 1715 1352 mali
1747 1300 1995 1371 contigit.

428 1391 497 1443 At
522 1404 622 1444 nos
648 1404 838 1444 eorum
869 1402 991 1460 qua:
1024 1388 1186 1444 initio
1209 1389 1406 1460 psalmi
1437 1388 1583 1445 dicta
1613 1400 1741 1447 sunt
1791 1404 2001 1449 memo-

428 1500 539 1549 res,
567 1483 683 1539 haec
706 1483 823 1555 ipsa
848 1483 916 1538 de
943 1482 1181 1554 Quodam
1214 1498 1282 1538 ex
1326 1481 1708 1554 spiritualibus
1736 1484 1998 1553 inimicis,

426 1578 521 1649 qui
552 1578 608 1632 in
641 1576 846 1632 malitia
871 1575 1339 1642 valentior’esset,
1372 1576 1628 1633 nimirum
1661 1577 1729 1635 de
1756 1578 1995 1646 diabolo,

429 1670 483 1725 id
514 1670 720 1726 dictum
755 1670 1105 1739 accipiemus.

412 1868 420 1882 ‘
496 1851 664 1909 Vsus.
695 1853 751 1916 9,
787 1853 876 1911 10.
919 1852 1111 1910 Omnia
1146 1864 1272 1909 lassa
1308 1871 1423 1911 mea
1479 1856 1654 1911 dicent
1685 1873 1703 1911 :
1751 1855 1995 1924 Domine,

424 1948 540 2017 quis
566 1948 759 2002 similis
790 1947 930 2002 tibi?
966 1947 1209 2019 Eripiens
1258 1948 1464 2019 inopem
1500 1950 1564 2004 de
1606 1967 1766 2004 manu
1807 1951 2000 2021 fortio-

427 2055 546 2093 rum
583 2055 665 2104 eo,
704 2057 922 2111 egenum
967 2051 1020 2095 et
1067 2050 1352 2111 pauperem
1381 2060 1422 2097 'a
1446 2041 1835 2112 ‘diripientibus
1858 2052 1995 2100 eum.

425 2130 565 2186 Ossa
598 2132 793 2187 animae
822 2140 953 2187 sunt
984 2132 1221 2189 virtutes
1252 2133 1376 2204 ejus
1406 2134 1766 2206 intelligendi,
1798 2136 1876 2190 uti
1906 2150 2000 2190 su-

426 2224 612 2294 perius
643 2224 850 2279 dictum
877 2232 981 2280 est.
1034 2224 1171 2297 Ipsae
1200 2242 1330 2283 vero
1363 2232 1482 2298 ejus
1520 2229 1824 2300 praesentia
1875 2229 2001 2284 illu-

423 2323 630 2379 stratus,
663 2315 850 2370 dicent
881 2334 896 2371 :
926 2315 1165 2384 Domine,
1194 2320 1311 2390 quis
1335 2317 1689 2378 εἰηιὶΙίδίὶὸἴῖ
1709 2320 1823 2378 Nisi
1846 2320 1998 2377 enim

424 2416 482 2459 tu
514 2421 688 2476 egeno
720 2405 1012 2473 adfuisses,
1046 2409 1153 2465 nisi
1177 2410 1359 2481 ipsum
1387 2412 1593 2467 auxilio
1622 2412 1880 2484 dignatus
1904 2423 1997 2471 ‘es-

423 2511 515 2550 ses
585 2504 700 2559 tuo,
749 2497 910 2567 quis,
967 2514 1193 2569 quaeso,
1241 2508 1590 2572 quantusque
1645 2503 1736 2559 ille
1782 2496 1998 2571 homo,

422 2587 517 2657 qui
556 2588 706 2643 solus
752 2597 830 2643 tot
873 2589 1154 2662 tantisque
1201 2593 1442 2649 inimicis
1484 2593 1725 2648 conferri
1773 2594 2002 2666 posset?

421 2679 469 2733 A
495 2679 645 2734 nuda
674 2688 729 2736 et
761 2681 999 2752 simplici
1023 2699 1207 2739 rerum
1240 2686 1470 2742 historia
1504 2687 1637 2743 dicti
1671 2687 1998 2744 sententiam

422 2772 714 2844 percipies,
739 2776 793 2830 si
841 2776 1107 2832 memoria
1155 2786 1393 2849 repetas,
1456 2795 1568 2851 quo
1617 2790 1780 2850 pacto
1829 2779 2000 2835 David

422 2864 552 2919 dum
589 2864 818 2937 fugeret,
862 2867 939 2922 ’ad
969 2875 1183 2923 tantam
1237 2871 1477 2942 inopiam
1509 2871 1768 2929 redactus
1803 2879 1907 2938 est,
1941 2883 2000 2930 ut

422 2974 563 3029 pane
586 2973 661 3014 ac
689 2961 1022 3019 necessariis
1060 2964 1335 3020 alimentis
1366 2972 1617 3031 careret;
1660 2980 1725 3021 ac
1754 2966 2000 3022 necessi-

420 3059 536 3109 tate
564 3060 790 3109 coactus
832 3066 1002 3125 panes
1049 3056 1441 3126 propositionis
1489 3057 1779 3113 comedere
1830 3058 1998 3113 aude-

2098 558 2361 629 εἰρημένα
2387 558 2685 630 μελλόντων
2702 554 2769 631 ἦν
2789 558 3222 630 προαγορευτικὰ
3241 598 3256 623 ,
3279 559 3374 613 καὶ
3393 574 3458 612 συ
3465 557 3673 630 μϐησο-

2102 651 2277 721 μένων
2309 651 2639 724 προφητικά.
2675 650 2830 705 Οὕτω
2857 650 2987 721 γοῦν
3014 651 3107 705 καὶ
3131 651 3383 723 ἀνωτέρω
3409 668 3678 723 προφητι-

2099 743 2212 809 κῶς
2235 744 2452 814 ἐλέγετο
2470 757 2484 775 ⁸
2514 743 3031 814 Αἰσχυνθήτωσαγ
3046 742 3148 798 καὶ
3179 742 3673 813 ἐντραπήτωσαν,

2099 837 2220 891 ἀντὶ
2248 834 2338 889 τοῦ
2356 877 2371 901 ,
2399 836 2823 909 Αἰχυνθήσονται
2845 836 2939 890 καὶ
2964 836 3421 906 ἐντραπήσονται·
3446 836 3543 890 καὶ
3566 834 3676 891 πά-

2099 928 2199 982 λιψ
2218 930 2276 983 Ἀ
2283 929 2803 999 ποστραφήτωσαν
2810 927 2910 983 καὶ
2922 928 3556 997 καταισχυνθήτωσαν,
3573 927 3677 982 καὶ

2099 1021 2526 1093 τενῆθήτωσαν
2549 1022 2630 1088 ὡς
2653 1021 2820 1093 χοῦς,
2856 1022 2977 1077 ἀντὶ
3014 1020 3108 1075 τοῦ
3125 1037 3139 1051 ·
3209 1021 3678 1092 ’Δποστραφήσον-

2098 1124 2190 1170 ται
2222 1115 2318 1170 καὶ
2345 1114 2792 1187 αἰσχυνθήσονται
2843 1118 2937 1172 καὶ
2967 1117 3285 1189 γενήσονται
3310 1113 3386 1178 ὡς
3408 1113 3558 1185 χοῦς.
3592 1115 3676 1169 Τὰ

2099 1205 2209 1276 γὰρ
2237 1204 2518 1277 μέλλονται
2547 1222 2611 1258 συ
2619 1204 2917 1278 μόήσεσθαι
2939 1208 3050 1270 τοῖς
3075 1204 3286 1276 ἐχθροῖς
3306 1202 3473 1259 αὐτοῦ
3494 1220 3674 1276 προη-

2099 1299 2342 1369 γόρευεν.
2429 1298 2539 1352 Καὶ
2575 1300 2604 1351 ὁ
2646 1299 2742 1369 μὲν
2774 1296 2883 1371 γὰρ
2915 1299 3179 1370 ἡγήσεται
3216 1298 3343 1370 περὶ
3374 1297 3468 1351 τοῦ
3503 1296 3676 1351 Σαοὺλ

2100 1391 2350 1465 εἰρῆσθαι
2366 1391 2474 1464 ’τὴν
2494 1392 2866 1465 ’προκειμένην
2901 1393 3057 1465 ῥῆσιν
3076 1409 3089 1422 ·
3137 1393 3259 1446 ἐπεὶ
3288 1392 3381 1446 καὶ
3405 1389 3679 1445 πέπονθεν

2101 1486 2198 1539 οὐκ
2214 1488 2292 1549 εἰς
2315 1484 2530 1558 μακρὰν
2549 1483 2721 1538 ταῦτα
2739 1501 2753 1514 ·
2777 1485 3033 1556 ἡμεῖς’δέ,
3061 1483 3395 1555 μεμνημένοι
3416 1482 3528 1536 τῶν
3550 1499 3682 1555 προ-

2099 1578 2437 1650 λελεγμένων
2463 1579 2543 1642 sic;
2568 1577 2667 1650 τὴν
2689 1576 2862 1649 ἀρχὴν
2877 1575 2977 1630 τοῦ
3007 1575 3221 1649 ψαλμοῦ
3240 1616 3254 1642 ,
3285 1577 3380 1631 καὶ
3400 1576 3579 1630 ταῦτα
3598 1577 3679 1639 εις

2101 1673 2196 1725 ἕνα
2224 1670 2345 1726 τινὰ
2376 1671 2486 1726 τῶν
2512 1670 2717 1743 νοητῶν
2748 1668 2961 1741 ἐχθρῶν
2990 1662 3083 1723 τὸν
3120 1671 3287 1734 ὼς-ἐν
3315 1669 3483 1742 κακίᾳ
3513 1669 3678 1725 δυνα-

2027 1800 2078 1861 B
2104 1765 2367 1838 τώτερον,
2395 1763 2594 1837 δηλαδὴ
2621 1764 2715 1818 τὸν
2735 1762 2979 1817 διάϐολον
3000 1802 3016 1827 ,
3038 1755 3411 1861 οέκληψόμεθα.

2175 1859 2380 1914 Πάντα
2408 1857 2481 1912 τὰ
2508 1857 2660 1912 ὀστᾶ
2684 1874 2802 1928 μου
2830 1856 3067 1926 ἐροῦσισ
3101 1856 3309 1924 Κύριε,
3337 1855 3430 1921 τις
3473 1853 3680 1923 ὅμοιός

2102 1968 2237 2016 σοις
2297 1952 2616 2021 Ῥυόμενος
2660 1947 2898 2018 πτωχὸν
2937 1947 3006 2001 ἐκ
3041 1945 3237 2015 χειρὸς
3269 1944 3681 2013 στερεωτέρων

2101 2043 2288 2098 αὑτοῦ
2307 2084 2323 2109 ,
2372 2042 2468 2096 καὶ
2499 2040 2738 2111 πτωχὸν
2765 2040 2859 2094 καὶ
2894 2038 3120 2107 πένητα
3143 2038 3260 2094 ἀπὸ
3284 2037 3402 2092 τῶν
3424 2037 3681 2106 διαρπα-

2103 2135 2319 2195 ζόντων
2350 2134 2556 2188 αὐτόν.
2625 2134 2787 2187 Ὀστᾶ
2833 2132 3008 2203 ψυχῆς
3046 2133 3101 2185 αἱ
3128 2129 3465 2202 διανοητικαὶ
3502 2127 3683 2200 αὐτῆς

2101 2228 2353 2299 δυνάμεις
2369 2228 2446 2290 ὡς
2465 2225 2772 2297 ἔμπροσθεν
2788 2223 3001 2295 εἴρηται
3014 2241 3027 2254 ·
3053 2221 3414 2294 φωτιζόμεναι
3434 2221 3492 2276 δὲ
3513 2214 3679 2277 αὗται

2102 2325 2166 2375 ἐκ
2192 2310 2291 2392 τῆς
2313 2318 2475 2374 αὐτοῦ
2497 2318 2816 2391 παρουσίας,
2847 2317 3078 2388 φήσουσι
3097 2332 3111 2346 ο
3137 2307 3332 2384 Κύριε,
3360 2307 3452 2381 τίς
3475 2306 3682 2384 ὅμοιός

2101 2420 2231 2477 σοις
2258 2412 2321 2466 Et
2351 2411 2424 2484 μὴ
2443 2410 2552 2483 γὰρ
2575 2415 2638 2464 σὺ
2660 2412 2841 2481 παρῇς
2863 2408 2940 2480 τῷ
2956 2407 3154 2480 πτωχῷ
3171 2450 3186 2475 ,
3206 2400 3307 2461 ’καὶ
3333 2401 3681 2478 κατηξίωσας

2101 2505 2259 2559 αὑτὸν
2283 2505 2382 2576 τῆς
2402 2503 2554 2574 παρὰ
2582 2501 2676 2556 σοῦ
2700 2501 2976 2573 βοηθείας,
3004 2500 3087 2562 τίς
3112 2499 3178 2553 ἂν
3197 2500 3291 2553 καὶ
3319 2498 3480 2563 πόσος
3512 2498 3679 2571 μόνος

2100 2595 2263 2661 αὐτὸς
2303 2584 2725 2667 ωγκρινόμενος
2762 2597 2874 2657 τοῖς
2914 2591 3185 2655 τοσούτοις
3216 2591 3308 2645 καὶ
3339 2584 3682 2662 τηλικούτοις

2101 2684 2264 2744 αὺτοῦ
2299 2688 2544 2762 ἐχθροῒς;
2598 2689 2831 2757 Νοήσεις
2850 2677 2917 2741 ’δέ
2953 2676 3048 2740 καὶ
3085 2685 3192 2739 ἀπὸ
3217 2675 3378 2754 ψιλῆς
3403 2676 3505 2755 τῆς
3530 2682 3681 2737 ίστο-

2103 2769 2224 2852 ρΐας
2255 2777 2345 2834 τὸν
2369 2780 2524 2849 λόγον
2542 2819 2557 2845 ,
2584 2782 2640 2834 ἔν
2673 2779 2749 2850 νῷ
2773 2775 2952 2832 λαϐὼν
2970 2818 2985 2844 ,
3017 2778 3092 2841 ὼς
3117 2775 3330 2848 φεύγων
3353 2772 3382 2829 ὸ
3408 2775 3581 2830 Δαυῖδ
3602 2778 3680 2840 εἰς

2099 2874 2368 2946 τοσαύτην
2394 2874 2608 2945 ’ἤλαυνε
2657 2864 2928 2943 πτωχείαν
2951 2912 2966 2937 ,
3014 2868 3155 2924 ὥστε
3208 2869 3386 2943 ἄρτων
3434 2868 3535 2923 καὶ
3583 2869 3678 2942 τῆς

2101 2967 2401 3035 ἀναγκαίας
2430 2966 2638 3038 τροφῆς
2668 2966 2954 3037 δεηθῆναι,
3015 2967 3094 3029 εἰς
3127 2965 3371 3036 ἀνάγκην
3406 2981 3469 3018 τε
3503 2957 3673 3018 ἐλθεῖι

2099 3057 2195 3113 τοῦ
2219 3045 2485 3129 τολμῆσαι
2512 3056 2621 3112 τῶν
2648 3055 2826 3129 ἄρτων
2852 3052 2952 3126 τῆς
2980 3055 3294 3127 ’προθέσεως
3330 3047 3677 3129 μεταλαϐεῖν.

425 3151 530 3201 re't.
558 3142 680 3200 Non
700 3145 844 3200 enim
869 3145 1190 3202 deliciarum
1209 3158 1410 3216 causa,
1439 3164 1548 3204 non
1568 3149 1636 3205 de
1660 3148 1877 3219 justitia
1898 3165 1996 3205 sua

2105 3153 2177 3206 Οὐ
2218 3151 2328 3225 γὰρ
2357 3149 2574 3222 τρυφῶν
2609 3145 2700 3203 ἐπὶ
2730 3148 2870 3203 τοῦτ’
2899 3148 3124 3222 ἤρχετο,
3173 3149 3282 3203 οὐδ’
3315 3149 3682 3221 ἐπαιρόμενος

423 3239 622 3304 elatus,
667 3254 777 3293 non
805 3238 1067 3308 despectu
1105 3240 1287 3311 leg'um
1320 3241 1375 3296 id
1427 3256 1722 3312 aggressus
1748 3249 1865 3309 est;
1903 3240 1996 3297 sed

2102 3233 2450 3318 δικαιοσύνῃ,
2480 3242 2590 3297 οὐδ’
2615 3242 2790 3308 ἄλλως
2826 3240 3179 3314 καταφρονῶν
3210 3241 3304 3296 τοῦ
3328 3241 3494 3314 νόμου
3512 3282 3529 3308 ,
3566 3237 3680 3296 ἀλλ’

422 3345 491 3386 ex
523 3346 719 3399 magna
769 3331 1017 3387 ciborum
1051 3332 1705 3403 pennria.'Quamobrem
1750 3332 2000 3389 Salvator

2105 3334 2168 3387 ἐκ
2202 3332 2665 3405 πολλῆςάσιτίας.
2719 3333 2810 3386 Διᾶ
2841 3340 3006 3403 φησιν
3038 3334 3066 3387 ὁ
3098 3325 3320 3405 Σωτήρ·
3379 3328 3505 3387 Οὐκ
3537 3328 3680 3389 ἀνέ-

421 3421 500 3476 ait
531 3438 546 3471 :
587 3419 707 3476 Non
738 3422 938 3493 legistis
987 3423 1115 3495 quid
1131 3420 1329 3491 “fecerit
1379 3420 1577 3489 David,
1618 3424 1843 3496 quando
1874 3440 1997 3480 esu.
2034 3432 2037 3433 ⁷

422 3514 516 3568 riit
549 3516 628 3570 ὀἳ
654 3515 776 3585 Ipse
809 3515 1032 3585 quidem
1061 3531 1268 3587 egenus
1304 3526 1425 3572 erat
1479 3531 1605 3572 cum
1655 3517 1849 3588 paucis
1911 3516 1997 3573 fu-
2042 3512 2049 3518 ’

424 3608 581 3679 giens
620 3627 634 3664 :
667 3611 760 3680 qui
786 3617 916 3666 ‘vero
948 3610 1382 3682 insequebantur
1411 3627 1535 3666 eum
1574 3613 1876 3684 praevalidi,
1918 3613 2003 3686 ip-

425 3714 594 3770 seque
624 3697 757 3754 Saul
789 3709 908 3756 erat
962 3712 1057 3756 rex
1114 3702 1280 3758 totius
1331 3702 1531 3772 gentis,
1586 3718 1651 3757 ac
1698 3702 1998 3774 principes,

423 3790 544 3861 ejus
575 3795 807 3849 comites
834 3811 849 3848 :
877 3800 1092 3850 necnon
1117 3792 1549 3865 alienigenarum
1574 3797 1805 3851 militum
1831 3797 2002 3853 duces

424 3883 633 3940 Davide
661 3885 1021 3956 potentiores,
1056 3902 1291 3957 quorum
1336 3904 1537 3945 manus
1565 3900 1690 3944 cum
1717 3880 1999 3960 eiTugeret,

423 3989 533 4030 non
563 3975 853 4046 ignorabat
882 3978 1006 4048 quis
1057 3978 1162 4034 sibi
1218 3977 1512 4034 auxiliator
1555 3987 1725 4038 esset.
1772 3974 1842 4035 Et
1885 3976 2002 4037 haec

423 4068 646 4138 quidem
686 4067 754 4123 de
786 4069 1024 4125 historia
1071 4064 1221 4126 diota
1275 4072 1408 4127 sint.
1453 4070 1606 4139 Quod
1666 4073 1716 4128 si
1753 4074 2001 4128 occultos

423 4167 591 4234 atque
618 4160 925 4217 invisibiles
958 4163 1155 4218 anima:
1201 4163 1337 4235 justi
1390 4164 1645 4222 inimicos
1690 4165 1999 4239 intelligas;

427 4268 561 4308 sane
587 4252 1018 4321 animadvertes,
1051 4273 1152 4314 nes
1200 4257 1254 4312 in
1291 4259 1409 4314 acie
1439 4253 1705 4317 adversus
1742 4250 2003 4318 inimicos

424 4347 583 4411 istos,
619 4348 713 4418 qui
738 4349 975 4404 animam
1010 4366 1225 4422 semper
1252 4352 1502 4409 nostram
1531 4354 1847 4425 depraedare
1885 4362 2003 4411 ten-

2103 3442 2289 3497 τνωτε
2318 3425 2375 3479 τι
2397 3425 2646 3495 ἐποίησε
2667 3424 2847 3479 Δᾰυϊδ
2863 3465 2878 3489 ,
2911 3424 3008 3480 ὅτε
3033 3424 3352 3489 ἐπει¹νασε;
3378 3424 3491 3479 Καὶ
3516 3425 3682 3489 αὐτὸς

2107 3519 2205 3589 μὲν
2236 3513 2304 3589 ἦν
2338 3517 2554 3589 πτωχὸς
2589 3517 2688 3571 σὺν
2717 3515 2917 3586 ὀλίγοις
2940 3506 3181 3588 φεῦγων·
3212 3519 3259 3570 οἱ
3288 3517 3332 3570 δ’
3362 3506 3681 3580 ἐλαῦνοντές

2104 3595 2265 3663 αὐτὸν
2296 3606 2537 3661 δυνατοί·
2599 3604 2849 3677 βασιλεὺς
2884 3607 2990 3679 γὰρ
3026 3602 3095 3678 ἦν
3130 3604 3224 3660 τοῦ
3258 3605 3459 3669 παντὸς
3491 3604 3681 3668 ἔθνους

2102 3697 2275 3752 Σαοὺλ
2293 3737 2308 3762 ,
2340 3700 2438 3752 παὶ
2468 3699 2517 3751 οἱ
2550 3699 2667 3769 μετ’
2698 3696 2863 3751 αὐτοῦ
2894 3697 3181 3770 ἄρχοντες·
3215 3696 3271 3750 οἵ
3294 3702 3353 3749 τε
3381 3694 3493 3751 τῶν
3523 3694 3683 3751 ἀλλο-

2104 3792 2284 3861 φύλων
2314 3778 2586 3863 πολεμίων
2621 3783 2993 3862 καθηγεμόνες
3021 3789 3372 3862 στερεώτεροι
3404 3787 3560 3853 ὄντες
3588 3786 3680 3842 τοῦ

2102 3883 2296 3951 Δαυῖδ,
2329 3878 2405 3937 ὧν
2434 3884 2533 3948 τὰς
2559 3886 2747 3957 χεῖρας
2773 3883 3189 3955 διαδιδράσκων,
3232 3883 3336 3936 οὐκ
3368 3881 3555 3951 ἠγνόει
3592 3882 3680 3935 τὸν

2103 3974 2267 4032 αὐτοῦ
2295 3976 2509 4050 βοηθόν.
2561 3978 2669 4031 Καὶ
2692 3976 2863 4031 ταῦτα
2899 3977 2996 4048 μέν
3028 3975 3162 4048 πρὸς
3190 3974 3288 4046 τὴν
3319 3966 3588 4045 ἱστορίαν*
3634 3974 3681 4027 εἰ

2102 4070 2162 4125 δέ
2173 4071 2311 4136 ’τοὺς
2333 4072 2558 4141 ἀφανεῖς
2580 4069 2674 4124 καὶ
2697 4070 2961 4142 ἀοράτους
2983 4068 3209 4140 ἐχθροὺς
3232 4068 3330 4138 τῆς
3349 4065 3442 4120 τοῦ
3466 4066 3680 4121 δικαίου

2102 4163 2279 4236 ψυχῆς
2310 4154 2591 4235 νὀἧσειας,
2624 4162 2774 4233 δψει,
2807 4161 2883 4224 ὡς
2906 4160 3012 4215 οὐδ’
3039 4160 3196 4215 ἄλλου
3225 4152 3417 4230 βοηθοῦ
3444 4154 3681 4230 δεόμεθα

2104 4250 2201 4314 καὶ
2235 4259 2485 4331 Σωτῆρος
2516 4258 2550 4328 ἦ
2588 4255 2683 4310 τοῦ
2714 4253 2950 4327 Χριστοῦ
2978 4252 3140 4307 αὑτοῦ
3180 4254 3238 4306 ἐν
3270 4255 3335 4324 τῇ
3376 4251 3681 4323 παρατάξει

2102 4354 2169 4425 τῇ
2192 4350 2328 4425 πρὸς
2349 4351 2473 4416 τοὺς
2490 4351 2710 4422 νοητοὺς
2729 4348 2856 4402 πολε
2863 4347 3037 4419 μίους,
3057 4347 3184 4410 τοὺς
3201 4344 3296 4416 τὴν
3316 4344 3492 4415 ψυχὴν
3512 4338 3680 4396 αὐτοῦ

424 4446 565 4504 tant,
614 4442 765 4496 nqu
811 4438 918 4498 alio
970 4445 1223 4516 adjutore
1254 4462 1319 4502 ac
1353 4456 1632 4504 servatore
1682 4456 1841 4519 egere
1893 4449 2000 4504 nisi

2106 4443 2426 4516 διαρπάζειν
2453 4441 2539 4496 ἀεὶ
2554 4441 2941 4513 πειρωμένους.
2973 4439 3313 4509 Ἐπιστήσεις
3340 4436 3396 4489 δὲ
3423 4436 3471 4488 εἰ
3493 4435 3681 4507 ἕτερός

426 4535 546 4602 ipso
571 4532 813 4590 Christo.
839 4536 1094 4593 Animum
1128 4556 1258 4595 vero
1291 4540 1550 4596 intendas
1579 4557 1710 4596 num
1750 4542 1891 4598 alius
1922 4541 1995 4597 sit

2108 4508 2254 4588 ἐστιν
2293 4535 2322 4588 ὁ
2366 4527 2582 4603 πτωχὸς
2794 4530 2884 4583 τὸν
2922 4527 3156 4599 πένητα,
3186 4508 3191 4509 ί
3217 4527 3310 4580 καὶ
3347 4525 3575 4597 πότερον
3613 4528 3678 4596 τῇ

422 4642 628 4697 egenus
664 4642 693 4681 a
724 4643 984 4701 paupere,
1034 4647 1097 4687 ac
1138 4640 1322 4687 utrum
1355 4650 1413 4690 re
1444 4636 1562 4706 ipsa
1595 4634 1870 4699 differant,
1902 4645 1996 4692 aut

382 4732 387 4741 π
422 4719 601 4775 solum
633 4721 908 4794 cogitandi
945 4723 1110 4780 modo
1164 4743 1178 4781 :
1226 4727 1355 4796 quia
1387 4722 1504 4783 fieri
1549 4735 1729 4796 potest
1758 4736 1819 4782 ut
1853 4727 1998 4784 idem

423 4810 497 4866 sit
520 4824 724 4880 egenus
772 4821 828 4869 et
869 4814 1210 4881 mendicans,
1245 4818 1390 4886 quod
1421 4833 1451 4872 a
1483 4811 1686 4875 divitiis
1710 4836 1848 4892 quas
1877 4822 1988 4893 pri-

420 4902 544 4957 dem
581 4904 849 4962 habuerat
884 4903 1181 4977 exciderit;
1241 4917 1406 4980 atque
1454 4926 1560 4967 una
1589 4928 1817 4985 pauper,
1851 4914 1998 4986 quod

351 5046 372 5067 ε,
420 4994 609 5052 labore
637 4997 841 5052 victum
867 4999 973 5054 sibi
1004 5011 1176 5071 paret.

352 5088 357 5099 λ
492 5084 658 5144 Vsus.
693 5087 781 5144 ll.
807 5087 1091 5160 Surgentes
1149 5100 1304 5148 testes
1342 5087 1513 5166 iniqui
1536 5112 1654 5169 quae
1689 5097 2000 5168 ignorabam

421 5178 817 5250 interrogabant
853 5199 955 5238 me.
983 5182 1086 5250 Qui
1118 5200 1228 5240 non
1257 5186 1507 5256 justitiaz,
1564 5190 1661 5245 sed
1696 5192 2001 5262 iniquitatis

420 5278 594 5328 testes
633 5280 785 5334 sunt,
835 5283 1129 5347 surgentes
1161 5285 1326 5349 atque
1377 5294 1439 5336 se
1482 5282 1786 5338 excitantes
1809 5282 2001 5341 dolose

421 5379 545 5433 quae
570 5365 763 5435 ignoro
791 5367 1150 5440 interrogant.
1178 5369 1325 5426 Nihil
1346 5373 1547 5445 quippe
1575 5375 1702 5430 mali
1736 5376 1824 5430 vir
1853 5375 1998 5449 frugi

423 5455 620 5523 novit,
670 5458 874 5515 nemini
937 5462 1150 5518 scilicet
1202 5463 1577 5536 improborum
1637 5465 1994 5525 admiscetur.

423 5547 822 5605 Testimonium
874 5563 1054 5608 autem
1102 5555 1249 5613 illius
1274 5565 1360 5615 est
1399 5558 1550 5626 :Qui
1596 5571 1768 5617 servat
1801 5580 1998 5634 praece-

423 5652 593 5712 ptum,
623 5658 727 5696 non
751 5655 924 5699 noscet
949 5661 1054 5699 rem
1086 5648 1283 5702 malam
1311 5650 1379 5705 '°.
1414 5649 1548 5705 Nam
1570 5651 1657 5709 hic
1672 5670 1774 5710 non
1799 5666 1995 5723 noscat,

500 5824 543 5858 υ
586 5821 774 5878 Matth.
816 5840 923 5892 sn,
959 5825 1013 5882 5.
1089 5828 1135 5860 ³⁸
1175 5825 1356 5885 Eccie.
1391 5844 1520 5895 vni,
1555 5830 1607 5885 5.

2105 4627 2430 4690 ὑποστάσει,
2536 4626 2602 4696 τῇ
2642 4616 2856 4694 ἐπινοίᾳ
2884 4621 2960 4693 τῷ
2990 4622 3252 4692 ἐγχωρεῖν
3276 4610 3366 4671 τὸν
3390 4617 3552 4671 αὐτὸν
3588 4616 3683 4671 καὶ

2105 4721 2320 4793 πτωχὸν
2338 4715 2477 4774 εἶναι
2501 4716 2714 4789 πτωχεύ
2721 4734 2888 4772 σαντα
2906 4715 2983 4788 τῷ
3003 4712 3455 4769 ἀποπεπτωκέναι
3474 4704 3538 4766 οὗ
3565 4706 3681 4782 εἶχε

2106 4815 2336 4870 πλούτου
2355 4853 2374 4879 ,
2411 4815 2506 4868 καὶ
2545 4812 2753 4884 πένητα
2787 4808 2865 4882 τῷ
2903 4807 3044 4881 μετὰ
3079 4806 3242 4862 πόνον
3275 4804 3579 4878 περιποιεῖν
3610 4801 3679 4856 τὰ
3712 4876 3717 4899 Ι

2105 4910 2244 4983 πρὸς
2268 4908 2330 4962 τὺ
2355 4908 2561 4979 διαζῇν.

2192 5093 2585 5159 Ἀναστάντες
2604 5089 2900 5161 μάρτυρες
2926 5086 3118 5142 ἄδικοι
3139 5082 3177 5137 ἄ
3205 5081 3314 5137 οὐκ
3344 5078 3679 5150 ἐγίνωσκον

2104 5189 2345 5260 ἠρώτων
2372 5205 2467 5259 μει
2521 5187 2584 5241 Οἱ
2612 5184 2687 5256 μὴ
2715 5179 3093 5249 δικαιοσύνης,
3129 5176 3246 5231 ἀλλ’
3279 5173 3490 5235 ἀδικίας
3541 5168 3679 5242 μάρ-

2105 5298 2267 5355 τυρες
2293 5321 2308 5344 ,
2340 5278 2722 5339 διαναστάντες
2753 5276 2846 5329 καὶ
2868 5271 3235 5343 διεγείραντες
3259 5265 3454 5355 αὐτοὺς
3478 5303 3493 5329 ,
3530 5278 3679 5355 σοφι-

2109 5352 2309 5437 στικῶς
2338 5369 2685 5442 ἐπερωτῶσιν
2712 5367 2747 5422 ἃ
2798 5367 2860 5419 οὐ
2888 5362 3161 5435 γινώσκω.
3234 5352 3400 5412 Οὐδὲν
3432 5355 3541 5428 γὰρ
3569 5352 3679 5409 τῶν

2106 5467 2323 5538 φαύλων
2347 5462 2602 5534 γινώσκει
2635 5457 2665 5514 ὁ
2701 5460 2986 5521 σπουδαῖος
3007 5496 3021 5520 ,
3062 5448 3335 5509 τουτέστιν
3364 5446 3539 5504 οὐδενὶ
3569 5445 3678 5502 τῶν

2105 5562 2356 5634 πονηρῶν
2381 5559 2768 5630 ἀνακέκραται.
2794 5550 3109 5626 Μαρτύριον
3134 5546 3222 5603 δέ·
3262 5546 3326 5601 '0
3344 5541 3680 5634 φυλάσσων

2105 5633 2363 5725 ἐντολὴν
2392 5657 2464 5711 οὐ
2494 5653 2780 5725 γνώσεται
2805 5648 2972 5720 ῥῆμα
2998 5645 3283 5713 πονηρόν.
3315 5639 3423 5695 Καὶ
3445 5633 3677 5692 ἐνταῦθα
