3940 6292
281 388 387 452 5M

1443 398 1944 465 COMMENTARIA
1976 397 2042 464 IN
2074 399 2410 463 PSALMOS.

3465 397 3571 458 509

297 510 408 582 γὰρ
437 509 504 565 τὺ
529 515 610 569 οὐ
652 514 945 587 γνώσεται
969 563 982 587 ,
1013 513 1072 574 οὐ
1106 519 1399 594 πεποίηται
1428 526 1549 580 οὐδὲ
1586 528 1887 600 ἀνακεκρα-

1999 525 2053 581 id
2072 536 2177 588 est,
2209 541 2316 579 non
2345 520 2695 594 perpetravit,
2728 534 2903 590 neque
2929 533 3096 590 pravo
3119 517 3270 589 operi
3302 515 3571 575 admistus

309 619 398 659 ται
421 605 568 660 κατὰ
603 609 763 680 ῥῆμα
793 612 1026 684 πονηρόν
1049 629 1061 643 ·
1095 613 1289 684 ψεῦδος
1317 615 1426 688 γὰρ
1463 619 1523 670 τὸ
1549 619 1788 689 νομίζειν
1821 619 1894 690 μὴ

313 696 637 754 ἐπίστασθαι
677 702 832 773 ῥῆμα
865 706 1096 777 πονηρὸν
1133 707 1224 760 τὸν
1253 708 1584 778 φυλάττοντα
1620 711 1720 781 τὴν
1750 711 1895 766 θείαν

315 790 556 874 ἐντολήν.
629 795 912 866 Διάκρισιν
939 798 1048 871 γὰρ
1086 799 1224 871 ἔχων
1264 803 1499 873 πονηροῦ
1531 803 1624 855 καὶ
1656 803 1858 870 ἀγαθοῦ
1877 843 1891 868 ,

313 883 480 936 τᾶλλα
504 884 685 939 πάντα
713 888 1081 961 ἀποστραφεὶς
1111 894 1356 965 ῥήματα,
1385 896 1660 968 ἐπιτηρεῖν
1685 896 1780 968 τὴν
1809 900 1894 951 ὲν-

311 974 476 1046 τολὴν
496 973 681 1047 ἦλθεν.
717 980 782 1032 Ὃ
805 976 898 1034 οὗν
918 981 1068 1052 λέγει
1096 985 1333 1039 τοιοῦτόν
1359 987 1506 1040 ἐστιν
1530 1004 1542 1018 ·
1571 989 1770 1059 Πεῖραν
1796 989 1893 1042 οὐκ

311 1068 508 1139 ἔχοντα
533 1071 655 1124 οὐδὲ
683 1072 882 1142 γνῶσιν
905 1076 937 1148 ἢ
962 1076 1171 1130 ἔννοιαν
1199 1079 1307 1132 τῶν
1334 1079 1550 1146 κακῶν,
1580 1080 1894 1152 διερεθίζον-

310 1160 402 1224 te;
429 1179 498 1230 με
531 1164 820 1236 ἐπερὼτων
856 1184 922 1237 με
957 1171 1082 1240 περὶ
1109 1171 1284 1223 αὐτῶν
1303 1212 1317 1235 ,
1349 1171 1535 1243 ὥσπερ
1562 1176 1593 1245 ἡ
1622 1175 1894 1244 Αἰγυπτία

308 1251 402 1306 τὸν
440 1255 639 1327 Ἰωσὴφ
659 1301 672 1322 ,
705 1259 798 1310 καὶ
824 1263 872 1312 οἰ
905 1263 1262 1335 πρεσϐύτεροι
1289 1266 1387 1335 τὴν
1417 1267 1738 1322 Σουσάνναν.

394 1346 912 1404 Ἀνταπεδίδοσὰν
957 1371 1064 1422 per
1100 1357 1332 1424 πονηρὰ
1369 1359 1502 1412 ἀντὶ
1547 1360 1748 1414 καλῶν
1793 1363 1891 1415 καὶ

310 1439 600 1496 ἀτεκνίαν
624 1441 700 1512 τῇ
736 1445 910 1514 ψυχῇ
942 1464 1068 1514 μου.
1154 1449 1315 1520 Ἑμοῦ
1347 1452 1793 1523 φιλοτιμουμένου
1826 1453 1893 1507 τά

311 1532 450 1604 πρὸς
504 1533 711 1598 πάντας
767 1536 1075 1606 καθήκοντα
1129 1541 1432 1611 ἀμέμπτως
1471 1543 1734 1597 ἐπιτελεῖν
1770 1543 1893 1614 βού-

306 1623 520 1690 λεσθαι,
543 1628 591 1679 εἰ
614 1626 836 1681 δυνατὸν
860 1629 996 1700 μετὰ
1016 1631 1231 1686 πάντων
1253 1632 1553 1704 ἀνθρώπων
1570 1635 1890 1707 εἰρηνεύειν,

305 1720 462 1772 αὐτοὶ
510 1721 632 1773 ἀντὶ
675 1721 878 1774 τούτων
910 1722 1017 1775 τῶν
1051 1723 1231 1777 καλῶν
1263 1725 1475 1796 πονηρά
1509 1728 1893 1781 ἀνταπεδίδουν

306 1827 398 1880 μοι
415 1849 430 1872 ,
463 1811 651 1883 ἐχθροί
677 1813 768 1865 καὶ
790 1812 1072 1884 δυσμενεῖς
1091 1815 1177 1868 διά
1202 1818 1418 1870 πάντων
1439 1815 1855 1890 ἀναφαινόμενοι
1874 1837 1888 1850 ·

1996 628 2081 675 est
2112 637 2125 672 :
2163 616 2518 672 hallucinatio
2549 615 2751 685 quippe
2772 621 2857 668 est
2886 613 3163 675 arbitrari,
3211 626 3336 666 eum
3363 611 3457 681 qui
3486 610 3572 664 di-

1994 713 2182 766 vinum
2205 719 2388 766 servat
2415 708 2754 773 mandatum,
2805 706 3001 759 malam
3039 721 3149 760 non
3176 705 3399 761 novisse
3431 721 3567 760 rem.

1994 799 2131 855 Nam
2186 800 2577 856 discretionem
2605 798 2732 852 boni
2776 804 2831 852 et
2866 795 2996 849 mali
3045 805 3266 860 nactus,
3297 812 3326 850 a
3355 796 3569 850 caeteris

1996 905 2242 957 aversus,
2270 892 2336 946 ad
2366 897 2696 963 praeceptum
2742 887 3073 945 servandum
3104 887 3333 942 accedit.
3366 887 3571 955 Hujus-

1995 985 2140 1040 modi
2166 985 2330 1056 igitur
2375 993 2459 1039 est
2507 982 2652 1052 quod
2693 981 2785 1036 hic
2819 981 3017 1036 ell‘atur
3043 999 3055 1034 :
3082 979 3163 1033 Me
3184 979 3570 1033 nullummalm

1994 1075 2072 1129 rei
2096 1075 2525 1144 experimentum
2560 1081 2649 1126 aut
2666 1071 2912 1125 notitiam
2931 1069 3045 1125 sive
3073 1067 3454 1137 cogitationem
3475 1066 3571 1119 ha-

1996 1167 2211 1221 bentem
2241 1168 2602 1229 concitantes,
2643 1165 2709 1218 de
2732 1164 2799 1218 iis
2843 1161 3275 1232 interrogabant,
3308 1157 3571 1229 quemad‘

1993 1261 2214 1315 modum
2261 1258 2515 1330 Egyptia
2553 1256 2876 1327 Josephum,
2907 1265 2960 1310 et
2985 1270 3144 1309 senes
3167 1253 3494 1306 Susannam.

2066 1351 2235 1406 Vens.
2273 1351 2359 1405 12.
2392 1349 2766 1404 Retribuebant
2797 1349 2924 1402 mihi
2954 1347 3098 1400 mala
3113 1363 3206 1410 pro
3221 1345 3370 1398 bonis
3391 1353 3438 1398 et
3463 1350 3543 1398 ste

1993 1445 2246 1500 rilitatem
2277 1445 2468 1498 animle
2501 1459 2648 1496 metu.
2673 1441 2807 1495 Cum
2847 1441 2950 1495 hoc
2981 1455 3148 1492 unum
3184 1437 3481 1498 studerem,
3511 1441 3572 1489 ιιι

1993 1530 2352 1610 congruentia
2376 1537 2634 1592 omnibus
2663 1536 2782 1592 sine
2801 1534 3226 1605 reprehensione
3256 1544 3574 1601 peragerem

1995 1629 2284 1701 siquidem
2317 1629 2489 1698 possit
2541 1643 2665 1683 cum
2701 1627 2958 1682 omnibus
3010 1624 3325 1679 hominibus
3378 1628 3572 1691 pacate

1995 1725 2114 1794 agi;
2154 1737 2253 1793 pro
2308 1723 2375 1776 iis
2425 1722 2503 1776 illi
2536 1722 2697 1775 bonis
2745 1720 2888 1774 mala
2923 1717 3296 1788 rependebant
3331 1714 3486 1777 mihi,
3515 1715 3574 1769 in

1995 1815 2251 1870 omnibus
2289 1829 2410 1869 sese
2444 1813 2694 1867 inimicos
2742 1821 2903 1881 atque
2944 1810 3175 1865 infestos
3201 1809 3522 1864 exhibentes
3553 1823 3568 1858 :

299 1903 365 1956 τὸ
415 1904 544 1957 ὅσον
594 1897 650 1957 δὲ
700 1905 787 1958 ἐπ’
819 1906 1003 1970 αὐτοῖς
1037 1908 1136 1978 τὴν
1169 1910 1225 1962 ἐν
1261 1910 1442 1974 καλοῖς
1487 1911 1766 1966 εὐτεκνίαν
1793 1914 1887 1983 τῆς

1995 1923 2058 1962 ac
2086 1913 2351 1978 quantum
2390 1905 2444 1958 in
2472 1904 2607 1974 ipsis
2623 1911 2762 1966 erat,
2800 1904 2995 1956 anima:
3042 1917 3175 1956 mea:
3224 1902 3278 1956 in
3309 1900 3468 1955 bonis
3495 1897 3575 1954 fe-

297 1998 485 2071 ψυχῆς
524 2015 625 2071 μου
655 1992 896 2072 ἀναιρεῖν
925 2003 1254 2075 ἐπεχείρουν.
1336 2007 1396 2058 Εἰ
1439 2005 1599 2074 γοῦν,
1651 2004 1894 2071 πεισθεὶς

297 2091 489 2145 αὐτῶν
512 2095 636 2156 ταῖς
662 2094 962 2164 ἐρωτήσεσι
988 2095 1228 2159 τοιοῦτος
1256 2085 1528 2165 ἐγεγόνειν
1565 2093 1676 2152 οἷον
1705 2099 1891 2169 ἤθελον

297 2203 368 2257 με
401 2185 634 2257 ποιῆσαι
658 2225 672 2249 ,
702 2186 1075 2274 ὴτεκνὼθηιάν
1101 2179 1133 2260 ἧ
1159 2188 1303 2259 ψυχή
1339 2207 1440 2260 μου
1469 2233 1481 2256 ,
1521 2191 1713 2262 μηκέτι
1736 2188 1890 2263 δεχο-

295 2275 444 2347 μένη
476 2277 578 2341 τὰς
607 2276 758 2342 Θείας
785 2277 880 2331 τοῦ
914 2280 1148 2350 νυμφίου
1182 2281 1363 2348 γονάς.
1438 2282 1502 2334 Εἰ
1531 2279 1587 2336 δὲ
1613 2283 1779 2336 τέκνα
1805 2283 1893 2337 λέ-

290 2387 486 2439 γοιντο
506 2371 557 2423 οἱ
585 2372 824 2442 μαθηταὶ
845 2371 939 2426 τοῦ
958 2373 1265 2440 διδάξαντος
1281 2416 1294 2438 ,
1329 2365 1420 2428 καὶ
1442 2376 1610 2439 ὅντως
1637 2377 1892 2431 ἀτεκνοῦ-

289 2480 388 2518 ται
417 2465 453 2533 ἡ
487 2463 634 2533 ψυχὴ
670 2463 764 2517 τοῦ
795 2464 1111 2519 διδασκάλου
1133 2507 1146 2532 ,
1203 2467 1480 2538 σφάλμασι
1517 2468 1890 2538 περιπεσοῦσα

294 2553 386 2624 τῷ
414 2557 609 2626 ἑαυτῆς
638 2556 918 2627 σκανδάλῳ
937 2597 950 2621 ,
981 2558 1279 2628 ἀναιροῦσα
1308 2560 1434 2622 τοὺς
1461 2559 1518 2626 ἐξ
1545 2559 1714 2631 αὐτῆς
1737 2577 1892 2628 γενος-

304 2648 510 2719 μένους
535 2649 624 2703 διὰ
680 2649 998 2721 μαθητείας.
1061 2653 1205 2705 Ἀντ“ι⁸
1233 2653 1289 2705 δὲ
1319 2652 1412 2705 τοῦ
1433 2693 1447 2716 ,
1500 2653 1783 2709 ἀτεκνίαν
1813 2653 1889 2724 τῇ

296 2742 483 2811 ψυχῇ
507 2759 628 2812 μου
649 2783 664 2806 ,
708 2742 1189 2814 Ἀνεστραμμένα
1217 2745 1369 2799 κατὰ
1398 2743 1507 2815 τῆς
1526 2743 1730 2817 ψυχῆς
1745 2766 1885 2817 μου,

288 2832 324 2887 ὀ
363 2833 665 2905 Σύμμαχος
680 2834 960 2901 ἐξέδωκεν.

383 3008 605 3079 Ἐπειδὴ
636 3009 704 3064 τὰ
736 3010 1070 3082 προκείμενα
1102 3008 1369 3083 συνῆπται
1399 3013 1510 3076 τοῖς
1542 3011 1599 3066 ὲν
1627 3013 1705 3083 τῷ
1731 3028 1886 3086 τρια-

288 3100 482 3172 κοστῷ
515 3103 686 3173 τρίτῳ
721 3101 922 3174 ψαλμῷ
954 3103 1402 3174 προλελεγμένοις
1424 3119 1439 3138 ⁸
1491 3104 1674 3158 ἐκεῖνα
1701 3104 1757 3157 δὲ
1789 3105 1887 3175 τῆς

292 3191 548 3264 ἰστορίας
579 3194 920 3264 ἑμνημόνευε
947 3196 1043 3266 τῆς
1074 3194 1214 3248 κατά
1244 3195 1334 3249 τὸν
1373 3195 1657 3267 Ἀϐιμέλεχ
1675 3237 1690 3260 ,
1716 3198 1798 3265 ἐφ’
1825 3191 1885 3250 οὗ

1997 1999 2331 2054 cunditatem
2377 1995 2444 2051 de
2494 1995 2674 2050 medio
2730 1995 2925 2048 tollere
2985 1994 3274 2048 curabant.
3316 1991 3461 2046 Sane
3521 1992 3572 2048 si

1994 2105 2184 2147 eorum
2204 2088 2593 2160 quaestionibus
2617 2087 3108 2156 obtemperassem,
3145 2086 3271 2139 talis
3323 2082 3573 2154 profecto

1993 2183 2209 2252 qualem
2240 2181 2343 2252 ipsi
2368 2179 2623 2235 volebant
2652 2177 2880 2233 elfectus
2920 2193 3122 2243 essem,
3156 2177 3400 2246 orbaque
3418 2174 3572 2243 prole

1993 2274 2186 2330 luisset
2210 2274 2391 2328 anima
2420 2288 2561 2336 mea,
2585 2271 2772 2325 divina
2814 2271 3000 2338 sponsi
3045 2269 3256 2325 semina
3289 2283 3401 2322 non
3428 2266 3573 2320 ulte-

1991 2367 2107 2421 rius
2136 2366 2434 2436 excipiens.
2460 2362 2616 2431 Quod
2662 2362 2707 2416 si
2759 2361 3015 2430 discipuli
3046 2360 3290 2414 doctoris
3338 2358 3424 2413 sui
3473 2357 3572 2410 lilii

1991 2473 2113 2512 esse
2163 2456 2448 2518 dicantur:
2497 2470 2561 2508 ea
2619 2469 2838 2523 quoque
2891 2452 3106 2505 ratione
3143 2449 3294 2519 prole
3347 2448 3573 2502 orbatur

1991 2551 2170 2603 anima
2189 2549 2450 2611 doctoris,
2473 2545 2718 2616 ejusdem
2738 2544 2937 2600 erratis
2967 2544 3022 2598 in
3052 2541 3440 2598 ollendiculum
3472 2539 3572 2594 abs

1991 2657 2050 2697 se
2093 2651 2339 2711 paratum
2391 2639 2636 2708 delapsa,
2678 2638 2806 2692 dum
2852 2652 2951 2707 per
3001 2635 3308 2690 doctrinam
3341 2649 3436 2688 eos
3474 2631 3569 2702 qui

1990 2731 2087 2786 abs
2117 2747 2176 2786 se
2196 2731 2310 2785 nati
2341 2740 2468 2786 sunt
2501 2727 2786 2783 interimit.
2811 2725 2917 2782 Pro
2945 2726 3038 2780 illo
3073 2734 3277 2786 autem,
3310 2723 3572 2778 sterilita-

1991 2834 2091 2880 tem
2117 2825 2306 2878 animie
2328 2840 2492 2889 mem,
2547 2830 2791 2890 perversa
2844 2830 3032 2874 contra
3094 2820 3330 2873 animam
3377 2833 3570 2884 meam,

1988 2918 2154 2974 vertit
2186 2914 2567 2987 Symmachus.

2057 3010 2324 3077 Quoniam
2359 3008 2477 3063 haec
2505 3023 2627 3078 quae
2681 3006 3134 3078 jam'tractamus
3179 3018 3303 3059 cum
3347 3002 3416 3060 iis
3449 3017 3574 3073 qua:

1988 3103 2046 3158 in
2087 3101 2365 3157 tricesimo
2399 3101 2562 3156 tertio
2604 3099 2819 3169 psalmo
2855 3096 3139 3166 praemissa
3194 3101 3326 3148 sunt
3359 3107 3573 3147 connev

1989 3203 2246 3262 ctuntur;
2285 3195 2376 3248 illa
2406 3208 2536 3248 vero
2556 3193 2623 3248 de
2645 3191 2875 3246 historia
2894 3187 3210 3244 Abimelech
3236 3186 3572 3241 mentionem

292 3283 568 3354 ἡλλοίωσε
598 3286 658 3339 τὸ
690 3285 979 3359 πρόσωπον
1004 3285 1165 3342 αὐτοῦ
1185 3328 1199 3352 ,
1233 3288 1372 3343 κατὰ
1398 3287 1466 3341 τὰ
1491 3287 1883 3359 ἀποδεδομένα·

1994 3287 2192 3350 fecere,
2221 3286 2367 3357 apud
2392 3301 2576 3356 quem,
2616 3285 2696 3338 uti
2737 3283 2994 3352 superius
3029 3279 3292 3334 traditum
3323 3286 3428 3342 est,
3468 3278 3573 3331 im-

293 3375 441 3448 τάχα
469 3394 577 3430 που
607 3377 832 3433 δύναται
857 3379 950 3432 καὶ
971 3379 1040 3433 τὰ
1068 3380 1204 3450 μετά
1232 3381 1419 3452 χεῖρας
1452 3381 1538 3434 ἐπ’
1565 3383 1747 3436 ἐκεῖνα
1767 3383 1890 3436 ἀνα-

297 3468 588 3539 φέρεσθαι.
608 3469 810 3524 Μαθὼν
831 3471 938 3543 γάρ
959 3473 987 3524 ὁ
1007 3472 1178 3526 Σαοὺλ
1196 3489 1271 3525 πα
1279 3473 1346 3542 ρά
1367 3473 1524 3545 Δωὴκ
1541 3514 1555 3537 ,
1574 3475 1649 3537 ὡς
1664 3474 1889 3543 ἀφῖκται

298 3561 468 3614 Δαυῒδ
498 3562 637 3634 πρὸς
679 3561 964 3634 Ἀὀιμέλεχ
988 3605 1002 3625 ,
1043 3562 1238 3636 ἄρτους
1269 3583 1326 3618 τε
1366 3562 1602 3638 εἰληφὼς
1627 3566 1889 3620 διασέσω-

301 3667 426 3706 σται
446 3694 460 3716 ,
496 3654 705 3717 πάντας
738 3655 913 3708 ἀνεῖλε
939 3657 1062 3720 τοὺς
1089 3659 1251 3728 ἱερεῖς
1275 3657 1368 3710 τοῦ
1399 3657 1625 3727 Κυρίου,
1643 3659 1804 3712 αὐτόν
1828 3669 1890 3711 τε

300 3745 394 3798 τὸν
442 3745 734 3816 Ἀϐιμέλεχ
769 3748 1048 3815 παγγενεί.
1089 3747 1318 3802 Δύναται
1345 3746 1437 3803 οὖν
1467 3749 1639 3804 ταῦτα
1671 3753 1698 3804 ό
1728 3751 1890 3805 Δαυῒδ

303 3838 384 3900 εἰς
411 3839 710 3908 πρόσωπον
736 3836 829 3891 τοῦ
857 3838 1030 3892 Σαοὺλ
1055 3841 1352 3912 εἰρηκέναι,
1382 3842 1456 3905 ὡς
1484 3843 1579 3895 καὶ
1603 3844 1777 3896 πάντα
1798 3845 1889 3898 τὸν

301 3930 515 4002 ψαλμὸν
550 3933 632 3994 εἰς
667 3932 870 3985 ἐκεῖνον
897 3932 1261 4004 ἀναφέρεσθαι
1295 3931 1386 3986 τὸν
1423 3933 1642 4006 καιρὸν,
1673 3934 1796 3988 καθ’
1829 3936 1888 3989 ὃν

301 4021 464 4093 Δωὴκ
520 4021 1035 4095 ἐψευδομαρτύρησε
1093 4023 1186 4079 τοῦ
1247 4025 1532 4096 Ἀϐιμέλεχ
1592 4024 1742 4096 παρὰ
1792 4025 1886 4080 τοῦ

299 4108 511 4167 Σαούλ·
551 4113 646 4165 καὶ
682 4112 821 4183 τάχα
854 4113 913 4166 τὸ
940 4111 1165 4185 Πνεῦμα
1192 4115 1252 4168 τὸ
1289 4115 1471 4183 ἅγιον,
1501 4115 1568 4168 τὰ
1601 4115 1746 4186 πάθη
1778 4117 1888 4170 τῶν

299 4205 497 4278 ἱερέων
525 4205 841 4276 ὐπογράφον
868 4246 882 4271 ,
917 4205 985 4258 τά
1020 4205 1353 4278 προκείμενα
1387 4206 1648 4276 ἀνεφώνει
1679 4207 1850 4274 λέγων
1870 4225 1884 4238 ο

297 4301 591 4362 Δίκασον,
617 4300 811 4367 Κύριε,
844 4298 986 4365 τοὺς
1023 4299 1379 4366 ἀδικοῦντάς
1397 4318 1494 4370 με,
1526 4302 1617 4354 καὶ
1639 4303 1707 4355 τά
1737 4303 1886 4372 ἑξῆς.

294 4391 374 4446 Τὰ
407 4390 470 4444 δὲ
509 4390 860 4462 μονοτρόπως
892 4388 1154 4464 εἰρημένα
1187 4392 1312 4464 περὶ
1345 4391 1463 4457 ἑνός
1501 4408 1643 4458 τινος
1682 4396 1740 4446 ἐν
1771 4395 1848 4466 τῷ
1868 4437 1883 4461 ,

302 4481 572 4541 Ἐλθέτω
597 4482 756 4548 αὐτῷ
783 4483 962 4553 παγίς
985 4479 1064 4551 ἢν
1095 4483 1168 4538 οὐ
1194 4485 1472 4554 γινώσκει
1489 4528 1503 4551 ,
1537 4488 1633 4540 καὶ
1665 4487 1703 4555 ἡ
1735 4487 1887 4557 θήρα

286 4575 366 4647 ἣν
388 4576 638 4644 ἔκρυψε
659 4574 1010 4630 συλλαϐἐτω
1031 4575 1234 4641 αὐτὸν,
1260 4577 1357 4630 καὶ
1381 4579 1451 4630 ἐν
1471 4578 1545 4646 τῇ
1567 4579 1769 4649 παγίὃι
1793 4594 1887 4633 πε-

283 4669 488 4724 σεῖται
521 4662 597 4720 ἐν
623 4665 778 4736 αὐτῇ
789 4708 804 4731 ,
844 4663 1064 4720 δύναται
1091 4667 1168 4738 τῷ
1199 4667 1356 4739 Δωὴκ
1384 4668 1733 4740 ἐφαρμόζειν.
1772 4672 1880 4725 Καὶ

279 4758 336 4815 τὸ
352 4801 369 4825 ,
402 4753 822 4827 Ἀναστάντες
833 4755 1128 4830 μάρτυρες
1143 4755 1356 4826 ἄδικοι,
1371 4761 1410 4814 ἅ
1427 4764 1536 4815 οὐκ
1551 4759 1882 4831 ἐγίνωσκον

276 4851 543 4922 ἠρώτων
557 4867 637 4919 με
657 4867 671 4881 ·
703 4846 1185 4906 ἀνταπεδίδοσάν
1209 4871 1311 4921 μοι
1343 4852 1575 4920 πονηρά
1593 4852 1726 4907 ἀντὶ
1745 4843 1882 4923 ἀγα-

274 4941 403 5003 θῶν
436 4986 457 5012 ,
496 4939 602 4997 καὶ
640 4936 922 4997 ἀτεκνίαν
947 4939 1022 5013 τῇ
1046 4939 1221 5014 ψυχῇ
1257 4963 1410 5015 μου,
1475 4944 1538 4999 ἐκ
1591 4947 1880 5018 προσώπου

274 5037 516 5111 Αεχθείη
546 5030 615 5121 ᾷν
646 5034 739 5088 τοῦ
781 5032 1083 5108 Ἀϐιμέλεχ.
1120 5037 1228 5090 Καὶ
1256 5037 1427 5091 ταῦτα
1458 5038 1515 5092 δὲ
1547 5029 1694 5102 εἰκὸς
1725 5035 1878 5111 εἰρη-

275 5128 444 5186 κέναι
476 5123 573 5180 τὸν
605 5124 764 5181 Δαυῖδ
787 5145 800 5157 ·
833 5125 995 5182 αὐτοῦ
1026 5129 1135 5201 γὰρ
1163 5127 1565 5202 ἐπιγέγραπται
1597 5133 1624 5184 ό
1645 5130 1880 5201 ψαλμδς,

278 5219 632 5289 ἀτωσιτολικῇ
666 5215 900 5273 διαθέσει
931 5220 1172 5288 λέξοντος
1201 5220 1265 5274 ἄν
1284 5238 1296 5252 ·
1357 5222 1453 5289 Τίς
1477 5219 1747 5290 ἀσθενεῖ,
1783 5225 1881 5279 καί

279 5315 396 5368 οὐκ
432 5307 681 5363 ἀσθενῶ
696 5325 716 5372 ;
742 5310 833 5375 τίς
857 5307 1343 5373 σκανδαλίζεται,
1373 5311 1472 5364 καί
1503 5313 1614 5364 οὐκ
1634 5305 1748 5381 ἐγὼ
1769 5324 1880 5368 πυ-

284 5403 550 5472 ροῦμαι;
591 5399 684 5453 καὶ
704 5439 721 5464 ,
753 5401 1056 5467 Παθόντος
1085 5403 1222 5468 ἐνὸς
1245 5396 1500 5472 μέλους,
1531 5401 1879 5472 συμπάσχει

289 5493 499 5548 πάντα
531 5491 604 5545 τὰ
627 5491 805 5561 μέλη.
842 5492 951 5547 Καὶ
977 5493 1132 5556 ἄλλος
1147 5489 1204 5548 δὲ
1231 5495 1381 5567 παρὰ
1402 5493 1572 5547 ταῦτα
1599 5492 1880 5566 μάρτυρας

295 5587 392 5655 μὲν
424 5583 652 5647 ἀδὶκους
684 5585 824 5638 εῖποι
851 5583 915 5638 ἄν
946 5604 1028 5650 τις
1063 5588 1268 5651 πάντας
1292 5587 1417 5652 τοὺς
1440 5584 1879 5653 ἐνδιαϐάλλοντας

305 5678 384 5732 ὼν
415 5676 584 5730 Δαυῖδ
617 5678 764 5749 παρά
793 5678 888 5732 τοῦ
920 5679 1090 5732 Σαούλ
1113 5697 1125 5710 ·
1159 5680 1279 5733 τότε
1313 5679 1409 5751 μὲν
1442 5680 1550 5751 γάρ
1583 5682 1631 5735 οἱ
1665 5683 1876 5751 Ζιφαῖοι

367 5851 412 5884 ’¹
452 5850 498 5906 ll
531 5851 656 5909 Cor.
696 5869 785 5918 ιι,
821 5853 912 5912 29.
990 5853 1032 5886 ²²
1073 5854 1094 5908 l
1127 5848 1254 5911 Cor.
1291 5870 1365 5912 xtl
1390 5895 1406 5923 ,
1433 5855 1526 5913 σε.

1990 3381 2220 3435 mutavit
2247 3380 2454 3434 vultum
2469 3387 2664 3444 suum;
2703 3375 2937 3454 fortasse
2966 3374 3178 3444 possint
3209 3371 3327 3427 hazc
3355 3387 3480 3442 quae
3514 3372 3572 3425 in

1990 3473 2256 3545 praesenti
2296 3477 2532 3542 aguntur
2561 3469 2627 3524 ad
2678 3469 2768 3521 illa
2793 3467 3006 3522 referri.
3033 3465 3168 3518 Nam
3201 3477 3324 3519 cum
3361 3462 3490 3517 Saul
3539 3477 3572 3516 a

1992 3566 2135 3622 Doce
2159 3566 2476 3622 edidicisset
2519 3561 2779 3616 Davidem
2804 3561 2869 3614 ad
2895 3559 3211 3615 Abimelech
3241 3557 3568 3618 accessisse,

1991 3667 2172 3730 atque,
2201 3659 2439 3728 acceptis
2459 3657 2716 3728 panibus,
2761 3657 2989 3710 salutem
3036 3662 3258 3708 nactum
3293 3667 3416 3706 esse
3467 3649 3569 3721 [ne

1993 3749 2133 3806 fame
2162 3749 2410 3821 periret],
2443 3764 2634 3803 omnes
2692 3745 3005 3802 sacerdotes
3029 3743 3246 3796 Domini
3280 3741 3570 3811 ipsumque

1988 3840 2300 3899 Abimelech
2333 3856 2454 3895 cum
2479 3855 2676 3909 genere
2715 3855 2814 3894 suo
2848 3834 3209 3890 internecioni
3257 3833 3426 3888 dedit.
3462 3831 3570 3886 Po-

1991 3934 2237 4004 tuitergo
2258 3933 2426 3987 David
2462 3933 2577 3986 haec
2593 3931 2660 3986 de
2686 3943 2918 4002 persona
2949 3928 3131 3982 Saulis
3155 3926 3358 3988 dicere,
3398 3926 3473 3979 ita
3509 3933 3571 3978 ut

1990 4033 2137 4081 totus
2168 4026 2410 4096 psalmus
2462 4024 2530 4078 ad
2577 4023 2632 4078 id
2655 4023 2919 4092 temporis
2963 4021 3260 4083 referatur,
3287 4033 3396 4089 quo
3424 4015 3570 4072 Doce

1989 4128 2181 4175 contra
2239 4119 2554 4174 Ablmeleeh
2599 4118 2742 4187 apud
2797 4116 3015 4170 Saulem
3079 4114 3276 4167 falsum
3323 4112 3571 4168 testimo-

1989 4213 2138 4267 nium
2170 4212 2342 4266 dixit:
2373 4221 2426 4266 et
2444 4210 2678 4266 fortasse
2704 4195 2945 4280 Spiritus
2963 4214 3190 4262 sanctus
3222 4204 3570 4259 sacerdotum

1989 4306 2198 4361 cladem
2254 4305 2573 4360 describens
2605 4305 2720 4359 haec
2762 4303 3008 4357 dixerit:
3065 4298 3286 4361 Judica,
3323 4295 3569 4356 Domine.

1988 4406 2227 4452 nocentes
2258 4413 2356 4458 me,
2385 4405 2438 4451 et
2477 4405 2692 4451 caetera.
2727 4395 2858 4461 Quae
2903 4406 3067 4464 porro
3099 4391 3164 4445 de
3195 4404 3305 4444 uno
3334 4389 3451 4443 solo
3495 4386 3572 4440 di-

1988 4497 2206 4552 cuntur,
2244 4498 2304 4543 ut
2344 4489 2474 4544 illud
2506 4498 2591 4544 est
2623 4509 2636 4544 :
2679 4487 2860 4542 Veniat
2888 4486 2970 4540 illi
2991 4486 3210 4555 laqueus
3237 4493 3386 4560 quem
3414 4482 3568 4550 igno-

1992 4591 2098 4646 rat,
2124 4591 2173 4636 et
2201 4582 2375 4650 captio
2391 4597 2549 4650 quam
2573 4579 2847 4634 abscondit
2875 4573 3228 4646 apprehendat
3272 4588 3410 4637 eum,
3434 4579 3482 4622 et
3512 4569 3570 4622 in

1990 4677 2231 4746 laqueum
2271 4674 2427 4729 cadat
2456 4675 2512 4728 in
2540 4676 2730 4743 ipsum,
2755 4673 2895 4727 Doec
2921 4669 3120 4725 ascribi
3158 4671 3406 4736 possunt.
3433 4661 3570 4715 Illud

1989 4774 2191 4832 autem,
2230 4764 2509 4831 Surgentes
2533 4773 2683 4818 testes
2706 4763 2896 4833 iniqui,
2926 4777 3042 4830 qua'
3073 4758 3384 4828 ignorabant
3405 4753 3571 4804 inter-

1990 4858 2246 4927 rogabant
2290 4864 2403 4910 me:
2438 4855 2796 4909 rctribuebant
2837 4851 2965 4905 mihi
3014 4848 3158 4903 mala
3191 4857 3284 4916 pro
3317 4843 3488 4907 bonis,
3517 4849 3569 4894 et

1989 4949 2323 5004 sterilitatem
2347 4949 2538 5002 animm
2565 4963 2712 5010 mele,
2738 4961 2802 4999 ex
2825 4939 3161 4998 Abimelechi
3186 4950 3418 5008 persona
3439 4948 3569 5004 pro-

1984 5042 2236 5096 nuntiata
2280 5038 2481 5095 fuerint
2518 5056 2530 5092 :
2566 5053 2687 5108 quae
2733 5051 2831 5106 par
2880 5043 2965 5089 est
3018 5033 3224 5086 dixisse
3281 5026 3562 5087 Davidem,

1983 5134 2226 5204 psalmus
2268 5133 2470 5202 quippe
2527 5131 2647 5197 ejus
2699 5143 2821 5183 esse
2867 5124 3233 5180 inscribitur:
3273 5122 3319 5175 is
3348 5128 3567 5188 aposto-

1983 5223 2087 5278 llco
2127 5235 2280 5277 more
2307 5223 2386 5277 sic
2419 5221 2614 5276 ellatus
2664 5217 2953 5272 credatur:
2988 5213 3120 5281 Quis
3153 5213 3482 5280 inﬁrmatur.
3509 5218 3564 5264 et

1980 5328 2073 5388 ego
2107 5333 2209 5370 non
2243 5312 2521 5386 inﬁrmor?
2549 5313 2665 5382 quis
2720 5309 3143 5370 scandalizatur,
3210 5313 3260 5358 et
3313 5319 3407 5374 ego
3455 5317 3563 5358 non

1987 5423 2113 5461 uror
2132 5408 2174 5438 ²¹
2199 5401 2297 5460 ?Et
2328 5422 2341 5457 :
2381 5401 2438 5458 Si
2466 5400 2590 5472 quid
2619 5402 2857 5470 patiatur
2880 5415 3044 5452 unum
3074 5398 3384 5464 membrum,
3417 5410 3563 5448 cont-

1985 5500 2262 5565 patiuntur
2292 5498 2467 5549 omnia
2501 5493 2733 5548 membra
2763 5493 2829 5544 ²¹.
2883 5490 2946 5544 Ει
2990 5489 3221 5546 forsitan
3252 5487 3392 5542 alius
3421 5499 3565 5556 prae-

1987 5599 2134 5644 terea
2166 5588 2333 5648 dicat,
2387 5586 2605 5655 iniqd0s'
2654 5591 2822 5639 testes
2843 5599 2966 5638 esse
3006 5586 3276 5652 quotquot
3303 5576 3561 5630 Davidem

1985 5680 2128 5751 apud
2151 5679 2369 5739 Saulem
2396 5677 2714 5734 calumniati
2746 5686 2902 5745 sunt;
2937 5675 3098 5730 modo
3125 5673 3324 5744 quippe
3357 5662 3562 5736 Ζίριεωί
