3940 6292
439 330 550 390 505

1092 333 1360 390 EUSEBII
1397 326 1884 394 CJESARIENSIS
1920 339 2073 396 OPP.
2118 339 2299 395 PARS
2351 342 2439 397 Ill.
2475 375 2542 384 ——
2584 343 2990 401 EXEGETICA.

3583 343 3689 398 506

442 451 763 507 accedentes
774 449 1026 505 dicebant
1046 466 1060 502 :
1091 450 1223 507 Ecce
1238 452 1405 508 David
1427 454 1762 511 absconditus
1776 465 1853 511 est
1868 456 2009 527 apud

2114 456 2299 525 ἔλεγον
2318 455 2562 522 ἐλθόντες
2586 476 2598 488 ·
2642 459 2794 513 Ἰδοὺ
2819 458 2997 514 Δαυῒδ
3026 460 3345 527 κέκρυπται
3375 472 3493 525 παρ
3510 455 3686 530 ’ήμῒκκ

439 560 537 600 nos
561 543 607 575 ²²
636 558 650 594 :
682 552 735 597 et
763 542 871 596 alio
907 551 1154 613 tempore
1203 546 1317 610 alii,
1374 548 1630 616 gratiam,
1681 556 1741 604 ut
1782 549 2015 613 videtur,

422 634 583 708 apud
617 648 799 704 regem
856 634 1071 699 inituri,
1126 638 1298 690 multa
1332 638 1468 693 falsa
1523 641 1838 696 testimonia
1871 642 2018 695 dices

428 728 590 790 bant,
615 735 671 784 et
695 742 818 797 qua:
849 727 967 798 ipse
994 744 1168 798 neque
1188 741 1412 786 noverat
1434 748 1611 801 neque
1633 734 1897 804 cogitarat
1914 733 2018 804 ipsi

443 818 817 875 ascrihebant.
866 816 1003 872 Illud
1066 827 1272 884 autem,
1316 821 1676 877 retribuebant
1713 824 1842 876 mihi
1874 823 2019 877 mala

436 925 533 979 pro
550 910 722 973 bonis,
755 909 823 964 ad
854 910 1034 980 ipsum
1064 927 1282 982 quoque
1308 912 1569 969 Davidem
1597 914 1789 971 referri
1813 922 2011 987 potest.

435 999 573 1055 Nam
602 1001 789 1057 multis
817 1017 850 1056 a
871 1002 1076 1058 Davide
1124 1003 1283 1059 bonis
1312 1003 1542 1061 affectus
1600 1003 1754 1071 Saul,
1792 1014 2016 1062 contra-

434 1093 576 1151 riam
609 1095 715 1167 ipsi
735 1096 909 1153 vicem
964 1098 1318 1168 rependebat,
1358 1100 1489 1154 dum
1526 1101 1776 1172 graviora
1826 1109 2018 1157 contra

437 1189 811 1261 animamejus
840 1191 1272 1258 machinaretur,
1336 1200 1390 1249 et
1442 1195 1788 1251 sterilitatem
1822 1197 2018 1251 anima:

436 1281 558 1351 ejus
608 1281 856 1338 inferret.
891 1282 1046 1339 Tunc
1082 1300 1248 1355 porro
1301 1286 1559 1342 sterilitas
1597 1288 1789 1343 anima:
1839 1288 2014 1354 adest,

436 1373 566 1428 dum
600 1374 810 1431 semina
829 1391 950 1446 quae
982 1376 1038 1431 in
1079 1377 1313 1432 aliorum
1346 1378 1637 1434 utilitatem
1669 1380 1898 1449 spargit,
1923 1388 2017 1435 aut

435 1481 557 1537 qum
589 1482 685 1536 per
710 1469 1017 1523 doctrinam
1048 1471 1266 1536 emittit,
1287 1470 1523 1526 fructum
1553 1487 1665 1527 non
1693 1471 1894 1528 ferunt.
1926 1471 2017 1527 Sic

434 1575 566 1630 ergo
589 1575 715 1616 cum
750 1560 918 1615 David
956 1563 1126 1616 multa
1163 1562 1312 1617 Sauli
1356 1565 1497 1619 bona
1530 1566 1795 1636 gigneret,
1816 1565 2014 1621 sterili-

434 1660 601 1709 tatem
635 1653 740 1724 ipsi
766 1651 897 1707 Saul
918 1654 1204 1719 inferebat,
1227 1670 1333 1709 non
1358 1656 1552 1727 dignos
1581 1656 1838 1712 emittens
1860 1672 2016 1729 spar-

436 1761 626 1800 sorum
659 1745 935 1801 seminum
968 1745 1207 1802 fructus.

504 1835 676 1894 Vens.
710 1837 796 1892 15.
832 1838 946 1909 Ego
1001 1848 1198 1905 autem,
1241 1857 1359 1893 eum
1396 1841 1524 1895 mihi
1569 1842 1777 1896 molesti
1819 1851 2011 1911 essent,
2046 1823 2086 1879 Β

433 1926 692 1982 induebar
722 1929 915 1983 cilicio.
951 1928 1020 1983 Et
1045 1930 1394 1984 humiliabam
1442 1932 1498 1985 in
1539 1932 1745 2002 jejunio
1774 1936 2011 1988 animam

432 2036 626 2083 meam,
657 2030 705 2074 et
728 2023 901 2074 oratio
928 2038 1044 2075 mea
1057 2023 1112 2075 in
1141 2024 1259 2076 sinu
1304 2039 1418 2077 meo
1462 2035 1804 2079 eonvertetur.
1836 2025 1917 2080 Ad
1948 2042 2011 2081 ea

431 2127 554 2181 quae
604 2112 755 2182 prius
808 2111 1009 2168 tradita
1039 2122 1188 2176 sunt,
1244 2116 1537 2184 perpende,
1577 2132 1769 2187 quaeso
1800 2158 1815 2180 ,
1882 2134 2011 2172 num

431 2203 547 2259 haec
585 2220 831 2273 personae
887 2204 1187 2261 Salvatoris
1236 2190 1411 2260 nostri
1444 2210 1737 2264 convenire
1787 2218 2007 2280 queant,

430 2299 856 2370 propheticeque
910 2298 977 2353 de
1023 2301 1144 2369 ipso
1190 2299 1554 2368 praenuntiata
1604 2300 1824 2358 fuerint.
1876 2302 2010 2360 Vide

398 2374 597 2459 'igitur
650 2404 782 2444 num
809 2403 874 2444 eo
905 2395 1068 2458 pacto
1099 2389 1390 2453 sententia,
1423 2389 1574 2442 nullo
1623 2389 1813 2454 obice,
1849 2392 2009 2459 plana

428 2480 644 2534 evadat.
707 2477 956 2533 Salvator
1004 2478 1149 2534 enim
1204 2487 1390 2533 noster
1451 2474 1598 2531 Patri
1648 2493 1749 2536 suo
1793 2479 2008 2535 initium

428 2572 624 2643 psalmi
706 2571 1005 2627 secundum
1080 2569 1472 2624 humanitatem
1529 2570 1771 2636 dixerit,
1836 2588 2009 2642 usque

430 2663 501 2718 ad
531 2664 686 2729 illud,
718 2672 768 2718 et
815 2660 1068 2717 conciude
1095 2662 1346 2717 adversus
1387 2678 1475 2717 eos
1507 2662 1597 2732 qui
1627 2674 2008 2733 persequuntur

430 2768 513 2807 me
541 2767 560 2807 :
596 2754 652 2807 in
683 2753 945 2808 vicesimo
979 2753 1156 2822 primo
1179 2755 1307 2808 item
1337 2754 1570 2823 psalmo,
1601 2753 1692 2823 qui
1719 2757 2007 2825 perspicue

429 2845 500 2900 ab
527 2845 646 2915 ipso
671 2843 963 2915 profertur,
1001 2844 1203 2898 dictum
1235 2851 1348 2899 est:
1383 2842 1449 2898 In
1477 2845 1803 2914 adjutorium
1836 2864 2007 2901 meum

428 2937 671 3001 intende;
711 2937 821 2992 imo
845 2946 897 2992 et
928 2938 983 2991 in
1011 2936 1323 3007 Evangeliis
1353 2938 1585 2992 orationi
1619 2954 1845 2995 vacasse
1874 2955 2005 2993 nar-

427 3036 604 3085 ratur.
638 3028 704 3083 Et
728 3045 860 3085 sane
880 3045 1001 3099 qua:
1043 3029 1131 3084 hic
1164 3029 1367 3098 scripta
1401 3036 1547 3093 sunt,
1581 3039 1704 3100 post
1736 3041 2005 3101 patratum

431 3138 461 3177 a
486 3121 691 3178 Judaeis
725 3123 782 3177 in
805 3138 929 3179 eum
964 3121 1178 3179 facinus
1200 3137 1366 3193 opere
1393 3122 1507 3191 ipse
1534 3125 1846 3194 complevit.
1881 3125 2008 3179 Fra-

2120 552 2214 603 κα¹ι
2246 551 2431 605 ἄλλοτε
2464 551 2654 617 ἄλλους
2697 552 2875 616 εἰκὸς,
2936 551 3303 622 κεχαρισμένα
3356 549 3431 619 τῷ
3486 547 3690 619 βασιλεῖ

2119 641 2458 711 πράττοντας
2478 682 2492 705 ,
2529 642 2700 695 πολλά
2732 645 2849 696 κατ’
2879 643 3043 696 αὑτοῦ
3070 642 3529 713 ψευδομαρτυρεῖν
3553 680 3567 704 ,
3596 638 3691 692 καὶ

2118 730 2155 786 ἃ
2188 733 2262 805 μὴ
2288 734 2580 802 ἐγίνωσκεν
2611 735 2743 806 μηδὲ
2767 735 3037 799 διενοεῖτο,
3074 734 3246 788 ταῦτα
3274 733 3393 788 κατ’
3414 732 3576 787 αὑτοῦ
3604 733 3691 787 λέ-

2121 840 2256 892 γειν.
2288 825 2361 878 Τὸ
2387 826 2453 889 δ’,
2492 827 2999 881 Ἀνταπεδίδοσάν
3011 846 3112 896 μοι
3140 827 3373 893 πονηρὰ
3397 826 3531 880 ἀντὶ
3552 825 3691 895 dm

2119 917 2259 983 θῶν,
2291 918 2510 973 δύναται
2536 922 2614 984 είς
2643 920 2803 974 αὐτὸν
2826 920 3209 992 ἀναφέρεσθαι.
3257 917 3470 989 Ἐπειδὴ
3491 917 3691 971 πολλά-

2120 1027 2208 1073 κις
2245 1006 2303 1065 εὖ
2333 1010 2518 1066 παθὼν
2554 1014 2657 1066 ὑπὸ
2680 1013 2774 1066 τοῦ
2804 1012 2966 1066 Δαυῒδ
2996 1017 3024 1066 6
3049 1012 3220 1065 Σαοὺλ
3243 1051 3258 1074 ,
3292 1014 3402 1071 τοῖς
3429 1010 3692 1074 ἐναντίοις

2118 1103 2278 1157 αὑτὸν
2305 1104 2564 1175 ἠμείϐετο
2585 1146 2598 1169 ,
2634 1104 2779 1159 δεινὰ
2811 1103 2951 1158 κατά
2973 1104 3073 1174 τῆς
3109 1103 3288 1174 ψυχῆς
3310 1101 3474 1156 αὐτοῦ
3512 1118 3690 1172 μηχα-

2119 1195 2356 1268 νώμενος
2381 1237 2395 1261 ,
2443 1199 2538 1252 καὶ
2596 1198 2846 1252 ἀτεκνίαν
2897 1196 3140 1268 ἐμποιῶν
3190 1198 3255 1266 τῇ
3308 1195 3452 1266 ψυχῇ
3503 1191 3691 1248 αὐτοῦ.

2131 1289 2378 1343 Ἀτεκνία
2409 1289 2464 1342 δὲ
2490 1290 2667 1360 ψυχῆς
2695 1292 2871 1353 ἐστιν,
2900 1290 3027 1342 ὅταν
3053 1288 3119 1340 τὰ
3151 1286 3351 1357 ἐαυτῆς
3382 1286 3689 1357 σπέρματα,

2116 1380 2153 1436 ἃ
2185 1380 2576 1435 καταϐάλλεται
2606 1381 2670 1435 δι’
2703 1381 2954 1435 εὐποιιῶν
2985 1383 3065 1445 είς
3111 1381 3328 1450 ἐτέρους
3353 1421 3366 1443 ,
3403 1377 3437 1449 ἢ
3479 1377 3573 1433 καὶ
3606 1379 3693 1432 διὰ

2117 1472 2464 1535 διδασκαλίας
2513 1472 2585 1544 μὴ
2634 1472 2787 1543 φέρει
2823 1471 3053 1542 καρπόν.
3124 1470 3279 1524 Οὕτω
3311 1467 3474 1537 γοῦν,
3522 1467 3692 1521 πολλὰ

2116 1564 2411 1633 γεννῶντος
2440 1564 2617 1634 ἀγαθά
2636 1563 2727 1617 τοῦ
2761 1563 2922 1617 Δαυῖδ
2949 1564 3028 1626 εἰς
3064 1563 3152 1615 τὸν
3184 1560 3354 1615 Σαοὺλ
3374 1602 3388 1623 ,
3439 1560 3695 1614 ἀτεκνίαν

2117 1657 2267 1728 αὑτῷ
2294 1659 2322 1710 6
2348 1658 2516 1712 Σαοὺλ
2549 1657 2833 1727 εἰργάζετο
2856 1697 2871 1721 ,
2917 1656 2990 1727 μὴ
3016 1654 3196 1719 ἀξίους
3235 1653 3522 1726 προφέρων
3554 1669 3695 1726 κιιρ⁴

2119 1747 2253 1810 ποὺς
2279 1746 2388 1800 τῶν
2413 1747 2492 1810 είς
2515 1746 2675 1799 αὑτὸν
2705 1745 3083 1817 ἐσπαρμένων.

2198 1836 2337 1907 Ἐγὼ
2373 1836 2460 1899 δὲ,
2504 1838 2574 1890 ἐν
2612 1836 2692 1902 τῷ
2732 1836 2951 1901 αὐτοὺς
2985 1832 3380 1903 παρενοχλεῖν
3403 1850 3528 1902 μοι,
3558 1832 3691 1887 ἐνε-

2113 1929 2344 1999 ὃυόμην
2375 1928 2624 1991 σάκκον,
2667 1927 2765 1982 καὶ
2811 1927 3164 1981 ἐταπείνουν
3192 1926 3261 1979 ἐν
3286 1926 3539 1992 νηστείᾳ
3577 1925 3695 1992 τὴν

2111 2022 2323 2092 ψυχήν
2345 2040 2485 2092 μου,
2511 2023 2607 2075 καὶ
2636 2024 2674 2090 ἡ
2708 2019 3016 2089 προσευχὴ
3054 2038 3172 2089 μου
3210 2022 3298 2085 είς
3324 2020 3557 2072 κόλπον
3571 2035 3695 2086 μου

2111 2114 2660 2184 ἀποστραφήσεται.
2692 2114 2836 2185 Πρὸς
2868 2117 2979 2176 τοῖς
3008 2111 3343 2166 ἁποδοθεϊσιν
3375 2110 3692 2179 ἐπίσκεψαι,

2114 2208 2320 2278 μήποτε
2347 2207 2415 2260 τὰ
2445 2207 2774 2278 προκείμενα
2809 2204 3137 2275 ἐφαρμόζειν
3170 2203 3389 2257 δύναται
3416 2201 3494 2272 τῷ
3524 2219 3695 2274 προσ-

2110 2298 2242 2369 ὡπῳ
2270 2300 2363 2353 τοῦ
2389 2300 2635 2370 Σωτῆρος
2663 2297 2839 2368 ἡμῶν,
2875 2296 3226 2370 προφητικῶς
3254 2294 3314 2360 ἐξ
3343 2294 3506 2348 αὑτοῦ
3540 2294 3694 2347 τεθε-

2113 2391 2402 2461 σπισμένα.
2433 2392 2572 2462 Ὅρα
2597 2390 2640 2443 δ’
2663 2386 2755 2443 οὖν
2789 2390 2837 2442 εἰ
2872 2388 2946 2459 μὴ
2991 2388 3083 2440 καὶ
3106 2386 3278 2450 οὕτως
3313 2382 3690 2456 ἐξομαλίζεται

2109 2483 2143 2553 ή
2184 2482 2390 2538 διάνοια
2434 2482 2554 2535 κατ’
2591 2481 2780 2535 οὐδένα
2828 2479 3027 2551 τρόπον
3061 2475 3478 2548 ἐμποδιζομένη.
3507 2476 3692 2528 Ἔστω

2107 2574 2216 2646 γὰρ
2243 2577 2271 2627 6
2292 2575 2480 2646 Σωτὴρ
2520 2574 2673 2644 ἡμῶν
2714 2571 2885 2643 λέγων
2924 2572 3064 2627 κατὰ
3091 2572 3150 2624 τὸ
3178 2566 3514 2640 ἀνθρώπινον
3554 2565 3691 2636 πρὸς

2107 2667 2197 2720 τὸν
2227 2666 2418 2720 ἐαυτοῦ
2448 2668 2668 2739 Πατέρα
2698 2666 2796 2736 τὴν
2841 2665 3015 2737 ἀρχὴν
3053 2662 3143 2717 τοῦ
3172 2659 3383 2732 ψαλμοῦ
3415 2658 3543 2721 ἓως,
3580 2655 3687 2711 Καὶ

2106 2761 2474 2828 σύγκλεισον
2501 2758 2570 2823 ἐξ
2599 2758 2878 2823 ἐναντίας
2917 2754 3034 2810 τῶν
3074 2746 3405 2807 διωκόντων
3438 2767 3516 2819 με
3536 2765 3551 2779 ⁸
3599 2747 3690 2801 καὶ

2108 2852 2165 2904 ἐν
2195 2849 2422 2922 εἰκοστῷ
2464 2850 2522 2904 δὲ
2566 2849 2662 2903 καὶ
2692 2846 2895 2920 πρώτῳ
2940 2845 3157 2917 ψαλμῶ,
3191 2843 3372 2913 σαφῶς
3398 2844 3491 2896 ὑπ’
3522 2837 3690 2895 αὐτοῦ

2106 2941 2404 3013 λεγομένῳ,
2425 2942 2657 3013 εἴρηται·
2686 2943 2790 3007 Εἰς
2814 2939 2927 3006 τὴν
2941 2937 3234 3005 ,ϐοήθειάν
3253 2953 3370 3005 μου
3397 2933 3687 3001 πρόσχεσ

2104 3032 2243 3087 ἀλλά
2273 3035 2365 3086 καὶ
2395 3035 2452 3086 ἐν
2480 3035 2591 3096 τοῖς
2628 3031 2978 3101 Εὑαγγελίοις
3009 3033 3074 3102 τῇ
3108 3032 3381 3104 προσευχῇ
3410 3027 3691 3097 σχολάζων

2111 3127 2424 3197 ἱστορεῖται.
2454 3125 2562 3178 Ναὶ
2595 3125 2701 3195 μὴν
2733 3116 2826 3177 καὶ
2871 3123 2935 3177 δι’
2966 3123 3139 3194 ἔργων
3171 3122 3407 3194 ἐπλήρου
3446 3120 3517 3173 τὰ
3557 3122 3689 3174 ἁνα-

2898 3216 2910 3233 ἳ
2943 3212 3094 3234 ύνκςυ
3127 3214 3229 3234 ..γ’ν..
3270 3215 3284 3234 9

429 3229 553 3270 mea
592 3214 794 3285 quippe
841 3214 1117 3278 militaris,
1150 3215 1465 3284 bellumque
1493 3212 1866 3271 Romanorum
1897 3233 2007 3272 non

2112 3195 2471 3289 γεγραμμένα
2499 3214 2635 3286 μετὰ
2665 3215 2762 3287 τὴν
2793 3216 2910 3267 κατ’
2935 3212 3096 3268 αὑτοῦ
3122 3214 3230 3267 τῶν
3270 3210 3537 3266 Ἰουδαίων
3570 3211 3691 3266 τόλ-

430 3305 526 3361 diu
560 3313 770 3376 postea,
798 3322 901 3361 nec
923 3306 1043 3361 sine
1073 3305 1167 3360 Dei
1195 3304 1425 3375 judicio,
1451 3306 1669 3362 Institit.
1701 3306 1836 3362 Nam
1862 3308 2006 3368 Deus

432 3396 552 3468 ipse
583 3405 723 3463 erat,
760 3398 854 3468 qui
888 3413 984 3470 per
1022 3398 1279 3452 hostilem
1318 3397 1616 3453 exercitum
1648 3399 1799 3470 ipsos
1830 3402 2010 3473 impu-

430 3490 654 3561 gnabat.
690 3490 747 3544 Id
783 3506 879 3563 per
930 3491 1248 3561 parabolam
1306 3490 1560 3547 Salvator
1607 3493 1723 3562 ipse
1767 3493 2008 3550 declarat

433 3583 504 3639 iis
532 3584 627 3654 qui
653 3586 997 3639 vocationem
1027 3584 1095 3638 ad
1123 3582 1343 3652 nuptias
1372 3592 1716 3655 respuerant,
1752 3583 2006 3638 nuntios-

431 3691 541 3747 que
579 3674 997 3741 interfecerant;
1028 3675 1160 3729 dum
1190 3675 1287 3737 ait,
1330 3690 1511 3746 regem
1543 3677 1762 3732 misusse
1796 3676 2009 3731 exerci-

430 3776 522 3825 tus
575 3784 706 3825 suos
737 3774 793 3823 et
843 3768 1121 3822 civitatem
1176 3782 1366 3822 eorum
1414 3767 1770 3824 succendisse
1802 3767 1867 3821 “.
1916 3768 2007 3823 Sic

431 3859 618 3929 itaque
646 3875 721 3927 ea.
762 3874 885 3929 quae
926 3858 1039 3926 jam
1071 3865 1372 3914 tractamus
1416 3860 1637 3930 impleta
1686 3869 1833 3915 sunt.
1866 3860 2005 3928 Quia

430 3953 577 4007 enim
603 3952 678 4007 illi
701 3967 825 4007 cum
846 3951 985 4007 Filio
1005 3951 1096 4007 Dei
1124 3952 1310 4023 inique
1329 3961 1576 4023 egerunt,
1592 3955 1832 4009 damnati
1856 3963 2004 4020 sunt,

431 4046 676 4116 ultioque
707 4046 990 4117 sanguinis
1018 4046 1139 4115 ejus
1170 4054 1385 4116 sumpta
1440 4058 1545 4103 est.
1598 4048 1664 4102 Et
1710 4052 1837 4121 quia
1885 4065 2007 4105 sese

430 4135 638 4189 Christi
669 4135 921 4190 inimicos
956 4134 1323 4205 praebuerunt,
1362 4149 1391 4187 a
1437 4135 1544 4189 Deo
1584 4135 1706 4205 ipso
1753 4133 2006 4191 debellati

432 4233 582 4289 sunt,
624 4242 748 4281 cum
779 4226 925 4292 telis,
956 4226 1145 4296 clypeo
1183 4234 1238 4281 et
1285 4226 1511 4291 framea,
1568 4227 1830 4282 irruente.
1887 4227 2005 4282 Non

430 4318 648 4374 occulte
680 4318 825 4373 enim
859 4318 1010 4388 ipsos
1042 4317 1224 4372 divina
1258 4317 1414 4382 ultio,
1462 4317 1555 4373 sed
1594 4333 1691 4388 per
1724 4304 2005 4372 hominum

429 4410 707 4467 exercitus
747 4408 938 4464 adorta
977 4415 1082 4464 est.
1114 4407 1297 4462 Mirari
1332 4423 1464 4463 sane
1495 4408 1662 4471 subit,
1697 4423 1806 4478 quo
1847 4394 2007 4478 pacto

428 4504 637 4559 dictum
665 4503 859 4558 fuerit:
889 4500 1112 4572 Effunde
1137 4502 1412 4572 frameam.
1438 4499 1557 4554 Non
1576 4502 1742 4566 enim,
1767 4511 1826 4556 ut
1851 4502 2002 4567 olim,

429 4609 494 4649 ex
545 4604 702 4664 parte
753 4594 930 4649 solum
976 4593 1117 4648 bello
1168 4592 1606 4657 incessebantur,
1659 4593 1753 4648 sed
1786 4593 2002 4650 hostilis

430 4683 639 4738 framea
686 4691 874 4738 contra
906 4682 1032 4737 illos
1063 4681 1234 4737 effusa
1263 4691 1383 4748 est;
1433 4691 1762 4753 quapropter
1794 4683 2001 4738 dictum

426 4784 544 4832 est:
580 4775 820 4831 Peruenit
845 4784 1020 4829 autem
1041 4775 1110 4828 ad
1136 4773 1256 4828 illos
1279 4774 1362 4828 ira
1389 4775 1441 4827 in
1464 4775 1619 4843 ﬁnem
1646 4776 1689 4807 ³⁵
1710 4795 1724 4844 ;
1748 4783 1800 4832 et
1827 4776 1954 4830 alibi
1985 4794 1997 4830 :

431 4866 664 4937 Elfunde
683 4885 840 4938 super
869 4885 955 4923 eos
984 4867 1126 4920 iram
1174 4876 1318 4920 tuam
1352 4867 1418 4920 ³⁸.
1452 4865 1586 4932 Quis
1622 4883 1786 4938 porro
1818 4867 2001 4924 Histo-

431 4960 544 5015 rias
575 4958 746 5017 Flavii
792 4958 1015 5031 Iosephi
1050 4974 1396 5030 percurrens,
1430 4974 1729 5030 earumque
1772 4966 2000 5014 narratu

336 5036 358 5058 ”
429 5053 798 5122 comperiens,
829 5068 936 5122 qua
981 5052 1195 5106 ratione
1241 5050 1527 5107 obsidione
1556 5053 1825 5116 conclusi,
1860 5051 2002 5108 fame

430 5149 486 5198 et
511 5142 871 5200 seditionibus
914 5143 1232 5208 interibant,
1260 5157 1368 5197 non
1398 5158 1638 5213 praesens
1667 5144 1871 5199 dictum
1905 5144 2002 5198 ad—

432 5235 688 5289 miretur:
727 5234 792 5289 Et
822 5235 1074 5290 conclude
1102 5234 1351 5289 adversus
1382 5251 1469 5289 eos
1500 5235 1588 5305 qui
1625 5244 2002 5306 persequuntur

429 5343 511 5380 me
533 5327 558 5379 .9
590 5325 721 5391 Quae
755 5342 882 5381 vero
909 5333 1094 5395 postea
1124 5326 1558 5396 subsequuntur,
1589 5328 1765 5381 solum
1799 5326 1998 5381 Serva-

425 5426 603 5472 torem
654 5414 800 5470 Patri
864 5431 966 5472 suo
1015 5416 1315 5473 secundum
1373 5417 1762 5470 immanitatem
1815 5417 1998 5473 dicere

424 5506 683 5564 convenit
716 5522 728 5558 :
762 5503 862 5559 Die
891 5505 1080 5559 anima:
1121 5521 1247 5559 mea?
1270 5521 1288 5558 :
1324 5503 1482 5558 Salus
1524 5513 1617 5557 tua
1644 5520 1735 5574 ego
1776 5520 1912 5565 sum,
1944 5510 1998 5558 et

426 5606 621 5653 caetera
651 5611 825 5678 usque
854 5594 920 5648 ad
951 5594 1083 5649 illud
1110 5613 1124 5650 :
1152 5594 1446 5666 Etangelua
1474 5595 1685 5650 Domini
1724 5602 1997 5651 coarctans

2113 3326 2239 3380 μαν.
2288 3306 2556 3378 Ῥομφαία
2585 3306 2692 3377 γάρ
2735 3305 3097 3378 στρατιωτικὴ
3145 3306 3238 3359 καῖ
3276 3303 3510 3374 πόλεμος
3556 3303 3691 3357 Ῥω-

2112 3400 2306 3473 μαϊκὸς
2353 3401 2453 3454 οὐκ
2501 3402 2579 3463 είς
2618 3400 2834 3471 μακρὰν
2867 3399 3127 3471 μετῆλθεν
3169 3400 3383 3462 αὐτοὺς,
3414 3398 3515 3450 οὐκ
3560 3397 3689 3451 ἄνευ

2107 3495 2206 3565 τῆς
2243 3493 2337 3546 τοῦ
2377 3490 2511 3545 Θεοῦ
2559 3491 2808 3564 κρίσεως.
2845 3492 2975 3556 Θεὸς
3008 3493 3115 3565 γὰρ
3145 3486 3210 3565 ἦν
3242 3494 3270 3545 6
3300 3475 3554 3562 πολεμῶν
3590 3492 3690 3544 αὺ-

2106 3588 2234 3651 τοὺς
2260 3586 2347 3640 διὰ
2371 3586 2464 3640 τοῦ
2494 3586 2601 3639 τῶν
2629 3578 2900 3657 πολεμίων
2928 3586 3175 3658 στρατοῦ.
3204 3582 3373 3638 Τοῦτο
3397 3586 3492 3638 καὶ
3524 3583 3689 3647 αὐτὸς

2106 3677 2136 3728 6
2166 3676 2354 3748 Σωτὴρ
2376 3675 2462 3729 διὰ
2488 3675 2793 3747 παραϐολῆς
2820 3676 3114 3747 παρίστησι
3142 3679 3251 3738 τοῖς
3278 3674 3690 3747 παρῃτημένοις

2106 3769 2206 3840 τὴν
2230 3769 2418 3838 κλῆσιν
2439 3767 2530 3820 τοῦ
2557 3767 2755 3837 γάμου,
2790 3767 2883 3820 καὶ
2908 3767 3034 3829 τοὺς
3062 3765 3325 3837 κλήτορας
3351 3763 3649 3833 φονεύσασι
3670 3778 3683 3791 ·

2107 3857 2318 3928 πέμψαι
2348 3859 2525 3929 φήσας
2558 3859 2646 3911 τὸν
2677 3857 2899 3928 βασιλέα
2915 3856 2983 3909 τὰ
3000 3854 3363 3928 στρατιωτικά
3394 3854 3563 3906 αὑτοῦ
3594 3852 3691 3907 καὶ

2104 3951 2204 4024 τὴν
2254 3950 2406 4004 πόλιν
2462 3950 2640 4004 αὐτῶν
2686 3951 2986 4021 ἐμπρῆσαι.
3040 3948 3192 4001 Οὕτω
3247 3946 3423 4000 τοίνυν
3476 3946 3573 4000 καὶ
3620 3945 3689 3997 τὰ

2109 4041 2248 4114 μετὰ
2290 4045 2477 4112 χεῖρας
2520 4041 2836 4112 ἐπληροῦτο.
2881 4038 3095 4110 Ἐπειδὴ
3138 4039 3246 4111 γὰρ
3278 4039 3429 4092 αὐτοὶ
3464 4037 3688 4108 ἠδίκουν

2104 4134 2198 4188 τὸν
2231 4134 2357 4187 Υίὸν
2398 4132 2491 4187 τοῦ
2536 4133 2669 4188 Θεοῦ
2693 4174 2707 4198 ,
2746 4132 3126 4204 ἐδικάσθησαν,
3174 4130 3554 4200 ἐκδικουμένου
3591 4128 3686 4181 τοῦ

2106 4225 2334 4295 αἵματος
2375 4223 2563 4278 αὐτοῦ.
2591 4225 2700 4278 Καὶ
2741 4223 2927 4296 ἐπειδὴ
2955 4216 3242 4293 πολεμίους
3282 4221 3478 4283 αὐτοὺς
3520 4219 3691 4273 κατέ-

2108 4333 2309 4387 στησαν
2354 4314 2446 4368 τοῦ
2491 4315 2762 4387 Χριστοῦ,
2799 4314 3213 4385 ἐπολεμήθησαν
3261 4313 3364 4366 ὑπὸ
3403 4313 3499 4366 τοῦ
3545 4311 3687 4366 Θεοῦ

2110 4405 2457 4477 μετελθόντος
2485 4404 2635 4475 ὅπλῳ
2683 4404 2775 4457 καὶ
2808 4402 2985 4475 Θυρεῷ
3025 4402 3118 4456 καὶ
3173 4399 3428 4472 ῥομφαίᾳ.
3463 4400 3539 4452 Οὐ
3577 4400 3688 4471 γὰρ

2107 4496 2328 4566 ἀφανῶς
2358 4497 2553 4559 αὐτοὺς
2581 4497 2613 4565 ἡ
2646 4493 2763 4547 θεία
2799 4495 2982 4566 μετῄει
3023 4492 3166 4563 δίκη,
3200 4491 3333 4545 ἀλλά
3370 4489 3460 4544 διὰ
3487 4490 3602 4543 τῶν
3628 4489 3688 4543 ἐν

2107 4589 2412 4662 ἀνθρώποις
2433 4587 2723 4658 πολεμίων.
2753 4586 3041 4656 Θαυμάσαι
3061 4586 3107 4639 δ’
3129 4584 3271 4638 ἐστιν
3292 4585 3437 4646 ὅπως
3466 4585 3687 4655 εἴρηται

2109 4684 2199 4736 τό·
2250 4685 2503 4752 Ἐκχεον
2532 4680 2867 4749 ῥομφαίαν
2906 4677 3088 4731 οὐκέτι
3128 4676 3236 4748 γὰρ
3289 4676 3428 4741 κατὰ
3465 4675 3530 4728 τὸ
3580 4692 3688 4729 πα-

2107 4772 2255 4825 λαιὸν
2282 4770 2521 4843 μερικῶς
2547 4770 2740 4833 αὐτοὺς
2761 4771 2788 4822 6
2809 4767 3040 4838 πόλεμος
3063 4767 3278 4838 μετῄει·
3310 4764 3421 4818 ἀλλ’
3447 4763 3686 4834 ἐξεχύθη

2107 4866 2227 4918 κατ’
2256 4862 2432 4918 αὐτῶν
2463 4861 2730 4932 πολεμικὴ
2763 4860 3002 4932 ῥομφαία
3024 4877 3036 4890 ο
3062 4849 3142 4912 διὸ
3169 4857 3440 4911 λέλεκται·
3471 4858 3690 4925 Ἐφ-θα-

2108 4970 2180 5009 σε
2204 4955 2253 5008 6⁸
2278 4955 2370 5008 ἐπ’
2392 4955 2613 5020 αὐτοὺς
2641 4954 2680 5023 ἡ
2711 4952 2854 5022 ὀργὴ
2899 4947 2985 5018 είς
3022 4945 3221 5017 τέλος·
3269 4949 3362 5003 καὶ
3403 4947 3643 5019 ἀλλαχοῦ
3667 4965 3683 4980 ·

2109 5050 2358 5117 Ἕκχεον
2386 5047 2477 5099 ἐπ’
2513 5043 2732 5110 αὐτοὺς
2769 5043 2883 5112 τὴν
2920 5045 3103 5111 ὀργήν
3140 5058 3275 5096 σου.
3312 5040 3416 5104 Τίς
3431 5040 3510 5104 δὲ,
3537 5039 3684 5093 διελ-

2104 5142 2212 5195 θὼν
2238 5141 2334 5205 τὰς
2368 5140 2595 5193 Φλαυῖου
2638 5139 2940 5207 Ἰωσήππου
2986 5133 3265 5204 Ἱστορίας,
3304 5129 3489 5203 μαθών
3524 5149 3587 5184 τε
3623 5129 3687 5194 ἐξ

2101 5232 2277 5287 αὐτῶν
2318 5232 2495 5294 ὅπως,
2546 5230 2603 5281 ἐν
2657 5223 3003 5297 συγκλεισμῷ
3049 5220 3478 5293 ἀποληφθέντες,
3533 5218 3687 5291 λιμῷ

2102 5326 2196 5378 καὶ
2235 5323 2423 5377 στάσει
2466 5320 2853 5391 διεφθάρησαν,
2887 5317 2951 5369 οὐ
2980 5314 3248 5386 θαυμάσει
3295 5312 3390 5383 τὴν
3438 5309 3685 5364 ἐνταῦθα

2102 5416 2363 5483 λέγουσαν
2417 5414 2627 5482 φωνήν·
2685 5410 2796 5465 Καὶ
2851 5411 3218 5479 σύγ-κλεισον
3268 5404 3338 5469 ἐξ
3396 5403 3686 5468 ἐναντίας

2104 5504 2221 5557 τῶν
2250 5502 2728 5557 καταδιωκόντων
2757 5517 2834 5569 με
2846 5515 2867 5564 ;
2904 5499 3059 5569 Ἑξῆς
3089 5496 3144 5549 δὲ
3177 5497 3381 5557 τούτοις
3418 5491 3564 5562 μόνῳ
3599 5487 3688 5562 τῷ

2107 5595 2318 5665 Σωτῆρι
2350 5594 2547 5666 πρέπει
2578 5593 2642 5647 ἂν
2659 5592 2838 5661 λέγειν
2874 5590 2951 5662 τῷ
2994 5586 3184 5644 ἑαυτοῦ
3222 5584 3396 5656 Πατρὶ
3427 5579 3574 5638 κατὰ
3615 5579 3691 5638 τὸ

498 5778 545 5810 ’³
584 5776 767 5849 Ilieg.
810 5792 977 5845 χχιιι,
1009 5775 1076 5832 19
1172 5777 1216 5808 ⁸⁸
1256 5775 1444 5832 Matth.
1478 5776 1623 5847 τηις,
1665 5777 1711 5832 7.
1791 5778 1836 5809 ³⁸
1872 5776 1891 5827 ι
1921 5776 2009 5831 Τιυ

2151 5792 2218 5839 ιι,
2261 5777 2340 5830 16.
2419 5776 2463 5806 ²⁶
2505 5774 2641 5828 Psal.
2680 5787 2878 5836 LXVIII,
2911 5770 3003 5826 25.
