3940 6292
293 399 398 458 MSS

1443 405 1944 464 COMMENTARIA
1985 405 2048 460 IN
2091 402 2427 462 PSALMOS.

3485 405 3590 462 306

307 521 692 596 ἀνθρώπινον·
733 523 930 584 Εἶπεν
967 525 1036 593 τῇ
1069 525 1240 596 ψυχῇ
1282 543 1430 596 μου·
1491 525 1758 592 Σωτηριίι
1804 541 1901 578 σοι

2019 541 2124 578 eos.
2164 522 2290 578 Haec
2315 537 2477 593 porro
2508 529 2622 574 tum
2657 520 3042 590 implebantur,
3078 535 3200 575 cum
3232 535 3262 575 a
3301 521 3588 591 metropoli

315 619 424 690 εἰμὶ
447 618 588 688 ἐγὼ,
621 621 726 674 καὶ
771 621 840 675 τὰ
879 619 1022 690 ἑξῆς.
1051 619 1156 680 ἓως
1199 618 1314 680 τοῦ,
1351 617 1458 672 Καὶ
1507 617 1759 687 ἅγγελος
1791 619 1908 670 Κυ-

313 710 442 780 ρίου
483 709 788 764 ἐκθλίὸων
831 711 1068 776 αὐτούς.
1117 712 1226 765 Καὶ
1269 709 1444 764 ταῦτα
1485 709 1541 762 δὲ
1587 709 1906 782 ἐπληροῦτο,

321 803 404 856 Et:
449 802 548 870 τῆς
743 803 951 856 ἑαυτῶν
997 803 1382 874 μητροπόλεως
1431 803 1756 872 ἠλαύνοντο,
1799 803 1908 856 διε-

321 895 676 967 σκορπξζοντο
719 897 776 950 δὲ
816 899 894 958 εἰς
937 896 1110 949 πάντα
1149 897 1216 950 τα
1257 895 1406 967 ἔθνη.
1455 892 1588 948 Εἶτα
1625 895 1904 948 λέλεκται·

317 985 638 1054 Γενηθήτω
679 988 718 1054 ἡ
761 987 898 1052 ὁδὸς
937 987 1134 1040 αὐτῶν
1176 988 1394 1052 σκότος
1439 987 1534 1040 καὶ
1587 986 1903 1054 ὀλίσθημα.

327 1073 480 1138 Ὁδὸς
512 1073 570 1126 δὲ
605 1074 782 1127 αὐτῶν
813 1075 878 1144 ἣν
909 1074 1108 1128 ῶδευον
1142 1076 1309 1130 πάλαι
1351 1077 1382 1146 ἡ
1426 1075 1710 1148 σωματικὴ
1745 1077 1906 1144 ἐτύγ-

311 1180 448 1232 χανε
503 1163 762 1234 λατρεία,
817 1165 936 1233 ἥτις
983 1166 1166 1230 αὐτοῖς
1221 1167 1408 1236 γέγονε
1451 1165 1638 1229 σκότος
1671 1167 1764 1220 καὶ
1800 1165 1906 1220 ὀλί-

313 1255 537 1325 σθημα·
594 1255 728 1308 ἀλλὰ
776 1257 889 1316 καὶ,
925 1257 1204 1325 “ne:qu
1243 1259 1468 1324 Kvplov
1527 1257 1908 1310 καταδιώχων

307 1346 560 1410 αὐτούς.
607 1343 792 1398 Ταῦτα
836 1346 932 1416 μὲν
977 1341 1069 1398 οὖν
1115 1345 1408 1418 τάπίχειρα
1453 1340 1528 1400 ὧν
1573 1348 1692 1400 κατ’
1740 1347 1904 1400 αὑτοῦ

305 1436 736 1506 τετολμήκασιν.
779 1437 1008 1510 Ἀκούσῃ
1055 1439 1112 1492 δέ
1163 1439 1268 1490 τῶν
1315 1440 1646 1510 εἰρημένων,
1691 1442 1787 1510 οὐχ
1831 1442 1906 1504 ὡς

305 1529 404 1582 τοῦ
433 1529 690 1600 Σωτῆρος
719 1532 1116 1600 κατευχομένου
1161 1531 1270 1583 τῶν
1320 1533 1512 1585 ἐαυτοῦ
1557 1533 1768 1603 ἐχθρῶν
1809 1534 1902 1586 τοῦ

303 1625 422 1684 τοῖς
457 1621 654 1674 ἐαυτοῦ
687 1622 952 1692 μαθηταῖς
987 1625 1450 1696 παρηγγελκότος,
1483 1629 1904 1696 Προσεύχεσθε

303 1714 464 1780 ὑπὲρ
495 1713 616 1766 τῶν
642 1715 1084 1782 ἐπιζρειιζῗῗντων
1117 1717 1211 1770 καὶ
1247 1717 1616 1772 ἀδικούντων
1639 1721 1864 1786 αὐτούς
1885 1737 1898 1750 ·

299 1803 446 1856 ἀλλὰ
479 1806 590 1876 γὰρ
621 1805 820 1860 τούτων
853 1808 1016 1862 ἄκουε
1071 1809 1146 1871 ὡς
1189 1809 1542 1882 προφητικῶς
1573 1812 1898 1884 εἰρημένων,

2013 633 2120 672 sua
2146 617 2308 684 pulsi,
2343 616 2396 668 in
2429 629 2620 668 omnes
2655 621 2842 682 gentes
2873 613 3344 684 dispergebantur.
3379 613 3588 670 Deinde

2017 711 2226 766 dictum
2260 717 2343 764 est
2387 729 2398 764 :
2435 707 2596 760 Fiant
2627 708 2721 760 ria:
2755 707 2968 760 illorum
2999 705 3215 761 tenebrat
3234 715 3283 762 et
3305 705 3582 762 lubricum.

2023 802 2119 856 Via
2145 819 2248 872 qua
2287 801 2612 856 incede-luant
2649 807 2764 854 erat
2803 801 3104 870 corporalis
3135 801 3224 854 ille
3247 803 3447 866 cultus,
3490 801 3582 871 (pii

2013 897 2154 966 ipsis
2187 895 2422 950 tenebrae
2453 902 2505 948 et
2539 893 2804 946 lubricum
2839 892 2970 957 fuit;
2997 891 3107 945 imo
3139 893 3322 956 etiam,
3355 894 3582 964 Angelus

2017 988 2226 1040 Domini
2255 1003 2561 1056 persequens
2589 1001 2696 1038 eos.
2730 983 2852 1038 llaec
2884 999 3108 1038 suorum
3141 984 3402 1039 adversus
3427 985 3587 1040 Clari-

2013 1089 2156 1134 stum
2201 1079 2504 1134 facinorum
2539 1080 2758 1149 praemia
2785 1078 2956 1132 luere.
2991 1077 3258 1130 Gallorum
3289 1091 3407 1146 ιιιιιι⁵
3441 1077 3584 1130 dicta

2013 1183 2142 1230 sunt
2173 1189 2280 1228 non
2327 1175 2400 1227 ita
2429 1175 2668 1244 accipias
2698 1175 2878 1236 velim,
2908 1171 3065 1242 quasi
3100 1171 3350 1224 Salvator
3379 1171 3444 1224 de
3475 1171 3584 1224 ini-

2011 1269 2274 1318 micorum
2307 1265 2548 1333 pernicie
2575 1265 2855 1333 glorietur,
2881 1262 2974 1332 qui
2998 1261 3280 1331 discipulis
3304 1263 3418 1314 suis
3449 1278 3585 1332 prae-

2011 1355 2176 1424 cepit,
2211 1353 2372 1409 Orate
2403 1371 2496 1422 pro
2524 1355 2590 1407 iis
2619 1355 2707 1424 qui
2739 1353 3029 1408 molestiam
3061 1363 3109 1406 et
3141 1353 3396 1420 injurinm
3435 1353 3582 1404 vobis

2013 1447 2248 1514 inferunt
2280 1447 2321 1476 ’τ
2361 1465 2372 1498 :
2408 1445 2500 1500 sed
2531 1446 2646 1498 haec
2673 1453 2734 1499 ut
2763 1445 3077 1516 prophetico
3103 1445 3246 1498 dicta
3291 1453 3346 1498 et
3375 1443 3586 1498 Iuturna

2011 1555 2130 1592 rtuu
2185 1555 2372 1592 eorum
2439 1539 2808 1594 calamitatum
2863 1536 3170 1606 praenuntia
3233 1535 3602 1606 intelligenda-

2009 1637 2158 1684 suut.
2204 1631 2336 1697 Quae
2387 1646 2552 1686 causa
2601 1645 2764 1700 porro
2797 1629 2958 1684 fuerit
2996 1645 3095 1684 cur
3124 1645 3188 1683 ea
3235 1628 3581 1688 vaticinetur.

2009 1724 2272 1794 deinceps
2305 1724 2479 1794 aperit
2505 1723 2592 1778 his
2619 1723 2802 1778 verbis
2837 1742 2848 1776 :
2881 1723 3146 1788 Quoniam
3175 1723 3342 1794 gratis
3365 1719 3584 1774 abscon-

2009 1816 2198 1870 derunt
2237 1815 2367 1868 milii
2405 1817 2674 1869 interitum
2709 1815 2882 1884 laquei
2919 1815 3023 1878 sui,
3055 1829 3368 1882 supervacue
3391 1827 3582 1882 expro-

299 1897 398 1950 καὶ
427 1895 499 1948 τὰ
531 1895 792 1966 μέλλοντα
815 1897 1000 1962 αὐτοῖς
1035 1899 1412 1971 συμϐήσεσθαι
1449 1883 1901 1972 προαναφωνούν-

2010 1907 2288 1962 braverunt
2321 1909 2555 1961 animam
2587 1923 2775 1960 meam.

295 2009 432 2046 των.
481 1993 670 2050 Ταῦτα
713 1993 772 2046 δὲ
823 1995 1004 2060 αὐτοῖς
1052 1995 1268 2050 ἔσεσθαι
1325 1997 1566 2062 θεσπίζει
1609 2000 1696 2053 διὰ
1737 2002 1896 2056 ποίαν
1936 2004 2134 2068 αἰτίαν,
2163 2005 2288 2075 ἑξῆς
2315 2005 2552 2060 διδάσκει
2593 2004 2800 2072 λέγων·
2867 2003 2996 2056 Ὅτι
3029 2001 3255 2069 δωρεὰν
3309 1997 3584 2068 expvde

297 2102 400 2140 ιιοι
429 2087 766 2156 διαφθορὰν
799 2091 1048 2160 παγίδος
1081 2092 1300 2156 αὐτῶν,
1347 2094 1546 2162 μάτην
1582 2096 1902 2152 ὼνείδισαν
1938 2101 2052 2169 τὴν
2077 2103 2290 2170 ψυχήν
2311 2121 2450 2171 μου.

375 2183 492 2236 Καὶ
533 2185 706 2238 ταῦτα
757 2187 856 2256 μὲν
890 2187 1020 2258 περὶ
1050 2188 1143 2240 τοῦ
1180 2189 1418 2260 πλήθους
1443 2191 1551 2246 τῶν
1585 2195 1703 2244 κατ’
1733 2195 1898 2248 αὑτοῦ

299 2275 711 2330 συνελθόντωνο
749 2277 820 2330 τὰ
868 2278 923 2330 δέ
966 2280 1092 2348 ἐξῆς
1121 2281 1302 2333 οὐκέτι
1341 2283 1468 2353 περὶ
1509 2284 1736 2350 πολλῶν,
1773 2285 1900 2358 περὶ

295 2367 344 2420 δ’
363 2354 504 2431 ’ἐνὸς
527 2368 852 2440 λελεγμένα,
879 2371 1100 2424 δύναται
1134 2375 1630 2446 προσαγορεύεσθαι
1649 2379 1775 2448 περὶ
1805 2377 1898 2430 τοῦ

307 2459 512 2524 Ἰούδα,
545 2463 628 2526 ὃς,
665 2463 924 2535 κρύπτων
969 2464 1067 2536 τὴν
1113 2467 1233 2518 κατ’
1264 2466 1428 2519 αὑτοῦ
1483 2471 1771 2541 συσκευὴν,
1815 2489 1900 2540 φι-

295 2553 430 2606 λίαν
461 2571 520 2606 τε
557 2553 1126 2627 καθυποκρινόμενος,
1177 2557 1442 2628 φιλήματι
1484 2560 1766 2632 παρεδίδου
1809 2563 1899 2616 τὸν

301 2645 660 2700 Διδασκαλον.
695 2648 786 2700 Διὸ
829 2649 958 2719 περὶ
999 2648 1162 2702 αὐτοῦ
1209 2650 1355 2718 λέγοι
1399 2652 1466 2704 ἂν
1515 2653 1609 2714 τὸ,
1651 2655 1900 2707 Ἐ.1()ἑτω

299 2738 474 2804 αὐτῷ
499 2738 786 2808 πατίς,ῆν
813 2743 884 2794 οὐ
913 2741 1209 2811 γινώσκει,
1244 2743 1340 2796 καὶ
1375 2745 1414 2812 ἡ
1445 2746 1596 2812 θήρα
1623 2745 1702 2810 ἢν
1731 2745 1902 2812 ἔκρυ-

297 2833 390 2898 ψε
419 2829 776 2884 συλλαόἐτω
805 2832 1011 2894 αὑτὸν,
1051 2833 1148 2884 καὶ
1181 2833 1250 2886 ἐν
1277 2832 1350 2900 τῇ
1389 2835 1590 2904 παγίδι
1633 2836 1899 2888 πεσεῖται

293 2923 372 2976 ἐν
397 2923 578 2990 αὐτῇ.
613 2925 724 2976 Καὶ
753 2923 924 2977 ταῦτα
961 2925 1058 2994 μὲν
1089 2911 1217 2998 περὶ
1247 2927 1470 2980 τούτων.

373 3011 450 3068 Εὖ
497 3016 554 3068 δέ
599 3015 754 3078 εἰδὼς
800 3019 879 3080 εἰς
917 3011 1023 3069 οἷον
1067 3018 1268 3085 ἀγαθὸν
1307 3020 1458 3083 τέλος
1499 3023 1532 3091 ἡ
1569 3020 1700 3072 κατ’
1733 3021 1898 3074 αὑτοῦ

297 3110 725 3180 παραστήσεται
767 3107 1058 3180 ἐπιϐουλὴ,
1111 3113 1204 3164 καὶ
1253 3111 1412 3164 τοῦτο
1463 3112 1758 3184 παρίστησι
1809 3113 1896 3166 λέ-

295 3221 414 3269 γων
435 3221 448 3232 ·
501 3204 564 3256 Ἠ
596 3202 664 3256 δὲ
691 3201 862 3272 ψυχή
883 3219 1002 3272 μου
1045 3204 1474 3273 ἀγαλλιάσεται
1519 3205 1618 3258 ἐπὶ
1657 3204 1738 3271 τῷ
1781 3210 1898 3260 Κυ-

293 3297 427 3364 ρίῳ,
469 3297 870 3365 τερφθήσεται
906 3295 985 3362 τῷ
1023 3297 1292 3366 σωτηρίῳ
1333 3299 1539 3352 αὑτοῦ.
1589 3298 1792 3351 Πάντα
1827 3299 1900 3352 τὰ

301 3387 460 3444 ἐστᾶ
484 3406 610 3458 μου
641 3389 876 3456 ἐροῦσν
913 3389 1108 3456 Κύριε,
1143 3389 1235 3454 τίς
1271 3389 1470 3458 ὅμοιός
1511 3405 1648 3452 O'Ct,’
1684 3390 1899 3458 ῥυόμε-

2075 2197 2142 2250 Ει
2171 2199 2284 2252 hzec
2311 2198 2528 2267 quidem
2565 2197 2631 2250 de
2655 2196 3007 2249 multitudine
3037 2201 3226 2248 contra
3254 2207 3378 2246 eum
3414 2191 3582 2246 colle-

2004 2297 2123 2352 cta;
2155 2304 2274 2358 quae
2319 2295 2624 2356 sequuntur
2657 2295 2860 2348 autem,
2905 2301 3014 2340 non
3044 2284 3110 2340 de
3146 2285 3352 2344 multis,
3387 2283 3480 2338 sed
3514 2283 3583 2338 de

2003 2395 2113 2434 uno
2153 2380 2328 2434 solum
2367 2379 2530 2438 dicta.
2565 2380 2632 2434 de
2663 2377 2802 2431 Juda
2849 2385 3214 2449 congruenter
3253 2377 3464 2446 prolata
3500 2375 3584 2428 in-

2005 2471 2339 2538 telligantur,
2410 2471 2500 2538 qui
2567 2470 3027 2542 conspirationem
3106 2469 3369 2524 adversus
3427 2469 3582 2522 illum

2004 2561 2294 2614 conﬂatam
2327 2563 2609 2617 occultans
2645 2562 3050 2632 amicitiamque
3081 2561 3368 2628 simulans,
3391 2560 3586 2614 osculo

2005 2652 2322 2724 Magistrum
2357 2654 2600 2708 tradidit.
2653 2655 2836 2720 Quare
2865 2653 2934 2709 de
2984 2653 3076 2708 illo
3107 2653 3304 2707 dixerit
3339 2671 3352 2707 :
3397 2651 3583 2706 Veniat

2003 2746 2086 2798 illi
2131 2746 2348 2815 laqueus
2375 2763 2524 2815 quem
2560 2749 2789 2817 ignorat,
2815 2755 2865 2800 et
2898 2745 3074 2814 captio
3112 2761 3268 2814 quam
3305 2743 3583 2796 abscondit

2004 2837 2358 2906 apprehendat
2414 2855 2554 2901 eum,
2617 2847 2665 2892 et
2715 2841 2770 2892 in
2820 2839 3068 2908 laqueum
3098 2839 3254 2892 cadat
3293 2839 3348 2891 in
3387 2839 3578 2907 ipsum.

2006 2927 2130 2984 Ilaec
2159 2931 2378 2999 quidem
2407 2931 2494 2986 his
2523 2932 2591 2986 de
2623 2931 2788 2985 rebus
2823 2931 2969 2985 dicta
3007 2930 3229 2986 fuerint.

2073 3019 2208 3073 Cum
2235 3023 2400 3090 probe
2429 3027 2639 3082 nosset,
2669 3035 2830 3088 quam
2862 3021 3041 3076 bonus
3093 3021 3417 3076 insidiarum
3475 3021 3582 3077 sibi

2004 3121 2316 3183 paratarum
2361 3115 2541 3168 exitus
2585 3113 2803 3166 futurus
2837 3119 3006 3176 esset,
3055 3111 3108 3166 id
3143 3127 3363 3183 quoque
3399 3113 3583 3168 decla-

2005 3213 2092 3258 rat
2119 3204 2204 3260 his
2229 3205 2410 3259 verbis
2445 3222 2457 3258 :
2493 3203 2684 3257 Anima
2723 3213 2898 3257 autem
2925 3222 3040 3259 mea
3071 3205 3358 3260 exsultabit
3389 3207 3444 3260 in
3473 3205 3584 3260 Do-

2003 3297 2168 3362 mino,
2209 3295 2558 3350 delectabitur
2596 3311 2751 3364 super
2780 3295 3010 3349 salutari
3055 3313 3171 3350 suo.
3225 3293 3422 3350 Omnia
3461 3313 3584 3349 ossa

2005 3407 2122 3445 mea
2154 3389 2324 3444 dicent
2383 3405 2402 3444 :
2447 3389 2690 3453 Domine,
2729 3389 2845 3462 quis
2899 3389 3092 3444 similis
3141 3387 3282 3446 tibi?
3337 3389 3578 3458 Eripiens

299 3499 410 3548 νος
451 3484 700 3550 πτωχὸν
737 3482 856 3538 ἀπὸ
901 3481 1019 3536 τῶν
1064 3481 1503 3550 διαρπαζόντων
1551 3485 1758 3537 αὐτόν.
1807 3484 1896 3536 Ἐν

2010 3499 2216 3554 egenum
2263 3499 2297 3536 a
2338 3481 2706 3550 diripientibus
2749 3479 2920 3534 illum.
2976 3479 3034 3534 In
3079 3483 3290 3550 psalmo
3331 3497 3444 3544 ut,
3488 3483 3584 3551 qui

303 3573 406 3644 μὲν
433 3569 532 3627 οὖν
564 3573 642 3644 τῷ
673 3580 757 3626 κα⁹
786 3571 1004 3644 ψαλμῷ,
1039 3572 1228 3642 σαφῶς
1260 3575 1324 3626 ἐκ
1349 3571 1638 3644 προσώπου
1668 3573 1763 3626 τοῦ
1793 3575 1900 3627 Σω-

299 3663 472 3735 τῆρος
521 3663 856 3734 λελεγμένῳ,
905 3663 1120 3734 εἴρητο·
1164 3663 1320 3716 Ὠσεὶ
1371 3663 1526 3730 ὕδωρ
1579 3663 1895 3732 ἐξεχύθην,

301 3757 402 3814 καὶ
435 3755 876 3824 διεσκορπίσθη
919 3755 1114 3809 πάντα
1162 3756 1232 3810 τὰ
1257 3753 1409 3810 ὀστᾶ
1431 3775 1550 3824 μου
1569 3773 1582 3786 ’
1611 3757 1704 3808 τοῦ
1739 3756 1896 3824 λόγου

303 3847 668 3916 σημαίνοντος
713 3845 822 3900 τῶν
875 3848 1187 3900 ἀποστόλων
1235 3846 1400 3900 αὑτοῦ
1445 3847 1535 3899 τὸν
1583 3847 1899 3919 διασκορπι-

301 3939 440 4008 σμὸν
475 3939 574 3992 καὶ
605 3939 704 4010 τὴν
747 3939 944 4010 φυγὴν,
977 3941 1042 4010 ἣν
1077 3939 1375 4009 ὑπέμειναν
1413 3939 1554 3992 κατὰ
1589 3941 1680 3992 τὸν
1711 3943 1898 4010 καιρὸν

299 4031 396 4084 τοῦ
432 4031 646 4094 πάθους
687 4031 848 4084 αὑτοῦ
871 4070 884 4094 ,
930 4033 1018 4084 ὅτε
1057 4031 1358 4104 ἐπληροῦτο
1395 4033 1486 4085 τό·
1517 4030 1765 4095 Πατάξω
1793 4032 1900 4085 τὸν

301 4123 582 4194 ποιμένα,
618 4124 720 4176 καὶ
749 4123 1364 4194 διασκορπισθήσεται
1394 4123 1468 4176 τὰ
1500 4125 1761 4190 πρόϐατα
1790 4123 1901 4191 τῆς

299 4216 587 4284 ποίμνης.
632 4217 796 4268 Ὀστᾶ
843 4215 953 4286 γὰρ
995 4211 1134 4287 ἦσαν
1179 4215 1274 4268 τοῦ
1337 4213 1584 4286 σώματος
1640 4217 1804 4269 αὑτοῦ
1850 4219 1900 4270 οἱ

301 4307 514 4378 πρῶτοι
543 4307 714 4361 αὐτοῦ
750 4308 1012 4380 μαθηταὶ,
1047 4311 1096 4362 οἳ
1129 4309 1249 4362 τότε
1279 4309 1376 4380 μὲν
1407 4308 1902 4382 διεσκορπίσθησαν

303 4399 796 4464 Μνδαλισθὲντες
821 4403 910 4454 ἐπ’
939 4401 1106 4472 αὐτῷ,
1131 4401 1319 4474 ὥσπερ
1347 4400 1440 4456 οὖν
1469 4403 1566 4456 καὶ
1593 4402 1756 4466 αὐτὸς
1781 4402 1904 4474 ἐδή-

303 4493 394 4546 λου
425 4494 610 4562 λέγων
629 4510 642 4522 °
695 4492 926 4559 Πάντες
971 4493 1138 4562 ὑμεῖς
1189 4493 1796 4560 σκανδαλισθήσεσθε
1834 4495 1904 4547 ἐν

306 4587 432 4654 ἐμοὶ
459 4587 533 4640 ὲν
559 4584 640 4654 τῇ
669 4586 840 4639 νυκτὶ
882 4589 1092 4656 ταύτῃ.
1151 4586 1306 4640 Μετὰ
1351 4586 1409 4639 δέ
1446 4588 1546 4656 τὴν
1587 4587 1900 4649 ἀνάστασιν,

311 4681 638 4751 θεασάμενοι
671 4681 853 4744 αὑτὸν,
883 4680 1278 4754 ἐπληρώθησαν
1319 4681 1494 4752 χαρᾶς
1519 4680 1612 4733 καὶ
1643 4680 1902 4748 ἀγαλλιά-

317 4788 468 4836 σεως.
507 4771 623 4825 Kal
655 4773 712 4824 ἐν
742 4775 854 4836 τοῖς
895 4773 1032 4844 μετὰ
1076 4777 1264 4844 χεῖρας
1307 4772 1366 4824 δέ
1411 4774 1539 4844 περὶ
1577 4773 1684 4825 τῶν
1723 4773 1903 4826 αὐτῶν

317 4861 582 4916 linantur
620 4863 822 4916 Πάντα
857 4863 930 4920 τὰ
972 4865 1124 4918 ὀστᾶ
1163 4884 1282 4934 μου
1315 4867 1550 4934 ἐροῦσι·
1587 4865 1782 4930 Κύριε,
1817 4865 1906 4930 τίς

325 4956 514 5022 ὅμοιός
541 4971 676 5020 σοι;
709 4957 920 5028 Σφόδρα
951 4957 1008 5010 δὲ
1043 4957 1352 5027 κατάλληλα
1395 4957 1474 5028 τῷ
1511 4955 1604 5008 τοῦ
1654 4955 1908 5026 Σωτῆρος

331 5051 472 5118 ἡμῶν
503 5049 778 5124 προσώπῳ
815 5053 908 5104 καὶ
935 5051 1004 5103 τὰ
1043 5051 1253 5114 τούτοις
1281 5051 1600 5121 συνημμένα
1627 5049 1904 5118 τυγχάνει,

335 5141 393 5193 δι’
433 5135 503 5196 ὧν
553 5143 805 5216 εἴρηται’
851 5142 1249 5208 ’Λναστιὶντες
1291 5142 1588 5211 μάρτιῳες
1633 5141 1824 5194 ἅδιχοι
1867 5142 1907 5196 οἳ

340 5235 434 5286 οὐκ
473 5235 804 5304 ἐγίνωσκον
843 5235 1084 5304 ἠρώτων
1130 5253 1225 5305 με.
1265 5231 1774 5288 ’Λνταπεδίδοσάν
1803 5251 1905 5302 μοι

343 5330 550 5397 πονηρὰ
579 5329 712 5383 ἀντὶ
738 5328 996 5398 ἀγαθῶν,
1021 5330 1118 5382 καὶ
1140 5329 1424 5382 ἀτεκνίαν
1455 5327 1530 5394 τῇ
1561 5325 1735 5395 ψυχῇ
1763 5345 1900 5396 μου.

345 5417 540 5487 Τούτοις
568 5424 730 5494 ὃμοια
770 5423 864 5474 καὶ
909 5425 966 5474 ἐν
1005 5427 1086 5494 ρη¹
1121 5419 1316 5490 ψαλμῷ
1355 5421 1606 5491 εὑρήσεις
1631 5420 1688 5472 ἐν
1714 5414 1794 5482 οἷς
1824 5419 1905 5472 εἵ-

349 5525 512 5579 ρηται·
563 5513 674 5568 Καὶ
728 5511 1116 5582 ἐπολέμησαν
1166 5527 1242 5580 με
1293 5511 1549 5580 δωρεάν·
1611 5511 1750 5564 ἀντὶ
1797 5511 1904 5564 τοῦ

345 5601 558 5672 ἀγαπᾷν
589 5623 668 5676 με
699 5603 1090 5658 ἐ›·διὲ6³ιι..ῑλιῖν
1109 5621 1184 5673 με
1204 5621 1216 5632 ·
1247 5603 1346 5656 καὶ
1376 5605 1580 5657 ἔθεντο
1609 5603 1735 5655 κατ’
1758 5601 1904 5670 ἐμοῦ

345 5697 478 5750 κακὰ
519 5697 652 5750 ἀντὶ
703 5695 958 5766 ἀγαθῶν,
991 5697 1086 5748 καὶ
1119 5695 1301 5763 μῖσος
1349 5693 1482 5747 ἀντὶ
1535 5692 1644 5760 τῆς
1675 5693 1906 5762 ἀγαπή-

399 5877 437 5908 ⁹⁷
475 5877 604 5934 Luc.
643 5895 736 5942 vt,
769 5875 858 5932 28.
943 5873 1142 5930 "Psal.
1181 5892 1292 5940 xm,
1337 5877 1418 5932 l5.

1499 5873 1722 5930 “Zach.
1759 5889 1893 5936 xui,
1930 5873 1980 5928 7.

2003 3581 2191 3642 aperte
2219 3589 2287 3628 ex
2324 3589 2558 3643 persona
2593 3573 2894 3628 Salvator-is
2941 3575 3327 3643 pronuntiatus
3361 3583 3464 3639 est,
3504 3577 3584 3629 sic

2002 3663 2234 3717 habetur
2263 3683 2276 3716 :
2311 3663 2460 3717 Sicut
2501 3681 2640 3731 aqua
2674 3663 2872 3732 effusus
2922 3679 3060 3724 sum,
3109 3671 3156 3718 et,
3188 3662 3426 3730 dispersa
3461 3671 3586 3716 sunt

2004 3756 2182 3810 omnia
2217 3772 2340 3809 ossa
2370 3773 2484 3809 mea
2521 3759 2586 3811 ’⁸.
2621 3757 2826 3825 llisque
2877 3754 3150 3824 signiﬁcat
3208 3754 3608 3822 apostolorum,

2003 3847 2124 3916 ejus
2151 3846 2572 3915 dispersionem,
2595 3855 2648 3900 et
2681 3847 2860 3916 fugam
2890 3861 3010 3914 quae
3035 3853 3278 3915 tempore
3309 3847 3585 3914 passionis

2003 3940 2123 4008 ejus
2149 3939 2367 4002 accidit,
2395 3939 2613 4008 quando
2639 3939 2920 4009 impletum
2951 3937 3050 3990 fuit
3079 3937 3208 3990 illud
3237 3955 3251 3991 :
3281 3935 3606 3992 Percutiam.

2005 4041 2294 4098 pastorem,
2324 4041 2374 4086 et
2401 4031 2768 4102 dispergentur
2800 4047 2914 4084 oves
2947 4029 3117 4098 gregis
3152 4029 3218 4084 ’9.
3251 4029 3384 4082 Nam
3423 4031 3584 4100 primi

2005 4123 2124 4191 ejus
2155 4123 2432 4192 discipuli,
2459 4139 2586 4178 ossa
2613 4123 2862 4192 corporis
2904 4121 3077 4191 ipsius
3103 4129 3280 4186 erant,
3332 4123 3426 4192 qui
3453 4131 3586 4176 tunc

2005 4215 2240 4285 dispersi
2268 4227 2398 4270 sunt
2433 4217 2753 4271 scandalum
2782 4215 2930 4286 passi
2959 4214 3013 4268 in
3045 4215 3198 4284 ipso;
3231 4211 3584 4284 quemadmo-

2009 4307 2139 4362 dum
2173 4308 2289 4377 ipse
2314 4307 2618 4364 declaravit
2647 4307 2748 4362 hoc
2778 4307 2940 4362 modo
2973 4327 2988 4362 :
3029 4305 3220 4362 Omnes
3252 4323 3340 4360 uos
3365 4303 3588 4359 scanda-

2011 4402 2122 4455 lum
2146 4401 2421 4471 patiemini
2451 4403 2506 4455 in
2531 4419 2612 4455 me
2651 4403 2756 4455 ista
2789 4409 2938 4455 nocte
2964 4401 3030 4456 ³⁸.
3065 4399 3194 4455 Post
3224 4399 3584 4455 resurrectio-

2007 4509 2133 4548 nem
2179 4509 2335 4559 vero,
2379 4495 2472 4548 ubi
2523 4495 2702 4564 ipsum
2749 4501 3182 4564 conspexerunt,
3217 4490 3407 4562 repleti
3455 4499 3604 4548 sunt.

2009 4587 2207 4656 gaudio
2241 4597 2292 4642 et
2313 4587 2697 4642 exsultatione.
2731 4585 2788 4640 lu
2818 4588 2902 4642 his
2934 4587 3062 4641 item
3089 4601 3209 4655 quae
3233 4587 3344 4652 jam
3380 4583 3585 4651 agitan-

2009 4689 2100 4732 tur
2125 4679 2192 4733 de
2220 4680 2330 4734 illis
2353 4681 2560 4734 dictum
2586 4691 2670 4735 est
2699 4700 2711 4734 :
2743 4681 2934 4734 Omnia
2967 4697 3088 4734 ossa
3113 4695 3226 4730 mea
3255 4675 3449 4736 dicent,
3478 4673 3587 4726 Do-

2012 4771 2174 4833 mine,
2201 4773 2319 4841 quis
2353 4773 2542 4826 similis
2574 4773 2718 4826 tibi?
2745 4771 2876 4837 Qum
2908 4771 2974 4826 iis
3009 4783 3170 4839 porro
3193 4766 3582 4836 subjiciuntur,

2013 4877 2261 4932 persona:
2297 4861 2600 4918 Salvatoris
2659 4863 2833 4917 nostri
2880 4860 3170 4915 admodum
3230 4856 3588 4925 congruentia

2011 4961 2162 5019 sunt,
2187 4971 2309 5023 quae
2357 4955 2438 5010 sic
2471 4956 2671 5010 habent
2718 4976 2730 5009 :
2764 4955 3044 5024 Surgentes
3079 4959 3232 5004 testes
3267 4948 3434 5016 iniqui
3470 4961 3587 5016 quia

2009 5043 2318 5114 ignorabam
2346 5045 2742 5116 interrogabant
2763 5061 2860 5098 me.
2887 5040 3256 5096 Retribuebant
3288 5037 3414 5091 milii
3441 5037 3589 5090 mala

2011 5153 2106 5206 pro
2135 5138 2304 5204 bonis,
2345 5138 2678 5191 sterilitatem
2707 5137 2899 5190 anima?
2945 5149 3092 5186 mew.
3123 5129 3220 5186 His
3248 5128 3426 5182 aliinia
3457 5135 3589 5182 sunt

2009 5245 2130 5297 quae
2161 5229 2216 5283 in
2251 5231 2462 5300 psalmo
2492 5245 2620 5284 Cvm
2653 5229 2925 5282 habentur
2954 5227 3038 5280 his
3069 5224 3250 5278 verbis
3277 5239 3290 5276 :
3327 5222 3394 5276 Et
3425 5235 3590 5288 expu-

2010 5331 2300 5390 gnaverunt
2331 5339 2410 5374 me
2440 5323 2632 5389 gratis.
2677 5321 2784 5373 Pro
2817 5335 2875 5372 eo
2909 5329 2966 5372 ut
2999 5333 3080 5370 me
3103 5317 3378 5386 diligerent
3407 5313 3590 5366 detra-

2007 5415 2198 5468 hebant
2237 5415 2384 5470 milii.
2425 5415 2490 5466 Et
2529 5421 2814 5482 posuerunt
2855 5412 3134 5464 adversum
3187 5425 3268 5462 me
3311 5405 3457 5460 mala
3491 5421 3588 5474 pro

2010 5505 2180 5568 bonis,
2223 5514 2272 5558 et
2313 5504 2494 5557 odium
2533 5519 2628 5571 pro
2664 5503 2945 5554 dilectione
2973 5517 3090 5554 mea
3121 5499 3188 5552 ³⁸.
3227 5498 3586 5552 Sterilitatem

2008 5613 2138 5654 vero
2193 5595 2459 5667 parabant
2499 5596 2602 5664 ipsi
2635 5587 2728 5660 qui
2783 5595 2919 5648 nihil
2967 5609 3076 5648 non
3121 5591 3314 5662 agebat
3359 5597 3420 5643 ut
3453 5601 3588 5641 con-

2009 5699 2258 5760 gregaret
2294 5689 2417 5743 illos
2463 5705 2520 5742 at
2555 5689 2660 5743 sibi
2713 5695 3098 5758 regeneraret;
3157 5683 3302 5755 quod
3347 5683 3462 5752 ipse
3505 5679 3608 5736 sic-

2057 5873 2101 5904 ³⁰
2143 5870 2330 5926 Matth.
2367 5886 2514 5938 lxvl,
2549 5873 2638 5928 3|.
2715 5872 2754 5902 ³¹
2797 5868 2942 5926 Psal.
2977 5883 3142 5934 cvm,
3177 5866 3231 5922 5.
