3940 6292
428 391 538 453 507

1171 390 1440 450 EUSEBII
1478 392 1955 450 CJESARIENSIS
1993 393 2141 451 OPP.
2178 392 2359 449 PARS
2396 392 2480 452 III.
2518 425 2589 435 —
2625 381 3058 451 EXEGETICA.’

3581 392 3681 451 308

428 506 694 583 judicavit
740 526 755 562 :
813 506 1029 572 Quoties
1080 506 1223 561 volui
1288 523 1601 578 congregare
1663 508 1805 578 ﬁlios
1859 516 2005 569 tuos,

2127 506 2267 574 recite
2311 524 2451 578 μου.
2516 504 2791 562 Ἀτεκνίαν
2842 506 2899 560 δὲ
2947 504 3092 578 αὐτῷ
3140 505 3459 578 εἰργάσαντο
3512 507 3683 565 πάντα.

431 601 870 675 quemadmodum
932 598 1136 671 gallina
1186 611 1466 672 congregat
1511 601 1684 670 pullos
1742 617 1866 655 suos
1913 598 2008 655 sub

433 691 574 756 alas,
622 699 671 745 et
702 689 950 743 noluistis
991 688 1060 743 ³².
1097 688 1189 745 Sic
1235 690 1420 760 itaque
1472 691 1850 747 retribuerunt
1904 690 2010 760 ipsi

431 785 574 840 mala
616 798 716 854 pro
745 784 926 848 bonis,
972 789 1024 839 et
1062 783 1404 839 sterilitatem
1436 784 1631 838 animm
1656 785 1797 854 ejus.

2116 601 2407 672 πράττοντι
2444 602 2537 653 ἐπὶ
2566 599 2627 653 τὸ
2668 602 2993 668 συναγαγεῖν
3024 598 3221 661 αὐτοὺς
3256 597 3350 653 καὶ
3389 600 3682 673 ἀναγεννῆο

2119 709 2207 746 σαι
2239 692 2448 762 ἑαυτῷ·
2479 691 2507 744 δ
2542 692 2605 764 δὴ
2643 697 2739 746 καὶ
2782 692 2969 763 ἐδήλου
3009 690 3215 760 λέγων·
3249 679 3531 760 ’Ποσάκις
3566 692 3686 750 ἐθέο

2115 786 2279 852 λησα
2307 784 2769 855 ἐπισυναγαγεῖν
2792 784 2865 838 τὰ
2891 784 3074 838 τέκνα
3109 800 3225 839 σου
3259 783 3332 838 ὃν
3356 787 3579 854 τρόπον
3596 786 3689 856 δρ-

432 880 529 943 νὶς
554 876 904 947 ἐπισυνάγει
937 877 1009 934 τὰ
1043 877 1266 932 νοσσία
1316 877 1436 932 ὑπὸ
1473 878 1582 941 τὰς
1598 878 1914 949 πτέρυγας,
1979 878 2078 933 καὶ
2116 881 2227 934 οὐκ
2279 880 2652 950 ήθελήσατε;
2692 879 2847 936 Οὕτω
2901 882 3031 951 γοῦν
3078 881 3494 936 ἀνταπεδίδοσαν
3544 881 3687 956 αὐτῷ

434 982 572 1041 πονη
583 968 651 1040 ρὰ
678 969 797 1025 ἀντὶ
820 969 1060 1038 ἀγαθῶν,
1089 970 1184 1024 καὶ
1207 970 1457 1025 ἀτεκνίαν
1488 974 1552 1042 τῇ
1585 971 1727 1043 ψυχῇ
1754 971 1941 1025 αὐτοῦ.

425 1089 429 1099 ι
504 1062 632 1125 Haec
652 1065 849 1122 ibidem
871 1066 1218 1133 vaticinatus,
1244 1067 1297 1121 in
1311 1068 1665 1137 sequentibus
1684 1083 1839 1124 suam
1858 1083 2013 1122 man-

434 1156 777 1213 suetudinem
823 1166 879 1212 et
928 1159 1273 1214 tolerantiam
1328 1160 1589 1224 declarat,
1621 1160 1813 1217 dicens
1851 1179 1864 1214 :
1900 1159 2010 1232 Ego

434 1258 611 1303 autem
637 1249 763 1303 dum
791 1250 921 1304 mihi
958 1250 1166 1306 molesti
1196 1264 1365 1306 essent
1398 1252 1655 1306 induebar
1677 1253 1873 1309 cilicio.
1905 1251 2011 1308 Pro

434 1338 531 1394 illo
573 1348 777 1405 autem,
803 1340 926 1395 dum
960 1342 1088 1396 mihi
1146 1343 1354 1398 molesti
1403 1353 1595 1404 essent,
1634 1343 1773 1399 mire
1817 1342 2009 1398 admo-

435 1432 565 1487 dum
602 1432 797 1502 Aquila
821 1433 954 1489 dicit
983 1453 997 1490 :
1027 1434 1135 1506 Ego
1167 1446 1341 1490 autem
1371 1437 1425 1490 in
1464 1437 1775 1505 inﬁrmitate
1805 1453 2007 1502 eorum,

434 1524 797 1580 indumentum
822 1543 993 1580 meum
1023 1528 1290 1592 cilicium;
1338 1526 1699 1600 Symmachus
1732 1544 1859 1584 vero
1889 1546 1903 1583 :
1942 1526 2011 1582 In

436 1618 846 1688 inﬁrmitatibus
899 1635 1080 1673 eorum
1121 1619 1486 1675 indumentum
1527 1636 1700 1674 meum
1737 1619 2009 1682 cilicium;

437 1703 743 1764 Theodotio
756 1715 812 1762 et
843 1708 1036 1779 quinta
1059 1709 1227 1764 editio
1253 1728 1266 1762 :
1298 1707 1411 1778 Ego
1433 1716 1609 1763 autem
1637 1725 1755 1762 cum
1776 1708 1860 1762 illi
1892 1723 2009 1761 mo-

2200 1065 2358 1120 Ἀλλὰ
2405 1064 2513 1137 γὰρ
2560 1065 2616 1117 ὲν
2655 1063 2864 1128 τούτοις
2912 1063 3084 1117 ταῦτα
3124 1047 3410 1126 θεσπίσας,
3451 1061 3539 1116 διὰ
3583 1058 3689 1117 τῶν

2120 1158 2245 1230 ἑξῆς
2268 1158 2327 1211 τὸ
2349 1155 2511 1211 αὑτοῦ
2540 1156 2916 1230 φιλάνθρωπον
2938 1155 3030 1209 καὶ
3055 1153 3371 1219 ἀνεξίκακον
3394 1152 3687 1227 παρίστησι

2116 1253 2316 1321 λέγων’
2361 1249 2509 1320 Ἐγὼ
2552 1249 2604 1303 δ’
2641 1250 2711 1303 ἐν
2757 1247 2838 1314 τῷ
2877 1247 3099 1314 αὐτοὺς
3142 1246 3539 1317 παρενοχλεῖν
3566 1263 3686 1316 μοι,

2115 1344 2449 1413 ἐνεδυόμην
2488 1341 2712 1409 σάκκῳ.
2765 1341 2907 1393 Ἀντὶ
2954 1340 3011 1393 δὲ
3055 1340 3170 1404 τοῦ,
3208 1341 3311 1394 Ἐν
3347 1330 3427 1405 τῷ
3470 1337 3690 1405 αὐτοὺς

2112 1434 2512 1506 παρενοχλεῖν
2529 1451 2658 1504 μοι,
2686 1434 2888 1506 σφόδρα
2916 1431 3244 1505 θαυμαστῶς
3272 1434 3299 1486 ὁ
3328 1431 3427 1504 μὲν
3461 1430 3689 1496 Ἀκύλας

2112 1528 2278 1600 φησί’
2306 1527 2413 1583 Kal
2446 1525 2560 1597 ἐγὼ
2602 1527 2674 1580 ἐν
2709 1526 3010 1595 ἀρρωστία
3058 1524 3257 1578 αὐτῶν
3295 1522 3546 1590 ἔνδυσίς
3570 1539 3692 1592 μου

2111 1618 2362 1686 σάκκος·
2388 1621 2417 1673 ὁ
2445 1618 2502 1671 δὲ
2527 1617 2847 1688 Σύμμαχος·
2882 1615 3054 1687 Ἐμοῦ
3083 1616 3151 1670 ἐν
3183 1615 3311 1682 ταῖς
3337 1615 3690 1684 ὰῤῥωστίαις

2111 1712 2311 1767 αὐτῶν
2332 1711 2398 1766 τὸ
2426 1710 2656 1781 ἔνδυμα
2687 1708 2950 1777 σάκκος·
2984 1709 3078 1763 καὶ
3122 1711 3149 1763 ὁ
3188 1707 3477 1763 Θεοδοτίων
3514 1707 3571 1760 δὲ
3600 1706 3691 1761 καὶ

439 1798 592 1853 lestia
621 1800 901 1870 aﬂicerent.
942 1798 1083 1854 Mala
1130 1800 1331 1871 quippe
1353 1808 1408 1855 et
1443 1798 1792 1855 inﬁrmitates
1819 1813 2007 1854 eorum

2127 1809 2144 1879 ὴ
2175 1808 2400 1879 πέμπτη
2429 1805 2636 1871 ἕκδοσις
2653 1823 2667 1839 ·
2714 1804 2863 1876 Ἐγὼ
2889 1802 2959 1857 δὲ
2985 1804 3055 1857 ὲν
3078 1801 3159 1869 τῷ
3194 1801 3693 1872 παρενοχλεῖσθαι

440 1890 735 1947 miseratus
797 1888 1082 1954 Dominus,
1160 1904 1352 1947 eorum
1432 1905 1605 1947 causa
1698 1890 1757 1945 in
1820 1890 2007 1945 luctus

438 1988 494 2035 et
523 1982 933 2038 lamentationis
979 1984 1200 2054 signum
1232 1976 1416 2053 cilicio
1470 1983 1845 2039 induebatur:
1900 1981 2012 2036 imo

439 2075 601 2129 etiam
633 2076 965 2132 humiliabat
1013 2077 1068 2131 in
1099 2077 1312 2147 jejunio
1342 2078 1580 2132 animam
1607 2093 1786 2134 suam.
1831 2076 2015 2145 Quare

440 2173 512 2220 tta
547 2165 813 2229 docebat:
852 2166 1046 2223 Tristis
1089 2178 1168 2223 est
1205 2168 1385 2222 anima
1412 2184 1530 2223 mea
1577 2186 1739 2241 usque
1768 2168 1840 2224 ad
1868 2184 2012 2223 mor-

440 2266 542 2322 tem
561 2259 642 2325 ³³;
675 2264 759 2329 et:
816 2257 975 2319 Nunc
1016 2260 1197 2325 anima
1242 2276 1359 2314 mea
1405 2260 1623 2315 turbata
1667 2270 1747 2327 est
1771 2261 1837 2316 “.
1888 2259 2016 2317 Haec

441 2350 583 2411 enim
612 2350 666 2405 vi
705 2349 1154 2419 mansuetudinis
1197 2366 1313 2407 suae
1345 2351 1639 2417 tolerabat,
1666 2352 1834 2408 veluti
1860 2361 2018 2424 pater

441 2442 510 2497 de
531 2441 769 2511 ﬁliorum
802 2441 1046 2511 pernicie
1074 2442 1428 2507 vehementer
1457 2444 1648 2509 dolens
1675 2455 1839 2515 atque
1875 2459 2016 2500 mo:-

442 2545 593 2595 rens.
641 2529 1009 2603 Quamobrem
1058 2538 1113 2590 in
1169 2534 1451 2605 prophetis
1502 2535 1570 2590 de
1615 2535 1710 2589 illo
1768 2535 2013 2595 dicitur:

443 2621 625 2687 Homo
658 2624 713 2679 in
736 2624 900 2697 plaga
929 2627 1270 2693 constitutus,
1300 2636 1351 2682 et
1396 2627 1565 2683 sciens
1610 2627 1751 2698 ferre
1787 2628 2019 2697 inﬁrmi-

442 2714 698 2783 tatem”;
745 2723 801 2771 et
841 2731 1093 2789 rursum:
1133 2717 1254 2787 Ipse
1297 2727 1513 2787 peccata
1557 2727 1744 2773 nostra
1796 2726 1999 2787 portat,

442 2815 491 2861 et
528 2822 624 2876 pro
648 2806 798 2867 nobis
825 2807 968 2863 dolet
986 2809 1068 2874 ³⁸;
1100 2816 1155 2865 et
1185 2809 1421 2871 iterum:
1464 2808 1584 2879 Ipse
1618 2818 1800 2873 autem
1841 2809 2021 2864 vulne-

443 2908 595 2953 ratus
627 2908 706 2953 est
752 2909 969 2971 propter
1013 2910 1231 2970 peccata
1261 2912 1467 2969 nostra,
1496 2913 1543 2956 et
1584 2901 1746 2959 vibice
1777 2901 1892 2971 ejus
1927 2918 2020 2956 nos

441 2990 623 3053 sanati
648 3008 830 3047 sumus
846 2992 912 3046 ³⁷.
949 2991 1079 3049 Ideo
1124 2994 1181 3048 in
1208 2993 1625 3048 inﬁrmitatibus
1652 3007 1865 3055 eorum,
1896 3006 2022 3046 cum

442 3080 521 3153 illi
551 3083 803 3143 molestia
832 3083 1196 3151 adicerentur,
1222 3086 1562 3158 prospiciens
1593 3084 1847 3141 Salvator
1876 3099 2024 3147 mor-r

2114 1898 2355 1966 αὐτοὺς,
2391 1900 2699 1971 εἰρήκασιν.
2762 1894 2915 1951 Ἐπεὶ
2945 1893 3055 1966 γὰρ
3095 1895 3205 1957 τοῖς
3249 1892 3473 1947 ἐκείνων
3505 1891 3693 1971 κακοῖς

2115 1991 2209 2045 καὶ
2249 1991 2368 2054 ταῖς
2399 1989 2730 2062 ἀρρωστίαις
2775 1986 2875 2058 τῆς
2907 1983 3085 2041 αὐτῶν
3130 1983 3307 2054 ψυχῆς
3358 1982 3692 2053 συμπάσχων

2114 2084 2143 2135 ὁ
2172 2081 2363 2153 Σωτὴρ
2393 2078 2619 2142 πένθους
2652 2078 2745 2132 καὶ
2788 2073 3035 2150 ὀδυρμῶν
3076 2071 3318 2145 σύμϐολα
3360 2074 3522 2137 ποιεῖ,
3565 2071 3695 2126 σάκ-

2116 2190 2209 2227 κον
2241 2170 2693 2245 περιϐαλλόμενος
2745 2167 2885 2240 ὑπὲρ
2935 2165 3134 2230 αὐτῶν,
3166 2164 3302 2219 ἀλλὰ
3343 2163 3439 2217 καὶ
3481 2162 3697 2217 ἐταπεί-

2116 2282 2207 2319 νου
2245 2266 2301 2320 ὲν
2343 2262 2566 2334 νηστείᾳ
2609 2260 2706 2332 τὴν
2742 2259 2919 2331 ψυχὴν
2957 2255 3142 2312 αὑτοῦ.
3191 2254 3282 2308 Διὸ
3323 2256 3418 2309 καὶ
3453 2253 3697 2307 ἐδίδασκε

2115 2353 2319 2426 λέγων·
2345 2353 2683 2421 Περίλυπός
2703 2349 2872 2404 ἐστιν
2891 2348 2929 2417 ή
2953 2343 3121 2416 ψυχή
3137 2362 3256 2414 μου
3276 2343 3385 2410 ἕως
3405 2340 3694 2398 θανάτουο

2117 2446 2212 2503 καὶ
2231 2485 2246 2511 ,
2292 2444 2422 2500 Νῦν
2473 2445 2511 2513 ή
2563 2441 2733 2513 ψυχή
2776 2457 2895 2511 μου
2946 2438 3313 2507 τετάρακται.
3356 2435 3545 2496 Ταῦτα
3592 2432 3699 2506 γὰρ

2119 2533 2393 2606 ὑπερϐολῇ
2429 2530 2838 2604 φιλανθρωπίας
2877 2529 3167 2599 ὑπέμεινεν
3206 2526 3574 2599 ὑπερπάσχων
3607 2524 3701 2578 καὶ

2119 2626 2463 2701 ὑπεραλγῶν,
2497 2621 2585 2682 οἷα
2622 2624 2803 2696 πατὴρ
2848 2624 2931 2694 ἐφ’
2963 2623 3112 2687 υἱοὺς
3149 2619 3573 2691 ἀπολλυμένους.
3612 2617 3702 2672 Διδ

2121 2721 2304 2791 ἔλεγεν
2355 2722 2412 2774 ὲν
2465 2720 2770 2791 προφήταις
2826 2717 2958 2790 περὶ
3020 2714 3213 2770 αὐτοῦ’
3257 2716 3593 2783 ’Ἀνθρωπος
3634 2711 3705 2767 ἐν

2121 2812 2327 2883 πληγῇ
2351 2808 2458 2877 ὢν,
2481 2810 2585 2864 και
2603 2809 2774 2876 εἰδὼς
2798 2808 3002 2879 φέρειν
3022 2808 3327 2879 μαλακίαν
3343 2822 3357 2836 ’
3381 2806 3475 2860 καὶ
3502 2805 3668 2861 πάλιν
3683 2819 3702 2837 ⁸

2126 2904 2314 2973 Οὗτος
2340 2906 2447 2973 τὰς
2478 2905 2767 2974 ἁμαρτίας
2806 2902 2975 2972 ἡμῶν
2996 2900 3179 2970 φέρει,
3226 2899 3327 2954 καὶ
3370 2897 3505 2967 περὶ
3536 2894 3707 2968 ἡμῶν

2124 2997 2405 3055 ὀδυνᾶται
2429 3015 2448 3052 ·,
2478 2997 2573 3050 καὶ
2615 2993 2771 3058 αὖθις
2789 3012 2802 3025 ’
2833 2993 3025 3059 Αὐτὸς
3055 2993 3106 3046 δ’
3136 2991 3581 3061 ὲτραυματίσθη
3608 2988 3708 3045 διὰ

2125 3094 2232 3160 τὰς
2259 3091 2546 3161 ἁμαρτίας
2573 3086 2760 3158 ἡμῶν,
2790 3088 2886 3141 καὶ
2921 3087 3002 3154 τῷ
3022 3086 3266 3157 μώλωπι
3298 3083 3484 3140 αὑτοῦ
3538 3082 3709 3152 ἡμεῖς

443 3182 555 3241 tem
586 3176 738 3246 ipsos
785 3185 1203 3248 occupaturum,
1258 3187 1425 3250 atque
1467 3190 1770 3235 extremam
1829 3193 2019 3235 eorum

2130 3181 2397 3251 ὶάθῃμεν.
2434 3178 2523 3235 Διὸ
2552 3179 2646 3233 καὶ
2681 3179 2738 3231 ὲν
2776 3180 2896 3240 ταῖς
2927 3175 3260 3249 ἀρρωστίαις
3291 3171 3471 3227 αὐτῶν
3515 3172 3613 3225 καὶ
3652 3173 3710 3231 ἐν

443 3267 767 3346 perniciem.
790 3284 982 3330 eorum
1023 3286 1190 3337 causa
1242 3271 1572 3327 induebatur
1606 3268 1803 3335 cilicio,
1834 3277 1886 3324 et
1921 3269 2023 3332 Ιιιιτ

445 3354 695 3417 miliabat
740 3357 794 3412 in
819 3359 1031 3433 jejunio
1071 3362 1310 3417 animam
1342 3377 1521 3418 suam.
1557 3360 1639 3415 Illi
1680 3374 1812 3416 vero
1847 3359 1923 3413 ita
1963 3373 2023 3415 se

445 3442 733 3517 gerebant,
781 3458 842 3503 ut
893 3450 1074 3520 oratio
1110 3450 1328 3521 Domini
1360 3468 1457 3523 pro
1503 3451 1640 3522 ipsis
1668 3451 1874 3514 oblata,
1911 3465 2023 3505 non

444 3538 516 3594 ad
567 3555 749 3596 aures,
779 3557 955 3614 usque
986 3541 1168 3613 Patris
1218 3544 1534 3613 adveniret;
1576 3546 1673 3600 sed
1727 3544 1885 3616 quasi
1926 3560 2018 3599 re-

444 3635 605 3705 pulsa
630 3636 699 3691 ab
727 3636 1027 3708 impietatis
1050 3653 1243 3694 eorum
1274 3640 1674 3710 magnitudine,
1712 3639 2028 3701 retrahere.-

445 3733 540 3782 tur
577 3733 632 3782 et
677 3727 748 3784 ad
798 3729 979 3800 ipsum
1012 3730 1254 3786 rediret:
1288 3746 1462 3801 quare
1507 3731 1746 3797 dicebat,
1775 3740 1823 3787 et
1854 3731 2029 3785 oratio

445 3838 567 3877 mea
596 3823 653 3876 in
677 3824 800 3878 sinu
825 3841 938 3879 meo
968 3834 1315 3881 convertatur.
1356 3823 1497 3889 Nam
1530 3826 1575 3881 si
1612 3826 1647 3879 ii
1675 3826 1906 3897 salutem
1934 3839 2030 3879 nas

447 3913 615 3980 cturi,
646 3922 702 3970 et
735 3915 806 3970 ab
844 3915 1215 3986 impietatihus
1249 3917 1525 3970 reversuri
1559 3914 1815 3982 fuissent,
1850 3915 2028 3968 oratio

452 4001 765 4062 Servatoris
820 4014 975 4062 recto
1011 4022 1178 4063 cursu
1230 4023 1296 4062 ac
1346 4008 1498 4062 nullo
1528 4008 1685 4072 obice
1740 4007 1807 4070 ad
1865 4022 2027 4066 aures

450 4112 628 4167 usque
678 4095 858 4153 Patris
887 4098 1189 4153 adventura
1243 4105 1380 4154 erat.
1440 4098 1506 4155 Et
1541 4098 1656 4155 haec
1695 4114 1724 4152 a
1763 4113 1848 4152 me
1878 4108 2030 4168 post-

449 4204 615 4260 quam
647 4189 891 4262 singulas
941 4191 1248 4247 sententias
1299 4190 1600 4263 exploravi,
1657 4190 1750 4247 ubi
1802 4206 2030 4252 necesse

449 4280 576 4348 fuit,
613 4281 923 4353 excogitata
957 4289 1143 4337 sunto.

2131 3275 2209 3346 τῷ
2234 3271 2688 3344 παρενοχλεῖσθαι
2710 3272 2929 3338 αὐτοὺς,
2956 3269 3194 3332 ἐκείνους
3216 3264 3436 3338 θεωρῶν
3462 3266 3491 3319 ὁ
3517 3264 3712 3336 Σωτὴρ

2128 3367 2220 3420 τὸν
2271 3363 2714 3436 καταληψόμενον
2761 3364 2958 3426 αὐτοὺς
2998 3360 3237 3433 θλεθρον,
3271 3357 3364 3413 καὶ
3407 3355 3506 3428 τὴν
3549 3355 3713 3427 ἐσχά-

2128 3475 2227 3531 την
2278 3459 2573 3522 ἁπώλείαν,
2632 3456 2772 3527 ὑπὲρ
2828 3453 3008 3509 αὐτῶν
3055 3451 3297 3509 ἐνεδύετο
3351 3450 3579 3515 σάκκον,
3619 3447 3713 3503 καὶ

2128 3553 2408 3606 ὲταπείνου
2432 3556 2491 3606 ὲν
2512 3550 2733 3622 νηστείᾳ
2758 3548 2855 3619 τὴν
2885 3541 3062 3619 ψυχὴν
3096 3543 3280 3601 αὐτοῦ.
3311 3547 3373 3598 Ol
3401 3544 3458 3597 δὲ
3486 3542 3714 3597 τοιαῦτα

2129 3645 2416 3716 ἔπραττον,
2451 3644 2529 3707 ὡς
2552 3642 2649 3715 τὴν
2692 3643 2853 3713 εὐχὴν
2894 3637 3056 3693 αὐτοῦ
3096 3639 3196 3709 τὴν
3243 3638 3382 3709 ὑπὲρ
3417 3636 3604 3689 αὐτῶν
3641 3634 3713 3707 μὴ

2132 3735 2596 3809 παραπέμπεσθαι
2628 3736 2708 3798 είς
2738 3733 2807 3787 τὰ
2843 3726 2957 3785 ὦτα
2980 3732 3073 3785 τοῦ
3106 3732 3345 3802 Πατρόςτ
3377 3729 3491 3783 ἀλλ’
3522 3729 3714 3799 ὥσπερ

2132 3826 2587 3900 ἁντικρουομένην
2622 3826 2728 3880 ὑπὸ
2760 3824 2852 3879 τοῦ
2889 3823 3149 3895 μεγέθους
3170 3823 3267 3894 τῆς
3300 3820 3480 3875 αὐτῶν
3517 3820 3714 3874 δυσσε-

2133 3918 2302 3983 ϐείας.
2331 3917 2688 3973 καθέλκεσθαι
2737 3917 2831 3970 καὶ
2877 3913 3303 3985 ἐπαναστρέφειν
3338 3910 3475 3979 πρὸς
3513 3909 3712 3963 αὐτόν·

2134 4010 2215 4063 διὸ
2259 4008 2437 4079 ἔλεγε*
2470 4008 2582 4062 Kal
2632 4009 2670 4076 ἡ
2714 4003 3022 4075 προσευχὴ
3059 4021 3176 4074 μου
3223 4004 3310 4067 εὶς
3342 4002 3581 4054 κόλπον
3599 4016 3717 4070 μου

2136 4097 2685 4168 ἀποστραφήσεται.
2744 4099 2806 4151 El
2862 4095 2971 4168 γὰρ
3029 4094 3293 4160 σώζεσθαι
3343 4091 3572 4165 ἔμελλον
3624 4090 3717 4147 καὶ

2140 4190 2491 4261 μεταϐάλλειν
2523 4190 2629 4243 τῶν
2660 4189 2827 4260 ἀσεϐη
2837 4188 3040 4260 μάτων,
3068 4182 3467 4257 εύθυδρομοῦσα
3491 4186 3526 4255 ή
3557 4199 3720 4255 προσ-

2137 4283 2270 4354 ευχὴ
2319 4281 2411 4336 τοῦ
2466 4283 2746 4354 Σωτῆρος,
2792 4281 3083 4344 ἀκωλύτως
3122 4279 3217 4333 καὶ
3259 4276 3719 4348 ἀπαραποδίστως

449 4377 543 4437 ἐπὶ
579 4375 649 4439 τὰ
684 4371 798 4431 ὦτα
834 4377 901 4431 τὰ
946 4376 1191 4449 πατρικὰ
1223 4378 1446 4450 παρῄει.
1487 4378 1596 4432 Καὶ
1637 4377 1810 4433 ταῦτα
1844 4377 1900 4431 δέ
1947 4394 2037 4448 μοι
2076 4380 2258 4433 πᾶσαν
2306 4378 2623 4453 ψηλαφῶντι
2673 4377 2936 4448 διᾴνοιαν,
3001 4377 3081 4440 εἰς
3121 4375 3246 4437 τοὺς
3289 4373 3492 4434 τόπους
3543 4371 3717 4439 ἀναγ-

449 4467 621 4541 καίως
658 4469 1034 4542 τεθεωρήσθω.

520 4564 688 4626 Vsus.
722 4566 810 4632 15,
863 4565 952 4621 16.
1010 4565 1078 4621 Et
1130 4565 1410 4623 adversum
1458 4583 1540 4622 me
1593 4566 1766 4621 laetati
1804 4571 1929 4620 sunt
1981 4577 2019 4619 el

2208 4560 2320 4621 Kal
2346 4561 2472 4619 κατ’
2497 4558 2643 4630 ἐμοῦ
2670 4556 3123 4627 ηὑρράνθησαν,
3150 4553 3248 4609 καὶ
3273 4553 3687 4623 συνήχθησαν
3702 4567 3722 4601 ο.

450 4667 834 4726 convenerunt;
881 4668 1198 4729 congregata
1245 4667 1369 4713 sunt
1411 4675 1566 4728 super
1594 4676 1674 4713 me
1708 4659 1946 4730 ﬂagella,
1977 4668 2028 4714 et

451 4751 709 4823 ignoravi.
755 4750 1017 4820 Dissipati
1065 4759 1187 4813 sunt
1242 4767 1336 4807 nec
1387 4753 1707 4820 compuncti.
1762 4750 1908 4816 llaec,
1951 4751 2031 4805 uti

449 4844 564 4916 jam
601 4844 863 4911 diximus,
898 4843 1105 4913 duplici
1161 4844 1327 4898 modo
1353 4843 1693 4914 accipienda.
1742 4842 1841 4899 Vel
1884 4845 2030 4899 enim

452 4936 645 5003 David,
703 4944 1070 5009 persequente
1126 4934 1311 5002 Saule,
1368 4936 1481 4996 haec
1512 4937 1580 4992 de
1628 4953 1687 4993 se
1733 4937 2029 5004 narrabat;

452 5036 549 5084 aut
581 5030 898 5102 prophetice
931 5045 962 5084 a
1017 5026 1225 5098 Spiritu
1251 5035 1444 5082 sancto
1473 5028 1540 5084 de
1571 5029 1858 5084 Salvatore
1886 5027 2033 5083 dicta

452 5130 603 5180 sunt.
635 5122 781 5181 Loco
812 5131 995 5179 autem
1026 5123 1197 5188 illius,
1229 5122 1508 5180 aduersum
1539 5139 1621 5177 me
1652 5122 1826 5177 ltetati
1869 5129 2030 5187 sunt,

452 5211 650 5282 Aquila
681 5213 927 5275 serviens
956 5211 1233 5268 Hebraicae
1285 5211 1479 5268 litterae
1510 5212 1608 5277 ait,
1658 5214 1711 5266 in
1758 5210 2036 5266 claudica-

457 5305 597 5363 tione
618 5320 733 5363 mea
763 5303 931 5359 lwtati
959 5314 1010 5360 et
1037 5306 1245 5363 collecti
1280 5315 1441 5369 sunt;
1476 5303 1842 5377 Symmachus
1870 5318 2023 5369 vero,

453 5396 791 5456 claudicante
812 5414 894 5452 me
922 5397 1090 5453 ltetati
1115 5407 1163 5452 et
1197 5397 1403 5453 collecti
1427 5407 1587 5462 sunt;
1630 5397 1821 5467 quinta
1851 5403 2035 5451 autem

457 5490 651 5556 editio,
678 5497 728 5544 et
760 5490 813 5544 in
835 5490 1150 5560 inﬁrmitate
1172 5507 1288 5546 mea
1321 5491 1489 5545 laetati
1514 5499 1658 5546 sunt.
1688 5489 1853 5556 Queis
1870 5490 2038 5561 signi.

456 5583 611 5640 ﬁcari
644 5583 901 5639 existimo
929 5583 1203 5653 passionis
1227 5593 1465 5655 tempus,
1499 5586 1554 5639 in
1581 5599 1692 5654 quo
1727 5582 2032 5638 secundum

458 5676 782 5748 Apostolum
823 5675 1112 5749 cruciﬁxus
1152 5685 1229 5730 est
1271 5692 1337 5731 ea:
1380 5677 1730 5746 inﬁrmitate,
1770 5675 1860 5730 sed
1909 5675 2032 5731 vicit

532 5865 577 5898 ³¹
618 5861 806 5925 Matth.
842 5879 1002 5935 nm,
1039 5863 1124 5921 57.
1204 5864 1250 5913 ³η
1291 5864 1481 5923 Matth.
1519 5881 1682 5935 xxvx,
1714 5865 1804 5923 38.
1881 5866 1927 5907 ³³
1962 5862 2117 5921 Joan.
2155 5877 2266 5933 xu,
2301 5861 2391 5918 27.
2469 5863 2512 5896 ³⁸
2553 5862 2659 5918 Isa.
2694 5876 2818 5930 Llll,
2854 5859 2907 5915 '5.

2135 4653 2541 4724 συνήχθησαν
2584 4652 2676 4704 ἐπ’
2718 4648 2823 4719 ἐμὲ
2862 4648 3170 4719 μάστιγες,
3218 4647 3315 4702 καὶ
3357 4647 3466 4703 οὐκ
3500 4645 3718 4715 Equo-air.

2134 4748 2607 4822 Διεσχίσθησαν,
2635 4743 2735 4802 καὶ
2763 4744 2834 4797 οὐ
2870 4742 3304 4810 κατενύγησαν.
3335 4738 3519 4793 Ταῦτα
3558 4738 3721 4807 ἐκλη-

2136 4841 2298 4895 πτέον
2350 4838 2532 4910 διχῶς,
2581 4840 2656 4901 ὡς
2685 4837 2778 4890 καὶ
2823 4835 2922 4907 ’ήδη
2969 4834 3194 4904 ἔφαμεν.
3227 4833 3296 4885 ’Ἡ
3337 4830 3444 4902 γὰρ
3487 4832 3518 4883 ὁ
3555 4827 3724 4884 Δαυῒδ

2136 4933 2311 4987 ταῦτα
2330 4932 2457 5004 περὶ
2479 4929 2670 4985 ἑαυτοῦ
2696 4926 2894 4998 διεξῄει
2921 4926 3024 4981 ὑπὸ
3046 4926 3139 4980 τοῦ
3163 4922 3333 4980 Σαοὺλ
3355 4923 3688 4994 διωκόμενος
3703 4936 3717 4951 ·

2139 5027 2174 5098 ἢ
2226 5026 2356 5096 περὶ
2409 5022 2502 5077 τοῦ
2557 5022 2809 5094 Σωτῆρος
2860 5018 3212 5091 προφητικῶς
3262 5016 3366 5078 ὑπὸ
3409 5015 3506 5068 τοῦ
3567 5012 3720 5084 ἁγίου

2138 5119 2455 5189 Πνεύματος
2492 5115 2726 5186 λέγεται.
2776 5114 2921 5167 Ἀντὶ
2967 5113 3024 5166 δὲ
3068 5111 3160 5166 τοῦ
3182 5128 3196 5141 ⁸
3239 5111 3375 5165 Κατ’
3405 5107 3558 5178 ἐμοῦ
3613 5109 3727 5176 ηὺ-ι

2139 5206 2516 5278 φράνθησαν,
2550 5207 2578 5259 ὁ
2617 5202 2846 5266 Ἀκύλας
2885 5201 3148 5256 δουλεύων
3180 5202 3244 5271 τῇ
3286 5197 3550 5270 Ἐδραῐκῇ
3583 5195 3722 5263 λέξει

2143 5300 2307 5373 φησί·
2330 5299 2442 5354 Kal
2463 5300 2532 5353 ἐν
2551 5296 2805 5367 σκασμῷ
2827 5314 2944 5366 μου
2969 5292 3426 5363 ηὐφράνθησαν,
3453 5291 3556 5345 καὶ
3583 5306 3724 5344 συν·

2140 5392 2475 5463 ελέγησανυ
2506 5394 2535 5446 ὁ
2567 5392 2625 5446 δὲ
2657 5390 2977 5463 Σύμμαχος·
3010 5383 3334 5452 Σκάζοντος
3378 5382 3446 5438 δέ
3471 5402 3597 5453 μου
3626 5383 3726 5451 ηὐ-

2142 5487 2462 5556 φραίνοντο
2497 5484 2596 5538 καὶ
2628 5481 2965 5552 ἠθροίζοντο
2989 5498 3002 5512 ·
3038 5481 3071 5552 ή
3116 5479 3172 5533 δὲ
3212 5478 3436 5549 πέμπτη
3470 5474 3719 5538 ἔκδυσις·

2140 5580 2253 5634 Kal
2301 5581 2371 5634 ἐν
2416 5577 2493 5649 τῇ
2542 5578 2820 5645 ἀσθενείᾳ
2861 5593 2979 5646 μου
3025 5571 3485 5644 ηὐφράνθησαν.
3521 5571 3602 5623 Δι’
3646 5559 3721 5623 ὧν

2142 5671 2380 5745 ἠγοῦμαι
2405 5670 2693 5744 δηλοῦσθαι
2712 5670 2802 5724 τὸν
2827 5668 3018 5740 καιρὸν
3046 5666 3138 5726 τοῦ
3164 5664 3390 5729 πάθους,
3417 5665 3476 5720 ὲν
3505 5656 3552 5731 ᾧ
3579 5660 3722 5719 κατὰ

2985 5858 3027 5892 ³⁸
3067 5856 3198 5913 ibid.
3238 5855 3292 5912 4.
3371 5855 3414 5888 ³⁷
3454 5849 3580 5909 ibid.
3621 5847 3680 5905 5.
