3940 6292
399 349 496 406 3H

1099 351 1382 409 'EUSEBH
1424 353 1902 419 CESARIENSIS
1939 358 2089 413 OPP.
2130 359 2311 415 PARS
2348 359 2436 416 ΠΙ.
2475 391 2544 402 -
2608 361 3017 418 EXEGETICA.
3535 371 3644 424 512

398 471 525 528 Haec
563 480 742 528 autem
772 473 968 528 ibidem
1004 475 1142 530 dixit
1192 484 1315 547 post
1346 476 1508 532 illud:
1539 476 1682 532 Erue
1706 496 1738 532 a
1764 479 1964 548 framea

2084 484 2447 551 Ἐκκλησίας
2463 484 2709 553 ὑμνήσω
2725 501 2817 539 σε.
2843 484 3026 541 Ταῦτα
3051 485 3106 539 δὲ
3133 487 3248 540 ἐκεῖ
3266 486 3479 556 ἐλέγετο
3502 491 3643 561 μετά

398 567 639 620 animam
662 582 853 629 meam,
883 576 932 620 et
962 566 1026 622 de
1048 585 1209 622 manu
1236 570 1382 623 canis
1413 571 1736 641 unigenitum
1775 590 1963 629 meam.

398 659 556 715 Salva
590 675 668 713 me
701 675 766 713 ea:
805 676 894 714 ore
921 660 1086 716 leonis
1108 671 1158 717 et
1178 680 1210 716 a
1243 663 1488 718 cornibus
1512 665 1843 719 unicornium
1868 666 1966 727 hu-

393 751 672 806 militatem
727 767 919 808 meam.
973 752 1071 809 His
1128 754 1295 824 igitur
1350 757 1594 811 additum
1654 757 1787 812 illud
1841 769 1962 815 est:

394 841 648 907 Narrabo
685 860 871 898 nomen
920 853 1066 898 tuum
1101 845 1361 915 fratribus
1405 848 1556 909 meis,
1588 848 1643 901 in
1685 850 1855 903 medio
1883 868 1966 907 ec-

392 935 569 989 clesiw
618 934 851 991 laudabo
901 947 968 993 te.
1013 936 1070 991 In
1121 941 1377 1007 praesenti
1427 941 1682 996 similiter
1729 942 1962 1012 psalmo,

403 1035 698 1096 postquam
734 1025 982 1082 dixerat:
1010 1027 1245 1082 Restitue
1282 1031 1514 1083 animam
1548 1048 1717 1086 meam
1745 1049 1777 1085 a
1806 1033 1957 1087 mali-

391 1119 589 1188 gnitate
615 1134 816 1186 eorum,
850 1136 883 1172 a
907 1118 1140 1174 leonibus
1171 1121 1491 1191 unigenitum
1516 1139 1708 1186 meam,
1729 1123 1959 1194 adjecit:

391 1211 696 1282 Conﬁtebor
731 1213 829 1266 tibi
867 1214 921 1266 in
972 1212 1192 1266 ecclesia
1244 1215 1433 1281 multa,
1474 1216 1530 1269 in
1577 1216 1768 1285 populo
1816 1218 1966 1286 gravi

391 1303 622 1361 laudabo
653 1313 702 1359 te
724 1304 790 1361 “.
827 1305 933 1362 Pro
982 1307 1075 1362 illo
1106 1314 1305 1374 autem,
1336 1308 1504 1378 gravi,
1540 1307 1759 1378 Aquila,
1787 1327 1958 1370 ossea.

391 1396 585 1463 edidit,
612 1397 669 1452 id
701 1405 808 1462 est,
854 1397 1019 1454 forti:
1053 1414 1180 1455 ossa
1227 1398 1428 1471 quippe
1466 1400 1710 1454 omnium
1745 1417 1866 1472 quae
1904 1403 1960 1457 in

391 1503 628 1559 corpore
666 1498 909 1556 exstant,
944 1491 1246 1555 fortissima
1287 1501 1343 1545 et
1387 1491 1774 1547 robustissima
1806 1500 1957 1548 sunt.

389 1577 585 1635 Gravis
617 1579 789 1649 igitur
817 1589 922 1645 est,
955 1580 1051 1651 qui
1077 1579 1338 1635 fundatus
1368 1580 1423 1634 in
1451 1588 1628 1650 petra,
1657 1581 1957 1636 immobilis

389 1675 444 1725 et
472 1670 740 1728 infractus
765 1680 968 1744 manet.
1018 1671 1169 1726 Patri
1204 1672 1390 1742 itaque
1419 1674 1729 1738 conﬁtetur,
1753 1675 1958 1746 gratias

388 1761 494 1831 ipsi
523 1777 692 1834 agens
731 1763 787 1826 in
810 1762 1045 1824 ecclesia
1076 1778 1174 1818 sua
1197 1764 1394 1819 multa.
1437 1762 1606 1817 Multa
1637 1765 1838 1835 quippe
1872 1779 1958 1819 re-

2071 575 2163 628 τόο
2207 575 2405 629 Ῥῦσαι
2456 576 2572 630 ἀπὸ
2613 576 2912 646 ῥομφαίας
2958 577 3071 644 τὴν
3113 578 3321 649 ψυχήν
3367 598 3500 648 μου,
3542 582 3646 635 καί

2070 670 2139 723 ἐκ
2184 670 2382 739 χειρὸς
2420 670 2607 735 κυνὸς
2632 670 2747 737 τὴν
2758 669 3054 740 μονογενῆ
3076 690 3213 740 μου.
3241 671 3449 726 Σῶσόν
3466 691 3542 743 με
3572 676 3644 728 ἐκ

2073 762 2367 829 στόματος
2386 761 2653 826 λέοντος,
2678 761 2774 816 καὶ
2800 761 2916 814 ἀπὸ
2949 760 3209 830 κεράτων
3225 765 3646 833 μονοκερώτων

2070 851 2185 921 τὴν
2226 853 2588 910 ταπείνωσίν
2624 871 2762 921 μου.
2811 853 3057 923 Συνῆπτο
3105 854 3235 922 γοῦν
3279 853 3487 918 τούτοις
3544 857 3641 911 τό·

2070 941 2433 1012 Διηγήσομαι
2465 942 2530 995 τὸ
2570 943 2754 1012 ὄνομά
2781 960 2896 998 σου
2932 944 3054 1010 τοῖς
3085 944 3367 1014 ἀδελφοῖς
3403 964 3545 1016 μου,
3574 947 3648 1001 ἐν

2062 1034 2231 1104 μέσῳ
2262 1035 2626 1102 Ἐκκλησίας
2656 1034 2905 1105 ὑμνήσω
2941 1052 3032 1091 σε.
3066 1038 3175 1091 Καὶ
3198 1039 3255 1090 ὲν
3285 1040 3397 1102 τοῖς
3425 1056 3651 1111 προκει-

2072 1121 2253 1191 μένοις
2297 1122 2692 1194 παραπλησίως
2748 1123 3047 1196 προειπώνο
3113 1126 3648 1196 Ἀποκατάστησον

2067 1212 2183 1281 τὴν
2209 1212 2419 1283 ψυχήν
2450 1232 2568 1283 μου
2602 1213 2716 1268 ἀπὸ
2754 1213 2865 1283 τῆς
2893 1216 3247 1285 κακουργίας
3273 1215 3491 1282 αὐτῶν,
3522 1216 3646 1273 ἀπὸ

2064 1303 2330 1356 λεόντων
2355 1301 2469 1370 τὴν
2500 1302 2798 1373 μονογενῆ
2832 1321 2972 1372 μου,
3013 1305 3282 1375 ἐπιλέγει’
3325 1306 3645 1376 Ἐξομολο-

2065 1391 2332 1462 γήσομαί
2380 1408 2480 1447 σοι
2518 1393 2588 1446 ἐν
2615 1394 2914 1463 ἐκκλησίᾳ
2948 1394 3170 1464 πολλῇ,
3218 1396 3285 1450 ἐν
3306 1396 3432 1461 λαῷ
3467 1396 3647 1465 ,βαρεῖ

2063 1483 2281 1538 αἰνέσω
2308 1501 2401 1539 σε.
2441 1486 2584 1540 Ἀντὶ
2610 1485 2664 1539 δὲ
2692 1486 2806 1551 τοῦ,
2832 1487 3027 1556 βαρεῖ,
3060 1490 3089 1541 ὁ
3127 1489 3358 1553 Ἀκύλας
3384 1489 3648 1556 ἐξέδωκεν

2065 1576 2335 1643 ὀστετνῳ,
2370 1577 2664 1643 τουτέστιν,
2703 1578 2935 1650 ἰσχυρῷ,
2966 1580 3091 1634 ἐπεὶ
3128 1579 3221 1633 τοῦ
3281 1581 3480 1644 παντὸς
3539 1579 3648 1633 σώ-

2067 1685 2234 1738 ματος
2269 1668 2339 1722 τὰ
2366 1669 2713 1725 δυνατώτατα
2740 1672 2834 1724 καὶ
2862 1672 3185 1744 ἰσχυρότατα
3208 1672 3341 1726 ὀστᾶ
3365 1674 3643 1744 τυγχάνει.

2063 1762 2245 1835 Βαρὺς
2276 1760 2368 1818 οὖν
2397 1767 2425 1819 ὀ
2450 1767 2542 1819 ὲπὶ
2570 1766 2666 1837 τὴν
2688 1766 2894 1839 πέτραν
2918 1767 3397 1839 τεθεμελιωμένος,
3440 1770 3467 1820 ὀ
3512 1768 3636 1821 ἁσάε

387 1866 516 1906 vera
566 1860 651 1907 est
695 1852 809 1908 haec
855 1853 1111 1918 ecclesia,
1146 1868 1309 1923 quam
1347 1853 1401 1907 in
1436 1852 1646 1923 psalmo
1688 1869 1781 1906 xxr
1843 1866 1961 1906 ma-

2070 1858 2245 1922 λευτος
2282 1857 2375 1912 καὶ
2417 1859 2683 1931 ἀρραγὴς.
2740 1860 2830 1931 Τῷ
2871 1860 3046 1915 τοίνυν
3098 1860 3271 1932 Πατρὶ
3306 1859 3649 1930 ἐξομολογεῖ-

388 1958 553 2016 gnam
585 1944 823 2010 vocavit,
860 1946 1084 2015 dicens:
1119 1945 1272 2014 Apud
1302 1954 1352 1998 te
1374 1945 1491 2001 laus
1522 1962 1639 2000 mea
1655 1946 1707 1998 in
1738 1945 1960 1999 ecclesia

2070 1964 2169 2012 ται,
2203 1946 2539 2019 εὐχαριστῶν
2572 1950 2664 2001 ἐπὶ
2682 1951 2749 2021 τῇ
2808 1948 3099 2018 Ἐκκλησία
3144 1944 3307 2001 αὐτοῦ
3344 1948 3409 2017 τῇ
3452 1944 3646 2017 πολλῇ.

388 2055 604 2109 magna.
653 2036 814 2094 Pater
845 2037 1012 2110 igitur
1034 2039 1263 2109 gloriam
1299 2036 1445 2092 Filio
1475 2038 1532 2092 in
1577 2038 1815 2093 ecclesia
1840 2051 1958 2090 ma-

387 2146 493 2202 gna
526 2132 816 2200 conciliat;
851 2131 1026 2188 Filius
1057 2138 1240 2186 autem
1269 2129 1417 2185 Patri
1450 2131 1746 2186 conﬁtetur
1780 2133 1834 2186 in
1870 2144 1961 2185 ec-

386 2226 556 2282 clesia
603 2226 801 2291 multa,
855 2242 976 2297 qua:
1039 2226 1254 2282 scilicet
1307 2225 1366 2280 in
1416 2226 1673 2282 universa
1717 2223 1961 2279 Ecclesia

387 2318 685 2373 staltilitur.

2061 2039 2235 2109 Πολλὴ
2257 2039 2366 2112 γὰρ
2395 2040 2469 2105 ὡς
2501 2038 2709 2110 ἀληθῶς
2760 2038 2896 2110 αὕτη
2929 2041 2962 2110 ἡ
3001 2036 3292 2109 Ἐκκλησία
3313 2055 3325 2066 ·
3379 2037 3444 2107 ἢν
3480 2036 3539 2087 ἐν
3567 2033 3650 2106 τῷ

2061 2131 2291 2202 εἰκοστῷ
2336 2130 2537 2203 πρώτῳ
2587 2131 2826 2203 μεγάλην
2875 2131 3156 2201 ὠνόμασεν
3215 2127 3419 2182 εἰπών’
3477 2124 3651 2194 Παρὰ

2061 2224 2177 2278 σοῦ
2223 2227 2255 2278 ό
2294 2224 2539 2290 ἔπαινός
2576 2242 2694 2293 μου
2736 2225 2805 2277 ἐν
2838 2224 3136 2291 ἐκκλησίᾳ
3163 2221 3416 2292 μεγάλῃ.
3456 2220 3516 2272 '0
3548 2217 3649 2289 μὲν

2060 2310 2152 2369 οὖν
2180 2315 2368 2386 Πατὴρ
2390 2315 2608 2370 ἔπαινον
2646 2314 2721 2386 τῷ
2750 2314 2880 2385 Υἱῷ]
2902 2313 3297 2386 κατεργάζεται
3330 2312 3388 2365 ὲν
3420 2309 3653 2378 Ἐκκλη-

388 2413 481 2485 σία
513 2414 750 2488 μεγάλῃο
794 2414 823 2466 ὀ
862 2415 920 2468 δὲ
940 2415 1068 2479 Υἱὸς
1103 2413 1506 2486 ὲξομολογεῖται
1532 2413 1610 2485 τῷ
1650 2414 1825 2483 Πατρὶ
1866 2413 1924 2466 ὲν
1973 2412 2270 2484 Ἐκκλησία
2313 2411 2503 2487 πολλῇ,
2533 2413 2598 2483 τῇ
2639 2410 2758 2465 καθ’
2792 2410 2921 2482 ὅλης
2948 2410 3046 2482 τῆς
3115 2408 3437 2480 Ἐκκλησίας
3501 2404 3651 2475 ἱδρυ-

390 2504 549 2579 μένῃ.

461 2594 628 2652 Vnns.
661 2596 852 2652 19-21.
908 2597 1034 2653 Νοη
1080 2598 1503 2668 supergaudeant
1550 2599 1680 2653 mihi
1729 2599 1820 2670 qui
1865 2596 1961 2651 ad-

387 2698 664 2744 versantur
692 2690 822 2745 mihi
853 2692 1050 2763 inique,
1077 2693 1166 2763 qui
1210 2692 1436 2749 oderunt
1480 2709 1560 2747 me
1588 2693 1755 2764 gratis
1792 2701 1839 2747 et
1864 2710 1962 2746 an-

386 2790 557 2849 nuunt
588 2782 774 2838 oculis.
806 2784 1072 2849 Quoniam
1115 2785 1243 2839 mihi
1282 2785 1491 2857 quidem
1521 2786 1741 2855 paciﬁce
1785 2785 1963 2856 loque-

389 2870 600 2937 bantur,
627 2883 675 2928 et
701 2875 755 2928 in
803 2876 1085 2930 iracundia
1121 2875 1272 2935 dolos
1300 2876 1623 2947 cogitabant.
1666 2875 1735 2929 Et
1763 2876 1964 2930 dilata-

386 2971 567 3025 uerunt
600 2979 755 3031 super
787 2980 867 3018 me
894 2983 950 3021 os
973 2984 1149 3032 suum,
1186 2966 1432 3020 dixerunt
1455 2982 1473 3019 :
1506 2965 1671 3036 Euge,
1702 2983 1850 3035 euge,
1895 2966 1966 3021 vi-

385 3049 574 3106 derunt
613 3053 753 3107 oculi
786 3056 973 3110 nostri.
1030 3054 1088 3110 Si
1123 3064 1247 3127 post
1304 3058 1615 3126 passionem
1666 3055 1963 3111 Salvatoris

2137 2591 2234 2661 Μὴ
2263 2586 2699 2660 ἐπιχαρείησάν
2725 2606 2827 2658 μοι
2864 2590 2917 2643 οἱ
2958 2585 3374 2657 ἐχθραίνοντές
3393 2603 3497 2656 μοι
3521 2585 3650 2662 ἀδί-

2067 2702 2219 2750 κως,
2263 2685 2317 2737 ol
2361 2680 2687 2752 μισοῦντές
2725 2697 2803 2749 με
2853 2679 3078 2747 δωρεὰν
3121 2677 3221 2732 καὶ
3273 2678 3665 2748 διανεύοντες

2070 2773 2416 2844 ὀφθαλμοῖς.
2450 2773 2578 2827 Ὅτι
2619 2771 2749 2842 ἐμοὶ
2787 2769 2905 2840 μὲν
2934 2768 3203 2839 εἰρηνικὰ
3238 2768 3526 2832 ἐλάλουν,
3553 2771 3653 2824 καί

2069 2867 2160 2919 ἐπ’
2215 2861 2363 2934 ὀργῇ
2409 2864 2629 2928 δόλους
2678 2858 3089 2930 διελογίζοντο.
3136 2859 3247 2913 Καὶ
3304 2858 3655 2913 ἑπλὰτυνιιν

2068 2958 2161 3011 ἐπ’
2187 2957 2292 3027 ἐμὲ
2321 2956 2388 3009 τὸ
2423 2956 2617 3025 στόμα
2652 2953 2881 3008 αὐτῶν·
2914 2948 3117 3005 εἷπον·
3159 2946 3336 3020 Εὖγε,
3376 2946 3540 3021 εὖγε,
3570 2948 3651 3006 εῖ-

2070 3049 2180 3104 δον
2204 3053 2259 3104 οὶ
2277 3047 2568 3118 ὀφθαλμοί
2597 3045 2783 3115 ἡμῶν.
2802 3046 2865 3099 Εἰ
2897 3044 2971 3115 μὴ
2994 3043 3061 3096 τὰ
3077 3043 3205 3114 τέλη
3239 3042 3389 3096 αἴσια
3419 3042 3490 3115 τὰ
3518 3044 3653 3114 μετὰ

386 3142 567 3197 nostri
600 3158 712 3198 non
749 3142 965 3201 faustus
1013 3163 1198 3202 rerum
1230 3147 1412 3203 exitus
1450 3150 1601 3204 risus
1662 3155 1842 3212 esset,
1872 3147 1964 3219 qui

2070 3140 2163 3195 τοῦ
2185 3109 2388 3203 πάθους
2405 3109 2500 3205 τού
2520 3109 2773 3209 Σωτῆρος
2801 3109 2971 3207 ἡμων-
2989 3109 3216 3206 ἑωρᾶτο,
3244 3135 3383 3205 τάχα
3416 3109 3532 3187 στου*
3550 3133 3655 3205 χὼ-

387 3230 443 3302 in
467 3248 590 3288 eum
612 3236 1082 3305 conspiraverant,
1102 3239 1150 3293 ei
1178 3239 1594 3308 supergaudendi
1615 3254 1679 3293 ac
1711 3239 1967 3295 deriden-

387 3320 441 3376 di
477 3338 602 3377 cum
630 3323 769 3378 forte
787 3327 966 3381 locum
997 3327 1336 3392 habuissent,
1362 3335 1549 3398 utpote
1574 3329 1667 3397 qui
1692 3328 1759 3382 de
1787 3327 1967 3383 medio

389 3412 639 3490 sublatus
688 3415 828 3471 nihil
876 3417 1145 3473 valuisset
1173 3437 1187 3472 :
1230 3425 1285 3471 at
1315 3418 1536 3490 quando
1570 3418 1814 3475 Ecclesia
1847 3418 1967 3487 ejus

387 3505 558 3583 multa
591 3514 644 3561 et
676 3523 870 3579 magna
914 3524 1011 3579 per
1035 3517 1208 3563 totum
1235 3511 1421 3565 orbem
1462 3509 1789 3580 resplendet,
1825 3510 1969 3580 ipse-

390 3612 498 3666 que
530 3598 798 3654 hactenus
853 3601 908 3654 in
941 3598 1121 3655 medio
1160 3602 1489 3668 consistens,
1516 3601 1775 3673 populum
1808 3616 1967 3657 suum

388 3703 609 3761 gravem
646 3698 1034 3762 potentemque
1059 3700 1377 3764 congregat,
1404 3708 1468 3747 ac
1506 3708 1602 3762 per
1650 3707 1774 3747 eum
1819 3691 1969 3746 Patri

389 3794 493 3834 suo
521 3781 813 3836 conﬁtetur
837 3800 852 3846 ;
876 3798 1001 3836 nam
1037 3782 1129 3837 ubi
1160 3784 1264 3837 duo
1286 3785 1363 3845 uel
1394 3794 1497 3838 tres
1521 3785 1821 3855 congregati
1854 3785 1971 3854 {ue-

390 3868 498 3942 rint
528 3870 583 3923 in
609 3873 816 3925 nomine
830 3873 966 3941 ejus,
990 3873 1102 3928 illic
1127 3892 1243 3929 sum
1268 3876 1321 3931 in
1344 3876 1513 3949 medio
1532 3893 1713 3930 eorum
1736 3876 1780 3910 ’⁸⁵
1804 3895 1818 3943 ;
1844 3876 1969 3946 jure

392 3956 622 4033 illi,-qui
657 3965 852 4021 alienis
890 3966 1145 4022 laetantur
1184 3970 1366 4036 malis,
1398 3969 1607 4041 pudore
1633 3969 1846 4036 suffusi,
1881 3987 1968 4027 re-

393 4058 485 4113 tro
541 4042 946 4117 abscesserunt.
1002 4056 1145 4124 Quid
1199 4061 1345 4124 enim
1392 4061 1679 4115 inimicitia
1739 4062 1969 4131 dignum

389 4142 636 4217 perpessi
665 4150 874 4217 tantum
905 4146 1024 4214 ejus
1046 4151 1234 4205 odium
1265 4134 1564 4219 ceperunt?
1590 4149 1770 4216 Quare
1797 4151 1969 4221 Aqui-

389 4231 465 4297 la,
504 4233 617 4301 sine
645 4250 832 4311 causa,
867 4237 1259 4309 interpresatus
1294 4248 1397 4296 est.
1426 4241 1760 4297 Annuebant
1788 4252 1968 4296 autem

388 4327 566 4397 oculis
590 4344 675 4383 me
705 4329 1039 4399 deridentes,
1068 4333 1560 4405 institutionesque
1594 4350 1746 4388 meas
1774 4334 1841 4388 ad
1875 4348 1968 4389 sa-

388 4419 649 4489 pientiam
673 4421 833 4493 datas
865 4426 1232 4482 traducentes.
1255 4424 1541 4496 Deinceps,
1572 4426 1704 4493 Mihi
1733 4425 1964 4495 quidem,

388 4496 588 4586 inquit,
617 4518 834 4594 paciﬁee
865 4518 1231 4590 loquebantur,
1275 4518 1372 4574 sed
1421 4519 1476 4573 in
1509 4520 1674 4574 corde
1714 4534 1814 4574 suo
1865 4516 1965 4571 do-

389 4598 555 4677 loset
584 4599 924 4687 iracundiam
970 4611 1395 4666 meditabantur.
1440 4612 1567 4667 Haec
1612 4619 1794 4685 autem
1832 4618 1963 4665 tunc

388 4700 607 4775 impleta
629 4710 779 4769 sunt,
803 4719 928 4758 cum
954 4705 1216 4759 Phariszei
1268 4706 1614 4760 occasionem
1675 4712 1963 4774 captantes

388 4790 646 4861 dicebant
677 4794 754 4848 illi
787 4814 800 4848 :
828 4791 1106 4872 Magister,
1137 4795 1334 4849 scimus
1357 4797 1482 4865 quia
1500 4810 1659 4849 verax
1684 4812 1758 4861 es,
1783 4805 1831 4858 et
1852 4810 1967 4848 ver-

393 4880 514 4947 bum
538 4882 639 4938 Dei
671 4885 722 4938 in
746 4887 963 4941 veritate
978 4886 1153 4950 doces,
1188 4897 1238 4942 et
1262 4904 1367 4941 non
1399 4897 1477 4942 est
1510 4889 1603 4959 tibi
1625 4904 1753 4941 cura
1775 4887 1835 4942 de
1868 4886 1972 4941 ali-

387 4992 489 5048 quo
511 4993 533 5042 ;
565 4994 669 5033 non
694 4980 832 5034 enim
869 4982 1084 5050 respicis
1106 4996 1383 5050 personam
1404 4998 1423 5046 ;
1449 4981 1533 5035 dic
1551 4998 1670 5050 ergo
1695 4981 1863 5047 nobis,
1899 4983 1965 5035 li-

387 5080 468 5123 cet
517 5086 730 5143 censum
778 5071 908 5141 dare
948 5072 1153 5133 Ctesari
1182 5090 1252 5126 an
1305 5090 1408 5128 non
1428 5074 1524 5127 ‘°?
1556 5073 1730 5129 Hasce
1763 5075 1967 5144 quippe

387 5177 553 5233 voces
584 5179 709 5229 cum
749 5165 876 5220 dolo
906 5148 1257 5237 proferebant
1296 5184 1310 5221 :
1343 5182 1512 5237 quare
1533 5166 1646 5221 haec
1682 5165 1835 5235 prius
1866 5163 1966 5217 ad-

391 5253 680 5315 umbrabat
715 5255 801 5311 bis
833 5252 1014 5314 verbis
1042 5276 1054 5311 :
1087 5256 1223 5325 Mihi
1277 5257 1487 5329 quidem
1535 5258 1755 5328 paciﬁca
1786 5256 1967 5327 loque-

388 5344 601 5410 bantur,
626 5347 751 5399 etin
780 5348 1056 5425 iracundia
1077 5351 1227 5405 dolos
1257 5350 1584 5421 cogitabant.
1611 5347 1717 5404 Sed
1734 5349 1824 5403 hic
1849 5347 1971 5418 qui-

388 5433 512 5488 dem
537 5433 727 5510 dolose
759 5452 883 5491 cum
908 5453 975 5513 eo
1001 5440 1275 5510 colloquia
1310 5441 1721 5508 miscebant;at
1749 5439 1805 5493 in
1836 5437 1964 5502 ﬁne,

389 5532 637 5596 tempore
661 5528 952 5596 passionis,
977 5531 1139 5600 pleno
1161 5546 1256 5586 ore
1282 5533 1616 5601 clamabant,
1645 5533 1967 5603 sanguinem

388 5616 510 5686 ejus
541 5625 858 5687 expetentes
888 5635 1053 5690 super
1082 5636 1141 5676 se
1168 5631 1222 5676 et
1249 5638 1414 5693 super
1444 5623 1586 5680 ﬁlios
1617 5639 1748 5681 suos
1776 5648 1787 5680 :
1819 5623 1965 5696 quod

2076 3249 2172 3303 ραν
2200 3226 2344 3301 εἶχον
2387 3227 2764 3299 καταχαρῆναι
2801 3224 2964 3279 αὑτοῦ
3002 3226 3052 3277 οἱ
3078 3224 3176 3295 τὴν
3201 3226 3321 3278 κατ’
3356 3223 3522 3277 αὑτοῦ
3559 3240 3652 3276 συ-

2072 3323 2275 3394 σκευὴν
2309 3319 2775 3392 μεμηχανημένοι,
2808 3319 2884 3382 ὡς
2927 3316 3311 3385 ἀφανισθέντος
3348 3319 3442 3372 καὶ
3487 3318 3653 3391 μηδὲν

2069 3414 2426 3487 δεδυνημένου
2450 3398 2475 3444 ἠ
2501 3413 2624 3466 ἐπεὶ
2645 3412 2699 3465 δὲ
2725 3414 2758 3483 ή
2798 3411 3093 3484 Ἐκκλησία
3116 3410 3279 3465 αὑτοῦ
3303 3412 3335 3482 ἠ
3365 3410 3535 3482 πολλὴ
3560 3413 3652 3465 καὶ

2075 3509 2283 3581 μεγάλη
2318 3506 2613 3577 διαλάμπει
2660 3505 2781 3559 καθ’
2817 3505 2944 3578 ὅλης
2982 3506 3080 3576 τῆς
3100 3504 3449 3575 οἰκουμένηςο
3495 3503 3654 3567 αὑτός

2069 3618 2130 3654 τε
2156 3601 2324 3653 εἰσέτι
2346 3599 2440 3654 καὶ
2462 3599 2556 3653 νῦν
2586 3601 2643 3653 ἐν
2673 3596 2823 3669 μέσῳ
2849 3595 3018 3661 ἑστὼς
3044 3599 3334 3669 συγκροτεῖ
3364 3596 3456 3649 τὸν
3483 3595 3652 3666 βαρὺν

2070 3694 2166 3747 καὶ
2191 3693 2411 3748 δυνατὸν
2446 3691 2610 3745 αὑτοῦ
2651 3690 2798 3757 λαὸν,
2830 3691 2924 3747 καὶ¹
2952 3689 3351 3760 ὲξομολογείται
3384 3690 3449 3743 δι’
3475 3687 3651 3749 αὐτῶν

2071 3785 2149 3857 τῷ
2199 3784 2391 3853 ἑαυτοῦ
2441 3782 2643 3856 Πατρίο
2685 3784 2867 3835 Ὅπου
2918 3781 3026 3854 γὰρ
3069 3781 3178 3834 δύο
3221 3780 3259 3849 ἣ
3306 3780 3466 3849 τρεῖς
3507 3796 3653 3834 συν-

2070 3876 2317 3947 ηγμένοι
2344 3879 2432 3943 εἰς
2457 3876 2522 3929 τὸ
2539 3874 2724 3928 αὑτοῦ
2741 3874 2951 3944 ὄνομα,
2972 3874 3099 3928 ἐκεῖ
3112 3875 3228 3944 εἰμὶ
3257 3876 3326 3928 ἐν
3347 3874 3518 3944 μέσῳ
3547 3877 3653 3929 αὑ-

2070 3972 2217 4025 τῶν·
2242 3971 2466 4034 εἰκότως
2494 3970 2543 4023 οἱ
2575 3966 3065 4039 ἐπιχαιρεσίκακοι,
3098 3968 3359 4039 αἰσχύνην
3383 3968 3652 4039 καταχεά-

2075 4080 2247 4133 μενοι,
2273 4059 2702 4132 ἀπεστράφησαν
2729 4058 2806 4120 εἰς
2832 4056 2901 4109 τὰ
2922 4057 3115 4112 ὀπίσω.
3149 4057 3213 4110 Τί
3244 4057 3352 4126 γάρ
3377 4057 3473 4110 καὶ
3505 4057 3652 4122 ἄξιον

2072 4136 2571 4227 ἔχθραςνπαθόντες
2608 4150 2667 4219 τὸ
2700 4148 2835 4220 πρὸς
2878 4149 3037 4203 αὑτὸν
3069 4151 3266 4220 ἤραντο
3307 4152 3493 4219 μῖσος;
3544 4149 3651 4204 διό-

2072 4263 2179 4318 περ
2231 4246 2260 4297 ὀ
2294 4243 2546 4306 Ἀκύλας,
2596 4241 2892 4310 ἀναιτίως,
2922 4241 3254 4312 ἡρμήνευσε.
3305 4243 3551 4294 Διένευον
3597 4239 3655 4293 δὲ

2072 4336 2368 4407 ὀφθαλμοῖς
2417 4334 2767 4406 χλευάζοντες
2812 4332 2973 4388 αὑτὸν
2994 4373 3009 4397 ,
3057 4333 3151 4386 καὶ
3188 4332 3537 4405 διασύροντες
3588 4330 3654 4386 τὰ

2071 4431 2169 4501 τῆς
2208 4427 2399 4498 σοφίας
2435 4444 2534 4498 μου
2580 4425 2941 4496 παιδεύματα.
2986 4420 3140 4487 Εἶτα,
3185 4424 3340 4493 Ἐμοὶ
3381 4422 3520 4492 μὲν,
3553 4440 3654 4493 φη-

2072 4522 2176 4587 σὶν,
2204 4519 2473 4589 εἰρηνικὰ
2514 4517 2801 4592 ἐλάλουν,
2836 4518 2891 4570 ὲν
2924 4516 2985 4591 δὲ
3010 4519 3076 4587 τῇ
3109 4515 3308 4587 καρδία
3354 4514 3536 4570 αὐτῶν
3572 4516 3654 4569 δό-

2069 4615 2193 4676 λους
2252 4613 2346 4665 καὶ
2398 4611 2566 4682 ὀργὴν
2636 4606 3009 4676 διελογίζοντο.
3055 4605 3388 4678 Ἐπληροῦτο
3439 4607 3498 4660 δὲ
3564 4608 3654 4662 καὶ

2067 4705 2262 4771 ταῦτα,
2295 4704 2385 4756 ὅτε
2431 4701 2603 4763 λαϐὰς
2647 4699 2952 4772 θηρώμενοι
3008 4697 3191 4767 ἕλε-γον
3226 4698 3363 4770 πρὸς
3405 4699 3565 4753 αὐτὸν
3606 4699 3654 4751 οἰ

2067 4774 2365 4867 Φαρισαῖον
2420 4791 2790 4854 Διδάσκαλε,
2852 4788 3114 4859 οἴδαμεν,
3162 4788 3251 4857 ὅτι
3293 4788 3528 4858 ἀληθὴς
3582 4785 3651 4855 εἷ,

2067 4886 2168 4941 καὶ
2206 4885 2314 4939 τὸν
2352 4888 2538 4955 λόγον
2565 4883 2671 4938 τοῦ
2708 4883 2855 4937 Θεοῦ
2883 4883 2975 4942 ἐπ’
3011 4881 3293 4951 ἀληθείας
3330 4881 3652 4948 διδάσκεις,

2068 4979 2167 5032 καὶ
2197 4980 2268 5032 οὐ
2317 4975 2490 5046 μέλει
2533 4994 2633 5030 σοι
2671 4977 2804 5045 περὶ
2839 4974 3119 5040 οὐδενός·
3156 4975 3227 5028 οὐ
3269 4974 3380 5042 γὰρ
3405 4973 3653 5055 ,βλέπεις

2068 5073 2156 5136 εἱς
2191 5070 2546 5137 πρόσωπον-⁸
2601 5066 2730 5122 εἰπὲ
2783 5063 2896 5122 οὖν
2944 5065 3121 5136 ἡμῖν’
3155 5065 3398 5133 Ἔξεστι
3449 5064 3652 5120 δοῦναι

2069 5159 2304 5228 κῆνσον
2346 5159 2601 5228 Καίσαρι
2644 5157 2683 5228 ἣ
2718 5157 2825 5221 οὔ;
2875 5157 3090 5219 Ταύτας
3127 5155 3235 5228 γὰρ
3282 5156 3471 5219 δολίως
3527 5171 3650 5227 προ-

2072 5251 2266 5323 έφερον
2296 5250 2396 5321 τὰς
2424 5250 2607 5320 φωνάς
2625 5266 2640 5280 ’
2679 5248 2760 5325 διὸ
2792 5247 3078 5320 προλαϐὼν
3110 5248 3260 5301 ταῦτ’
3289 5247 3534 5321 ᾐνίττετο
3559 5247 3648 5317 φά-

2075 5360 2218 5397 σκων
2236 5358 2252 5372 θ
2302 5342 2464 5411 Ἐμοὶ
2491 5341 2605 5412 μὲν
2634 5341 2903 5411 εἰρηνικά
2941 5337 3227 5403 ἐλάλουν,
3258 5340 3357 5393 καὶ
3393 5340 3488 5393 ἐπ’
3513 5336 3651 5409 ὁρτῇ

2073 5434 2294 5502 δόλους
2320 5432 2734 5505 διελογίζοντο.
2779 5433 2916 5487 Ἀλλ’
2942 5433 3173 5503 ἐνταῦθα
3216 5432 3315 5503 μὲν
3343 5430 3530 5495 δολίως
3559 5430 3649 5494 τὰς

2075 5531 2210 5596 πρὸς
2243 5529 2405 5582 αὑτὸν
2429 5527 2710 5582 ἐποιοῦντο
2742 5527 2954 5598 ὁμιλίας
2974 5545 2988 5558 ο
3026 5528 3083 5580 ὲν
3107 5526 3251 5578 τέλει
3279 5541 3343 5593 γε
3380 5525 3489 5597 μὴν
3519 5522 3656 5591 κατὰ,

2076 5624 2165 5677 τὺν
2199 5623 2389 5694 καιρὸν
2408 5621 2501 5676 τοῦ
2532 5621 2737 5689 πάθους
2764 5621 2869 5692 ὅλῳ
2893 5621 2972 5692 τῷ
3002 5620 3231 5691 στόματι
3258 5619 3429 5675 ἐϐόων
3455 5616 3637 5685 atrotia

482 5800 990 5883 “Psal.xx1,22,25.
1039 5799 1082 5834 ³³
1123 5801 1314 5883 Matth.
1348 5821 1519 5879 xwu,
1550 5805 1641 5862 20.
1717 5808 1764 5841 “
1803 5805 1992 5864 Matth.
2030 5822 2179 5872 xxii,
2218 5805 2416 5871 16,17.
