3940 6292
559 360 667 416 315

1269 353 1539 411 EUSEBII
1571 352 2052 409 CESABIENSIS
2087 351 2238 410 OPP.
2281 353 2461 410 PARS
2495 355 2583 412 lli.
2623 386 2692 398 -——
2724 355 3130 412 EXEGETICA.

3686 356 3788 412 516

562 486 645 532 tus
683 477 772 549 qui
799 476 1066 531 vobiscum
1099 486 1363 539 versatur,
1387 476 1486 530 erit
1514 491 1675 546 supra
1701 491 1897 545 supra;
1932 484 1987 528 tu
2020 492 2120 528 au-

2232 476 2296 530 '0
2323 477 2706 546 προσήλυτος
2745 480 2777 532 d
2803 477 2872 531 ἑν
2901 476 3043 546 ὑμῖν
3073 475 3241 530 ἔσται
3286 474 3407 528 ἅνω
3433 474 3584 529 ἄνω·
3612 474 3700 528 σὺ
3725 475 3789 528 δὲ

561 579 664 623 tem
689 569 792 622 eris
817 568 963 637 infra
1005 565 1166 634 infra.
1197 564 1316 634 Ipse
1339 566 1439 619 erit
1470 564 1564 618 tibi
1601 574 1777 634 caput,
1803 573 1859 618 tu
1889 565 1992 619 eris
2023 565 2121 635 ipsi

561 657 736 711 cauda
762 657 829 708 ⁵⁸.

632 745 798 800 Vsus.
826 745 916 810 27,
934 744 1023 800 28.
1045 743 1322 799 Exsultent
1345 753 1392 798 et
1412 744 1653 799 laetentur
1667 745 1753 816 qui
1773 744 2122 813 uoluntjusti-

563 840 692 894 tiam
705 855 893 904 meam,
916 846 964 892 et
980 837 1373 908 dicantsemper
1402 856 1419 893 :
1451 838 1824 910 Magniﬁcetur
1841 840 2118 905 Dominus,

556 931 650 1000 qui
671 930 846 984 volunt
870 947 1050 998 pacem
1065 931 1201 985 serui
1215 931 1352 999 ejus.
1371 930 1439 984 Et
1459 931 1636 1002 lingua
1653 948 1768 985 mea
1788 931 2122 985 meditabitur

553 1023 820 1091 justitiam
848 1033 1014 1088 tuam,
1048 1032 1160 1077 tota
1186 1023 1517 1078 die-laudem
1549 1033 1716 1078 tuam.
1754 1023 1972 1078 Initium
2002 1039 2123 1093 pro-

559 1118 754 1187 phetiae
777 1117 1047 1186 judicium
1078 1125 1132 1173 et
1165 1117 1369 1172 bellum
1409 1117 1722 1172 minabatur
1744 1119 1812 1173 iis
1836 1118 1927 1187 qui
1960 1118 2122 1187 impie

558 1215 803 1276 egerunt,
849 1215 1010 1278 atque
1055 1207 1444 1278 impugnarunt
1477 1223 1600 1262 eum
1631 1209 1723 1278 qui
1748 1209 1804 1263 in
1842 1210 1959 1278 ipsa
1995 1224 2122 1279 pro-

557 1301 745 1370 phetia
774 1300 980 1368 fertur;
1014 1300 1192 1355 media
1233 1316 1364 1356 vero
1402 1317 1581 1356 mores
1625 1317 1814 1360 eorum
1858 1302 2123 1371 perstrin-

558 1400 728 1462 gunt;
782 1399 1052 1462 postrema
1099 1398 1303 1458 autem,
1359 1392 1710 1463 ignominiam
1758 1401 1812 1448 et
1853 1393 2125 1449 confusio-

557 1499 682 1538 nem
711 1499 820 1553 qua
853 1483 1120 1539 alliciendi
1147 1495 1276 1538 sunt
1324 1482 1664 1539 describunt.
1695 1483 1759 1539 At
1799 1487 1966 1544 totius
1995 1501 2123 1555 pro-

558 1574 754 1644 phetiaa
783 1589 992 1630 summa
1024 1575 1465 1640 exsultationem,
1498 1577 1737 1635 laetitiam
1768 1585 1821 1644 et
1854 1577 1996 1633 bona
2027 1592 2124 1632 an-

558 1667 772 1720 nuntiat
806 1667 874 1720 iis
897 1668 990 1736 qui
1022 1668 1209 1722 volunt
1239 1667 1511 1737 justitiam
1541 1669 1682 1738 ejus.
1710 1668 1812 1723 Per
1853 1669 2121 1739 justitiam

557 1773 688 1812 vero
719 1757 860 1827 ejus,
889 1758 1231 1814 divinitatem
1263 1759 1436 1828 ipsius
1489 1760 1795 1830 intelligas;
1830 1760 1956 1830 quia
2005 1761 2120 1830 ipse

557 1847 730 1917 factus
756 1859 833 1902 est
865 1849 1014 1904 nobis
1054 1851 1314 1918 sapientia
1346 1868 1376 1903 a
1405 1849 1534 1916 Deo,
1570 1862 1618 1905 et
1651 1849 1892 1920 justitia,
1924 1861 1974 1906 et
1996 1870 2122 1906 san-
2156 1831 2197 1884 Β

555 1941 832 2010 ctiﬁcatio,
874 1950 924 1994 et
958 1939 1243 2009 redemptio
1266 1941 1334 1994 ⁵¹.
1369 1941 1473 2006 Qui
1519 1941 1686 2012 igitur
1726 1942 1872 1999 illam
1920 1942 2125 1996 intelli-

560 2039 716 2100 gunt,
747 2032 1041 2099 exsultent,
1069 2033 1163 2095 ait,
1195 2041 1250 2086 et
1282 2032 1566 2098 lmtentur;
1600 2033 1857 2104 ipsosque
1887 2033 2124 2095 instituit

563 2133 622 2178 ut
643 2123 829 2179 dicant
853 2139 1084 2194 semper,
1109 2121 1479 2195 Magni/iretur
1507 2123 1786 2189 Dominus.
1823 2127 1868 2181 si
1905 2129 2122 2196 quidem

559 2231 754 2285 pacem
775 2231 899 2271 cum
927 2231 992 2270 eo
1023 2215 1115 2285 qui
1149 2215 1203 2268 in
1227 2215 1484 2277 vaticinia
1510 2215 1684 2271 fertur
1705 2219 2120 2288 amplectantur;

557 2303 995 2374 quandoquidem
1025 2304 1063 2357 ii
1091 2306 1185 2374 qui
1219 2314 1410 2360 contra
1433 2321 1556 2360 eum
1577 2306 1912 2362 inimicitiam
1945 2326 2120 2366 susce—

553 2403 774 2465 perunt,
811 2396 1006 2466 dignas
1034 2411 1132 2465 pro
1160 2411 1224 2450 eo
1249 2411 1437 2466 ptenas
1465 2398 1754 2460 dederunt.
1787 2398 1911 2458 Ηωο
1941 2409 2122 2456 autem

555 2503 660 2557 pax
696 2503 761 2541 ea
787 2489 905 2557 ipsa
939 2488 1124 2551 fuerit,
1157 2504 1318 2558 quam
1353 2489 1443 2542 ille
1487 2490 1772 2558 discipulis
1817 2493 1932 2546 suis
1958 2493 2123 2562 largi,-

556 2589 647 2633 tus
662 2587 766 2642 est,
801 2579 990 2634 dicens
1022 2595 1034 2630 :
1065 2579 1259 2644 Pacem
1285 2598 1450 2634 meam
1469 2581 1536 2636 do
1568 2563 1733 2646 υοόἰε,
1763 2598 1939 2650 pacem
1957 2602 2126 2641 meam

554 2671 791 2741 relinquo
822 2672 1042 2724 vobis“.
1088 2671 1152 2726 Et
1189 2672 1304 2726 haec
1333 2673 1400 2728 de
1443 2674 1511 2729 iis
1540 2678 1631 2744 qui
1679 2677 1867 2735 volunt
1897 2692 1961 2731 ac
1999 2676 2125 2738 dili-

553 2765 688 2828 gunt
721 2773 907 2829 pacem
943 2759 1083 2829 ejus,
1119 2775 1183 2814 ac
1225 2759 1492 2828 justitiam
1531 2763 1650 2832 ejus
1703 2765 1990 2829 honorant.
2023 2766 2126 2820 De-

555 2868 705 2906 mum
750 2853 817 2907 de
849 2853 1030 2922 seipse
1067 2854 1296 2935 loquens
1345 2858 1616 2914 sermonis
1659 2857 1818 2913 linem
1853 2859 2123 2931 obsignat,

553 2944 745 3000 dicens
778 2961 791 2996 :
827 2943 893 2997 Et
927 2946 1108 3016 lingua
1138 2964 1253 3000 mea
1282 2947 1622 3002 meditabitur
1641 2951 1914 3019 justitiam
1955 2961 2122 3016 tuam,

556 3044 670 3088 tota
708 3034 794 3089 die
838 3035 1048 3090 laudem
1089 3047 1256 3091 tuam.
1291 3037 1408 3104 His,
1457 3040 1652 3109 inquit,
1699 3042 1774 3094 ita
1817 3043 1984 3111 gestis
2017 3053 2122 3096 tam

2219 567 2334 638 ἔσῃ
2363 569 2518 623 κάτω
2545 567 2699 624 κάτω
2717 585 2731 599 ο
2763 569 2941 635 αὐτός
2967 585 3083 624 σου
3119 569 3288 623 ἔσται
3317 565 3571 636 κεφαλὴ,
3600 566 3684 621 σὺ
3723 565 3788 620 δὲ

2222 660 2338 728 ἔσῃ
2366 659 2531 727 οὐρά.

2305 750 2789 820 Ἀγαλλιάσαιντο
2809 750 2906 804 καὶ
2933 750 3410 820 εὐφρανθείησαν
3429 751 3483 802 οἱ
3512 747 3788 814 θέλοντες
3888 761 3889 824 ξ

2220 842 2334 910 τὴν
2361 841 2753 912 δικαιοσύνην
2777 863 2895 914 μου
2925 845 3024 901 καὶ
3051 842 3387 898 εἰπάτωσαν
3415 840 3512 894 διὰ
3539 842 3786 905 παντός’

2220 935 2657 1003 Μεγαλυνθήτω
2686 941 2718 992 ὀ
2750 939 2982 1005 Κύριος,
3010 940 3062 990 oi
3094 936 3370 1001 θέλοντες
3404 933 3518 1002 τὴν
3545 933 3790 1002 εἰρήνην

2220 1027 2326 1080 τοῦ
2353 1026 2576 1081 δούλου
2605 1028 2808 1083 αὐτοῦ.
2847 1029 2956 1082 Καὶ
2983 1030 3022 1097 ἡ
3049 1026 3297 1098 γλῶσσά
3318 1044 3436 1096 μου
3467 1023 3788 1096 μελετήσει

2220 1121 2336 1189 τὴν
2362 1121 2751 1190 δικαιοσύνην
2777 1137 2914 1186 σου,
2930 1121 3080 1188 ὅλην
3103 1119 3215 1188 τὴν
3242 1118 3467 1188 ἡμέραν
3491 1117 3598 1170 τὸν⁸
3623 1117 3788 1171 ἐπαι-

2220 1213 2333 1303 νςόν
2379 1214 2597 1266 σου.Ἡ
2641 1213 2737 1283 μὲν
2785 1213 2926 1286 ἀρχὴ
2973 1213 3071 1284 τῆς
3110 1210 3442 1282 προφητείας
3490 1209 3641 1279 δίκην
3695 1210 3787 1262 καὶ

2222 1301 2456 1376 πόλεμον
2486 1305 2864 1359 ἐπελεύσεσθαι
2883 1305 3093 1376 ἠπείλει
3117 1303 3258 1357 κατὰ
3283 1303 3389 1358 τῶν
3415 1301 3785 1372 ἀδικησάντων
3888 1325 3889 1376 1

2223 1401 2318 1453 καὶ
2349 1398 2769 1469 πολεμησάντων
2805 1397 2896 1450 τὸν
2931 1397 3400 1467 προφητευόμενον
3420 1411 3431 1422 ·
3460 1393 3530 1446 τὰ
3563 1393 3629 1456 δὲ¹
3653 1391 3786 1462 μέσα

2222 1491 2314 1544 τὸν
2362 1490 2561 1562 τρόπον
2603 1489 2782 1543 αὐτῶν
2833 1487 3103 1542 διέϐαλλε*
3137 1486 3309 1551 τὰδὲ
3363 1485 3457 1538 ἐπὶ
3499 1484 3644 1538 τέλει
3688 1485 3783 1554 τὴν

2225 1581 2636 1636 καταλαϐοῦσαν
2660 1582 2854 1644 αὐτοὺς
2881 1580 3167 1651 διέγραφεν
3193 1578 3450 1648 αἰσχύνην
3483 1578 3575 1639 καὶ
3605 1580 3781 1648 ἐντρο-
3887 1578 3889 1612 ί

2225 1675 2354 1745 πήν.
2407 1674 2473 1727 Ἥ
2511 1674 2565 1726 δὲ
2595 1675 2694 1744 τῆς
2733 1673 2858 1742 ὅλης
2900 1669 3233 1744 προφητείας
3263 1669 3576 1740 περιγραφὴ
3613 1667 3778 1735 ἀγαλ-

2225 1764 2402 1818 λίασιν
2434 1767 2526 1818 καὶ
2556 1765 2910 1834 εὐφροσύνην,
2943 1764 3038 1816 καὶ
3070 1762 3248 1832 ἀγαθὰ
3304 1764 3510 1824 πάντας
3561 1761 3781 1829 εὐαγγε-

2223 1859 2426 1924 λίζεται
2450 1860 2574 1922 τοὺς
2594 1860 2691 1930 τὴν
2713 1859 3054 1929 δικαιοσύνην
3083 1856 3783 1927 αὐτού,,6έλοντας.ήΝοήσεις

2223 1950 2279 2003 δὲ
2324 1951 2420 2022 τὴν
2463 1951 2625 2004 αὐτοῦ
2670 1951 3030 2022 δικαιοσύνην,
3062 1950 3288 2020 θεότητα
3322 1948 3482 2001 αὑτοῦ
3511 1946 3779 2010 ὲκλαὸὠψ

2225 2044 2409 2114 ἐπειδὴ
2429 2045 2588 2106 αὐτὸς
2609 2043 2860 2114 ἐγενήθη
2878 2042 3019 2112 ἡμῖν
3043 2042 3226 2110 σοφία
3245 2041 3363 2098 ἀπὸ
3391 2040 3558 2105 Θεοῦ,
3577 2041 3783 2094 δικαιο-

2224 2139 2385 2206 σύνη
2415 2155 2478 2191 τε
2520 2137 2616 2191 καὶ
2650 2136 2940 2207 ἁγιασμὸς
2971 2135 3068 2188 καὶ
3098 2135 3532 2201 ἀπολύτρωσις.
3564 2133 3629 2185 Οἱ
3664 2131 3780 2200 γοῦν

2224 2228 2424 2300 ταύτην
2461 2228 2748 2297 νοήσαντες
2779 2225 3215 2294 ἁγαλλιάσαιντο,
3251 2223 3404 2294 φησὶ,
3440 2225 3534 2278 καὶ⁸
3559 2223 3780 2292 εὐφραν-

2226 2319 2448 2390 θείησαν
2469 2335 2481 2349 ·
2523 2317 2742 2382 τούτους
2774 2317 2830 2370 δὲ
2866 2318 2959 2371 καὶ
2982 2316 3221 2370 διδάσκει
3250 2316 3427 2385 λέγειν
3458 2315 3565 2383 ἀεὶ,
3605 2317 3767 2384 Mero

2224 2408 2498 2475 λυνθήτω
2527 2412 2559 2462 ὀ
2587 2410 2816 2476 Κύριος,
2847 2410 2894 2460 εί
2922 2408 2981 2480 δὴ
3028 2408 3352 2472 ἀσπάζοιντο
3393 2406 3490 2478 τὴν
3539 2406 3674 2477 πρὸς
3703 2405 3780 2456 τὸν

2226 2501 2695 2574 προφητευόμενον
2719 2503 2936 2571 εἰρήνην
2953 2516 2964 2528 ·
2985 2499 3107 2552 ἐπεὶ
3125 2501 3173 2551 οἱ
3191 2499 3452 2570 ἀράμενοι
3475 2498 3612 2569 πρὸς
3635 2495 3778 2550 αὑτὸν

2227 2595 2444 2666 ἔχθραν,
2480 2594 2634 2666 δίκην
2662 2592 2952 2647 δεδώκασιν
2993 2592 3089 2665 τὴν
3127 2591 3303 2657 ἀξίαν.
3333 2590 3432 2662 Eii]
3466 2590 3509 2654 δ’
3543 2590 3609 2654 ᾂν
3655 2589 3776 2660 αὕτη

2225 2689 2258 2758 ή
2294 2688 2480 2758 εἰρήνη
2532 2686 2715 2751 αὑτοῦ,
2757 2687 2822 2756 ἣν
2855 2683 3134 2757 ἐχαρίζετο
3158 2687 3269 2746 τοῖς
3304 2682 3493 2737 ἑαυτοῦ
3530 2681 3776 2756 μαθηταῖς

2225 2779 2430 2847 λέγων·
2484 2779 2746 2846 Εἰρήνην
2785 2777 2897 2845 τὴν
2933 2776 3085 2845 ἐμὴν
3117 2775 3322 2845 δίδωμι
3365 2774 3526 2844 ὑμῖν,
3552 2773 3776 2842 εὶρήνην

2225 2869 2339 2938 τὴν
2356 2868 2510 2939 ἐμὴν
2530 2869 2740 2939 ἀφίημι
2768 2869 2926 2938 ὑμῖν.
2951 2869 3059 2920 Καὶ
3086 2866 3258 2920 ταῦτα
3289 2867 3384 2937 μὲν
3409 2866 3536 2938 περὶ
3556 2867 3667 2922 τῶν,
3686 2866 3776 2918 ἑθε-

2225 2963 2422 3021 λόντων
2480 2963 2573 3016 καὶ
2618 2961 2952 3030 ἀγαπώντων
2982 2960 3078 3032 τὴν
3120 2962 3339 3031 εἰρήνην
3372 2958 3560 3023 αὑτοῦ,
3591 2960 3686 3030 τήν
3726 2977 3773 3011 τε

2226 3054 2567 3124 δικαιοσύνην
2619 3054 2780 3108 αὑτοῦ
2834 3053 3131 3124 τιμώντων.
3166 3053 3364 3105 Λοιπὸν
3391 3052 3447 3105 δὲ
3483 3052 3643 3115 αὐτὸς
3668 3052 3774 3120 περὶ

553 3127 704 3191 circa
731 3143 826 3181 cos
855 3128 948 3196 qui
981 3145 1065 3183 me
1089 3130 1339 3200 diligunt,
1376 3147 1536 3201 quam
1570 3133 1716 3186 circa
1742 3149 1836 3187 eos
1867 3134 1959 3203 qui
1999 3136 2122 3189 odio

2229 3146 2419 3200 ἑαυτοῦ
2457 3147 2517 3199 τὸ
2563 3146 2712 3209 τέλος
2755 3145 2848 3198 τοῦ
2897 3145 3093 3208 παντὸς
3137 3145 3296 3213 λόγου
3347 3143 3773 3215 ἐπισφραγίζεταιι

554 3215 776 3288 habent,
797 3232 906 3271 non
931 3217 1088 3284 linem
1116 3218 1308 3276 faciam
1334 3222 1632 3276 meditandi
1653 3223 1920 3292 justitiam
1949 3233 2117 3293 tuam,

555 3313 670 3378 tota
699 3307 786 3362 die
833 3302 1049 3364 laudem
1085 3318 1233 3363 tuam
1265 3327 1277 3361 :
1316 3327 1426 3365 non
1470 3315 1725 3369 omnibus
1775 3315 1988 3380 diebus,
2025 3318 2116 3372 sed

557 3413 666 3468 una
701 3397 814 3451 sola
849 3399 955 3469 die,
987 3415 1159 3470 eaque
1188 3401 1400 3458 infinita
1435 3418 1498 3457 ac
1527 3404 1774 3473 perenni.
1809 3403 1943 3458 Nam
1974 3421 2123 3472 man-

554 3486 638 3552 sio
675 3486 766 3542 illa
807 3498 860 3543 et
889 3492 1250 3554 commoratio
1309 3494 1452 3562 apud
1490 3503 1563 3557 te,
1607 3495 1724 3550 dies
1770 3503 1854 3550 est
1894 3504 2116 3558 atoma.

555 3578 858 3636 Meditabor
888 3593 1068 3653 autem
1098 3585 1266 3650 illam,
1293 3585 1655 3657 laudibusque
1678 3589 2118 3660 ccleb,rabo,quia

550 3671 702 3739 justo
731 3687 863 3728 sane
893 3673 1124 3742 judicio,
1165 3691 1275 3730 non
1326 3692 1486 3730 unam
1518 3687 1752 3748 gentem,
1789 3681 1882 3737 sed
1930 3697 2119 3737 omnes

553 3779 804 3849 prorsus,
824 3765 930 3838 late
954 3781 1050 3849 per
1076 3767 1262 3822 orbem
1282 3768 1528 3836 dillusas,
1553 3771 1725 3841 gratia
1757 3781 1809 3832 et
1837 3776 2120 3834 vocatione

553 3846 646 3910 tua
669 3858 922 3927 dignatus
956 3846 1036 3914 es.
1071 3859 1382 3915 Secundum
1414 3863 1575 3916 aliam
1607 3872 1785 3918 autem
1814 3867 2149 3938 explicandi-

552 3948 842 4020 rationem,
871 3949 999 4018 quia
1025 3965 1204 4004 sumus
1233 3967 1422 4019 corpus
1456 3952 1675 4018 Christi,
1706 3964 1754 4008 et
1800 3958 2032 4011 membra
2058 3974 2123 4012 ea:

552 4037 782 4104 parte“,
817 4039 908 4108 qui
965 4038 1163 4094 divinis
1213 4041 1582 4095 exercitantur
1627 4043 1953 4113 disciplinis,
2005 4047 2117 4115 ejus

553 4129 744 4199 lingua
767 4131 1069 4200 nuncupari
1094 4132 1328 4201 possint,
1357 4134 1430 4188 ita
1466 4142 1524 4187 ut
1547 4133 1612 4192 iis
1635 4136 1758 4204 jure
1783 4137 1896 4196 haec
1925 4139 2116 4194 referri

552 4231 774 4293 queant.

2218 3240 2471 3308 φάσκων·
2506 3239 2614 3290 Kal
2657 3239 2694 3305 ἡ
2740 3237 2988 3306 γλῶσσά
3027 3256 3146 3306 μου
3184 3235 3508 3305 μελετήσει
3553 3235 3665 3302 τὴν
3701 3235 3772 3287 5t..-

2214 3331 2548 3396 κιιιοσύνην
2579 3345 2714 3393 σου,
2753 3329 2905 3396 ὅλην
2952 3329 3066 3397 τὴν
3105 3328 3332 3396 ἡμέραν
3387 3327 3493 3380 τὸν
3545 3327 3773 3380 ἔπαινόν

2218 3438 2368 3486 σου;
2421 3421 2659 3487 Τούτων,
2698 3424 2851 3492 φησὶ,
2886 3422 3189 3493 γενομένων
3239 3420 3330 3473 ἐπί
3378 3437 3437 3472 τε
3492 3420 3619 3482 τοὺς
3659 3421 3774 3485 ἀγατ

2218 3509 2436 3577 πῶντὰς
2470 3528 2537 3581 με
2575 3513 2668 3571 καὶ
2703 3511 2993 3581 μισοῦντας
3027 3529 3113 3583 με,
3153 3513 3211 3564 ού
3248 3510 3523 3579 παύσομαι
3562 3505 3774 3578 μελετῶν

2219 3603 2319 3674 τὴν
2345 3603 2687 3673 δικαιοσύνην
2717 3623 2829 3670 σου,
2864 3607 2956 3659 καὶ
2988 3605 3114 3674 ὃλην
3143 3606 3240 3676 τὴν
3267 3605 3478 3676 ἡμέραν
3521 3602 3610 3656 τὸν
3635 3601 3774 3653 ἐπαι-

2221 3694 2310 3747 νόν
2337 3711 2451 3758 σου,
2480 3697 2599 3766 οὐχὶ
2631 3697 2808 3760 πάσας
2833 3697 2930 3760 τὰς
2953 3698 3182 3768 ἡμέρας,
3199 3695 3334 3750 ἀλλὰ
3357 3696 3484 3765 μίαν
3511 3694 3673 3765 μόνην
3694 3690 3773 3761 τὴν

2221 3784 2443 3858 ἄπειρον
2474 3787 2566 3838 καὶ
2597 3787 2839 3859 διηνεκῆ.
2881 3790 2943 3841 Ἡ
2969 3790 3074 3857 γάρ
3109 3788 3256 3859 παρὰ
3291 3788 3372 3840 σοὶ
3403 3786 3537 3858 μονὴ
3571 3786 3663 3839 καὶ⁸
3684 3785 3774 3837 δια·

2222 3877 2382 3948 τριϐὴ
2440 3879 2619 3950 ἡμέρα
2651 3879 2862 3944 αἰώνιος
2896 3881 3171 3949 τυγχάνει.
3211 3879 3506 3949 Μελετήσω
3536 3877 3593 3931 δὲ
3625 3876 3771 3945 αὐτὴν

2226 3969 2499 4038 ἀνυμνῶν,
2543 3971 2662 4024 καθ’
2700 3972 2764 4042 ἣν
2820 3972 2889 4028 τὰ
2937 3972 3116 4032 δίκαια
3155 3972 3366 4042 κρίνας,
3401 3971 3502 4040 οὐχ
3532 3971 3588 4021 ἓν
3621 3967 3770 4031 ἔθνος,

2223 4056 2358 4109 ἀλλὰ
2408 4060 2586 4113 πάντα
2617 4059 2686 4113 τὰ
2726 4061 2845 4118 καθ’
2873 4061 2999 4131 ὅλης
3033 4061 3132 4130 τῆς
3168 4061 3488 4132 οἰκουμένης
3543 4060 3640 4131 τῆς
3688 4058 3770 4125 σῆς

2223 4149 2442 4220 χάριτος
2485 4152 2579 4213 καὶ
2622 4152 2862 4222 κλήσεως
2893 4154 3254 4224 κατηξίωσας.
3287 4153 3450 4237 ⁹Καθ’
3500 4151 3685 4222 ἑτέραν
3723 4146 3768 4199 δὲ

2219 4239 2475 4306 διάνοιαν,
2517 4244 2639 4296 ἐπεὶ
2679 4243 2850 4313 σῶμά
2880 4245 3072 4311 ἐσμεν
3103 4244 3379 4312 Χριστοῦ,
3410 4243 3510 4296 καὶ
3529 4242 3677 4311 μέλη
3711 4239 3766 4290 ἑκ

546 4319 786 4389 μέρους,
818 4319 867 4373 οἱ
893 4320 1126 4391 ἀσκηταὶ
1157 4321 1263 4389 τῶν
1296 4320 1453 4386 θείων
1488 4323 1844 4396 μαθημάτων,
1877 4326 2117 4396 λέγοιντο
2155 4331 2224 4386 ἂν
2283 4338 2446 4391 αὐτοῦ
2478 4339 2718 4408 γλῶσσα,
2788 4340 2864 4404 ὡς
2897 4340 3153 4395 δύνασθαι
3186 4342 3278 4394 καὶ
3313 4341 3391 4404 εἰς
3423 4339 3619 4402 αὐτοὺς
3655 4338 3764 4390 ἀνα-

551 4415 811 4489 φέρεσθαι
840 4417 908 4470 τὰ
935 4419 1289 4489 προκείμενα.

603 4535 654 4591 1.
689 4533 757 4589 ΙΝ
793 4534 1025 4602 FINEM,
1073 4535 1299 4592 SERVO
1337 4536 1574 4592 DOMINI
1616 4538 1822 4594 DAVID
1861 4539 2077 4595 XXXV.
2150 4558 2195 4612 ι)

619 4705 806 4778 Neque
830 4709 1088 4778 psalmus,
1120 4726 1298 4781 neque
1352 4714 1639 4780 canticum,
1675 4729 1850 4785 neque
1885 4715 2014 4786 quid
2045 4719 2120 4775 si-

551 4797 681 4854 mile
709 4799 1061 4866 inscribitur;
1091 4801 1508 4873 doctrinamque
1552 4807 1953 4875 complectitur,
2000 4823 2120 4877 quae

551 4890 656 4946 sub
684 4891 896 4948 initium
923 4894 1144 4964 quidem
1178 4897 1452 4966 quoslibet
1480 4897 1678 4956 timore
1703 4897 1796 4952 Dei
1835 4915 1900 4954 ac
1923 4902 2121 4970 pietate

549 4998 773 5050 vacuos,
815 4986 908 5055 qui
955 4986 1077 5042 ideo
1111 4988 1256 5041 omni
1304 4989 1672 5057 improbitatis
1715 4993 1899 5060 generi
1951 4992 2120 5047 dediti

551 5084 703 5142 sunt,
753 5080 1029 5150 coarguit;
1073 5080 1218 5149 quod
1271 5083 1676 5138 conclusionem
1719 5100 1848 5138 vero
1883 5092 2114 5153 spectat,

549 5182 737 5223 eorum
781 5169 940 5226 ﬁnem
970 5172 1261 5243 significat.
1292 5171 1586 5244 Postquam
1623 5175 1788 5245 igitur
1832 5176 1915 5230 sic
1950 5191 2112 5231 orsus

2361 4546 2469 4598 ΕΙΣ
2504 4546 2594 4601 ΤΟ
2633 4547 3232 4671 ΤΕΛΟἲᾌΓθΙΔΔἋῈᾼΩ
3271 4547 3533 4600 ΚΥΡΙΟΥ
3573 4545 3654 4600 ΤΩ

2291 4708 2426 4763 Οὔτε
2447 4711 2707 4780 magna
2725 4707 2848 4762 οὔτε
2863 4708 3005 4778 ᾠδὴ,
3025 4708 3146 4761 οὔτε
3169 4727 3222 4762 τι
3239 4708 3474 4762 τοιοῦτον
3496 4708 3764 4778 ἐπιγέγρα-

2222 4817 2380 4854 πται·
2416 4801 2760 4859 διδασκαλίαν
2793 4803 2851 4855 δὲ
2899 4801 3142 4872 περιέχει
3176 4800 3316 4854 κατὰ
3349 4800 3447 4870 μὲν
3477 4799 3577 4872 τὴν
3615 4797 3763 4868 ἀρχὴν

2221 4895 2540 4964 ὲλέγχουσαν
2574 4895 2750 4952 πάντα
2775 4896 2866 4948 τὸν
2891 4895 3088 4964 ἄφοϐον
3120 4895 3213 4947 καὶ
3256 4893 3552 4963 ἁνευλαϐἧ,
3582 4893 3666 4946 καὶ
3691 4888 3762 4943 διὰ

2221 4986 2377 5039 τοῦτο
2423 4987 2624 5050 πάσαις
2670 4985 3032 5058 παρανομίαις
3072 4985 3440 5055 ὲκδεδομένον,
3473 4985 3611 5037 κατά
3641 4982 3692 5036 δὲ
3713 4977 3763 5031 τδ

2220 5085 2590 5156 συμπέρασμα
2633 5084 2695 5136 τὸ
2736 5083 2841 5136 τῶν
2869 5082 3120 5135 τοιούτων
3153 5079 3321 5142 τέλος.
3360 5079 3546 5132 Εἰπὼν
3570 5078 3690 5148 γοῦν
3716 5076 3763 5126 ὲν

2219 5175 2381 5245 ἁρχῇ²
2422 5174 2614 5242 φησιν
2665 5177 2696 5234 ό
2747 5173 3086 5242 παράνομος
3139 5170 3245 5226 τοῦ
3305 5169 3659 5241 ἁμαρτάνειν
3707 5167 3764 5218 ἐν

618 5320 666 5353 ⁸ο
703 5321 861 5381 Deut.
891 5342 1097 5391 xxvm,
1131 5326 1220 5382 45.
1294 5329 1338 5360 ⁵³
1380 5326 1398 5380 I
1431 5327 1556 5382 Cor.
1601 5344 1654 5392 ι,
1689 5328 1777 5383 '50.
1854 5328 1897 5360 ⁸⁸
1937 5327 2096 5385 Joan.

2223 5348 2254 5394 ‘,
2289 5331 2380 5385 27.
2456 5331 2502 5363 ⁵³
2531 5329 2552 5384 1
2589 5329 2717 5384 Cor.
2752 5347 2808 5396 x,
2854 5329 2944 5383 27.

621 5431 992 5517 (ηῆδξοηιηεε.
1039 5440 1105 5494 Ει
1137 5441 1251 5517 llaec
1278 5442 1441 5517 lectio
1468 5442 1771 5517 frequentet
1793 5447 2102 5517 occurritin

551 5501 973 5593 ‘Sﬁli’latrib‘us,
1021 5519 1084 5593 ἐει
1141 5510 1205 5593 ξιτ.
1247 5513 1531 5593 codicibus
1569 5501 2108 5593 Crmcisalnterpres

548 5569 763 5643 Vulgat.
798 5594 810 5628 :
855 5572 946 5629 Ἐκ
962 5569 1162 5647 μέλους
1192 5582 1338 5651 legit,
1375 5583 1605 5636 membra
1629 5582 1690 5637 de
1720 5587 1966 5638 membro.

618 5643 695 5705 (2)
729 5643 854 5700 Haec
877 5647 1196 5705 Scholiasﬁs
1219 5661 1348 5705 nota
1369 5654 1480 5705 Καὶ
1498 5654 1658 5705 αὐτὸς
1695 5654 1790 5705 μὲν
1819 5656 1847 5705 ὁ
1874 5671 1966 5705 συγ

618 5652 695 5714 (2)
729 5652 854 5700 llaec
877 5652 1196 5705 Scholiasﬁs
1219 5661 1348 5705 nota
1369 5654 1480 5706 Καὶ
1498 5654 1658 5717 αὐτὸς
1695 5654 1790 5723 μὲν
1819 5656 1847 5707 ὁ
1874 5671 2111 5725 συγγρα-

551 5715 785 5793 φεὺςιεζς
810 5733 868 5793 τε
908 5717 1009 5793 τὸν.
1029 5715 1189 5793 tta-475
1226 5722 1318 5793 καὶ
1349 5724 1426 5793 είς
1457 5723 1545 5774 τὸν
1577 5725 1806 5793 Χριστὸν
1857 5725 2110 5788 ἐξέλαϐεν

549 5784 639 5854 τὸν
667 5785 896 5873 ψαλμὸν,
921 5787 1115 5871 μᾶλλον
1137 5790 1192 5842 σὲ
1215 5792 1292 5853 εἰς
1322 5792 1412 5844 τὸν
1446 5794 1486 5844 Χ
1496 5784 1696 5864 ριστὸν,
1733 5796 1760 5848 ὁ
1789 5794 1843 5846 δὲ
1875 5784 1957 5848 ἐπ’
1978 5796 2113 5874 ὡφε-

2215 5450 2335 5520 λείᾳ
2358 5449 2465 5502 τῶν
2496 5447 2700 5520 ἐχθρῶν
2718 5446 2902 5520 ταῦτα
2931 5445 3202 5520 λέγεσθαι,
3234 5443 3290 5520 id
3341 5453 3426 5520 est
3460 5461 3472 5495 :
3509 5441 3634 5520 Hic.
3657 5437 3759 5508 qui-

2216 5509 2332 5573 dem
2366 5509 2679 5587 scriptor'de
2707 5517 2906 5571 Davide
2931 5509 3087 5573 ac'de
3120 5513 3333 5570 Christo
3357 5513 3493 5587 hunc
3521 5509 3758 5587 psalmum

2217 5578 2515 5657 explicavi},
2545 5591 2620 5642 ita
2641 5598 2697 5641 ut
2722 5588 2890 5656 magis
2913 5587 3122 5658 Christo
3156 5578 3757 5658 accommodareturilius

2218 5648 2335 5714 vero
2385 5661 2460 5712 ait
2501 5648 2571 5712 ad
2603 5648 2885 5712 utilitatém
2917 5657 3251 5708 inimicorum
3283 5653 3392 5706 hwc
3420 5652 3560 5706 diota
3591 5648 3753 5717 fuisse.

2221 5729 2365 5799 Haec,
2389 5731 2604 5800 inquam
2621 5779 2636 5808 ,
2659 5739 2785 5784 nota
2819 5729 2873 5782 in
2899 5735 3101 5783 textum
3134 5725 3446 5794 irrepserat.
