3940 6292
200 361 252 415 ’51
263 363 291 415 7
1282 358 1741 415 COMMENTARI

1852 358 1895 415 Ν
1929 358 2272 420 PSALMOS.

3334 369 3439 425 318

199 471 388 538 ἑαυτῷ,
427 473 563 546 πρὸς
622 472 695 543 τῷ
743 473 906 538 τέλει,
951 474 1105 528 Ἐκεῖ
1139 476 1369 529 ἔπεσαν
1426 476 1648 543 πάντες
1701 494 1741 529 Ol

1861 476 2037 533 fuerat
2073 497 2088 532 :
2121 478 2271 531 Dixit
2295 478 2526 547 injustas
2570 485 2628 530 ut
2651 476 2921 550 delinquat
2957 481 3009 535 in
3040 483 3348 552 semetipso;
3382 486 3439 538 in

200 565 545 635 ἐργαζόμενοι
582 564 693 632 τὴν
724 566 999 635 ἀνομίαν,
1028 566 1386 636 ἐξώσθησαν
1414 571 1509 623 καὶ
1540 573 1610 624 οὺ
1646 570 1748 624 δυ-

199 657 461 725 νήσονται
492 658 734 726 στῆναι.
760 659 916 712 Κατὰ
954 659 1011 713 δὲ
1043 660 1109 713 τὰ
1148 660 1285 731 μέσα
1334 661 1609 729 θεολογίαν
1650 680 1745 713 πε-

203 750 348 820 ριέχει
387 749 479 801 καὶ
519 746 629 801 τῶν
677 748 938 818 θεοφιλῶν
986 751 1193 823 ἀνδρῶν
1241 752 1449 819 ἀγαθὰς
1504 752 1743 817 ἐλπίδας.

201 840 434 894 Λέλεκται
461 838 517 890 δὲ
555 838 726 893 ταῦτα
746 838 825 908 τῷ
848 840 1020 910 δούλῳ
1047 840 1250 911 Κυρίου
1275 841 1353 911 τῷ
1370 846 1407 903 Δ
1422 841 1561 905 αυῖδ.
1577 841 1746 896 Τοῦτο

200 931 292 1003 γὰρ
315 932 344 1001 ή
388 930 678 1001 προγραφὴ
716 934 997 1000 σημαίνειο
1024 932 1102 995 ὃς,
1128 932 1393 1004 ἀφορίσας
1429 933 1620 985 ἑαυτὸν
1646 934 1745 1005 τῆς

203 1022 291 1078 τῶν
318 1022 641 1093 παρανόμων
663 1021 883 1085 τάξεως,
901 1023 1102 1093 συνῆψε
1134 1027 1199 1092 τῇ
1234 1023 1327 1076 τοῦ
1355 1023 1490 1076 Θεοῦ
1518 1024 1741 1096 ἱκετείᾳ,

204 1117 265 1185 τῷ
281 1116 416 1184 νόμῳ
448 1114 541 1165 καὶ
570 1115 689 1175 ταῖς
723 1114 818 1167 τοῦ
852 1113 986 1167 Θεοῦ
1026 1115 1306 1183 διαταγαῖς
1334 1115 1524 1168 ἑαυτὸν
1572 1133 1744 1189 κατα-

204 1206 455 1269 δουλώσας.
496 1206 747 1261 Διδάσκει
794 1205 850 1259 δὲ
890 1206 1139 1270 καὶτοὺς
1178 1206 1398 1269 λοιποὺς
1424 1205 1745 1278 ἀνθρώπους

203 1302 257 1354 τὰ
282 1301 424 1370 ὅμοια
455 1298 608 1369 αὑτῷ
645 1298 925 1370 πράττειν,
955 1301 1047 1361 καὶ
1086 1301 1160 1375 μὴ
1195 1299 1601 1373 συναπαγεσθαι
1632 1303 1745 1363 τοῖς

204 1393 518 1463 παρανόμοις.

259 1485 428 1553 φησιν
449 1488 481 1537 ό
516 1484 862 1554 παράνομος
889 1485 995 1539 τοῦ
1026 1485 1384 1553 ἁμαρτάνειν
1422 1485 1490 1539 ὲν
1518 1483 1740 1549 ἑαυτῷ·

205 1579 293 1633 οὐκ
332 1576 451 1629 ἔστι
489 1578 675 1645 φόϐος
724 1576 872 1630 Θεοῦ
914 1577 1201 1631 ἀπέναντι
1248 1576 1366 1639 τῶν
1422 1576 1745 1646 ὀφθαλμῶν

204 1666 369 1727 αὑτοῦ,
397 1668 509 1720 Ὅτι
539 1667 845 1721 ἑὸόλωσεν
875 1667 1132 1721 ἐνώπιον
1169 1668 1378 1731 αὐτοῦ,
1411 1668 1522 1724 τοῦ¹
1545 1668 1745 1741 εὑρεῖν

206 1763 295 1831 τὴν
308 1762 543 1831 ἀνομίαν
566 1760 756 1814 αὐτοῦ
788 1761 886 1816 καὶ
913 1761 1196 1832 μισῆσαι.
1220 1761 1559 1833 Σαφέστερον
1587 1761 1643 1814 δὲ
1676 1762 1743 1815 τὰ

1852 570 1959 624 tiue
1995 572 2069 624 ait
2100 586 2114 622 :
2150 570 2233 623 lbi
2259 570 2557 623 ceciderunt
2586 586 2765 625 omnes
2810 573 2899 641 qui
2931 585 3217 640 operantur
3247 575 3443 649 iniqui-

1852 672 2033 725 tatem,
2066 662 2270 729 expulsi
2304 672 2427 714 sunt
2460 678 2551 714 nec
2580 672 2822 730 poterunt
2848 674 3009 717 stare.
3038 667 3098 721 In
3128 666 3308 723 medio
3339 683 3440 723 au-

1852 763 1961 810 tem
2038 754 2363 825 theologiam
2395 768 2459 807 ac
2494 753 2690 807 bonam
2726 756 2941 825 piorum
2980 758 3260 814 hominum
3285 775 3437 831 spem

1848 849 2252 919 complectitur.
2278 846 2401 901 llmc
2432 862 2598 916 porro
2626 846 2811 903 Davidi
2839 866 2999 909 servo
3028 851 3246 917 Domini
3283 854 3437 909 dicta

1849 948 2009 1005 sunt;
2048 940 2101 993 id
2132 941 2275 995 enim
2308 941 2598 1013 inscriptio
2628 943 2902 1013 signiﬁcat
2931 960 2945 995 :
2974 944 3069 1014 qui
3104 944 3275 1000 David
3308 962 3435 1001 cum

1847 1046 1906 1086 se
1947 1033 2015 1087 ab
2039 1033 2412 1104 improborum
2444 1035 2637 1089 ordine
2676 1035 3020 1099 semovisset,
3054 1034 3167 1091 Deo
3202 1052 3262 1092 se
3297 1053 3433 1107 sup-

1848 1125 2043 1195 plicem
2073 1126 2345 1190 exhibuit,
2377 1142 2441 1180 ac
2489 1127 2594 1197 legi
2627 1127 2942 1198 divinisque
2975 1129 3196 1191 statutis
3247 1129 3438 1199 subje-

1848 1219 1924 1272 cit
1957 1238 1969 1271 :
2001 1220 2325 1290 ueterisque
2359 1218 2680 1276 hominibus
2713 1235 2906 1279 aucror
2937 1231 3041 1284 est,
3080 1227 3140 1274 ut
3178 1219 3441 1275 similiter

1848 1318 2032 1377 agant,
2082 1326 2257 1379 neque
2318 1308 2386 1364 ad
2423 1310 2799 1381 improborum
2857 1310 3200 1387 consortium
3248 1309 3439 1365 detra-

1850 1400 2080 1461 bantur.

1915 1491 2081 1547 Vens.
2110 1493 2231 1548 2-5.
2272 1490 2421 1548 Dixit
2468 1494 2699 1564 injustus
2745 1502 2805 1547 ut
2845 1491 3117 1571 delinquqt
3244 1502 3438 1565 semet-

1845 1585 1977 1653 ipso,
2017 1604 2118 1641 non
2149 1598 2225 1641 est
2261 1589 2417 1642 timor
2459 1588 2554 1642 Dei
2611 1598 2732 1642 ante
2774 1588 2950 1642 oculos
2994 1587 3133 1662 ejus.
3169 1588 3436 1663 Quoniam

1847 1677 2027 1732 dolose
2042 1681 2141 1749 egit
2158 1680 2211 1732 in
2232 1691 2507 1748 conspectu
2520 1680 2655 1750 ejus,
2670 1691 2727 1733 ut
2744 1681 3040 1735 inveniatur
3052 1666 3302 1755 iniquitas
3319 1682 3436 1751 ejus

1850 1770 1918 1822 ad
1942 1770 2139 1824 odium.
2167 1770 2291 1827 Haec
2317 1775 2561 1843 apertius
2584 1773 3046 1844 Symmachushis
3059 1774 3433 1845 verbisinter-

205 1857 489 1929 προκείμενα
517 1856 863 1939 ἡρμῄνευσεν
892 1857 919 1907 6
960 1855 1274 1926 Σύμμαχος,
1296 1855 1482 1907 τοῦτον
1510 1855 1741 1916 ἀποδοὺς

1849 1867 2092 1928 pretatus
2132 1871 2259 1917 est:
2303 1836 2456 1915 Dixit
2506 1862 2569 1917 de
2619 1836 2906 1932 defectione
2955 1863 3107 1932 impii
3144 1839 3286 1939 intus
3339 1880 3434 1918 cor

207 1954 275 2005 civ
290 1952 490 2022 τρόπον·
516 1934 717 2017 Φησὶν
757 1950 888 2019 περὶ
924 1949 1298 2013 ἀσυνθεσίας
1337 1949 1444 2001 τοῦ
1480 1947 1742 2013 ἀσεϐοῦς

208 2043 452 2109 ἔνδοθεν-ἠ
466 2041 682 2111 καρδία
692 2060 811 2111 μου
830 2058 842 2070 ·
872 2042 955 2094 Οὐ
985 2040 1286 2108 πρόκειται
1321 2042 1353 2092 ὁ
1380 2040 1562 2107 φόϐος
1593 2038 1741 2092 Θεοῦ

209 2135 434 2203 ἄντικρυς
462 2133 579 2187 τῶν
616 2134 944 2205 ὀφθαλμῶν
986 2132 1193 2187 αὑτοῦ.
1227 2134 1355 2185 "Ott
1401 2132 1741 2196 ἐξολισθαί-

209 2244 305 2280 νειν
338 2226 402 2279 τὰ
434 2228 559 2295 περὶ
623 2226 813 2281 αὑτοῦ
862 2225 1043 2288 δοκεῖ,
1095 2225 1199 2279 τοῦ
1254 2223 1565 2292 εὑρεθῆναι
1629 2222 1744 2292 τὴν

215 2320 400 2373 ἀδικίαν
419 2318 597 2373 αὑτοῦ
628 2321 721 2385 εὶς
748 2319 813 2372 τὸ
833 2316 1164 2388 μισηθῆναι
1194 2315 1405 2383 αὐτήν.
1422 2317 1519 2371 Διὰ
1541 2316 1744 2370 τούτων

203 2410 290 2481 ,γὰρ
326 2411 464 2475 αὐτὸς
493 2414 520 2464 6
553 2411 745 2475 Δαυῒδ,
791 2408 977 2481 Ἐμοῦ,
1026 2410 1211 2482 φησὶν,
1260 2411 1292 2480 ἠ
1335 2410 1531 2480 καρδία
1583 2410 1678 2463 καὶ
1716 2412 1744 2463 6

210 2501 312 2571 ὲμδς
331 2502 559 2573 λογισμὸς
592 2500 774 2555 ταῦτα
807 2501 934 2572 περὶ
960 2500 1054 2553 τοῦ
1080 2499 1310 2563 ἀσεϐοῦς
1336 2499 1527 2571 ἀνδρὸς
1566 2499 1743 2553 ἐνενό-

211 2608 307 2661 ησε.
325 2592 415 2664 Τὴν
437 2592 531 2665 γὰρ
591 2590 940 2663 θεωρητικὴν
971 2589 1134 2643 αὐτοῦ
1171 2590 1420 2661 δύναμιν,
1446 2592 1511 2643 δι’
1532 2586 1599 2663 ἦς
1626 2592 1743 2645 ἐδύ-

213 2699 316 2735 νατο
326 2684 490 2751 γνῶναι
502 2685 593 2737 τὸν
609 2682 783 2753 φόὸον
795 2682 888 2734 τοῦ
905 2682 1062 2745 Θεοῦ,
1086 2682 1343 2735 ὲδόλωσεν
1384 2680 1611 2753 αὐτοὺς(
1626 2694 1652 2733 s
1667 2682 1740 2755 ἦρ)

211 2776 361 2828 ἑαυτὸν
380 2777 463 2847 τῆς
491 2776 735 2839 διανοίας
772 2776 935 2829 αὐτοῦ
973 2778 1100 2840 τοὺς
1139 2775 1450 2846 ὀφθαλμοὺς
1493 2774 1743 2847 διαστρέ-

209 2867 305 2936 tia;
324 2870 398 2922 Διὸ
416 2870 545 2925 κατὰ
565 2871 675 2942 τὴν
706 2868 999 2941 Ἐϐραῖκὴν
1024 2869 1331 2937 ἀνάγνωσιν
1350 2886 1363 2898 ο
1397 2869 1499 2921 Ἐν
1521 2870 1743 2935 ὀφθαλ-

212 2962 312 3027 μοῖς
342 2963 504 3017 αὑτοῦ
558 2965 784 3035 εἴρηται
821 2960 1236 3024 δεδολωκέναι,
1265 2958 1373 3012 τοῦ
1405 2958 1603 3027 εὑρεῖν
1628 2958 1742 3027 τὴν

212 3050 413 3118 ἀνομίαν
432 3053 635 3115 αὑτοῦ,
675 3052 771 3104 καὶ
794 3051 1089 3120 μισῆσαι·
1124 3050 1300 3113 Οὕτω,
1334 3052 1517 3121 φησὶν,
1551 3050 1740 3103 ἑαυτὸν

212 3140 453 3213 διέπρεψε,
478 3145 567 3197 καὶ
595 3143 695 3197 τὸν
727 3143 888 3212 φόϐον
913 3142 1007 3196 τοῦ
1040 3143 1176 3196 Θεοῦ
1209 3143 1316 3196 τῶν
1346 3142 1538 3196 ἑαυτοῦ
1574 3143 1741 3215 ἀπέρ-

216 3234 330 3304 ριψεν
368 3235 671 3308 ὀφθαλμῶν,
712 3236 788 3299 ὡς
835 3235 934 3307 τὴν
988 3236 1215 3307 ἀνομίαν
1265 3236 1430 3290 αὑτοῦ
1485 3239 1737 3309 προφανῆ

214 3326 462 3395 τλγχάνειν,
499 3330 587 3381 καὶ
637 3327 802 3380 πάλιν
831 3326 1062 3396 ὁρᾶσθαι
1094 3329 1187 3381 καὶ
1206 3328 1619 3396 εὑρίσκεσθαι·
1643 3330 1739 3382 καὶ

213 3414 278 3469 διὰ
293 3417 424 3470 τοῦτο
448 3420 631 3489 μίσους
664 3420 822 3485 ἀξίαν
848 3416 1007 3473 εἶναι.
1046 3418 1397 3483 Ἀκαλύπτως
1429 3419 1483 3472 δὲ
1515 3423 1544 3473 ό
1566 3421 1739 3473 τοιοῦ-

214 3523 279 3570 τος
308 3510 534 3574 ἐξέδωκεν
565 3511 759 3565 ἑαυτὸν
786 3514 851 3583 τῇ
884 3510 1149 3583 ἁμαρτίᾳ,
1181 3511 1255 3574 ὡς
1282 3512 1376 3565 καὶ
1410 3511 1478 3565 τὰ
1515 3512 1736 3583 ῥήματα

214 3599 283 3652 τοῦ
304 3602 537 3673 στόματος
564 3603 733 3657 αὑτοῦ
768 3603 998 3674 ἀνομίαν
1033 3600 1170 3657 εἶναι
1200 3604 1294 3671 καὶ
1318 3604 1481 3658 δόλον.
1506 3605 1653 3657 Πάνυ
1683 3605 1738 3657 δὲ

216 3694 346 3747 ταῦτα
368 3696 492 3751 ἑκὼν
519 3698 713 3765 είλετο,
742 3698 835 3750 ἆτε
866 3697 928 3769 δὴ
956 3696 1302 3761 αὐτεξούσιος
1340 3696 1435 3762 ὢν,
1466 3698 1559 3750 καὶ
1583 3698 1739 3751 δυνά-

217 3801 339 3854 μενος
374 3790 460 3859 μὲν
490 3792 584 3863 τὴν
614 3772 828 3863 ἀγαθὴν
869 3790 1145 3862 μετελθεῖν
1167 3790 1306 3854 ὁδὸν,
1346 3789 1423 3861 μὴ
1462 3790 1739 3862 βουληθεὶς

215 3875 282 3927 δέ·
325 3879 389 3932 διὸ
425 3881 700 3937 λέλεκται’
762 3886 883 3937 Οὐκ
943 3882 1242 3950 ἐϐουλήθη
1300 3870 1575 3944 συνιέναι
1633 3884 1739 3949 τοῦ

214 3966 477 4035 ἀγαθῦναι·
513 3976 772 4045 ἀνομίαν
815 3975 871 4046 δὲ
915 3974 1294 4045 διελογίσατο
1335 3974 1435 4027 ἐπὶ
1470 3974 1581 4042 τῆς
1610 3977 1731 4028 κοί-

215 4074 296 4126 της
321 4066 499 4121 αὑτοῦ.
526 4068 662 4122 Οὐδὲ
691 4068 819 4139 γὰρ,
846 4069 987 4121 κατὰ
1029 4068 1119 4121 τὸν
1156 4067 1345 4139 καιρὸν
1382 4068 1480 4138 τῆς
1508 4068 1735 4139 ἡσυχίας

1842 1966 2012 2003 meum
2031 1967 2048 2003 :
2066 1949 2188 2005 Non
2218 1953 2516 2020 propositus
2540 1962 2616 2006 est
2635 1953 2794 2006 timor
2819 1952 2915 2005 Dei
2942 1962 3065 2006 ante
3085 1953 3263 2025 oculos
3290 1954 3427 2031 ejus.

1845 2043 1985 2109 Quia
2020 2061 2171 2103 ruere
2192 2044 2430 2098 videntur
2450 2061 2531 2098 res
2567 2048 2704 2113 ejus,
2736 2054 2792 2097 ut
2844 2045 3147 2099 inveniatur
3170 2044 3430 2119 iniquitas

1842 2134 1955 2203 ejus
1984 2133 2052 2187 ad
2086 2135 2365 2189 adiendum
2387 2152 2524 2189 eam.
2546 2134 2642 2190 His
2676 2137 2877 2206 quippe
2901 2136 3071 2190 David
3106 2136 3220 2190 haec
3250 2152 3430 2213 enun-

1844 2226 1943 2280 tiat
1976 2247 1987 2281 :
2014 2226 2122 2282 Cor
2148 2243 2329 2282 meum
2359 2235 2412 2282 et
2444 2228 2706 2298 cogitatio
2732 2243 2851 2281 mea
2882 2228 2997 2283 haec
3027 2228 3094 2283 de
3112 2229 3283 2298 impio
3310 2230 3430 2305 viro

1844 2318 2252 2381 intellexerunt.
2283 2318 2417 2373 Nam
2463 2336 2559 2391 per
2609 2320 2932 2389 speculandi
2980 2321 3115 2386 vim,
3171 2336 3281 2391 qua
3331 2320 3428 2395 Dei

1846 2411 2095 2465 timorem
2128 2426 2295 2467 nosse
2326 2419 2563 2482 poterat,
2596 2412 2863 2467 intellexit
2892 2427 3016 2466 eum
3042 2412 3161 2467 suis
3185 2428 3244 2467 se
3286 2411 3432 2483 dolis

1844 2500 2150 2573 decepisse,
2202 2507 2513 2574 mentisque
2542 2519 2656 2558 sum
2701 2504 2892 2558 oculos
2921 2503 3207 2557 evertisse.
3244 2502 3430 2579 Quare

1844 2596 2148 2665 secundum
2191 2596 2515 2659 Hebraicam
2558 2596 2849 2651 lectionem
2890 2595 3094 2649 dicitur
3121 2610 3135 2646 :
3162 2592 3229 2648 In
3259 2594 3431 2670 oculis

1844 2687 1958 2756 ejus
1989 2687 2170 2741 dolose
2214 2690 2401 2757 egisse,
2448 2698 2506 2741 ut
2554 2689 2786 2742 inveniat
2821 2688 3155 2757 iniquitatem
3204 2687 3339 2756 ejus,
3376 2694 3430 2760 et

1844 2780 1965 2834 odio
1995 2780 2206 2834 habeat.
2229 2779 2327 2851 ita,
2361 2780 2559 2851 inquit,
2581 2795 2702 2835 sese
2733 2779 3023 2843 subvertit,
3058 2779 3427 2855 timoremque

1843 2869 1938 2925 Dei
1968 2871 2037 2924 ab
2073 2871 2251 2925 oculis
2284 2870 2402 2925 suis
2447 2870 2667 2939 abjecit,
2702 2877 2761 2923 ut
2811 2868 3076 2938 iniquitas
3105 2869 3226 2937 ejus
3250 2869 3427 2923 mani-

1845 2963 1982 3017 festa
2027 2962 2304 3029 evaderet,
2348 2962 2593 3032 ipsisque
2625 2961 2802 3015 oculis
2834 2968 3044 3030 pateret
3077 2975 3140 3014 ac
3171 2960 3422 3015 invenire-

1846 3066 1932 3110 tur
1958 3100 1973 3125 ,
2027 3072 2201 3129 eoque
2236 3055 2397 3110 modo
2445 3056 2606 3126 digna
2658 3054 2786 3110 odio
2814 3066 2981 3109 esset.
3014 3052 3200 3106 Palam
3240 3059 3427 3107 autem

1845 3147 1935 3202 ille
1964 3163 2023 3202 se
2063 3153 2286 3213 peccato
2318 3145 2545 3209 dedidit,
2595 3146 2669 3197 ita
2703 3152 2763 3198 ut
2801 3144 2964 3199 verba
3010 3142 3124 3198 oris
3155 3142 3275 3212 ejus
3318 3142 3427 3197 ini-

1768 3214 1811 3274 θ
1847 3243 2027 3309 quitas
2058 3246 2113 3294 et
2153 3237 2313 3293 dolus
2344 3246 2552 3305 essent.
2602 3235 2726 3291 Haec
2767 3244 2949 3290 autem
2982 3235 3099 3305 ipsa
3130 3234 3424 3289 admodum

1845 3330 2015 3385 libere
2056 3329 2240 3400 elegit,
2297 3336 2485 3398 utpote
2536 3328 2695 3382 liberi
2758 3328 2990 3391 arbitrii,
3045 3343 3211 3397 penes
3261 3343 3424 3399 quem

1844 3431 1960 3477 erat
1985 3422 2129 3476 viam
2180 3420 2330 3476 adire
2360 3422 2581 3483 bonam,
2614 3421 2758 3491 quod
2792 3421 2881 3474 ille
2914 3421 3118 3487 noluit;
3157 3421 3427 3491 quamobo

1851 3530 1966 3568 rem
2030 3512 2238 3566 dictum
2274 3520 2397 3567 est:
2432 3510 2619 3581 Noluit
2659 3511 2947 3581 intelligere
2978 3522 3037 3564 ut
3067 3511 3190 3567 bene
3228 3522 3428 3584 ageret;

1843 3606 1960 3669 sed,
1993 3607 2325 3677 iniquitatem
2347 3605 2628 3658 meditatus
2653 3614 2728 3667 est
2756 3605 2809 3658 in
2828 3605 3067 3658 cubiculo
3099 3622 3214 3661 suo.
3242 3606 3431 3675 Neque

1843 3700 1988 3756 enim
2021 3700 2222 3771 quietis
2273 3707 2537 3769 tempore,
2579 3713 2686 3767 quo
2731 3706 2855 3767 post
2886 3697 3084 3751 diurna
3134 3713 3299 3766 opera
3328 3698 3428 3751 ho-

1844 3793 2020 3847 mines
2046 3793 2179 3855 otio,
2231 3781 2621 3861 tranquillitati
2656 3797 2713 3845 et
2763 3804 2957 3845 somno
2998 3806 3060 3843 se
3102 3789 3302 3844 dedere
3343 3806 3431 3845 so-

1842 3884 1976 3949 lent,
2013 3884 2137 3939 talis
2175 3884 2339 3937 homo
2388 3883 2443 3936 in
2484 3882 2780 3951 tranquillo
2830 3889 2975 3937 statu
3023 3880 3291 3951 degebat;
3327 3878 3427 3937 sai

1844 3993 1911 4034 eo
1942 3992 2160 4048 quoque
2190 3985 2435 4047 tempore
2463 3976 2797 4045 iniquitatem
2836 3974 3121 4029 meditatus
3147 3974 3298 4027 estin
3332 3988 3424 4027 su-

1847 4070 1939 4124 bili
1970 4086 2084 4125 suo.

217 4146 311 4219 ἒνῷ
340 4157 460 4226 μετὰ
488 4162 581 4223 τὰς
618 4159 990 4232 μεθημερινὰς
1033 4157 1261 4231 πράξεις
1297 4159 1523 4222 ἑαυτοὺς
1560 4159 1890 4233 ἐπιδιδόασιν
1952 4160 2226 4230 ἄνθρωποι
2262 4158 2467 4229 ἠρεμίᾳ
2528 4156 2621 4210 καὶ
2663 4155 2954 4227 εὐσταθείᾳ.
2982 4154 3077 4209 καὶ
3140 4154 3309 4228 ὕπνῳ,
3365 4156 3427 4209 ἐν

219 4248 490 4301 καταστάσει
522 4252 730 4322 γαλήνῃ
770 4251 989 4325 γέγονεν
1046 4250 1074 4300 6
1110 4249 1376 4326 τοιοῦτος·
1420 4248 1555 4307 ἀλλὰ
1588 4252 1681 4306 καὶ
1716 4252 1774 4305 ἐν
1810 4249 1985 4325 τοῦτῳ
2012 4252 2089 4324 τῷ
2149 4251 2325 4324 καιρῷ
2355 4251 2613 4319 ἀνομίαν
2631 4249 3009 4319 διελογίσατο
3036 4248 3136 4302 ἐπὶ
3163 4248 3273 4317 τῆς
3300 4251 3425 4304 κοί-

218 4350 298 4403 της
329 4344 511 4397 αὑτοῦ.

270 4430 433 4501 Κύριε,
458 4436 524 4489 ἐν
552 4438 630 4503 τῷ
663 4438 895 4506 οίιοανῷ
924 4438 988 4492 τὸ
1010 4440 1182 4506 ἔλεός
1210 4456 1346 4494 σου.
1373 4440 1583 4513 Σφόδρα
1610 4442 1738 4513 dino-

1916 4437 2080 4494 Vrns.
2112 4438 2164 4503 6,
2201 4438 2251 4512 7.
2272 4436 2515 4501 Domine,
2537 4435 2593 4489 in
2613 4433 2741 4489 caelo
2764 4434 3127 4488 misericordia
3151 4444 3260 4490 tua.
3295 4433 3428 4493 Post

219 4515 378 4587 λούθως
405 4527 532 4596 μετὰ
561 4531 660 4601 τὴν
700 4530 1018 4601 ὑπογραφὴν
1042 4532 1140 4601 τῆς
1165 4531 1258 4585 τοῦ
1294 4532 1610 4603 παρανόμου
1641 4550 1737 4585 κα-

1849 4532 2176 4601 descriptam
2193 4527 2426 4615 improbi
2451 4526 2692 4582 hominis
2714 4525 3033 4594 nequitiam,
3052 4526 3423 4595 praecellentes

223 4612 314 4676 χίας
335 4616 413 4669 τὸν
444 4621 838 4692 ὑπερϐάλλοντα
870 4622 1095 4699 πλοῦτον
1123 4624 1221 4694 τῆς
1253 4623 1349 4695 τοῦ
1371 4622 1502 4675 Θεοῦ
1536 4642 1741 4699 μακρο-

224 4700 379 4783 θυμίας
413 4714 749 4785 παρίστησιν,
788 4714 854 4766 δι’
892 4710 960 4787 ἧς
995 4716 1088 4768 καὶ
1135 4714 1242 4767 τῶν
1285 4715 1617 4788 παρανόμων
1644 4716 1738 4770 καὶ

223 4792 389 4855 ἀσεϐῶν
418 4804 613 4875 ἀνδρῶν
662 4804 911 4879 ἀνέχεται
931 4823 943 4835 ·
978 4806 1264 4877 διδάσκων,
1294 4807 1375 4859 ὅτι
1402 4809 1433 4859 ὁ
1473 4806 1736 4872 πλοῦτος

224 4885 307 4953 τῆς
327 4897 703 4964 χρηστότητος
736 4897 921 4952 αὑτοῦ
964 4898 1063 4951 καὶ
1104 4896 1210 4965 τῆς
1242 4898 1472 4968 ἀνοχῆς
1500 4898 1597 4952 καί
1626 4898 1737 4968 τῆς

222 4990 569 5055 μακροθυμίας
601 4990 746 5043 ἐλέου
783 4992 1135 5065 πεπλήρωται
1166 4991 1420 5062 μεγάλου.
1447 4992 1556 5057 καὶ
1578 4991 1737 5045 τοῦτο

225 5069 271 5121 ἐδ
294 5074 414 5142 ἕλεος
446 5080 531 5134 τοῦ
558 5082 687 5135 Θεοῦ
731 5085 901 5151 αἴτιον
929 5084 1182 5160 τυγχάνει
1214 5086 1310 5155 τῆς
1336 5084 1442 5137 τῶν
1475 5086 1740 5158 ἁμαρτω-

227 5157 309 5217 λῶν
348 5170 428 5222 καὶ
459 5172 657 5227 ἀσεϐῶν
688 5176 893 5250 ἀνδρῶν
926 5157 1069 5247 {toﬁs
1101 5194 1159 5230 τε
1202 5177 1296 5228 καὶ
1325 5157 1605 5246 εὐθυμίαςξ
1638 5176 1741 5229 Τὸν

232 5255 305 5322 μὲν
337 5256 415 5313 οὖν
453 5264 708 5340 θησαυρὸν
761 5269 854 5327 τοῦ
905 5269 1087 5333 ἐλέους
1119 5268 1300 5339 ,αὐτοῦ
1353 5267 1741 5339 τεταμιεῦσθαί

233 5360 357 5417 φησιν
398 5356 451 5406 ὲν
496 5358 567 5429 τῷ
605 5361 809 5432 οὐρανῷ
857 5360 993 5425 ἀλλὰ
1027 5363 1121 5416 καὶ
1157 5360 1253 5432 τὴν
1292 5360 1547 5431 ἀλήθειαν
1578 5360 1741 5413 αὐτοῦ

231 5432 339 5528 εἶναι
363 5449 476 5515 παρ’
505 5452 662 5522 αὐτῷ,
690 5454 1016 5528 πληροῦντες
1036 5459 1052 5477 ⁶
1072 5454 1248 5507 πάντα
1267 5452 1336 5506 τὰ
1353 5454 1738 5526 ὑπερουράνια·

232 5525 346 5597 ὅμως
378 5535 425 5588 δὲ
472 5542 756 5614 καὶμέχρι
801 5525 922 5599 τῶν
974 5544 1265 5615 νεφελῶν,
1300 5546 1353 5616 ἢ,
1398 5525 1575 5616 μέχρι
1626 5546 1744 5599 τῶν

233 5620 449 5695 μιθέρων,
472 5633 600 5688 κατὰ
627 5637 713 5690 τὸν
736 5637 1046 5709 Σύμμαχον,
1069 5638 1297 5709 διήκειν.
1315 5638 1469 5693 οὕτω
1492 5638 1623 5709 γοῦν
1648 5641 1738 5694 καὶ

292 5801 329 5836 ⁵⁸
361 5805 497 5871 Rmu.
528 5832 597 5883 It,
626 5819 677 5879 ί.
752 5822 795 5854 ⁸⁸
834 5821 979 5877 Psal.
1014 5837 1289 5876 Lxxmn.
1330 5821 1385 5876 2.

1848 4626 1970 4680 illas
2018 4624 2217 4680 divinas
2266 4620 2570 4676 tolerantia:
2627 4616 2846 4685 divitias
2891 4618 3180 4673 admodum
3232 4630 3426 4674 conse-

1846 4725 2079 4788 quenter
2116 4722 2359 4778 enarrat,
2406 4727 2514 4793 qua
2558 4712 2774 4781 iniquos
2829 4709 3132 4779 impiosque
3174 4706 3423 4763 homines

1844 4810 1987 4866 ferre
2013 4807 2388 4869 solet,docens
2406 4804 2621 4872 divitias
2655 4801 2905 4859 bonitatis
2933 4800 3045 4869 ejus
3075 4808 3123 4851 et
3156 4797 3423 4867 patientiae

1846 4913 1894 4957 et
1922 4900 2347 4972 longanimitatis
2367 4899 2449 4964 5",
2499 4892 2882 4953 misericordia
2937 4904 3131 4960 magna
3186 4889 3420 4957 repletas

1848 5011 1989 5051 esse.
2020 4979 2201 5066 Atque
2240 4994 2431 5049 isthaec
2479 4988 2859 5055 misericordia
2893 4986 2986 5041 Dei
3026 4985 3082 5038 in
3116 4996 3282 5036 causa
3311 4989 3417 5047 est,

1847 5087 1995 5157 quod
2024 5095 2340 5158 peccatores
2367 5092 2421 5140 et
2452 5084 2603 5153 impii
2637 5083 2821 5135 vivant
2861 5085 2914 5134 et
2951 5076 3205 5131 alacriter
3234 5081 3416 5146 agant.

1848 5179 2189 5235 Thesaurum
2246 5178 2428 5247 itaque
2483 5172 2877 5229 misericordiae
2926 5169 3046 5238 ejus
3090 5168 3145 5223 in
3169 5166 3308 5222 cosio
3334 5180 3422 5221 re-

1848 5271 2129 5325 conditum
2160 5270 2258 5334 ait,
2298 5266 2394 5325 sed
2426 5265 2711 5321 veritatem
2750 5276 2968 5332 quoque
2995 5259 3113 5329 ejus
3140 5273 3307 5328 penes
3338 5256 3420 5327 ip-

1850 5377 1972 5417 sum
2001 5376 2151 5429 esse;
2182 5361 2297 5414 haec
2346 5364 2528 5412 autem
2574 5353 2820 5409 coelestia
2871 5366 3055 5405 omnia
3107 5348 3417 5419 complent;

1851 5466 2088 5510 attamen
2122 5469 2285 5524 usque
2312 5450 2380 5505 ad
2417 5447 2599 5513 nubes,
2627 5448 2732 5509 vel,
2766 5452 2825 5499 ut
2850 5441 3210 5517 Symmachus
3232 5440 3417 5504 habet,

1850 5564 2010 5618 usque
2042 5544 2109 5599 ad
2134 5545 2329 5599 int/tera
2361 5547 2666 5613 penetrant.
2707 5538 2797 5593 Sic
2824 5539 2878 5593 in
2900 5538 3006 5592 alio
3036 5548 3250 5605 quoque
3278 5530 3419 5601 psal-

1846 5656 1936 5695 mo
1965 5639 2169 5695 dictum
2192 5644 2275 5692 est
2301 5652 2314 5689 ι
2356 5634 2416 5691 ln
2444 5633 2569 5689 cazlo
2595 5632 2982 5703 prwparabitur
3013 5630 3204 5685 veritas
3235 5634 3326 5680 tua
3345 5623 3415 5681 ".
