3940 6292
521 392 622 447 519

1217 377 1486 436 EUSEBII
1524 372 2001 433 C/ESARIENSIS
2038 370 2190 427 OPP.
2229 367 2409 423 PARS
2446 366 2534 423 Ill.
2557 399 2628 409 —
2665 361 3071 421 EXEGETICA.

3664 352 3764 412 520

521 507 737 566 Veritas
769 506 950 575 itaque
982 503 1078 558 Dei
1112 501 1166 556 in
1200 500 1341 555 cmlo
1365 508 1451 555 est
1480 516 1495 552 :
1522 498 1649 553 inde
1672 510 1801 552 vero
1834 510 1932 549 ceu
1970 494 2077 564 plu-

2189 492 2247 545 ἐν
2278 491 2451 560 ἑτέρῳ
2474 487 2722 541 λέλεκται
2737 503 2751 517 υ
2795 486 2901 539 Ἐν
2917 481 2997 548 τῷ
3016 477 3249 548 οὐρανῷ
3277 474 3761 546 ἑτοιμασθήοεται

509 603 596 657 via
627 601 681 656 in
718 599 957 654 nubibus
986 596 1100 649 lata
1130 593 1301 649 stillat
1332 592 1388 645 in
1423 597 1645 645 terram.
1700 587 1825 642 Ideo
1858 586 2079 646 dicitur,

510 693 579 747 Et
614 693 804 748 veritas
830 698 920 742 tua
943 704 1105 758 usque
1135 685 1202 738 ad
1226 684 1409 738 nubes.
1447 681 1522 738 Ex
1551 681 1790 736 nubibus
1823 688 2000 731 autem
2027 677 2081 730 in

510 786 762 841 homines
802 782 1009 838 veritas
1058 779 1153 833 Dei
1200 775 1499 832 effunditur
1528 791 1543 841 ;
1576 773 1749 829 nubes
1797 785 1928 824 vero
1961 783 2085 839 pro-

509 880 704 950 phetas
748 881 801 931 et
856 872 1131 944 angelicas
1162 869 1411 929 virtutes,
1447 876 1478 920 a
1509 862 1953 949 fquibusveritas
1987 860 2082 914 Dei

510 947 825 1022 hominibus
857 964 1020 1017 allata
1050 970 1152 1025 est,
1184 956 1471 1027 Scriptura
1497 956 1636 1011 solet
1657 947 1946 1023 appellare.
1991 947 2082 1002 Sic

510 1063 564 1115 in
626 1057 769 1114 Isaia
813 1057 1015 1111 dictum
1041 1059 1125 1107 est
1151 1068 1164 1104 :
1188 1050 1258 1104 Et
1283 1047 1506 1104 nubibus
1529 1044 1790 1100 mandabo
1812 1059 1874 1097 ne
1897 1042 2087 1111 pluunt

507 1167 664 1221 super
681 1166 794 1204 eam
815 1148 1032 1202 imbrem
1052 1146 1120 1209 ⁸⁸,
1143 1143 1355 1199 scilicet
1383 1155 1547 1211 super
1570 1137 1879 1193 Iudaeorum
1914 1149 2087 1210 popu-

509 1244 642 1305 lum,
675 1243 760 1312 quf
793 1239 1004 1310 tropice
1036 1238 1197 1292 vinea
1240 1242 1488 1291 vocatur.

2193 583 2234 650 vi
2265 578 2517 647 ἀλήθειά
2554 596 2689 633 σου.
2726 579 2881 631 Ἔστι
2913 575 3010 646 μὲν
3035 569 3127 626 οὖν
3159 573 3191 643 ἡ
3227 570 3452 642 ἀλήθεια
3494 569 3588 622 τοῦ
3631 568 3760 624 Θεοῦ

2192 674 2253 726 ἐν
2287 672 2366 744 τῷ
2398 671 2631 743 οὐρανῷ,
2664 670 2818 741 δίκην
2870 669 2928 721 δὲ
2958 665 3113 720 ὑετοῦ
3151 663 3447 734 φερομένου
3477 661 3565 715 διὰ
3593 661 3761 731 νεφῶν

2190 767 2288 820 καὶ
2348 766 2507 837 μέχρι
2550 765 2649 835 τῆς
2703 764 2805 832 γῆς
2861 759 3162 822 ὲπιστάζει.
3194 757 3283 809 Διὸ
3313 755 3559 826 είρηται’
3593 755 3703 808 Καὶ
3727 758 3761 824 ἡ

2191 855 2448 926 ἀλήθειά
2474 872 2589 909 σου
2612 854 2723 920 ἕως
2746 851 2866 906 τῶν
2885 848 3175 920 νεφελῶν.
3213 848 3305 899 Ἐκ
3332 846 3389 899 δὲ
3420 845 3527 897 τῶν
3551 844 3763 914 λεγομέ-

2194 951 2301 1004 νῶν
2321 948 2557 1018 νεφελῶν
2577 947 2673 1001 καὶ
2699 948 2778 1009 είς
2804 943 3121 1016 ἀνθρώπους
3141 939 3430 1012 προχέεται
3455 940 3490 1007 ἡ
3514 936 3612 990 τοῦ
3637 935 3763 990 Θεοῦ

2193 1042 2424 1115 ἀλήθεια
2443 1058 2457 1072 ·
2490 1039 2718 1110 νεφέλας
2757 1038 2813 1091 δὲ
2836 1038 2963 1100 τοὺς
2987 1034 3271 1107 προφήτας
3298 1033 3331 1103 ἢ
3354 1031 3451 1094 τὰς
3476 1028 3765 1098 ἀγγελικάς

2193 1132 2476 1204 δυνάμεις,
2501 1132 2568 1184 δι’
2596 1124 2671 1183 ὧν
2696 1132 2730 1201 ἡ
2757 1125 2982 1199 ἀλήθεια
3013 1125 3108 1178 τοῦ
3137 1122 3272 1177 Θεοῦ
3306 1123 3400 1176 καὶ
3438 1123 3519 1184 εἰς
3562 1119 3763 1190 ἀνθρώ-

2197 1243 2333 1287 πους
2370 1223 2756 1295 κατελήλυθεν,
2786 1219 2973 1275 εἴωθεν
3014 1221 3043 1272 ὁ
3084 1218 3240 1286 λόγος
3278 1215 3587 1286 ὀνομάζειν.
3618 1212 3763 1267 Οὕτω

508 1306 754 1391 λέλεκται
786 1337 843 1388 ὲν
883 1306 1109 1404 Ἦσαῒᾳο
1133 1330 1244 1386 Καὶ
1276 1328 1405 1394 ταῖς
1457 1325 1740 1396 νεφέλαις
1775 1321 2129 1391 ἐντελοῦμαι
2167 1319 2275 1375 τοῦ
2317 1318 2404 1390 μὴ
2443 1317 2658 1387 βρέξαι
2701 1318 2788 1383 είς
2833 1312 3023 1369 αὐτὸν
3068 1311 3267 1376 ὑετὸν,
3308 1307 3510 1379 δηλαδὴ
3553 1308 3639 1372 είς
3679 1306 3762 1359 τὸν

521 1426 789 1484 Ἰουδαίων
845 1426 994 1493 λαὸν,
1039 1422 1339 1496 ἀμπελῶνα
1379 1419 1657 1492 τροπικῶς
1682 1415 2085 1488 ὠνομασμένον.

577 1525 657 1579 Ad
682 1526 797 1579 haec
827 1529 1032 1586 autem,
1059 1519 1273 1591 justitia
1300 1523 1414 1580 tua,
1447 1514 1643 1586 inquit,
1675 1513 1923 1575 Domine,
1959 1526 2078 1564 ma-

508 1634 614 1691 gna
646 1617 993 1688 excelsaque,
1029 1613 1329 1677 montibus,
1361 1610 1471 1665 imo
1504 1608 1783 1664 montibus
1809 1605 1900 1660 Dei
1930 1618 2081 1659 com-

2267 1505 2389 1558 Ἐτι
2442 1503 2579 1575 πρὸς
2619 1501 2829 1563 τούτοις
2877 1503 2909 1571 ή
2961 1496 3274 1564 δικαιοσύνη
3321 1512 3435 1558 σου,
3490 1494 3687 1564 φησὶν,
3724 1486 3763 1545 ὦ

2193 1597 2387 1668 Κύριε,
2405 1592 2613 1666 μεγάλη
2640 1591 2894 1662 τυγχάνει
2917 1590 3010 1643 καὶ
3039 1586 3236 1657 ὑψηλὴ,
3255 1585 3403 1656 τορεσι
3432 1581 3765 1654 παραϐαλλο-

510 1676 756 1782 paratur,
793 1724 858 1764 ac
888 1709 1112 1776 insuper
1131 1706 1343 1782 judicia
1372 1711 1465 1757 tua
1489 1697 2077 1771 incomprehensibilia.

2195 1689 2351 1761 μένη,
2384 1688 2477 1742 καὶ¹
2504 1686 2651 1760 ὖρεσι
2686 1684 2841 1748 Θεοῦ,
2874 1684 2969 1737 καὶ
3016 1682 3150 1753 πρὸς
3190 1679 3399 1743 τούτοις
3428 1677 3499 1731 τὰ
3532 1676 3764 1748 κρίματά

511 1799 978 1867 Quemadmodum
1003 1797 1147 1853 enim
1183 1780 1438 1868 aliyssus,
1471 1801 1531 1849 ut
1560 1798 1778 1854 vocant,
1818 1792 2077 1845 immensa

2191 1798 2286 1834 σου
2335 1779 2716 1849 ἀκατάληπτα.
2785 1777 2872 1839 Ὠς
2926 1774 3037 1846 γὰρ
3078 1775 3112 1844 ἡ
3168 1771 3480 1842 καλουμένη
3539 1768 3765 1868 ἀϐυ-σσφ

509 1900 565 1947 et
585 1890 902 1951 hominibus
931 1886 1504 1960 incomprehensibilis
1527 1893 1641 1952 est;
1670 1884 1816 1955 quod
1851 1899 1981 1940 sane
2000 1883 2086 1938 his

512 1984 869 2056 signiﬁcatur,
895 1998 1090 2052 ponens
1119 1999 1171 2034 ιη
1197 1981 1455 2035 thesauris
1477 1979 1730 2048 abyssos:
1758 1976 1838 2032 sic
1854 1975 2084 2046 judicia,

512 2079 759 2139 Domine.
790 2092 910 2147 qum
938 2091 999 2131 ex
1029 2073 1245 2144 justitia
1292 2072 1559 2142 prodeunt
1591 2079 1703 2134 tua,
1732 2086 1830 2126 ceu
1860 2069 2081 2140 abyssus

512 2171 677 2226 nmlta
696 2171 741 2202 ³⁷
764 2178 911 2225 sunt.
941 2166 1047 2223 Pro
1078 2167 1170 2223 illo
1201 2172 1403 2229 autem,
1422 2164 1639 2234 justitia
1667 2172 1756 2215 tua
1779 2163 1913 2216 sicut
1934 2179 2080 2216 mon-

513 2273 588 2318 tes
627 2261 757 2324 Dei;
799 2259 1018 2330 Aquila,
1058 2257 1278 2327 justitia
1327 2265 1421 2309 tua
1466 2256 1603 2310 sicut
1628 2264 1826 2313 montes
1857 2255 2079 2321 robusti,

511 2353 903 2421 interpretatus
941 2354 1043 2404 est.
1079 2346 1208 2404 Haec.
1234 2361 1397 2418 porro
1426 2345 1608 2400 omnia
1636 2353 1943 2416 opportune
1977 2360 2084 2400 me-

510 2448 840 2495 morantur:
875 2438 1317 2507 declaraturque,
1373 2451 1470 2507 per
1518 2437 1946 2491 misericordiam
1988 2436 2081 2490 Dei

511 2549 637 2603 qua:
669 2533 725 2587 in
756 2532 899 2587 cmlo
941 2541 1047 2595 est,
1092 2547 1189 2602 per
1220 2529 1504 2585 veritatem
1534 2536 1589 2583 et
1629 2529 1896 2599 justitiam
1938 2530 2081 2600 ejus,

517 2639 581 2679 ac
605 2639 700 2695 per
730 2623 882 2688 illud,
922 2622 1144 2685 Judicia
1180 2623 1293 2692 ejus
1317 2629 1375 2676 ut
1422 2619 1642 2690 abyssus
1671 2619 1838 2676 multa
1883 2624 2082 2676 incom-

506 2714 881 2785 prehensibilia
933 2723 1091 2778 sunt,
1144 2714 1361 2785 impios,
1431 2715 1619 2769 atheos
1669 2723 1722 2769 et
1772 2725 2083 2784 peccatores

509 2824 619 2863 non
650 2808 760 2863 vita
791 2808 988 2870 solum,
1022 2807 1116 2864 sed
1152 2807 1380 2878 reliquis
1411 2807 1575 2863 etiam
1607 2806 1715 2861 frui
1739 2809 1897 2864 bonis
1927 2824 1955 2862 a
1981 2809 2082 2864 bo-

510 2899 683 2955 nitate
712 2899 884 2971 ipsius
909 2899 1364 2956 subministratis.

2187 1875 2414 1946 ἄπειρός
2460 1876 2608 1927 ἐστιν
2666 1867 2972 1942 ἀνθρώποις
3019 1865 3115 1918 καὶ
3155 1861 3587 1931 ἀκατάληπτοςο
3639 1858 3667 1910 ὃ
3708 1857 3763 1927 δὴ

2189 1969 2447 2039 σημαίνει
2471 1968 2499 2018 ὁ
2521 1966 2697 2036 φήσας
2720 1962 2896 2029 λόγος’
2921 1956 3105 2022 Τιθεὶς
3139 1949 3562 2039 ἐνᾲθησαυροῖς
3591 1950 3763 2004 ἀϐύσ-

2188 2074 2341 2124 σους
2362 2075 2374 2088 ·
2401 2057 2573 2117 οὓτως
2602 2051 2789 2113 καὶ,τά
2819 2048 2888 2104 σὰ
2916 2047 3180 2121 κρίματα,
3205 2036 3251 2096 ὦ
3284 2040 3477 2114 Κύριε,
3495 2039 3563 2093 τὰ
3590 2041 3657 2092 ἐκ
3677 2039 3762 2106 τῆς

2191 2152 2288 2222 σῆς
2365 2149 2709 2219 δικαιοσύνης
2790 2142 3084 2214 φερόμενα,
3133 2137 3207 2200 ὡς
3279 2137 3317 2204 ὴ
3348 2134 3629 2196 ἄϐυσσός
3661 2131 3762 2182 ἐστι

2190 2242 2410 2309 πολλή.
2456 2242 2601 2295 Ἀντὶ
2633 2240 2690 2294 δὲ
2720 2237 2838 2300 τοῦ,
2883 2237 2953 2289 Ἠ
2978 2230 3331 2295 δικαιοσύνη
3375 2242 3493 2281 σου
3543 2225 3628 2290 ὠς
3670 2223 3759 2290 ἔφη

2191 2334 2361 2400 Θεοῦ,
2392 2336 2421 2387 ὁ
2461 2331 2709 2395 Ἀκύλας,
2739 2327 3097 2392 Δικαιοσύνη
3131 2339 3248 2377 σου
3272 2321 3353 2386 ὡς
3388 2318 3498 2387 ὄρη
3532 2314 3759 2386 ἰσχυρὰ,

2189 2427 2522 2499 ἡρμήνευσε.
2564 2421 2782 2474 Τούτων
2807 2419 2864 2473 δὲ
2891 2416 3107 2471 πάντων
3134 2411 3406 2482 εὐκαίρως
3434 2407 3759 2499 ἐμνημόνευῖ

2376 2514 2560 2583 λόγος’
2596 2510 2833 2573 δεικνὺς,
2861 2509 2944 2561 ὅτι
2983 2505 3071 2560 διὰ
3112 2504 3173 2558 τὸ
3199 2501 3346 2564 ἔλεός
3379 2515 3474 2552 σου
3509 2497 3606 2552 τοῦ
3641 2494 3758 2550 Θεοῦ

2190 2604 2252 2658 τὸ
2291 2607 2348 2658 ὲν
2379 2601 2458 2673 τῷ
2492 2600 2724 2672 οὐρανῷ,
2758 2599 2852 2652 καὶ
2884 2596 2974 2650 διὰ
3016 2596 3115 2667 τὴν
3167 2592 3424 2664 ἀλήθειαν
3469 2586 3640 2643 αὐτοῦ
3682 2587 3760 2638 καὶ

2190 2693 2281 2747 διὰ
2322 2694 2421 2766 τὴν
2445 2691 2790 2763 δικαιοσύνην
2820 2687 3007 2752 αὐτοῦ,
3037 2687 3131 2740 καὶ
3156 2684 3246 2740 διὰ
3278 2683 3370 2736 τό·
3412 2682 3503 2745 Ὣς
3539 2678 3759 2740 ἄϐυσσος

2189 2787 2356 2856 πολλὴ
2397 2784 2764 2856 ἀκατάληπτα
2799 2781 2869 2837 τὰ
2909 2780 3152 2852 κρίματα
3184 2774 3372 2841 αὐτοῦ,
3419 2774 3516 2828 καὶ
3558 2770 3758 2835 ἀσεὸεξ

2191 2881 2286 2933 καὶ
2312 2877 2461 2933 ἄθεοι
2481 2864 2577 2931 καὶ
2609 2874 2921 2949 ἁμαρτωλοὶ
2951 2874 3011 2927 οὐ
3040 2872 3197 2944 μόνον
3221 2869 3364 2941 ζωῆς
3386 2864 3756 2929 ἀπολαύουσιν,

510 2992 646 3046 ἀλλά
681 2994 776 3047 καὶ
822 2993 931 3047 τῶν
974 2994 1177 3049 λοιπῶν
1237 2996 1344 3049 τῶν
1400 2996 1507 3050 ἀπὸ
1545 2998 1644 3068 τῆς
1687 2995 2092 3069 φιλανθρωπίας
2130 2995 2292 3051 αὐτοῦ
2316 2995 2755 3069 χορηγουμένων.

581 3105 747 3163 Vsus.
781 3109 834 3164 8.
868 3109 1232 3178 Quamobrem
1286 3112 1546 3183 adjicitur
1579 3132 1592 3169 :
1632 3114 1884 3169 Homines
1908 3124 1959 3170 et
1988 3116 2079 3186 ju-

2261 3114 2353 3169 Διὸ
2384 3115 2693 3183 ὲπιλέγεται
2718 3131 2731 3144 ’
2781 3111 3144 3180 Ἀνθρώπους
3181 3108 3277 3162 καὶ
3307 3107 3494 3174 κτήνη
3528 3104 3754 3170 σώσεις,

510 3208 684 3255 menta
710 3199 964 3265 satuabis,
983 3201 1239 3265 Domine;
1261 3204 1700 3274 quemadmodum
1713 3206 2077 3276 multiplicasti

2189 3208 2376 3275 Κύριε,
2407 3207 2488 3273 ὡς
2518 3205 2866 3272 ἐπλήθυνας
2900 3205 2966 3258 τὸ
3002 3205 3175 3269 ἔλεός
3217 3216 3357 3266 σου,
3383 3203 3416 3261 ό
3463 3199 3631 3265 Θεός.
3674 3196 3758 3250 Διά

509 3286 934 3346 misericordiam
966 3298 1135 3354 tuam,
1168 3290 1333 3348 Deus.
1362 3290 1497 3351 Nam
1528 3295 1966 3365 prepterjudicia
1992 3303 2083 3351 tua

509 3393 633 3449 quae
664 3384 724 3432 ut
776 3378 1014 3451 abyssus
1059 3382 1230 3436 multa
1278 3392 1427 3447 sunt,
1481 3393 1704 3455 propter
1729 3386 1998 3456 justitiam
2030 3396 2085 3443 et

505 3468 795 3525 veritatem
819 3479 967 3531 tuam
992 3488 1111 3543 quae
1134 3473 1189 3527 in
1217 3474 1357 3533 cmlo
1373 3482 1477 3541 est,
1505 3475 1754 3533 homines
1771 3479 2084 3548 etjumenta

507 3561 674 3621 simul
711 3564 943 3619 salutem
977 3566 1244 3622 obtinent.
1273 3566 1365 3622 Sic
1390 3569 1757 3639 multiplicasti
1786 3571 2085 3626 misericor-

509 3651 657 3707 diam
689 3660 858 3718 tuam,
883 3653 1115 3719 Deus,ut
1145 3671 1255 3711 non
1281 3657 1442 3713 modo
1473 3659 1565 3729 qui
1599 3658 1768 3728 digni,
1801 3661 1898 3716 sed
1920 3661 2082 3715 etiam

512 3743 607 3815 qui
665 3745 844 3802 brutis
880 3748 1128 3804 moribus
1173 3756 1228 3804 et
1274 3749 1595 3820 insipientes
1641 3760 1765 3807 sunt
1807 3752 2078 3815 homines,

507 3838 622 3893 vita
670 3839 768 3894 abs
818 3845 872 3894 te
922 3838 1048 3895 data
1104 3840 1374 3897 fruantur.
1436 3842 1885 3914 Quandoquidem
1936 3844 2080 3900 enim

509 3930 668 3985 multi
699 3940 1114 4001 conqueruntur
1133 3943 1188 3990 et
1217 3937 1563 4007 expostulant
1584 3952 1706 3991 cum
1735 3937 1827 3991 illo
1850 3937 1939 3993 his
1971 3953 2085 3992 ver-

509 4022 629 4082 bis;
654 4021 835 4089 Quare
859 4024 1012 4094 impii
1031 4039 1292 4096 prospere
1312 4035 1499 4096 agunt,
1517 4043 1580 4081 ac
1603 4027 1692 4083 Dei
1713 4028 1871 4084 bonis
1896 4027 2082 4083 fruun—

509 4114 639 4170 tur?
664 4114 983 4171 necessario
1023 4115 1183 4172 docet
1217 4118 1442 4173 multam
1478 4119 1600 4190 ejus
1642 4119 2078 4176 misericordiam

510 4219 652 4260 esse.
678 4205 748 4260 At
775 4206 824 4262 si
848 4207 1227 4265 misericordia
1258 4216 1470 4265 tantum
1502 4226 1566 4265 ac
1586 4212 1872 4268 clementia
1900 4213 2079 4268 exsis-

509 4303 669 4360 teret,
701 4294 837 4350 nihil
866 4310 898 4350 a
925 4306 1277 4366 peccatorum
1311 4300 1424 4355 vita
1455 4300 1693 4357 ineunda
1713 4312 1942 4359 arceret.
1966 4301 2075 4358 Ve-

509 4400 635 4439 rum
681 4383 875 4441 edocet
902 4386 994 4443 ille
1021 4390 1303 4447 veritatem
1335 4400 1391 4447 et
1445 4391 1716 4462 justitiam
1755 4410 1878 4448 cum
1913 4397 2077 4451 mise-

507 4473 744 4529 ricordia
777 4474 1019 4541 misceri,
1046 4476 1122 4532 ita
1156 4486 1215 4533 ut
1248 4486 1372 4550 post
1409 4481 1840 4537 miscricordiam
1863 4484 2075 4554 justitia

2188 3298 2298 3369 γὰρ
2353 3297 2420 3351 τὰ
2464 3298 2709 3369 κρίματά
2745 3314 2837 3350 σου
2873 3296 2940 3349 τὰ
2969 3297 3043 3360 ὡς
3072 3295 3303 3357 ἄϐυσσος
3348 3291 3539 3363 πολλὴ,
3566 3289 3662 3343 καὶ
3685 3286 3759 3341 διὰ

2184 3388 2282 3461 τὴν
2311 3388 2654 3459 δικαιοσύνην
2681 3405 2773 3440 σου
2807 3387 2898 3440 καὶ
2934 3386 3029 3457 τὴν
3063 3383 3316 3455 ἀλήθειάν
3352 3399 3445 3436 σου
3476 3381 3576 3453 τὴν
3606 3383 3665 3433 ὲν
3693 3376 3758 3447 τῷ

2184 3480 2416 3553 οὐρανῷ,
2439 3480 2715 3551 ἄνθρωποι
2746 3480 2839 3533 καὶ
2877 3480 3047 3548 κτήνη
3077 3476 3217 3530 κατά
3234 3475 3292 3529 τὸ
3315 3474 3445 3528 αὐτὸ
3471 3470 3756 3536 σῶζον-ιαμ

2183 3572 2355 3636 οὕτως
2376 3570 2725 3641 ἐπλήθυνας
2744 3569 2810 3624 τὸ
2832 3568 3007 3635 ἔλεός
3036 3584 3174 3636 σου,
3201 3566 3364 3632 Θεὸς,
3399 3565 3474 3628 ὡς
3502 3563 3579 3636 μὴ
3613 3563 3758 3635 μόνον

2181 3666 2307 3728 τοὺς
2337 3663 2520 3731 ἀξίους
2549 3664 2647 3734 τῆς
2681 3666 2745 3716 ἐκ
2796 3663 2888 3717 σοῦ
2927 3662 3073 3733 ζωῆς
3125 3657 3580 3733 μεταλαμϐάνειν,
3631 3652 3756 3708 ἀλλά

2183 3757 2276 3811 καὶ
2320 3758 2444 3819 τοὺς
2490 3755 2781 3827 κτηνώδεις
2829 3755 2923 3808 καὶ
2975 3754 3233 3824 ἀνοήτους
3285 3751 3394 3804 τῶν
3438 3747 3751 3821 ἀνθρώπων.

2195 3846 2407 3917 Ἐπειδὴ
2461 3847 2567 3918 γὰρ
2618 3845 2799 3900 πολλοὶ
2853 3845 3154 3916 μέμφονται
3197 3844 3293 3896 καὶ
3344 3838 3751 3894 καταιτιῶνταισ

2184 3937 2300 3990 Ἵνα
2328 3936 2382 3989 τί
2412 3936 2628 3999 ἀσεϐεῖς
2653 3935 2958 4005 εὐθηνοῦσι,
2996 3933 3090 3986 καὶ
3117 3931 3223 3984 τῶν
3257 3929 3350 3983 τοῦ
3378 3927 3511 3982 Θεοῦ
3546 3924 3754 3996 ἀγαθῶν

2181 4028 2581 4095 ἀπολαύουσιν;
2642 4027 2956 4096 ἀναγκαίως
3015 4024 3273 4088 διδάσκει,
3330 4022 3413 4075 ὅτι
3475 4017 3753 4081 πολυέλεός

2182 4124 2349 4175 ἐστιν.
2389 4121 2524 4175 Ἀλλ’
2551 4123 2600 4174 εἰ
2640 4120 2737 4191 μὲν
2765 4117 2832 4192 ἦν
2870 4120 3014 4183 ἕλεος
3043 4117 3201 4190 μόνον
3236 4114 3329 4169 καὶ
3358 4111 3747 4185 φιλανθρωπία,

2178 4209 2332 4263 οὐδὲν
2356 4210 2590 4264 ἐκώλυεν
2618 4211 2709 4263 τὸν
2737 4209 2843 4263 τῶν
2869 4207 3203 4282 ἁμαρτωλῶν
3232 4205 3590 4279 μετέρχεσθαι
3613 4205 3717 4275 βίον
3735 4219 3747 4231 ·

2175 4302 2417 4355 διδάσκει
2464 4301 2541 4364 δὲ,
2582 4301 2662 4354 ὅτι
2716 4304 2812 4356 σὺν
2842 4302 2918 4372 τῷ
2956 4300 3088 4371 ἐλέῳ
3130 4297 3501 4368 ἀνακέκραται
3534 4293 3751 4365 ἀλήθεια

2177 4393 2273 4446 καὶ
2297 4391 2633 4463 δικαιοσύνη,
2661 4393 2736 4455 ὡς
2756 4393 2854 4463 τῆς
2870 4391 3219 4462 δικαιοσύνης
3243 4389 3339 4445 καὶ
3375 4388 3476 4458 τῆς
3502 4386 3748 4459 ἀληθείας

2175 4481 2572 4553 διαληψομένης
2599 4483 2724 4546 τοὺς
2745 4482 3097 4553 ἁμαρτωλοὺς
3127 4481 3263 4552 μετὰ
3296 4483 3356 4534 τὸ
3380 4479 3545 4543 ἕλεος.
3570 4479 3633 4531 Εἰ
3654 4475 3749 4546 γὰρ

505 4572 562 4620 et
606 4564 808 4621 veritas
848 4576 1166 4636 peccatores
1208 4578 1516 4643 exceptura:
1559 4581 1708 4628 sunt.
1739 4572 1874 4628 Nam
1926 4576 1973 4631 si
2005 4591 2072 4631 ex

2189 4578 2256 4650 μὴ
2287 4578 2576 4649 ὠφελοῖντο
2598 4576 2675 4648 τῷ
2705 4578 2837 4649 ἐλέῳ
2865 4578 2959 4631 καὶ
2988 4579 3052 4646 τῇ
3092 4572 3441 4645 μακροθυμίᾳ
3473 4568 3571 4624 τοῦ
3598 4566 3744 4629 Θεοῦ,

504 4656 886 4713 misericordia
933 4667 989 4715 et
1029 4661 1292 4729 patientia
1325 4661 1418 4718 Dei
1452 4664 1584 4718 nihil
1612 4666 1862 4721 utilitatis
1893 4669 2060 4739 percie

505 4748 679 4821 piant,
706 4750 920 4820 justitia
951 4759 1005 4806 et
1035 4750 1240 4808 veritas
1264 4752 1383 4822 ejus
1414 4754 1634 4821 invadet
1669 4757 1789 4814 illos
1827 4777 1839 4813 :
1860 4758 2071 4829 judicio

504 4841 870 4912 quippejusto
896 4842 1277 4913 subjicientur.
1311 4844 1450 4900 Sunt
1485 4848 1628 4903 enim
1667 4866 1876 4915 revera,
1918 4857 2067 4918 sunt,

504 4932 746 5004 inquam,
794 4933 998 5003 judicia
1049 4932 1143 4991 Dei
1184 4938 1433 5006 occulta;
1475 4940 1645 4996 multa
1702 4942 2071 5013 immensaque

503 5026 871 5097 profunditas,
907 5028 1012 5092 vel,
1044 5036 1106 5082 ut
1137 5030 1213 5083 ait
1241 5028 1543 5100 Scriptura,
1569 5032 1788 5103 abyssus
1814 5036 1983 5089 multa
2015 5038 2070 5091 in

499 5118 829 5190 judiciorum
866 5120 986 5189 ejus
1017 5122 1232 5177 ratione
1264 5124 1760 5194 comprehenditur.
1798 5125 1921 5182 Haec
1964 5129 2070 5199 igi-

498 5215 593 5264 tur
622 5212 818 5280 impios
845 5222 1087 5267 manent.

574 5293 743 5352 Vens.
770 5297 824 5360 9,
850 5298 936 5353 10.
965 5296 1097 5354 Filii
1120 5310 1296 5356 autem
1327 5303 1595 5359 hominum
1621 5306 1674 5360 in
1706 5308 1924 5377 tegmine
1947 5309 2063 5363 ala-

500 5404 617 5442 rum
665 5398 875 5442 tuarum
925 5392 1225 5459 sperabunt.
1270 5394 1683 5468 Inebriabuntur
1713 5398 1778 5452 ab
1830 5398 2065 5455 ubertate

498 5482 686 5536 domus
715 5493 838 5549 tua),
872 5494 921 5540 et
956 5495 1184 5543 torrente
1239 5490 1518 5558 voluptatis
1544 5499 1648 5545 tua:
1697 5493 1902 5560 potabis
1953 5511 2060 5549 eos.

500 5572 764 5640 Quoniam
799 5578 936 5645 apud
956 5588 1005 5633 te
1029 5591 1105 5634 est
1135 5580 1253 5650 fons
1279 5583 1415 5647 vine,
1444 5584 1499 5636 in
1531 5584 1727 5640 lumine
1767 5595 1855 5641 tuo
1879 5586 2066 5641 videbi-

500 5668 835 5723 muslumen.
878 5671 1146 5738 Quoniam
1183 5672 1389 5741 judicia
1444 5683 1537 5730 tua
1589 5678 1818 5750 abyssus
1870 5680 2058 5746 multa,

571 5823 614 5856 ³³
654 5821 758 5887 lsa.
794 5842 859 5893 ν,
893 5826 943 5883 6.
1022 5829 1063 5861 ⁸⁷
1104 5828 1250 5883 Psal.
1292 5844 1455 5895 xm,
1497 5830 1549 5895 'Z.

2174 4675 2209 4744 ἡ
2245 4672 2557 4743 δικαιοσύνη
2601 4671 2762 4726 αὐτοῦ
2795 4671 2887 4724 καὶ
2914 4670 2947 4741 ἡ
2981 4667 3205 4739 ἀλήθεια
3255 4661 3633 4736 μετελεύσεται
3660 4660 3746 4714 αὐ-

2178 4763 2332 4828 τούς·
2371 4764 2834 4836 ὑποϐληθήσονται
2861 4762 2968 4833 γὰρ
2999 4761 3177 4832 κρίσει
3203 4757 3421 4829 δικαία.ἲ
3443 4758 3600 4810 Ἔστι
3625 4754 3741 4825 γὰρ,

2184 4856 2333 4910 ἔστιν
2361 4856 2649 4927 ἀπόρρητα
2688 4855 2754 4909 τὰ
2788 4855 3033 4926 κρίματα
3058 4852 3153 4905 τοῦ
3182 4849 3315 4903 Θεοῦ
3335 4867 3348 4880 ο
3382 4848 3548 4913 πολύς
3572 4866 3630 4902 τε
3658 4847 3745 4900 καὶ

2178 4948 2402 5019 ἄπειρος
2446 4948 2622 5018 βυθὸς,
2654 4947 2720 5019 ἢ,
2757 4946 2938 5010 καθὼς
2980 4949 3011 5018 ἡ
3047 4946 3233 5018 Γραφή
3270 4960 3453 5014 φησιν,
3487 4944 3744 5003 ἄϐυσσος

2179 5041 2380 5110 πολλὴ
2409 5044 2466 5094 ἐν
2492 5042 2568 5113 τῷ
2592 5041 2733 5112 λόγῳ
2764 5041 2872 5094 τῶν
2908 5042 3189 5113 κριμάτων
3223 5040 3383 5095 αὐτοῦ
3421 5037 3738 5109 περιέχεται.

2179 5130 2361 5185 Ταῦτα
2396 5132 2573 5185 τοίνυν
2606 5132 2754 5202 μένει
2781 5132 2905 5195 τοὺς
2939 5130 3171 5193 ἀσεϐεῖς.

2247 5312 2310 5364 Ol
2334 5309 2402 5363 δὲ
2424 5309 2541 5364 υἱοὶ
2565 5309 2684 5363 τῶν
2710 5307 3032 5378 ἀνθρώπων
3064 5308 3133 5361 ἐν
3167 5306 3362 5376 σκέπῃ
3388 5304 3510 5360 τῶν
3538 5301 3739 5372 πτερύ-

2173 5418 2293 5471 γων
2318 5415 2435 5455 σου
2463 5400 2762 5456 ἐλπιοῦσι.
2787 5397 3289 5466 Μεθυσθιξσονται
3317 5399 3435 5452 ἀπὸ
3466 5397 3740 5462 πιότητος

2172 5495 2341 5550 οἴκου
2373 5509 2509 5563 σου,
2549 5494 2648 5549 καὶ
2678 5495 2787 5550 τὸν
2814 5493 3172 5564 χειμάρρουν
3216 5489 3324 5560 τῆς
3366 5489 3596 5559 τρυφῆς
3628 5502 3737 5540 σου

2170 5587 2393 5652 ποτιεῖς
2430 5588 2671 5653 αὐτούς.
2708 5588 2836 5640 ’Ὅτι
2862 5587 3020 5653 παρὰ
3057 5584 3157 5638 σοὶ
3184 5582 3345 5653 πηγὴ
3377 5581 3547 5649 (iung,
3569 5580 3634 5634 ἐν
3660 5573 3737 5642 τῷ

2170 5680 2317 5748 soer
2354 5694 2468 5734 σου
2516 5679 2782 5749 ὀψόμεθα
2827 5676 2968 5747 φῶς.
3007 5674 3222 5746 Ἐπειδὴ
3256 5671 3323 5726 τὰ
3360 5671 3600 5744 κρίματά
3645 5680 3733 5721 σου
