3940 6292
205 372 296 428 εει

1293 373 1800 430 COMMENTARIA
1835 375 1902 430 ΙΝ
1943 374 2286 432 PSAL‘MOS.

3348 383 3456 438 εει

201 488 424 549 ἄϐυσσος
463 485 661 557 πολλὴ,
689 485 912 549 εῑκότως
964 485 1024 538 οὐ
1076 485 1235 557 μόνον
1287 486 1612 558 ἀνθρώπων,
1645 487 1763 541 ἀλλὲ

1881 487 2004 558 jure
2035 505 2140 544 non
2167 489 2480 544 hominibus
2505 491 2688 556 modo,
2717 492 2813 548 sed
2847 493 3009 550 etiam
3037 495 3301 565 jumentis
3337 515 3462 570 pro-

199 583 288 636 καὶ
333 579 550 650 κτηνῶν
605 582 881 654 προνοεῖς⁸
915 579 1088 642 οὕτως
1125 579 1476 648 ἑπλήθυνιις
1507 581 1572 634 τὸ
1605 581 1780 648 ἔλεός

191 689 330 736 σου,
369 675 402 726 ό
449 675 617 738 Θεός.
669 673 825 724 Ἔστι
867 671 910 724 δ’Ι
943 671 1024 724 ἔτι
1081 669 1234 742 παρὰ
1285 671 1458 726 ταῦτα
1506 671 1781 745 ἐξαίρετον

181 765 376 836 τάγμα
405 765 520 817 τῶν
552 763 690 834 μετὰ
721 763 788 816 τὰ
827 762 1186 835 προλεχθέντα
1211 763 1624 835 ὀνομαζομένων
1649 765 1780 818 υἱῶν

181 858 530 928 ἀνθρώπων·
563 856 777 919 οἵτινες,
818 855 974 908 πλέον
1003 873 1054 910 τι
1083 855 1296 926 ἔχοντες
1327 857 1438 909 τῶν
1479 855 1780 928 ἀνθρώπων

177 951 276 1004 καὶ
293 950 412 1004 τῶν
437 949 652 1022 κτηνῶν
679 949 786 1002 τῶν
810 949 914 1001 ὑπὸ
941 949 1034 1002 σοῦ
1055 949 1394 1020 σωζομένων,
1417 949 1778 1020 κατηξίωνται

179 1045 238 1096 ἓν
277 1043 474 1116 σκέπῃ
515 1042 624 1095 τῶν
671 1041 954 1113 πτερύγιον
985 1059 1076 1094 σου
1109 1041 1384 1104 ἐλπίζεινο
1433 1042 1466 1112 ἢ
1517 1043 1656 1096 κατὰ
1687 1045 1778 1098 τὸν

173 1135 513 1204 Σύμμαχον,
563 1133 696 1186 Ὑπὸ
739 1133 920 1186 σκιὰν
960 1131 1077 1184 τῶν
1105 1133 1410 1201 πτερύγων
1440 1149 1556 1186 σου
1583 1135 1779 1204 ἀμερι-

165 1223 428 1295 μνοῦσι.
464 1225 602 1288 Τοὺς
631 1225 740 1297 γὰρ
773 1225 864 1278 ἐπὶ
895 1224 954 1277 σὲ
994 1223 1314 1294 ἡλπικότας,
1341 1225 1432 1278 καὶ
1459 1225 1777 1298 ἀφωρισμέο

165 1337 302 1383 νους
351 1319 454 1372 τοῦ
505 1320 784 1391 τάγματος
815 1319 922 1372 τῶν
957 1319 1416 1391 διαϐεϐλημένων,
1454 1322 1518 1374 σὺ
1558 1321 1719 1385 αὐτὸς
1749 1324 1778 1376 ό

161 1411 314 1474 Θεὸς
345 1415 474 1475 ταῖς
499 1411 692 1464 ἑαυτοῦ
721 1411 944 1484 πτέρυξι
979 1413 1260 1484 περιέπεις
1281 1412 1376 1466 καὶ
1402 1413 1641 1476 σκέπεις.
1667 1415 1778 1466 Καὶ

158 1503 298 1556 ἐπεὶ
333 1504 578 1575 ἤλπισαν
620 1497 764 1557 οὗτοι
802 1504 1010 1576 ἀγαθὴν
1045 1504 1257 1570 ἐλπίδα,
1303 1505 1369 1557 Ἠ
1403 1503 1470 1556 δὲ
1497 1505 1676 1570 ἐλπὶς
1705 1509 1776 1559 οὐ

155 1597 612 1665 καταισχύνειο
638 1597 1126 1665 μεθυσθήσονται
1151 1597 1268 1650 ἀπὸ
1299 1599 1580 1664 πιότητος
1607 1599 1776 1650 οἴκου

153 1703 312 1750 σου,
351 1688 462 1740 καὶ
489 1689 596 1742 τὸν
622 1687 980 1758 χειμάῤῥουν
1004 1687 1112 1756 τῆς
1149 1687 1380 1756 τρυφῆς
1413 1707 1528 1742 σου
1555 1689 1776 1755 aranei;-

149 1783 430 1846 αὐτούς.
464 1777 624 1845 Οἶκος
649 1783 745 1852 μὲν
769 1779 862 1834 τοῦ
885 1781 1017 1834 Θεοῦ
1045 1785 1192 1835 ἐστιν
1218 1781 1560 1854 ἡἙκκλ-ησία
1585 1783 1770 1836 αὐτοῦ·

1886 581 2074 651 spicis,
2117 585 2196 638 sic
2233 583 2604 650 multiplicasti
2637 587 3056 642 misericordiam
3090 601 3258 660 tuam,
3289 592 3453 649 Deus.

1884 669 2088 726 Praeter
2139 673 2252 728 haec
2287 682 2466 728 autem
2503 674 2644 730 alius
2683 677 2916 734 eximius
2944 687 3028 734 est
3071 684 3204 736 ordo
3243 699 3456 752 eorum,

1883 765 1976 832 qui
2007 773 2132 833 post
2169 765 2426 834 praedicta
2459 765 2552 820 lilii
2596 767 2880 824 hominum
2909 780 3196 827 vocantur.
3241 774 3304 828 Hi
3339 777 3460 846 plu—

1884 856 1962 909 ris
1990 855 2196 926 aliquid
2230 857 2494 912 habentes
2527 873 2688 928 quam
2724 859 2974 916 homines
2995 871 3048 918 et
3069 863 3314 933 jumenta
3337 868 3462 938 qui-

1883 946 1986 1000 bus
2016 949 2246 1004 salutem
2271 965 2456 1018 paras,
2483 949 2630 1022 digni
2665 951 2836 1007 habiti
2867 963 2995 1010 sunt
3025 959 3116 1026 qui
3145 959 3201 1010 in
3225 961 3462 1027 tegmine

1883 1042 2088 1094 alarum
2123 1049 2338 1096 tuarum
2375 1059 2524 1114 spem
2573 1045 2838 1114 habeant;
2869 1053 2962 1102 aut
2986 1057 3046 1102 ut
3077 1047 3458 1119 Symmachus,

1883 1133 1992 1188 Sub
2027 1134 2212 1188 umbra
2240 1135 2452 1190 alarum
2486 1147 2698 1192 tuarum
2725 1142 2895 1194 securi
2921 1151 3062 1198 sunt.
3083 1141 3188 1198 Eos
3205 1144 3348 1198 enim
3366 1148 3462 1215 qui

1881 1226 1936 1280 in
1971 1233 2026 1281 te
2051 1241 2204 1296 spem
2233 1228 2454 1293 habent,
2481 1231 2684 1301 quique
2712 1233 2782 1286 ab
2803 1233 2996 1288 ordine
3022 1233 3308 1290 inl‘amium
3339 1236 3458 1292 illo—

1881 1335 2000 1374 rum
2053 1330 2434 1392 segregantur,
2473 1331 2530 1377 tu
2565 1324 2702 1394 ipse,
2741 1324 2907 1390 Deus,
2937 1326 3040 1381 alis
3073 1325 3226 1382 f0ves
3273 1329 3388 1385 tuis
3407 1339 3464 1384 et

1879 1415 2146 1485 contegis.
2179 1413 2386 1485 thuia
2424 1433 2574 1485 spem
2607 1433 2798 1488 cepere
2823 1434 3096 1490 magnam,
3129 1419 3256 1490 Spes
3285 1431 3462 1476 autem
3501 1399 3508 1414 ¹

1879 1521 1984 1558 non
2025 1507 2384 1574 confundit”.
2433 1507 2848 1564 Inebriubuntur
2893 1511 2958 1564 ab
2987 1511 3226 1568 ubertate
3271 1513 3462 1572 domus

1881 1609 2007 1663 tute,
2037 1609 2086 1652 et
2127 1609 2357 1655 torrente
2387 1602 2670 1670 voluptatis
2713 1611 2820 1656 tuae
2853 1605 3060 1671 potabis
3109 1621 3216 1660 eos.
3255 1605 3462 1663 Domus

1879 1688 1972 1744 Dei
1997 1699 2082 1746 est
2113 1691 2356 1748 Ecclesia
2385 1694 2505 1764 ejus
2533 1710 2544 1746 :
2579 1695 2804 1752 ubertas
2825 1696 3042 1763 domus,
3079 1698 3342 1756 divinitus
3375 1700 3460 1754 in-

1878 1781 2100 1851 Spiratae
2130 1783 2396 1840 lectiones
2421 1805 2433 1840 :
2467 1787 2703 1842 ebrietas
2732 1787 2820 1842 illa
2854 1795 3152 1859 temperata
3176 1798 3230 1845 et
3251 1789 3456 1856 sobria,

147 1875 374 1946 πιότης
419 1875 480 1928 δὲ
513 1875 608 1928 τοῦ
658 1875 804 1928 οἴκου
857 1874 925 1928 τὰ
975 1875 1306 1929 θεόπνευστα
1345 1876 1763 1946 ἀναγνώσματα·

1875 1873 2081 1928 utilitas
2101 1890 2168 1928 ex
2199 1875 2532 1931 lectionibus
2565 1880 2896 1948 proveniens
2927 1893 2938 1929 :
2974 1887 3190 1935 torrens
3217 1881 3461 1950 volupta-

146 1967 312 2040 μέθη
361 1968 426 2020 δὲ
477 1967 708 2040 σώφρων
743 1967 838 2022 καὶ
872 1967 1131 2038 νηφάλιος
1171 1971 1204 2040 ἡ
1252 1969 1360 2022 ἀπὸ
1387 1969 1494 2022 τῶν
1525 1971 1770 2038 ἀναγνω-

144 2062 402 2130 σμάτων
431 2059 676 2128 ὠφέλεια
699 2078 712 2091 ’
751 2061 1052 2132 χείμαρρος
1077 2061 1132 2114 δὲ
1165 2063 1402 2132 τρυφῆς,
1431 2061 1490 2126 ἐξ
1519 2057 1581 2114 οὗ
1621 2061 1772 2116 ποτί-

141 2153 356 2218 ζονται
395 2155 450 2206 οἱ
477 2155 572 2206 ἐπὶ
605 2155 780 2225 σκέπῃ
827 2153 934 2208 τῶν
967 2155 1254 2226 πτερύγων
1277 2155 1439 2208 αὑτοῦ
1457 2156 1766 2226 ἠλπικότες,

141 2249 172 2299 ὁ
205 2248 274 2298 ἐν
325 2246 632 2318 Ἐκκλησία
659 2247 750 2300 τοῦ
779 2247 912 2300 Θεοῦ
947 2247 1210 2318 ποταμὸς,
1241 2247 1368 2318 περὶ
1394 2243 1453 2301 οὗ
1484 2247 1765 2302 λέλεκταιο

147 2337 276 2392 Τοῦ
321 2337 604 2407 ποταμοῖν
645 2337 716 2390 τὰ
748 2339 1058 2408 ὁίμήματα
1089 2341 1480 2408 εὐφραίνουσι
1510 2340 1624 2408 τὴν
1657 2341 1767 2394 πό-

137 2433 256 2482 λιν
295 2429 417 2482 τοῦ
444 2429 594 2483 Θεοῦ
613 2449 626 2460 ·
661 2432 776 2492 καὶ,
819 2431 870 2483 Ὁ
909 2433 1174 2502 ποταμὸς
1195 2432 1302 2485 τοῦ
1331 2432 1478 2485 Θεοῦ
1504 2431 1768 2500 ἐπληρώ-

135 2523 222 2586 θη
265 2519 542 2574 ὑδάτων.
573 2523 890 2594 Χείμαῤῥος
929 2523 986 2576 δὲ
1027 2524 1241 2596 τρυφῆς
1277 2525 1304 2576 ὁ
1335 2523 1568 2594 Χριστὸς
1591 2522 1680 2576 διὰ
1709 2523 1769 2576 τὸ

131 2615 520 2685 πρόσκαιρον
547 2615 643 2685 τῆς
673 2616 730 2668 ἐν
756 2615 1061 2686 ἀνθρώποις
1092 2617 1412 2684 ἐπιφανείας
1435 2615 1619 2668 αὑτοῦ.
1641 2617 1768 2668 Ὄτί

133 2703 342 2771 παρὰ
390 2705 488 2756 σοὶ
536 2703 697 2774 πηγὴ
746 2703 915 2773 ζωῆς.
951 2705 1102 2776 Ζωὴν
1130 2705 1188 2759 δὲ
1217 2705 1341 2758 ὄντα
1375 2705 1622 2776 ἔγνωμεν
1673 2706 1766 2758 τὸν

131 2795 414 2866 Χριστὸν
475 2797 538 2850 ἐκ
597 2799 696 2867 τῆς
752 2797 1111 2868 εὐαγγελικῆς
1157 2797 1524 2862 διδασκαλίας,
1583 2797 1648 2849 δι’
1699 2791 1768 2868 ἧς

133 2887 334 2950 αὐτὸς
377 2887 408 2938 ὸ
466 2889 659 2960 Σωτὴρ
701 2889 943 2942 διδάσκει
975 2889 1150 2958 λέγων
1173 2907 1185 2918 ·
1229 2887 1368 2958 Ἐγώ
1395 2891 1510 2958 εὶμι
1539 2889 1606 2941 τὸ
1640 2889 1766 2958 φῶς

135 2979 248 3032 καὶ
305 2981 348 3048 ἡ
387 2979 642 3047 ἀλήθεια
669 2981 768 3034 καὶ
791 2983 830 3049 ἡ
869 2977 998 3050 ζωή.
1043 2979 1202 3034 Ἀλλὰ
1225 2981 1338 3045 καὶ,
1359 2979 1390 3033 ὃ
1425 2979 1670 3050 γέγονεν
1697 2981 1766 3031 ἐν

137 3071 332 3136 αὐτῷ
367 3069 484 3138 ζωὴ
521 3073 620 3140 ἦν,
657 3073 756 3126 καὶ
809 3075 846 3142 ἡ
886 3072 996 3140 ζωὴ
1025 3069 1103 3143 ἦν
1137 3072 1202 3125 τὸ
1229 3071 1356 3142 φῶς
1391 3070 1508 3124 τῶν
1546 3069 1764 3138 ἀνθρὼ-

139 3179 314 3218 πων.
353 3164 450 3218 Διὸ
479 3167 572 3218 καὶ
595 3165 827 3218 ἐνταῦθα
857 3169 922 3238 τῇ
951 3165 1060 3237 ζωῇ
1089 3167 1354 3236 συνῆπται
1381 3165 1439 3217 τὸ
1473 3164 1588 3234 φῶς
1627 3181 1762 3234 συμ-

143 3256 366 3326 φώνως
413 3255 496 3327 τῷ
543 3257 880 3328 Εὐαγγελίῳ·
913 3258 1052 3329 μετὰ
1095 3257 1204 3328 γὰρ
1238 3257 1422 3325 φάναι·
1455 3257 1572 3307 Ὅτι
1607 3253 1764 3321 παρὰ

148 3349 254 3402 σοὶ
329 3349 496 3420 πηγὴ
567 3347 732 3418 ζωῆς,
796 3351 1140 3420 ἐπιλέγεται·
1185 3352 1281 3402 Ἐν
1322 3349 1401 3414 τῷ
1467 3347 1614 3418 φωτί
1647 3363 1762 3400 σου

153 3441 440 3509 ὀψόμεθα
463 3439 606 3510 φῶς.
645 3443 827 3506 Φωτὺς
865 3441 973 3514 γὰρ
1007 3441 1225 3511 λογικοῦ
1257 3439 1596 3512 χορηγητικὴ
1630 3453 1762 3505 τυγ-

1873 1966 1966 2031 tis,
2002 1983 2112 2036 quo
2151 1977 2406 2039 petantur
2443 1970 2480 2024 ii
2525 1971 2616 2042 qui
2653 1973 2754 2027 sub
2797 1973 3032 2042 tegmine
3081 1973 3288 2028 alarum
3336 1974 3459 2044 ejus

1875 2069 2118 2136 sperant,
2167 2061 2366 2119 ﬂuvius
2415 2065 2470 2117 in
2523 2063 2768 2120 Ecclesia
2811 2064 2907 2120 Dei
2945 2080 3198 2132 manans,
3237 2066 3306 2121 de
3349 2081 3460 2136 quo

1873 2133 2080 2204 dictum
2137 2161 2262 2208 est:
2295 2152 2562 2208 Fluminis
2617 2156 2842 2222 impetus
2897 2155 3140 2226 laetiﬁcat
3195 2133 3459 2210 civitaiem

1871 2241 1970 2296 Dei
1983 2243 2066 2308 ";
2094 2253 2179 2298 et:
2205 2245 2430 2301 Flumen
2453 2247 2549 2301 Dei
2563 2248 2814 2317 repletum
2843 2256 2922 2302 est
2952 2251 3104 2319 aquis
3131 2249 3197 2304 ⁶⁰.
3219 2251 3462 2306 Torrens

1869 2333 2178 2404 voluptatis
2221 2337 2477 2393 Christus
2523 2349 2629 2404 est,
2673 2341 2746 2394 ob
2781 2349 3188 2411 temporaneam
3231 2341 3352 2411 ejus
3403 2343 3460 2396 in

1870 2425 2188 2482 hominibus
2231 2429 2600 2498 praesentiam.
2637 2431 2908 2497 Quoniam
2946 2431 3088 2500 apud
3137 2441 3184 2484 te
3229 2442 3306 2485 est
3339 2433 3458 2498 fons

1869 2515 2008 2568 vita.
2061 2515 2138 2570 Ex
2173 2519 2486 2588 evangelica
2515 2520 2766 2574 doctrina
2815 2521 3094 2576 Christum
3126 2537 3249 2576 esse
3288 2523 3457 2576 vitam

1867 2606 2186 2672 ediscimus,
2237 2616 2296 2662 ut
2353 2609 2607 2665 Salvator
2639 2613 2756 2682 ipse
2794 2614 2954 2668 docet
2995 2613 3082 2668 his
3109 2613 3312 2678 verbis,
3345 2613 3459 2684 Ego

1867 2715 1986 2752 sum
2029 2701 2144 2765 lux,
2179 2704 2372 2756 ueritas
2405 2713 2454 2755 et
2487 2704 2674 2758 vita“.
2707 2704 2812 2758 Sed
2849 2707 3036 2768 etiam,
3069 2703 3205 2774 quod
3255 2705 3459 2774 factum

1867 2801 1945 2846 est
1987 2794 2042 2845 in
2083 2794 2196 2862 ipso
2243 2797 2350 2850 vita
2385 2805 2522 2860 erat,
2565 2807 2616 2850 et
2651 2799 2760 2850 vita
2803 2806 2918 2850 erat
2967 2797 3060 2850 tua:
3101 2797 3454 2852 hominum".

1867 2883 2050 2949 Quare
2075 2886 2164 2940 hic
2195 2889 2423 2956 pariter,
2459 2897 2516 2943 ut
2543 2890 2598 2944 in
2625 2889 2939 2958 Evangelia.
2969 2891 3092 2944 vita:
3145 2889 3236 2943 lux
3268 2889 3457 2944 subdi-

1867 2985 1998 3031 tur:
2039 2993 2161 3032 nam
2199 2989 2490 3050 postquam
2525 2983 2760 3044 dixerat,
2795 2982 3068 3048 Quoniam
3111 2981 3250 3050 apud
3292 2993 3340 3036 te
3373 2991 3454 3034 est

1867 3069 1986 3138 fons
2012 3073 2150 3136 vitw,
2185 3075 2462 3144 adjicitur,
2493 3073 2556 3127 In
2591 3075 2786 3128 lumine
2817 3087 2906 3129 tuo
2935 3075 3224 3130 videbimus
3253 3074 3450 3128 lumen.

1871 3159 1995 3215 liaac
2027 3165 2228 3234 quippe
2267 3167 2376 3220 vita
2419 3167 2800 3221 rationabilem
2837 3167 3014 3220 lucem
3047 3165 3448 3220 subministrat.

1875 3253 2242 3318 Quamobrem
2291 3257 2516 3322 dicitur,
2571 3257 2640 3312 Et
2683 3261 2790 3312 vita
2838 3271 2950 3313 erat
3003 3260 3096 3313 lux
3149 3260 3449 3313 hominum.

1873 3344 1976 3412 Qui
2013 3365 2178 3417 porro
2213 3353 2328 3406 haec
2378 3353 2708 3423 acceperint,
2739 3369 2838 3422 pro
2875 3353 3000 3418 ﬁne,
3037 3353 3179 3408 lucis
3207 3358 3454 3408 contem-

1873 3439 2166 3508 plationem
2195 3445 2543 3501 obtinebunt.

157 3532 324 3602 χάνει
353 3529 491 3605 αὕτη
521 3536 554 3604 ἡ
593 3533 706 3604 ζωή
727 3551 739 3564 ο
771 3533 850 3587 διὸ
889 3533 1135 3602 λέγεται·
1195 3533 1296 3587 Καὶ
1341 3533 1379 3601 ἡ
1427 3529 1538 3600 ζωὴ
1581 3529 1662 3604 ἦν
1689 3531 1756 3587 τὸ
1779 3531 1904 3600 φῶς
1931 3535 2046 3588 τῶν
2081 3537 2424 3606 ἀνθρώπων.
2457 3542 2518 3594 0i
2547 3541 2604 3594 δὲ
2635 3541 2839 3594 τούτων
2874 3539 3268 3610 μεταλαϐόντες
3295 3537 3450 3602 τέλος

161 3624 354 3690 ἕξουσι
387 3625 481 3678 τοῦ
517 3626 695 3695 φωτὸς
721 3627 820 3698 τὴν
847 3626 996 3682 θέαν.

239 3717 616 3785 Παράτεινον
655 3719 716 3772 τὸ
749 3720 922 3786 ἔλεός
961 3735 1077 3773 σου
1107 3719 1232 3786 τοῖς
1265 3719 1632 3790 γινώσκουσί
1661 3735 1755 3782 σε,

163 3809 268 3860 καὶ
297 3809 414 3878 τὴν
443 3810 839 3878 δικαιοσύνην
881 3827 994 3864 σου
1027 3811 1152 3877 τοῖς
1190 3813 1392 3866 εὐθέσι
1421 3810 1497 3878 τῇ
1521 3809 1753 3878 καρδίᾳ.

165 3899 302 3964 Τοῖς
321 3902 392 3972 μὴ
409 3903 767 3970 γινώσκουσιν
790 3903 950 3956 αὑτὸν
975 3903 1310 3975 πρόσκαιρον
1329 3903 1478 3957 ἔσται
1499 3903 1558 3956 τὸ
1579 3903 1724 3964 ἕλεος
1739 3919 1752 3932 ·

167 3997 286 4057 τοῖς
325 3995 381 4047 δὲ
409 3995 739 4064 ymo-3x096!
775 4013 854 4062 σε,
891 3995 1095 4066 Σῶτερ,
1137 3995 1461 4068 παράτεινον
1507 3995 1568 4048 τὸ
1609 3995 1757 4058 ἔλεός

175 4099 267 4136 σου
299 4088 393 4139 καὶ
413 4089 511 4158 τὴν
539 4088 886 4160 δικαιοσύνην
915 4106 1006 4142 σου
1027 4105 1038 4116 ⁸
1067 4091 1124 4141 ὲν
1213 4089 1331 4142 κατ’
1360 4089 1516 4154 ἀξίαν
1551 4088 1752 4158 κρίνων

176 4179 284 4240 τοῖς
315 4179 412 4248 μὲν
443 4179 742 4242 ἀποδώσεις
769 4179 911 4232 κατὰ
943 4179 1010 4232 τὰ
1043 4179 1178 4252 ἔργα
1204 4180 1403 4243 αὐτῶν,
1436 4183 1548 4243 τοῖς
1575 4179 1630 4231 δὲ
1663 4197 1754 4232 πι-

181 4264 402 4330 στώσεις
429 4267 526 4331 τὰς
557 4269 656 4330 σὰς
691 4269 1043 4337 ἐπαγγελίας.
1089 4271 1233 4323 ’Λντὶ
1269 4271 1324 4323 δὲ
1359 4269 1473 4334 τοῦ,
1503 4271 1610 4322 Καὶ
1641 4268 1754 4338 τὴν

179 4353 564 4428 δικαιοσύνην
583 4371 698 4414 σου
733 4361 856 4428 τοῖς
887 4359 1088 4416 εὐθέσι
1123 4361 1198 4430 τῇ
1223 4363 1451 4430 καρδίᾳ,
1475 4365 1502 4415 ὁ
1529 4362 1754 4434 Σύμμα-

181 4465 286 4516 χος.
319 4453 422 4505 Καὶ
475 4453 592 4520 τὴν
659 4454 1080 4523 ἐλεημοσύνην
1105 4471 1219 4507 σου
1247 4455 1369 4521 τοῖς
1397 4455 1614 4520 ἁπλοῖς
1639 4455 1754 4524 τὴν

1941 3713 2103 3770 Vens.
2181 3717 2410 3772 11-15.
2483 3717 2759 3772 Ρνωιεηάε
2817 3717 3238 3770 misericordiam
3299 3725 3446 3769 tuam

1866 3811 2148 3864 scientibus
2201 3821 2266 3874 te,
2298 3819 2348 3863 et
2390 3811 2659 3879 justitiam
2714 3818 2858 3862 tuam
2907 3810 2974 3862 iis
3019 3810 3110 3878 qui
3152 3818 3294 3862 recto
3319 3818 3448 3863 sunt

1865 3901 2038 3956 corde.
2073 3901 2455 3957 Nescieutibus
2481 3902 2648 3956 Deum
2678 3911 3028 3970 temporauea
3066 3901 3446 3958 misericordia

1865 3997 2000 4062 erit;
2033 4003 2086 4048 at
2119 3995 2402 4049 scientibus
2436 4005 2503 4060 te,
2545 3983 2812 4060 Salvator,
2849 3995 3114 4064 prwtende
3141 3996 3444 4050 misericor-

1863 4085 2008 4138 diam
2041 4095 2186 4137 tuam
2215 4095 2264 4138 et
2289 4085 2560 4154 justitiam
2593 4095 2759 4150 tuam,
2793 4099 2898 4155 qua
2923 4101 3024 4154 pro
3055 4101 3236 4140 rerum
3269 4087 3446 4157 digni-

1859 4185 1971 4231 tate
1989 4175 2264 4246 judicans,
2285 4177 2406 4232 aliis
2430 4178 2726 4232 secundum
2747 4193 2910 4247 opera
2936 4193 3124 4232 eorum
3150 4179 3440 4242 retrihues,

1860 4271 1983 4325 aliis
2015 4271 2280 4339 promissa
2309 4279 2404 4324 tua
2430 4271 2800 4325 conﬁrmabis.
2845 4269 2952 4324 Pro
2981 4271 3073 4324 illo
3105 4277 3284 4324 autem
3321 4288 3333 4324 :
3373 4269 3443 4324 Et

1851 4363 2124 4432 justitiam
2176 4371 2322 4415 tuam
2365 4363 2432 4416 iis
2482 4363 2571 4432 qui
2621 4371 2760 4416 recto
2809 4373 2930 4416 sunt
2963 4362 3152 4423 corde;
3187 4360 3440 4432 Symma-

1859 4459 1996 4512 chus
2031 4476 2042 4510 :
2078 4455 2148 4510 Et
2187 4455 2610 4510 misericordiam
2659 4453 2986 4524 simplicibus
3040 4454 3216 4518 corde,
3248 4453 3436 4510 edidit.

183 4541 450 4610 καρδίαν,
503 4547 757 4612 ἐξέδωκε.
813 4547 910 4616 Μὴ
951 4545 1172 4603 ἐλθέτω
1215 4565 1316 4616 μοι
1367 4547 1518 4614 ποῦς
1570 4551 1752 4617 ὑπερ-

1870 4547 1986 4603 Non
2020 4551 2192 4603 veniat
2223 4549 2352 4602 mihi
2375 4565 2462 4617 pes
2503 4548 2782 4616 superbire,
2819 4557 2868 4600 et
2915 4565 3105 4600 manus
3148 4556 3438 4616 percatorzs

184 4637 448 4703 ngarlaq,
491 4637 590 4691 καὶ
630 4637 756 4706 χεὶρ
793 4639 1152 4708 ἁμαρτωλῶν
1183 4638 1268 4708 μὴ
1315 4641 1610 4694 σαλεύσαι
1653 4658 1749 4710 με.

197 4725 348 4780 Ἐκεῖ
373 4729 598 4784 ἔπεσον
629 4733 682 4784 οἱ
714 4731 1086 4802 ἐργαζόμενοι
1115 4733 1228 4800 τὴν
1257 4735 1528 4803 ἀνομίαν.
1581 4733 1750 4799 Ἐξώ-

189 4819 416 4886 σθησαν
469 4822 568 4876 καὶ
623 4825 696 4876 οὐ
742 4822 828 4893 μὴ
881 4823 1250 4892 δυνήσονται
1305 4823 1545 4894 στῆναι.
1600 4827 1751 4898 Μηδέ

193 4914 480 4986 κτησαίμην
505 4919 660 4988 χεῖρα
683 4917 778 4970 καὶ
799 4915 1024 4989 πράξεις
1047 4918 1386 4990 ἁμαρτωλῶν
1405 4935 1418 4949 ·
1454 4917 1624 4972 ταῦτα
1643 4919 1750 4991 γὰρ

195 5001 415 5060 σαλεύειν
483 5007 640 5060 εἴωθε
680 5009 773 5062 καὶ
829 5013 1138 5080 μετακινεῖν
1184 5011 1284 5082 τῆς
1341 5011 1488 5082 παρὰ
1537 5013 1619 5064 σοὶ
1672 5011 1750 5084 τῷ

195 5095 298 5168 Θεῷ
339 5102 575 5167 στάσεως
626 5105 750 5166 τοὺς
795 5105 876 5166 είς
921 5103 982 5156 τὸ
1013 5103 1202 5166 σκότος
1237 5103 1295 5156 τὸ
1326 5101 1588 5175 ἐξώτερον
1621 5103 1751 5167 ἐξω-

201 5191 550 5266 σῦησομένους.
581 5195 729 5250 Ἀντὶ
765 5195 821 5248 δὲ
855 5195 945 5248 τοῦ
966 5213 978 5224 ·
1021 5195 1180 5250 Ἐκεῖ
1197 5197 1441 5260 ἔπεσον,
1468 5199 1496 5250 ὁ
1529 5197 1756 5268 Σύμμα-

201 5297 294 5350 χος,
335 5287 478 5341 ὅπου
507 5289 835 5342 πίπτουσιν
859 5291 910 5341 οὶ
939 5287 1306 5358 ἐργαζόμενοι
1340 5287 1456 5358 τὴν
1493 5289 1752 5354 ἀδικίαν,

203 5371 416 5435 ἒξὲδωκε.
443 5379 532 5450 Μὴ
562 5377 670 5451 γὰρ
699 5377 976 5448 γενοίμην,
1010 5379 1194 5450 φησιν,
1225 5380 1358 5441 ἐκεῖ,
1391 5379 1517 5432 ἔνθα
1560 5379 1609 5431 οἱ
1655 5395 1748 5430 σα-

203 5461 446 5534 λευθέντες
488 5471 770 5532 πίπτουσι,
819 5472 911 5524 καὶ
964 5471 1219 5534 πεσόντες
1255 5469 1601 5535 ὲξωθοῦνται,
1653 5471 1745 5524 καὶ

208 5555 485 5626 ἐξωσθέντες
506 5561 691 5615 οὐκέτι
719 5562 1026 5614 ἐπανελθεῖν
1052 5561 1382 5634 δυνήσονται.
1417 5561 1744 5626 Ἀκολούθως

254 5827 292 5860 ⁵⁸
319 5827 469 5888 Rom.
507 5845 572 5892 ν,
611 5825 663 5882 5.
741 5825 786 5857 ³⁸
827 5823 968 5882 Psal.
1005 5835 1143 5891 ην.
1181 5825 1238 5882 5.

1315 5827 1358 5860 ⁶⁰
1397 5825 1540 5883 Psal.
1577 5841 1734 5892 thv,
1769 5825 1855 5880 10.

1861 4659 1962 4696 non
1995 4651 2196 4696 moveat
2229 4659 2324 4696 me.
2360 4641 2444 4695 Ibi
2475 4641 2771 4694 ceciderunt
2801 4640 2892 4710 qui
2913 4647 3200 4708 operantur
3245 4638 3438 4705 iniqui-

1861 4747 2042 4800 tatem,
2076 4735 2284 4806 expulsi
2330 4744 2471 4801 sunt,
2501 4751 2593 4789 nec
2640 4741 2886 4803 poterunt
2937 4741 3096 4786 stare.
3127 4729 3204 4784 Ne
3241 4743 3438 4785 manus

1857 4837 1910 4883 et
1961 4835 2109 4898 gesta
2163 4835 2510 4897 peccatorum
2541 4825 2816 4880 obtineam
2851 4845 2862 4878 :
2899 4823 3014 4876 htec
3043 4821 3242 4892 quippe
3267 4833 3436 4873 excu-

1858 4928 1972 4974 tere
2007 4921 2184 4974 soleut
2211 4927 2264 4974 et
2297 4933 2577 4973 removere
2629 4919 2726 4972 ahs
2753 4926 2804 4970 te
2835 4931 2929 4972 eos
2959 4913 3049 4984 qui
3087 4913 3142 4966 in
3180 4909 3436 4964 tenebras

1855 5016 2157 5069 exteriores
2201 5013 2568 5082 depelluntur.
2601 5009 2708 5064 Pro
2737 5011 2831 5064 illo
2862 5015 3042 5060 autem
3072 5023 3084 5056 :
3121 5003 3206 5056 lbi
3239 5001 3433 5055 cecide-
3466 5007 3474 5018 '

1855 5116 1997 5168 runt,
2037 5106 2398 5178 Symmachus
2420 5105 2610 5166 edidit,
2655 5103 2746 5156 ubi
2796 5099 2992 5154 cadunt
3033 5097 3122 5169 qui
3149 5103 3436 5166 operantur

1855 5200 2208 5269 iniquitatem.
2237 5197 2332 5261 Ne,
2363 5198 2560 5268 inquit,
2593 5211 2658 5250 eo
2705 5196 2760 5248 in
2809 5195 2932 5246 loco
2984 5191 3108 5252 sim,
3142 5203 3250 5260 quo
3280 5203 3432 5240 com-

1857 5289 1988 5341 moti
2020 5287 2243 5350 cadunt,
2273 5287 2412 5358 lapsi
2447 5285 2815 5354 expelluntur,
2844 5281 3056 5352 expulsi
3090 5278 3298 5349 regredi
3323 5293 3430 5331 non

1855 5387 2130 5449 poterunt.
2167 5377 2290 5432 Haec
2337 5387 2516 5430 autem
2569 5381 2968 5443 consequenter
3023 5370 3238 5433 eﬂatur,
3277 5375 3426 5438 post-

1853 5487 2015 5542 quam
2051 5473 2144 5542 qui
2177 5471 2298 5524 [inis
2327 5470 2430 5524 erit
2461 5481 2670 5530 eorum,
2703 5467 2796 5535 qui
2829 5463 2882 5518 in
2920 5463 3142 5534 tegmine
3173 5461 3265 5515 Dei
3302 5473 3424 5530 spe-

1853 5563 2117 5626 raverint,
2154 5559 2466 5632 descripsit,
2499 5563 2782 5628 resumpta
2811 5553 2987 5624 impii,
3022 5554 3115 5624 qui
3151 5551 3306 5609 initio
3338 5547 3426 5604 di-

1937 5826 1980 5856 "
2021 5823 2176 5878 Joau.
2233 5837 2356 5890 xw,
2393 5827 2449 5880 (3.
2532 5821 2575 5856 ⁵³
2613 5818 2771 5878 Joan.
2811 5836 2860 5884 ι,
2903 5818 3016 5884 5,4.
