3940 6292
553 378 662 436 825

1259 375 1526 434 EUSEBII
1563 357 2041 434 CESARIENSIS
2078 375 2228 433 OPP.
2265 375 2447 433 ΡΑῐὶεο
2482 377 2573 434 lll.
2612 406 2684 420 —-
2720 373 3130 439 EXEGETICA.
3704 384 3797 441 521

550 498 708 554 cebat
735 497 788 551 in
813 495 1086 565 semetipso
1120 505 1178 549 ut
1208 492 1551 568 delinqtieret,
1584 496 1979 567 hominumtjue
2022 494 2113 567 ipsi

2228 494 2287 549 δὲ
2334 496 2471 550 αὐτὰ
2516 497 2642 569 ἔφη,
2705 498 2844 569 μετὰ
2889 499 2950 553 τὸ
2981 490 3293 570 ὁπογράψαι
3337 492 3517 551 ὁποῖον
3566 496 3717 552 ἔσται
3745 507 3799 558 τὸ

549 589 831 654 similium,
865 588 1149 645 memoria.

2228 587 2380 652 τέλος
2431 588 2539 642 τῶν
2592 591 2650 642 ὲν
2669 592 2735 661 τῇ
2779 590 2957 662 σκέπῃ
2992 589 3084 645 τοῦ
3117 590 3250 644 Θεοῦ
3277 589 3584 660 ἡλπικότων
3611 589 3797 645 tm-

544 681 837 756 λαμϐάνων
866 680 964 755 τὴν
1000 684 1220 756 μνήμην
1252 682 1345 737 τοῦ
1377 682 1496 738 κατ’
1525 680 1699 755 ἀρχὰς
1727 674 2076 755 παρανόμδυ,
2099 678 2159 749 ὃς
2195 682 2432 755 ἔφασκεν
2458 685 2529 739 ἐν
2560 684 2753 752 ἑαυτῷ
2780 682 2887 741 τοῦ
2921 684 3296 755 ἁμαρτάνειν,
3337 685 3432 740 καὶ
3466 683 3576 738 τῶν
3619 683 3797 759 ἐκείνῳ

548 774 963 852 παραπλησίων.

1038 898 1090 952 1.
1119 890 1393 953 DAVIDIS
1428 892 1667 952 XXXVI.

560 1076 563 1079 Α
625 1006 754 1063 Noli
798 1007 1047 1062 aemulari
1086 1008 1141 1061 in
1194 1008 1631 1080 malignantibus,
1665 1027 1825 1081 neque
1873 1008 2123 1068 τοιακώ

542 1097 794 1161 facientes
843 1099 1193 1170 iniquitatem.
1235 1098 1374 1166 Quia
1425 1100 1480 1153 in
1535 1101 1860 1172 praecedenti
1916 1104 2124 1173 psalmo

540 1199 885 1263 peccatorem
912 1191 1201 1247 induxerat
1233 1208 1353 1248 sese
1385 1192 1452 1247 ad
1486 1204 1705 1264 peccata
1731 1196 2121 1262 concitantem,

541 1287 819 1355 vitamque
866 1285 1008 1356 ejus,
1046 1301 1260 1341 necnon
1292 1285 1453 1341 ﬁnem
1482 1287 1824 1358 exitiumque
1852 1289 1999 1344 illius
2026 1289 2120 1344 de-

542 1375 860 1445 scripserat,
893 1382 1290 1446 consequenter
1320 1375 1374 1429 in
1400 1376 1501 1431 hoc
1533 1377 1740 1447 psalmo
1784 1377 2029 1433 hortatur
2051 1378 2120 1433 ad

541 1468 900 1524 declinandos
941 1467 1312 1539 improborum
1358 1484 1561 1536 mores,
1591 1479 1644 1525 et
1676 1485 1785 1526 non
1815 1472 2120 1528 aemulanda

541 1574 732 1615 eorum
778 1575 964 1630 Opera.
1022 1560 1290 1628 Quoniam
1337 1576 1468 1616 vero
1518 1562 1664 1617 aliud
1718 1571 1801 1618 est
1848 1564 2113 1631 aemulari,

538 1646 686 1706 aliud
729 1653 938 1719 zelare;
970 1652 1121 1706 dicas
1170 1652 1449 1707 concitare
1479 1662 1534 1708 et
1560 1652 1627 1708 ad
1666 1655 1989 1727 zelotypiam
2036 1656 2121 1711 in-

539 1744 797 1809 cendere,
835 1745 888 1799 id
928 1761 1050 1802 esse
1090 1746 1357 1801 aemulari.
1389 1745 1572 1813 Quare
1610 1746 1807 1819 Aquila
1836 1749 1917 1805 sic
1945 1750 2116 1805 inter-

539 1842 787 1905 pretatur
812 1854 825 1888 :
853 1834 949 1904 Ne
979 1835 1176 1889 dimica
1222 1852 1342 1889 cum
1387 1836 1834 1907 malignantibus;
1871 1837 2117 1910 Symma-

538 1927 678 1984 chus
706 1944 875 1985 vero:
907 1927 989 1983 Ne
1023 1929 1282 1984 altercare
1324 1946 1444 1983 cum
1484 1931 1763 2000 maleﬁcia.
1798 1930 1912 1985 Hoc
1955 1947 2121 2002 porro

536 2016 745 2073 dictum
790 2036 855 2075 ex
908 2020 994 2076 liis
1036 2021 1309 2092 intelligas
1336 2041 1348 2075 :
1378 2021 1491 2092 Ipsi
1522 2039 1601 2077 me
1626 2031 2037 2092 prouocauerunt
2066 2024 2119 2077 in

534 2127 596 2166 eo
628 2114 719 2184 qui
751 2130 856 2168 non
880 2123 995 2168 erat
1032 2114 1196 2180 Deus,
1226 2124 1276 2170 et
1303 2116 1649 2171 irritaverant
1680 2117 1734 2170 in
1765 2116 1921 2172 idolis
1952 2118 2063 2171 suis
2098 2132 2119 2171 :

533 2211 589 2259 et
611 2221 703 2276 ego
722 2207 1019 2276 provocabo
1047 2224 1134 2263 eos
1165 2209 1220 2262 in
1247 2225 1307 2263 eo
1333 2211 1423 2280 qui
1451 2226 1553 2263 non
1584 2218 1662 2264 est
1704 2212 1950 2279 populus,
1985 2220 2035 2264 et
2064 2211 2120 2264 in

533 2309 685 2370 gente
711 2301 988 2370 insipiente
1018 2301 1247 2356 irritabo
1308 2303 1431 2356 illos
1451 2304 1515 2354 ”.
1542 2303 1836 2373 Apostolus
1856 2306 1985 2360 item
2013 2304 2120 2361 Co-

536 2390 759 2446 rinthiis
793 2390 1040 2447 scribens
1066 2392 1139 2447 ita
1168 2394 1447 2463 loquitur:
1474 2395 1558 2449 An
1588 2395 1906 2451 wmulamur
1938 2397 2120 2453 Domi-

535 2494 662 2536 num
693 2479 988 2554 iNunquid
1018 2484 1264 2553 fortiores
1305 2486 1400 2541 illo
1432 2504 1613 2541 sumus
1638 2488 1718 2541 “?
1745 2488 1907 2544 Zelus
1938 2497 2118 2543 autem

535 2591 634 2632 seu
690 2576 945 2631 voluntas
1007 2576 1316 2649 cujuspiam
1367 2580 1709 2651 adipiscendi
1757 2582 1810 2636 id
1860 2583 2005 2653 quod
2061 2583 2118 2637 in

534 2667 788 2737 proximo
812 2683 936 2726 esse
962 2670 1284 2735 arbitratur,
1311 2670 1456 2726 bona
1482 2681 1589 2728 est.
1621 2671 1715 2729 Est
1740 2675 1880 2730 alius
1905 2674 2119 2732 medius

535 2760 710 2825 zelus,
749 2762 1076 2833 plerumque
1109 2764 1235 2820 talis
1262 2766 1479 2835 qualem
1507 2766 1774 2821 describit
1805 2767 1947 2823 idem
1983 2783 2117 2838 apo-

533 2854 711 2910 stolus
766 2854 853 2910 bis
887 2855 1069 2911 verbis
1103 2875 1117 2911 :
1150 2854 1505 2911 IEmulantur
1559 2876 1649 2914 vos
1697 2877 1802 2915 non
1850 2860 1995 2925 bene,
2027 2860 2118 2916 sed

530 2944 808 3001 excludere
835 2964 922 3003 vos
958 2948 1221 3004 volunt“.
1260 2948 1467 3005 Invidia
1500 2968 1632 3007 sane
1662 2968 1939 3024 nunquam
1974 2954 2116 3009 bona

533 3053 660 3095 esse
687 3048 885 3109 queat;
915 3052 1039 3094 nam
1073 3040 1230 3096 dolor
1247 3049 1332 3096 est
1359 3042 1426 3097 de
1453 3044 1732 3113 prosperis
1766 3045 1998 3115 proximi
2030 3062 2117 3103 re-

535 3129 857 3187 busnelus
906 3147 1038 3187 vero
1085 3133 1361 3188 interdum
1414 3135 1615 3201 bonus,-
1651 3137 1730 3191 uti
1767 3138 2111 3195 tradidimus.

2732 895 2870 949 ror
2914 891 3115 953 AAYIA
3157 892 3294 964 Αςν.

2289 1008 2385 1078 Μὴ
2421 1006 2767 1077 παραζῆλου
2798 1008 2869 1061 ὲν
2899 1005 3426 1077 πονηρευομένοις,
3452 1008 3612 1079 μηδὲ
3630 1009 3798 1078 ζῆλοι)

2225 1102 2367 1169 τοὺς
2425 1100 2747 1167 ποιοῦντας
2798 1098 2915 1169 τὴν
2960 1090 3245 1173 ἀνομίαν.
3314 1101 3531 1173 Ἐπειδὴ
3587 1103 3699 1176 γάρ
3748 1107 3797 1160 ει

2223 1197 2420 1268 ἐκείνῳ
2462 1196 2650 1267 εἰσῆγε
2690 1196 2780 1251 τὸν
2829 1195 3147 1267 παράνομον
3200 1190 3573 1277 παρορμῶντα
3624 1197 3797 1254 ἐαυτδν

2226 1290 2305 1352 είς
2339 1288 2632 1359 ἁμαρτίας,
2666 1287 2758 1342 τόν
2783 1304 2844 1341 τε
2874 1287 2987 1358 βίον
3018 1286 3303 1359 ὑπέγραφε
3328 1281 3424 1340 τοῦ
3442 1286 3698 1365 ’τοιούτου
3719 1290 3796 1347 καὶ

2225 1379 2286 1433 τὸ
2321 1378 2474 1450 τέλος
2501 1379 2601 1450 τῆς
2626 1379 3008 1450 καταστροφῆς
3036 1377 3223 1431 αὐτοῦ’
3266 1377 3574 1443 ἀκολούθως
3609 1381 3701 1435 ἐπὶ
3719 1380 3796 1437 τοῦ

2228 1472 2494 1544 παρόντος
2548 1473 2803 1544 παραινεῖ
2869 1470 3089 1540 φεύγειν
3138 1470 3267 1534 τοὺς
3324 1469 3452 1551 τῶν.
3480 1473 3795 1542 παρανόμων

2226 1564 2655 1639 τρόπους,ιμηδὲ
2696 1562 2792 1627 τὰς
2824 1562 3042 1634 ὁμοίους
3091 1561 3273 1616 αὐτῶν
3316 1562 3542 1632 πράξεις
3595 1564 3793 1636 ζηλοῦν.

2241 1657 2392 1710 Ἐπεὶ
2415 1656 2461 1711 δ’
2487 1655 2674 1728 ἕτερον
2696 1656 2809 1708 ἔστι
2833 1653 2926 1707 τοῦ
2964 1653 3157 1724 ζηλοῦν
3174 1654 3235 1707 τὸ
3255 1651 3627 1724 παραζηλοῦν,
3649 1657 3793 1727 ἐρεῖς,

2220 1749 2302 1802 ὅτι
2338 1747 2401 1801 τὸ
2442 1744 2704 1819 ἐρεθίζειν
2742 1735 2837 1798 καὶ
2865 1746 2944 1807 είς
2977 1743 3307 1814 ζηλοτυπίαν
3352 1745 3614 1817 ἐγείρειν,
3657 1746 3795 1800 τοῦτό

2225 1842 2340 1894 ἐστι
2364 1839 2426 1893 τὸ
2456 1830 2989 1909 παραζηλοῦν.”Οθεν
3017 1837 3044 1889 ὁ
3070 1836 3170 1907 μὲν
3186 1835 3415 1900 Ἀκύλας
3437 1838 3791 1908 ήρμήνευσενο

2154 1895 2193 1951 Β
2221 1931 2319 2001 Μὴ
2350 1895 2639 2002 (tundier;
2661 1895 2736 1984 ’ἐν
2768 1895 3272 2005 ποντιρευολιένοις
3291 1944 3304 1959 ·
3333 1929 3362 1981 6

2219 2024 2318 2092 Μὴ
2354 2023 2681 2092 φιλονείκει
2729 2022 3106 2089 κακούργοις.
3151 2010 3383 2091 Νοήσεις
3412 2019 3469 2072 δὲ
3496 2020 3558 2074 τὸ
3587 2020 3795 2093 εἰρημέ-

2221 2132 2309 2168 νον
2359 2115 2454 2168 καὶ
2494 2115 2600 2167 άπὸ
2639 2114 2764 2166 τοῦ·
2792 2112 2969 2167 Αὐτοὶ
3016 2101 3448 2181 πιφεζήλωσάν
3472 2130 3551 2182 με
3604 2115 3697 2167 ἐπ’
3734 2116 3793 2170 οὐ

2223 2204 2373 2272 Θεῷ,
2404 2204 2788 2276 παρὼργισιίν
2832 2222 2908 2274 με
2960 2187 3031 2257 ἐν
3083 2203 3207 2270 τοῖς
3256 2203 3531 2272 εἰδώλοις
3578 2207 3789 2262 αὐτῶν·

2221 2300 2384 2371 κάγὼ
2424 2296 2831 2368 παραζηλώσω
2874 2297 3098 2364 αὐτοὺς
3156 2297 3247 2350 ἐπ’
3300 2300 3413 2381 οὐκ
3466 2298 3668 2355 ἔθνει·
3714 2302 3790 2356 ἐπ’

2219 2394 2377 2447 ἔθνει
2409 2390 2682 2456 ἀσυνέτῳ
2704 2388 3001 2461 παροργιῶ
3029 2391 3269 2457 αὐτούς.
3295 2389 3451 2443 Οὕτω
3484 2392 3580 2447 καὶ
3608 2393 3793 2449 611:6-

2222 2481 2405 2544 στολος
2448 2481 2673 2552 γράφων
2718 2479 3025 2550 Κορινθίοις
3068 2473 3287 2549 ἔλεγεν
3338 2466 3410 2536 Ἢ
3436 2482 3793 2554 παραζηλοῦ-

2214 2595 2330 2647 μεν
2365 2576 2472 2631 τὸν
2510 2578 2777 2649 ,Κύριον;
2828 2573 2926 2646 Μὴ
2960 2579 3327 2646 ἰσχυρότεροι
3360 2578 3549 2633 αὐτοῦ
3586 2579 3791 2650 eam;

2220 2670 2294 2722 Τὸ
2338 2669 2394 2722 δὲ
2436 2667 2631 2740 ζηλοῦν
2684 2667 2779 2721 τοῦ
2834 2667 3118 2747 βούλεσθαι
3150 2670 3243 2723 καὶ
3274 2652 3451 2741 ἐαυτῷ
3479 2665 3791 2744 ὗπάρχεινό

2220 2760 2429 2832 νομίζει
2461 2761 2537 2832 τῷ
2570 2760 2739 2825 πέλας
2772 2763 3051 2833 παρεῖναι,
3079 2755 3301 2840 άγαθόν.
3338 2754 3445 2816 Καὶ
3471 2763 3592 2816 ἐστι
3628 2764 3687 2817 τὸ
3707 2762 3791 2836 ζη-

2218 2853 2341 2906 λοῦν
2370 2852 2558 2924 μέσον·
2593 2852 2851 2917 πολλάκις
2892 2852 3001 2925 γὰρ
3051 2854 3081 2906 ὁ
3126 2852 3287 2931 ζῆλος
3324 2856 3454 2925 περὶ
3486 2847 3553 2908 οὗ
3589 2858 3622 2909 ὁ
3648 2855 3791 2920 αὑτός

2220 2960 2413 3016 φησιν’
2448 2943 2759 3012 Ζηλοῦσιν
2786 2942 2943 3014 ὑμᾶς
2973 2947 3046 3021 οὑ
3078 2944 3297 3021 καλῶς,
3328 2947 3465 3001 ἀλλ’
3498 2947 3788 3003 ἐκκλεῖσαι

2218 3034 2373 3105 ὑμᾶς
2405 3028 2708 3090 θέλουσιν.
2726 3036 2923 3100 Φθόνος
2964 3031 3185 3115 μὲνοῦν
3214 3019 3314 3089 οῦκ
3346 3036 3413 3090 ἂν
3436 3036 3655 3105 γένοιτό
3677 3054 3788 3091 ποτε

2218 3126 2451 3205 ἀγαθός·
2487 3126 2629 3205 λύπη
2657 3126 2765 3198 γάρ
2796 3129 2944 3197 ἐστιν
2997 3126 3092 3182 ἐπὶ
3144 3129 3209 3199 τῇ
3262 3127 3356 3181 τοῦ
3393 3128 3568 3194 πέλας
3598 3130 3788 3201 εὐπρα-

534 3217 639 3275 Hic
688 3235 873 3291 porro,
905 3222 1205 3277 secundum
1257 3223 1535 3294 Aquilam,
1580 3236 1692 3280 non
1740 3227 2113 3283 dimicandum

2221 3203 2343 3285 γίᾳ·
2375 3214 2533 3285 ζῆλος
2573 3203 2632 3267 δέ
2667 3217 2815 3270 ἐστιν
2847 3217 2937 3270 ὅτε
2969 3210 3180 3285 γίνεται
3215 3217 3418 3287 ἀγαθὸς
3451 3218 3640 3283 καθὼς
3669 3221 3787 3273 ἀπο-

530 3322 657 3365 esse
680 3324 804 3365 cum
838 3313 1260 3383 malignantibus
1282 3324 1499 3383 monet;
1527 3317 1828 3373 secundum
1861 3317 2112 3390 Symma—

531 3399 721 3467 chum,
756 3419 863 3457 non
900 3404 1278 3461 altercandum
1331 3423 1453 3461 cum
1486 3409 1786 3478 maleticis;
1811 3412 2112 3467 secundum

531 3490 781 3560 quintam
816 3492 1136 3560 editionem,
1165 3511 1276 3552 non
1324 3498 1528 3553 irritari
1559 3507 1814 3569 oportere
1843 3517 1967 3557 cum
1996 3519 2113 3558 ma-

532 3582 867 3655 lignantibus
886 3604 900 3653 ;
919 3588 1217 3643 secundum
1237 3606 1369 3645 vero
1392 3590 1536 3645 LXX
1561 3612 1573 3646 :
1601 3591 1721 3647 Noli
1748 3595 1992 3667 aemulari
2018 3611 2114 3651 ne-

530 3689 640 3747 que
687 3676 980 3743 concitari,
1012 3678 1058 3734 si
1102 3680 1238 3736 alios
1274 3683 1415 3737 male
1444 3692 1666 3754 agentes
1694 3685 1904 3752 videas,
1935 3700 2113 3758 neque

528 3776 587 3824 te
610 3769 890 3825 concitent
922 3769 1156 3840 improbi
1193 3787 1453 3843 prospere
1481 3784 1727 3846 agentes,
1766 3785 1825 3832 ut
1870 3787 1931 3833 tu
1972 3794 2115 3850 quo-

530 3875 640 3931 que
692 3861 828 3917 velis
881 3877 999 3917 rem
1048 3862 1189 3918 bene
1234 3880 1444 3935 gerere.
1486 3866 1787 3939 linamque
1813 3868 1868 3924 in
1898 3886 1958 3924 re
1987 3885 2113 3941 pro-

529 3965 692 4021 spera
742 3958 798 4006 et
840 3951 898 4006 in
947 3951 1164 4009 deliciis
1212 3964 1437 4024 agentes
1466 3963 1519 4012 te
1545 3956 1925 4029 instigant;at
1953 3972 2011 4014 tu
2043 3975 2111 4016 ne

527 4041 806 4096 atmuleris
841 4056 1019 4112 neque
1049 4043 1362 4108 conciteris,
1397 4046 1490 4101 sed
1524 4062 1703 4118 neque
1727 4049 1990 4105 zelaveris
2026 4049 2111 4104 la-

530 4133 740 4189 cientes
782 4134 1161 4204 iniquitatem;
1202 4151 1272 4192 ne
1308 4137 1498 4194 beatos
1528 4141 1794 4211 praedices
1825 4142 1971 4209 illos,
2003 4158 2110 4199 neu

530 4235 689 4298 putes
719 4227 774 4280 in
802 4226 962 4283 bonis
990 4228 1199 4284 versari
1225 4248 1239 4283 :
1265 4245 1367 4287 nec
1406 4232 1525 4301 pari
1569 4234 1731 4289 modo
1767 4249 1882 4289 rem
1919 4251 2111 4307 gerere

528 4325 780 4389 exoptes.

600 4493 767 4551 Vsus.
800 4496 963 4551 2-9.
1017 4486 1281 4563 Quoniam
1337 4507 1591 4571 tanquam
1636 4500 1813 4570 fenum
1868 4502 2111 4557 velociter

2218 3301 2550 3375 δεδώκαμεν.
2595 3306 2856 3360 Ἐνταῦθα
2884 3307 2941 3381 δὲ
2968 3310 2997 3360 ὁ
3023 3307 3179 3377 λόγος
3209 3309 3348 3363 κατὰ
3389 3310 3488 3381 μὲν
3514 3310 3611 3364 τὸν
3646 3311 3787 3366 Ἀκύ-

2217 3396 2315 3452 λαν
2366 3397 2441 3471 μὴ
2504 3399 2867 3472 διαμάχεσθαι
2924 3380 2983 3453 ἐν
3038 3380 3495 3474 πονηρευομένοις
3528 3405 3785 3476 παραινεῖ,

2217 3489 2357 3543 κατὰ
2402 3490 2461 3544 δὲ
2509 3490 2824 3569 Σύμμαχον,
2864 3492 2937 3565 μὴ
2970 3493 3293 3563 φιλονεικεῖν
3340 3495 3399 3547 ἐν
3449 3496 3787 3567 κακούργοις,

2217 3583 2359 3638 κατὰ
2400 3583 2456 3637 δὲ
2502 3583 2600 3655 τὴν
2643 3584 2901 3657 πέμπτην
2952 3585 3181 3648 ἔκδοσιν,
3238 3586 3312 3657 μὴ
3360 3586 3699 3659 ἐρεθίζεσθαι
3739 3590 3787 3640 ἐν

2218 3673 2698 3745 πονηρευομένοις’
2754 3674 2894 3728 κατὰ
2949 3663 3006 3727 δὲ
3056 3677 3181 3739 τοὺς
3241 3674 3666 3747 Ἐϐδομήκοντα·
3707 3677 3787 3745 Μὴ

2218 3763 2543 3841 παροξύνου,
2580 3765 2736 3836 φησὶ,
2769 3765 2904 3837 μηδὲ
2951 3766 3195 3837 ἐρεθίζου
3223 3765 3364 3838 ὁρῶν
3393 3766 3618 3837 ἑτέρους
3641 3785 3788 3838 πονη-

2221 3857 2573 3929 ρευομένουςο
2603 3844 2740 3930 μηδέ
2768 3876 2826 3912 σε
2855 3859 3215 3930 ὲγειρέτωσαν
3239 3858 3625 3932 εὐθηνούμενοι
3645 3859 3787 3915 κακοὶ

2217 3950 2309 4003 ἐπὶ
2333 3933 2394 4003 τὸ
2426 3949 2519 4003 καὶ
2546 3938 2751 4004 ἐθέλειν
2783 3936 2983 4021 ὁμοίως
3012 3952 3197 4013 αὐτοῖς
3218 3950 3537 4024 εὐπραγεῖν.
3576 3952 3785 4006 Ἐκεῖνοι

2220 4040 2317 4110 μὲν
2355 4038 2463 4112 γὰρ
2495 4029 2877 4112 εὖθηνούμενοι
2928 4039 3019 4093 καὶ
3071 4038 3383 4111 τρυφῶντες
3429 4038 3785 4112 παραζηλοῦσί

2219 4147 2310 4184 σε’
2348 4131 2412 4183 σὺ
2442 4115 2499 4182 et
2532 4130 2605 4202 μὴ
2639 4117 2957 4201 παραζήλου
2987 4130 3122 4202 μηδὲ
3147 4129 3482 4202 παροξύνουο
3504 4130 3645 4184 ἀλλὰ
3667 4126 3785 4202 μ.ηᾶ

2217 4220 2379 4294 ζήλου
2396 4222 2520 4285 τοὺς
2536 4221 2822 4286 ποιοῦντας
2848 4221 3096 4293 ἀνομίαν,
3123 4220 3257 4293 μηδὲ
3282 4222 3559 4293 μακάριζε
3584 4223 3783 4287 αὐτοὺς,

2216 4315 2308 4368 καὶ
2335 4316 2391 4368 ὲν
2416 4300 2641 4383 ἀγαθοῖς
2684 4309 2823 4368 εἶναι
2867 4312 3084 4386 νόμιζε·
3128 4312 3250 4385 μηδ’
3281 4312 3441 4385 εὔχου
3476 4314 3575 4368 καὶ
3608 4312 3783 4369 σαυτὸν

2215 4389 2415 4479 δμοίως
2445 4407 2627 4471 αὐτοῖς
2658 4406 2936 4479 πράττειν.

2292 4500 2419 4554 Ὅτι
2466 4497 2608 4554 ὡσεί
2676 4500 2882 4568 χόρτος
2966 4498 3113 4568 ταχὺ
3171 4494 3779 4568 ἁποξηρανθῆσονται.

527 4597 787 4645 arescent.
861 4588 1066 4645 Dcinde
1137 4607 1361 4646 causam
1422 4594 1633 4664 aperit,
1712 4594 1933 4663 dicens,
1987 4598 2113 4667 quia

2221 4587 2353 4645 Εἶτα
2378 4591 2477 4679 τῂν
2510 4574 2689 4644 αίτίαν
2715 4582 2974 4654 διδάσκει,
2999 4588 3192 4657 λέγων,
3220 4588 3303 4642 ὅτι
3333 4588 3396 4642 τὸ
3419 4589 3576 4653 τέλος
3616 4587 3780 4644 αὐτῶν

524 4680 654 4737 ﬁnis
700 4681 917 4737 illorum
965 4683 1111 4750 talis,
1167 4685 1345 4754 qualis
1399 4684 1508 4741 feni
1565 4686 1745 4743 exitus
1784 4696 1902 4754 est;
1961 4689 2109 4759 quod

524 4785 653 4825 cum
701 4771 1097 4842 aliquantisper
1136 4773 1402 4837 ﬂoruerit,
1431 4774 1692 4828 velociter
1717 4775 1933 4830 arescit.
1968 4773 2105 4829 Nam

525 4865 699 4918 omnis
727 4881 855 4919 caro
881 4865 1082 4934 fenum.
1113 4875 1162 4919 et
1188 4867 1359 4920 omnis
1384 4866 1560 4937 gloria
1589 4868 1701 4938 ejus
1723 4869 1875 4938 quasi
1904 4869 2002 4937 ﬂos
2029 4867 2106 4937 {e-

523 4957 601 5012 ni.
642 4956 987 5014 Exsiccatutn
1037 4969 1113 5013 est
1170 4959 1368 5024 fenum,
1416 4968 1465 5013 et
1516 4960 1614 5028 ﬂos
1669 4946 1941 5017 decidit“.
1997 4961 2106 5017 Sed

522 5049 714 5112 etiam,
747 5049 1190 5121 quemadmodum
1224 5050 1371 5104 olera
1400 5036 1681 5104 herbarum
1709 5052 1815 5105 cito
1843 5051 2101 5110 decident.

524 5138 607 5197 Ne
656 5142 876 5211 quidem
922 5141 1071 5211 digni
1116 5150 1245 5197 sunt
1292 5142 1385 5213 qui
1425 5143 1668 5198 oleribus
1695 5143 1748 5197 in
1782 5149 1914 5213 agro
1942 5144 2107 5200 cultis

525 5242 932 5303 comparentur.
963 5234 1094 5301 Quze
1126 5249 1292 5290 causa
1320 5235 1488 5305 igitur
1523 5239 1608 5290 est
1639 5250 1738 5289 cur
1760 5251 1854 5290 eos
1882 5236 2107 5291 temule-

526 5341 673 5391 mur,
708 5327 799 5397 qui
831 5318 955 5381 cum
991 5329 1140 5384 brevi
1166 5339 1409 5399 tempore
1434 5324 1739 5389 ﬂoruerint.
1771 5343 1895 5382 cras
1925 5329 1977 5382 in
2002 5328 2103 5382 cli-

524 5414 730 5468 banum
780 5416 1085 5481 mittentur,
1119 5425 1179 5471 ut
1226 5418 1385 5472 docet
1433 5416 1785 5472 Salvator"?
1838 5415 2002 5487 Spera
2048 5419 2104 5472 in

532 5506 776 5571 Domino,
808 5517 857 5562 et
888 5509 974 5576 [ac
997 5508 1304 5574 bonitatem,
1331 5520 1380 5565 et
1409 5510 1649 5564 inhabita
1677 5519 1895 5573 terram,
1923 5520 1972 5565 et
2006 5528 2105 5581 pa-

522 5601 685 5654 sceris
713 5601 767 5653 in
794 5601 993 5656 divitiis
1023 5602 1157 5670 ejus.
1196 5601 1468 5657 Delectare
1494 5602 1548 5656 in
1584 5600 1828 5669 Domino,
1859 5610 1909 5658 ει
1952 5602 2102 5658 dabit

2214 4678 2452 4738 τοιοῦτόν
2477 4685 2646 4748 ἐστιν,
2673 4685 2855 4737 ὁποῖον
2881 4681 2942 4735 τὸ
2977 4681 3070 4736 τοῦ
3099 4681 3322 4754 χόρτου·
3360 4680 3418 4747 ὃς
3448 4678 3587 4755 πρὸς
3619 4681 3782 4749 ὀλίγον

2213 4778 2473 4849 ἀνθήσας,
2519 4777 2657 4848 ταχὺ
2718 4774 3162 4848 ἀποξηραίνεται.
3224 4774 3400 4831 Πᾶσα
3467 4776 3577 4849 γὰρ
3637 4774 3780 4844 σὰρξ

2210 4871 2444 4941 χόρτος,
2476 4868 2575 4922 καὶ
2614 4864 2781 4923 πᾶσα
2808 4866 2959 4933 δόξα
3000 4867 3191 4937 αὐτῆς
3222 4868 3303 4935 ὠς
3328 4866 3512 4933 ἄνθος
3551 4868 3777 4937 χόρτου.

2224 4944 2552 5029 Ἐξηράνθη
2569 4962 2602 5014 ό
2622 4960 2856 5029 χόρτος,
2871 4960 2969 5013 καὶ
2996 4958 3062 5013 τὸ
3091 4958 3274 5022 ἄνθος
3288 4954 3601 5023 ἐξέπεσεν.
3632 4954 3780 5011 Ἀλλὰ

2212 5052 2325 5115 καὶ,
2347 5037 2492 5105 ὡσεὶ
2510 5050 2749 5121 λάχανα
2769 5053 2958 5122 χλόης
2986 5050 3139 5121 ταχὺ
3166 5046 3615 5107 ἀποπεσοῦνται
3633 5067 3648 5082 ·
3670 5048 3778 5104 οὐδὲ

2211 5142 2644 5215 γεωργουμένοις
2687 5141 2938 5215 λαχάνοις
2977 5141 3117 5210 ἄξιοί
3165 5142 3271 5196 εἰσι
3323 5140 3776 5215 παραϐάλλεσθαι.

2214 5220 2279 5287 Τί
2297 5231 2391 5289 οῦν
2420 5234 2569 5302 ἄξιον
2594 5234 2787 5306 ζηλοῦν
2812 5236 3053 5301 τούτους,
3078 5231 3133 5288 οῖ’
3153 5230 3291 5307 πρὸς
3318 5233 3496 5305 ὀλίγον
3522 5235 3779 5305 ἀνθήσαν-

2210 5343 2320 5391 τες,
2374 5326 2561 5400 αὔριον
2616 5330 2696 5393 είς
2751 5328 3001 5384 κλίϐανον
3050 5322 3449 5400 βάλλονται.ὦς
3499 5324 3778 5393 ἐδίδαξενό

2212 5402 2432 5492 Σέωτὴρ;
2466 5422 2760 5475 Ἕλπισον
2787 5421 2889 5475 ἐπὶ
2933 5423 3173 5491 Κύριον,
3214 5421 3311 5475 καὶ
3346 5420 3501 5475 ποίει
3531 5416 3777 5491 χρηστό-

2208 5528 2375 5579 τητα,
2419 5514 2517 5566 καὶ
2561 5514 2950 5599 κατασκήνου.
2981 5508 3097 5584 τὴν
3127 5508 3264 5584 γῆν,
3281 5507 3380 5567 καὶ
3405 5508 3773 5583 ποιμανθήσῃ

2207 5605 2305 5659 ἐπὶ
2351 5603 2432 5672 τῷ
2479 5607 2720 5676 πλούτῳ
2761 5606 2967 5677 αὐτῆς.
3016 5607 3487 5676 Κατατρύφησον
3522 5602 3628 5662 τοῦ
3669 5605 3785 5659 Ku-

594 5779 643 5819 ⁶ι⁸
678 5780 835 5837 Dc'ut.
870 5797 1054 5848 χχχιι,
1086 5781 1177 5835 2!.
1257 5783 1301 5815 “
1340 5781 1515 5838 lCor.
1551 5799 1618 5853 x,
1654 5784 1744 5839 22.
1823 5784 1866 5816 ⁸³
1886 5782 2062 5841 Galat.
2098 5802 2185 5850 tv,
2222 5772 2309 5840 l7.
2388 5785 2432 5817 “
2469 5782 2575 5840 Isa.
2609 5793 2712 5850 XL,
2748 5785 2800 5841 6.
2881 5785 2924 5818 ⁸⁷
2962 5784 3151 5842 Matth.
3184 5798 3270 5847 VI,
3298 5782 3386 5838 30.
