3940 6292
105 370 222 424 325

1258 362 1761 421 COMMENTARIA
1801 363 1866 419 IN
1908 356 2263 424 PSALMOS.‘

3275 383 3387 439 3‘26

97 488 271 559 ρίου,
290 484 396 539 καὶ
425 483 544 550 δῴη
568 498 669 536 σοι
692 480 887 535 πάντα
918 481 989 535 τὰ
1016 480 1307 551 αἰτήματα
1330 481 1442 551 τῆς
1470 482 1708 551 καρδίας

1821 483 1914 537 tibi
1954 500 2129 538 omnes
2157 486 2436 553 petitiones
2468 486 2644 541 cordis
2682 490 2780 544 tui.
2815 491 3103 563 Postquam
3134 499 3387 568 superio-

102 594 253 633 σου.
302 575 685 646 Ἀποστρέψας
717 572 811 627 τοῦ
842 572 1005 644 ζήλου
1046 572 1155 627 τῶν
1196 574 1449 645 πονηρῶν
1481 573 1567 626 διά
1604 574 1713 628 τῶν

102 669 380 741 πρώτων,
416 666 577 729 εὐθὺς
608 670 673 719 ἐκ
703 665 1046 738 παραλλήλου
1094 665 1192 737 τὴν
1238 666 1404 737 ὀρθὴν
1435 666 1527 719 καὶ
1564 666 1714 737 βασι-

101 760 275 832 λικὴν
302 760 432 813 ὁδὸν
468 757 674 827 τίθησι,
707 755 920 819 δεικνὺς
952 757 1142 809 ὁποίαν
1178 756 1281 827 χρὴ
1326 756 1587 826 βαδίζειν.
1625 759 1714 812 Διό

105 869 313 923 φησιν’
357 852 509 903 Ἀνω
548 847 735 917 βλέπε,
782 841 827 899 ὧ
871 841 1043 910 οὗτος,
1080 847 1297 917 ἀφορῶν
1339 849 1417 910 είς
1470 849 1559 901 τὸν
1608 849 1715 903 τῶν

105 946 247 999 ὅλων
281 944 657 1014 κυϐερνήτην,
706 942 800 993 καὶ
850 940 1011 993 αὑτὸν
1046 940 1271 993 σεαυτοῦ
1325 940 1511 995 ἐλπίδα
1554 942 1715 1013 θέμε-

106 1048 214 1096 νος·
237 1032 448 1104 θάρσει
470 1032 544 1095 ὡς
571 1031 662 1084 ἐπὶ
698 1030 939 1101 μεγάλην
965 1031 1211 1101 ἄγκυραν
1235 1032 1586 1103 ἡδρασμένος.
1606 1034 1715 1087 Καὶ

107 1126 176 1178 τά
213 1125 320 1196 μὲν
352 1126 462 1196 τῆς
490 1124 730 1186 διανοίας
787 1140 879 1176 σου
926 1122 1128 1193 ταύτην
1157 1123 1325 1193 ἐχέτω
1367 1123 1464 1194 τὴν
1492 1123 1709 1177 ἐλπίδα’

106 1222 225 1281 ταῖς
274 1217 337 1270 δὲ
400 1216 663 1288 πράξεσιν
702 1213 933 1287 ἐργάζου
984 1216 1081 1269 καί
1126 1217 1279 1269 ποίει
1313 1219 1711 1286 χρηστότητα,

110 1309 316 1363 ὡσανεὶ
374 1309 614 1379 σπόρους
646 1306 828 1377 σαυτῷ
861 1306 1189 1377 βαλλόμενος
1217 1308 1303 1360 ἐπ’
1347 1307 1523 1378 ἀγαθῇ
1579 1325 1715 1379 καρ⁴

108 1398 227 1451 πῶν
262 1397 601 1468 συγκομιδῇ.
640 1397 824 1451 Ταῦτα
870 1396 925 1449 δὲ
968 1396 1037 1451 τὰ
1070 1396 1162 1449 δύο
1204 1397 1564 1468 κτησάμενος,
1604 1416 1715 1469 μη-

110 1490 226 1543 κέτι
256 1491 398 1561 περί
418 1508 559 1552 τινος
582 1488 809 1557 ἀγωνία.
832 1486 1231 1554 Κατασκήνου
1256 1487 1369 1555 τὴν
1393 1487 1714 1560 γῆν-ἀμερί-

113 1602 283 1655 μνως,
315 1584 426 1637 καὶ
463 1584 561 1655 τὴν
597 1583 929 1655 πρόσκαιρον
968 1582 1194 1651 ταυτηνὶ
1239 1580 1402 1651 ζωὴν,
1434 1580 1621 1653 ὥσπερ
1654 1584 1713 1635 ἐν

114 1680 311 1749 σκηνῇ,
352 1677 497 1749 πρὸς
537 1676 714 1744 ὀλίγον
772 1674 944 1738 ἑστὼς
998 1675 1171 1742 δίαγε.
1211 1673 1567 1745 Ποιμανθήσῃ
1603 1674 1711 1746 γὰρ

113 1772 263 1842 δίκην
298 1770 629 1842 θρέμματος
672 1766 876 1834 ἀγαθοῦ
913 1766 1016 1817 ὑπὸ
1063 1764 1279 1834 ποιμένι
1315 1763 1460 1832 καλῷ
1492 1781 1711 1835 ποιμαι-

1817 575 1969 630 ribus
2015 574 2175 630 dictis
2212 577 2280 631 ab
2323 578 2671 634 aemulatione
2704 580 3075 650 improborum
3124 602 3390 645 avocave-

1817 668 2119 732 rat,statim
2150 684 2217 723 ex
2249 669 2502 739 Opposito
2534 679 2737 724 rectam
2763 673 3074 748 regiamque
3090 678 3233 733 viam
3259 697 3388 750 pro-

1816 758 1988 827 ponit.
2044 757 2295 813 indicans
2346 774 2454 827 qua
2498 760 2570 813 sit
2614 760 2995 817 incedendum.
3044 767 3388 841 Quapropter

1816 848 1888 900 ait
1916 866 1929 902 :
1956 846 2099 904 Heus
2131 855 2209 915 tu,
2233 864 2449 905 sursum
2502 852 2704 920 aspice,
2738 867 2802 907 ac
2853 858 3236 913 universorum
3269 878 3388 917 mo-

1815 939 2118 993 deratorem
2166 938 2402 1003 intuere,
2463 948 2625 1011 atque
2674 942 2853 1012 ipsum
2910 960 3061 1014 spem
3116 952 3390 1009 constitue

1815 1039 1965 1083 tuam
1993 1046 2006 1083 :
2033 1029 2178 1084 bono
2211 1029 2395 1083 animo
2424 1038 2565 1094 esto,
2601 1041 2659 1087 ut
2693 1050 2888 1106 magna
2918 1039 3159 1093 anchora
3206 1041 3391 1098 ﬁrma-

1812 1129 1921 1175 tus.
1956 1118 2023 1173 Et
2053 1129 2233 1175 mente
2261 1120 2477 1191 quidem
2508 1138 2658 1191 spem
2688 1125 2850 1179 talem
2883 1128 3102 1197 capias;
3128 1133 3390 1201 operibus

1813 1220 1992 1267 autem
2016 1228 2314 1283 exsequere
2352 1223 2401 1267 et
2432 1214 2517 1282 [ac
2547 1214 2867 1281 bonitatem;
2896 1228 2955 1273 ut
2994 1221 3062 1275 iis
3095 1237 3196 1277 ceu
3222 1224 3390 1293 jactis

1812 1306 1911 1359 tibi
1938 1306 2258 1370 seminibus,
2289 1308 2527 1377 opimam
2558 1309 2833 1364 fructuum
2858 1313 3067 1382 copiam
3092 1316 3385 1385 percipias.
3426 1376 3437 1394 ι

1812 1396 2085 1453 Horumce
2116 1413 2280 1468 porro
2309 1397 2541 1453 duorum
2591 1402 2818 1471 potitus,
2854 1420 2922 1458 ne
2973 1406 3111 1459 ultra
3144 1406 3211 1461 de
3250 1424 3389 1478 quo-

1810 1492 1955 1561 piam
1983 1490 2179 1546 anxius
2200 1500 2343 1557 esto,
2366 1492 2605 1546 inhabita
2629 1504 2821 1549 terram
2846 1497 2965 1551 sine
2994 1498 3383 1565 sollicitudine,

1812 1598 1876 1637 ac
1906 1593 2309 1654 temporaneam
2339 1584 2547 1640 hancce
2572 1586 2759 1650 vitam,
2786 1588 2943 1658 quasi
2973 1590 3028 1643 in
3066 1591 3387 1647 tabernacu-

1810 1676 1884 1742 lo,
1914 1675 2065 1731 brevi
2098 1677 2287 1747 exigas
2324 1695 2336 1729 :
2367 1677 2568 1733 etenim
2618 1678 2791 1732 instar
2842 1680 2995 1735 bona:
3034 1682 3261 1751 pecudis
3287 1700 3386 1739 cu-

1810 1777 1964 1824 rante
1996 1770 2140 1825 bono
2168 1779 2388 1840 pastore
2419 1770 2680 1839 pasceris.
2703 1770 2837 1825 Nam
2872 1773 2916 1829 si
2941 1790 3061 1843 qua:
3082 1776 3265 1829 insunt
3284 1776 3387 1830 ho-

111 1865 362 1934 νόμενος.
400 1863 467 1914 Εἰ
508 1861 616 1931 γάρ
665 1859 747 1922 τίς
800 1859 945 1910 ἐστιν
994 1860 1050 1909 ἐν
1095 1854 1401 1926 ἀνθρώποις
1454 1854 1704 1924 ἀληθινὸς

1812 1862 2043 1917 minibus
2073 1878 2214 1917 verae
2243 1862 2407 1917 animi
2435 1862 2656 1930 divitiae,
2685 1872 2806 1934 qua:
2840 1864 2895 1918 in
2926 1866 3127 1921 divinis
3159 1867 3385 1938 dogma-

116 1956 283 2026 ψυχῆς
345 1953 604 2016 πλοῦτος,
650 1952 677 2003 ὁ
721 1953 777 2003 ἐν
820 1949 982 2012 θείοις
1037 1948 1270 2017 δόγμασι
1312 1946 1406 1999 καὶ
1444 1949 1554 2009 τοῖς
1596 1946 1706 2000 τῶν

121 2049 273 2100 θείων
305 2044 763 2115 ἀναγνωσμάτων
800 2041 1110 2113 μαθήμασι,
1132 2038 1333 2091 τούτων
1361 2038 1704 2103 ἀπολαύσεις,

124 2133 255 2185 ὣστε
307 2133 529 2201 λέγειν·
565 2133 778 2199 Κύριος
807 2129 1103 2198 ποιμαίνει
1136 2144 1233 2197 με,
1270 2127 1366 2179 καὶ
1414 2126 1594 2180 οὐδέν
1633 2144 1710 2195 με

128 2224 474 2293 ὑστερήσει.
500 2223 663 2277 Οὐδὲν
696 2223 802 2294 γάρ
828 2240 886 2275 σε
912 2222 1196 2292 ὑστερήσει
1218 2222 1635 2290 ποιμαινόμενω
1652 2222 1708 2275 ἐν

130 2317 437 2387 τῷπλούτῳ
466 2316 559 2369 τοῦ
590 2315 751 2368 καλοῦ
802 2314 1077 2385 ποιμένος,
1105 2312 1182 2383 τῷ
1212 2312 1568 2385 δεδωρημένῳ
1595 2316 1709 2377 τοῖς

127 2410 197 2461 ἔτι
224 2410 318 2463 ἐπί
351 2410 461 2480 γῆς
498 2408 937 2479 ποιμαινομένοις
963 2406 1289 2479 ἀνθρώποις.
1332 2408 1475 2460 Ἀντὶ
1510 2407 1565 2459 δὲ
1589 2406 1706 2470 τοῦ,

118 2503 225 2558 Καὶ
248 2501 639 2570 ποιμανθήσῃ
656 2501 753 2553 ἐπὶ
770 2500 847 2565 τῷ
861 2500 1101 2563 πλούτῳ
1124 2498 1332 2567 αὐτῆς,
1349 2500 1376 2551 ὁ
1392 2500 1461 2551 Σύ
1473 2516 1705 2569 μμαχος,

117 2596 229 2649 Καὶ
278 2594 601 2661 ποιμαίνου
629 2591 940 2661 διηνεκῶς,
973 2591 1261 2657 ἐξέδωκεν*
1295 2592 1324 2642 ὁ
1362 2590 1419 2643 δὲ
1456 2590 1705 2657 Ἀκύλας,

118 2687 231 2742 Καὶ
264 2686 458 2755 νέμου
487 2686 710 2739 πίστιν.
745 2679 856 2737 Εἶθ’
895 2683 1082 2756 ὥσπερ
1120 2684 1227 2738 τῶν
1263 2683 1708 2755 πονηρευομένων

120 2780 348 2835 καὶτῶν
364 2778 657 2832 ποιούντων
678 2777 777 2848 τὴν
800 2777 1026 2847 ἀνομίαν
1047 2776 1328 2847 ὑπέγραψε
1348 2777 1407 2829 τὸ
1426 2776 1598 2842 τέλος,
1613 2776 1706 2829 οῦ-

118 2890 221 2933 τως
241 2871 339 2923 καὶ
375 2870 462 2923 σοὶ
477 2870 555 2940 τῷ
576 2868 846 2933 ἐλπίζοντι
875 2869 966 2921 ἐπὶ
995 2868 1083 2920 τὸν
1118 2868 1320 2939 Κύριον
1352 2867 1445 2921 καὶ
1468 2867 1708 2921 ποιοῦντι

124 2964 470 3036 χρηστότητα
484 2961 654 3015 ὁπόσα
676 2960 903 3031 ὑπάρξει
920 2959 1099 3029 ἀγαθὰ
1110 2959 1335 3031 καταριθ
1345 2962 1541 3030 μεῖται.
1559 2960 1711 3030 Πρῶ-

123 3075 203 3110 τον
238 3058 343 3128 μὲν
380 3056 493 3127 γὰρ
524 3056 865 3127 ποιμανθήση
897 3056 989 3109 ἐπὶ⁸
1022 3053 1099 3125 τῷ
1132 3053 1344 3124 πλούτῳ
1371 3053 1448 3124 τῷ
1474 3053 1708 3125 ἀληθινῷ

120 3150 205 3203 τοῦ
257 3148 440 3202 καλοῦ
495 3148 780 3218 ποιμένοςο
810 3146 1094 3219 δεύτερον,
1127 3148 1561 3219 κατατρυφήσεις
1612 3146 1706 3200 τοῦ

1808 1954 1956 2009 tibus
2007 1961 2061 2009 et
2107 1953 2308 2009 divinis
2342 1953 2669 2009 lectionibus
2704 1962 3043 2024 spectantur,-
3072 1957 3139 2012 iis
3183 1957 3383 2015 frueris

1808 2047 1881 2100 ita
1912 2052 1971 2099 ut
2000 2044 2191 2103 dicas:
2218 2046 2477 2102 Dominus
2508 2047 2678 2114 pascit
2709 2064 2789 2101 me
2829 2056 2878 2101 et
2908 2049 3041 2102 nihil
3084 2050 3212 2103 mihi
3262 2050 3384 2106 dee-

1808 2140 1878 2190 rit
1902 2140 1966 2193 ⁸⁸.
1993 2137 2137 2192 Nihil
2181 2140 2383 2211 quippe
2432 2138 2606 2194 deerit
2640 2140 2758 2205 tibi,
2793 2141 2839 2194 si
2874 2142 2926 2194 in
2961 2141 3092 2196 boui
3146 2146 3383 2213 pastoris

1809 2231 2012 2286 divitiis
2042 2233 2306 2302 pascaris,
2342 2249 2464 2303 quat
2486 2240 2783 2302 erogantur
2810 2234 3118 2289 hominibus
3151 2237 3204 2289 in
3236 2245 3381 2293 terra

1808 2325 2180 2393 pascentibus.
2214 2322 2321 2378 Pro
2357 2325 2450 2379 illo
2480 2333 2658 2380 autem
2695 2343 2708 2379 :
2739 2324 2806 2378 Et
2837 2328 3069 2394 pasceris
3100 2329 3156 2380 in
3184 2328 3381 2382 divitiis

1807 2415 1943 2484 ejus,
1978 2416 2337 2486 Symmachus
2376 2436 2388 2471 :
2421 2416 2490 2469 Et
2516 2433 2729 2486 pascere
2776 2418 3015 2482 assidue;
3047 2420 3241 2489 Aquila
3270 2439 3282 2474 :
3313 2420 3382 2473 Et

1805 2523 2018 2577 pascere
2056 2508 2179 2580 ﬁde,
2213 2510 2521 2565 ediderunt.
2559 2510 2673 2567 Sub
2724 2512 2838 2567 haec
2887 2521 3090 2576 autem,
3120 2514 3385 2583 quemad-

1808 2603 2028 2657 modum
2057 2604 2428 2672 improborum
2475 2610 2529 2659 et
2572 2606 2917 2675 operantium
2950 2606 3292 2677 iniquitatem
3322 2606 3385 2661 ii-

1809 2711 1930 2751 n’em
1982 2696 2305 2766 descripsit;
2359 2698 2439 2752 sic
2487 2706 2688 2768 quanta
2720 2699 2817 2753 tibi
2852 2699 2905 2752 in
2941 2698 3228 2754 Dominum
3263 2716 3385 2770 spe-

1808 2786 1975 2850 ranti,
2016 2802 2080 2841 ac
2128 2788 2427 2843 bonitatem
2475 2787 2696 2842 facienti
2745 2797 3009 2844 eventura
3062 2790 3203 2843 bona
3250 2791 3381 2855 sint,

1810 2887 2111 2935 enumerat.
2138 2879 2272 2934 Nam
2305 2881 2483 2949 primo
2512 2882 2568 2935 in
2591 2882 2736 2936 veris
2763 2882 2890 2935 boni
2921 2884 3158 2951 pastoris
3180 2882 3385 2938 divitiis

1812 2974 2089 3043 pasceris;
2129 2974 2391 3036 secundo,
2429 2973 2786 3028 delectaberis
2810 2974 2865 3027 in
2897 2974 3159 3041 Domino;
3202 2974 3383 3039 tertio,

1811 3067 1959 3119 dabit
2007 3066 2103 3119 tibi
2148 3066 2436 3135 petitiones
2470 3064 2655 3121 cordis
2684 3064 2781 3120 tui.
2817 3064 3081 3120 Delectari
3116 3073 3295 3120 autem
3329 3067 3386 3124 it:

1813 3156 2042 3210 Domino
2095 3157 2315 3219 valebit,
2368 3155 2618 3226 quisquis
2679 3156 2873 3209 animae
2930 3155 3182 3209 sensibus
3233 3156 3387 3224 puris

121 3242 346 3313 Κυρὶουο
384 3242 481 3293 καὶ
514 3240 716 3311 τρίτον,
738 3240 897 3292 δώσει
927 3257 1007 3292 σοι
1036 3239 1105 3291 τὰ
1140 3240 1415 3309 αἰτήματα
1447 3240 1544 3309 τῆς
1571 3257 1705 3309 καρ-

1812 3247 2162 3317 purgatisque
2195 3246 2379 3310 fuerit,
2408 3246 2481 3299 ita
2510 3256 2566 3300 ut
2596 3261 2791 3316 panem
2834 3245 3018 3300 vivum
3050 3260 3114 3300 ac
3141 3244 3387 3300 viviﬁcas

121 3336 230 3399 δῐας
262 3352 389 3388 σου.
421 3334 787 3405 Κατατρυφᾷν
810 3333 865 3385 δὲ
892 3332 986 3385 τοῦ
1013 3331 1217 3402 Κυρίου
1246 3331 1531 3403 δυνήσεται
1553 3332 1581 3381 ὁ
1606 3331 1706 3401 τῆς

123 3428 299 3497 ψυχῆς
356 3426 425 3478 τά
481 3424 809 3496 αἰσθητήρια
875 3424 1361 3494 κεκαθαρισμένος,
1412 3422 1487 3486 ὠς
1549 3422 1706 3475 δύνα-

124 3518 239 3571 σθαι
262 3516 471 3571 ἐσθίειν
498 3518 587 3569 τὸν
610 3516 785 3581 ζῶντα
806 3515 968 3587 ἄρτον
993 3517 1085 3569 καὶ
1111 3515 1208 3578 τὰς
1234 3514 1522 3579 ζωοποισυς
1542 3512 1703 3566 αὑτοῦ

126 3613 358 3682 σάρκας,
390 3610 567 3663 πίνειν
602 3626 662 3661 τε
704 3608 764 3661 τὸ
809 3609 1073 3679 σωτήριον
1100 3606 1263 3660 αὑτοῦ
1298 3602 1454 3677 αἷμα.
1483 3606 1705 3668 Τούτοις

120 3703 462 3773 τρεφόμενος
501 3701 594 3754 καὶ
636 3699 997 3770 πιαινόμενος,
1024 3701 1122 3770 τῆς
1159 3699 1338 3752 ἐνθέου
1379 3698 1545 3769 μέθης
1572 3700 1704 3751 ἀπο-

120 3792 323 3845 λαύων·
344 3790 817 3857 Κατατρύφησον
833 3788 936 3841 τοῦ
950 3789 1191 3856 Κυρίου,
1220 3789 1314 3841 καὶ
1329 3787 1503 3841 δώσει
1522 3804 1616 3841 σοι
1634 3790 1704 3843 τὰ

121 3885 417 3953 αἰτήματα
444 3882 555 3949 τῆς
582 3881 826 3949 καρδίας
858 3897 991 3935 σου.
1028 3882 1168 3951 Ἤδη
1198 3881 1295 3951 μὲν
1324 3880 1430 3951 γάρ
1456 3880 1704 3932 ἐντεῦθεν

122 3975 556 4046 ιιατατρυφήσει,
592 3973 851 4042 ἐθελήσας
898 3989 956 4025 σε
1006 3972 1167 4025 αὑτὸν
1219 3972 1491 4024 ἐπιδοῦναι
1534 3971 1699 4041 αὐτῷ.

124 4066 266 4119 Attat
325 4065 382 4117 δὲ
436 4064 600 4116 αὑτὸν
640 4065 731 4116 καὶ
758 4062 827 4116 τὰ
860 4063 1140 4134 μέλλοντα,
1175 4056 1250 4117 ὧν
1280 4064 1579 4136 προσδοκᾷς
1605 4064 1703 4132 τὴν

1808 3356 2004 3395 carnes
2035 3340 2155 3409 ejus
2188 3340 2349 3395 edere
2378 3338 2574 3408 possit,
2605 3355 2670 3393 ac
2714 3339 3011 3393 salutarem
3051 3337 3171 3406 ejus
3201 3338 3389 3393 bibere

1810 3429 2149 3500 sanguinem.
2184 3429 2279 3485 llis
2324 3431 2600 3484 enutritus
2649 3436 2703 3483 et
2756 3428 3150 3499 impinguatus,
3204 3428 3389 3483 divina

1808 3521 1995 3575 fruens
2025 3521 2287 3575 ebrietate
2321 3540 2333 3575 :
2368 3520 2640 3574 Delectare
2669 3521 2723 3573 iu
2759 3519 3005 3582 Domino,
3038 3528 3087 3573 et
3114 3518 3261 3571 dabit
3293 3517 3389 3573 tibi

1807 3612 2080 3681 petitiones
2106 3610 2282 3664 cordis
2319 3612 2416 3667 tui.
2449 3609 2568 3664 1am
2596 3611 2741 3665 enim
2786 3610 2877 3664 ille
2912 3624 3129 3680 quoque
3155 3609 3389 3663 delecta-

1809 3704 1975 3767 bitur,
2002 3702 2147 3774 quod
2173 3703 2455 3773 percupiat
2488 3711 2547 3757 ut
2575 3703 2676 3772 ipsi
2704 3710 2758 3756 te
2782 3702 2969 3756 dedas.
3001 3700 3222 3755 Postula
3257 3700 3387 3753 item

1809 3795 1879 3849 ab
1924 3810 1989 3850 eo
2046 3802 2102 3849 ut
2150 3810 2213 3849 ea
2258 3784 2379 3865 quae
2410 3795 2592 3848 futura
2628 3800 2916 3862 exspectas
2947 3792 3089 3846 dona
3155 3791 3382 3860 ccipias.

1807 3884 1941 3939 Nam
1981 3886 2072 3956 qui
2104 3888 2390 3956 praesentia
2426 3886 2627 3939 affatim
2654 3885 2915 3953 elargitus
2948 3890 3052 3947 est,
3083 3898 3145 3937 ea
3170 3882 3388 3936 obtine-

1806 3978 1886 4031 hit
1926 3993 2046 4047 quae
2092 3995 2183 4031 nec
2232 3978 2414 4031 oculus
2445 3976 2595 4040 vidit,
2631 3992 2719 4030 nec
2771 3977 2918 4029 auris
2953 3975 3176 4037 audivit,
3210 3990 3302 4027 nec
3330 3974 3389 4028 in

1810 4086 1899 4124 cor
1928 4070 2223 4123 hominibus
2257 4070 2491 4123 ascendit
2510 4070 2575 4121 ⁸⁸.

124 4159 303 4228 λῆψιν.
350 4162 411 4212 ὐ
459 4158 568 4229 γὰρ
608 4158 674 4211 τὰ
701 4159 941 4229 παρόντα
973 4158 1217 4220 δεδωκὼς
1250 4157 1495 4227 ἀφθόνως
1556 4158 1855 4229 δωρήσεται
1925 4164 2019 4217 καὶ
2058 4164 2093 4218 ἃ
2137 4163 2441 4233 ὀφθαλμὸς
2477 4165 2587 4215 οὐκ
2651 4157 2828 4225 εἶδεν,
2858 4160 2999 4215 οὐδὲ
3033 4156 3141 4225 οὖς
3203 4158 3388 4227 ἤκου-

125 4270 248 4318 σεν,
283 4250 527 4305 οὐδ’ἐπὶ
554 4249 803 4316 καρδίαν
829 4249 1141 4317 ἀνθρώπου
1174 4251 1373 4318 ἀνέϐη.

204 4344 354 4396 ’Δντὶ
373 4342 430 4394 δὲ
458 4339 577 4404 τοῦ,
616 4339 957 4409 Ὑποτάγηθι
987 4341 1067 4405 τῷ
1108 4344 1319 4408 Κὶξίιίφ.
1353 4345 1451 4398 καὶ
1482 4342 1703 4396 ἱκέτευ-

127 4454 237 4490 σον
267 4434 484 4498 αὐτὸν,
533 4434 561 4484 ὁ
607 4432 832 4495 Ἀκύλας
866 4432 1027 4503 φησί·
1065 4433 1329 4501 Σίγησον
1368 4435 1447 4497 τῷ
1493 4437 1702 4501 Καρίῳ,

1882 4343 1987 4398 Pro
2017 4361 2082 4399 eo
2114 4353 2316 4408 autem,
2348 4344 2602 4399 Subditus
2635 4352 2744 4398 esto
2776 4343 3025 4407 Domino,
3050 4356 3095 4397 et
3130 4362 3224 4399 ora
3245 4361 3385 4407 eum,

1814 4436 2006 4506 Aquila
2032 4437 2128 4500 ait,
2156 4435 2265 4490 Sile
2304 4436 2549 4499 Domino,
2586 4446 2633 4489 et
2666 4446 2909 4503 exspecta
2949 4442 3101 4500 eum;
3135 4435 3388 4506 Symma-

133 4528 223 4580 καὶ
256 4522 701 4591 ἀποκαραδόκει
731 4522 946 4576 αὐτόν·
1001 4524 1029 4574 ὁ
1064 4522 1118 4574 δὲ
1160 4522 1451 4592 Σύμμαχος
1472 4541 1489 4555 υ
1538 4524 1706 4577 Ἠσις-

1812 4530 1948 4582 chus
1980 4545 2124 4594 vero,
2162 4529 2380 4594 Quiesce
2406 4526 2652 4589 Domino,
2684 4537 2731 4580 et
2763 4527 2998 4594 supplica
3024 4528 3142 4594 ipsi.
3203 4525 3391 4578 Enim-

132 4619 261 4688 χαζε
296 4617 377 4683 τῷ
406 4616 621 4683 Κυρίῳ,
653 4615 748 4668 καὶ
785 4615 1008 4669 ἱκέτευε
1033 4614 1211 4681 αὐτῷ,
1256 4614 1334 4667 Τά
1367 4616 1475 4687 γὰρ
1513 4617 1708 4686 προλε-

130 4712 326 4781 χθέντα
352 4710 684 4780 πράττοντα,
708 4710 801 4761 καὶ
820 4710 911 4761 ἐπὶ
934 4712 1044 4772 τοῖς
1066 4708 1375 4779 εἰρημένοις
1401 4708 1707 4775 ἐλπίζοντα,

132 4802 420 4873 ἡσυχάζειν
455 4804 720 4873 προσήκει
756 4801 893 4865 τέως
937 4803 993 4854 ἐν
1036 4801 1114 4870 τῷ
1162 4803 1407 4872 παρόντι,
1445 4803 1537 4854 καὶ
1576 4803 1711 4872 μετὰ

137 4894 342 4962 σιωπῆς
366 4892 671 4963 προσδοκᾷν
698 4891 767 4944 τὰ
806 4892 1207 4962 ἐπηγγελμένα.
1240 4892 1337 4959 Μὴ
1367 4891 1708 4961 παραζιῆλου

131 4982 200 5039 ἐν
236 4984 321 5049 τῷ
362 4985 847 5055 κατευοδουμένῳ
877 4987 946 5038 ἐν
976 4985 1051 5053 τῇ
1100 4984 1215 5049 ὀδῷ
1249 4986 1456 5049 αὐτοῦ,
1490 4986 1559 5037 ἐν
1603 4988 1708 5039 ἀν-

137 5076 342 5143 θρώπῳ
369 5076 637 5130 ποιοῦντι
685 5076 1074 5145 παρανομίας.
1122 5075 1357 5129 Παῦσαι
1380 5076 1497 5129 ἀπὸ
1533 5076 1711 5146 ὀργῆς

136 5171 229 5224 καί
250 5169 639 5239 ἐγκατάλειπε
661 5169 869 5239 θυμὸν,
892 5167 976 5238 μὴ
1000 5166 1338 5236 παραζήλου
1358 5168 1512 5223 ὥστε
1529 5185 1711 5238 πονη-

135 5266 426 5331 ρεύεσθαι.
474 5267 596 5319 Ὅτι
654 5267 708 5319 οἱ
771 5266 1234 5333 ποντιρευόμενοι
1282 5263 1710 5332 ὲξολοθρευθή-

137 5373 365 5423 emat,
423 5363 475 5413 οἱ
522 5360 591 5413 δὲ
645 5360 1050 5429 ὑπομένοντες
1102 5359 1207 5413 τὸν
1250 5360 1488 5428 Κύριον,
1541 5358 1709 5412 αὐτοὶ

140 5452 661 5521 κληρονομήσουσι
710 5451 844 5522 γῆν.
895 5451 1369 5522 Ἐπαναλαμϐάνει
1416 5451 1507 5504 τὸν
1551 5450 1707 5519 λόγον

139 5541 464 5609 ἀναγκαίως,
498 5543 654 5597 Ἐπεὶ
674 5544 782 5615 γὰρ
806 5542 997 5610 ἔγνως,
1030 5543 1213 5614 φησὶν,
1240 5543 1417 5605 ὁποῖός
1448 5559 1528 5594 σοι
1554 5542 1710 5595 πλοῦ-

140 5648 229 5696 τος
260 5636 625 5706 τεταμίευται,
663 5636 737 5706 μὴ
789 5634 1099 5707 παραζήλου
1144 5636 1200 5688 ἐν
1246 5633 1323 5705 τῷ
1368 5632 1706 5705 νομιζομένῳ

210 5814 257 5845 ⁸⁸
291 5815 427 5877 Psal,
470 5834 586 5872 xm
615 5857 628 5881 ,
668 5818 717 5871 l.
797 5818 838 5847 θ’
878 5816 897 5870 l
933 5817 1061 5873 Cor.
1105 5833 1178 5887 ιι,
1212 5816 1268 5875 9.

1814 4634 1945 4672 vero
1974 4635 2071 4689 par
2098 4628 2183 4674 est
2213 4636 2335 4675 eum
2376 4619 2469 4690 qui
2521 4617 2778 4688 superius
2825 4626 3123 4671 memorata
3158 4614 3385 4685 peragit,

1815 4717 1868 4764 et
1895 4711 1946 4764 in
1984 4712 2257 4781 praedictis
2290 4727 2440 4782 spem
2488 4710 2674 4773 habet,
2714 4709 3000 4778 quiescere
3041 4707 3168 4761 dum
3201 4705 3254 4758 in
3285 4704 3391 4758 hac

1814 4802 1925 4855 vita
1962 4810 2233 4867 versatur,
2259 4809 2313 4856 et
2340 4816 2463 4855 eum
2499 4801 2719 4855 silentio
2747 4800 3015 4869 promissa
3045 4804 3385 4864 exspectare.
3426 4818 3431 4869 μ

1820 4891 1949 4945 Νοίί
1983 4894 2224 4947 aemulari
2252 4896 2306 4946 in
2347 4910 2406 4947 eo
2443 4896 2534 4964 qui
2568 4900 2911 4962 prosperatur
2944 4890 2998 4949 in
3047 4890 3132 4941 via
3180 4904 3299 4949 sua,
3332 4888 3389 4939 in
3424 4878 3427 4885 ’

1817 4985 2022 5038 homine
2054 4985 2278 5053 faciente
2314 4986 2631 5055 injustitias.
2687 4983 2879 5036 Desine
2920 4980 2985 5033 ab
3027 4980 3108 5032 ira
3143 4989 3191 5032 et
3239 4978 3389 5033 dere-
3418 4978 3429 4998 ⁸

1815 5076 1987 5146 linque
2027 5078 2292 5143 furorem,
2326 5077 2434 5129 noti
2478 5076 2722 5130 cumulari
2774 5081 2829 5124 ut
2886 5071 3215 5141 malignerts.
3244 5071 3389 5136 Quo-

1814 5173 1957 5225 niam
1987 5172 2076 5241 qui
2108 5171 2473 5241 malignantur
2514 5165 3005 5222 externtinabuntur
3033 5180 3049 5216 :
3073 5172 3389 5216 sustinentes

1815 5274 1989 5317 autem
2016 5261 2326 5326 Dominum,
2356 5262 2457 5330 ipsi
2493 5256 2875 5312 hwreditabunt
2911 5264 3126 5307 terram.
3162 5251 3388 5307 Sermo-

1814 5372 1937 5411 nem
1967 5356 2284 5411 necessario
2329 5353 2545 5422 repetit.
2588 5350 2748 5416 Quia,
2799 5348 2998 5417 inquit,
3034 5345 3179 5400 nosti
3209 5345 3389 5415 qualis

1815 5449 1912 5502 tibi
1947 5449 2240 5503 thesaurus
2271 5445 2587 5501 reconditus
2640 5443 2733 5505 sit,
2766 5442 2880 5495 noli
2925 5437 3169 5494 mniulari
3213 5437 3390 5490 homi-

1785 5556 1939 5595 onem
1989 5540 2263 5611 iniquitati
2290 5537 2564 5601 deditum,
2604 5536 2696 5606 qui
2743 5536 2799 5590 in
2829 5532 3083 5605 praesenti
3129 5530 3237 5583 vita
3273 5543 3389 5581 rem

1816 5649 2078 5704 prospere
2117 5647 2278 5703 agere
2308 5637 2566 5703 putatur;
2606 5645 2674 5685 ne
2714 5629 3018 5693 stimulerc,
3058 5639 3163 5679 neu
3194 5621 3391 5692 hujus-
