3822 6280
550 349 657 407 327
1222 344 1491 402 EUSEBII
1528 342 2003 401 CtESARlENSlS
2026 342 2178 399 OPP.
2207 342 2389 398 PARS
2423 342 2512 399 lii.
2546 373 2615 384 —
2654 343 3062 403 EXEGETICA.
3637 358 3708 413 διε

548 467 695 524 modi
723 467 995 522 hominem
1018 464 1235 520 beatum
1265 463 1609 539 pronunties,
1631 477 1753 516 cum
1772 461 1942 531 probe
1969 476 2057 514 non

2223 460 2367 518 κατά
2428 462 2520 516 τὸν
2574 462 2819 534 παρόντα
2874 462 2987 533 βίον
3046 464 3450 521 κατευοδοῦσθαι
3502 469 3709 544 ἀνθρώπῳ

549 558 657 630 ipsi
690 557 988 627 repositam
1020 553 1156 607 iram
1182 553 1236 605 in
1264 550 1352 606 die
1386 550 1482 604 iraa
1512 557 1565 604 et
1587 548 1721 617 justi
1756 548 1949 617 judicii
1994 546 2058 601 De

2218 554 2458 608 ποιοῦντι
2489 553 2858 625 παρανομίας·
2895 555 2968 627 μὴ
3001 556 3109 627 γάρ
3139 555 3455 628 παροξύνου,
3489 560 3605 630 μηδὲ
3641 581 3710 633 μα.

549 651 913 718 Quamobrem
941 644 1053 701 noli
1087 644 1293 698 irritari
1317 649 1412 696 aut
1440 641 1625 697 furore
1658 640 1876 695 incendi
1924 645 2058 694 cont:

2216 646 2405 718 ndpt‘Ce
2432 646 2522 700 τὸν
2554 646 2809 713 τοιοῦτον,
2850 648 3090 720 ἀγριόῶς
3119 648 3292 713 εἰδὼς,
3325 650 3405 702 ὅτι
3438 649 3573 720 μένει
3595 654 3709 709 αὑτὸν

549 743 797 814 impium,
820 739 914 810 qui
948 737 1176 792 feliciter
1204 750 1318 790 rem
1348 750 1506 805 agere
1534 733 1903 796 existimatur,
1938 747 2058 801 neq!

2214 734 2350 807 ὀργὴ
2387 737 2443 790 έν
2492 738 2673 809 ἡμέρα
2711 737 2882 809 ὀργῆς
2915 738 3009 791 καὶ
3060 738 3449 810 δικαιοκρισίας
3477 740 3560 794 τοῦ
3594 740 3707 798 Θεοῦ.

546 834 820 891 :emuleris
850 832 1028 903 ipsum
1083 835 1145 883 ut
1186 827 1341 899 paria
1390 827 1595 882 scelera
1640 826 1801 882 edere
1848 832 2055 896 exoptes

2214 828 2304 881 Διὸ
2338 830 2401 882 σὺ
2435 829 2507 899 μὴ
2541 827 2777 898 ὀργίξου,
2814 829 2947 900 μηδὲ
2981 829 3155 901 θυμοῦ
3204 830 3343 884 κατὰ
3368 829 3458 883 τοῦ
3489 834 3709 905 νομιζομέ-

546 928 684 983 bene
718 922 988 994 siquidem
1033 921 1179 977 nosti
1214 935 1278 974 ac
1327 932 1651 990 persuasum
1698 918 1858 987 plane
1904 916 2055 974 habet

2213 936 2303 973 νου
2331 918 2573 989 εὐθηνεῖν
2614 919 2863 985 ἀσεϐοῦς,
2896 920 3028 992 μηδὲ
3059 920 3217 992 ζήλου
3250 922 3410 975 αὑτὸν
3453 918 3522 986 ὡς
3555 923 3632 978 καὶ
3650 927 3708 980 θέ-

546 1016 918 1087 improborum
955 1012 1115 1068 ﬁnem
1146 1010 1437 1067 exitiosum
1469 1024 1612 1065 esse.
1641 1006 1786 1061 Nam
1821 1007 1912 1078 qui
1954 1014 2055 1061 mat

2212 1009 2323 1065 λειν
2353 1011 2420 1063 τὰ
2449 1012 2608 1081 ὅμοια
2646 1012 2797 1083 αὐτῷ
2834 1011 3253 1085 πονηρεύεσθαι·
3290 1008 3349 1067 εὖ
3390 1013 3492 1085 γὰρ
3522 1015 3614 1069 ἴσθι
3645 1021 3709 1072 καὶ

542 1117 775 1177 gnantur
805 1102 1315 1165 exterminabuntur,
1337 1116 1404 1155 ac
1442 1102 1544 1157 soli
1570 1104 1839 1172 patientes
1868 1109 1923 1157 et
1947 1116 2051 1156 sust

2211 1100 2444 1153 πέπεισο
2477 1101 2738 1173 ἀκριϐῶς,
2766 1103 2847 1155 ὅτι
2881 1102 2941 1155 τὸ
2987 1103 3139 1167 τέλος
3182 1104 3288 1158 τῶν
3335 1109 3709 1177 πονηρευομένων

544 1210 720 1252 nentes
746 1196 1046 1259 Dominum,
1086 1194 1192 1263 ipsi
1229 1192 1612 1248 haereditabunt
1645 1201 1864 1249 terram.
1899 1192 1955 1248 Si
1999 1210 2053 1264 ql

2209 1190 2451 1262 ὀλέθριον
2493 1193 2771 1264 τυγχάνει.
2804 1197 2868 1248 Ol
2912 1195 3022 1264 γὰρ
3070 1197 3525 1265 πονηρευόμενοι
3562 1199 3711 1262 ἐξολο-

540 1288 686 1344 enim
709 1295 857 1343 terra
888 1294 973 1343 est
1006 1287 1215 1345 sanctis
1242 1286 1379 1341 viris
1424 1285 1717 1356 promissa,
1760 1285 1902 1339 hanc
1931 1286 2049 1339 haert

2209 1283 2663 1350 θρευθήσονται,
2698 1285 2847 1356 μόνοι
2879 1286 2937 1339 δὲ
2968 1287 3016 1340 oi
3061 1287 3398 1359 μακρόθυμοι
3435 1289 3522 1343 καὶ
3547 1290 3710 1360 ὑπομέ-

540 1380 794 1436 ditabunt
843 1379 937 1450 qui
984 1378 1261 1434 sustinent
1312 1375 1640 1439 Dominum,
1680 1374 1774 1444 qui
1821 1390 1945 1429 cum
1987 1376 2049 1428 ali

2208 1393 2419 1444 νοντες
2465 1377 2571 1432 τὸν
2608 1380 2843 1447 Κύριον,
2888 1379 3057 1433 αὐτοὶ
3100 1379 3599 1449 κληρονομήσουσι
3631 1382 3708 1451 τὴν

539 1473 869 1529 enumeratis
910 1472 1069 1527 bonis
1100 1471 1156 1525 in
1193 1468 1563 1523 hazreditatem
1606 1467 1716 1523 illis
1747 1464 1965 1521 dandus
1993 1482 2048 1522 es

2210 1468 2346 1539 γῆν.
2379 1470 2448 1523 Εἴ
2473 1487 2556 1535 τις
2581 1472 2689 1542 γάρ
2722 1473 2833 1524 ἐστι
2865 1471 2937 1541 γῆ
2962 1470 3138 1543 ἀγαθὴ
3164 1475 3276 1535 τοῖς
3309 1472 3475 1540 ἁγίοις
3504 1474 3708 1545 ἐπηγγελ.

538 1564 693 1631 Quod
720 1565 767 1620 si
807 1565 862 1617 in
895 1563 1050 1619 cmlis
1071 1561 1371 1617 Jerusalem
1402 1566 1455 1615 et
1485 1557 1618 1614 Sion
1652 1569 1830 1615 mons‘
1855 1556 1951 1613 Dei
1983 1574 2047 1613 ca

2212 1560 2371 1633 μένη,
2419 1561 2622 1634 ταύτην
2657 1563 3150 1634 κληρονομήσουσιν
3194 1563 3246 1614 οἱ
3292 1562 3620 1633 ὑπομένοντες
3647 1563 3706 1616 τὸν

538 1659 692 1716 lestis
711 1659 876 1721 adsit,
896 1666 1097 1712 terram
1121 1656 1250 1710 item
1270 1653 1549 1709 caelestem
1569 1650 1751 1724 dignis
1774 1650 2047 1722 promissa

2209 1654 2414 1724 Κύριον
2437 1670 2451 1684 ·
2490 1655 2628 1727 μετά
2667 1656 2769 1728 γὰρ
2794 1655 2902 1710 τῶν
2934 1655 3108 1710 ἄλλων
3138 1654 3248 1709 τῶν
3288 1656 3705 1728 κατηριθμημένων

538 1749 840 1822 putandum
861 1756 965 1804 est.

2210 1745 2451 1814 ἀγαθῶν,
2488 1747 2582 1801 καὶ
2607 1747 2767 1811 αὐτὸς
2794 1749 2974 1812 αὐτοῖς
3011 1748 3295 1820 δοθήσεται
3320 1749 3348 1801 6
3382 1748 3577 1817 κλῆρος.
3605 1744 3651 1799 Ei
3677 1747 3706 1799 δ’

535 1845 683 1898 εστιν
731 1844 784 1897 ὲι
832 1843 1079 1913 οὐρανοῖς
1123 1839 1472 1913 Ἰερουσαλὴμ
1522 1840 1612 1895 καὶ
1655 1835 1792 1895 Σιὼν
1837 1836 1965 1909 ὅρος
2008 1836 2104 1892 τοῦ
2142 1839 2276 1895 Θεοῦ
2309 1843 2369 1896 τὸ
2393 1844 2735 1917 ἐπουράνιον,
2769 1844 3057 1900 ἀκόλουθόν
3117 1847 3234 1900 ἐστι
3294 1844 3387 1900 καὶ
3418 1846 3513 1917 γῆν
3536 1844 3706 1914 impi-

535 1958 647 2000 νιον
679 1941 818 1995 νοεῖν
847 1938 945 2011 τὴν
976 1938 1390 2010 ἐπηγγελμένην
1414 1940 1525 2000 τοῖς
1548 1935 1736 2000 ἀξίοις.

606 2032 770 2089 Vens.
797 2031 985 2100 10,“.
1030 2029 1100 2083 Et
1136 2030 1306 2084 adhuc
1331 2028 1605 2099 pusillum,
1642 2036 1693 2082 et
1726 2043 1828 2082 non
1866 2028 1965 2081 erit
1995 2043 2114 2096 pec-

2287 2026 2398 2081 Καὶ
2420 2028 2507 2082 ἔτι
2536 2026 2762 2099 ὀλίγον,
2809 2028 2908 2083 καὶ
2937 2030 3007 2083 οὐ
3032 2028 3118 2099 μὴ
3149 2027 3389 2098 ὑπάρξῃ
3412 2030 3702 2099 ἁμαρτωλός.

534 2133 706 2191 cator,
741 2132 851 2181 etc.
900 2122 1000 2178 Hic
1047 2122 1302 2193 superius
1332 2121 1477 2176 dicta
1530 2122 1939 2190 interpretatur,
1976 2121 2043 2175 illi

2209 2118 2561 2191 Διερμηνεύει
2611 2120 2677 2174 τὰ
2726 2121 2982 2192 ἀνωτέρω
3023 2121 3343 2191 λελεγμένα,
3388 2121 3443 2174 τὸ
3482 2122 3583 2193 μὲν,
3616 2124 3703 2176 Ὀτι

535 2216 771 2280 scilicet,
798 2215 1064 2281 Quoniam
1096 2222 1345 2283 tanquam
1375 2212 1554 2281 fenum
1579 2212 1827 2266 velociter
1849 2229 2044 2266 arescet

2208 2212 2351 2266 ὡσεὶ
2395 2214 2610 2282 χόρτος
2650 2214 2801 2283 ταχὺ
2848 2196 3467 2283 ἁποξηρανθήσονται,
3498 2216 3581 2269 καὶ
3605 2216 3701 2269 ὡσεὶ

533 2320 584 2366 et
612 2307 1056 2381 quemadmodum
1089 2306 1237 2360 olera
1277 2305 1553 2359 herbarum
1584 2305 1687 2358 cito
1733 2303 1992 2368 decidant,
2022 2303 2039 2357 i

2208 2305 2447 2376 λάχανα
2474 2308 2663 2375 χλόης
2699 2307 2850 2376 ταχὺ
2879 2308 3351 2373 ἀποπεσοῦνται,
3384 2307 3466 2362 διὰ
3489 2308 3587 2374 τοῦ,
3621 2310 3702 2361 Ἔτι

535 2404 793 2473 explicat,
837 2400 1023 2455 Adhuc
1054 2400 1338 2470 pusillum,
1372 2409 1423 2454 et
1454 2415 1560 2453 non
1593 2404 1692 2453 erit
1738 2409 2016 2468 peccator;

2210 2398 2437 2468 ὀλίγον,
2467 2400 2563 2453 καὶ
2588 2402 2660 2453 οὺ
2685 2398 2772 2469 μὴ
2810 2398 3050 2469 ὑπάρξῃ
3084 2403 3117 2454 ό
3138 2401 3511 2469 ·άμαρτωλός’
3547 2400 3625 2454 καὶ
3644 2399 3702 2465 (1p-

534 2510 738 2565 qnteres
771 2493 946 2548 locum
977 2492 1113 2562 ejus,
1145 2501 1195 2547 et
1230 2508 1333 2546 non
1362 2492 1622 2545 invenies:
1654 2491 1786 2545 illud
1818 2506 1970 2557 vero,
2004 2490 2043 2543 Ι]

2208 2490 2414 2555 τήσεις
2443 2489 2551 2543 τὸν
2580 2490 2763 2543 τόπον
2791 2491 2977 2545 αὑτοῦ
3007 2490 3106 2544 καὶ
3134 2492 3205 2544 οὐ
3231 2489 3322 2560 μὴ
3362 2492 3555 2559 εὕρῃς·
3580 2489 3698 2549 τὸδὲ,

534 2586 731 2640 lectore
754 2586 809 2639 in
839 2584 1086 2649 Domino,
1111 2594 1160 2637 et
1198 2583 1345 2637 dabit
1373 2583 1470 2637 tibi
1508 2583 1780 2654 petitiones
1809 2583 1982 2637 cordis
2007 2590 2043 2635 tt

2208 2582 2682 2649 Katatptigmaor
2717 2580 2823 2633 τοῦ
2850 2582 3089 2648 Κυρίου,
3123 2580 3220 2632 καὶ
3258 2579 3429 2633 δώσει
3463 2596 3549 2634 σοι
3574 2581 3629 2632 τὰ
3644 2581 3698 2631 al-

533 2676 623 2733 itis
653 2678 896 2747 apertius
937 2684 1181 2740 enarrat,
1207 2675 1477 2731 Mansueti
1524 2684 1699 2729 autem
1727 2675 2042 2730 hwreditabu

2208 2670 2436 2740 τήματα
2484 2669 2592 2739 τῆς
2636 2671 2881 2740 καρδίας
2930 2687 3067 2734 σου,
3111 2672 3437 2744 σαφέστερον
3480 2671 3696 2724 ambition

535 2780 755 2833 terram,
781 2778 830 2823 et
875 2768 1275 2822 delectabantur
1308 2770 1361 2822 in
1405 2768 1747 2822 multitudine
1773 2770 1942 2837 pacis.
1989 2768 2044 2834 Ql

2207 2763 2296 2816 διά
2329 2763 2445 2829 τοῦ,
2478 2767 2541 2817 Ol
2581 2763 2649 2817 δὲ
2687 2764 2893 2832 πραεῖς
2928 2765 3447 2855 κλρρονομήσουσι
3486 2764 3580 2831 τὴν
3600 2761 3691 2830 τῆν,

533 2869 695 2931 pacto
724 2869 904 2915 autem
937 2861 992 2914 in
1026 2859 1256 2914 Domino
1286 2860 1411 2929 quis
1449 2859 1832 2924 delectabitur,
1866 2859 2042 2914 declar

2208 2857 2304 2909 καὶ
2342 2856 2908 2924 κατατρυρήσουσιν
2945 2853 3046 2909 ἐπὶ
3086 2856 3303 2924 πλήθει
3338 2856 3573 2924 εἰρήνης.
3610 2853 3693 2915 Πῶς

535 2954 653 3023 ipse
680 2952 811 3007 dum
845 2952 942 3016 ait,
973 2966 1139 3023 penes
1172 2967 1297 3007 cum
1332 2952 1739 3007 multitudinem
1776 2951 1930 3022 pacis
1961 2968 2044 3007 ess

2208 2947 2315 3018 γάρ
2347 2964 2431 3011 τις
2463 2950 2867 3020 κατατρυφήσει
2905 2948 2996 3002 τοῦ
3027 2949 3231 3020 Κυρίου
3277 2950 3565 3019 παρίστησι,
3602 2946 3693 3014 πλήν

531 3059 641 3116 qua
669 3044 839 3098 multa
866 3058 1000 3114 pace
1032 3043 1285 3098 fruentur
1313 3044 1351 3097 ii
1382 3045 1475 3114 qui
1504 3044 1561 3098 in
1593 3044 1824 3099 Domino
1853 3045 2040 3100 delect:

2208 3036 2298 3100 θος
2330 3038 2552 3108 εἰρήνης
2583 3039 2710 3108 παρ’
2737 3036 2884 3107 αὐτῷ
2916 3033 3053 3091 εἶναι
3097 3038 3269 3107 λέγων
3288 3056 3303 3069 ’
3338 3035 3395 3091 οὗ
3423 3038 3619 3110 πλήθους
3640 3038 3688 3087 εἱ-

534 3132 755 3191 fuerint.
793 3133 890 3190 His
943 3149 1110 3205 porro
1151 3134 1417 3203 docetur,
1450 3136 1613 3189 aliam
1661 3136 1861 3191 bonam
1900 3142 2043 3191 terra

2212 3132 2378 3203 ρήνης
2420 3130 2814 3185 ἀπολαύσουσιν
2853 3133 2899 3184 οἱ
2941 3130 3034 3184 τοῦ
3069 3132 3274 3203 Κυρίου
3323 3131 3690 3203 κατατρυφήσιν-

531 3242 675 3292 esse,
695 3227 998 3283 mansuetis
1024 3226 1373 3291 destinatam,
1408 3242 1471 3282 ac
1494 3228 1935 3293 delectationem,
1967 3245 2040 3283 ml

2205 3240 2315 3285 τες.
2353 3224 2449 3278 Διά
2480 3224 2681 3277 τούτων
2713 3223 2769 3276 δὲ
2808 3226 2836 3276 6
2881 3222 3035 3292 λόγος
3074 3226 3261 3293 σαφῶς
3298 3226 3478 3296 ἑτέραν
3504 3222 3601 3275 τινὰ
3623 3221 3690 3288 γῆν

531 3316 931 3387 titudinemque
969 3316 1124 3388 pacis
1149 3318 1202 3371 in
1237 3318 1477 3372 futuram
1506 3320 1674 3373 vitam
1705 3321 1961 3376 remittit.
1986 3320 2040 3374 N4

2207 3315 2413 3386 ἀγαθὴν
2449 3316 2546 3386 τὴν
2586 3318 2698 3376 τοῖς
2739 3314 2936 3386 πραέσι
2983 3316 3349 3389 δοθησομένην
3377 3316 3599 3375 διδάσκει,
3629 3312 3691 3364 καὶ

531 3408 819 3479 ignorabat
843 3383 1012 3463 venim
1043 3408 1208 3478 juslis
1265 3409 1489 3481 perinde
1528 3419 1691 3482 atque
1722 3413 2037 3483 peccatorib

2207 3383 2412 3479 τρυφήν
2441 3383 2533 3460 καθ’
2561 3406 2762 3476 πλῆθος
2786 3383 3006 3478 έῐρήνης
3033 3383 3112 3471 εἰς
3141 3383 3431 3478 μέλλουσαν
3453 3404 3690 3472 ἀναπέμπει

531 3499 590 3553 in
619 3499 721 3554 hac
745 3500 854 3554 vita
886 3500 1231 3555 moriendum
1260 3516 1405 3566 esse,
1438 3503 1513 3556 ita
1548 3510 1607 3557 ut
1634 3502 1719 3559 de‘
1740 3504 1848 3559 illis
1890 3520 2040 3576 quoq

2206 3495 2371 3568 ζωήν·
2420 3497 2494 3548 Οὐ
2527 3496 2636 3568 γὰρ
2666 3497 2872 3566 ἠγνόει,
2920 3497 3000 3549 ὅτι
3044 3498 3248 3569 ὁμοίως
3284 3500 3392 3561 τοῖς
3429 3492 3690 3566 ἁμαρτωλοῖς

530 3587 641 3642 dici
672 3587 846 3657 possit
872 3605 886 3641 :
909 3588 1101 3643 Adhuc
1128 3590 1408 3659 pusillum,
1441 3598 1495 3646 et
1526 3606 1638 3647 non
1669 3593 1773 3648 erit
1799 3594 2018 3664 justus;

2206 3588 2348 3642 κατά
2387 3587 2478 3641 τὸν
2504 3588 2747 3659 παρόντα
2778 3588 2889 3658 βίον
2925 3589 3020 3643 καὶ
3045 3592 3093 3643 οἱ
3118 3590 3314 3644 δίκαιοι
3340 3588 3687 3657 τελευτήσουσιν.

530 3693 743 3749 quaeres
771 3679 953 3734 locum
986 3680 1129 3750 ejus,
1160 3689 1215 3737 et
1242 3697 1360 3749 ,non
1384 3683 1628 3740 invenies
1655 3702 1669 3739 :
1701 3700 1829 3740 nam
1856 3686 1934 3740 illi
1963 3702 2035 3757 qu

2204 3680 2281 3743 ὡς
2316 3679 2574 3734 δύνασθαι
2606 3681 2701 3734 καὶ
2733 3680 2859 3750 περὶ
2896 3682 3073 3735 αὐτῶν
3102 3682 3353 3751 λέγεσθαι
3374 3681 3432 3735 τό
3455 3698 3467 3713 ν
3497 3680 3593 3732 Ἔτι
3614 3674 3688 3726 ὀλί-

529 3785 637 3841 que
667 3772 981 3827 moriuntur
1027 3773 1486 3843 quemadmodum
1522 3782 1575 3830 ct
1610 3783 1947 3846 peccatores.
1994 3777 2038 3831 N

2204 3790 2320 3841 γον,
2348 3773 2444 3825 καὶ
2466 3773 2527 3826 οὐ
2569 3772 2642 3843 μὴ
2691 3771 2907 3844 ὑπάρξῃ
2958 3775 2986 3826 6
3013 3773 3239 3839 δίκαιος,
3269 3774 3360 3826 καὶ
3392 3772 3605 3842 ζητήσεις
3630 3764 3690 3816 τὸν

529 3874 638 3930 que
660 3858 730 3914 de
762 3859 866 3914 hac
893 3867 1038 3915 terra
1071 3862 1154 3916 sic
1196 3863 1411 3919 locutus
1441 3874 1546 3930 est,
1581 3863 1849 3921 Mansueti
1881 3870 2038 3923 Itazrec

2202 3863 2366 3916 τόπον
2387 3860 2572 3927 αὑτοῦ,
2598 3862 2691 3915 καὶ
2712 3863 2772 3914 οὐ
2795 3863 2867 3933 μὴ
2894 3857 3059 3934 εὕρῃς
3076 3880 3089 3892 ·
3109 3862 3393 3916 τελευτῶσι
3424 3860 3521 3930 γὰρ
3548 3853 3690 3927 ὁμοίως

531 3947 718 4002 tabent
741 3959 976 4014 terram;
1010 3966 1132 4005 cum
1169 3954 1338 4024 probe
1389 3955 1556 4011 sciret
1601 3955 1822 4029 Moysen
1858 3961 2040 4015 omnin

2202 3957 2313 4017 τοῖς
2343 3953 2682 4025 ἁμαρτωλοῖς
2711 3954 2805 4007 καὶ
2835 3954 3007 4007 αὐτοί.
3039 3956 3152 4008 Οὐκ
3175 3954 3243 4008 ἂν
3272 3955 3328 4007 δὲ
3359 3951 3468 4007 εἶπε
3502 3945 3689 4020 περὶτῆς

530 4039 904 4106 mitissimum,
942 4043 1071 4096 olim
1102 4044 1170 4098 de
1208 4046 1387 4102 medio
1415 4048 1697 4103 hominum
1728 4052 2003 4107 sublatum
2035 4074 2039 4104 ;

2204 4046 2484 4117 παρούσης
2533 4046 2636 4116 γῆς
2670 4045 2786 4098 τόδε
2812 4062 2825 4075 ·
2881 4049 2943 4099 Οἱ
2998 4045 3200 4114 πραεῖς
3243 4040 3688 4114 κληρω·ομήσουσι

532 4129 637 4185 hac
666 4138 813 4188 terra
832 4133 1189 4204 demigrasse.

2202 4138 2317 4206 τὴν
2339 4136 2476 4206 γῆν,
2512 4137 2696 4207 σαφῶς
2726 4136 2867 4208 ὁρῶν
2895 4138 3005 4190 τῶν
3029 4138 3245 4192 πάντων
3275 4136 3551 4210 πραότατον
3574 4128 3688 4182 Μωῦσ

2205 4227 2324 4292 σέα,
2357 4228 2523 4282 παλαι
2560 4228 2618 4295 ἐξ
2652 4228 2950 4301 ἀνθρώπων
2998 4230 3283 4302 γενόμενον
3316 4230 3406 4284 καὶ
3433 4226 3521 4297 τῆς
3544 4214 3689 4290 τηροῦ·

2205 4335 2303 4391 σης
2331 4319 2433 4391 γῆς
2460 4318 2893 4390 ἀπηλλαγμένον.

609 4389 771 4449 ths.
798 4394 884 4450 12.
923 4394 1232 4453 Observabit
1258 4413 1503 4468 peccator
1522 4403 1753 4472 justum,
1782 4414 1830 4459 et
1861 4404 2100 4460 stridebit

2260 4389 2757 4481 -Παρατηρήσεται
2804 4417 2837 4467 ό
2866 4413 3212 4483 ἁμαρτωλὸς
3250 4414 3353 4467 τόν
3380 4410 3597 4467 δίκαιον,
3622 4394 3688 4451 καὶ

529 4501 685 4555 super
701 4504 819 4541 eum
840 4487 1081 4545 dentibus
1108 4493 1246 4555 suis,
1268 4502 1372 4550 etc.
1391 4492 1682 4565 Impiorum
1711 4507 1899 4552 contra
1923 4500 2035 4568 just

2196 4506 2408 4577 ,ϐρύξει
2434 4506 2525 4560 ἐπ’
2545 4504 2731 4561 αὐτὸν
2751 4506 2891 4572 τοὺς
2910 4505 3158 4571 ὀδόντας
3183 4504 3384 4559 αὐτοῦ.
3406 4498 3513 4553 Τῶν
3534 4511 3581 4548 τε
3600 4493 3686 4545 ἀπ’

528 4579 767 4637 insultus
802 4582 1197 4655 amborumque
1233 4586 1391 4641 linem
1423 4588 1705 4646 describit.
1738 4591 1872 4646 Cum
1905 4608 2037 4663 pecc

2202 4599 2310 4653 ϐῶν
2349 4597 2446 4664 τὰς
2492 4598 2632 4652 κατὰ
2672 4597 2778 4650 τῶν
2822 4596 3042 4650 δικαίων
3088 4594 3485 4655 ἐπαναστάσεις,
3516 4585 3592 4641 καὶ
3615 4583 3687 4647 ἀμ·

526 4680 638 4738 tor,
670 4674 874 4745 inquit,
912 4691 1023 4731 non
1060 4678 1197 4733 satis
1228 4695 1352 4735 esse
1399 4680 1504 4735 sibi
1535 4683 1741 4737 scelera
1788 4700 1886 4739 sua
1923 4693 2035 4755 putt

2204 4692 2441 4764 φοτέρων
2470 4691 2578 4745 τῶν
2627 4690 2915 4760 ταγμάτων
2944 4688 3010 4741 τὰ
3048 4688 3197 4760 τέλη.
3229 4687 3312 4759 Μὴ
3342 4686 3444 4756 γὰρ
3478 4674 3685 4784 ἀρκούμε·

525 4765 733 4835 justum
760 4781 991 4823 cernens
1022 4769 1276 4839 religiose
1301 4771 1594 4836 viventem,
1631 4774 1683 4828 id
1716 4774 1856 4831 ferre
1888 4792 2027 4847 nequ

2201 4801 2310 4847 νος,
2339 4762 2500 4853 νφησὶ,
2529 4784 2637 4846 τοῖς
2664 4780 2855 4835 ἑαυτοῦ
2888 4780 2992 4851 πλη
3001 4780 3179 4852 μμελή
3189 4796 3345 4851 μασιν
3369 4779 3396 4830 6
3416 4762 3683 4845 ἁμαρτωλὸς.

527 4859 657 4927 qui‘a
691 4859 857 4913 vitam
900 4862 1021 4931 ejus
1070 4862 1437 4932 improbitatis
1482 4882 1594 4920 suae
1641 4868 2036 4939 vituperatione

2202 4875 2261 4928 οὐ
2308 4874 2462 4944 φέρει
2506 4873 2714 4943 βλέπων
2757 4873 2848 4925 τὸν
2879 4872 3079 4925 δίκαιον
3121 4869 3489 4924 θεοσεὸοὖντα”
3527 4860 3685 4925 ἔλεγχον

526 4969 652 5010 esse
677 4955 1008 5024 arbitratur;
1050 4974 1221 5028 quare
1252 4960 1362 5015 ait:
1400 4958 1498 5016 Vel
1529 4962 1649 5017 visu
1682 4963 1800 5018 solo
1832 4978 2030 5019 oneros

2204 4960 2312 5030 γὰρ
2342 4960 2433 5012 τὸν
2464 4959 2672 5013 ἐκείνου
2703 4959 2815 5030 βίον
2842 4958 2943 5030 τῆς
2979 4959 3171 5013 ἑαυτοῦ
3197 4956 3480 5030 μοχθηρίας
3502 4948 3682 5021 ἡγεῖται·

527 5048 689 5102 nobis
716 5054 822 5111 est,
851 5047 1082 5119 ideoque
1111 5050 1364 5106 observat
1388 5067 1512 5109 eum
1543 5060 1603 5108 ut
1628 5053 1868 5123 dejiciat.
1896 5053 2036 5110 Veru

2202 5047 2283 5102 διὸ
2318 5049 2496 5118 λέγει·
2544 5050 2723 5121 Βαρὺς
2762 5052 2892 5120 ἡμῖν
2939 5052 3051 5103 ἐστι
3098 5050 3191 5103 καὶ
3240 5048 3571 5119 βλεπόμενος’
3600 5031 3685 5087 ὅθεν

526 5135 713 5205 justus
763 5140 902 5195 nihil
934 5143 1088 5211 pensi
1144 5142 1328 5208 habet,
1380 5160 1558 5216 neque
1607 5148 1758 5202 novit
1800 5163 1921 5217 qua:
1957 5149 2035 5203 cla

2204 5142 2453 5213 ἐπιτηρεῖ
2483 5142 2630 5205 ὅπως
2659 5142 2820 5195 αὑτὸν
2850 5141 3149 5214 καταϐάλῃ.
3197 5140 3331 5195 Ἀλλ’
3364 5140 3391 5191 6
3428 5137 3512 5208 μὲν
3536 5128 3685 5217 δίκαιος

529 5236 719 5284 contra
754 5244 814 5286 se
843 5240 1137 5287 struuntur
1181 5235 1641 5292 machinamenta.
1676 5237 1940 5295 Dominus
1966 5255 2038 5295 re

2203 5234 2262 5285 οὐ
2312 5236 2706 5305 προσποιεῖται,
2754 5234 2874 5288 οὐδὲ
2919 5233 3171 5303 γινώσκει
3217 5233 3285 5288 τά
3328 5226 3566 5300 λαθραίως
3600 5209 3684 5267 κατ’

530 5318 775 5374 omnium
803 5322 1096 5393 inspector,
1128 5326 1248 5395 ejus
1273 5328 1365 5397 qui
1391 5328 1522 5382 talia
1554 5328 1851 5384 meditatur
1880 5331 2037 5386 ruina

2203 5324 2373 5377 αὐτοῦ
2399 5322 2789 5395 μηχανώμενα·
2829 5325 2857 5376 ὁ
2887 5324 2944 5377 δὲ
2970 5326 3348 5395 παντεπόπτης
3370 5318 3564 5389 Κύριος,
3590 5318 3683 5375 πΡ⁰¹

528 5413 890 5483 prospiciens,
924 5418 1152 5473 consilia
1184 5418 1306 5489 ejus
1331 5418 1560 5475 deridet.
1593 5420 1660 5474 Et
1682 5421 1946 5479 hactenus
1975 5439 2037 5493 qu

2201 5416 2340 5487 ορῶν
2382 5417 2477 5489 τὴν
2507 5416 2600 5470 τοῦ
2621 5417 2791 5471 ταῦτα
2815 5418 3188 5489 διανοουμένου
3231 5416 3440 5476 πτῶσιν,
3464 5407 3555 5462 τῶν
3581 5400 3682 5493 λογίς

407 5494 412 5502 ’
526 5482 675 5560 demi
704 5506 841 5560 nihil
888 5510 1032 5565 aliud
1063 5511 1172 5582 agit
1213 5482 1384 5581 quam
1432 5514 1611 5569 ridere
1659 5514 1916 5569 hominen

2204 5482 2357 5581 cp.th
2382 5482 2544 5564 αθτοῦ
2573 5512 2868 5584 καταγελᾷ.
2906 5482 3187 5576 Καὶ-τέως
3229 5511 3323 5581 μὲν
3349 5505 3492 5561 πλέον
3517 5482 3680 5584 οὐδὲνιῆ

528 5597 733 5654 frustra
780 5576 1130 5671 cogitantem:
1177 5576 1312 5658 cum
1343 5613 1523 5662 autem
1560 5614 1814 5676 peccator
1848 5608 1912 5663 ad
1960 5607 2037 5661 fac

2200 5576 2334 5673 γελᾷ
2381 5605 2467 5658 ἐπ’
2492 5604 2640 5675 αὐτῷ
2680 5576 2855 5680 μάτην
2890 5606 3114 5663 τοιαῦτα
3143 5576 3483 5673 λοίιζομένψ

525 5702 661 5741 nora
716 5689 1094 5758 progreditur,
1151 5692 1405 5760 acuitque
1444 5696 1687 5765 gladios,
1744 5704 1801 5749 ut
1865 5697 2034 5752 insidi;

2196 5695 2241 5746 δ’
2282 5696 2372 5772 ἐπὶ
2413 5695 2483 5749 τὰ
2514 5697 2645 5769 ἔργα
2676 5679 2848 5771 χωρῇ,
2883 5700 3151 5772 ἀκονήσας
3188 5686 3462 5748 ἐαυτοῦ⁹τά
3501 5679 3604 5747 ξίφη

529 5780 683 5848 paret
707 5781 772 5833 ad
804 5794 991 5835 necem
1021 5781 1091 5848 ei,
1125 5782 1213 5851 qui
1248 5791 1466 5852 propter
1501 5788 1665 5844 Deum
1694 5788 1926 5857 inopiam
1955 5804 2038 5856 pa:

2200 5766 2360 5856 μέχρί
2393 5764 2619 5847 θανάέου
2669 5764 3047 5846 ἐπιδουλεῦσαι
3075 5790 3152 5863 τῷ
3181 5786 3276 5858 τὴν
3318 5780 3399 5836 διὰ
3437 5773 3548 5830 θεὸν
3573 5764 3673 5818 ’καθ’
