3822 6280
174 314 279 373 3‘23

1312 322 1807 383 (ZOMMENTARIA
1850 322 1915 379 ΙΝ
1954 319 2290 380 PSALMOS.

3293 316 3397 378 330

178 432 328 505 χείαν
355 437 453 489 καὶ
499 438 690 493 πενίαν
730 436 1061 511 άνειληφότι,
1097 441 1188 495 καὶ
1219 442 1315 513 τὴν
1351 443 1524 515 ἄκραν
1553 460 1748 515 κατορ-

1857 443 2161 513 periemque
2188 441 2469 511 amplexus
2514 457 2575 497 ac
2612 457 2837 498 summae
2858 437 3208 512 philosophia:
3248 439 3398 494 dedi-

183 525 359 579 θοῦντι
392 528 731 599 φιλοσοφίαν,
772 532 831 586 τὸ
858 532 1154 602 τηνικαῦτα
1192 534 1409 605 στρέφει
1437 536 1533 607 τὴν
1574 535 1749 588 αὐτῶν

189 618 454 689 ῥομφαίαν
488 622 631 674 κατά
661 624 756 693 τῆς
796 623 974 677 αὐτῶν
1004 622 1228 694 καρδίας
1265 626 1293 677 ὁ
1322 625 1483 677 πάλαι
1523 641 1750 692 καταγε-

188 708 291 761 λῶν
315 711 495 764 αὐτῶν
530 713 750 784 Κύριος,
774 714 953 767 καὶτὰ
981 716 1115 769 κατά
1144 716 1235 769 τοῦ
1256 716 1461 769 δικαίου
1487 716 1615 780 τόξα
1642 715 1749 769 τῶν

188 802 400 855 ἀσεϐῶν
443 806 737 877 συντρίϐει.
777 806 1170 859 Μετελεύσεται
1218 808 1324 879 γὰρ
1368 810 1594 871 αὐτούς’
1630 809 1749 862 οὐδὲ

183 894 268 946 ἔτι
291 895 466 963 γελῶν
490 897 575 966 ἐφ’
604 893 685 961 οἷς
709 898 1071 963 διανοοῦνται,
1101 901 1235 953 ἀλλά
1256 905 1320 971 τῇ
1344 900 1465 973 δίκῃ
1492 904 1555 972 τῇ
1585 916 1750 972 προσ-

180 986 392 1055 ηκούσῃ
418 989 535 1040 κατ’
560 988 735 1042 αὐτῶν
764 990 1057 1061 χρώμενος.
1089 989 1269 1043 Ταῦτα
1297 988 1372 1053 δὲ,
1401 992 1481 1044 ὅτι
1507 992 1579 1063 μὴ
1606 991 1750 1058 λόγοι

183 1078 559 1147 τυγχάνουσιν,
590 1078 703 1131 ἀλλ’
733 1079 867 1150 ἔργα
900 1080 1070 1151 ἀληθῆ
1102 1080 1513 1153 μαρτυρούμενα
1541 1084 1629 1134 ὑπ’
1664 1081 1751 1134 αὐο

181 1165 282 1236 τῆς
316 1167 615 1239 ἐνεργείας,
642 1169 735 1222 καὶ
766 1172 895 1241 ἡμῖν
944 1170 1125 1233 αὐτοῖς
1164 1174 1277 1234 τοῖς
1310 1170 1481 1224 ταῦτα
1525 1172 1642 1223 νυνὶ
1676 1170 1751 1222 δι-

184 1259 419 1326 εξιοῦσιν
448 1265 479 1333 ἡ
508 1266 668 1334 πεῖρα
693 1263 799 1319 τῶν
828 1264 1001 1333 ἔργων
1030 1264 1385 1318 ἐπιστώσατο.
1429 1264 1751 1334 Ὀφθαλμοῐς

183 1352 316 1420 γοῦν
363 1353 796 1423 παρειλήφαμεν,
835 1351 908 1419 ὡς
945 1357 994 1408 οί
1030 1352 1341 1425 ἁμαρτωλοὶ
1376 1357 1433 1407 ὲν
1474 1357 1586 1417 τοῖς
1630 1354 1749 1407 καθ’

182 1442 342 1513 ὴμῶν
379 1441 635 1511 διωγμοῖς
682 1442 948 1513 ῥομφαίαν
997 1446 1300 1498 ἐσπάσαντο
1345 1446 1485 1499 κατά
1526 1444 1634 1497 τῶν
1674 1444 1751 1497 διο

182 1533 376 1596 καίων,
412 1534 505 1585 καὶ
543 1531 616 1594 ὼς
659 1534 924 1588 ἐνέτειναν
969 1535 1038 1587 τὰ
1071 1536 1197 1600 τόξα
1240 1536 1417 1589 αὐτῶν
1448 1534 1539 1588 τοῦ
1584 1552 1752 1588 κατα-

182 1624 367 1677 ϐαλεῖν
398 1625 604 1693 πένητα
637 1625 728 1677 καὶ
762 1625 991 1695 πτωχὸν,
1026 1627 1119 1679 καὶ
1156 1626 1249 1679 τοῦ
1282 1626 1479 1695 σφάξαι
1509 1626 1636 1689 τοὺς
1665 1626 1752 1677 εὖ·

184 1715 293 1780 θεῖς
321 1720 390 1786 τῇ
426 1717 640 1788 καρδίᾳ,
687 1717 779 1769 καὶ
818 1715 892 1779 ὼς
924 1717 1164 1788 ἔπραξαν
1194 1718 1286 1770 καὶ⁵
1333 1718 1625 1772 κατέϐαλον
1658 1714 1749 1771 καὶ

1849 544 1937 590 tus
1962 542 2064 595 est,
2102 533 2469 599 inferendam;
2522 543 2634 588 tum
2663 534 2940 597 Dominus,
2975 535 3066 604 qui
3097 523 3224 588 olim
3255 531 3398 587 deri-

1848 623 2009 678 debat
2040 640 2164 690 eos,
2221 625 2456 696 gladium
2505 626 2664 680 vertit
2724 626 2776 680 in
2825 625 2989 679 corda
3023 628 3296 695 ipsorum,
3345 630 3398 679 et

1848 728 2007 769 arcus
2042 716 2328 785 impiorum
2379 724 2566 772 contra
2594 717 2801 786 justum
2832 724 3050 787 paratos
3083 715 3397 786 confringit.

1847 803 1964 859 Non
1997 806 2108 874 jam
2149 808 2509 878 cogitationes
2537 822 2723 862 eorum
2756 807 3012 861 deridens
3047 806 3256 859 invadet
3280 820 3398 869 eos,

1849 897 1943 952 sed
1974 900 2269 967 promerita
2301 900 2405 954 illis
2437 900 2641 954 ultione
2672 906 2874 954 utetur.
2901 898 3053 964 Quod
3088 906 3264 951 autem
3286 898 3400 952 haec

1849 1004 1956 1041 non
2002 1004 2148 1042 mera
2178 990 2341 1044 verba
2377 990 2508 1057 sint,
2543 990 2636 1045 sed
2683 1005 2769 1044 res
2799 997 2962 1059 gestae
2990 1002 3053 1043 ac
3093 988 3212 1059 ipso
3240 1001 3401 1056 opere

1848 1080 2246 1149 comprobatae,
2294 1083 2450 1136 nobis
2493 1083 2585 1152 qui
2638 1082 2750 1135 haec
2778 1094 3093 1135 enarramus
3141 1079 3224 1134 vel
3283 1079 3401 1147 ipsa

1848 1169 2180 1238 experientia
2213 1172 2682 1226 commonstravit.
2720 1170 2855 1240 Ipsis
2889 1171 3053 1240 igitur
3082 1168 3255 1239 oculis
3282 1182 3402 1236 per-

1849 1259 2114 1329 cepimus.
2144 1269 2454 1329 peccatores
2484 1262 2539 1317 in
2585 1262 3057 1333 persecutionibus
3094 1260 3148 1313 in
3180 1276 3281 1325 nos
3308 1274 3403 1312 ριι

1849 1352 2029 1407 citatis
2055 1352 2317 1407 adversus
2343 1353 2520 1421 justos
2552 1354 2786 1422 gladium
2818 1352 3070 1407 eduxisse
3094 1391 3108 1414 ,
3134 1361 3404 1419 arcusque

1851 1460 1980 1500 suos
2014 1447 2312 1501 intendisse
2339 1456 2397 1501 ut
2427 1447 2723 1515 dejicerent
2751 1462 3039 1518 pauperem
3065 1453 3119 1501 et
3161 1447 3399 1515 inopem,

1849 1544 1903 1589 et
1935 1544 1993 1590 ut
2027 1538 2365 1592 trucidarent
2418 1547 2595 1593 rectos
2645 1537 2836 1601 corde;
2888 1538 3231 1607 idipsumque
3263 1550 3403 1605 prae-

1851 1627 2084 1681 stitisse:
2118 1636 2337 1683 sanctos
2373 1636 2634 1699 martyres
2664 1644 2762 1697 pro
2792 1628 2902 1683 Deo
2933 1628 3143 1683 fortiter
3182 1636 3403 1697 agentes

1851 1716 2114 1785 dejecisse
2173 1727 2225 1773 et
2277 1718 2562 1788 multiplici
2614 1718 2807 1773 mortis
2850 1734 3047 1788 genere
3095 1718 3401 1771 sustulisse.

181 1808 395 1861 ἀνεῖλον
430 1808 689 1872 ποικίλοις
727 1807 948 1878 τρόποις
993 1807 1234 1863 θανάτων
1278 1810 1402 1872 τοὺς
1442 1808 1578 1862 κατά
1619 1809 1749 1862 Θεὸν

1857 1805 1921 1859 Ut
1953 1817 2131 1861 autem
2166 1808 2280 1863 haec
2329 1808 2586 1874 vidimus,
2614 1808 2686 1861 ita
2732 1816 2785 1864 et
2816 1809 3072 1863 ultionem
3114 1807 3206 1863 Dei
3256 1808 3405 1877 ipsos

180 1896 607 1967 ἀνδρισαμένους
655 1898 841 1965 ἀγίους
886 1899 1184 1969 μάρτυρας.
1229 1900 1435 1970 ’Ὥσπερ
1487 1898 1542 1951 δὲ
1582 1901 1751 1953 ταῦτα

183 1988 624 2059 ἱστορησάμενοι,
671 1987 812 2041 οὓτω
862 1990 955 2040 καὶ
1004 1989 1104 2059 τὴν
1156 1988 1513 2059 μετελθοῦσαν
1558 1992 1751 2055 αὐτοὺς

179 2077 270 2130 τοῦ
311 2078 449 2131 Θεοῦ
497 2078 652 2148 δίκην
690 2078 1011 2150 τεθεάμεθα,
1041 2075 1292 2150 τοιαύτην
1321 2081 1635 2152 γενομένην,
1678 2082 1751 2146 ὡς

184 2168 257 2237 μὴ
289 2168 559 2237 ἁμαρτεῖν
590 2164 681 2220 τὸν
710 2169 954 2239 φήσαντα
983 2168 1215 2239 ἀληθῶς,
1242 2169 1338 2239 τὴν
1366 2171 1637 2241 ῥομφαίαν
1656 2171 1754 2223 αὑ⁶

181 2258 285 2311 τῶν
314 2258 720 2328 εἰσεληλυθέναι
749 2260 826 2322 είς
852 2259 951 2331 τὴν
974 2260 1196 2330 καρδίαν
1223 2260 1399 2313 αὐτῶν
1423 2263 1516 2315 καὶ
1537 2262 1604 2314 τά
1623 2262 1752 2328 τόξα

182 2351 361 2405 αὐτῶν
388 2351 786 2422 συντετρῖφθαι.

248 2443 552 2511 Κρεῒσσον
576 2445 784 2513 ὀλίγον
823 2443 903 2509 τῷ
927 2444 1148 2511 δικαίῳ.
1194 2444 1268 2501 Οὐ
1297 2445 1613 2516 προείρηται
1652 2444 1750 2515 μό-

181 2548 297 2593 νον,
328 2532 459 2584 ἀλλὰ
499 2532 566 2584 δι’
606 2532 780 2603 ἔργων
822 2534 1306 2606 ἀποπεπλήρωται,
1345 2536 1438 2588 καὶ
1476 2536 1565 2588 τὸν
1596 2536 1752 2588 ἄλλον

184 2620 243 2672 δὲ
294 2621 498 2691 χῴνον.
545 2622 601 2674 '0
644 2623 740 2692 μὲν
783 2623 987 2688 δίκαιος
1020 2625 1334 2695 πτωχεύων,
1378 2626 1626 2697 ἀρκεῖται
1677 2625 1753 2697 τῷ

183 2711 373 2781 ὀλίγῳ,
419 2711 794 2784 δεδιδαγμένος
834 2718 890 2768 ὲν
921 2720 1191 2788 προσευχῇ
1237 2718 1413 2786 λέγειν
1438 2736 1451 2749 ο
1502 2720 1610 2773 Τὸν
1648 2720 1751 2788 ἄρ·

184 2819 293 2855 τον
315 2802 487 2871 ἡμῶν
522 2810 627 2857 τὸν
660 2806 969 2859 ἐπιούσιον
1004 2807 1109 2872 δὸς
1138 2808 1278 2876 ἡμῖν
1311 2807 1599 2877 σήμερον-⁸
1635 2812 1663 2863 6
1696 2811 1753 2865 δὲ

185 2894 531 2964 ἁμαρτωλὸς,
579 2895 790 2966 πλούτῳ
839 2898 1281 2969 περιῤῥεόμενος,
1347 2900 1549 2968 ἀγαθοῦ
1608 2918 1752 2963 τινος

180 2985 487 3037 ἀπόλαυσιν
524 2987 749 3055 νομίζει.
795 2987 929 3046 Ἀλλ’
965 2988 1093 3057 ἐγὼ,
1126 2991 1307 3059 φησὶν,
1337 2986 1395 3043 εὖ
1438 2986 1572 3056 οἶδα,
1606 2972 1750 3046 διδά·

184 3090 300 3126 (meo
331 3074 389 3127 δὲ
428 3075 523 3128 καὶ
559 3076 804 3147 ἑτέρουςο
852 3079 931 3130 ὅτι
992 3079 1164 3150 πολλῷ
1193 3080 1412 3150 βελτιων
1448 3080 1594 3135 ἐστὶν
1624 3085 1651 3135 6
1676 3082 1751 3135 δί-

182 3181 339 3227 καιος
370 3165 462 3218 τὸν
494 3166 766 3237 ἐφήμερον
802 3169 961 3244 ἄρτον
994 3171 1141 3242 παρὰ
1186 3171 1277 3224 τοῦ
1308 3172 1438 3225 Θεοῦ
1464 3173 1750 3244 λαμϐάνων

181 3254 275 3309 τοῦ
305 3254 416 3308 τῶν
467 3258 801 3328 ἁμαρτωλῶν
826 3242 1079 3314 πλούτου.
1112 3263 1173 3315 Εί
1199 3263 1241 3314 δ’
1282 3264 1508 3336 ἐρωτᾷς,
1538 3242 1641 3337 τὴν
1674 3269 1755 3319 ai-

180 3347 302 3398 τίαν
346 3348 587 3416 μάνθανε
608 3367 620 3378 ·
652 3351 733 3403 ὃτι
762 3352 789 3403 ὁ
825 3352 920 3421 μὲν
963 3352 1125 3423 ὀλίγῳ
1159 3356 1494 3426 ἀρκούμενος
1534 3356 1755 3427 ἔχειτὸν

187 3436 397 3509 Κύριον
429 3440 855 3512 ὑποστηρίξοντα
882 3443 1042 3496 αὐτοῦ
1065 3443 1160 3509 τὴν
1181 3445 1355 3517 ψυχὴν
1382 3447 1475 3501 καὶ
1495 3448 1591 3518 τὴν
1614 3447 1757 3520 ζωὴν

186 3528 407 3581 καὶτὸν
457 3527 592 3598 βίον,
640 3531 778 3603 ὑπὲρ
819 3533 993 3585 πάντα
1032 3551 1091 3587 τε
1143 3534 1368 3589 πλοῦτον
1414 3538 1756 3609 ὲπαρκοῦντα

186 3618 338 3689 αὑτῷ
358 3636 372 3649 ·
406 3622 455 3671 οἱ
503 3621 557 3673 δὲ
596 3621 702 3674 τῶν
730 3623 1065 3693 ἁμαρτωλῶν
1094 3625 1370 3697 βραχίονες
1398 3629 1459 3681 οὐ
1485 3628 1759 3699 διαμένου-

190 3726 277 3761 σιν
313 3713 548 3782 ἰσχυροὶ,
587 3713 707 3767 οὐδὲ
744 3716 771 3767 6
812 3715 1037 3779 πλοῦτος
1066 3718 1243 3770 αὐτῶν
1274 3717 1517 3788 βέϐαιος·
1554 3736 1759 3791 συντριο

190 3799 453 3872 ϐήσονται
505 3803 612 3875 γὰρ
657 3806 778 3858 ὅσον
812 3806 1021 3859 οὐδέπω
1069 3807 1346 3878 γενόμενοι
1386 3810 1516 3862 ὡσεὶ
1553 3809 1758 3881 λάχανα

188 3889 355 3960 χλόης
384 3891 478 3943 καὶ
506 3891 635 3945 ὡσεὶ
668 3894 857 3965 χόρτος
888 3895 1387 3967 ἀποξηραινόμενοι.

258 3980 558 4035 Γινώσκει
602 3985 814 4050 Κύριος
861 3986 965 4052 τὰς
997 3986 1174 4051 ὀδοὺς
1203 3987 1320 4040 τῶν
1362 3987 1632 4058 ἀμώμων,
1661 3992 1761 4045 καὶ

186 4074 226 4139 ἠ
259 4076 627 4143 κληρονομία
648 4076 845 4131 αὐτῶν
862 4080 948 4144 εὶς
972 4081 1077 4132 τὸν
1096 4078 1279 4132 αἰῶνα
1298 4079 1487 4133 ἔσται.
1517 4083 1596 4135 Οὐ
1622 4100 1743 4136 κατ-

185 4166 704 4233 αισχυνθήσονται
751 4170 821 4222 ἐν
858 4170 1038 4239 καιρῷ
1081 4171 1339 4239 πονηρῷ,
1379 4172 1477 4225 καὶ
1508 4173 1577 4227 ἐν
1614 4174 1758 4245 ante.

181 4273 318 4323 ραις
364 4258 544 4325 ,λιμοῦ
599 4260 1133 4327 χορτασθήσονται,
1184 4262 1273 4316 ὅτι
1329 4266 1382 4316 οἱ
1428 4265 1758 4334 ἁμαρτωλοὶ

188 4348 582 4402 ἀπολοῦνται.
637 4352 757 4404 Ὅτι
798 4353 896 4404 τοῦ
940 4353 1113 4420 δεξιοῦ
1160 4355 1456 4426 τάγματος,
1514 4356 1655 4425 λέγω
1704 4357 1760 4411 δὲ

1854 1898 2197 1954 invadentem
2226 1901 2592 1970 suspeximus,
2629 1916 2747 1970 quae
2781 1902 2905 1954 talis
2945 1902 3129 1971 utique
3171 1898 3293 1964 fuit,
3345 1907 3404 1951 ut

1853 1992 1988 2046 nihil
2014 1993 2347 2047 aberraverit
2390 1994 2438 2048 is
2478 1995 2570 2062 qui
2601 1995 2737 2048 dixit
2766 1994 3002 2063 gladium
3050 2007 3235 2048 eorum
3283 1990 3405 2045 infi-

1854 2099 1980 2137 xum
2012 2083 2065 2137 in
2097 2084 2262 2138 corda
2298 2084 2561 2155 ipsorum,
2593 2091 2648 2140 et
2675 2100 2834 2141 arcus
2863 2099 3049 2140 eorum
3094 2083 3404 2138 confractos

1852 2191 1994 2233 esse.

1922 2436 2089 2495 Vens.
2142 2439 2229 2495 £6.
2273 2432 2463 2493 Melius
2509 2449 2587 2495 est
2635 2439 2896 2494 modicum
2916 2440 3087 2510 justo,
3124 2445 3229 2496 etc.
3281 2439 3404 2494 Ilaec

1852 2546 1960 2585 non
1993 2532 2153 2586 modo
2184 2532 2541 2601 praenuntiata
2571 2531 2750 2597 fuere,
2780 2532 2873 2587 sed
2904 2540 2957 2586 et
2989 2533 3110 2586 aliis
3150 2533 3406 2602 tempori-

1852 2621 1956 2676 bus
1988 2637 2151 2691 opcre
2175 2623 2459 2692 completa.
2483 2620 2671 2678 Justus
2692 2622 2908 2692 quidem
2932 2638 3217 2693 pauperem
3243 2637 3407 2692 agens

1851 2713 2016 2765 vitam
2069 2714 2258 2782 paucis
2304 2721 2593 2768 contentus
2642 2721 2745 2780 est,
2800 2714 2866 2767 ad
2922 2715 3035 2768 haec
3076 2716 3127 2768 in
3161 2718 3406 2773 oratione

1854 2794 2175 2866 proferenda
2211 2797 2510 2861 institutus,
2544 2796 2743 2851 Panem
2778 2808 3013 2852 nostrum
3043 2799 3403 2868 quotidianum

1851 2884 1921 2939 da
1951 2886 2099 2940 nobis
2127 2888 2281 2941 hodie
2307 2889 2375 2940 ⁷ο.
2417 2886 2681 2943 Peccator
2717 2897 2893 2942 autem
2925 2888 3128 2943 divitiis
3158 2889 3401 2955 afﬂuens,

1852 2990 1912 3031 se
1941 2977 2081 3032 bono
2113 2977 2216 3031 frui
2247 2978 2562 3033 arbitratur.
2598 2980 2664 3031 At
2691 2970 2856 3049 probe
2886 2980 3031 3045 novi,
3087 2982 3281 3051 inquit,
3326 2983 3405 3036 id-

1851 3082 1957 3136 que
2004 3074 2229 3123 caetcros
2276 3069 2464 3132 doceo,
2503 3070 2672 3124 multo
2713 3071 3137 3139 praestantiorem
3176 3074 3406 3142 justum,

1852 3162 1943 3232 qui
1975 3163 2351 3232 quotidianum
2384 3179 2413 3218 a
2455 3163 2564 3219 Deo
2595 3179 2786 3234 panem
2816 3167 3029 3236 accipit,
3061 3176 3407 3237 peccatorum

1853 3253 2060 3309 divitiis
2088 3269 2229 3310 esse.
2263 3254 2416 3321 Quod
2451 3256 2495 3311 si
2546 3272 2765 3311 causam
2795 3258 3150 3327 perconteris,
3196 3258 3408 3313 ediscat

1854 3345 2002 3409 licet,
2036 3346 2160 3414 quia
2196 3347 2285 3401 ille
2317 3348 2536 3417 quidem
2568 3350 2755 3417 paucis
2781 3356 3091 3410 contentus,
3123 3346 3408 3404 Dominum

1855 3436 2016 3492 habet
2058 3438 2149 3507 qui
2186 3439 2421 3493 animam
2469 3449 2522 3493 et
2553 3440 2717 3493 vitam
2766 3441 2883 3509 ejus
2937 3441 3141 3503 fulciat,
3198 3441 3408 3511 ipsique

1855 3528 2143 3599 plusquam
2195 3544 2383 3585 omnes
2422 3531 2622 3586 divitiae
2655 3530 2925 3586 sufﬁciat:
2980 3541 3034 3585 at
3065 3540 3407 3601 peccatorum

1856 3621 2079 3675 brachia
2110 3636 2217 3676 non
2247 3622 2471 3677 robusta
2516 3632 2756 3690 manent,
2787 3640 2963 3693 neque
2997 3624 3195 3678 divitiae
3221 3638 3407 3678 eorum

1858 3712 2027 3766 firmae
2075 3720 2240 3778 sunt;
2300 3729 2466 3783 prope
2495 3710 2634 3767 diem
2660 3715 2802 3769 enim
2857 3720 3206 3768 conterentur
3251 3714 3407 3785 quasi

1857 3801 2005 3855 olera
2035 3802 2347 3867 herbarum,
2380 3811 2432 3857 et
2458 3811 2714 3873 tanquam
2743 3801 2925 3857 fenum
2956 3809 3222 3858 arescent.

1927 3972 2093 4035 Vsus.
2140 3977 2259 4031 l8-
2288 3976 2376 4031 ‘20.
2428 3975 2588 4031 Novit
2643 3976 2895 4031 Dominus
2945 3978 3055 4031 vias
3106 3975 3409 4033 immacula-

1860 4080 2051 4134 torum,
2090 4080 2138 4123 et
2186 4069 2464 4123 ha'reditas
2508 4084 2687 4123 eorum
2734 4068 2789 4119 in
2838 4075 3087 4120 wternum
3138 4067 3257 4121 erit.
3291 4065 3415 4121 Non

1858 4160 2242 4231 confundantur
2282 4161 2334 4214 in
2370 4170 2591 4227 tempore
2621 4160 2781 4223 malo,
2834 4166 2883 4212 et
2928 4158 2984 4211 in
3029 4157 3208 4211 diebus
3252 4158 3413 4227 {arma

1860 4255 2261 4317 saturabuntnr,
2291 4252 2413 4322 quia
2442 4259 2737 4319 peccatores
2764 4248 3022 4319 peribunt.
3055 4247 3195 4315 Quia
3225 4263 3413 4303 eorum

1861 4346 1952 4417 qui
1984 4345 2039 4399 in
2074 4344 2265 4399 dextro
2316 4342 2507 4397 ordine
2552 4349 2697 4409 sunt,
2730 4343 2782 4396 id
2832 4349 2916 4397 est
2960 4341 3251 4410 iustorum,
3278 4355 3417 4409 ,non

188 4438 299 4491 τῶν
326 4440 571 4506 δικαίων,
606 4443 666 4495 οὐ
695 4445 851 4514 μόνον
879 4444 1225 4517 ὑποστηρίζει
1249 4450 1279 4500 6
1308 4448 1438 4511 Θεὸς
1468 4448 1564 4519 τὴν
1592 4448 1754 4520 ζωὴν,

1864 4437 2023 4491 modo
2071 4437 2235 4489 vitam
2272 4433 2425 4488 fulcit
2464 4432 2766 4500 Dominus;
2815 4433 2908 4489 sed
2941 4434 3103 4486 etiam
3138 4431 3276 4495 dies,
3320 4431 3414 4500 qui

193 4527 326 4582 ἀλλά
359 4533 458 4583 καὶ
496 4530 593 4595 τὰς
632 4536 1025 4604 περιμενούσας
1073 4538 1266 4600 αὐτοὺς
1303 4539 1360 4590 ἐν
1399 4538 1475 4609 τῷ
1518 4537 1760 4609 μέλλοντι

192 4621 346 4673 αίῶνι
392 4624 605 4696 ἡμέρας
659 4626 900 4697 ἀκριϐῶς
938 4625 1063 4692 οἶδε,
1121 4631 1219 4700 τήν
1264 4648 1321 4682 τε
1362 4631 1762 4702 ἡτοιμασμένην

193 4714 375 4777 αὐτοῖς
424 4714 806 4787 κληρονομίαν,
854 4721 980 4791 περὶ
1020 4716 1086 4792 ἦς
1130 4721 1385 4791 ἀνωτέρω
1419 4721 1630 4793 ἐλέχθη.
1674 4723 1764 4775 Διὸ

192 4806 343 4860 οὐδὲν
371 4808 566 4871 αὐτοὺς
597 4809 926 4881 καταϐλάψει
957 4812 1017 4864 τὸ
1044 4811 1239 4883 βραχὺ,
1275 4813 1368 4866 καὶ⁵
1396 4813 1633 4885 λυπηρὸν
1668 4814 1760 4868 τοῦ

192 4898 461 4971 παρόντος
503 4900 640 4970 βίου,
683 4903 774 4955 καὶ
804 4902 866 4955 τὸ
904 4903 1157 4957 πένεσθαι
1197 4906 1289 4957 καὶ
1335 4906 1631 4976 πτωχεύειν
1675 4906 1761 4959 διά

191 4988 285 5040 τὸν
310 4990 533 5063 Κύριον,
571 4992 610 5044 Γ
614 4993 873 5063 υμνάσιον
902 4993 1009 5066 γὰρ
1040 4995 1215 5049 αὐτῶν
1240 4998 1354 5049 ἐστι
1384 4998 1479 5068 τῆς
1508 4997 1762 5069 προαιρέδ

196 5095 333 5145 σεως
363 5085 396 5152 ἠ
422 5085 707 5155 καρτερία,
739 5085 806 5137 δι’
834 5080 900 5157 ἦς
928 5085 1027 5156 τὴν
1067 5087 1254 5160 στενὴν
1279 5087 1371 5141 καὶ
1400 5088 1760 5160 τεθλιμμένην

193 5170 488 5241 ὁδεύοντες,
535 5176 813 5243 τεύξονται
856 5177 965 5231 τῶν
1014 5180 1453 5250 ἐπηγγελμένων.
1513 5181 1655 5234 Ἀντί
1703 5179 1759 5232 δὲ

190 5259 315 5320 τοῦ,
336 5262 629 5329 γινώσκει,
653 5266 681 5316 6
704 5263 1017 5335 Σύμμαχος,
1045 5268 1327 5336 Προοῖδεν
1351 5272 1383 5322 ό
1414 5270 1627 5338 Κύριος
1651 5271 1759 5337 τὰς

192 5351 417 5420 ἡμέρας
448 5354 568 5408 τῶν
599 5356 867 5425 ἀμώμων,
900 5360 1178 5424 ἐξέδωκεν.
1212 5363 1321 5415 Kal
1362 5362 1488 5416 ἀλλο
1519 5363 1574 5415 δὲ
1620 5363 1757 5435 μέγα

197 5444 427 5515 ὑπάρξει
460 5446 707 5511 τούτοις·
756 5450 826 5503 ἐν
868 5452 976 5522 γὰρ
1022 5453 1203 5521 καιρῷ
1252 5453 1490 5522 πονηρῷ
1527 5458 1598 5509 οὺ
1631 5473 1761 5509 κατ-

192 5539 729 5605 αισχυνθήσονται,
754 5542 850 5596 καί
871 5543 939 5596 ἐν
965 5544 1209 5613 ἡμέραις
1230 5547 1407 5616 λιμοῦ
1430 5548 1759 5618 χορτασθή-

170 5759 191 5778 .
273 5715 315 5747 "
349 5716 481 5776 Luc.
520 5734 599 5784 ιι,
632 5722 681 5775 5.

522 5812 792 5875 Ριτιιοι.
837 5814 952 5878 GI.
999 5812 1242 5878 XXIII.

1862 4529 2012 4599 ipsos
2045 4529 2099 4582 in
2135 4526 2317 4580 futuro
2348 4526 2546 4581 saeculo
2586 4531 2924 4594 exspectant,
2955 4534 3207 4577 accurate
3241 4523 3415 4587 novit,

1863 4629 2025 4691 atque
2076 4627 2318 4689 paratam
2355 4618 2463 4671 illis
2492 4615 2880 4678 haereditatem,
2916 4615 2984 4669 de
3025 4630 3129 4684 qua
3167 4613 3417 4682 superius

1862 4714 2066 4769 dictum
2117 4720 2220 4767 est.
2274 4710 2452 4777 Quare
2503 4708 2815 4764 nocumenti
2863 4707 2998 4761 nihil
3047 4705 3234 4759 afferet
3286 4703 3419 4773 ipsis

1863 4804 2152 4875 praesentis
2186 4803 2307 4857 vitae
2354 4802 2593 4857 brevitas
2646 4815 2709 4852 ac
2752 4798 3003 4860 tristitia,
3034 4803 3087 4849 et
3131 4794 3418 4864 pauperies

1860 4896 2153 4966 inopiaque
2193 4909 2354 4965 quam
2406 4908 2504 4963 pro
2550 4891 2777 4946 Domino
2823 4889 3052 4958 amplexi
3102 4894 3247 4942 sunt.
3281 4883 3414 4939 Nam

1861 5004 2051 5043 eorum
2081 4986 2343 5058 propositi
2380 4994 2434 5039 et
2463 4983 2759 5036 voluntatis
2794 4977 3108 5033 exercitatio
3151 4975 3251 5030 fuit
3283 4974 3419 5029 tole-

1862 5080 2060 5143 rantia,
2096 5095 2203 5151 qua
2251 5080 2305 5132 in
2355 5084 2584 5146 angusta
2638 5080 2897 5141 arctaque
2941 5069 3027 5123 via
3082 5067 3416 5131 incedentes,

1862 5172 2131 5243 promissa
2157 5175 2576 5237 consequentur.
2601 5163 2707 5219 Pro
2730 5164 2822 5217 illo
2854 5172 3053 5226 autem,
3081 5161 3240 5226 novit,
3270 5157 3421 5230 Sym-

1861 5264 2110 5327 machus,
2135 5260 2376 5329 prazvidit
2400 5258 2654 5312 Dominus
2684 5254 2793 5309 dies
2825 5252 3306 5315 immaculatorum’,
3340 5252 3420 5304 in-

1865 5363 2193 5426 terpretatus
2249 5361 2354 5408 est.
2414 5347 2681 5417 Aliudque
2739 5360 2992 5417 magnum
3041 5345 3241 5399 bonum
3287 5341 3422 5412 ipsis

1864 5448 2115 5503 obvcniet
2139 5463 2154 5513 ;
2184 5459 2303 5498 nam
2336 5445 2388 5496 in
2410 5453 2632 5510 tempore
2652 5440 2792 5494 malo
2815 5454 2916 5493 non
2945 5436 3351 5507 confundantur,
3372 5444 3422 5487 ct

1866 5540 1920 5596 in
1939 5539 2122 5595 diebus
2150 5538 2308 5608 [amis
2332 5534 2729 5591 saturabunlur.
2760 5530 2956 5588 Malum
2987 5539 3223 5600 tempus,
3255 5528 3308 5584 id
3340 5539 3425 5582 est

3068 5807 3132 5869 11
