3822 6280
417 347 512 398 331

1113 337 1382 396 EUSEBII
1412 334 1886 393 (ΖᾹΞΞΑΒΙΕΝΞΙΒ
1925 335 1965 390 0

2071 381 2073 389 ,
2116 332 2296 387 PARS
2329 331 2414 390 Ill.
2455 363 2522 374 -—
2554 331 2954 390 EXEGETICA.

3550 329 3642 387 551

416 474 631 534 tempus
653 462 747 519 irae
768 461 1029 518 adversus
1051 459 1266 532 impios,
1292 475 1400 530 quo
1425 458 1500 512 illi
1529 458 1747 530 quidem
1766 457 1965 530 justum

2081 471 2308 510 O'Wtat.
2356 455 2561 528 Καιρὺς
2597 456 2653 509 δὲ
2685 455 2922 528 πονηρός
2968 455 3114 509 ἐστιν
3158 455 3186 509 ὁ
3217 454 3316 524 τῆς
3362 451 3505 507 κατὰ
3547 453 3645 508 τῶν

417 556 510 612 Dei
533 556 800 627 judicium
829 553 1219 624 experientur;
1267 554 1360 624 qui
1393 567 1523 608 vero
1561 553 1618 607 in
1666 551 1858 606 dextro
1899 565 1983 605 or-

415 647 541 703 dine
586 656 734 713 sunt,
789 646 1040 719 gloriam,
1095 645 1357 700 honorem
1407 653 1462 700 ct
1517 643 1980 715 incorruptionem

414 739 760 806 obtinebunt,
798 747 856 793 ut
883 738 975 810 qui
1015 738 1181 792 vitam
1215 744 1470 793 aeternam
1500 735 1834 807 quaesierint.
1869 733 1982 789 lmo

414 847 543 885 vero
571 839 778 887 statuto
811 841 1055 904 tempore
1088 831 1247 902 justi,
1279 829 1466 884 divino
1513 831 1770 884 alimento
1801 827 1979 898 potiti,

414 923 850 989 saturabuntur;
886 929 1199 992 peccatores
1241 926 1422 974 autem
1455 918 1595 974 fame
1643 927 1695 973 et
1741 925 1981 990 egestate

414 1013 755 1069 rationabilis
787 1014 894 1068 cibi
934 1014 1208 1083 peribunt.
1241 1011 1374 1077 Quis
1415 1019 1592 1065 autem
1624 1011 1792 1066 oculis
1842 1025 1978 1065 con-

415 1107 710 1176 templalus
739 1107 935 1176 impios
966 1109 1057 1177 qui
1088 1120 1203 1160 aevo
1235 1111 1427 1158 nostro
1457 1119 1521 1157 ex
1553 1102 1782 1167 divitiis,
1811 1100 1978 1172 gloria

412 1207 465 1254 et
497 1200 851 1270 dignitatibus
885 1200 939 1253 in
974 1197 1336 1253 admiratione
1376 1195 1546 1257 fuere,
1585 1195 1638 1249 in
1673 1197 1978 1264 multasque

411 1295 599 1358 gentes
630 1288 918 1358 imperium
948 1288 1255 1350 obtinuere,
1286 1295 1510 1354 repente
1531 1285 1598 1338 ab
1627 1284 1728 1338 hac
1758 1285 1979 1338 celsitu-

409 1380 539 1434 dine
591 1379 795 1449 lapsos,
843 1395 950 1433 non
997 1378 1228 1433 fateatur
1279 1360 1465 1434 verum
1521 1391 1643 1430 esse
1695 1375 1975 1429 oraculum

412 1473 726 1542 hujusmodi
761 1494 772 1528 :
806 1473 1018 1527 Inimici
1055 1489 1171 1526 vero
1199 1471 1436 1534 Domini,
1470 1485 1592 1524 mox
1624 1477 1681 1522 ut
1721 1469 1978 1538 honori/i-

407 1565 515 1617 cati
555 1567 765 1633 [uerunt
807 1575 856 1618 et
900 1565 1145 1629 exaltati,
1194 1563 1492 1632 deﬁcientes
1537 1559 1976 1634 quemadmodum

409 1655 586 1724 fumus
626 1656 969 1727 defecerunt?
1014 1655 1218 1710 Fumus
1265 1655 1522 1710 exstincti
1571 1653 1713 1724 ignis
1759 1653 1972 1724 signum

405 1757 492 1802 est
516 1768 527 1802 :
560 1765 728 1818 quare
750 1749 803 1804 hi
826 1748 920 1819 qui
941 1759 1180 1819 tempore
1202 1763 1302 1802 suo
1326 1748 1582 1802 ardentes
1607 1746 1747 1817 ignis
1774 1746 1968 1810 instar,

404 1825 603 1898 deinde
621 1842 874 1898 exstincti
899 1849 1046 1906 sunt,
1075 1841 1324 1897 similiter
1355 1841 1409 1895 in
1440 1841 1744 1911 exemplum
1767 1839 1972 1895 haben-

403 1938 514 1986 tur.

475 2023 638 2082 Vens.
674 2023 765 2092 21,
788 2026 878 2080 22.
921 2025 1201 2080 Mutualur
1244 2035 1502 2094 peccator,
1537 2036 1585 2081 et
1629 2041 1732 2080 non
1758 2025 1919 2081 solvet
1948 2041 1968 2078 :

401 2125 575 2171 iustus
627 2128 803 2173 autem
856 2119 1131 2173 miseretur
1158 2128 1206 2173 et
1261 2120 1470 2175 tribuet.
1527 2118 1621 2174 Ille
1660 2134 1784 2173 cum
1833 2117 1970 2172 nihil

401 2209 730 2278 possideret,
762 2211 1074 2280 multosque
1097 2225 1126 2262 a
1155 2211 1274 2264 viro
1297 2211 1448 2278 justo
1482 2210 1641 2264 utiles
1671 2211 1968 2266 salutares-

400 2316 508 2370 que
535 2316 816 2356 sermones
847 2310 1038 2355 mutuo
1070 2305 1359 2371 acciperet,
1393 2311 1484 2355 aut
1509 2318 1539 2356 a
1563 2300 1671 2356 Deo
1688 2301 1968 2357 beneficiis

399 2401 710 2455 ornaretur,
737 2392 979 2446 debitum
1003 2409 1109 2446 non
1137 2394 1318 2448 solvit.
1351 2391 1486 2446 Nam
1512 2393 1778 2462 adjutum,
1805 2408 1969 2464 opor-

397 2481 504 2535 tuit
552 2496 717 2551 opera
765 2497 829 2536 ac
877 2491 1029 2553 gesta
1069 2484 1309 2552 acceptis
1357 2483 1518 2553 digna
1576 2483 1852 2538 exhibere.
1899 2483 1968 2537 At

397 2572 490 2628 ille
519 2589 628 2629 non
659 2574 842 2638 solvit,
879 2584 1170 2644 manetque
1192 2573 1419 2643 iustitiae
1446 2576 1700 2645 operibus
1738 2589 1963 2631 vacuus.

395 2663 585 2721 Justus
615 2681 745 2721 vero
776 2667 982 2722 divitiis
1009 2683 1128 2736 qua:
1179 2666 1477 2721 secundum
1523 2665 1690 2720 Deum
1721 2675 1848 2721 sunt
1881 2666 1960 2720 af-

395 2758 594 2824 fluens,
631 2759 925 2814 miseretur
961 2769 1015 2814 et
1065 2759 1255 2813 tribuit
1303 2759 1605 2829 egentibus.
1661 2757 1765 2813 Sed
1804 2759 1966 2814 etiam

395 2848 489 2919 qui
533 2848 684 2919 justo
715 2849 1064 2914 henedicunt,
1111 2848 1231 2918 ejus
1279 2847 1590 2902 cohaeredes
1621 2856 1799 2903 erunt.
1832 2846 1966 2901 Eam

392 2941 540 2994 enim
566 2940 740 3009 ipsam
770 2955 1063 3010 supernam
1097 2938 1484 3002 haereditatem,
1521 2939 1808 3008 qumjuslo
1837 2952 1965 3007 pro-

391 3031 567 3086 missa
591 3031 716 3096 fuit,
749 3032 1201 3094 benedicentibus
1222 3032 1430 3100 justum
1461 3030 1621 3084 etiam
1655 3030 1961 3100 pollicetur.

395 3125 527 3191 Qum
554 3132 862 3179 consonant
891 3124 1116 3178 oraculo
1159 3123 1429 3177 Abraham
1469 3125 1736 3192 spectanti
1786 3138 1850 3177 ac
1877 3123 1963 3177 di-
1991 3155 2032 3212 ο

392 3214 538 3271 centi
567 3231 579 3266 :
612 3212 682 3266 Et
712 3213 1013 3266 benedicam
1045 3213 1398 3267 benedicentes
1429 3220 1475 3266 te
1497 3213 1562 3266 τί.
1591 3211 1726 3267 Illud
1759 3223 1962 3282 autem,

393 3305 772 3360 Maledicentes
823 3314 997 3358 autem
1048 3306 1096 3359 ei
1142 3304 1491 3375 disperibunt,
1535 3305 1690 3359 aliine
1727 3313 1810 3360 est
1839 3307 1965 3363 huic

393 3393 462 3449 ad
491 3395 866 3448 Abrahamum
915 3395 1082 3459 dicto,
1119 3404 1168 3448 et
1198 3393 1625 3449 maledicentibus
1656 3397 1749 3450 tibi
1793 3398 1962 3452 male-

391 3486 568 3539 dicam
585 3487 652 3541 ⁷³.
687 3483 1152 3551 Quemadmodum
1179 3486 1324 3541 enim
1354 3488 1446 3560 qui
1481 3489 1711 3560 lapidem
1741 3505 1960 3544 sursum

389 3578 542 3648 iacit,
589 3578 669 3633 sic
715 3578 809 3649 qui
858 3577 1162 3635 maledictis
1189 3579 1398 3650 justum
1433 3582 1660 3653 impetit,
1696 3584 1822 3653 quia
1853 3599 1962 3638 non

392 3677 573 3738 petest
623 3670 774 3738 justo
814 3669 1166 3726 maledictum
1214 3672 1441 3739 haerere,
1493 3681 1756 3728 retortum
1803 3675 1860 3728 in
1902 3689 1963 3730 se

391 3761 691 3817 maledicus
729 3762 986 3832 excipiet.

459 4014 626 4072 Vens.
675 4017 767 4085 2'5,
803 4018 893 4074 24.
931 4019 1080 4090 Apud
1145 4019 1430 4076 Dominum
1471 4039 1681 4094 gressus
1731 4023 1958 4080 hominis

387 4107 701 4180 dirigentur.
731 4110 937 4165 Praeter
967 4127 1134 4182 supra
1167 4122 1486 4179 memorata,
1521 4117 1636 4170 haec
1667 4113 1830 4173 etiam
1861 4118 1959 4172 lio-

389 4200 522 4254 mini
553 4199 648 4256 Dei
683 4202 922 4259 adsunt:
956 4204 1074 4260 vias
1102 4205 1222 4276 ejus
1252 4205 1395 4262 Deus
1429 4209 1757 4278 complanat,
1797 4211 1870 4265 ita
1899 4221 1958 4266 ut

385 4295 498 4352 vita
547 4297 668 4367 ejus
720 4297 953 4354 feliciter
993 4301 1283 4356 elabatur:
1318 4316 1382 4356 ac
1431 4303 1548 4357 sine
1579 4304 1689 4358 ullo
1726 4305 1881 4360 obice
1911 4307 1957 4361 is

384 4387 642 4459 religiose
677 4390 807 4460 agit,
859 4407 889 4445 a
923 4393 1249 4464 nemineque
1290 4396 1694 4466 supplantatur,
1731 4407 1954 4470 propter

2083 546 2294 602 ἀσεϐῶν
2328 548 2520 620 ὀργῆς,
2561 549 2618 601 ὲν
2658 541 2703 615 ᾦ
2746 549 2795 601 οἱ
2841 547 2940 618 μὲν
2984 546 3087 617 τῆς
3128 545 3522 617 δικαιοκρισίας
3559 543 3644 599 τοῦ

2082 637 2218 692 Θεοῦ
2246 639 2724 711 πειρασθήσονται,
2750 640 2798 692 oi
2825 639 2881 692 δὲ
2903 638 2997 692 τοῦ
3020 637 3193 704 δεξιοῦ
3227 639 3507 710 τάγματος
3529 639 3647 692 ἀπο-

2081 731 2354 802 λείψονται
2380 731 2536 798 δόξαν
2574 731 2670 786 καὶ
2695 731 2859 802 τιμὴν
2891 731 2986 784 καὶ⁵
3014 731 3336 804 ἀφθαρσίαν,
3366 729 3644 802 ζητοῦντες

2082 821 2226 894 ζωὴν
2275 824 2512 879 αἰώνιον.
2565 825 2640 878 Οὐ
2677 824 2783 896 μὴν
2814 824 2946 878 ἀλλὰ
2995 825 3087 877 καὶ
3131 824 3272 879 κατά
3313 824 3403 876 τὸν
3445 823 3643 877 ἑστῶτα

2083 915 2291 987 καιρὸν,
2319 917 2366 968 oi
2415 915 2513 986 μὲν
2544 917 2741 971 δίκαιοι
2772 917 2870 988 τῆς
2899 917 3079 971 ἐνθέου
3111 916 3316 988 τροφῆς
3355 914 3642 968 ἀπολαῦον-

2079 1023 2170 1070 τες
2199 1007 2660 1080 χορτασθήσονται
2682 1015 2715 1040 ”
2737 1011 2785 1064 οἱ
2824 1010 2880 1063 δὲ
2911 1009 3220 1082 ἁμαρτωλοὶ
3255 1007 3397 1079 λιμῷ
3431 1008 3528 1060 καὶ
3567 1009 3643 1060 sv-

2077 1097 2194 1170 δείᾳ
2223 1097 2444 1170 λογικῆς
2481 1101 2687 1171 τροφῆς
2732 1100 3075 1155 ἀπολοῦνται.
3111 1101 3208 1164 Τίς
3246 1101 3303 1154 δὲ
3351 1099 3642 1170 ὀφθαλμοῖς

2079 1189 2409 1262 παραλαϐὼν
2438 1194 2563 1256 τοὺς
2593 1191 2715 1245 καθ’
2744 1193 2890 1264 ἡμᾶς
2912 1193 3130 1257 ἀσεϐεῖς
3160 1192 3372 1262 πλούτῳ
3406 1193 3502 1246 καὶ
3527 1192 3642 1266 δόξῃ

2079 1284 2174 1337 καὶ
2205 1281 2476 1353 ἀξιώμασι
2509 1283 2942 1356 θαυμασθέντας,
2980 1286 3227 1358 μεγάλων
3257 1303 3314 1339 τε
3347 1283 3517 1339 ὲθνῶν
3551 1284 3643 1356 ἄρ-

2079 1374 2291 1441 ξαντας.
2324 1376 2535 1448 ἀθρόως
2579 1379 2908 1443 ἐκπεσόντας
2948 1379 3042 1433 τοῦ
3088 1377 3397 1450 ὑψώματος,
3441 1377 3543 1430 οὐκ
3586 1377 3643 1430 ἂν

2075 1469 2460 1540 ὁμολογήσειεν
2504 1471 2678 1544 ἀληθῆ
2716 1473 3004 1542 τυγχάνειν
3039 1471 3100 1524 τὸ
3130 1472 3306 1543 φῆσαν
3339 1470 3551 1539 λόγιον·
3587 1471 3644 1524 οι

2075 1559 2128 1613 δ’
2168 1561 2367 1629 ἐχθροί
2408 1562 2516 1616 τοῦ
2556 1563 2703 1618 Θεοῦ
2741 1563 2859 1633 ἅμα
2903 1563 2983 1628 τῷ
3026 1561 3395 1631 δοξασθῆιηι
3427 1562 3646 1628 αὐτοὺς

2075 1651 2173 1706 καὶ
2194 1650 2520 1722 ἐπαρθῆναι
2546 1655 2896 1720 ἐκλιπόντες
2925 1655 3064 1708 ὡσεὶ
3093 1654 3322 1720 καπνὸς
3343 1652 3640 1718 ἐξέλιπον.

2077 1747 2298 1810 Καπνὸς
2324 1747 2380 1800 δὲ
2425 1747 2594 1819 πυρὸς
2625 1747 2943 1812 σϐεσθέντος
2971 1749 3193 1818 σημεῖον
3216 1763 3233 1776 ο
3274 1745 3354 1799 διὸ
3395 1746 3490 1799 καὶ
3535 1745 3646 1800 τοῦ·

2075 1855 2198 1903 τους
2223 1839 2398 1914 καιρῷ
2427 1839 2724 1910 φλέξαντας
2755 1841 2925 1912 πυρὸς
2955 1841 3132 1912 δίκην.
3159 1839 3392 1896 κᾶπειτα
3423 1840 3647 1893 ἀποσϐε-

2071 1929 2312 1995 σθέντας,
2341 1932 2538 2002 ὁμοίως
2565 1935 2621 1986 ὲν
2643 1933 2722 2004 τῷ
2752 1933 3149 2004 παραδείγματι
3175 1931 3272 2003 (1).

2139 2023 2464 2083 Δανείζεται
2492 2027 2524 2078 ό
2571 2025 2939 2094 ἁμαρτωλὸς.
2984 2025 3082 2078 καὶ
3129 2026 3240 2078 οὐκ
3277 2024 3582 2079 ἀποτίσει⁸
3614 2024 3645 2079 ό

2069 2112 2136 2166 δὲ
2167 2111 2396 2179 δίκαιος
2429 2114 2695 2182 οἱκτείρει
2732 2114 2829 2168 καὶ
2875 2112 3044 2167 διδοῖ.
3079 2114 3258 2184 Μηδὲν
3291 2115 3641 2186 κεκτημένος,

2068 2205 2216 2278 παρὰ
2248 2204 2342 2258 τοῦ
2376 2205 2579 2258 δικαίου
2610 2205 2867 2268 πολλάκις
2894 2205 3270 2277 δανειζόμενος
3294 2205 3487 2275 λόγους
3509 2207 3642 2276 ὠφε-

2067 2298 2257 2368 λίμους
2300 2297 2394 2351 καὶ
2437 2296 2757 2370 σωτηρίους,
2794 2299 2828 2368 ἢ
2863 2298 3014 2371 παρά
3042 2297 3137 2352 τοῦ
3165 2298 3298 2352 Θεοῦ
3329 2299 3641 2369 εὐεργεσίας

2067 2391 2369 2461 τυγχάνων,
2416 2391 2515 2444 οὐκ
2564 2391 2878 2445 ἀποτίννυσι
2917 2391 3016 2463 τὴν
3063 2392 3304 2463 ὀφειλήν.
3351 2393 3478 2445 Δέον
3539 2392 3641 2464 γὰρ

2067 2481 2439 2551 ὠφεληθέντα,
2463 2480 2598 2552 ἔργα
2639 2481 2732 2535 καὶ
2777 2481 3006 2554 πράξεις
3036 2485 3336 2555 παρασχεῖν
3379 2483 3536 2550 ἀξίας
3573 2476 3641 2536 ὧν

2065 2573 2309 2642 εἴληφεν.
2353 2573 2410 2625 Ὀ
2445 2572 2501 2626 δὲ
2529 2573 2628 2626 οὐκ
2675 2574 3042 2636 ἀποτίννυσιν,
3089 2574 3242 2644 μένει
3285 2573 3341 2626 δὲ
3394 2574 3640 2646 ἄκαρπος

2063 2663 2174 2718 τῶν
2205 2665 2305 2736 τῆς
2333 2663 2678 2736 δικαιοσύνης
2718 2665 2910 2737 ἔργων.
2961 2666 3020 2719 '0
3051 2665 3106 2719 δὲ
3142 2666 3368 2730 δίκαιος,
3400 2665 3639 2720 πλουτῶν

2066 2757 2123 2810 ὲν
2150 2756 2228 2828 τῷ
2265 2757 2405 2810 κατά
2433 2757 2566 2811 Θεὸν
2595 2757 2828 2830 πλούτῳ,
2861 2759 3121 2830 οίκτείρει
3155 2759 3248 2812 καὶ
3275 2759 3506 2830 παρέχει
3530 2760 3638 2822 τοῖς

2064 2848 2357 2920 δεομένοις.
2402 2849 2560 2902 Ἀλλὰ
2584 2852 2679 2904 καὶ
2713 2853 2763 2903 οἱ
2787 2850 2876 2903 τὸν
2908 2850 3113 2904 δίκαιον
3139 2849 3485 2919 εὐλογοῦντες
3516 2865 3639 2918 συγ-

2064 2938 2390 3010 κληρονόμοι
2419 2939 2584 2992 αὐτοῦ
2626 2941 2964 3011 γενήσονται.
3003 2940 3105 2993 Ἦν
3135 2939 3243 3010 γὰρ
3281 2939 3638 3011 ἐπηγγείλατο

2063 3032 2343 3105 ἀνωτέραν
2373 3035 2484 3096 τοῖς
2513 3031 2740 3095 δικαίοις
2765 3027 3126 3103 κληρονομίαν
3168 3034 3194 3086 ό
3226 3031 3400 3101 λόγος,
3441 3031 3636 3106 ταύτην

2065 3123 2232 3194 αὐτὴν
2277 3123 2371 3176 καὶ
2418 3125 2530 3187 τοῖς
2576 3121 2856 3191 εὐλογοῦσι
2899 3123 2990 3176 τὸν
3034 3123 3241 3177 δίκαιον
3277 3125 3632 3195 ὑπισχνεῖται,

2067 3214 2376 3279 ἀκολούθως
2406 3215 2483 3286 τῷ
2523 3216 2658 3286 πρὸς
2688 3215 2781 3269 τὸν
2821 3215 3071 3288 Ἀϐραὰμ
3103 3217 3333 3289 χρησμῷ
3373 3219 3631 3290 φήσαντι·

2065 3309 2174 3362 Καὶ
2207 3307 2520 3378 εὐλογήσω
2552 3307 2695 3374 τοὺς
2734 3308 3140 3378 εὐλογοῦντάς
3185 3325 3277 3362 σε.
3313 3309 3385 3362 Τὸ
3417 3311 3496 3374 δὲ,
3530 3311 3633 3365 Καὶ

2064 3401 2120 3452 οἱ
2157 3398 2554 3468 καταρώμενοι
2585 3398 2772 3453 αὐτὸν
2800 3399 3432 3468 ἐξολοθρευθήσονται,
3458 3401 3636 3473 ὅμοιον

2063 3489 2131 3543 ἂν
2165 3489 2250 3560 εἴη
2293 3487 2367 3559 τῷ
2395 3488 2709 3560 λελεγμένῳ
2738 3489 2875 3560 πρὸς
2905 3490 2993 3542 τὸν
3036 3489 3282 3562 Ἀϐραάμ
3303 3506 3316 3518 ·
3363 3490 3475 3562 Καὶ
3502 3490 3636 3556 τοὺς

2063 3579 2513 3648 καταρωμένους
2536 3595 2610 3633 σε
2633 3577 3060 3650 καταράσομαι.
3089 3580 3298 3652 Ὥσπερ
3323 3577 3432 3653 γὰρ
3464 3583 3493 3635 ὁ
3522 3580 3635 3650 βάλ-

2062 3669 2169 3722 λων
2206 3668 2352 3722 λίθον
2391 3671 2469 3733 εἱς
2504 3669 2635 3740 ὕψος
2665 3671 2757 3722 ἐπὶ
2787 3672 2884 3743 τὴν
2923 3671 3162 3743 κεφαλὴν
3205 3672 3400 3725 ἑαυτοῦ
3433 3673 3633 3744 βάλλει,

2059 3759 2232 3824 οὕτως
2269 3762 2297 3814 ὁ
2327 3761 2596 3831 κατάραις
2627 3761 2832 3832 βάλλων
2857 3763 2948 3815 τὸν
2973 3762 3201 3827 δίκαιον,
3231 3763 3317 3817 διὰ
3343 3763 3405 3817 τὸ
3436 3764 3510 3836 μὴ
3541 3765 3632 3819 δύο

2060 3852 2257 3907 νασθαι
2285 3854 2529 3926 κατάραν
2557 3853 2805 3907 ἵστασθαι
2827 3856 2946 3908 κατ’
2972 3854 3158 3920 αὐτοῦ,
3181 3856 3633 3928 ἀντιστρέφουσαν

2059 3945 2228 4017 αὐτὴν
2257 3946 2336 4010 είς
2357 3945 2546 3998 ἑαυτὸν
2579 3945 2827 4015 λήψεται.
3225 3937 3232 3944 ’

2128 4035 2294 4103 Παρὰ
2320 4035 2542 4103 Κυρίου
2586 4035 2658 4088 τὰ
2706 4035 3035 4106 διαϐήματα
3081 4036 3395 4106 ἀνθρώπου
3433 4055 3632 4093 araret).

2059 4128 2316 4181 θύνεται.
2357 4128 2500 4200 Πρὸς
2545 4131 2658 4193 τοῖς
2703 4130 3014 4201 εἰρημένοις
3056 4131 3149 4184 καὶ
3189 4131 3360 4185 ταῦτα
3403 4133 3628 4205 ὑπάρχει

2056 4218 2134 4290 τῷ
2160 4219 2253 4272 τοῦ
2287 4220 2420 4274 Θεοῦ
2463 4219 2734 4292 ἀνθρώπῳ
2755 4238 2768 4250 ο
2803 4222 2913 4292 τὰς
2939 4224 3090 4288 ὁδοὺς
3117 4223 3281 4277 αὐτοῦ
3327 4224 3628 4296 ὲξομαλίξει

2055 4313 2084 4364 ό
2116 4310 2265 4376 Θεὸς,
2296 4309 2436 4364 ὥστε
2485 4313 2695 4384 εὺροείν
2728 4313 2892 4367 αὑτοῦ
2923 4314 3015 4367 τὸν
3045 4313 3178 4384 βίον,
3220 4315 3313 4368 καὶ
3345 4317 3627 4387 άπαραπο-

2054 4399 2249 4465 δίστως
2298 4400 2590 4469 θεοσεϐεῖν,
2637 4405 2867 4476 μηδενὸς
2921 4405 3363 4472 ὑποσκελίζοντος
3410 4407 3501 4460 διά
3543 4404 3626 4459 τὸν

383 4497 508 4538 cum
533 4484 625 4554 qui
648 4501 871 4557 gressus
893 4487 1014 4557 ejus
1037 4488 1244 4560 dirigit,
1275 4499 1325 4544 et
1348 4492 1486 4544 viam
1515 4494 1626 4560 ejus
1651 4493 1801 4562 volet,
1826 4495 1954 4565 quia

2071 4492 2458 4547 κατευθύνοντα
2503 4495 2667 4548 αὑτοῦ
2716 4495 2785 4549 τὰ
2821 4496 3152 4568 διαϐήματα,
3198 4498 3295 4551 καὶ
3338 4497 3454 4564 τὴν
3492 4495 3626 4552 ὁδὸν

382 4575 532 4632 illam
563 4579 956 4648 approbatione
985 4580 1204 4652 dignam
1238 4591 1392 4652 parat
1418 4601 1432 4649 ;
1467 4585 1540 4636 ita
1569 4591 1628 4638 ut
1657 4583 1777 4641 ideo
1804 4585 1954 4640 dica-

381 4675 492 4736 tur,
519 4678 570 4722 et
598 4670 734 4724 riam
762 4671 878 4742 ejus
905 4673 1058 4728 volet.
1086 4671 1218 4728 Cum
1246 4674 1488 4728 ceciderit
1512 4694 1614 4731 non
1653 4679 1950 4746 collidetur,

379 4762 506 4830 quia
557 4760 814 4818 Dominus
858 4767 1100 4836 supponit
1139 4784 1354 4821 manum
1398 4785 1572 4825 suam.
1627 4769 1683 4825 Si
1735 4774 1953 4843 quando

379 4853 662 4925 contingat
697 4871 821 4910 eum
851 4859 959 4912 labi
995 4867 1049 4913 et
1078 4858 1132 4912 in
1165 4860 1467 4915 tentatione
1491 4862 1708 4930 cadere,
1739 4880 1803 4920 ac
1852 4867 1954 4920 im-

378 4943 690 5016 pingentem
719 4947 774 5005 in
811 4959 1095 5019 peccatum
1119 4951 1416 5022 quodpiam
1443 4971 1622 5018 ruere,
1655 4971 1765 5011 non
1797 4959 1953 5013 colli-

379 5033 541 5094 detur
588 5044 809 5108 tamen;
839 5042 936 5099 sed
969 5051 1030 5098 ut
1067 5059 1369 5114 generosus
1409 5047 1631 5112 athleta,
1678 5065 1804 5103 cum
1840 5051 1971 5127 vim‘

380 5140 676 5200 perpessus
706 5131 1046 5204 aliquantum
1077 5139 1328 5203 cesserit,
1369 5139 1657 5197 confestim
1707 5156 1827 5198 sese
1865 5157 1952 5199 re-

378 5217 565 5292 cipiet.

451 5391 617 5448 Vrsas.
648 5395 740 5460 25,
775 5396 868 5453 εδ.
921 5398 1116 5454 Iunior
1157 5401 1257 5467 lui,
1304 5404 1494 5456 etenim
1540 5405 1709 5472 senui,
1760 5415 1808 5461 et
1846 5424 1948 5462 non

377 5486 482 5540 vidi
511 5487 722 5557 justum
749 5489 1076 5559 derelictum,
1107 5512 1198 5554 nec
1227 5513 1397 5555 semen
1429 5496 1546 5572 ejus
1576 5514 1813 5571 quaerens
1853 5517 1950 5572 pa-

445 5645 490 5677 “
529 5641 667 5701 Gen.
700 5661 801 5714 xu,
837 5649 891 5704 5.
967 5650 1013 5681 "
1054 5651 1185 5708 ibid.

446 5790 523 5862 (l)
561 5785 765 5851 Tex’lns
791 5794 1021 5853 deﬁcere
1049 5799 1279 5856 videtur.

2060 4583 2246 4639 αὐτοῦ
2275 4586 2522 4653 θελήσει
2541 4626 2555 4650 ,
2585 4587 2855 4657 ἀποδοχῆς
2883 4587 3038 4653 ἀξίαν
3071 4585 3353 4641 ποιοῦνταο
3387 4585 3626 4661 ὦστεϋλέ-

2059 4676 2273 4747 γεσθαι,
2304 4678 2412 4733 Καὶ
2447 4677 2561 4746 τὴν
2584 4677 2726 4731 ὁδὸν
2754 4677 2940 4732 αὐτοῦ
2978 4677 3239 4748 θελήσει.
3276 4680 3455 4732 Ὅταν
3476 4678 3623 4745 πέσῃ

2059 4771 2130 4824 οὐ
2185 4769 2771 4839 καταῤῥαχθήσεται,
2833 4770 2918 4825 ὅτι
2948 4771 3166 4839 Κύριος
3239 4769 3624 4840 ἀντιστηριζει

2061 4859 2230 4929 χεῖρα
2269 4861 2475 4916 αὐτοῦ.
2504 4861 2566 4914 El
2609 4861 2665 4914 δὲ
2710 4861 2802 4914 καί
2853 4864 3038 4915 πεσεῖν
3067 4861 3225 4914 αὐτόν
3255 4878 3386 4914 ποτε
3415 4859 3623 4930 ὀλισθή-

2062 4966 2231 5003 σαντα
2278 4953 2479 5024 συμϐῇ,
2524 4953 2617 5006 καὶ
2653 4953 2710 5005 ὲν
2764 4953 3051 5025 πειρασμῷ
3099 4954 3388 5023 γενόμενος
3422 4951 3625 5022 ὀλισθή-

2062 5060 2222 5109 σειεν,
2268 5045 2502 5108 ὀκλάσας
2533 5063 2592 5098 τε
2644 5046 2908 5100 ῦποπέσοι
2945 5046 3050 5100 τινὶ
3102 5047 3477 5118 ἁμαρτήματι,
3518 5041 3621 5099 ἀλλ’

2058 5135 2118 5187 οὐ
2155 5137 2666 5208 καταρραχθήσεται
2690 5154 2703 5167 ⁸
2753 5133 2841 5191 οἷα
2885 5137 2942 5191 δὲ
2973 5140 3217 5206 γενναῖος
3263 5123 3504 5208 ἀθλητὴς
3535 5138 3620 5188 ὲκ-

2059 5227 2300 5291 6ιασθεὶς
2339 5229 2433 5282 καὶ
2462 5228 2596 5300 πρὸς
2623 5228 2799 5298 ὀλίγον
2829 5227 3033 5293 ἐνδοὺς,
3069 5227 3410 5300 παραχρῆμα
3439 5222 3620 5279 ἑαυτὸν

2057 5319 2408 5392 ἀναλήψεται.
3216 5362 3220 5366 .

2127 5411 2422 5481 Νεώτερος
2478 5413 2792 5485 ἐγενόμην,
2856 5413 2952 5468 καὶ
3010 5411 3118 5483 γὰρ
3171 5410 3457 5482 ἐγήρασα,
3521 5404 3614 5459 καὶ

2057 5506 2168 5561 οὐκ
2191 5500 2353 5561 εἶδον
2381 5505 2614 5561 δίκαιον
2661 5503 3308 5576 ἐγκαταιελειμμένον,
3362 5498 3497 5559 οὐδὲ
3548 5499 3617 5551 τὸ
