3822 6280
250 342 350 396 335

1381 340 1880 397 COMMENTARIA
1920 342 1987 398 ΙΝ
2028 336 2365 399 PSALMOS.
3402 343 3484 401 33‘

258 460 489 530 σπέρμα
520 460 951 531 αὼουῖὴῖοῦν
995 459 1242 531 ’ἀοι-ους.
1311 462 1449 515 Ἀλλ’
1512 467 1575 518 ὲκ
1630 464 1823 519 παίδων

1933 481 2044 521 nes.
2086 466 2129 519 Α
2156 479 2364 536 puero,
2409 464 2617 535 inquit,
2671 461 2739 519 ad
2791 472 3126 524 senectutem
3156 480 3330 538 usque
3370 466 3509 536 justi

257 554 414 626 μέχρι
478 552 671 624 γήρως
738 555 830 607 τὸν
896 553 991 607 τοῦ
1052 554 1258 609 δικαίου
1325 557 1827 628 περιεργασάμενος

261 645 392 717 βίον.
426 644 547 698 Ὀτι
574 644 696 699 οὐδὲ
722 640 803 709 εἷς
838 644 1024 715 γέγονε
1051 646 1238 718 καιρὸς
1270 641 1392 700 καθ’
1415 646 1473 700 ὃν
1506 648 1707 719 ἔρημος
1733 667 1829 703 κα-

258 736 602 792 ταλέλειπται
646 740 675 791 ὁ
722 736 946 801 δίκαιος,
978 736 1064 791 ἀεὶ
1112 738 1168 791 δὲ
1199 737 1467 809 πάρεδρον
1513 740 1602 794 καὶ
1637 734 1829 812 βοηθὸν

258 830 519 902 κέκτηται
562 829 656 881 τὸν
685 827 877 880 ἑαυτοῦ
918 827 1138 898 Κύριον.
1171 826 1259 880 Διό
1293 845 1484 899 φησιν’
1534 829 1828 899 Νεώτερος

252 922 565 991 ἐγενόμην,
598 920 631 990 ἦ
678 920 815 973 κατὰ
855 920 944 973 τὸν
977 920 1289 992 Σύμμαχον,
1338 921 1475 986 νέος
1515 922 1825 992 ἐγενόμην,

248 1014 409 1070 ἀλλὰ
458 1014 555 1067 καὶ
585 1004 872 1083 ἐτήρησα,
908 1012 1003 1066 καὶ
1034 1016 1145 1067 οὐκ
1184 1010 1347 1067 εἶδον
1388 1013 1620 1067 δίκαιον
1657 1015 1829 1083 ἐγκα-

249 1106 738 1176 ταλελειμμένον,
786 1105 929 1159 οὐδὲ
979 1106 1045 1159 τὸ
1099 1106 1337 1176 σπέρμα
1384 1107 1568 1161 αὑτοῦ
1616 1106 1828 1175 ζητοῦν

248 1201 491 1267 ἀρτους.
526 1199 633 1251 Καὶ
662 1196 779 1260 πῶς
817 1196 925 1269 γὰρ
953 1192 1064 1250 οἶόν
1094 1216 1152 1252 τε
1184 1194 1251 1269 ἦν
1280 1197 1339 1252 τὸ
1385 1200 1604 1271 σπέρμα
1632 1200 1725 1252 τοῦ
1752 1201 1828 1253 δι-

250 1290 408 1343 καίου
457 1288 637 1353 ἐνδεὲς
681 1289 860 1358 ἄρτων
908 1287 1177 1355 γενέσθαι,
1213 1288 1373 1343 ὁπότε
1420 1290 1579 1351 αὐτὸς
1623 1289 1709 1344 διὰ
1739 1290 1828 1343 τὶν

249 1384 402 1453 παρὰ
449 1382 544 1435 τοῦ
593 1381 727 1435 Θεοῦ
777 1382 1178 1453 χορηγούμενον
1229 1382 1376 1453 αὐτῷ
1404 1382 1630 1437 πλοῦτον
1674 1383 1828 1450 ὅλην

248 1477 362 1545 τὴν
406 1476 634 1546 ἡμέραν
673 1476 835 1529 ἐλεεῖ
864 1476 961 1528 καὶ
994 1474 1281 1539 δανείζεις
1314 1478 1547 1548 Νοήσεις
1589 1476 1644 1530 δὲ
1671 1476 1829 1529 τοῦτο

246 1571 391 1622 κατὰ
438 1570 540 1639 μὶν
567 1568 664 1639 τὴν
695 1568 934 1622 διάνοιαν
987 1568 1195 1641 μαθὼν,
1229 1570 1332 1633 ὃτι,
1373 1568 1609 1623 τάλαντα
1648 1568 1826 1622 λαϐὼν

244 1660 401 1731 παρὰ
432 1661 529 1716 τοῦ
561 1661 939 1715 οἰκοδεσπότου
978 1662 1073 1716 καὶ
1116 1662 1216 1732 τὴν
1250 1663 1386 1732 μνᾶν
1419 1662 1519 1734 τὴν
1552 1661 1699 1733 παρὰ
1732 1662 1825 1715 τοῦ

245 1756 477 1827 Κυρίου,
522 1758 587 1826 τῇ
632 1756 837 1813 τούτων
882 1757 1079 1829 χρῆται
1122 1756 1477 1828 πραγματείᾳ
1516 1756 1826 1829 πειθαρχῶν

1928 558 2094 611 vitam
2123 556 2363 613 studiose
2390 556 2649 628 perpendi
2678 575 2690 613 :
2737 556 2886 611 nullo
2920 558 3120 629 quippe
3149 566 3393 629 tempore
3416 559 3508 629 ju-

1930 657 2051 703 stus
2076 648 2363 710 deseritur.
2395 649 2487 703 sed
2522 647 2810 702 Dominum
2861 663 3021 703 suum
3064 664 3279 721 semper
3322 662 3511 706 astan-

1929 748 2037 795 tem
2066 742 2558 811 epitulatoremque
2586 740 2770 797 habet.
2804 739 2985 807 Quare
3027 742 3136 807 ait,
3171 743 3359 812 junior
3395 744 3507 813 fui,
3586 775 3593 783 -

1928 833 2044 888 sive
2073 834 2373 889 secundum
2408 832 2816 905 Symmachum,
2843 834 3052 903 juvenis
3075 835 3175 904 fui,
3203 836 3293 889 sed
3319 839 3507 904 senui,

1926 934 1977 979 et
1998 943 2101 979 non
2133 927 2237 980 vidi
2259 926 2469 996 justum
2497 924 2802 979 derelictum
2824 965 2839 991 ,
2873 941 2963 979 nec
3008 942 3181 979 semen
3211 926 3329 995 ejus
3364 944 3510 998 quee-

1927 1032 2045 1069 rens
2073 1033 2254 1081 panes.
2289 1015 2354 1069 Et
2380 1014 2496 1086 qui,
2529 1030 2737 1086 quaeso,
2762 1022 2943 1085 potest
2967 1014 3102 1084 justi
3135 1031 3320 1071 semen
3350 1032 3510 1087 egere

1927 1110 2182 1181 panibus,
2214 1108 2435 1180 quando
2473 1108 2610 1178 ipse,
2664 1107 2775 1164 Deo
2818 1108 3038 1163 divitias
3082 1108 3187 1164 sibi
3241 1109 3510 1164 submini-

1927 1211 2156 1267 strante,
2193 1211 2303 1257 tota
2327 1199 2411 1254 die
2437 1201 2714 1254 miseretur
2744 1210 2793 1255 et
2823 1202 3168 1256 commodat?
3197 1199 3322 1256 Haec
3346 1217 3512 1271 porro

1927 1296 2199 1366 intelligas
2249 1309 2311 1347 ac
2344 1301 2527 1349 mente
2574 1293 2866 1364 percipias,
2901 1294 2946 1350 si
2979 1294 3272 1350 edidiceris
3329 1295 3510 1364 ipsum

1926 1402 2049 1441 cum
2073 1387 2274 1442 talenta
2303 1401 2331 1438 a
2356 1384 2766 1456 patrcl‘amilias,
2796 1392 2851 1441 et
2883 1401 3064 1440 mnam
3096 1402 3125 1440 a
3160 1385 3391 1442 Domino
3419 1401 3513 1442 ac-

1926 1478 2188 1548 cepisset,
2221 1477 2290 1533 iis
2319 1477 2386 1532 ad
2419 1477 2849 1548 negotiationem
2885 1494 3044 1533 usum
3078 1494 3234 1540 esse,
3281 1477 3513 1533 Domino

1925 1570 2390 1641 obtemperantem
2434 1570 2508 1623 ita
2538 1569 2781 1640 loquenti
2812 1590 2824 1624 :
2864 1571 3111 1640 Oportuit
3146 1579 3192 1625 te
3232 1572 3510 1639 pecuniam

1927 1679 2095 1716 meam
2112 1661 2303 1731 jecisse
2332 1661 2401 1713 ad
2430 1678 2667 1715 mensam
2689 1662 2754 1716 ⁷³.
2790 1660 3016 1733 Eloquia
3040 1661 3273 1729 Domini,
3303 1663 3511 1733 eloquia

1926 1764 2098 1817 casta,
2118 1763 2391 1824 argentum
2413 1754 2529 1822 igne
2558 1754 2943 1818 examinatum,
2967 1754 3247 1824 probatum
3268 1764 3422 1810 terra:
3441 1756 3508 1811 ⁷⁸.

242 1825 584 1917 τῷνφήσαντι
604 1865 617 1877 ·
651 1847 807 1902 Ἔδει
837 1825 1003 1902 acati)
1036 1825 1321 1916 ἀργύριόν
1350 1825 1470 1917 μοι)
1491 1825 1823 1916 ,βαλεῖνήείς

1929 1846 2190 1917 Quisquis
2222 1846 2389 1916 igitur
2410 1845 2580 1901 divini
2615 1848 2886 1902 sermonis
2910 1849 3174 1904 exercitio
3206 1850 3507 1914 incumbit,

242 1938 557 2007 τράπεζαν.
610 1939 687 1994 Τὰ
733 1942 905 2010 λόγια
945 1942 1167 2010 Κυρίου
1204 1943 1381 2011 λόγια
1425 1941 1597 2011 ἁγνὰ,
1646 1942 1827 2011 ἀργύ-

240 2049 375 2097 ριον
427 2031 879 2101 πεπυρωμένον,
928 2031 1202 2102 δοκίμιον
1244 2032 1318 2100 τῇ
1372 2032 1469 2103 γῇ.
1524 2034 1581 2086 ’0
1649 2034 1827 2088 τοίνυν

240 2125 604 2197 ἀνακείμενος
635 2128 702 2196 τῇ
732 2126 841 2179 τῶν
869 2125 1027 2180 θείων
1059 2127 1289 2197 ἀσκήσει
1316 2127 1508 2195 λόγων,
1537 2130 1629 2181 καὶ¹
1658 2128 1828 2182 πολλὰ

240 2218 435 2287 λογικὰ
462 2220 723 2291 χρήματα
753 2202 1094 2288 συναγαγὼν,
1119 2220 1271 2273 οὐδὲν
1302 2219 1488 2292 ἓτερον
1516 2217 1623 2274 οἶδε
1655 2223 1826 2294 πράτ-

238 2328 372 2373 τειν,
407 2310 439 2381 ἢ
468 2310 558 2363 διὰ
581 2311 759 2381 πάσης
789 2311 1001 2384 ἡμέρας
1043 2311 1212 2364 ἐλεεῖν
1240 2312 1334 2366 καὶ
1360 2301 1646 2377 δανείζειν.
1670 2313 1826 2367 Κατὰ

237 2405 294 2458 δὲ
340 2403 436 2456 τὸν
488 2402 742 2466 Ἀκύλαν,
778 2403 932 2472 ὅλην
976 2402 1091 2470 τὴν
1139 2403 1368 2474 ἡμέραν
1413 2404 1679 2473 δωρεῖται
1726 2406 1826 2459 καὶ

237 2495 523 2555 δανείζει’
564 2499 678 2560 τοῖς
725 2496 821 2567 μὲν
861 2497 1135 2567 δωρεῖται,
1179 2499 1292 2560 τοῖς
1337 2496 1393 2549 δὲ
1432 2496 1702 2563 δανείζει·
1756 2498 1824 2552 τὰ

243 2589 349 2659 μὲν
373 2586 616 2659 δόγματα
655 2588 987 2660 θεωρήματα
1024 2588 1274 2659 δωρεῖται
1299 2589 1417 2653 ταῖς
1450 2587 1559 2641 τῶν
1587 2587 1827 2661 χωρούν-

241 2696 359 2733 των
385 2682 609 2751 ψυχαῖςο
645 2680 714 2734 τὰ
753 2680 795 2733 δ’
824 2682 883 2734 ὲν
927 2680 1145 2751 ἠθικαῖς
1173 2681 1415 2743 ἐντολαῖς
1456 2681 1707 2746 δανείζει,
1734 2684 1826 2736 ἐπὶ

238 2771 322 2843 τῷ
367 2774 492 2836 τοὺς
530 2772 817 2843 εἰληφότας
848 2772 913 2825 δι’
958 2772 1135 2844 ἔργων
1164 2772 1253 2825 τὸν
1285 2772 1494 2841 καρπὸν
1537 2774 1825 2828 ἀποδοῦναι

235 2864 333 2919 τοῦ
362 2865 577 2928 δάνους.
623 2864 810 2929 Οὕτως
837 2864 1041 2936 ἀκούσῃ
1067 2864 1162 2918 καὶ
1187 2866 1321 2919 Μωΰ
1331 2865 1467 2929 σέως
1496 2866 1827 2936 ἐπαγγελλο-

236 2958 406 3028 μένου
452 2959 565 3021 τοῖς
603 2957 710 3010 τῶν
753 2956 910 3012 θείων
960 2958 1139 3028 νόμων
1184 2956 1437 3026 φύλαξιν·
1478 2956 1558 3020 τὸ,
1600 2957 1826 3023 Δανιεῖς

231 3049 447 3103 ἔθνεσι
493 3050 766 3116 πολλοῖς,
811 3049 891 3103 σὺ
925 3048 992 3102 δὲ
1025 3052 1096 3103 οὺ
1130 3048 1337 3102 δανιεῖ.
1370 3048 1480 3103 Kal
1521 3048 1709 3103 τοῦτόν
1759 3067 1823 3118 γε

232 3144 327 3196 τὸν
368 3145 574 3216 τρόπον
607 3145 656 3196 οἱ
692 3143 824 3196 θεῖοι
862 3142 1147 3196 ἀπόστολοι
1185 3142 1454 3206 ἐδάνειζον
1484 3141 1660 3195 ἔθνεσι
1692 3142 1822 3196 πολ·
1849 3174 1893 3232 c

232 3237 370 3303 λοῖς,
404 3236 503 3291 καὶ
534 3236 769 3307 μάλιστά
792 3253 857 3303 γε
888 3237 916 3288 ὁ
946 3234 1181 3298 Παῦλος·
1218 3236 1311 3288 καὶ
1340 3234 1428 3288 διὰ
1456 3234 1612 3288 τοῦτο
1646 3235 1697 3288 οἱ
1723 3253 1825 3305 μα-

234 3328 595 3400 θητευόμενοι
622 3317 824 3394 αὐτοῖς,
849 3328 1069 3400 σπέρμα
1087 3327 1239 3392 ὄντες
1258 3327 1458 3391 αὐτῶν,
1485 3328 1823 3382 οὐδεπώποτε

233 3419 442 3483 ἐνδεεῖς
470 3414 612 3489 ἦσαν
644 3420 822 3489 ἄρτων
846 3435 860 3449 ·
897 3418 992 3472 ἅτε
1026 3417 1091 3488 δὴ
1130 3415 1344 3488 ἔχοντες
1372 3418 1500 3481 τοὺς
1528 3419 1825 3491 χορηγοῦν-

237 3527 338 3575 τας
378 3511 565 3574 αὐτοῖς
610 3509 708 3581 τὴν
755 3509 978 3579 λογικὴν
1018 3508 1242 3580 τροφὴν,
1275 3502 1344 3580 ἦς
1386 3509 1826 3580 μεταλαμϐάνον·

236 3619 349 3669 τες,
406 3601 682 3671 εὐλογίαις
727 3601 1079 3673 ἐπληροῦντο.
1134 3600 1224 3654 Διὸ
1271 3595 1553 3656 λέλεκται*
1598 3602 1709 3656 Καὶ
1757 3601 1825 3656 τὸ

238 3694 481 3765 σπέρμα
518 3694 705 3749 αὐτοῦ
733 3696 821 3761 είς
858 3694 1142 3764 εὐλογίαν
1182 3693 1374 3747 ἔσται.
1406 3694 1517 3748 Καὶ
1560 3694 1700 3748 κατὰ
1736 3694 1826 3765 ψι-

237 3786 335 3858 λὴν
365 3787 427 3840 δὲ
462 3787 561 3858 τὴν
590 3785 752 3851 λέξιν,
787 3786 841 3839 εί
867 3801 951 3849 τις
990 3785 1267 3855 λογίσαιτο
1302 3788 1452 3849 ὅπως
1494 3785 1709 3859 εἴρηται
1746 3786 1824 3858 τῷ

238 3879 455 3950 Σωτῆρι
490 3878 575 3942 τὸ,
606 3880 714 3933 Καὶ
750 3878 820 3932 ἐν
846 3878 926 3944 τῷ
950 3878 1116 3932 αἰῶνι
1147 3880 1336 3945 τούτῳ
1381 3880 1826 3933 ἑκατονταπλα-

237 3972 421 4024 σίονα
446 3970 726 4038 λήψεται,
756 3969 937 4042 ἔργοις
979 3987 1040 4023 τε
1084 3971 1268 4034 αὐτοῖς
1301 3971 1555 4026 θεάσαιτο
1586 3972 1822 4045 πληρού-

242 4080 404 4134 μενον
438 4062 532 4116 τδν
572 4062 731 4131 λόγον
781 4063 869 4116 διὰ
917 4061 1024 4117 τῶν
1077 4063 1243 4117 αὐτοῦ
1311 4064 1587 4135 μαθητῶν,
1634 4065 1823 4135 ὄψεται

239 4154 357 4217 πῶς
378 4156 409 4207 ὁ
434 4153 644 4216 δίκαιος
666 4152 794 4224 ὅλην
827 4153 922 4225 τὴν
948 4154 1160 4225 ἡμέραν
1183 4154 1325 4208 ἐλεεῖ
1351 4155 1443 4208 καὶ
1470 4154 1723 4220 δανείζει.
1758 4156 1823 4209 Ei

239 4243 344 4315 γὰρ
373 4244 601 4297 πάντων
629 4243 737 4297 τῶν
766 4244 1129 4299 πιστευόντων
1154 4240 1223 4315 ἦν
1249 4246 1282 4314 ή
1326 4244 1473 4316 ψυχὴ
1506 4244 1601 4300 καὶ
1627 4247 1658 4317 ἠ
1688 4263 1824 4318 καρ-

240 4332 321 4388 δία
376 4334 500 4406 μία,
558 4335 652 4388 καὶ
693 4335 867 4399 οὐδεὶς
916 4334 1101 4404 ἔλεγεν
1146 4334 1275 4389 ἴδιόν
1313 4353 1365 4388 τι
1419 4336 1612 4390 ἑαυτοῦ
1660 4333 1819 4401 εἶναι,

237 4426 350 4481 ἀλλ’
385 4423 459 4499 ἦν
483 4427 662 4481 πάντα
702 4431 876 4486 κοινὰ,
903 4429 1016 4482 ὅσοι
1050 4446 1109 4483 τε
1141 4425 1283 4501 ἦσαν
1312 4428 1492 4501 κύριοι
1523 4431 1821 4501 κτημάτων

1928 1939 2237 2007 multasque
2290 1935 2643 1991 rationabiles
2686 1936 2906 1993 divitias
2963 1939 3208 2010 colligit,
3266 1938 3313 1994 is
3366 1940 3504 1995 nihil

1928 2030 2076 2085 aliud
2107 2046 2269 2101 agere
2303 2030 2482 2093 novit,
2523 2045 2686 2101 quam
2716 2038 2776 2083 ut
2805 2038 2921 2085 tota
2948 2031 3035 2086 die
3083 2032 3411 2088 misereatur
3454 2042 3510 2089 et

1926 2121 2258 2177 commodet.
2287 2119 2598 2175 Secundum
2646 2120 2900 2192 Aquilam
2938 2138 3068 2178 vero
3092 2162 3107 2188 ,
3156 2133 3267 2178 tota
3297 2124 3381 2178 die
3413 2125 3508 2180 dat

1924 2223 1975 2268 et
2008 2213 2342 2267 commodat:
2370 2213 2494 2268 aliis
2531 2212 2752 2284 quidem
2806 2213 2940 2279 dat,
2990 2215 3111 2270 aliis
3144 2224 3326 2271 autem
3358 2232 3511 2271 como

1926 2306 2149 2373 modat;
2182 2306 2435 2377 dogmata
2465 2305 2530 2360 ad
2580 2306 3009 2377 speculationem
3055 2308 3149 2362 dat
3178 2307 3247 2364 iis
3274 2322 3509 2380 quorum

1925 2412 2157 2468 capaces
2189 2398 2383 2452 anima:
2412 2405 2571 2464 sunt;
2608 2400 2836 2453 moralia
2874 2408 3142 2471 praecepta
3172 2401 3505 2463 commodat,

1926 2501 1987 2545 ut
2020 2492 2112 2562 qui
2147 2491 2500 2561 acceperint,
2563 2500 2754 2546 mutuo
2791 2493 3003 2562 accepti
3059 2493 3297 2548 fructum
3330 2495 3512 2563 operi-

1925 2584 2029 2641 bus
2057 2585 2305 2641 reddant.
2347 2585 2438 2640 Sic
2467 2586 2659 2640 audias
2694 2584 2932 2655 Moysem
2973 2585 3281 2639 divinarum
3330 2586 3509 2655 legum

1925 2678 2228 2733 cultoribus
2292 2678 2397 2733 hoc
2457 2678 2803 2748 pollicentem
2843 2698 2856 2733 :
2907 2676 3219 2732 Faenerabis
3267 2676 3508 2746 gentibus

1927 2772 2130 2834 multis.
2162 2779 2213 2825 et
2244 2781 2300 2824 tu
2349 2788 2453 2826 non
2507 2772 2657 2840 fenus
2707 2772 2928 2841 accipies
2967 2772 3037 2825 ⁷⁵.
3103 2769 3170 2824 Et
3214 2786 3283 2825 eo
3320 2771 3511 2840 utique

1925 2863 2088 2919 modo
2123 2862 2293 2917 divini
2329 2864 2561 2933 apostoli
2595 2864 2941 2920 {teneret-ant
2972 2865 3230 2935 gentibus
3274 2865 3462 2919 multis
3489 2904 3508 2931 ,

1925 2955 2270 3025 maximeque
2301 2953 2504 3009 Paulus
2543 2974 2559 3010 :
2604 2971 2776 3026 quare
2822 2956 3081 3027 discipuli
3128 2968 3320 3029 eorum
3347 2996 3363 3020 ,
3407 2958 3503 3026 qui

1927 3064 2115 3104 semen
2152 3049 2395 3118 ipsorum
2438 3057 2617 3112 erant,
2648 3065 2929 3120 nunquam
2965 3051 3195 3120 egebant
3228 3050 3465 3121 panibus
3489 3091 3506 3114 ,

1926 3148 2113 3212 utpote
2140 3141 2341 3213 quibus
2365 3143 2622 3198 adessent
2641 3144 2734 3214 qui
2758 3143 3135 3199 rationabilem
3165 3144 3348 3198 cibum
3372 3158 3509 3212 sup»

1926 3232 2231 3303 peditarent
2260 3251 2272 3287 :
2311 3232 2470 3302 cujus
2505 3232 2802 3304 participes
2830 3248 2956 3288 cum
3010 3239 3230 3297 essent,
3285 3232 3510 3287 benedi-

1926 3325 2200 3381 ctionibus
2231 3326 2602 3395 replebantur.
2633 3324 2999 3392 Quamobrem
3029 3325 3235 3380 dictum
3271 3336 3388 3388 est,
3439 3322 3511 3378 Et

1926 3434 2099 3472 semen
2121 3417 2234 3487 ejus
2256 3418 2311 3472 in
2334 3417 2690 3473 benedictione
2725 3420 2847 3473 erit.
2893 3417 2957 3473 Si
2989 3417 3115 3489 quis
3148 3432 3279 3472 vero
3305 3432 3509 3472 secun-

1924 3511 2053 3566 dum
2095 3512 2294 3567 nudam
2343 3512 2629 3568 lectionem
2678 3526 2864 3568 secum
2912 3511 3246 3581 reputaverit
3275 3525 3380 3579 qua
3413 3525 3507 3563 ra-

1925 3603 2074 3658 tione
2114 3618 2144 3657 a
2174 3601 2455 3659 Salvatore
2487 3604 2695 3658 dictum
2728 3604 2833 3668 sit,
2872 3601 2937 3656 In
2976 3603 3073 3656 hoc
3098 3601 3293 3657 sceculo
3327 3609 3509 3655 centu-

1923 3693 2071 3764 plum
2100 3695 2309 3763 recipiet
2336 3694 2405 3758 ⁷⁸,
2431 3711 2656 3766 remque
2705 3711 2869 3766 opere
2906 3710 3007 3765 per
3051 3694 3173 3762 ejus
3204 3693 3509 3762 discipulos

1924 3786 2330 3856 comprobatam
2386 3785 2623 3849 viderit,
2694 3787 2744 3840 is
2800 3801 2933 3841 sane
2982 3784 3351 3855 deprehendet
3398 3801 3509 3855 quo

1924 3887 2087 3947 pacto
2109 3876 2295 3946 justus
2323 3884 2436 3931 tota
2459 3876 2549 3931 die
2579 3875 2905 3931 misereatur
2934 3883 2990 3929 et
3016 3874 3347 3930 commodet.
3371 3874 3506 3929 Nam

1925 3968 1971 4023 si
1998 3967 2242 4023 omnium
2277 3967 2515 4023 tidelium
2546 3983 2643 4023 cor
2668 3983 2837 4022 unum
2876 3975 2932 4024 et
2982 3967 3165 4022 anima
3199 3983 3306 4021 una
3343 3976 3464 4021 erat
3491 4006 3506 4031 ,

1922 4061 2220 4132 nullusque
2250 4061 2467 4115 dicebat
2496 4061 2599 4115 sibi
2631 4061 2762 4130 quid
2793 4060 3073 4131 proprium
3105 4075 3252 4124 esse,
3288 4059 3377 4113 sed
3401 4076 3509 4114 om-

1925 4148 2015 4200 nia
2042 4155 2193 4201 erant
2242 4148 2565 4210 communia,
2598 4154 2653 4201 et
2685 4154 2954 4217 quotquot
2982 4160 3334 4215 possessores
3364 4160 3508 4215 prae-

1924 4238 2141 4294 diorum
2170 4247 2348 4303 erant,
2379 4238 2677 4294 vendentes
2709 4239 2986 4308 ponebant
3029 4246 3156 4293 ante
3184 4239 3351 4308 pedes
3378 4253 3510 4308 θρίω

1925 4337 2214 4402 stolorum,
2246 4335 2675 4406 dividebantque
2719 4336 2953 4406 singulis
2984 4344 3142 4405 prout
3169 4337 3353 4405 cuique
3377 4351 3507 4399 opus

1921 4437 2036 4483 erat
2066 4429 2144 4492 7';
2181 4425 2530 4483 manifestum
2559 4443 2691 4483 sane
2725 4436 2809 4483 est
2848 4429 2996 4498 ipsos
3031 4435 3144 4483 tota
3173 4428 3261 4483 die
3309 4428 3507 4481 miser-

229 4520 646 4591 πιπράσκοντες
677 4518 923 4575 ἐτίθεσαν
950 4522 1099 4591 παρά
1114 4523 1243 4585 τοὺς
1265 4521 1431 4585 πόδας
1460 4521 1567 4574 τῶν
1588 4523 1818 4576 ἀποστό-

1927 4530 2011 4576 tos
2043 4535 2166 4576 esse
2191 4526 2245 4574 et
2273 4521 2670 4574 commodasse.
3210 4596 3211 4599 η

227 4609 359 4673 λων,
392 4610 703 4681 διεμέριζόν
719 4628 777 4664 τε
800 4611 1033 4683 ἑκάστῳ,
1068 4612 1254 4666 καθότι
1283 4612 1348 4667 ἄν
1368 4629 1454 4674 τις
1477 4614 1665 4685 χρείαν
1688 4610 1821 4685 εἶχε·
1841 4614 1997 4686 δῆλον
2024 4614 2177 4675 ὅπως
2199 4612 2327 4684 ὃλην
2347 4612 2446 4684 τὴν
2479 4615 2690 4685 ἡμέραν
2715 4606 2860 4666 οὗτοι
2889 4613 3080 4685 ἠλέουν
3101 4612 3194 4665 καὶ
3217 4610 3506 4675 ὲδάνειζον.

303 4732 638 4785 Ἔκκλινον
679 4729 797 4786 ἀπὸ
846 4731 1055 4796 κακοῦ,
1106 4733 1205 4786 καὶ
1255 4733 1517 4803 ποίησον
1567 4731 1813 4805 ἀγαθόν.

237 4819 656 4892 Ἑλευθερὼσας
703 4821 923 4875 σεαυτὸν
970 4823 1150 4896 πάσης
1196 4824 1413 4891 κακίας,
1441 4826 1532 4879 ἐπὶ
1581 4828 1661 4879 σοὶ
1710 4825 1818 4897 γάρ

226 4915 345 4969 ἐστι
376 4914 564 4977 τοῦτο,
600 4914 691 4968 καὶ
727 4912 1005 4987 βουληθεὶς
1048 4916 1286 4989 δυνήσῃο
1330 4916 1393 4969 οὐ
1439 4914 1545 4989 μὴν
1593 4916 1693 4990 ἤδη
1728 4917 1818 4972 τέ-

224 5006 373 5072 λειος
408 5007 512 5079 ἔσῃ
556 5005 713 5060 τοῦτο
741 5005 972 5079 πράξας,
999 5010 1046 5062 εί
1099 5009 1172 5079 μὴ
1206 5007 1300 5063 καὶ
1342 5007 1402 5062 τὸ
1435 5010 1685 5083 δεύτερόν
1738 5029 1819 5065 σοι

231 5097 438 5171 παρείη
467 5117 480 5130 ο
514 5096 672 5151 τοῦτο
697 5097 739 5151 δ’
768 5098 886 5152 ἐστὶ
910 5097 971 5152 τὸ
992 5098 1317 5171 ἐργάζεσθαι
1342 5098 1403 5153 τὸ
1430 5099 1650 5169 ἀγαθόν.
1676 5099 1820 5174 Πρὸς

227 5188 341 5260 γὰρ
371 5186 436 5241 τδ
473 5185 551 5259 μὴ
581 5186 831 5241 κλέπτειν
858 5191 1122 5261 προσήκει
1150 5208 1209 5244 σε
1248 5189 1342 5244 καὶ
1370 5189 1478 5244 τῶν
1513 5187 1619 5245 σῶν
1648 5192 1823 5265 ὑπαρ-

231 5282 442 5354 χόντων
488 5284 603 5347 τοῖς
651 5281 923 5353 δεομένοις
966 5286 1242 5338 κοινωνεῖν
1264 5302 1277 5314 θ
1324 5285 1417 5339 καὶ
1465 5284 1599 5359 πρὸς
1638 5286 1700 5341 τὸ
1744 5287 1818 5359 μὴ

238 5374 604 5438 πλεονεκτεῖν,
636 5374 843 5447 ἕτερον,
874 5374 934 5429 τὸ
976 5375 1070 5430 καὶ
1116 5376 1422 5448 εὐεργετεῖν
1463 5382 1589 5443 τοὺς
1623 5378 1815 5451 δεομέ-

253 5482 359 5532 vos;
380 5486 394 5500 ’
425 5469 521 5523 καὶ
547 5467 684 5540 πρὸς
707 5466 769 5521 τὸ
797 5468 994 5532 κακίας
1026 5467 1344 5541 ἀπέχεσθαι,
1374 5470 1433 5525 τὸ
1484 5473 1568 5526 καὶ
1598 5470 1817 5545 ἐτέρους

259 5556 345 5615 ἀπὸ
382 5560 579 5626 κακίας
615 5560 862 5633 ῥύεσθαι.
910 5562 1077 5616 Ἐπὰν
1115 5562 1171 5615 δὲ
1211 5562 1382 5616 ταῦτα
1428 5565 1675 5636 ποιήσῃς,
1711 5582 1815 5619 κα-

255 5653 565 5722 τοσκήνου,
616 5650 807 5725 φησιν,
844 5653 929 5720 εις
969 5648 1153 5709 αἰῶνα
1194 5653 1426 5723 αἰῶνος.
1489 5654 1630 5709 Ἀνθ’
1681 5648 1742 5709 οὗ
1790 5654 1818 5710 δ

1995 4732 2162 4789 Vsus.
2195 4732 2426 4790 27-29.
2481 4731 2703 4788 Declina
2755 4750 2788 4787 a
2832 4731 3004 4798 malo,
3042 4741 3091 4785 et
3145 4730 3233 4800 fac
3293 4729 3505 4787 bonum.

1927 4827 2063 4883 Cum
2099 4835 2152 4884 te
2187 4828 2255 4883 ab
2280 4827 2430 4883 omni
2470 4827 2677 4882 malitia
2708 4826 3009 4890 exemeris,
3063 4839 3231 4895 penes
3274 4829 3328 4877 te
3362 4823 3507 4878 enim

1923 4920 2058 4976 illud
2088 4927 2206 4983 est,
2237 4928 2292 4976 et
2326 4920 2371 4977 si
2404 4921 2538 4976 velis
2566 4921 2770 4992 poteris
2796 4938 2809 4987 ;
2855 4934 2966 4973 non
2998 4915 3216 4982 statim,
3247 4916 3353 4971 hoc
3385 4930 3510 4986 per-

1927 5023 2070 5079 acto,
2108 5011 2383 5085 perfectus
2416 5014 2546 5080 eris,
2574 5013 2678 5068 nisi
2708 5010 2855 5066 aliud
2887 5008 3190 5066 secundum
3235 4995 3506 5071 adfuerit,

1928 5107 1984 5164 id
2011 5114 2122 5170 est,
2170 5115 2231 5162 ut
2265 5106 2436 5162 facias
2467 5107 2694 5162 bonum.
2746 5103 2881 5158 Nam
2943 5108 3308 5175 praeterquam
3362 5103 3507 5174 quod

1928 5197 2102 5253 furari
2158 5210 2269 5251 non
2318 5197 2474 5261 licet,
2522 5193 2776 5249 convenit
2814 5194 2977 5249 etiam
3027 5208 3152 5247 cum
3218 5195 3508 5273 egentibus

1927 5288 2067 5344 bona
2097 5302 2195 5344 sua
2223 5287 2667 5353 communicare;
2699 5300 2764 5340 ac
2796 5292 3160 5355 praeterquam
3193 5285 3341 5356 quod
3376 5300 3508 5339 ava-

1925 5396 2044 5435 rum
2079 5389 2203 5435 esSe
2237 5394 2342 5434 non
2369 5384 2615 5449 oportet,
2655 5376 2803 5432 aliud
2855 5377 3188 5447 requiritur,
3233 5386 3293 5433 ut
3320 5378 3507 5449 egenis

1926 5473 2191 5528 beneﬁcia
2246 5478 2609 5543 praestentur;
2663 5483 2727 5524 ac
2788 5477 2986 5540 praeter
3037 5469 3423 5525 abstinentiam
3473 5483 3503 5524 a

1926 5565 2107 5629 malis,
2134 5580 2274 5635 opus
2295 5570 2380 5619 est
2407 5571 2459 5619 et
2491 5563 2629 5619 alios
2658 5577 2689 5616 a
2710 5562 2870 5619 malis
2898 5550 3114 5618 eruere.
3143 5562 3280 5617 Cum
3321 5569 3506 5617 autem

1925 5657 2041 5713 haec
2066 5657 2267 5729 egeris,
2300 5655 2570 5723 inhabita,
2627 5656 2836 5727 inquit,
2889 5656 2943 5710 in
2999 5657 3249 5714 saeculum
3300 5657 3503 5712 secuti.

329 5811 371 5845 "
406 5809 541 5870 Luc.
579 5826 677 5867 xu
702 5848 718 5874 ,
755 5807 849 5862 25.
923 5810 970 5843 τι
1005 5808 1149 5868 Psal.
1185 5826 1271 5877 XI,
1308 5810 1357 5868 7.
1435 5806 1480 5846 "
1518 5808 1675 5869 Deut.
1710 5822 1814 5877 xv.
1847 5812 1898 5871 ϐ.
1930 5812 2024 5892 *⁷⁸
2054 5808 2243 5870 Matth.
2278 5828 2403 5886 nx,
2433 5813 2524 5873 29.
2602 5818 2644 5852 7'
2684 5816 2805 5872 Act.
2844 5833 2919 5883 tv,
2952 5780 3139 5872 32-55.
