3822 6280
204 341 312 397 337

1351 341 1843 398 CC-MMENI‘AIIIA
1888 341 1951 395 IN
1994 341 2329 397 PSALMOS.

3354 345 3467 400 δῖιὲ

284 453 467 513 Εἷδον
489 458 601 512 τὸν
639 459 829 528 ἀσεϐῆ
868 462 1389 529 ὐπερυψούμενον,
1433 461 1529 513 καὶ
1556 458 1786 527 ἐπαιρό-

1969 455 2131 513 νειιε.
2162 456 2347 511 55-57.
2398 454 2518 509 Vidi
2558 455 2773 522 impium
2802 458 3249 525 superexaltamm
3278 468 3326 511 et
3357 460 3461 511 ele-

206 564 400 617 μενον
421 547 505 615 ὡς
536 549 649 615 τὰς
680 548 930 618 κέδρους
958 549 1064 604 τοῦ
1080 551 1355 605 Λιϐάνου.
1377 549 1562 612 Οὖτως
1587 549 1680 601 ἐπὶ
1695 548 1788 602 τοῦ

218 625 486 708 παρόντος
509 636 601 691 διὰ
633 638 825 709 πείρας
858 638 1171 709 ἐληλυθέναι
1202 638 1297 693 τοῦ
1325 640 1507 702 τέλους
1529 638 1636 693 τῶν
1668 641 1792 693 ἀσε-

219 730 330 783 ϐῶν
358 744 553 800 φησιν·
594 730 671 781 Οὐ
725 729 833 800 γὰρ
871 729 928 797 ἐξ
954 732 1120 801 ἀκοῆς
1160 732 1323 785 πάλαι
1365 731 1495 784 ποτὲ
1528 732 1790 801 γενόμενα

216 820 423 891 ἑτέρων
454 819 721 886 λεγόντων
771 820 983 890 ἀκήκοα
1005 836 1018 849 ’
1088 820 1202 874 ἀλλ’
1231 821 1390 884 αὐτὸς
1437 818 1593 883 εἶδον,
1636 820 1787 890 φησὶ,

220 910 574 981 βλασφήμους
614 911 814 982 ἄνδρας
860 912 952 964 καὶ
985 911 1174 975 ἀθέους
1216 912 1655 983 θαυμαζομένους
1693 912 1790 982 μὲν

223 1004 329 1057 ὕπὸ
362 1003 599 1067 πάντων,
640 1004 1033 1074 ἐπαιρομένους
1065 1004 1122 1057 δὲ
1159 1004 1252 1058 καὶ
1285 1004 1645 1074 γαυριῶντας,
1681 1006 1787 1057 oio-

223 1098 419 1166 μένους
462 1113 518 1147 τε
554 1094 877 1158 διαιωνίζειν
910 1098 967 1148 ὲν
1002 1095 1079 1165 τῷ
1111 1096 1228 1167 βίῳ.
1272 1096 1408 1149 Ἀλλ’
1439 1098 1513 1159 ὼς
1547 1096 1627 1150 ἐτι
1658 1096 1788 1165 παρ’

221 1189 447 1260 ὶμαυτῲ
474 1188 843 1260 διελογιζόμην
871 1188 985 1252 πῶς
1013 1190 1141 1254 οἶδε,
1159 1190 1358 1261 καίπερ
1378 1191 1589 1253 ἀσεϐεῖς
1617 1190 1787 1255 ὄντες,

226 1281 493 1335 τοσούτων
536 1280 895 1351 τετυχήκασι,
950 1280 1197 1351 δεύτερον
1251 1282 1446 1345 αὐτοὺς
1496 1281 1788 1337 θεάσασθαι

221 1369 531 1441 βουληθεὶς,
584 1373 765 1442 ὲπῇρα
808 1372 931 1435 τοὺς
966 1371 1271 1442 ὀφθαλμούς
1292 1389 1305 1403 ⁸
1341 1374 1389 1425 οἱ
1435 1373 1491 1425 δὲ
1523 1374 1623 1427 οὐκ
1649 1369 1790 1444 ἦσαν

220 1460 481 1531 οὐδαμοῦ,
514 1462 736 1530 ἀφανεῖς
760 1462 804 1515 δ’
841 1461 1052 1534 ἀθρόως
1092 1463 1356 1535 ὑπῆρχον.
1392 1460 1523 1517 Εἶτα
1559 1464 1614 1517 δὲ
1646 1464 1789 1535 ἴχνος

218 1554 401 1607 αὐτῶν
441 1555 535 1607 καὶ
573 1554 880 1625 ὑπόλειμμα
924 1554 1203 1625 βουληθεὶς
1253 1556 1571 1610 καταλασεῖν
1594 1597 1608 1620 ,
1668 1556 1788 1609 οὐδὲ

218 1648 311 1699 τὸν
348 1646 513 1700 τόπον
542 1647 602 1699 ὲν
635 1638 679 1713 ᾧ
722 1648 940 1701 ἑστάναι
999 1647 1214 1701 ἐδόκουν
1257 1649 1438 1719 εὑρεῖν
1473 1648 1784 1719 δεδύνημαι.

216 1738 419 1808 Διόπερ
452 1737 639 1809 ἐπειδὴ
680 1737 887 1791 τοιοῦτο
942 1746 1008 1790 τὸ
1047 1737 1248 1792 τούτων
1297 1739 1467 1802 τέλος,
1517 1737 1684 1807 φεῦγε
1723 1739 1787 1791 σὺ

1896 559 2073 605 vatum
2130 550 2265 603 sicut
2300 547 2481 603 cedros
2528 546 2740 612 Libani,
2790 557 2899 605 etc.
2948 548 3040 604 Sic
3092 552 3146 605 in
3205 551 3459 621 praesenti

1896 643 2055 695 linem
2093 656 2154 696 se
2194 641 2487 710 impiorum
2536 640 2873 709 experientia
2920 642 3211 698 edidicisse
3252 658 3462 697 memo-

1895 740 1999 787 rat.
2050 729 2237 801 Neque
2273 732 2416 786 enim
2448 732 2561 786 hazc
2591 732 2721 786 olim
2767 742 2915 801 gesta
2956 748 3021 787 ex
3069 735 3296 787 aliorum
3331 750 3463 789 nar-

1895 835 2017 878 ratu
2064 823 2288 879 auribus
2336 824 2562 893 excepi:
2620 823 2714 877 sed
2757 824 2893 892 ipse,
2924 822 3121 893 inquit,
3156 825 3263 879 vidi
3310 826 3459 881 viros

1894 918 2206 987 blasphema
2238 916 2574 986 profcrentes
2611 924 2662 971 et
2700 916 2891 971 atheos
2917 916 3169 971 omnibus
3201 918 3254 970 in
3288 916 3461 970 admio

1896 1011 2104 1065 ratione
2146 1009 2397 1074 habitos,
2446 1011 2618 1065 elatos
2670 1017 2723 1064 et
2780 1009 3154 1071 exsultantes,
3207 1016 3461 1078 putantes

1894 1103 1997 1157 sibi
2050 1108 2365 1172 perpetuam
2422 1100 2537 1155 fore
2570 1102 2758 1155 vitam.
2807 1098 2912 1155 Sed
2946 1099 3075 1153 dum
3124 1114 3335 1152 mecum
3370 1112 3459 1152 re-

1894 1203 2166 1264 putarem.
2212 1193 2486 1264 quomodo
2531 1192 2604 1246 illi
2649 1192 2902 1262 quamvis
2961 1191 3134 1261 impii,
3187 1197 3268 1243 tot
3315 1192 3459 1245 nacti

1894 1288 2035 1342 bona
2072 1296 2295 1351 essent,
2337 1288 2525 1341 oculos
2560 1287 2802 1341 secundo
2835 1286 3063 1349 sustuli,
3098 1295 3156 1338 ut
3212 1290 3460 1337 contem-

1894 1378 2074 1447 plarer
2112 1378 2297 1447 ipsos:
2334 1386 2389 1431 at
2421 1379 2497 1431 illi
2530 1392 2802 1446 nusquam
2837 1384 3013 1441 erant,
3044 1376 3139 1431 sed
3171 1374 3469 1429 confestim

1892 1477 2247 1524 evanuerant.
2308 1469 2510 1524 Deinde
2565 1470 2853 1539 vestigium
2909 1484 2973 1523 ac
3049 1478 3459 1522 monumentum

1893 1572 2082 1614 eorum
2110 1558 2515 1629 deprehendere
2547 1560 2756 1622 volens.
2798 1575 2868 1614 ne
2918 1560 3096 1613 locum
3138 1559 3354 1628 quidem
3404 1557 3458 1618 in

1893 1664 2002 1719 quo
2026 1650 2242 1704 stetisse
2271 1650 2594 1704 videbantur
2637 1652 2874 1719 reperire
2903 1650 3073 1719 potui.
3123 1649 3460 1718 Quapropter

1893 1744 2020 1811 quia
2045 1742 2171 1797 talis
2196 1757 2383 1797 eorum
2418 1741 2540 1797 linis
2574 1753 2678 1806 est,
2727 1741 2850 1811 fuge
2884 1750 2963 1807 tu,
2993 1741 3281 1811 discipule,
3321 1742 3462 1794 tales

213 1832 244 1883 ὁ
277 1827 721 1899 μαθητευόμενος
746 1829 934 1883 τοῦτον
957 1829 1065 1881 τῶν
1092 1829 1303 1884 ἀσεϐῶν
1336 1831 1426 1883 τὸν
1446 1830 1666 1902 τρόπον,
1696 1830 1786 1883 καὶ

1894 1834 2182 1903 impiorum
2232 1850 2445 1898 mores,
2490 1836 2649 1890 ablue
2693 1849 2909 1890 omnem
2965 1834 3261 1897 malitiam,
3294 1833 3461 1901 dilige

214 1918 484 1987 ἀπόνιψον
532 1920 627 1989 μὲν
666 1918 859 1973 ἑαυτοῦ
922 1921 1101 1974 πᾶσαν
1144 1920 1362 1985 κακίαν,
1417 1922 1701 1991 ἀγάπησον
1734 1920 1791 1973 δὲ

213 2010 316 2082 τὴν
345 2012 562 2064 εὐθεῖαν
585 2012 721 2065 ὁδόν.
756 2012 919 2065 Μένει
947 2011 1055 2083 γάρ
1080 2013 1490 2083 ἐγκατάλειμμα
1520 2014 1613 2066 καὶ
1638 2012 1790 2077 ἐλπὶς

214 2103 420 2174 ἀγαθὴ,
451 2103 528 2174 τῷ
564 2104 658 2175 τὴν
700 2106 920 2176 εἰρήνην
948 2106 1042 2157 καὶ
1071 2104 1166 2176 τὴν
1195 2106 1376 2175 φιλίαν
1416 2107 1512 2176 τὴν
1545 2106 1679 2178 πρὸς
1700 2105 1791 2158 τὸν

214 2197 349 2250 Θεὸν
380 2197 790 2268 μεταδιώξαντι,
823 2200 913 2253 καὶ
937 2199 1026 2252 διὰ
1050 2199 1207 2253 τοῦτο
1234 2198 1491 2270 είρηνικῷ
1520 2200 1791 2270 ἀνθρώπῳ

216 2291 516 2360 γενομένῳ.
558 2292 713 2344 Κατά
732 2290 786 2343 δὲ
818 2291 909 2343 τὸν
939 2291 1254 2362 Σύμμαχον,
1282 2292 1587 2355 φύλασσε,
1607 2292 1789 2361 φησὶν,

212 2381 561 2449 ἁπλότητα,
594 2382 693 2437 καὶ
728 2383 836 2451 ὅρα
862 2384 1027 2448 εὐθὺ,
1056 2382 1293 2438 ὄτιὲστι
1329 2384 1636 2453 μέλλοντα
1686 2383 1791 2438 ἁν-

214 2472 427 2540 θριὲιπῳ
474 2472 770 2541 εὶρηνικῷ.

606 2585 893 2640 ΨΑΛΜΟΣ
934 2588 1020 2639 ΤΩ
1059 2586 1255 2640 ΔΛΥῐΔ
1284 2587 1405 2641 AZ'.

749 2681 851 2744 Εἰς
897 2678 1260 2749 ἀνάμνησιν.

286 2766 482 2834 Κύριε,
520 2765 609 2835 μὴ
656 2765 735 2832 τῷ
770 2767 932 2836 θυμῷ
970 2783 1087 2821 σου
1125 2767 1380 2838 ἐλέγξῃς
1408 2785 1505 2837 με,
1532 2768 1685 2837 μηδὲ
1714 2767 1788 2837 τῇ

212 2855 365 2926 (py-ﬁ
393 2874 509 2910 σου
553 2857 882 2926 παιδεύσῃς
900 2876 995 2928 με.
1028 2858 1218 2922 Αὐτοῖς
1250 2860 1455 2929 ῥήμασι
1490 2859 1579 2911 καὶ
1600 2860 1788 2922 αὑταῖς

213 2950 509 3013 συλλαϐαῖς
546 2951 640 3003 καὶ
670 2953 697 3004 ὁ
740 2958 791 3016 ς’
813 2951 1025 3021 ψαλμὸς
1054 2951 1226 3022 τούτῳ
1271 2950 1663 3023 παραπλησίως
1691 2951 1788 3022 ἆρ-

208 3058 385 3110 χεται,
414 3043 510 3096 καὶ
543 3043 612 3095 τὰ
650 3041 810 3096 λοιπά
838 3043 893 3095 δὲ
916 3043 1008 3096 τοῦ
1047 3044 1203 3097 ἕκτου
1234 3047 1343 3107 τοῖς
1378 3047 1434 3097 ὲν
1460 3044 1537 3114 τῷ
1564 3062 1785 3116 προκει-

212 3134 363 3204 μένῳ
393 3134 715 3204 φερομένοις
749 3135 982 3205 συγγενῆ
1012 3136 1286 3206 τυγχάνει.
1330 3136 1464 3189 Ἀλλ’
1489 3140 1546 3190 ὲν
1581 3138 1677 3209 μὲν
1710 3136 1787 3208 τῷ
1812 3176 1854 3231 C

208 3227 403 3296 Ξκτῳή
433 3228 727 3298 προγραφὴ
745 3230 1015 3299 περιεῖχεν
1032 3244 1045 3257 ·
1078 3231 1181 3294 Εἰς
1203 3229 1269 3282 τὸ
1293 3228 1466 3295 τέλος
1481 3230 1546 3282 ἐν
1576 3229 1786 3299 ὕμνοις

209 3318 365 3385 ὑπὲρ
410 3316 524 3386 τῆς
575 3318 789 3388 ὀγδόης
817 3318 1058 3388 ψαλμὸς
1108 3320 1188 3386 τῷ
1236 3322 1447 3377 Δαυΐδ·
1513 3327 1569 3377 ὲν
1614 3325 1671 3377 δὲ
1709 3324 1789 3396 τῷ

211 3411 445 3481 παρόντι
475 3410 680 3463 τούτων
710 3411 805 3481 μὲν
827 3412 998 3475 οὐδὲν,
1029 3413 1188 3481 μόνον
1214 3415 1268 3467 δὲ
1297 3416 1400 3468 τὸν
1421 3417 1669 3487 ψαλμὸν
1710 3418 1790 3483 τῷ

208 3502 395 3555 Δαυῒδ
436 3504 526 3568 εις
571 3499 915 3570 ἀνάμνησιν
959 3503 1244 3559 δέδεικται.
1282 3507 1354 3558 Ἢ
1389 3524 1451 3575 γε
1489 3508 1594 3579 μὴν
1626 3525 1789 3579 προσ-

208 3594 354 3667 θήκη
391 3597 448 3665 ἢ,
508 3597 594 3660 εὶς
624 3594 985 3664 ἀνάμνησιν,
1030 3595 1203 3649 ἔοικεν
1252 3599 1592 3669 ἀναπέμπειν
1640 3602 1788 3670 ἡμᾶς

208 3688 288 3750 είς
313 3688 417 3759 τὴν
446 3689 505 3739 ὲν
524 3686 601 3757 τῷ
623 3687 767 3757 ἕκτῳ
791 3689 1132 3759 πρργραφὴν,
1156 3688 1285 3741 ὥστ’
1307 3686 1445 3744 εἶναι
1469 3691 1535 3744 τὰ
1548 3693 1787 3762 παρόντα

207 3781 294 3844 εὶς
317 3780 385 3830 τὸ
413 3778 611 3843 τέλος,
635 3780 749 3841 καὶ,
768 3780 836 3832 ἐν
857 3780 1087 3849 ὕμνοις,
1110 3782 1203 3834 καὶ
1226 3782 1375 3849 ὑπὲρ
1409 3781 1514 3850 τῆς
1536 3783 1750 3853 ὀγδόης
1770 3802 1783 3814 ·

208 3870 430 3923 πάντων
455 3868 565 3939 γὰρ
583 3867 649 3921 ἂν
675 3869 757 3939 εῐη
777 3868 976 3923 τούτων
1001 3872 1408 3940 παραστατικὸν
1425 3873 1504 3936 τὸ,
1539 3876 1625 3939 εὶς
1641 3874 1785 3927 ἀνεὶς-

198 3976 464 4031 μνησιν.
519 3960 655 4013 Ἀλλ’
708 3962 831 4013 ἐπεὶ
882 3960 1169 4026 διεξιόντες
1224 3962 1293 4016 τὰ
1324 3965 1381 4015 ἐν
1422 3964 1499 4034 τῷ
1538 3964 1699 4035 ἕκτῳ,
1720 3966 1787 4019 τὰ

205 4050 564 4105 ὑποπεσόντα
592 4052 669 4113 είς
697 4051 795 4122 τὴν
838 4052 1161 4124 προγραφὴν
1199 4054 1515 4124 εἰρήκαμεν,
1556 4056 1643 4122 εὶς
1672 4055 1787 4123 τὴν

202 4143 435 4196 ἐκείνων
490 4140 829 4211 ἀνάμνησιν
886 4143 981 4196 καὶ
1034 4145 1199 4213 ἡμεῖς
1247 4144 1636 4216 ἀναπέμψομεν
1695 4148 1787 4201 τὸν

199 4234 628 4304 ἐντυγχάνοντα.
653 4236 809 4288 Δοκεῖ
831 4234 886 4288 δέ
910 4254 999 4307 μοι
1025 4239 1052 4289 ὁ
1074 4236 1253 4299 Δαυϊδ,
1277 4237 1547 4309 διαφόρως
1571 4242 1629 4291 ὲν
1661 4240 1787 4293 πολ·-

198 4323 311 4407 λοῖς
351 4326 490 4395 περὶ
515 4325 608 4379 τοῦ
640 4326 972 4398 πραχθέντος
1009 4328 1157 4399 αὐτῷ
1188 4330 1474 4403 πλημμελή
1485 4349 1653 4401 ματος
1696 4332 1785 4400 ἐξ-

196 4414 705 4486 ομολογησάμενος,
744 4418 885 4482 ἰδίως
920 4419 1011 4472 τὸν
1056 4420 1301 4491 παρόντα
1346 4421 1557 4491 ψαλμὸν
1586 4422 1787 4494 ἀφωρι-

1892 1926 2033 1980 viam
2066 1934 2293 1981 rectam.
2336 1926 2553 1981 Manent
2581 1926 2725 1981 enim
2767 1926 3011 1995 reliquiae
3041 1941 3273 1995 spesque
3318 1924 3460 1978 bona

1890 2034 2013 2073 erm
2041 2018 2133 2088 qui
2172 2035 2358 2089 pacem
2391 2019 2799 2088 amicitiamque
2848 2018 2944 2073 Dei
2991 2018 3359 2088 persequitur,
3403 2021 3461 2068 et

1891 2108 2016 2161 ideo
2051 2108 2215 2163 homo
2242 2110 2501 2178 paciﬁcus
2532 2107 2759 2163 eﬂ'ectus
2785 2115 2889 2161 est.
2933 2105 3249 2161 Secundum
3296 2104 3455 2176 Sym-

1891 2198 2144 2253 machum
2188 2208 2365 2254 autem
2389 2240 2404 2264 ,
2443 2197 2664 2253 Custodi
2699 2198 3127 2267 simplicitatem,
3176 2196 3372 2266 inquit,
3411 2206 3456 2251 at

1890 2290 2003 2344 vide
2049 2293 2378 2362 «equitatem,
2422 2292 2671 2361 quoniam
2719 2292 2903 2360 futura
2956 2300 3077 2345 sunt
3127 2290 3324 2345 homini
3362 2304 3457 2355 pa-

1889 2380 2061 2449 ciﬁco.

2170 2582 2223 2636 I.
2265 2579 2592 2635 PSALMUS
2644 2580 2872 2635 DAVIDI
2910 2578 3173 2635 XXXVII.

2197 2674 2257 2727 In
2288 2677 2776 2729 rememoralionem
2806 2674 2869 2727 de
2895 2673 3151 2728 Sabbato.

1961 2766 2128 2821 Vnus.
2174 2766 2230 2821 2.
2274 2766 2530 2833 Domine,
2564 2785 2627 2821 ne
2680 2768 2734 2820 in
2764 2768 2944 2836 furore
2986 2776 3076 2819 tuo
3114 2782 3308 2836 arguas
3354 2782 3453 2829 me,

1887 2877 2047 2931 neque
2076 2862 2130 2914 in
2164 2862 2247 2913 ira
2272 2870 2361 2914 tua
2394 2862 2651 2929 corripias
2685 2877 2783 2913 me.
2818 2861 2954 2929 Ipsis
2985 2860 3170 2915 verbis
3215 2860 3459 2929 ipsisque

1888 2952 2115 3023 syllabis
2142 2962 2327 3009 sextus
2356 2969 2574 3024 quoque
2621 2953 2865 3022 psalmus
2903 2953 3107 3022 pariter
3146 2951 3455 3015 inchoatur,

1885 3050 1940 3097 τι
1967 3044 2175 3113 reliqua
2208 3058 2329 3112 qua:
2360 3043 2413 3097 in
2462 3050 2615 3097 sexto
2660 3049 3003 3112 comparent,
3051 3042 3215 3111 hujus
3262 3042 3455 3112 psalmi

1887 3134 2047 3189 dictis
2082 3132 2259 3187 aﬂinia
2292 3142 2438 3189 sunt.
2468 3133 2534 3187 At
2572 3134 2625 3187 in
2665 3142 2820 3188 sexto
2853 3134 3064 3203 psalmo
3099 3134 3181 3188 sic
3222 3133 3456 3187 habebat

1888 3226 2174 3297 inscriptio
2208 3246 2221 3281 :
2263 3225 2323 3280 1η
2354 3228 2511 3295 ﬁnem
2543 3227 2596 3279 in
2626 3226 2831 3295 hymnis
2863 3234 2957 3294 pro
3000 3235 3185 3279 octava
3217 3225 3456 3294 psalmus

1888 3313 2098 3369 Davidi.
2144 3315 2201 3369 In
2250 3318 2503 3386 praesenti
2539 3328 2717 3371 autem
2772 3318 2911 3370 nihil
2956 3317 3149 3370 horum
3202 3317 3456 3382 habetur,

1888 3408 1981 3462 sed
2015 3407 2300 3473 duntaxat,
2334 3409 2569 3477 psalmus
2605 3408 2830 3473 Davidi,
2868 3409 2922 3462 in
2949 3408 3454 3464 rememorationem.

1888 3498 2001 3553 Iloc
2042 3515 2207 3571 porro
2237 3501 2668 3555 additamentum
2690 3540 2703 3564 ,
2739 3502 2794 3554 in
2825 3502 3311 3555 rememorationem
3332 3540 3346 3563 ,
3377 3500 3459 3553 vi-

1887 3593 2047 3647 detur
2072 3608 2172 3649 nos
2202 3594 2269 3646 ad
2307 3594 2501 3663 psalmi
2538 3595 2677 3647 sexti
2715 3594 3126 3665 inscriptionem
3158 3592 3454 3656 remittere,

1889 3685 1962 3737 ita
2000 3691 2059 3738 ut
2090 3698 2211 3753 quae
2238 3683 2351 3752 jam
2381 3682 2435 3736 in
2465 3683 2718 3738 manibus
2753 3692 2901 3747 sunt,
2932 3683 2985 3737 in
3019 3684 3197 3751 ﬁnem,
3232 3683 3285 3734 in
3314 3680 3459 3750 hym-

1886 3776 1989 3841 nis,
2016 3788 2066 3830 et
2092 3791 2186 3844 pro
2218 3784 2401 3829 octava
2428 3774 2572 3828 dicta
2613 3775 2717 3831 sint
2743 3793 2757 3841 ;
2787 3790 2914 3829 nam
2954 3775 3067 3829 haec
3091 3774 3273 3827 omnia
3304 3788 3458 3843 repe-

1887 3877 2001 3922 tere
2035 3876 2089 3922 et
2115 3869 2400 3923 declarare
2425 3868 2640 3922 videtur
2670 3866 2825 3930 illud,
2866 3868 2918 3919 in
2948 3865 3454 3920 rememorationem.

1885 3957 2085 4013 Verum
2114 3961 2241 4030 quia
2276 3975 2398 4013 cum
2434 3968 2645 4014 sextum
2689 3959 2955 4028 psalmum
3013 3959 3455 4028 explanaremus,

1886 4066 2007 4120 quae
2052 4051 2462 4121 inscriptionem
2504 4051 2826 4121 spectabant
2873 4050 3267 4120 explicavimus
3293 4091 3307 4115 ,
3357 4065 3458 4107 nos

1887 4158 2103 4213 quoque
2135 4143 2189 4196 in
2230 4145 2717 4197 rememorationem
2762 4158 2950 4197 eorum
2981 4142 3237 4196 lectorem
3275 4144 3458 4197 remit-

1887 4243 2085 4290 temus.
2110 4234 2340 4290 Videtur
2370 4252 2535 4306 porro
2570 4236 2702 4289 mihi
2728 4234 3007 4298 Davidem,
3035 4250 3159 4288 cum
3190 4235 3243 4289 in
3273 4235 3459 4291 multis

1887 4327 1985 4381 abs
2020 4344 2079 4383 se
2110 4336 2485 4398 perpetratum
2519 4327 2735 4382 facinus
2767 4328 2917 4381 varie
2968 4326 3257 4382 confessus
3289 4336 3456 4391 esset,

1886 4418 2032 4473 hunc
2086 4419 2191 4473 sibi
2256 4420 2526 4489 psalmum
2576 4419 2796 4490 proprie
2862 4404 2916 4474 in
2974 4418 3458 4472 rememorationem

197 4508 364 4561 κέναι
398 4503 582 4578 ἑαυτῷ
626 4510 713 4574 εὶς
738 4509 1097 4579 ἀνάμνησιν,
1124 4511 1197 4574 ὡς
1230 4511 1317 4564 ἀεὶ
1341 4513 1435 4566 καὶ
1464 4513 1553 4567 διὰ
1586 4514 1783 4577 παντὸς

1890 4510 2221 4580 seposuisse,
2262 4512 2337 4565 ita
2379 4519 2439 4565 ut
2488 4527 2613 4565 eum
2668 4526 2887 4580 semper
2920 4511 2973 4565 in
3009 4526 3105 4566 ore
3163 4509 3347 4571 ferret,
3391 4506 3458 4563 eo

194 4600 397 4671 φέρειν
432 4597 566 4651 αὐτὸ
603 4599 707 4653 ἀνά
736 4601 930 4671 στόμα.
986 4600 1302 4671 Κεχρῆσθαι
1363 4600 1420 4653 δὲ
1468 4602 1621 4674 αὐτῴ
1662 4606 1784 4659 ἀντὶ

194 4690 426 4761 ἑταρδῆς
456 4690 548 4742 ἐπὶ
578 4690 840 4763 θεραπείᾳ
885 4693 983 4762 τῆς
1020 4692 1184 4745 αὑτοῦ
1228 4693 1427 4764 ψυχῆς.
1484 4696 1784 4768 Ἰκετηρίαν

193 4783 332 4852 γοῦν
369 4782 683 4853 ἀναπέμπει
728 4783 805 4854 τῷ
837 4784 973 4855 Θεῷ,
1000 4785 1066 4838 δι’
1101 4782 1167 4858 ἦς
1198 4786 1534 4857 ἀποστρέφει
1566 4789 1662 4859 μὲν
1687 4791 1784 4861 τὴν

193 4876 379 4949 ὀργὴν
402 4874 503 4945 τὴν
531 4877 662 4929 πᾶσι
683 4878 795 4940 τοῖς
821 4878 1223 4949 ἁμαρτάνουσιν
1243 4882 1647 4952 ὲπηρτημένην,
1673 4881 1786 4936 ἱλά-

194 4983 401 5023 αεται
432 4965 493 5018 δὲ
528 4967 620 5020 τὸν
651 4968 852 5036 ἀγαθὸν
886 4968 1087 5039 Κύριον
1116 4976 1234 5035 ταῖς
1265 4972 1381 5042 μεθ’
1416 4974 1781 5045 ὑπερϐαλλού-

198 5073 310 5127 mg
352 5056 791 5129 ἐξομολογήσεως
838 5064 1060 5128 φωναῖς.
1105 5064 1291 5131 Λέγων
1337 5064 1426 5117 δέ·
1459 5067 1658 5134 Κύριε,
1695 5066 1782 5136 μὴ

203 5147 287 5213 τῷ
324 5146 496 5216 θυμῷ
540 5164 656 5203 σου
697 5150 951 5225 ἐλέγξῃς
970 5170 1067 5221 με,
1101 5155 1162 5206 οὐ
1199 5156 1289 5207 τὸν
1317 5155 1536 5227 ἔλεγχον
1580 5176 1782 5230 παραι-

208 5244 401 5297 τεῖται.
467 5240 599 5295 ἀλλά
643 5242 734 5296 τὸν
769 5244 905 5313 μετὰ
944 5244 1112 5315 θυμοῦ
1138 5262 1151 5276 ·
1183 5247 1303 5301 οὐδὲ
1337 5248 1399 5301 τὸ
1431 5249 1783 5320 παιδευθῆναι

210 5332 423 5400 φεύγει,
464 5332 597 5386 ἀλλὰ
616 5334 678 5386 τὸ
711 5336 847 5403 μετὰ
874 5336 1041 5407 ὀργῆς
1064 5354 1077 5367 ο
1109 5335 1238 5389 ὡσεὶ
1271 5339 1364 5391 καὶ
1407 5340 1573 5411 ἰατρῷ
1599 5358 1683 5405 τις
1715 5343 1783 5397 τά

210 5422 294 5474 διά
343 5423 621 5494 καυτῆρος
675 5426 770 5478 καὶ
832 5426 1050 5497 σιδήρου
1102 5432 1195 5481 καὶ
1238 5432 1449 5503 πικρῶν
1495 5434 1783 5490 ἀντιδότων

213 5514 572 5584 προσφέροντι
605 5515 928 5587 βοηθήματα
946 5519 1037 5571 ἐπὶ
1063 5521 1329 5594 θεραπείᾳ
1352 5525 1553 5590 πάθους
1573 5528 1786 5582 ὑποκεί-

216 5619 363 5697 μενος
396 5604 580 5697 λέγοι·
616 5604 819 5697 Μὴνδιὰ
846 5609 1012 5679 πυρός
1042 5627 1107 5680 με
1138 5612 1499 5687 θεραπεύσῃς,
1534 5618 1667 5687 μηδὲ
1696 5619 1781 5672 διὰ
1803 5674 1815 5697 ,

215 5693 418 5769 σιδήρου
451 5696 553 5750 καὶ
585 5696 791 5766 τομῶν,
849 5700 981 5753 ἀλλὰ
1014 5702 1099 5755 διὰ
1125 5704 1301 5774 ἠπίων
1343 5706 1436 5760 καὶ
1467 5710 1780 5781 πραοτέρων

199 5792 531 5862 φαρμάκων.
577 5791 637 5842 Ὀ
666 5790 773 5858 γὰρ
806 5792 1043 5858 τοιοῦτος
1083 5796 1140 5847 οὐ
1206 5797 1298 5863 τὴν
1348 5798 1640 5867 θεραπείαν
1678 5803 1776 5868 ἁρ-

1890 4621 2022 4660 usus
2053 4605 2209 4675 quasi
2244 4604 2602 4679 delinimcnto
2653 4603 2721 4658 ad
2770 4602 3032 4658 medelam
3089 4602 3282 4656 anima:
3321 4617 3453 4656 suas.

1888 4693 2353 4765 Supplicationem
2387 4694 2570 4765 itaque
2614 4693 2722 4749 Deo
2754 4694 2976 4757 emittit,
3003 4708 3108 4762 qua
3153 4693 3288 4747 iram
3331 4694 3456 4760 qui-

1884 4786 2007 4842 dem
2053 4788 2410 4857 peccantibus
2463 4788 2723 4843 omnibus
2783 4786 3177 4856 impendentem
3222 4783 3456 4847 avertit,

1886 4879 2221 4949 vocibusque
2249 4880 2463 4935 exinnize
2502 4879 2871 4936 confessionis
2917 4879 3117 4932 bonum
3166 4876 3457 4931 Dominum

1884 4978 2181 5047 prepitium
2216 4976 2319 5031 sibi
2363 4975 2514 5030 facit.
2554 4976 2691 5030 Cum
2727 4989 2857 5029 vero
2892 4973 2987 5034 ait,
3026 4972 3277 5037 Domine,
3313 4989 3375 5025 ne
3404 4973 3458 5025 in

1884 5068 2063 5137 furore
2101 5076 2191 5119 tuo
2240 5082 2436 5136 arguas
2491 5083 2604 5129 me,
2662 5080 2772 5118 non
2826 5063 3302 5133 reprehensionem
3363 5062 3459 5117 de-

1884 5166 2116 5223 trectat,
2150 5158 2248 5213 sed
2296 5174 2421 5213 cum
2463 5158 2649 5211 furore
2693 5154 3077 5222 conjunctam;
3119 5170 3296 5225 neque
3334 5169 3460 5208 coro

1883 5250 2190 5320 reptionem
2219 5248 2383 5319 fugit,
2420 5250 2525 5305 sed-
2549 5263 2672 5303 cum
2723 5248 2805 5299 ira
2853 5247 3094 5303 editam:
3130 5262 3194 5301 ac
3242 5247 3289 5302 si
3334 5261 3460 5316 quis

1884 5343 2098 5397 medico
2131 5357 2228 5411 per
2258 5341 2627 5404 adustionem,
2663 5337 2869 5392 ferrum
2902 5349 2957 5394 et
2987 5338 3185 5393 acerba
3215 5338 3457 5392 remedia

1886 5430 2131 5485 levamen
2160 5430 2335 5484 morbi
2372 5428 2617 5483 offerenti
2668 5426 2954 5495 subjectus
2981 5428 3165 5483 dicat:
3217 5426 3296 5481 Ne
3325 5419 3458 5481 mihi

1885 5522 2087 5593 ignem,
2116 5537 2186 5577 ne
2217 5520 2443 5583 ferrum,
2473 5536 2542 5575 ne
2565 5521 2842 5576 sectiones
2868 5519 2936 5575 ad
2974 5522 3241 5576 medelam
3269 5520 3460 5574 admo-

1884 5628 2033 5678 veas,
2080 5612 2176 5669 sed
2227 5612 2408 5667 dulcia
2463 5612 2790 5683 mitioraque
2829 5614 3106 5671 remedia:
3153 5613 3282 5668 talis
3311 5612 3456 5667 enim

1884 5707 2049 5761 homo
2074 5720 2180 5760 non
2212 5709 2548 5761 curationem
2580 5709 2789 5773 abnuit,
2830 5710 2924 5765 sed
2961 5709 3235 5763 duriorem
3266 5707 3447 5776 opitu-

1884 5803 2030 5860 landi
2065 5804 2353 5861 rationem.
2410 5803 2739 5876 Plerumque
2784 5815 2962 5864 autem
2997 5806 3253 5870 diximus,
3316 5805 3451 5857 iram
