3822 6280
361 349 466 404 3ῗ9

1011 343 1277 399 EUSEBII
1307 341 1780 399 CASSARIENSIS
1817 340 1968 398 OPP.
2011 340 2189 396 PARS
2227 339 2311 394 Ill.
2352 371 2420 382 —
2448 338 2852 397 EXEGETICA.

3483 343 3589 394 540

360 475 415 519 et
441 465 679 516 furorem
715 433 809 514 Dei
837 459 890 513 in
923 457 1185 514 divinitus
1213 460 1432 516 traditis
1462 459 1784 531 Scripturis,
1813 475 1920 513 non

2032 462 2211 523 νεῖται,
2235 457 2367 510 ἀλλὰ
2396 457 2488 510 τὸν
2518 458 2772 510 ἐπίπονον
2821 454 3018 526 τρόπον
3055 452 3161 506 τῶν
3212 452 3588 523 βοηθημάτων.

361 553 529 607 animi
562 559 742 606 motus
767 552 820 606 in
855 549 965 606 Deo
990 553 1322 624 signiﬁcare,
1352 567 1476 606 nam
1508 551 1575 606 ab
1601 551 1668 606 iis
1695 564 1926 604 vacuum

362 645 574 700 Numen
615 654 730 712 est;
763 645 856 700 sed
889 661 987 717 per
1034 648 1443 702 translationem
1487 645 1604 700 haec
1655 645 1828 699 solent
1871 644 1927 697 in

365 735 652 809 Scriptura
694 737 994 802 nominari,
1029 738 1485 808 quemadmodum
1541 737 1707 802 oculi,
1743 750 1928 802 aures,

363 845 580 893 manus,
615 829 791 900 digiti,
823 830 989 901 pedes
1019 841 1070 886 et
1100 832 1307 901 reliqua
1343 831 1618 886 membra:
1661 846 1782 900 quae
1815 830 1930 897 ipse

363 921 680 976 hominibus
731 923 938 977 utiliter
985 922 1298 992 dispensat,
1353 923 1663 976 auditorum
1721 921 1931 990 simpli-

361 1011 511 1067 citati
543 1027 602 1066 sc
648 1021 1038 1082 attemperans.
1079 1013 1170 1067 Sic
1220 1014 1388 1086 igitur
1434 1012 1668 1066 inﬂictas
1722 1026 1788 1065 ex
1833 1011 1930 1076 Dei

355 1099 567 1170 judicio
636 1105 992 1171 peccantibus
1043 1119 1274 1174 pronas,
1329 1119 1450 1174 quae
1503 1119 1636 1159 sane
1690 1103 1930 1157 molestae

363 1189 680 1259 acverbaeque
714 1192 1044 1261 patientibus
1075 1202 1226 1258 sunt,
1259 1194 1416 1264 quasi
1448 1209 1513 1248 ex
1545 1193 1624 1246 ira
1659 1202 1711 1248 et
1746 1193 1932 1248 furore

362 1275 606 1334 invectas
636 1278 942 1335 adumbrat.
990 1279 1105 1335 Hoc
1156 1284 1341 1353 itaque
1386 1283 1544 1338 docet
1599 1298 1757 1338 sacer
1786 1283 1932 1353 Apo-

362 1370 538 1426 stolus
580 1371 805 1436 dicens,
859 1371 1156 1427 Secundum
1205 1385 1381 1430 autem
1441 1375 1697 1429 duritiam
1745 1385 1928 1442 tuam,

360 1471 412 1517 et
441 1462 767 1531 impaenitens
795 1479 906 1528 cor,
941 1464 1294 1520 thesaurizas'
1321 1465 1413 1521 tibi
1448 1468 1586 1520 iram
1619 1467 1674 1520 in
1700 1467 1784 1521 die
1811 1467 1925 1531 ira,

363 1563 412 1608 et
439 1555 770 1609 reuelationis
787 1555 924 1624 justi
945 1555 1142 1625 judicii
1176 1556 1293 1622 Dei,
1327 1558 1416 1628 qui
1449 1558 1625 1612 reddet
1655 1559 1932 1629 unicuique

363 1653 650 1707 secundum
680 1669 838 1723 opera
881 1653 994 1722 ejus
1017 1655 1063 1686 ”
1090 1673 1102 1709 :
1140 1669 1204 1709 ac
1235 1655 1280 1710 si
1314 1656 1439 1726 quis
1459 1654 1711 1710 inductas
1742 1670 1772 1708 a
1815 1656 1932 1726 lege

365 1741 653 1798 bomicidis
695 1758 907 1814 poenas,
946 1745 1081 1798 iram
1128 1760 1192 1799 ac
1231 1746 1470 1801 furorem
1509 1746 1776 1818 appellet;
1820 1761 1928 1802 non

2025 549 2293 612 Πολλάκις
2324 548 2380 601 δὲ
2431 547 2662 620 είρηται,
2694 547 2768 609 ὡς
2806 545 2941 617 ὀργὴ
2972 545 3067 598 καὶ
3088 543 3256 614 θυμὸς
3279 543 3412 596 Θεοῦ
3441 543 3595 612 λεγό-

2029 658 2166 714 μενα
2220 643 2277 694 ὲν
2327 642 2446 704 ταῖς
2475 638 2845 702 θεοπνεύστοις
2900 639 2937 689 Γ
2943 638 3138 708 ραφαϊς
3168 637 3227 688 οὐ
3276 635 3422 707 πάθη
3464 636 3596 706 περὶ

2025 733 2114 785 τὸν
2146 733 2282 786 Θεὸν
2310 732 2582 803 σημαίνει,
2618 731 2817 794 παντὸς
2848 729 2956 801 γὰρ
2986 729 3193 792 πάθους
3223 727 3500 799 ἀλλότριον
3531 728 3594 782 τὸ

2027 823 2180 877 Θεῖον
2200 841 2213 854 ·
2250 824 2388 878 κατὰ
2420 823 2728 895 μεταφορὰν
2759 822 2814 874 δὲ
2845 822 2913 874 τὰ
2933 820 3156 874 τοιαῦτα
3183 820 3368 874 εἴωθεν
3395 820 3598 891 ὀνομά-

2030 912 2142 979 ζειν
2160 918 2188 968 ὁ
2203 917 2302 985 τῆς
2330 916 2552 986 Γραφῆς
2579 914 2752 982 λόγος,
2781 913 2855 976 ὼς
2877 913 2971 965 καὶ
2998 910 3307 982 ὀφθαλμοὺς
3322 910 3480 975 Θεοῦ,
3501 912 3600 964 καί

2029 999 2144 1059 ὦτα
2199 1007 2290 1060 καὶ
2347 1009 2535 1076 χεῖρας
2567 1004 2660 1059 καὶ
2711 1002 3024 1066 δακτύλους,
3064 1003 3157 1054 καὶ
3205 1001 3372 1065 πόδας
3400 1000 3600 1054 καὶτὰ

2028 1098 2188 1153 λοιπά
2238 1097 2404 1168 μέληο
2455 1097 2596 1167 ᾶπερ
2647 1096 2721 1158 ὡς
2773 1094 2908 1166 πρὸς
2956 1093 3268 1165 ἀνθρώπους
3310 1092 3602 1164 χρησίμως

2028 1193 2407 1260 οἰκονομεῖται,
2435 1186 2740 1256 συγκατιὼν
2767 1189 2832 1257 τῇ
2862 1185 2968 1239 τῶν
3009 1185 3368 1258 ἀκροωμένων
3401 1185 3603 1254 νηπιό-

2028 1299 2171 1352 τητι.
2207 1280 2392 1344 Οὕτως
2428 1275 2518 1332 οὖν
2558 1279 2652 1331 καὶ
2683 1277 2783 1341 τὰς
2823 1277 3163 1348 ἐπαγομένας
3198 1277 3465 1348 τιμωρίας
3485 1279 3604 1340 τοῖς

2030 1372 2401 1444 ἁμαρτάνουσι
2421 1371 2561 1425 κατὰ
2588 1369 2721 1424 Θεοῦ
2744 1370 2943 1442 κρίσιν,
2965 1367 3290 1438 σκυθρωπάς
3313 1367 3478 1432 οῦσας
3504 1369 3606 1422 καὶ

2030 1465 2284 1533 ἀλγεινὰς
2313 1466 2425 1526 τοῖς
2466 1463 2784 1533 πάσχουσιν,
2813 1462 3010 1515 ὡσανεὶ
3032 1460 3090 1524 ἐξ
3119 1461 3287 1532 ὀργῆς
3307 1459 3400 1513 καὶ
3423 1459 3603 1529 θυμοῦ

2032 1556 2378 1626 ἐπαγομένας
2407 1553 2792 1609 ὑποτυποῦται.
2831 1549 2996 1607 Τοῦτο
3027 1551 3154 1622 γοῦν
3180 1552 3416 1605 διδάσκει
3444 1553 3544 1604 καὶ
3577 1553 3607 1606 ὁ

2034 1648 2178 1720 ἱερὸς
2205 1647 2525 1710 Ἀπόστολος
2548 1647 2750 1715 λέγων⁸
2783 1649 2942 1699 Κατὰ
2976 1644 3043 1698 δὲ
3074 1643 3187 1713 τὴν
3213 1643 3608 1712 σκληρότητά

2032 1752 2148 1791 σου
2165 1736 2263 1790 καὶ
2290 1738 2692 1806 ἀμετανόητον
2702 1736 2950 1804 καρδίαν
2963 1734 3331 1803 θησαυρίζεις
3365 1735 3609 1800 σεαυτῷ

363 1831 508 1901 quod
537 1849 723 1888 revera
757 1835 840 1889 lex
873 1835 951 1888 ira
976 1846 1028 1888 et
1059 1834 1244 1890 furore
1283 1832 1632 1907 corripiatur,
1666 1836 1760 1893 sed
1782 1837 1925 1908 quod

2032 1829 2214 1899 ὀργὴν
2225 1829 2295 1882 ἐν
2311 1828 2497 1898 ἡμέρῃ
2512 1827 2691 1898 ὀργῆς
2704 1827 2800 1881 καὶ
2815 1827 3249 1894 ἀποκαλύψεως
3263 1827 3362 1878 καὶ
3377 1825 3606 1880 δικαιο-

364 1924 414 1980 is
438 1925 530 1996 qui
559 1927 885 1997 supplicium
913 1928 1036 1991 luit,
1069 1927 1306 1984 inﬂictas
1331 1944 1518 2000 poenas
1548 1945 1647 2000 pro
1677 1931 1756 1984 ira
1795 1929 1929 2000 legis

363 2011 580 2068 habeat.
612 2011 731 2069 Jam
766 2031 898 2070 vero
939 2016 1162 2084 maligni
1213 2031 1429 2086 quoque
1477 2016 1790 2080 daemones,
1836 2015 1928 2085 qui

363 2106 751 2176 suppliciorum
782 2107 961 2177 impiis
991 2107 1265 2162 illatorum
1289 2108 1524 2163 ministri
1550 2115 1698 2171 sunt,
1716 2121 1930 2162 necnon

361 2198 593 2254 virtutes
629 2199 724 2254 Dei
782 2199 1162 2266 administrat,
1211 2201 1293 2254 ira
1338 2210 1392 2256 ct
1441 2201 1594 2256 furor
1642 2209 1926 2256 vocantur.

361 2287 564 2345 Eodem
615 2291 777 2346 modo
829 2291 896 2347 de
947 2293 1134 2347 decem
1180 2293 1355 2363 plagis
1400 2302 1590 2348 contra
1645 2293 1930 2364 Egyptios

362 2380 626 2437 immissis
651 2383 857 2436 dictum
891 2389 995 2446 est,
1035 2381 1188 2437 Misit
1227 2385 1282 2438 in
1310 2402 1397 2439 eos
1430 2386 1661 2454 furorem
1690 2394 1739 2439 et
1768 2386 1926 2448 iram,

359 2470 739 2526 immissionem
777 2489 869 2542 per
899 2475 1108 2544 angelos
1135 2475 1304 2532 malos
1327 2477 1394 2530 ⁸¹.
1436 2475 1530 2532 Sic
1579 2470 1801 2532 dextera
1835 2477 1928 2533 Dei

361 2555 623 2616 dicuntur
672 2561 810 2615 bona
860 2578 956 2632 per
995 2563 1250 2621 dexteras
1305 2564 1586 2636 bonasque
1632 2575 1930 2636 potestates

345 2644 541 2735 .dignis
573 2650 1007 2706 subministrata.
1042 2649 1325 2723 Supplicat
1369 2655 1552 2726 itaque
1588 2655 1778 2719 David,
1807 2672 1874 2712 ne
1899 2671 1930 2710 a

363 2737 618 2807 malignis
644 2741 1008 2809 potestatibus
1029 2752 1380 2815 coarguatur,
1397 2761 1574 2816 neque
1591 2747 1933 2804 immissione

361 2830 677 2899 angelorum
723 2833 966 2888 tristium
1018 2837 1392 2906 corripiatur;
1449 2838 1543 2893 sed
1601 2840 1931 2896 salutaribus

361 2919 565 2983 verbis,
582 2921 918 2992 utilibusque
946 2921 1273 2995 disciplinis,
1294 2933 1347 2980 et
1377 2927 1484 2982 alio
1503 2942 1720 2998 quoque
1746 2929 1928 2994 modo,

363 3019 515 3079 rogat
541 3028 609 3070 ne
640 3023 888 3075 servetur
919 3017 984 3075 ad
1015 3016 1160 3074 diem
1205 3019 1298 3077 irae
1322 3028 1375 3075 et
1405 3021 1753 3076 revelationis
1795 3021 1932 3092 justi

357 3100 552 3171 iudicii
589 3104 708 3172 Dei,
733 3107 827 3162 sed
850 3108 965 3176 jam
1002 3109 1056 3163 in
1091 3111 1348 3179 praesenti
1386 3112 1494 3168 vita
1520 3121 1575 3167 et
1622 3120 1748 3167 ante
1783 3129 1931 3168 mor-

364 3202 473 3253 tam
503 3204 724 3263 peccata
747 3197 917 3263 cluat,
954 3199 1098 3272 quod
1135 3201 1323 3270 utique
1346 3209 1540 3258 nactus
1563 3210 1666 3256 est.
1705 3201 1769 3255 Et
1800 3218 1929 3258 vero

362 3283 576 3346 videtur
602 3301 817 3354 poenam
861 3289 1099 3359 dedisse,
1131 3306 1229 3360 per
1275 3292 1611 3350 calamitates
1641 3303 1765 3348 ante
1811 3293 1930 3348 obi-

362 3382 478 3438 tum
499 3377 604 3445 ipsi
633 3378 832 3442 illatas,
859 3388 918 3438 ut
944 3397 1008 3435 ex
1033 3374 1344 3452 Regnorum
1365 3381 1594 3437 historia
1617 3383 1927 3440 didicimus.

361 3463 481 3533 Alia
525 3482 743 3537 quoque
786 3471 997 3526 ratione
1029 3471 1097 3528 de
1154 3488 1213 3529 se
1267 3473 1383 3542 ipse
1423 3488 1615 3543 poenas
1657 3477 1928 3547 sumpsit,

361 3553 491 3618 dum
525 3573 585 3612 se
625 3558 681 3612 in
724 3561 893 3614 variis
932 3561 1298 3619 confessionis
1333 3565 1508 3620 modis
1547 3565 1930 3625 alllictionibus

361 3645 593 3711 dedidit.
622 3647 736 3704 Hoc
770 3657 931 3719 pacto
967 3651 1130 3714 etiam
1164 3654 1404 3724 loquitur
1435 3674 1446 3710 :
1485 3653 1542 3708 Si
1570 3656 1699 3726 quid
1739 3672 1930 3728 perpe-

361 3741 525 3805 travi,
549 3756 659 3812 quo
679 3741 876 3812 dignus
916 3744 1019 3802 sim
1052 3745 1143 3814 qui
1171 3761 1199 3798 a
1229 3745 1417 3801 furore
1441 3762 1677 3816 arguar;
1705 3756 1759 3804 at
1791 3751 1930 3806 resi-

360 3831 581 3900 piscens
611 3847 743 3902 rogo
775 3840 831 3886 ut
867 3849 897 3890 ει
927 3835 1113 3898 verbo,
1142 3850 1252 3889 non
1296 3852 1326 3890 a
1373 3836 1556 3898 furore
1601 3853 1833 3909 arguar;
1872 3848 1926 3895 et

361 3935 395 3984 a
429 3921 698 3988 doctrina,
728 3940 836 3981 non
871 3926 938 3986 ab
964 3926 1043 3981 ira
1071 3928 1356 3999 corripiar.

2029 1922 2264 1992 κρισίας
2275 1921 2381 1975 τοῦ
2399 1919 2566 1985 Θεοῦ,
2583 1921 2650 1986 ὃς
2659 1918 2953 1974 ἀποδώσει
2968 1917 3201 1984 ἑκάστῳ
3209 1918 3358 1971 κατὰ
3376 1917 3449 1970 τὰ
3459 1918 3611 1988 ἔργα

2028 2014 2212 2068 αὑτοῦ
2235 2031 2250 2045 ⁸
2273 2013 2349 2076 ὡς
2377 2013 2430 2065 εῐ
2458 2029 2541 2074 τις
2575 2013 2669 2066 καὶ
2688 2011 2786 2074 τὰς
2804 2012 2868 2064 ὲκ
2905 2010 2998 2064 τοῦ
3015 2010 3177 2080 νόμου
3193 2009 3268 2080 τῷ
3293 2008 3610 2080 ἀνδροφόνῳ

2029 2107 2240 2173 ὲπηρτη
2249 2103 2414 2172 μένας
2433 2102 2677 2164 κολάσεις
2691 2101 2858 2171 ὀργὴν
2896 2101 2988 2153 καὶ
3005 2100 3172 2171 θυμὸν
3193 2099 3449 2171 ὀνομάζοι
3464 2117 3477 2129 ·
3504 2101 3610 2153 οὐκ

2029 2195 2242 2266 ἀληθῶς
2256 2193 2348 2248 τοῦ
2363 2193 2528 2262 νόμου
2545 2192 2881 2264 θυμουμένου
2912 2193 3005 2246 καὶ
3029 2193 3402 2264 ὀργιζομένου,
3431 2193 3531 2246 τοῦ
3552 2194 3611 2247 δὲ

2029 2287 2386 2358 κολαζομένου
2408 2287 2574 2358 ὀργὴν
2601 2287 2694 2341 τοῦ
2718 2287 2882 2356 νόμου
2902 2287 3000 2358 τὴν
3025 2287 3290 2357 τιμωρίαν
3311 2286 3611 2358 ὑπειληςό.

2027 2401 2138 2447 τος.
2149 2384 2284 2454 Ἤδη
2297 2383 2352 2436 δὲ
2367 2382 2462 2436 καὶ
2476 2383 2524 2434 οἱ
2544 2381 2640 2444 τὰς
2656 2379 2902 2444 κολάσεις
2921 2379 3318 2450 διακονούμενοι
3336 2379 3482 2433 κατὰ
3501 2379 3611 2432 τῶν

2029 2477 2238 2531 ἀσεϐῶν
2272 2478 2494 2549 πονηροὶ
2519 2475 2790 2545 δαίμονες,
2821 2475 2880 2526 αἴ
2909 2491 2968 2526 τε
2999 2473 3327 2543 ὑπηρετικαὶ
3341 2471 3611 2542 δυνάμεις

2027 2569 2122 2622 τοῦ
2139 2568 2272 2622 Θεοῦ
2287 2570 2342 2622 αἱ
2357 2567 2574 2630 τοιαίδε,
2586 2567 2722 2638 ὀργὴ
2735 2568 2827 2620 καὶ
2843 2564 3008 2636 θυμὸς
3026 2562 3610 2634 ὠνομάσθησανωῦτω

2029 2659 2159 2728 γοῦν
2207 2660 2421 2731 εἴρηται
2469 2659 2525 2710 ἐν
2565 2657 2642 2728 τῷ
2683 2657 2811 2726 περὶ
2843 2657 2940 2726 τῆς
2968 2656 3310 2725 δεκαπλὴγου
3333 2654 3436 2724 τῆς
3483 2657 3606 2707 κατ’

2030 2749 2340 2816 Αἰγυπτίων
2386 2746 2717 2819 ἐπαχθείσης
2749 2747 2891 2816 λόγῳ
2937 2745 3029 2798 τό·
3079 2744 3472 2798 Ἀπέστειλεν
3517 2743 3608 2795 ἐπ’

2030 2838 2251 2904 αὐτοὺς
2281 2838 2470 2907 θυμὸν
2496 2838 2595 2890 καὶ
2621 2836 2824 2906 ὀργὴν,
2841 2834 3196 2902 ἀποστολὴν
3221 2834 3295 2887 δι’
3331 2834 3612 2903 ἀγγέλων

2031 2929 2326 2998 πονηρῶν.
2377 2929 2530 2982 Οῦτω
2575 2926 2723 2992 δεξιὰ
2771 2927 3016 2980 λέλεκται
3075 2925 3208 2978 Θεοῦ
3260 2923 3330 2978 τὰ
3371 2923 3463 2977 διὰ
3501 2923 3610 2977 τῶν

2030 3021 2218 3087 δεξιῶν
2273 3021 2367 3079 καὶ
2427 3020 2643 3089 ἀγαθῶν
2674 3019 2951 3089 δυνάμεων
2997 3021 3109 3081 τοῖς
3141 3017 3309 3082 ἀξίοις
3338 3015 3611 3088 χορηγού-

2036 3129 2188 3181 μενα.
2248 3111 2496 3170 Ἱκετεύει
2558 3111 2733 3165 τοίνυν
2787 3113 2814 3164 ὁ
2854 3109 3014 3163 Δαυῖδ
3070 3110 3145 3180 μὴ
3198 3107 3286 3161 διὰ
3348 3107 3610 3178 πονηρῶν

2029 3205 2309 3275 δυνάμεων
2335 3204 2684 3276 ἐλεγχθῆναι,
2722 3204 2857 3275 μηδὲ
2895 3203 2961 3256 δι’
3013 3201 3312 3272 ἀποστολῆς
3353 3200 3611 3268 ἀγγέλων

2033 3295 2371 3367 σκυθρωπῶν
2422 3295 2805 3366 παιδευθῆναιο
2849 3294 2936 3348 διὰ
2973 3294 3145 3363 λόγων
3194 3293 3251 3346 δὲ
3296 3291 3609 3363 σωτηρίων,

2031 3388 2122 3441 καὶ
2159 3388 2494 3458 μαθημάτων
2536 3387 2833 3458 ὠφελίμων
2873 3387 2964 3440 καὶ
3011 3385 3183 3449 ἄλλως
3227 3384 3285 3438 δὲ
3334 3385 3612 3438 ἀντιδολεί

2036 3479 2110 3550 μὴ
2137 3479 2438 3550 τηρηθῆναι
2478 3481 2558 3542 είς
2608 3479 2820 3552 ἡμέραν
2867 3479 3034 3549 ὀργῆς
3068 3478 3161 3530 καὶ
3205 3475 3613 3546 ἀποκαλύψεως

2033 3571 2128 3624 καὶ
2174 3570 2568 3645 δικαιοκρισίας
2609 3571 2702 3625 τοῦ
2754 3570 2911 3632 Θεοῦ,
2952 3569 3051 3641 ῆδη
3092 3569 3148 3621 δὲ
3189 3567 3439 3620 ἐντεῦθεν
3467 3567 3613 3620 κατὰ

2032 3661 2121 3717 τὸν
2155 3663 2396 3732 παρόντα
2427 3662 2536 3734 βίον
2564 3662 2668 3734 πρὸ
2693 3663 2790 3733 τῆς
2821 3656 3075 3730 τελευτῆς
3104 3659 3517 3714 άπολούσασθαι
3545 3660 3613 3714 τά

2031 3751 2433 3822 ἁμαρτίηιατα⁸
2475 3753 2570 3806 καὶ
2615 3751 2768 3822 ἐτυχὲ
2821 3769 2880 3820 τε
2925 3749 3018 3806 τοῦ
3070 3749 3292 3803 σκοποῦ.
3347 3749 3613 3802 Φαίνεται

2028 3843 2158 3911 γοῦν
2188 3843 2342 3916 δίκην
2370 3843 2637 3907 δεδωκὼς,
2667 3843 2732 3896 δι’
2756 3835 2829 3898 ὧν
2858 3841 3024 3899 ἔπαθε
3058 3841 3161 3912 πρὸ
3200 3841 3298 3911 τῆς
3323 3840 3612 3910 τελευτῆς.

2026 3933 2100 3998 ὡς
2139 3938 2202 3989 ὲκ
2251 3936 2353 4006 τῆς
2407 3937 2640 4009 ἱστορίας
2688 3937 2794 3991 τῶν
2842 3934 3135 3992 Βασιλειῶν
3183 3932 3612 4005 μεμαθήκαμεν.

363 4011 473 4073 Καὶ
499 4012 672 4076 ἄλλως
731 4015 783 4066 δὲ
831 4017 991 4080 αὐτὸς
1043 4018 1231 4072 ἑαυτὸν
1283 4023 1604 4092 ἐτιμωρεῖτο
1667 4025 1943 4088 παντοίαις
2003 4027 2316 4082 ὑποδάλλων
2365 4029 2669 4082 κακώσεσιν
2723 4031 2779 4082 ὲν
2825 4030 2935 4090 τοῖς
3000 4027 3097 4098 τῆς
3156 4025 3606 4097 ἐξομολογήσεως

361 4103 601 4172 τρόποις.
648 4106 756 4164 Καὶ
813 4107 986 4171 ἄλλως
1034 4110 1091 4172 δέ
1131 4128 1324 4181 φησιν*
1355 4115 1403 4166 εί
1460 4114 1769 4184 πέπρακταί
1835 4134 1920 4189 μοι
1957 4121 2194 4176 τοιοῦτον
2255 4124 2341 4192 ἐφ’
2369 4119 2449 4186 οἷς
2497 4123 2641 4190 ἄξιον
2708 4121 2812 4177 ὑπὸ
2875 4119 3046 4190 θυμοῦ
3087 4119 3429 4190 ἐλεγχθῆναι,
3471 4115 3616 4170 ἀλλά

361 4207 424 4268 γε
479 4197 812 4266 μετανοήσας
860 4200 1160 4271 παρακαλῶ
1201 4203 1304 4255 ὑπὸ
1345 4203 1523 4272 λόγου,
1567 4205 1662 4260 καὶ
1717 4206 1792 4278 μὴ
1845 4208 1948 4262 ὑπὸ
1987 4210 2156 4282 θυμοῦ
2201 4214 2540 4285 ἐλεγχθῆναι,
2574 4215 2668 4266 καὶ
2723 4211 2827 4266 ὑπὸ
2855 4209 3220 4275 διδασκαλίας,
3249 4211 3340 4262 καὶ
3373 4209 3451 4278 μὴ
3508 4206 3614 4259 ὑπὸ

361 4285 532 4359 ὀργῆς
567 4290 933 4363 παιδευθῆναι.

431 4404 600 4463 Vsus.
632 4408 685 4463 5.
723 4407 984 4474 Quoniam
1027 4414 1232 4484 sagitta:
1283 4425 1386 4470 tute
1421 4417 1600 4485 inﬁxa:
1622 4427 1742 4472 sunt
1780 4419 1927 4472 mihi.

2107 4421 2226 4473 Ὅτι
2244 4419 2315 4474 τὰ
2336 4419 2492 4487 ,ϐέλη
2531 4434 2647 4472 σου
2685 4413 3066 4485 ἐνεπάγησάν
3102 4431 3221 4483 μοι.
3270 4415 3328 4465 '0
3358 4413 3460 4483 μὲν
3503 4411 3615 4486 γάρ

363 4499 646 4571 Siquidem
691 4503 893 4560 athleta
936 4505 1060 4570 Job,
1091 4508 1276 4562 omnia
1324 4511 1689 4566 tentationum
1728 4527 1928 4582 genera

2032 4510 2268 4584 ἀθλητὴς
2309 4509 2446 4575 Ἰὼϐ,
2482 4510 2762 4572 παντοίους
2789 4505 3085 4578 ὑπομείνας
3119 4505 3481 4575 πειρασμοὺς,
3513 4506 3615 4558 οὐκ

360 4608 676 4662 perpessus,
711 4610 819 4649 non
851 4596 1133 4667 ignorabat
1169 4599 1438 4654 undenam
1471 4601 1586 4655 hazc
1617 4602 1721 4656 sibi
1748 4602 1932 4657 eveni-

360 4689 504 4750 rent,
552 4697 724 4752 quare
747 4683 966 4739 dicebat
999 4703 1010 4739 :
1058 4683 1281 4756 Sagitta:
1319 4689 1458 4742 enim
1513 4689 1729 4743 Domini
1763 4692 1931 4744 inore

357 4790 472 4830 meo
497 4785 638 4842 sunt,
678 4794 902 4847 quarum
934 4778 1017 4832 ira
1035 4795 1204 4833 meum
1233 4781 1391 4834 ebibit
1411 4783 1717 4852 sanguinem
1743 4784 1808 4837 ⁸¹.
1832 4782 1932 4841 Da:-

329 4918 332 4922 .
356 4868 446 4923 vid
479 4878 658 4924 autem
691 4885 799 4924 non
828 4871 882 4925 in
905 4886 1135 4941 corpore
1163 4873 1326 4927 veluti
1354 4872 1456 4928 Job
1486 4875 1658 4946 plagis
1682 4875 1928 4941 ali‘ectus,

358 4960 455 5016 sed
483 4961 534 5015 in
567 4963 685 5032 ipsa
717 4964 897 5018 anima
936 4965 1082 5018 letali
1105 4967 1333 5020 vulnere
1362 4967 1674 5033 confossus,
1715 4985 1824 5024 non
1856 4970 1932 5023 ait

358 5054 818 5122 quemadmodum
875 5054 1015 5110 Job:
1051 5056 1272 5128 Sagitta:
1319 5059 1532 5114 Domini
1586 5063 1640 5114 in
1685 5078 1772 5115 ore
1813 5077 1926 5114 meo

357 5151 516 5206 sunt;
542 5143 638 5198 Sed
669 5164 682 5200 ε
721 5145 987 5212 Quoniam
1023 5149 1235 5218 sagittae
1268 5158 1370 5204 tua:
1398 5152 1578 5220 infixae
1626 5161 1748 5205 sunt
1775 5151 1924 5216 mihi,

356 5243 407 5289 et
438 5238 767 5305 conﬁrmasti
787 5256 944 5309 super
977 5258 1057 5295 me
1096 5259 1309 5296 manuni
1338 5253 1502 5296 tuam.
1532 5243 1625 5298 llle
1648 5260 1777 5300 vero
1811 5261 1926 5298 ma-

357 5341 490 5379 num
521 5325 616 5380 Dei
649 5342 914 5385 memorat
946 5331 1032 5387 his
1063 5335 1248 5390 verbis
1279 5353 1293 5389 :
1335 5333 1527 5389 Manus
1552 5336 1690 5389 enim
1714 5335 1929 5390 Domini

357 5424 436 5472 est
464 5432 581 5485 qua:
603 5420 772 5488 tetigit
811 5422 969 5476 me”.
999 5422 1258 5481 Diabolus
1289 5437 1469 5482 autem
1501 5426 1731 5482 Domino
1745 5427 1882 5481 dixit
1911 5447 1924 5483 :

358 5504 514 5561 Mitte
547 5524 760 5564 manum
793 5521 958 5578 tuam,
984 5525 1034 5569 et
1059 5525 1214 5587 tange
1234 5520 1412 5572 omnia
1433 5535 1551 5589 quae
1573 5518 1726 5574 habet
1747 5520 1795 5552 ⁸⁵
1830 5539 1842 5574 :
1874 5527 1929 5576 et

358 5613 580 5662 rursum
613 5623 628 5657 '.
657 5601 811 5659 Mitte
842 5623 1057 5664 manum
1105 5619 1251 5664 tuam
1311 5620 1360 5665 et
1388 5621 1542 5683 tange
1567 5627 1777 5667 carnem
1813 5612 1927 5682 ejus

431 5757 474 5790 '°
514 5757 670 5819 Rom.
710 5776 778 5828 ιι,
814 5763 866 5828 5,
897 5766 949 5819 6.
1027 5766 1066 5797 "
1113 5764 1257 5823 Psal.
1293 5782 1507 5834 Lxxvn,
1543 5743 1630 5828 49.

1778 5771 1821 5805 ³³
1860 5766 1960 5829 Iob
1989 5755 2168 5835 v1.5.
2245 5767 2288 5801 ⁸³
2325 5765 2425 5822 Job
2463 5780 2553 5821 xix
2578 5805 2591 5831 ,
2627 5764 2716 5821 ει.

2035 4605 2219 4676 ἠγνόει
2255 4603 2415 4658 πόθεν
2444 4603 2590 4674 αὺτῷ
2621 4601 2769 4656 ταῦτ’
2805 4601 3011 4669 ἐγίνετο
3032 4616 3045 4630 ·
3075 4598 3154 4652 διὸ
3194 4597 3404 4664 ἔλεγεν·
3445 4596 3612 4664 Βέλη

2037 4699 2146 4768 γὰρ
2181 4697 2401 4764 Κυρίου
2433 4697 2502 4748 ὲν
2527 4694 2606 4760 τῷ
2633 4693 2881 4763 στόματί
2897 4691 3015 4762 μοῦ
3041 4695 3217 4754 εἰσιν,
3245 4683 3332 4744 ὧν
3354 4692 3387 4743 ό
3417 4691 3615 4759 θυμὸς

2035 4785 2232 4840 αὐτῶν
2288 4785 2516 4838 ἐκπίνει
2556 4801 2674 4852 μου
2714 4782 2780 4836 τὸ
2846 4778 3005 4851 αἷμα.
3054 4782 3110 4835 ’0
3154 4780 3210 4833 δὲ
3251 4779 3434 4842 Δαυῖδ,
3457 4781 3523 4832 οὐ
3551 4779 3614 4832 τὺ

2037 4876 2195 4947 σῶμα
2220 4875 2445 4946 πληγεὶς
2470 4875 2668 4946 ὁμοίως
2698 4874 2777 4944 τῷ
2814 4873 2952 4938 Ἰὼϐ,
2980 4873 3149 4942 αὐτὴν
3190 4871 3245 4923 δὲ
3290 4870 3389 4942 τὴν
3426 4871 3612 4942 ψυχὴν

2037 4967 2253 5037 καιρίαν
2273 4964 2520 5036 τρωθεὶς,
2547 4965 2644 5034 οὐχ
2669 4962 2868 5033 ὁμοίως
2894 4961 2971 5032 τῷ
3010 4959 3126 5012 Ἰὼϐ
3171 4959 3367 5026 φάσκει
3396 4974 3410 4987 ·
3447 4959 3611 5027 Βέλη

2032 5062 2140 5127 γὰρ
2163 5058 2382 5124 Κυρίου
2410 5057 2480 5108 ἐν
2514 5057 2592 5120 τῷ
2625 5055 2875 5123 στόματί
2913 5071 3032 5123 μου
3058 5051 3260 5104 ἐστίν’
3295 5048 3435 5112 ἀλλ’,
3481 5051 3612 5102 Ὀτι

2033 5149 2104 5202 τὰ
2130 5147 2286 5215 βέλη
2317 5161 2434 5202 σου
2476 5145 2858 5215 ἐνεπὰγησάν
2893 5163 3013 5214 μοι,
3064 5143 3160 5197 καὶ
3203 5141 3612 5210 ἐπεστήριξας

2032 5242 2124 5294 ἐπ’
2152 5239 2257 5309 ἐμὲ
2289 5240 2403 5308 τὴν
2422 5239 2589 5309 χεῖρά
2609 5257 2745 5293 σου.
2781 5239 2838 5292 '0
2865 5238 2921 5290 δὲ
2951 5234 3277 5308 μνημονεύει
3301 5235 3395 5306 τῆς
3424 5237 3612 5306 χειρδς

2035 5333 2238 5404 Κυρίου
2266 5333 2438 5401 λέγων
2458 5349 2470 5362 ·
2497 5333 2632 5399 Χεὶρ
2653 5331 2760 5400 γὰρ
2783 5330 3002 5398 Κιφίου
3041 5327 3211 5381 ἐστίν
3245 5329 3282 5394 ὴ
3320 5326 3608 5395 ἁψαμένη

2028 5443 2166 5494 μου.
2222 5425 2331 5478 Καὶ
2382 5425 2410 5476 ὁ
2455 5422 2694 5486 διάϐολος
2722 5421 2800 5492 τῷ
2823 5421 3031 5492 Κυρίῳ,
3069 5419 3451 5472 Ἀπόστειλον
3489 5415 3610 5484 τὴν

2034 5519 2199 5588 χεζοά
2223 5535 2338 5573 σου
2361 5517 2456 5571 καὶ
2485 5516 2634 5585 ἅψαι
2662 5514 2902 5568 πάντων
2937 5504 3193 5582 ὦνέχει,
3225 5511 3431 5581 ἔφασκε
3450 5527 3464 5540 ·
3509 5508 3606 5564 καὶ

2035 5611 2194 5665 πάλιν
2213 5628 2226 5641 ·
2271 5611 2647 5666 Ἀπόστειλον
2668 5605 2781 5675 τὴν
2803 5603 2970 5676 χεῖρά
3005 5621 3140 5668 σου,
3190 5603 3287 5657 καί
3315 5601 3464 5671 ἅψαι
3480 5597 3606 5654 nisi

2814 5763 2862 5800 ”
2900 5761 3204 5826 10b1,“.
