3822 6280
194 301 284 358 3“
1287 301 1787 359 COMMENTARIA
1821 304 1886 361 IN
1926 304 2265 363 PSALMOS.
3307 313 3415 368 ’5ιέ

192 421 417 494 σαρκῶν
428 420 606 476 αὐτοῦ
624 423 719 476 καὶ
737 420 855 476 τῶν
875 422 1099 479 ὀστέων
1114 425 1321 481 αὐτοῦ.
1340 426 1476 479 Ἀλλ’
1490 427 1652 499 ἑτέρα
1664 444 1746 491 τις

1849 439 1895 483 et
1927 447 2049 484 ossa
2074 430 2187 499 ejus
2217 426 2491 483 “.Verum
2520 428 2625 481 alia
2660 442 2854 483 manus
2882 436 3021 493 erat,
3038 434 3091 482 et
3112 427 3231 483 aliae
3245 431 3412 498 sagit-

192 516 252 590 ἧν
268 518 379 588 χεὶρ
395 516 480 569 καὶ
491 514 650 587 ἕτερα
664 514 787 585 βέλη
806 516 911 569 τῶν
927 517 1142 587 σαρκῶν
1154 517 1315 570 αὑτοῦ
1332 518 1398 571 τὰ
1412 519 1743 590 καθικόμενοι

1849 531 1916 578 ta:
1944 538 2065 593 qua:
2100 536 2322 578 carnem
2360 530 2415 577 et
2443 536 2708 592 corporea
2736 522 2856 591 ejus
2902 522 3243 593 attingebant
3276 541 3288 577 :
3325 522 3414 575 hic

194 608 381 663 καὶτῶν
399 606 715 678 σωματικῶν
745 609 855 662 ὐπα
863 608 1116 679 ρχόντωνο
1132 610 1363 664 ἐνταῦθα
1379 611 1422 664 δ’
1445 612 1632 682 ἐπειδή
1640 628 1744 682 περ

1849 623 2027 669 autem
2072 615 2199 685 quia
2258 612 2429 667 David
2484 614 2663 667 anima
2695 613 3009 684 aegrotabat.
3043 630 3102 669 se
3135 614 3258 670 aliis
3285 628 3416 668 con-

190 702 277 772 τὴν
297 699 465 769 ψυχὴν
479 698 645 770 αὐτὴν
662 699 947 771 νενόσηκεν
964 703 990 754 6
1004 701 1187 768 Δαυῒδ,
1203 702 1286 756 ἕτε
1295 720 1360 775 pa.
1379 704 1506 775 βέλη
1525 705 1745 759 καθικέ-

192 793 299 846 σθαι
322 790 479 845 αὐτοῦ
499 791 774 863 σημαίνει,
806 793 898 847 καὶ
915 794 1107 866 ἑτέραν
1128 799 1284 867 χεῖρα
1305 797 1397 850 τοῦ
1423 797 1555 851 Θεοῦ
1576 793 1745 869 ἧφθαι

189 882 357 947 αὐτοῦ,
398 882 538 937 καθὰ
593 882 836 955 ἔφθημεν
893 886 1160 950 εἰπόντες,
1220 887 1288 940 τὰ
1340 887 1533 956 λογικὰ
1582 888 1742 960 βέλη,

192 976 371 1048 μᾶλλον
391 975 444 1028 δὲ
470 976 668 1040 αὐτοὺς
699 976 794 1029 τοῦ
845 975 980 1030 Θεοῦ
1030 978 1219 1047 λόγους
1262 978 1551 1044 νύττοντας
1582 980 1744 1035 αὐτοῦ

188 1071 275 1142 τὴν
301 1068 495 1139 ψυχὴν,
546 1069 640 1122 καὶ
687 1068 785 1139 τὴν
845 1070 1148 1140 συνείδησιν
1182 1072 1353 1143 αὐτὴν
1401 1074 1746 1144 τιμωρουμέ-

188 1181 313 1226 νους.
343 1163 567 1232 Μήποτε
595 1162 652 1216 δὲ
706 1161 800 1214 κατ⁸
834 1162 993 1216 αὑτὸν
1023 1164 1111 1217 τὸν
1143 1164 1384 1220 διάϐολον
1417 1167 1510 1219 καὶ
1541 1165 1610 1219 τὰ
1652 1166 1745 1219 τοῦ

186 1255 410 1309 διαϐόλου
440 1254 810 1325 πεπυρωμένα
837 1254 964 1327 βέλη
998 1256 1067 1310 τὰ
1084 1256 1359 1326 παθητικὰ
1382 1257 1478 1310 καὶ
1511 1258 1749 1328 ἐρωτικὰ

187 1349 244 1403 τὰ
291 1350 365 1412 είς
414 1347 709 1419 ἐπιθυμίαν
744 1348 906 1402 αὑτὸν
945 1347 1222 1419 sedeam
1266 1351 1366 1420 τῆς
1410 1349 1504 1403 τοῦ
1553 1351 1748 1421 Οὐρίου

187 1440 418 1509 γυναικὸς
478 1441 768 1511 σημαίνει;
803 1434 877 1494 ὧν
912 1442 1003 1493 καὶ
1050 1444 1079 1495 6
1139 1441 1456 1506 Ἀπόστολος
1511 1442 1747 1495 διδάσκει

187 1534 335 1601 λέγων
354 1549 365 1561 ·
400 1530 759 1585 Ἀναλάϐετε
790 1530 905 1600 τὴν
920 1534 1266 1586 πανοπλίαν
1288 1533 1395 1587 τοῦ
1414 1533 1583 1597 Θεοῦ,
1602 1518 1750 1600 πρὸς

187 1624 238 1678 τὸ
282 1622 572 1677 δύνασθαι
617 1623 814 1677 πάντα
877 1623 949 1677 τὰ
992 1623 1387 1692 πεπυρωμένα
1433 1622 1592 1692 ,βέλη
1644 1624 1748 1677 τοῦ

184 1715 425 1783 πονηροῦ
477 1715 715 1771 σϐέσαι.
772 1717 980 1787 Ὥσπερ
1027 1716 1085 1769 δὲ.
1124 1716 1242 1769 Ἰὼϐ
1276 1717 1345 1771 τά
1371 1716 1459 1770 τοῦ
1499 1715 1746 1769 διαϐόλου

1845 707 2053 763 fessum
2114 708 2262 776 telis,
2322 707 2596 777 aliamque
2650 722 2871 761 manum
2930 707 3023 763 Dei
3070 724 3130 763 se
3170 708 3415 779 tetigisse

1845 800 2134 872 signiﬁcat,
2158 802 2235 855 uti
2270 800 2522 871 superius
2542 799 2802 866 diximus,
2835 799 3092 853 nimirum
3126 798 3417 855 rationabi-

1845 892 1924 946 les
1960 890 2207 961 sagittas,
2238 890 2347 943 imo
2369 904 2497 944 vero
2529 890 2645 959 ipsa
2684 887 2778 944 Dei
2813 889 2998 953 verba,
3024 905 3144 958 quae
3177 889 3413 944 animam

1847 980 2174 1052 pungebant,
2204 986 2258 1034 et
2291 978 2359 1034 de
2398 979 2737 1034 conscientia
2777 979 2896 1050 ejus
2948 982 3277 1051 supplicium
3321 997 3415 1036 su-

1846 1072 2082 1127 mehant.
2113 1070 2253 1125 Num
2283 1070 2421 1125 forte
2452 1071 2629 1140 ipsum
2663 1071 2940 1127 diabolum
2961 1080 3013 1127 et
3039 1074 3205 1144 ignita
3228 1073 3418 1130 diabo-

1845 1163 1883 1217 li
1925 1163 2030 1218 tela
2063 1160 2314 1217 aﬂecwm
2340 1163 2637 1217 excitantia
2668 1170 2721 1217 et
2764 1164 3050 1230 amatoria,
3082 1179 3204 1234 qua:
3237 1164 3416 1233 ipsum

1846 1254 1914 1307 ad
1948 1252 2446 1321 concupiscentiam
2492 1252 2678 1307 uxoris
2716 1251 2860 1307 Urize
2907 1252 3300 1316 accendebant,
3330 1253 3419 1310 his

1848 1345 2055 1399 indicat
2079 1343 2100 1396 ’ἶ
2134 1343 2200 1397 de
2231 1344 2430 1414 quibus
2456 1346 2570 1399 haec
2598 1345 2803 1399 monita
2830 1346 2922 1400 dat
2950 1345 3246 1416 Apostolus
3274 1364 3288 1400 :
3312 1346 3420 1399 Ac-

1848 1437 2001 1505 cipite
2027 1444 2360 1488 armaturam
2386 1435 2502 1503 Dei,
2521 1446 2575 1489 ut
2596 1438 2807 1505 possitis
2833 1440 3008 1491 omnia
3038 1438 3142 1492 tela
3164 1438 3422 1509 nequissi-

1849 1530 1919 1583 mi
1943 1530 2271 1599 exstinguere
2300 1530 2365 1583 ⁸⁸.
2393 1528 2862 1594 Quemadmodum
2892 1536 3071 1583 autem
3102 1526 3205 1582 Joh
3228 1528 3418 1582 diabo-

1848 1622 1884 1676 li
1921 1622 2152 1692 sagittas
2181 1629 2233 1677 et
2262 1620 2508 1676 immissa
2539 1624 2755 1690 corpori
2785 1635 2885 1674 suo
2924 1622 3133 1684 ulcera,
3167 1620 3295 1691 quia
3324 1619 3422 1673 Dei

1850 1714 2119 1785 permissu
2158 1713 2497 1777 acciderant,
2529 1714 2756 1783 sagittas
2811 1712 3024 1767 Domini
3088 1712 3300 1768 vocavit
3345 1713 3423 1767 di-

186 1809 295 1880 βὲλη
324 1810 411 1862 καὶ
435 1808 508 1862 τὰ
552 1808 683 1880 ἕλκη
712 1809 779 1862 τὰ
800 1808 1119 1863 ἐπιτεθέντα
1159 1809 1308 1881 αὐτῷ
1353 1808 1495 1864 κατὰ
1523 1809 1617 1863 τοῦ
1648 1810 1746 1862 σώ-

1849 1822 1979 1861 cens
2015 1825 2027 1860 :
2074 1802 2216 1858 Nam
2254 1806 2463 1875 sagitta:
2504 1803 2718 1857 Domini
2763 1806 2820 1857 in
2863 1819 3080 1872 corpore
3113 1819 3225 1857 meo
3276 1813 3422 1866 sunt,

187 1916 330 1970 ματος
351 1939 365 1962 ,
415 1899 608 1970 ἐπειδὴ
639 1898 781 1953 κατὰ
814 1898 1164 1971 συγχώρησιν
1200 1901 1410 1969 ἐγίνετο
1456 1900 1549 1955 τοῦ
1587 1900 1744 1963 Θεοῦ,

187 1990 292 2062 βέλη
319 1990 527 2061 Κυρίου
556 1991 837 2061 ὠνόμασεν
860 1990 1028 2044 εἰπών
1048 2008 1063 2022 ο
1098 1992 1254 2060 Βέλη
1290 1992 1401 2062 γὰρ
1431 1993 1650 2060 Κυρίου
1679 1992 1749 2045 ἐν

183 2081 250 2147 τῷ
274 2082 525 2150 στόματί
532 2099 651 2151 μου
685 2082 875 2146 ἐστὶν,
902 2075 981 2135 ὧν
1011 2086 1043 2136 ὀ
1070 2083 1255 2151 θυμὸς
1287 2081 1485 2137 αὐτῶν
1508 2085 1746 2138 ’ἐκπίνει

184 2193 277 2244 μου
330 2176 390 2229 τό
434 2170 615 2245 αἷμα·
674 2175 847 2240 οὓτως
882 2175 1027 2240 εἰκὸς
1073 2178 1166 2229 καὶ
1198 2176 1288 2229 τὸν
1325 2177 1487 2230 Δαυῒδ
1513 2176 1747 2231 ἐνταῦθα

187 2267 294 2338 βέλη
324 2268 532 2340 Κυρίου
584 2268 886 2339 εἰρηκέναι,
923 2269 1041 2321 ἐπεὶ
1084 2269 1225 2322 κατὰ
1260 2269 1606 2341 συγχώρησιν
1651 2270 1745 2323 τοῦ

187 2361 363 2430 Κυρίου
385 2360 893 2431 κατεστρατεύσατο
910 2360 1073 2413 αύτοῦ
1098 2362 1125 2413 ὁ
1152 2362 1465 2426 ἀντίπαλος,
1491 2363 1577 2416 ἵνα
1603 2362 1747 2436 μάθῃ

189 2451 250 2521 μὴ
269 2452 458 2521 λέγειν·
483 2456 576 2507 Οὐ
610 2454 696 2522 μὴ
735 2452 1012 2508 σαλευθῶ
1053 2456 1141 2519 εἰς
1190 2454 1296 2506 τὸν
1331 2454 1534 2508 αἰῶνα.
1597 2455 1747 2507 Ἐπεὶ

180 2542 280 2614 γὰρ
325 2548 380 2616 τῇ
422 2545 617 2615 χάριτι
663 2544 757 2598 τοῦ
805 2544 939 2597 Θεοῦ
997 2545 1404 2615 δυναμούμενος
1473 2545 1614 2617 μέγα
1661 2544 1744 2613 ἐφ’

193 2635 338 2707 ἑαυτῷ
361 2638 633 2709 ἐφρόνησέ
652 2654 804 2705 ποτε,
820 2636 895 2700 ὡς
926 2637 1392 2693 ἀπαυθαδίσασθαι
1419 2640 1512 2692 καὶ
1534 2640 1709 2693 εἰπεῖν
1726 2654 1743 2669 ο

203 2726 315 2796 Ἐγὼ
340 2727 400 2782 δὲ
428 2726 580 2783 εἶπα
608 2730 677 2782 ὲν
699 2727 772 2796 τῇ
794 2730 1039 2797 εὐθηνίᾳ
1064 2746 1213 2797 μου’
1244 2732 1325 2783 Οὐ
1352 2730 1438 2800 μὴ
1471 2729 1747 2784 σαλευθῶ

187 2820 259 2883 είς
296 2818 390 2873 τὸν
432 2819 662 2873 αἰῶνα·
697 2819 888 2872 τούτου
918 2820 1075 2890 χάριν
1101 2822 1326 2884 εἰκότως
1358 2821 1629 2892 παρεδόθη
1669 2821 1748 2893 τῷ

189 2911 480 2983 τειράζοντι,
520 2913 598 2975 ὃς,
622 2913 721 2982 τῆς
768 2912 946 2982 ψυχῆς
984 2913 1147 2966 αὑτοῦ
1183 2913 1587 2985 καθαψάμενος,
1626 2931 1747 2984 μει-

1845 1914 2070 1970 quarum
2087 1898 2240 1967 [uror
2267 1898 2423 1952 ebibit
2450 1914 2619 1952 meum
2657 1898 2965 1966 sanguinem
2993 1898 3071 1963 87;
3102 1898 3175 1951 ita
3225 1898 3421 1952 verisi-

1845 1992 1971 2045 mile
2010 1999 2094 2047 est
2124 1990 2248 2045 ideo
2284 1990 2541 2045 Davidem
2572 1990 2662 2044 hic
2688 1991 2919 2060 sagittas
2951 1990 3166 2044 Domini
3194 1989 3420 2051 dixisse.

1846 2086 1973 2155 quia
2016 2102 2083 2139 ex
2122 2084 2216 2140 Dei
2252 2099 2520 2140 concessu
2572 2084 2829 2140 inimicus
2866 2100 2990 2139 eum
3052 2083 3421 2154 oppugnabat,

1847 2186 1906 2232 ut
1929 2177 2197 2234 edisceret
2227 2194 2337 2232 non
2368 2178 2443 2231 ita
2467 2178 2799 2247 loquendum
2832 2192 2953 2233 esse
2985 2196 2998 2231 :
3039 2176 3162 2230 Non
3180 2178 3425 2229 movebo:-

1845 2271 1899 2323 in
1923 2279 2176 2324 a’ternum
2206 2270 2275 2325 ⁸⁸.
2300 2269 2441 2335 Quia
2470 2270 2615 2325 enim
2646 2270 2943 2339 aliquando
2974 2266 3070 2323 Dei
3109 2268 3281 2338 gratia
3313 2267 3426 2321 ful-

1847 2369 1937 2416 tus
1964 2376 2160 2431 magna
2188 2362 2255 2417 de
2285 2378 2343 2417 se
2375 2369 2647 2426 senserat,
2688 2362 2761 2414 ita
2811 2368 2870 2414 ut
2921 2368 3241 2431 arroganter
3270 2360 3426 2413 dicc-

1846 2463 1927 2509 ret
1959 2473 1969 2508 :
2010 2452 2124 2525 Ego
2161 2467 2335 2509 autem
2368 2454 2482 2508 dixi
2517 2456 2571 2508 in
2596 2453 2929 2507 abundantia
2968 2470 3084 2506 meat
3114 2468 3132 2506 :
3164 2452 3289 2507 Non
3312 2469 3430 2506 meo

1846 2545 1996 2600 vebor
2054 2550 2108 2600 in
2148 2556 2402 2600 internum
2450 2548 2528 2613 89;
2564 2546 2687 2601 ideo
2732 2547 2858 2616 jure
2900 2546 3155 2600 tentatori
3190 2544 3427 2599 traditus

1845 2648 1949 2696 est.
1982 2639 2073 2709 qui
2134 2640 2373 2693 animam
2422 2640 2544 2709 ejus
2590 2638 2849 2703 adortus,
2889 2638 3067 2708 majus
3115 2638 3222 2706 ipsi
3259 2650 3423 2706 quam

1843 2731 1981 2787 Jobo
2000 2733 2257 2786 damnum
2284 2734 2486 2787 intulit.
2520 2732 2675 2799 Quod
2704 2735 2749 2787 si
2774 2747 3057 2788 sermones
3081 2729 3199 2793 Dei,
3231 2730 3326 2799 qui
3357 2729 3426 2783 de

1841 2825 1992 2895 justo
2019 2825 2138 2894 ejus
2159 2825 2371 2895 judicio
2397 2825 2720 2891 admonent,
2744 2832 2799 2879 et
2842 2822 3244 2893 imprudentem
3296 2835 3426 2889 pec-

1846 2918 2099 2972 cantibus
2131 2918 2267 2971 iram
2299 2918 2417 2987 ejus
2450 2917 2701 2981 edocent,
2730 2915 2946 2987 sagittis
2973 2914 3253 2968 acutiores
3273 2918 3421 2976 sunt,

186 3001 325 3067 ζόνως
371 3006 539 3058 αὑτὸν
573 3006 605 3077 ἢ
636 3006 728 3059 τὸν
767 3004 887 3057 Ἰὼϐ
942 3006 1272 3077 ἐζημίωσεν.
1314 3008 1376 3059 Ei
1410 3006 1466 3060 δὲ
1509 3009 1558 3059 οἱ
1598 3007 1745 3076 λόγοι

1849 3019 2204 3082 punguntque
2254 3010 2679 3077 conscientiam;
2726 3024 2858 3064 sane
2912 3007 3118 3062 dixeris
3166 3004 3423 3059 Davidem

185 3095 261 3147 τοῦ
282 3096 424 3160 Θεοῦ,
457 3099 522 3151 οἱ
570 3098 668 3168 τῆς
704 3097 1101 3169 δικαιοκρισίας
1134 3098 1295 3151 αὐτοῦ
1353 3099 1746 3170 ύπομνηστικοὶ

1850 3103 2023 3158 sacris
2063 3103 2214 3159 hisce
2248 3118 2313 3157 ac
2354 3102 2559 3157 divinis
2605 3102 2821 3172 sagittis
2865 3103 3206 3167 confossum,
3238 3114 3424 3169 repre-

185 3188 262 3240 καὶ
288 3189 371 3259 τῆς
429 3190 612 3262 ὀργῆς
638 3190 735 3261 τῆς
774 3194 886 3255 τοῖς
913 3192 1323 3263 ἁμαρτάνουσιν
1356 3193 1458 3262 ὲπη
1470 3190 1745 3262 ρτημένης

1849 3197 2168 3251 hensionem
2190 3210 2316 3250 cum
2349 3195 2534 3249 furore
2564 3196 2767 3249 illatam
2795 3194 2920 3265 jure
2950 3209 3257 3250 recusasse.
3288 3190 3424 3246 Nam

183 3279 547 3345 διδασκαλικοὶ,
595 3282 765 3353 βελῶν
804 3286 941 3337 εἰσιν
990 3283 1257 3354 ὀξύτεροι,
1300 3283 1400 3354 τὴν
1440 3283 1742 3353 συνείδησιν

1849 3289 1954 3344 tela
1979 3288 2076 3344 abs
2109 3295 2162 3344 te
2191 3288 2323 3342 mihi
2364 3289 2632 3351 immissa,
2656 3289 2750 3353 ait,
2772 3303 2893 3358 quae
2916 3288 3053 3341 iram
3089 3296 3143 3342 et
3184 3285 3423 3340 furorem

187 3372 432 3439 νύττοντες
452 3393 465 3405 ·
490 3376 596 3429 καὶ
618 3374 793 3440 οὔτως
815 3376 990 3440 εἴποις
1015 3375 1081 3429 ἂν
1113 3375 1202 3429 τὸν
1231 3374 1413 3438 Δαυῒδ,
1438 3379 1550 3440 τοῖς
1578 3376 1745 3447 ἱεροῖς

1849 3386 2003 3432 tuum
2047 3386 2464 3448 praevenerunt,
2499 3377 2831 3433 sumcienter
2876 3377 2944 3430 de
2977 3392 3064 3431 me
3099 3375 3426 3446 supplicium

189 3465 366 3531 τούτοις
380 3468 470 3521 καὶ
490 3468 664 3531 θείοις
682 3467 856 3537 βέλεσι
882 3468 1070 3522 κεντού
1079 3485 1262 3539 μενον,
1289 3467 1527 3535 εὐλόγως
1546 3485 1742 3538 παραιο

1852 3479 2098 3535 sumunt,
2133 3486 2197 3523 ac
2225 3470 2361 3526 satis
2411 3486 2498 3525 me
2526 3470 2798 3541 castigant
2834 3490 2847 3525 :
2881 3469 2975 3524 sed
3007 3469 3175 3523 etiam
3230 3482 3427 3521 manus

190 3560 366 3614 τεῐσθαι
392 3562 480 3615 τὸν
502 3560 599 3615 διὰ
622 3560 712 3614 τοῦ
739 3561 910 3632 θυμοῦ
937 3560 1175 3630 ἔλεγχον.
1208 3559 1589 3631 Προσλαόόντα
1613 3560 1742 3630 γὰρ,

1851 3569 1946 3617 tua
1998 3578 2095 3633 per
2136 3563 2318 3619 illatas
2359 3562 2674 3633 frequenter
2725 3561 3068 3618 calamitates
3117 3574 3205 3615 me
3245 3558 3426 3613 conti-

190 3653 319 3720 φησὶ,
349 3653 445 3723 τὴν
472 3653 648 3724 ὀργὴν
674 3653 766 3706 καὶ
791 3652 881 3705 τὸν
915 3651 1085 3723 θυμὸν
1119 3651 1188 3704 τὰ
1224 3650 1375 3722 παρὰ
1398 3650 1493 3703 σοῦ
1524 3650 1745 3704 καθικό-
1853 3656 1947 3724 git.

193 3747 307 3814 μενά
334 3765 416 3815 μοι
452 3748 606 3819 βέλη,
666 3748 863 3811 ἱκανῶς
900 3765 967 3816 με
1003 3750 1348 3819 τιμωρεῖται,
1399 3749 1491 3800 καὶ
1532 3748 1821 3818 αὐτάρκως
1858 3768 1925 3821 με
1962 3752 2213 3818 κολάζει·
2250 3751 2386 3806 ἀλλὰ
2409 3752 2503 3806 καὶ
2535 3754 2567 3823 ἡ
2598 3751 2719 3822 χείρ
2760 3768 2851 3804 σου
2884 3749 3164 3821 καθήψατο
3195 3746 3283 3800 διὰ
3318 3744 3427 3799 τῶν

191 3839 475 3913 ἐπαλλήλων
505 3842 822 3913 συμφορῶν.

250 3956 355 4009 οὐκ
400 3957 573 4011 ἐστιν
616 3956 778 4022 ἴασις
832 3956 900 4009 ἐν
935 3954 1006 4024 τῇ
1040 3956 1226 4024 σαρκί
1250 3974 1368 4025 μου
1403 3957 1521 4010 ἀπὸ
1566 3971 1746 4025 προσ-

187 4050 325 4104 ώπου
358 4051 465 4120 τῆς
510 4051 698 4121 ὀργῆς
746 4068 883 4116 σου,
932 4053 1041 4106 οὐκ
1078 4051 1250 4105 ἔστιν
1285 4049 1491 4119 εἰρήνη
1520 4052 1589 4104 ἐν
1618 4051 1745 4118 τοῖς

190 4141 394 4210 ὀστέοις
419 4163 539 4212 μου
585 4143 703 4198 ἀπὸ
743 4142 1064 4211 προσώπου
1118 4141 1239 4196 τῶν
1277 4141 1575 4212 ἁμαρτιῶν
1599 4161 1741 4212 μου.

189 4233 281 4305 Τὴν
307 4234 409 4306 γὰρ
440 4237 621 4308 σάρκα
647 4252 769 4305 μου,
800 4234 867 4287 δι’
891 4231 960 4305 ἧς
984 4234 1298 4305 πέπρακταί
1326 4252 1414 4305 μοι
1451 4236 1512 4287 τὸ
1560 4236 1743 4305 ἁμάρ-

189 4342 334 4396 τημα,
374 4330 628 4382 κολάσεσι
683 4327 977 4396 παρέδωκα
1019 4327 1431 4399 τιμωρούμενος
1485 4330 1741 4400 ἐμαυτόν.

189 4415 335 4473 Τοῦτο
354 4419 461 4491 γὰρ
486 4421 583 4473 καὶ
613 4419 799 4491 ἐδήλου
826 4420 892 4472 δι’
916 4420 1118 4492 ἐτέρων
1139 4420 1312 4489 λέγων
1329 4439 1340 4451 ·
1378 4423 1488 4475 Καὶ
1517 4422 1747 4476 ἐταπεί-

188 4527 316 4564 νουν
335 4512 401 4565 ὲν
418 4512 670 4579 νηστείᾳ
695 4510 809 4580 τὴν
831 4511 1040 4580 ψυχήν
1055 4530 1194 4581 μου’
1226 4514 1339 4577 καὶ,
1356 4515 1426 4567 Ἦ
1448 4513 1607 4583 σάρξ
1628 4534 1747 4584 μου
1780 4544 1823 4598 D

188 4603 456 4673 ἠλλοιώθη
471 4604 546 4657 δι’
569 4604 795 4659 ἔλαιον·
825 4606 939 4669 καὶ,
961 4606 1367 4675 Ἐπελαθόμην
1398 4607 1504 4660 τοῦ
1537 4608 1749 4678 φαγεῖν

189 4695 456 4764 τὸνᾶρτον
472 4716 593 4767 μου
618 4697 733 4752 ἀπὸ
762 4696 1087 4765 προσώπου
1117 4697 1223 4752 τοῦ
1253 4700 1590 4769 στεναγμοῦ
1605 4718 1747 4769 μου,

190 4785 267 4837 καὶ
309 4787 403 4840 ὅσα
454 4786 700 4841 τοιαῦτα.
757 4788 901 4840 Ἀντὶ
943 4788 1000 4841 δὲ
1052 4788 1160 4855 τῆς
1198 4788 1396 4859 ὀργῆς,
1446 4790 1752 4860 συμφώνως

198 4875 404 4942 Ἀκύλας
454 4880 550 4933 καὶ
600 4882 628 4933 ό
684 4879 999 4949 Σύμμαχος,
1079 4880 1211 4934 Ἀπὸ
1262 4881 1590 4949 προσώπου
1636 4882 1749 4951 τῆς

186 4965 567 5039 ἑμϐριμήσεώς
616 4988 753 5037 σου,
802 4973 1176 5043 ἡρμήνευσαν.
1219 4973 1484 5045 Ἀπήρκει
1511 4974 1620 5045 γάρ
1656 4992 1747 5044 μοι

187 5058 216 5127 ἡ
242 5061 340 5114 ἀπὸ
358 5063 465 5115 τῶν
496 5062 603 5117 σῶν
636 5064 793 5118 θείων
825 5063 1058 5137 Γραφῶν
1090 5065 1444 5135 ὲμὸρίμησις,
1474 5067 1567 5121 καὶ
1597 5068 1629 5137 ἡ
1656 5065 1746 5119 διά

186 5150 269 5203 τοῦ
306 5154 592 5224 προσώπου
646 5155 835 5210 Ναθὰν
882 5156 1104 5228 ἀπειλή.
1150 5157 1295 5209 Ἀντὶ
1323 5156 1380 5209 δὲ
1406 5157 1501 5211 τοῦ
1532 5175 1545 5189 ·
1611 5157 1745 5211 Ἀπὸ

189 5242 488 5305 προσώπου
519 5244 635 5299 τῶν
670 5246 968 5315 ἁμαρτιῶν
1005 5265 1145 5317 μου,
1176 5250 1205 5301 6
1229 5250 1523 5320 Σύμμαχος
1560 5251 1744 5322 ἡρμή-

190 5342 343 5395 νευσε,
403 5336 506 5389 Διὰ
536 5337 641 5404 τὰς
693 5337 978 5407 ἁμαρτίας
1028 5356 1162 5406 μου.
1224 5340 1455 5393 Ἀτοπον
1502 5340 1558 5393 δὲ
1594 5340 1747 5394 οὐδὲν

191 5419 307 5475 ὀστᾶ
324 5426 445 5490 τοὺς
469 5430 701 5494 οἰκείους
725 5431 1038 5485 ἀποκαλεῖν.
1070 5433 1133 5485 Εἰ
1164 5433 1272 5504 γάρ
1298 5434 1466 5505 ἐσμεν
1501 5434 1746 5506 ἀλλήλων

196 5511 332 5586 μέλη,
359 5519 450 5571 καὶ
481 5520 559 5583 ὡς
588 5522 668 5575 ὲνι
710 5522 910 5588 πάντες
946 5522 1408 5596 κατελογίσθημεν
1451 5524 1661 5597 σώματι
1684 5524 1745 5577 τὸ

206 5698 623 5795 ..³ζ,1⁴3δ.¹1.·,,“ί·
802 5707 1012 5795 mea.
1060 5720 1145 5795 ιζ’»

275 5766 411 5826 Psal.
446 5790 611 5835 cvm,
645 5776 730 5833 ii.
805 5766 861 5813 η’
891 5778 1036 5835 Psal.
1069 5793 1117 5832 ω
1140 5816 1153 5841 ,

1921 3954 2091 4010 Vens.
2132 3955 2187 4011 4.
2230 3954 2350 4007 Non
2391 3961 2469 4006 est
2521 3950 2728 4004 curatio
2771 3950 2825 4002 in
2865 3965 3023 4002 carne
3068 3965 3183 4002 mea
3224 3967 3257 4004 a
3292 3950 3429 4019 facie

1849 4050 1946 4103 ina
1988 4058 2111 4113 tute,
2141 4058 2191 4102 et
2234 4064 2337 4101 non
2364 4055 2442 4099 est
2478 4059 2584 4113 pax
2611 4042 2820 4097 ossibus
2859 4044 2987 4097 meis
3018 4059 3049 4095 a
3080 4041 3215 4111 facie
3246 4059 3430 4111 pecca-

1851 4151 2025 4196 torum
2070 4156 2324 4194 meorum.
2367 4138 2601 4192 Carnem
2639 4135 2840 4206 quippe
2880 4150 3077 4200 meam,
3101 4150 3206 4204 qua
3236 4128 3431 4206 pecca-

1851 4241 1964 4287 tum
1998 4230 2216 4295 admisi,
2248 4226 2531 4298 suppliciis
2566 4226 2786 4293 tradidi,
2820 4225 3080 4279 ultionem
3120 4224 3188 4279 de
3217 4240 3303 4279 me
3337 4240 3431 4278 su-

1852 4340 2025 4379 mens.
2059 4322 2175 4377 ﬂoc
2205 4325 2351 4377 enim
2405 4324 2459 4376 in
2510 4321 2632 4376 aliis
2680 4334 2900 4390 quoque
2931 4317 3067 4372 locis
3103 4316 3429 4388 signiﬁcavit

1852 4415 2042 4470 dicens
2078 4432 2091 4467 :
2125 4412 2194 4467 Et
2221 4411 2569 4466 Itumiliabam
2600 4412 2653 4465 in
2676 4410 2882 4481 jejunio
2917 4412 3153 4461 animant
3168 4423 3337 4460 meam
3355 4408 3424 4472 °°;

1853 4514 1907 4559 et
1940 4525 1952 4559 :
1999 4504 2138 4560 Caro
2197 4521 2312 4557 mea
2345 4505 2629 4556 immutata
2667 4511 2747 4555 est
2787 4509 2997 4570 propter
3026 4499 3194 4552 oleum
3230 4500 3271 4529 ⁹¹
3295 4514 3309 4562 ;
3331 4503 3424 4551 et:

1855 4595 2065 4652 Oblitus
2095 4612 2212 4649 sum
2256 4593 2521 4648 comedere
2554 4609 2742 4663 panem
2774 4607 2943 4645 meum
2971 4608 3001 4643 a
3030 4589 3165 4658 facie
3204 4588 3426 4657 gemitus

1851 4692 1953 4743 mei
1979 4691 2047 4755 θ’,
2076 4698 2130 4743 et
2160 4688 2378 4744 similia.
2409 4686 2515 4741 Pro
2556 4694 2737 4741 autem
2790 4686 2907 4747 ire,
2936 4681 3131 4753 Aquila
3181 4688 3235 4734 et
3265 4677 3427 4750 Sym-

1851 4781 2101 4847 machus,
2139 4799 2171 4835 a
2210 4781 2345 4850 facie
2374 4780 2614 4849 fremitus
2673 4778 2770 4840 tui,
2803 4775 3057 4832 similiter
3086 4771 3428 4842 interpretati

1852 4885 2002 4930 sunt.
2038 4873 2184 4928 Satis
2212 4874 2412 4943 quippe
2437 4872 2575 4926 mihi
2608 4875 2729 4925 erat
2764 4866 3018 4921 fremitus
3053 4864 3142 4917 ille
3168 4864 3262 4933 qui
3283 4862 3425 4916 divi-

1850 4965 1939 5020 nis
1971 4964 2273 5033 Scripturis
2299 4965 2408 5017 tuis
2454 4960 2793 5021 enuntiatur,
2821 4963 2875 5011 et
2927 4954 3302 5009 interminatio
3331 4967 3427 5021 per

1850 5057 2065 5112 Nathan
2098 5058 2422 5128 prophetam
2482 5055 2647 5109 facta.
2698 5051 2807 5105 Pro
2846 5048 2940 5103 illo
2992 5053 3195 5112 autem,
3229 5062 3261 5099 a
3291 5045 3427 5113 facie

1850 5158 2183 5220 peccatorum
2225 5163 2494 5211 meorum,
2547 5143 2931 5215 Symmachus,
2966 5149 3178 5210 propter
3213 5146 3426 5207 peccata

1850 5260 1986 5307 mea,
2024 5243 2415 5312 interpretatus
2471 5244 2573 5292 est.
2626 5235 2774 5289 Nihil
2808 5248 2973 5305 porro
3019 5230 3315 5286 absurdum
3344 5238 3428 5283 est

1847 5351 1973 5392 ossa
1999 5335 2331 5390 domesticos
2352 5346 2572 5386 vocare.
2600 5328 2736 5383 Nam
2760 5328 2808 5384 si
2840 5329 2976 5383 alter
2996 5326 3221 5381 alterius
3252 5338 3430 5379 mem-

1851 5429 1948 5484 bra
1975 5444 2191 5491 sumus,
2227 5436 2282 5481 et
2310 5424 2468 5495 quasi
2504 5424 2560 5477 in
2603 5437 2774 5477 unum
2813 5436 3017 5491 corpus
3046 5434 3237 5501 omnes
3277 5432 3429 5472 com-

1852 5524 2157 5595 pingimur,
2187 5528 2339 5575 certe
2370 5533 2496 5574 ossa
2531 5516 2781 5588 singulos
2812 5516 2979 5571 nobis
3020 5514 3301 5585 proximos
3332 5526 3429 5580 ap-

1376 5711 1416 5741 ⁸⁷
1458 5708 1557 5765 Job
1592 5726 1675 5771 γι.
1734 5729 1746 5765 4

1861 5710 1906 5742 ⁸⁸
1945 5707 2089 5764 Psal.
2150 5719 2314 5771 xm,
2372 5701 2426 5758 7.
2504 5701 2549 5733 "’
2590 5699 2717 5757 ibid.
2816 5698 2860 5729 ’θ
2899 5695 3044 5753 Psal.
3088 5708 3274 5788 χχχιχ,
3340 5688 3427 5745 15.
