3822 6280
436 284 541 340 353

1116 283 1384 341 EL'SEBII
1423 282 1902 344 CESARIENSIS
1935 281 2085 340 OPP.
2125 282 2303 338 PARS
2335 283 2424 340 111.
2460 316 2527 326 —
2563 283 2968 342 EXEGETICA.
3541 294 3617 346 ειι

438 399 642 469 pellere
668 399 939 454 convenit.
965 400 1229 456 Caeterum
1258 401 1372 458 haec
1407 418 1516 457 non
1553 402 1646 457 uni
1683 409 1874 458 sancto
1896 399 2002 455 Da-

2116 401 2380 472 ὶπεῖργον,
2409 401 2501 454 καὶ
2521 401 2654 455 ὀστᾶ
2684 401 2809 464 τοὺς
2833 399 2970 453 κατὰ
3006 397 3170 471 μέρος
3203 399 3295 454 καὶ
3321 401 3617 471 χρειωδιστά.

437 489 547 546 vidi
581 491 875 560 contigisse
902 492 1156 554 dicimus.
1189 493 1284 548 sed
1314 494 1478 548 etiam
1503 493 1688 549 multis
1715 493 1874 560 aliis;
1897 495 2007 548 imo

437 595 566 638 vero
595 579 864 652 hodieque
892 582 1100 648 sanctis
1134 583 1267 638 viris
1323 583 1560 653 idipsum
1611 583 1665 638 in
1706 583 2008 638 tentatione

435 672 657 730 accidit.
687 672 820 728 Nam
872 673 1255 744 inexspectata:
1310 675 1629 745 plerumque
1661 674 2007 730 calamitates

434 765 777 829 oboriuntur,
811 773 868 819 ut
902 766 1237 822 tolerabilius
1287 768 1360 823 sit
1401 767 1599 822 bellum
1659 767 1726 822 ab
1771 766 2010 822 inimicis

436 855 644 914 illatum
673 856 1101 927 propinquorum
1153 856 1378 926 impetu,
1404 872 1544 927 quos
1605 855 1844 912 diximus
1883 871 2009 912 ossa

434 947 643 1018 tropice
689 956 907 1004 vocatos
945 965 1086 1005 esse.
1118 947 1276 1016 Quod
1328 950 1374 1005 si
1411 949 1526 1005 hinc
1572 950 1830 1004 omnibus
1861 964 2010 1003 com-

433 1039 643 1102 munia,
677 1041 986 1098 communis
1033 1040 1290 1097 onmibus
1352 1057 1484 1096 sane
1545 1040 1708 1094 fuerit
1739 1039 2010 1094 orationis

433 1131 653 1190 modus.
691 1132 928 1189 Cuilibet
951 1148 1187 1203 namque
1217 1133 1612 1188 tentationibns
1645 1132 1913 1202 impetito,
1946 1145 2009 1186 ac

432 1222 672 1288 defesso,
705 1225 1056 1295 cnpientique
1098 1225 1550 1296 tranquillitatem
1583 1239 1614 1277 a
1663 1222 1770 1278 Deo
1797 1223 2010 1279 obtine-

433 1329 514 1379 re,
550 1315 666 1370 base
703 1317 947 1385 precatio
970 1316 1251 1382 convenit.

502 1405 668 1466 Vens.
719 1409 754 1461 5
786 1437 813 1450 ο
862 1410 949 1466 ιε.
1005 1410 1269 1476 Quoniam
1313 1408 1614 1479 iniquitates
1659 1423 1785 1462 mea:
1826 1421 2011 1475 super-

429 1518 623 1574 gressa:
677 1510 796 1556 sunt
835 1512 988 1571 caput
1031 1519 1220 1566 meum,
1258 1502 1393 1556 sicut
1447 1519 1578 1556 onus
1622 1517 1776 1572 grave
1808 1518 2003 1572 grava-

433 1604 501 1648 ta:
556 1604 679 1649 sunt
733 1610 887 1664 super
944 1611 1044 1650 me.
1107 1593 1432 1648 Putruerunt
1493 1608 1542 1648 et
1593 1601 1852 1661 corrupta
1889 1600 2010 1646 sunt

2106 505 2229 552 τους
2266 489 2497 560 μάλιστα
2527 489 2726 558 λέγειν.
2775 489 2920 559 Πλὴν
2941 488 3061 559 οὐχὶ
3093 488 3236 560 μόνῳ
3267 487 3428 542 ταῦτα
3451 492 3618 565 συμϐῆ-

2107 581 2195 634 ναί
2229 598 2407 650 φαμεν
2446 580 2524 652 τῷ
2557 580 2830 650 θεσπεσίῳ
2861 579 3042 643 Δαυῖδ,
3083 579 3216 633 ἀλλὰ
3251 579 3358 650 γάρ
3390 582 3473 634 καὶ
3501 582 3619 636 nini-

2110 689 2250 738 στοις
2275 675 2478 746 ἑτέροις
2495 691 2507 703 ·
2533 673 2731 745 μᾶλλον
2751 673 2807 726 δὲ
2830 673 2924 727 καὶ
2950 673 3028 736 είς
3047 671 3203 744 δεῦρο
3230 671 3504 744 πράττεται
3527 692 3621 728 πει-

2112 765 2422 838 ραζομένων
2450 765 2636 834 άγῖων.
2696 765 2970 837 Ἀδόκητοι
3017 763 3124 836 γάρ
3165 763 3489 834 περιστάσεις
3522 767 3621 820 dva-

2109 857 2329 928 φύονται
2377 858 2655 922 πολλάκις,
2711 858 2850 912 ὥστε
2897 856 3348 928 δυσφορητότερον
3391 853 3515 910 εἶναι
3550 859 3620 912 τοῦ

2109 950 2236 1019 παρ’
2265 947 2356 1019 ὲχθ
2367 948 2472 1022 ρῶν
2501 949 2736 1020 πολέμου
2759 949 2857 1013 τὰς
2881 948 2986 1002 τῶν
3018 948 3233 1002 οἰκείων
3257 948 3620 1013 ἐπαναστάσεις,

2107 1040 2200 1103 οὓς
2225 1041 2318 1095 καὶ
2343 1041 2474 1093 ὀστᾶ
2490 1058 2670 1112 φαμεν
2690 1040 3002 1111 ὠνομάσθαι
3022 1037 3314 1114 τροπικῶς.
3334 1039 3394 1090 Εἰ
3412 1037 3462 1090 δὲ
3488 1037 3622 1092 ἅπασι

2107 1132 2278 1189 ταῦτα
2310 1133 2481 1197 κοινὰ,
2509 1133 2683 1196 κοινὸς
2713 1132 2778 1186 ἂν
2814 1135 2898 1203 εἴη
2934 1132 3147 1188 πάντων
3179 1131 3276 1201 τῆς
3309 1131 3623 1200 προσευχῆςό

2106 1225 2324 1295 τρόπος.
2337 1226 2504 1280 Παντὶ
2519 1225 2625 1298 γὰρ
2641 1225 2868 1297 ἁρμόζει
2888 1241 2952 1278 πε
2963 1241 2976 1278 ι
2983 1224 3113 1296 ραζο
3120 1222 3262 1294 μένῳ
3285 1223 3374 1276 καὶ
3389 1223 3621 1292 κάμνοντι,

2106 1316 2410 1387 γλιχομένῳ
2435 1335 2494 1371 τε
2527 1319 2706 1387 τυχεῖν
2741 1317 3075 1390 ἡμερότητος
3101 1315 3198 1386 τῆς
3223 1314 3370 1384 παρὰ
3391 1312 3529 1366 Θεοῦ.

2181 1409 2308 1464 Ὅτι
2357 1412 2416 1462 αἱ
2467 1410 2702 1478 ἀνομίαι
2745 1427 2863 1479 μου
2901 1407 3208 1476 ὺπερῇραν
3255 1407 3365 1470 τὴν
3399 1406 3624 1476 κεφαλήν

2102 1520 2222 1572 μου
2242 1545 2257 1570 ,
2313 1501 2458 1558 ὡσεὶ
2513 1504 2758 1572 φορτίον
2781 1500 2942 1569 ,βαρὺ
2979 1501 3392 1569 ἐϐαρύνθησαν
3412 1500 3494 1552 ἐπ’
3527 1499 3622 1568 ἐμέ.

2108 1594 2500 1665 Προσώζεσαν
2527 1596 2624 1650 καὶ
2662 1594 2982 1662 ὲσάπησαν
3026 1596 3075 1647 οι
3096 1591 3381 1662 μώλωπές
3405 1609 3526 1660 μου.
3551 1591 3626 1645 Διὰ

431 1687 703 1742 cicatrices
749 1703 894 1742 mete.
937 1685 1033 1742 llis
1063 1686 1345 1747 docemur.
1377 1702 1444 1742 ne
1485 1686 1626 1740 mala
1665 1686 2006 1740 occultemus

2116 1687 2316 1743 τούτων
2377 1689 2614 1744 διδάσκει
2669 1689 2815 1760 ἡμᾶς
2870 1690 2898 1740 ό
2938 1686 3115 1755 λόγος,
3162 1684 3240 1756 μὴ
3297 1683 3536 1756 κρύπτειν
3574 1683 3624 1736 τὰ

431 1787 643 1842 nostra,
658 1793 762 1834 neu
788 1787 1004 1849 peccata
1023 1794 1121 1833 ceu
1139 1779 1425 1849 quemdam
1449 1778 1718 1848 uigrorem
1748 1787 1799 1832 et
1821 1791 2007 1831 corru-

2116 1783 2319 1837 ἑαυτῶν
2354 1782 2518 1848 κακά,
2565 1781 2684 1854 μηδ’
2723 1781 2910 1853 ὥσπερ
2950 1779 3069 1833 τινα
3119 1778 3370 1851 μελανίαν
3395 1779 3479 1831 καὶ
3501 1776 3626 1846 σῆψιν

432 1876 670 1948 ptionem
693 1874 747 1929 in
761 1874 953 1928 intimo
969 1873 1164 1927 anima:
1193 1870 1604 1927 concludamus.
1629 1870 1762 1926 Tota
1780 1870 1863 1925 die
1883 1887 2010 1925 con-

2116 1874 2251 1927 κατὰ
2296 1873 2490 1944 βάθους
2528 1873 2627 1944 τῆς
2677 1872 2854 1943 ψυχῆς
2897 1872 3138 1943 συνέχειν
3196 1869 3264 1928 τά
3287 1869 3624 1941 ἁμαρτήματα.

433 1973 674 2028 tristatus
709 1968 1062 2040 ingrediebar,
1091 1970 1339 2039 quoniam
1356 1970 1534 2023 anima
1561 1985 1674 2022 mea
1704 1969 1918 2036 impleta
1931 1977 2007 2022 est

431 2059 771 2118 illusionibus
797 2059 1151 2116 illudentium.
1187 2058 1278 2112 Sic
1301 2073 1464 2128 porro
1493 2057 1930 2128 intelligaszcum
1954 2059 2008 2113 in

431 2152 590 2208 titu!o
617 2151 978 2223 significasset
994 2152 1261 2221 psalmum
1281 2152 1334 2204 in
1352 2153 1838 2205 rememorationem
1864 2167 2005 2218 esse,

428 2240 552 2312 jure
581 2241 708 2296 illuc
741 2241 1058 2303 remittitur,
1095 2248 1150 2295 et
1180 2256 1301 2310 quae
1333 2241 1438 2295 sibi
1461 2241 1571 2310 jam
1603 2241 1730 2294 olim
1762 2241 1998 2310 contige-

430 2341 557 2389 rant
588 2331 802 2402 repetit.
831 2332 996 2387 Docet
1023 2333 1148 2387 item
1173 2333 1390 2402 qualem
1421 2333 1472 2387 in
1495 2333 1860 2390 conditionem
1887 2342 2010 2405 post

435 2422 648 2491 lapsum
678 2420 1194 2490 peccati'devenerit
1222 2441 1234 2475 :
1261 2438 1366 2492 qua
1391 2423 1457 2478 de
1479 2438 1646 2479 causa
1671 2433 1836 2479 totam
1866 2426 2009 2480 hanc

433 2511 836 2568 confessionem
883 2512 1015 2567 edit.
1059 2511 1114 2568 In
1152 2513 1267 2568 hazc
1314 2515 1518 2580 omnia,
1563 2517 1760 2586 inquit,
1815 2517 2004 2582 incidi,

434 2601 564 2671 quia
595 2600 830 2670 quodam
861 2607 1126 2671 tempore,
1159 2601 1265 2658 Cor
1296 2621 1466 2658 meum
1495 2606 1866 2660 conturbatum
1903 2617 2006 2673 est,

433 2703 482 2747 et
535 2689 810 2762 dereliquit
860 2709 939 2746 me
985 2696 1150 2748 virtus
1201 2711 1351 2760 mea,
1407 2706 1457 2752 et
1510 2697 1685 2752 lumen
1732 2699 2004 2754 oculorum

437 2800 668 2841 meorum
713 2793 762 2839 et
804 2785 977 2854 ipsum
1019 2803 1121 2840 non
1161 2797 1275 2842 erat
1335 2805 1556 2849 mecum,
1620 2789 1753 2844 Nam
1799 2793 2007 2862 peccati

436 2888 679 2949 tempore
707 2876 790 2931 vis
828 2893 946 2932 mea
979 2877 1313 2945 intelligendi
1357 2895 1461 2934 non
1498 2897 1717 2950 parvam
1753 2898 2009 2954 perpessa

437 2979 525 3026 est
552 2968 955 3034 confusionem,
989 2971 1246 3041 perplexa
1290 2979 1346 3031 et
1375 2973 1669 3028 obscurata
1713 2977 1782 3031 ab
1811 2992 1877 3032 eo
1915 2980 2009 3047 qui

439 3063 647 3136 peccati
688 3063 818 3118 mihi
871 3071 1064 3118 auctor
1112 3063 1307 3120 fuerat.
1367 3065 1520 3122 Tunc
1573 3069 1774 3141 quippe
1809 3071 2008 3127 derelio

437 3154 558 3223 quit
586 3169 711 3209 eum
743 3155 917 3208 virtus
955 3155 1116 3224 ejus:
1144 3173 1254 3211 non
1287 3159 1431 3211 ultra
1457 3159 1601 3214 enim
1637 3161 1820 3217 dicere
1856 3172 2010 3232 pote-

439 3251 544 3307 rat,
581 3243 773 3301 Omnia
806 3261 1018 3314 possunt
1052 3247 1105 3300 in
1143 3264 1202 3302 eo
1221 3250 1311 3319 qui
1345 3265 1424 3302 me
1453 3250 1806 3320 confortat”,
1836 3253 2012 3310 victus

439 3336 650 3392 scilicet
697 3352 726 3390 a
780 3347 930 3392 motu
974 3339 1162 3403 animi,
1219 3355 1282 3394 ac
1327 3341 1536 3398 viribus
1583 3342 1900 3402 destitutus.
1947 3343 2015 3400 ιςι

439 3441 569 3480 vero
600 3424 746 3480 aliud
793 3426 1072 3496 quidpiam
1124 3427 1256 3485 mihi
1286 3445 1546 3500 pergrave
1595 3432 1836 3488 oblatum
1882 3443 2008 3490 est:

438 3534 566 3575 nam
597 3519 771 3574 (unum
811 3521 1084 3576 oculorum
1125 3538 1376 3585 meorum,
1405 3523 1480 3593 (id
1509 3530 1627 3578 erat
1664 3524 2016 3594 propheticus

439 3612 686 3684 spiritus,
705 3613 798 3684 qui
829 3613 1022 3668 animae
1041 3613 1160 3682 ejus
1187 3613 1361 3668 visum
1393 3615 1745 3680 illustrabat),
1769 3628 1818 3670 et
1845 3618 2015 3684 ipsum

439 3720 546 3762 non
593 3714 706 3758 erat
751 3721 992 3759 mecum:
1025 3721 1112 3759 me
1138 3705 1337 3776 quippe
1381 3706 1695 3777 reliquerat,
1743 3723 1804 3763 ac
1835 3724 2015 3764 reces-

440 3806 616 3865 serat;
649 3799 776 3868 quia
817 3800 873 3852 in
908 3799 1218 3854 malevolant
1251 3799 1485 3853 animam
1519 3810 1622 3854 non
1651 3802 1892 3854 introibit
1926 3819 2017 3857 sa-

438 3892 656 3961 pientia,
716 3907 808 3945 nec
843 3890 1100 3947 habitabit
1143 3892 1193 3944 in
1248 3907 1462 3960 corpore
1517 3891 1726 3948 subdito
1764 3896 2012 3962 peccatis.

442 3983 674 4053 Spiritus
719 3984 855 4038 enim
899 3993 1114 4038 sanctus
1153 3982 1446 4052 disciplina:
1490 3985 1702 4054 e/fugiet
1731 3984 1933 4049 dolum,
1967 3996 2017 4041 et

442 4077 645 4147 auferet
673 4094 725 4131 se
753 4095 785 4130 a
811 4077 1217 4148 cogitationibus
1244 4094 1360 4147 qum
1381 4087 1503 4131 sunt
1529 4079 1640 4133 sine
1663 4079 2016 4134 intellectu“.

443 4172 558 4226 lmo
586 4171 750 4226 etiam
788 4171 880 4240 qui
914 4179 1075 4225 antea
1113 4171 1276 4224 amici
1304 4177 1360 4225 et
1403 4173 1636 4241 proximi
1683 4173 1801 4242 ejus
1834 4183 2014 4236 erant,

443 4263 540 4336 qui
567 4277 692 4316 cum
720 4262 838 4332 ipso
861 4261 1010 4316 omni
1039 4270 1286 4332 tempore
1317 4262 1607 4333 degebant,
1641 4280 1705 4318 eo
1736 4265 1926 4318 relicto
1954 4267 2018 4319 de

441 4354 596 4427 longe
637 4363 918 4419 steterunt,
968 4369 1088 4408 cum
1119 4355 1412 4427 nequirent
1459 4355 1601 4408 ultra
1651 4355 1753 4426 ipsi
1787 4355 2012 4422 adesse;

2113 1968 2307 2035 Ὅλην
2355 1966 2469 2034 τὴν
2513 1965 2740 2035 ἡμέραν
2791 1961 3226 2032 σκυθρωπάζων
3275 1961 3624 2029 ἐπορευόμην,

2109 2057 2199 2112 ὅτι
2225 2058 2262 2126 ἡ
2291 2056 2460 2126 ψυχή
2489 2075 2607 2126 μου
2640 2054 2984 2122 ἐνεπλήσθη
3016 2049 3357 2121 ἐμπαιγμῶν
3373 2047 3628 2119 ἐμπαιζόν-

2109 2167 2246 2204 των.
2279 2150 2511 2220 Νοήσεις
2539 2147 2596 2201 δὲ
2641 2147 2735 2202 καὶ
2767 2145 2959 2208 οὕτως,
2997 2142 3553 2216 προεπισημηνάμενος
3583 2139 3626 2190 ὲν

2107 2241 2174 2311 τῇ
2209 2241 2521 2312 προγραφῇ,
2553 2237 2626 2302 ὡς
2676 2237 2784 2308 ἄρα
2824 2237 2908 2307 εἴη
2941 2239 3028 2301 εὶς
3057 2233 3410 2304 ἀνάμνησιν,
3449 2229 3627 2291 εἰκότως

2109 2327 2584 2398 ἁναπεμπάζεται,
2648 2327 2742 2380 xui.
2784 2327 2851 2383 τὰ
2879 2324 3046 2378 πάλαι
3091 2320 3243 2392 αὑτῷ
3299 2318 3627 2391 συμϐεϐηκότα

2109 2418 2570 2488 ὲπαναλαμὸάνει.
2629 2417 2876 2473 Διδάσκει
2912 2431 2970 2468 τε
3015 2416 3072 2466 ὲν
3117 2408 3201 2476 οἷς
3228 2413 3429 2480 γέγονε,
3467 2407 3532 2477 τῷ
3554 2406 3628 2474 τῆς

2110 2513 2379 2584 ἁμαρτίας
2405 2510 2599 2582 όλίσθῳ
2630 2501 3033 2582 περιπεσὼν,οὖ
3067 2505 3227 2579 χάριν
3261 2504 3352 2558 καὶ
3376 2503 3464 2573 τὴν
3490 2503 3628 2555 πᾶσαν

2110 2605 2342 2655 ποιεῖται
2361 2601 2765 2672 ἐξομολόγησιν.
2790 2602 2882 2664 Εἰς
2909 2599 3079 2653 ταῦτα
3101 2598 3211 2670 γὰρ
3228 2598 3397 2651 πάντα
3423 2591 3626 2664 ἐλήλυθα,

2111 2695 2294 2765 φησιν,
2331 2695 2630 2765 ἐπειδήπερ
2678 2692 2853 2763 καιρῷ
2898 2710 3002 2749 τινι
3058 2692 3118 2745 Ἠ
3151 2689 3363 2758 καρδία
3393 2704 3499 2756 μου
3531 2685 3630 2737 ἑτα-

2101 2786 2318 2857 ράχθη.
2359 2787 2455 2841 καὶ
2501 2783 2880 2856 ἐγκατέλειπέ
2913 2801 2990 2854 με
3022 2785 3058 2850 ἡ
3095 2784 3273 2852 ἰσχύς
3309 2798 3442 2850 μου,
3473 2777 3551 2829 καί
3580 2773 3629 2826 τὸ

2109 2879 2234 2948 φῶς
2254 2879 2370 2933 τῶν
2386 2877 2710 2948 ὀφθαλμῶν
2722 2896 2862 2948 μου,
2888 2877 2981 2930 καὶ
2997 2876 3140 2929 αὐτὸ
3165 2878 3274 2929 οὐκ
3290 2871 3365 2944 ἦν
3371 2870 3486 2942 μετ’
3498 2865 3628 2938 ἐμοῦ.

2112 2973 2268 3027 Κατὰ
2305 2973 2413 3045 γὰρ
2444 2973 2533 3025 τὸν
2567 2973 2664 3042 τῆς
2700 2971 2970 3043 ἁμαρτίας
3025 2969 3215 3040 καιρὸν
3251 2969 3310 3022 οὐ
3341 2963 3522 3038 μικρὰν
3556 2961 3631 3013 ὑπ-

2111 3066 2324 3136 έμεινεν
2355 3063 2519 3118 αὐτοῦ
2546 3063 2786 3136 ταραχὴν
2808 3063 2869 3116 τὸ
2897 3061 3258 3132 διανοητικόν,
3295 3054 3536 3131 συγχυθὲν
3563 3051 3632 3106 καὶ

2115 3159 2386 3215 σκοτωθεν
2411 3157 2518 3210 ὑπὸ
2538 3155 2632 3210 τοῦ
2662 3156 2759 3229 τὴν
2791 3153 3060 3226 ἁμαρτίαν
3091 3150 3449 3224 ἐνεργοῦντος,
3479 3147 3543 3208 ὼς
3563 3150 3632 3198 και

2114 3255 2192 3316 εἰς
2215 3249 2523 3324 ἀφροσύνην
2563 3251 2746 3302 πεσεῖν
2780 3248 2874 3302 καὶ
2913 3247 3171 3318 πράττειν
3189 3242 3483 3316 ἀφροσύνης
3512 3239 3630 3308 ἔργα.

2115 3344 2248 3398 Τότε
2277 3343 2333 3398 δὲ
2358 3342 2452 3396 καὶ
2477 3340 2862 3410 ἐγκατέλειπεν
2895 3339 3055 3391 αὑτὸν
3079 3339 3113 3412 ἡ
3147 3337 3300 3408 ἰσχὺς
3334 3332 3512 3387 αὑτοῦ·
3539 3330 3634 3382 οὑκσ

2115 3434 2194 3488 ἐτι
2216 3432 2324 3506 γὰρ
2359 3427 2469 3496 οἷός
2494 3450 2552 3486 τε
2569 3429 2635 3503 ἦν
2664 3431 2842 3500 λέγειν
2861 3447 2873 3461 ·
2900 3429 3102 3484 Πάντα
3122 3429 3311 3498 ίσχύω
3329 3422 3478 3490 ἐντῷ
3502 3420 3636 3476 ἐνδυ-

2114 3526 2401 3596 ναμοῦντί
2420 3543 2518 3595 με,
2551 3523 2792 3595 νικηθεὶς
2822 3523 2926 3577 ὑπὸ
2952 3520 3044 3575 τοῦ
3073 3519 3278 3584 πάθους
3315 3519 3404 3572 καὶ
3430 3510 3636 3580 ἐξατονή-

2117 3633 2234 3680 σας.
2257 3617 2366 3670 Καὶ
2396 3615 2522 3670 ἄλλο
2549 3615 2604 3667 δέ
2637 3631 2713 3676 τι,
2737 3613 2888 3682 φησὶ,
2916 3611 3150 3682 χαλεπὸν
3180 3610 3304 3682 περὶ
3334 3607 3426 3678 ἐμὲ
3454 3603 3634 3672 γέγονε·

2121 3708 2192 3763 Τὸ
2244 3707 2351 3780 γὰρ
2410 3706 2533 3777 φῶς
2562 3705 2678 3760 τῶν
2711 3703 3033 3774 ὀφθαλμῶν
3056 3720 3177 3772 μου
3229 3699 3401 3771 (τοῦτο
3431 3697 3481 3749 δὲ
3513 3690 3568 3764 ἦν
3593 3687 3639 3741 τὸ

2116 3801 2451 3876 προφητικὸν
2475 3800 2710 3870 πνεῦμα,
2737 3799 2798 3851 τὸ
2821 3795 3051 3866 φωτίζον
3072 3795 3235 3850 αὑτοῦ
3259 3793 3357 3864 τῆς
3385 3788 3541 3860 ψυχῆς
3565 3783 3639 3852 τὴν

2114 3897 2321 3967 ὅρασιν)
2357 3895 2452 3949 καὶ
2495 3891 2637 3947 αὐτὸ
2687 3893 2797 3946 οὑκ
2835 3888 2914 3961 ἦν
2931 3892 3056 3960 μετ’
3082 3889 3249 3958 ἐμοῦ,
3275 3879 3638 3951 καταλεῖψάνμε

2116 3991 2210 4042 καὶ
2235 3987 2624 4058 όινιιιχωρῆσιιιν⁸
2652 3984 2772 4038 ἐπεὶ
2798 3986 2886 4050 εὶς
2914 3984 3287 4050 κακότεχνον
3324 3975 3519 4048 ψυχὴν
3555 3971 3639 4024 οὐκ

2115 4083 2521 4138 εἰσελεύσεται
2557 4079 2775 4148 σοφία·
2806 4074 2950 4132 οὐδὲ
2985 4074 3329 4141 κατοικήσει
3372 4065 3639 4134 ἐνσώματι

2116 4173 2418 4242 καταχρεῳ
2450 4171 2758 4240 ἁμαρτίαις
2776 4184 2790 4194 ·
2825 4168 2994 4237 ἅγιον
3022 4171 3128 4237 γὰρ
3155 4166 3390 4234 Πνεῦμα
3419 4155 3640 4216 παιδείας

2115 4267 2394 4337 φεύξεται
2427 4265 2631 4330 δόλον,
2674 4264 2773 4317 καὶ
2815 4260 3310 4327 ιίπαναστήσεται
3353 4256 3462 4312 ἀπὸ
3515 4255 3640 4317 Jort-

2116 4356 2286 4427 σμῶν
2319 4354 2649 4410 ἀσυνέτων.
2691 4352 2851 4408 Ἀλλὰ
2879 4352 2973 4405 καὶ
2999 4353 3048 4404 οἱ
3072 4351 3334 4422 πρότερον
3355 4342 3506 4400 αὑτοῦ
3531 4337 3641 4427 φίλοι

444 4424 550 4506 sed
581 4448 791 4518 procul,
829 4446 975 4502 illam
1020 4424 1178 4502 amici
1232 4447 1316 4501 sui
1364 4424 1726 4503 calamitatem
1760 4447 2011 4518 deplora-

2117 4451 2211 4503 καὶ
2271 4447 2496 4519 πλησίον
2535 4445 2720 4508 αὐτοῦ,
2770 4447 2819 4498 οἱ
2864 4443 2955 4496 τὸν
2989 4442 3280 4513 σύμπαντα
3321 4439 3497 4512 χρόνον
3527 4430 3642 4531 «atq:

441 4539 594 4598 baut.
622 4538 854 4605 Quinam
879 4537 978 4600 illi,
1017 4538 1125 4591 nisi
1157 4539 1249 4608 qui
1287 4554 1459 4609 nuper
1485 4538 1553 4594 de
1586 4539 1746 4596 bonis
1778 4540 1899 4608 ejus
1923 4542 2013 4595 lte-

443 4631 724 4695 tabantur,
755 4630 1006 4686 videlicet
1039 4631 1214 4702 angeli
1239 4630 1366 4686 boni
1405 4645 1469 4684 ac
1497 4631 1735 4686 ministri
1778 4631 1893 4696 Dei,
1920 4635 2012 4703 qui

443 4725 512 4780 de
551 4724 831 4778 hominum
886 4724 1060 4778 salute
1100 4739 1208 4778 una
1253 4723 1488 4794 gaudere
1539 4724 1757 4780 solent?
1805 4725 2016 4791 Quibus

444 4816 637 4888 procul
683 4831 769 4871 me
817 4817 1036 4887 positis,
1093 4816 1183 4870 alii
1227 4816 1450 4886 quidam
1482 4817 1688 4886 peccati
1739 4827 2014 4884 auctores,

445 4923 617 4983 prape
657 4915 866 4964 stantes
908 4910 1014 4963 vim
1056 4908 1328 4964 faciebant
1369 4916 1424 4964 et
1476 4910 1672 4966 animae
1721 4912 2018 4969 illudebant

445 5015 598 5056 int-te.
634 4998 698 5053 Hi
729 5016 964 5071 namque
992 5001 1122 5056 olim
1173 5001 1423 5056 sitientes
1457 5002 1776 5072 sanguinem
1815 5021 2016 5070 meum,

447 5102 609 5164 atque
654 5109 684 5150 a
728 5093 904 5164 longis
954 5103 1102 5150 retro
1128 5095 1467 5163 temporibus
1508 5105 1860 5166 peroptantes‘
1908 5102 2022 5154 rui-

445 5199 574 5238 nam
596 5184 779 5240 videre
809 5201 1009 5250 meam,
1038 5185 1196 5256 quasi
1220 5186 1681 5255 opportunitatem
1706 5190 1873 5250 nacti,
1895 5205 2019 5244 cum

445 5276 697 5332 viderent
736 5277 990 5333 virtutem
1035 5292 1212 5333 meam
1267 5293 1352 5334 me
1405 5279 1788 5348 dereliquisse,
1833 5289 1886 5336 et
1938 5282 2022 5337 lu-

447 5381 572 5422 men
621 5367 904 5422 oculorum
953 5382 1198 5423 meorum
1242 5384 1272 5422 a
1320 5384 1406 5424 me
1447 5369 1760 5432 recessisse,
1807 5371 2015 5426 amicos

447 5473 666 5530 quoque
704 5465 759 5514 et
791 5461 1072 5530 proximos
1117 5462 1276 5530 longe
1323 5471 1584 5527 remotos,
1615 5461 1904 5517 confestim
1951 5463 2026 5517 ir-

451 5559 676 5634 ruentes
704 5553 814 5608 vim
848 5552 1122 5610 faciebant
1152 5554 1348 5610 anima:
1391 5569 1560 5621 mete;
1599 5570 1659 5612 ac
1691 5561 1880 5627 utpote
1920 5569 2028 5611 ma-

517 5734 570 5768 ⁸³
607 5731 842 5804 Philipp.
879 5749 952 5801 tv,
991 5732 1074 5790 l5.
1143 5733 1195 5767 ”
1235 5730 1361 5807 Sap.
1404 5751 1456 5802 I,
1488 5735 1541 5801 4,
1575 5734 1628 5791 5.

2122 4541 2390 4604 συνόντες,
2423 4539 2677 4600 ἐάσαντες
2701 4536 2860 4595 αὑτὸν
2882 4536 3182 4606 μακρόθεν
3203 4535 3481 4598 ἔστησαν,
3503 4513 3640 4577 οὐκέτ’

2121 4634 2269 4705 αὑτῴ
2303 4634 2537 4686 συνεῖναι
2562 4628 2868 4698 δυνάμενοι,
2911 4627 3187 4699 πόρρωθεν
3215 4626 3272 4678 δὲ
3299 4617 3642 4705 ἀποκλᾳόμενοι

2122 4727 2197 4789 ὡς
2220 4699 2420 4778 οἰκείου
2447 4721 2600 4792 φίλου
2630 4720 2936 4792 συμφοράν.
2973 4718 3128 4782 Τίνες
3149 4719 3192 4772 δ’
3217 4713 3352 4788 ἦσαν
3389 4707 3518 4766 οὗτοι
3555 4699 3642 4756 ἀλλ’

2123 4818 2156 4888 ἢ
2205 4819 2254 4870 οἱ
2294 4817 2387 4870 ἐπὶ
2436 4819 2547 4880 τοῖς
2603 4813 2884 4886 προτέροις
2913 4811 3137 4880 ἀγαθοῖς
3177 4808 3340 4863 αὑτοῦ
3388 4803 3643 4896 χαίροντεξ.

2125 4910 2343 4978 ἄγγελοι
2381 4908 2580 4980 δηλαδὴ
2609 4906 2804 4976 ἀγαθοὶ
2837 4905 2931 4960 καὶ
2963 4903 3263 4977 λειτουργοὶ
3294 4895 3533 4984 Θεοῦητῇ
3562 4895 3645 4940 τῶν

2127 5001 2428 5072 ἀνθρώπων
2481 5001 2795 5072 συγχαίρειν
2841 4997 3090 5061 εἰωθότες
3130 4994 3406 5066 σωτηρίμ
3451 4982 3645 5050 Ὧνμα·

2128 5093 2266 5168 κράν
2296 5111 2395 5166 μου
2425 5094 2749 5164 γενομένων,
2778 5091 2926 5147 ἄλλοι
2953 5091 3095 5154 τινὲς
3121 5090 3218 5160 τὴν
3255 5080 3512 5161 ἁμαρτίαν
3534 5077 3648 5171 ἐνεέν

2129 5165 2372 5256 γοῦντες,
2400 5185 2626 5258 πλησίον
2655 5201 2754 5255 μου
2785 5184 3084 5254 γενόμενοι,
3121 5177 3447 5246 ἐξεϐιὰζοντο
3476 5165 3557 5258 ita}
3571 5165 3646 5230 τῆς

2128 5254 2264 5350 ἔἐμῆς
2292 5278 2468 5349 ψυχῆς
2495 5254 2864 5340 ⁷κσοτῖέ’δ“τα-ιζόν.
2905 5273 3076 5330 Πάλαι
3102 5271 3209 5342 γάρ
3247 5260 3386 5322 οὗτοι
3434 5254 3648 5350 διψῷντες

2127 5347 2377 5443 τοῦγὲμοῦ
2392 5347 2641 5440 αἵματος,
2682 5369 2775 5421 καὶ
2807 5369 2870 5420 ὲκ
2915 5363 3139 5438 μακρῶν
3181 5359 3381 5434 χρόνων
3412 5347 3647 5443 εὑᾼχόμενθι

2132 5439 2426 5517 θεάσασθαί
2461 5439 2560 5532 μου
2585 5459 2682 5530 τὴν
2713 5455 3150 5520 πτῶσιν,ὠσανεὶ
3176 5446 3363 5520 καιροῦ
3385 5439 3644 5533 λαϐόμενξιν

2135 5555 2222 5609 ὅτε
2265 5551 2404 5608 εἶδον
2459 5529 2890 5610 καταλείπουσάν
2929 5565 2994 5623 με
3025 5548 3126 5620 τὴν
3155 5545 3326 5617 ἰσχὺν,
3360 5537 3449 5593 καὶ
3483 5529 3538 5585 τὸ
3559 5533 3647 5592 (ἓως
