3822 6280
397 341 502 401 357
1101 325 1372 386 EUSEB“
1409 315 1888 380 CESARIENSlS
1931 312 2061 370 OPP
2109 308 2288 367 PARS
2315 306 2403 361 Ill.
2446 337 2511 348 -—
2553 302 2959 361 EXEGETICA.
3521 298 3660 357 3&3

391 458 519 527 eius
557 454 650 526 qui
683 454 759 508 ait
793 472 804 507 :
834 450 1093 509 Peceasti,
1138 446 1340 517 quiesce
1364 443 1452 496 "z
1499 451 1671 510 quam
1705 435 1848 491 tacui
1903 434 1956 487 in

2082 427 2382 499 Ξύμμαχονς
2415 423 2506 494 Μὴ
2535 439 2641 494 γαρ
2663 420 2738 475 ὢν
2794 424 2851 475 ἐν
2891 419 3132 489 ἀγαθοῖς,
3158 419 3291 491 μηδέ
3326 417 3666 491 παρρησίαν

400 508 515 527 *σν*
566 508 595 526 ‘I
1085 508 1089 509 ν
1151 508 1161 517 υ
1519 508 1533 510 _

400 549 540 604 bono
571 563 673 600 non
705 545 952 599 existens.
1014 537 1198 609 Neque
1231 535 1406 589 solum
1445 529 1680 585 obmutui
1707 534 1758 580 et
1789 523 1963 577 tuati-

2082 518 2234 586 ἱγων,
2268 515 2590 585 ἐμεμνήμην
2622 511 2714 565 τοῦ
2739 511 3019 578 λέγοντος·
3057 511 3362 579 Ἡμαρτες,
3397 508 3665 576 ἡσύχα-

402 596 810 696 (ictus-sum
842 596 966 687 silui
993 648 1026 685 a
1070 596 1241 691 bonis,
1289 624 1382 680 sed
1417 623 1602 683 etiam,
1629 619 1780 671 dolor
1820 629 1963 668 meus

2082 626 2181 664 γον
2203 626 2216 638 ·
2242 607 2321 661 διὸ
2349 604 2660 672 ἐσιώπησα
2677 603 2761 673 μὴ
2789 604 2874 657 ὢν
2906 604 2975 657 ἐν
2993 600 3210 671 ἀγαθῷ.
3258 601 3332 653 Οὐ
3382 599 3540 671 μόνον
3593 596 3667 650 δὲ

397 740 674 788 renovatus
718 737 816 782 est.
851 723 986 779 Nam
1025 722 1180 777 dolor
1228 718 1424 772 animae
1471 728 1622 776 meas,
1660 716 1713 765 et
1747 709 1902 763 ulcus
1935 721 1967 759 ει

2082 699 2382 770 ἑκωερώθην
2415 696 2513 750 καὶ
2537 697 2794 765 ἐσίγησα
2826 694 2895 759 ἐξ
2948 691 3204 764 ἀγαθῶν,
3229 691 3363 745 ἀλλὰ
3405 691 3493 744 καὶ
3520 689 3667 744 ἆλ-

399 831 624 896 peccato
671 819 800 874 mihi
833 818 1066 879 illatum,
1098 826 1222 868 cum
1264 811 1320 864 in
1364 809 1533 862 imum
1577 811 1766 874 pectus
1815 797 1969 854 deve-

2082 791 2222 862 Γημὰ
2238 809 2356 862 μου
2383 787 2790 854 ἀνεκαινίσθη.
2819 786 2891 838 Τὸ
2917 785 3022 858 γὰρ
3057 784 3156 854 τῆς
3181 782 3356 853 ψυχῆς
3406 798 3500 854 μου
3541 780 3667 834 ἀλ.

403 873 617 896 ι’νννν---
674 873 681 874 ί
732 873 737 874 ν
1055 873 1063 879 ν
1578 873 1591 874 γ

399 917 592 976 uisset.
619 922 671 968 et
705 911 759 965 in
801 909 921 976 ipsa
965 901 1303 961 conscientia
1338 898 1568 954 inﬁxum
1612 900 1778 958 esset,
1814 904 1970 945 reno-

2082 901 2160 954 τος
2203 883 2299 936 καλ⁹
2326 882 2386 935 τὸ
2420 880 2483 934 ἐκ
2510 881 2609 951 τῆς
2649 877 2920 950 ἁμαρτίας
2951 875 3305 947 ἐγγενόμενόν
3334 891 3420 946 μοι
3449 873 3662 936 ἕλκος.

397 1010 648 1072 vabatur,
705 1005 945 1059 instante
993 1008 1157 1070 atque
1204 992 1571 1065 exprobrante
1610 985 1822 1058 peccati
1869 998 1967 1038 au-

2082 975 2207 1030 ιιατά
2237 974 2431 1045 βάθους
2489 969 2824 1041 ἐγκείμενον,
2867 969 2960 1022 καὶ
2987 969 3104 1021 κατ’
3130 967 3298 1036 αὐτῆς
3331 966 3426 1036 τῆς
3457 981 3667 1018 συνει-

395 1104 572 1156 ctare.
633 1051 648 1072 ν
1056 1051 1085 1070 1
1275 1051 1295 1065 ⁵
1611 1051 1631 1058 -
2066 1066 2270 1136 δήσεως
2324 1061 2784 1132 ἐμπεπηγμένον,
2830 1055 3141 1118 ἀνενεοῦτο,
3189 1051 3667 1114 ἐπαναϐαίνοντ6ς

2071 1175 2160 1228 μοι
2207 1156 2302 1209 καὶ
2361 1151 2776 1217 ἐπονειδίζοντος
2822 1149 2914 1202 τοῦ
2955 1147 3052 1220 τὴν
3090 1145 3361 1219 ἁμαρτίαν
3404 1147 3666 1215 ἐνηργη-

2069 1251 2241 1306 κότος.

2151 1269 2194 1304 το
2229 1290 2241 1303 .

2151 1268 2500 1410 Ἐςθερμάνθη
2531 1339 2569 1405 ἠ
2595 1335 2802 1404 καρδία
2825 1352 2942 1404 μου
2962 1333 3132 1400 ἐντός
3147 1349 3285 1402 μου.
3305 1330 3669 1399 Ἀναμιμνη-

2071 1434 2352 1505 σκόμενος,
2385 1429 2541 1500 φησὶ,
2572 1429 2670 1497 τῆς
2693 1424 2983 1496 ἁμαρτίας,
3025 1423 3123 1493 τῆς
3147 1420 3381 1491 ἀθυμίας
3419 1420 3667 1490 ἐνεπιμ-

2069 1527 2294 1598 πράμην
2341 1523 2492 1594 πυρὶ,
2525 1521 2616 1572 ὑπ’
2651 1517 2818 1587 αὐτῆς
2865 1514 3202 1586 πυρούμενος
3244 1513 3343 1581 τῆς
3394 1509 3665 1580 συνειδή..

466 1359 636 1416 Vens.
669 1307 703 1413 ό
732 1386 758 1401 -
790 1356 844 1410 6.
887 1352 1163 1410 Concaluit
1195 1366 1285 1404 cor
1311 1337 1483 1402 meum
1525 1344 1670 1397 intra
1711 1354 1812 1394 me.
1861 1335 1970 1392 Me—

396 1468 540 1514 mor,
576 1448 777 1519 inquit,
811 1444 1043 1517 peccati,
1076 1440 1245 1496 animi
1277 1435 1518 1504 deliquio
1549 1448 1648 1487 ceu
1680 1431 1802 1500 igne
1823 1441 1972 1482 com-

396 1541 668 1599 buri-bar:
699 1539 767 1592 ab
811 1535 1037 1606 ipsaque
1072 1527 1408 1585 conscientia
1449 1525 1730 1584 incensus,
1763 1519 1968 1574 locutus

396 1651 515 1689 sum
541 1633 595 1686 in
624 1630 803 1701 lingua
834 1643 949 1682 mea
974 1642 991 1680 :
1020 1623 1220 1678 Notum
1246 1621 1330 1690 [ac
1362 1617 1510 1682 mihi,
1544 1615 1788 1674 Domine,
1813 1611 1970 1681 ﬁnem

397 1742 592 1781 meum.
629 1723 804 1777 Etiam
832 1727 957 1792 post
979 1714 1410 1775 confessionem,
1442 1709 1535 1780 qui
1561 1706 1693 1762 mihi
1721 1704 1844 1759 linis
1886 1701 1967 1754 l‘u-

397 1818 558 1864 turus
585 1808 658 1862 sit
689 1801 1199 1873 ediscere‘postulo.
1235 1797 1361 1852 Haec
1392 1810 1558 1868 porro
1591 1792 1808 1846 dicebat
1838 1801 1962 1842 cum

397 1899 634 1972 graviter
654 1902 1010 1969 premeretur,
1047 1899 1202 1946 ratus
1221 1898 1626 1958 temporaneam
1657 1883 1798 1938 hanc
1819 1893 1964 1932 mor-

395 1968 669 2062 talemque
697 1989 863 2043 vitam
897 1984 968 2039 ob
1000 1983 1218 2037 tmdium
1254 1977 1665 2045 molestiamque
1696 1972 1816 2042 ejus
1839 1968 1961 2022 diu-

395 2060 772 2140 turnissimam
804 2093 946 2134 esse.
979 2074 1160 2142 Quare
1203 2072 1388 2126 obitus
1418 2069 1520 2123 sibi
1565 2076 1779 2136 tempus
1825 2060 1965 2116 indi-

396 2175 511 2229 cari
541 2170 882 2243 peroptahat,
931 2173 992 2221 ut
1043 2169 1272 2233 accepto
1304 2159 1573 2214 libertatis
1603 2171 1667 2210 ac
1710 2153 1966 2208 tentatio-

397 2283 527 2322 num
564 2265 742 2321 exitus
777 2261 958 2316 fausto
1007 2257 1224 2319 nuntio,
1262 2253 1518 2306 alacriter
1555 2256 1756 2318 ageret.
1793 2245 1847 2298 In
1887 2259 1966 2298 se-

398 2355 697 2426 quentibus
726 2365 854 2406 vero
885 2349 965 2403 sic
997 2346 1074 2399 ait
1101 2365 1113 2399 :
1139 2342 1354 2397 Advena
1394 2355 1486 2409 ego
1518 2353 1633 2392 sum
1667 2334 1806 2406 apud
1839 2343 1886 2386 te
1915 2339 1966 2385 et

396 2443 720 2515 peregrinus,
752 2441 886 2494 sicut
913 2451 1090 2490 omnes
1116 2443 1294 2503 patres
1326 2429 1444 2483 mei.
1482 2426 1615 2480 Ecce
1641 2422 1968 2479 mensurabi-

397 2535 472 2588 les
501 2532 726 2602 posuisti
757 2529 870 2582 dies
922 2544 1083 2590 meos,
1134 2535 1184 2580 et
1231 2522 1531 2576 substantia
1565 2535 1680 2573 mea
1717 2526 1968 2585 tanquam

399 2625 622 2680 nihilum
656 2631 779 2676 ante
825 2629 891 2673 te.
940 2617 1047 2673 Pro
1092 2632 1202 2686 quo
1237 2612 1616 2686 Symmachus,
1657 2608 1788 2662 Ecce
1818 2605 1970 2677 quasi

396 2717 662 2786 palmares
709 2711 904 2768 dedisti
947 2710 1060 2765 dies
1111 2724 1274 2772 meos,
1322 2704 1513 2760 edidit.
1542 2702 1696 2755 Alius
1737 2693 1970 2753 fortasse

398 2809 622 2869 dixerit,
671 2803 996 2868 παλαιστάς,
1030 2801 1147 2856 sive
1193 2797 1544 2853 adversarios
1574 2792 1691 2848 dies
1730 2788 1970 2845 hominis

399 2908 646 2962 vocatos,
681 2898 807 2968 quia
837 2893 1158 2956 certamine,
1189 2891 1388 2961 πάλης,
1413 2889 1527 2944 sive
1565 2899 1743 2958 pugna
1771 2891 1824 2938 et
1847 2889 1969 2935 ten-

399 2991 701 3046 tationibus
733 2977 1085 3057 r'epletisunt.
1111 2982 1483 3052 Deincepsque
1514 2979 1591 3032 ait
1617 2997 1628 3032 :
1657 2974 1972 3031 Substantia

401 3101 518 3138 mea
551 3063 799 3151 tanquam
841 3079 1064 3133 nihilum
1111 3085 1231 3129 ante
1265 3083 1350 3136 te;
1382 3088 1480 3144 pro
1521 3085 1630 3141 quo
1664 3068 1858 3138 Aquila
1888 3069 1972 3122 in-

2072 1613 2554 1680 σεως,Ἐλάλησα
2585 1611 2654 1664 ἐν
2679 1608 2926 1680 γλώσσῃ
2969 1623 3117 1676 μου·
3169 1602 3474 1672 Γνώρισόν
3513 1619 3662 1671 μοι,

2070 1710 2266 1776 Κύριε,
2302 1705 2367 1760 τὸ
2401 1703 2588 1772 πέρας
2610 1719 2749 1771 μου.
2774 1701 2885 1753 Καὶ
2934 1697 3068 1769 μετά
3114 1696 3212 1767 τὴν
3258 1692 3663 1765 ἐξομολόγησιν

2063 1801 2248 1854 ὁποίου
2282 1797 2470 1859 τέλους
2501 1795 2763 1864 τεύξομαι
2793 1791 2987 1864 μαθεῖν
3024 1790 3178 1855 ἀξιῶ.
3210 1787 3550 1861 Βαρούμενος
3594 1786 3664 1838 δὲ

2065 1892 2238 1948 ταῦτα
2264 1891 2440 1959 ἔλεγε,
2461 1888 2560 1960 τὴν
2593 1889 2922 1958 πρόσκαιρον
2955 1883 3050 1938 καὶ
3073 1883 3270 1953 θνητὴν
3299 1879 3441 1950 ζωὴν
3473 1878 3562 1932 διὰ
3588 1881 3663 1929 τὸ

2065 1982 2296 2053 ἐπαχθὲς
2345 1982 2512 2051 αὐτῆς
2559 1977 2904 2050 μακροτάτην
2950 1974 3268 2046 ἡγούμενος.
3310 1972 3400 2024 Διὸ
3445 1989 3661 2040 γνωρι-

2068 2073 2259 2144 σθῆναι
2291 2071 2438 2142 αὐτῷ
2463 2071 2553 2124 τὸν
2578 2069 2677 2138 τῆς
2717 2068 3035 2138 ἀπαλλαγῆς
3099 2066 3287 2137 χρόνον
3317 2063 3500 2116 ἐπόθει
3521 2079 3534 2092 ο
3574 2063 3656 2114 ἶν’

2066 2164 2300 2235 εὔθυμος
2347 2163 2575 2232 γένοιτο,
2606 2161 2704 2232 τὴν
2738 2159 2846 2213 ἀπὸ
2888 2158 2997 2210 τῶν
3041 2157 3169 2228 τῇδε
3216 2153 3524 2225 ἐλευθερίαν
3552 2153 3660 2205 καὶ

2065 2256 2172 2309 τῶν
2202 2253 2570 2326 πειρατηρίων
2597 2252 2694 2322 τὴν
2721 2249 3038 2320 ἀπαλλαγὴν
3071 2245 3500 2316 εὐαγγελισθεὶς.
3535 2245 3660 2296 Καὶ

2067 2350 2124 2402 ἐν
2157 2349 2266 2411 τοῖς
2304 2346 2346 2399 δ’
2379 2346 2503 2416 ἐξῆς
2547 2343 2749 2416 προῖὼν
2795 2341 3006 2411 ἔλεγεν·
3040 2339 3332 2408 Πάροικος
3375 2335 3490 2406 ἐγώ
3532 2335 3657 2403 εἰμι

2069 2440 2225 2508 παρὰ
2249 2439 2346 2492 σοι
2383 2438 2480 2491 καὶ
2515 2434 2943 2504 παρεπίδημος,
2970 2431 3164 2498 καθὼς
3193 2431 3413 2496 πάντες
3453 2431 3507 2481 ol
3529 2440 3649 2479 παρ-

2069 2526 2232 2596 τέρες
2256 2545 2395 2596 μου.
2417 2525 2560 2580 Ἰδοὺ
2591 2523 2928 2588 παλαιστὰς
2953 2523 3093 2577 ἔθου
3121 2521 3228 2586 τὰς
3258 2518 3481 2588 ἡμέρας
3507 2533 3653 2585 μου,

2072 2621 2169 2674 καὶ
2213 2620 2251 2688 ἠ
2297 2618 2640 2683 ὑπόστασις
2671 2634 2790 2685 μου
2836 2614 2977 2668 ὡσεὶ
3024 2612 3202 2667 οὐθὲν
3231 2609 3486 2664 ἐνώπιόν
3511 2623 3650 2661 σου.

2084 2712 2223 2765 Ἀνθ’
2253 2706 2312 2766 οὗ
2344 2715 2371 2766 ό
2411 2712 2725 2782 Σύμμαχος,
2756 2707 2901 2762 Ἰδοὺ
2950 2708 3030 2772 ὡς
3076 2702 3373 2772 σπιθαμὰς
3428 2700 3656 2764 ἔδωκας

2074 2802 2178 2869 τὰς
2228 2801 2454 2870 ἡμέρας
2489 2820 2630 2870 μου,
2666 2797 3144 2865 ἐξέδωκεν.”Λλλος
3183 2795 3226 2848 δ’
3255 2795 3319 2849 ἂν
3365 2795 3509 2847 εἴποι
3541 2807 3655 2845 πα-

2071 2895 2327 2962 λαιστὰς
2355 2895 2604 2968 εἰρῆσθαι
2629 2894 2725 2957 τὰς
2757 2893 2864 2946 τῶν
2899 2891 3197 2963 ἀνθρώπων
3223 2888 3456 2960 ἡμέρας,
3482 2885 3576 2939 διὰ
3596 2886 3656 2938 τὸ

2076 2989 2470 3063 πεπληρῶσθαι
2523 2987 2691 3051 αὑτὰς
2735 2986 2944 3056 ἀγῶνος
2982 2985 3076 3038 καὶ
3107 2983 3280 3052 πάλης
3316 2981 3412 3034 καὶ
3460 2996 3654 3051 πειρα-

2075 3081 2297 3153 τηρίων.
2316 3081 2474 3152 Ἑξῆς
2511 3080 2722 3143 τούτοις
2751 3077 2918 3148 φησί·
2957 3076 3067 3131 Καὶ
3097 3077 3134 3143 ἠ
3169 3072 3514 3136 ὑπόστασις
3537 3088 3655 3140 μου

400 3183 756 3245 terpretatur,
784 3181 834 3226 et
883 3170 1137 3224 demersio
1167 3185 1284 3222 mea
1327 3166 1480 3236 quasi
1509 3180 1613 3217 non
1643 3170 1720 3216 est
1755 3162 1807 3214 in
1848 3177 1964 3214 con-

2082 3177 2218 3232 ὡσεί
2244 3175 2423 3261 οὐθὲν
2445 3171 2700 3227 ἐνώπιόν
2739 3187 2855 3224 σου
2874 3187 2887 3200 ·
2919 3168 3035 3223 ἀνθ’
3055 3163 3114 3221 οἶ)
3148 3168 3176 3218 ό
3209 3164 3440 3228 Ἀκύλας
3469 3167 3620 3236 ήρμή
3651 3200 3654 3202 ν

401 3277 582 3339 specta
617 3275 734 3330 tuo;
770 3262 1134 3335 Symmachus
1161 3274 1314 3322 vero,
1344 3267 1392 3312 et
1430 3255 1535 3310 vita
1569 3271 1682 3308 mea
1703 3254 1857 3324 quasi
1889 3254 1970 3305 ni-

402 3358 478 3413 ltil
511 3373 689 3412 comm
721 3368 788 3409 te.
825 3353 1072 3424 Namque
1105 3358 1280 3406 totum
1320 3350 1446 3404 vita:
1483 3347 1721 3401 hominis
1758 3355 1972 3414 tempus

401 3465 530 3506 cum
580 3450 691 3504 vita
732 3447 826 3500 Dei
876 3453 1040 3515 atque
1096 3443 1312 3498 saeculis
1359 3439 1641 3494 immensis
1687 3437 1971 3502 collatum,

402 3541 564 3614 quasi
593 3541 822 3594 nihilum
859 3544 944 3591 est
987 3537 1043 3590 in
1087 3541 1384 3603 conspectu
1421 3531 1535 3584 Dei.
1564 3529 1744 3596 Quare
1774 3528 1882 3581 alio
1918 3527 1972 3580 in

405 3635 528 3689 loco
559 3633 767 3689 dictum
795 3651 808 3687 :
841 3630 970 3686 Cwli
1011 3626 1270 3697 peribant,
1306 3634 1359 3677 tu
1393 3632 1566 3677 autem
1595 3636 1890 3692 pet-manes,
1924 3627 1973 3673 et

405 3742 582 3783 omnes
637 3725 770 3778 sicut
795 3723 1155 3777 vestimentum
1185 3723 1500 3772 veterascent
1527 3731 1546 3768 :
1567 3723 1616 3769 et
1650 3714 1783 3767 sicut
1824 3728 1974 3781 oper-

407 3819 601 3874 torium
646 3816 872 3872 mutabis
901 3830 987 3868 eos
1016 3820 1065 3866 et
1112 3809 1478 3864 mutabuntur.
1513 3806 1592 3862 Tu
1629 3815 1803 3860 autem
1836 3804 1974 3858 idem

405 3909 517 3978 ipse
544 3924 621 3970 es,
653 3915 701 3960 et
735 3904 862 3958 anni
893 3904 969 3955 tui
1015 3917 1119 3954 non
1162 3898 1405 3968 deﬁcient
1419 3898 1490 3950 ".
1521 3893 1628 3951 Sed
1658 3894 1819 3949 etiam
1859 3907 1976 3945 om-

407 4000 499 4054 nia
545 3997 828 4050 hominum
873 3993 1074 4056 studia,
1109 3991 1323 4045 vanitas
1356 3990 1655 4042 vanitatum
1700 3991 1862 4050 sunt;
1898 3989 1971 4044 et,

408 4091 657 4145 universa
692 4089 925 4150 vanitas,
994 4085 1162 4140 omnis
1209 4083 1359 4136 homo
1392 4082 1602 4143 vivens;
1640 4078 1774 4142 sive,
1808 4077 1974 4130 omnis

409 4181 563 4237 homo
591 4180 929 4242 constitutus,
975 4175 1275 4232 secundum
1317 4173 1603 4244 Aquilam;
1633 4171 1766 4232 sive,
1809 4170 1975 4222 omnis

410 4275 566 4329 homo
591 4281 762 4333 stans,
790 4268 1090 4324 secundum
1125 4265 1533 4338 Symmachum.
1557 4262 1691 4316 Nam
1718 4262 1810 4331 qui
1833 4276 1978 4315 nunc

411 4375 542 4430 stat,
580 4379 643 4418 ac
676 4361 927 4433 praesenti
973 4368 1215 4430 tempore
1248 4358 1413 4412 vitam
1456 4354 1722 4414 decurrit,
1763 4354 1978 4408 vanitas

411 4473 545 4515 sane
581 4456 766 4511 fuerit.
803 4453 862 4508 Si
897 4455 1079 4524 itaque
1112 4451 1261 4506 nulla
1286 4448 1598 4503 hominibus
1627 4447 1831 4500 inesset
1853 4461 1978 4516 spes

2073 3286 2257 3324 νευσε·
2290 3258 2399 3322 Καὶ
2438 3267 2476 3334 ἡ
2517 3263 2846 3328 κατάδυσις
2871 3279 2990 3332 μου
3024 3261 3103 3326 ὡς
3136 3261 3247 3312 οὐκ
3274 3257 3449 3311 ἔστιν
3473 3257 3652 3310 ἐναν‹

2073 3361 2203 3415 τίον
2235 3374 2383 3413 σου·
2428 3358 2456 3409 ό
2494 3355 2551 3408 δέ
2599 3353 2920 3424 Σύμμαχος·
2955 3350 3063 3405 Καὶ
3092 3351 3130 3416 ἡ
3159 3348 3379 3414 βίωσίς
3413 3364 3535 3416 μου
3577 3346 3652 3413 ὡς

2073 3448 2255 3502 οὐδὲν
2293 3445 2540 3513 ἀντικρύ
2574 3444 2789 3496 σου.Ὁ
2835 3443 2943 3513 γὰρ
2992 3442 3096 3503 πᾶς
3128 3440 3223 3510 τῆς
3257 3437 3400 3507 ζωῆς
3448 3435 3653 3507 ἀνθρώ-

2073 3557 2177 3594 που
2205 3538 2414 3610 χρόνος,
2447 3531 2934 3606 παραὸαλ).ὁμενος
2981 3533 3046 3601 τῇ
3090 3529 3182 3582 τοῦ
3233 3527 3366 3580 Θεοῦ
3397 3526 3532 3597 ζωῇ,
3562 3525 3652 3578 καὶ

2073 3635 2186 3695 τοῖς
2230 3630 2390 3684 αἰῶσι
2434 3633 2547 3692 τοῖς
2581 3629 2852 3700 ἀπείροις,
2882 3624 3068 3694 ὥσπερ
3095 3621 3252 3675 ούθέν
3279 3623 3393 3673 ἐστι
3423 3618 3650 3672 ἐνώπιον

2074 3721 2168 3775 τοῦ
2224 3721 2379 3775 Θεοῦ.
2434 3719 2525 3773 Διὸ
2576 3718 2808 3792 ἀλλαχοῦ
2857 3717 3100 3789 εἰ’ρηται’
3150 3717 3214 3766 Ol
3260 3711 3505 3780 οὐρανοὶ
3547 3712 3649 3765 ἀπ-

2074 3813 2353 3868 ολοῦνται
2373 3829 2386 3843 ·
2413 3811 2492 3866 σὺ
2517 3811 2585 3865 δὲ
2609 3810 2926 3879 διαμένεις,
2945 3807 3042 3860 καὶ
3073 3805 3293 3871 πάντες
3316 3806 3397 3871 ὡς
3427 3803 3650 3872 ἱμάτιον

2079 3904 2598 3970 παλαιωθήσονται
2623 3919 2635 3932 ο
2667 3903 2763 3954 καὶ
2794 3900 2936 3954 ὡσεὶ
2967 3900 3269 3967 περιϐολαί
3298 3895 3521 3961 ἑλίξεις
3546 3895 3644 3948 αὐ·

2077 3997 2238 4064 τοὺς,
2276 3996 2371 4050 καὶ
2407 3993 2878 4064 ἀλλαγήσονται.
2921 3990 3004 4046 Σὺ
3045 3989 3111 4043 δὲ
3147 3993 3179 4043 ὀ
3222 3988 3406 4055 αὐτὸς
3443 3984 3517 4052 εἴ,
3559 3987 3647 4039 καὶ

2076 4087 2147 4141 τὰ
2189 4088 2291 4154 ἐτη
2337 4103 2452 4140 σου
2498 4087 2609 4139 οὐκ
2653 4083 3067 4151 ἐκλείψουσιν.
3107 4079 3266 4133 Ἀλλὰ
3312 4079 3409 4133 καὶ
3445 4077 3646 4146 πᾶσαὴ

2077 4176 2227 4250 παρά
2241 4176 2548 4249 ἀνθρώποις
2572 4176 2774 4248 σπουδὴ
2801 4175 3096 4247 ματαιότης
3124 4170 3500 4242 ματαιοτήτων
3518 4168 3644 4228 ἐστὶ,

2079 4269 2192 4332 καὶ,
2229 4266 2300 4321 τὰ
2328 4268 2650 4337 σύμπαντα
2677 4265 3018 4335 ματαιότης,
3051 4260 3169 4328 πᾶς
3193 4260 3502 4327 ἄνθρωπος
3526 4254 3644 4318 ζῶν.

2080 4359 2135 4428 ἢ,
2169 4357 2286 4424 πᾶς
2310 4357 2618 4426 ἅνθρωπος
2642 4355 3078 4424 ἐστηλωμένος,
3098 4352 3239 4405 κατὰ
3262 4350 3352 4402 τὸν
3395 4348 3616 4401 Ἀκύλαν
3631 4362 3643 4375 ·

2079 4449 2135 4520 ἢ,
2160 4445 2277 4514 πᾶς
2296 4447 2606 4515 ἅνθρωπος
2626 4443 2834 4510 ἑστὼς,
2859 4442 2996 4497 κατὰ
3023 4443 3112 4497 τὸν
3140 4441 3452 4511 Σύμμαχον.
3472 4440 3528 4492 '0
3549 4437 3645 4506 γὰρ

411 4548 863 4612 immortalitatis,
913 4547 1033 4600 vita:
1079 4555 1292 4599 aeternae
1333 4557 1396 4596 ac
1438 4540 1591 4611 regni
1627 4541 1913 4603 caelorum,
1950 4555 1972 4594 ε

2082 4539 2174 4592 νῦν
2203 4537 2371 4602 ἑστὼς
2397 4538 2492 4591 καὶ
2516 4540 2543 4591 ό
2569 4536 2712 4591 κατὰ
2744 4537 2834 4589 τὸν
2858 4536 3096 4607 παρόντα
3126 4533 3313 4605 χρόνον
3333 4532 3436 4602 τὴν
3460 4528 3644 4598 θνητὴν

411 4657 474 4699 re
497 4658 628 4697 sane
662 4647 946 4710 putaretur
975 4637 1189 4692 vanitas
1218 4649 1339 4689 esse
1369 4632 1547 4687 omnis
1573 4633 1736 4686 homo
1761 4633 1968 4688 vivens.

2079 4633 2156 4686 ἔτι
2191 4631 2333 4703 ζωὴν
2369 4630 2657 4696 διεξανύων
2707 4629 3005 4701 ματαιότης
3049 4626 3113 4680 ἂν
3157 4626 3262 4696 εἴη.
3300 4625 3364 4678 El
3408 4623 3537 4693 γοῦν
3581 4618 3644 4689 μὴ

412 4735 666 4790 ἀπέκειτό
696 4751 777 4796 τις
807 4730 1112 4804 ἀνθρώποις
1156 4730 1308 4792 ἐλπὶς
1355 4727 1673 4794 ἀθανασίας,
1724 4730 1818 4782 καὶ
1866 4729 2008 4801 ζωῆς
2046 4729 2262 4783 αἰωνίου
2298 4727 2572 4798 βασιλείας
2599 4743 2655 4780 τε
2683 4723 2947 4796 οὐρανῶν,
2977 4722 3210 4790 εὐλόγως
3270 4720 3336 4774 ἂν
3402 4715 3640 4790 ἐνομίσθη

417 4828 643 4899 μάταιόν
676 4845 727 4880 τι
759 4823 896 4880 εἶναι
937 4827 1043 4887 πᾶς
1077 4823 1359 4894 ἄνθρωπος
1391 4821 1519 4884 ζῶν.

485 4921 652 4977 Vsus.
691 4922 768 4976 8-
805 4921 892 4975 i2.
933 4919 999 4973 Et
1032 4934 1167 4972 nunc
1211 4933 1326 4987 quoe
1363 4927 1440 4970 est
1474 4918 1793 4986 exspectatio
1840 4935 1982 4983 mea,

415 5031 584 5073 nonne
640 5014 934 5070 Dominus?
982 5019 1090 5067 etc.
1129 5009 1254 5064 Haec
1298 5024 1462 5079 porro
1513 5011 1592 5065 sic
1625 5011 1793 5065 edidit
1822 5011 1982 5083 Sym-

417 5104 684 5159 machus:
720 5102 876 5156 Nunc
906 5105 1068 5173 igitur
1112 5098 1235 5172 quid
1299 5110 1556 5169 exspecto,
1624 5100 1870 5158 Domine?
1904 5118 1983 5156 re-

421 5196 628 5249 mansio
684 5211 796 5248 mea
831 5195 887 5246 in
936 5203 984 5246 te
1039 5201 1131 5249 est.
1173 5192 1250 5246 Ab
1313 5191 1553 5246 omnibus
1610 5194 1986 5262 transgressio-

423 5286 574 5341 nibus
624 5287 750 5339 meis
805 5284 998 5340 redime
1062 5302 1169 5351 me,
1240 5284 1653 5354 exprobrabilem
1720 5284 1986 5352 insipienti

420 5392 488 5433 ne
529 5391 692 5446 ponas
725 5393 825 5431 me.
881 5375 1065 5430 Mutus
1110 5378 1285 5446 factus
1335 5391 1475 5440 sum,
1530 5391 1636 5428 non
1686 5375 1882 5443 aperies
1927 5393 1984 5431 os

425 5482 594 5520 meum
620 5482 638 5519 :
671 5475 724 5518 tu
754 5467 890 5520 enim
928 5467 1119 5535 fecisti.
1150 5465 1281 5522 Post
1314 5481 1378 5521 ea
1408 5481 1529 5536 quae
1562 5464 1815 5534 superius
1842 5465 1987 5520 dicta

425 5563 578 5621 sunt,
609 5555 706 5620 ait,
741 5555 879 5609 nihil
921 5555 1053 5609 mihi
1104 5557 1376 5623 relictum,
1411 5554 1658 5620 Domine,
1704 5554 1808 5610 nisi
1843 5562 1902 5609 ut
1935 5563 1986 5611 te

499 5737 544 5768 "
585 5733 718 5792 Gen.
757 5751 828 5800 Iv,
867 5735 919 5800 7,
965 5719 1074 5791 Sec.
1111 5733 1270 5792 LXX.
1349 5735 1393 5775 ’⁷
1436 5733 1574 5791 Psal.
1614 5750 1699 5800 ct,
1733 5733 1917 5803 27,9.8.

2155 4916 2263 4971 Kal
2288 4914 2403 4969 νῦν
2424 4916 2514 4981 τίς
2547 4916 2584 4983 ἡ
2615 4910 2886 4982 ὑπομονὴ
2911 4929 3049 4982 μου,
3074 4909 3205 4977 οὐχὶ
3234 4910 3482 4976 Κύριος;
3521 4907 3574 4958 ὐ
3593 4901 3639 4955 El

2089 5009 2380 5079 Σύμμαχος
2409 5007 2578 5071 οὕτως
2610 5006 2679 5059 τὰ
2709 5005 3041 5077 προκείμενα
3073 5001 3298 5066 ἐξέδωκε
3334 5001 3501 5072 ῥητά’
3528 4994 3638 5052 Νῦν

2087 5095 2200 5154 οὖν
2238 5100 2294 5152 τί
2332 5097 2664 5167 προσδοκῶ,
2710 5097 3014 5159 Δέσποτα;
3054 5097 3090 5162 ἠ
3125 5090 3394 5162 ἀναμονή
3423 5109 3536 5160 μου
3564 5091 3637 5150 εἰς

2091 5190 2163 5244 σέ
2205 5190 2392 5244 ἐστιν.
2412 5189 2545 5244 Ἀπὸ
2587 5187 2798 5242 πασῶν
2847 5186 2964 5240 τῶν
3010 5183 3266 5240 ἀθεσιῶν
3290 5201 3410 5253 μου
3441 5181 3635 5246 ἐξέλοι)

2088 5300 2184 5352 με,
2226 5281 2638 5336 ἐπονείδιστον
2690 5279 2899 5349 ἄφρονι
2937 5277 3022 5348 μὴ
3072 5277 3256 5346 τάξῃς
3300 5275 3633 5346 με.”Αλα.ίσς

2090 5374 2401 5443 ἐγενόμην,
2427 5375 2536 5427 οὐκ
2555 5372 2813 5436 ἀνοίξεις
2838 5371 3029 5439 στόμα
3052 5385 3192 5439 μου⁶
3219 5368 3300 5423 σὺ
3327 5369 3435 5436 γὰρ
3453 5363 3630 5426 ἐποίη-

2087 5483 2222 5533 σας.
2247 5466 2399 5520 Μετὰ
2425 5465 2492 5518 τὰ
2529 5463 2928 5536 προλελεγμένα
2951 5464 3148 5527 πάντα,
3173 5461 3358 5531 φησὶν,
3381 5457 3524 5512 οὐδέν
3555 5467 3629 5524 μοι

2087 5557 2352 5622 λείπεται,
2386 5550 2429 5613 ὦ
2464 5555 2718 5629 Κ-ύριε,ἢ
2768 5556 2825 5610 σὲ
2867 5554 3168 5626 προσδοκᾷν
3219 5551 3310 5607 καὶ
3358 5552 3440 5615 είς
3469 5548 3522 5603 σὲ
3548 5541 3630 5607 τὰς
