  <div class='ocr_page' id='page_1' title='image "/cluster/home/n/w/nwhite01/storage/ocr_20150623/23/mdp.39015078384396/182.png"; bbox 0 0 3822 6280; ppageno 0'>
   <div class='ocr_carea' id='block_1_1' title="bbox 160 333 3395 405">
    <p class='ocr_par' dir='ltr' id='par_1_1' title="bbox 160 333 3395 405">
     <span class='ocr_line' id='line_1_1' title="bbox 160 333 3395 405; baseline 0.002 -14"><span class='ocrx_word' id='word_1_1' title='bbox 160 341 259 397; x_wconf 73' lang='lat' dir='ltr'><strong>sta</strong></span> <span class='ocrx_word' id='word_1_2' title='bbox 1267 333 1773 393; x_wconf 74' lang='lat' dir='ltr'><strong>COMMENTARIA</strong></span> <span class='ocrx_word' id='word_1_3' title='bbox 1811 334 1880 393; x_wconf 75' lang='lat' dir='ltr'><strong>IN</strong></span> <span class='ocrx_word' id='word_1_4' title='bbox 1918 334 2267 394; x_wconf 70' lang='lat' dir='ltr'><strong>rsauos.</strong></span> <span class='ocrx_word' id='word_1_5' title='bbox 3290 351 3395 405; x_wconf 71' lang='lat'><strong>550</strong></span> 
     </span>
    </p>
   </div>
   <div class='ocr_carea' id='block_1_2' title="bbox 161 447 1670 532">
    <p class='ocr_par' dir='ltr' id='par_1_2' title="bbox 161 447 1667 526">
     <span class='ocr_line' id='line_1_2' title="bbox 161 447 1667 526; baseline -0.003 -16"><span class='ocrx_word' id='word_1_6' title='bbox 161 456 367 518; x_wconf 60' lang='grc' dir='ltr'>ἐλπίδας</span> <span class='ocrx_word' id='word_1_7' title='bbox 394 453 566 526; x_wconf 68' lang='grc' dir='ltr'><strong>ἔχειν·</strong></span> <span class='ocrx_word' id='word_1_8' title='bbox 591 447 745 525; x_wconf 83' lang='grc' dir='ltr'>παρὰ</span> <span class='ocrx_word' id='word_1_9' title='bbox 768 450 861 506; x_wconf 80' lang='grc' dir='ltr'><strong>σοῦ</strong></span> <span class='ocrx_word' id='word_1_10' title='bbox 891 450 1002 522; x_wconf 77' lang='grc' dir='ltr'><strong>γὰρ</strong></span> <span class='ocrx_word' id='word_1_11' title='bbox 1028 452 1127 524; x_wconf 79' lang='grc' dir='ltr'><strong>τῆς</strong></span> <span class='ocrx_word' id='word_1_12' title='bbox 1153 451 1335 523; x_wconf 81' lang='grc' dir='ltr'>ψυχῆς</span> <span class='ocrx_word' id='word_1_13' title='bbox 1359 455 1393 524; x_wconf 82' lang='grc' dir='ltr'><strong>η</strong></span> <span class='ocrx_word' id='word_1_14' title='bbox 1424 454 1667 508; x_wconf 83' lang='grc' dir='ltr'>ὑπόστασ</span> 
     </span>
    </p>
   </div>
   <div class='ocr_carea' id='block_1_3' title="bbox 1887 447 3396 532">
    <p class='ocr_par' dir='ltr' id='par_1_3' title="bbox 1889 453 3396 532">
     <span class='ocr_line' id='line_1_3' title="bbox 1889 453 3396 532; baseline 0.008 -25"><span class='ocrx_word' id='word_1_15' title='bbox 1889 460 2129 523; x_wconf 85' lang='lat' dir='ltr'><strong>spectem</strong></span> <span class='ocrx_word' id='word_1_16' title='bbox 2172 462 2226 510; x_wconf 90' lang='lat' dir='ltr'><strong>et</strong></span> <span class='ocrx_word' id='word_1_17' title='bbox 2273 453 2330 509; x_wconf 90' lang='lat' dir='ltr'><strong>in</strong></span> <span class='ocrx_word' id='word_1_18' title='bbox 2376 462 2429 510; x_wconf 92' lang='lat' dir='ltr'><strong>te</strong></span> <span class='ocrx_word' id='word_1_19' title='bbox 2468 469 2622 532; x_wconf 73' lang='lat' dir='ltr'><strong>spem</strong></span> <span class='ocrx_word' id='word_1_20' title='bbox 2673 456 2903 513; x_wconf 67' lang='lat' dir='ltr'><strong>habeam</strong></span> <span class='ocrx_word' id='word_1_21' title='bbox 2936 475 2953 514; x_wconf 87' lang='lat'><strong>:</strong></span> <span class='ocrx_word' id='word_1_22' title='bbox 2982 474 3111 515; x_wconf 77' lang='lat' dir='ltr'><strong>nam</strong></span> <span class='ocrx_word' id='word_1_23' title='bbox 3156 464 3300 532; x_wconf 74' lang='lat' dir='ltr'><strong>apud</strong></span> <span class='ocrx_word' id='word_1_24' title='bbox 3343 474 3396 520; x_wconf 82' lang='lat' dir='ltr'><strong>te</strong></span> 
     </span>
    </p>
   </div>
   <div class='ocr_carea' id='block_1_4' title="bbox 160 518 1669 622">
    <p class='ocr_par' dir='ltr' id='par_1_4' title="bbox 160 518 1669 617">
     <span class='ocr_line' id='line_1_4' title="bbox 160 518 1669 617; baseline -0.003 -15"><span class='ocrx_word' id='word_1_25' title='bbox 160 554 282 603; x_wconf 67' lang='lat' dir='ltr'><strong>tm.</strong></span> <span class='ocrx_word' id='word_1_26' title='bbox 319 546 408 599; x_wconf 82' lang='grc' dir='ltr'><strong>Διὸ</strong></span> <span class='ocrx_word' id='word_1_27' title='bbox 423 518 638 617; x_wconf 34' lang='grc' dir='ltr'>’.δέομαι</span> <span class='ocrx_word' id='word_1_28' title='bbox 666 518 759 598; x_wconf 77' lang='grc' dir='ltr'>καὶ</span> <span class='ocrx_word' id='word_1_29' title='bbox 790 518 1018 597; x_wconf 79' lang='grc' dir='ltr'>ἱκετεύω</span> <span class='ocrx_word' id='word_1_30' title='bbox 1047 518 1478 616; x_wconf 26' lang='grc' dir='ltr'>ὲλευτθερωθῆναι</span> <span class='ocrx_word' id='word_1_31' title='bbox 1516 561 1582 616; x_wconf 84' lang='grc' dir='ltr'><strong>με</strong></span> <span class='ocrx_word' id='word_1_32' title='bbox 1609 544 1669 597; x_wconf 73' lang='grc' dir='ltr'>τᾶ</span> 
     </span>
    </p>
   </div>
   <div class='ocr_carea' id='block_1_5' title="bbox 1887 518 3396 622">
    <p class='ocr_par' dir='ltr' id='par_1_5' title="bbox 1887 518 3396 622">
     <span class='ocr_line' id='line_1_5' title="bbox 1887 518 3396 622; baseline 0.007 -25"><span class='ocrx_word' id='word_1_33' title='bbox 1887 518 2254 599; x_wconf 46' lang='grc' dir='ltr'><strong>ι-ευὺειοηιίο</strong></span> <span class='ocrx_word' id='word_1_34' title='bbox 2288 518 2519 602; x_wconf 43' lang='lat' dir='ltr'><strong>animae:-</strong></span> <span class='ocrx_word' id='word_1_35' title='bbox 2561 546 2742 613; x_wconf 85' lang='lat' dir='ltr'><strong>Quare</strong></span> <span class='ocrx_word' id='word_1_36' title='bbox 2786 551 3035 620; x_wconf 86' lang='lat' dir='ltr'><strong>supplico</strong></span> <span class='ocrx_word' id='word_1_37' title='bbox 3067 566 3132 605; x_wconf 88' lang='lat' dir='ltr'><strong>ac</strong></span> <span class='ocrx_word' id='word_1_38' title='bbox 3163 518 3299 622; x_wconf 67' lang='lat' dir='ltr'><strong>rogo</strong></span> <span class='ocrx_word' id='word_1_39' title='bbox 3326 518 3396 607; x_wconf 57' lang='lat' dir='ltr'><strong>li;</strong></span> 
     </span>
    </p>
   </div>
   <div class='ocr_carea' id='block_1_6' title="bbox 161 632 1670 710">
    <p class='ocr_par' dir='ltr' id='par_1_6' title="bbox 161 634 1670 709">
     <span class='ocr_line' id='line_1_6' title="bbox 161 634 1670 709; baseline -0.003 -16"><span class='ocrx_word' id='word_1_40' title='bbox 161 639 272 709; x_wconf 68' lang='grc' dir='ltr'>τῇδε</span> <span class='ocrx_word' id='word_1_41' title='bbox 316 636 527 700; x_wconf 84' lang='grc' dir='ltr'>κακῶν,</span> <span class='ocrx_word' id='word_1_42' title='bbox 552 636 643 690; x_wconf 72' lang='grc' dir='ltr'>καὶ</span> <span class='ocrx_word' id='word_1_43' title='bbox 686 636 794 689; x_wconf 85' lang='grc' dir='ltr'><strong>τῶν</strong></span> <span class='ocrx_word' id='word_1_44' title='bbox 842 634 1079 707; x_wconf 79' lang='grc' dir='ltr'><strong>ἀνομιῶν</strong></span> <span class='ocrx_word' id='word_1_45' title='bbox 1112 652 1214 707; x_wconf 91' lang='grc' dir='ltr'><strong>μου</strong></span> <span class='ocrx_word' id='word_1_46' title='bbox 1247 636 1670 707; x_wconf 78' lang='grc' dir='ltr'>ῥυσθῆναι.Ἃπο</span> 
     </span>
    </p>
   </div>
   <div class='ocr_carea' id='block_1_7' title="bbox 1885 632 3394 710">
    <p class='ocr_par' dir='ltr' id='par_1_7' title="bbox 1885 635 3394 710">
     <span class='ocr_line' id='line_1_7' title="bbox 1885 635 3394 710; baseline 0.009 -24"><span class='ocrx_word' id='word_1_47' title='bbox 1885 635 2005 689; x_wconf 77' lang='lat' dir='ltr'><strong>:rari</strong></span> <span class='ocrx_word' id='word_1_48' title='bbox 2037 650 2123 691; x_wconf 91' lang='lat' dir='ltr'><strong>me</strong></span> <span class='ocrx_word' id='word_1_49' title='bbox 2153 636 2222 691; x_wconf 88' lang='lat' dir='ltr'><strong>ab</strong></span> <span class='ocrx_word' id='word_1_50' title='bbox 2262 636 2413 692; x_wconf 84' lang='lat' dir='ltr'><strong>hisce</strong></span> <span class='ocrx_word' id='word_1_51' title='bbox 2441 636 2624 701; x_wconf 88' lang='lat' dir='ltr'><strong>malis,</strong></span> <span class='ocrx_word' id='word_1_52' title='bbox 2655 644 2712 692; x_wconf 92' lang='lat' dir='ltr'><strong>et</strong></span> <span class='ocrx_word' id='word_1_53' title='bbox 2745 638 2813 692; x_wconf 89' lang='lat' dir='ltr'><strong>ab</strong></span> <span class='ocrx_word' id='word_1_54' title='bbox 2841 639 3225 710; x_wconf 73' lang='lat' dir='ltr'><strong>iniquitatibus</strong></span> <span class='ocrx_word' id='word_1_55' title='bbox 3258 646 3394 701; x_wconf 86' lang='lat' dir='ltr'><strong>meis</strong></span> 
     </span>
    </p>
   </div>
   <div class='ocr_carea' id='block_1_8' title="bbox 159 714 1668 804">
    <p class='ocr_par' dir='ltr' id='par_1_8' title="bbox 159 721 1668 801">
     <span class='ocr_line' id='line_1_8' title="bbox 159 721 1668 801; baseline -0.003 -17"><span class='ocrx_word' id='word_1_56' title='bbox 159 731 255 800; x_wconf 80' lang='grc' dir='ltr'><strong>γὰρ</strong></span> <span class='ocrx_word' id='word_1_57' title='bbox 280 729 672 800; x_wconf 82' lang='grc' dir='ltr'><strong>περιπέπτωκα</strong></span> <span class='ocrx_word' id='word_1_58' title='bbox 702 728 916 801; x_wconf 79' lang='grc' dir='ltr'><strong>ἄφρονι,</strong></span> <span class='ocrx_word' id='word_1_59' title='bbox 947 728 1075 800; x_wconf 79' lang='grc' dir='ltr'><strong>περὶ</strong></span> <span class='ocrx_word' id='word_1_60' title='bbox 1101 721 1163 783; x_wconf 77' lang='grc' dir='ltr'>οὗ</span> <span class='ocrx_word' id='word_1_61' title='bbox 1194 731 1287 783; x_wconf 75' lang='grc' dir='ltr'><strong>καὶ</strong></span> <span class='ocrx_word' id='word_1_62' title='bbox 1318 729 1575 801; x_wconf 82' lang='grc' dir='ltr'><strong>ἀνωτέρω</strong></span> <span class='ocrx_word' id='word_1_63' title='bbox 1603 729 1668 782; x_wconf 74' lang='grc' dir='ltr'><strong>ελε</strong></span> 
     </span>
    </p>
   </div>
   <div class='ocr_carea' id='block_1_9' title="bbox 1882 714 3391 804">
    <p class='ocr_par' dir='ltr' id='par_1_9' title="bbox 1882 714 3391 804">
     <span class='ocr_line' id='line_1_9' title="bbox 1882 714 3391 804; baseline 0.01 -28"><span class='ocrx_word' id='word_1_64' title='bbox 1882 724 1978 794; x_wconf 88' lang='lat' dir='ltr'><strong>ipi.</strong></span> <span class='ocrx_word' id='word_1_65' title='bbox 2024 723 2201 780; x_wconf 86' lang='lat' dir='ltr'><strong>Semel</strong></span> <span class='ocrx_word' id='word_1_66' title='bbox 2230 714 2374 781; x_wconf 77' lang='lat' dir='ltr'><strong>enim</strong></span> <span class='ocrx_word' id='word_1_67' title='bbox 2421 726 2765 797; x_wconf 78' lang='lat' dir='ltr'><strong>insipientem</strong></span> <span class='ocrx_word' id='word_1_68' title='bbox 2808 728 3009 785; x_wconf 85' lang='lat' dir='ltr'><strong>oll‘endi</strong></span> <span class='ocrx_word' id='word_1_69' title='bbox 3038 736 3106 787; x_wconf 91' lang='lat' dir='ltr'><strong>de</strong></span> <span class='ocrx_word' id='word_1_70' title='bbox 3148 750 3257 804; x_wconf 90' lang='lat' dir='ltr'><strong>quo</strong></span> <span class='ocrx_word' id='word_1_71' title='bbox 3297 752 3391 791; x_wconf 90' lang='lat' dir='ltr'><strong>su-</strong></span> 
     </span>
    </p>
   </div>
   <div class='ocr_carea' id='block_1_10' title="bbox 159 815 1668 889">
    <p class='ocr_par' dir='ltr' id='par_1_10' title="bbox 159 818 1668 889">
     <span class='ocr_line' id='line_1_10' title="bbox 159 818 1668 889; baseline -0.001 -15"><span class='ocrx_word' id='word_1_72' title='bbox 159 838 269 889; x_wconf 81' lang='grc' dir='ltr'><strong>γον·</strong></span> <span class='ocrx_word' id='word_1_73' title='bbox 308 821 408 874; x_wconf 79' lang='grc' dir='ltr'><em>Ἐν</em></span> <span class='ocrx_word' id='word_1_74' title='bbox 456 818 539 885; x_wconf 83' lang='grc' dir='ltr'><strong>τῷ</strong></span> <span class='ocrx_word' id='word_1_75' title='bbox 577 820 880 888; x_wconf 79' lang='grc' dir='ltr'><strong>συστῆναι</strong></span> <span class='ocrx_word' id='word_1_76' title='bbox 923 819 1032 874; x_wconf 82' lang='grc' dir='ltr'><strong>τὸν</strong></span> <span class='ocrx_word' id='word_1_77' title='bbox 1067 820 1416 889; x_wconf 70' lang='grc' dir='ltr'>ἁμαρτωλὸν</span> <span class='ocrx_word' id='word_1_78' title='bbox 1462 820 1668 874; x_wconf 70' lang='grc' dir='ltr'><strong>ὲνώπιό</strong></span> 
     </span>
    </p>
   </div>
   <div class='ocr_carea' id='block_1_11' title="bbox 1880 815 3389 889">
    <p class='ocr_par' dir='ltr' id='par_1_11' title="bbox 1880 815 3389 889">
     <span class='ocr_line' id='line_1_11' title="bbox 1880 815 3389 889; baseline 0.008 -20"><span class='ocrx_word' id='word_1_79' title='bbox 1880 815 2006 871; x_wconf 79' lang='lat' dir='ltr'><strong>:rius</strong></span> <span class='ocrx_word' id='word_1_80' title='bbox 2038 815 2283 873; x_wconf 81' lang='lat' dir='ltr'><strong>dicebam</strong></span> <span class='ocrx_word' id='word_1_81' title='bbox 2315 838 2326 873; x_wconf 94' lang='lat'>:</span> <span class='ocrx_word' id='word_1_82' title='bbox 2358 816 2490 873; x_wconf 86' lang='lat' dir='ltr'><strong>Cum</strong></span> <span class='ocrx_word' id='word_1_83' title='bbox 2517 821 2825 874; x_wconf 70' lang='lat' dir='ltr'><strong>consisteret</strong></span> <span class='ocrx_word' id='word_1_84' title='bbox 2846 832 3087 889; x_wconf 85' lang='lat' dir='ltr'><strong>peccator</strong></span> <span class='ocrx_word' id='word_1_85' title='bbox 3112 824 3389 881; x_wconf 88' lang='lat' dir='ltr'><strong>adversum</strong></span> 
     </span>
    </p>
   </div>
   <div class='ocr_carea' id='block_1_12' title="bbox 156 908 1665 983">
    <p class='ocr_par' dir='ltr' id='par_1_12' title="bbox 156 910 1665 983">
     <span class='ocr_line' id='line_1_12' title="bbox 156 910 1665 983; baseline 0 -17"><span class='ocrx_word' id='word_1_86' title='bbox 156 931 277 983; x_wconf 82' lang='grc' dir='ltr'>μου,</span> <span class='ocrx_word' id='word_1_87' title='bbox 313 910 654 981; x_wconf 75' lang='grc' dir='ltr'>ἐκωφώθην,</span> <span class='ocrx_word' id='word_1_88' title='bbox 682 912 782 965; x_wconf 74' lang='grc' dir='ltr'>καὶ</span> <span class='ocrx_word' id='word_1_89' title='bbox 810 912 1211 980; x_wconf 78' lang='grc' dir='ltr'><strong>ἐταπεινώθην</strong></span> <span class='ocrx_word' id='word_1_90' title='bbox 1236 913 1335 967; x_wconf 73' lang='grc' dir='ltr'>καὶ</span> <span class='ocrx_word' id='word_1_91' title='bbox 1362 914 1620 983; x_wconf 69' lang='grc' dir='ltr'><strong>ὲσίγησα</strong></span> <span class='ocrx_word' id='word_1_92' title='bbox 1643 913 1665 966; x_wconf 82' lang='grc' dir='ltr'><em>ἐ</em></span> 
     </span>
    </p>
   </div>
   <div class='ocr_carea' id='block_1_13' title="bbox 1876 908 3385 983">
    <p class='ocr_par' dir='ltr' id='par_1_13' title="bbox 1876 908 3385 977">
     <span class='ocr_line' id='line_1_13' title="bbox 1876 908 3385 977; baseline 0.011 -18"><span class='ocrx_word' id='word_1_93' title='bbox 1876 922 1924 971; x_wconf 88' lang='lat' dir='ltr'><strong>e,</strong></span> <span class='ocrx_word' id='word_1_94' title='bbox 1965 908 2201 962; x_wconf 81' lang='lat' dir='ltr'><strong>obmutui</strong></span> <span class='ocrx_word' id='word_1_95' title='bbox 2242 919 2291 963; x_wconf 91' lang='lat' dir='ltr'><strong>et</strong></span> <span class='ocrx_word' id='word_1_96' title='bbox 2324 910 2637 965; x_wconf 78' lang='lat' dir='ltr'><strong>humiliatus</strong></span> <span class='ocrx_word' id='word_1_97' title='bbox 2683 929 2821 977; x_wconf 86' lang='lat' dir='ltr'><strong>sum,</strong></span> <span class='ocrx_word' id='word_1_98' title='bbox 2859 923 2908 967; x_wconf 90' lang='lat' dir='ltr'><strong>et</strong></span> <span class='ocrx_word' id='word_1_99' title='bbox 2949 916 3075 970; x_wconf 81' lang='lat' dir='ltr'><strong>silui</strong></span> <span class='ocrx_word' id='word_1_100' title='bbox 3130 933 3160 970; x_wconf 82' lang='grc' dir='ltr'><strong>α</strong></span> <span class='ocrx_word' id='word_1_101' title='bbox 3215 920 3385 975; x_wconf 87' lang='lat' dir='ltr'><strong>bonis.</strong></span> 
     </span>
    </p>
   </div>
   <div class='ocr_carea' id='block_1_14' title="bbox 157 998 1666 1078">
    <p class='ocr_par' dir='ltr' id='par_1_14' title="bbox 157 1002 1666 1078">
     <span class='ocr_line' id='line_1_14' title="bbox 157 1002 1666 1078; baseline -0.002 -19"><span class='ocrx_word' id='word_1_102' title='bbox 157 1002 390 1074; x_wconf 72' lang='grc' dir='ltr'><strong>ἀγαθῶν.</strong></span> <span class='ocrx_word' id='word_1_103' title='bbox 432 1004 641 1057; x_wconf 77' lang='grc' dir='ltr'>Αὐτίκα</span> <span class='ocrx_word' id='word_1_104' title='bbox 670 1006 798 1074; x_wconf 80' lang='grc' dir='ltr'><strong>γοῦν</strong></span> <span class='ocrx_word' id='word_1_105' title='bbox 841 1005 1118 1077; x_wconf 83' lang='grc' dir='ltr'>ἀφροσύνῃ</span> <span class='ocrx_word' id='word_1_106' title='bbox 1150 1004 1473 1078; x_wconf 70' lang='grc' dir='ltr'><strong>παραδοθεὶς</strong></span> <span class='ocrx_word' id='word_1_107' title='bbox 1515 1006 1666 1074; x_wconf 73' lang='grc' dir='ltr'><strong>γέγον</strong></span> 
     </span>
    </p>
   </div>
   <div class='ocr_carea' id='block_1_15' title="bbox 1879 998 3388 1078">
    <p class='ocr_par' dir='ltr' id='par_1_15' title="bbox 1879 998 3388 1078">
     <span class='ocr_line' id='line_1_15' title="bbox 1879 998 3388 1078; baseline 0.01 -26"><span class='ocrx_word' id='word_1_108' title='bbox 1879 998 2125 1054; x_wconf 79' lang='lat' dir='ltr'><strong>onlestim</strong></span> <span class='ocrx_word' id='word_1_109' title='bbox 2179 1001 2362 1072; x_wconf 83' lang='lat' dir='ltr'><strong>itaque</strong></span> <span class='ocrx_word' id='word_1_110' title='bbox 2411 1003 2742 1073; x_wconf 73' lang='lat' dir='ltr'><strong>insipientia:</strong></span> <span class='ocrx_word' id='word_1_111' title='bbox 2786 1006 3047 1072; x_wconf 87' lang='lat' dir='ltr'><strong>traditus,</strong></span> <span class='ocrx_word' id='word_1_112' title='bbox 3090 1010 3388 1078; x_wconf 88' lang='lat' dir='ltr'><strong>probrosus</strong></span> 
     </span>
    </p>
   </div>
   <div class='ocr_carea' id='block_1_16' title="bbox 159 1092 1668 1169">
    <p class='ocr_par' dir='ltr' id='par_1_16' title="bbox 159 1094 1668 1169">
     <span class='ocr_line' id='line_1_16' title="bbox 159 1094 1668 1169; baseline -0.001 -19"><span class='ocrx_word' id='word_1_113' title='bbox 159 1096 494 1159; x_wconf 67' lang='grc' dir='ltr'>ἐπονείδιστος</span> <span class='ocrx_word' id='word_1_114' title='bbox 511 1114 524 1127; x_wconf 91' lang='grc'><strong>·</strong></span> <span class='ocrx_word' id='word_1_115' title='bbox 558 1098 783 1161; x_wconf 69' lang='grc' dir='ltr'>εἰκότως</span> <span class='ocrx_word' id='word_1_116' title='bbox 815 1094 926 1161; x_wconf 80' lang='grc' dir='ltr'>οὖν,</span> <span class='ocrx_word' id='word_1_117' title='bbox 949 1100 1024 1164; x_wconf 89' lang='grc' dir='ltr'>ὼς</span> <span class='ocrx_word' id='word_1_118' title='bbox 1050 1100 1115 1153; x_wconf 81' lang='grc' dir='ltr'>ἂν</span> <span class='ocrx_word' id='word_1_119' title='bbox 1142 1098 1503 1169; x_wconf 84' lang='grc' dir='ltr'>γνωσιμαχῶν</span> <span class='ocrx_word' id='word_1_120' title='bbox 1526 1098 1609 1167; x_wconf 75' lang='grc' dir='ltr'><strong>ἐφ’</strong></span> <span class='ocrx_word' id='word_1_121' title='bbox 1631 1094 1668 1151; x_wconf 60' lang='grc' dir='ltr'><strong>οἲ</strong></span> 
     </span>
    </p>
   </div>
   <div class='ocr_carea' id='block_1_17' title="bbox 1876 1092 3385 1169">
    <p class='ocr_par' dir='ltr' id='par_1_17' title="bbox 1876 1092 3385 1166">
     <span class='ocr_line' id='line_1_17' title="bbox 1876 1092 3385 1166; baseline 0.007 -20"><span class='ocrx_word' id='word_1_122' title='bbox 1876 1092 2043 1149; x_wconf 83' lang='lat' dir='ltr'><strong>lectus</strong></span> <span class='ocrx_word' id='word_1_123' title='bbox 2077 1111 2196 1149; x_wconf 92' lang='lat' dir='ltr'><strong>sum</strong></span> <span class='ocrx_word' id='word_1_124' title='bbox 2227 1114 2240 1149; x_wconf 91' lang='lat'><strong>:</strong></span> <span class='ocrx_word' id='word_1_125' title='bbox 2280 1095 2403 1164; x_wconf 89' lang='lat' dir='ltr'><strong>jure</strong></span> <span class='ocrx_word' id='word_1_126' title='bbox 2447 1111 2577 1165; x_wconf 82' lang='lat' dir='ltr'><strong>ergo</strong></span> <span class='ocrx_word' id='word_1_127' title='bbox 2612 1107 2894 1166; x_wconf 90' lang='lat' dir='ltr'><strong>peccatum</strong></span> <span class='ocrx_word' id='word_1_128' title='bbox 2930 1108 2984 1154; x_wconf 93' lang='lat' dir='ltr'><strong>et</strong></span> <span class='ocrx_word' id='word_1_129' title='bbox 3015 1100 3385 1157; x_wconf 80' lang='lat' dir='ltr'><strong>inﬁrmitatem</strong></span> 
     </span>
    </p>
   </div>
   <div class='ocr_carea' id='block_1_18' title="bbox 157 1187 1666 1261">
    <p class='ocr_par' dir='ltr' id='par_1_18' title="bbox 157 1187 1666 1258">
     <span class='ocr_line' id='line_1_18' title="bbox 157 1187 1666 1258; baseline 0 -17"><span class='ocrx_word' id='word_1_130' title='bbox 157 1189 395 1258; x_wconf 68' lang='grc' dir='ltr'>ἥμαρτον,</span> <span class='ocrx_word' id='word_1_131' title='bbox 426 1187 750 1257; x_wconf 72' lang='grc' dir='ltr'>ἐκωερώθην</span> <span class='ocrx_word' id='word_1_132' title='bbox 771 1189 867 1243; x_wconf 77' lang='grc' dir='ltr'>καὶ</span> <span class='ocrx_word' id='word_1_133' title='bbox 890 1192 1000 1244; x_wconf 85' lang='grc' dir='ltr'>οὐκ</span> <span class='ocrx_word' id='word_1_134' title='bbox 1028 1188 1240 1258; x_wconf 77' lang='grc' dir='ltr'>ἦνοιξα</span> <span class='ocrx_word' id='word_1_135' title='bbox 1260 1189 1326 1242; x_wconf 80' lang='grc' dir='ltr'><strong>τό</strong></span> <span class='ocrx_word' id='word_1_136' title='bbox 1363 1189 1553 1257; x_wconf 83' lang='grc' dir='ltr'><em>στόμα</em></span> <span class='ocrx_word' id='word_1_137' title='bbox 1568 1206 1666 1256; x_wconf 78' lang='grc' dir='ltr'>μοι</span> 
     </span>
    </p>
   </div>
   <div class='ocr_carea' id='block_1_19' title="bbox 1875 1187 3384 1261">
    <p class='ocr_par' dir='ltr' id='par_1_19' title="bbox 1875 1190 3384 1261">
     <span class='ocr_line' id='line_1_19' title="bbox 1875 1190 3384 1261; baseline 0.005 -21"><span class='ocrx_word' id='word_1_138' title='bbox 1875 1202 2121 1251; x_wconf 68' lang='lat' dir='ltr'><strong>{noscens</strong></span> <span class='ocrx_word' id='word_1_139' title='bbox 2152 1203 2348 1251; x_wconf 85' lang='lat' dir='ltr'><strong>meam,</strong></span> <span class='ocrx_word' id='word_1_140' title='bbox 2390 1190 2623 1243; x_wconf 80' lang='lat' dir='ltr'><strong>obmutui</strong></span> <span class='ocrx_word' id='word_1_141' title='bbox 2648 1201 2694 1245; x_wconf 86' lang='lat' dir='ltr'><strong>et</strong></span> <span class='ocrx_word' id='word_1_142' title='bbox 2738 1208 2841 1244; x_wconf 87' lang='lat' dir='ltr'><strong>non</strong></span> <span class='ocrx_word' id='word_1_143' title='bbox 2875 1194 3056 1260; x_wconf 88' lang='lat' dir='ltr'><strong>aperui</strong></span> <span class='ocrx_word' id='word_1_144' title='bbox 3106 1211 3163 1248; x_wconf 88' lang='lat' dir='ltr'><strong>os</strong></span> <span class='ocrx_word' id='word_1_145' title='bbox 3194 1210 3384 1261; x_wconf 88' lang='lat' dir='ltr'><strong>meum,</strong></span> 
     </span>
    </p>
   </div>
   <div class='ocr_carea' id='block_1_20' title="bbox 158 1279 1667 1352">
    <p class='ocr_par' dir='ltr' id='par_1_20' title="bbox 158 1279 1667 1352">
     <span class='ocr_line' id='line_1_20' title="bbox 158 1279 1667 1352; baseline 0 -20"><span class='ocrx_word' id='word_1_146' title='bbox 158 1279 233 1332; x_wconf 82' lang='grc' dir='ltr'><strong>ὅτι</strong></span> <span class='ocrx_word' id='word_1_147' title='bbox 269 1280 343 1332; x_wconf 89' lang='grc' dir='ltr'><strong>σὺ</strong></span> <span class='ocrx_word' id='word_1_148' title='bbox 387 1281 776 1347; x_wconf 71' lang='grc' dir='ltr'>ἐποίησας-,Ὀ</span> <span class='ocrx_word' id='word_1_149' title='bbox 823 1281 930 1352; x_wconf 82' lang='grc' dir='ltr'>γάρ</span> <span class='ocrx_word' id='word_1_150' title='bbox 982 1282 1072 1345; x_wconf 74' lang='grc' dir='ltr'><strong>σὸς</strong></span> <span class='ocrx_word' id='word_1_151' title='bbox 1124 1281 1286 1350; x_wconf 76' lang='grc' dir='ltr'>φόϐος</span> <span class='ocrx_word' id='word_1_152' title='bbox 1334 1279 1594 1349; x_wconf 73' lang='grc' dir='ltr'>κωςρῶσαί</span> <span class='ocrx_word' id='word_1_153' title='bbox 1640 1297 1667 1350; x_wconf 82' lang='grc' dir='ltr'><strong>μ</strong></span> 
     </span>
    </p>
   </div>
   <div class='ocr_carea' id='block_1_21' title="bbox 1877 1279 3386 1352">
    <p class='ocr_par' dir='ltr' id='par_1_21' title="bbox 1877 1280 3386 1346">
     <span class='ocr_line' id='line_1_21' title="bbox 1877 1280 3386 1346; baseline 0.009 -17"><span class='ocrx_word' id='word_1_154' title='bbox 1877 1280 2062 1333; x_wconf 78' lang='lat' dir='ltr'><strong>:oniam</strong></span> <span class='ocrx_word' id='word_1_155' title='bbox 2098 1291 2152 1333; x_wconf 92' lang='lat' dir='ltr'><strong>tu</strong></span> <span class='ocrx_word' id='word_1_156' title='bbox 2180 1281 2369 1346; x_wconf 76' lang='lat' dir='ltr'><strong>fecisti.</strong></span> <span class='ocrx_word' id='word_1_157' title='bbox 2394 1281 2583 1337; x_wconf 87' lang='lat' dir='ltr'><strong>Timor</strong></span> <span class='ocrx_word' id='word_1_158' title='bbox 2614 1285 2759 1338; x_wconf 86' lang='lat' dir='ltr'><strong>enim</strong></span> <span class='ocrx_word' id='word_1_159' title='bbox 2790 1285 2865 1338; x_wconf 90' lang='lat' dir='ltr'><strong>tui</strong></span> <span class='ocrx_word' id='word_1_160' title='bbox 2900 1301 2985 1338; x_wconf 92' lang='lat' dir='ltr'><strong>me</strong></span> <span class='ocrx_word' id='word_1_161' title='bbox 3010 1287 3386 1342; x_wconf 87' lang='lat' dir='ltr'><strong>obmutescere</strong></span> 
     </span>
    </p>
   </div>
   <div class='ocr_carea' id='block_1_22' title="bbox 158 1366 1667 1447">
    <p class='ocr_par' dir='ltr' id='par_1_22' title="bbox 158 1366 1667 1444">
     <span class='ocr_line' id='line_1_22' title="bbox 158 1366 1667 1444; baseline 0 -20"><span class='ocrx_word' id='word_1_162' title='bbox 158 1372 373 1442; x_wconf 70' lang='grc' dir='ltr'>εποίησε,</span> <span class='ocrx_word' id='word_1_163' title='bbox 404 1372 657 1442; x_wconf 81' lang='grc' dir='ltr'>πλήττων</span> <span class='ocrx_word' id='word_1_164' title='bbox 696 1389 762 1443; x_wconf 92' lang='grc' dir='ltr'><strong>με</strong></span> <span class='ocrx_word' id='word_1_165' title='bbox 809 1374 896 1441; x_wconf 60' lang='grc' dir='ltr'><strong>ἐφ’</strong></span> <span class='ocrx_word' id='word_1_166' title='bbox 928 1366 1009 1436; x_wconf 74' lang='grc' dir='ltr'>οἷς</span> <span class='ocrx_word' id='word_1_167' title='bbox 1046 1373 1312 1444; x_wconf 81' lang='grc' dir='ltr'>ἥμαρτον,</span> <span class='ocrx_word' id='word_1_168' title='bbox 1348 1372 1442 1425; x_wconf 76' lang='grc' dir='ltr'>καὶ</span> <span class='ocrx_word' id='word_1_169' title='bbox 1481 1388 1667 1425; x_wconf 85' lang='grc' dir='ltr'>κατασι</span> 
     </span>
    </p>
   </div>
   <div class='ocr_carea' id='block_1_23' title="bbox 1877 1366 3386 1447">
    <p class='ocr_par' dir='ltr' id='par_1_23' title="bbox 1877 1372 3386 1447">
     <span class='ocr_line' id='line_1_23' title="bbox 1877 1372 3386 1447; baseline 0.007 -23"><span class='ocrx_word' id='word_1_170' title='bbox 1877 1372 1963 1435; x_wconf 85' lang='lat' dir='ltr'><strong>cit,</strong></span> <span class='ocrx_word' id='word_1_171' title='bbox 2001 1387 2195 1442; x_wconf 89' lang='lat' dir='ltr'><strong>meque</strong></span> <span class='ocrx_word' id='word_1_172' title='bbox 2231 1374 2302 1428; x_wconf 90' lang='lat' dir='ltr'><strong>ob</strong></span> <span class='ocrx_word' id='word_1_173' title='bbox 2357 1384 2582 1443; x_wconf 88' lang='lat' dir='ltr'><strong>peccata</strong></span> <span class='ocrx_word' id='word_1_174' title='bbox 2633 1391 2752 1430; x_wconf 89' lang='lat' dir='ltr'><strong>mea</strong></span> <span class='ocrx_word' id='word_1_175' title='bbox 2788 1378 3037 1447; x_wconf 90' lang='lat' dir='ltr'><strong>perculit,</strong></span> <span class='ocrx_word' id='word_1_176' title='bbox 3095 1385 3149 1432; x_wconf 90' lang='lat' dir='ltr'><strong>et</strong></span> <span class='ocrx_word' id='word_1_177' title='bbox 3200 1385 3386 1435; x_wconf 84' lang='lat' dir='ltr'><strong>tacere</strong></span> 
     </span>
    </p>
   </div>
   <div class='ocr_carea' id='block_1_24' title="bbox 156 1460 1665 1541">
    <p class='ocr_par' dir='ltr' id='par_1_24' title="bbox 156 1460 1665 1534">
     <span class='ocr_line' id='line_1_24' title="bbox 156 1460 1665 1534; baseline -0.003 -15"><span class='ocrx_word' id='word_1_178' title='bbox 156 1462 311 1530; x_wconf 70' lang='grc' dir='ltr'>γάζων</span> <span class='ocrx_word' id='word_1_179' title='bbox 338 1463 472 1534; x_wconf 75' lang='grc' dir='ltr'>πρὸς</span> <span class='ocrx_word' id='word_1_180' title='bbox 508 1463 571 1516; x_wconf 82' lang='grc' dir='ltr'>τδ</span> <span class='ocrx_word' id='word_1_181' title='bbox 600 1463 672 1534; x_wconf 79' lang='grc' dir='ltr'>μὴ</span> <span class='ocrx_word' id='word_1_182' title='bbox 708 1463 1062 1532; x_wconf 79' lang='grc' dir='ltr'><strong>φθέγγεσθαι.</strong></span> <span class='ocrx_word' id='word_1_183' title='bbox 1082 1464 1225 1517; x_wconf 71' lang='grc' dir='ltr'><strong>Ἀντὶ</strong></span> <span class='ocrx_word' id='word_1_184' title='bbox 1254 1463 1310 1516; x_wconf 80' lang='grc' dir='ltr'>δὲ</span> <span class='ocrx_word' id='word_1_185' title='bbox 1334 1462 1448 1525; x_wconf 80' lang='grc' dir='ltr'>τοῦ,</span> <span class='ocrx_word' id='word_1_186' title='bbox 1479 1460 1665 1515; x_wconf 80' lang='grc' dir='ltr'><strong>ὅνειδο</strong></span> 
     </span>
    </p>
   </div>
   <div class='ocr_carea' id='block_1_25' title="bbox 1875 1460 3384 1541">
    <p class='ocr_par' dir='ltr' id='par_1_25' title="bbox 1875 1464 3384 1541">
     <span class='ocr_line' id='line_1_25' title="bbox 1875 1464 3384 1541; baseline 0.006 -24"><span class='ocrx_word' id='word_1_187' title='bbox 1875 1464 1963 1526; x_wconf 89' lang='lat' dir='ltr'><strong>cit,</strong></span> <span class='ocrx_word' id='word_1_188' title='bbox 2001 1472 2061 1518; x_wconf 92' lang='lat' dir='ltr'><strong>ut</strong></span> <span class='ocrx_word' id='word_1_189' title='bbox 2092 1482 2198 1520; x_wconf 89' lang='lat' dir='ltr'><strong>non</strong></span> <span class='ocrx_word' id='word_1_190' title='bbox 2229 1466 2370 1519; x_wconf 89' lang='lat' dir='ltr'><strong>ultra</strong></span> <span class='ocrx_word' id='word_1_191' title='bbox 2403 1468 2673 1536; x_wconf 85' lang='lat' dir='ltr'><strong>loquerer.</strong></span> <span class='ocrx_word' id='word_1_192' title='bbox 2702 1468 2806 1523; x_wconf 88' lang='lat' dir='ltr'><strong>Pro</strong></span> <span class='ocrx_word' id='word_1_193' title='bbox 2836 1471 2929 1523; x_wconf 91' lang='lat' dir='ltr'><strong>illo</strong></span> <span class='ocrx_word' id='word_1_194' title='bbox 2958 1477 3162 1533; x_wconf 88' lang='lat' dir='ltr'><strong>autem,</strong></span> <span class='ocrx_word' id='word_1_195' title='bbox 3191 1486 3384 1541; x_wconf 80' lang='lat' dir='ltr'><strong>oppro-</strong></span> 
     </span>
    </p>
   </div>
   <div class='ocr_carea' id='block_1_26' title="bbox 157 1553 1666 1632">
    <p class='ocr_par' dir='ltr' id='par_1_26' title="bbox 157 1553 1666 1626">
     <span class='ocr_line' id='line_1_26' title="bbox 157 1553 1666 1626; baseline -0.001 -18"><span class='ocrx_word' id='word_1_196' title='bbox 157 1554 339 1623; x_wconf 61' lang='grc' dir='ltr'><strong>ἄφρονι</strong></span> <span class='ocrx_word' id='word_1_197' title='bbox 371 1553 604 1620; x_wconf 82' lang='grc' dir='ltr'>ἔδωκάς</span> <span class='ocrx_word' id='word_1_198' title='bbox 646 1572 741 1625; x_wconf 82' lang='grc' dir='ltr'>με,</span> <span class='ocrx_word' id='word_1_199' title='bbox 770 1557 799 1607; x_wconf 86' lang='grc' dir='ltr'><strong>ὁ</strong></span> <span class='ocrx_word' id='word_1_200' title='bbox 840 1556 938 1626; x_wconf 76' lang='grc' dir='ltr'>μὲν</span> <span class='ocrx_word' id='word_1_201' title='bbox 983 1555 1232 1618; x_wconf 79' lang='grc' dir='ltr'>Ἀκύλας,</span> <span class='ocrx_word' id='word_1_202' title='bbox 1262 1553 1490 1619; x_wconf 84' lang='grc' dir='ltr'>ὄνειδος</span> <span class='ocrx_word' id='word_1_203' title='bbox 1524 1554 1666 1620; x_wconf 47' lang='lat' dir='ltr'><strong>duo;</strong></span> 
     </span>
    </p>
   </div>
   <div class='ocr_carea' id='block_1_27' title="bbox 1874 1553 3383 1632">
    <p class='ocr_par' dir='ltr' id='par_1_27' title="bbox 1878 1557 3383 1632">
     <span class='ocr_line' id='line_1_27' title="bbox 1878 1557 3383 1632; baseline 0.007 -22"><span class='ocrx_word' id='word_1_204' title='bbox 1878 1557 1985 1610; x_wconf 89' lang='lat' dir='ltr'><strong>ium</strong></span> <span class='ocrx_word' id='word_1_205' title='bbox 2020 1558 2289 1627; x_wconf 71' lang='lat' dir='ltr'><strong>insipienti</strong></span> <span class='ocrx_word' id='word_1_206' title='bbox 2315 1559 2509 1613; x_wconf 87' lang='lat' dir='ltr'><strong>dedisti</strong></span> <span class='ocrx_word' id='word_1_207' title='bbox 2533 1577 2643 1625; x_wconf 85' lang='lat' dir='ltr'><strong>me;</strong></span> <span class='ocrx_word' id='word_1_208' title='bbox 2674 1561 2892 1631; x_wconf 85' lang='lat' dir='ltr'><strong>Aquila,</strong></span> <span class='ocrx_word' id='word_1_209' title='bbox 2924 1563 3261 1632; x_wconf 70' lang='lat' dir='ltr'><strong>opprobrium</strong></span> <span class='ocrx_word' id='word_1_210' title='bbox 3289 1563 3383 1620; x_wconf 83' lang='lat' dir='ltr'><strong>de-</strong></span> 
     </span>
    </p>
   </div>
   <div class='ocr_carea' id='block_1_28' title="bbox 154 1643 1663 1729">
    <p class='ocr_par' dir='ltr' id='par_1_28' title="bbox 154 1643 1663 1719">
     <span class='ocr_line' id='line_1_28' title="bbox 154 1643 1663 1719; baseline -0.011 -6"><span class='ocrx_word' id='word_1_211' title='bbox 154 1648 340 1713; x_wconf 66' lang='grc' dir='ltr'><strong>ῥέοντι,</strong></span> <span class='ocrx_word' id='word_1_212' title='bbox 360 1647 514 1717; x_wconf 75' lang='grc' dir='ltr'>φησὶ,</span> <span class='ocrx_word' id='word_1_213' title='bbox 534 1646 623 1717; x_wconf 79' lang='grc' dir='ltr'>μὴ</span> <span class='ocrx_word' id='word_1_214' title='bbox 650 1646 762 1716; x_wconf 76' lang='grc' dir='ltr'><strong>θῇς</strong></span> <span class='ocrx_word' id='word_1_215' title='bbox 784 1666 861 1717; x_wconf 81' lang='grc' dir='ltr'><strong>με</strong></span> <span class='ocrx_word' id='word_1_216' title='bbox 884 1665 898 1678; x_wconf 67' lang='grc' dir='ltr'><strong>θ</strong></span> <span class='ocrx_word' id='word_1_217' title='bbox 933 1650 962 1701; x_wconf 86' lang='grc' dir='ltr'><strong>ό</strong></span> <span class='ocrx_word' id='word_1_218' title='bbox 986 1649 1043 1702; x_wconf 87' lang='grc' dir='ltr'>δὲ</span> <span class='ocrx_word' id='word_1_219' title='bbox 1072 1648 1384 1719; x_wconf 80' lang='grc' dir='ltr'>Σύμμαχος,</span> <span class='ocrx_word' id='word_1_220' title='bbox 1414 1643 1663 1698; x_wconf 66' lang='grc' dir='ltr'><strong>ἐπονείδι</strong></span> 
     </span>
    </p>
   </div>
   <div class='ocr_carea' id='block_1_29' title="bbox 1967 1643 3476 1729">
    <p class='ocr_par' dir='ltr' id='par_1_29' title="bbox 1967 1648 3476 1729">
     <span class='ocr_line' id='line_1_29' title="bbox 1967 1648 3476 1729; baseline 0.009 -30"><span class='ocrx_word' id='word_1_221' title='bbox 1967 1648 1997 1701; x_wconf 77' lang='lat' dir='ltr'><strong>ri</strong></span> <span class='ocrx_word' id='word_1_222' title='bbox 2030 1665 2093 1701; x_wconf 87' lang='lat' dir='ltr'><strong>ne</strong></span> <span class='ocrx_word' id='word_1_223' title='bbox 2122 1664 2285 1717; x_wconf 86' lang='lat' dir='ltr'><strong>ponas</strong></span> <span class='ocrx_word' id='word_1_224' title='bbox 2339 1666 2455 1713; x_wconf 85' lang='lat' dir='ltr'><strong>me;</strong></span> <span class='ocrx_word' id='word_1_225' title='bbox 2494 1649 2857 1722; x_wconf 83' lang='lat' dir='ltr'><strong>Symmachus</strong></span> <span class='ocrx_word' id='word_1_226' title='bbox 2892 1670 3040 1721; x_wconf 88' lang='lat' dir='ltr'><strong>vero,</strong></span> <span class='ocrx_word' id='word_1_227' title='bbox 3090 1658 3378 1726; x_wconf 78' lang='lat' dir='ltr'><strong>exprobra-</strong></span> <span class='ocrx_word' id='word_1_228' title='bbox 3472 1722 3476 1729; x_wconf 10' lang='grc' dir='ltr'><strong>ς</strong></span> 
     </span>
    </p>
   </div>
   <div class='ocr_carea' id='block_1_30' title="bbox 156 1736 1665 1817">
    <p class='ocr_par' dir='ltr' id='par_1_30' title="bbox 156 1736 1665 1811">
     <span class='ocr_line' id='line_1_30' title="bbox 156 1736 1665 1811; baseline -0.001 -21"><span class='ocrx_word' id='word_1_229' title='bbox 156 1750 280 1790; x_wconf 71' lang='lat' dir='ltr'><strong>ator</strong></span> <span class='ocrx_word' id='word_1_230' title='bbox 324 1737 538 1806; x_wconf 63' lang='grc' dir='ltr'><em>ἄφρονι</em></span> <span class='ocrx_word' id='word_1_231' title='bbox 584 1738 671 1808; x_wconf 80' lang='grc' dir='ltr'>μὴ</span> <span class='ocrx_word' id='word_1_232' title='bbox 717 1739 835 1806; x_wconf 84' lang='grc' dir='ltr'>δῷς</span> <span class='ocrx_word' id='word_1_233' title='bbox 875 1758 980 1809; x_wconf 85' lang='grc' dir='ltr'><strong>με·</strong></span> <span class='ocrx_word' id='word_1_234' title='bbox 1027 1743 1059 1811; x_wconf 81' lang='grc' dir='ltr'>ἡ</span> <span class='ocrx_word' id='word_1_235' title='bbox 1111 1740 1168 1793; x_wconf 86' lang='grc' dir='ltr'>δὲ</span> <span class='ocrx_word' id='word_1_236' title='bbox 1198 1739 1420 1809; x_wconf 80' lang='grc' dir='ltr'><strong>πέμπτη</strong></span> <span class='ocrx_word' id='word_1_237' title='bbox 1464 1736 1665 1798; x_wconf 78' lang='grc' dir='ltr'>ἐκδοσις</span> 
     </span>
    </p>
   </div>
   <div class='ocr_carea' id='block_1_31' title="bbox 1872 1736 3381 1817">
    <p class='ocr_par' dir='ltr' id='par_1_31' title="bbox 1872 1739 3381 1817">
     <span class='ocr_line' id='line_1_31' title="bbox 1872 1739 3381 1817; baseline 0.008 -26"><span class='ocrx_word' id='word_1_238' title='bbox 1872 1739 1965 1792; x_wconf 91' lang='lat' dir='ltr'><strong>lem</strong></span> <span class='ocrx_word' id='word_1_239' title='bbox 1990 1740 2258 1808; x_wconf 81' lang='lat' dir='ltr'><strong>insipienti</strong></span> <span class='ocrx_word' id='word_1_240' title='bbox 2291 1759 2353 1796; x_wconf 90' lang='lat' dir='ltr'><strong>ne</strong></span> <span class='ocrx_word' id='word_1_241' title='bbox 2397 1758 2563 1811; x_wconf 82' lang='lat' dir='ltr'><strong>ponas</strong></span> <span class='ocrx_word' id='word_1_242' title='bbox 2605 1759 2719 1808; x_wconf 88' lang='lat' dir='ltr'><strong>me;</strong></span> <span class='ocrx_word' id='word_1_243' title='bbox 2750 1746 2941 1813; x_wconf 87' lang='lat' dir='ltr'><strong>quinta</strong></span> <span class='ocrx_word' id='word_1_244' title='bbox 2968 1747 3156 1810; x_wconf 85' lang='lat' dir='ltr'><strong>editio,</strong></span> <span class='ocrx_word' id='word_1_245' title='bbox 3192 1763 3381 1817; x_wconf 88' lang='lat' dir='ltr'><strong>oppro-</strong></span> 
     </span>
    </p>
   </div>
   <div class='ocr_carea' id='block_1_32' title="bbox 155 1823 1664 1909">
    <p class='ocr_par' dir='ltr' id='par_1_32' title="bbox 155 1827 1664 1902">
     <span class='ocr_line' id='line_1_32' title="bbox 155 1827 1664 1902; baseline 0.001 -22"><span class='ocrx_word' id='word_1_246' title='bbox 155 1827 350 1894; x_wconf 76' lang='grc' dir='ltr'>ὄνειδος</span> <span class='ocrx_word' id='word_1_247' title='bbox 377 1829 596 1897; x_wconf 75' lang='grc' dir='ltr'><em>ἄφρονι</em></span> <span class='ocrx_word' id='word_1_248' title='bbox 636 1828 722 1898; x_wconf 83' lang='grc' dir='ltr'>μὴ</span> <span class='ocrx_word' id='word_1_249' title='bbox 764 1828 882 1896; x_wconf 83' lang='grc' dir='ltr'>δῷς</span> <span class='ocrx_word' id='word_1_250' title='bbox 920 1832 1201 1902; x_wconf 85' lang='grc' dir='ltr'><strong>με.”οπερ</strong></span> <span class='ocrx_word' id='word_1_251' title='bbox 1229 1829 1571 1901; x_wconf 84' lang='grc' dir='ltr'>παράκλησιν</span> <span class='ocrx_word' id='word_1_252' title='bbox 1602 1828 1664 1898; x_wconf 73' lang='grc' dir='ltr'>ἐμ</span> 
     </span>
    </p>
   </div>
   <div class='ocr_carea' id='block_1_33' title="bbox 1873 1823 3382 1909">
    <p class='ocr_par' dir='ltr' id='par_1_33' title="bbox 1873 1831 3382 1909">
     <span class='ocr_line' id='line_1_33' title="bbox 1873 1831 3382 1909; baseline 0.008 -27"><span class='ocrx_word' id='word_1_253' title='bbox 1873 1831 1973 1883; x_wconf 89' lang='lat' dir='ltr'><strong>ium</strong></span> <span class='ocrx_word' id='word_1_254' title='bbox 1998 1832 2262 1901; x_wconf 77' lang='lat' dir='ltr'><strong>insipienti</strong></span> <span class='ocrx_word' id='word_1_255' title='bbox 2288 1850 2351 1887; x_wconf 88' lang='lat' dir='ltr'><strong>ne</strong></span> <span class='ocrx_word' id='word_1_256' title='bbox 2373 1833 2575 1888; x_wconf 87' lang='lat' dir='ltr'><strong>dederis</strong></span> <span class='ocrx_word' id='word_1_257' title='bbox 2611 1851 2711 1889; x_wconf 88' lang='lat' dir='ltr'><strong>me.</strong></span> <span class='ocrx_word' id='word_1_258' title='bbox 2738 1833 2891 1900; x_wconf 86' lang='lat' dir='ltr'><strong>Quod</strong></span> <span class='ocrx_word' id='word_1_259' title='bbox 2919 1836 3036 1905; x_wconf 90' lang='lat' dir='ltr'><strong>ejus</strong></span> <span class='ocrx_word' id='word_1_260' title='bbox 3063 1839 3155 1907; x_wconf 86' lang='lat' dir='ltr'><strong>qui</strong></span> <span class='ocrx_word' id='word_1_261' title='bbox 3186 1855 3382 1909; x_wconf 83' lang='lat' dir='ltr'><strong>pecca-</strong></span> 
     </span>
    </p>
   </div>
   <div class='ocr_carea' id='block_1_34' title="bbox 156 1919 1665 2002">
    <p class='ocr_par' dir='ltr' id='par_1_34' title="bbox 156 1919 1665 1993">
     <span class='ocr_line' id='line_1_34' title="bbox 156 1919 1665 1993; baseline -0.001 -20"><span class='ocrx_word' id='word_1_262' title='bbox 156 1920 302 1989; x_wconf 72' lang='grc' dir='ltr'>φαῐνει</span> <span class='ocrx_word' id='word_1_263' title='bbox 322 1920 410 1974; x_wconf 79' lang='grc' dir='ltr'><strong>τοῦ</strong></span> <span class='ocrx_word' id='word_1_264' title='bbox 437 1922 844 1993; x_wconf 76' lang='grc' dir='ltr'>ἡμαρτηκότος,</span> <span class='ocrx_word' id='word_1_265' title='bbox 872 1922 1205 1986; x_wconf 80' lang='grc' dir='ltr'><strong>ἱκετεύοντος</strong></span> <span class='ocrx_word' id='word_1_266' title='bbox 1233 1921 1307 1993; x_wconf 79' lang='grc' dir='ltr'>μὴ</span> <span class='ocrx_word' id='word_1_267' title='bbox 1336 1919 1665 1993; x_wconf 83' lang='grc' dir='ltr'>παραδοθῆνα</span> 
     </span>
    </p>
   </div>
   <div class='ocr_carea' id='block_1_35' title="bbox 1868 1919 3377 2002">
    <p class='ocr_par' dir='ltr' id='par_1_35' title="bbox 1868 1921 3377 2002">
     <span class='ocr_line' id='line_1_35' title="bbox 1868 1921 3377 2002; baseline 0.007 -26"><span class='ocrx_word' id='word_1_268' title='bbox 1868 1930 1880 1976; x_wconf 82' lang='lat' dir='ltr'><strong>t</strong></span> <span class='ocrx_word' id='word_1_269' title='bbox 1927 1921 2363 1994; x_wconf 86' lang='lat' dir='ltr'><strong>deprecationem</strong></span> <span class='ocrx_word' id='word_1_270' title='bbox 2405 1927 2644 1990; x_wconf 78' lang='lat' dir='ltr'><strong>exhibet,</strong></span> <span class='ocrx_word' id='word_1_271' title='bbox 2695 1929 2940 1997; x_wconf 78' lang='lat' dir='ltr'><strong>rogantis</strong></span> <span class='ocrx_word' id='word_1_272' title='bbox 2974 1946 3043 1985; x_wconf 90' lang='lat' dir='ltr'><strong>ne</strong></span> <span class='ocrx_word' id='word_1_273' title='bbox 3079 1931 3133 1985; x_wconf 93' lang='lat' dir='ltr'><strong>in</strong></span> <span class='ocrx_word' id='word_1_274' title='bbox 3179 1946 3377 2002; x_wconf 84' lang='lat' dir='ltr'><strong>oppro-</strong></span> 
     </span>
    </p>
   </div>
   <div class='ocr_carea' id='block_1_36' title="bbox 154 2010 1663 2088">
    <p class='ocr_par' dir='ltr' id='par_1_36' title="bbox 154 2011 1663 2087">
     <span class='ocr_line' id='line_1_36' title="bbox 154 2011 1663 2087; baseline -0.005 -18"><span class='ocrx_word' id='word_1_275' title='bbox 154 2020 219 2079; x_wconf 72' lang='grc' dir='ltr'>εἰς</span> <span class='ocrx_word' id='word_1_276' title='bbox 254 2015 543 2087; x_wconf 82' lang='grc' dir='ltr'><strong>ὀνειδισμὸν</strong></span> <span class='ocrx_word' id='word_1_277' title='bbox 574 2014 789 2086; x_wconf 76' lang='grc' dir='ltr'><strong>ἄφρονι.</strong></span> <span class='ocrx_word' id='word_1_278' title='bbox 822 2016 884 2069; x_wconf 80' lang='grc' dir='ltr'><strong>Εἰ</strong></span> <span class='ocrx_word' id='word_1_279' title='bbox 912 2015 955 2068; x_wconf 79' lang='grc' dir='ltr'>δ’</span> <span class='ocrx_word' id='word_1_280' title='bbox 987 2014 1147 2078; x_wconf 77' lang='grc' dir='ltr'>αὐτὸς</span> <span class='ocrx_word' id='word_1_281' title='bbox 1176 2016 1204 2067; x_wconf 87' lang='grc' dir='ltr'><strong>ό</strong></span> <span class='ocrx_word' id='word_1_282' title='bbox 1240 2012 1442 2085; x_wconf 84' lang='grc' dir='ltr'>Κύριος</span> <span class='ocrx_word' id='word_1_283' title='bbox 1472 2011 1663 2082; x_wconf 77' lang='grc' dir='ltr'>παραδε</span> 
     </span>
    </p>
   </div>
   <div class='ocr_carea' id='block_1_37' title="bbox 1864 2010 3373 2088">
    <p class='ocr_par' dir='ltr' id='par_1_37' title="bbox 1864 2012 3373 2088">
     <span class='ocr_line' id='line_1_37' title="bbox 1864 2012 3373 2088; baseline 0.007 -23"><span class='ocrx_word' id='word_1_284' title='bbox 1864 2012 1978 2067; x_wconf 88' lang='lat' dir='ltr'><strong>ium</strong></span> <span class='ocrx_word' id='word_1_285' title='bbox 2009 2014 2283 2083; x_wconf 88' lang='lat' dir='ltr'><strong>insipienti</strong></span> <span class='ocrx_word' id='word_1_286' title='bbox 2310 2015 2575 2070; x_wconf 84' lang='lat' dir='ltr'><strong>tradatur.</strong></span> <span class='ocrx_word' id='word_1_287' title='bbox 2610 2016 2765 2083; x_wconf 87' lang='lat' dir='ltr'><strong>Quod</strong></span> <span class='ocrx_word' id='word_1_288' title='bbox 2796 2019 2841 2073; x_wconf 92' lang='lat' dir='ltr'><strong>si</strong></span> <span class='ocrx_word' id='word_1_289' title='bbox 2871 2020 3090 2088; x_wconf 87' lang='lat' dir='ltr'><strong>quando</strong></span> <span class='ocrx_word' id='word_1_290' title='bbox 3113 2020 3373 2077; x_wconf 83' lang='lat' dir='ltr'><strong>Dominus</strong></span> 
     </span>
    </p>
   </div>
   <div class='ocr_carea' id='block_1_38' title="bbox 152 2100 1661 2181">
    <p class='ocr_par' dir='ltr' id='par_1_38' title="bbox 152 2100 1661 2176">
     <span class='ocr_line' id='line_1_38' title="bbox 152 2100 1661 2176; baseline -0.004 -19"><span class='ocrx_word' id='word_1_291' title='bbox 152 2104 285 2157; x_wconf 82' lang='grc' dir='ltr'>δωσιν</span> <span class='ocrx_word' id='word_1_292' title='bbox 313 2104 500 2176; x_wconf 79' lang='grc' dir='ltr'><strong>ἄφρονι</strong></span> <span class='ocrx_word' id='word_1_293' title='bbox 524 2103 620 2157; x_wconf 81' lang='grc' dir='ltr'>τδν</span> <span class='ocrx_word' id='word_1_294' title='bbox 649 2103 1022 2175; x_wconf 76' lang='grc' dir='ltr'><strong>ἡμαρτηκότα,</strong></span> <span class='ocrx_word' id='word_1_295' title='bbox 1057 2101 1409 2166; x_wconf 76' lang='grc' dir='ltr'><strong>ὀνειδίζεσθαι</strong></span> <span class='ocrx_word' id='word_1_296' title='bbox 1437 2100 1572 2172; x_wconf 82' lang='grc' dir='ltr'>πρὸς</span> <span class='ocrx_word' id='word_1_297' title='bbox 1602 2100 1661 2152; x_wconf 73' lang='grc' dir='ltr'>αὖ</span> 
     </span>
    </p>
   </div>
   <div class='ocr_carea' id='block_1_39' title="bbox 1862 2100 3371 2181">
    <p class='ocr_par' dir='ltr' id='par_1_39' title="bbox 1862 2107 3371 2181">
     <span class='ocr_line' id='line_1_39' title="bbox 1862 2107 3371 2181; baseline 0.009 -26"><span class='ocrx_word' id='word_1_298' title='bbox 1862 2115 2110 2161; x_wconf 74' lang='lat' dir='ltr'><strong>:ccantem</strong></span> <span class='ocrx_word' id='word_1_299' title='bbox 2161 2107 2444 2176; x_wconf 88' lang='lat' dir='ltr'><strong>insipienti</strong></span> <span class='ocrx_word' id='word_1_300' title='bbox 2476 2109 2673 2176; x_wconf 87' lang='lat' dir='ltr'><strong>tradat,</strong></span> <span class='ocrx_word' id='word_1_301' title='bbox 2713 2118 2773 2163; x_wconf 89' lang='lat' dir='ltr'><strong>ut</strong></span> <span class='ocrx_word' id='word_1_302' title='bbox 2822 2112 3133 2181; x_wconf 85' lang='lat' dir='ltr'><strong>opprobriis</strong></span> <span class='ocrx_word' id='word_1_303' title='bbox 3182 2114 3253 2167; x_wconf 88' lang='lat' dir='ltr'><strong>ab</strong></span> <span class='ocrx_word' id='word_1_304' title='bbox 3298 2130 3371 2168; x_wconf 93' lang='lat' dir='ltr'><strong>eo</strong></span> 
     </span>
    </p>
   </div>
   <div class='ocr_carea' id='block_1_40' title="bbox 154 2188 1663 2272">
    <p class='ocr_par' dir='ltr' id='par_1_40' title="bbox 154 2193 1659 2264">
     <span class='ocr_line' id='line_1_40' title="bbox 154 2193 1659 2264; baseline -0.001 -17"><span class='ocrx_word' id='word_1_305' title='bbox 154 2194 246 2257; x_wconf 76' lang='grc' dir='ltr'>τοῦ,</span> <span class='ocrx_word' id='word_1_306' title='bbox 272 2196 356 2248; x_wconf 83' lang='grc' dir='ltr'>καὶ</span> <span class='ocrx_word' id='word_1_307' title='bbox 395 2194 552 2249; x_wconf 82' lang='grc' dir='ltr'><strong>τοῦτο</strong></span> <span class='ocrx_word' id='word_1_308' title='bbox 603 2194 668 2248; x_wconf 80' lang='grc' dir='ltr'><strong>ἂν</strong></span> <span class='ocrx_word' id='word_1_309' title='bbox 711 2196 883 2259; x_wconf 69' lang='grc' dir='ltr'>εἴποις</span> <span class='ocrx_word' id='word_1_310' title='bbox 930 2196 1016 2247; x_wconf 78' lang='grc' dir='ltr'><strong>ἐπ’</strong></span> <span class='ocrx_word' id='word_1_311' title='bbox 1042 2193 1277 2264; x_wconf 70' lang='grc' dir='ltr'><strong>ὠφελείᾳ</strong></span> <span class='ocrx_word' id='word_1_312' title='bbox 1324 2193 1566 2262; x_wconf 78' lang='grc' dir='ltr'>γίνεσθαι</span> <span class='ocrx_word' id='word_1_313' title='bbox 1601 2209 1659 2245; x_wconf 86' lang='grc' dir='ltr'><strong>το</strong></span> 
     </span>
    </p>
   </div>
   <div class='ocr_carea' id='block_1_41' title="bbox 1863 2188 3372 2272">
    <p class='ocr_par' dir='ltr' id='par_1_41' title="bbox 1863 2196 3372 2272">
     <span class='ocr_line' id='line_1_41' title="bbox 1863 2196 3372 2272; baseline 0.008 -23"><span class='ocrx_word' id='word_1_314' title='bbox 1863 2196 2096 2251; x_wconf 81' lang='lat' dir='ltr'><strong>iciatur:</strong></span> <span class='ocrx_word' id='word_1_315' title='bbox 2131 2196 2365 2267; x_wconf 91' lang='lat' dir='ltr'><strong>idipsum</strong></span> <span class='ocrx_word' id='word_1_316' title='bbox 2391 2198 2447 2251; x_wconf 90' lang='lat' dir='ltr'><strong>in</strong></span> <span class='ocrx_word' id='word_1_317' title='bbox 2476 2200 2762 2254; x_wconf 86' lang='lat' dir='ltr'><strong>utilitatem</strong></span> <span class='ocrx_word' id='word_1_318' title='bbox 2792 2201 2913 2270; x_wconf 83' lang='lat' dir='ltr'><strong>ejus</strong></span> <span class='ocrx_word' id='word_1_319' title='bbox 2935 2202 3027 2272; x_wconf 90' lang='lat' dir='ltr'><strong>qui</strong></span> <span class='ocrx_word' id='word_1_320' title='bbox 3059 2205 3372 2272; x_wconf 85' lang='lat' dir='ltr'><strong>opprobriis</strong></span> 
     </span>
    </p>
   </div>
   <div class='ocr_carea' id='block_1_42' title="bbox 156 2283 1665 2361">
    <p class='ocr_par' dir='ltr' id='par_1_42' title="bbox 156 2283 1663 2357">
     <span class='ocr_line' id='line_1_42' title="bbox 156 2283 1663 2357; baseline -0.003 -18"><span class='ocrx_word' id='word_1_321' title='bbox 156 2286 529 2357; x_wconf 75' lang='grc' dir='ltr'>ὁνειδιζομένου,</span> <span class='ocrx_word' id='word_1_322' title='bbox 570 2286 649 2349; x_wconf 83' lang='grc' dir='ltr'>ὼς</span> <span class='ocrx_word' id='word_1_323' title='bbox 677 2287 763 2349; x_wconf 86' lang='grc' dir='ltr'><strong>ἂν,</strong></span> <span class='ocrx_word' id='word_1_324' title='bbox 796 2285 1147 2356; x_wconf 76' lang='grc' dir='ltr'>κακούμενος,</span> <span class='ocrx_word' id='word_1_325' title='bbox 1175 2283 1393 2355; x_wconf 76' lang='grc' dir='ltr'>μείζονα</span> <span class='ocrx_word' id='word_1_326' title='bbox 1423 2284 1663 2352; x_wconf 84' lang='grc' dir='ltr'>ποιήσοιτ</span> 
     </span>
    </p>
   </div>
   <div class='ocr_carea' id='block_1_43' title="bbox 1864 2283 3373 2361">
    <p class='ocr_par' dir='ltr' id='par_1_43' title="bbox 1864 2290 3373 2361">
     <span class='ocr_line' id='line_1_43' title="bbox 1864 2290 3373 2361; baseline 0.006 -20"><span class='ocrx_word' id='word_1_327' title='bbox 1864 2297 2061 2343; x_wconf 62' lang='lat' dir='ltr'><strong>teratur</strong></span> <span class='ocrx_word' id='word_1_328' title='bbox 2084 2290 2267 2355; x_wconf 84' lang='lat' dir='ltr'><strong>vertit,</strong></span> <span class='ocrx_word' id='word_1_329' title='bbox 2301 2298 2359 2344; x_wconf 94' lang='lat' dir='ltr'><strong>ut</strong></span> <span class='ocrx_word' id='word_1_330' title='bbox 2389 2299 2614 2346; x_wconf 78' lang='lat' dir='ltr'><strong>vexatus</strong></span> <span class='ocrx_word' id='word_1_331' title='bbox 2652 2292 2911 2361; x_wconf 83' lang='lat' dir='ltr'><strong>majorem</strong></span> <span class='ocrx_word' id='word_1_332' title='bbox 2938 2294 3150 2347; x_wconf 88' lang='lat' dir='ltr'><strong>emittat</strong></span> <span class='ocrx_word' id='word_1_333' title='bbox 3178 2295 3245 2348; x_wconf 88' lang='lat' dir='ltr'><strong>de</strong></span> <span class='ocrx_word' id='word_1_334' title='bbox 3275 2296 3373 2350; x_wconf 84' lang='lat' dir='ltr'><strong>ad-</strong></span> 
     </span>
    </p>
   </div>
   <div class='ocr_carea' id='block_1_44' title="bbox 157 2374 1666 2458">
    <p class='ocr_par' dir='ltr' id='par_1_44' title="bbox 157 2374 1666 2449">
     <span class='ocr_line' id='line_1_44' title="bbox 157 2374 1666 2449; baseline -0.002 -18"><span class='ocrx_word' id='word_1_335' title='bbox 157 2380 234 2449; x_wconf 78' lang='grc' dir='ltr'>τὴν</span> <span class='ocrx_word' id='word_1_336' title='bbox 255 2381 337 2433; x_wconf 74' lang='grc' dir='ltr'><strong>ἐπὶ</strong></span> <span class='ocrx_word' id='word_1_337' title='bbox 363 2381 471 2443; x_wconf 82' lang='grc' dir='ltr'><strong>τοῖς</strong></span> <span class='ocrx_word' id='word_1_338' title='bbox 496 2376 914 2449; x_wconf 80' lang='grc' dir='ltr'><strong>ἡμαρτημένοις</strong></span> <span class='ocrx_word' id='word_1_339' title='bbox 938 2376 1319 2449; x_wconf 77' lang='grc' dir='ltr'><strong>ἐξομολόγησιν</strong></span> <span class='ocrx_word' id='word_1_340' title='bbox 1336 2393 1350 2406; x_wconf 75' lang='grc' dir='ltr'><strong><em>ο</em></strong></span> <span class='ocrx_word' id='word_1_341' title='bbox 1382 2376 1518 2447; x_wconf 79' lang='grc' dir='ltr'>ὅπερ</span> <span class='ocrx_word' id='word_1_342' title='bbox 1543 2374 1666 2444; x_wconf 55' lang='grc' dir='ltr'>ἠξίοί</span> 
     </span>
    </p>
   </div>
   <div class='ocr_carea' id='block_1_45' title="bbox 1865 2374 3374 2458">
    <p class='ocr_par' dir='ltr' id='par_1_45' title="bbox 1865 2382 3374 2458">
     <span class='ocr_line' id='line_1_45' title="bbox 1865 2382 3374 2458; baseline 0.007 -23"><span class='ocrx_word' id='word_1_343' title='bbox 1865 2382 1989 2438; x_wconf 88' lang='lat' dir='ltr'><strong>issis</strong></span> <span class='ocrx_word' id='word_1_344' title='bbox 2033 2384 2270 2452; x_wconf 82' lang='lat' dir='ltr'><strong>peccatis</strong></span> <span class='ocrx_word' id='word_1_345' title='bbox 2321 2385 2745 2440; x_wconf 80' lang='lat' dir='ltr'><strong>confessionem.</strong></span> <span class='ocrx_word' id='word_1_346' title='bbox 2781 2385 2935 2452; x_wconf 85' lang='lat' dir='ltr'><strong>Quod</strong></span> <span class='ocrx_word' id='word_1_347' title='bbox 2974 2402 3042 2441; x_wconf 89' lang='lat' dir='ltr'><strong>ne</strong></span> <span class='ocrx_word' id='word_1_348' title='bbox 3095 2397 3374 2458; x_wconf 87' lang='lat' dir='ltr'><strong>pateretur</strong></span> 
     </span>
    </p>
   </div>
   <div class='ocr_carea' id='block_1_46' title="bbox 158 2467 1667 2552">
    <p class='ocr_par' dir='ltr' id='par_1_46' title="bbox 158 2467 1667 2545">
     <span class='ocr_line' id='line_1_46' title="bbox 158 2467 1667 2545; baseline -0.003 -19"><span class='ocrx_word' id='word_1_349' title='bbox 158 2472 218 2545; x_wconf 77' lang='grc' dir='ltr'>μὴ</span> <span class='ocrx_word' id='word_1_350' title='bbox 253 2472 420 2526; x_wconf 79' lang='grc' dir='ltr'>παθεῖν</span> <span class='ocrx_word' id='word_1_351' title='bbox 468 2474 497 2526; x_wconf 86' lang='grc' dir='ltr'><strong>ό</strong></span> <span class='ocrx_word' id='word_1_352' title='bbox 552 2470 737 2535; x_wconf 78' lang='grc' dir='ltr'>Δαυῒδ,</span> <span class='ocrx_word' id='word_1_353' title='bbox 768 2471 843 2536; x_wconf 84' lang='grc' dir='ltr'>ὡς</span> <span class='ocrx_word' id='word_1_354' title='bbox 875 2471 1051 2525; x_wconf 85' lang='grc' dir='ltr'>πάντα</span> <span class='ocrx_word' id='word_1_355' title='bbox 1096 2471 1348 2543; x_wconf 85' lang='grc' dir='ltr'><strong>πράττων</strong></span> <span class='ocrx_word' id='word_1_356' title='bbox 1381 2468 1448 2523; x_wconf 77' lang='grc' dir='ltr'><strong>τὰ</strong></span> <span class='ocrx_word' id='word_1_357' title='bbox 1475 2467 1553 2539; x_wconf 86' lang='grc' dir='ltr'><strong>τῷ</strong></span> <span class='ocrx_word' id='word_1_358' title='bbox 1579 2468 1667 2521; x_wconf 69' lang='grc' dir='ltr'><strong>Θεέ</strong></span> 
     </span>
    </p>
   </div>
   <div class='ocr_carea' id='block_1_47' title="bbox 1863 2467 3372 2552">
    <p class='ocr_par' dir='ltr' id='par_1_47' title="bbox 1863 2473 3372 2552">
     <span class='ocr_line' id='line_1_47' title="bbox 1863 2473 3372 2552; baseline 0.007 -26"><span class='ocrx_word' id='word_1_359' title='bbox 1863 2473 1965 2527; x_wconf 84' lang='lat' dir='ltr'><strong>wid</strong></span> <span class='ocrx_word' id='word_1_360' title='bbox 1993 2476 2240 2545; x_wconf 78' lang='lat' dir='ltr'><strong>rogabat,</strong></span> <span class='ocrx_word' id='word_1_361' title='bbox 2273 2484 2462 2546; x_wconf 89' lang='lat' dir='ltr'><strong>utpote</strong></span> <span class='ocrx_word' id='word_1_362' title='bbox 2485 2478 2578 2547; x_wconf 90' lang='lat' dir='ltr'><strong>qui</strong></span> <span class='ocrx_word' id='word_1_363' title='bbox 2610 2478 2793 2531; x_wconf 89' lang='lat' dir='ltr'><strong>omnia</strong></span> <span class='ocrx_word' id='word_1_364' title='bbox 2827 2493 2926 2548; x_wconf 90' lang='lat' dir='ltr'><strong>pro</strong></span> <span class='ocrx_word' id='word_1_365' title='bbox 2950 2479 3163 2535; x_wconf 87' lang='lat' dir='ltr'><strong>viribus</strong></span> <span class='ocrx_word' id='word_1_366' title='bbox 3186 2487 3372 2552; x_wconf 81' lang='lat' dir='ltr'><strong>ageret</strong></span> 
     </span>
    </p>
   </div>
   <div class='ocr_carea' id='block_1_48' title="bbox 155 2552 1664 2641">
    <p class='ocr_par' dir='ltr' id='par_1_48' title="bbox 155 2552 1664 2634">
     <span class='ocr_line' id='line_1_48' title="bbox 155 2552 1664 2634; baseline -0.003 -18"><span class='ocrx_word' id='word_1_367' title='bbox 155 2564 327 2634; x_wconf 81' lang='grc' dir='ltr'>ἀρεστὰ</span> <span class='ocrx_word' id='word_1_368' title='bbox 346 2565 398 2629; x_wconf 76' lang='grc' dir='ltr'><strong>ἐξ</strong></span> <span class='ocrx_word' id='word_1_369' title='bbox 426 2562 650 2617; x_wconf 80' lang='grc' dir='ltr'>ἑαυτοῦ.</span> <span class='ocrx_word' id='word_1_370' title='bbox 670 2564 1038 2630; x_wconf 79' lang='grc' dir='ltr'>Ἀπόστησον</span> <span class='ocrx_word' id='word_1_371' title='bbox 1060 2562 1161 2616; x_wconf 81' lang='grc' dir='ltr'><strong>ἀπ’</strong></span> <span class='ocrx_word' id='word_1_372' title='bbox 1183 2552 1328 2630; x_wconf 81' lang='grc' dir='ltr'>ἐμοῦ</span> <span class='ocrx_word' id='word_1_373' title='bbox 1359 2559 1465 2626; x_wconf 80' lang='grc' dir='ltr'>τὰς</span> <span class='ocrx_word' id='word_1_374' title='bbox 1486 2557 1664 2628; x_wconf 83' lang='grc' dir='ltr'>μάστι</span> 
     </span>
    </p>
   </div>
   <div class='ocr_carea' id='block_1_49' title="bbox 1857 2552 3366 2641">
    <p class='ocr_par' dir='ltr' id='par_1_49' title="bbox 1857 2564 3366 2641">
     <span class='ocr_line' id='line_1_49' title="bbox 1857 2564 3366 2641; baseline 0.007 -25"><span class='ocrx_word' id='word_1_375' title='bbox 1857 2578 1915 2618; x_wconf 73' lang='lat' dir='ltr'><strong>Ite</strong></span> <span class='ocrx_word' id='word_1_376' title='bbox 1946 2564 2053 2619; x_wconf 91' lang='lat' dir='ltr'><strong>Deo</strong></span> <span class='ocrx_word' id='word_1_377' title='bbox 2084 2566 2281 2636; x_wconf 89' lang='lat' dir='ltr'><strong>placita</strong></span> <span class='ocrx_word' id='word_1_378' title='bbox 2310 2576 2546 2637; x_wconf 90' lang='lat' dir='ltr'><strong>putaret.</strong></span> <span class='ocrx_word' id='word_1_379' title='bbox 2583 2566 2778 2622; x_wconf 78' lang='lat' dir='ltr'><strong>Amove</strong></span> <span class='ocrx_word' id='word_1_380' title='bbox 2801 2586 2833 2621; x_wconf 89' lang='lat' dir='ltr'><strong>a</strong></span> <span class='ocrx_word' id='word_1_381' title='bbox 2867 2586 2947 2623; x_wconf 91' lang='lat' dir='ltr'><strong>me</strong></span> <span class='ocrx_word' id='word_1_382' title='bbox 2983 2571 3172 2641; x_wconf 86' lang='lat' dir='ltr'><strong>plagas</strong></span> <span class='ocrx_word' id='word_1_383' title='bbox 3224 2581 3366 2626; x_wconf 89' lang='lat' dir='ltr'><strong>tuas.</strong></span> 
     </span>
    </p>
   </div>
   <div class='ocr_carea' id='block_1_50' title="bbox 154 2649 1663 2731">
    <p class='ocr_par' dir='ltr' id='par_1_50' title="bbox 154 2650 1663 2727">
     <span class='ocr_line' id='line_1_50' title="bbox 154 2650 1663 2727; baseline -0.004 -17"><span class='ocrx_word' id='word_1_384' title='bbox 154 2653 245 2727; x_wconf 72' lang='grc' dir='ltr'>τάξ-</span> <span class='ocrx_word' id='word_1_385' title='bbox 271 2662 391 2711; x_wconf 81' lang='grc' dir='ltr'>σου·</span> <span class='ocrx_word' id='word_1_386' title='bbox 421 2657 543 2712; x_wconf 81' lang='grc' dir='ltr'><strong>ἀπὸ</strong></span> <span class='ocrx_word' id='word_1_387' title='bbox 576 2653 687 2725; x_wconf 80' lang='grc' dir='ltr'><strong>γὰρ</strong></span> <span class='ocrx_word' id='word_1_388' title='bbox 711 2653 822 2722; x_wconf 83' lang='grc' dir='ltr'>τῆς</span> <span class='ocrx_word' id='word_1_389' title='bbox 846 2651 1044 2723; x_wconf 82' lang='grc' dir='ltr'>χειρὸς</span> <span class='ocrx_word' id='word_1_390' title='bbox 1067 2652 1176 2720; x_wconf 82' lang='grc' dir='ltr'>τῆς</span> <span class='ocrx_word' id='word_1_391' title='bbox 1199 2653 1412 2722; x_wconf 70' lang='grc' dir='ltr'>ἰσχύος</span> <span class='ocrx_word' id='word_1_392' title='bbox 1443 2668 1560 2706; x_wconf 91' lang='grc' dir='ltr'><strong>σου</strong></span> <span class='ocrx_word' id='word_1_393' title='bbox 1581 2650 1663 2721; x_wconf 72' lang='grc' dir='ltr'><strong>ἐγι</strong></span> 
     </span>
    </p>
   </div>
   <div class='ocr_carea' id='block_1_51' title="bbox 1861 2649 3370 2731">
    <p class='ocr_par' dir='ltr' id='par_1_51' title="bbox 1866 2655 3370 2731">
     <span class='ocr_line' id='line_1_51' title="bbox 1866 2655 3370 2731; baseline 0.007 -23"><span class='ocrx_word' id='word_1_394' title='bbox 1866 2655 2177 2724; x_wconf 80' lang='lat' dir='ltr'><strong>fortitudine</strong></span> <span class='ocrx_word' id='word_1_395' title='bbox 2206 2659 2343 2712; x_wconf 88' lang='lat' dir='ltr'><strong>enim</strong></span> <span class='ocrx_word' id='word_1_396' title='bbox 2388 2677 2578 2714; x_wconf 89' lang='lat' dir='ltr'><strong>manus</strong></span> <span class='ocrx_word' id='word_1_397' title='bbox 2613 2669 2717 2713; x_wconf 75' lang='lat' dir='ltr'><strong>tute</strong></span> <span class='ocrx_word' id='word_1_398' title='bbox 2747 2679 2838 2730; x_wconf 89' lang='lat' dir='ltr'><strong>ego</strong></span> <span class='ocrx_word' id='word_1_399' title='bbox 2866 2663 3032 2731; x_wconf 86' lang='lat' dir='ltr'><strong>defeci</strong></span> <span class='ocrx_word' id='word_1_400' title='bbox 3057 2680 3075 2717; x_wconf 90' lang='lat'><strong><em>:</em></strong></span> <span class='ocrx_word' id='word_1_401' title='bbox 3111 2666 3165 2718; x_wconf 84' lang='lat' dir='ltr'><strong>in</strong></span> <span class='ocrx_word' id='word_1_402' title='bbox 3198 2666 3370 2719; x_wconf 83' lang='lat' dir='ltr'><strong>incre-</strong></span> 
     </span>
    </p>
   </div>
   <div class='ocr_carea' id='block_1_52' title="bbox 152 2743 1661 2823">
    <p class='ocr_par' dir='ltr' id='par_1_52' title="bbox 152 2743 1661 2817">
     <span class='ocr_line' id='line_1_52' title="bbox 152 2743 1661 2817; baseline -0.003 -16"><span class='ocrx_word' id='word_1_403' title='bbox 152 2748 420 2814; x_wconf 76' lang='grc' dir='ltr'><strong>ἐξέλιπον·</strong></span> <span class='ocrx_word' id='word_1_404' title='bbox 464 2750 535 2802; x_wconf 86' lang='grc' dir='ltr'><em>ἐν</em></span> <span class='ocrx_word' id='word_1_405' title='bbox 574 2747 848 2817; x_wconf 75' lang='grc' dir='ltr'><strong>ἐλεγμοῖς</strong></span> <span class='ocrx_word' id='word_1_406' title='bbox 871 2745 1022 2813; x_wconf 81' lang='grc' dir='ltr'><strong>ὑπὲρ</strong></span> <span class='ocrx_word' id='word_1_407' title='bbox 1045 2745 1295 2815; x_wconf 77' lang='grc' dir='ltr'>ἀνομίας</span> <span class='ocrx_word' id='word_1_408' title='bbox 1329 2743 1661 2798; x_wconf 78' lang='grc' dir='ltr'><strong>ἐπαίδευσα</strong></span> 
     </span>
    </p>
   </div>
   <div class='ocr_carea' id='block_1_53' title="bbox 1857 2743 3366 2823">
    <p class='ocr_par' dir='ltr' id='par_1_53' title="bbox 1857 2748 3366 2823">
     <span class='ocr_line' id='line_1_53' title="bbox 1857 2748 3366 2823; baseline 0.009 -25"><span class='ocrx_word' id='word_1_409' title='bbox 1857 2748 2093 2803; x_wconf 60' lang='lat' dir='ltr'><strong>itionibus</strong></span> <span class='ocrx_word' id='word_1_410' title='bbox 2127 2762 2339 2818; x_wconf 87' lang='lat' dir='ltr'><strong>propter</strong></span> <span class='ocrx_word' id='word_1_411' title='bbox 2368 2752 2700 2822; x_wconf 84' lang='lat' dir='ltr'><strong>iniquitatem</strong></span> <span class='ocrx_word' id='word_1_412' title='bbox 2732 2756 3035 2823; x_wconf 85' lang='lat' dir='ltr'><strong>corripuisti</strong></span> <span class='ocrx_word' id='word_1_413' title='bbox 3063 2756 3324 2811; x_wconf 73' lang='lat' dir='ltr'><strong>hominem</strong></span> <span class='ocrx_word' id='word_1_414' title='bbox 3346 2773 3366 2811; x_wconf 91' lang='lat'><strong><em>:</em></strong></span> 
     </span>
    </p>
   </div>
   <div class='ocr_carea' id='block_1_54' title="bbox 152 2834 1661 2917">
    <p class='ocr_par' dir='ltr' id='par_1_54' title="bbox 152 2834 1661 2908">
     <span class='ocr_line' id='line_1_54' title="bbox 152 2834 1661 2908; baseline -0.004 -15"><span class='ocrx_word' id='word_1_415' title='bbox 152 2839 434 2908; x_wconf 71' lang='grc' dir='ltr'><strong>ἄνθρωπον,</strong></span> <span class='ocrx_word' id='word_1_416' title='bbox 465 2840 571 2893; x_wconf 75' lang='grc' dir='ltr'>καὶ</span> <span class='ocrx_word' id='word_1_417' title='bbox 610 2839 898 2905; x_wconf 72' lang='grc' dir='ltr'>ἐξέτηξας</span> <span class='ocrx_word' id='word_1_418' title='bbox 926 2838 1005 2903; x_wconf 84' lang='grc' dir='ltr'><strong>ὡς</strong></span> <span class='ocrx_word' id='word_1_419' title='bbox 1041 2835 1315 2905; x_wconf 74' lang='grc' dir='ltr'><strong>ἀράχνην</strong></span> <span class='ocrx_word' id='word_1_420' title='bbox 1339 2834 1455 2903; x_wconf 77' lang='grc' dir='ltr'><strong>τὴν</strong></span> <span class='ocrx_word' id='word_1_421' title='bbox 1482 2834 1661 2905; x_wconf 72' lang='grc' dir='ltr'><strong><em>ψυχὴτ</em></strong></span> 
     </span>
    </p>
   </div>
   <div class='ocr_carea' id='block_1_55' title="bbox 1855 2834 3364 2917">
    <p class='ocr_par' dir='ltr' id='par_1_55' title="bbox 1875 2842 3364 2917">
     <span class='ocr_line' id='line_1_55' title="bbox 1875 2842 3364 2917; baseline 0.008 -26"><span class='ocrx_word' id='word_1_422' title='bbox 1875 2842 2139 2895; x_wconf 79' lang='lat' dir='ltr'><strong>tabescere</strong></span> <span class='ocrx_word' id='word_1_423' title='bbox 2166 2842 2340 2910; x_wconf 75' lang='lat' dir='ltr'><strong>fecisti</strong></span> <span class='ocrx_word' id='word_1_424' title='bbox 2381 2844 2518 2896; x_wconf 87' lang='lat' dir='ltr'><strong>sicut</strong></span> <span class='ocrx_word' id='word_1_425' title='bbox 2549 2861 2801 2898; x_wconf 87' lang='lat' dir='ltr'><strong>araneam</strong></span> <span class='ocrx_word' id='word_1_426' title='bbox 2837 2848 3067 2899; x_wconf 88' lang='lat' dir='ltr'><strong>animam</strong></span> <span class='ocrx_word' id='word_1_427' title='bbox 3105 2848 3242 2917; x_wconf 87' lang='lat' dir='ltr'><strong>ejus,</strong></span> <span class='ocrx_word' id='word_1_428' title='bbox 3279 2865 3364 2903; x_wconf 74' lang='lat' dir='ltr'><strong>ue-</strong></span> 
     </span>
    </p>
   </div>
   <div class='ocr_carea' id='block_1_56' title="bbox 150 2929 1659 3007">
    <p class='ocr_par' dir='ltr' id='par_1_56' title="bbox 150 2929 1580 3003">
     <span class='ocr_line' id='line_1_56' title="bbox 150 2929 1580 3003; baseline -0.002 -18"><span class='ocrx_word' id='word_1_429' title='bbox 150 2932 321 2995; x_wconf 78' lang='grc' dir='ltr'>αὐτοῦ,</span> <span class='ocrx_word' id='word_1_430' title='bbox 342 2934 499 3002; x_wconf 74' lang='grc' dir='ltr'><em>πλὴν</em></span> <span class='ocrx_word' id='word_1_431' title='bbox 515 2932 727 3003; x_wconf 81' lang='grc' dir='ltr'>μάτην</span> <span class='ocrx_word' id='word_1_432' title='bbox 755 2932 871 2997; x_wconf 81' lang='grc' dir='ltr'><strong>πᾶς</strong></span> <span class='ocrx_word' id='word_1_433' title='bbox 895 2930 1225 2998; x_wconf 78' lang='grc' dir='ltr'><strong>ἄνθρωπος·</strong></span> <span class='ocrx_word' id='word_1_434' title='bbox 1250 2929 1580 2998; x_wconf 71' lang='grc' dir='ltr'>διάψαλμα.</span> 
     </span>
    </p>
   </div>
   <div class='ocr_carea' id='block_1_57' title="bbox 1525 2929 3034 3007">
    <p class='ocr_par' dir='ltr' id='par_1_57' title="bbox 1525 2937 3034 3007">
     <span class='ocr_line' id='line_1_57' title="bbox 1525 2937 3034 3007; baseline 0.007 -26"><span class='ocrx_word' id='word_1_435' title='bbox 1525 2945 1580 2981; x_wconf 86' lang='grc' dir='ltr'>α.</span> <span class='ocrx_word' id='word_1_436' title='bbox 1793 2941 2093 2987; x_wconf 87' lang='lat' dir='ltr'><strong>rumtamen</strong></span> <span class='ocrx_word' id='word_1_437' title='bbox 2122 2951 2247 2989; x_wconf 78' lang='lat' dir='ltr'><strong>vane</strong></span> <span class='ocrx_word' id='word_1_438' title='bbox 2284 2939 2454 2990; x_wconf 86' lang='lat' dir='ltr'><strong>omnis</strong></span> <span class='ocrx_word' id='word_1_439' title='bbox 2487 2939 2661 2990; x_wconf 85' lang='lat' dir='ltr'><strong>homo.</strong></span> <span class='ocrx_word' id='word_1_440' title='bbox 2698 2937 3034 3007; x_wconf 86' lang='lat' dir='ltr'><strong>Diapsalma.</strong></span> 
     </span>
    </p>
   </div>
   <div class='ocr_carea' id='block_1_58' title="bbox 214 3041 1723 3119">
    <p class='ocr_par' dir='ltr' id='par_1_58' title="bbox 214 3041 1691 3118">
     <span class='ocr_line' id='line_1_58' title="bbox 214 3041 1691 3118; baseline -0.003 -19"><span class='ocrx_word' id='word_1_441' title='bbox 214 3046 288 3099; x_wconf 86' lang='grc' dir='ltr'><strong>Ἐν</strong></span> <span class='ocrx_word' id='word_1_442' title='bbox 336 3047 425 3117; x_wconf 85' lang='grc' dir='ltr'><strong>μὲν</strong></span> <span class='ocrx_word' id='word_1_443' title='bbox 464 3047 549 3118; x_wconf 87' lang='grc' dir='ltr'><strong>τῷ</strong></span> <span class='ocrx_word' id='word_1_444' title='bbox 607 3047 713 3115; x_wconf 73' lang='grc' dir='ltr'><strong>πρὸ</strong></span> <span class='ocrx_word' id='word_1_445' title='bbox 763 3046 950 3098; x_wconf 87' lang='grc' dir='ltr'>τούτου</span> <span class='ocrx_word' id='word_1_446' title='bbox 982 3042 1183 3115; x_wconf 84' lang='grc' dir='ltr'>ψαλμῷ</span> <span class='ocrx_word' id='word_1_447' title='bbox 1214 3044 1470 3113; x_wconf 87' lang='grc' dir='ltr'><strong>παρεῖχεν</strong></span> <span class='ocrx_word' id='word_1_448' title='bbox 1502 3041 1691 3095; x_wconf 82' lang='grc' dir='ltr'>ἑαυτὸν</span> 
     </span>
    </p>
   </div>
   <div class='ocr_carea' id='block_1_59' title="bbox 1854 3041 3363 3119">
    <p class='ocr_par' dir='ltr' id='par_1_59' title="bbox 1863 3044 3363 3119">
     <span class='ocr_line' id='line_1_59' title="bbox 1863 3044 3363 3119; baseline 0.003 -20"><span class='ocrx_word' id='word_1_449' title='bbox 1863 3044 1923 3099; x_wconf 84' lang='lat' dir='ltr'><strong>In</strong></span> <span class='ocrx_word' id='word_1_450' title='bbox 1970 3046 2297 3114; x_wconf 72' lang='lat' dir='ltr'><strong>praecedenti</strong></span> <span class='ocrx_word' id='word_1_451' title='bbox 2334 3048 2543 3117; x_wconf 90' lang='lat' dir='ltr'><strong>psalmo</strong></span> <span class='ocrx_word' id='word_1_452' title='bbox 2587 3062 2707 3103; x_wconf 86' lang='lat' dir='ltr'><strong>sese</strong></span> <span class='ocrx_word' id='word_1_453' title='bbox 2740 3048 2913 3119; x_wconf 81' lang='lat' dir='ltr'><strong>plagis</strong></span> <span class='ocrx_word' id='word_1_454' title='bbox 2948 3049 3016 3102; x_wconf 88' lang='lat' dir='ltr'><strong>ad</strong></span> <span class='ocrx_word' id='word_1_455' title='bbox 3059 3049 3363 3118; x_wconf 87' lang='lat' dir='ltr'><strong>correptio-</strong></span> 
     </span>
    </p>
   </div>
   <div class='ocr_carea' id='block_1_60' title="bbox 149 3131 1658 3231">
    <p class='ocr_par' dir='ltr' id='par_1_60' title="bbox 149 3131 1658 3212">
     <span class='ocr_line' id='line_1_60' title="bbox 149 3131 1658 3212; baseline -0.001 -24"><span class='ocrx_word' id='word_1_456' title='bbox 149 3137 549 3206; x_wconf 70' lang='grc' dir='ltr'>ιπιστρεπτικαῖς</span> <span class='ocrx_word' id='word_1_457' title='bbox 588 3138 840 3206; x_wconf 82' lang='grc' dir='ltr'>πληγαῖς,</span> <span class='ocrx_word' id='word_1_458' title='bbox 868 3131 1081 3212; x_wconf 55' lang='grc' dir='ltr'>οἷάντις</span> <span class='ocrx_word' id='word_1_459' title='bbox 1119 3134 1415 3204; x_wconf 82' lang='grc' dir='ltr'><strong>εὐγνώμων</strong></span> <span class='ocrx_word' id='word_1_460' title='bbox 1444 3133 1658 3205; x_wconf 81' lang='grc' dir='ltr'>μαθητὴ</span> 
     </span>
    </p>
   </div>
   <div class='ocr_carea' id='block_1_61' title="bbox 1851 3131 3360 3231">
    <p class='ocr_par' dir='ltr' id='par_1_61' title="bbox 1851 3138 3360 3211">
     <span class='ocr_line' id='line_1_61' title="bbox 1851 3138 3360 3211; baseline 0.003 -21"><span class='ocrx_word' id='word_1_461' title='bbox 1851 3151 1939 3201; x_wconf 76' lang='lat' dir='ltr'><strong>:m,</strong></span> <span class='ocrx_word' id='word_1_462' title='bbox 1980 3152 2079 3192; x_wconf 91' lang='lat' dir='ltr'><strong>ceu</strong></span> <span class='ocrx_word' id='word_1_463' title='bbox 2116 3138 2385 3209; x_wconf 82' lang='lat' dir='ltr'><strong>ingenuus</strong></span> <span class='ocrx_word' id='word_1_464' title='bbox 2413 3140 2720 3210; x_wconf 89' lang='lat' dir='ltr'><strong>discipulus</strong></span> <span class='ocrx_word' id='word_1_465' title='bbox 2767 3140 3052 3211; x_wconf 86' lang='lat' dir='ltr'><strong>magistro,</strong></span> <span class='ocrx_word' id='word_1_466' title='bbox 3098 3139 3360 3208; x_wconf 88' lang='lat' dir='ltr'><strong>tradidit;</strong></span> 
     </span>
    </p>
   </div>
   <div class='ocr_carea' id='block_1_62' title="bbox 149 3226 1658 3302">
    <p class='ocr_par' dir='ltr' id='par_1_62' title="bbox 149 3226 1658 3299">
     <span class='ocr_line' id='line_1_62' title="bbox 149 3226 1658 3299; baseline -0.002 -17"><span class='ocrx_word' id='word_1_467' title='bbox 149 3227 402 3299; x_wconf 76' lang='grc' dir='ltr'><strong>διδασκάλῳ</strong></span> <span class='ocrx_word' id='word_1_468' title='bbox 421 3248 435 3260; x_wconf 69' lang='grc'><strong><em>⁸</em></strong></span> <span class='ocrx_word' id='word_1_469' title='bbox 466 3231 550 3283; x_wconf 87' lang='grc' dir='ltr'><strong>διὸ</strong></span> <span class='ocrx_word' id='word_1_470' title='bbox 580 3230 765 3297; x_wconf 75' lang='grc' dir='ltr'><strong>ἔλεγεν</strong></span> <span class='ocrx_word' id='word_1_471' title='bbox 787 3247 799 3260; x_wconf 91' lang='grc'><strong>·</strong></span> <span class='ocrx_word' id='word_1_472' title='bbox 842 3228 991 3298; x_wconf 77' lang='grc' dir='ltr'><strong>Ἐγὼ</strong></span> <span class='ocrx_word' id='word_1_473' title='bbox 1010 3230 1096 3293; x_wconf 77' lang='grc' dir='ltr'>εις</span> <span class='ocrx_word' id='word_1_474' title='bbox 1118 3226 1412 3296; x_wconf 73' lang='grc' dir='ltr'>μάστιγας</span> <span class='ocrx_word' id='word_1_475' title='bbox 1435 3226 1658 3294; x_wconf 79' lang='grc' dir='ltr'>ἕτοιμος</span> 
     </span>
    </p>
   </div>
   <div class='ocr_carea' id='block_1_63' title="bbox 1851 3226 3360 3302">
    <p class='ocr_par' dir='ltr' id='par_1_63' title="bbox 1851 3229 3360 3302">
     <span class='ocr_line' id='line_1_63' title="bbox 1851 3229 3360 3302; baseline 0.003 -21"><span class='ocrx_word' id='word_1_476' title='bbox 1851 3243 1962 3283; x_wconf 84' lang='lat' dir='ltr'><strong>lare</strong></span> <span class='ocrx_word' id='word_1_477' title='bbox 1991 3229 2227 3294; x_wconf 89' lang='lat' dir='ltr'><strong>dicebat,</strong></span> <span class='ocrx_word' id='word_1_478' title='bbox 2264 3247 2357 3300; x_wconf 87' lang='lat' dir='ltr'><strong>ego</strong></span> <span class='ocrx_word' id='word_1_479' title='bbox 2380 3232 2433 3284; x_wconf 90' lang='lat' dir='ltr'><strong>in</strong></span> <span class='ocrx_word' id='word_1_480' title='bbox 2460 3232 2673 3301; x_wconf 84' lang='lat' dir='ltr'><strong>ﬂagella</strong></span> <span class='ocrx_word' id='word_1_481' title='bbox 2701 3242 2923 3300; x_wconf 86' lang='lat' dir='ltr'><strong>paratus</strong></span> <span class='ocrx_word' id='word_1_482' title='bbox 2955 3248 3092 3285; x_wconf 89' lang='lat' dir='ltr'><strong>sum.</strong></span> <span class='ocrx_word' id='word_1_483' title='bbox 3125 3230 3194 3284; x_wconf 83' lang='lat' dir='ltr'><strong>At</strong></span> <span class='ocrx_word' id='word_1_484' title='bbox 3220 3247 3360 3302; x_wconf 90' lang='lat' dir='ltr'><strong>quo-</strong></span> 
     </span>
    </p>
   </div>
   <div class='ocr_carea' id='block_1_64' title="bbox 157 3316 1666 3394">
    <p class='ocr_par' dir='ltr' id='par_1_64' title="bbox 157 3319 1666 3394">
     <span class='ocr_line' id='line_1_64' title="bbox 157 3319 1666 3394; baseline -0.003 -21"><span class='ocrx_word' id='word_1_485' title='bbox 157 3321 279 3374; x_wconf 78' lang='grc' dir='ltr'>Ἐπεὶ</span> <span class='ocrx_word' id='word_1_486' title='bbox 299 3322 349 3375; x_wconf 77' lang='grc' dir='ltr'>δὲ</span> <span class='ocrx_word' id='word_1_487' title='bbox 375 3322 560 3376; x_wconf 74' lang='grc' dir='ltr'>λοιπὸν</span> <span class='ocrx_word' id='word_1_488' title='bbox 593 3322 880 3394; x_wconf 71' lang='grc' dir='ltr'>αὐτάρκως</span> <span class='ocrx_word' id='word_1_489' title='bbox 913 3320 1021 3374; x_wconf 87' lang='grc' dir='ltr'><strong>τῶν</strong></span> <span class='ocrx_word' id='word_1_490' title='bbox 1050 3321 1329 3391; x_wconf 84' lang='grc' dir='ltr'>μαστίγων</span> <span class='ocrx_word' id='word_1_491' title='bbox 1359 3319 1666 3389; x_wconf 74' lang='grc' dir='ltr'><strong>ὲπεπειρᾶτε</strong></span> 
     </span>
    </p>
   </div>
   <div class='ocr_carea' id='block_1_65' title="bbox 1853 3316 3362 3394">
    <p class='ocr_par' dir='ltr' id='par_1_65' title="bbox 1853 3317 3362 3389">
     <span class='ocr_line' id='line_1_65' title="bbox 1853 3317 3362 3389; baseline 0.005 -20"><span class='ocrx_word' id='word_1_492' title='bbox 1853 3332 1933 3370; x_wconf 85' lang='lat' dir='ltr'><strong>am</strong></span> <span class='ocrx_word' id='word_1_493' title='bbox 1958 3317 2217 3387; x_wconf 90' lang='lat' dir='ltr'><strong>deinceps</strong></span> <span class='ocrx_word' id='word_1_494' title='bbox 2246 3319 2455 3389; x_wconf 82' lang='lat' dir='ltr'><strong>ﬂagella</strong></span> <span class='ocrx_word' id='word_1_495' title='bbox 2489 3329 2574 3373; x_wconf 90' lang='lat' dir='ltr'><strong>sat</strong></span> <span class='ocrx_word' id='word_1_496' title='bbox 2602 3329 2857 3389; x_wconf 80' lang='lat' dir='ltr'><strong>expertus</strong></span> <span class='ocrx_word' id='word_1_497' title='bbox 2890 3326 3035 3383; x_wconf 90' lang='lat' dir='ltr'><strong>erat,</strong></span> <span class='ocrx_word' id='word_1_498' title='bbox 3069 3334 3193 3374; x_wconf 91' lang='lat' dir='ltr'><strong>cum</strong></span> <span class='ocrx_word' id='word_1_499' title='bbox 3237 3335 3362 3376; x_wconf 87' lang='lat' dir='ltr'><strong>sese</strong></span> 
     </span>
    </p>
   </div>
   <div class='ocr_carea' id='block_1_66' title="bbox 149 3407 1658 3483">
    <p class='ocr_par' dir='ltr' id='par_1_66' title="bbox 149 3407 1658 3483">
     <span class='ocr_line' id='line_1_66' title="bbox 149 3407 1658 3483; baseline -0.002 -20"><span class='ocrx_word' id='word_1_500' title='bbox 149 3409 375 3482; x_wconf 67' lang='lat' dir='ltr'><strong>tmubvw;</strong></span> <span class='ocrx_word' id='word_1_501' title='bbox 417 3413 589 3466; x_wconf 82' lang='grc' dir='ltr'>αὐτὸν</span> <span class='ocrx_word' id='word_1_502' title='bbox 635 3412 1031 3483; x_wconf 79' lang='grc' dir='ltr'><strong>αἰκιζομένων,</strong></span> <span class='ocrx_word' id='word_1_503' title='bbox 1083 3409 1314 3463; x_wconf 83' lang='grc' dir='ltr'><strong>ἱκετεύει</strong></span> <span class='ocrx_word' id='word_1_504' title='bbox 1356 3407 1450 3461; x_wconf 82' lang='grc' dir='ltr'><strong>τοῦ</strong></span> <span class='ocrx_word' id='word_1_505' title='bbox 1498 3407 1658 3461; x_wconf 61' lang='grc' dir='ltr'><strong>λοιποε</strong></span> 
     </span>
    </p>
   </div>
   <div class='ocr_carea' id='block_1_67' title="bbox 1853 3407 3362 3483">
    <p class='ocr_par' dir='ltr' id='par_1_67' title="bbox 1853 3408 3362 3479">
     <span class='ocr_line' id='line_1_67' title="bbox 1853 3408 3362 3479; baseline 0.002 -16"><span class='ocrx_word' id='word_1_506' title='bbox 1853 3409 2008 3463; x_wconf 90' lang='lat' dir='ltr'><strong>sidue</strong></span> <span class='ocrx_word' id='word_1_507' title='bbox 2060 3408 2348 3475; x_wconf 85' lang='lat' dir='ltr'><strong>laceraret,</strong></span> <span class='ocrx_word' id='word_1_508' title='bbox 2396 3417 2649 3479; x_wconf 84' lang='lat' dir='ltr'><strong>precatur</strong></span> <span class='ocrx_word' id='word_1_509' title='bbox 2695 3409 2913 3464; x_wconf 83' lang='lat' dir='ltr'><strong>domum</strong></span> <span class='ocrx_word' id='word_1_510' title='bbox 2955 3426 3143 3464; x_wconf 86' lang='lat' dir='ltr'><strong>eorum</strong></span> <span class='ocrx_word' id='word_1_511' title='bbox 3197 3410 3362 3466; x_wconf 87' lang='lat' dir='ltr'><strong>ﬂnem</strong></span> 
     </span>
    </p>
   </div>
   <div class='ocr_carea' id='block_1_68' title="bbox 148 3497 1657 3575">
    <p class='ocr_par' dir='ltr' id='par_1_68' title="bbox 148 3497 1657 3575">
     <span class='ocr_line' id='line_1_68' title="bbox 148 3497 1657 3575; baseline -0.001 -24"><span class='ocrx_word' id='word_1_512' title='bbox 148 3500 429 3566; x_wconf 80' lang='grc' dir='ltr'>παύσασθαι,</span> <span class='ocrx_word' id='word_1_513' title='bbox 462 3504 561 3556; x_wconf 77' lang='grc' dir='ltr'>καὶ</span> <span class='ocrx_word' id='word_1_514' title='bbox 609 3502 767 3575; x_wconf 85' lang='grc' dir='ltr'>μέχρι</span> <span class='ocrx_word' id='word_1_515' title='bbox 811 3500 999 3554; x_wconf 85' lang='grc' dir='ltr'>τούτου</span> <span class='ocrx_word' id='word_1_516' title='bbox 1050 3501 1235 3571; x_wconf 82' lang='grc' dir='ltr'>στῆναι</span> <span class='ocrx_word' id='word_1_517' title='bbox 1268 3497 1367 3562; x_wconf 84' lang='grc' dir='ltr'><strong>τὰς</strong></span> <span class='ocrx_word' id='word_1_518' title='bbox 1398 3497 1657 3569; x_wconf 77' lang='grc' dir='ltr'>μάστιγας</span> 
     </span>
    </p>
   </div>
   <div class='ocr_carea' id='block_1_69' title="bbox 1847 3497 3356 3575">
    <p class='ocr_par' dir='ltr' id='par_1_69' title="bbox 1847 3497 3356 3569">
     <span class='ocr_line' id='line_1_69' title="bbox 1847 3497 3356 3569; baseline 0.003 -19"><span class='ocrx_word' id='word_1_519' title='bbox 1847 3497 1905 3551; x_wconf 71' lang='grc' dir='ltr'><strong>ιτὶ</strong></span> <span class='ocrx_word' id='word_1_520' title='bbox 1937 3505 1991 3552; x_wconf 93' lang='lat' dir='ltr'><strong>et</strong></span> <span class='ocrx_word' id='word_1_521' title='bbox 2027 3498 2115 3552; x_wconf 90' lang='lat' dir='ltr'><strong>hic</strong></span> <span class='ocrx_word' id='word_1_522' title='bbox 2148 3501 2344 3553; x_wconf 85' lang='lat' dir='ltr'><strong>sistere</strong></span> <span class='ocrx_word' id='word_1_523' title='bbox 2372 3497 2600 3569; x_wconf 81' lang='lat' dir='ltr'><strong>ﬂagella,</strong></span> <span class='ocrx_word' id='word_1_524' title='bbox 2636 3514 2698 3553; x_wconf 87' lang='lat' dir='ltr'><strong>ac</strong></span> <span class='ocrx_word' id='word_1_525' title='bbox 2749 3498 3007 3568; x_wconf 72' lang='lat' dir='ltr'><strong>deinCups</strong></span> <span class='ocrx_word' id='word_1_526' title='bbox 3054 3500 3139 3554; x_wconf 86' lang='lat' dir='ltr'><strong>his</strong></span> <span class='ocrx_word' id='word_1_527' title='bbox 3169 3500 3356 3555; x_wconf 81' lang='lat' dir='ltr'><strong>verbis</strong></span> 
     </span>
    </p>
   </div>
   <div class='ocr_carea' id='block_1_70' title="bbox 147 3589 1656 3665">
    <p class='ocr_par' dir='ltr' id='par_1_70' title="bbox 147 3589 1656 3665">
     <span class='ocr_line' id='line_1_70' title="bbox 147 3589 1656 3665; baseline -0.001 -21"><span class='ocrx_word' id='word_1_528' title='bbox 147 3593 354 3662; x_wconf 73' lang='grc' dir='ltr'><strong>ὁμολογεῖ</strong></span> <span class='ocrx_word' id='word_1_529' title='bbox 392 3613 448 3649; x_wconf 89' lang='grc' dir='ltr'><strong>τε</strong></span> <span class='ocrx_word' id='word_1_530' title='bbox 490 3596 625 3665; x_wconf 77' lang='grc' dir='ltr'>ἑξῆς</span> <span class='ocrx_word' id='word_1_531' title='bbox 667 3594 868 3662; x_wconf 79' lang='grc' dir='ltr'>λέγων·</span> <span class='ocrx_word' id='word_1_532' title='bbox 918 3592 1050 3645; x_wconf 82' lang='grc' dir='ltr'><strong>Ἇπύ</strong></span> <span class='ocrx_word' id='word_1_533' title='bbox 1090 3589 1197 3659; x_wconf 85' lang='grc' dir='ltr'><strong>τῆς</strong></span> <span class='ocrx_word' id='word_1_534' title='bbox 1236 3591 1448 3658; x_wconf 71' lang='grc' dir='ltr'>ἰσχύος</span> <span class='ocrx_word' id='word_1_535' title='bbox 1492 3590 1656 3659; x_wconf 60' lang='grc' dir='ltr'>χειρόι</span> 
     </span>
    </p>
   </div>
   <div class='ocr_carea' id='block_1_71' title="bbox 1851 3589 3360 3665">
    <p class='ocr_par' dir='ltr' id='par_1_71' title="bbox 1851 3590 3360 3661">
     <span class='ocr_line' id='line_1_71' title="bbox 1851 3590 3360 3661; baseline 0.002 -18"><span class='ocrx_word' id='word_1_536' title='bbox 1851 3593 2093 3655; x_wconf 84' lang='lat' dir='ltr'><strong>nlltetur,</strong></span> <span class='ocrx_word' id='word_1_537' title='bbox 2137 3608 2169 3644; x_wconf 88' lang='lat' dir='ltr'><strong>a</strong></span> <span class='ocrx_word' id='word_1_538' title='bbox 2204 3590 2511 3659; x_wconf 79' lang='lat' dir='ltr'><strong>fortitudine</strong></span> <span class='ocrx_word' id='word_1_539' title='bbox 2553 3608 2741 3644; x_wconf 89' lang='lat' dir='ltr'><strong>manus</strong></span> <span class='ocrx_word' id='word_1_540' title='bbox 2788 3600 2892 3644; x_wconf 74' lang='lat' dir='ltr'><strong>tua:</strong></span> <span class='ocrx_word' id='word_1_541' title='bbox 2929 3608 3020 3661; x_wconf 91' lang='lat' dir='ltr'><strong>ego</strong></span> <span class='ocrx_word' id='word_1_542' title='bbox 3066 3591 3251 3660; x_wconf 79' lang='lat' dir='ltr'><strong>deferi.</strong></span> <span class='ocrx_word' id='word_1_543' title='bbox 3283 3590 3360 3646; x_wconf 90' lang='lat' dir='ltr'><strong>De</strong></span> 
     </span>
    </p>
   </div>
   <div class='ocr_carea' id='block_1_72' title="bbox 147 3681 1656 3757">
    <p class='ocr_par' dir='ltr' id='par_1_72' title="bbox 147 3682 1656 3757">
     <span class='ocr_line' id='line_1_72' title="bbox 147 3682 1656 3757; baseline -0.002 -19"><span class='ocrx_word' id='word_1_544' title='bbox 147 3701 237 3739; x_wconf 89' lang='grc' dir='ltr'><strong>σου</strong></span> <span class='ocrx_word' id='word_1_545' title='bbox 276 3687 378 3755; x_wconf 63' lang='grc' dir='ltr'><strong>ἐγὼ</strong></span> <span class='ocrx_word' id='word_1_546' title='bbox 420 3688 730 3753; x_wconf 72' lang='grc' dir='ltr'><strong>ἐξέλιπον.</strong></span> <span class='ocrx_word' id='word_1_547' title='bbox 764 3685 898 3757; x_wconf 72' lang='grc' dir='ltr'><strong>Περὶ</strong></span> <span class='ocrx_word' id='word_1_548' title='bbox 926 3686 982 3741; x_wconf 82' lang='grc' dir='ltr'>δὲ</span> <span class='ocrx_word' id='word_1_549' title='bbox 1007 3685 1107 3754; x_wconf 81' lang='grc' dir='ltr'><strong>τῆς</strong></span> <span class='ocrx_word' id='word_1_550' title='bbox 1146 3684 1327 3755; x_wconf 83' lang='grc' dir='ltr'>χειρὸς</span> <span class='ocrx_word' id='word_1_551' title='bbox 1351 3682 1553 3753; x_wconf 81' lang='grc' dir='ltr'>ταύτης</span> <span class='ocrx_word' id='word_1_552' title='bbox 1593 3700 1656 3735; x_wconf 88' lang='grc' dir='ltr'><strong>κα</strong></span> 
     </span>
    </p>
   </div>
   <div class='ocr_carea' id='block_1_73' title="bbox 1849 3681 3358 3757">
    <p class='ocr_par' dir='ltr' id='par_1_73' title="bbox 1849 3683 3358 3752">
     <span class='ocr_line' id='line_1_73' title="bbox 1849 3683 3358 3752; baseline 0 -18"><span class='ocrx_word' id='word_1_553' title='bbox 1849 3696 1887 3735; x_wconf 78' lang='grc' dir='ltr'><strong>ιο</strong></span> <span class='ocrx_word' id='word_1_554' title='bbox 1921 3697 2085 3752; x_wconf 91' lang='lat' dir='ltr'><strong>porro</strong></span> <span class='ocrx_word' id='word_1_555' title='bbox 2114 3698 2277 3737; x_wconf 89' lang='lat' dir='ltr'><strong>manu</strong></span> <span class='ocrx_word' id='word_1_556' title='bbox 2302 3684 2555 3752; x_wconf 89' lang='lat' dir='ltr'><strong>superius</strong></span> <span class='ocrx_word' id='word_1_557' title='bbox 2584 3684 2813 3746; x_wconf 80' lang='lat' dir='ltr'><strong>dictum,</strong></span> <span class='ocrx_word' id='word_1_558' title='bbox 2846 3683 3178 3751; x_wconf 81' lang='lat' dir='ltr'><strong>conﬁrmasti</strong></span> <span class='ocrx_word' id='word_1_559' title='bbox 3202 3697 3358 3751; x_wconf 84' lang='lat' dir='ltr'><strong>super</strong></span> 
     </span>
    </p>
   </div>
   <div class='ocr_carea' id='block_1_74' title="bbox 146 3764 1655 3846">
    <p class='ocr_par' dir='ltr' id='par_1_74' title="bbox 146 3771 1653 3846">
     <span class='ocr_line' id='line_1_74' title="bbox 146 3771 1653 3846; baseline -0.001 -20"><span class='ocrx_word' id='word_1_560' title='bbox 146 3773 355 3845; x_wconf 77' lang='grc' dir='ltr'>ἀνωτέρω</span> <span class='ocrx_word' id='word_1_561' title='bbox 387 3778 609 3846; x_wconf 67' lang='grc' dir='ltr'><strong>ἐλέγετο</strong></span> <span class='ocrx_word' id='word_1_562' title='bbox 632 3794 645 3808; x_wconf 76' lang='grc' dir='ltr'><strong>ο</strong></span> <span class='ocrx_word' id='word_1_563' title='bbox 690 3772 1118 3842; x_wconf 79' lang='grc' dir='ltr'><strong>Ἐπεστήριξας</strong></span> <span class='ocrx_word' id='word_1_564' title='bbox 1160 3773 1251 3826; x_wconf 80' lang='grc' dir='ltr'><strong>ἐπ’</strong></span> <span class='ocrx_word' id='word_1_565' title='bbox 1282 3771 1388 3841; x_wconf 79' lang='grc' dir='ltr'><strong>ἐμὲ</strong></span> <span class='ocrx_word' id='word_1_566' title='bbox 1416 3772 1530 3840; x_wconf 83' lang='grc' dir='ltr'><strong>τὴν</strong></span> <span class='ocrx_word' id='word_1_567' title='bbox 1559 3773 1653 3841; x_wconf 84' lang='grc' dir='ltr'><strong>χεῖ</strong></span> 
     </span>
    </p>
   </div>
   <div class='ocr_carea' id='block_1_75' title="bbox 1844 3764 3353 3846">
    <p class='ocr_par' dir='ltr' id='par_1_75' title="bbox 1844 3764 3353 3840">
     <span class='ocr_line' id='line_1_75' title="bbox 1844 3764 3353 3840; baseline 0.001 -15"><span class='ocrx_word' id='word_1_568' title='bbox 1844 3784 2291 3827; x_wconf 79' lang='lat' dir='ltr'><strong>emanum-tuam.</strong></span> <span class='ocrx_word' id='word_1_569' title='bbox 2321 3764 2580 3829; x_wconf 75' lang='lat' dir='ltr'><strong>Sub&#39;baec</strong></span> <span class='ocrx_word' id='word_1_570' title='bbox 2610 3775 2790 3840; x_wconf 85' lang='lat' dir='ltr'><strong>docet,</strong></span> <span class='ocrx_word' id='word_1_571' title='bbox 2824 3789 3043 3827; x_wconf 88' lang='lat' dir='ltr'><strong>manum</strong></span> <span class='ocrx_word' id='word_1_572' title='bbox 3076 3773 3223 3827; x_wconf 88' lang='lat' dir='ltr'><strong>illam</strong></span> <span class='ocrx_word' id='word_1_573' title='bbox 3245 3789 3353 3827; x_wconf 92' lang='lat' dir='ltr'><strong>non</strong></span> 
     </span>
    </p>
   </div>
   <div class='ocr_carea' id='block_1_76' title="bbox 143 3863 1652 3937">
    <p class='ocr_par' dir='ltr' id='par_1_76' title="bbox 143 3863 1649 3936">
     <span class='ocr_line' id='line_1_76' title="bbox 143 3863 1649 3936; baseline -0.002 -17"><span class='ocrx_word' id='word_1_574' title='bbox 143 3864 203 3929; x_wconf 78' lang='grc' dir='ltr'><em>ρά</em></span> <span class='ocrx_word' id='word_1_575' title='bbox 240 3883 357 3922; x_wconf 88' lang='grc' dir='ltr'>σου.</span> <span class='ocrx_word' id='word_1_576' title='bbox 388 3865 520 3922; x_wconf 85' lang='grc' dir='ltr'>Εἶτα</span> <span class='ocrx_word' id='word_1_577' title='bbox 575 3867 834 3930; x_wconf 77' lang='grc' dir='ltr'>διδάσκει,</span> <span class='ocrx_word' id='word_1_578' title='bbox 876 3867 957 3919; x_wconf 84' lang='grc' dir='ltr'>ὅτι</span> <span class='ocrx_word' id='word_1_579' title='bbox 993 3866 1066 3936; x_wconf 81' lang='grc' dir='ltr'>μὴ</span> <span class='ocrx_word' id='word_1_580' title='bbox 1100 3866 1274 3936; x_wconf 83' lang='grc' dir='ltr'>μάτην</span> <span class='ocrx_word' id='word_1_581' title='bbox 1301 3867 1334 3935; x_wconf 85' lang='grc' dir='ltr'><strong>ή</strong></span> <span class='ocrx_word' id='word_1_582' title='bbox 1371 3865 1489 3934; x_wconf 71' lang='grc' dir='ltr'><strong>χεὶρ</strong></span> <span class='ocrx_word' id='word_1_583' title='bbox 1522 3863 1649 3917; x_wconf 83' lang='grc' dir='ltr'>ὲπαί</span> 
     </span>
    </p>
   </div>
   <div class='ocr_carea' id='block_1_77' title="bbox 1844 3863 3353 3937">
    <p class='ocr_par' dir='ltr' id='par_1_77' title="bbox 1844 3864 3353 3937">
     <span class='ocr_line' id='line_1_77' title="bbox 1844 3864 3353 3937; baseline 0.001 -20"><span class='ocrx_word' id='word_1_584' title='bbox 1844 3874 1989 3919; x_wconf 89' lang='lat' dir='ltr'><strong>ustra</strong></span> <span class='ocrx_word' id='word_1_585' title='bbox 2019 3867 2318 3937; x_wconf 85' lang='lat' dir='ltr'><strong>corrigere,</strong></span> <span class='ocrx_word' id='word_1_586' title='bbox 2350 3883 2525 3937; x_wconf 88' lang='lat' dir='ltr'><strong>neque</strong></span> <span class='ocrx_word' id='word_1_587' title='bbox 2574 3868 2627 3920; x_wconf 91' lang='lat' dir='ltr'><strong>in</strong></span> <span class='ocrx_word' id='word_1_588' title='bbox 2671 3881 2887 3920; x_wconf 79' lang='lat' dir='ltr'><strong>cassum</strong></span> <span class='ocrx_word' id='word_1_589' title='bbox 2921 3864 3212 3933; x_wconf 83' lang='lat' dir='ltr'><strong>castigare,</strong></span> <span class='ocrx_word' id='word_1_590' title='bbox 3256 3865 3353 3919; x_wconf 85' lang='lat' dir='ltr'><strong>sed</strong></span> 
     </span>
    </p>
   </div>
   <div class='ocr_carea' id='block_1_78' title="bbox 143 3952 1652 4030">
    <p class='ocr_par' dir='ltr' id='par_1_78' title="bbox 143 3953 1652 4030">
     <span class='ocr_line' id='line_1_78' title="bbox 143 3953 1652 4030; baseline -0.002 -23"><span class='ocrx_word' id='word_1_591' title='bbox 143 3954 255 4021; x_wconf 83' lang='grc' dir='ltr'>δευε,</span> <span class='ocrx_word' id='word_1_592' title='bbox 280 3960 401 4029; x_wconf 85' lang='grc' dir='ltr'>μηδὲ</span> <span class='ocrx_word' id='word_1_593' title='bbox 422 3963 499 4024; x_wconf 77' lang='grc' dir='ltr'>εις</span> <span class='ocrx_word' id='word_1_594' title='bbox 533 3958 706 4030; x_wconf 82' lang='grc' dir='ltr'>ἀργὸν</span> <span class='ocrx_word' id='word_1_595' title='bbox 732 3957 1053 4027; x_wconf 77' lang='grc' dir='ltr'>ἐμαστίγου,</span> <span class='ocrx_word' id='word_1_596' title='bbox 1078 3954 1193 4009; x_wconf 86' lang='grc' dir='ltr'>ἀλλ’</span> <span class='ocrx_word' id='word_1_597' title='bbox 1215 3956 1302 4007; x_wconf 75' lang='grc' dir='ltr'><strong>ἐπ’</strong></span> <span class='ocrx_word' id='word_1_598' title='bbox 1322 3953 1560 4024; x_wconf 71' lang='grc' dir='ltr'>ὠφελείᾳ</span> <span class='ocrx_word' id='word_1_599' title='bbox 1586 3958 1652 4005; x_wconf 68' lang='grc' dir='ltr'><strong>τοέ</strong></span> 
     </span>
    </p>
   </div>
   <div class='ocr_carea' id='block_1_79' title="bbox 1845 3952 3354 4030">
    <p class='ocr_par' dir='ltr' id='par_1_79' title="bbox 1845 3956 3354 4027">
     <span class='ocr_line' id='line_1_79' title="bbox 1845 3956 3354 4027; baseline 0.003 -18"><span class='ocrx_word' id='word_1_600' title='bbox 1845 3971 1881 4009; x_wconf 51' lang='grc' dir='ltr'><strong>ιο</strong></span> <span class='ocrx_word' id='word_1_601' title='bbox 1915 3958 2195 4026; x_wconf 87' lang='lat' dir='ltr'><strong>peccantis</strong></span> <span class='ocrx_word' id='word_1_602' title='bbox 2221 3958 2453 4012; x_wconf 89' lang='lat' dir='ltr'><strong>utilitate</strong></span> <span class='ocrx_word' id='word_1_603' title='bbox 2479 4001 2492 4012; x_wconf 94' lang='lat'><strong>.</strong></span> <span class='ocrx_word' id='word_1_604' title='bbox 2512 3973 2681 4027; x_wconf 90' lang='lat' dir='ltr'><strong>quare</strong></span> <span class='ocrx_word' id='word_1_605' title='bbox 2702 3959 2799 4018; x_wconf 89' lang='lat' dir='ltr'><strong>ait,</strong></span> <span class='ocrx_word' id='word_1_606' title='bbox 2828 3958 2882 4010; x_wconf 88' lang='lat' dir='ltr'><strong>in</strong></span> <span class='ocrx_word' id='word_1_607' title='bbox 2911 3956 3354 4024; x_wconf 80' lang='lat' dir='ltr'><strong>increpationibus</strong></span> 
     </span>
    </p>
   </div>
   <div class='ocr_carea' id='block_1_80' title="bbox 142 4042 1651 4119">
    <p class='ocr_par' dir='ltr' id='par_1_80' title="bbox 142 4042 1649 4119">
     <span class='ocr_line' id='line_1_80' title="bbox 142 4042 1649 4119; baseline -0.004 -17"><span class='ocrx_word' id='word_1_608' title='bbox 142 4047 496 4119; x_wconf 66' lang='grc' dir='ltr'>ἡμαρτηκότος·</span> <span class='ocrx_word' id='word_1_609' title='bbox 533 4049 619 4103; x_wconf 90' lang='grc' dir='ltr'><strong>διό</strong></span> <span class='ocrx_word' id='word_1_610' title='bbox 646 4064 846 4119; x_wconf 86' lang='grc' dir='ltr'>φησιν·</span> <span class='ocrx_word' id='word_1_611' title='bbox 899 4047 996 4100; x_wconf 84' lang='grc' dir='ltr'><em>Ἑν</em></span> <span class='ocrx_word' id='word_1_612' title='bbox 1042 4044 1314 4115; x_wconf 73' lang='grc' dir='ltr'><strong>ἐλετμοῖς</strong></span> <span class='ocrx_word' id='word_1_613' title='bbox 1359 4042 1511 4111; x_wconf 82' lang='grc' dir='ltr'><strong>ὑπὲρ</strong></span> <span class='ocrx_word' id='word_1_614' title='bbox 1540 4044 1649 4097; x_wconf 61' lang='lat' dir='ltr'><strong>duo</strong></span> 
     </span>
    </p>
   </div>
   <div class='ocr_carea' id='block_1_81' title="bbox 1845 4042 3354 4119">
    <p class='ocr_par' dir='ltr' id='par_1_81' title="bbox 1845 4047 3354 4119">
     <span class='ocr_line' id='line_1_81' title="bbox 1845 4047 3354 4119; baseline 0.003 -19"><span class='ocrx_word' id='word_1_615' title='bbox 1845 4056 1990 4116; x_wconf 87' lang='lat' dir='ltr'><strong>apter</strong></span> <span class='ocrx_word' id='word_1_616' title='bbox 2019 4049 2348 4119; x_wconf 77' lang='lat' dir='ltr'><strong>iniquitatem</strong></span> <span class='ocrx_word' id='word_1_617' title='bbox 2400 4050 2704 4117; x_wconf 85' lang='lat' dir='ltr'><strong>corripuisti</strong></span> <span class='ocrx_word' id='word_1_618' title='bbox 2742 4048 3023 4102; x_wconf 85' lang='lat' dir='ltr'><strong>hominem.</strong></span> <span class='ocrx_word' id='word_1_619' title='bbox 3075 4047 3211 4103; x_wconf 83' lang='lat' dir='ltr'><strong>Nam</strong></span> <span class='ocrx_word' id='word_1_620' title='bbox 3254 4065 3354 4119; x_wconf 84' lang='lat' dir='ltr'><strong>pro</strong></span> 
     </span>
    </p>
   </div>
   <div class='ocr_carea' id='block_1_82' title="bbox 143 4135 1652 4209">
    <p class='ocr_par' dir='ltr' id='par_1_82' title="bbox 143 4135 1652 4209">
     <span class='ocr_line' id='line_1_82' title="bbox 143 4135 1652 4209; baseline -0.003 -16"><span class='ocrx_word' id='word_1_621' title='bbox 143 4137 253 4204; x_wconf 68' lang='lat' dir='ltr'><strong>plac</strong></span> <span class='ocrx_word' id='word_1_622' title='bbox 277 4141 632 4207; x_wconf 72' lang='grc' dir='ltr'><strong>ἐπαίδευσας</strong></span> <span class='ocrx_word' id='word_1_623' title='bbox 684 4141 1017 4207; x_wconf 79' lang='grc' dir='ltr'><strong>ἄνθρωπον.</strong></span> <span class='ocrx_word' id='word_1_624' title='bbox 1036 4138 1204 4209; x_wconf 83' lang='grc' dir='ltr'>’Υπὲρ</span> <span class='ocrx_word' id='word_1_625' title='bbox 1248 4135 1356 4207; x_wconf 86' lang='grc' dir='ltr'><strong>γὰρ</strong></span> <span class='ocrx_word' id='word_1_626' title='bbox 1396 4136 1495 4205; x_wconf 83' lang='grc' dir='ltr'>τῆς</span> <span class='ocrx_word' id='word_1_627' title='bbox 1549 4152 1652 4207; x_wconf 81' lang='grc' dir='ltr'>παρ</span> 
     </span>
    </p>
   </div>
   <div class='ocr_carea' id='block_1_83' title="bbox 1850 4135 3359 4209">
    <p class='ocr_par' dir='ltr' id='par_1_83' title="bbox 1854 4138 3359 4209">
     <span class='ocr_line' id='line_1_83' title="bbox 1854 4138 3359 4209; baseline 0.001 -18"><span class='ocrx_word' id='word_1_628' title='bbox 1854 4140 2020 4193; x_wconf 86' lang='lat' dir='ltr'><strong>missa</strong></span> <span class='ocrx_word' id='word_1_629' title='bbox 2066 4139 2373 4209; x_wconf 89' lang='lat' dir='ltr'><strong>iniquitate,</strong></span> <span class='ocrx_word' id='word_1_630' title='bbox 2411 4147 2464 4193; x_wconf 88' lang='lat' dir='ltr'><strong>et</strong></span> <span class='ocrx_word' id='word_1_631' title='bbox 2506 4155 2604 4208; x_wconf 91' lang='lat' dir='ltr'><strong>pro</strong></span> <span class='ocrx_word' id='word_1_632' title='bbox 2648 4149 2870 4208; x_wconf 89' lang='lat' dir='ltr'><strong>peccato</strong></span> <span class='ocrx_word' id='word_1_633' title='bbox 2918 4138 3063 4193; x_wconf 91' lang='lat' dir='ltr'><strong>edito</strong></span> <span class='ocrx_word' id='word_1_634' title='bbox 3099 4152 3226 4192; x_wconf 89' lang='lat' dir='ltr'><strong>eum</strong></span> <span class='ocrx_word' id='word_1_635' title='bbox 3258 4138 3359 4209; x_wconf 88' lang='lat' dir='ltr'><strong>qu&#39;.</strong></span> 
     </span>
    </p>
   </div>
   <div class='ocr_carea' id='block_1_84' title="bbox 144 4224 1653 4303">
    <p class='ocr_par' dir='ltr' id='par_1_84' title="bbox 144 4224 1653 4303">
     <span class='ocr_line' id='line_1_84' title="bbox 144 4224 1653 4303; baseline -0.004 -21"><span class='ocrx_word' id='word_1_636' title='bbox 144 4229 359 4303; x_wconf 77' lang='grc' dir='ltr'>αχθείσης</span> <span class='ocrx_word' id='word_1_637' title='bbox 403 4233 638 4302; x_wconf 80' lang='grc' dir='ltr'>ἀνομίας</span> <span class='ocrx_word' id='word_1_638' title='bbox 685 4232 778 4284; x_wconf 73' lang='grc' dir='ltr'>καὶ</span> <span class='ocrx_word' id='word_1_639' title='bbox 815 4230 903 4283; x_wconf 81' lang='grc' dir='ltr'><strong>διὰ</strong></span> <span class='ocrx_word' id='word_1_640' title='bbox 950 4228 1012 4282; x_wconf 81' lang='grc' dir='ltr'>τὸ</span> <span class='ocrx_word' id='word_1_641' title='bbox 1060 4225 1337 4299; x_wconf 81' lang='grc' dir='ltr'>παραχθὲν</span> <span class='ocrx_word' id='word_1_642' title='bbox 1376 4224 1653 4295; x_wconf 77' lang='grc' dir='ltr'>άμάρτημι</span> 
     </span>
    </p>
   </div>
   <div class='ocr_carea' id='block_1_85' title="bbox 1839 4224 3348 4303">
    <p class='ocr_par' dir='ltr' id='par_1_85' title="bbox 1839 4230 3348 4301">
     <span class='ocr_line' id='line_1_85' title="bbox 1839 4230 3348 4301; baseline 0.003 -22"><span class='ocrx_word' id='word_1_643' title='bbox 1839 4230 2177 4300; x_wconf 64' lang='grc' dir='ltr'><strong>ιττίρὶθὶιοιυι·</strong></span> <span class='ocrx_word' id='word_1_644' title='bbox 2208 4246 2463 4300; x_wconf 78' lang='lat' dir='ltr'><strong>arguens,</strong></span> <span class='ocrx_word' id='word_1_645' title='bbox 2503 4230 2713 4301; x_wconf 81' lang='lat' dir='ltr'><strong>ﬂagella</strong></span> <span class='ocrx_word' id='word_1_646' title='bbox 2739 4239 2794 4285; x_wconf 89' lang='lat' dir='ltr'><strong>et</strong></span> <span class='ocrx_word' id='word_1_647' title='bbox 2833 4241 3189 4285; x_wconf 88' lang='lat' dir='ltr'><strong>memoratam</strong></span> <span class='ocrx_word' id='word_1_648' title='bbox 3227 4246 3348 4284; x_wconf 80' lang='lat' dir='ltr'><strong>nia-</strong></span> 
     </span>
    </p>
   </div>
   <div class='ocr_carea' id='block_1_86' title="bbox 142 4315 1651 4393">
    <p class='ocr_par' dir='ltr' id='par_1_86' title="bbox 142 4315 1651 4393">
     <span class='ocr_line' id='line_1_86' title="bbox 142 4315 1651 4393; baseline -0.006 -16"><span class='ocrx_word' id='word_1_649' title='bbox 142 4318 337 4390; x_wconf 66' lang='grc' dir='ltr'>ὲλέγχων</span> <span class='ocrx_word' id='word_1_650' title='bbox 365 4324 452 4376; x_wconf 83' lang='grc' dir='ltr'><strong>τὸν</strong></span> <span class='ocrx_word' id='word_1_651' title='bbox 486 4322 877 4393; x_wconf 84' lang='grc' dir='ltr'>παιδευόμενον</span> <span class='ocrx_word' id='word_1_652' title='bbox 918 4318 1138 4381; x_wconf 76' lang='grc' dir='ltr'>καὶτὰς</span> <span class='ocrx_word' id='word_1_653' title='bbox 1172 4318 1440 4389; x_wconf 86' lang='grc' dir='ltr'>μάστιγας</span> <span class='ocrx_word' id='word_1_654' title='bbox 1474 4315 1651 4386; x_wconf 78' lang='grc' dir='ltr'><strong>ἐπῆγε</strong></span> 
     </span>
    </p>
   </div>
   <div class='ocr_carea' id='block_1_87' title="bbox 1842 4315 3351 4393">
    <p class='ocr_par' dir='ltr' id='par_1_87' title="bbox 1842 4318 3351 4389">
     <span class='ocr_line' id='line_1_87' title="bbox 1842 4318 3351 4389; baseline -0.001 -16"><span class='ocrx_word' id='word_1_655' title='bbox 1842 4336 1906 4373; x_wconf 83' lang='lat' dir='ltr'><strong>Im</strong></span> <span class='ocrx_word' id='word_1_656' title='bbox 1934 4319 2196 4375; x_wconf 80' lang='lat' dir='ltr'><strong>inﬂixisti.</strong></span> <span class='ocrx_word' id='word_1_657' title='bbox 2235 4319 2395 4375; x_wconf 88' lang='lat' dir='ltr'><strong>Hisce</strong></span> <span class='ocrx_word' id='word_1_658' title='bbox 2416 4335 2580 4389; x_wconf 90' lang='lat' dir='ltr'><strong>porro</strong></span> <span class='ocrx_word' id='word_1_659' title='bbox 2614 4318 2851 4373; x_wconf 91' lang='lat' dir='ltr'><strong>animam</strong></span> <span class='ocrx_word' id='word_1_660' title='bbox 2875 4319 3022 4373; x_wconf 90' lang='lat' dir='ltr'><strong>illius</strong></span> <span class='ocrx_word' id='word_1_661' title='bbox 3047 4318 3139 4389; x_wconf 82' lang='lat' dir='ltr'><strong>qui</strong></span> <span class='ocrx_word' id='word_1_662' title='bbox 3171 4321 3351 4374; x_wconf 86' lang='lat' dir='ltr'><strong>corri-</strong></span> 
     </span>
    </p>
   </div>
   <div class='ocr_carea' id='block_1_88' title="bbox 143 4406 1652 4486">
    <p class='ocr_par' dir='ltr' id='par_1_88' title="bbox 143 4406 1652 4486">
     <span class='ocr_line' id='line_1_88' title="bbox 143 4406 1652 4486; baseline -0.003 -21"><span class='ocrx_word' id='word_1_663' title='bbox 143 4410 216 4461; x_wconf 71' lang='grc' dir='ltr'>καὶ</span> <span class='ocrx_word' id='word_1_664' title='bbox 250 4412 337 4484; x_wconf 81' lang='grc' dir='ltr'><strong>τὴν</strong></span> <span class='ocrx_word' id='word_1_665' title='bbox 384 4414 544 4486; x_wconf 80' lang='grc' dir='ltr'>χεῖρά</span> <span class='ocrx_word' id='word_1_666' title='bbox 581 4430 674 4465; x_wconf 89' lang='grc' dir='ltr'><strong>σου</strong></span> <span class='ocrx_word' id='word_1_667' title='bbox 706 4409 1095 4481; x_wconf 81' lang='grc' dir='ltr'>προλεχθεῖσαν</span> <span class='ocrx_word' id='word_1_668' title='bbox 1117 4426 1130 4437; x_wconf 89' lang='grc'>·</span> <span class='ocrx_word' id='word_1_669' title='bbox 1162 4406 1370 4470; x_wconf 87' lang='grc' dir='ltr'>τούτοις</span> <span class='ocrx_word' id='word_1_670' title='bbox 1405 4407 1461 4459; x_wconf 86' lang='grc' dir='ltr'>δὲ</span> <span class='ocrx_word' id='word_1_671' title='bbox 1496 4407 1652 4461; x_wconf 62' lang='grc' dir='ltr'>αὑτοῖι</span> 
     </span>
    </p>
   </div>
   <div class='ocr_carea' id='block_1_89' title="bbox 1843 4406 3352 4486">
    <p class='ocr_par' dir='ltr' id='par_1_89' title="bbox 1843 4408 3352 4480">
     <span class='ocr_line' id='line_1_89' title="bbox 1843 4408 3352 4480; baseline -0.001 -17"><span class='ocrx_word' id='word_1_672' title='bbox 1843 4409 2025 4463; x_wconf 75' lang='lat' dir='ltr'><strong>ebatur</strong></span> <span class='ocrx_word' id='word_1_673' title='bbox 2053 4411 2334 4465; x_wconf 89' lang='lat' dir='ltr'><strong>tabescere</strong></span> <span class='ocrx_word' id='word_1_674' title='bbox 2357 4408 2554 4474; x_wconf 81' lang='lat' dir='ltr'><strong>fecisti,</strong></span> <span class='ocrx_word' id='word_1_675' title='bbox 2584 4410 2946 4479; x_wconf 83' lang='lat' dir='ltr'><strong>pro_utilitate</strong></span> <span class='ocrx_word' id='word_1_676' title='bbox 2975 4409 3147 4480; x_wconf 89' lang='lat' dir='ltr'><strong>ipsius</strong></span> <span class='ocrx_word' id='word_1_677' title='bbox 3169 4409 3352 4463; x_wconf 87' lang='lat' dir='ltr'><strong>humi-</strong></span> 
     </span>
    </p>
   </div>
   <div class='ocr_carea' id='block_1_90' title="bbox 144 4497 1653 4581">
    <p class='ocr_par' dir='ltr' id='par_1_90' title="bbox 144 4497 1653 4576">
     <span class='ocr_line' id='line_1_90' title="bbox 144 4497 1653 4576; baseline -0.001 -25"><span class='ocrx_word' id='word_1_678' title='bbox 144 4501 216 4553; x_wconf 72' lang='grc' dir='ltr'>καὶ</span> <span class='ocrx_word' id='word_1_679' title='bbox 238 4503 323 4573; x_wconf 77' lang='grc' dir='ltr'><strong>τὴν</strong></span> <span class='ocrx_word' id='word_1_680' title='bbox 347 4505 520 4576; x_wconf 73' lang='grc' dir='ltr'>ψυχὴν</span> <span class='ocrx_word' id='word_1_681' title='bbox 550 4503 645 4556; x_wconf 80' lang='grc' dir='ltr'><strong>τοῦ</strong></span> <span class='ocrx_word' id='word_1_682' title='bbox 674 4501 1060 4571; x_wconf 86' lang='grc' dir='ltr'>παιδευομένου</span> <span class='ocrx_word' id='word_1_683' title='bbox 1086 4497 1363 4569; x_wconf 79' lang='grc' dir='ltr'>ὲξὲτηξας,</span> <span class='ocrx_word' id='word_1_684' title='bbox 1394 4515 1653 4552; x_wconf 82' lang='grc' dir='ltr'>ταπεινου·</span> 
     </span>
    </p>
   </div>
   <div class='ocr_carea' id='block_1_91' title="bbox 1838 4497 3347 4581">
    <p class='ocr_par' dir='ltr' id='par_1_91' title="bbox 1838 4497 3347 4570">
     <span class='ocr_line' id='line_1_91' title="bbox 1838 4497 3347 4570; baseline 0.001 -20"><span class='ocrx_word' id='word_1_685' title='bbox 1838 4505 1961 4551; x_wconf 69' lang='lat' dir='ltr'><strong>itam</strong></span> <span class='ocrx_word' id='word_1_686' title='bbox 1998 4506 2052 4553; x_wconf 89' lang='lat' dir='ltr'><strong>et</strong></span> <span class='ocrx_word' id='word_1_687' title='bbox 2077 4507 2444 4554; x_wconf 64' lang='lat' dir='ltr'><strong>extenuatam.</strong></span> <span class='ocrx_word' id='word_1_688' title='bbox 2480 4499 2613 4553; x_wconf 85' lang='lat' dir='ltr'><strong>Nam</strong></span> <span class='ocrx_word' id='word_1_689' title='bbox 2639 4515 2748 4570; x_wconf 90' lang='lat' dir='ltr'><strong>quo</strong></span> <span class='ocrx_word' id='word_1_690' title='bbox 2782 4509 3025 4570; x_wconf 89' lang='lat' dir='ltr'><strong>tempore</strong></span> <span class='ocrx_word' id='word_1_691' title='bbox 3052 4498 3106 4553; x_wconf 91' lang='lat' dir='ltr'><strong>in</strong></span> <span class='ocrx_word' id='word_1_692' title='bbox 3137 4497 3347 4552; x_wconf 89' lang='lat' dir='ltr'><strong>deliciis</strong></span> 
     </span>
    </p>
   </div>
   <div class='ocr_carea' id='block_1_92' title="bbox 147 4589 1656 4666">
    <p class='ocr_par' dir='ltr' id='par_1_92' title="bbox 147 4589 1654 4666">
     <span class='ocr_line' id='line_1_92' title="bbox 147 4589 1654 4666; baseline 0 -23"><span class='ocrx_word' id='word_1_693' title='bbox 147 4590 280 4662; x_wconf 79' lang='grc' dir='ltr'>μένην</span> <span class='ocrx_word' id='word_1_694' title='bbox 300 4596 388 4647; x_wconf 78' lang='grc' dir='ltr'><strong>καὶ</strong></span> <span class='ocrx_word' id='word_1_695' title='bbox 414 4594 820 4666; x_wconf 84' lang='grc' dir='ltr'>λεπτυνομένην</span> <span class='ocrx_word' id='word_1_696' title='bbox 851 4595 936 4647; x_wconf 73' lang='grc' dir='ltr'><strong>ἐπ’</strong></span> <span class='ocrx_word' id='word_1_697' title='bbox 961 4590 1197 4661; x_wconf 78' lang='grc' dir='ltr'><strong>ὠφελείᾳ</strong></span> <span class='ocrx_word' id='word_1_698' title='bbox 1221 4592 1288 4660; x_wconf 82' lang='grc' dir='ltr'><strong>τῇ</strong></span> <span class='ocrx_word' id='word_1_699' title='bbox 1318 4590 1508 4660; x_wconf 78' lang='grc' dir='ltr'>αὐτῆς.</span> <span class='ocrx_word' id='word_1_700' title='bbox 1536 4589 1654 4643; x_wconf 86' lang='grc' dir='ltr'><strong>Καθ</strong></span> 
     </span>
    </p>
   </div>
   <div class='ocr_carea' id='block_1_93' title="bbox 1836 4589 3345 4666">
    <p class='ocr_par' dir='ltr' id='par_1_93' title="bbox 1836 4589 3345 4662">
     <span class='ocr_line' id='line_1_93' title="bbox 1836 4589 3345 4662; baseline -0.002 -17"><span class='ocrx_word' id='word_1_701' title='bbox 1836 4591 1993 4658; x_wconf 66' lang='grc' dir='ltr'>πεδοῖ,</span> <span class='ocrx_word' id='word_1_702' title='bbox 2028 4600 2141 4645; x_wconf 92' lang='lat' dir='ltr'><strong>tum</strong></span> <span class='ocrx_word' id='word_1_703' title='bbox 2176 4592 2228 4645; x_wconf 93' lang='lat' dir='ltr'><strong>in</strong></span> <span class='ocrx_word' id='word_1_704' title='bbox 2258 4600 2481 4662; x_wconf 88' lang='lat' dir='ltr'><strong>peccata</strong></span> <span class='ocrx_word' id='word_1_705' title='bbox 2512 4592 2662 4661; x_wconf 90' lang='lat' dir='ltr'><strong>lapsa</strong></span> <span class='ocrx_word' id='word_1_706' title='bbox 2695 4599 2799 4654; x_wconf 90' lang='lat' dir='ltr'><strong>est,</strong></span> <span class='ocrx_word' id='word_1_707' title='bbox 2836 4591 3133 4645; x_wconf 74' lang='lat' dir='ltr'><strong>secundum</strong></span> <span class='ocrx_word' id='word_1_708' title='bbox 3169 4589 3345 4644; x_wconf 74' lang='lat' dir='ltr'><strong>illud:</strong></span> 
     </span>
    </p>
   </div>
   <div class='ocr_carea' id='block_1_94' title="bbox 142 4678 1651 4759">
    <p class='ocr_par' dir='ltr' id='par_1_94' title="bbox 142 4679 1651 4759">
     <span class='ocr_line' id='line_1_94' title="bbox 142 4679 1651 4759; baseline -0.003 -20"><span class='ocrx_word' id='word_1_709' title='bbox 142 4680 187 4733; x_wconf 70' lang='grc' dir='ltr'><strong>ὃν</strong></span> <span class='ocrx_word' id='word_1_710' title='bbox 211 4684 302 4755; x_wconf 81' lang='grc' dir='ltr'><strong>γὰρ</strong></span> <span class='ocrx_word' id='word_1_711' title='bbox 326 4686 529 4759; x_wconf 69' lang='grc' dir='ltr'>ἐτρύφα</span> <span class='ocrx_word' id='word_1_712' title='bbox 553 4686 762 4758; x_wconf 86' lang='grc' dir='ltr'>χρόνον,</span> <span class='ocrx_word' id='word_1_713' title='bbox 802 4686 881 4748; x_wconf 88' lang='grc' dir='ltr'><strong>εἰς</strong></span> <span class='ocrx_word' id='word_1_714' title='bbox 911 4681 1185 4755; x_wconf 83' lang='grc' dir='ltr'>ἁμαρτίας</span> <span class='ocrx_word' id='word_1_715' title='bbox 1219 4679 1470 4745; x_wconf 80' lang='grc' dir='ltr'>ὲξώλισθε</span> <span class='ocrx_word' id='word_1_716' title='bbox 1489 4719 1505 4744; x_wconf 96' lang='grc'><strong>,</strong></span> <span class='ocrx_word' id='word_1_717' title='bbox 1536 4682 1651 4735; x_wconf 72' lang='grc' dir='ltr'>κατι</span> 
     </span>
    </p>
   </div>
   <div class='ocr_carea' id='block_1_95' title="bbox 1835 4678 3344 4759">
    <p class='ocr_par' dir='ltr' id='par_1_95' title="bbox 1835 4680 3344 4747">
     <span class='ocr_line' id='line_1_95' title="bbox 1835 4680 3344 4747; baseline -0.001 -12"><span class='ocrx_word' id='word_1_718' title='bbox 1835 4682 2018 4735; x_wconf 81' lang='lat' dir='ltr'><strong>omedit</strong></span> <span class='ocrx_word' id='word_1_719' title='bbox 2048 4691 2096 4736; x_wconf 87' lang='lat' dir='ltr'><strong>et</strong></span> <span class='ocrx_word' id='word_1_720' title='bbox 2123 4681 2249 4736; x_wconf 89' lang='lat' dir='ltr'><strong>bibit</strong></span> <span class='ocrx_word' id='word_1_721' title='bbox 2270 4681 2459 4747; x_wconf 81' lang='lat' dir='ltr'><strong>Jacob,</strong></span> <span class='ocrx_word' id='word_1_722' title='bbox 2486 4694 2535 4735; x_wconf 88' lang='lat' dir='ltr'><strong>et</strong></span> <span class='ocrx_word' id='word_1_723' title='bbox 2563 4683 2916 4735; x_wconf 80' lang='lat' dir='ltr'><strong>recalcitravit</strong></span> <span class='ocrx_word' id='word_1_724' title='bbox 2948 4680 3171 4734; x_wconf 85' lang='lat' dir='ltr'><strong>dilectus</strong></span> <span class='ocrx_word' id='word_1_725' title='bbox 3201 4689 3251 4733; x_wconf 92' lang='lat' dir='ltr'><strong>et</strong></span> <span class='ocrx_word' id='word_1_726' title='bbox 3273 4680 3344 4733; x_wconf 75' lang='lat' dir='ltr'><strong>in~</strong></span> 
     </span>
    </p>
   </div>
   <div class='ocr_carea' id='block_1_96' title="bbox 143 4772 1652 4847">
    <p class='ocr_par' dir='ltr' id='par_1_96' title="bbox 143 4772 1652 4847">
     <span class='ocr_line' id='line_1_96' title="bbox 143 4772 1652 4847; baseline -0.004 -17"><span class='ocrx_word' id='word_1_727' title='bbox 143 4774 212 4824; x_wconf 68' lang='grc' dir='ltr'><strong>τό·</strong></span> <span class='ocrx_word' id='word_1_728' title='bbox 236 4778 441 4847; x_wconf 72' lang='grc' dir='ltr'><strong>Ἐερατε</strong></span> <span class='ocrx_word' id='word_1_729' title='bbox 483 4779 583 4832; x_wconf 84' lang='grc' dir='ltr'>καὶ</span> <span class='ocrx_word' id='word_1_730' title='bbox 621 4778 791 4832; x_wconf 82' lang='grc' dir='ltr'><strong>ἔπιεν</strong></span> <span class='ocrx_word' id='word_1_731' title='bbox 823 4775 1038 4838; x_wconf 81' lang='grc' dir='ltr'>Ἰακὼϐ,</span> <span class='ocrx_word' id='word_1_732' title='bbox 1063 4774 1159 4828; x_wconf 76' lang='grc' dir='ltr'>καὶ</span> <span class='ocrx_word' id='word_1_733' title='bbox 1202 4772 1606 4834; x_wconf 80' lang='grc' dir='ltr'><strong>ἀπελάκτισεν</strong></span> <span class='ocrx_word' id='word_1_734' title='bbox 1643 4794 1652 4824; x_wconf 76' lang='grc' dir='ltr'>ι</span> 
     </span>
    </p>
   </div>
   <div class='ocr_carea' id='block_1_97' title="bbox 1837 4772 3346 4847">
    <p class='ocr_par' dir='ltr' id='par_1_97' title="bbox 1841 4773 3346 4846">
     <span class='ocr_line' id='line_1_97' title="bbox 1841 4773 3346 4846; baseline -0.002 -18"><span class='ocrx_word' id='word_1_735' title='bbox 1841 4784 2048 4829; x_wconf 84' lang='lat' dir='ltr'><strong>assatus</strong></span> <span class='ocrx_word' id='word_1_736' title='bbox 2072 4785 2170 4840; x_wconf 81' lang='lat' dir='ltr'><strong>est,</strong></span> <span class='ocrx_word' id='word_1_737' title='bbox 2190 4787 2240 4831; x_wconf 87' lang='lat' dir='ltr'><strong>et</strong></span> <span class='ocrx_word' id='word_1_738' title='bbox 2266 4778 2476 4831; x_wconf 88' lang='lat' dir='ltr'><strong>recessit</strong></span> <span class='ocrx_word' id='word_1_739' title='bbox 2502 4795 2534 4831; x_wconf 92' lang='lat' dir='ltr'><strong>a</strong></span> <span class='ocrx_word' id='word_1_740' title='bbox 2559 4778 2662 4831; x_wconf 85' lang='lat' dir='ltr'><strong>Deo</strong></span> <span class='ocrx_word' id='word_1_741' title='bbox 2685 4777 2774 4846; x_wconf 88' lang='lat' dir='ltr'><strong>qui</strong></span> <span class='ocrx_word' id='word_1_742' title='bbox 2805 4775 3069 4829; x_wconf 88' lang='lat' dir='ltr'><strong>nutriebat</strong></span> <span class='ocrx_word' id='word_1_743' title='bbox 3091 4774 3262 4841; x_wconf 88' lang='lat' dir='ltr'><strong>ipsum</strong></span> <span class='ocrx_word' id='word_1_744' title='bbox 3276 4773 3346 4831; x_wconf 82' lang='lat'><strong>&quot;.</strong></span> 
     </span>
    </p>
   </div>
   <div class='ocr_carea' id='block_1_98' title="bbox 142 4861 1651 4937">
    <p class='ocr_par' dir='ltr' id='par_1_98' title="bbox 142 4864 1651 4937">
     <span class='ocr_line' id='line_1_98' title="bbox 142 4864 1651 4937; baseline -0.009 -6"><span class='ocrx_word' id='word_1_745' title='bbox 142 4865 502 4937; x_wconf 65' lang='grc' dir='ltr'>ἠγαπημένος,</span> <span class='ocrx_word' id='word_1_746' title='bbox 533 4871 874 4936; x_wconf 77' lang='grc' dir='ltr'>ἐπλατύνθη</span> <span class='ocrx_word' id='word_1_747' title='bbox 907 4867 1003 4921; x_wconf 81' lang='grc' dir='ltr'>καὶ</span> <span class='ocrx_word' id='word_1_748' title='bbox 1047 4867 1354 4936; x_wconf 79' lang='grc' dir='ltr'><strong>ἐπαχύνθη</strong></span> <span class='ocrx_word' id='word_1_749' title='bbox 1374 4904 1389 4929; x_wconf 96' lang='grc'><strong>,</strong></span> <span class='ocrx_word' id='word_1_750' title='bbox 1429 4864 1526 4918; x_wconf 75' lang='grc' dir='ltr'>καὶ</span> <span class='ocrx_word' id='word_1_751' title='bbox 1566 4864 1651 4918; x_wconf 72' lang='grc' dir='ltr'><em>ἀπ</em></span> 
     </span>
    </p>
   </div>
   <div class='ocr_carea' id='block_1_99' title="bbox 1835 4861 3344 4937">
    <p class='ocr_par' dir='ltr' id='par_1_99' title="bbox 1835 4861 3344 4934">
     <span class='ocr_line' id='line_1_99' title="bbox 1835 4861 3344 4934; baseline 0 -18"><span class='ocrx_word' id='word_1_752' title='bbox 1835 4864 2165 4927; x_wconf 87' lang='lat' dir='ltr'><strong>uamobrem,</strong></span> <span class='ocrx_word' id='word_1_753' title='bbox 2210 4874 2267 4917; x_wconf 89' lang='lat' dir='ltr'><strong>ut</strong></span> <span class='ocrx_word' id='word_1_754' title='bbox 2312 4866 2532 4934; x_wconf 85' lang='lat' dir='ltr'><strong>spiritus</strong></span> <span class='ocrx_word' id='word_1_755' title='bbox 2572 4865 2750 4920; x_wconf 84' lang='lat' dir='ltr'><strong>salvus</strong></span> <span class='ocrx_word' id='word_1_756' title='bbox 2791 4865 2860 4917; x_wconf 88' lang='lat' dir='ltr'><strong>sit</strong></span> <span class='ocrx_word' id='word_1_757' title='bbox 2897 4865 2949 4916; x_wconf 87' lang='lat' dir='ltr'><strong>in</strong></span> <span class='ocrx_word' id='word_1_758' title='bbox 2983 4862 3067 4915; x_wconf 89' lang='lat' dir='ltr'><strong>die</strong></span> <span class='ocrx_word' id='word_1_759' title='bbox 3106 4861 3344 4927; x_wconf 86' lang='lat' dir='ltr'><strong>Domini,</strong></span> 
     </span>
    </p>
   </div>
   <div class='ocr_carea' id='block_1_100' title="bbox 142 4947 1651 5025">
    <p class='ocr_par' dir='ltr' id='par_1_100' title="bbox 142 4950 1651 5025">
     <span class='ocr_line' id='line_1_100' title="bbox 142 4950 1651 5025; baseline -0.003 -20"><span class='ocrx_word' id='word_1_760' title='bbox 142 4952 261 5023; x_wconf 79' lang='grc' dir='ltr'>ἐστη</span> <span class='ocrx_word' id='word_1_761' title='bbox 292 4959 400 5012; x_wconf 81' lang='grc' dir='ltr'><strong>ἀπὸ</strong></span> <span class='ocrx_word' id='word_1_762' title='bbox 435 4959 585 5013; x_wconf 78' lang='grc' dir='ltr'><strong>Θεοῦ</strong></span> <span class='ocrx_word' id='word_1_763' title='bbox 612 4958 718 5012; x_wconf 84' lang='grc' dir='ltr'><strong>τοῦ</strong></span> <span class='ocrx_word' id='word_1_764' title='bbox 758 4956 1074 5025; x_wconf 71' lang='grc' dir='ltr'>τρέφοντος</span> <span class='ocrx_word' id='word_1_765' title='bbox 1098 4953 1299 5009; x_wconf 85' lang='grc' dir='ltr'>αὐτόν.</span> <span class='ocrx_word' id='word_1_766' title='bbox 1339 4950 1449 5013; x_wconf 84' lang='grc' dir='ltr'>Διὸ,</span> <span class='ocrx_word' id='word_1_767' title='bbox 1478 4951 1577 5004; x_wconf 82' lang='grc' dir='ltr'><strong>ἵνα</strong></span> <span class='ocrx_word' id='word_1_768' title='bbox 1607 4966 1651 5002; x_wconf 73' lang='grc' dir='ltr'>τι</span> 
     </span>
    </p>
   </div>
   <div class='ocr_carea' id='block_1_101' title="bbox 1836 4947 3345 5025">
    <p class='ocr_par' dir='ltr' id='par_1_101' title="bbox 1836 4952 3345 5025">
     <span class='ocr_line' id='line_1_101' title="bbox 1836 4952 3345 5025; baseline 0.003 -20"><span class='ocrx_word' id='word_1_769' title='bbox 1836 4972 1904 5009; x_wconf 63' lang='lat' dir='ltr'><strong>iro</strong></span> <span class='ocrx_word' id='word_1_770' title='bbox 1928 4954 2127 5008; x_wconf 89' lang='lat' dir='ltr'><strong>tradita</strong></span> <span class='ocrx_word' id='word_1_771' title='bbox 2164 4966 2241 5009; x_wconf 91' lang='lat' dir='ltr'><strong>est</strong></span> <span class='ocrx_word' id='word_1_772' title='bbox 2270 4957 2325 5010; x_wconf 90' lang='lat' dir='ltr'><strong>in</strong></span> <span class='ocrx_word' id='word_1_773' title='bbox 2356 4958 2625 5011; x_wconf 87' lang='lat' dir='ltr'><strong>interitum</strong></span> <span class='ocrx_word' id='word_1_774' title='bbox 2646 4958 2691 4988; x_wconf 85' lang='lat'><strong>”</strong></span> <span class='ocrx_word' id='word_1_775' title='bbox 2720 4971 2735 5009; x_wconf 90' lang='lat'><strong>:</strong></span> <span class='ocrx_word' id='word_1_776' title='bbox 2762 4969 2869 5025; x_wconf 89' lang='lat' dir='ltr'><strong>qua</strong></span> <span class='ocrx_word' id='word_1_777' title='bbox 2912 4953 3182 5023; x_wconf 89' lang='lat' dir='ltr'><strong>supplicio</strong></span> <span class='ocrx_word' id='word_1_778' title='bbox 3212 4952 3345 5009; x_wconf 77' lang='lat' dir='ltr'><strong>affe-</strong></span> 
     </span>
    </p>
   </div>
   <div class='ocr_carea' id='block_1_102' title="bbox 142 5040 1651 5117">
    <p class='ocr_par' dir='ltr' id='par_1_102' title="bbox 142 5040 1651 5117">
     <span class='ocr_line' id='line_1_102' title="bbox 142 5040 1651 5117; baseline 0.001 -24"><span class='ocrx_word' id='word_1_779' title='bbox 142 5045 339 5115; x_wconf 72' lang='grc' dir='ltr'>πνεῦμα</span> <span class='ocrx_word' id='word_1_780' title='bbox 368 5048 530 5117; x_wconf 77' lang='grc' dir='ltr'>σωθῇ</span> <span class='ocrx_word' id='word_1_781' title='bbox 574 5050 642 5103; x_wconf 86' lang='grc' dir='ltr'><em>ἐν</em></span> <span class='ocrx_word' id='word_1_782' title='bbox 686 5046 761 5117; x_wconf 75' lang='grc' dir='ltr'><strong>τῇ</strong></span> <span class='ocrx_word' id='word_1_783' title='bbox 811 5045 1000 5116; x_wconf 77' lang='grc' dir='ltr'>ἡμέρᾳ</span> <span class='ocrx_word' id='word_1_784' title='bbox 1027 5044 1132 5098; x_wconf 86' lang='grc' dir='ltr'><strong>τοῦ</strong></span> <span class='ocrx_word' id='word_1_785' title='bbox 1161 5043 1401 5111; x_wconf 79' lang='lat' dir='ltr'><strong>Kvplov,</strong></span> <span class='ocrx_word' id='word_1_786' title='bbox 1436 5043 1473 5110; x_wconf 74' lang='grc' dir='ltr'><strong>ἠ</strong></span> <span class='ocrx_word' id='word_1_787' title='bbox 1516 5040 1651 5109; x_wconf 75' lang='grc' dir='ltr'><strong>σὰρέ</strong></span> 
     </span>
    </p>
   </div>
   <div class='ocr_carea' id='block_1_103' title="bbox 1831 5040 3340 5117">
    <p class='ocr_par' dir='ltr' id='par_1_103' title="bbox 1831 5045 3340 5112">
     <span class='ocr_line' id='line_1_103' title="bbox 1831 5045 3340 5112; baseline -0.001 -16"><span class='ocrx_word' id='word_1_788' title='bbox 1831 5062 1890 5112; x_wconf 74' lang='lat' dir='ltr'><strong>,a,</strong></span> <span class='ocrx_word' id='word_1_789' title='bbox 1941 5046 2123 5100; x_wconf 87' lang='lat' dir='ltr'><strong>anima</strong></span> <span class='ocrx_word' id='word_1_790' title='bbox 2174 5047 2403 5103; x_wconf 83' lang='lat' dir='ltr'><strong>tabescit</strong></span> <span class='ocrx_word' id='word_1_791' title='bbox 2438 5055 2493 5103; x_wconf 92' lang='lat' dir='ltr'><strong>et</strong></span> <span class='ocrx_word' id='word_1_792' title='bbox 2538 5054 2867 5102; x_wconf 75' lang='lat' dir='ltr'><strong>extenuatur</strong></span> <span class='ocrx_word' id='word_1_793' title='bbox 2919 5045 3062 5098; x_wconf 90' lang='lat' dir='ltr'><strong>sicut</strong></span> <span class='ocrx_word' id='word_1_794' title='bbox 3101 5057 3340 5099; x_wconf 90' lang='lat' dir='ltr'><strong>aranea:</strong></span> 
     </span>
    </p>
   </div>
   <div class='ocr_carea' id='block_1_104' title="bbox 144 5133 1653 5209">
    <p class='ocr_par' dir='ltr' id='par_1_104' title="bbox 144 5133 1653 5208">
     <span class='ocr_line' id='line_1_104' title="bbox 144 5133 1653 5208; baseline -0.005 -17"><span class='ocrx_word' id='word_1_795' title='bbox 144 5137 491 5201; x_wconf 74' lang='grc' dir='ltr'>παραδέδοται</span> <span class='ocrx_word' id='word_1_796' title='bbox 520 5144 605 5206; x_wconf 76' lang='grc' dir='ltr'>εις</span> <span class='ocrx_word' id='word_1_797' title='bbox 635 5140 911 5207; x_wconf 75' lang='grc' dir='ltr'><strong>ὄλεθρον·</strong></span> <span class='ocrx_word' id='word_1_798' title='bbox 966 5133 1033 5208; x_wconf 79' lang='grc' dir='ltr'><strong>ἧς</strong></span> <span class='ocrx_word' id='word_1_799' title='bbox 1061 5134 1492 5206; x_wconf 62' lang='grc' dir='ltr'>τιμωρουμένης,</span> <span class='ocrx_word' id='word_1_800' title='bbox 1514 5135 1653 5203; x_wconf 80' lang='grc' dir='ltr'>ὲκτή·</span> 
     </span>
    </p>
   </div>
   <div class='ocr_carea' id='block_1_105' title="bbox 1837 5133 3346 5209">
    <p class='ocr_par' dir='ltr' id='par_1_105' title="bbox 1837 5135 3346 5209">
     <span class='ocr_line' id='line_1_105' title="bbox 1837 5135 3346 5209; baseline -0.005 -14"><span class='ocrx_word' id='word_1_801' title='bbox 1837 5156 1898 5195; x_wconf 88' lang='lat' dir='ltr'><strong>eo</strong></span> <span class='ocrx_word' id='word_1_802' title='bbox 1928 5142 2023 5206; x_wconf 83' lang='lat' dir='ltr'><strong>ait,</strong></span> <span class='ocrx_word' id='word_1_803' title='bbox 2056 5140 2122 5195; x_wconf 85' lang='lat' dir='ltr'><strong>Et</strong></span> <span class='ocrx_word' id='word_1_804' title='bbox 2164 5141 2422 5196; x_wconf 74' lang='lat' dir='ltr'><strong>tabescere</strong></span> <span class='ocrx_word' id='word_1_805' title='bbox 2448 5141 2619 5209; x_wconf 87' lang='lat' dir='ltr'><strong>fecisti</strong></span> <span class='ocrx_word' id='word_1_806' title='bbox 2650 5140 2787 5193; x_wconf 83' lang='lat' dir='ltr'><strong>sicut</strong></span> <span class='ocrx_word' id='word_1_807' title='bbox 2818 5153 3069 5191; x_wconf 85' lang='lat' dir='ltr'><strong>araneam</strong></span> <span class='ocrx_word' id='word_1_808' title='bbox 3111 5135 3346 5189; x_wconf 88' lang='lat' dir='ltr'><strong>animam</strong></span> 
     </span>
    </p>
   </div>
   <div class='ocr_carea' id='block_1_106' title="bbox 144 5225 1653 5304">
    <p class='ocr_par' dir='ltr' id='par_1_106' title="bbox 144 5226 1637 5303">
     <span class='ocr_line' id='line_1_106' title="bbox 144 5226 1637 5303; baseline 0.002 -28"><span class='ocrx_word' id='word_1_809' title='bbox 144 5239 269 5280; x_wconf 84' lang='grc' dir='ltr'>κεται</span> <span class='ocrx_word' id='word_1_810' title='bbox 312 5230 450 5302; x_wconf 72' lang='grc' dir='ltr'><strong>ψυχὴ</strong></span> <span class='ocrx_word' id='word_1_811' title='bbox 484 5232 861 5303; x_wconf 82' lang='grc' dir='ltr'>ὲξισχνουμένη</span> <span class='ocrx_word' id='word_1_812' title='bbox 896 5230 1050 5299; x_wconf 87' lang='grc' dir='ltr'>δίκην</span> <span class='ocrx_word' id='word_1_813' title='bbox 1088 5227 1328 5299; x_wconf 86' lang='grc' dir='ltr'>ἀράχνης</span> <span class='ocrx_word' id='word_1_814' title='bbox 1348 5242 1364 5258; x_wconf 75' lang='grc'><strong>⁸</strong></span> <span class='ocrx_word' id='word_1_815' title='bbox 1395 5226 1474 5279; x_wconf 90' lang='grc' dir='ltr'><strong>διό</strong></span> <span class='ocrx_word' id='word_1_816' title='bbox 1506 5242 1637 5296; x_wconf 79' lang='grc' dir='ltr'>φησι</span> 
     </span>
    </p>
   </div>
   <div class='ocr_carea' id='block_1_107' title="bbox 1835 5225 3344 5304">
    <p class='ocr_par' dir='ltr' id='par_1_107' title="bbox 1835 5225 3344 5304">
     <span class='ocr_line' id='line_1_107' title="bbox 1835 5225 3344 5304; baseline -0.008 -16"><span class='ocrx_word' id='word_1_817' title='bbox 1835 5249 1947 5288; x_wconf 80' lang='lat' dir='ltr'><strong>eam</strong></span> <span class='ocrx_word' id='word_1_818' title='bbox 1981 5250 1998 5287; x_wconf 91' lang='lat'><em>:</em></span> <span class='ocrx_word' id='word_1_819' title='bbox 2030 5233 2229 5304; x_wconf 91' lang='lat' dir='ltr'><strong>quibus</strong></span> <span class='ocrx_word' id='word_1_820' title='bbox 2290 5231 2516 5301; x_wconf 90' lang='lat' dir='ltr'><strong>adjicit,</strong></span> <span class='ocrx_word' id='word_1_821' title='bbox 2568 5230 2937 5285; x_wconf 78' lang='lat' dir='ltr'><strong>Verumtamen</strong></span> <span class='ocrx_word' id='word_1_822' title='bbox 2998 5241 3128 5279; x_wconf 84' lang='lat' dir='ltr'><strong>uane</strong></span> <span class='ocrx_word' id='word_1_823' title='bbox 3177 5225 3344 5277; x_wconf 88' lang='lat' dir='ltr'><strong>omnis</strong></span> 
     </span>
    </p>
   </div>
   <div class='ocr_carea' id='block_1_108' title="bbox 144 5314 1653 5393">
    <p class='ocr_par' dir='ltr' id='par_1_108' title="bbox 144 5316 1653 5393">
     <span class='ocr_line' id='line_1_108' title="bbox 144 5316 1653 5393; baseline 0.001 -24"><span class='ocrx_word' id='word_1_824' title='bbox 144 5316 229 5371; x_wconf 80' lang='lat' dir='ltr'><strong>Kal</strong></span> <span class='ocrx_word' id='word_1_825' title='bbox 252 5321 522 5391; x_wconf 81' lang='grc' dir='ltr'>ἐξέτηξας</span> <span class='ocrx_word' id='word_1_826' title='bbox 540 5327 619 5391; x_wconf 86' lang='grc' dir='ltr'>ὡς</span> <span class='ocrx_word' id='word_1_827' title='bbox 648 5324 919 5393; x_wconf 79' lang='grc' dir='ltr'><strong>ἀράχνην</strong></span> <span class='ocrx_word' id='word_1_828' title='bbox 948 5322 1061 5389; x_wconf 81' lang='grc' dir='ltr'><strong>τὴν</strong></span> <span class='ocrx_word' id='word_1_829' title='bbox 1084 5319 1297 5389; x_wconf 68' lang='grc' dir='ltr'><em>ψυχὴν</em></span> <span class='ocrx_word' id='word_1_830' title='bbox 1326 5318 1512 5373; x_wconf 80' lang='grc' dir='ltr'>αὐτοῦ</span> <span class='ocrx_word' id='word_1_831' title='bbox 1532 5334 1544 5346; x_wconf 92' lang='grc'><strong>·</strong></span> <span class='ocrx_word' id='word_1_832' title='bbox 1576 5317 1653 5371; x_wconf 80' lang='grc' dir='ltr'>κα¹</span> 
     </span>
    </p>
   </div>
   <div class='ocr_carea' id='block_1_109' title="bbox 1835 5314 3344 5393">
    <p class='ocr_par' dir='ltr' id='par_1_109' title="bbox 1835 5314 3344 5393">
     <span class='ocr_line' id='line_1_109' title="bbox 1835 5314 3344 5393; baseline -0.008 -14"><span class='ocrx_word' id='word_1_833' title='bbox 1835 5342 1950 5391; x_wconf 77' lang='grc' dir='ltr'>ιηιο,</span> <span class='ocrx_word' id='word_1_834' title='bbox 1995 5325 2256 5381; x_wconf 91' lang='lat' dir='ltr'><strong>miserum</strong></span> <span class='ocrx_word' id='word_1_835' title='bbox 2302 5324 2482 5378; x_wconf 90' lang='lat' dir='ltr'><strong>denuo</strong></span> <span class='ocrx_word' id='word_1_836' title='bbox 2506 5320 2815 5393; x_wconf 76' lang='lat' dir='ltr'><strong>praedicans</strong></span> <span class='ocrx_word' id='word_1_837' title='bbox 2845 5333 2991 5384; x_wconf 90' lang='lat' dir='ltr'><strong>eum,</strong></span> <span class='ocrx_word' id='word_1_838' title='bbox 3032 5315 3125 5387; x_wconf 91' lang='lat' dir='ltr'><strong>qui</strong></span> <span class='ocrx_word' id='word_1_839' title='bbox 3157 5315 3211 5368; x_wconf 91' lang='lat' dir='ltr'><strong>in</strong></span> <span class='ocrx_word' id='word_1_840' title='bbox 3244 5314 3344 5368; x_wconf 78' lang='lat' dir='ltr'><strong>hac</strong></span> 
     </span>
    </p>
   </div>
   <div class='ocr_carea' id='block_1_110' title="bbox 144 5408 1653 5487">
    <p class='ocr_par' dir='ltr' id='par_1_110' title="bbox 144 5408 1653 5487">
     <span class='ocr_line' id='line_1_110' title="bbox 144 5408 1653 5487; baseline 0.003 -28"><span class='ocrx_word' id='word_1_841' title='bbox 144 5408 349 5482; x_wconf 69' lang='grc' dir='ltr'><strong>ἐπιλέγει</strong></span> <span class='ocrx_word' id='word_1_842' title='bbox 368 5431 381 5446; x_wconf 87' lang='grc'><strong>·</strong></span> <span class='ocrx_word' id='word_1_843' title='bbox 403 5416 574 5485; x_wconf 73' lang='grc' dir='ltr'><em>Πλὴν</em></span> <span class='ocrx_word' id='word_1_844' title='bbox 598 5418 794 5487; x_wconf 79' lang='grc' dir='ltr'><strong>μάτην</strong></span> <span class='ocrx_word' id='word_1_845' title='bbox 814 5414 932 5481; x_wconf 82' lang='grc' dir='ltr'><strong>πᾶς</strong></span> <span class='ocrx_word' id='word_1_846' title='bbox 951 5413 1280 5482; x_wconf 75' lang='grc' dir='ltr'>ἅνθρωπος,</span> <span class='ocrx_word' id='word_1_847' title='bbox 1312 5410 1472 5465; x_wconf 81' lang='grc' dir='ltr'>πάλιν</span> <span class='ocrx_word' id='word_1_848' title='bbox 1500 5409 1590 5464; x_wconf 78' lang='grc' dir='ltr'><strong>τὸν</strong></span> <span class='ocrx_word' id='word_1_849' title='bbox 1613 5409 1653 5462; x_wconf 58' lang='grc' dir='ltr'><strong>ὲκ</strong></span> 
     </span>
    </p>
   </div>
   <div class='ocr_carea' id='block_1_111' title="bbox 1681 5408 3190 5487">
    <p class='ocr_par' dir='ltr' id='par_1_111' title="bbox 1775 5411 3190 5473">
     <span class='ocr_line' id='line_1_111' title="bbox 1775 5411 3190 5473; baseline -0.008 0"><span class='ocrx_word' id='word_1_850' title='bbox 1775 5418 1884 5473; x_wconf 86' lang='lat' dir='ltr'><strong>vita</strong></span> <span class='ocrx_word' id='word_1_851' title='bbox 1914 5417 1972 5473; x_wconf 87' lang='lat' dir='ltr'><strong>in</strong></span> <span class='ocrx_word' id='word_1_852' title='bbox 2001 5416 2281 5472; x_wconf 91' lang='lat' dir='ltr'><strong>laboribus</strong></span> <span class='ocrx_word' id='word_1_853' title='bbox 2308 5420 2360 5469; x_wconf 88' lang='lat' dir='ltr'><strong>et</strong></span> <span class='ocrx_word' id='word_1_854' title='bbox 2388 5412 2647 5469; x_wconf 64' lang='lat' dir='ltr'><strong>aerumnis</strong></span> <span class='ocrx_word' id='word_1_855' title='bbox 2680 5411 2884 5467; x_wconf 78' lang='lat' dir='ltr'><strong>frustra</strong></span> <span class='ocrx_word' id='word_1_856' title='bbox 2916 5414 3190 5467; x_wconf 81' lang='lat' dir='ltr'><strong>versatur.</strong></span> 
     </span>
    </p>
   </div>
   <div class='ocr_carea' id='block_1_112' title="bbox 143 5500 1669 5579">
    <p class='ocr_par' dir='ltr' id='par_1_112' title="bbox 143 5500 1669 5579">
     <span class='ocr_line' id='line_1_112' title="bbox 143 5500 1669 5579; baseline -0.005 -16"><span class='ocrx_word' id='word_1_857' title='bbox 143 5500 205 5571; x_wconf 74' lang='grc' dir='ltr'><strong>τῷ</strong></span> <span class='ocrx_word' id='word_1_858' title='bbox 226 5502 313 5575; x_wconf 84' lang='grc' dir='ltr'><strong>βίῳ</strong></span> <span class='ocrx_word' id='word_1_859' title='bbox 339 5508 506 5579; x_wconf 81' lang='grc' dir='ltr'>τούτῳ</span> <span class='ocrx_word' id='word_1_860' title='bbox 536 5510 655 5579; x_wconf 75' lang='grc' dir='ltr'>εἰκῆ</span> <span class='ocrx_word' id='word_1_861' title='bbox 689 5509 783 5564; x_wconf 76' lang='grc' dir='ltr'><strong>καὶ</strong></span> <span class='ocrx_word' id='word_1_862' title='bbox 817 5508 991 5579; x_wconf 87' lang='grc' dir='ltr'>μάτην</span> <span class='ocrx_word' id='word_1_863' title='bbox 1039 5503 1339 5577; x_wconf 80' lang='grc' dir='ltr'>μοχθοῦντα</span> <span class='ocrx_word' id='word_1_864' title='bbox 1387 5503 1479 5561; x_wconf 67' lang='grc' dir='ltr'><strong>καὶ</strong></span> <span class='ocrx_word' id='word_1_865' title='bbox 1505 5517 1669 5559; x_wconf 83' lang='grc' dir='ltr'>κακο-</span> 
     </span>
    </p>
   </div>
   <div class='ocr_carea' id='block_1_113' title="bbox 145 5596 715 5664">
    <p class='ocr_par' dir='ltr' id='par_1_113' title="bbox 145 5596 715 5664">
     <span class='ocr_line' id='line_1_113' title="bbox 145 5596 715 5664; baseline 0.021 -22"><span class='ocrx_word' id='word_1_866' title='bbox 145 5596 380 5653; x_wconf 73' lang='grc' dir='ltr'>παθοῦντα</span> <span class='ocrx_word' id='word_1_867' title='bbox 407 5599 715 5664; x_wconf 77' lang='grc' dir='ltr'>ταλανίζων.</span> 
     </span>
    </p>
   </div>
   <div class='ocr_carea' id='block_1_114' title="bbox 234 5750 1311 5823">
    <p class='ocr_par' dir='ltr' id='par_1_114' title="bbox 234 5750 1311 5823">
     <span class='ocr_line' id='line_1_114' title="bbox 234 5750 1311 5823; baseline -0.003 -15"><span class='ocrx_word' id='word_1_868' title='bbox 234 5750 273 5782; x_wconf 80' lang='grc'><strong>’⁸</strong></span> <span class='ocrx_word' id='word_1_869' title='bbox 315 5755 459 5809; x_wconf 86' lang='lat' dir='ltr'><strong>Deut.</strong></span> <span class='ocrx_word' id='word_1_870' title='bbox 498 5772 682 5823; x_wconf 70' lang='lat' dir='ltr'><strong>sun,</strong></span> <span class='ocrx_word' id='word_1_871' title='bbox 727 5755 812 5810; x_wconf 80' lang='lat' dir='ltr'><strong>l&#39;o&#39;.</strong></span> <span class='ocrx_word' id='word_1_872' title='bbox 886 5755 928 5786; x_wconf 83' lang='lat'><strong>&#39;°</strong></span> <span class='ocrx_word' id='word_1_873' title='bbox 970 5752 1143 5811; x_wconf 84' lang='lat' dir='ltr'><strong>lCor.</strong></span> <span class='ocrx_word' id='word_1_874' title='bbox 1180 5754 1311 5817; x_wconf 79' lang='lat'><strong>\&#39;,5.</strong></span> 
     </span>
    </p>
   </div>
  </div>
