3822 6280
357 357 455 413 331
1056 346 1321 406 EUSEBII
1358 344 1836 405 CESABIENSIS
1873 343 2022 401 OPP.
2051 340 2232 398 PARS
2265 339 2355 398 Ill.
2383 334 2891 397 ——’EXEGETICA.
3475 341 3604 399 355

441 472 599 529 Vens.
631 473 718 535 15,
754 471 841 526 li.
879 440 1093 525 Exaudi
1125 472 1416 524 orationem
1456 483 1646 534 meam,
1679 464 1918 529 Domine,

2094 458 2476 516 Εῑσὰκουσον
2515 444 2629 529 τῆς
2669 446 3017 528 προσευχῆς
3057 475 3196 527 μου,
3235 456 3430 529 Κύριε,
3476 459 3605 515 και

355 575 407 622 et
431 567 852 634 deprecationem
898 578 1067 617 nteant
1115 578 1133 616 :
1171 560 1388 616 auribus
1418 562 1623 631 percipe
1655 559 1919 628 lacrymas

2032 552 2134 623 τῆς
2175 551 2438 621 δεήσεώς
2476 568 2626 622 μου·
2658 551 2932 605 ἐνώτισαι
2976 549 3094 604 τῶν
3137 551 3408 619 δακρύων
3435 569 3603 623 μου.

356 672 522 713 meas.
559 652 643 709 Ne
675 656 858 718 sileas,
894 653 1143 725 quoniam
1172 651 1372 707 advena
1414 669 1507 723 ego
1542 668 1658 706 sum
1688 648 1828 720 apud
1874 657 1925 702 te

2032 645 2119 714 Μὴ
2147 643 2640 715 παρασιωπήσῃς,
2675 642 2764 696 ὅτι
2805 641 3087 712 πάροικος
3113 641 3229 713 ἐγώ
3254 646 3368 714 ειμι
3405 644 3473 697 ἐν
3510 642 3608 712 τῇ

354 756 407 802 et
426 748 754 819 peregrinus,
784 749 922 802 sicut
961 763 1136 802 omnes
1163 753 1338 815 patres
1371 744 1494 798 mei.
1530 741 1630 797 Hic
1660 757 1719 797 se
1747 738 1922 795 conﬁ-

2019 736 2100 810 τῇ
2138 737 2239 792 καί
2278 735 2707 805 παρεπίδημος,
2746 735 2937 803 καθὼς
2969 733 3190 803 πάντες
3237 738 3292 791 ot
3335 736 3609 807 πατέρες

359 842 502 894 ιοιιιι·
542 839 805 894 advenam
848 845 902 894 et
951 837 1293 908 peregrinum
1323 855 1338 892 :
1374 834 1526 891 novit
1552 840 1731 888 autem
1761 831 1921 886 aliam

2032 845 2154 891 μου.
2173 824 2434 881 Ἐνταῦθα
2464 824 2713 896 ὁμολογεῖ
2757 824 3014 896 πάροικος
3058 819 3196 877 εἶναι
3225 824 3319 878 καὶ
3346 826 3607 897 παρεπί-

360 945 480 985 esse
510 928 940 1000 refrigerationis
986 929 1174 992 'vitam,
1207 943 1370 999 quam
1401 923 1619 995 assequi
1650 928 1920 994 peroptat,

352 1022 581 1077 dicens:
614 1018 838 1075 Remitte
866 1019 995 1074 mihi
1022 1028 1081 1072 ut
1118 1019 1417 1090 refrigerer.
1449 1015 1566 1070 Non
1597 1014 1779 1084 itaque
1805 1025 1923 1067 om-

360 1126 483 1172 nem
506 1115 779 1170 hominem
813 1114 1078 1169 advenam
1103 1127 1226 1168 esse
1252 1117 1457 1165 temere
1481 1106 1636 1170 dicit,
1681 1120 1781 1161 nec
1808 1103 1925 1158 fru-

361 1217 473 1265 stra
513 1223 638 1263 eum
668 1205 796 1279 ﬂetu
849 1213 903 1260 et
935 1202 1195 1275 lacrymis
1235 1197 1673 1270 deprecationem
1702 1195 1921 1261 emittit,

360 1314 563 1371 gnarus
606 1298 816 1354 scilicet
847 1296 1016 1360 illius,
1053 1294 1206 1348 Beati
1234 1291 1325 1362 qui
1359 1291 1505 1361 ﬂent,
1538 1289 1787 1360 quoniam
1824 1288 1925 1355 ipsi

361 1389 656 1452 ridebunt‘,
674 1395 748 1450 et,
767 1386 918 1440 Beati
945 1383 1034 1454 qui
1064 1382 1259 1452 lugent,
1293 1381 1539 1451 quoniam
1559 1378 1663 1447 ipsi
1680 1374 1923 1430 consola-

361 1482 557 1535 buntur
583 1483 626 1534 ⁸.
654 1480 731 1534 Ac
754 1485 900 1533 recte
938 1475 1080 1530 facta
1123 1488 1222 1530 sua
1254 1482 1379 1543 post
1399 1472 1513 1525 hmo
1538 1471 1609 1524 ita
1641 1468 1921 1536 describit,

361 1573 448 1629 his
493 1585 798 1629 sermonem
844 1565 1177 1623 concludens
1226 1584 1240 1621 :
1276 1563 1541 1630 Quoniam
1586 1561 1784 1616 advena
1832 1576 1925 1631 ego

362 1679 478 1717 sum
506 1671 555 1715 et
607 1659 931 1731 peregrinus,
974 1659 1109 1712 sicut
1153 1671 1329 1710 omnes
1376 1663 1552 1724 patres
1599 1653 1717 1708 mei.
1748 1650 1926 1707 Rarus

361 1770 495 1810 sane
527 1762 611 1809 est
642 1753 691 1808 is
716 1754 807 1822 qui
839 1750 1015 1822 possit
1056 1747 1124 1803 ad
1166 1748 1524 1802 imitationem
1550 1744 1921 1814 religiosorum

2020 919 2188 992 δημος
2210 934 2224 948 ο
2262 913 2370 972 οἵδέ
2401 934 2460 970 τε
2488 917 2679 990 ἑτέραν
2726 916 2868 988 ζωὴν
2904 914 3279 984 ἀναψύξεως,
3307 908 3373 988 ἦς
3401 919 3611 989 τυχεῖν

2020 1010 2260 1082 γλίχεται
2305 1008 2476 1078 λέγων
2495 1025 2511 1040 ·
2541 1009 2698 1067 Ἀνε(
2739 1024 2863 1078 μοι,
2897 1009 2997 1062 ἵνα
3040 1007 3346 1077 ἀναψύξει.
3374 1007 3610 1063 οὔκουν

2025 1105 2201 1174 μάτην
2231 1101 2407 1155 πάντα
2438 1099 2720 1172 ἄνθρωπον
2748 1101 3011 1172 πάροικον
3040 1098 3213 1169 ἔλεγε,
3251 1100 3383 1171 μετὰ
3412 1103 3609 1155 κλαυ-

2023 1193 2158 1265 θμοῦ
2187 1193 2245 1247 δὲ
2265 1192 2359 1246 καὶ
2384 1191 2632 1263 δακρύων
2658 1191 2755 1264 τὴν
2782 1191 3061 1263 ἱκετηρίαν
3079 1191 3406 1262 ἀναπέμπει,
3422 1194 3613 1264 ἀκρι-

2023 1282 2131 1348 ϐῶς
2161 1280 2335 1347 εἰδὼς,
2379 1282 2460 1336 ὅτι
2492 1281 2779 1350 Μακάριοι
2825 1284 2879 1335 oi
2924 1280 3263 1347 κλαίοντες,
3289 1280 3374 1334 ὅτι
3416 1280 3616 1352 τελὰ-

2021 1390 2254 1436 σονται.
2282 1375 2395 1438 καὶ,
2438 1374 2724 1443 Μακάριοι
2754 1377 2808 1428 οί
2838 1373 3223 1440 πενθοῦντες,
3266 1373 3355 1428 ὅτι
3394 1391 3617 1443 παρο-

2023 1465 2428 1534 κληθήσοντιιι
2454 1482 2468 1496 ·
2501 1466 2594 1520 καὶ
2623 1464 2692 1519 τὰ
2734 1464 3129 1537 κατορθώματα
3166 1465 3222 1518 δὲ
3263 1463 3419 1519 αὑτοῦ
3450 1467 3619 1521 ὑπο-

2023 1559 2220 1628 γράφει
2253 1557 2516 1627 ἐπιλέγων
2536 1574 2550 1589 υ
2582 1557 2703 1611 Ὅτι
2733 1555 3015 1626 πάροικος
3039 1554 3152 1627 ἐγώ
3172 1559 3287 1625 ειμι
3317 1557 3413 1610 καί
3437 1570 3615 1627 παρ-

2022 1652 2331 1719 επίδημος,
2365 1649 2557 1717 καθὼς
2581 1648 2801 1717 πάντες
2830 1651 2885 1702 ol
2912 1648 3161 1718 πατέρες
3183 1666 3321 1718 μου.
3351 1649 3613 1705 Σπανίου

2024 1742 2082 1797 δέ
2109 1746 2256 1798 ἐστιν
2288 1742 2479 1815 ἀνδρὸς
2501 1741 2564 1796 τὸ
2592 1742 2849 1798 δύνασθαι
2869 1741 3009 1795 κατά
3040 1739 3266 1813 μίμησιν
3283 1742 3387 1795 τῶν
3412 1742 3615 1813 θεοφι-

363 1857 580 1919 patrum
608 1851 661 1901 et
693 1806 1081 1916 prophetarum
1109 1840 1225 1905 Dei,
1268 1855 1377 1894 non
1421 1848 1480 1892 ut
1508 1837 1708 1898 incola.
1743 1835 1839 1892 sed
1866 1842 1924 1889 ut

2032 1835 2133 1891 λῶν
2178 1806 2429 1906 πατέρων
2461 1806 2568 1889 καὶ
2613 1834 2721 1889 τῶν
2766 1806 3057 1906 προφητῶν
3098 1806 3191 1886 τοῦ
3239 1833 3371 1887 Θεοῦ
3393 1835 3480 1906 ’μὴ

361 1939 567 1993 advena
602 1947 1008 2007 temporaneam
1041 1933 1242 1989 ducere
1272 1932 1442 1986 vitam
1491 1948 1505 1986 :
1558 1944 1663 1999 qua
1696 1928 1751 1983 in
1791 1944 1850 1983 re
1876 1926 1923 1983 is

360 2030 456 2101 qui
509 2029 753 2100 loquitur
798 2026 1156 2099 gloriabatur,
1205 2025 1546 2095 peregrinam
1595 2028 1648 2075 et
1695 2019 1925 2074 alienam

363 2120 655 2174 humanam
680 2118 846 2172 vitam
879 2117 1177 2172 aestimans.
1209 2113 1432 2168 Remitte
1475 2112 1604 2165 mihi
1629 2121 1687 2165 ut
1717 2109 1930 2179 refrige-

364 2228 450 2266 rer
479 2214 786 2282 priusquam
826 2209 1031 2272 abeam,
1065 2217 1112 2260 et
1152 2205 1378 2274 amplius
1400 2222 1504 2259 non
1537 2220 1646 2259 ero.
1679 2202 1786 2256 Pro
1818 2215 1929 2272 quo

365 2302 728 2376 Symmachus
753 2301 850 2363 ait,
883 2297 1113 2352 Abscede
1132 2314 1166 2351 a
1192 2314 1273 2352 me
1304 2307 1360 2351 ut
1397 2295 1619 2361 rideam,
1649 2303 1928 2365 antequam

364 2390 550 2446 abeam
598 2399 646 2444 et
680 2405 783 2443 non
828 2389 1074 2444 existam.
1116 2387 1232 2442 Nisi
1270 2386 1415 2441 enim
1461 2386 1551 2440 hic
1580 2384 1804 2455 mutatis
1833 2396 1931 2453 per

365 2483 595 2555 gratiam
624 2489 772 2535 tuam
809 2480 863 2534 in
899 2481 1069 2535 risum
1092 2480 1350 2551 lacrymis
1376 2478 1605 2542 rideam,
1639 2492 1703 2533 ac
1737 2477 1841 2532 nisi
1871 2476 1927 2530 in

368 2578 618 2644 praesenti
651 2574 763 2627 vita
793 2573 1041 2628 remittas
1072 2572 1205 2626 mihi
1235 2571 1491 2626 delictum
1537 2577 1590 2625 et
1625 2567 1927 2623 facinorum

364 2661 581 2716 veniam
632 2661 895 2732 praebeas,
923 2669 984 2715 ut
1014 2662 1282 2732 meipsum
1306 2658 1573 2729 recipiam
1617 2663 1671 2712 et
1702 2655 1930 2727 refrige—

366 2767 513 2821 rem;
563 2762 687 2824 post
730 2755 935 2808 exitum
985 2768 1015 2807 a
1049 2753 1160 2809 vita
1206 2752 1417 2806 nullum
1461 2750 1569 2805 erit
1595 2748 1930 2820 pmnitentiaa

366 2851 605 2915 tempus.
634 2842 714 2899 Ac
746 2844 793 2899 si
836 2846 1051 2897 veniam
1080 2857 1190 2896 non
1219 2852 1548 2909 consequar,
1585 2838 1641 2892 in
1668 2837 1780 2891 vita
1809 2850 1931 2906 quae

367 2935 510 3007 apud
545 2944 597 2991 te
617 2943 702 2992 est
731 2936 965 3006 amplius
994 2949 1103 2989 non
1121 2948 1255 2999 ero;
1284 2930 1381 2988 sed
1406 2931 1642 3003 reiectus
1667 2928 1931 2984 assimila-

368 3026 464 3081 ιον
497 3026 928 3083 descendentibus
969 3028 1027 3080 in
1073 3027 1267 3081 lacum.
1296 3026 1478 3092 Quare
1501 3024 1557 3079 in
1580 3023 1684 3078 hac
1708 3021 1818 3078 vita
1848 3020 1928 3077 sic

2028 1929 2251 1994 ἔνοικος,
2282 1929 2396 1983 ἀλλ’
2423 1929 2498 1992 ὡς
2546 1929 2806 2000 πάροικος
2848 1928 2947 2000 τὴν
3000 1927 3327 1998 πρόσκαιρον
3351 1926 3615 1984 διαϐιοῦν

2026 2022 2171 2095 ζωήν
2190 2039 2204 2052 ·
2230 2021 2314 2091 ἐφ’
2333 2013 2377 2089 ᾧ
2399 2021 2491 2074 καὶ
2515 2021 2543 2074 ὁ
2573 2019 2762 2090 παρὼν
2783 2018 3102 2090 ἐσεμνύνετο
3125 2017 3407 2090 παροικίαν
3423 2017 3614 2091 ήγοΰ-

2030 2128 2187 2184 μενος
2212 2112 2306 2165 καὶ
2331 2110 2591 2178 ξενιτείαν
2614 2108 2704 2163 τὸν
2735 2107 3072 2180 ἀνθρώπινον
3099 2108 3210 2179 βίον
3230 2125 3245 2140 ο
3272 2110 3443 2176 Ἀνες
3462 2126 3612 2179 μοι,
3687 2108 3698 2121 ’

2026 2202 2127 2255 ἵνα
2156 2199 2446 2269 ἀναψύξω
2466 2198 2581 2267 πρὸ
2613 2197 2720 2253 τοῦ
2744 2215 2822 2268 με
2852 2199 3151 2264 ἀπελθεῖν,
3170 2198 3265 2254 καὶ
3290 2198 3482 2254 οὐκέτι
3498 2200 3613 2270 μὴ

2025 2290 2289 2361 ὑπάρξω.
2318 2291 2455 2345 Ἀνθ’
2474 2286 2534 2345 οὗ
2557 2292 2586 2343 ὁ
2610 2289 2681 2343 Σύ
2691 2292 2903 2362 μμαχός
2927 2308 3093 2363 φησι·
3124 2292 3420 2361 Ἀπόσχου
3445 2308 3612 2360 μου,

2026 2386 2127 2440 ἵνα
2151 2384 2437 2456 μειδιάσω
2460 2384 2604 2452 πρὶν
2622 2384 2905 2440 ἀπελθεῖν
2921 2401 3019 2455 με,
3048 2384 3146 2439 καὶ
3165 2383 3252 2454 μὴ
3280 2384 3607 2455 ὑπάρχειν.

2040 2476 2164 2532 Ἐὰν
2191 2477 2301 2549 γὰρ
2331 2474 2598 2555 ἐντεῦθεν,
2627 2476 2780 2548 φησὶ,
2813 2475 2909 2549 μὴ,
2945 2474 3260 2549 μεταϐαλὼν
3285 2476 3353 2531 τὰ
3380 2476 3611 2548 δάκρυα

2027 2570 2108 2632 είς
2131 2568 2340 2638 γέλωτα
2358 2568 2448 2622 διά
2478 2568 2577 2640 τὴν
2608 2569 2708 2641 σὴν
2745 2569 2927 2640 χάριν,
2963 2567 3243 2641 μειδιάσω,
3272 2570 3366 2622 καὶ
3392 2567 3487 2622 ἐὰν
3516 2570 3611 2642 μὴ

2027 2663 2086 2715 ὲν
2127 2660 2206 2739 τῷ
2250 2661 2477 2733 παρόντι
2517 2661 2617 2732 βίῳ
2645 2662 2778 2733 ἀνῇς
2808 2679 2897 2733 μοι
2921 2662 2982 2716 τὸ
3005 2662 3308 2735 ἁμάρτημα
3339 2660 3431 2714 καὶ
3464 2677 3605 2729 συγ-

2027 2753 2281 2824 χωρήσῃς
2310 2753 2379 2807 τά
2408 2753 2792 2825 πεπραγμένα,
2826 2753 2915 2808 ἵνα
2939 2753 3192 2808 ἀναλάϐω
3233 2750 3470 2825 ἐμαυτὸν
3503 2751 3609 2805 καὶ

2028 2845 2283 2916 ἀναψύξω
2319 2846 2650 2915 ἀπαλλαγεὶς
2689 2845 2783 2900 τοῦ
2824 2846 3156 2920 προσκαίρου
3187 2845 3323 2918 βίου,
3352 2844 3455 2898 οὐκ
3482 2843 3611 2896 ἐστι

2028 2936 2221 3008 καιρὸς
2243 2935 2543 3008 μετανοίας.
2563 2937 2654 3009 Μὴ
2674 2935 2851 3008 τυχὼν
2874 2937 2930 2990 δὲ
2951 2937 3197 3007 ἀφέσεως
3221 2935 3406 2990 οὐκέτι
3431 2934 3605 3005 ὑπάρ-

2029 3025 2106 3094 ξω
2134 3029 2192 3083 ὲν
2234 3030 2301 3100 τῇ
2346 3029 2497 3101 παρά
2528 3030 2612 3083 σοὶ
2652 3028 2796 3101 ζωῇ·
2843 3027 3147 3100 ἀπὸὄλητος
3190 3028 3248 3083 δὲ
3285 3027 3606 3099 γενόμενος,

366 3117 651 3189 deprecor,
688 3116 772 3174 Ne
797 3119 958 3174 sileas
992 3136 1025 3172 a
1051 3135 1153 3185 me,
1180 3117 1452 3189 nequando
1483 3124 1658 3172 taceas
1688 3131 1723 3169 a
1752 3130 1853 3182 me,
1877 3121 1927 3170 et

2032 3119 2464 3190 ὀμοιωθήσομαι
2493 3120 2618 3188 τοῖς
2640 3121 3105 3175 καταϐαίνουσιν
3127 3122 3214 3187 είς
3235 3118 3488 3174 λάκκον.
3511 3119 3609 3172 Διὸ

369 3208 709 3264 assimilabor
734 3208 1163 3263 descendentibus
1193 3209 1250 3262 in
1277 3208 1477 3264 lacum.

682 3468 735 3523 1.
768 3467 834 3523 ΙΝ
869 3465 1078 3522 FINEM
1118 3466 1350 3523 DAVIDI
1378 3467 1618 3526 XXXIX.

442 3557 607 3615 Vsus.
642 3559 722 3613 2-
762 3561 816 3614 4.
870 3559 1196 3630 Exspcctans
1256 3563 1548 3631 exspectavi
1612 3561 1930 3631 Dominum,

369 3660 420 3705 et
452 3651 681 3706 intendit
733 3653 882 3709 mihi.
908 3683 976 3693 ——
1005 3651 1266 3719 Quoniam
1310 3653 1580 3708 tribulatio
1623 3655 1933 3725 patientiam

370 3753 618 3813 operatur
647 3759 667 3797 :
717 3744 978 3813 patientia
1027 3757 1200 3800 autem
1256 3743 1634 3813 probationem,
1691 3744 1931 3815 probatio

368 3855 486 3893 vero
528 3854 670 3909 spem
701 3855 720 3893 :
750 3855 864 3909 spes
916 3851 1092 3894 autem
1140 3857 1246 3894 non
1279 3839 1554 3909 confundit
1581 3841 1621 3894 ³.
1659 3838 1791 3896 lure
1815 3839 1934 3910 qui-

367 3931 491 3986 dem
520 3931 704 4000 justus
732 3945 840 3987 non
877 3930 1079 3987 frustra
1103 3940 1417 4003 exspectat,
1439 3932 1536 3989 sed
1570 3947 1719 4003 spem
1750 3933 1931 3988 inten-

367 4020 503 4075 dens
530 4035 709 4083 suam,
748 4036 851 4077 nec
881 4022 1182 4093 desperans
1224 4023 1292 4078 de
1323 4038 1389 4077 ea
1435 4039 1556 4094 quae
1602 4039 1633 4077 a
1690 4023 1801 4080 Deo
1845 4031 1931 4080 est

369 4117 570 4180 salute,
606 4117 945 4187 inpatientia
976 4125 1309 4187 perseverat.
1357 4116 1618 4185 Quamvis
1664 4134 1771 4174 non
1820 4128 1933 4175 sta-

368 4206 466 4260 tim
514 4220 677 4277 atque
717 4217 974 4278 precatus
1007 4216 1091 4264 est
1119 4209 1411 4265 exauditus
1461 4209 1644 4276 fuerit,
1692 4218 1930 4266 attamen

369 4301 642 4367 sperando
666 4309 968 4369 permanet,
1019 4316 1085 4355 ac
1116 4309 1426 4371 perseverat
1458 4301 1514 4355 in
1542 4302 1933 4357 obsecrationi-

366 4392 471 4447 bus
498 4402 553 4447 et
583 4392 946 4450 orationibus.
979 4392 1135 4461 Quod
1164 4395 1210 4450 si
1239 4395 1567 4466 quandoque
1602 4395 1834 4459 labatur,
1872 4406 1931 4451 ut

2033 3213 2278 3268 ἐντεῦθεν
2327 3214 2553 3268 ἱκετεύω
2595 3213 2765 3284 λέγων
2785 3231 2799 3246 ⁸
2843 3213 2941 3283 Μὴ
2985 3214 3459 3283 παρασιωπήσῃς
3500 3213 3611 3267 ἀπ’

2031 3305 2197 3375 ἐμοῦ,
2216 3305 2449 3374 μήποτε
2465 3305 2943 3375 παρασιωπήσῃς
2958 3306 3058 3363 ἀπ’
3081 3304 3249 3376 ἐμοῦ,
3278 3304 3378 3360 καὶ
3397 3307 3609 3375 ὁμοιω-

2033 3396 2289 3468 θήσομαι
2323 3397 2448 3465 τοῖς
2476 3398 2940 3452 καταϐαίνουσιν
2963 3401 3052 3464 είς
3077 3396 3328 3453 λάκκον.

2380 3489 2488 3542 ΕΙΣ
2524 3489 2611 3543 ΤΟ
2648 3489 2867 3543 ΤΕΛυΣ
2901 3488 3100 3540 ΔΑΥΙΔ
3137 3487 3260 3542 ΑΘΖ

2112 3580 2443 3651 Ὑπομένων
2463 3580 2752 3652 ὑπέμεινα
2776 3581 2882 3635 τὸν
2901 3582 3141 3649 Κύριον,
3165 3581 3263 3634 καί
3294 3581 3609 3650 προσέσχε

2026 3690 2145 3743 μοι.
2166 3672 2490 3741 -Ἐπειδὴ
2530 3674 2569 3742 ἠ
2605 3674 2811 3741 θλίψις
2834 3671 3148 3742 ὑπομονὴν
3174 3672 3603 3743 κατερταᾶςται,

2032 3765 2070 3832 ’ἠ
2092 3762 2159 3818 δὲ
2180 3752 2452 3834 ὑπομονὴ
2480 3762 2752 3835 δοκιμὴν,
2776 3765 2816 3831 ἠ
2844 3762 2912 3817 δὲ
2935 3761 3145 3833 δοκιμὴ
3168 3763 3390 3818 ἐλπίδα
3405 3782 3421 3797 ο
3457 3765 3500 3833 ἠ
3534 3764 3608 3817 δὲ

2034 3856 2215 3922 ἐλπὶς
2259 3858 2332 3910 οὐ
2378 3855 2785 3925 καταισχύνει.
2820 3855 3059 3921 Εἰκότως
3103 3856 3203 3927 οὐχ
3252 3856 3437 3920 ἁπλῶς
3463 3856 3495 3908 ὸ
3522 3855 3603 3910 δί-

2029 3962 2183 4004 καιος
2224 3944 2503 4016 ὑπομένει,
2530 3942 2642 3998 ἀλλ’
2669 3943 2953 3998 ἐπιτείνων
2999 3942 3097 4015 τὴν
3150 3943 3342 3999 ἐλπίδα
3387 3944 3484 3999 καὶ
3526 3942 3605 4016 μὴ

2029 4035 2419 4105 ἀπογινώσκων
2444 4035 2542 4108 τὴν
2571 4036 2721 4108 παρά
2739 4035 2858 4107 Θεῷ
2884 4041 3174 4109 σωτηρίαν,
3208 4035 3515 4107 παραμένει
3534 4037 3600 4109 τῇ

2030 4129 2296 4199 ὑπομονῇ.
2332 4126 2449 4181 Κάν
2499 4126 2839 4199 παραχρῆμα
2881 4126 3090 4199 δεηθεὶς
3140 4126 3214 4199 μὴ
3258 4127 3599 4198 ὑπακουσθῄ

2028 4222 2176 4293 ὅμως
2219 4220 2452 4286 ἐλπίζων
2490 4220 2747 4291 ὑπομένει
2785 4221 2879 4274 καὶ
2913 4222 3312 4292 προσκαρτερεϊ
3337 4223 3457 4282 ταῖς
3482 4220 3603 4290 6dr-

2032 4327 2151 4364 σεσι
2175 4311 2269 4364 καὶ
2288 4312 2408 4374 ταῖς
2434 4313 2780 4382 προσευχαῖς.
2799 4312 2862 4365 Εἰ
2886 4311 2943 4365 δὲ
2970 4312 3063 4366 καὶ
3091 4313 3148 4364 ὲν
3172 4309 3450 4381 σφάλματί
3475 4324 3600 4364 ποτε

2029 4402 2255 4473 γένοιτο,
2289 4402 2474 4471 ὥσπερ
2501 4402 2530 4454 ὁ
2556 4400 2738 4467 Aac-16,
2770 4403 3022 4474 ὁμολογεῖ
3051 4403 3124 4474 μὴ
3151 4403 3363 4471 ἀγνοεῖν
3382 4398 3473 4457 οἷα
3502 4417 3599 4456 κα·-

366 4481 557 4538 Davidi
592 4484 810 4549 accidit,
845 4485 1134 4539 conﬁtetur
1160 4501 1269 4539 non
1295 4486 1544 4554 ignorare
1566 4500 1624 4540 se
1645 4500 1927 4557 quousque

2032 4493 2140 4547 κῶν
2171 4492 2443 4564 ἐλήλυθεν.
2477 4494 2540 4546 Ei
2577 4491 2633 4546 δὲ
2668 4494 2762 4546 καὶ
2797 4495 2935 4565 μετά
2964 4493 3138 4547 ταῦτα
3181 4492 3442 4548 ἀναλάσοι
3481 4495 3601 4547 ἐαυ-

364 4576 637 4630 malorum
695 4576 998 4631 devenerit.
1037 4575 1115 4630 Si'
1139 4591 1269 4632 vero
1308 4583 1495 4647 postea
1532 4577 1866 4647 resipiscens
1897 4593 1928 4631 a

364 4665 519 4736 lapsu
549 4682 609 4723 se
647 4666 918 4734 retrahat,
965 4666 1169 4737 gratias
1213 4676 1353 4739 aget,
1414 4674 1714 4738 notumque
1765 4666 1925 4724 faciet

363 4758 621 4816 omnibus
649 4774 714 4813 ex
743 4760 892 4830 quali
921 4752 1159 4815 miseria:
1186 4759 1401 4832 gurgite
1442 4776 1503 4817 se
1533 4759 1783 4816 eduxerit
1816 4776 1929 4816 me-

363 4850 518 4907 dic:us
575 4858 632 4905 et
686 4856 938 4907 servator
985 4852 1183 4905 anima!
1229 4851 1440 4922 ipsius;
1501 4866 1672 4921 quare
1716 4851 1861 4907 dicet
1913 4870 1926 4906 :

362 4941 567 4996 Eduxit
597 4958 677 4997 me
694 4943 759 4998 de
789 4942 909 4996 lacu
940 4942 1167 4997 miseria:
1194 4952 1242 4998 et
1275 4945 1339 4998 de
1370 4944 1480 4998 luto
1500 4944 1667 5014 ftecis.
1685 4943 1743 5000 Id
1768 4959 1931 5016 porro

360 5035 651 5101 obtinebit,
679 5036 809 5106 quia
841 5044 1167 5107 exspectans
1222 5040 1559 5107 exspectavit
1617 5038 1928 5093 Dominum.

366 5127 571 5183 Lacum
611 5130 869 5189 miseriae.
911 5129 1243 5200 profundum
1280 5130 1511 5201 peccati,
1547 5130 1719 5184 lutum
1757 5128 1927 5195 faecis,

365 5222 529 5276 lutosi
566 5222 816 5291 corporis
847 5223 1176 5292 voluptates,
1224 5221 1279 5275 in
1330 5237 1464 5290 quas
1492 5222 1712 5292 delapsa
1747 5221 1928 5276 anima

364 5312 704 5383 demergitur
731 5322 786 5369 et
807 5315 966 5383 quasi
995 5315 1051 5368 in
1081 5313 1355 5386 profundo
1387 5314 1662 5377 obruitur,
1707 5330 1816 5368 non
1845 5313 1930 5368 in-

357 5403 505 5475 juria
540 5406 920 5475 appellaveris.
967 5405 1071 5473 Qui
1110 5406 1277 5476 igitur
1317 5422 1385 5460 ex
1438 5406 1528 5461 bis
1578 5407 1820 5469 emersit,
1873 5413 1929 5462 et

364 5493 664 5550 Salvatoris
698 5494 922 5550 deXtera
940 5498 1170 5553 eductus
1197 5505 1302 5558 est,
1335 5511 1399 5551 ac
1420 5495 1616 5553 deinde
1638 5496 1706 5551 ad
1737 5513 1927 5568 puram

358 5593 414 5641 ct
443 5593 648 5641 rectam
688 5586 954 5641 rationem
1007 5588 1202 5643 anima:
1242 5604 1356 5645 sua:
1386 5588 1616 5659 vestigia
1671 5589 1925 5655 ﬁrmavit,

431 5741 447 5773 ¹
487 5740 623 5798 Luc.
656 5757 708 5797 vi
733 5780 747 5809 ,
779 5741 872 5796 2|.
949 5746 969 5777 ³
1008 5744 1200 5800 Matth.
1236 5762 1289 5812 ν,
1328 5746 1380 5802 5.
1459 5746 1479 5780 ³
1518 5747 1680 5803 Rom.
1713 5762 1768 5815 ν,
1802 5745 1856 5802 3.

2031 4586 2123 4639 τὸν
2169 4584 2262 4640 τοῦ
2342 4584 2657 4656 σφάλματος
2710 4584 3118 4659 συνῃσθημένος
3144 4625 3161 4651 ,
3217 4585 3598 4656 εὐχαριστήσει

2043 4678 2311 4751 (νωρίζων
2359 4680 2450 4750 ἀφ’
2481 4680 2592 4732 οἴου
2647 4677 2842 4749 βάθους
2894 4677 3266 4750 ταλαιπωρίας
3304 4678 3599 4749 ἀνιμήσατο

2030 4769 2191 4823 αὐτὸν
2212 4771 2241 4822 ὁ
2262 4768 2361 4838 τῆς
2379 4768 2556 4840 ψυχῆς
2575 4767 2738 4823 αὑτοῦ
2758 4768 3046 4839 γενόμενος
3073 4766 3254 4838 ἰατρὸς
3282 4767 3376 4820 καὶ
3399 4768 3591 4837 σωτῆρ’

2028 4855 2217 4928 διόπερ
2247 4860 2392 4928 ὲρεί·
2435 4855 2712 4929 Ἀνήγαγέ
2743 4874 2820 4926 με
2847 4859 2917 4911 ἐκ
2947 4856 3177 4911 λάκκου
3204 4856 3598 4925 ταλαιπωρίας

2029 4948 2127 5002 καί
2158 4948 2276 5003 ἀπὸ
2308 4949 2507 5017 πηλοῦ
2532 4951 2719 5016 ἰλύος.
2757 4949 2958 5004 Τούτου
3001 4949 3058 5002 δὲ
3084 4948 3356 5014 τεύξεται,
3387 4946 3595 5017 smmi;-

2030 5055 2135 5111 περ
2175 5040 2463 5110 ὑπομένων
2515 5041 2777 5113 ὑπέμεινε
2816 5043 2907 5097 τὸν
2934 5041 3157 5113 Κύριον.
3186 5040 3404 5094 Λάκκον
3430 5040 3488 5093 δὲ
3512 5054 3597 5091 τα·

2028 5130 2331 5204 λαιπωρίας
2361 5132 2423 5186 τὸ
2454 5131 2614 5202 βάθος
2651 5132 2752 5202 τῆς
2784 5132 3076 5204 ἁμαρτίας.
3107 5131 3201 5185 καὶ
3251 5129 3421 5200 πηλὸν
3463 5127 3595 5188 ἰλύος

2026 5222 2127 5285 τὰς
2170 5221 2266 5276 τοῦ
2322 5222 2602 5295 πηλώδους
2632 5222 2879 5295 σώματος
2905 5221 3256 5293 ἡδυπαθείας,
3289 5221 3348 5272 ὲν
3372 5212 3460 5281 αἷς
3490 5216 3595 5270 ὀλι-

2031 5314 2278 5386 σθήσασα
2305 5315 2452 5387 ψυχὴ
2481 5316 2799 5387 βαπτίζεται
2829 5317 2921 5371 καὶ
2945 5315 3135 5386 ὥσπερ
3164 5317 3222 5369 ὲν
3251 5312 3398 5384 βυθῷ
3438 5326 3599 5365 κατα-

2031 5407 2335 5472 ποντοίὴαι,
2371 5408 2471 5461 οὐκ
2497 5407 2564 5461 ἂν
2590 5409 2856 5481 ἁμάρτοις
2885 5406 3075 5463 είπιίιν.
3095 5408 3151 5461 '0
3172 5405 3238 5476 δὴ
3267 5399 3361 5459 οὖν
3389 5404 3455 5456 ὲκ
3474 5398 3592 5453 τού-

2029 5516 2134 5554 των
2159 5500 2462 5571 ἀνακύψας,
2496 5503 2591 5555 καὶ
2623 5502 2727 5556 ὑπὸ
2758 5503 2858 5574 τῆς
2889 5501 3067 5568 δεξιᾶς
3093 5499 3189 5554 τοῦ
3225 5498 3473 5570 Σωτῆρος
3499 5495 3591 5549 ἀν-

2032 5591 2265 5664 ιμηθεὶς,
2280 5588 2397 5650 εἶτα
2415 5593 2597 5651 λοιπὸν
2619 5596 2675 5650 ὲν
2698 5594 2923 5668 καθαρῷ
2940 5593 3019 5666 τῷ
3035 5593 3180 5665 λόγῳ
3191 5591 3290 5656 τὰς
3308 5590 3409 5664 τῆς
3426 5585 3593 5660 Ψνκῆῖ
