3822 6280
194 355 311 411 ἵ»Ῑῦ
1348 358 1797 417 COMMENTARI
1811 364 1848 418 Α
1886 361 1953 418 IN
1992 360 2325 420 PSALMOS.
3365 374 3473 429 ΞΜ

204 469 397 542 βάσεις
429 468 723 544 στηρίξας,
750 472 983 543 εὐλόγως
1016 474 1164 545 ἐρεῖ·
1203 476 1309 528 Kal
1344 475 1605 544 ἀνήγαγέ
1630 492 1707 547 με
1730 477 1797 531 ἐκ

1904 478 2100 532 merito
2126 478 2273 533 dicat
2309 497 2321 532 :
2355 476 2420 532 Et
2465 480 2645 533 eduxit
2692 496 2770 535 me
2798 481 2862 536 de
2891 484 3012 538 lacu
3040 485 3268 540 miseria!
3319 494 3368 538 et
3405 486 3470 541 de

209 563 445 619 λάκκου
476 568 881 634 ταλαιπωρίας
924 566 1024 620 καὶ
1067 566 1186 621 ἀπὸ
1229 567 1427 633 πηλοῦ
1469 570 1667 635 ἰλύος·
1700 572 1796 626 καί

1904 569 2015 623 luto
2048 568 2216 637 fa'cis.
2281 564 2351 622 Et
2382 570 2570 623 statuit
2607 588 2762 641 super
2798 583 3001 642 petram
3041 577 3196 645 pedes
3224 593 3389 641 meos,
3419 588 3469 632 et

213 657 483 725 ἔστησεν
503 658 603 710 ἐπὶ
645 657 867 725 πέτραν
890 659 1029 726 τοὺς
1064 659 1253 725 πόδας
1279 676 1419 727 μου,
1446 662 1544 715 καὶ
1581 665 1799 731 κατηύ-

218 752 365 804 avre
397 749 469 802 τὰ
508 748 839 820 διαόἡματά
874 769 1012 821 μου.
1050 751 1258 822 Πέτραν
1300 752 1355 804 δὲ
1401 754 1539 823 πρὸς
1567 755 1799 809 ἀντιδια-

220 840 415 913 στολὴν
450 841 544 894 τοῦ
573 842 793 914 στερεοῦ
817 842 974 912 λόγου
996 844 1244 916 θεμέλιον
1273 845 1551 916 ὀνομάζει,
1582 847 1665 917 ἐφ’
1688 848 1747 902 ὃν
1770 850 1798 901 ὁ

218 930 472 1003 βεϐηκὼς
493 933 657 1003 φήσει
674 950 685 961 ·
712 934 805 998 Τίς
833 932 989 1002 ἡμᾶς
1018 933 1254 1001 χωρίσει
1283 934 1399 989 ἀπὸ
1428 935 1537 1005 τῆς
1562 935 1799 1007 ἀγάπης

216 1021 330 1076 τοῦ
360 1023 648 1091 Χριστοῦ,
689 1024 917 1092 θλίψις,
965 1024 1003 1091 ἢ
1037 1027 1421 1094 στενοχωρία,
1456 1027 1494 1095 ἢ
1523 1027 1795 1097 διωγμὸς,

218 1116 260 1184 ἢ
284 1118 499 1186 λιμός;
535 1118 628 1170 καὶ
651 1116 719 1170 τὰ
748 1117 892 1189 ἑξῆς.
916 1119 989 1171 Οὐ
1026 1117 1183 1190 μόνον
1206 1120 1249 1173 δ’
1278 1120 1465 1191 ἔστησε
1487 1122 1614 1186 τοὺς
1638 1124 1799 1188 πόδας

218 1212 315 1263 ἐπὶ
340 1210 441 1281 τὴν
462 1210 686 1282 πέτραν,
712 1210 847 1265 ἀλλὰ
870 1214 964 1265 καὶ
993 1212 1225 1283 βαδίζειν
1248 1214 1339 1267 καὶ
1363 1212 1577 1286 τρέχειν
1598 1216 1685 1269 ἐπ’
1703 1219 1800 1270 αὺ-

215 1302 320 1372 τῆς
355 1301 445 1355 διὰ
474 1302 575 1371 τῆς
602 1301 707 1357 τῶν
742 1302 918 1357 καλῶν
952 1304 1354 1377 εύδοκιμήσεως
1380 1309 1557 1359 ποιεῖ’
1579 1307 1660 1360 διὸ
1687 1310 1801 1361 ἐπι-

217 1392 405 1461 λέγει’
454 1394 562 1447 Καὶ
620 1396 952 1462 κατηύθυνε
1000 1397 1071 1450 τὰ
1127 1395 1455 1467 mammam
1499 1417 1637 1468 μου.
1668 1396 1801 1455 Εἶτα

217 1485 550 1551 ἀκολούθως,
585 1486 659 1551 ώς
686 1487 751 1542 ἂν
785 1488 1139 1561 μεταϐληθεὶς
1165 1490 1272 1544 ἀπὸ
1297 1491 1406 1543 τῶν
1431 1493 1686 1563 χειρόνων
1707 1492 1802 1547 ἐπὶ

216 1576 288 1629 τὰ
308 1577 565 1648 κρείττω,
587 1578 645 1630 τὸ
673 1579 770 1649 μὲν
796 1580 1021 1633 παλαιὸν
1047 1578 1217 1653 ᾆσμα,
1240 1582 1305 1635 δι’
1332 1578 1391 1639 οῦ
1421 1585 1799 1640 ἀ“πεκλαύσατο

215 1666 289 1720 1'1
318 1670 379 1720 ἐν
411 1671 523 1732 τοῖς
556 1670 660 1739 πρὸ
688 1669 876 1723 τούτου
924 1670 1158 1743 ψαλμοῖς
1196 1672 1517 1745 λελέγμὲνα,
1552 1677 1802 1730 ἀποτίθε-

216 1776 310 1812 ται
331 1777 346 1790 ο
380 1760 743 1831 ἀναλαμϐάνει
772 1762 829 1816 δὲ
857 1758 1007 1834 ᾆσμα
1038 1765 1222 1817 καινὸν
1265 1766 1359 1820 τοῦ
1400 1766 1670 1832 σώσαντος
1698 1769 1803 1822 αὐ·-

216 1852 334 1914 τὺν,
356 1853 452 1905 καὶ
476 1854 831 1924 ἐμϐάλλοντος
854 1856 933 1919 είς
962 1856 1021 1909 τὸ
1046 1858 1219 1928 στόμα
1245 1857 1408 1912 αὑτοῦ
1439 1858 1622 1914 καινὸν
1648 1856 1800 1933 ᾆσμα

218 1944 316 1996 καὶ
333 1942 521 2014 ῦμνον,
539 1945 945 2017 ἀποδυσαμένου
980 1946 1070 2000 τὸν
1105 1948 1331 2003 παλαιὸν
1370 1948 1655 2019 ἄνθρωπον
1700 1952 1798 2005 σὺν

216 2040 341 2101 ταῖς
392 2038 652 2109 πράξεσιν
708 2038 894 2105 αὑτοῦ,
931 2040 1290 2112 ἐνδυσαμένου
1323 2040 1380 2095 δέ
1420 2042 1512 2095 τὸν
1558 2040 1675 2096 νέον
1707 2041 1799 2095 τὸν

216 2130 683 2201 ἀνακαινούμενον
717 2134 835 2186 κατ’
862 2132 1155 2202 ἐπίγνωσιν
1185 2132 1277 2186 τοῦ
1305 2132 1458 2186 Θεοῦ.
1492 2128 1626 2188 Εἶτα
1662 2135 1797 2206 μετὰ

218 2223 402 2277 πάντα
434 2224 609 2278 ταῦτα
641 2225 943 2298 ὑπόδειγμα
985 2226 1196 2290 πολλοῖς
1234 2227 1463 2295 γίνεται,
1501 2228 1577 2291 ώς
1608 2226 1671 2280 ἂν
1704 2227 1799 2282 καὶ

218 2313 419 2385 ἕτεροι,
448 2315 547 2386 τὴν
577 2315 874 2386 μεταϐολήν
902 2316 1064 2369 αὐτοῦ
1100 2315 1383 2387 θεώμενοι,
1412 2317 1633 2382 ἐλπίδας
1660 2319 1799 2387 ἀγα-

218 2408 321 2471 θὰς
352 2407 688 2471 ἀναλάϐοιεν,
724 2406 819 2461 καὶ
863 2408 964 2478 τὴν
1005 2406 1113 2461 ἀπὸ
1154 2406 1263 2460 τῶν
1310 2408 1567 2480 χειρόνων
1600 2408 1689 2461 ἐπὶ
1730 2411 1799 2464 τὰ

217 2499 458 2573 κρείττω
489 2501 802 2570 ποιήσαιντο
827 2499 1125 2571 μεταϐολήν
1146 2518 1158 2531 ο
1186 2499 1263 2552 διό
1293 2515 1454 2570 φησιν
1473 2517 1487 2530 ·
1518 2502 1798 2569 Ὄψονται

218 2591 442 2644 πολλοὶ
474 2591 573 2644 καὶ
602 2591 1064 2660 φοϐηθήσονται,
1092 2590 1189 2644 καὶ
1218 2591 1538 2645 ἐλπιοῦσιν
1560 2591 1658 2645 ἐπὶ
1682 2592 1797 2645 Κύ-

212 2702 374 2754 ριον.
402 2684 464 2736 Τί
496 2684 553 2736 δὲ
585 2684 841 2753 ὃψονταις
876 2683 1016 2736 Αὐτὸ
1062 2683 1238 2749 τοῦτο,
1266 2685 1450 2755 φησὶν,
1483 2684 1558 2748 ὡς
1587 2685 1667 2749 εἰς
1700 2684 1797 2755 βά-

218 2776 320 2840 θος
342 2775 571 2849 ἐλήλυθα
593 2776 798 2842 κακῶν,
825 2776 919 2830 καὶ
947 2778 1025 2839 είς
1055 2775 1144 2830 τὸν
1166 2775 1368 2829 λάκκον
1396 2776 1489 2829 καὶ
1514 2777 1605 2831 τὸν
1630 2777 1799 2847 πηλὸν

214 2870 319 2938 τῆς
347 2870 489 2933 ίλύος
509 2888 522 2900 ·
545 2869 795 2923 κάκεῖθεν
820 2868 953 2921 Θεοῦ
985 2868 1165 2940 χάριτι
1194 2867 1563 2933 ἀνελκυσθεὶς,
1588 2869 1679 2922 ἐπὶ
1702 2870 1799 2941 τὴν

220 2963 431 3033 πέτραν
480 2963 639 3034 ἔστην
685 2963 779 3016 καὶ
830 2960 1172 3032 κατηυθύνθη
1217 2959 1286 3013 τὰ
1330 2960 1645 3031 διαϐήματά
1679 2979 1801 3032 μου,

217 3056 314 3106 καὶ
344 3054 587 3125 ᾄσματος
616 3050 960 3123 κατηξιώθην
994 3050 1203 3105 καινοῦ.
1240 3049 1428 3105 Ταῦτα
1466 3050 1573 3123 γὰρ
1598 3052 1647 3103 οἱ
1677 3052 1805 3108 πολ-

1900 659 2094 713 direxit
2146 675 2354 729 gressus
2405 676 2567 715 meos.
2623 659 2833 717 Petram
2871 673 3050 719 autem
3087 667 3152 719 ad
3184 681 3471 738 compara-

1901 753 2105 807 tionem
2139 752 2280 806 ﬁrmi
2310 755 2604 818 sermonis,
2642 754 3057 811 fundamentum
3082 767 3260 823 vocat,
3280 760 3332 814 in
3357 775 3468 830 quo

1901 846 2153 916 quisquis
2183 847 2521 914 processerit
2556 847 2700 901 dicet
2742 866 2755 901 :
2798 848 2932 914 Quis
2979 866 3072 903 nos
3119 851 3389 919 separabit
3437 869 3469 905 a

1900 936 2159 990 charitate
2191 935 2435 992 Christi?
2471 936 2771 1002 tribulatio,
2802 955 2871 992 an
2901 942 3171 1010 angustia,
3224 958 3291 995 an
3344 958 3467 1011 per-

1901 1029 2121 1092 secutio,
2151 1045 2219 1082 an
2251 1028 2420 1097 fames
2443 1028 2504 1082 ‘?
2532 1037 2637 1085 etc.
2697 1028 2818 1085 Non
2869 1032 3034 1086 modo
3091 1045 3269 1087 autem
3304 1035 3471 1104 pedes

1902 1121 2093 1175 statuit
2126 1136 2294 1190 super
2320 1130 2566 1190 petram;
2602 1121 2695 1177 sed
2728 1123 2893 1178 etiam
2922 1123 2976 1178 id
3008 1133 3251 1193 praestat,
3288 1134 3349 1179 ut
3372 1141 3474 1197 per

1901 1212 2170 1268 bonorum
2202 1212 2523 1284 dignitatem
2558 1213 2612 1267 in
2642 1229 2706 1267 ea
2736 1214 2991 1270 incedere
3038 1230 3103 1271 ac
3148 1217 3469 1287 currere_li-

1900 1312 2057 1371 ceat;
2088 1320 2259 1375 quare
2292 1304 2501 1374 adjicit,
2529 1313 2575 1358 et
2609 1305 2800 1359 direxit
2833 1323 3042 1376 gressus
3074 1324 3234 1363 meos.
3265 1307 3472 1363 Dehinc

1900 1413 2035 1452 vero
2063 1407 2488 1469 consequenter,
2521 1405 2709 1467 utpote
2740 1413 2770 1452 a
2815 1399 3093 1469 pejoribus
3127 1402 3194 1457 ad
3242 1403 3469 1459 meliora

1901 1490 2226 1553 translatus,
2261 1492 2479 1545 cantico
2513 1492 2731 1557 veteri,‘
2766 1509 2877 1563 quo
2925 1493 2979 1549 in
3037 1496 3472 1565 praecedentibus

1903 1582 2128 1653 psalmis
2152 1582 2690 1653 lugebat,-deposito,
2740 1601 2941 1640 novum
2994 1588 3271 1641 canticum
3321 1602 3475 1643 assu-

1902 1673 2020 1735 mit.
2054 1671 2175 1742 ejus
2206 1675 2415 1729 scilicet
2446 1676 2537 1745 qui
2592 1676 2829 1730 servavit
2885 1692 3031 1740 eum,
3088 1684 3141 1730 et
3195 1678 3473 1731 canticum

1902 1763 2274 1835 hymnumque
2321 1782 2521 1821 novum
2558 1767 2611 1821 in
2645 1782 2708 1823 os
2758 1767 2880 1836 ejus
2911 1768 3173 1835 immisit;
3215 1769 3475 1839 exuitque

1831 1850 1872 1904 Β
1901 1866 2136 1912 veterem
2161 1858 2435 1914 hominem
2467 1876 2590 1914 cum
2619 1861 2880 1931 operibus
2903 1860 3045 1929 ejus,
3081 1873 3135 1917 et
3164 1862 3341 1917 induit
3375 1878 3469 1917 no-

1904 1965 2051 2013 vum,
2082 1951 2197 2005 sive
2220 1959 2540 2005 renovatum
2583 1968 2681 2021 per
2726 1952 3012 2007 scientiam
3062 1950 3180 2006 Dei.
3216 1953 3328 2007 Sub
3359 1953 3473 2007 haec

1904 2052 2082 2097 autem
2113 2042 2319 2107 omnia,
2350 2044 2402 2096 in
2438 2045 2743 2114 exemplum
2778 2043 2963 2098 multis
2996 2046 3237 2113 ponitur,
3292 2047 3365 2100 ita
3416 2053 3476 2100 ut

1905 2134 1997 2188 alii
2032 2150 2274 2204 quoque,
2309 2143 2603 2206 conspecta
2636 2136 2755 2205 ejus
2787 2137 3111 2201 mutatione,
3167 2153 3317 2207 spem
3375 2152 3473 2193 su-

1903 2233 2056 2279 mant
2085 2227 2303 2292 bonam,
2332 2234 2386 2281 et
2416 2242 2445 2280 a
2477 2228 2756 2297 pejoribus
2795 2230 2862 2283 ad
2891 2228 3116 2283 meliora
3148 2244 3267 2285 sese
3290 2229 3476 2284 tradu-

1904 2324 2069 2371 cat.t:
2103 2335 2272 2388 quare
2306 2319 2401 2383 ait,
2428 2320 2671 2374 videbunt
2698 2321 2851 2375 multi
2885 2332 2936 2376 et
2974 2321 3247 2388 timebunt,
3283 2330 3332 2375 et
3362 2335 3475 2390 spe-

1905 2403 2099 2465 rabunt
2152 2412 2209 2464 in
2256 2410 2508 2466 Domino.
2554 2411 2824 2478 Quidnam
2860 2412 3158 2468 videbunt?
3208 2412 3471 2483 Idipsum,

1903 2501 2101 2572 inquit,
2126 2518 2235 2574 quo
2256 2514 2416 2573 pacto
2439 2506 2491 2558 in
2518 2504 2846 2576 profundum
2883 2507 3173 2570 malorum,
3200 2506 3255 2559 in
3292 2506 3468 2559 lacum

1903 2594 2133 2650 miseriae
2162 2604 2217 2651 et
2244 2597 2299 2650 in
2333 2597 2507 2651 lutum
2551 2596 2698 2653 frecis
2743 2598 3028 2654 demersus
3071 2612 3194 2652 cum
3236 2595 3429 2651 fuerim
3455 2633 3474 2661 ,

1902 2683 2031 2741 inde
2061 2685 2155 2741 Dei
2186 2688 2358 2758 gratia
2381 2688 2633 2754 eductus.
2681 2706 2842 2759 super
2874 2699 3081 2761 petram
3110 2689 3386 2752 steterim,
3417 2696 3472 2743 et

1906 2793 2129 2848 gressus
2158 2781 2263 2835 mei
2292 2782 2485 2835 directi
2525 2781 2748 2846 fuerint,
2782 2797 2845 2837 ac
2881 2798 3023 2837 novo
3054 2783 3269 2836 cantico
3300 2781 3473 2836 dona-

1906 2879 1998 2927 tus
2027 2873 2151 2927 sim.
2180 2871 2277 2928 His
2308 2874 2638 2943 conspectis,
2670 2875 2868 2945 inquit,
2901 2875 3053 2928 multi
3084 2873 3332 2927 timorem
3358 2870 3476 2936 Dei,

1908 2963 1976 3018 de
1999 2979 2108 3034 quo
2136 2965 2343 3019 dictum
2374 2964 2711 3031 est,Initium
2733 2967 3008 3035 sapientia:
3034 2967 3194 3018 timor
3214 2963 3477 3028 Domini,‘

1911 3057 2200 3125 accipient,
2233 3058 2578 3130 similemque
2616 3061 2718 3115 sibi
2754 3076 2902 3130 spem
2935 3059 3231 3131 ascribent.

216 3146 302 3199 λοὶ
334 3145 658 3217 θεασάμενοι
714 3144 876 3214 φόϐον
906 3143 1062 3209 Θεοῦ,
1108 3144 1237 3215 περὶ
1269 3137 1328 3197 οὗ
1366 3142 1631 3208 λέλεκται,
1684 3145 1855 3216 Ἀρχὴ
1894 3151 2114 3220 σοφίας
2158 3154 2344 3221 φόϐος
2390 3153 2558 3218 Θεοῦ,
2602 3152 2980 3225 ἁναλήψονται,
3017 3152 3110 3205 καὶ
3157 3148 3255 3202 τὴν
3288 3146 3479 3218 ὁμοίαν

219 3239 435 3302 taetri;
464 3237 869 3309 ὑπογράφουσιν
894 3236 1106 3291 ἐλπίδα.

288 3330 599 3398 Μακάριος
623 3331 800 3399 ἀνὴρ,
830 3327 901 3386 οὗ
930 3330 1061 3385 ἐστι
1088 3330 1152 3384 τὸ
1177 3330 1363 3402 ὄνομα
1384 3331 1606 3399 Κυρίου
1632 3331 1801 3398 ἐλπὶς

1982 3328 2148 3384 Vsus.
2181 3329 2233 3384 5.
2266 3329 2463 3383 Beatus
2502 3329 2581 3382 vir
2615 3328 2765 3397 cujus
2794 3338 2870 3381 est
2899 3344 3084 3382 nomen
3114 3328 3330 3384 Domini
3362 3349 3479 3399 spes

219 3424 434 3487 αὑτοῦ,
469 3424 566 3477 καί
621 3426 733 3477 οὐκ
775 3422 1108 3491 ἐπέϐλεψεν
1148 3426 1235 3489 εὶς
1268 3424 1666 3492 ματαιότητος
1703 3425 1800 3478 καὶ

217 3519 441 3586 μανίας
477 3515 816 3585 ψευδεῖς.⁹0
843 3515 930 3569 διὰ
970 3517 1165 3588 πείρας
1212 3515 1380 3569 ἐλθὼν
1408 3515 1506 3587 τῆς
1537 3514 1631 3569 τοῦ
1666 3516 1802 3570 Θεοῦ

226 3610 450 3681 χάριτος
482 3612 595 3672 τοῖς
634 3610 769 3662 πᾶσι
795 3608 1053 3679 κηρύττει
1084 3609 1184 3673 τὰς
1214 3610 1293 3672 εἰς
1322 3609 1483 3662 αὐτὸν
1508 3609 1805 3680 γενομένας

224 3702 564 3772 εὐεργεσίας,
600 3702 859 3773 προφέρει
890 3719 949 3755 τε
982 3702 1273 3772 καθολικὴν
1304 3702 1575 3769 ἀπόφασιν
1606 3703 1669 3755 ἐκ
1695 3702 1803 3754 τῶν

226 3796 357 3865 περὶ
406 3794 572 3848 αὐτὸν
606 3794 947 3866 συμϐάντων,
977 3794 1262 3858 διδάσκων,
1292 3794 1373 3847 ὅτι
1416 3795 1548 3848 πᾶσι
1579 3793 1804 3847 δυνατὸν

224 3884 533 3957 ἀνθρώποις
564 3885 675 3938 τῶν
722 3884 921 3955 ὁμοίιον
971 3885 1119 3955 αὐτῷ
1165 3887 1365 3956 τυχεῖν.
1400 3885 1473 3936 Οὐ
1515 3882 1624 3955 γὰρ
1668 3882 1800 3951 ἐγὼ,

227 3980 382 4048 φησι,
411 3978 593 4043 μόνος,
618 3976 872 4031 τοιούτων
917 3975 1187 4041 ἀξιωθεὶς,
1223 3975 1340 4046 εἵην
1386 3974 1452 4028 ἂν
1500 3975 1762 4045 μακάριος
1785 3991 1798 4004 ·

228 4072 473 4124 ἔκκειται
497 4070 556 4123 δὲ
582 4072 696 4134 τοῖς
720 4070 883 4124 πᾶσιν
911 4073 944 4141 ή
968 4068 1105 4141 αὐτὴ
1134 4068 1274 4132 ὁδὸς,
1308 4068 1401 4122 καὶ
1436 4067 1496 4121 οὐ
1536 4068 1645 4120 τισὶ
1684 4067 1801 4137 μὲν,

224 4162 419 4216 «erat
452 4161 534 4215 οῦ.
560 4163 675 4225 Πᾶς
713 4157 804 4214 οὖν
834 4164 862 4215 ὁ
890 4161 988 4231 τὴν
1025 4159 1213 4213 ἐλπίδα
1240 4157 1401 4211 αὑτοῦ
1429 4158 1520 4211 ἐπὶ
1546 4157 1636 4210 τὸν
1673 4156 1803 4209 Θεὸν

226 4256 510 4327 ἀναθήσας
541 4254 639 4307 οὐκ
667 4254 1021 4306 ἀποπεσεῖται
1064 4250 1158 4303 τοῦ
1202 4248 1573 4320 μακαρισμοῦ,
1603 4242 1664 4302 οὗ
1712 4247 1805 4300 καὶ

226 4348 390 4411 αὐτὸς
419 4345 780 4417 κατηξιώθην.
814 4345 1125 4415 Ματαιότης
1159 4342 1213 4396 δέ
1244 4342 1338 4396 καὶ
1367 4341 1552 4412 μανίαι
1592 4341 1806 4412 ψευδεῖς

227 4444 403 4495 πᾶσαι
430 4442 487 4494 αἱ
521 4440 741 4510 περὶτὰ
770 4439 1081 4510 πρόσκαιρα
1119 4436 1213 4489 καὶ
1249 4435 1450 4506 μάταια
1480 4435 1804 4504 τυγχάνουσι

229 4533 481 4588 σπουδαί·
506 4533 735 4605 ἐπείπερ
751 4533 1087 4597 Ματαιότης
1109 4528 1539 4600 ματαιοτήτων,
1573 4526 1644 4579 τὰ
1661 4524 1807 4578 πάν-

227 4644 300 4681 τα
346 4627 710 4697 ματαιότηςο
760 4626 854 4678 καὶ
899 4624 986 4677 διὰ
1032 4624 1140 4675 τῶν
1192 4620 1501 4693 ἔμπροσθεν
1548 4619 1800 4687 ἐλέγετο’

227 4720 407 4788 Πλὴν
451 4720 524 4772 τὰ
570 4717 765 4772 πάντα
800 4718 1142 4787 ματαιότης,
1174 4714 1291 4779 πᾶς
1318 4712 1623 4780 ἄνθρωπος
1655 4709 1765 4770 ζῶν
1786 4725 1799 4739 ·

227 4813 325 4867 καὶ
356 4811 521 4865 πάλιν
541 4828 554 4841 ο
577 4810 749 4878 Πλὴν
767 4808 967 4879 μάτην
993 4806 1415 4875 ταράσσονται.
1439 4802 1803 4871 Θησαυρίζει,

229 4907 333 4961 καὶ
388 4909 463 4960 οὐ
514 4902 790 4975 γινώσκει
835 4903 950 4955 τίνι
998 4899 1248 4963 συνάξει
1283 4897 1485 4951 ταῦτα.
1524 4896 1718 4951 Μανίαι
1751 4896 1806 4949 δέ

227 4999 451 5071 ψευδεῖς
481 4999 537 5051 αἱ
564 4998 642 5061 είς
674 4994 828 5047 κενὸν
858 4994 953 5046 καὶ
984 4993 1211 5064 μάταιον
1241 4989 1665 5060 σπουδαζόμεναι
1695 4990 1807 5051 τοῖς

232 5094 451 5156 πολλοῖς
481 5087 994 5163 φροντίδες.Ὥσπερ
1046 5079 1137 5137 οῦν
1190 5082 1353 5153 μανία
1387 5079 1617 5152 σώφρων
1651 5082 1682 5151 ἡ
1713 5079 1807 5133 τοῦ

234 5188 500 5259 παρόντος
539 5182 651 5255 βίου
685 5180 1160 5245 κατεξανάστασις,
1188 5178 1251 5230 δι’
1284 5177 1349 5246 ἦν
1375 5175 1469 5228 καὶ
1514 5172 1806 5239 ἐξεστῶτες

233 5277 544 5350 ἐνομίζοντο
593 5276 705 5338 τοῖς
751 5270 961 5333 πολλοῖς
992 5270 1038 5321 οἱ
1071 5266 1163 5320 τοῦ
1197 5264 1331 5318 Θεοῦ
1372 5262 1664 5335 προφῆται.
1710 5261 1806 5312 Σε-

239 5370 495 5440 μνύνεται
523 5366 567 5419 δ’
591 5365 684 5418 ἐπὶ
715 5366 782 5435 τῇ
810 5361 1035 5434 τοιαύτῃ
1058 5359 1311 5413 ἐκστάσει
1339 5354 1511 5424 λέγων
1533 5356 1560 5407 ὁ
1580 5354 1802 5415 δίκαιος·

248 5461 392 5531 Ἐγὼ
426 5459 494 5512 δὲ
525 5454 665 5511 εἶπα
708 5457 776 5510 ἐν
821 5453 895 5523 τῇ
922 5452 1205 5507 ἐκστάσει
1232 5466 1385 5519 μουο
1423 5445 1547 5513 Πᾶς
1590 5445 1808 5513 ἄνθρω-

236 5570 347 5619 πος
374 5553 680 5621 ψεύστηςσ
712 5549 804 5602 καὶ
846 5549 873 5600 ὁ
917 5543 1232 5604 Ἀπόστολος
1256 5542 1312 5594 δὲ
1342 5538 1499 5593 τοῦτο
1530 5534 1807 5598 πεπονθὼς

235 5645 440 5715 ἔλεγεν·
479 5644 617 5698 Εἴτε
647 5641 754 5710 γὰρ
788 5636 1114 5706 ἐξέστημεν
1138 5632 1279 5699 Θεῷ,
1307 5632 1426 5685 εἷτε
1456 5627 1799 5697 σωφρονοῦ-

235 5757 338 5802 μεν
368 5738 533 5809 ὑμῖν.

1905 3422 2039 3491 ejus,
2072 3433 2120 3477 et
2149 3439 2251 3476 non
2291 3423 2517 3490 respexit
2551 3422 2606 3474 in
2649 3421 2909 3475 vanitates
2939 3432 2987 3476 et
3016 3422 3258 3476 insanias
3284 3425 3477 3493 falsas.

1904 3512 2008 3578 Qui
2047 3512 2245 3567 divina:
2281 3514 2472 3583 gratia:
2497 3513 2929 3581 experimentum
2970 3513 3178 3580 habuit,
3222 3516 3325 3570 sibi
3364 3518 3480 3571 col-

1905 3605 2011 3659 lata
2044 3604 2306 3661 beneﬁcia
2350 3604 2606 3659 omnibus
2648 3603 2926 3673 praedicat,
2959 3614 3121 3674 atque
3148 3620 3213 3660 ex
3254 3606 3322 3662 iis
3357 3624 3479 3678 quae

1905 3698 2008 3754 sibi
2055 3698 2405 3768 contigerunt
2456 3696 2818 3751 universalem
2869 3696 3077 3765 profert
3128 3700 3477 3769 sententiam,

1904 3787 2106 3841 docens
2134 3802 2323 3841 omnes
2349 3784 2598 3840 homines
2630 3786 2778 3855 paria
2803 3801 2985 3840 secum
3018 3786 3262 3844 obtinere
3291 3805 3474 3859 posse.

1904 3878 2091 3949 Neque
2112 3879 2256 3933 enitn
2280 3893 2381 3947 ego
2406 3878 2576 3941 solus,
2599 3878 2693 3941 ait,
2728 3878 2855 3932 talia
2885 3885 3101 3942 nactus.
3133 3881 3327 3939 beatus
3357 3884 3476 3939 fuco

1902 3971 2048 4036 rim;
2104 3969 2201 4025 sed
2236 3970 2491 4025 omnibus
2535 3986 2598 4025 ea
2636 3971 2752 4041 ipsa
2790 3971 2876 4025 via
2908 3980 3076 4041 patet,
3108 3989 3209 4029 nec
3250 3976 3480 4045 quibus.

1904 4060 2029 4116 dam
2064 4070 2250 4133 aperta
2281 4070 2386 4129 est,
2430 4062 2553 4117 aliis
2594 4076 2724 4117 vero
2753 4063 2999 4118 minime.
3043 4066 3309 4137 Quisquis
3346 4082 3478 4139 ergo

1906 4171 2056 4227 spem
2086 4156 2142 4209 in
2177 4155 2286 4211 Deo
2322 4156 2590 4225 reposuit,
2640 4170 2670 4208 a
2703 4156 3039 4211 beatitudine
3078 4159 3193 4223 illa,
3227 4175 3334 4229 qua
3378 4178 3479 4232 ego

1905 4252 2163 4320 dignatus
2197 4265 2342 4313 sum,
2378 4264 2486 4303 non
2524 4249 2757 4305 labetur.
2788 4249 3013 4306 Vanitas
3042 4260 3222 4306 autem
3248 4261 3302 4308 et
3331 4254 3479 4310 insa-

1905 4343 2011 4397 nia:
2036 4341 2184 4397 falsae
2214 4349 2363 4406 sunt,
2401 4355 2591 4395 omnes
2632 4347 3111 4411 temporanearum
3142 4352 3196 4397 et
3245 4341 3476 4398 futilium

1906 4450 2087 4491 rerum
2141 4449 2305 4490 curse.
2369 4432 2818 4503 Quandoquidem
2881 4436 3087 4490 vanitas
3150 4436 3475 4499 sanitatum,

1907 4528 2085 4582 omnia
2115 4528 2321 4582 vanitas
2357 4527 2378 4557 ⁶
2410 4543 2425 4592 ;
2461 4540 2523 4580 ac
2556 4527 2807 4595 superius
2856 4526 3063 4581 dictum
3092 4538 3177 4582 est
3209 4543 3222 4577 :
3264 4528 3480 4582 Verum-

1910 4631 2082 4675 tamen
2122 4620 2363 4673 universa
2395 4619 2622 4681 vanitas,
2655 4617 2823 4671 omnis
2855 4617 3007 4671 homo
3043 4619 3245 4681 virens;
3277 4627 3332 4672 et
3373 4619 3475 4674 ite-

1908 4729 2028 4767 rum
2061 4730 2073 4765 :
2108 4711 2475 4766 Verumtamen
2507 4728 2635 4765 vane
2674 4710 3075 4765 conturbantur.
3131 4709 3477 4764 Tltesaurizat

1907 4818 1957 4861 et
1988 4808 2192 4877 ignorat
2224 4805 2309 4858 cui
2342 4803 2673 4874 congregabit
2701 4821 2781 4857 ea.
2827 4801 3107 4857 Vanitates
3143 4800 3310 4869 falsae,
3348 4813 3475 4857 sunt

1911 4899 2076 4954 irrita:
2110 4913 2173 4951 ac
2208 4898 2427 4952 inutiles
2467 4912 2495 4949 a
2532 4896 2716 4949 multis
2759 4901 3024 4962 suscepta:
3055 4893 3472 4948 sollicitudines.

1908 4988 2079 5059 Igitur
2117 4987 2329 5041 vanitas
2380 4986 2619 5056 prudens
2650 4992 2734 5040 est
2764 4981 2919 5051 quasi
2959 4983 3295 5036 renuntiatio
3340 4999 3476 5053 pra:-

1910 5082 2081 5138 sentis
2108 5082 2252 5145 vitae,
2293 5081 2364 5134 oh
2401 5095 2564 5151 quam
2610 5078 2887 5148 prophetae
2922 5074 3014 5130 Dei
3057 5076 3243 5129 multis
3282 5089 3473 5129 exces-

1910 5174 2052 5230 sisse
2078 5180 2257 5228 mente
2280 5172 2619 5227 videbantur.
2653 5169 2727 5225 De
2755 5169 2861 5224 hoc
2892 5174 3071 5223 autem
3100 5180 3327 5221 excessu
3359 5166 3472 5236 gloo

1908 5266 2084 5321 riatur
2135 5266 2318 5336 justus
2359 5264 2547 5319 dicens
2590 5281 2601 5316 :
2656 5261 2767 5332 Ego
2799 5270 2974 5314 autem
3013 5259 3127 5311 dixi
3170 5259 3228 5312 in
3260 5272 3472 5312 excessu

1908 5376 2042 5423 meo,
2076 5358 2244 5412 omnis
2274 5357 2428 5411 homo
2461 5352 2689 5408 mendam
2715 5355 2755 5408 ⁷.
2792 5351 3193 5422 Apostolusque
3234 5350 3472 5420 idipsum

1909 5466 2106 5521 passus
2138 5450 2352 5504 dicebat
2393 5467 2404 5502 :
2443 5447 2561 5501 Sive
2590 5447 2731 5500 enim
2772 5454 2940 5498 mente
2982 5443 3306 5509 excedintus,
3337 5441 3471 5507 Deo,

1910 5543 2017 5597 sive
2045 5541 2207 5597 sobrii
2250 5555 2452 5606 sumus,
2486 5538 2628 5592 vobis
2659 5538 2701 5592 ⁸.

302 5860 321 5892 ⁸
360 5858 521 5912 Rom.
554 5869 676 5922 vnt,
711 5850 797 5906 55.
875 5850 896 5883 ⁵
934 5848 1079 5906 Psal.
1115 5860 1215 5913 cx,
1248 5843 1334 5900 10.
1414 5842 1433 5873 ⁶
1473 5839 1655 5897 Eccle.
1696 5834 1801 5908 ηε

1910 5834 1929 5869 '
1969 5833 2113 5891 Psal.
2149 5847 2283 5900 ειν,
2326 5829 2411 5886 Η.
2491 5828 2512 5859 ³
2550 5827 2591 5883 ll
2623 5824 2749 5883 Cor.
2784 5842 2851 5894 ν,
2888 5823 2973 5879 15.
