3822 6280
396 343 501 400 δ.ῦὲ

1074 340 1340 400 EUSEBTI
1380 340 1854 400 CESARIENSIS
1889 343 2040 400 OPP.
2079 345 2260 402 PARS
2289 345 2377 405 ιιι.
2409 378 2477 390 -
2512 347 2918 408 EXEGETICA.

3522 351 3629 408 556

469 458 638 514 Vsus.
679 456 798 512 6-9.
828 453 1002 511 Nulla
1036 456 1206 527 fecisti
1249 467 1327 521 tu,
1374 455 1596 511 Domine
1632 455 1770 512 Deus
1794 474 1960 525 meus,

2132 462 2338 517 Πολλὰ
2363 463 2653 533 ἐποίησας
2681 465 2781 531 σὺ,
2808 467 2983 534 Κύριε
3006 469 3038 520 d
3064 467 3208 534 Θεός
3229 484 3366 536 μου,
3392 468 3468 522 τὰ
3490 471 3630 523 θαυ-

396 551 665 606 mirabilia
723 559 834 603 tua.
895 548 998 616 Qui
1052 549 1258 604 variam
1309 549 1455 603 illam
1497 547 1591 604 Dei
1645 549 1965 620 sapientiam

395 645 511 700 sive
564 645 618 698 in
672 642 942 699 universis
1004 641 1256 712 Opiﬁciis,
1316 641 1430 696 sive
1474 641 1529 696 in
1592 641 1862 711 singulis,
1909 641 1964 696 in

395 736 708 798 sensilibus,
745 743 798 790 et
828 737 883 790 in
941 735 1008 790 iis
1037 749 1158 804 qua:
1211 742 1390 789 mente
1434 734 1812 806 percipiuntur
1847 733 1966 788 ani-

395 831 773 891 madverterit,
804 829 856 884 in
887 837 1165 898 stuporem
1206 827 1433 882 veniens
1462 827 1534 882 ob
1567 828 1838 898 ingentem
1869 825 1964 883 Dei

397 926 774 978 universorum
813 931 1156 993 potestatem,
1186 935 1321 977 sane
1355 920 1554 975 dixerit
1583 939 1596 976 :
1631 919 1801 974 Multa
1833 921 1963 989 feci-

391 1016 463 1070 sti
489 1023 566 1079 tu,
602 1016 822 1069 Domine
861 1013 996 1068 Deus
1028 1030 1194 1072 meus,
1230 1013 1498 1067 mirabilia
1531 1022 1642 1066 tua.
1669 1011 1775 1067 Sed
1802 1013 1963 1068 etiam

393 1108 708 1178 ponderatis
761 1108 1089 1164 universalis
1144 1108 1289 1163 illius
1331 1107 1686 1178 providentia:
1739 1105 1967 1162 rationi-

393 1199 518 1261 bus,
553 1200 710 1270 queis
730 1200 913 1254 omnia
961 1199 1329 1263 administrat,
1379 1214 1502 1254 cum
1547 1198 1966 1269 deprehenderit

395 1293 973 1364 incomprehensibiles
1007 1309 1105 1350 eas
1137 1309 1280 1352 esse.
1329 1294 1444 1349 haec
1485 1293 1704 1363 adjiciet
1738 1313 1750 1348 :
1781 1292 1847 1346 Et
1876 1310 1965 1348 co-

393 1384 736 1454 gitationibus
769 1388 872 1440 tuis
907 1403 1012 1440 non
1051 1396 1130 1441 est
1167 1386 1258 1456 qui
1297 1386 1486 1440 similis
1521 1385 1588 1438 sit
1629 1384 1742 1438 tibi.
1775 1384 1964 1450 Qualis

393 1483 512 1530 erat
540 1476 588 1532 is
612 1477 703 1547 qui
735 1477 950 1532 dicebat
981 1497 994 1534 :
1025 1476 1070 1533 Ο
1105 1476 1330 1531 altitudo
1355 1477 1662 1531 divitiarum
1693 1477 1966 1547 sapientia!

391 1576 442 1622 et
469 1566 702 1622 scientia:
733 1567 860 1624 Dei!
899 1585 1057 1640 quam
1087 1569 1627 1637 incomprehensibilia
1659 1577 1781 1622 sunt
1814 1567 1965 1637 judi-

391 1662 476 1716 eia
501 1661 641 1732 ejus,
665 1670 715 1716 et
737 1661 1117 1732 investigabiles
1149 1663 1246 1717 vim
1277 1662 1390 1732 ejus
1411 1663 1464 1716 ἰ
1499 1659 1558 1716 1η
1592 1661 1844 1732 praesenti
1876 1675 1968 1714 au-

389 1760 502 1809 tem
543 1751 713 1809 David
763 1769 860 1824 pro
907 1755 1310 1824 opportunitate
1357 1754 1458 1810 has
1504 1753 1728 1826 protulit
1765 1768 1963 1818 voces,

389 1857 514 1899 cum
537 1859 567 1899 e
599 1859 659 1900 re
691 1853 843 1916 gesta
865 1844 1200 1908 edidicisset,
1229 1860 1370 1900 novo
1389 1846 1624 1916 quodam
1654 1844 1836 1906 modo.
1863 1845 1964 1899 sci-

388 1935 517 1993 licet
555 1953 652 2008 per
691 1939 1100 2008 obsequentiam
1133 1938 1334 1994 divinis
1384 1938 1593 2008 legibus
1639 1937 1961 2001 exhibitam,

389 2040 664 2086 servatum
693 2046 752 2086 se
781 2031 973 2086 fuisse.
999 2030 1211 2084 Atenim
1245 2046 1341 2100 per
1372 2028 1612 2100 Moysem
1641 2029 1768 2083 olim
1794 2027 1964 2084 sacri-

390 2122 513 2176 ﬁcia
543 2131 597 2177 et
622 2122 940 2178 holocausta
975 2135 1074 2192 pro
1111 2121 1352 2192 peccatis
1380 2120 1565 2176 offerri
1592 2120 1808 2190 jussum
1851 2117 1967 2173 fue-

389 2219 512 2276 rat;
547 2227 694 2267 nunc
741 2227 872 2267 vero
909 2227 1081 2266 novus
1112 2211 1349 2266 traditur
1380 2210 1576 2267 salutis
1617 2209 1814 2265 modus
1845 2211 1964 2264 sine

391 2302 679 2358 sacriﬁciis
702 2309 756 2356 et
780 2302 1138 2355 holocaustis.
1167 2298 1332 2354 Docet
1373 2313 1537 2370 porro
1562 2305 1818 2355 sexcenta
1842 2312 1966 2354 esse

392 2392 460 2447 ad
485 2392 714 2447 salutem
741 2390 1000 2457 remedia,
1033 2405 1152 2460 qua:
1170 2389 1260 2444 Dei
1278 2390 1451 2460 gratia
1485 2387 1798 2443 hominibus
1823 2387 1966 2442 elar-

385 2483 498 2554 gita
531 2489 633 2537 est.
667 2479 854 2552 Neque
905 2497 1004 2552 pro
1028 2481 1289 2552 dignitate
1322 2481 1397 2535 rei
1428 2479 1559 2546 dici,
1588 2495 1763 2550 neque
1785 2486 1966 2535 mente

386 2575 601 2646 concipi
628 2584 806 2645 potest
830 2574 1121 2628 multitudo
1151 2573 1540 2644 cogitationum
1570 2571 1685 2627 Dei.
1714 2570 1965 2643 Symma-

387 2667 527 2723 chus
581 2683 760 2724 vero:
802 2666 1106 2733 Permulta,
1159 2667 1358 2737 inquit,
1409 2665 1579 2735 fecisti
1632 2675 1709 2730 tu,
1747 2663 1966 2718 Domine

389 2757 531 2814 Deus
571 2774 737 2823 meus,
771 2755 1016 2827 prodigia
1066 2771 1180 2820 tua,
1225 2765 1274 2810 et
1321 2755 1661 2826 cogitationes
1707 2763 1828 2807 tuas
1868 2767 1965 2821 pro

387 2850 542 2906 nobis
573 2867 676 2904 non
710 2849 957 2919 possibile
984 2857 1061 2903 est
1081 2863 1336 2918 exponere
1361 2861 1515 2915 super
1541 2857 1608 2902 te.
1640 2844 1842 2900 Deinde
1865 2859 1966 2914 pro

386 2945 504 3008 illo,
534 2944 861 2998 Annuntiavi
889 2951 939 2996 et
968 2942 1172 2996 locutus
1196 2956 1338 3004 sum,
1363 2939 1702 3008 multiplicati
1729 2946 1852 2992 sunt
1872 2954 1968 2992 su-

387 3052 480 3106 per
508 3053 760 3100 arenam;
790 3051 1009 3092 rursum
1041 3034 1400 3106 Symmachus
1425 3033 1528 3088 hac
1557 3033 1768 3088 ratione
1799 3033 1966 3088 inter-

394 3135 637 3199 pretatus
669 3134 774 3190 est,
810 3125 870 3181 Si
910 3127 1230 3180 annuntians
1273 3124 1602 3190 annuntiem,
1634 3121 1807 3191 plures
1841 3129 1965 3175 sunt

389 3235 549 3290 quam
580 3227 637 3269 ut
659 3215 903 3269 enarrari
930 3215 1150 3283 possint.
1184 3213 1339 3277 Nam,
1363 3228 1428 3267 ea:
1455 3221 1626 3282 parte,
1658 3213 1856 3282 inquit,
1879 3230 1966 3266 co-

391 3299 716 3373 gnoscimus,
744 3307 792 3351 et
821 3312 886 3351 ea:
921 3307 1070 3366 parte
1097 3297 1469 3365 prophetamus
1506 3297 1571 3350 ¹⁰.
1603 3296 1798 3352 Omnia
1834 3312 1968 3353 sane

392 3393 666 3449 mirabilia
695 3399 789 3444 tua
820 3390 1243 3445 innumerabilia
1287 3399 1342 3444 et
1385 3389 1966 3461 incomprehensibilia

393 3494 525 3544 sunt
557 3504 570 3540 :
598 3491 838 3538 attamen
882 3483 938 3537 in
993 3482 1062 3536 iis
1094 3496 1215 3550 qua:
1257 3495 1452 3551 capere
1492 3480 1650 3535 licuit
1687 3482 1740 3536 id
1770 3481 1967 3551 depre-

393 3576 584 3641 hendi,
615 3586 667 3632 te
689 3575 897 3630 scilicet
927 3574 982 3630 in
1015 3573 1268 3643 praesenti
1298 3581 1543 3643 tempore
1578 3587 1609 3627 a
1644 3572 1830 3645 Moyse
1855 3580 1970 3626 tra-

393 3672 510 3727 dita
549 3668 820 3727 sacriﬁcia
866 3675 922 3723 et
970 3667 1274 3722 oblationes
1322 3669 1597 3733 noluisse,
1644 3667 1740 3723 sed
1777 3681 1968 3722 eorum

394 3763 518 3818 loco
545 3777 706 3816 aures
737 3774 888 3814 meas
920 3765 974 3812 et
1001 3757 1414 3828 obsequentiam
1444 3757 1676 3828 eloquiis
1711 3755 1819 3812 tuis
1849 3771 1968 3826 per-

394 3853 594 3912 fecisse
620 3871 635 3919 ;
662 3869 726 3908 ac
771 3868 871 3924 pro
904 3850 1263 3915 holocaustis,
1297 3858 1351 3906 et
1388 3849 1676 3906 sacriﬁciis
1708 3862 1806 3918 pro
1837 3862 1966 3917 pec-

397 3955 545 4014 cato,
575 3943 954 4013 memetipsum
981 3941 1154 3996 obtuli
1196 3941 1314 3996 tibi.
1347 3940 1528 4007 Quare
1561 3939 1637 3993 ait
1671 3957 1684 3994 :
1721 3937 1855 3992 Ecce
1883 3954 1968 3992 ue-

398 4039 487 4093 nio
528 4051 560 4091 a
592 4044 646 4092 te
676 4043 935 4097 vocatus,
985 4041 1149 4104 atque
1205 4032 1614 4104 promptissime
1645 4030 1963 4086 obsecutus.

397 4128 572 4184 Venio
639 4134 820 4182 autem
881 4125 1187 4182 festinando
1259 4133 1320 4179 ut
1388 4123 1585 4179 faciam
1631 4123 1965 4179 voluntatem

396 4231 586 4276 tuam:
617 4217 721 4273 hoc
750 4217 896 4273 enim
942 4232 1043 4288 pro
1081 4217 1230 4271 omni
1274 4217 1493 4272 victima
1531 4216 1836 4272 holocausti
1871 4231 1966 4270 ac-

393 4321 682 4384 cepturum
716 4319 768 4365 te
787 4325 1109 4381 persuasum
1137 4309 1330 4364 habeo.
1363 4308 1476 4364 Hoc
1511 4323 1696 4380 porro,
1721 4309 1774 4362 in
1797 4308 1967 4376 capite

395 4405 526 4460 libri
552 4405 802 4471 scriptum
835 4412 912 4456 est
966 4407 1030 4456 de
1072 4417 1174 4464 me,
1205 4401 1360 4472 quid,
1406 4403 1622 4466 amabo,
1657 4399 1806 4455 aliud
1856 4406 1963 4464 est,

2059 553 2249 624 μάσιά
2277 573 2411 612 σου.
2429 557 2488 612 '0
2507 558 2604 630 τὴν
2637 559 3011 614 πολυποίκιλον
3035 558 3128 617 τοῦ
3160 561 3292 616 Θεοῦ
3322 563 3515 633 σοφίαι
3535 581 3631 617 και-

2064 647 2400 719 τανενοηκὼς
2427 648 2483 702 ἑν
2515 667 2573 704 τε
2605 651 2716 714 τοῖς
2735 650 2962 706 καθόλου
2983 653 3240 724 κτίσμασι
3275 657 3368 707 καὶ
3401 657 3511 719 τοῖς
3529 673 3629 709 κα-

2064 738 2132 793 τὰ
2162 737 2342 810 μέρος,
2371 740 2483 802 τοῖς
2530 755 2590 792 τε
2637 740 2910 811 αἰσθητοῖς
2960 742 3052 796 καὶ
3083 745 3194 806 τοῖς
3231 744 3369 798 κατὰ
3393 745 3633 799 διάνοιαν

2065 827 2471 900 θεωρουμένοις,
2508 832 2586 895 είς
2619 830 2876 903 ἔκπληξιν
2905 831 3074 887 ἐλθὼν
3103 837 3199 906 τῆς
3221 837 3634 908 ὑπερμεγέθους

2062 919 2337 990 δυνάμεως
2391 920 2484 975 τοῦ
2535 920 2644 974 τῶν
2695 922 2830 975 ὅλων
2875 919 3030 986 Θεοῦ,
3079 926 3220 978 είποι
3270 927 3366 980 ἄν’
3423 929 3635 982 Πολλὰ

2063 1012 2354 1080 ἐποίησας
2402 1014 2503 1078 σὺ,
2533 1017 2713 1082 Κύριε
2754 1019 2787 1070 ὀ
2838 1017 2980 1082 Θεός
3021 1032 3161 1086 μου,
3209 1017 3281 1073 τὰ
3330 1017 3633 1088 θαυμάσιὰ

2064 1121 2201 1160 σου.
2219 1105 2378 1161 Ἀλλὰ
2428 1108 2522 1162 καὶ
2574 1113 2697 1174 τοὺς
2745 1109 2936 1178 λόγους
2985 1108 3241 1174 ἐξετάσας
3273 1112 3372 1182 τῆς
3402 1109 3632 1165 καθόλου

2066 1199 2338 1270 προνοίας,
2366 1200 2487 1254 καθ’
2511 1199 2602 1264 οὒς
2633 1203 2700 1255 τὰ
2731 1201 3018 1273 σύμπαντα
3042 1203 3248 1266 διοικεῖ,
3271 1202 3509 1256 κᾶπειτα
3546 1204 3633 1256 εὑ-

2069 1292 2174 1366 ρὼν
2209 1292 2404 1356 αὐτοὺς
2447 1294 2882 1365 ἀκαταλήπτους,
2929 1295 3222 1366 προσθήσει
3272 1293 3477 1362 λέγων·
3524 1297 3633 1350 Καὶ

2062 1383 2188 1450 τοῖς
2222 1383 2629 1455 διαλογισμοῖς
2654 1402 2770 1440 σου
2800 1388 2910 1441 οὐκ
2937 1388 3066 1441 ἐστι
3089 1387 3179 1452 τίς
3205 1386 3637 1456 ὀμοιωθήσεταί

2064 1492 2180 1531 σοι.
2216 1473 2340 1539 Οἷος
2363 1471 2431 1548 ἦν
2461 1479 2489 1530 6
2520 1477 2695 1547 λέγων
2714 1495 2727 1508 ·
2755 1479 2818 1532 Ὦ
2845 1475 3076 1546 βάθους
3109 1481 3376 1534 πλούτου
3400 1480 3499 1534 καί
3534 1495 3636 1534 σο⁴

2064 1571 2224 1638 φίας,
2263 1569 2360 1622 καὶ
2397 1569 2671 1638 γνώσεως
2717 1569 2904 1624 Θεοῦ]
2949 1569 3029 1636 ὡς
3076 1568 3519 1638 ἀνεξερερνητα
3567 1570 3637 1623 τὰ

2064 1660 2315 1730 κρίματα
2342 1660 2547 1724 αὐτοῦ,
2573 1661 2670 1715 καὶ
2701 1660 3147 1730 ἀνεξιχνίαστοι
3175 1664 3234 1716 al
3259 1662 3383 1716 ὁδοὶ
3409 1661 3638 1716 αὑτοῦ]

2077 1751 2164 1804 Ἑν
2195 1751 2251 1806 δὲ
2277 1754 2388 1816 τοῖς
2416 1752 2792 1824 προκειμένοις
2818 1754 2845 1805 6
2875 1751 3032 1806 Δαυῒδ
3062 1752 3201 1806 κατὰ
3222 1751 3410 1824 καιρὸν
3433 1752 3637 1818 ταύτας

2065 1846 2438 1918 προηνέγκατο
2470 1845 2568 1909 τὰς
2597 1845 2798 1915 φωνὰς,
2831 1845 2975 1917 ἔργῳ
3001 1845 3204 1917 μαθὼν,
3231 1845 3306 1909 ὡς
3341 1844 3518 1916 καινῷ
3538 1859 3636 1899 τινι

2061 1938 2246 2010 τρόπῳ
2279 1937 2545 1991 σέσωσται
2576 1937 2654 2008 τῷ
2685 1937 2750 1991 δι’
2775 1937 3020 2007 ὑπακοῆς
3066 1922 3174 1990 τῶν
3221 1937 3381 1997 θείων
3413 1937 3633 2006 λογίων.

2061 2031 2232 2085 Πάλαι
2280 2031 2378 2102 μὲν
2422 2031 2530 2104 γὰρ
2569 2031 2656 2086 διὰ
2695 2033 2974 2096 Μωῦσέως
3005 2032 3184 2087 θυσίαι
3212 2033 3308 2086 καὶ
3353 2032 3636 2086 ὁλὸκαυτοι

2062 2123 2330 2196 ἀναφοραὶ
2356 2123 2779 2196 προσετάττοντο
2822 2124 2963 2196 ὑπὲρ
3015 2123 3295 2195 ἁμαρτιῶν
3329 2123 3638 2195 προσφέρει

2066 2214 2217 2268 σθαιο
2249 2214 2367 2268 νυνὶ
2393 2215 2450 2269 δὲ
2472 2215 2656 2280 καινὸς
2688 2216 3036 2286 παραδίδοται
3067 2217 3266 2286 τρόπος
3298 2215 3637 2286 σωτηρίας,ό

2062 2307 2182 2378 δίχα
2206 2306 2402 2360 θυσιῶν
2434 2307 2528 2360 καὶ
2559 2306 3046 2378 ὁλοκαυτωμάτων.
3073 2305 3319 2360 Διδάσκει
3341 2305 3399 2360 δὲ
3435 2305 3535 2359 καὶ
3566 2303 3637 2370 ὡς

2063 2397 2178 2451 ἔστι
2205 2397 2372 2470 μυρία
2397 2396 2668 2468 σωτηρίας
2691 2397 2979 2469 φάρμακα,
3012 2396 3154 2468 ἆπερ
3182 2397 3216 2468 ή
3243 2395 3336 2449 τοῦ
3367 2394 3510 2448 Θεοῦ
3541 2395 3636 2465 χά-

2071 2505 2152 2558 ρις
2171 2490 2282 2551 τοῖς
2299 2485 2606 2558 ἀνθρώποις
2631 2485 2960 2558 ἐδωρήσατο.
2978 2485 3092 2538 Οὐκ
3117 2485 3230 2537 ἔστι
3255 2500 3315 2536 τε
3336 2482 3458 2535 κατ’
3485 2480 3638 2545 ἀξίαν

2068 2581 2262 2642 εἰπεῖν,
2292 2579 2411 2632 οὐδὲ
2457 2577 2661 2649 διανοίᾳ
2703 2576 3013 2649 περιλαϐεῖν
3036 2574 3143 2630 τῶν
3170 2573 3262 2628 τοῦ
3296 2571 3433 2627 Θεοῦ
3468 2571 3640 2624 διαλο-

2066 2670 2280 2742 γισμῶν
2305 2671 2365 2724 τὸ
2391 2670 2612 2742 πλῆθος.
2631 2670 2688 2724 '0
2724 2669 2780 2722 δὲ
2810 2667 3125 2740 Σύμμαχος,
3158 2665 3520 2736 Πάμπολλα,
3539 2681 3638 2735 cpn-

2068 2765 2171 2826 σίν,
2201 2761 2494 2829 ἐποίησας
2523 2761 2626 2825 σὺ,
2653 2760 2827 2828 Κύριε
2855 2761 2888 2812 ό
2921 2758 3065 2824 Θεός
3080 2774 3222 2827 μου,
3256 2755 3328 2808 τὰ
3355 2750 3642 2823 τεράστιά

2065 2870 2204 2918 σου,
2234 2854 2331 2908 καὶ
2362 2855 2503 2919 τοὺς
2530 2851 2957 2920 διαλογισμούς
2980 2865 3096 2903 σου
3124 2848 3265 2914 τοὺς
3289 2845 3444 2914 ὑπὲρ
3474 2844 3640 2914 ἡμῶν

2065 2947 2176 3000 οὐκ
2194 2946 2364 3000 ἐστιν
2389 2943 2665 2999 ἐκθέσθαι
2691 2943 2788 2996 ἐπὶ
2813 2942 2948 2997 σοῦ.
2974 2937 3106 2995 Εἶτα
3128 2940 3248 2994 ἀντὶ
3269 2935 3364 2990 τοῦ
3384 2953 3398 2966 ο
3433 2935 3636 3004 Ἀπήγ-

2065 3038 2235 3108 τειλα
2270 3034 2366 3090 καὶ
2397 3033 2691 3101 ἐλάλησα,
2721 3032 3196 3098 ἐπληθύνθησαν
3232 3025 3387 3094 ὑπὲρ
3417 3024 3640 3094 ἄμμον,

2069 3128 2230 3182 πάλιν
2269 3129 2298 3180 6
2349 3125 2642 3197 Σύμμαχος
2693 3122 2880 3176 τοῦτον
2920 3123 3230 3194 ἡρμήνευσε
3274 3119 3365 3173 τὸν
3405 3118 3638 3190 τρόπον⁶

2083 3221 2214 3274 Ἐὰν
2229 3217 2622 3289 ἀπαγγέλλων
2648 3213 3046 3286 καταγγέλλω,
3063 3211 3246 3266 πλείω
3279 3210 3414 3265 ἐστι
3433 3209 3547 3263 τοῦ
3561 3207 3642 3261 δι-

2067 3300 2382 3378 ηΜθῆναι.
2423 3310 2516 3362 Ἐκ
2537 3305 2758 3377 μέρους
2799 3303 2917 3374 μὲν
2954 3304 3086 3372 γὰρ,
3136 3301 3289 3373 φησὶ,
3349 3298 3640 3368 γινώσκο-

2062 3417 2197 3470 μεν,
2250 3399 2349 3454 καί
2391 3399 2461 3453 ἐκ
2500 3396 2723 3468 μέρους
2759 3396 3225 3463 προφητεύομεν.
3282 3391 3364 3444 Τά
3410 3406 3480 3459 γε
3539 3389 3640 3460 μὴν

2068 3493 2245 3548 πάντα
2267 3491 2611 3564 ἁναρίθμητα
2635 3489 2726 3544 καὶ
2759 3486 3116 3559 ἀκατάληπτα
3147 3481 3407 3554 τυγχάνει
3428 3481 3502 3535 τὰ
3525 3479 3645 3533 θαυ-

2071 3585 2242 3658 μάσιά
2269 3602 2361 3638 σου
2383 3601 2398 3616 σ
2433 3583 2572 3655 πλὴν
2618 3583 2678 3636 ὲν
2724 3577 2804 3646 οἷς
2833 3577 3126 3634 κατέλαϐον
3157 3577 3251 3630 καὶ
3279 3572 3427 3628 τοῦθ’
3461 3567 3640 3644 εὖρον,

2066 3677 2149 3731 ὅτι
2198 3676 2338 3730 κατὰ
2364 3675 2456 3728 τὸν
2505 3674 2744 3746 παρόντα
2773 3671 2962 3742 καιρὸν
2987 3669 3086 3733 τὰς
3116 3667 3266 3739 παρὰ
3293 3668 3526 3722 Μωῦσεῖ
3555 3665 3643 3719 θυ-

2068 3769 2191 3833 σίας
2222 3769 2316 3823 καὶ
2347 3766 2664 3838 προσφορὰς
2703 3767 2802 3819 ούκ
2845 3763 3143 3835 ἠθέλησας·
3178 3760 3298 3814 ἀντὶ
3339 3759 3384 3812 δ’
3414 3759 3639 3811 ἐκείνοιν

2066 3862 2135 3916 τὰ
2155 3856 2268 3916 ὦτά
2294 3877 2395 3932 μου
2421 3861 2514 3914 καὶ
2539 3858 2636 3931 τὴν
2667 3857 2910 3928 ὑπακοὴν
2934 3854 3041 3909 τῶν
3071 3853 3178 3906 σῶν
3207 3851 3403 3920 λογίων
3433 3866 3639 3921 κατηρ-

2065 3955 2200 4008 τίσω
2219 3971 2232 3984 ·
2269 3955 2364 4007 καὶ
2390 3952 2510 4007 ἀντὶ
2534 3949 2996 4019 ὁλοκαυτωμάτων
3034 3945 3127 4000 καὶ
3157 3943 3265 3998 τῶν
3293 3942 3425 4014 περί⁷
3459 3943 3640 4012 ἁμαρ-

2065 4047 2185 4111 τίας
2219 4045 2418 4100 θυσιῶν
2449 4044 2608 4107 αὐτὸς
2641 4041 2878 4114 ἐμαυτὸν
2907 4035 3253 4112 προσήγαγόν
3283 4051 3385 4088 σοι.
3417 4035 3516 4088 Διό
3539 4051 3644 4103 φησι

2068 4155 2184 4193 σιν·
2229 4136 2372 4191 Ἰδοὺ
2420 4135 2544 4200 ἥκω
2587 4133 2806 4204 κληθεὶς
2834 4132 2938 4184 ὑπὸ
2972 4129 3086 4193 σοῦ,
3117 4129 3210 4182 καὶ
3251 4125 3642 4199 προθυμότατα

2068 4224 2565 4287 ὑπακούσας.Ἦκω
2596 4222 2653 4276 δὲ
2683 4220 2922 4285 σπεύσας
2955 4219 3048 4274 τοῦ
3082 4219 3303 4288 ποιῆσαι
3333 4217 3396 4270 τὸ
3429 4215 3642 4288 θέλημά

2069 4331 2195 4369 σου·
2226 4312 2382 4368 τοῦτο
2432 4312 2541 4384 γάρ
2583 4311 2703 4366 ἀντὶ
2751 4311 2932 4380 πάσης
2971 4307 3263 4362 ὁλοκαύτου
3309 4305 3506 4370 θυσίας
3543 4305 3641 4358 πέ-

2069 4405 2298 4477 πεισμαι
2341 4421 2402 4457 σε
2438 4401 2814 4475 ἀποδέχεσθαι.
2849 4402 2956 4455 Καὶ
2988 4400 3144 4454 τοῦτο
3181 4398 3237 4452 δὲ
3268 4399 3338 4452 ἐν
3361 4396 3642 4467 κεφαλίδι

393 4512 560 4570 quam
586 4495 980 4568 praeferendam
1010 4510 1132 4550 esse
1161 4493 1504 4578 voluntatem
1563 4499 1711 4547 tuam
1752 4490 1964 4546 sacriﬁ-

2067 4499 2307 4564 βιϐλίου
2335 4495 2653 4567 γέγραπται
2682 4494 2816 4563 περὶ
2846 4492 2992 4563 ἐμοῦ
3011 4509 3024 4522 ·
3067 4491 3227 4544 τοῦτο
3249 4491 3305 4544 δὲ
3336 4492 3492 4543 ποῖον
3517 4489 3551 4560 ἢ
3583 4487 3644 4540 τὸ

394 4593 498 4647 ciis
529 4598 584 4646 et
618 4588 995 4644 holocaustis?
1039 4595 1094 4643 et
1140 4571 1311 4658 legem
1357 4594 1509 4641 tuam
1560 4584 1961 4656 exsequendam

392 4697 514 4738 esse
556 4696 666 4736 non
705 4681 1003 4735 secundum
1041 4679 1259 4734 obviam
1299 4679 1607 4739 lectionem,
1640 4691 1816 4746 neque
1849 4675 1967 4746 pari

393 4775 608 4831 ratione
635 4783 798 4843 atque
827 4773 1134 4842 complures
1164 4770 1296 4841 legis
1323 4769 1521 4841 Moysis
1547 4768 1965 4835 observatores;

398 4868 493 4925 sed
527 4870 582 4922 in
610 4868 779 4923 medio
808 4867 1000 4922 ventris
1023 4867 1157 4928 mei;
1187 4873 1282 4918 aut
1315 4874 1373 4920 ut
1412 4862 1795 4935 Symmachus,
1829 4879 1958 4916 con-

397 4962 568 5032 cupiui
599 4961 761 5031 legem
788 4970 937 5014 tuam
963 4960 1016 5012 in
1051 4955 1222 5032 medio
1245 4957 1499 5010 uiscerum
1533 4971 1788 5011 meorum.
1824 4953 1960 5008 Nam

399 5030 574 5122 siqui
625 5030 822 5106 animae
852 5059 1042 5105 venter
1083 5030 1191 5115 est,
1226 5049 1434 5117 tropice
1484 5047 1565 5103 sic
1611 5058 1858 5110 vocatus,
1896 5045 1965 5099 de

398 5161 509 5216 quo
543 5146 598 5200 in
626 5143 934 5217 Evangeliis
973 5142 1180 5197 dictum
1227 5148 1312 5195 est
1357 5158 1369 5194 :
1409 5137 1664 5192 Flumina
1697 5139 1760 5192 de
1792 5145 1967 5192 ventre

397 5233 513 5308 ejus
544 5238 708 5306 ﬂuent
731 5252 882 5307 aqum
909 5237 1055 5299 vivae,
1079 5233 1318 5288 salientis
1339 5233 1392 5286 in
1425 5231 1588 5286 uitam
1614 5240 1865 5286 (sternam
1889 5230 1967 5292 “;

401 5331 458 5384 in
491 5329 594 5383 hoc
629 5328 935 5392 recondito,
969 5329 1164 5398 inquit.
1197 5341 1261 5381 ac
1298 5332 1510 5381 secreto
1548 5324 1744 5378 animae
1779 5337 1966 5394 prom-

399 5421 616 5493 ptuario
642 5420 810 5491 legem
849 5428 997 5474 tuam
1038 5420 1335 5475 observare
1364 5417 1531 5482 volui,
1570 5425 1731 5486 atque
1768 5429 1970 5484 praece-

399 5521 490 5586 pta
521 5511 588 5566 de
619 5512 904 5566 sacriliciis
931 5520 984 5565 et
1025 5509 1365 5566 holocaustis
1407 5507 1679 5578 spirituali
1713 5520 1863 5561 more
1903 5519 1968 5560 ac

401 5603 703 5661 secundum
759 5608 996 5658 mentem
1045 5603 1377 5672 persolvere.
1424 5599 1551 5654 Haec
1605 5598 1806 5670 quippe
1862 5596 1964 5651 tibi

469 5761 491 5794 ’
530 5758 688 5813 Rom.
723 5774 800 5826 ιι,
835 5757 924 5814 53.
1005 5757 1046 5790 ⁸⁸
1086 5757 1106 5811 ι
1140 5757 1266 5813 Cor.
1301 5772 1420 5821 xm,
1455 5755 1508 5810 9.

2071 4591 2406 4662 προτιμῆσαι
2439 4588 2500 4642 τὸ
2531 4587 2740 4658 θέλημά
2784 4603 2877 4638 σου
2909 4584 3108 4637 θυσιῶν
3132 4584 3224 4637 καὶ
3257 4581 3642 4650 ὁλοκαυτωμά-

2071 4699 2178 4736 των
2201 4698 2215 4746 ;
2247 4682 2340 4735 καὶ
2366 4680 2426 4733 τὸ
2454 4679 2675 4750 ποιῆσαι
2709 4677 2800 4731 τὸν
2829 4677 2989 4747 νόμον
3019 4691 3110 4728 σου
3140 4675 3200 4727 ού
3225 4671 3366 4727 κατὰ
3389 4671 3490 4743 τὴν
3512 4669 3641 4742 πρό·

2071 4791 2250 4846 χειρον
2281 4771 2445 4839 λέξιν,
2471 4771 2589 4826 οὐδὲ
2608 4769 2806 4841 ὁμοίως
2834 4770 2946 4831 τοῖς
2972 4766 3184 4830 πολλοῖς
3210 4765 3277 4818 τὰ
3304 4762 3457 4835 παρὰ
3476 4764 3641 4817 Μωῦ-

2072 4870 2156 4920 σεῖ
2200 4864 2625 4938 παρηγγελμένα
2652 4863 3014 4932 φυλάττοντας
3037 4877 3050 4892 ·
3103 4860 3172 4913 ἐν
3212 4857 3381 4928 μέσῳ
3421 4856 3492 4910 δὲ
3534 4852 3642 4921 τῆς

2071 4957 2301 5021 κοιλίας
2333 4973 2451 5025 μου
2469 4973 2482 4986 ·
2512 4954 2544 5026 ἢ
2580 4953 2719 5007 κατὰ
2745 4954 2834 5006 τδν
2864 4951 3188 5022 Σύμμαχονο
3213 4945 3645 5018 Προεθυμήθην

2073 5046 2180 5102 τὸν
2205 5047 2392 5115 νόμον
2421 5061 2536 5099 σου
2564 5043 2808 5098 ἔνδοθεν
2835 5040 2952 5096 τῶν
2985 5039 3248 5112 ἐγκάτων
3269 5056 3407 5108 μου.
3438 5038 3502 5090 El
3538 5037 3644 5105 γάρ

2075 5140 2156 5203 τίς
2187 5141 2302 5192 ἐστι
2328 5137 2504 5192 κοιλία
2525 5137 2721 5208 ψυχῆς,
2750 5135 3022 5208 τροπικῶς
3049 5133 3220 5196 οὕτως
3245 5129 3642 5203 ὀνομαζομένη,

2076 5231 2203 5302 περὶ
2237 5223 2304 5302 ἦς
2344 5233 2402 5284 ὲν
2441 5228 2789 5297 Εύαγγελίοις
2833 5226 3106 5280 λέλεκταιο
3137 5223 3393 5292 Ποταμοὶ
3427 5223 3498 5275 ἐκ
3533 5217 3644 5285 τῆς

2076 5322 2309 5388 κοιλίας
2348 5319 2534 5375 αὑτοῦ
2567 5321 2901 5388 ῥεύσουσιν
2929 5316 3148 5382 ὕδατος
3185 5314 3416 5379 ζῶντος,
3460 5313 3644 5365 ἀλλο-

2071 5413 2259 5484 μένου
2300 5415 2387 5479 εὶς
2425 5411 2577 5480 ζωὴν
2617 5411 2883 5466 αἰώνιον·
2916 5412 2974 5463 έν
3003 5407 3176 5478 τούτῳ
3222 5405 3301 5476 τῷ
3348 5403 3642 5483 ἀπορρήτῳ

2075 5505 2170 5559 καὶ
2195 5504 2499 5578 ἀποκρύφῳ
2531 5503 2628 5574 τῆς
2655 5502 2830 5574 ψυχῆς
2852 5500 3063 5572 ταμείῳ
3091 5499 3182 5554 τὸν
3210 5497 3372 5568 νόμον
3401 5511 3515 5557 σου,
3540 5509 3640 5562 φη-

2076 5595 2178 5660 σὶν,
2215 5594 2508 5665 ἐϐουλήθην
2543 5594 2783 5666 ποιῆσαι,
2811 5594 2902 5648 καὶ
2953 5592 3081 5664 περὶ
3128 5588 3329 5646 θυσιῶν
3378 5586 3470 5643 καὶ
3517 5583 3640 5638 ὀλο-

1591 5755 1627 5786 ”
1669 5754 1828 5809 Joan.
1862 5766 1958 5826 ιζιι,
1977 5749 2066 5806 38.
