3822 6280
172 376 266 433 ΞΒἹ

1281 360 1781 425 COMMENTARIA
1816 368 1883 425 IN
1934 370 2273 429 PSALMOS.

3294 382 3401 441 δδε

171 486 529 560 καυτωμάτων
548 485 764 552 ἐντολάς
790 484 1169 557 πνευματικῶς
1198 482 1292 540 καὶ
1318 486 1459 540 κατά
1483 486 1719 542 διάνοιαν

1830 490 2088 561 perchara
2122 508 2244 548 esse
2281 492 2429 557 novi,
2463 507 2525 547 ac
2549 485 2721 548 multo
2752 496 3130 565 pmstantiora
3165 496 3256 564 iis,
3283 513 3407 569 quae

170 578 480 634 ἐπιτελέσαι.
518 577 700 632 Ταῦτα
740 576 849 648 γάρ
888 576 1059 645 ἔγνων
1114 594 1196 630 σοι
1246 576 1395 648 φίλα,
1425 579 1517 631 καὶ
1551 578 1734 651 πολλῷ

170 674 432 747 κρείττονα
445 673 557 725 τῶν
596 668 916 742 σωματικῶς
958 670 1228 733 Ἰουδαίοις
1258 670 1729 743 παραδεδομένων.

224 761 714 833 Εὐηγγελισάμην
741 760 1135 829 δικαιοσύνην
1170 761 1241 815 ἐν
1281 763 1607 830 Ἐκκλησία
1624 780 1731 833 με·

168 857 326 927 τάλῃ,
358 856 489 909 ιδοὺ
522 858 597 909 τὰ
621 856 792 924 χείλη
820 873 938 925 μου
971 856 1042 909 οὐ
1078 854 1164 924 μὴ
1202 857 1454 909 κωλύσω
1474 872 1489 887 ο
1530 857 1730 924 Κύριε,

168 950 237 1003 σὺ
264 950 464 1016 ἔγνως.
505 946 629 1015 Τὴν
666 946 1058 1015 δικαιοσύνην
1086 965 1206 1016 μου
1252 949 1361 1000 οὐκ
1397 948 1635 1017 ἔκρυψα
1662 949 1733 1003 ἐν

170 1040 233 1109 τῇ
255 1038 459 1108 καρδίᾳ
486 1057 640 1107 μου·
686 1038 807 1107 τὴν
836 1037 1126 1107 ἀλήθειάν
1148 1056 1265 1092 σου
1308 1039 1406 1093 καὶ
1441 1040 1509 1094 τὸ
1539 1043 1730 1109 σωτή-

162 1133 278 1201 ριόν
304 1147 416 1184 σου
442 1127 603 1185 εἶπα.
625 1130 904 1203 Ἀλήθειαν
929 1132 985 1184 δὲ
1028 1131 1127 1202 τὴν
1158 1132 1729 1205 ἀντιδιαστελλομένην

169 1230 222 1296 τῇ
254 1226 389 1295 σκιᾷ.
414 1224 654 1295 Νοήσεις
679 1222 733 1276 δὲ
758 1223 852 1276 καὶ
874 1222 1045 1286 οῦτως
1066 1240 1078 1252 ⁸
1120 1223 1205 1287 Ὠς
1227 1225 1255 1276 6
1283 1225 1550 1296 μακάριος
1570 1225 1731 1279 Δαυῒδ

170 1308 479 1385 ὑπισχνεῖται
507 1315 567 1367 ἐν
615 1314 907 1386 Ἐκκλησία
932 1314 1141 1388 μεγάλῃ
1167 1317 1233 1386 τῇ
1262 1315 1403 1369 κατὰ
1432 1318 1611 1370 πᾶσαν
1630 1317 1729 1388 τὴν

169 1407 464 1478 οἰκουμένην
492 1407 603 1459 ὑπὸ
623 1407 720 1477 τῆς
746 1405 894 1469 θείας
922 1406 1141 1479 χάριτος
1176 1407 1493 1481 συλλεγείσῃ
1512 1409 1611 1479 τὴν
1633 1408 1726 1462 τοῦ

169 1498 281 1552 Θεοῦ
310 1498 654 1571 δικαιοσύνην
682 1501 990 1570 κηρύττειν,
1016 1500 1108 1553 καὶ
1136 1499 1233 1572 τὴν
1263 1501 1362 1571 τῆς
1392 1489 1755 1573 προφητεία(

169 1592 414 1663 ἀλήθειαν,
443 1592 537 1646 καὶ
561 1592 663 1665 τὴν
682 1592 1005 1661 ἀξιάγαστον
1040 1592 1332 1663 σωτηρίαν,
1357 1595 1450 1647 καὶ
1474 1594 1565 1647 τὸν
1587 1594 1726 1665 άμέο

167 1699 334 1755 τρητον
365 1682 511 1736 ἔλεον
559 1680 657 1737 καὶ
703 1684 880 1737 αὐτῶν
922 1684 979 1737 δὲ
1011 1684 1132 1753 ξτῶν
1178 1684 1384 1737 πιστῶν
1416 1686 1444 1736 6
1473 1685 1727 1755 σύλλογος

170 1775 289 1828 εἴποι
332 1776 394 1829 ἂν
437 1775 617 1830 ταῦτα.
664 1775 1089 1848 ὑπισχνούμενος
1112 1778 1213 1849 τὴν
1246 1778 1385 1849 ὑπὲρ
1411 1778 1512 1847 τῆς
1545 1795 1723 1851 σωτη-

1836 596 2102 653 corporeo
2131 598 2283 639 more
2312 581 2515 639 Judazis
2551 583 2749 639 tradita
2790 594 2918 641 sunt

1908 760 2074 817 Vens.
2132 762 2313 818 10-16.
2374 762 2697 819 Annuntiavi
2743 766 3012 834 justitiam
3075 768 3131 822 in
3180 768 3403 823 ecclesia

1833 870 2046 924 magna,
2103 871 2217 909 ecce
2250 854 2393 908 labia
2438 873 2554 909 mea
2591 875 2694 913 non
2750 857 3028 925 prohibebo
3166 860 3402 930 Domine,

1835 958 1890 1002 tu
1942 948 2109 1002 scisti.
2141 946 2419 1003 Justitiam
2463 966 2631 1005 meam
2686 967 2789 1004 non
2840 950 3089 1005 abscondi
3140 953 3196 1005 in
3252 955 3406 1009 corde

1832 1057 1945 1095 meo
1982 1058 2001 1094 :
2032 1038 2301 1095 veritatem
2350 1050 2496 1096 tuam
2539 1052 2587 1095 et
2635 1043 2871 1097 salutare
2933 1052 3077 1097 tuum
3113 1044 3245 1100 dixi.
3299 1046 3406 1103 Ve-

1831 1124 2306 1185 ritatem'scilicet
2360 1132 2567 1186 umbra:
2613 1134 2938 1203 oppositam.
2970 1134 3085 1190 Hoc
3127 1136 3255 1190 item
3287 1154 3406 1192 mo-

1830 1223 1901 1277 do
1959 1222 2251 1294 intelligas,
2305 1232 2362 1277 ut
2431 1225 2622 1281 beatus
2673 1226 2842 1281 David
2895 1228 3181 1298 pollicetur
3237 1246 3296 1285 se
3347 1234 3403 1286 in

1828 1313 2073 1371 Ecclesia
2104 1332 2321 1387 magna,
2352 1333 2449 1387 per
2473 1326 2643 1373 totum
2700 1321 2887 1375 orbem
2928 1336 2957 1374 a
2997 1317 3178 1377 divina
3229 1325 3403 1394 gratia

1829 1418 2158 1479 congregata
2197 1448 2212 1469 ,
2275 1407 2370 1463 Dei
2413 1410 2681 1480 justitiam
2736 1422 2789 1467 et
2846 1414 3143 1483 prophetia:
3202 1418 3406 1471 verita-

1830 1506 1937 1553 tem
1970 1501 2410 1571 prmdicaturum,
2446 1519 2547 1558 nec
2600 1519 2707 1559 non
2750 1506 2980 1562 salutem
3039 1507 3403 1565 admiratione

1828 1592 2049 1663 dignam
2087 1603 2143 1648 et
2174 1594 2494 1650 immensam
2527 1596 2957 1652 misericordiam
2986 1617 3001 1665 ;
3049 1599 3303 1656 similiter
3334 1601 3399 1655 ῦς

1828 1682 2031 1738 delium
2066 1692 2263 1747 cattus,
2309 1701 2407 1739 ceu
2439 1686 2506 1740 ad
2541 1686 2737 1741 oblata:
2765 1688 2960 1743 salutis
3001 1694 3404 1761 compensatio-

1830 1790 1955 1829 nem
1994 1776 2267 1845 pollicitus
2290 1775 2511 1839 dixerit,
2557 1793 2616 1832 se
2646 1778 2886 1834 vicissim
2921 1780 2973 1835 id
3005 1784 3400 1851 praestiturum,

170 1867 268 1939 ρίας
290 1868 548 1921 ἀντίδοσιν
578 1868 793 1933 δώσειν,
823 1869 900 1940 τῷ
929 1869 1239 1941 συντρέχειν
1272 1871 1351 1933 είς
1400 1869 1724 1941 Ἐκκλησίαν

1830 1874 1888 1921 ιιι
1919 1869 2211 1923 conveniat
2241 1870 2294 1924 in
2323 1871 2634 1935 ecclesiam,
2664 1872 2807 1926 labia
2834 1874 3044 1943 aperiat
3073 1876 3140 1930 ad
3168 1877 3402 1946 hymnos

170 1962 246 2015 xui.
280 1962 341 2014 τὰ
384 1961 533 2032 χείλη
569 1965 742 2015 κινεῖν
775 1964 856 2026 είς
884 1962 1182 2033 ὑμνῳδίαν,
1216 1961 1311 2015 καὶ
1344 1961 1437 2015 τοῦ
1466 1962 1601 2015 Θεοῦ
1628 1961 1727 2034 τὴν

167 2053 350 2109 δικαίαν
379 2054 557 2126 κρίσιν
587 2056 1007 2126 ἀνακηρύττειν,
1030 2058 1126 2110 καὶ
1154 2055 1253 2126 τὴν
1279 2057 1516 2127 ἀρῤητον
1539 2053 1729 2122 διεξιέ-

170 2163 238 2199 ναι
275 2147 619 2218 κηδεμονίαν,
670 2148 765 2201 καὶ
812 2148 921 2201 τῶν
970 2146 1328 2219 προφητικῶν
1380 2145 1727 2218 ὑποσχέσεων

171 2238 511 2294 ὑποδεικνύναι
550 2240 623 2293 τὸ
664 2240 880 2313 ἀληθές.
917 2241 999 2293 Σὺ
1025 2240 1113 2303 δὲ,
1142 2240 1340 2307 Κύριε,
1369 2238 1454 2308 μὴ
1500 2240 1730 2309 μακρύ-

172 2349 264 2399 νῃς
288 2333 416 2400 τοὺς
433 2334 786 2401 οἱκτιρμούς
816 2347 932 2386 σου
962 2333 1064 2386 ἀπ’
1088 2332 1235 2403 ἐμοῦ
1261 2350 1275 2364 ·
1313 2332 1379 2386 τὸ
1409 2332 1581 2399 ἔλεός
1611 2348 1727 2387 σου

171 2424 251 2477 καὶ
275 2426 307 2491 ὴ
332 2424 577 2490 ἀλήθειά
616 2441 732 2478 σου
771 2422 868 2477 διὰ
901 2424 1126 2491 παντὸς
1158 2423 1562 2485 ἀντελάϐοντῤ
1588 2443 1723 2485 μου.

172 2513 262 2566 Καὶ
296 2512 515 2584 τυχοῦσα
566 2513 676 2584 τῆς
724 2513 998 2584 σωτηρίας
1026 2513 1058 2583 ἠ
1088 2511 1180 2565 τοῦ
1212 2512 1351 2565 Θεοῦ
1402 2511 1723 2583 Ἐκκλησία,

171 2603 316 2657 δεῖται
340 2606 489 2660 πάλιν
515 2606 628 2677 τῆς
654 2605 826 2675 αὐτῆς
859 2602 1201 2676 προμηθείας
1221 2604 1309 2658 διὰ
1338 2604 1438 2668 τάς
1462 2608 1727 2658 παντοδα-

175 2696 267 2760 πάς
288 2697 377 2749 τῶν
402 2695 716 2769 ἀνθρώπων
753 2696 850 2750 καὶ
895 2695 1168 2766 δαιμόνων
1200 2696 1617 2761 ἐπαναστάσεις,
1648 2689 1726 2750 ὧν

173 2788 223 2840 ἐν
253 2790 345 2852 toi;
383 2789 505 2859 ἑξῆς
534 2788 649 2859 τὴν
688 2789 908 2859 μνήμην
932 2789 1374 2860 πεποίηται.’Ὀτι
1402 2788 1726 2859 περιέσχον

168 2897 229 2948 με
254 2882 389 2936 κακὰ
418 2876 503 2936 ὧν
531 2883 657 2935 οὐκ
684 2882 856 2935 ἐστιν
882 2881 1128 2949 ἀριθμός
1152 2898 1165 2911 ·
1199 2881 1531 2935 κατέλαϐόν
1559 2898 1637 2950 με
1666 2884 1725 2936 αἱ

172 2971 373 3040 ἀνομίαι
410 2990 527 3042 μου
551 3012 566 3037 ,
632 2972 731 3025 καὶ
772 2974 885 3026 οὐκ
930 2970 1242 3039 ἠδυνήθην
1290 2970 1397 3025 τοῦ
1445 2970 1722 3037 βλέπειν.

181 3061 654 3132 Ἐπληθύνθησαν
698 3063 852 3131 ὑπὲρ
898 3063 1006 3129 τὰς
1056 3065 1263 3133 τρίχας
1304 3062 1413 3133 τῆς
1455 3063 1725 3133 κεφαλῆς

168 3173 281 3223 μου,
309 3157 401 3209 καί
445 3158 483 3225 ἡ
534 3155 762 3225 καρδία
784 3174 901 3225 μου
930 3155 1281 3225 ἐγκατέλιπέ
1301 3173 1398 3226 με.
1432 3158 1638 3228 Μηδεὶς
1667 3156 1723 3209 δὲ

1829 1959 2107 2014 canendos
2136 1969 2190 2013 et
2220 1961 2286 2015 ad
2313 1961 2521 2030 justum
2554 1961 2648 2018 Dei
2671 1963 2939 2033 judicium
2971 1967 3397 2036 praedicandum,

1828 2052 1893 2106 ad
1931 2052 2260 2109 ineﬂ‘abilem
2303 2055 2667 2109 enarrandam
2719 2058 2839 2127 ejus
2880 2060 3298 2128 providentiam,
3331 2061 3399 2116 ad

1827 2143 2267 2213 prcpbeticarum
2316 2146 2741 2215 promissionum
2790 2150 3070 2204 veritatem
3114 2151 3402 2205 declaran-

1826 2235 1973 2289 dam.
2006 2236 2084 2290 Tu
2123 2247 2320 2301 autem,
2355 2238 2600 2303 Domine,
2626 2256 2688 2294 ne
2719 2240 2868 2312 longe
2903 2242 3073 2310 facias
3105 2244 3400 2298 miseratio-

1825 2344 1915 2383 nes
1947 2339 2065 2384 tuas
2094 2348 2127 2384 a
2164 2345 2286 2384 me:
2318 2332 2682 2386 misericordia
2710 2343 2802 2386 tua
2835 2342 2883 2387 et
2913 2336 3104 2390 ueritas
3141 2346 3230 2389 tua
3265 2353 3400 2391 sem-

1826 2435 1919 2489 per
1946 2431 2284 2489 susceperunt
2309 2439 2410 2478 me.
2438 2423 2617 2493 Atque
2643 2424 2874 2480 salutem
2906 2435 3065 2480 nacta
3096 2425 3187 2481 Dei
3215 2427 3401 2484 Eccle-

1826 2512 1930 2576 sia,
1969 2513 2166 2567 iterum
2196 2515 2384 2570 eadem
2414 2530 2517 2585 ope
2546 2515 2772 2586 indiget,
2803 2517 2969 2571 variis
2998 2516 3402 2588 frequentibus-

1826 2617 1933 2672 que
1979 2603 2262 2659 hominum
2303 2606 2723 2678 daemonumque
2769 2609 3063 2663 insultibus
3115 2609 3396 2679 impetita,

1825 2710 2058 2767 quorum
2088 2697 2144 2751 in
2181 2698 2537 2767 sequentibus
2572 2700 2903 2754 mentionem
2939 2699 3088 2753 facit.
3136 2700 3398 2767 Quoniam

1826 2789 2283 2843 circumdederunt
2314 2807 2396 2844 me
2433 2791 2576 2844 mala
2606 2808 2828 2861 quorum
2868 2810 2969 2847 non
2999 2802 3078 2847 est
3105 2810 3353 2849 numerus
3379 2812 3394 2850 :
3462 2779 3475 2791 ’

1825 2879 2322 2948 comprehenderunt
2356 2897 2435 2934 me
2474 2881 2780 2950 iniquitates
2825 2898 2972 2947 ntere,
3024 2892 3073 2937 et
3117 2900 3221 2937 non
3251 2885 3400 2952 potui

1826 2982 1882 3025 ut
1914 2972 2156 3027 viderem.
2204 2972 2574 3042 Multiplicata:
2613 2985 2736 3029 sunt
2770 2991 2923 3044 super
2952 2977 3172 3046 capillos
3208 2978 3397 3047 capitis

1825 3063 1945 3127 mei,
1977 3073 2027 3117 et
2071 3081 2162 3117 cor
2209 3082 2379 3119 meum
2431 3066 2710 3137 dereliquit
2752 3084 2855 3121 me.
2889 3065 3059 3123 Nemo
3103 3069 3399 3125 arbitretur

1826 3155 1973 3209 dicta
2011 3155 2327 3225 huiusmodi
2374 3173 2480 3212 non
2521 3159 2837 3215 consentire
2870 3159 2938 3216 iis
2966 3175 3087 3230 qua:
3129 3162 3398 3231 explicata

173 3243 443 3314 ἀνάρμοστα
468 3242 722 3314 ἡγείσθω
746 3244 815 3297 τά
842 3246 960 3315 είρη
971 3244 1108 3316 μένα
1131 3248 1242 3308 τοῖς
1262 3246 1295 3316 ἡ
1304 3263 1508 3319 ρμηνευ
1517 3246 1717 3318 μένοις.

1830 3256 1976 3302 sunt.
2016 3246 2230 3302 Etenim
2276 3258 2387 3304 tres
2440 3251 2618 3320 pueri,
2658 3266 2873 3306 summa
2925 3253 3126 3308 virtute
3159 3254 3397 3324 praediti,

174 3334 260 3387 Kal.
283 3334 377 3407 γὰρ
403 3337 451 3388 οἱ
476 3338 640 3406 τρεῖς
668 3337 874 3402 παῖδες,
901 3337 999 3408 τῆς
1021 3338 1197 3409 ἄκρας
1224 3337 1428 3409 ἀρετῆς
1457 3337 1719 3409 ἐπειλημ-

177 3422 313 3492 μένοι,
345 3426 433 3479 καὶ
463 3425 553 3479 τὸν
592 3425 892 3496 νικηφόρον
922 3426 1320 3498 ἀναδησάμενοι
1348 3426 1627 3496 στέφανον,
1662 3428 1720 3479 ὲν

173 3518 225 3585 τῇ
240 3516 430 3588 καμίνῳ
453 3519 885 3589 προσευχόμενοι
913 3517 1097 3587 ἔλεγον
1116 3536 1130 3549 ·
1169 3518 1544 3589 Ἡμὰρτομεν,
1576 3519 1720 3586 ἠνο-

170 3606 425 3677 μήσαμεν,
450 3607 853 3677 ἠδικήσαμεν,
890 3610 987 3663 καὶ
1052 3609 1399 3679 ἀπέστημεν
1455 3610 1574 3664 ἀπὸ
1603 3609 1723 3664 τῶν

173 3696 397 3753 ἐντολῶν
423 3716 559 3765 σου,
602 3701 701 3754 καὶ
732 3704 841 3756 οὐκ
863 3702 1249 3773 ἐφυλάξαμεν
1271 3705 1344 3758 tit
1363 3702 1723 3774 δικαιώματά

174 3804 285 3845 σου.
306 3791 479 3857 Οῦτως
519 3796 548 3846 6
586 3793 895 3865 θαυμάσιος
927 3795 1144 3867 Δανιὴλ,
1179 3795 1352 3859 οὕτως
1376 3798 1405 3849 6
1436 3795 1722 3860 θεσπέσιος

180 3880 430 3953 Ἱερεμίας,
459 3886 642 3950 οῦτως
685 3888 713 3939 6
754 3885 895 3951 θεῖος
940 3887 1187 3951 Ἡσαΐας,
1214 3887 1386 3951 οῦτως
1418 3888 1445 3939 6
1479 3886 1724 3957 σοφώτα-

172 3987 246 4036 τος
272 3975 493 4042 Παῦλος·
526 3978 789 4047 Χριστὸς
817 3986 946 4048 γὰρ,
979 3980 1161 4051 φησὶν,
1192 3978 1478 4047 εἰσῆλθεν
1512 3981 1599 4046 είς
1618 3979 1723 4033 τὸν

176 4063 369 4134 κόσμον
398 4068 791 4139 ἁμαρτωλοὺς
818 4070 1035 4133 σῶσαι,
1066 4065 1153 4124 ὧν
1194 4069 1423 4139 πρῶτός
1451 4073 1566 4140 ειμι
1585 4070 1716 4142 ἐγώ·

177 4157 252 4209 καὶ
276 4160 420 4215 πάλιν
440 4178 455 4192 ο
503 4165 628 4217 Οὐκ
667 4163 783 4231 εἰμὶ
815 4162 981 4229 ἄξιος
1014 4163 1325 4217 καλεῖσθαι
1356 4164 1719 4231 ἀπόστολος.

177 4246 305 4303 οὕτω
337 4255 505 4308 τοίνυν
529 4254 814 4309 κάνταῦθα
838 4257 958 4319 ταῖς
988 4255 1140 4326 παρά
1167 4255 1275 4308 τῶν
1299 4255 1574 4309 δυσσεϐῶν
1606 4273 1724 4327 τρι-

176 4343 367 4413 κυμίαις
392 4346 693 4420 βαλλομένη
739 4349 773 4418 ἡ
826 4347 920 4400 τοῦ
968 4347 1103 4400 Θεοῦ
1148 4347 1441 4418 Ἐκκλησία
1470 4348 1528 4400 ού
1577 4347 1723 4418 μέγα

177 4441 437 4508 φρονεί,ὡς
471 4441 868 4513 ἀγωνιζομένη,
893 4440 1008 4494 ἀλλ’
1036 4440 1328 4511 ἁμαρτίαις
1358 4439 1451 4492 καὶ
1476 4439 1579 4510 πλη
1589 4459 1726 4511 μμε-

175 4526 316 4594 λείαις
347 4534 627 4604 ἀνατίθησι
664 4532 734 4585 τὰ
760 4532 1046 4601 γενόμενα,
1076 4531 1168 4585 καὶ
1197 4531 1298 4601 τῆς
1321 4530 1471 4602 παρά
1493 4529 1584 4583 τοῦ
1608 4531 1724 4584 Σω-

176 4617 314 4691 τῆρος
353 4602 670 4694 ἐπικουρίας
716 4622 1021 4676 ἀπολαῦσαι
1065 4622 1608 4694 παρακαλεῖ.”Αλλως
1635 4639 1719 4687 τε,
1754 4602 1798 4657 Ῑ)

177 4710 264 4764 οὐδ’
289 4716 347 4768 ὲκ
390 4716 611 4771 τελείων
655 4715 841 4769 ἆπασα
874 4714 1202 4787 συνέστηκεν
1231 4715 1264 4786 ἠ
1294 4713 1388 4768 τοῦ
1424 4713 1558 4768 Θεοῦ
1600 4715 1721 4767 Ἐκ-

178 4796 362 4869 κλησία,
394 4803 507 4856 ἀλλ’
535 4803 651 4875 ἔχει
700 4805 794 4857 καὶ
842 4804 967 4867 τοὺς
1001 4802 1253 4875 ῥᾳστώνῃ
1294 4802 1591 4867 συζῶντας,
1626 4804 1721 4857 καὶ

176 4888 249 4942 τὸν
278 4894 545 4965 ἀνειμένον
592 4896 706 4966 βίον
744 4895 1175 4966 ἀσπαζομένους,
1216 4895 1310 4948 καὶ¹
1339 4895 1553 4967 ἡδοναῖς
1599 4895 1720 4948 δου-

177 4980 324 5037 λεύειν
350 4987 722 5058 αἱρουμένους.
764 4988 874 5041 Καὶ
903 4986 1089 5058 ἐπειδὴ
1119 4987 1176 5040 ἓν
1206 4988 1322 5041 ἐστι
1351 4988 1529 5059 σῶμα,
1563 4986 1637 5050 ὡς
1663 4985 1722 5053 ἐξ

178 5072 274 5139 ἑνὸς
300 5078 585 5149 προσώπου
621 5080 711 5133 καὶ⁹
742 5079 916 5134 ταῦτα
945 5081 1173 5134 κάκεῖνα
1202 5082 1591 5153 προσφέρεται.

232 5187 442 5260 Νοήσεις
461 5194 556 5246 καὶ⁵
592 5192 790 5258 οῦτωςσ
846 5195 1000 5247 Ἐπεὶ
1051 5196 1111 5248 οὐ
1153 5196 1235 5248 δεῖ
1271 5193 1593 5267 μακαρίζειν
1628 5194 1721 5249 ἀν-

179 5274 364 5347 θρωπον
398 5284 501 5355 πρὸ
543 5286 796 5357 τελευτῆς
835 5286 1023 5349 αὑτοῦ,
1051 5288 1274 5351 εἰκότως
1309 5288 1337 5339 6
1359 5287 1458 5358 μὲν
1488 5286 1719 5340 ἀπόστο-

177 5365 268 5433 λος,
289 5373 481 5446 καίπερ
524 5377 816 5443 ἀπόστολος
863 5379 939 5432 ὣν
980 5381 1073 5435 καὶ
1118 5379 1314 5451 κλητὸς
1346 5379 1440 5433 καὶ
1466 5379 1721 5443 ἐκλεκτὸς

178 5460 384 5532 Χριστοῦ
421 5468 614 5540 Ἰησοῦ,
651 5473 797 5543 ὅμως
824 5473 925 5527 οὐκ
965 5474 1114 5527 ὀκνεῖ
1159 5473 1370 5542 λέγειν·
1412 5469 1721 5531 Ὺποπιέζω

174 5571 274 5619 μου
298 5558 358 5611 τὸ
385 5559 574 5630 σῶμα,
605 5564 699 5617 καὶ
729 5564 1105 5634 δουλαγωγῶ,
1122 5564 1355 5634 μήπως,
1377 5563 1590 5629 ἄλλοις
1611 5580 1718 5629 κη-

175 5646 358 5716 ρύξας,
394 5652 572 5718 αὐτὸς
604 5652 876 5725 ἀδόκιμος
906 5656 1179 5724 γένωμαι.
1216 5653 1290 5706 Τὸ
1315 5651 1447 5708 αὐτὸ
1479 5651 1535 5705 δὲ
1564 5651 1662 5704 καὶ
1691 5653 1720 5704 6

1828 3346 1992 3409 atque
2024 3339 2339 3410 triumphali
2382 3357 2586 3396 corona
2617 3346 2819 3409 ornati,
2853 3346 2909 3400 in
2940 3348 3156 3401 camino
3178 3355 3399 3403 orantes

1827 3428 2084 3486 dicebant
2120 3451 2133 3488 :
2168 3432 2532 3498 Peccavimus,
2572 3434 2909 3506 deliquimus,
2944 3438 3141 3507 injuste
3176 3440 3397 3509 egimus,

1825 3533 1875 3579 et
1910 3527 2219 3580 recessimus
2255 3543 2286 3579 a
2313 3529 2582 3596 praceptis
2625 3530 2751 3594 tuis,
2783 3539 2832 3583 et
2877 3546 2981 3584 non
3026 3531 3400 3585 custodivimus

1821 3621 2232 3693 justiﬁcationes
2265 3628 2384 3675 tuas
2432 3621 2494 3676 ¹².
2537 3620 2626 3675 Sic
2670 3621 3010 3677 admirabilis
3061 3621 3272 3686 Daniel,
3319 3625 3400 3678 sic

1827 3730 2059 3784 magnus
2083 3713 2173 3768 ille
2198 3710 2487 3777 Jeremias,
2511 3712 2592 3767 sic
2615 3712 2835 3768 divinus
2858 3712 3046 3777 Isaias,
3073 3713 3155 3768 sic
3182 3716 3397 3784 sapien-

1826 3807 2074 3862 tissimus
2105 3804 2307 3860 Paulus
2342 3823 2354 3858 :
2388 3804 2630 3859 Christus
2664 3807 2831 3869 enim,
2862 3805 3057 3875 inquit,
3086 3806 3303 3860 intravit
3343 3807 3399 3861 in

1826 3897 2083 3951 mundum
2130 3906 2425 3966 peccatores
2476 3896 2648 3951 salvos
2701 3897 2894 3965 facere,
2942 3914 3166 3967 quorum
3198 3900 3401 3966 primus

1825 4005 1916 4059 ego
1946 4005 2060 4043 sum
2090 3988 2167 4053 ¹³;
2200 4003 2264 4042 ac
2297 4004 2539 4043 rursum:
2568 3986 2689 4042 Non
2712 4006 2829 4042 sum
2852 3988 3039 4059 dignus
3068 3991 3243 4043 vocari
3274 4006 3403 4059 apo-

1827 4081 1992 4134 stolus
2031 4080 2095 4134 “.
2126 4078 2218 4134 Sic
2265 4079 2433 4151 igitur
2477 4081 2581 4134 hoc
2630 4082 2684 4135 in
2718 4078 2958 4139 loco.Dei
2987 4080 3253 4147 Ecclesia,
3293 4083 3399 4136 im-

1827 4173 2041 4243 piorum
2079 4173 2493 4241 tempestatibus
2535 4174 2760 4244 agitata,
2809 4188 2917 4229 non
2954 4173 3240 4245 magniﬁce
3275 4190 3403 4230 sen-

1828 4266 1896 4320 tit
1926 4273 1985 4320 ut
2012 4265 2364 4335 impugnata;
2402 4265 2497 4320 sed
2527 4280 2589 4319 ea
2624 4281 2746 4335 qua:
2779 4266 3124 4337 contingunt,
3159 4269 3399 4337 peccatis

1829 4371 1895 4411 ac
1922 4356 2221 4414 sceleribus
2253 4356 2521 4418 attribuit,
2555 4364 2611 4411 et
2642 4372 2672 4411 a
2716 4355 2997 4413 Salvatore
3023 4374 3178 4429 opem
3205 4374 3403 4414 conse-

1830 4447 1924 4518 qui
1955 4456 2129 4518 rogat.
2163 4445 2229 4501 Et
2258 4448 2458 4517 alioqui
2490 4446 2583 4502 Dei
2617 4446 2861 4503 Ecclesia
2901 4465 3009 4504 non
3048 4464 3113 4504 ex
3145 4447 3402 4519 perfectis

1832 4550 1944 4596 tota
1979 4540 2354 4605 constituitur,
2389 4539 2484 4594 sed
2530 4539 2692 4593 habet
2736 4541 2898 4593 etiam
2935 4539 3027 4610 qui
3080 4540 3134 4594 in
3185 4540 3399 4609 ignavia

1828 4633 2044 4704 degant,
2073 4640 2127 4687 et
2156 4633 2387 4686 inertem
2430 4631 2597 4684 vitam
2636 4629 2869 4701 amplexi
2910 4630 3041 4693 sint,
3080 4638 3135 4683 et
3170 4627 3264 4699 qui
3307 4642 3404 4689 νον

1826 4728 2127 4799 luptatibus
2164 4726 2370 4780 servire
2399 4733 2705 4795 peroptent.
2740 4724 2806 4778 Et
2837 4723 3091 4795 quoniam
3118 4736 3285 4775 unum
3315 4728 3401 4774 est

1827 4837 2049 4891 corpus,
2092 4829 2353 4890 tanquam
2397 4833 2464 4875 ex
2516 4833 2623 4873 una
2673 4833 2906 4889 persona
2953 4824 3007 4871 et
3060 4814 3174 4869 haec
3218 4820 3272 4868 et
3308 4813 3397 4865 illa

1828 4912 2201 4985 proferuntur.

1899 5181 2014 5238 Hoc
2045 5197 2263 5253 quoque
2294 5179 2457 5237 modo
2505 5176 2778 5248 intelligas
2817 5171 2995 5240 :Quia
3024 5185 3133 5225 non
3181 5175 3397 5239 oportet

1827 5283 1953 5331 ante
1982 5275 2191 5330 obitum
2214 5274 2491 5329 hominem
2541 5271 2760 5326 beatum
2814 5264 3110 5338 praedicare
3153 5258 3243 5325 ιδ’,
3272 5263 3396 5332 jure

1826 5368 2141 5439 Apostolus,
2176 5366 2304 5420 licet
2334 5363 2617 5434 apostolus
2657 5361 2725 5415 sit
2761 5376 2824 5414 ac
2853 5366 3079 5413 vocatus
3109 5363 3163 5412 et
3191 5356 3398 5410 electus

1826 5460 2032 5516 Christi
2055 5458 2211 5520 Iesu,
2245 5464 2485 5509 attamen
2514 5469 2625 5508 non
2674 5460 2894 5508 veretur
2925 5450 3108 5505 dicere
3142 5466 3154 5501 :
3184 5445 3397 5515 Castigo

1826 5571 2013 5625 corpus
2039 5569 2230 5614 meum,
2260 5560 2308 5605 et
2337 5551 2393 5603 in
2418 5549 2719 5603 seruitutem
2740 5546 2938 5616 redigo,
2964 5560 3026 5598 ne
3049 5542 3172 5596 aliis
3204 5538 3399 5611 prtuli-

1825 5665 1951 5703 cans
1976 5648 2085 5715 ipse
2113 5643 2362 5715 reprobus
2378 5643 2572 5714 e/ﬁciar
2601 5642 2667 5694 ".
2704 5638 2947 5711 ldipsum
2977 5650 3197 5710 quoque
3229 5629 3396 5709 David

215 5801 282 5875 _“
314 5803 438 5862 Dan.
475 5824 570 5873 ιιι,
604 5809 689 5865 29.
768 5811 809 5844 ¹³
847 5811 865 5866 l
903 5810 1041 5866 Tim.
1079 5827 1129 5878 I,
1167 5808 1253 5865 15.
1332 5808 1378 5842 ⁸⁸
1415 5806 1434 5863 1
1466 5807 1594 5863 Cor.
1630 5822 1719 5872 xv,

1889 5801 2139 5857 “'Eccli.
2180 5817 2264 5870 XI,
2301 5802 2388 5857 30.
2470 5801 2512 5833 ¹³
2551 5795 2732 5854 ICor.
2765 5812 2851 5862 Ix,
2886 5794 2974 5850 27.
