  <div class='ocr_page' id='page_1' title='image "/cluster/home/n/w/nwhite01/storage/ocr_20150623/23/mdp.39015078384396/187.png"; bbox 0 0 3822 6280; ppageno 0'>
   <div class='ocr_carea' id='block_1_1' title="bbox 378 374 487 432">
    <p class='ocr_par' dir='ltr' id='par_1_1' title="bbox 378 374 487 432">
     <span class='ocr_line' id='line_1_1' title="bbox 378 374 487 432; baseline 0.018 -2"><span class='ocrx_word' id='word_1_1' title='bbox 378 374 487 432; x_wconf 65' lang='lat'><strong>339</strong></span> 
     </span>
    </p>
   </div>
   <div class='ocr_carea' id='block_1_2' title="bbox 1048 347 2939 425">
    <p class='ocr_par' dir='ltr' id='par_1_2' title="bbox 1048 347 2939 425">
     <span class='ocr_line' id='line_1_2' title="bbox 1048 347 2939 425; baseline -0.012 0"><span class='ocrx_word' id='word_1_2' title='bbox 1048 363 1317 425; x_wconf 83' lang='lat' dir='ltr'><strong>EUSEBII</strong></span> <span class='ocrx_word' id='word_1_3' title='bbox 1354 358 1839 423; x_wconf 62' lang='lat' dir='ltr'><strong>CESARIENSIS</strong></span> <span class='ocrx_word' id='word_1_4' title='bbox 1874 354 2026 417; x_wconf 73' lang='lat' dir='ltr'><strong>OPP.</strong></span> <span class='ocrx_word' id='word_1_5' title='bbox 2072 352 2273 413; x_wconf 71' lang='lat' dir='ltr'><strong>PARS.</strong></span> <span class='ocrx_word' id='word_1_6' title='bbox 2315 353 2494 413; x_wconf 88' lang='lat' dir='ltr'><strong>lll.-—</strong></span> <span class='ocrx_word' id='word_1_7' title='bbox 2531 347 2939 407; x_wconf 75' lang='lat' dir='ltr'><strong>EXEGETICA.</strong></span> 
     </span>
    </p>
   </div>
   <div class='ocr_carea' id='block_1_3' title="bbox 3504 345 3613 401">
    <p class='ocr_par' dir='ltr' id='par_1_3' title="bbox 3504 345 3613 401">
     <span class='ocr_line' id='line_1_3' title="bbox 3504 345 3613 401; baseline 0 0"><span class='ocrx_word' id='word_1_8' title='bbox 3504 345 3613 401; x_wconf 77' lang='lat'><strong>360</strong></span> 
     </span>
    </p>
   </div>
   <div class='ocr_carea' id='block_1_4' title="bbox 379 458 1957 554">
    <p class='ocr_par' dir='ltr' id='par_1_4' title="bbox 379 479 1948 554">
     <span class='ocr_line' id='line_1_4' title="bbox 379 479 1948 554; baseline -0.008 -8"><span class='ocrx_word' id='word_1_9' title='bbox 379 507 504 546; x_wconf 68' lang='lat' dir='ltr'><strong>eam</strong></span> <span class='ocrx_word' id='word_1_10' title='bbox 538 488 726 545; x_wconf 87' lang='lat' dir='ltr'><strong>multis</strong></span> <span class='ocrx_word' id='word_1_11' title='bbox 773 487 829 541; x_wconf 92' lang='lat' dir='ltr'><strong>in</strong></span> <span class='ocrx_word' id='word_1_12' title='bbox 875 485 1011 542; x_wconf 87' lang='lat' dir='ltr'><strong>locis</strong></span> <span class='ocrx_word' id='word_1_13' title='bbox 1041 485 1408 552; x_wconf 76' lang='lat' dir='ltr'><strong>declarasset,</strong></span> <span class='ocrx_word' id='word_1_14' title='bbox 1441 485 1611 543; x_wconf 87' lang='lat' dir='ltr'><strong>Deum</strong></span> <span class='ocrx_word' id='word_1_15' title='bbox 1651 479 1948 554; x_wconf 83' lang='lat' dir='ltr'><strong>propitium</strong></span> 
     </span>
    </p>
   </div>
   <div class='ocr_carea' id='block_1_5' title="bbox 2060 458 3623 554">
    <p class='ocr_par' dir='ltr' id='par_1_5' title="bbox 2060 458 3623 554">
     <span class='ocr_line' id='line_1_5' title="bbox 2060 458 3623 554; baseline -0.01 -24"><span class='ocrx_word' id='word_1_16' title='bbox 2060 472 2210 529; x_wconf 75' lang='grc' dir='ltr'>Δαυῒδ</span> <span class='ocrx_word' id='word_1_17' title='bbox 2240 475 2289 528; x_wconf 80' lang='grc' dir='ltr'><strong>εί</strong></span> <span class='ocrx_word' id='word_1_18' title='bbox 2321 473 2416 526; x_wconf 77' lang='grc' dir='ltr'>καὶ</span> <span class='ocrx_word' id='word_1_19' title='bbox 2460 472 2519 525; x_wconf 70' lang='grc' dir='ltr'>ὲν</span> <span class='ocrx_word' id='word_1_20' title='bbox 2565 468 2780 531; x_wconf 84' lang='grc' dir='ltr'><strong>πολλοῖς</strong></span> <span class='ocrx_word' id='word_1_21' title='bbox 2827 458 3221 554; x_wconf 72' lang='grc' dir='ltr'>ἐνδειξάμενος,</span> <span class='ocrx_word' id='word_1_22' title='bbox 3271 460 3456 554; x_wconf 75' lang='grc' dir='ltr'>ἔτυχεν</span> <span class='ocrx_word' id='word_1_23' title='bbox 3515 462 3623 515; x_wconf 78' lang='grc' dir='ltr'><strong>ὓπ-</strong></span> 
     </span>
    </p>
   </div>
   <div class='ocr_carea' id='block_1_6' title="bbox 384 572 1958 646">
    <p class='ocr_par' dir='ltr' id='par_1_6' title="bbox 384 572 1958 646">
     <span class='ocr_line' id='line_1_6' title="bbox 384 572 1958 646; baseline -0.008 -11"><span class='ocrx_word' id='word_1_24' title='bbox 384 587 578 636; x_wconf 84' lang='lat' dir='ltr'><strong>nactus</strong></span> <span class='ocrx_word' id='word_1_25' title='bbox 602 585 708 635; x_wconf 91' lang='lat' dir='ltr'><strong>est.</strong></span> <span class='ocrx_word' id='word_1_26' title='bbox 735 584 1038 646; x_wconf 87' lang='lat' dir='ltr'><strong>erutusquc</strong></span> <span class='ocrx_word' id='word_1_27' title='bbox 1068 574 1172 631; x_wconf 74' lang='lat' dir='ltr'><strong>fuit</strong></span> <span class='ocrx_word' id='word_1_28' title='bbox 1194 576 1262 632; x_wconf 90' lang='lat' dir='ltr'><strong>de</strong></span> <span class='ocrx_word' id='word_1_29' title='bbox 1282 577 1407 631; x_wconf 91' lang='lat' dir='ltr'><strong>lacu</strong></span> <span class='ocrx_word' id='word_1_30' title='bbox 1438 575 1675 633; x_wconf 63' lang='lat' dir='ltr'><strong>miseria</strong></span> <span class='ocrx_word' id='word_1_31' title='bbox 1701 579 1757 629; x_wconf 88' lang='lat' dir='ltr'><strong>et</strong></span> <span class='ocrx_word' id='word_1_32' title='bbox 1780 572 1847 627; x_wconf 91' lang='lat' dir='ltr'><strong>de</strong></span> <span class='ocrx_word' id='word_1_33' title='bbox 1879 572 1958 624; x_wconf 89' lang='lat' dir='ltr'><strong>lu-</strong></span> 
     </span>
    </p>
   </div>
   <div class='ocr_carea' id='block_1_7' title="bbox 382 667 1954 739">
    <p class='ocr_par' dir='ltr' id='par_1_7' title="bbox 382 667 1954 739">
     <span class='ocr_line' id='line_1_7' title="bbox 382 667 1954 739; baseline -0.004 -13"><span class='ocrx_word' id='word_1_34' title='bbox 382 680 440 726; x_wconf 93' lang='lat' dir='ltr'><strong>to</strong></span> <span class='ocrx_word' id='word_1_35' title='bbox 470 670 617 725; x_wconf 68' lang='lat' dir='ltr'><strong>faecis</strong></span> <span class='ocrx_word' id='word_1_36' title='bbox 644 687 657 723; x_wconf 89' lang='lat'><strong>:</strong></span> <span class='ocrx_word' id='word_1_37' title='bbox 683 678 846 739; x_wconf 91' lang='lat' dir='ltr'><strong>atque</strong></span> <span class='ocrx_word' id='word_1_38' title='bbox 878 668 934 723; x_wconf 92' lang='lat' dir='ltr'><strong>in</strong></span> <span class='ocrx_word' id='word_1_39' title='bbox 967 668 1213 739; x_wconf 87' lang='lat' dir='ltr'><strong>tutojam</strong></span> <span class='ocrx_word' id='word_1_40' title='bbox 1255 667 1473 724; x_wconf 92' lang='lat' dir='ltr'><strong>demum</strong></span> <span class='ocrx_word' id='word_1_41' title='bbox 1507 667 1740 739; x_wconf 85' lang='lat' dir='ltr'><strong>positus,</strong></span> <span class='ocrx_word' id='word_1_42' title='bbox 1767 671 1954 734; x_wconf 90' lang='lat' dir='ltr'><strong>utpote</strong></span> 
     </span>
    </p>
   </div>
   <div class='ocr_carea' id='block_1_8' title="bbox 385 758 1953 834">
    <p class='ocr_par' dir='ltr' id='par_1_8' title="bbox 385 758 1953 834">
     <span class='ocr_line' id='line_1_8' title="bbox 385 758 1953 834; baseline -0.007 -16"><span class='ocrx_word' id='word_1_43' title='bbox 385 762 613 834; x_wconf 78' lang='lat' dir='ltr'><strong>pedi-bus</strong></span> <span class='ocrx_word' id='word_1_44' title='bbox 637 760 691 816; x_wconf 90' lang='lat' dir='ltr'><strong>in</strong></span> <span class='ocrx_word' id='word_1_45' title='bbox 713 768 867 831; x_wconf 89' lang='lat' dir='ltr'><strong>petra</strong></span> <span class='ocrx_word' id='word_1_46' title='bbox 899 758 1167 823; x_wconf 81' lang='lat' dir='ltr'><strong>ﬁrmatus,</strong></span> <span class='ocrx_word' id='word_1_47' title='bbox 1202 773 1266 814; x_wconf 90' lang='lat' dir='ltr'><strong>ac</strong></span> <span class='ocrx_word' id='word_1_48' title='bbox 1288 759 1505 814; x_wconf 88' lang='lat' dir='ltr'><strong>cantico</strong></span> <span class='ocrx_word' id='word_1_49' title='bbox 1536 772 1677 813; x_wconf 79' lang='lat' dir='ltr'><strong>novo</strong></span> <span class='ocrx_word' id='word_1_50' title='bbox 1704 769 1801 811; x_wconf 88' lang='lat' dir='ltr'><strong>seu</strong></span> <span class='ocrx_word' id='word_1_51' title='bbox 1825 768 1953 811; x_wconf 81' lang='lat' dir='ltr'><strong>vera</strong></span> 
     </span>
    </p>
   </div>
   <div class='ocr_carea' id='block_1_9' title="bbox 383 847 1957 920">
    <p class='ocr_par' dir='ltr' id='par_1_9' title="bbox 383 847 1957 920">
     <span class='ocr_line' id='line_1_9' title="bbox 383 847 1957 920; baseline -0.004 -11"><span class='ocrx_word' id='word_1_52' title='bbox 383 851 452 909; x_wconf 90' lang='lat' dir='ltr'><strong>de</strong></span> <span class='ocrx_word' id='word_1_53' title='bbox 471 850 758 908; x_wconf 85' lang='lat' dir='ltr'><strong>sacriﬁciis</strong></span> <span class='ocrx_word' id='word_1_54' title='bbox 786 850 1036 906; x_wconf 75' lang='lat' dir='ltr'><strong>doctrina</strong></span> <span class='ocrx_word' id='word_1_55' title='bbox 1059 851 1314 905; x_wconf 87' lang='lat' dir='ltr'><strong>donatus.</strong></span> <span class='ocrx_word' id='word_1_56' title='bbox 1345 849 1398 905; x_wconf 92' lang='lat' dir='ltr'><strong>id</strong></span> <span class='ocrx_word' id='word_1_57' title='bbox 1431 858 1517 905; x_wconf 90' lang='lat' dir='ltr'><strong>est</strong></span> <span class='ocrx_word' id='word_1_58' title='bbox 1571 847 1957 920; x_wconf 64' lang='lat' dir='ltr'><strong>praedicatione</strong></span> 
     </span>
    </p>
   </div>
   <div class='ocr_carea' id='block_1_10' title="bbox 383 940 1954 1015">
    <p class='ocr_par' dir='ltr' id='par_1_10' title="bbox 383 940 1954 1015">
     <span class='ocr_line' id='line_1_10' title="bbox 383 940 1954 1015; baseline -0.001 -17"><span class='ocrx_word' id='word_1_59' title='bbox 383 958 506 1015; x_wconf 68' lang='lat' dir='ltr'><strong>quae</strong></span> <span class='ocrx_word' id='word_1_60' title='bbox 529 942 584 998; x_wconf 92' lang='lat' dir='ltr'><strong>in</strong></span> <span class='ocrx_word' id='word_1_61' title='bbox 624 941 868 999; x_wconf 81' lang='lat' dir='ltr'><strong>Ecclesia</strong></span> <span class='ocrx_word' id='word_1_62' title='bbox 904 941 997 998; x_wconf 90' lang='lat' dir='ltr'><strong>Dei</strong></span> <span class='ocrx_word' id='word_1_63' title='bbox 1028 957 1224 1013; x_wconf 78' lang='lat' dir='ltr'><strong>magna</strong></span> <span class='ocrx_word' id='word_1_64' title='bbox 1250 941 1390 997; x_wconf 79' lang='lat' dir='ltr'><strong>facta</strong></span> <span class='ocrx_word' id='word_1_65' title='bbox 1414 951 1533 1007; x_wconf 88' lang='lat' dir='ltr'><strong>est;</strong></span> <span class='ocrx_word' id='word_1_66' title='bbox 1563 958 1688 996; x_wconf 85' lang='lat' dir='ltr'><strong>nam</strong></span> <span class='ocrx_word' id='word_1_67' title='bbox 1715 940 1846 996; x_wconf 91' lang='lat' dir='ltr'><strong>illud</strong></span> <span class='ocrx_word' id='word_1_68' title='bbox 1869 957 1954 996; x_wconf 90' lang='lat' dir='ltr'><strong>re-</strong></span> 
     </span>
    </p>
   </div>
   <div class='ocr_carea' id='block_1_11' title="bbox 384 1033 1952 1105">
    <p class='ocr_par' dir='ltr' id='par_1_11' title="bbox 384 1033 1952 1105">
     <span class='ocr_line' id='line_1_11' title="bbox 384 1033 1952 1105; baseline 0.001 -18"><span class='ocrx_word' id='word_1_69' title='bbox 384 1051 511 1092; x_wconf 82' lang='lat' dir='ltr'><strong>vera</strong></span> <span class='ocrx_word' id='word_1_70' title='bbox 537 1037 812 1090; x_wconf 90' lang='lat' dir='ltr'><strong>canticum</strong></span> <span class='ocrx_word' id='word_1_71' title='bbox 842 1050 1042 1091; x_wconf 84' lang='lat' dir='ltr'><strong>novum</strong></span> <span class='ocrx_word' id='word_1_72' title='bbox 1072 1042 1212 1097; x_wconf 89' lang='lat' dir='ltr'><strong>erat,</strong></span> <span class='ocrx_word' id='word_1_73' title='bbox 1232 1035 1392 1105; x_wconf 89' lang='lat' dir='ltr'><strong>cujus</strong></span> <span class='ocrx_word' id='word_1_74' title='bbox 1414 1035 1490 1089; x_wconf 85' lang='lat' dir='ltr'><strong>rei</strong></span> <span class='ocrx_word' id='word_1_75' title='bbox 1507 1049 1675 1089; x_wconf 87' lang='lat' dir='ltr'><strong>causa</strong></span> <span class='ocrx_word' id='word_1_76' title='bbox 1700 1033 1952 1104; x_wconf 87' lang='lat' dir='ltr'><strong>superius</strong></span> 
     </span>
    </p>
   </div>
   <div class='ocr_carea' id='block_1_12' title="bbox 384 1126 1950 1183">
    <p class='ocr_par' dir='ltr' id='par_1_12' title="bbox 384 1126 1950 1183">
     <span class='ocr_line' id='line_1_12' title="bbox 384 1126 1950 1183; baseline -0.003 0"><span class='ocrx_word' id='word_1_77' title='bbox 384 1128 600 1183; x_wconf 84' lang='lat' dir='ltr'><strong>dicebat</strong></span> <span class='ocrx_word' id='word_1_78' title='bbox 631 1143 650 1181; x_wconf 89' lang='lat'><strong><em>:</em></strong></span> <span class='ocrx_word' id='word_1_79' title='bbox 686 1126 754 1181; x_wconf 84' lang='lat' dir='ltr'><strong>Et</strong></span> <span class='ocrx_word' id='word_1_80' title='bbox 792 1127 1010 1182; x_wconf 85' lang='lat' dir='ltr'><strong>immisit</strong></span> <span class='ocrx_word' id='word_1_81' title='bbox 1040 1127 1098 1181; x_wconf 91' lang='lat' dir='ltr'><strong>in</strong></span> <span class='ocrx_word' id='word_1_82' title='bbox 1140 1144 1198 1182; x_wconf 89' lang='lat' dir='ltr'><strong>os</strong></span> <span class='ocrx_word' id='word_1_83' title='bbox 1223 1144 1389 1181; x_wconf 83' lang='lat' dir='ltr'><strong>meum</strong></span> <span class='ocrx_word' id='word_1_84' title='bbox 1421 1126 1686 1181; x_wconf 77' lang='lat' dir='ltr'><strong>canticum</strong></span> <span class='ocrx_word' id='word_1_85' title='bbox 1716 1142 1904 1180; x_wconf 81' lang='lat' dir='ltr'><strong>nouum</strong></span> <span class='ocrx_word' id='word_1_86' title='bbox 1931 1141 1950 1177; x_wconf 91' lang='lat'><strong><em>:</em></strong></span> 
     </span>
    </p>
   </div>
   <div class='ocr_carea' id='block_1_13' title="bbox 387 1219 1952 1291">
    <p class='ocr_par' dir='ltr' id='par_1_13' title="bbox 387 1219 1952 1291">
     <span class='ocr_line' id='line_1_13' title="bbox 387 1219 1952 1291; baseline -0.001 -17"><span class='ocrx_word' id='word_1_87' title='bbox 387 1221 501 1276; x_wconf 68' lang='lat' dir='ltr'><strong>haec</strong></span> <span class='ocrx_word' id='word_1_88' title='bbox 530 1229 862 1277; x_wconf 78' lang='lat' dir='ltr'><strong>consecutus</strong></span> <span class='ocrx_word' id='word_1_89' title='bbox 892 1231 1093 1286; x_wconf 87' lang='lat' dir='ltr'><strong>tamen,</strong></span> <span class='ocrx_word' id='word_1_90' title='bbox 1111 1220 1184 1275; x_wconf 90' lang='lat' dir='ltr'><strong>ob</strong></span> <span class='ocrx_word' id='word_1_91' title='bbox 1210 1220 1463 1275; x_wconf 66' lang='lat' dir='ltr'><strong>humanae</strong></span> <span class='ocrx_word' id='word_1_92' title='bbox 1489 1219 1614 1275; x_wconf 69' lang='lat' dir='ltr'><strong>vitae</strong></span> <span class='ocrx_word' id='word_1_93' title='bbox 1644 1219 1952 1291; x_wconf 85' lang='lat' dir='ltr'><strong>corruptio-</strong></span> 
     </span>
    </p>
   </div>
   <div class='ocr_carea' id='block_1_14' title="bbox 385 1308 1949 1381">
    <p class='ocr_par' dir='ltr' id='par_1_14' title="bbox 385 1308 1949 1381">
     <span class='ocr_line' id='line_1_14' title="bbox 385 1308 1949 1381; baseline -0.002 -16"><span class='ocrx_word' id='word_1_94' title='bbox 385 1324 510 1366; x_wconf 81' lang='lat' dir='ltr'><strong>nent</strong></span> <span class='ocrx_word' id='word_1_95' title='bbox 542 1309 959 1381; x_wconf 83' lang='lat' dir='ltr'><strong>supplicationis</strong></span> <span class='ocrx_word' id='word_1_96' title='bbox 999 1311 1166 1365; x_wconf 81' lang='lat' dir='ltr'><strong>verba</strong></span> <span class='ocrx_word' id='word_1_97' title='bbox 1199 1308 1446 1374; x_wconf 87' lang='lat' dir='ltr'><strong>resumit,</strong></span> <span class='ocrx_word' id='word_1_98' title='bbox 1479 1323 1542 1361; x_wconf 87' lang='lat' dir='ltr'><strong>ac</strong></span> <span class='ocrx_word' id='word_1_99' title='bbox 1586 1314 1743 1378; x_wconf 79' lang='lat' dir='ltr'><strong>rogat</strong></span> <span class='ocrx_word' id='word_1_100' title='bbox 1787 1308 1949 1362; x_wconf 88' lang='lat' dir='ltr'><strong>obse-</strong></span> 
     </span>
    </p>
   </div>
   <div class='ocr_carea' id='block_1_15' title="bbox 386 1398 1949 1473">
    <p class='ocr_par' dir='ltr' id='par_1_15' title="bbox 386 1398 1949 1473">
     <span class='ocr_line' id='line_1_15' title="bbox 386 1398 1949 1473; baseline -0.002 -16"><span class='ocrx_word' id='word_1_101' title='bbox 386 1408 615 1473; x_wconf 78' lang='lat' dir='ltr'><strong>cratque</strong></span> <span class='ocrx_word' id='word_1_102' title='bbox 638 1411 697 1456; x_wconf 92' lang='lat' dir='ltr'><strong>ut</strong></span> <span class='ocrx_word' id='word_1_103' title='bbox 732 1418 762 1456; x_wconf 89' lang='lat' dir='ltr'><strong>a</strong></span> <span class='ocrx_word' id='word_1_104' title='bbox 788 1401 883 1458; x_wconf 84' lang='lat' dir='ltr'><strong>Dei</strong></span> <span class='ocrx_word' id='word_1_105' title='bbox 906 1402 1079 1472; x_wconf 77' lang='lat' dir='ltr'><strong>gratia</strong></span> <span class='ocrx_word' id='word_1_106' title='bbox 1107 1409 1159 1456; x_wconf 87' lang='lat' dir='ltr'><strong>et</strong></span> <span class='ocrx_word' id='word_1_107' title='bbox 1189 1400 1564 1457; x_wconf 85' lang='lat' dir='ltr'><strong>misericordia</strong></span> <span class='ocrx_word' id='word_1_108' title='bbox 1586 1398 1949 1455; x_wconf 85' lang='lat' dir='ltr'><strong>custodiatur.</strong></span> 
     </span>
    </p>
   </div>
   <div class='ocr_carea' id='block_1_16' title="bbox 389 1491 1951 1563">
    <p class='ocr_par' dir='ltr' id='par_1_16' title="bbox 389 1491 1951 1563">
     <span class='ocr_line' id='line_1_16' title="bbox 389 1491 1951 1563; baseline -0.001 -16"><span class='ocrx_word' id='word_1_109' title='bbox 389 1491 486 1549; x_wconf 81' lang='lat' dir='ltr'><strong>llis</strong></span> <span class='ocrx_word' id='word_1_110' title='bbox 512 1494 657 1549; x_wconf 90' lang='lat' dir='ltr'><strong>enim</strong></span> <span class='ocrx_word' id='word_1_111' title='bbox 690 1493 875 1548; x_wconf 85' lang='lat' dir='ltr'><strong>animo</strong></span> <span class='ocrx_word' id='word_1_112' title='bbox 904 1493 1213 1548; x_wconf 83' lang='lat' dir='ltr'><strong>revolvebat</strong></span> <span class='ocrx_word' id='word_1_113' title='bbox 1244 1493 1298 1546; x_wconf 91' lang='lat' dir='ltr'><strong>in</strong></span> <span class='ocrx_word' id='word_1_114' title='bbox 1326 1492 1753 1563; x_wconf 86' lang='lat' dir='ltr'><strong>memoriamque</strong></span> <span class='ocrx_word' id='word_1_115' title='bbox 1794 1505 1951 1546; x_wconf 74' lang='lat' dir='ltr'><strong>revo-</strong></span> 
     </span>
    </p>
   </div>
   <div class='ocr_carea' id='block_1_17' title="bbox 386 1580 1953 1655">
    <p class='ocr_par' dir='ltr' id='par_1_17' title="bbox 386 1580 1953 1655">
     <span class='ocr_line' id='line_1_17' title="bbox 386 1580 1953 1655; baseline -0.002 -17"><span class='ocrx_word' id='word_1_116' title='bbox 386 1586 547 1640; x_wconf 88' lang='lat' dir='ltr'><strong>cabat</strong></span> <span class='ocrx_word' id='word_1_117' title='bbox 571 1600 693 1655; x_wconf 68' lang='lat' dir='ltr'><strong>qua:</strong></span> <span class='ocrx_word' id='word_1_118' title='bbox 720 1585 821 1640; x_wconf 88' lang='lat' dir='ltr'><strong>sibi</strong></span> <span class='ocrx_word' id='word_1_119' title='bbox 856 1585 1008 1655; x_wconf 90' lang='lat' dir='ltr'><strong>prius</strong></span> <span class='ocrx_word' id='word_1_120' title='bbox 1034 1584 1347 1638; x_wconf 86' lang='lat' dir='ltr'><strong>acciderant</strong></span> <span class='ocrx_word' id='word_1_121' title='bbox 1381 1582 1541 1637; x_wconf 84' lang='lat' dir='ltr'><strong>mala.</strong></span> <span class='ocrx_word' id='word_1_122' title='bbox 1566 1580 1822 1637; x_wconf 83' lang='lat' dir='ltr'><strong>Memoria</strong></span> <span class='ocrx_word' id='word_1_123' title='bbox 1849 1582 1953 1635; x_wconf 85' lang='lat' dir='ltr'><strong>ita-</strong></span> 
     </span>
    </p>
   </div>
   <div class='ocr_carea' id='block_1_18' title="bbox 387 1672 1952 1746">
    <p class='ocr_par' dir='ltr' id='par_1_18' title="bbox 387 1672 1952 1746">
     <span class='ocr_line' id='line_1_18' title="bbox 387 1672 1952 1746; baseline -0.001 -15"><span class='ocrx_word' id='word_1_124' title='bbox 387 1691 495 1746; x_wconf 89' lang='lat' dir='ltr'><strong>que</strong></span> <span class='ocrx_word' id='word_1_125' title='bbox 528 1684 772 1732; x_wconf 80' lang='lat' dir='ltr'><strong>veterum</strong></span> <span class='ocrx_word' id='word_1_126' title='bbox 816 1677 1110 1740; x_wconf 86' lang='lat' dir='ltr'><strong>malorum,</strong></span> <span class='ocrx_word' id='word_1_127' title='bbox 1141 1674 1418 1730; x_wconf 86' lang='lat' dir='ltr'><strong>cautiores</strong></span> <span class='ocrx_word' id='word_1_128' title='bbox 1455 1690 1559 1729; x_wconf 90' lang='lat' dir='ltr'><strong>nos</strong></span> <span class='ocrx_word' id='word_1_129' title='bbox 1582 1672 1763 1738; x_wconf 81' lang='lat' dir='ltr'><strong>eﬂicit,</strong></span> <span class='ocrx_word' id='word_1_130' title='bbox 1797 1681 1858 1729; x_wconf 92' lang='lat' dir='ltr'><strong>ut</strong></span> <span class='ocrx_word' id='word_1_131' title='bbox 1881 1689 1952 1730; x_wconf 91' lang='lat' dir='ltr'><strong>ne</strong></span> 
     </span>
    </p>
   </div>
   <div class='ocr_carea' id='block_1_19' title="bbox 388 1765 1949 1833">
    <p class='ocr_par' dir='ltr' id='par_1_19' title="bbox 388 1765 1949 1833">
     <span class='ocr_line' id='line_1_19' title="bbox 388 1765 1949 1833; baseline -0.003 -10"><span class='ocrx_word' id='word_1_132' title='bbox 388 1782 584 1823; x_wconf 83' lang='lat' dir='ltr'><strong>rursus</strong></span> <span class='ocrx_word' id='word_1_133' title='bbox 638 1766 695 1821; x_wconf 90' lang='lat' dir='ltr'><strong>in</strong></span> <span class='ocrx_word' id='word_1_134' title='bbox 734 1781 797 1821; x_wconf 89' lang='lat' dir='ltr'><strong>ea</strong></span> <span class='ocrx_word' id='word_1_135' title='bbox 833 1765 1173 1833; x_wconf 87' lang='lat' dir='ltr'><strong>incidamus;</strong></span> <span class='ocrx_word' id='word_1_136' title='bbox 1215 1765 1310 1821; x_wconf 85' lang='lat' dir='ltr'><strong>sed</strong></span> <span class='ocrx_word' id='word_1_137' title='bbox 1359 1765 1527 1820; x_wconf 86' lang='lat' dir='ltr'><strong>etiam</strong></span> <span class='ocrx_word' id='word_1_138' title='bbox 1578 1765 1949 1820; x_wconf 85' lang='lat' dir='ltr'><strong>mutationisa</strong></span> 
     </span>
    </p>
   </div>
   <div class='ocr_carea' id='block_1_20' title="bbox 2055 551 3625 642">
    <p class='ocr_par' dir='ltr' id='par_1_20' title="bbox 2055 551 3625 642">
     <span class='ocr_line' id='line_1_20' title="bbox 2055 551 3625 642; baseline -0.014 -18"><span class='ocrx_word' id='word_1_139' title='bbox 2055 565 2217 642; x_wconf 75' lang='grc' dir='ltr'>ηκόου</span> <span class='ocrx_word' id='word_1_140' title='bbox 2248 565 2343 620; x_wconf 77' lang='grc' dir='ltr'>τοῦ</span> <span class='ocrx_word' id='word_1_141' title='bbox 2375 561 2531 628; x_wconf 83' lang='grc' dir='ltr'><strong>Θεοῦ,</strong></span> <span class='ocrx_word' id='word_1_142' title='bbox 2557 556 2894 632; x_wconf 79' lang='grc' dir='ltr'>ὴλευθέρωτό</span> <span class='ocrx_word' id='word_1_143' title='bbox 2913 572 2974 609; x_wconf 82' lang='grc' dir='ltr'><strong>τε</strong></span> <span class='ocrx_word' id='word_1_144' title='bbox 3013 556 3078 609; x_wconf 75' lang='grc' dir='ltr'>ὲκ</span> <span class='ocrx_word' id='word_1_145' title='bbox 3104 552 3307 607; x_wconf 78' lang='grc' dir='ltr'><strong>λάκκου</strong></span> <span class='ocrx_word' id='word_1_146' title='bbox 3347 551 3625 642; x_wconf 79' lang='grc' dir='ltr'>ταλαιπω-</span> 
     </span>
    </p>
   </div>
   <div class='ocr_carea' id='block_1_21' title="bbox 2056 640 3627 736">
    <p class='ocr_par' dir='ltr' id='par_1_21' title="bbox 2056 640 3627 736">
     <span class='ocr_line' id='line_1_21' title="bbox 2056 640 3627 736; baseline -0.011 -19"><span class='ocrx_word' id='word_1_147' title='bbox 2056 640 2177 736; x_wconf 84' lang='grc' dir='ltr'>ρίας</span> <span class='ocrx_word' id='word_1_148' title='bbox 2205 660 2299 714; x_wconf 74' lang='grc' dir='ltr'>καὶ</span> <span class='ocrx_word' id='word_1_149' title='bbox 2320 656 2427 712; x_wconf 83' lang='grc' dir='ltr'>ἀπὸ</span> <span class='ocrx_word' id='word_1_150' title='bbox 2456 653 2631 728; x_wconf 80' lang='grc' dir='ltr'>πηλοῦ</span> <span class='ocrx_word' id='word_1_151' title='bbox 2664 651 2837 715; x_wconf 79' lang='grc' dir='ltr'>ίλύος’</span> <span class='ocrx_word' id='word_1_152' title='bbox 2872 652 2932 703; x_wconf 80' lang='grc' dir='ltr'><strong>ιν</strong></span> <span class='ocrx_word' id='word_1_153' title='bbox 2963 645 3193 717; x_wconf 75' lang='grc' dir='ltr'>ἀσφαλεῖ</span> <span class='ocrx_word' id='word_1_154' title='bbox 3213 662 3273 699; x_wconf 84' lang='grc' dir='ltr'><strong>τε</strong></span> <span class='ocrx_word' id='word_1_155' title='bbox 3303 644 3405 718; x_wconf 73' lang='grc' dir='ltr'>ἢδη</span> <span class='ocrx_word' id='word_1_156' title='bbox 3434 640 3627 700; x_wconf 64' lang='grc' dir='ltr'>λοιπὸν</span> 
     </span>
    </p>
   </div>
   <div class='ocr_carea' id='block_1_22' title="bbox 2054 736 3623 824">
    <p class='ocr_par' dir='ltr' id='par_1_22' title="bbox 2054 736 3623 824">
     <span class='ocr_line' id='line_1_22' title="bbox 2054 736 3623 824; baseline -0.012 -18"><span class='ocrx_word' id='word_1_157' title='bbox 2054 752 2294 824; x_wconf 71' lang='grc' dir='ltr'>ἑστήκει,</span> <span class='ocrx_word' id='word_1_158' title='bbox 2328 749 2404 812; x_wconf 85' lang='grc' dir='ltr'>ὡς</span> <span class='ocrx_word' id='word_1_159' title='bbox 2428 745 2494 801; x_wconf 84' lang='grc' dir='ltr'><strong>ἃν</strong></span> <span class='ocrx_word' id='word_1_160' title='bbox 2516 745 2609 798; x_wconf 70' lang='grc' dir='ltr'><strong>ἐπὶ</strong></span> <span class='ocrx_word' id='word_1_161' title='bbox 2640 743 2843 814; x_wconf 87' lang='grc' dir='ltr'>πέτραν</span> <span class='ocrx_word' id='word_1_162' title='bbox 2865 741 2990 803; x_wconf 85' lang='grc' dir='ltr'>τοὺς</span> <span class='ocrx_word' id='word_1_163' title='bbox 3016 738 3183 801; x_wconf 84' lang='grc' dir='ltr'><strong>πόδας</strong></span> <span class='ocrx_word' id='word_1_164' title='bbox 3206 736 3623 815; x_wconf 62' lang='grc' dir='ltr'>έρηρεισμένος,</span> 
     </span>
    </p>
   </div>
   <div class='ocr_carea' id='block_1_23' title="bbox 2053 824 3625 912">
    <p class='ocr_par' dir='ltr' id='par_1_23' title="bbox 2053 824 3625 912">
     <span class='ocr_line' id='line_1_23' title="bbox 2053 824 3625 912; baseline -0.011 -17"><span class='ocrx_word' id='word_1_165' title='bbox 2053 841 2147 895; x_wconf 78' lang='grc' dir='ltr'>καὶ</span> <span class='ocrx_word' id='word_1_166' title='bbox 2179 840 2417 912; x_wconf 75' lang='grc' dir='ltr'>ᾄσματος</span> <span class='ocrx_word' id='word_1_167' title='bbox 2451 831 2637 890; x_wconf 88' lang='grc' dir='ltr'>καινοῦ</span> <span class='ocrx_word' id='word_1_168' title='bbox 2657 831 2958 903; x_wconf 75' lang='grc' dir='ltr'><strong>ἠξιωμένος</strong></span> <span class='ocrx_word' id='word_1_169' title='bbox 2985 827 3080 882; x_wconf 80' lang='grc' dir='ltr'>τοῦ</span> <span class='ocrx_word' id='word_1_170' title='bbox 3109 827 3236 898; x_wconf 80' lang='grc' dir='ltr'>περὶ</span> <span class='ocrx_word' id='word_1_171' title='bbox 3266 825 3466 880; x_wconf 80' lang='grc' dir='ltr'><strong>θυσιῶν</strong></span> <span class='ocrx_word' id='word_1_172' title='bbox 3491 824 3625 897; x_wconf 82' lang='grc' dir='ltr'>ἀλη-</span> 
     </span>
    </p>
   </div>
   <div class='ocr_carea' id='block_1_24' title="bbox 2052 912 3625 998">
    <p class='ocr_par' dir='ltr' id='par_1_24' title="bbox 2052 912 3625 998">
     <span class='ocr_line' id='line_1_24' title="bbox 2052 912 3625 998; baseline -0.012 -13"><span class='ocrx_word' id='word_1_173' title='bbox 2052 929 2178 995; x_wconf 83' lang='grc' dir='ltr'>θοῢς</span> <span class='ocrx_word' id='word_1_174' title='bbox 2209 925 2651 998; x_wconf 78' lang='grc' dir='ltr'>λόγου,τουτέστι</span> <span class='ocrx_word' id='word_1_175' title='bbox 2694 923 2788 976; x_wconf 78' lang='grc' dir='ltr'>τοῦ</span> <span class='ocrx_word' id='word_1_176' title='bbox 2829 924 2894 993; x_wconf 80' lang='grc' dir='ltr'>τῇ</span> <span class='ocrx_word' id='word_1_177' title='bbox 2937 916 3231 990; x_wconf 74' lang='grc' dir='ltr'>Ἐκκλησία</span> <span class='ocrx_word' id='word_1_178' title='bbox 3263 914 3358 970; x_wconf 78' lang='grc' dir='ltr'>τοῦ</span> <span class='ocrx_word' id='word_1_179' title='bbox 3391 912 3530 969; x_wconf 80' lang='grc' dir='ltr'>Θεοῦ</span> <span class='ocrx_word' id='word_1_180' title='bbox 3559 917 3625 986; x_wconf 71' lang='grc' dir='ltr'>τῇ</span> 
     </span>
    </p>
   </div>
   <div class='ocr_carea' id='block_1_25' title="bbox 2055 1003 3627 1096">
    <p class='ocr_par' dir='ltr' id='par_1_25' title="bbox 2055 1003 3627 1096">
     <span class='ocr_line' id='line_1_25' title="bbox 2055 1003 3627 1096; baseline -0.011 -19"><span class='ocrx_word' id='word_1_181' title='bbox 2055 1021 2267 1096; x_wconf 77' lang='grc' dir='ltr'>μεγάλῃ</span> <span class='ocrx_word' id='word_1_182' title='bbox 2312 1016 2768 1091; x_wconf 81' lang='grc' dir='ltr'>εύηγγελισμένου</span> <span class='ocrx_word' id='word_1_183' title='bbox 2808 1012 3190 1086; x_wconf 81' lang='grc' dir='ltr'>κηρύγματος’</span> <span class='ocrx_word' id='word_1_184' title='bbox 3232 1007 3391 1063; x_wconf 81' lang='grc' dir='ltr'>τοῦτο</span> <span class='ocrx_word' id='word_1_185' title='bbox 3422 1006 3538 1078; x_wconf 79' lang='grc' dir='ltr'><strong>γὰρ</strong></span> <span class='ocrx_word' id='word_1_186' title='bbox 3559 1003 3627 1079; x_wconf 70' lang='grc' dir='ltr'>ἦν</span> 
     </span>
    </p>
   </div>
   <div class='ocr_carea' id='block_1_26' title="bbox 2050 1100 3624 1185">
    <p class='ocr_par' dir='ltr' id='par_1_26' title="bbox 2050 1100 3624 1185">
     <span class='ocr_line' id='line_1_26' title="bbox 2050 1100 3624 1185; baseline -0.011 -15"><span class='ocrx_word' id='word_1_187' title='bbox 2050 1116 2113 1171; x_wconf 83' lang='grc' dir='ltr'>τὸ</span> <span class='ocrx_word' id='word_1_188' title='bbox 2146 1114 2331 1169; x_wconf 83' lang='grc' dir='ltr'>καινὸν</span> <span class='ocrx_word' id='word_1_189' title='bbox 2362 1109 2535 1185; x_wconf 74' lang='grc' dir='ltr'>ᾆσμα,</span> <span class='ocrx_word' id='word_1_190' title='bbox 2590 1104 2651 1165; x_wconf 69' lang='grc' dir='ltr'><strong>οὗ</strong></span> <span class='ocrx_word' id='word_1_191' title='bbox 2685 1109 2843 1182; x_wconf 83' lang='grc' dir='ltr'>χάριν</span> <span class='ocrx_word' id='word_1_192' title='bbox 2876 1105 3131 1177; x_wconf 79' lang='grc' dir='ltr'><strong>ἀνωτέρω</strong></span> <span class='ocrx_word' id='word_1_193' title='bbox 3165 1103 3317 1173; x_wconf 81' lang='grc' dir='ltr'>ἔλεγε</span> <span class='ocrx_word' id='word_1_194' title='bbox 3337 1118 3352 1135; x_wconf 92' lang='grc'><strong>·</strong></span> <span class='ocrx_word' id='word_1_195' title='bbox 3380 1100 3495 1157; x_wconf 76' lang='grc' dir='ltr'><strong>Καὶ</strong></span> <span class='ocrx_word' id='word_1_196' title='bbox 3525 1100 3624 1153; x_wconf 79' lang='grc' dir='ltr'><strong>ἐν·</strong></span> 
     </span>
    </p>
   </div>
   <div class='ocr_carea' id='block_1_27' title="bbox 2050 1184 3625 1275">
    <p class='ocr_par' dir='ltr' id='par_1_27' title="bbox 2050 1184 3625 1275">
     <span class='ocr_line' id='line_1_27' title="bbox 2050 1184 3625 1275; baseline -0.011 -12"><span class='ocrx_word' id='word_1_197' title='bbox 2050 1208 2267 1263; x_wconf 68' lang='grc' dir='ltr'>ἐϐαλεν</span> <span class='ocrx_word' id='word_1_198' title='bbox 2288 1184 2459 1272; x_wconf 82' lang='grc' dir='ltr'>ειςτὸ</span> <span class='ocrx_word' id='word_1_199' title='bbox 2485 1204 2679 1275; x_wconf 82' lang='grc' dir='ltr'><strong>στόμα</strong></span> <span class='ocrx_word' id='word_1_200' title='bbox 2690 1218 2810 1273; x_wconf 83' lang='grc' dir='ltr'><strong>μου</strong></span> <span class='ocrx_word' id='word_1_201' title='bbox 2829 1195 2994 1270; x_wconf 79' lang='grc' dir='ltr'>ᾆσμα</span> <span class='ocrx_word' id='word_1_202' title='bbox 3018 1197 3243 1252; x_wconf 75' lang='grc' dir='ltr'>καινόν’</span> <span class='ocrx_word' id='word_1_203' title='bbox 3266 1195 3415 1266; x_wconf 81' lang='grc' dir='ltr'>ὅμως</span> <span class='ocrx_word' id='word_1_204' title='bbox 3436 1192 3484 1247; x_wconf 86' lang='grc' dir='ltr'>δ’</span> <span class='ocrx_word' id='word_1_205' title='bbox 3510 1184 3625 1256; x_wconf 60' lang='lat' dir='ltr'><strong>cini,</strong></span> 
     </span>
    </p>
   </div>
   <div class='ocr_carea' id='block_1_28' title="bbox 2049 1282 3647 1370">
    <p class='ocr_par' dir='ltr' id='par_1_28' title="bbox 2049 1282 3647 1370">
     <span class='ocr_line' id='line_1_28' title="bbox 2049 1282 3647 1370; baseline -0.013 -13"><span class='ocrx_word' id='word_1_206' title='bbox 2049 1301 2317 1356; x_wconf 83' lang='grc' dir='ltr'><strong>τοσούτων</strong></span> <span class='ocrx_word' id='word_1_207' title='bbox 2351 1295 2683 1370; x_wconf 81' lang='grc' dir='ltr'>τετυχηκὼς,</span> <span class='ocrx_word' id='word_1_208' title='bbox 2709 1294 2798 1350; x_wconf 82' lang='grc' dir='ltr'><strong>διὰ</strong></span> <span class='ocrx_word' id='word_1_209' title='bbox 2835 1294 2897 1348; x_wconf 82' lang='grc' dir='ltr'>τὸ</span> <span class='ocrx_word' id='word_1_210' title='bbox 2949 1291 3148 1365; x_wconf 84' lang='grc' dir='ltr'>σαθρὸν</span> <span class='ocrx_word' id='word_1_211' title='bbox 3193 1289 3292 1360; x_wconf 80' lang='grc' dir='ltr'>τῆς</span> <span class='ocrx_word' id='word_1_212' title='bbox 3324 1290 3383 1341; x_wconf 78' lang='grc' dir='ltr'>ὲν</span> <span class='ocrx_word' id='word_1_213' title='bbox 3412 1282 3647 1358; x_wconf 76' lang='grc' dir='ltr'>ἀνθρώ-ο</span> 
     </span>
    </p>
   </div>
   <div class='ocr_carea' id='block_1_29' title="bbox 2052 1379 3626 1465">
    <p class='ocr_par' dir='ltr' id='par_1_29' title="bbox 2052 1379 3626 1465">
     <span class='ocr_line' id='line_1_29' title="bbox 2052 1379 3626 1465; baseline -0.011 -16"><span class='ocrx_word' id='word_1_214' title='bbox 2052 1411 2174 1458; x_wconf 83' lang='grc' dir='ltr'>ποις</span> <span class='ocrx_word' id='word_1_215' title='bbox 2201 1392 2344 1465; x_wconf 79' lang='grc' dir='ltr'>ζωῆς</span> <span class='ocrx_word' id='word_1_216' title='bbox 2371 1388 2809 1462; x_wconf 70' lang='grc' dir='ltr'>έπαναλαμϐἀνει</span> <span class='ocrx_word' id='word_1_217' title='bbox 2832 1388 2959 1451; x_wconf 79' lang='grc' dir='ltr'>τοὺς</span> <span class='ocrx_word' id='word_1_218' title='bbox 2981 1384 3080 1456; x_wconf 79' lang='grc' dir='ltr'>τῆς</span> <span class='ocrx_word' id='word_1_219' title='bbox 3102 1381 3380 1454; x_wconf 74' lang='grc' dir='ltr'><strong>ἱκετηρίας</strong></span> <span class='ocrx_word' id='word_1_220' title='bbox 3408 1379 3626 1447; x_wconf 79' lang='grc' dir='ltr'><strong>λόγους,</strong></span> 
     </span>
    </p>
   </div>
   <div class='ocr_carea' id='block_1_30' title="bbox 2050 1472 3628 1552">
    <p class='ocr_par' dir='ltr' id='par_1_30' title="bbox 2050 1472 3628 1552">
     <span class='ocr_line' id='line_1_30' title="bbox 2050 1472 3628 1552; baseline -0.011 -12"><span class='ocrx_word' id='word_1_221' title='bbox 2050 1485 2319 1541; x_wconf 85' lang='grc' dir='ltr'>ἀντιϐολεῖ</span> <span class='ocrx_word' id='word_1_222' title='bbox 2349 1501 2409 1538; x_wconf 84' lang='grc' dir='ltr'><strong>τε</strong></span> <span class='ocrx_word' id='word_1_223' title='bbox 2433 1484 2529 1538; x_wconf 69' lang='grc' dir='ltr'>καὶ</span> <span class='ocrx_word' id='word_1_224' title='bbox 2559 1482 2736 1536; x_wconf 69' lang='grc' dir='ltr'>δέεται</span> <span class='ocrx_word' id='word_1_225' title='bbox 2761 1476 3119 1552; x_wconf 78' lang='grc' dir='ltr'>φυλάττεσθαι</span> <span class='ocrx_word' id='word_1_226' title='bbox 3145 1475 3248 1530; x_wconf 83' lang='grc' dir='ltr'><strong>ὑπὸ</strong></span> <span class='ocrx_word' id='word_1_227' title='bbox 3269 1473 3369 1545; x_wconf 79' lang='grc' dir='ltr'>τῆς</span> <span class='ocrx_word' id='word_1_228' title='bbox 3400 1472 3628 1544; x_wconf 83' lang='grc' dir='ltr'>χάριτος</span> 
     </span>
    </p>
   </div>
   <div class='ocr_carea' id='block_1_31' title="bbox 2051 1563 3629 1644">
    <p class='ocr_par' dir='ltr' id='par_1_31' title="bbox 2051 1563 3629 1644">
     <span class='ocr_line' id='line_1_31' title="bbox 2051 1563 3629 1644; baseline -0.011 -10"><span class='ocrx_word' id='word_1_229' title='bbox 2051 1580 2145 1635; x_wconf 77' lang='grc' dir='ltr'>καὶ</span> <span class='ocrx_word' id='word_1_230' title='bbox 2166 1578 2261 1633; x_wconf 75' lang='grc' dir='ltr'>τοῦ</span> <span class='ocrx_word' id='word_1_231' title='bbox 2283 1577 2433 1632; x_wconf 70' lang='grc' dir='ltr'>ἐλέου</span> <span class='ocrx_word' id='word_1_232' title='bbox 2457 1575 2549 1632; x_wconf 80' lang='grc' dir='ltr'><strong>τοῦ</strong></span> <span class='ocrx_word' id='word_1_233' title='bbox 2565 1575 2722 1631; x_wconf 79' lang='grc' dir='ltr'>Θεοῦ.</span> <span class='ocrx_word' id='word_1_234' title='bbox 2740 1575 2829 1628; x_wconf 82' lang='lat' dir='ltr'><strong>‘Av</strong></span> <span class='ocrx_word' id='word_1_235' title='bbox 2837 1571 3186 1644; x_wconf 67' lang='grc' dir='ltr'>επμπάζετο</span> <span class='ocrx_word' id='word_1_236' title='bbox 3199 1566 3307 1640; x_wconf 79' lang='grc' dir='ltr'>γὰρ</span> <span class='ocrx_word' id='word_1_237' title='bbox 3320 1565 3408 1620; x_wconf 83' lang='grc' dir='ltr'>διὰ</span> <span class='ocrx_word' id='word_1_238' title='bbox 3420 1563 3629 1620; x_wconf 84' lang='grc' dir='ltr'>τούτων</span> 
     </span>
    </p>
   </div>
   <div class='ocr_carea' id='block_1_32' title="bbox 2050 1656 3627 1743">
    <p class='ocr_par' dir='ltr' id='par_1_32' title="bbox 2050 1656 3627 1743">
     <span class='ocr_line' id='line_1_32' title="bbox 2050 1656 3627 1743; baseline -0.01 -18"><span class='ocrx_word' id='word_1_239' title='bbox 2050 1673 2146 1725; x_wconf 80' lang='grc' dir='ltr'>καὶ</span> <span class='ocrx_word' id='word_1_240' title='bbox 2165 1670 2398 1726; x_wconf 83' lang='grc' dir='ltr'>ἀνεπόλα</span> <span class='ocrx_word' id='word_1_241' title='bbox 2412 1670 2489 1743; x_wconf 76' lang='grc'><strong>(1)</strong></span> <span class='ocrx_word' id='word_1_242' title='bbox 2508 1669 2577 1723; x_wconf 84' lang='grc' dir='ltr'>τὰ</span> <span class='ocrx_word' id='word_1_243' title='bbox 2590 1668 2853 1741; x_wconf 85' lang='grc' dir='ltr'>πρότερον</span> <span class='ocrx_word' id='word_1_244' title='bbox 2875 1663 3021 1735; x_wconf 77' lang='grc' dir='ltr'>αὐτῷ</span> <span class='ocrx_word' id='word_1_245' title='bbox 3048 1659 3433 1734; x_wconf 87' lang='grc' dir='ltr'>συμϐεϐηκότα</span> <span class='ocrx_word' id='word_1_246' title='bbox 3459 1656 3627 1712; x_wconf 77' lang='grc' dir='ltr'>κακά.</span> 
     </span>
    </p>
   </div>
   <div class='ocr_carea' id='block_1_33' title="bbox 2064 1747 3630 1835">
    <p class='ocr_par' dir='ltr' id='par_1_33' title="bbox 2064 1747 3630 1835">
     <span class='ocr_line' id='line_1_33' title="bbox 2064 1747 3630 1835; baseline -0.01 -18"><span class='ocrx_word' id='word_1_247' title='bbox 2064 1763 2127 1817; x_wconf 84' lang='grc' dir='ltr'><strong>Ἦ</strong></span> <span class='ocrx_word' id='word_1_248' title='bbox 2158 1762 2289 1832; x_wconf 83' lang='grc' dir='ltr'>γοῦν</span> <span class='ocrx_word' id='word_1_249' title='bbox 2323 1763 2508 1835; x_wconf 85' lang='grc' dir='ltr'><strong>μνήμη</strong></span> <span class='ocrx_word' id='word_1_250' title='bbox 2558 1761 2664 1815; x_wconf 85' lang='grc' dir='ltr'><strong>τῶν</strong></span> <span class='ocrx_word' id='word_1_251' title='bbox 2708 1756 2953 1814; x_wconf 81' lang='grc' dir='ltr'>παλαιῶν</span> <span class='ocrx_word' id='word_1_252' title='bbox 2983 1755 3190 1819; x_wconf 82' lang='grc' dir='ltr'><strong>κακῶν,</strong></span> <span class='ocrx_word' id='word_1_253' title='bbox 3222 1747 3630 1824; x_wconf 81' lang='grc' dir='ltr'>φυλακτικωτέ-</span> 
     </span>
    </p>
   </div>
   <div class='ocr_carea' id='block_1_34' title="bbox 389 1839 1957 1930">
    <p class='ocr_par' dir='ltr' id='par_1_34' title="bbox 389 1855 1957 1930">
     <span class='ocr_line' id='line_1_34' title="bbox 389 1855 1957 1930; baseline -0.003 -15"><span class='ocrx_word' id='word_1_254' title='bbox 389 1858 669 1930; x_wconf 84' lang='lat' dir='ltr'><strong>pejoribus</strong></span> <span class='ocrx_word' id='word_1_255' title='bbox 693 1858 760 1914; x_wconf 90' lang='lat' dir='ltr'><strong>ad</strong></span> <span class='ocrx_word' id='word_1_256' title='bbox 782 1859 1006 1914; x_wconf 88' lang='lat' dir='ltr'><strong>meliora</strong></span> <span class='ocrx_word' id='word_1_257' title='bbox 1036 1855 1363 1917; x_wconf 87' lang='lat' dir='ltr'><strong>recordatio.</strong></span> <span class='ocrx_word' id='word_1_258' title='bbox 1382 1864 1565 1926; x_wconf 79' lang='lat' dir='ltr'><strong>gratos</strong></span> <span class='ocrx_word' id='word_1_259' title='bbox 1592 1855 1769 1911; x_wconf 86' lang='lat' dir='ltr'><strong>reddit</strong></span> <span class='ocrx_word' id='word_1_260' title='bbox 1799 1865 1957 1927; x_wconf 88' lang='lat' dir='ltr'><strong>atque</strong></span> 
     </span>
    </p>
   </div>
   <div class='ocr_carea' id='block_1_35' title="bbox 2060 1839 3631 1930">
    <p class='ocr_par' dir='ltr' id='par_1_35' title="bbox 2067 1839 3631 1926">
     <span class='ocr_line' id='line_1_35' title="bbox 2067 1839 3631 1926; baseline -0.01 -17"><span class='ocrx_word' id='word_1_261' title='bbox 2067 1871 2190 1926; x_wconf 87' lang='grc' dir='ltr'>ρους</span> <span class='ocrx_word' id='word_1_262' title='bbox 2236 1854 2385 1924; x_wconf 81' lang='grc' dir='ltr'>ἡμᾶς</span> <span class='ocrx_word' id='word_1_263' title='bbox 2411 1850 2782 1924; x_wconf 78' lang='grc' dir='ltr'><strong>ἀπεργάζεται</strong></span> <span class='ocrx_word' id='word_1_264' title='bbox 2811 1848 2947 1922; x_wconf 83' lang='grc' dir='ltr'>πρὸς</span> <span class='ocrx_word' id='word_1_265' title='bbox 2973 1846 3036 1901; x_wconf 80' lang='grc' dir='ltr'>τὸ</span> <span class='ocrx_word' id='word_1_266' title='bbox 3073 1846 3149 1918; x_wconf 82' lang='grc' dir='ltr'>μὴ</span> <span class='ocrx_word' id='word_1_267' title='bbox 3179 1841 3333 1908; x_wconf 83' lang='grc' dir='ltr'>αὖθις</span> <span class='ocrx_word' id='word_1_268' title='bbox 3375 1843 3496 1907; x_wconf 85' lang='grc' dir='ltr'>τοῖς</span> <span class='ocrx_word' id='word_1_269' title='bbox 3540 1839 3631 1894; x_wconf 84' lang='grc' dir='ltr'><strong>αὺ-</strong></span> 
     </span>
    </p>
   </div>
   <div class='ocr_carea' id='block_1_36' title="bbox 387 1947 1952 2019">
    <p class='ocr_par' dir='ltr' id='par_1_36' title="bbox 387 1947 1952 2019">
     <span class='ocr_line' id='line_1_36' title="bbox 387 1947 1952 2019; baseline -0.001 -15"><span class='ocrx_word' id='word_1_270' title='bbox 387 1949 456 2005; x_wconf 88' lang='lat' dir='ltr'><strong>ad</strong></span> <span class='ocrx_word' id='word_1_271' title='bbox 476 1950 777 2006; x_wconf 87' lang='lat' dir='ltr'><strong>cavendum</strong></span> <span class='ocrx_word' id='word_1_272' title='bbox 803 1950 1143 2006; x_wconf 84' lang='lat' dir='ltr'><strong>intentiores.</strong></span> <span class='ocrx_word' id='word_1_273' title='bbox 1176 1947 1309 2003; x_wconf 73' lang='lat' dir='ltr'><strong>lure</strong></span> <span class='ocrx_word' id='word_1_274' title='bbox 1339 1949 1523 2018; x_wconf 84' lang='lat' dir='ltr'><strong>itaque</strong></span> <span class='ocrx_word' id='word_1_275' title='bbox 1549 1950 1952 2019; x_wconf 73' lang='lat' dir='ltr'><strong>praeteritarum</strong></span> 
     </span>
    </p>
   </div>
   <div class='ocr_carea' id='block_1_37' title="bbox 387 2035 1950 2115">
    <p class='ocr_par' dir='ltr' id='par_1_37' title="bbox 387 2035 1950 2115">
     <span class='ocr_line' id='line_1_37' title="bbox 387 2035 1950 2115; baseline 0.001 -19"><span class='ocrx_word' id='word_1_276' title='bbox 387 2035 738 2115; x_wconf 86' lang='lat' dir='ltr'><strong>iniquitatum</strong></span> <span class='ocrx_word' id='word_1_277' title='bbox 792 2045 1106 2099; x_wconf 85' lang='lat' dir='ltr'><strong>memoriam</strong></span> <span class='ocrx_word' id='word_1_278' title='bbox 1145 2042 1682 2111; x_wconf 80' lang='lat' dir='ltr'><strong>refrical,docetque</strong></span> <span class='ocrx_word' id='word_1_279' title='bbox 1734 2042 1950 2097; x_wconf 86' lang='lat' dir='ltr'><strong>easdem</strong></span> 
     </span>
    </p>
   </div>
   <div class='ocr_carea' id='block_1_38' title="bbox 389 2128 1954 2203">
    <p class='ocr_par' dir='ltr' id='par_1_38' title="bbox 389 2128 1954 2203">
     <span class='ocr_line' id='line_1_38' title="bbox 389 2128 1954 2203; baseline 0.001 -20"><span class='ocrx_word' id='word_1_280' title='bbox 389 2128 707 2200; x_wconf 85' lang='lat' dir='ltr'><strong>iniquitates</strong></span> <span class='ocrx_word' id='word_1_281' title='bbox 727 2130 829 2187; x_wconf 85' lang='lat' dir='ltr'><strong>sibi</strong></span> <span class='ocrx_word' id='word_1_282' title='bbox 859 2131 989 2185; x_wconf 88' lang='lat' dir='ltr'><strong>olim</strong></span> <span class='ocrx_word' id='word_1_283' title='bbox 1014 2131 1204 2185; x_wconf 87' lang='lat' dir='ltr'><strong>oculos</strong></span> <span class='ocrx_word' id='word_1_284' title='bbox 1234 2130 1528 2196; x_wconf 81' lang='lat' dir='ltr'><strong>obtexisse,</strong></span> <span class='ocrx_word' id='word_1_285' title='bbox 1562 2130 1734 2187; x_wconf 86' lang='lat' dir='ltr'><strong>instar</strong></span> <span class='ocrx_word' id='word_1_286' title='bbox 1764 2130 1954 2203; x_wconf 70' lang='lat' dir='ltr'><strong>caligi-</strong></span> 
     </span>
    </p>
   </div>
   <div class='ocr_carea' id='block_1_39' title="bbox 389 2220 1109 2278">
    <p class='ocr_par' dir='ltr' id='par_1_39' title="bbox 389 2220 1109 2278">
     <span class='ocr_line' id='line_1_39' title="bbox 389 2220 1109 2278; baseline 0.001 -3"><span class='ocrx_word' id='word_1_287' title='bbox 389 2221 479 2277; x_wconf 87' lang='lat' dir='ltr'><strong>nis</strong></span> <span class='ocrx_word' id='word_1_288' title='bbox 506 2223 705 2278; x_wconf 89' lang='lat' dir='ltr'><strong>mentis</strong></span> <span class='ocrx_word' id='word_1_289' title='bbox 732 2223 873 2278; x_wconf 82' lang='lat' dir='ltr'><strong>visui</strong></span> <span class='ocrx_word' id='word_1_290' title='bbox 899 2220 1109 2276; x_wconf 67' lang='lat' dir='ltr'><strong>otl‘usae.</strong></span> 
     </span>
    </p>
   </div>
   <div class='ocr_carea' id='block_1_40' title="bbox 2055 1931 3631 2017">
    <p class='ocr_par' dir='ltr' id='par_1_40' title="bbox 2055 1931 3631 2017">
     <span class='ocr_line' id='line_1_40' title="bbox 2055 1931 3631 2017; baseline -0.009 -18"><span class='ocrx_word' id='word_1_291' title='bbox 2055 1948 2166 2009; x_wconf 80' lang='grc' dir='ltr'>τοῖς</span> <span class='ocrx_word' id='word_1_292' title='bbox 2186 1949 2501 2017; x_wconf 83' lang='grc' dir='ltr'>περιπεσεῖν</span> <span class='ocrx_word' id='word_1_293' title='bbox 2519 1963 2533 1976; x_wconf 82' lang='grc'><em>’</em></span> <span class='ocrx_word' id='word_1_294' title='bbox 2560 1943 2696 2000; x_wconf 82' lang='grc' dir='ltr'>ἀλλὰ</span> <span class='ocrx_word' id='word_1_295' title='bbox 2716 1942 2925 2014; x_wconf 74' lang='grc' dir='ltr'>καὶτῆς</span> <span class='ocrx_word' id='word_1_296' title='bbox 2951 1937 3250 2012; x_wconf 83' lang='grc' dir='ltr'>μεταϐολῆς</span> <span class='ocrx_word' id='word_1_297' title='bbox 3272 1936 3372 2009; x_wconf 85' lang='grc' dir='ltr'>τῆς</span> <span class='ocrx_word' id='word_1_298' title='bbox 3391 1932 3507 1988; x_wconf 78' lang='grc' dir='ltr'>ἀπὸ</span> <span class='ocrx_word' id='word_1_299' title='bbox 3524 1931 3631 1986; x_wconf 80' lang='grc' dir='ltr'><strong>τῶν</strong></span> 
     </span>
    </p>
   </div>
   <div class='ocr_carea' id='block_1_41' title="bbox 2056 2029 3632 2111">
    <p class='ocr_par' dir='ltr' id='par_1_41' title="bbox 2056 2029 3632 2111">
     <span class='ocr_line' id='line_1_41' title="bbox 2056 2029 3632 2111; baseline -0.008 -18"><span class='ocrx_word' id='word_1_300' title='bbox 2056 2040 2313 2111; x_wconf 82' lang='grc' dir='ltr'>χειρόνων</span> <span class='ocrx_word' id='word_1_301' title='bbox 2351 2039 2443 2093; x_wconf 77' lang='grc' dir='ltr'><strong>ἐπὶ</strong></span> <span class='ocrx_word' id='word_1_302' title='bbox 2487 2037 2558 2093; x_wconf 85' lang='grc' dir='ltr'><strong>τά</strong></span> <span class='ocrx_word' id='word_1_303' title='bbox 2607 2037 2801 2109; x_wconf 78' lang='grc' dir='ltr'>βελτίω</span> <span class='ocrx_word' id='word_1_304' title='bbox 2839 2038 2873 2108; x_wconf 86' lang='grc' dir='ltr'><strong>ή</strong></span> <span class='ocrx_word' id='word_1_305' title='bbox 2923 2034 3225 2106; x_wconf 74' lang='grc' dir='ltr'>ἀνάμνησις</span> <span class='ocrx_word' id='word_1_306' title='bbox 3272 2029 3632 2101; x_wconf 77' lang='grc' dir='ltr'>εὐχαρίστους</span> 
     </span>
    </p>
   </div>
   <div class='ocr_carea' id='block_1_42' title="bbox 2056 2121 3636 2204">
    <p class='ocr_par' dir='ltr' id='par_1_42' title="bbox 2056 2121 3636 2204">
     <span class='ocr_line' id='line_1_42' title="bbox 2056 2121 3636 2204; baseline -0.008 -17"><span class='ocrx_word' id='word_1_307' title='bbox 2056 2133 2202 2203; x_wconf 76' lang='grc' dir='ltr'>ἡμᾶς</span> <span class='ocrx_word' id='word_1_308' title='bbox 2250 2131 2617 2204; x_wconf 79' lang='grc' dir='ltr'>ἀπεργάζεται</span> <span class='ocrx_word' id='word_1_309' title='bbox 2681 2130 2775 2184; x_wconf 73' lang='grc' dir='ltr'>καὶ</span> <span class='ocrx_word' id='word_1_310' title='bbox 2823 2126 3244 2199; x_wconf 69' lang='grc' dir='ltr'>συντεταμένως</span> <span class='ocrx_word' id='word_1_311' title='bbox 3293 2123 3503 2197; x_wconf 75' lang='grc' dir='ltr'>μᾶλλον</span> <span class='ocrx_word' id='word_1_312' title='bbox 3559 2121 3636 2184; x_wconf 82' lang='grc' dir='ltr'><strong>είς</strong></span> 
     </span>
    </p>
   </div>
   <div class='ocr_carea' id='block_1_43' title="bbox 2057 2212 3643 2296">
    <p class='ocr_par' dir='ltr' id='par_1_43' title="bbox 2057 2212 3643 2296">
     <span class='ocr_line' id='line_1_43' title="bbox 2057 2212 3643 2296; baseline -0.006 -19"><span class='ocrx_word' id='word_1_313' title='bbox 2057 2226 2347 2296; x_wconf 85' lang='grc' dir='ltr'>προσοχήν.</span> <span class='ocrx_word' id='word_1_314' title='bbox 2390 2223 2629 2285; x_wconf 80' lang='grc' dir='ltr'><strong>Εἰκότως</strong></span> <span class='ocrx_word' id='word_1_315' title='bbox 2670 2221 2849 2275; x_wconf 84' lang='grc' dir='ltr'>τοίνυν</span> <span class='ocrx_word' id='word_1_316' title='bbox 2890 2218 3332 2290; x_wconf 81' lang='grc' dir='ltr'>ὲπαναλαμϐἀνει</span> <span class='ocrx_word' id='word_1_317' title='bbox 3376 2216 3485 2288; x_wconf 86' lang='grc' dir='ltr'><strong>τὴν</strong></span> <span class='ocrx_word' id='word_1_318' title='bbox 3530 2212 3643 2268; x_wconf 83' lang='grc' dir='ltr'><strong>τῶν</strong></span> 
     </span>
    </p>
   </div>
   <div class='ocr_carea' id='block_1_44' title="bbox 392 2306 3638 2387">
    <p class='ocr_par' dir='ltr' id='par_1_44' title="bbox 392 2306 3638 2387">
     <span class='ocr_line' id='line_1_44' title="bbox 392 2306 3638 2387; baseline -0.002 -19"><span class='ocrx_word' id='word_1_319' title='bbox 392 2313 670 2387; x_wconf 82' lang='grc' dir='ltr'>προτέρων</span> <span class='ocrx_word' id='word_1_320' title='bbox 713 2312 877 2367; x_wconf 79' lang='grc' dir='ltr'>αὑτοῦ</span> <span class='ocrx_word' id='word_1_321' title='bbox 917 2313 1154 2384; x_wconf 77' lang='grc' dir='ltr'>ἀνομιῶν</span> <span class='ocrx_word' id='word_1_322' title='bbox 1198 2314 1437 2385; x_wconf 83' lang='grc' dir='ltr'><strong>μνήμην,</strong></span> <span class='ocrx_word' id='word_1_323' title='bbox 1482 2314 1724 2370; x_wconf 77' lang='grc' dir='ltr'>διδάσκει</span> <span class='ocrx_word' id='word_1_324' title='bbox 1776 2332 1859 2382; x_wconf 83' lang='grc' dir='ltr'><strong>τε,</strong></span> <span class='ocrx_word' id='word_1_325' title='bbox 1915 2314 1993 2381; x_wconf 82' lang='grc' dir='ltr'><strong>ὡς</strong></span> <span class='ocrx_word' id='word_1_326' title='bbox 2027 2318 2153 2381; x_wconf 80' lang='grc' dir='ltr'>τοὺς</span> <span class='ocrx_word' id='word_1_327' title='bbox 2192 2316 2292 2387; x_wconf 79' lang='grc' dir='ltr'>τῆς</span> <span class='ocrx_word' id='word_1_328' title='bbox 2331 2316 2509 2387; x_wconf 82' lang='grc' dir='ltr'>ψυχῆς</span> <span class='ocrx_word' id='word_1_329' title='bbox 2537 2314 2849 2386; x_wconf 78' lang='grc' dir='ltr'>ὀφθαλμοὺς</span> <span class='ocrx_word' id='word_1_330' title='bbox 2880 2310 3057 2384; x_wconf 81' lang='grc' dir='ltr'>καιρῷ</span> <span class='ocrx_word' id='word_1_331' title='bbox 3089 2325 3195 2365; x_wconf 88' lang='grc' dir='ltr'>τινι</span> <span class='ocrx_word' id='word_1_332' title='bbox 3258 2306 3638 2376; x_wconf 74' lang='grc' dir='ltr'>συνεκάλυψαν</span> 
     </span>
    </p>
   </div>
   <div class='ocr_carea' id='block_1_45' title="bbox 389 2407 2488 2483">
    <p class='ocr_par' dir='ltr' id='par_1_45' title="bbox 389 2407 2488 2483">
     <span class='ocr_line' id='line_1_45' title="bbox 389 2407 2488 2483; baseline 0.001 -20"><span class='ocrx_word' id='word_1_333' title='bbox 389 2411 446 2463; x_wconf 81' lang='grc' dir='ltr'>αἱ</span> <span class='ocrx_word' id='word_1_334' title='bbox 474 2410 691 2480; x_wconf 81' lang='grc' dir='ltr'>ἀνομίαι</span> <span class='ocrx_word' id='word_1_335' title='bbox 720 2408 905 2474; x_wconf 74' lang='grc' dir='ltr'>αὐτοῦ,</span> <span class='ocrx_word' id='word_1_336' title='bbox 926 2409 1082 2481; x_wconf 85' lang='grc' dir='ltr'>δίκην</span> <span class='ocrx_word' id='word_1_337' title='bbox 1112 2407 1307 2480; x_wconf 82' lang='grc' dir='ltr'>ἀχλύος</span> <span class='ocrx_word' id='word_1_338' title='bbox 1334 2408 1414 2481; x_wconf 85' lang='grc' dir='ltr'><strong>τῷ</strong></span> <span class='ocrx_word' id='word_1_339' title='bbox 1450 2409 1549 2481; x_wconf 81' lang='grc' dir='ltr'>τῆς</span> <span class='ocrx_word' id='word_1_340' title='bbox 1575 2410 1812 2474; x_wconf 79' lang='grc' dir='ltr'>διανοίας</span> <span class='ocrx_word' id='word_1_341' title='bbox 1841 2409 2111 2483; x_wconf 68' lang='grc' dir='ltr'>βλαπτικῷ</span> <span class='ocrx_word' id='word_1_342' title='bbox 2133 2410 2488 2482; x_wconf 82' lang='grc' dir='ltr'>ὲπιχυθεῖσαι.</span> 
     </span>
    </p>
   </div>
   <div class='ocr_carea' id='block_1_46' title="bbox 458 2515 1957 2597">
    <p class='ocr_par' dir='ltr' id='par_1_46' title="bbox 458 2524 1956 2597">
     <span class='ocr_line' id='line_1_46' title="bbox 458 2524 1956 2597; baseline 0.001 -17"><span class='ocrx_word' id='word_1_343' title='bbox 458 2524 689 2595; x_wconf 73' lang='lat' dir='ltr'><strong>Reliqua</strong></span> <span class='ocrx_word' id='word_1_344' title='bbox 710 2539 840 2579; x_wconf 87' lang='lat' dir='ltr'><strong>vero</strong></span> <span class='ocrx_word' id='word_1_345' title='bbox 860 2532 1261 2595; x_wconf 86' lang='lat' dir='ltr'><strong>consequenter</strong></span> <span class='ocrx_word' id='word_1_346' title='bbox 1288 2525 1354 2580; x_wconf 89' lang='lat' dir='ltr'><strong>ad</strong></span> <span class='ocrx_word' id='word_1_347' title='bbox 1383 2525 1640 2597; x_wconf 63' lang='lat' dir='ltr'><strong>praedicta</strong></span> <span class='ocrx_word' id='word_1_348' title='bbox 1675 2525 1956 2581; x_wconf 79' lang='lat' dir='ltr'><strong>feruntur:</strong></span> 
     </span>
    </p>
   </div>
   <div class='ocr_carea' id='block_1_47' title="bbox 2060 2515 3641 2597">
    <p class='ocr_par' dir='ltr' id='par_1_47' title="bbox 2133 2515 3641 2595">
     <span class='ocr_line' id='line_1_47' title="bbox 2133 2515 3641 2595; baseline -0.005 -17"><span class='ocrx_word' id='word_1_349' title='bbox 2133 2525 2213 2580; x_wconf 79' lang='grc' dir='ltr'><strong>Τὰ</strong></span> <span class='ocrx_word' id='word_1_350' title='bbox 2239 2525 2296 2579; x_wconf 76' lang='grc' dir='ltr'>δὲ</span> <span class='ocrx_word' id='word_1_351' title='bbox 2323 2525 2485 2578; x_wconf 85' lang='grc' dir='ltr'>λοιπὰ</span> <span class='ocrx_word' id='word_1_352' title='bbox 2508 2526 2621 2588; x_wconf 84' lang='grc' dir='ltr'>τοῖς</span> <span class='ocrx_word' id='word_1_353' title='bbox 2642 2522 3056 2595; x_wconf 82' lang='grc' dir='ltr'>προειρημένοις</span> <span class='ocrx_word' id='word_1_354' title='bbox 3086 2517 3391 2582; x_wconf 76' lang='grc' dir='ltr'>ἀκολούθως</span> <span class='ocrx_word' id='word_1_355' title='bbox 3408 2535 3422 2548; x_wconf 91' lang='grc'><strong>·</strong></span> <span class='ocrx_word' id='word_1_356' title='bbox 3453 2515 3641 2572; x_wconf 75' lang='grc' dir='ltr'>Εὐδό*</span> 
     </span>
    </p>
   </div>
   <div class='ocr_carea' id='block_1_48' title="bbox 393 2608 1957 2686">
    <p class='ocr_par' dir='ltr' id='par_1_48' title="bbox 393 2617 1957 2686">
     <span class='ocr_line' id='line_1_48' title="bbox 393 2617 1957 2686; baseline -0.001 -13"><span class='ocrx_word' id='word_1_357' title='bbox 393 2618 730 2686; x_wconf 81' lang='lat' dir='ltr'><strong>Complaceat</strong></span> <span class='ocrx_word' id='word_1_358' title='bbox 764 2619 879 2682; x_wconf 84' lang='lat' dir='ltr'><strong>tibi,</strong></span> <span class='ocrx_word' id='word_1_359' title='bbox 912 2618 1154 2682; x_wconf 81' lang='lat' dir='ltr'><strong>Domine,</strong></span> <span class='ocrx_word' id='word_1_360' title='bbox 1181 2628 1238 2671; x_wconf 90' lang='lat' dir='ltr'><strong>ut</strong></span> <span class='ocrx_word' id='word_1_361' title='bbox 1266 2632 1422 2671; x_wconf 84' lang='lat' dir='ltr'><strong>eruas</strong></span> <span class='ocrx_word' id='word_1_362' title='bbox 1452 2634 1532 2673; x_wconf 89' lang='lat' dir='ltr'><strong>me</strong></span> <span class='ocrx_word' id='word_1_363' title='bbox 1568 2635 1587 2672; x_wconf 90' lang='lat'><strong><em>:</em></strong></span> <span class='ocrx_word' id='word_1_364' title='bbox 1611 2617 1851 2685; x_wconf 82' lang='lat' dir='ltr'><strong>Domine,</strong></span> <span class='ocrx_word' id='word_1_365' title='bbox 1891 2619 1957 2671; x_wconf 84' lang='lat' dir='ltr'><strong>ad</strong></span> 
     </span>
    </p>
   </div>
   <div class='ocr_carea' id='block_1_49' title="bbox 2060 2608 3638 2686">
    <p class='ocr_par' dir='ltr' id='par_1_49' title="bbox 2062 2608 3638 2686">
     <span class='ocr_line' id='line_1_49' title="bbox 2062 2608 3638 2686; baseline -0.006 -14"><span class='ocrx_word' id='word_1_366' title='bbox 2062 2631 2278 2686; x_wconf 77' lang='grc' dir='ltr'>κησον,</span> <span class='ocrx_word' id='word_1_367' title='bbox 2316 2617 2514 2685; x_wconf 85' lang='grc' dir='ltr'>Κύριε,</span> <span class='ocrx_word' id='word_1_368' title='bbox 2551 2615 2679 2686; x_wconf 63' lang='grc' dir='ltr'>τοῦ,</span> <span class='ocrx_word' id='word_1_369' title='bbox 2691 2613 2999 2683; x_wconf 72' lang='grc' dir='ltr'>ῥύσασθαί</span> <span class='ocrx_word' id='word_1_370' title='bbox 3037 2628 3144 2682; x_wconf 78' lang='grc' dir='ltr'>με·</span> <span class='ocrx_word' id='word_1_371' title='bbox 3196 2613 3396 2681; x_wconf 79' lang='grc' dir='ltr'>Κύριε,</span> <span class='ocrx_word' id='word_1_372' title='bbox 3441 2612 3538 2677; x_wconf 77' lang='grc' dir='ltr'>εις</span> <span class='ocrx_word' id='word_1_373' title='bbox 3577 2608 3638 2662; x_wconf 84' lang='grc' dir='ltr'>τὸ</span> 
     </span>
    </p>
   </div>
   <div class='ocr_carea' id='block_1_50' title="bbox 324 2703 1957 2784">
    <p class='ocr_par' dir='ltr' id='par_1_50' title="bbox 324 2708 1957 2784">
     <span class='ocr_line' id='line_1_50' title="bbox 324 2708 1957 2784; baseline -0.001 -19"><span class='ocrx_word' id='word_1_374' title='bbox 324 2768 340 2784; x_wconf 51' lang='grc' dir='ltr'><strong>ο</strong></span> <span class='ocrx_word' id='word_1_375' title='bbox 391 2709 749 2781; x_wconf 74' lang='lat' dir='ltr'><strong>adjuvandum</strong></span> <span class='ocrx_word' id='word_1_376' title='bbox 777 2725 856 2765; x_wconf 87' lang='lat' dir='ltr'><strong>me</strong></span> <span class='ocrx_word' id='word_1_377' title='bbox 876 2711 1090 2779; x_wconf 79' lang='lat' dir='ltr'><strong>respice.</strong></span> <span class='ocrx_word' id='word_1_378' title='bbox 1119 2708 1527 2779; x_wconf 83' lang='lat' dir='ltr'><strong>Coufundantur</strong></span> <span class='ocrx_word' id='word_1_379' title='bbox 1551 2718 1600 2763; x_wconf 87' lang='lat' dir='ltr'><strong>et</strong></span> <span class='ocrx_word' id='word_1_380' title='bbox 1630 2718 1957 2764; x_wconf 78' lang='lat' dir='ltr'><strong>rerereantur</strong></span> 
     </span>
    </p>
   </div>
   <div class='ocr_carea' id='block_1_51' title="bbox 2060 2703 3638 2784">
    <p class='ocr_par' dir='ltr' id='par_1_51' title="bbox 2060 2703 3638 2779">
     <span class='ocr_line' id='line_1_51' title="bbox 2060 2703 3638 2779; baseline -0.004 -14"><span class='ocrx_word' id='word_1_381' title='bbox 2060 2707 2363 2778; x_wconf 78' lang='grc' dir='ltr'>βοηθῆσαί</span> <span class='ocrx_word' id='word_1_382' title='bbox 2407 2725 2507 2779; x_wconf 85' lang='grc' dir='ltr'><strong>μοι</strong></span> <span class='ocrx_word' id='word_1_383' title='bbox 2558 2710 2843 2778; x_wconf 80' lang='grc' dir='ltr'>πρόσχες.</span> <span class='ocrx_word' id='word_1_384' title='bbox 2893 2706 3503 2777; x_wconf 75' lang='grc' dir='ltr'>Καταισχυνθείησαν</span> <span class='ocrx_word' id='word_1_385' title='bbox 3548 2703 3638 2759; x_wconf 80' lang='grc' dir='ltr'><strong>καί</strong></span> 
     </span>
    </p>
   </div>
   <div class='ocr_carea' id='block_1_52' title="bbox 392 2798 1957 2875">
    <p class='ocr_par' dir='ltr' id='par_1_52' title="bbox 392 2801 1956 2875">
     <span class='ocr_line' id='line_1_52' title="bbox 392 2801 1956 2875; baseline -0.001 -17"><span class='ocrx_word' id='word_1_386' title='bbox 392 2804 553 2858; x_wconf 80' lang='lat' dir='ltr'><strong>simul</strong></span> <span class='ocrx_word' id='word_1_387' title='bbox 576 2804 665 2875; x_wconf 90' lang='lat' dir='ltr'><strong>qui</strong></span> <span class='ocrx_word' id='word_1_388' title='bbox 686 2812 930 2874; x_wconf 70' lang='lat' dir='ltr'><strong>quarunt</strong></span> <span class='ocrx_word' id='word_1_389' title='bbox 967 2804 1202 2857; x_wconf 79' lang='lat' dir='ltr'><strong>animum</strong></span> <span class='ocrx_word' id='word_1_390' title='bbox 1251 2818 1421 2856; x_wconf 89' lang='lat' dir='ltr'><strong>meam</strong></span> <span class='ocrx_word' id='word_1_391' title='bbox 1448 2812 1503 2855; x_wconf 92' lang='lat' dir='ltr'><strong>ut</strong></span> <span class='ocrx_word' id='word_1_392' title='bbox 1538 2801 1783 2873; x_wconf 83' lang='lat' dir='ltr'><strong>auferant</strong></span> <span class='ocrx_word' id='word_1_393' title='bbox 1817 2818 1956 2857; x_wconf 88' lang='lat' dir='ltr'><strong>eam.</strong></span> 
     </span>
    </p>
   </div>
   <div class='ocr_carea' id='block_1_53' title="bbox 2060 2798 3638 2875">
    <p class='ocr_par' dir='ltr' id='par_1_53' title="bbox 2060 2798 3638 2872">
     <span class='ocr_line' id='line_1_53' title="bbox 2060 2798 3638 2872; baseline -0.003 -14"><span class='ocrx_word' id='word_1_394' title='bbox 2060 2802 2502 2872; x_wconf 66' lang='grc' dir='ltr'>ἐτι-τραπείησαν</span> <span class='ocrx_word' id='word_1_395' title='bbox 2532 2802 2653 2872; x_wconf 82' lang='grc' dir='ltr'>ἅμα</span> <span class='ocrx_word' id='word_1_396' title='bbox 2683 2804 2735 2855; x_wconf 77' lang='grc' dir='ltr'>οἱ</span> <span class='ocrx_word' id='word_1_397' title='bbox 2768 2800 3083 2869; x_wconf 72' lang='grc' dir='ltr'>ζητοῦντες</span> <span class='ocrx_word' id='word_1_398' title='bbox 3122 2800 3236 2866; x_wconf 79' lang='grc' dir='ltr'><strong>τὴν</strong></span> <span class='ocrx_word' id='word_1_399' title='bbox 3271 2798 3495 2869; x_wconf 73' lang='grc' dir='ltr'>ψυχήν</span> <span class='ocrx_word' id='word_1_400' title='bbox 3527 2816 3638 2869; x_wconf 85' lang='grc' dir='ltr'><strong>μου</strong></span> 
     </span>
    </p>
   </div>
   <div class='ocr_carea' id='block_1_54' title="bbox 393 2891 1957 2964">
    <p class='ocr_par' dir='ltr' id='par_1_54' title="bbox 393 2891 1957 2963">
     <span class='ocr_line' id='line_1_54' title="bbox 393 2891 1957 2963; baseline -0.003 -13"><span class='ocrx_word' id='word_1_401' title='bbox 393 2894 779 2951; x_wconf 78' lang='lat' dir='ltr'><strong>Convertuntur</strong></span> <span class='ocrx_word' id='word_1_402' title='bbox 832 2905 1121 2950; x_wconf 76' lang='lat' dir='ltr'><strong>retrorsum</strong></span> <span class='ocrx_word' id='word_1_403' title='bbox 1176 2902 1229 2948; x_wconf 90' lang='lat' dir='ltr'><strong>et</strong></span> <span class='ocrx_word' id='word_1_404' title='bbox 1279 2905 1614 2948; x_wconf 84' lang='lat' dir='ltr'><strong>revereantur</strong></span> <span class='ocrx_word' id='word_1_405' title='bbox 1643 2894 1734 2963; x_wconf 87' lang='lat' dir='ltr'><strong>qui</strong></span> <span class='ocrx_word' id='word_1_406' title='bbox 1784 2891 1957 2947; x_wconf 78' lang='lat' dir='ltr'><strong>uolunt</strong></span> 
     </span>
    </p>
   </div>
   <div class='ocr_carea' id='block_1_55' title="bbox 2060 2891 3639 2964">
    <p class='ocr_par' dir='ltr' id='par_1_55' title="bbox 2061 2891 3639 2964">
     <span class='ocr_line' id='line_1_55' title="bbox 2061 2891 3639 2964; baseline -0.003 -15"><span class='ocrx_word' id='word_1_407' title='bbox 2061 2897 2169 2951; x_wconf 83' lang='grc' dir='ltr'>τοῦ</span> <span class='ocrx_word' id='word_1_408' title='bbox 2205 2893 2410 2964; x_wconf 80' lang='grc' dir='ltr'>ἐξᾶραι</span> <span class='ocrx_word' id='word_1_409' title='bbox 2441 2894 2651 2961; x_wconf 82' lang='grc' dir='ltr'>αὐτήν.</span> <span class='ocrx_word' id='word_1_410' title='bbox 2670 2895 3215 2963; x_wconf 70' lang='grc' dir='ltr'>Ἀποστραφείησαν</span> <span class='ocrx_word' id='word_1_411' title='bbox 3239 2894 3326 2959; x_wconf 83' lang='grc' dir='ltr'>εὶς</span> <span class='ocrx_word' id='word_1_412' title='bbox 3348 2891 3423 2946; x_wconf 81' lang='grc' dir='ltr'>τὰ</span> <span class='ocrx_word' id='word_1_413' title='bbox 3446 2892 3639 2947; x_wconf 69' lang='grc' dir='ltr'>ὀπίσω</span> 
     </span>
    </p>
   </div>
   <div class='ocr_carea' id='block_1_56' title="bbox 392 2984 1957 3058">
    <p class='ocr_par' dir='ltr' id='par_1_56' title="bbox 392 2985 1957 3058">
     <span class='ocr_line' id='line_1_56' title="bbox 392 2985 1957 3058; baseline -0.002 -16"><span class='ocrx_word' id='word_1_414' title='bbox 392 2989 521 3044; x_wconf 82' lang='lat' dir='ltr'><strong>mihi</strong></span> <span class='ocrx_word' id='word_1_415' title='bbox 546 2990 710 3044; x_wconf 80' lang='lat' dir='ltr'><strong>mala.</strong></span> <span class='ocrx_word' id='word_1_416' title='bbox 744 2986 945 3043; x_wconf 87' lang='lat' dir='ltr'><strong>Ferant</strong></span> <span class='ocrx_word' id='word_1_417' title='bbox 973 2988 1247 3058; x_wconf 73' lang='lat' dir='ltr'><strong>confestim</strong></span> <span class='ocrx_word' id='word_1_418' title='bbox 1288 2987 1652 3058; x_wconf 77' lang='lat' dir='ltr'><strong>confusionem</strong></span> <span class='ocrx_word' id='word_1_419' title='bbox 1688 3003 1843 3043; x_wconf 88' lang='lat' dir='ltr'><strong>suam</strong></span> <span class='ocrx_word' id='word_1_420' title='bbox 1872 2985 1957 3056; x_wconf 84' lang='lat' dir='ltr'><strong>qui</strong></span> 
     </span>
    </p>
   </div>
   <div class='ocr_carea' id='block_1_57' title="bbox 2060 2984 3635 3058">
    <p class='ocr_par' dir='ltr' id='par_1_57' title="bbox 2060 2984 3635 3058">
     <span class='ocr_line' id='line_1_57' title="bbox 2060 2984 3635 3058; baseline -0.003 -15"><span class='ocrx_word' id='word_1_421' title='bbox 2060 2988 2158 3043; x_wconf 80' lang='grc' dir='ltr'><strong>καί</strong></span> <span class='ocrx_word' id='word_1_422' title='bbox 2199 2988 2785 3058; x_wconf 75' lang='grc' dir='ltr'>καταισχυνθείησαν</span> <span class='ocrx_word' id='word_1_423' title='bbox 2808 2990 2864 3043; x_wconf 77' lang='lat' dir='ltr'><strong>oi</strong></span> <span class='ocrx_word' id='word_1_424' title='bbox 2890 2987 3167 3055; x_wconf 70' lang='grc' dir='ltr'>θέλοντές</span> <span class='ocrx_word' id='word_1_425' title='bbox 3183 3003 3286 3057; x_wconf 83' lang='grc' dir='ltr'><strong>μοι</strong></span> <span class='ocrx_word' id='word_1_426' title='bbox 3317 2984 3502 3041; x_wconf 77' lang='grc' dir='ltr'>κακά.</span> <span class='ocrx_word' id='word_1_427' title='bbox 3529 2984 3635 3039; x_wconf 84' lang='lat' dir='ltr'><strong>Ko-</strong></span> 
     </span>
    </p>
   </div>
   <div class='ocr_carea' id='block_1_58' title="bbox 391 3074 1957 3151">
    <p class='ocr_par' dir='ltr' id='par_1_58' title="bbox 391 3075 1957 3149">
     <span class='ocr_line' id='line_1_58' title="bbox 391 3075 1957 3149; baseline 0 -18"><span class='ocrx_word' id='word_1_428' title='bbox 391 3078 574 3133; x_wconf 82' lang='lat' dir='ltr'><strong>dicunt</strong></span> <span class='ocrx_word' id='word_1_429' title='bbox 602 3078 768 3133; x_wconf 82' lang='lat' dir='ltr'><strong>mihi:</strong></span> <span class='ocrx_word' id='word_1_430' title='bbox 800 3079 965 3149; x_wconf 85' lang='lat' dir='ltr'><strong>Euge.</strong></span> <span class='ocrx_word' id='word_1_431' title='bbox 992 3076 1157 3148; x_wconf 83' lang='lat' dir='ltr'><strong>Euge.</strong></span> <span class='ocrx_word' id='word_1_432' title='bbox 1186 3075 1341 3131; x_wconf 80' lang='lat' dir='ltr'><strong>Nunc</strong></span> <span class='ocrx_word' id='word_1_433' title='bbox 1363 3093 1585 3149; x_wconf 92' lang='lat' dir='ltr'><strong>quoque</strong></span> <span class='ocrx_word' id='word_1_434' title='bbox 1613 3077 1784 3134; x_wconf 84' lang='lat' dir='ltr'><strong>sentit</strong></span> <span class='ocrx_word' id='word_1_435' title='bbox 1822 3077 1957 3131; x_wconf 88' lang='lat' dir='ltr'><strong>mul-</strong></span> 
     </span>
    </p>
   </div>
   <div class='ocr_carea' id='block_1_59' title="bbox 2060 3074 3637 3151">
    <p class='ocr_par' dir='ltr' id='par_1_59' title="bbox 2060 3074 3637 3151">
     <span class='ocr_line' id='line_1_59' title="bbox 2060 3074 3637 3151; baseline -0.001 -17"><span class='ocrx_word' id='word_1_436' title='bbox 2060 3080 2458 3150; x_wconf 80' lang='grc' dir='ltr'>μισάσθωσαν</span> <span class='ocrx_word' id='word_1_437' title='bbox 2497 3080 2857 3151; x_wconf 78' lang='grc' dir='ltr'>παραχρῆμα</span> <span class='ocrx_word' id='word_1_438' title='bbox 2897 3080 3200 3150; x_wconf 74' lang='grc' dir='ltr'>αἰσχύνην</span> <span class='ocrx_word' id='word_1_439' title='bbox 3233 3075 3433 3133; x_wconf 76' lang='grc' dir='ltr'>αὐτῶν</span> <span class='ocrx_word' id='word_1_440' title='bbox 3460 3080 3521 3133; x_wconf 81' lang='grc' dir='ltr'>οἱ</span> <span class='ocrx_word' id='word_1_441' title='bbox 3545 3074 3637 3132; x_wconf 64' lang='grc' dir='ltr'>,ζέε</span> 
     </span>
    </p>
   </div>
   <div class='ocr_carea' id='block_1_60' title="bbox 394 3167 1957 3243">
    <p class='ocr_par' dir='ltr' id='par_1_60' title="bbox 394 3169 1957 3239">
     <span class='ocr_line' id='line_1_60' title="bbox 394 3169 1957 3239; baseline -0.001 -14"><span class='ocrx_word' id='word_1_442' title='bbox 394 3179 482 3227; x_wconf 89' lang='lat' dir='ltr'><strong>tos</strong></span> <span class='ocrx_word' id='word_1_443' title='bbox 511 3173 706 3226; x_wconf 68' lang='lat' dir='ltr'><strong>animm</strong></span> <span class='ocrx_word' id='word_1_444' title='bbox 748 3185 863 3227; x_wconf 74' lang='lat' dir='ltr'><strong>sua:</strong></span> <span class='ocrx_word' id='word_1_445' title='bbox 897 3171 1260 3227; x_wconf 70' lang='lat' dir='ltr'><strong>adversarios.</strong></span> <span class='ocrx_word' id='word_1_446' title='bbox 1288 3186 1366 3226; x_wconf 71' lang='lat' dir='ltr'><strong>ac&#39;</strong></span> <span class='ocrx_word' id='word_1_447' title='bbox 1396 3186 1460 3225; x_wconf 85' lang='lat' dir='ltr'><strong>ea</strong></span> <span class='ocrx_word' id='word_1_448' title='bbox 1508 3169 1575 3224; x_wconf 92' lang='lat' dir='ltr'><strong>de</strong></span> <span class='ocrx_word' id='word_1_449' title='bbox 1623 3184 1788 3225; x_wconf 88' lang='lat' dir='ltr'><strong>causa</strong></span> <span class='ocrx_word' id='word_1_450' title='bbox 1826 3184 1957 3239; x_wconf 67' lang='lat' dir='ltr'><strong>prte-</strong></span> 
     </span>
    </p>
   </div>
   <div class='ocr_carea' id='block_1_61' title="bbox 2060 3167 3637 3243">
    <p class='ocr_par' dir='ltr' id='par_1_61' title="bbox 2060 3167 3637 3243">
     <span class='ocr_line' id='line_1_61' title="bbox 2060 3167 3637 3243; baseline -0.003 -16"><span class='ocrx_word' id='word_1_451' title='bbox 2060 3173 2267 3243; x_wconf 81' lang='grc' dir='ltr'>τοντές</span> <span class='ocrx_word' id='word_1_452' title='bbox 2283 3189 2412 3242; x_wconf 82' lang='grc' dir='ltr'>μοι·</span> <span class='ocrx_word' id='word_1_453' title='bbox 2445 3168 2622 3243; x_wconf 71' lang='grc' dir='ltr'>Εὖγε,</span> <span class='ocrx_word' id='word_1_454' title='bbox 2656 3167 2946 3242; x_wconf 76' lang='grc' dir='ltr'>εὖγε.Ἔτι</span> <span class='ocrx_word' id='word_1_455' title='bbox 2977 3171 3069 3225; x_wconf 77' lang='grc' dir='ltr'>καὶ</span> <span class='ocrx_word' id='word_1_456' title='bbox 3102 3170 3194 3225; x_wconf 82' lang='grc' dir='ltr'>νῦν</span> <span class='ocrx_word' id='word_1_457' title='bbox 3224 3168 3475 3223; x_wconf 77' lang='grc' dir='ltr'>αἴσθεται</span> <span class='ocrx_word' id='word_1_458' title='bbox 3510 3169 3637 3223; x_wconf 73' lang='grc' dir='ltr'>πολι</span> 
     </span>
    </p>
   </div>
   <div class='ocr_carea' id='block_1_62' title="bbox 397 3256 1957 3358">
    <p class='ocr_par' dir='ltr' id='par_1_62' title="bbox 397 3256 1957 3328">
     <span class='ocr_line' id='line_1_62' title="bbox 397 3256 1957 3328; baseline -0.004 -12"><span class='ocrx_word' id='word_1_459' title='bbox 397 3268 604 3316; x_wconf 87' lang='lat' dir='ltr'><strong>sentem</strong></span> <span class='ocrx_word' id='word_1_460' title='bbox 634 3259 937 3315; x_wconf 89' lang='lat' dir='ltr'><strong>orationem</strong></span> <span class='ocrx_word' id='word_1_461' title='bbox 970 3260 1192 3314; x_wconf 87' lang='lat' dir='ltr'><strong>emittit.</strong></span> <span class='ocrx_word' id='word_1_462' title='bbox 1230 3257 1415 3328; x_wconf 89' lang='lat' dir='ltr'><strong>Neque</strong></span> <span class='ocrx_word' id='word_1_463' title='bbox 1447 3257 1594 3312; x_wconf 87' lang='lat' dir='ltr'><strong>enim</strong></span> <span class='ocrx_word' id='word_1_464' title='bbox 1627 3264 1846 3313; x_wconf 87' lang='lat' dir='ltr'><strong>cessant</strong></span> <span class='ocrx_word' id='word_1_465' title='bbox 1880 3256 1957 3309; x_wconf 90' lang='lat' dir='ltr'><strong>in-</strong></span> 
     </span>
    </p>
   </div>
   <div class='ocr_carea' id='block_1_63' title="bbox 2060 3256 3634 3358">
    <p class='ocr_par' dir='ltr' id='par_1_63' title="bbox 2067 3262 3634 3338">
     <span class='ocr_line' id='line_1_63' title="bbox 2067 3262 3634 3338; baseline -0.002 -19"><span class='ocrx_word' id='word_1_466' title='bbox 2067 3265 2173 3320; x_wconf 85' lang='grc' dir='ltr'>λῶν</span> <span class='ocrx_word' id='word_1_467' title='bbox 2191 3268 2318 3337; x_wconf 66' lang='grc' dir='ltr'>περὶ</span> <span class='ocrx_word' id='word_1_468' title='bbox 2360 3265 2518 3320; x_wconf 81' lang='grc' dir='ltr'>αὐτὸν</span> <span class='ocrx_word' id='word_1_469' title='bbox 2556 3265 2766 3338; x_wconf 80' lang='grc' dir='ltr'>ἐχθρῶν</span> <span class='ocrx_word' id='word_1_470' title='bbox 2799 3264 3158 3336; x_wconf 77' lang='grc' dir='ltr'>ἐπικειμένων</span> <span class='ocrx_word' id='word_1_471' title='bbox 3181 3266 3247 3336; x_wconf 79' lang='grc' dir='ltr'>τῇ</span> <span class='ocrx_word' id='word_1_472' title='bbox 3271 3262 3436 3317; x_wconf 77' lang='grc' dir='ltr'>αὑτοῦ</span> <span class='ocrx_word' id='word_1_473' title='bbox 3466 3264 3634 3335; x_wconf 72' lang='grc' dir='ltr'>ψυχῇ,</span> 
     </span>
    </p>
   </div>
   <div class='ocr_carea' id='block_1_64' title="bbox 393 3346 1959 3420">
    <p class='ocr_par' dir='ltr' id='par_1_64' title="bbox 393 3346 1959 3420">
     <span class='ocr_line' id='line_1_64' title="bbox 393 3346 1959 3420; baseline -0.001 -17"><span class='ocrx_word' id='word_1_474' title='bbox 393 3350 580 3405; x_wconf 77' lang='lat' dir='ltr'><strong>videre</strong></span> <span class='ocrx_word' id='word_1_475' title='bbox 600 3347 857 3420; x_wconf 79' lang='lat' dir='ltr'><strong>perfectis</strong></span> <span class='ocrx_word' id='word_1_476' title='bbox 895 3356 951 3402; x_wconf 89' lang='lat' dir='ltr'><strong>et</strong></span> <span class='ocrx_word' id='word_1_477' title='bbox 983 3349 1036 3402; x_wconf 92' lang='lat' dir='ltr'><strong>in</strong></span> <span class='ocrx_word' id='word_1_478' title='bbox 1068 3356 1220 3418; x_wconf 65' lang='lat' dir='ltr'><strong>petra</strong></span> <span class='ocrx_word' id='word_1_479' title='bbox 1248 3348 1642 3418; x_wconf 81' lang='lat' dir='ltr'><strong>gradientibus.</strong></span> <span class='ocrx_word' id='word_1_480' title='bbox 1683 3346 1863 3413; x_wconf 85' lang='lat' dir='ltr'><strong>Quare</strong></span> <span class='ocrx_word' id='word_1_481' title='bbox 1890 3346 1959 3402; x_wconf 83' lang='lat' dir='ltr'><strong>ab</strong></span> 
     </span>
    </p>
   </div>
   <div class='ocr_carea' id='block_1_65' title="bbox 396 3435 1961 3510">
    <p class='ocr_par' dir='ltr' id='par_1_65' title="bbox 396 3435 1961 3510">
     <span class='ocr_line' id='line_1_65' title="bbox 396 3435 1961 3510; baseline -0.002 -16"><span class='ocrx_word' id='word_1_482' title='bbox 396 3440 469 3495; x_wconf 83' lang='lat' dir='ltr'><strong>iis</strong></span> <span class='ocrx_word' id='word_1_483' title='bbox 492 3438 708 3494; x_wconf 88' lang='lat' dir='ltr'><strong>liberari</strong></span> <span class='ocrx_word' id='word_1_484' title='bbox 737 3454 798 3494; x_wconf 89' lang='lat' dir='ltr'><strong>se</strong></span> <span class='ocrx_word' id='word_1_485' title='bbox 835 3451 1010 3510; x_wconf 67' lang='lat' dir='ltr'><strong>rogat,</strong></span> <span class='ocrx_word' id='word_1_486' title='bbox 1054 3441 1129 3493; x_wconf 86' lang='lat' dir='ltr'><strong>ita</strong></span> <span class='ocrx_word' id='word_1_487' title='bbox 1171 3447 1233 3492; x_wconf 93' lang='lat' dir='ltr'><strong>ut</strong></span> <span class='ocrx_word' id='word_1_488' title='bbox 1263 3439 1339 3493; x_wconf 91' lang='lat' dir='ltr'><strong>illi</strong></span> <span class='ocrx_word' id='word_1_489' title='bbox 1367 3436 1585 3509; x_wconf 88' lang='lat' dir='ltr'><strong>quidem</strong></span> <span class='ocrx_word' id='word_1_490' title='bbox 1616 3435 1961 3493; x_wconf 81' lang='lat' dir='ltr'><strong>confundan-</strong></span> 
     </span>
    </p>
   </div>
   <div class='ocr_carea' id='block_1_66' title="bbox 400 3528 1960 3601">
    <p class='ocr_par' dir='ltr' id='par_1_66' title="bbox 400 3528 1960 3601">
     <span class='ocr_line' id='line_1_66' title="bbox 400 3528 1960 3601; baseline -0.001 -17"><span class='ocrx_word' id='word_1_491' title='bbox 400 3540 490 3584; x_wconf 91' lang='lat' dir='ltr'><strong>tur</strong></span> <span class='ocrx_word' id='word_1_492' title='bbox 528 3537 585 3586; x_wconf 93' lang='lat' dir='ltr'><strong>et</strong></span> <span class='ocrx_word' id='word_1_493' title='bbox 643 3529 851 3601; x_wconf 89' lang='lat' dir='ltr'><strong>pudore</strong></span> <span class='ocrx_word' id='word_1_494' title='bbox 905 3528 1211 3583; x_wconf 84' lang='lat' dir='ltr'><strong>alliciautur</strong></span> <span class='ocrx_word' id='word_1_495' title='bbox 1265 3529 1362 3599; x_wconf 89' lang='lat' dir='ltr'><strong>qui</strong></span> <span class='ocrx_word' id='word_1_496' title='bbox 1411 3530 1684 3599; x_wconf 64' lang='lat' dir='ltr'><strong>quaaruut~</strong></span> <span class='ocrx_word' id='word_1_497' title='bbox 1723 3528 1960 3583; x_wconf 87' lang='lat' dir='ltr'><strong>animam</strong></span> 
     </span>
    </p>
   </div>
   <div class='ocr_carea' id='block_1_67' title="bbox 398 3619 1963 3696">
    <p class='ocr_par' dir='ltr' id='par_1_67' title="bbox 398 3619 1963 3696">
     <span class='ocr_line' id='line_1_67' title="bbox 398 3619 1963 3696; baseline -0.004 -17"><span class='ocrx_word' id='word_1_498' title='bbox 398 3624 598 3696; x_wconf 72' lang='lat' dir='ltr'><strong>ipsius,</strong></span> <span class='ocrx_word' id='word_1_499' title='bbox 622 3630 680 3677; x_wconf 93' lang='lat' dir='ltr'><strong>ut</strong></span> <span class='ocrx_word' id='word_1_500' title='bbox 706 3622 955 3677; x_wconf 78' lang='lat' dir='ltr'><strong>auferant</strong></span> <span class='ocrx_word' id='word_1_501' title='bbox 981 3636 1136 3688; x_wconf 83' lang='lat' dir='ltr'><strong>eam;</strong></span> <span class='ocrx_word' id='word_1_502' title='bbox 1167 3622 1284 3693; x_wconf 85' lang='lat' dir='ltr'><strong>ipse</strong></span> <span class='ocrx_word' id='word_1_503' title='bbox 1312 3636 1440 3676; x_wconf 82' lang='lat' dir='ltr'><strong>vero</strong></span> <span class='ocrx_word' id='word_1_504' title='bbox 1471 3620 1590 3690; x_wconf 88' lang='lat' dir='ltr'><strong>ejus</strong></span> <span class='ocrx_word' id='word_1_505' title='bbox 1611 3619 1833 3675; x_wconf 78' lang='lat' dir='ltr'><strong>dextera</strong></span> <span class='ocrx_word' id='word_1_506' title='bbox 1852 3619 1963 3673; x_wconf 85' lang='lat' dir='ltr'><strong>cir-</strong></span> 
     </span>
    </p>
   </div>
   <div class='ocr_carea' id='block_1_68' title="bbox 398 3710 1963 3781">
    <p class='ocr_par' dir='ltr' id='par_1_68' title="bbox 398 3710 1963 3781">
     <span class='ocr_line' id='line_1_68' title="bbox 398 3710 1963 3781; baseline -0.005 -9"><span class='ocrx_word' id='word_1_507' title='bbox 398 3717 828 3774; x_wconf 87' lang='lat' dir='ltr'><strong>cummuniatur.</strong></span> <span class='ocrx_word' id='word_1_508' title='bbox 870 3713 1083 3770; x_wconf 87' lang='lat' dir='ltr'><strong>Pudore</strong></span> <span class='ocrx_word' id='word_1_509' title='bbox 1117 3713 1425 3769; x_wconf 71' lang='lat' dir='ltr'><strong>afficiuntur</strong></span> <span class='ocrx_word' id='word_1_510' title='bbox 1457 3722 1661 3777; x_wconf 90' lang='lat' dir='ltr'><strong>autem,</strong></span> <span class='ocrx_word' id='word_1_511' title='bbox 1695 3725 1760 3767; x_wconf 90' lang='lat' dir='ltr'><strong>ac</strong></span> <span class='ocrx_word' id='word_1_512' title='bbox 1787 3710 1963 3781; x_wconf 89' lang='lat' dir='ltr'><strong>turpi-</strong></span> 
     </span>
    </p>
   </div>
   <div class='ocr_carea' id='block_1_69' title="bbox 397 3803 1963 3881">
    <p class='ocr_par' dir='ltr' id='par_1_69' title="bbox 397 3803 1963 3881">
     <span class='ocr_line' id='line_1_69' title="bbox 397 3803 1963 3881; baseline -0.005 -16"><span class='ocrx_word' id='word_1_513' title='bbox 397 3820 482 3867; x_wconf 88' lang='lat' dir='ltr'><strong>ter</strong></span> <span class='ocrx_word' id='word_1_514' title='bbox 528 3815 716 3881; x_wconf 77' lang='lat' dir='ltr'><strong>agunt,</strong></span> <span class='ocrx_word' id='word_1_515' title='bbox 747 3808 828 3865; x_wconf 89' lang='lat' dir='ltr'><strong>sic</strong></span> <span class='ocrx_word' id='word_1_516' title='bbox 870 3809 1015 3863; x_wconf 92' lang='lat' dir='ltr'><strong>enim</strong></span> <span class='ocrx_word' id='word_1_517' title='bbox 1061 3805 1231 3861; x_wconf 89' lang='lat' dir='ltr'><strong>edidit</strong></span> <span class='ocrx_word' id='word_1_518' title='bbox 1263 3803 1648 3877; x_wconf 83' lang='lat' dir='ltr'><strong>Symmachus,</strong></span> <span class='ocrx_word' id='word_1_519' title='bbox 1687 3803 1781 3875; x_wconf 89' lang='lat' dir='ltr'><strong>qui</strong></span> <span class='ocrx_word' id='word_1_520' title='bbox 1813 3817 1963 3874; x_wconf 62' lang='lat' dir='ltr'><strong>quaa-</strong></span> 
     </span>
    </p>
   </div>
   <div class='ocr_carea' id='block_1_70' title="bbox 400 3893 1964 3967">
    <p class='ocr_par' dir='ltr' id='par_1_70' title="bbox 400 3893 1964 3967">
     <span class='ocr_line' id='line_1_70' title="bbox 400 3893 1964 3967; baseline -0.003 -13"><span class='ocrx_word' id='word_1_521' title='bbox 400 3910 530 3955; x_wconf 89' lang='lat' dir='ltr'><strong>runt</strong></span> <span class='ocrx_word' id='word_1_522' title='bbox 575 3900 812 3953; x_wconf 90' lang='lat' dir='ltr'><strong>animam</strong></span> <span class='ocrx_word' id='word_1_523' title='bbox 864 3897 1020 3967; x_wconf 86' lang='lat' dir='ltr'><strong>justi,</strong></span> <span class='ocrx_word' id='word_1_524' title='bbox 1056 3905 1343 3967; x_wconf 86' lang='lat' dir='ltr'><strong>postquam</strong></span> <span class='ocrx_word' id='word_1_525' title='bbox 1400 3896 1657 3950; x_wconf 86' lang='lat' dir='ltr'><strong>omnibus</strong></span> <span class='ocrx_word' id='word_1_526' title='bbox 1703 3893 1964 3950; x_wconf 80' lang='lat' dir='ltr'><strong>adhibitis</strong></span> 
     </span>
    </p>
   </div>
   <div class='ocr_carea' id='block_1_71' title="bbox 400 3987 1967 4059">
    <p class='ocr_par' dir='ltr' id='par_1_71' title="bbox 400 3987 1967 4059">
     <span class='ocr_line' id='line_1_71' title="bbox 400 3987 1967 4059; baseline -0.003 -12"><span class='ocrx_word' id='word_1_527' title='bbox 400 3991 671 4047; x_wconf 84' lang='lat' dir='ltr'><strong>machinis</strong></span> <span class='ocrx_word' id='word_1_528' title='bbox 696 4004 756 4044; x_wconf 89' lang='lat' dir='ltr'><strong>re</strong></span> <span class='ocrx_word' id='word_1_529' title='bbox 786 3989 987 4044; x_wconf 80' lang='lat' dir='ltr'><strong>infecta</strong></span> <span class='ocrx_word' id='word_1_530' title='bbox 1028 3997 1247 4043; x_wconf 82' lang='lat' dir='ltr'><strong>unment</strong></span> <span class='ocrx_word' id='word_1_531' title='bbox 1283 4007 1296 4043; x_wconf 90' lang='lat'><strong>:</strong></span> <span class='ocrx_word' id='word_1_532' title='bbox 1324 3988 1627 4058; x_wconf 87' lang='lat' dir='ltr'><strong>deindeque</strong></span> <span class='ocrx_word' id='word_1_533' title='bbox 1665 3995 1725 4041; x_wconf 91' lang='lat' dir='ltr'><strong>ut</strong></span> <span class='ocrx_word' id='word_1_534' title='bbox 1759 3987 1851 4059; x_wconf 87' lang='lat' dir='ltr'><strong>qui</strong></span> <span class='ocrx_word' id='word_1_535' title='bbox 1879 3988 1967 4042; x_wconf 83' lang='lat' dir='ltr'><strong>ni-</strong></span> 
     </span>
    </p>
   </div>
   <div class='ocr_carea' id='block_1_72' title="bbox 403 4080 1964 4154">
    <p class='ocr_par' dir='ltr' id='par_1_72' title="bbox 403 4080 1964 4154">
     <span class='ocr_line' id='line_1_72' title="bbox 403 4080 1964 4154; baseline -0.001 -16"><span class='ocrx_word' id='word_1_536' title='bbox 403 4083 479 4138; x_wconf 87' lang='lat' dir='ltr'><strong>hil</strong></span> <span class='ocrx_word' id='word_1_537' title='bbox 515 4081 774 4154; x_wconf 81' lang='lat' dir='ltr'><strong>perlicere</strong></span> <span class='ocrx_word' id='word_1_538' title='bbox 820 4082 1096 4153; x_wconf 90' lang='lat' dir='ltr'><strong>potuerint</strong></span> <span class='ocrx_word' id='word_1_539' title='bbox 1133 4082 1508 4152; x_wconf 83' lang='lat' dir='ltr'><strong>desperantes,</strong></span> <span class='ocrx_word' id='word_1_540' title='bbox 1539 4080 1745 4151; x_wconf 88' lang='lat' dir='ltr'><strong>pudore</strong></span> <span class='ocrx_word' id='word_1_541' title='bbox 1771 4081 1964 4137; x_wconf 75' lang='lat' dir='ltr'><strong>suﬂ‘usi</strong></span> 
     </span>
    </p>
   </div>
   <div class='ocr_carea' id='block_1_73' title="bbox 402 4172 1961 4244">
    <p class='ocr_par' dir='ltr' id='par_1_73' title="bbox 402 4172 1961 4244">
     <span class='ocr_line' id='line_1_73' title="bbox 402 4172 1961 4244; baseline 0 -16"><span class='ocrx_word' id='word_1_542' title='bbox 402 4174 721 4230; x_wconf 88' lang='lat' dir='ltr'><strong>abscedunt.</strong></span> <span class='ocrx_word' id='word_1_543' title='bbox 779 4173 1142 4240; x_wconf 84' lang='lat' dir='ltr'><strong>Quamobrem</strong></span> <span class='ocrx_word' id='word_1_544' title='bbox 1215 4183 1507 4244; x_wconf 86' lang='lat' dir='ltr'><strong>postquam</strong></span> <span class='ocrx_word' id='word_1_545' title='bbox 1563 4173 1689 4228; x_wconf 89' lang='lat' dir='ltr'><strong>illos</strong></span> <span class='ocrx_word' id='word_1_546' title='bbox 1731 4172 1961 4244; x_wconf 84' lang='lat' dir='ltr'><strong>pudore,</strong></span> 
     </span>
    </p>
   </div>
   <div class='ocr_carea' id='block_1_74' title="bbox 403 4263 1959 4337">
    <p class='ocr_par' dir='ltr' id='par_1_74' title="bbox 403 4263 1959 4337">
     <span class='ocr_line' id='line_1_74' title="bbox 403 4263 1959 4337; baseline 0 -17"><span class='ocrx_word' id='word_1_547' title='bbox 403 4265 740 4337; x_wconf 88' lang='lat' dir='ltr'><strong>turpitudine</strong></span> <span class='ocrx_word' id='word_1_548' title='bbox 790 4276 845 4321; x_wconf 87' lang='lat' dir='ltr'><strong>et</strong></span> <span class='ocrx_word' id='word_1_549' title='bbox 897 4265 1202 4321; x_wconf 80' lang='lat' dir='ltr'><strong>reverentia</strong></span> <span class='ocrx_word' id='word_1_550' title='bbox 1263 4265 1490 4321; x_wconf 74' lang='lat' dir='ltr'><strong>all‘ectos</strong></span> <span class='ocrx_word' id='word_1_551' title='bbox 1540 4263 1699 4330; x_wconf 77' lang='lat' dir='ltr'><strong>dixit,</strong></span> <span class='ocrx_word' id='word_1_552' title='bbox 1729 4264 1959 4336; x_wconf 87' lang='lat' dir='ltr'><strong>adjicit:</strong></span> 
     </span>
    </p>
   </div>
   <div class='ocr_carea' id='block_1_75' title="bbox 401 4356 1966 4428">
    <p class='ocr_par' dir='ltr' id='par_1_75' title="bbox 401 4356 1966 4428">
     <span class='ocr_line' id='line_1_75' title="bbox 401 4356 1966 4428; baseline -0.002 -15"><span class='ocrx_word' id='word_1_553' title='bbox 401 4360 721 4413; x_wconf 72' lang='lat' dir='ltr'><strong>Avertantur</strong></span> <span class='ocrx_word' id='word_1_554' title='bbox 749 4366 1035 4412; x_wconf 79' lang='lat' dir='ltr'><strong>retrorsum</strong></span> <span class='ocrx_word' id='word_1_555' title='bbox 1064 4367 1114 4411; x_wconf 88' lang='lat' dir='ltr'><strong>et</strong></span> <span class='ocrx_word' id='word_1_556' title='bbox 1148 4356 1457 4412; x_wconf 80' lang='lat' dir='ltr'><strong>erubescant</strong></span> <span class='ocrx_word' id='word_1_557' title='bbox 1492 4358 1584 4428; x_wconf 84' lang='lat' dir='ltr'><strong>qui</strong></span> <span class='ocrx_word' id='word_1_558' title='bbox 1617 4357 1793 4411; x_wconf 79' lang='lat' dir='ltr'><strong>uolunt</strong></span> <span class='ocrx_word' id='word_1_559' title='bbox 1823 4357 1966 4410; x_wconf 83' lang='lat' dir='ltr'><strong>mala</strong></span> 
     </span>
    </p>
   </div>
   <div class='ocr_carea' id='block_1_76' title="bbox 401 4448 1966 4520">
    <p class='ocr_par' dir='ltr' id='par_1_76' title="bbox 401 4448 1966 4520">
     <span class='ocr_line' id='line_1_76' title="bbox 401 4448 1966 4520; baseline -0.001 -16"><span class='ocrx_word' id='word_1_560' title='bbox 401 4449 702 4504; x_wconf 81' lang='lat' dir='ltr'><strong>mihi.Cum</strong></span> <span class='ocrx_word' id='word_1_561' title='bbox 732 4452 875 4505; x_wconf 88' lang='lat' dir='ltr'><strong>enim</strong></span> <span class='ocrx_word' id='word_1_562' title='bbox 903 4449 1035 4503; x_wconf 89' lang='lat' dir='ltr'><strong>nihil</strong></span> <span class='ocrx_word' id='word_1_563' title='bbox 1070 4448 1366 4520; x_wconf 88' lang='lat' dir='ltr'><strong>potuerint,</strong></span> <span class='ocrx_word' id='word_1_564' title='bbox 1385 4464 1509 4505; x_wconf 87' lang='lat' dir='ltr'><strong>cum</strong></span> <span class='ocrx_word' id='word_1_565' title='bbox 1543 4449 1691 4503; x_wconf 90' lang='lat' dir='ltr'><strong>nulla</strong></span> <span class='ocrx_word' id='word_1_566' title='bbox 1722 4449 1801 4503; x_wconf 91' lang='lat' dir='ltr'><strong>rei</strong></span> <span class='ocrx_word' id='word_1_567' title='bbox 1829 4449 1966 4502; x_wconf 91' lang='lat' dir='ltr'><strong>bene</strong></span> 
     </span>
    </p>
   </div>
   <div class='ocr_carea' id='block_1_77' title="bbox 403 4539 1964 4612">
    <p class='ocr_par' dir='ltr' id='par_1_77' title="bbox 403 4539 1964 4612">
     <span class='ocr_line' id='line_1_77' title="bbox 403 4539 1964 4612; baseline -0.002 -15"><span class='ocrx_word' id='word_1_568' title='bbox 403 4539 654 4612; x_wconf 75' lang='lat' dir='ltr'><strong>gerendae</strong></span> <span class='ocrx_word' id='word_1_569' title='bbox 682 4554 809 4611; x_wconf 88' lang='lat' dir='ltr'><strong>spes</strong></span> <span class='ocrx_word' id='word_1_570' title='bbox 853 4540 1114 4612; x_wconf 87' lang='lat' dir='ltr'><strong>supersit,</strong></span> <span class='ocrx_word' id='word_1_571' title='bbox 1155 4547 1479 4596; x_wconf 79' lang='lat' dir='ltr'><strong>avertuntur</strong></span> <span class='ocrx_word' id='word_1_572' title='bbox 1510 4555 1576 4594; x_wconf 88' lang='lat' dir='ltr'><strong>ac</strong></span> <span class='ocrx_word' id='word_1_573' title='bbox 1607 4547 1755 4596; x_wconf 89' lang='lat' dir='ltr'><strong>retro</strong></span> <span class='ocrx_word' id='word_1_574' title='bbox 1787 4539 1964 4594; x_wconf 80' lang='lat' dir='ltr'><strong>disce-</strong></span> 
     </span>
    </p>
   </div>
   <div class='ocr_carea' id='block_1_78' title="bbox 2062 3356 3632 3430">
    <p class='ocr_par' dir='ltr' id='par_1_78' title="bbox 2062 3356 3632 3430">
     <span class='ocr_line' id='line_1_78' title="bbox 2062 3356 3632 3430; baseline -0.002 -18"><span class='ocrx_word' id='word_1_575' title='bbox 2062 3359 2158 3412; x_wconf 82' lang='grc' dir='ltr'>καὶ</span> <span class='ocrx_word' id='word_1_576' title='bbox 2181 3358 2308 3430; x_wconf 73' lang='grc' dir='ltr'>περὶ</span> <span class='ocrx_word' id='word_1_577' title='bbox 2332 3356 2536 3411; x_wconf 86' lang='grc' dir='ltr'>τούτων</span> <span class='ocrx_word' id='word_1_578' title='bbox 2563 3358 2662 3429; x_wconf 82' lang='grc' dir='ltr'>τὴν</span> <span class='ocrx_word' id='word_1_579' title='bbox 2693 3357 3057 3430; x_wconf 83' lang='grc' dir='ltr'>προκειμένην</span> <span class='ocrx_word' id='word_1_580' title='bbox 3099 3356 3264 3428; x_wconf 75' lang='grc' dir='ltr'>εὐχὴν</span> <span class='ocrx_word' id='word_1_581' title='bbox 3294 3357 3632 3427; x_wconf 83' lang='grc' dir='ltr'>ἀναπέμπει.</span> 
     </span>
    </p>
   </div>
   <div class='ocr_carea' id='block_1_79' title="bbox 2062 3444 3636 3522">
    <p class='ocr_par' dir='ltr' id='par_1_79' title="bbox 2062 3444 3636 3522">
     <span class='ocr_line' id='line_1_79' title="bbox 2062 3444 3636 3522; baseline -0.002 -17"><span class='ocrx_word' id='word_1_582' title='bbox 2062 3451 2136 3505; x_wconf 81' lang='grc' dir='ltr'><strong>Οὐ</strong></span> <span class='ocrx_word' id='word_1_583' title='bbox 2166 3450 2275 3522; x_wconf 85' lang='grc' dir='ltr'>γὰρ</span> <span class='ocrx_word' id='word_1_584' title='bbox 2298 3449 2558 3505; x_wconf 86' lang='grc' dir='ltr'>παύονται</span> <span class='ocrx_word' id='word_1_585' title='bbox 2579 3449 2859 3520; x_wconf 82' lang='grc' dir='ltr'>διαφθονού</span> <span class='ocrx_word' id='word_1_586' title='bbox 2868 3465 3014 3522; x_wconf 89' lang='grc' dir='ltr'>μενοι</span> <span class='ocrx_word' id='word_1_587' title='bbox 3029 3449 3122 3503; x_wconf 76' lang='grc' dir='ltr'>καὶ</span> <span class='ocrx_word' id='word_1_588' title='bbox 3144 3451 3254 3513; x_wconf 85' lang='grc' dir='ltr'>τοῖς</span> <span class='ocrx_word' id='word_1_589' title='bbox 3283 3447 3387 3520; x_wconf 72' lang='grc' dir='ltr'><strong>ήδη</strong></span> <span class='ocrx_word' id='word_1_590' title='bbox 3412 3444 3636 3511; x_wconf 79' lang='grc' dir='ltr'>τελείοις</span> 
     </span>
    </p>
   </div>
   <div class='ocr_carea' id='block_1_80' title="bbox 2062 3540 3635 3614">
    <p class='ocr_par' dir='ltr' id='par_1_80' title="bbox 2062 3540 3635 3614">
     <span class='ocr_line' id='line_1_80' title="bbox 2062 3540 3635 3614; baseline -0.002 -17"><span class='ocrx_word' id='word_1_591' title='bbox 2062 3543 2158 3597; x_wconf 66' lang='grc' dir='ltr'>καὶ</span> <span class='ocrx_word' id='word_1_592' title='bbox 2185 3541 2470 3613; x_wconf 87' lang='grc' dir='ltr'>βεϐηκόσιν</span> <span class='ocrx_word' id='word_1_593' title='bbox 2501 3541 2594 3595; x_wconf 74' lang='grc' dir='ltr'><strong>ἐπὶ</strong></span> <span class='ocrx_word' id='word_1_594' title='bbox 2615 3540 2713 3614; x_wconf 84' lang='grc' dir='ltr'>τὴν</span> <span class='ocrx_word' id='word_1_595' title='bbox 2745 3542 2967 3614; x_wconf 86' lang='grc' dir='ltr'>πέτραν.</span> <span class='ocrx_word' id='word_1_596' title='bbox 2999 3540 3088 3594; x_wconf 84' lang='grc' dir='ltr'><strong>Διὸ</strong></span> <span class='ocrx_word' id='word_1_597' title='bbox 3113 3540 3375 3613; x_wconf 79' lang='grc' dir='ltr'>ρυσθῆναι</span> <span class='ocrx_word' id='word_1_598' title='bbox 3402 3540 3516 3596; x_wconf 75' lang='grc' dir='ltr'><strong>ἀπὸ</strong></span> <span class='ocrx_word' id='word_1_599' title='bbox 3533 3541 3635 3595; x_wconf 82' lang='grc' dir='ltr'><strong>τῶν</strong></span> 
     </span>
    </p>
   </div>
   <div class='ocr_carea' id='block_1_81' title="bbox 2062 3631 3636 3705">
    <p class='ocr_par' dir='ltr' id='par_1_81' title="bbox 2062 3631 3636 3705">
     <span class='ocr_line' id='line_1_81' title="bbox 2062 3631 3636 3705; baseline 0.003 -22"><span class='ocrx_word' id='word_1_600' title='bbox 2062 3632 2366 3703; x_wconf 73' lang='grc' dir='ltr'>εἰρημένων</span> <span class='ocrx_word' id='word_1_601' title='bbox 2403 3631 2560 3698; x_wconf 74' lang='grc' dir='ltr'>ἀξιοῖ,</span> <span class='ocrx_word' id='word_1_602' title='bbox 2589 3633 2875 3697; x_wconf 87' lang='grc' dir='ltr'>κάκείνους</span> <span class='ocrx_word' id='word_1_603' title='bbox 2911 3632 3009 3705; x_wconf 83' lang='grc' dir='ltr'>μὲν</span> <span class='ocrx_word' id='word_1_604' title='bbox 3049 3632 3514 3705; x_wconf 81' lang='grc' dir='ltr'>καταισχυνθῆναι</span> <span class='ocrx_word' id='word_1_605' title='bbox 3549 3633 3636 3688; x_wconf 73' lang='grc' dir='ltr'>καὶ</span> 
     </span>
    </p>
   </div>
   <div class='ocr_carea' id='block_1_82' title="bbox 2061 3722 3633 3798">
    <p class='ocr_par' dir='ltr' id='par_1_82' title="bbox 2061 3722 3633 3798">
     <span class='ocr_line' id='line_1_82' title="bbox 2061 3722 3633 3798; baseline 0.003 -23"><span class='ocrx_word' id='word_1_606' title='bbox 2061 3723 2393 3795; x_wconf 81' lang='grc' dir='ltr'>ὲντραπῆναι</span> <span class='ocrx_word' id='word_1_607' title='bbox 2424 3724 2549 3787; x_wconf 83' lang='grc' dir='ltr'>τοὺς</span> <span class='ocrx_word' id='word_1_608' title='bbox 2593 3723 2952 3795; x_wconf 78' lang='grc' dir='ltr'>ὲκζητοῦντας</span> <span class='ocrx_word' id='word_1_609' title='bbox 2977 3722 3141 3778; x_wconf 78' lang='grc' dir='ltr'>αὐτοῦ</span> <span class='ocrx_word' id='word_1_610' title='bbox 3188 3723 3286 3796; x_wconf 79' lang='grc' dir='ltr'>τὴν</span> <span class='ocrx_word' id='word_1_611' title='bbox 3334 3723 3519 3798; x_wconf 71' lang='grc' dir='ltr'>ψυχὴν</span> <span class='ocrx_word' id='word_1_612' title='bbox 3544 3723 3633 3779; x_wconf 82' lang='grc' dir='ltr'>τοῦ</span> 
     </span>
    </p>
   </div>
   <div class='ocr_carea' id='block_1_83' title="bbox 2061 3814 3637 3890">
    <p class='ocr_par' dir='ltr' id='par_1_83' title="bbox 2061 3814 3637 3890">
     <span class='ocr_line' id='line_1_83' title="bbox 2061 3814 3637 3890; baseline 0.003 -22"><span class='ocrx_word' id='word_1_613' title='bbox 2061 3814 2250 3888; x_wconf 75' lang='grc' dir='ltr'>ἐξᾶραι</span> <span class='ocrx_word' id='word_1_614' title='bbox 2282 3815 2454 3888; x_wconf 84' lang='grc' dir='ltr'>αὐτήν</span> <span class='ocrx_word' id='word_1_615' title='bbox 2473 3828 2488 3846; x_wconf 78' lang='grc'><strong><em>⁸</em></strong></span> <span class='ocrx_word' id='word_1_616' title='bbox 2514 3815 2674 3870; x_wconf 80' lang='grc' dir='ltr'>αὐτὸν</span> <span class='ocrx_word' id='word_1_617' title='bbox 2698 3815 2754 3870; x_wconf 75' lang='grc' dir='ltr'>δὲ</span> <span class='ocrx_word' id='word_1_618' title='bbox 2787 3815 3252 3890; x_wconf 82' lang='grc' dir='ltr'>περιφράττεσθαι</span> <span class='ocrx_word' id='word_1_619' title='bbox 3282 3816 3387 3871; x_wconf 83' lang='grc' dir='ltr'><strong>ὑπὸ</strong></span> <span class='ocrx_word' id='word_1_620' title='bbox 3414 3819 3521 3889; x_wconf 87' lang='grc' dir='ltr'>τῆς</span> <span class='ocrx_word' id='word_1_621' title='bbox 3543 3817 3637 3873; x_wconf 78' lang='grc' dir='ltr'><strong>αὔ-</strong></span> 
     </span>
    </p>
   </div>
   <div class='ocr_carea' id='block_1_84' title="bbox 2063 3901 3637 3977">
    <p class='ocr_par' dir='ltr' id='par_1_84' title="bbox 2063 3901 3637 3977">
     <span class='ocr_line' id='line_1_84' title="bbox 2063 3901 3637 3977; baseline 0.001 -20"><span class='ocrx_word' id='word_1_622' title='bbox 2063 3901 2381 3969; x_wconf 79' lang='grc' dir='ltr'><strong>τοῦοδεξιᾶς.</strong></span> <span class='ocrx_word' id='word_1_623' title='bbox 2402 3904 2780 3977; x_wconf 83' lang='grc' dir='ltr'>Ἐντρέπονται</span> <span class='ocrx_word' id='word_1_624' title='bbox 2799 3904 2857 3959; x_wconf 84' lang='grc' dir='ltr'>δὲ</span> <span class='ocrx_word' id='word_1_625' title='bbox 2881 3906 2975 3959; x_wconf 77' lang='grc' dir='ltr'>καὶ</span> <span class='ocrx_word' id='word_1_626' title='bbox 3008 3904 3404 3976; x_wconf 77' lang='grc' dir='ltr'>ἀσχημονοῦσιν</span> <span class='ocrx_word' id='word_1_627' title='bbox 3445 3904 3637 3975; x_wconf 75' lang='grc' dir='ltr'>(οὕτως</span> 
     </span>
    </p>
   </div>
   <div class='ocr_carea' id='block_1_85' title="bbox 2062 3977 3638 4069">
    <p class='ocr_par' dir='ltr' id='par_1_85' title="bbox 2062 3977 3638 4069">
     <span class='ocr_line' id='line_1_85' title="bbox 2062 3977 3638 4069; baseline -0.001 -21"><span class='ocrx_word' id='word_1_628' title='bbox 2062 3993 2170 4066; x_wconf 84' lang='grc' dir='ltr'><strong>γὰρ</strong></span> <span class='ocrx_word' id='word_1_629' title='bbox 2195 3977 2461 4059; x_wconf 62' lang='grc' dir='ltr'>ὶξέδωκεν</span> <span class='ocrx_word' id='word_1_630' title='bbox 2503 3996 2532 4048; x_wconf 86' lang='grc' dir='ltr'>ὁ</span> <span class='ocrx_word' id='word_1_631' title='bbox 2578 3994 2893 4068; x_wconf 87' lang='grc' dir='ltr'>Σύμμαχος)</span> <span class='ocrx_word' id='word_1_632' title='bbox 2949 3998 2998 4051; x_wconf 89' lang='grc' dir='ltr'><strong>οί</strong></span> <span class='ocrx_word' id='word_1_633' title='bbox 3027 3995 3312 4068; x_wconf 78' lang='grc' dir='ltr'>ζητοῦντες</span> <span class='ocrx_word' id='word_1_634' title='bbox 3330 3996 3431 4069; x_wconf 77' lang='grc' dir='ltr'>τὴν</span> <span class='ocrx_word' id='word_1_635' title='bbox 3463 3994 3638 4067; x_wconf 74' lang='grc' dir='ltr'>ψυχὴν</span> 
     </span>
    </p>
   </div>
   <div class='ocr_carea' id='block_1_86' title="bbox 2062 4086 3636 4160">
    <p class='ocr_par' dir='ltr' id='par_1_86' title="bbox 2062 4086 3636 4160">
     <span class='ocr_line' id='line_1_86' title="bbox 2062 4086 3636 4160; baseline 0.001 -21"><span class='ocrx_word' id='word_1_636' title='bbox 2062 4086 2156 4140; x_wconf 79' lang='grc' dir='ltr'>τοῦ</span> <span class='ocrx_word' id='word_1_637' title='bbox 2188 4087 2415 4153; x_wconf 84' lang='grc' dir='ltr'>δικαίου,</span> <span class='ocrx_word' id='word_1_638' title='bbox 2442 4087 2681 4153; x_wconf 70' lang='grc' dir='ltr'>ἐπειδὰν,</span> <span class='ocrx_word' id='word_1_639' title='bbox 2710 4090 2888 4142; x_wconf 78' lang='grc' dir='ltr'>πᾶσαν</span> <span class='ocrx_word' id='word_1_640' title='bbox 2917 4091 3036 4143; x_wconf 86' lang='grc' dir='ltr'>κατ’</span> <span class='ocrx_word' id='word_1_641' title='bbox 3060 4087 3225 4143; x_wconf 80' lang='grc' dir='ltr'>αὐτοῦ</span> <span class='ocrx_word' id='word_1_642' title='bbox 3250 4086 3501 4160; x_wconf 84' lang='grc' dir='ltr'>μηχανὴν</span> <span class='ocrx_word' id='word_1_643' title='bbox 3526 4090 3636 4141; x_wconf 74' lang='grc' dir='ltr'>ἐπι·</span> 
     </span>
    </p>
   </div>
   <div class='ocr_carea' id='block_1_87' title="bbox 2062 4177 3636 4253">
    <p class='ocr_par' dir='ltr' id='par_1_87' title="bbox 2062 4177 3636 4253">
     <span class='ocr_line' id='line_1_87' title="bbox 2062 4177 3636 4253; baseline -0.001 -19"><span class='ocrx_word' id='word_1_644' title='bbox 2062 4183 2374 4253; x_wconf 83' lang='grc' dir='ltr'>νοήσαντες,</span> <span class='ocrx_word' id='word_1_645' title='bbox 2402 4181 2677 4252; x_wconf 77' lang='grc' dir='ltr'>ἄπρακτοι</span> <span class='ocrx_word' id='word_1_646' title='bbox 2709 4180 2973 4250; x_wconf 86' lang='grc' dir='ltr'>γένωνται</span> <span class='ocrx_word' id='word_1_647' title='bbox 2992 4198 3005 4213; x_wconf 78' lang='grc' dir='ltr'><strong><em>ο</em></strong></span> <span class='ocrx_word' id='word_1_648' title='bbox 3050 4177 3148 4235; x_wconf 82' lang='grc' dir='ltr'>εἷθ’</span> <span class='ocrx_word' id='word_1_649' title='bbox 3177 4182 3252 4246; x_wconf 85' lang='grc' dir='ltr'>ὡς</span> <span class='ocrx_word' id='word_1_650' title='bbox 3299 4181 3469 4253; x_wconf 83' lang='grc' dir='ltr'>μηδὲν</span> <span class='ocrx_word' id='word_1_651' title='bbox 3500 4180 3636 4235; x_wconf 85' lang='grc' dir='ltr'>δεδυ-</span> 
     </span>
    </p>
   </div>
   <div class='ocr_carea' id='block_1_88' title="bbox 2063 4271 3636 4346">
    <p class='ocr_par' dir='ltr' id='par_1_88' title="bbox 2063 4271 3636 4346">
     <span class='ocr_line' id='line_1_88' title="bbox 2063 4271 3636 4346; baseline -0.001 -19"><span class='ocrx_word' id='word_1_652' title='bbox 2063 4274 2284 4346; x_wconf 87' lang='grc' dir='ltr'>νημένοι</span> <span class='ocrx_word' id='word_1_653' title='bbox 2321 4271 2646 4342; x_wconf 87' lang='grc' dir='ltr'>ἀπογνόντες</span> <span class='ocrx_word' id='word_1_654' title='bbox 2686 4273 3133 4340; x_wconf 83' lang='grc' dir='ltr'>ἀπαλλάττονται,</span> <span class='ocrx_word' id='word_1_655' title='bbox 3159 4273 3441 4345; x_wconf 85' lang='grc' dir='ltr'>ἀίσχύνην</span> <span class='ocrx_word' id='word_1_656' title='bbox 3473 4289 3636 4329; x_wconf 71' lang='grc' dir='ltr'>κατασ</span> 
     </span>
    </p>
   </div>
   <div class='ocr_carea' id='block_1_89' title="bbox 2064 4362 3635 4438">
    <p class='ocr_par' dir='ltr' id='par_1_89' title="bbox 2064 4362 3635 4438">
     <span class='ocr_line' id='line_1_89' title="bbox 2064 4362 3635 4438; baseline -0.001 -18"><span class='ocrx_word' id='word_1_657' title='bbox 2064 4366 2336 4437; x_wconf 84' lang='grc' dir='ltr'>χεάμενοι.</span> <span class='ocrx_word' id='word_1_658' title='bbox 2372 4362 2462 4419; x_wconf 79' lang='grc' dir='ltr'>Διὸ</span> <span class='ocrx_word' id='word_1_659' title='bbox 2511 4366 2649 4438; x_wconf 83' lang='grc' dir='ltr'>μετὰ</span> <span class='ocrx_word' id='word_1_660' title='bbox 2679 4366 2741 4420; x_wconf 78' lang='grc' dir='ltr'>τὸ</span> <span class='ocrx_word' id='word_1_661' title='bbox 2772 4367 3145 4438; x_wconf 83' lang='grc' dir='ltr'>ἀσχημονῆσαι</span> <span class='ocrx_word' id='word_1_662' title='bbox 3177 4367 3391 4432; x_wconf 78' lang='grc' dir='ltr'>αὐτοὺς,</span> <span class='ocrx_word' id='word_1_663' title='bbox 3442 4382 3635 4421; x_wconf 68' lang='grc' dir='ltr'>καταιυ</span> 
     </span>
    </p>
   </div>
   <div class='ocr_carea' id='block_1_90' title="bbox 2067 4457 3635 4531">
    <p class='ocr_par' dir='ltr' id='par_1_90' title="bbox 2067 4457 3635 4531">
     <span class='ocr_line' id='line_1_90' title="bbox 2067 4457 3635 4531; baseline 0.001 -20"><span class='ocrx_word' id='word_1_664' title='bbox 2067 4457 2358 4529; x_wconf 86' lang='grc' dir='ltr'>σχυνθῆναί</span> <span class='ocrx_word' id='word_1_665' title='bbox 2396 4472 2456 4512; x_wconf 83' lang='grc' dir='ltr'><strong>τε</strong></span> <span class='ocrx_word' id='word_1_666' title='bbox 2498 4459 2950 4531; x_wconf 72' lang='grc' dir='ltr'>καϊὲντραπῆναι</span> <span class='ocrx_word' id='word_1_667' title='bbox 2997 4457 3268 4531; x_wconf 76' lang='grc' dir='ltr'>ἐπιλέγειο</span> <span class='ocrx_word' id='word_1_668' title='bbox 3315 4458 3635 4526; x_wconf 72' lang='grc' dir='ltr'>Ἀποστρα-</span> 
     </span>
    </p>
   </div>
   <div class='ocr_carea' id='block_1_91' title="bbox 2064 4548 3634 4619">
    <p class='ocr_par' dir='ltr' id='par_1_91' title="bbox 2064 4548 3634 4619">
     <span class='ocr_line' id='line_1_91' title="bbox 2064 4548 3634 4619; baseline 0.001 -16"><span class='ocrx_word' id='word_1_669' title='bbox 2064 4550 2326 4619; x_wconf 73' lang='grc' dir='ltr'>φείησαν</span> <span class='ocrx_word' id='word_1_670' title='bbox 2347 4552 2434 4617; x_wconf 80' lang='grc' dir='ltr'>εὶς</span> <span class='ocrx_word' id='word_1_671' title='bbox 2453 4550 2526 4604; x_wconf 81' lang='grc' dir='ltr'>τὰ</span> <span class='ocrx_word' id='word_1_672' title='bbox 2551 4551 2764 4613; x_wconf 81' lang='grc' dir='ltr'>ὀπίσω,</span> <span class='ocrx_word' id='word_1_673' title='bbox 2782 4548 2880 4604; x_wconf 74' lang='grc' dir='ltr'>καὶ</span> <span class='ocrx_word' id='word_1_674' title='bbox 2899 4548 3336 4618; x_wconf 80' lang='grc' dir='ltr'>ὲντραπείησαν</span> <span class='ocrx_word' id='word_1_675' title='bbox 3358 4549 3415 4603; x_wconf 83' lang='grc' dir='ltr'>οι</span> <span class='ocrx_word' id='word_1_676' title='bbox 3438 4548 3634 4604; x_wconf 70' lang='grc' dir='ltr'>θέλωσι</span> 
     </span>
    </p>
   </div>
   <div class='ocr_carea' id='block_1_92' title="bbox 402 4631 1957 4713">
    <p class='ocr_par' dir='ltr' id='par_1_92' title="bbox 402 4631 1957 4704">
     <span class='ocr_line' id='line_1_92' title="bbox 402 4631 1957 4704; baseline -0.001 -17"><span class='ocrx_word' id='word_1_677' title='bbox 402 4633 574 4700; x_wconf 85' lang='lat' dir='ltr'><strong>dunt;</strong></span> <span class='ocrx_word' id='word_1_678' title='bbox 626 4631 824 4689; x_wconf 84' lang='lat' dir='ltr'><strong>deinde</strong></span> <span class='ocrx_word' id='word_1_679' title='bbox 874 4632 1102 4703; x_wconf 79' lang='lat' dir='ltr'><strong>profecti</strong></span> <span class='ocrx_word' id='word_1_680' title='bbox 1159 4648 1224 4688; x_wconf 90' lang='lat' dir='ltr'><strong>ac</strong></span> <span class='ocrx_word' id='word_1_681' title='bbox 1252 4633 1443 4704; x_wconf 90' lang='lat' dir='ltr'><strong>procul</strong></span> <span class='ocrx_word' id='word_1_682' title='bbox 1484 4632 1669 4704; x_wconf 91' lang='lat' dir='ltr'><strong>positi,</strong></span> <span class='ocrx_word' id='word_1_683' title='bbox 1711 4633 1957 4702; x_wconf 72' lang='lat' dir='ltr'><strong>nequitiae</strong></span> 
     </span>
    </p>
   </div>
   <div class='ocr_carea' id='block_1_93' title="bbox 2060 4631 3634 4713">
    <p class='ocr_par' dir='ltr' id='par_1_93' title="bbox 2065 4638 3634 4713">
     <span class='ocr_line' id='line_1_93' title="bbox 2065 4638 3634 4713; baseline -0.002 -16"><span class='ocrx_word' id='word_1_684' title='bbox 2065 4659 2163 4709; x_wconf 82' lang='grc' dir='ltr'><strong>τες</strong></span> <span class='ocrx_word' id='word_1_685' title='bbox 2193 4642 2267 4697; x_wconf 85' lang='grc' dir='ltr'>τὰ</span> <span class='ocrx_word' id='word_1_686' title='bbox 2299 4642 2452 4697; x_wconf 81' lang='grc' dir='ltr'>κακά</span> <span class='ocrx_word' id='word_1_687' title='bbox 2483 4659 2605 4713; x_wconf 82' lang='grc' dir='ltr'>μοι.</span> <span class='ocrx_word' id='word_1_688' title='bbox 2650 4639 2833 4713; x_wconf 81' lang='grc' dir='ltr'>Μηδὲν</span> <span class='ocrx_word' id='word_1_689' title='bbox 2882 4639 2989 4713; x_wconf 80' lang='grc' dir='ltr'><strong>γὰρ</strong></span> <span class='ocrx_word' id='word_1_690' title='bbox 3038 4639 3400 4713; x_wconf 86' lang='grc' dir='ltr'>δεδυνημένοι,</span> <span class='ocrx_word' id='word_1_691' title='bbox 3427 4641 3527 4694; x_wconf 75' lang='grc' dir='ltr'><strong>καὶ</strong></span> <span class='ocrx_word' id='word_1_692' title='bbox 3563 4638 3634 4711; x_wconf 79' lang='grc' dir='ltr'>μὴ</span> 
     </span>
    </p>
   </div>
   <div class='ocr_carea' id='block_1_94' title="bbox 403 4726 1960 4798">
    <p class='ocr_par' dir='ltr' id='par_1_94' title="bbox 403 4726 1960 4798">
     <span class='ocr_line' id='line_1_94' title="bbox 403 4726 1960 4798; baseline 0.002 -18"><span class='ocrx_word' id='word_1_693' title='bbox 403 4742 516 4782; x_wconf 70' lang='lat' dir='ltr'><strong>suae</strong></span> <span class='ocrx_word' id='word_1_694' title='bbox 548 4730 775 4798; x_wconf 74' lang='lat' dir='ltr'><strong>pignora</strong></span> <span class='ocrx_word' id='word_1_695' title='bbox 825 4726 1094 4797; x_wconf 87' lang='lat' dir='ltr'><strong>accipient</strong></span> <span class='ocrx_word' id='word_1_696' title='bbox 1133 4743 1147 4782; x_wconf 90' lang='lat'><strong>:</strong></span> <span class='ocrx_word' id='word_1_697' title='bbox 1181 4741 1353 4798; x_wconf 90' lang='lat' dir='ltr'><strong>quare</strong></span> <span class='ocrx_word' id='word_1_698' title='bbox 1390 4736 1516 4798; x_wconf 88' lang='lat' dir='ltr'><strong>post</strong></span> <span class='ocrx_word' id='word_1_699' title='bbox 1566 4727 1681 4781; x_wconf 57' lang='lat' dir='ltr'><strong>haec</strong></span> <span class='ocrx_word' id='word_1_700' title='bbox 1709 4726 1911 4781; x_wconf 86' lang='lat' dir='ltr'><strong>dicitur</strong></span> <span class='ocrx_word' id='word_1_701' title='bbox 1945 4745 1960 4783; x_wconf 88' lang='lat'><strong>:</strong></span> 
     </span>
    </p>
   </div>
   <div class='ocr_carea' id='block_1_95' title="bbox 404 4818 1962 4890">
    <p class='ocr_par' dir='ltr' id='par_1_95' title="bbox 404 4818 1962 4890">
     <span class='ocr_line' id='line_1_95' title="bbox 404 4818 1962 4890; baseline -0.001 -17"><span class='ocrx_word' id='word_1_702' title='bbox 404 4819 604 4875; x_wconf 80' lang='lat' dir='ltr'><strong>Ferant</strong></span> <span class='ocrx_word' id='word_1_703' title='bbox 634 4820 910 4890; x_wconf 85' lang='lat' dir='ltr'><strong>confestim</strong></span> <span class='ocrx_word' id='word_1_704' title='bbox 928 4819 1284 4889; x_wconf 85' lang='lat' dir='ltr'><strong>confusionem</strong></span> <span class='ocrx_word' id='word_1_705' title='bbox 1313 4835 1465 4874; x_wconf 81' lang='lat' dir='ltr'><strong>suam</strong></span> <span class='ocrx_word' id='word_1_706' title='bbox 1483 4819 1575 4890; x_wconf 87' lang='lat' dir='ltr'><strong>qui</strong></span> <span class='ocrx_word' id='word_1_707' title='bbox 1598 4820 1779 4873; x_wconf 85' lang='lat' dir='ltr'><strong>dicunt</strong></span> <span class='ocrx_word' id='word_1_708' title='bbox 1802 4818 1962 4873; x_wconf 77' lang='lat' dir='ltr'><strong>milii:</strong></span> 
     </span>
    </p>
   </div>
   <div class='ocr_carea' id='block_1_96' title="bbox 404 4909 1964 4984">
    <p class='ocr_par' dir='ltr' id='par_1_96' title="bbox 404 4909 1964 4984">
     <span class='ocr_line' id='line_1_96' title="bbox 404 4909 1964 4984; baseline 0 -18"><span class='ocrx_word' id='word_1_709' title='bbox 404 4911 570 4984; x_wconf 84' lang='lat' dir='ltr'><strong>Euge,</strong></span> <span class='ocrx_word' id='word_1_710' title='bbox 591 4909 754 4981; x_wconf 84' lang='lat' dir='ltr'><strong>Euge.</strong></span> <span class='ocrx_word' id='word_1_711' title='bbox 780 4909 887 4965; x_wconf 84' lang='lat' dir='ltr'><strong>Pro</strong></span> <span class='ocrx_word' id='word_1_712' title='bbox 906 4925 1016 4982; x_wconf 88' lang='lat' dir='ltr'><strong>quo</strong></span> <span class='ocrx_word' id='word_1_713' title='bbox 1036 4910 1229 4981; x_wconf 84' lang='lat' dir='ltr'><strong>Aquila</strong></span> <span class='ocrx_word' id='word_1_714' title='bbox 1257 4929 1269 4965; x_wconf 93' lang='lat'>:</span> <span class='ocrx_word' id='word_1_715' title='bbox 1299 4911 1381 4965; x_wconf 81' lang='lat' dir='ltr'><strong>Aa</strong></span> <span class='ocrx_word' id='word_1_716' title='bbox 1399 4952 1414 4975; x_wconf 93' lang='lat'><strong>,</strong></span> <span class='ocrx_word' id='word_1_717' title='bbox 1441 4927 1530 4975; x_wconf 89' lang='lat' dir='ltr'><strong>aa,</strong></span> <span class='ocrx_word' id='word_1_718' title='bbox 1556 4911 1673 4980; x_wconf 88' lang='lat' dir='ltr'><strong>ipsa</strong></span> <span class='ocrx_word' id='word_1_719' title='bbox 1697 4909 1964 4966; x_wconf 68' lang='lat' dir='ltr'><strong>Hebraica</strong></span> 
     </span>
    </p>
   </div>
   <div class='ocr_carea' id='block_1_97' title="bbox 403 4999 1966 5072">
    <p class='ocr_par' dir='ltr' id='par_1_97' title="bbox 403 4999 1966 5072">
     <span class='ocr_line' id='line_1_97' title="bbox 403 4999 1966 5072; baseline -0.002 -13"><span class='ocrx_word' id='word_1_720' title='bbox 403 5020 556 5070; x_wconf 81' lang='lat' dir='ltr'><strong>voce,</strong></span> <span class='ocrx_word' id='word_1_721' title='bbox 595 5005 676 5060; x_wconf 89' lang='lat' dir='ltr'><strong>sic</strong></span> <span class='ocrx_word' id='word_1_722' title='bbox 711 4999 963 5067; x_wconf 78' lang='lat' dir='ltr'><strong>habente,</strong></span> <span class='ocrx_word' id='word_1_723' title='bbox 999 5014 1153 5057; x_wconf 77' lang='lat' dir='ltr'><strong>uSus.</strong></span> <span class='ocrx_word' id='word_1_724' title='bbox 1184 5001 1385 5072; x_wconf 84' lang='lat' dir='ltr'><strong>Estque</strong></span> <span class='ocrx_word' id='word_1_725' title='bbox 1422 5003 1537 5072; x_wconf 87' lang='lat' dir='ltr'><strong>ipsa</strong></span> <span class='ocrx_word' id='word_1_726' title='bbox 1574 5017 1674 5056; x_wconf 79' lang='lat' dir='ltr'><strong>vox</strong></span> <span class='ocrx_word' id='word_1_727' title='bbox 1712 5003 1966 5072; x_wconf 86' lang='lat' dir='ltr'><strong>planctus</strong></span> 
     </span>
    </p>
   </div>
   <div class='ocr_carea' id='block_1_98' title="bbox 403 5091 1964 5164">
    <p class='ocr_par' dir='ltr' id='par_1_98' title="bbox 403 5091 1964 5164">
     <span class='ocr_line' id='line_1_98' title="bbox 403 5091 1964 5164; baseline -0.002 -15"><span class='ocrx_word' id='word_1_728' title='bbox 403 5108 592 5150; x_wconf 89' lang='lat' dir='ltr'><strong>eorum</strong></span> <span class='ocrx_word' id='word_1_729' title='bbox 618 5093 712 5164; x_wconf 90' lang='lat' dir='ltr'><strong>qui</strong></span> <span class='ocrx_word' id='word_1_730' title='bbox 739 5092 853 5163; x_wconf 87' lang='lat' dir='ltr'><strong>jam</strong></span> <span class='ocrx_word' id='word_1_731' title='bbox 896 5091 1136 5164; x_wconf 88' lang='lat' dir='ltr'><strong>superati</strong></span> <span class='ocrx_word' id='word_1_732' title='bbox 1191 5100 1339 5158; x_wconf 92' lang='lat' dir='ltr'><strong>sunt,</strong></span> <span class='ocrx_word' id='word_1_733' title='bbox 1374 5107 1438 5146; x_wconf 90' lang='lat' dir='ltr'><strong>ac</strong></span> <span class='ocrx_word' id='word_1_734' title='bbox 1478 5100 1624 5147; x_wconf 90' lang='lat' dir='ltr'><strong>retro</strong></span> <span class='ocrx_word' id='word_1_735' title='bbox 1677 5099 1964 5146; x_wconf 69' lang='lat' dir='ltr'><strong>cesserunt</strong></span> 
     </span>
    </p>
   </div>
   <div class='ocr_carea' id='block_1_99' title="bbox 404 5180 1962 5254">
    <p class='ocr_par' dir='ltr' id='par_1_99' title="bbox 404 5180 1962 5254">
     <span class='ocr_line' id='line_1_99' title="bbox 404 5180 1962 5254; baseline 0 -17"><span class='ocrx_word' id='word_1_736' title='bbox 404 5184 892 5254; x_wconf 80' lang='lat' dir='ltr'><strong>confusionemque</strong></span> <span class='ocrx_word' id='word_1_737' title='bbox 912 5183 1245 5239; x_wconf 88' lang='lat' dir='ltr'><strong>retulerunt.</strong></span> <span class='ocrx_word' id='word_1_738' title='bbox 1277 5181 1585 5237; x_wconf 88' lang='lat' dir='ltr'><strong>Secundum</strong></span> <span class='ocrx_word' id='word_1_739' title='bbox 1610 5180 1962 5253; x_wconf 75' lang='lat' dir='ltr'><strong>Septuaginta</strong></span> 
     </span>
    </p>
   </div>
   <div class='ocr_carea' id='block_1_100' title="bbox 404 5274 1963 5349">
    <p class='ocr_par' dir='ltr' id='par_1_100' title="bbox 404 5274 1963 5349">
     <span class='ocr_line' id='line_1_100' title="bbox 404 5274 1963 5349; baseline 0 -19"><span class='ocrx_word' id='word_1_740' title='bbox 404 5274 734 5347; x_wconf 83' lang='lat' dir='ltr'><strong>lnterpretes</strong></span> <span class='ocrx_word' id='word_1_741' title='bbox 763 5286 818 5333; x_wconf 89' lang='lat' dir='ltr'><strong>et</strong></span> <span class='ocrx_word' id='word_1_742' title='bbox 848 5275 1233 5349; x_wconf 87' lang='lat' dir='ltr'><strong>Symmachum</strong></span> <span class='ocrx_word' id='word_1_743' title='bbox 1268 5278 1346 5334; x_wconf 82' lang='lat' dir='ltr'><strong>sit:</strong></span> <span class='ocrx_word' id='word_1_744' title='bbox 1376 5276 1578 5332; x_wconf 91' lang='lat' dir='ltr'><strong>dicitur</strong></span> <span class='ocrx_word' id='word_1_745' title='bbox 1603 5294 1617 5332; x_wconf 88' lang='lat'><strong>:</strong></span> <span class='ocrx_word' id='word_1_746' title='bbox 1651 5278 1754 5343; x_wconf 76' lang='lat' dir='ltr'><strong>Qui</strong></span> <span class='ocrx_word' id='word_1_747' title='bbox 1782 5277 1963 5331; x_wconf 82' lang='lat' dir='ltr'><strong>dicunt</strong></span> 
     </span>
    </p>
   </div>
   <div class='ocr_carea' id='block_1_101' title="bbox 404 5368 1963 5441">
    <p class='ocr_par' dir='ltr' id='par_1_101' title="bbox 404 5368 1963 5441">
     <span class='ocr_line' id='line_1_101' title="bbox 404 5368 1963 5441; baseline 0.001 -19"><span class='ocrx_word' id='word_1_748' title='bbox 404 5369 564 5424; x_wconf 82' lang='lat' dir='ltr'><strong>deme</strong></span> <span class='ocrx_word' id='word_1_749' title='bbox 593 5385 612 5424; x_wconf 90' lang='lat'><strong><em>:</em></strong></span> <span class='ocrx_word' id='word_1_750' title='bbox 649 5368 814 5440; x_wconf 85' lang='lat' dir='ltr'><strong>Euge,</strong></span> <span class='ocrx_word' id='word_1_751' title='bbox 848 5369 1011 5441; x_wconf 88' lang='lat' dir='ltr'><strong>Euge.</strong></span> <span class='ocrx_word' id='word_1_752' title='bbox 1056 5369 1121 5425; x_wconf 90' lang='lat' dir='ltr'><strong>Et</strong></span> <span class='ocrx_word' id='word_1_753' title='bbox 1155 5368 1386 5425; x_wconf 81' lang='lat' dir='ltr'><strong>fortasse</strong></span> <span class='ocrx_word' id='word_1_754' title='bbox 1425 5369 1559 5440; x_wconf 86' lang='lat' dir='ltr'><strong>justi</strong></span> <span class='ocrx_word' id='word_1_755' title='bbox 1609 5369 1813 5424; x_wconf 90' lang='lat' dir='ltr'><strong>inimici</strong></span> <span class='ocrx_word' id='word_1_756' title='bbox 1869 5370 1963 5440; x_wconf 88' lang='lat' dir='ltr'><strong>qui</strong></span> 
     </span>
    </p>
   </div>
   <div class='ocr_carea' id='block_1_102' title="bbox 403 5458 1963 5531">
    <p class='ocr_par' dir='ltr' id='par_1_102' title="bbox 403 5458 1963 5531">
     <span class='ocr_line' id='line_1_102' title="bbox 403 5458 1963 5531; baseline 0.004 -20"><span class='ocrx_word' id='word_1_757' title='bbox 403 5458 607 5512; x_wconf 84' lang='lat' dir='ltr'><strong>multas</strong></span> <span class='ocrx_word' id='word_1_758' title='bbox 628 5458 891 5515; x_wconf 87' lang='lat' dir='ltr'><strong>adversus</strong></span> <span class='ocrx_word' id='word_1_759' title='bbox 919 5474 1044 5514; x_wconf 91' lang='lat' dir='ltr'><strong>eum</strong></span> <span class='ocrx_word' id='word_1_760' title='bbox 1070 5458 1298 5516; x_wconf 89' lang='lat' dir='ltr'><strong>insidias</strong></span> <span class='ocrx_word' id='word_1_761' title='bbox 1321 5466 1654 5520; x_wconf 78' lang='lat' dir='ltr'><strong>struxerant.</strong></span> <span class='ocrx_word' id='word_1_762' title='bbox 1683 5468 1963 5531; x_wconf 56' lang='lat' dir='ltr'><strong>sperantes</strong></span> 
     </span>
    </p>
   </div>
   <div class='ocr_carea' id='block_1_103' title="bbox 405 5549 1963 5622">
    <p class='ocr_par' dir='ltr' id='par_1_103' title="bbox 405 5549 1963 5622">
     <span class='ocr_line' id='line_1_103' title="bbox 405 5549 1963 5622; baseline 0.001 -17"><span class='ocrx_word' id='word_1_763' title='bbox 405 5563 466 5605; x_wconf 82' lang='lat' dir='ltr'><strong>se</strong></span> <span class='ocrx_word' id='word_1_764' title='bbox 495 5556 870 5619; x_wconf 78' lang='lat' dir='ltr'><strong>superaturos,</strong></span> <span class='ocrx_word' id='word_1_765' title='bbox 904 5550 973 5605; x_wconf 86' lang='lat' dir='ltr'><strong>ad</strong></span> <span class='ocrx_word' id='word_1_766' title='bbox 996 5549 1240 5622; x_wconf 80' lang='lat' dir='ltr'><strong>singulas</strong></span> <span class='ocrx_word' id='word_1_767' title='bbox 1265 5551 1520 5607; x_wconf 87' lang='lat' dir='ltr'><strong>dicebant</strong></span> <span class='ocrx_word' id='word_1_768' title='bbox 1555 5570 1569 5606; x_wconf 89' lang='lat'><strong>:</strong></span> <span class='ocrx_word' id='word_1_769' title='bbox 1596 5550 1763 5622; x_wconf 82' lang='lat' dir='ltr'><strong>Euge,</strong></span> <span class='ocrx_word' id='word_1_770' title='bbox 1800 5550 1963 5622; x_wconf 82' lang='lat' dir='ltr'><strong>Euge.</strong></span> 
     </span>
    </p>
   </div>
   <div class='ocr_carea' id='block_1_104' title="bbox 405 5638 1964 5716">
    <p class='ocr_par' dir='ltr' id='par_1_104' title="bbox 405 5638 1964 5716">
     <span class='ocr_line' id='line_1_104' title="bbox 405 5638 1964 5716; baseline 0.001 -19"><span class='ocrx_word' id='word_1_771' title='bbox 405 5638 511 5697; x_wconf 80' lang='lat' dir='ltr'><strong>Sed</strong></span> <span class='ocrx_word' id='word_1_772' title='bbox 536 5655 660 5695; x_wconf 89' lang='lat' dir='ltr'><strong>cum</strong></span> <span class='ocrx_word' id='word_1_773' title='bbox 690 5641 804 5698; x_wconf 60' lang='lat' dir='ltr'><strong>haec</strong></span> <span class='ocrx_word' id='word_1_774' title='bbox 830 5642 1149 5713; x_wconf 84' lang='lat' dir='ltr'><strong>plerumque</strong></span> <span class='ocrx_word' id='word_1_775' title='bbox 1173 5641 1431 5708; x_wconf 71' lang='lat' dir='ltr'><strong>dixerint,</strong></span> <span class='ocrx_word' id='word_1_776' title='bbox 1450 5657 1546 5714; x_wconf 85' lang='lat' dir='ltr'><strong>per</strong></span> <span class='ocrx_word' id='word_1_777' title='bbox 1566 5652 1738 5710; x_wconf 88' lang='lat' dir='ltr'><strong>tuam,</strong></span> <span class='ocrx_word' id='word_1_778' title='bbox 1767 5644 1964 5716; x_wconf 83' lang='lat' dir='ltr'><strong>inquit,</strong></span> 
     </span>
    </p>
   </div>
   <div class='ocr_carea' id='block_1_105' title="bbox 404 5734 1960 5816">
    <p class='ocr_par' dir='ltr' id='par_1_105' title="bbox 404 5734 1960 5816">
     <span class='ocr_line' id='line_1_105' title="bbox 404 5734 1960 5816; baseline 0.004 -26"><span class='ocrx_word' id='word_1_779' title='bbox 404 5735 630 5807; x_wconf 72' lang='lat' dir='ltr'><strong>gratiam</strong></span> <span class='ocrx_word' id='word_1_780' title='bbox 658 5735 772 5806; x_wconf 90' lang='lat' dir='ltr'><strong>jam</strong></span> <span class='ocrx_word' id='word_1_781' title='bbox 794 5734 1096 5816; x_wconf 85' lang='lat' dir='ltr'><strong>discedant,</strong></span> <span class='ocrx_word' id='word_1_782' title='bbox 1114 5750 1268 5791; x_wconf 88' lang='lat' dir='ltr'><strong>suam</strong></span> <span class='ocrx_word' id='word_1_783' title='bbox 1285 5734 1518 5794; x_wconf 77' lang='lat' dir='ltr'><strong>ferentes</strong></span> <span class='ocrx_word' id='word_1_784' title='bbox 1546 5736 1960 5810; x_wconf 86' lang='lat' dir='ltr'><strong>turpitudinem.</strong></span> 
     </span>
    </p>
   </div>
   <div class='ocr_carea' id='block_1_106' title="bbox 474 5868 1923 5942">
    <p class='ocr_par' dir='ltr' id='par_1_106' title="bbox 474 5868 1923 5942">
     <span class='ocr_line' id='line_1_106' title="bbox 474 5868 1923 5942; baseline -0.001 -19"><span class='ocrx_word' id='word_1_785' title='bbox 474 5868 550 5942; x_wconf 85' lang='lat' dir='ltr'><strong>(l)</strong></span> <span class='ocrx_word' id='word_1_786' title='bbox 595 5868 884 5924; x_wconf 77' lang='grc' dir='ltr'>’Δνεπόλει.</span> <span class='ocrx_word' id='word_1_787' title='bbox 1892 5872 1923 5909; x_wconf 63' lang='grc' dir='ltr'><strong>’δ</strong></span> 
     </span>
    </p>
   </div>
   <div class='ocr_carea' id='block_1_107' title="bbox 2067 4730 3635 4805">
    <p class='ocr_par' dir='ltr' id='par_1_107' title="bbox 2067 4730 3635 4805">
     <span class='ocr_line' id='line_1_107' title="bbox 2067 4730 3635 4805; baseline -0.003 -17"><span class='ocrx_word' id='word_1_788' title='bbox 2067 4733 2487 4798; x_wconf 86' lang='grc' dir='ltr'>κατελπίσαντες</span> <span class='ocrx_word' id='word_1_789' title='bbox 2538 4731 3025 4805; x_wconf 82' lang='grc' dir='ltr'>περιγενήσεσθαι,</span> <span class='ocrx_word' id='word_1_790' title='bbox 3072 4731 3502 4804; x_wconf 83' lang='grc' dir='ltr'>ἀποστρέφονται</span> <span class='ocrx_word' id='word_1_791' title='bbox 3543 4730 3635 4785; x_wconf 76' lang='grc' dir='ltr'>καὶ</span> 
     </span>
    </p>
   </div>
   <div class='ocr_carea' id='block_1_108' title="bbox 2065 4818 3634 4890">
    <p class='ocr_par' dir='ltr' id='par_1_108' title="bbox 2065 4818 3634 4890">
     <span class='ocr_line' id='line_1_108' title="bbox 2065 4818 3634 4890; baseline -0.004 -11"><span class='ocrx_word' id='word_1_792' title='bbox 2065 4824 2491 4879; x_wconf 85' lang='grc' dir='ltr'>ἀπαλλάττονται</span> <span class='ocrx_word' id='word_1_793' title='bbox 2523 4826 2602 4888; x_wconf 83' lang='grc' dir='ltr'>εἰς</span> <span class='ocrx_word' id='word_1_794' title='bbox 2632 4822 2700 4878; x_wconf 89' lang='grc' dir='ltr'><strong>τά</strong></span> <span class='ocrx_word' id='word_1_795' title='bbox 2731 4823 2904 4877; x_wconf 76' lang='grc' dir='ltr'>ὀπίσω</span> <span class='ocrx_word' id='word_1_796' title='bbox 2922 4837 2937 4852; x_wconf 74' lang='grc' dir='ltr'><strong><em>ο</em></strong></span> <span class='ocrx_word' id='word_1_797' title='bbox 2983 4818 3082 4876; x_wconf 79' lang='grc' dir='ltr'>εἶτ’</span> <span class='ocrx_word' id='word_1_798' title='bbox 3113 4820 3518 4890; x_wconf 73' lang='grc' dir='ltr'>ἀπαλλαγέντες</span> <span class='ocrx_word' id='word_1_799' title='bbox 3544 4819 3634 4874; x_wconf 71' lang='grc' dir='ltr'>καὶ</span> 
     </span>
    </p>
   </div>
   <div class='ocr_carea' id='block_1_109' title="bbox 2068 4912 3634 4990">
    <p class='ocr_par' dir='ltr' id='par_1_109' title="bbox 2068 4912 3634 4990">
     <span class='ocr_line' id='line_1_109' title="bbox 2068 4912 3634 4990; baseline -0.004 -19"><span class='ocrx_word' id='word_1_800' title='bbox 2068 4916 2281 4990; x_wconf 82' lang='grc' dir='ltr'>μακρὰν</span> <span class='ocrx_word' id='word_1_801' title='bbox 2305 4916 2605 4988; x_wconf 87' lang='grc' dir='ltr'>γενόμενοι,</span> <span class='ocrx_word' id='word_1_802' title='bbox 2639 4914 2926 4987; x_wconf 83' lang='grc' dir='ltr'>τάπίχειρα</span> <span class='ocrx_word' id='word_1_803' title='bbox 2945 4914 3044 4985; x_wconf 83' lang='grc' dir='ltr'>τῆς</span> <span class='ocrx_word' id='word_1_804' title='bbox 3069 4912 3245 4967; x_wconf 78' lang='grc' dir='ltr'>αὐτῶν</span> <span class='ocrx_word' id='word_1_805' title='bbox 3267 4912 3634 4983; x_wconf 67' lang='grc' dir='ltr'>ἀπολήψονται</span> 
     </span>
    </p>
   </div>
   <div class='ocr_carea' id='block_1_110' title="bbox 2063 5002 3635 5079">
    <p class='ocr_par' dir='ltr' id='par_1_110' title="bbox 2063 5002 3635 5079">
     <span class='ocr_line' id='line_1_110' title="bbox 2063 5002 3635 5079; baseline -0.003 -17"><span class='ocrx_word' id='word_1_806' title='bbox 2063 5008 2292 5072; x_wconf 87' lang='grc' dir='ltr'>κακίας·</span> <span class='ocrx_word' id='word_1_807' title='bbox 2323 5007 2404 5061; x_wconf 80' lang='grc' dir='ltr'>διὸ</span> <span class='ocrx_word' id='word_1_808' title='bbox 2445 5007 2581 5079; x_wconf 87' lang='grc' dir='ltr'>μετὰ</span> <span class='ocrx_word' id='word_1_809' title='bbox 2620 5006 2794 5061; x_wconf 79' lang='grc' dir='ltr'>ταῦτα</span> <span class='ocrx_word' id='word_1_810' title='bbox 2833 5005 3078 5060; x_wconf 80' lang='grc' dir='ltr'>λέλεκται</span> <span class='ocrx_word' id='word_1_811' title='bbox 3098 5021 3114 5036; x_wconf 76' lang='grc' dir='ltr'><strong>ο</strong></span> <span class='ocrx_word' id='word_1_812' title='bbox 3157 5002 3635 5074; x_wconf 69' lang='lat' dir='ltr'><strong>Kopto&#39;doawar</strong></span> 
     </span>
    </p>
   </div>
   <div class='ocr_carea' id='block_1_111' title="bbox 2066 5082 3628 5169">
    <p class='ocr_par' dir='ltr' id='par_1_111' title="bbox 2066 5082 3628 5169">
     <span class='ocr_line' id='line_1_111' title="bbox 2066 5082 3628 5169; baseline -0.001 -17"><span class='ocrx_word' id='word_1_813' title='bbox 2066 5097 2428 5169; x_wconf 77' lang='grc' dir='ltr'>παραχρῆμα</span> <span class='ocrx_word' id='word_1_814' title='bbox 2476 5082 2780 5168; x_wconf 75' lang='grc' dir='ltr'>αἰσχύνην</span> <span class='ocrx_word' id='word_1_815' title='bbox 2823 5096 3021 5153; x_wconf 77' lang='grc' dir='ltr'>αὐτῶν</span> <span class='ocrx_word' id='word_1_816' title='bbox 3068 5100 3124 5153; x_wconf 78' lang='grc' dir='ltr'>οι</span> <span class='ocrx_word' id='word_1_817' title='bbox 3166 5095 3449 5168; x_wconf 59' lang='grc' dir='ltr'>λέγοντές</span> <span class='ocrx_word' id='word_1_818' title='bbox 3494 5110 3628 5166; x_wconf 82' lang='grc' dir='ltr'>μοι’</span> 
     </span>
    </p>
   </div>
   <div class='ocr_carea' id='block_1_112' title="bbox 2067 5183 3627 5262">
    <p class='ocr_par' dir='ltr' id='par_1_112' title="bbox 2067 5183 3627 5262">
     <span class='ocr_line' id='line_1_112' title="bbox 2067 5183 3627 5262; baseline -0.003 -16"><span class='ocrx_word' id='word_1_819' title='bbox 2067 5189 2242 5261; x_wconf 77' lang='grc' dir='ltr'>Εὖγε,</span> <span class='ocrx_word' id='word_1_820' title='bbox 2292 5187 2452 5262; x_wconf 80' lang='grc' dir='ltr'>εὖτε.</span> <span class='ocrx_word' id='word_1_821' title='bbox 2490 5190 2628 5244; x_wconf 84' lang='grc' dir='ltr'>Ἀνθ’</span> <span class='ocrx_word' id='word_1_822' title='bbox 2656 5183 2721 5243; x_wconf 75' lang='grc' dir='ltr'>οὗ</span> <span class='ocrx_word' id='word_1_823' title='bbox 2766 5193 2796 5244; x_wconf 84' lang='grc' dir='ltr'><strong>ὁ</strong></span> <span class='ocrx_word' id='word_1_824' title='bbox 2828 5189 3055 5255; x_wconf 74' lang='grc' dir='ltr'>’Δκύλας</span> <span class='ocrx_word' id='word_1_825' title='bbox 3101 5191 3475 5262; x_wconf 84' lang='grc' dir='ltr'>ήρμήνευσεν·</span> <span class='ocrx_word' id='word_1_826' title='bbox 3515 5187 3627 5251; x_wconf 75' lang='grc' dir='ltr'><strong>Ἁὰ,</strong></span> 
     </span>
    </p>
   </div>
   <div class='ocr_carea' id='block_1_113' title="bbox 2066 5280 3630 5357">
    <p class='ocr_par' dir='ltr' id='par_1_113' title="bbox 2066 5280 3630 5357">
     <span class='ocr_line' id='line_1_113' title="bbox 2066 5280 3630 5357; baseline -0.004 -17"><span class='ocrx_word' id='word_1_827' title='bbox 2066 5285 2161 5351; x_wconf 83' lang='grc' dir='ltr'>ἀὰ,</span> <span class='ocrx_word' id='word_1_828' title='bbox 2189 5285 2324 5357; x_wconf 75' lang='grc' dir='ltr'>αὐτῇ</span> <span class='ocrx_word' id='word_1_829' title='bbox 2359 5284 2806 5357; x_wconf 86' lang='grc' dir='ltr'>συγχρησάμενος</span> <span class='ocrx_word' id='word_1_830' title='bbox 2832 5283 3005 5348; x_wconf 73' lang='grc' dir='ltr'>οὕτως</span> <span class='ocrx_word' id='word_1_831' title='bbox 3038 5283 3233 5356; x_wconf 73' lang='grc' dir='ltr'>ἐχούσῃ</span> <span class='ocrx_word' id='word_1_832' title='bbox 3261 5285 3327 5353; x_wconf 74' lang='grc' dir='ltr'>τῇ</span> <span class='ocrx_word' id='word_1_833' title='bbox 3373 5280 3630 5353; x_wconf 73' lang='grc' dir='ltr'>Ἐϐραῖκῇ</span> 
     </span>
    </p>
   </div>
   <div class='ocr_carea' id='block_1_114' title="bbox 2068 5372 3632 5449">
    <p class='ocr_par' dir='ltr' id='par_1_114' title="bbox 2068 5372 3632 5449">
     <span class='ocr_line' id='line_1_114' title="bbox 2068 5372 3632 5449; baseline -0.003 -19"><span class='ocrx_word' id='word_1_834' title='bbox 2068 5378 2402 5449; x_wconf 81' lang='grc' dir='ltr'>φωνῇ.¹Ἐστι</span> <span class='ocrx_word' id='word_1_835' title='bbox 2433 5378 2492 5431; x_wconf 80' lang='grc' dir='ltr'>δὲ</span> <span class='ocrx_word' id='word_1_836' title='bbox 2516 5372 2656 5448; x_wconf 78' lang='grc' dir='ltr'>αὕτη</span> <span class='ocrx_word' id='word_1_837' title='bbox 2690 5375 3064 5448; x_wconf 84' lang='grc' dir='ltr'>σχετλιαστικὴ</span> <span class='ocrx_word' id='word_1_838' title='bbox 3090 5376 3199 5430; x_wconf 83' lang='grc' dir='ltr'><strong>τῶν</strong></span> <span class='ocrx_word' id='word_1_839' title='bbox 3220 5375 3321 5448; x_wconf 68' lang='grc' dir='ltr'>ἤδη</span> <span class='ocrx_word' id='word_1_840' title='bbox 3347 5372 3632 5444; x_wconf 76' lang='grc' dir='ltr'>νενικημέ-</span> 
     </span>
    </p>
   </div>
   <div class='ocr_carea' id='block_1_115' title="bbox 2065 5464 3629 5541">
    <p class='ocr_par' dir='ltr' id='par_1_115' title="bbox 2065 5464 3629 5541">
     <span class='ocr_line' id='line_1_115' title="bbox 2065 5464 3629 5541; baseline -0.004 -18"><span class='ocrx_word' id='word_1_841' title='bbox 2065 5487 2169 5523; x_wconf 90' lang='grc' dir='ltr'><strong>νων</strong></span> <span class='ocrx_word' id='word_1_842' title='bbox 2201 5469 2295 5523; x_wconf 74' lang='grc' dir='ltr'>κα⁵ι</span> <span class='ocrx_word' id='word_1_843' title='bbox 2327 5470 2407 5533; x_wconf 85' lang='grc' dir='ltr'><strong>είς</strong></span> <span class='ocrx_word' id='word_1_844' title='bbox 2433 5468 2503 5523; x_wconf 78' lang='grc' dir='ltr'>τὰ</span> <span class='ocrx_word' id='word_1_845' title='bbox 2525 5470 2701 5524; x_wconf 84' lang='grc' dir='ltr'>ὀπίσω</span> <span class='ocrx_word' id='word_1_846' title='bbox 2731 5469 3143 5541; x_wconf 85' lang='grc' dir='ltr'>κεχωρηκότων,</span> <span class='ocrx_word' id='word_1_847' title='bbox 3176 5467 3272 5521; x_wconf 73' lang='grc' dir='ltr'><strong>καὶ</strong></span> <span class='ocrx_word' id='word_1_848' title='bbox 3298 5468 3397 5539; x_wconf 78' lang='grc' dir='ltr'>τὴν</span> <span class='ocrx_word' id='word_1_849' title='bbox 3426 5464 3629 5519; x_wconf 78' lang='grc' dir='ltr'>ἑαυτῶν</span> 
     </span>
    </p>
   </div>
   <div class='ocr_carea' id='block_1_116' title="bbox 2064 5557 3631 5633">
    <p class='ocr_par' dir='ltr' id='par_1_116' title="bbox 2064 5557 3631 5633">
     <span class='ocr_line' id='line_1_116' title="bbox 2064 5557 3631 5633; baseline -0.003 -19"><span class='ocrx_word' id='word_1_850' title='bbox 2064 5561 2322 5631; x_wconf 81' lang='grc' dir='ltr'>αἰσχύνην</span> <span class='ocrx_word' id='word_1_851' title='bbox 2370 5558 2765 5633; x_wconf 80' lang='grc' dir='ltr'>ἀπειληφότων.</span> <span class='ocrx_word' id='word_1_852' title='bbox 2803 5560 2958 5614; x_wconf 82' lang='grc' dir='ltr'>Κατά</span> <span class='ocrx_word' id='word_1_853' title='bbox 2998 5559 3054 5613; x_wconf 86' lang='grc' dir='ltr'>δὲ</span> <span class='ocrx_word' id='word_1_854' title='bbox 3074 5559 3202 5623; x_wconf 82' lang='grc' dir='ltr'>τοὺς</span> <span class='ocrx_word' id='word_1_855' title='bbox 3236 5557 3631 5630; x_wconf 82' lang='grc' dir='ltr'>Ἐϐδομήκοντα</span> 
     </span>
    </p>
   </div>
   <div class='ocr_carea' id='block_1_117' title="bbox 2068 5645 3626 5724">
    <p class='ocr_par' dir='ltr' id='par_1_117' title="bbox 2068 5645 3626 5724">
     <span class='ocr_line' id='line_1_117' title="bbox 2068 5645 3626 5724; baseline -0.001 -20"><span class='ocrx_word' id='word_1_856' title='bbox 2068 5651 2270 5706; x_wconf 72' lang='grc' dir='ltr'>καὶτὸν</span> <span class='ocrx_word' id='word_1_857' title='bbox 2290 5652 2581 5723; x_wconf 86' lang='grc' dir='ltr'>Σύμμαχον</span> <span class='ocrx_word' id='word_1_858' title='bbox 2607 5654 2854 5724; x_wconf 81' lang='grc' dir='ltr'>φήσαντα</span> <span class='ocrx_word' id='word_1_859' title='bbox 2867 5668 2883 5684; x_wconf 73' lang='grc' dir='ltr'><strong>ο</strong></span> <span class='ocrx_word' id='word_1_860' title='bbox 2914 5654 2979 5707; x_wconf 77' lang='grc' dir='ltr'>υἱ</span> <span class='ocrx_word' id='word_1_861' title='bbox 3004 5650 3288 5722; x_wconf 75' lang='grc' dir='ltr'>λέγοντες</span> <span class='ocrx_word' id='word_1_862' title='bbox 3309 5649 3444 5718; x_wconf 75' lang='grc' dir='ltr'>περὶ</span> <span class='ocrx_word' id='word_1_863' title='bbox 3461 5645 3626 5719; x_wconf 75' lang='grc' dir='ltr'><strong>ἐμοῦο</strong></span> 
     </span>
    </p>
   </div>
   <div class='ocr_carea' id='block_1_118' title="bbox 2071 5737 3627 5816">
    <p class='ocr_par' dir='ltr' id='par_1_118' title="bbox 2071 5737 3627 5816">
     <span class='ocr_line' id='line_1_118' title="bbox 2071 5737 3627 5816; baseline -0.003 -17"><span class='ocrx_word' id='word_1_864' title='bbox 2071 5737 2246 5814; x_wconf 77' lang='grc' dir='ltr'>Εὖγε,</span> <span class='ocrx_word' id='word_1_865' title='bbox 2276 5739 2434 5816; x_wconf 71' lang='grc' dir='ltr'>εὖγε,</span> <span class='ocrx_word' id='word_1_866' title='bbox 2464 5744 2604 5815; x_wconf 80' lang='grc' dir='ltr'>τάχα</span> <span class='ocrx_word' id='word_1_867' title='bbox 2629 5746 2759 5800; x_wconf 68' lang='grc' dir='ltr'>ποτε</span> <span class='ocrx_word' id='word_1_868' title='bbox 2786 5746 2834 5800; x_wconf 82' lang='lat' dir='ltr'><strong>oi</strong></span> <span class='ocrx_word' id='word_1_869' title='bbox 2866 5743 3048 5816; x_wconf 70' lang='grc' dir='ltr'>ἐχθροὶ</span> <span class='ocrx_word' id='word_1_870' title='bbox 3079 5743 3174 5799; x_wconf 82' lang='grc' dir='ltr'>τοῦ</span> <span class='ocrx_word' id='word_1_871' title='bbox 3196 5741 3406 5799; x_wconf 82' lang='grc' dir='ltr'>δικαίου</span> <span class='ocrx_word' id='word_1_872' title='bbox 3432 5739 3627 5802; x_wconf 78' lang='grc' dir='ltr'>πολλὰς</span> 
     </span>
    </p>
   </div>
  </div>
