3822 6280
177 294 271 354 361
1304 284 1683 347 εοιιιιΕιςτΑ

1944 283 2285 343 PSALMOS.
3298 286 3403 346 362
3430 295 3432 297 ’

176 413 460 478 ἐπιϐουλάς
484 406 826 476 ἐπινοοῦντες
862 412 980 465 κατ’
1001 409 1193 476 αὑτοῦ,
1216 411 1298 479 ἐφ’
1330 410 1533 482 ἑκάστῃ
1556 406 1958 483 προσδοκῶντες
1990 404 2459 477 περιγενήσεσθαι,
2492 405 2693 473 ἔλεγον.
2713 399 2887 473 Εὖγε,
2912 399 3068 476 εὖγε.
3089 406 3245 461 Ἀλλὰ
3276 407 3403 461 πολ-

174 510 321 569 λάκις
339 509 520 571 τοῦτο,
540 507 727 578 φησὶν,
745 504 1135 577 εἰρηκότες,διὰ
1152 504 1247 575 τὴν
1269 503 1365 574 σὴν
1394 505 1550 576 χάριν
1572 499 2091 558 ἀπαλλαττέσθωσαν
2112 496 2209 568 ἤδη
2230 497 2375 557 ποτὲ,
2397 496 2492 567 τὴν
2518 495 2719 550 ἑαυτῶν
2746 499 3096 568 κομισάμενοι
3122 499 3402 570 αἰσχύνην.

296 604 401 657 ΕΙΣ
440 602 533 653 TU
576 597 1116 662 ΤΕΛΟΣ,ΨΑΛΜΟΣ
1154 598 1239 651 ΤΩ
1277 592 1475 650 ΔΑΥῘΔ
1510 592 1601 651 Μ’.
1766 598 1805 654 Α

1557 592 1601 651 ιο,
1766 598 1813 655 Α
2162 588 2212 641 ι.
2252 585 2316 639 IN
2348 584 2918 651 FINEM,PSALMUS
2959 587 3066 642 XL.

235 694 535 762 Μακάριος
564 696 599 747 ό
623 692 847 747 συνιὼν
874 692 972 744 ἐπὶ
992 690 1229 760 πτωχὸν
1254 690 1351 743 καὶ
1380 689 1635 757 πένητα·
1668 690 1736 744 ἐν

1918 680 2082 737 Vens.
2104 682 2227 736 2-4.
2252 681 2445 734 Beatus
2477 682 2568 749 qui
2596 681 2842 752 intelligit
2892 699 3047 751 super
3100 701 3314 754 egenum
3352 700 3396 740 ιιι

174 789 346 857 ἡμέρᾳ
391 782 635 852 πονηρᾷ
672 784 920 851 ῥύσεται
955 783 1139 836 αὐτὸν
1166 785 1199 834 ό
1241 784 1467 849 Κύριος.
1522 783 1683 850 Κύριε

1889 790 2121 844 ιιιρενεηι
2158 776 2251 827 :in
2281 772 2364 827 die
2388 773 2533 827 mala
2562 774 2805 829 liberabit
2837 791 2952 828 eum
2980 775 3257 834 Dominus.
3288 779 3398 833 Do-

174 876 529 947 διαφυλάξαι
557 877 746 931 αὐτὸν
778 875 875 929 καὶ
913 873 1129 936 ζωώσαι
1165 874 1373 935 αὐτὸν,
1415 876 1513 927 καὶ
1549 892 1683 943 μακι

1896 868 2015 922 inus
2048 877 2313 921 conservet
2342 884 2459 922 eum
2488 878 2537 922 et
2570 869 2791 939 uiviﬁcet
2836 888 2974 935 eum,
3005 882 3052 925 et
3080 875 3283 927 beatum
3318 877 3400 941 fa-

170 973 318 1038 ρίσαι
343 968 536 1022 αὑτὸν
564 968 639 1020 ἐν
672 966 741 1035 τῇ
770 965 866 1036 γῇ,
896 966 993 1020 καὶ
1022 965 1107 1036 μὴ
1132 963 1373 1033 παραδῷ
1423 965 1608 1018 αὑτὸν
1648 983 1677 1017 ε

1893 967 1945 1011 at
1967 975 2085 1012 eum
2119 959 2172 1011 in
2192 967 2350 1019 terra,
2383 966 2431 1011 et
2462 974 2567 1011 non
2606 958 2782 1011 tradat
2808 975 2923 1012 eum
2951 960 3005 1013 in
3031 961 3263 1013 animam
3295 963 3396 1016 ini-

174 1060 364 1130 ψυχὴν
381 1056 624 1127 ἐχθρῶν
646 1057 849 1112 αὐτοῦ.
872 1058 1082 1125 Κύριος
1095 1055 1398 1124 ,βοηθῆσαι
1441 1056 1600 1123 αὐτῷ
1634 1057 1683 1107 ἐξ

1895 1052 2096 1103 icorum
2132 1050 2266 1121 ejus.
2307 1048 2558 1105 Dominus
2589 1067 2734 1120 opem
2759 1052 2895 1120 ferat
2940 1050 3019 1104 illi
3040 1069 3192 1121 super
3213 1054 3398 1107 lectum

174 1153 368 1216 κλίνης
414 1149 650 1217 ὀδύνης
686 1148 890 1213 αὐτοῦ,
943 1149 1094 1215 ὅλην
1134 1147 1247 1217 τὴν
1288 1149 1496 1216 κοίτην
1546 1150 1683 1201 αὐτο

1892 1140 2034 1194 ιιονίε
2063 1139 2193 1208 ejus,
2225 1143 2520 1194 universum
2540 1150 2765 1195 stratum
2797 1142 2909 1210 ejus
2936 1144 3155 1198 versasti
3174 1146 3225 1198 in
3251 1147 3401 1215 infir-

173 1246 447 1311 έστρεψας
479 1242 552 1295 ἐν
584 1239 661 1311 τῇ
703 1242 997 1310 ἀρῤωστία
1035 1240 1240 1294 αὑτοῦ.
1288 1239 1499 1312 Προιὼν
1551 1234 1675 1312 ἑξῆς

1893 1234 2019 1286 itate
2056 1249 2190 1300 ejus.
2224 1231 2337 1287 Sub
2365 1232 2480 1287 haec
2533 1241 2710 1288 autem
2763 1233 2836 1287 ita
2884 1249 3061 1289 sermo
3115 1238 3394 1306 procedit:

174 1336 309 1404 λόγος
340 1332 594 1404 ἐπιφέρει
620 1346 633 1362 ·
670 1332 777 1387 Kal
802 1332 911 1401 γὰρ
936 1335 969 1385 ό
1011 1332 1319 1399 ἅνθρωπος
1348 1329 1454 1400 τῆς
1487 1333 1683 1402 εἰρήνη

1889 1325 2044 1377 (enim
2062 1323 2213 1377 homo
2236 1325 2382 1392 pacis
2409 1340 2559 1391 meae,
2592 1325 2646 1377 in
2698 1341 2797 1395 quo
2845 1328 3068 1393 sperari,
3096 1328 3183 1396 qui
3216 1328 3398 1382 edebat

171 1442 290 1491 μου,
327 1422 415 1490 ἐφ’
448 1422 523 1474 ὃν
553 1421 808 1489 ἤλπισα,
848 1424 879 1473 ό
911 1420 1129 1474 ἐσθίων
1162 1419 1380 1487 ἄρτους
1412 1440 1530 1489 μου
1549 1462 1563 1486 ,
1596 1422 1680 1489 ἐμι

1885 1432 1990 1469 mes
2014 1432 2175 1479 meos,
2202 1416 2558 1486 magniﬁcavit
2597 1433 2752 1485 super
2790 1433 2870 1471 me
2897 1418 3394 1487 supplantationem.

176 1516 413 1585 τάλυνεν
438 1514 534 1566 ἐπ’
569 1513 677 1584 ἐμὲ
703 1513 1083 1581 πτερνισμόν.
1115 1511 1299 1567 Ταῦτα
1329 1513 1383 1566 δὲ
1423 1514 1685 1587 άναγέγρο

1886 1524 1959 1562 {ec
1995 1524 2156 1579 porro
2202 1508 2406 1563 dixisse
2451 1510 2712 1564 scribitur
2755 1509 3001 1565 Salvator
3032 1520 3086 1565 et
3134 1512 3395 1570 Dominus

175 1624 285 1659 πται
315 1608 342 1658 6
378 1606 572 1678 Σωτὴρ
625 1608 720 1660 καὶ
747 1605 948 1677 Κύριος
977 1604 1131 1676 ἡμῶν
1164 1608 1221 1658 ὲν
1247 1607 1323 1677 τῷ
1352 1608 1491 1662 κατὰ
1550 1608 1684 1661 Ἰωάι

1883 1610 2017 1655 aster
2054 1602 2105 1654 in
2142 1600 2435 1670 Evangelio
2493 1602 2791 1657 secundum
2825 1602 3111 1668 Joannem,
3145 1608 3299 1674 quasi
3326 1625 3392 1663 ex

176 1718 256 1771 νην
279 1698 593 1770 Εὑαγγελίῳ
626 1700 703 1763 ὼς
735 1698 794 1763 ἐξ
815 1697 1011 1752 οἰκείου
1062 1698 1351 1769 προσώπου
1399 1698 1634 1772 εἰρηκὼς
1667 1703 1685 1754 ἐ

1875 1696 2048 1766 repria
2105 1710 2336 1765 persona
2396 1696 2476 1750 sic
2537 1696 2835 1766 discipulos
2879 1698 3384 1763 allocutus:Amen,

175 1795 228 1862 τῇ
266 1792 390 1862 πρὸς
443 1793 572 1855 τοὺς
631 1792 879 1863 μαθητὰς
939 1794 1155 1866 ὁμιλίᾳ·
1211 1794 1276 1847 δι’
1327 1786 1400 1847 ὧν
1451 1794 1684 1863 ἔφασκεν

1878 1805 1998 1851 men,
2052 1786 2169 1841 dico
2210 1786 2396 1841 vobis:
2436 1786 2557 1841 Non
2603 1797 2679 1841 est
2729 1805 2904 1843 servus
2960 1792 3137 1859 major
3177 1793 3387 1846 domino

186 1882 356 1952 Ἀμὴν,
379 1882 564 1953 ἀμὴν,
587 1884 747 1954 λέγω
771 1886 911 1954 ὑμῖν
930 1903 943 1916 ·
981 1889 1100 1939 Οὐκ
1128 1887 1257 1940 ἐστι
1282 1886 1502 1952 δοῦλος
1512 1884 1695 1955 μείζωι

1883 1897 1940 1944 ιο,
1974 1897 2133 1951 neque
2157 1881 2425 1950 apostolus
2458 1881 2629 1950 major
2656 1892 2730 1935 est
2753 1898 2811 1936 eo
2832 1884 2921 1952 qui
2954 1884 3098 1938 misit
3125 1884 3295 1940 illum.
3330 1885 3392 1940 Si

174 1974 263 2027 τοῦ
299 1976 503 2043 κυρίου
541 1977 759 2041 αὑτοῦ,
799 1978 941 2032 οὐδὲ
978 1980 1322 2045 ἀπόστολος
1356 1977 1569 2047 μείζων
1614 1996 1679 2031 το

1885 1990 1929 2026 2c
1955 1975 2121 2037 scitis,
2163 1973 2301 2027 beati
2337 1975 2485 2029 eritis
2537 1991 2654 2027 cum
2671 1974 2896 2042 feceritis
2921 1991 3002 2032 ea.
3038 1975 3162 2030 Non
3190 1977 3253 2030 de
3283 1995 3394 2031 om-

175 2064 485 2134 πέμψαντος
506 2068 723 2121 αὐτόν.
745 2071 814 2121 El
839 2070 1024 2123 ταῦτα
1049 2069 1266 2134 οἷδατε,
1285 2068 1565 2138 μακάριοί
1581 2070 1683 2124 ἐστ

1875 2065 1973 2117 bus
1993 2066 2133 2120 vobis
2156 2065 2312 2120 dico:
2334 2082 2425 2136 ego
2446 2067 2552 2119 scio
2582 2082 2708 2136 quos
2734 2066 2971 2137 elegerim
2993 2082 3011 2131 ;
3036 2067 3124 2121 sed
3139 2078 3194 2121 ut
3217 2070 3384 2123 adim-

174 2155 295 2209 ὅταν
314 2157 522 2211 ποιεῖτε
551 2159 638 2231 (1)
688 2159 858 2215 αὐτά.
908 2163 989 2215 Oi)
1022 2161 1153 2230 περὶ
1192 2160 1432 2215 πάντων
1466 2162 1603 2232 ὑμῖν
1623 2164 1683 2218 λέ

1876 2167 2027 2212 eatur
2048 2158 2325 2227 Scriptura
2356 2174 2373 2210 :
2408 2157 2513 2223 Qui
2543 2158 2828 2212 manducat
2882 2174 3052 2212 meum
3076 2176 3282 2226 panem,
3311 2162 3385 2215 le-

175 2267 263 2318 τω·
296 2249 396 2319 ἐγὼ
423 2247 555 2305 οῖδα
586 2251 705 2318 οὓς
724 2252 1127 2321 ἐξελεξάμην·
1156 2254 1293 2309 ἀλλ’
1324 2255 1422 2308 ἵνα
1448 2255 1485 2323 ἡ
1509 2257 1684 2324 Γραφ·

1874 2252 1956 2303 ivit
1978 2258 2161 2302 contra
2188 2265 2267 2301 me
2298 2248 2601 2301 calcaneum
2624 2265 2777 2303 suum
2805 2250 2869 2301 ¹⁶.
2906 2248 3062 2303 Nulla
3087 2266 3246 2320 porro
3280 2253 3383 2305 alia

176 2339 450 2407 πληρωθῇ·
487 2341 540 2393 '0
570 2341 816 2412 τρώγων
834 2361 953 2412 μου
986 2344 1092 2397 τὸν
1133 2344 1315 2412 ἄρτον
1364 2343 1586 2414 ἐπῆρεν
1625 2347 1685 2400 ea

1876 2340 2099 2411 :riptura
2131 2355 2252 2409 quae
2300 2340 2405 2394 hoc
2462 2340 2609 2394 dicat
2660 2345 2953 2411 reperitur,
3008 2351 3204 2413 prazter
3245 2344 3385 2397 hanc

176 2428 260 2498 ἐμὲ
280 2429 523 2498 πτέρναν
565 2432 783 2487 αὐτοῦ.
823 2434 988 2506 ’Ἄλλη
1016 2435 1070 2487 δὲ
1094 2435 1282 2507 Γραφὴ
1312 2434 1468 2489 τοῦτο
1498 2437 1685 2507 φήσασ.

1875 2448 1981 2485 iam
1999 2448 2104 2505 qua
2123 2432 2328 2486 dictum
2352 2439 2457 2497 est,
2487 2432 2577 2503 qui
2602 2432 2786 2486 edebat
2828 2448 3017 2502 panem
3054 2452 3243 2499 meum,-
3274 2453 3384 2490 ma-

176 2522 258 2592 οὐχ
290 2525 615 2596 εὑρίσκεται,
660 2526 793 2596 μόνη
820 2526 875 2579 δὲ
900 2528 931 2597 ἡ
976 2526 1243 2598 παροῦσα,
1275 2529 1338 2580 δι’
1366 2521 1433 2599 ἦς
1462 2526 1673 2599 εἴρηται

1877 2525 2082 2594 ιίροαυὶι
2129 2539 2283 2594 super
2304 2542 2385 2581 me
2427 2526 2926 2594 supplantationem.
2973 2526 3079 2581 Par
3108 2538 3191 2584 est
3222 2528 3386 2599 igitur

185 2613 233 2666 Ὀ
259 2615 448 2671 ἐσθίων
475 2618 674 2695 ἄρτον
698 2636 816 2688 μου
865 2619 1232 2689 ἐμεγάλυνεν
1259 2621 1351 2673 ἐπ’
1398 2621 1503 2691 ἐμὲ
1541 2634 1694 2689 etcep-

1876 2616 1886 2670 l
1919 2616 2037 2687 ejus
2064 2632 2375 2687 personam,
2410 2633 2531 2687 quae
2556 2618 2609 2671 in
2640 2620 2746 2674 hoc
2775 2619 2987 2689 psalmo
3016 2619 3282 2684 feruntur,
3327 2627 3385 2674 ut

178 2709 374 2776 νισμόν.
412 2711 547 2781 Ὥρα
576 2711 871 2782 τοιγαροῦν
902 2713 981 2775 εἰς
1012 2708 1072 2764 τὸ
1119 2711 1282 2765 αὐτοῦ
1329 2708 1614 2782 πρόσωπον
1646 2731 1687 2767 τι

1972 2710 2130 2763 ιειίοε
2187 2708 2333 2763 dicta
2392 2710 2657 2781 accipere.
2708 2710 3073 2776 Quamobrem
3124 2713 3180 2766 in
3227 2713 3384 2781 finem
3470 2768 3481 2778 ,

178 2799 483 2872 ἐμφερόμενα
514 2802 597 2873 τῷ
633 2802 829 2873 ψαλμῷ
855 2804 929 2866 ὡς
960 2804 1025 2857 ἂν
1053 2805 1402 2875 προφητικῶς
1450 2808 1687 2879 εἰρημένι

1875 2801 2151 2864 scribitur,
2172 2801 2315 2871 quod
2356 2801 2470 2856 haec
2498 2818 2600 2857 nos
2633 2805 2913 2858 remittant
2937 2805 3004 2861 ad
3035 2820 3384 2861 consumma-

178 2887 402 2943 ἐκλαϐεῖν.
436 2892 525 2945 Διὸ
551 2892 660 2947 καὶ
687 2895 773 2958 εἰς
804 2894 868 2946 τὸ
892 2893 1068 2959 τέλος
1109 2895 1544 2967 ἐπιγέγραπται,
1577 2898 1679 2950 ἀνα

1869 2915 2014 2957 mem
2052 2900 2257 2965 saeculi,
2293 2914 2402 2969 quo
2446 2907 2690 2971 tempore
2734 2915 2797 2956 ea
2850 2916 2970 2971 qua:
3001 2902 3202 2972 scripta
3254 2910 3378 2957 sunt

178 2975 420 3044 πέμποντα
449 2983 609 3051 ἡμᾶς
640 2982 756 3053 ἦτοι
780 2982 871 3035 ἐπὶ
902 2983 1000 3053 τὴν
1042 2985 1349 3038 συντέλειαν
1389 2986 1482 3039 τοῦ
1519 2988 1687 3041 αἱῶνο.

1872 2991 2212 3062 ιρΙεὺιιηῐιιτξ;
2247 2991 2361 3046 sive
2390 2991 2550 3046 etiam
2581 2991 2648 3045 ad
2688 3000 2961 3063 postrema
2993 2993 3185 3062 psalmi
3215 2991 3379 3046 dicta.

178 3066 273 3118 καθ’
295 3070 352 3138 ἣν
381 3072 689 3145 ἐπληροῦτο
720 3074 788 3128 τὰ
816 3077 1298 3148 ἀναγεγραμμένα,
1334 3078 1366 3149 ἢ
1400 3079 1494 3131 ἐπὶ
1525 3080 1593 3133 τὰ
1624 3097 1687 3132 τε

1872 3085 1966 3140 ιοι]
1997 3085 2041 3139 si
2073 3084 2189 3137 haec
2217 3083 2283 3137 ad
2312 3082 2644 3138 Salvatorem
2673 3084 2998 3151 referantur,
3026 3086 3149 3156 jure
3180 3086 3381 3142 dixeris

178 3157 359 3251 λευταία
391 3166 495 3219 τῶν
526 3166 627 3220 διὰ
649 3168 741 3221 τοῦ
768 3170 982 3241 ψαλμοῦ
1009 3171 1369 3242 δηλουμένων.
1397 3176 1460 3227 El
1496 3176 1592 3246 μὲν
1615 3171 1687 3228 οὗ·

1869 3187 2026 3232 :atum
2061 3180 2347 3249 praedicari
2375 3195 2521 3245 eum,
2551 3180 2963 3251 quiintelligere
2996 3179 3289 3250 possitqua
3311 3180 3378 3236 de

180 3250 252 3345 in!
280 3253 360 3306 τοῦ
403 3258 662 3331 Σωτῆρος
702 3262 1022 3334 ἀναφέροιτο
1058 3265 1128 3319 τὰ
1154 3266 1509 3339 προκείμενα,
1535 3267 1689 3331 εἴποις

1868 3287 1976 3326 lusa
2020 3280 2241 3342 propter
2280 3287 2381 3326 nos
2411 3282 2709 3343 egestatem
2774 3276 3092 3345 susceperit.
3131 3272 3377 3345 Insuper,-

179 3337 229 3393 ἂν
254 3347 632 3417 μακαρίζεσθαι
649 3351 739 3402 τὸν
755 3351 1050 3423 δυνάμενον
1076 3357 1315 3409 συνιέναι
1342 3357 1407 3409 δι’
1430 3358 1495 3428 ἢν
1529 3357 1688 3410 αἰτίαι

2020 3324 2145 3342 τοι,
2189 3324 2229 3327 ,κ
2420 3324 2709 3343 εον---.ψη
2774 3324 3091 3345 __,___,___-_
3131 3324 3373 3345 _-_--_,.--,

1876 3380 1925 3415 m
1974 3373 2107 3418 esset
2158 3363 2321 3428 dives,
2353 3374 2564 3433 propter
2608 3382 2702 3420 nos
2730 3382 2920 3437 egenus
2942 3367 3113 3436 factus
3169 3378 3265 3432 est,
3320 3378 3379 3422 ut

178 3434 387 3530 άνείληφε
412 3440 476 3493 δι’
508 3444 667 3513 ἡμᾶς
698 3438 989 3515 πτῶχείαν.
1014 3449 1131 3500 Ἔτι
1150 3448 1258 3519 γὰρ
1284 3452 1578 3517 πλούσιος
1599 3449 1682 3504 ὢν

1865 3472 1897 3508 ιε
1927 3455 2039 3525 ejus
2071 3458 2252 3525 inopia
2273 3455 2456 3510 divites
2484 3473 2711 3512 essemus
2731 3459 2798 3523 ¹⁷;
2825 3466 2881 3513 et.
2916 3477 2928 3512 :
2965 3458 3097 3513 Cum
3124 3460 3178 3513 in
3204 3460 3374 3530 forma

179 3523 387 3619 (Simiae
416 3532 825 3601 ἐπτώχευσεν,
862 3538 963 3591 ἵνα
988 3539 1159 3607 ἡμεῖς
1201 3539 1275 3610 τῇ
1320 3543 1503 3596 αὐτοῦ
1556 3558 1688 3596 πτω-

1865 3548 1901 3600 ei
1925 3557 2078 3614 esset,
2129 3549 2463 3617 semetipsum
2516 3549 2807 3604 exinanivit
2847 3550 3019 3619 forma
3059 3553 3192 3606 servi
3228 3569 3374 3606 accc--

179 3616 283 3712 gela
298 3622 752 3693 πλουτήσωμεν·
789 3626 1101 3697 Ἐνμορφῇ
1123 3648 1181 3682 τε
1227 3630 1373 3685 Θεοῦ
1418 3631 1688 3701 ὑπάρχω»

1863 3656 1892 3692 ιι
1924 3639 1989 3704 η,
2015 3648 2073 3694 ιιι
2094 3640 2240 3695 clare
2267 3616 2371 3695 nos
2414 3639 2601 3696 docuit
2651 3616 2873 3697 divinus
2907 3642 3218 3712 Apostolus.
3250 3643 3372 3699 Alio

179 3706 427 3812 fferam?
445 3714 688 3780 ἑαυτὸν,
712 3718 954 3788 μορφὴν
984 3721 1206 3775 δούλου
1243 3723 1443 3776 λαϐὼν
1465 3764 1479 3787 ,
1517 3724 1688 3793 σαφῶς

1861 3715 2019 3803 noque
2050 3734 2209 3789 modo
2240 3736 2363 3806 quis
2421 3737 2719 3807 intelligere
2757 3736 2930 3805 possit
2955 3706 3123 3805 super
3141 3752 3370 3806 egenum

180 3796 372 3896 ξδίδαξεν
392 3805 418 3855 6
443 3803 590 3869 θεῖος
608 3807 942 3873 Ἀπὸστολος.
980 3813 1087 3863 Καὶ
1118 3812 1273 3875 ἄλλος
1297 3814 1341 3865 δ’
1371 3814 1434 3868 ἄν
1468 3832 1549 3878 τις
1580 3832 1689 3867 συν-

1876 3838 2185 3894 pauperem,
2215 3796 2442 3881 audiens
2465 3796 2741 3881 Christum
2776 3828 2830 3879 in
2859 3825 3163 3896 Evangeliis
3186 3826 3371 3883 dicen-

104 3922 109 3928 -
179 3886 272 3958 ἥσει
303 3893 382 3945 ἐπὶ
409 3897 624 3968 πτωχὸν
658 3899 751 3952 καὶ
781 3899 1007 3972 πένητα,
1032 3902 1243 3957 ἀκούων
1264 3905 1428 3958 αὐτοῦ
1456 3905 1609 3974 λέγον

1861 3930 1905 3967 m
1939 3934 1951 3968 :
1994 3914 2192 3979 Venite,
2230 3917 2488 3971 benedicti
2524 3916 2707 3970 Patris
2754 3918 2877 3980 mei,
2923 3915 3182 3986 possidete
3209 3932 3370 3985 para-

181 3983 225 4037 ὲν
244 3987 560 4059 Εὐαγγελίοις
588 4011 598 4021 ·
634 3992 831 4063 Δεῦτε,
860 3997 911 4047 ol
934 3996 1322 4065 εὐλογημένοι
1344 3998 1450 4050 τοῦ
1474 3999 1690 4065 Πατρός

1862 4021 1911 4057 m
1960 4006 2103 4059 vobis
2160 4024 2375 4077 regnum
2418 4025 2449 4061 a
2499 4008 2866 4061 constitutione
2909 4005 3110 4060 mundi.
3159 4006 3370 4061 Esurivi

177 4091 285 4146 μου,
359 4085 847 4155 κληρονομήσατε
906 4085 1019 4154 τὴν
1068 4087 1513 4157 ἡτοιμασμένην
1560 4088 1686 4158 ὑμῖν

1865 4100 1957 4161 im,
1985 4108 2033 4151 et
2054 4086 2271 4154 dedistis
2306 4099 2436 4153 mihi
2466 4098 2821 4160 manducare;
2855 4099 3018 4161 sitivi,
3072 4108 3123 4151 et
3146 4098 3366 4153 dedistis

176 4165 452 4260 βᾳσιλείαν
500 4178 621 4231 ἀπὸ
671 4176 1005 4247 καταϐολῆς
1048 4180 1299 4249 κόσμου.
1375 4182 1685 4237 Ἐπείνασο

1856 4192 1927 4243 ἱΙιὶ
1972 4190 2174 4253 bibere;
2208 4191 2393 4260 hospes
2430 4207 2597 4254 eram,
2627 4197 2676 4242 et
2706 4189 2988 4258 collegistis
3029 4188 3361 4251 me;nudus,

180 4257 281 4352 γὰρ,
310 4264 676 4321 καὶέδώκατέ
716 4286 816 4336 μοι
848 4268 1088 4339 φαγεῖν·
1125 4270 1409 4339 ἐδίψησα,
1440 4273 1538 4327 καὶ
1560 4275 1689 4330 ἐπο-

1893 4284 2234 4352 cooperuistis
2287 4299 2397 4347 me;
2442 4284 2711 4352 infirmus,
2755 4292 2800 4336 et
2841 4282 3093 4336 uisitastis
3143 4296 3261 4343 me;
3309 4282 3363 4334 in

180 4350 346 4409 τίσατέ
394 4376 498 4427 με·
567 4361 740 4427 ξένος
770 4361 971 4431 ἢμην,
1026 4363 1123 4417 καὶ
1173 4366 1551 4435 συνηγάγετέ
1585 4387 1689 4438 με·

1852 4393 2005 4430 ινσενε
2032 4392 2201 4438 erant,
2252 4387 2301 4429 et
2330 4377 2539 4430 venistis
2570 4375 2638 4428 ad
2674 4391 2753 4429 me
2773 4374 2847 4442 ";
2898 4376 3099 4446 quibus
3133 4374 3361 4443 subjun-

182 4445 380 4513 γυμνὸς,
415 4452 508 4505 καὶ
538 4452 915 4521 περιεϐάλετέ
936 4472 1013 4524 με
1031 4472 1045 4485 ·
1075 4454 1395 4523 ἠσθένουν,
1425 4460 1524 4512 καὶ
1556 4460 1635 4513 ἐπ
1669 4493 1691 4502 -

1853 4476 1873 4521 ι
1906 4486 1917 4521 :
1957 4467 2224 4534 Quantum
2251 4469 2450 4540 fecistis
2487 4469 2577 4522 uni
2624 4484 2689 4522 ea:
2721 4469 2802 4522 his
2833 4467 3089 4539 fratribus
3114 4468 3238 4521 meis
3271 4465 3362 4518 mi-

181 4539 489 4633 εςκέψασθε·
513 4548 581 4600 ἐν
608 4548 853 4617 φυλακῇ
877 4547 1057 4617 ἢμην,
1080 4550 1177 4603 καὶ
1201 4549 1413 4619 ἤλθετε
1435 4556 1582 4621 πρὸς
1596 4556 1690 4624 μέ·

1859 4561 1981 4628 mis,
2014 4560 2142 4614 mihi
2202 4539 2401 4630 fecistis
2434 4562 2500 4618 ²⁰.
2554 4560 2733 4633 Atque
2770 4562 2843 4616 ita
2900 4577 3024 4617 vere
3059 4561 3249 4615 beatus
3276 4564 3362 4612 est

180 4624 239 4694 οἷς
257 4635 488 4705 ἐπιλέγει·
536 4640 655 4709 Ἐφ’
676 4640 844 4693 -ὅσον
862 4641 1182 4707 ἐποιήσατε
1209 4643 1298 4696 ἐνὶ
1321 4643 1437 4697 τῶν
1470 4647 1689 4701 τούτων

1850 4651 1889 4704 ιί
1926 4651 2173 4723 intelligit
2220 4668 2385 4722 super
2416 4667 2642 4722 egenum
2671 4660 2725 4707 et
2753 4666 3042 4721 pauperem
3091 4648 3170 4704 sic
3203 4663 3359 4702 acce-

182 4719 272 4773 τῶν
288 4726 605 4797 ἐλαχίστων
619 4730 738 4784 τῶν
757 4732 901 4786 ἀδελ
906 4731 1035 4802 φῶν
1043 4752 1182 4803 μου,
1200 4734 1326 4799 ἐμοὶ
1351 4736 1689 4802 ἐποιήσατε.

1843 4749 1966 4795 tum.
2006 4719 2159 4805 Quod
2193 4740 2237 4795 si
2271 4719 2336 4795 ad
2369 4719 2622 4795 Daridem
2666 4719 2829 4811 supra
2855 4719 3000 4793 dicta
3030 4738 3352 4802 referantur,

180 4813 437 4885 Καὶοῦτως
464 4820 553 4878 οὖν
610 4826 875 4896 μακάριος
901 4826 1115 4898 άληθῶς
1158 4830 1186 4881 6
1245 4828 1440 4883 συνιὼν
1484 4832 1576 4884 ἐπὶ
1603 4832 1689 4885 τὸν

1843 4834 1946 4886 icas
1969 4832 2081 4887 haec
2103 4833 2350 4903 apposite
2373 4832 2692 4904 praecedenti
2726 4833 2933 4901 psalmo
2953 4831 3190 4886 subnexa
3211 4847 3352 4895 esse,

177 4904 312 4971 οὕτως
336 4913 650 4971 ἀποδοθέντα
678 4919 889 4989 πτωχὸν
932 4920 1024 4973 καὶ
1052 4920 1277 4992 πένητα.
1314 4922 1375 4974 El
1402 4922 1459 4975 δὲ
1477 4924 1569 4977 καὶ
1603 4926 1686 4977 ἐπὶ

1848 4922 2064 4993 quidem
2092 4925 2193 4978 sub
2217 4923 2374 4980 linem
2400 4925 2590 4995 psalmi
2621 4941 2807 4987 xxxnx,
2842 4939 2907 4977 ex
2939 4938 3168 4993 persona
3194 4922 3351 4976 Davi-

177 4994 245 5085 τὸν
269 5003 410 5059 Δαυῖδ
441 5010 759 5082 ἀναφέροιτο
789 5014 856 5067 τά
887 5013 1206 5084 λελεγμένα,
1252 5014 1425 5079 εἴποις
1469 5015 1534 5068 ἂν
1565 5017 1686 5069 ἁκο-

1842 5016 1880 5072 is
1901 5014 2201 5077 dicebatur,
2223 5032 2315 5085 ego
2345 5025 2519 5070 autem
2565 5014 2831 5068 mendicus
2880 5030 2997 5068 sum
3043 5022 3094 5067 et
3132 5030 3351 5083 pauper.

179 5082 342 5179 λῗὺθως
368 5098 438 5169 τῷ
464 5105 565 5173 πρὸ
583 5103 768 5158 τούτου
799 5105 998 5178 ψαλμῷ
1026 5082 1194 5160 ταῦτα
1221 5108 1507 5179 συνῆφθαι,
1540 5109 1688 5162 Ἐπεὶ

1842 5124 1920 5163 aee
1947 5124 2109 5179 porro
2150 5116 2334 5164 tantus
2379 5125 2470 5164 rex
2504 5108 2738 5172 dicebat,
2794 5107 2887 5177 qui
2944 5107 3349 5163 inaestimabiles

179 5177 262 5273 ii?
289 5188 408 5257 πρὸς
436 5197 540 5259 τοῖς
570 5196 897 5261 τελευταίοις
915 5177 1018 5254 τοῦ
1048 5193 1125 5251 λθ¹
1155 5177 1370 5268 ἐλέγετο
1420 5203 1483 5255 ὲκ
1514 5219 1682 5273 προσ-

1839 5177 2005 5256 .vitias
2031 5200 2097 5255 ad
2123 5209 2444 5272 apparatum
2489 5200 2693 5269 templi,
2721 5200 2825 5255 sub
2863 5200 2975 5254 haec
2996 5214 3027 5254 a
3060 5198 3348 5256 Salomone

181 5268 298 5366 ὡτου
318 5282 400 5335 τοῦ
423 5288 609 5344 Δαυῖδ·
651 5291 795 5362 Ἐγὼ
829 5292 897 5345 δὲ
920 5292 1103 5359 πένης
1135 5293 1251 5363 ειμι
1296 5294 1391 5348 και
1419 5268 1681 5364 maide-

1833 5295 2000 5361 .ructi,
2032 5268 2360 5366 collegerat;
2395 5296 2487 5366 qui
2540 5268 2658 5350 sese
2704 5309 2928 5365 parvum
2977 5301 3031 5349 et
3063 5292 3342 5359 humilem,

179 5363 313 5458 teis!
340 5371 379 5423 6’
411 5375 582 5447 ἔλεγεν
616 5383 644 5434 6
680 5381 929 5446 τοσοῦτος
954 5382 1201 5453 βασιλεὺς
1227 5426 1242 5449 ,
1282 5386 1311 5437 6
1357 5385 1448 5437 τὸν
1482 5363 1684 5455 ἄφατον

1845 5388 2160 5458 oderatique
2196 5388 2384 5450 animi,
2413 5402 2475 5440 ac
2510 5386 2704 5441 aliectu
2754 5401 2878 5441 vere
2931 5401 3219 5456 pauperem
3252 5401 3347 5442 ex-

180 5452 367 5557 πλοῦτον
401 5474 730 5545 συναγηοχὼς
778 5477 857 5539 εἰς
904 5476 1004 5548 τὴν
1042 5478 1391 5550 παρασκευὴν
1421 5452 1685 5549 τοῦ-μετὰ

1834 5481 2025 5536 ibebat.
2049 5452 2174 5535 ideo
2195 5480 2516 5549 subjunctus
2548 5486 2631 5535 est
2662 5495 2900 5549 praesens
2924 5452 3183 5550 psalmus,
3214 5478 3343 5533 hea-

176 5556 318 5646 ταυτα
347 5556 691 5634 ἐγηγερμένον
718 5567 804 5621 διὰ
840 5567 1148 5640 Σολομῶνος
1188 5569 1329 5634 ναοῦ,
1376 5570 1685 5643 σμικρύνων

1832 5589 1901 5627 im
1931 5573 2231 5641 praedicans
2256 5588 2381 5627 eum
2412 5573 2504 5643 qui
2527 5589 2692 5644 super
2714 5573 3018 5646 hujusmodi
3055 5586 3341 5644 pauperem

302 5647 439 5710 JDan.
473 5676 587 5725 ιιιιι,
621 5663 704 5717 16.
783 5665 826 5695 ⁸⁷
864 5662 908 5716 ll
943 5664 1063 5719 Cor.
1095 5680 1225 5722 VIII.
1262 5664 1315 5719 9.
1393 5666 1436 5696 ¹⁸
1477 5665 1707 5738 Philipp.
1745 5717 1747 5721 .

1572 5668 1707 5738 llipp.
1745 5684 1819 5733 ιι,
1864 5668 1913 5721 7.
1992 5668 2035 5699 ¹⁹
2069 5666 2258 5723 Matth.
2295 5685 2423 5734 xxv,
2455 5669 2545 5734 54,
2579 5668 2668 5724 35.
2747 5644 2793 5701 ’δ
2832 5668 2961 5724 ibid.
2996 5669 3081 5723 40.

234 5736 481 5809 (η”Οταν
518 5756 749 5811 ποιεῖτε.
787 5757 945 5828 Vulg.
994 5758 1090 5813 ἐὰν
1122 5756 1348 5832 ποιῆτε;
1400 5771 1453 5831 ει
1488 5776 1615 5828 mox
1651 5736 1743 5832 pro

1828 5779 1913 5817 ου.
1937 5760 2090 5833 Vulg.
2114 5764 2233 5833 μετ’
2283 5762 2440 5835 ἐμοῦ,
2470 5772 2531 5818 ιιι
2575 5774 2630 5819 ει
2660 5762 2928 5833 interpres
2965 5760 3148 5817 vertit.
3179 5758 3337 5814 Enn.

447 5842 704 5927 Ρηιιοι..
736 5849 854 5912 Gn.
887 5851 1119 5917 XXIII.
2993 5853 3068 5911 19
