3822 6280
396 280 507 342 363

1099 277 1367 337 EUSEBII
1406 280 1882 339 CIESAﬂlENSlS
1913 284 2062 342 OPP.
2103 284 2281 342 PARS
2310 284 2396 344 111.
2425 316 2494 329 -
2525 286 2928 344 EXEGE'IICA.

3515 290 3614 345 564

398 403 674 477 intelligit.
706 402 840 459 lllud
862 418 1046 475 porro,
1077 418 1377 474 pauperem,
1406 421 1582 478 neque
1613 406 1668 461 in
1696 406 1945 464 llebraict

2066 408 2254 462 ἑαυτὸν
2281 410 2374 463 καὶ
2396 409 2784 476 ταπεινῶν,καὶ
2816 414 2879 482 τῇ
2912 410 3054 482 ψυχῇ
3089 409 3506 483 μετριοφρονῶν,
3527 413 3615 465 καὶ

398 497 717 569 exemplari,
739 512 916 568 neque
948 496 1092 568 apud
1142 497 1383 568 reliquos
1423 499 1751 569 interpretes
1770 500 1960 556 fertur.

400 586 712 642 Secundum
753 594 1012 656 quartum
1060 602 1280 657 sensum
1302 587 1411 643 dici
1442 590 1636 659 possit,
1656 604 1963 646 sermonem

396 692 520 733 esse
563 676 957 732 sententiosum
1013 684 1079 737 et,
1101 678 1196 749 qui
1223 678 1292 733 ad
1330 678 1718 750 benignitatem
1752 687 1806 735 et
1829 696 1965 751 ρους

397 784 583 840 perum
608 784 849 826 amorem
904 771 1240 827 cohortetur.
1289 769 1424 826 Nam
1477 784 1604 843 erga
1626 788 1723 829 eos
1748 788 1964 843 quoque

394 863 489 933 qui
512 863 808 929 vulgariori
838 878 1006 919 sensu
1035 861 1301 935 pauperes
1330 863 1610 930 dicuntur,
1653 864 1963 921 misericor-

395 956 494 1013 des
524 970 645 1012 esse
675 955 851 1022 decet,
893 956 1084 1028 eisque
1117 971 1344 1028 erogare
1371 957 1625 1024 libenter,
1660 958 1963 1029 intelligen-

394 1055 479 1105 tes
511 1048 721 1105 scilicet
741 1048 910 1106 Deum
940 1064 1063 1106 esse
1091 1050 1183 1120 qui
1212 1050 1334 1105 illos
1358 1048 1671 1105 mendicare
1698 1048 1958 1116 decrevit,

392 1148 448 1194 et
496 1141 564 1196 ad
594 1155 711 1196 eam
751 1140 1119 1196 conditionem
1158 1140 1417 1210 deduxit;
1456 1148 1620 1211 atque
1671 1155 1779 1196 una
1810 1141 1960 1212 ipsos

393 1247 491 1302 per
523 1232 833 1304 pauperiem
853 1241 1089 1301 exercet,
1115 1240 1168 1288 et
1200 1249 1295 1289 eos
1327 1233 1421 1304 qui
1463 1249 1648 1289 rerum
1674 1233 1829 1303 copia
1851 1235 1960 1304 pol-

390 1329 524 1394 lent,
573 1326 746 1382 bonos
801 1326 1064 1398 propositi
1119 1327 1202 1383 sui
1225 1327 1435 1385 fructus
1487 1343 1585 1397 per
1619 1329 1958 1401 largitionem

392 1421 579 1491 egenis
603 1418 802 1475 factam
851 1420 1093 1491 praebere
1116 1420 1411 1477 desiderat.
1464 1420 1729 1477 Tcntatur
1775 1423 1959 1495 itaque

392 1529 488 1585 per
507 1527 801 1584 pauperem
833 1511 1008 1579 dives,
1044 1529 1174 1568 num
1235 1513 1447 1569 scilicet
1497 1513 1671 1571 durus
1693 1521 1747 1571 et
1781 1515 1959 1571 immi-

392 1608 648 1671 sericors,
675 1622 746 1663 an
785 1608 1055 1665 humanus
1101 1615 1156 1663 et
1208 1608 1542 1665 misericors.
1594 1608 1956 1676 Quamobrem

390 1699 534 1757 inter
553 1700 738 1755 divina
773 1707 1063 1771 praecepta,
1108 1700 1279 1755 multa
1309 1700 1376 1758 de
1406 1702 1734 1773 pauperibus
1761 1709 1815 1758 et
1834 1718 1957 1773 ege-

392 1793 479 1850 nis
527 1792 799 1849 feruntur.
849 1791 1160 1849 Secundum
1214 1796 1459 1865 quintam
1503 1804 1683 1851 autem
1714 1797 1952 1866 esplica-

389 1885 614 1949 tionem,
650 1885 814 1941 alium
853 1902 1153 1958 pauperum
1205 1888 1451 1943 ordinem
1499 1890 1762 1961 reperias,
1793 1891 1888 1960 qui
1921 1904 1953 1944 a

391 1972 678 2032 Salvatore
701 1976 895 2032 beatus
913 1977 1257 2048 praedicatur,
1292 1979 1592 2035 secundum
1614 1981 1746 2036 illud
1771 1981 1952 2036 :Beati

386 2081 637 2138 pauperes
657 2069 872 2137 spiritu,
899 2070 1145 2140 quoniam
1170 2070 1405 2138 ipsarum
1439 2081 1516 2127 est
1542 2089 1757 2144 regnum
1797 2073 1954 2128 cwlo-

386 2178 505 2215 rum
539 2163 608 2211 ἰ.
667 2158 878 2229 Quibus
901 2162 1081 2218 verbis
1134 2177 1230 2217 eos
1280 2163 1375 2234 qui
1425 2164 1723 2220 secundum
1783 2163 1952 2221 Deum

384 2248 863 2319 philosophantur,
890 2256 944 2305 et
967 2257 1186 2322 propter
1222 2250 1462 2306 divinam
1504 2254 1948 2310 exercitationem

384 2355 650 2410 pauperes
677 2349 863 2411 agunt,
892 2340 985 2412 qui
1015 2348 1172 2397 erant
1199 2342 1318 2413 ejus
1338 2343 1589 2414 discipuli
1610 2353 1663 2400 et
1693 2348 1947 2416 apostoli,

387 2429 637 2487 Salvator
673 2432 862 2489 beatos
892 2433 1225 2503 praedicavit.
1260 2435 1456 2490 Beatus
1482 2435 1649 2507 igitur
1673 2439 1762 2509 qui
1788 2439 1946 2494 intel-

386 2520 500 2590 ligit
524 2537 681 2591 super
707 2538 942 2593 egenum,
975 2537 1140 2593 super
1161 2537 1283 2579 eum
1315 2524 1408 2595 qui
1446 2522 1538 2578 illo
1562 2525 1724 2582 modo
1744 2540 1947 2597 egenus

381 2618 437 2665 et
457 2627 660 2683 pauper
687 2623 800 2682 est;
827 2629 951 2670 nam
970 2615 1127 2671 bona;
1156 2614 1304 2671 illius
1328 2630 1393 2671 ac
1413 2615 1743 2673 felicissimae
1784 2618 1947 2674 intel-

382 2701 616 2771 ligentire
636 2702 870 2760 fructum
895 2705 1143 2777 accipiet,
1200 2704 1294 2776 qui
1343 2705 1600 2776 deinceps
1632 2705 1943 2764 indicatur:

382 2792 451 2848 In
474 2796 560 2851 die
585 2796 729 2852 enim
760 2797 906 2852 mala
933 2796 1176 2853 liberabit
1213 2815 1331 2853 eum
1367 2797 1658 2864 Dominus;
1706 2800 1841 2866 sive,
1865 2816 1947 2857 sc-

378 2883 619 2941 cundum
650 2884 1057 2959 Symmachum,
1074 2889 1130 2944 in
1149 2890 1233 2945 die
1267 2891 1583 2964 alﬂictionis.
1607 2893 1742 2949 Nam
1760 2895 1806 2951 si
1836 2910 1945 2966 qua

380 2978 608 3033 tentatio
630 2980 940 3053 contingat,
971 2989 1025 3039 et
1068 2981 1124 3038 in
1152 2984 1515 3042 calamitatem
1539 3002 1944 3059 aerumnamque

2067 502 2283 574 ἀληθῶς
2309 506 2374 575 τῇ
2423 502 2658 557 διαθέσει
2707 504 3031 574 πτωχεύωνο
3065 503 3253 555 τούτου
3299 505 3458 574 χάριν
3504 503 3620 556 Em-

2067 594 2335 665 συνῆπται
2358 597 2386 648 6
2410 593 2599 667 παρὼν
2631 594 2859 666 ψαλμὺς,
2892 592 3203 666 μακαρίζων
3230 593 3321 647 τοῦ
3356 592 3619 659 συνιέντες

2066 687 2159 739 ἐπὶ
2189 686 2279 740 τὸν
2310 685 2451 739 οὕτω
2500 686 2733 757 πτωχόν.
2773 686 2845 738 Τὸ
2870 686 2926 738 δὲ
2945 725 2960 751 ,
2998 686 3223 753 πένητα
3244 726 3260 752 ,
3308 683 3431 737 οὔτε
3457 687 3513 737 ἐν
3543 684 3621 756 τῷ

2073 779 2361 852 Ἑϐραῖκῷ,
2389 777 2510 833 οὔτε
2544 779 2693 852 παρὰ
2722 782 2832 844 τοῖς
2847 778 3046 843 λοιποῖς
3078 780 3430 851 έρμηνευταῖς
3457 778 3622 849 ἐμφέ-

2063 889 2233 945 ρεται.
2266 872 2375 927 Καὶ
2407 872 2548 926 κατὰ
2570 873 2833 945 τετάρτην
2855 871 3087 925 διάνοιαν
3115 871 3253 925 εἴποι
3274 889 3358 935 τις
3388 870 3453 924 ἂν
3483 889 3621 940 γνω-

2063 965 2281 1035 μονικὸν
2335 959 2475 1018 εἶναι
2499 964 2591 1019 τὸν
2619 965 2772 1034 λόγον
2803 964 2894 1018 καὶ
2921 964 3296 1036 παραινετικὸν
3320 963 3619 1035 φιλανθρωέ

2060 1056 2191 1121 πίας
2222 1055 2318 1111 καὶ
2351 1056 2737 1129 φιλοπτωχίας.
2772 1057 3039 1129 Προσήκει
3072 1055 3177 1127 γὰρ
3203 1055 3428 1109 ἐπὶτῶν
3460 1057 3621 1110 κοινόα

2059 1166 2214 1220 τερον
2242 1148 2546 1221 λεγομένων
2585 1149 2815 1221 πτωχῶν
2861 1146 3300 1219 συμπαθητικοὺς
3346 1139 3483 1201 εἶναι
3529 1148 3619 1201 καὶ

2063 1240 2464 1312 μεταδοτίκοὺς,
2501 1241 2794 1306 συνιέντας,
2827 1240 2901 1304 ὡς
2941 1241 2969 1292 6
3010 1239 3207 1311 κρίνων
3236 1240 3433 1302 αὐτοὺς
3474 1257 3620 1293 πτω-

2057 1330 2235 1402 χεύειν
2259 1331 2387 1395 Θεὸς
2407 1333 2487 1396 είς
2509 1331 2712 1403 ταύτην
2737 1332 2930 1397 αὐτοὺς
2953 1332 3125 1403 ἤγαγε
3152 1329 3247 1401 τὴν
3271 1330 3617 1385 κατάστασιν⁴

2056 1424 2191 1497 ὁμοῦ
2250 1425 2346 1497 μὲν
2399 1427 2491 1480 καὶ¹
2542 1426 2737 1491 αὐτοὺς
2778 1427 3066 1498 γυμνάζων
3088 1425 3175 1479 διὰ
3198 1426 3299 1495 τῆς
3325 1423 3620 1495 πτωχείας,

2056 1519 2190 1591 ὁμοῦ
2213 1521 2268 1575 δὲ
2292 1521 2385 1575 καὶ
2415 1521 2541 1586 τοὺς
2573 1524 2629 1576 ἐν
2656 1521 2939 1592 περιουσίᾳ
2968 1518 3083 1590 βίου
3105 1521 3348 1589 καρποὺς
3375 1519 3475 1590 τῆς
3497 1520 3624 1572 ἐαυ·

2054 1608 2165 1663 τῶν
2187 1609 2554 1681 προαιρέσεως
2596 1608 2852 1680 παρέχειν
2883 1609 2970 1662 διὰ
2995 1609 3092 1681 τῆς
3133 1609 3212 1674 είς
3256 1610 3382 1672 τοὺς
3427 1608 3624 1672 ἐνδεεῖς

2057 1700 2340 1766 κοινωνίας
2371 1690 2596 1772 βεϐουλη
2606 1698 2782 1770 μένος.
2810 1696 3132 1771 Πειράζεται
3159 1697 3288 1768 γοῦν
3318 1699 3346 1750 6
3368 1698 3621 1761 πλούσιος

1982 1760 2027 1817 Β
2054 1792 2139 1847 διὰ
2160 1793 2252 1847 τοῦ
2286 1760 2536 1864 πένητος,
2560 1760 2670 1847 sine
2694 1760 2779 1857 τις
2809 1760 3034 1864 ἀνηλεής
3076 1760 3182 1845 καὶ.
3209 1790 3620 1862 άσυμπὰθητος,

2053 1886 2149 1938 καὶ
2180 1885 2522 1956 ἄσπλαγχνος
2553 1874 2638 1957 εἴη
2659 1926 2673 1952 ,
2701 1884 2811 1938 εἴτε
2846 1883 3218 1957 φιλάνθρωπος
3259 1883 3352 1936 καὶ
3394 1882 3620 1954 ἐλεημο-

2054 1978 2222 2042 νικός.
2251 1975 2342 2031 Διὸ
2372 1977 2536 2041 πολὺς
2564 1978 2592 2031 6
2639 1976 2766 2049 περὶ
2812 1975 2918 2030 τῶν
2951 1976 3195 2047 πενήτων
3247 1974 3339 2028 καὶ
3388 1973 3621 2043 πτωχῶν

2052 2066 2209 2136 λόγος
2236 2068 2293 2121 ἐν
2317 2058 2429 2132 τοῖς
2457 2056 2619 2130 θείοις
2659 2058 3093 2138 παραγγέλμασι.
3146 2063 3255 2117 Καὶ
3297 2061 3437 2116 κατὰ
3475 2061 3617 2132 πέμ-

2053 2176 2194 2231 πτην
2231 2157 2285 2211 δὲ
2308 2159 2544 2212 διάνοιαν
2573 2146 2698 2212 ἄλλο
2727 2157 2912 2228 τάγμα
2940 2152 3170 2225 πτωχῶν
3199 2154 3379 2226 εὗροις
3424 2152 3495 2206 ἂν
3516 2193 3531 2218 ,
3560 2151 3617 2206 τὸ
3694 2166 3698 2168 ‘

2052 2240 2158 2305 ὑπὸ
2184 2250 2276 2304 τοῦ
2301 2240 2550 2320 Σωτῆρος
2585 2247 3012 2320 μακαριζόμενον
3036 2245 3176 2300 κατὰ
3208 2246 3294 2299 τό·
3324 2244 3614 2313 Μακάριοι

2050 2341 2105 2396 οἱ
2133 2339 2356 2409 πτωχοὶ
2384 2338 2466 2405 τῷ
2496 2340 2806 2408 πνεύματι,
2838 2337 2924 2391 ὅτι
2956 2335 3152 2391 αὐτῶν
3178 2335 3349 2389 ἐστιν
3374 2335 3411 2402 ἡ
3433 2334 3615 2398 ,βασι-

2049 2433 2184 2487 λεία
2209 2431 2327 2485 τῶν
2352 2430 2623 2499 οὐρανῶν
2643 2446 2657 2459 ⁸
2703 2431 2764 2482 ἐν
2787 2422 2867 2491 οἷς
2891 2430 3015 2491 τοὺς
3052 2427 3191 2481 κατὰ
3223 2426 3358 2479 Θεὸν
3404 2425 3616 2495 φιλοσο-

2050 2525 2302 2592 φοῦντας,
2337 2524 2431 2578 καὶ
2452 2523 2548 2594 τὴν
2572 2522 2749 2576 ἔνθεον
2778 2522 3007 2592 ἄσκησιν
3029 2518 3403 2591 πτωχεύοντας
3438 2519 3469 2570 6
3509 2519 3614 2570 Σω-

2047 2619 2150 2689 τὴρ
2187 2616 2516 2689 ἐμακάριζεν
2535 2633 2548 2646 ·
2580 2607 2630 2668 οἳ
2662 2609 2801 2686 ἦσαν
2820 2616 2867 2667 οἱ
2890 2612 3051 2665 αὐτοῦ
3090 2611 3325 2683 μαθηταὶ
3354 2611 3452 2663 καὶ
3484 2608 3613 2664 ἀπό·

2049 2708 2241 2762 στολοι.
2267 2705 2568 2775 Μακάριος
2585 2700 2675 2760 οὖν
2698 2707 2729 2759 ὀ
2758 2702 2985 2758 συνιὼν
3003 2703 3098 2756 ἐπὶ
3122 2701 3381 2769 πτωχὸν,
3407 2700 3505 2753 ἐπὶ
3527 2701 3611 2752 τὸν

2046 2799 2188 2856 οὕτω
2235 2799 2447 2871 πτωχὸν
2495 2795 2589 2851 καὶ
2631 2796 2868 2868 πένηταδ
2896 2794 2996 2864 τῆς
3025 2788 3234 2864 ἀγαθῆς
3270 2792 3479 2864 ταύτης
3527 2791 3612 2846 καὶ

2045 2891 2443 2966 τρισμακαρίας
2500 2886 2763 2951 συνέσεως
2810 2883 3020 2960 καρπὸν
3056 2886 3283 2956 λήψεται
3334 2885 3427 2937 τὸν
3489 2883 3612 2954 ἑῆς

2047 2983 2332 3057 εἰρημένον
2354 3000 2367 3014 ’
2424 2983 2527 3037 Ἐν
2554 2980 2743 3050 ἡμέρᾳ
2765 2978 2873 3050 γὰρ
2902 2976 3135 3046 πονηρᾷ
3144 2978 3398 3045 ,ῥύσεται
3428 2978 3610 3030 αὐτὸν

381 3067 608 3133 incidat,
659 3073 1115 3140 quemadmodum
1174 3074 1291 3146 ipse
1337 3076 1604 3133 intellexit
1628 3094 1792 3150 super
1815 3095 1943 3150 ege-

2051 3079 2079 3131 ό
2104 3077 2316 3145 Κύριος
2334 3092 2348 3106 ·
2384 3074 2417 3147 ἦ
2442 3073 2582 3129 κατὰ
2603 3072 2692 3126 τὸν
2723 3071 3035 3142 Σύμμαχον,
3073 3070 3170 3123 Ἐν
3192 3069 3385 3156 ἡμέρᾳ
3413 3068 3605 3123 κακὼ-

377 3175 509 3214 num
528 3168 582 3215 et
611 3176 923 3233 pauperem,
957 3164 1037 3221 sic
1083 3176 1391 3239 opportune
1415 3184 1509 3225 res
1537 3169 1656 3239 ejus
1682 3170 1945 3241 intelliget

2051 3183 2220 3234 σεως.
2266 3168 2330 3221 Et
2377 3165 2485 3238 γὰρ
2517 3164 2725 3235 γένοιτό
2752 3180 2835 3226 τις
2864 3160 3184 3234 πειρασμὸς,
3234 3161 3267 3232 ἢ
3322 3161 3608 3232 περιπέσοι

378 3251 664 3320 Dominus,
717 3256 835 3325 pari
888 3271 1144 3313 mensura
1192 3259 1345 3314 illum
1399 3261 1651 3329 metiens,
1695 3279 1803 3335 qua
1856 3264 1947 3320 ille

373 3363 426 3403 m
435 3362 501 3403 Cll
508 3361 602 3404 sus
634 3358 767 3404 erat.

450 3606 704 3666 Dominus
731 3622 993 3669 conseruet
1018 3631 1137 3671 eum
1164 3626 1216 3672 et
1232 3619 1454 3688 vivi/icet
1473 3635 1607 3677 eum.
1642 3618 1747 3676 Sed
1778 3622 1941 3677 etiam

367 3700 648 3757 custodiet
702 3717 827 3758 eum
857 3710 912 3760 et
940 3704 1125 3763 vivere
1178 3706 1344 3765 faciet
1399 3724 1562 3779 eum;
1596 3716 1713 3777 aut.
1747 3727 1944 3768 secun-

374 3792 503 3846 dum
566 3789 978 3862 Symmachum,
1034 3797 1277 3853 custodiet
1328 3817 1465 3868 eum,
1517 3809 1566 3855 et
1617 3802 1942 3861 conservabit

367 3892 510 3935 eum.
553 3878 797 3940 Tertium
835 3902 1051 3959 quoque
1084 3890 1188 3962 ipsi
1244 3892 1509 3959 conferet,
1545 3893 1754 3952 beatum
1785 3896 1944 3968 faciet

369 3972 559 4028 eum'in
574 3983 743 4046 terra;
753 3985 866 4045 aut,
880 3981 1176 4037 secundum
1192 3982 1782 4055 Symmachum,beatus
1799 4004 1938 4059 prae-

375 4063 634 4121 dicandus
657 4068 756 4122 erit
783 4069 840 4124 in
868 4079 1029 4128 terra.
1053 4071 1188 4130 Nam
1219 4075 1350 4130 dum
1379 4076 1561 4134 adhuc
1586 4078 1643 4134 in
1669 4079 1773 4135 hac
1791 4087 1940 4137 terra

365 4163 644 4223 versatur,
658 4156 1054 4219 beatitudinem
1088 4179 1121 4219 τι
1152 4164 1262 4222 Deo
1299 4177 1683 4240 consequetur,
1715 4186 1940 4228 manen-

370 4246 522 4303 tibus
570 4256 752 4306 tamen
784 4266 908 4308 eum
945 4255 1263 4314 ccelestibus
1285 4259 1466 4327 bonis,
1491 4262 1790 4318 secundum
1821 4263 1939 4319 base

362 4340 679 4410 promissis.
703 4340 812 4400 His
862 4345 1178 4419 subiungit:
1213 4347 1285 4403 Et
1340 4367 1446 4406 non
1506 4352 1686 4408 tradat
1721 4370 1839 4407 eum
1880 4355 1937 4409 in

2045 3261 2174 3313 ποτὲ
2208 3260 2458 3332 συμφορᾷ
2478 3259 2572 3311 καὶ
2598 3255 2944 3329 περιστάσει,
2972 3252 3157 3325 ὥσπερ
3184 3246 3344 3317 αὐτὸς
3380 3253 3611 3324 συνῆκεν

2043 3352 2136 3405 ἐπὶ
2164 3349 2373 3420 πτωχὸν
2407 3349 2499 3403 καὶ
2550 3348 2776 3419 πένητα,
2823 3344 2966 3400 οὕτω
3016 3346 3111 3400 καὶ
3140 3343 3305 3398 αὐτοῦ
3338 3345 3608 3417 εὐκαίρως

2045 3444 2264 3514 συνήσει
2305 3444 2334 3496 6
2376 3440 2611 3514 Κύριος,
2657 3437 2870 3511 μετρῶν
2902 3435 3051 3508 αὐτῷ
3075 3436 3138 3491 τὸ
3182 3437 3293 3491 ἴσον
3323 3436 3523 3509 μέτρον
3564 3429 3607 3504 ᾧ

2043 3535 2364 3607 ἐμέτρησεν.

2111 3626 2324 3694 Κύριος
2354 3620 2617 3693 φυλάξαι
2652 3618 2837 3673 αὐτὸν
2862 3619 2960 3673 καὶ
2992 3615 3163 3685 ζήσαι
3195 3617 3403 3671 αὐτόν.
3451 3618 3604 3673 Ἀλλά

2040 3718 2136 3773 καὶ
2157 3714 2379 3787 φυλάξει
2412 3712 2571 3766 αὑτὸν
2603 3711 2695 3765 καὶ
2727 3708 2887 3782 ζῆσαι
2915 3710 3128 3781 ποιήσει
3159 3709 3318 3763 αὐτόν
3340 3726 3353 3741 ο
3398 3710 3432 3781 ἢ
3470 3711 3604 3765 κατὰ

2038 3805 2129 3863 τὸν
2153 3806 2446 3878 Σύμμαχον
2470 3821 2484 3834 ·
2517 3801 2774 3866 Φυλάξει
2798 3803 3005 3866 αὐτὸν,
3030 3801 3128 3856 καὶ
3157 3800 3479 3869 περισώσει
3501 3805 3604 3856 αὺ-

2036 3896 2162 3956 τόν.
2191 3899 2302 3953 Καὶ
2321 3897 2501 3970 τρίτον
2523 3894 2579 3948 δὲ
2602 3892 2748 3966 αύτῷ
2771 3894 3012 3968 παρέξει,
3041 3893 3363 3963 μακαρίσει
3418 3893 3602 3948 αὐτὸν

2037 3992 2108 4047 ἐν
2136 3988 2211 4059 τῇ
2228 3987 2305 4060 γῇ
2322 4005 2336 4019 ·
2364 3986 2398 4059 ἢ
2418 3984 2560 4041 κατὰ
2585 3986 2674 4041 τὸν
2694 3985 3007 4056 Σύμμαχον,
3027 3982 3403 4052 Μακαριστύς
3429 3983 3598 4038 ἔσται

2037 4084 2107 4137 ἐν
2131 4080 2207 4151 τῇ
2234 4079 2333 4151 γῇ.
2376 4080 2465 4143 Ὠς
2485 4078 2564 4131 ἔτι
2585 4076 2692 4150 γὰρ
2725 4078 2782 4130 ἐν
2815 4079 2880 4148 τῇ
2913 4078 2982 4147 γῇ
3010 4075 3180 4146 ταύτῃ
3200 4075 3476 4145 τυγχάνει,
3502 4075 3600 4145 τῆς

2037 4173 2190 4246 παρὰ
2211 4168 2304 4226 τοῦ
2330 4171 2465 4225 Θεοῦ
2496 4169 2891 4242 μακαριότητος
2914 4167 3181 4233 τεύξεται,
3213 4167 3484 4238 μενόντων
3507 4168 3572 4219 αὑ

2034 4265 2126 4318 τὸν
2154 4264 2262 4317 τῶν
2298 4261 2435 4334 μετὰ
2479 4260 2649 4315 ταῦτα
2698 4257 3118 4332 ἐπηγγελμένων
3155 4257 3418 4329 οὐρανίων
3465 4259 3592 4327 ἁγα-

2038 4353 2166 4408 θῶν.
2198 4351 2419 4415 Τούτοις
2451 4346 2690 4418 ἐπιλέγει
2712 4366 2727 4380 ο
2759 4350 2868 4405 Καὶ
2886 4347 2972 4417 μὴ
3018 4345 3260 4415 παραδῷ
3297 4346 3488 4401 αὐτὸν
3517 4349 3599 4411 εἰς

372 4432 1072 4509 ινεαηιιείὶηὲιηίεονιιηιεἰπε.
1106 4438 1214 4497 Pro
1268 4458 1377 4513 quo
1416 4441 1773 4515 Symmachus
1799 4447 1875 4500 ait
1914 4463 1928 4498 :

2051 4444 2238 4515 χεῖρας
2268 4441 2495 4512 ἐχθρῶν
2523 4438 2736 4497 αὐτοῦ’
2770 4441 2886 4495 ἀνθ’
2913 4433 2974 4494 οὗ
3021 4441 3048 4493 6
3087 4437 3379 4509 Σύμμαχός
3431 4453 3593 4510 φησι·

367 4520 440 4578 Et
461 4540 564 4578 non
587 4524 895 4581 tradeteum
921 4528 977 4581 in
1008 4530 1214 4585 animas
1243 4531 1596 4587 inimicorum.

441 4609 734 4671 Sciendum
767 4623 950 4672 autem
985 4627 1089 4683 est,
1130 4619 1288 4686 illud,
1341 4620 1451 4692 Ego
1494 4622 1647 4677 dixi:
1682 4621 1928 4690 Domine,

364 4704 618 4762 miserere
653 4704 774 4775 mei,
804 4722 836 4762 a
873 4709 1200 4780 quibusdam
1222 4727 1294 4768 ex
1320 4711 1544 4770 Davidis
1575 4730 1809 4786 persona
1838 4717 1926 4772 di-

363 4804 518 4850 ctum
537 4797 841 4857 aestimari:
867 4815 993 4855 nam
1026 4802 1143 4858 sive
1179 4801 1237 4856 iu
1281 4804 1460 4860 medio
1510 4805 1774 4862 insertum
1827 4825 1931 4879 pu-

369 4892 508 4951 tant,
540 4887 654 4944 sive
682 4888 752 4943 ad
791 4888 941 4945 hunc
970 4906 1144 4962 usque
1168 4907 1385 4949 versum
1410 4908 1537 4965 quae
1585 4893 1732 4951 dicta
1756 4912 1786 4950 a
1823 4896 1929 4952 Da-

367 4976 493 5033 vide
522 4985 650 5035 sunt
668 4979 1151 5039 circumscribunt.

438 5089 605 5148 Vsus.
674 5092 889 5151 Alii-1.4.
959 5093 1167 5151 Etenim
1223 5096 1376 5151 homo
1423 5098 1579 5167 pacis
1632 5115 1799 5167 mete,
1872 5100 1929 5155 in

367 5197 469 5252 quo
490 5186 714 5251 sperati,
747 5185 850 5257 .qui
886 5185 1085 5243 edebat
1133 5204 1293 5259 panes
1347 5205 1509 5258 meos,
1564 5192 1927 5262 magniﬁeavit

364 5291 522 5345 super
547 5294 627 5333 me
647 5282 1147 5350 supplantationem.
1178 5282 1492 5341 Secundum
1520 5300 1647 5343 .vcro
1673 5284 1926 5358 Symma-

364 5369 552 5431 chum,
583 5368 686 5425 Sed
711 5382 762 5426 et
794 5373 947 5429 homo
984 5377 1079 5447 qui
1122 5392 1322 5431 mecum
1351 5376 1806 5449 pacembabebat,
1840 5380 1926 5433 cui

365 5458 596 5527 conﬁsus
630 5476 796 5529 eram,
828 5466 919 5534 qui
950 5482 1054 5521 una
1079 5483 1491 5539 mecumpanem
1523 5486 1695 5525 meum
1718 5468 1921 5534 edebat,

355 5550 551 5606 cuth
570 5567 624 5606 se
651 5569 731 5608 me
749 5572 999 5628 sequens;
1025 5569 1123 5616 aut
1149 5562 1451 5621 secundum
1480 5561 1751 5636 Aquilam,
1785 5577 1926 5632 mag-

430 5713 480 5751 ἰ
521 5711 708 5770 Matth.
748 5733 812 5780 v,
850 5717 904 5771 5.

2034 4537 2142 4591 Καὶ
2164 4537 2273 4590 οὐκ
2295 4532 2542 4589 ἐκδώσει
2562 4533 2749 4587 αὐτὸν
2779 4534 2865 4598 εἰς
2889 4530 3091 4600 ψυχὰς
3117 4529 3363 4599 ἐχθρῶν.

2114 4625 2308 4695 Ἰστέον
2333 4624 2411 4690 δὲ,
2441 4624 2517 4687 ὡς
2542 4623 2630 4677 τό·
2678 4621 2818 4692 Ἐγὼ
2860 4618 3018 4685 εἶπα,
3064 4622 3240 4688 Κύριε
3263 4660 3279 4685 ,
3332 4619 3595 4687 ἐλέησόν

2027 4737 2123 4791 με,
2146 4718 2289 4783 τινές
2320 4720 2384 4771 ἐκ
2412 4714 2698 4787 προσώπου
2721 4713 2815 4768 τοῦ
2850 4713 3009 4768 Δαυῒδ
3039 4712 3286 4785 εἰρῆσθαί
3314 4711 3478 4781 φασιν
3502 4729 3518 4771 τ
3557 4712 3589 4784 ἢ

2035 4808 2553 4884 παρεμϐεϐλημένον
2594 4808 2649 4860 ἐν
2684 4805 2761 4878 τῷ
2796 4805 2966 4877 μέσῳ,
3000 4805 3034 4876 ἢ
3064 4805 3167 4867 ἕως
3189 4805 3306 4856 ἐκεῖ
3325 4803 3591 4874 περιγρά-

2035 4919 2226 4975 φοντες
2256 4899 2325 4954 τὰ
2349 4899 2614 4970 λεγόμενα
2652 4899 2742 4951 ὑπ’
2770 4895 2954 4950 αὐτοϋ.

2101 5098 2211 5155 Καὶ
2238 5097 2347 5169 γὰρ
2389 5098 2422 5150 ό
2469 5094 2776 5164 ἅνθρωπος
2804 5090 2911 5161 τῆς
2954 5089 3196 5160 εἰρήνης
3218 5106 3357 5158 μου.
3399 5086 3489 5156 ἐφ’
3516 5084 3587 5139 ὃν

2031 5190 2285 5261 ἤλπισα,
2330 5190 2363 5242 ὀ
2403 5186 2621 5242 ἐσθίων
2671 5185 2889 5253 ἄρτους
2918 5200 3057 5252 μου,
3089 5180 3451 5250 ἐμεγάλυνεν
3493 5175 3584 5230 ἐπ’

2031 5280 2135 5353 ἐμὲ
2179 5278 2558 5348 πτερνισμόν.
2602 5275 2757 5330 Κατὰ
2794 5274 2852 5328 δὲ
2896 5273 2987 5327 τὸν
3029 5270 3349 5342 Σύμμαχον·
3414 5265 3583 5322 Ἀλλὰ

2030 5374 2128 5429 καὶ
2157 5371 2462 5441 ἄνθρωπος
2488 5367 2556 5436 ὃς
2578 5365 2849 5437 είρήνευὲ
2863 5381 2987 5436 μοι,
3032 5362 3196 5435 φησιν
3213 5402 3227 5427 ,
3264 5354 3312 5427 ᾧ
3345 5359 3581 5413 ἐπεποι-

2030 5469 2174 5533 θειν,
2201 5461 2539 5520 συνεσθίων
2559 5477 2661 5530 μοι
2683 5459 2865 5528 ἄρτον
2889 5455 3064 5527 ἐμὸν,
3107 5452 3578 5524 κατεμεταλύνθη

2025 5577 2143 5631 μου
2174 5553 2551 5614 ἀκολουθῶν
2594 5553 2628 5625 ἢ
2656 5548 2917 5605 κατὰλτὸν
2962 5547 3189 5602 ’Δκύλαν
3209 5564 3224 5578 ·
3259 5548 3576 5615 Κατεμεττι-
