3822 6280
166 394 259 451 365

1277 376 1777 443 COMMENTARIA
1818 380 1883 437 lN
1924 378 2256 437 PSALMOS.

3277 375 3380 431 566

164 512 339 575 λύνθη
364 524 484 575 μου
510 506 747 574 πτέρνα.
780 503 890 575 Τῆς
919 503 975 557 δὲ
1006 502 1097 556 τοῦ
1126 504 1373 576 Σωτῆρος
1404 504 1625 575 εἰρήνης
1646 499 1713 573 ἦν

1826 503 2069 571 niﬁcatus
2114 508 2190 552 est
2226 507 2417 551 contra
2448 513 2527 550 me
2558 497 2825 551 calcaneo.
2855 496 2987 551 Erat
3018 510 3184 567 porro
3213 493 3381 548 ludas

168 602 428 671 ἄνθρωπος
478 600 506 649 6
562 597 756 659 Ἰούδας
781 637 795 659 ,
828 596 1061 659 ἀκούσας
1097 598 1191 649 καὶ
1236 596 1397 659 αὐτὸς
1435 595 1571 666 μετὰ
1605 594 1712 646 τῶν

169 693 346 747 λοιπῶν
384 690 639 761 μαθητῶν
686 689 778 741 τοῦ
834 688 1083 760 Σωτῆρος
1120 688 1395 757 λέγοντος·
1450 686 1715 755 Εἰρήνην

167 786 266 853 τὴν
289 782 439 853 ἐμὴν
458 782 663 851 δίδωμι
697 781 859 850 ὑμῖν,
881 781 1128 850 εἰρήνην
1156 781 1271 849 τὴν
1309 779 1462 849 ἐμὴν
1504 779 1715 849 ἀφίημι

169 879 307 947 ὑμῖν.
346 875 503 929 Ἀλλὰ
549 876 678 927 καί·
722 875 839 944 Ἐφ’
890 874 965 928 ὃν
1007 874 1240 943 ἤλπισα
1266 916 1281 941 ,
1315 873 1444 945 φησί
1467 890 1479 903 ·
1516 872 1716 943 ἥκατὰ

168 970 245 1022 τὸν
278 966 501 1021 Ἀκύλαν
525 1004 539 1033 ,
577 967 945 1034 ἐπεποίθησα
967 1007 981 1031 ,
1010 967 1041 1037 ἢ
1070 966 1211 1021 κατὰ
1257 966 1347 1019 τὸν
1389 967 1679 1037 Σύμμαχον
1700 1005 1713 1027 ,

168 1062 481 1117 ἐπεποίθειν
502 1077 516 1091 ·
546 1060 843 1131 ἐπειδήπερ
867 1060 961 1113 καὶ
986 1060 1134 1131 αὐτῷ
1154 1060 1353 1131 ὁμοίως
1380 1061 1494 1123 τοῖς
1515 1059 1717 1119 λοιποῖς

172 1154 458 1216 ἀποστόλοις
498 1152 608 1205 τῶν
642 1153 769 1206 ἰσων
809 1153 1077 1224 μετεδίδου
1125 1154 1507 1226 χαρισμάτων.
1569 1152 1717 1204 Ἐπ-

173 1244 352 1295 εποίθει
381 1243 435 1296 δὲ
471 1244 559 1294 ἐπ’
588 1242 734 1312 αὐτῷ
763 1245 790 1295 6
823 1242 1032 1314 Σωτὴρ,
1055 1245 1148 1297 καὶ
1169 1242 1379 1313 ἀγαθὰς
1402 1238 1544 1312 εἶχεν
1570 1240 1719 1293 ὲλπί-

172 1335 249 1397 δας
279 1333 356 1386 ἐπ’
380 1333 550 1403 αὐτῷ,
582 1332 669 1385 διὰ
708 1333 767 1385 τὸ
799 1333 892 1386 καὶ
940 1335 1026 1385 ἐπ’
1060 1332 1208 1404 αύτῷ
1242 1330 1600 1397 αὐτεξούσιονι
1643 1331 1718 1383 Ού

173 1422 263 1493 γὰρ
283 1417 343 1491 ἦν
391 1420 607 1488 φύσεως
648 1421 908 1474 ἀδυνάτου
968 1419 1232 1485 σώζεσθαι
1274 1422 1302 1473 6
1344 1422 1573 1485 Ἰούδας·
1606 1420 1719 1473 ἀλλ’

172 1508 265 1577 οἶός
285 1530 336 1565 τε
362 1508 449 1583 ἦν,
486 1512 749 1583 Θελήσας,
786 1512 986 1583 ὁμοίως
1012 1515 1125 1577 τοῖς
1168 1514 1374 1577 λοιποῖς
1407 1512 1721 1577 ἀποστόλοις

177 1604 551 1675 μαθητευθῆναι
592 1604 671 1675 τῷ
695 1602 809 1673 Υἱῷ
842 1604 934 1657 τοῦ
957 1603 1112 1666 Θεοῦ,
1156 1602 1249 1657 καὶ
1277 1603 1437 1665 καλὸς
1465 1603 1558 1656 καὶ
1586 1603 1722 1669 ἀγα-

173 1698 250 1761 θὸς
274 1696 510 1767 μαθητὴς
544 1696 946 1749 ἀποτελεῖσθαι·
986 1696 1262 1759 συνέστιος
1287 1695 1343 1747 δὲ
1370 1694 1445 1748 ὣν
1472 1696 1548 1765 τῷ
1576 1696 1722 1748 Διδα-

177 1790 350 1861 σκάλῳ,
382 1790 439 1843 ού
467 1790 555 1843 τὸν
602 1790 780 1843 κοινὸν
818 1789 978 1861 ἄρτον
1027 1787 1174 1859 αύτῴ
1222 1789 1379 1859 μόνον
1417 1787 1717 1859 συνήσθιεν.

174 1883 288 1936 ἀλλὰ
316 1884 402 1935 καὶ
434 1881 526 1935 τοῦ
579 1882 683 1951 τῆς
730 1881 909 1952 ψυχῆς
939 1879 1235 1951 ϐρεπτικοῦ
1282 1879 1718 1951 μεταλαμϐάνειν
1751 1866 1791 1921 Β

176 1974 385 2044 ἠξιοῦτο·
422 1974 549 2044 περὶ
579 1968 643 2027 οὗ
666 1972 847 2041 ἔλεγεν
874 1974 902 2025 6
932 1973 1151 2042 Σωτήρ·
1189 1971 1455 2041 Ἐγώείμι
1487 1974 1518 2025 ὀ
1547 1971 1723 2039 ἄρτος

177 2070 205 2120 ό
227 2068 285 2120 ἐκ
312 2066 409 2119 τοῦ
441 2065 706 2133 οὐρανοῦ
740 2064 1020 2130 καταϐὰς,
1052 2063 1151 2116 καὶ
1181 2061 1332 2131 ζωὴν
1369 2062 1574 2127 διδοὺς
1600 2062 1723 2128 τοῖς

176 2156 490 2224 ἀνθρώποις.
546 2151 720 2219 Οὗτος
764 2150 855 2207 οὖν
908 2153 936 2205 6
973 2152 1242 2206 τοσούτων
1293 2150 1596 2222 ἠξιωμένος
1624 2153 1722 2223 τὴν

177 2249 380 2319 πτέρναν
406 2248 567 2301 αὑτοῦ
600 2248 794 2319 ὥσπερ
818 2245 917 2312 λὰξ
950 2246 1201 2300 ἐντείνων
1236 2245 1376 2298 κατὰ
1417 2242 1510 2297 τοῦ
1544 2245 1725 2315 Σωτῆ-

182 2356 255 2408 ρος
297 2339 491 2409 ἐπῆρε·
545 2338 629 2390 διὸ
705 2336 992 2388 λέλεκται·
1047 2333 1448 2402 Ἐμεγάλυνεν
1481 2331 1574 2384 ἐπ’
1620 2330 1725 2401 ἐμὲ

178 2432 523 2499 πτερνισμὸν.
570 2430 722 2483 Ἀντὶ
754 2428 810 2480 δὲ
836 2428 950 2488 τοῦ,
993 2425 1387 2494 πτερνισμὸν,
1430 2423 1581 2495 παρὰ
1612 2426 1725 2486 τοῖς

190 2516 550 2592 Ἑϐδομήκοντα
569 2519 883 2592 εἰρημένον,
900 2520 932 2590 ἡ
949 2517 1206 2588 Ἐϐραῖκὴ
1233 2517 1535 2585 ἀνάγνωσις
1554 2514 1725 2583 πτέρ-

178 2631 275 2667 ναν
297 2615 547 2684 περιέχει.
598 2612 791 2675 Οὕτως
821 2608 914 2665 οὖν
952 2610 1239 2673 δουλεύσας
1274 2609 1351 2680 τῷ
1390 2608 1663 2679 Ἐϐραῖκῷ
1695 2609 1723 2660 6

194 2704 385 2768 ’Δκύλας
416 2704 701 2769 ἐξέδωκεν.
733 2704 894 2757 Ὅθεν
928 2702 1068 2756 καὶὸ
1103 2700 1495 2771 εὐαγγελιστὴς
1542 2700 1723 2753 Ἰωάν-

182 2812 277 2865 νης,
300 2796 363 2859 ὡς
395 2797 456 2850 ἂν
497 2797 755 2868 Ἐϐραῖος
786 2795 845 2861 ἐξ
894 2795 1187 2867 Ἑϐραίων,
1222 2794 1312 2846 τὸν
1352 2794 1580 2863 Σωτῆρα
1603 2833 1617 2857 ,
1661 2793 1721 2845 οὐ

182 2889 523 2959 πτερνισμὸν,
558 2875 700 2944 άλλά
720 2890 813 2942 καὶ
839 2889 1101 2958 πτέρναν
1118 2886 1458 2958 ὠνομακέναι
1485 2886 1725 2956 ἐμνημό-
1760 2940 1773 2947 ,

183 2998 255 3033 νευ
262 2999 355 3035 σεν.

240 3075 318 3138 Εἰς
342 3074 398 3127 τό
419 3092 431 3105 ’
496 3073 683 3143 Ἐμοῦ
714 3071 810 3126 διὰ
834 3072 950 3139 τὴν
987 3072 1246 3127 ἀκακίαν
1291 3068 1626 3124 ἀντελάϐου
1645 3088 1660 3101 ·
1687 3070 1719 3136 ἢ

1818 595 1979 649 homo
2016 592 2167 663 pacis
2197 590 2517 654 Salvatoris,
2543 590 2637 659 qui
2659 604 2780 643 cum
2813 590 2934 645 aliis
2956 588 3239 658 discipulis
3269 587 3381 640 hmo

1815 686 2083 741 dicentem
2137 683 2475 737 Salvatorem
2512 681 2790 735 audierat:
2843 680 3035 734 Pacem
3087 696 3255 734 meam
3316 678 3380 730 do

1816 777 1983 844 vobis,
2016 793 2196 847 pacem
2254 791 2427 829 meam
2480 774 2717 842 relinquo
2766 772 2909 825 vobis
2928 773 2993 827 “.
3040 770 3166 837 Sed,
3199 774 3252 825 in
3282 787 3381 841 quo

1817 871 2041 939 speravi,
2075 869 2185 934 ait;
2210 867 2315 933 vel,
2351 865 2649 922 secundum
2672 864 2949 935 Aquilam,
2982 865 3211 933 conﬁsus
3234 879 3383 927 sum;

1818 970 1934 1025 aut,
1988 969 2050 1015 ut
2106 957 2491 1032 Symmachus,
2543 958 2773 1026 conﬁsus
2816 971 2998 1019 eram;
3044 955 3385 1026 quandoqui-

1817 1054 1939 1107 dem
1968 1052 2145 1121 ipsum
2188 1050 2413 1121 paribus
2449 1056 2612 1119 atque
2650 1054 2876 1102 caeteros
2918 1047 3198 1117 apostolos
3226 1046 3386 1100 donis

1816 1144 2093 1199 affecerat.
2134 1140 2455 1196 Confidcbat
2482 1147 2662 1195 autem
2695 1139 2745 1193 ei
2796 1137 3071 1205 Salvator,
3098 1147 3150 1193 et
3187 1138 3384 1191 bonam

1818 1237 1887 1292 de
1918 1236 2037 1306 ipso
2066 1251 2217 1306 spem
2243 1234 2497 1298 habebat,
2522 1231 2648 1303 quia
2678 1231 2822 1288 ineo
2845 1232 3075 1287 liberum
3099 1232 3385 1286 arbitrium

1820 1339 1988 1384 esset.
2048 1327 2237 1399 Neque
2286 1328 2431 1382 enim
2482 1324 2649 1381 Judas
2703 1341 2769 1381 ex
2829 1322 3142 1394 bujusmodi
3194 1331 3388 1376 natura

1820 1428 1939 1477 erat
1973 1435 2096 1491 quae
2152 1433 2260 1474 non
2299 1425 2486 1490 posset
2533 1418 2765 1473 salutem
2803 1416 3104 1487 consequi;
3160 1416 3252 1470 sed
3293 1431 3393 1484 p0-

1821 1522 1986 1579 terat,
2022 1517 2069 1570 si
2115 1513 2333 1585 quidem
2384 1513 2673 1578 voluisset,
2709 1522 2770 1567 ut
2814 1522 2869 1569 et
2908 1514 3092 1569 caeteri
3126 1514 3385 1582 apostoli,

1820 1623 1852 1661 a
1886 1606 2025 1663 Filio
2065 1607 2158 1662 Dei
2186 1607 2411 1670 erudiri,
2445 1620 2509 1661 ac
2538 1607 2718 1663 bonus
2739 1606 3053 1678 probusque
3086 1605 3391 1675 discipulus

1820 1698 1979 1755 efﬁci.
2016 1699 2149 1753 Nam
2182 1714 2307 1755 cum
2339 1696 2599 1770 Magistro
2640 1699 3051 1754 contubernalis
3082 1706 3246 1763 esset,
3281 1715 3391 1753 non

1821 1806 2166 1847 communem
2216 1790 2377 1845 modo
2424 1804 2549 1845 cum
2584 1805 2650 1845 eo
2682 1805 2878 1861 panem
2912 1791 3260 1858 comedebat,
3294 1791 3391 1845 sed

1824 1885 1972 1939 illius
2022 1884 2189 1938 etiam
2234 1882 2328 1952 qui
2380 1882 2621 1937 animam
2686 1885 2861 1937 nutrit
2914 1882 3188 1952 particeps
3239 1890 3389 1937 erat:

1824 1977 1892 2031 de
1928 1992 2036 2046 quo
2084 1974 2304 2029 dicebat
2362 1971 2642 2029 Salvator:
2700 1972 2813 2044 Ego
2853 1989 2968 2027 sum
2997 1974 3149 2043 panis
3209 1974 3298 2043 qui
3329 1972 3393 2027 de

1824 2070 1955 2124 cwlo
1987 2068 2272 2134 descendit,
2316 2077 2366 2122 et
2409 2068 2497 2139 qui
2540 2068 2633 2121 dat
2680 2069 2842 2121 vitam
2880 2066 3256 2121 hominibus”.
3293 2064 3393 2120 Hic

1825 2162 2009 2231 itaque
2067 2168 2147 2216 tot
2196 2167 2421 2215 ornatus
2480 2159 2779 2225 beneflciis,
2842 2161 3161 2216 calcaneum
3225 2175 3387 2216 suum

1824 2253 1984 2324 quasi
2016 2252 2349 2308 calcitrando
2375 2259 2567 2307 contra
2600 2250 2939 2307 Salvatorem
2966 2254 3191 2319 extulit;
3219 2269 3393 2324 quam

1825 2346 2031 2401 dictum
2068 2354 2187 2403 est:
2214 2344 2579 2417 Magniﬁcavit
2603 2358 2758 2415 super
2778 2362 2859 2401 me
2888 2347 3389 2416 supplantationem.

1823 2436 1931 2493 Pro
1960 2452 2091 2493 voce
2124 2446 2303 2493 autem
2335 2438 2447 2502 illa,
2476 2438 2973 2508 supplantationem,
3007 2453 3036 2491 a
3061 2437 3203 2492 LXX
3252 2439 3394 2493 Viris

1824 2543 2109 2602 usurpata,
2138 2531 2402 2587 Hebraica
2434 2531 2621 2593 lectio,
2658 2530 2989 2596 calcaneum,
3021 2530 3261 2601 praefert.
3316 2531 3394 2583 Eo

1824 2627 2009 2697 itaque
2026 2625 2186 2679 modo
2207 2623 2402 2694 Aquila
2421 2623 2700 2679 Hebraica:
2727 2625 2917 2679 litterae
2935 2625 3179 2678 serviens
3200 2623 3390 2677 edidit.

1824 2718 2003 2786 Quare
2030 2716 2269 2773 Joannes
2291 2718 2645 2788 evangelista,
2678 2726 2864 2789 utpote
2900 2716 3157 2773 Hebraeus
3184 2733 3249 2773 ex
3283 2716 3389 2770 Ile-

1823 2810 1985 2865 brtcis
2011 2816 2187 2871 ortus,
2214 2807 2573 2871 Salvatorem,
2621 2824 2729 2861 non
2758 2807 3258 2878 supplantationem,
3295 2807 3390 2861 scd

1825 2902 2129 2956 calcaneum
2155 2900 2359 2956 dixisse
2388 2908 2672 2955 memorat.

1896 3078 1955 3134 ln
1994 3076 2127 3133 illud
2161 3090 2323 3132 vero:
2358 3074 2445 3130 Me
2460 3085 2669 3145 propter
2698 3075 3052 3130 innocentiam
3079 3072 3391 3137 suscepisti;

184 3165 298 3217 κατὰ
318 3166 398 3218 τὸν
427 3166 663 3218 ’Λκύλαν
683 3166 775 3218 καὶ
806 3164 1118 3235 Σύμμαχον,
1145 3163 1241 3217 διὰ
1265 3163 1381 3231 τὴν
1394 3165 1719 3232 ἁπλότητα⁸

1826 3172 1961 3231 sive,
1992 3170 2295 3227 secundum
2340 3168 2591 3241 Aquilam
2622 3177 2677 3225 et
2723 3168 3133 3241 Symmachum,
3179 3176 3393 3237 propter

185 3258 438 3330 ἐπειδήπερ
482 3260 562 3324 ὡς
638 3258 935 3326 πρόϐατον
980 3256 1081 3307 ἐπὶ
1126 3254 1373 3324 σφαγὴν
1397 3254 1578 3324 ἤχθη,
1620 3255 1719 3308 καὶ

184 3352 249 3417 ὡς
270 3354 437 3421 ἀμνὸς
454 3354 741 3408 ἐναντίον
768 3352 871 3406 τοῦ
905 3352 1211 3418 κείραντος
1240 3350 1496 3419 ἄφωνος,
1536 3352 1722 3417 οὕτως

184 3446 273 3497 οὐκ
293 3446 533 3515 ἀνοίγων
581 3444 653 3499 τὸ
682 3446 906 3512 στόμα·
949 3441 1063 3505 καὶ,
1102 3442 1563 3512 Λοιδορούμενος
1609 3445 1719 3497 οὐκ

184 3535 541 3605 ἀντελοιδόρει
561 3555 573 3569 ·
609 3536 867 3604 πάσχων
896 3536 1007 3588 οὐκ
1038 3534 1305 3602 ἠπείλει·
1338 3534 1435 3605 τὴν
1464 3536 1637 3608 ἄκραν
1665 3536 1721 3589 δὲ

186 3627 489 3691 ἀνεξικακίαν
548 3626 956 3697 ἐνδεικνύμενος
1028 3627 1086 3678 ἐν
1150 3624 1227 3696 τῷ
1300 3627 1720 3699 κατηγορεῖσθαι

189 3717 379 3782 ἐσιώπα,
417 3718 1028 3792 ψευδομαρτυρούμενός
1056 3735 1116 3771 τε
1154 3718 1303 3771 οὐδὲν
1353 3718 1717 3789 ἀπεκρίνατο·

188 3809 297 3863 ἀλλὰ
325 3812 410 3864 καὶ
438 3812 526 3865 τὸν
563 3812 734 3867 νῶτον
767 3810 931 3863 αὐτοῦ
966 3810 1193 3863 δέδωκεν
1214 3810 1293 3873 εἰς
1323 3808 1591 3879 μάστιγας
1630 3809 1723 3863 καὶ

186 3898 267 3962 τὰς
303 3903 540 3970 σιαγόνας
571 3904 656 3965 εἰς
703 3902 1053 3972 ῥαπίσματα·
1090 3899 1152 3952 τὸ
1201 3899 1257 3952 δὲ
1287 3900 1575 3971 πρόσωπον
1622 3899 1722 3951 οὐκ

189 3990 486 4064 ἀπέστρεψεν
510 3995 618 4049 ἀπὸ
650 3993 907 4065 αἰσχύνης
941 3994 1367 4064 ὲμπτυσμάτων.
1399 3992 1489 4044 Διό
1534 4008 1718 4061 φησιν’

198 4082 341 4150 Ἐμοῦ
366 4085 428 4139 δὲ
440 4086 537 4139 διὰ
552 4086 669 4153 τὴν
682 4086 938 4140 ἀκακίαν
964 4084 1315 4148 ἀντελάϐου,
1342 4084 1439 4137 καὶ
1452 4084 1720 4139 ἐϐεϐαίω-

190 4173 286 4239 σὰς
312 4193 377 4244 με
423 4178 681 4231 ἐνώπιόν
736 4194 852 4231 σου
893 4179 979 4242 εἰς
1023 4175 1225 4231 αἰῶνα.
1283 4175 1505 4240 Τούτοις
1558 4177 1722 4229 πᾶσιν

190 4265 263 4317 ἐπὶ
274 4267 398 4321 τέλει
418 4270 475 4322 τὸ
509 4270 845 4341 προφητικὸν
868 4269 1083 4339 πνεῦμα
1105 4271 1516 4343 εύχαριστήριον
1543 4271 1723 4341 φωνὴν

189 4356 462 4430 ἀναπέμπει
512 4363 590 4433 τῷ
642 4361 762 4432 Θεῴ
818 4362 1001 4430 λέγον·
1056 4363 1403 4432 Εὐλογητὸς
1447 4364 1659 4429 Κύριος
1691 4365 1723 4414 ό

192 4448 309 4514 Θεὸς
347 4452 587 4521 Ἰσραὴλ
608 4453 728 4507 ἀπὸ
762 4453 867 4506 τοῦ
895 4452 1112 4518 αἰῶνος
1140 4453 1237 4506 καὶ
1269 4456 1357 4518 εἰς
1384 4454 1488 4505 τὸν
1514 4452 1717 4507 αἰῶνα·

1825 3263 2241 3333 simplicitatem,
2290 3260 2428 3335 [haec
2467 3259 2723 3333 dicenda]
2761 3261 3045 3332 quoniam,
3097 3260 3232 3313 sicut
3278 3260 3391 3313 ovis

1824 3357 1895 3409 ad
1936 3354 2320 3425 jugulationem
2360 3354 2548 3407 ductus
2578 3363 2677 3417 est,
2720 3362 2769 3407 et
2816 3354 2952 3407 sicut
3002 3369 3168 3423 agnus
3213 3368 3394 3406 coram

1824 3446 2066 3500 tondente
2107 3446 2218 3499 sine
2261 3460 2400 3508 voce,
2433 3445 2509 3499 sic
2539 3460 2644 3499 non
2672 3445 2876 3513 aperuit
2920 3461 2976 3499 os
3021 3443 3254 3507 suum“,
3299 3453 3390 3497 ct:

1824 3538 1957 3595 Cum
1987 3537 2408 3600 malediceretur,
2444 3554 2545 3590 non
2571 3536 3007 3601 remaledicebat;
3039 3553 3155 3590 cum
3187 3544 3393 3605 patere-

1825 3640 1933 3692 tur,
1969 3645 2075 3682 non
2130 3628 2649 3682 comminabatur":
2687 3628 2781 3683 sed
2828 3643 3041 3683 summa
3088 3627 3393 3683 instructus

1823 3722 2107 3791 patientia,
2157 3736 2283 3776 cum
2336 3730 2714 3785 accusaretur,
2770 3721 3005 3787 tacebat,
3054 3735 3177 3775 cum
3238 3718 3391 3773 falsis

1824 3811 2151 3866 testimoniis
2186 3812 2555 3881 impeteretur,
2588 3810 2724 3865 nihil
2756 3809 3067 3880 respondit;
3100 3807 3196 3863 sed
3225 3808 3391 3862 etiam

1823 3901 2047 3955 dorsum
2077 3917 2236 3956 suum
2268 3900 2493 3972 ﬂagellis
2524 3900 2742 3964 obtulit,
2761 3908 2815 3955 et
2845 3899 3016 3955 malas
3040 3914 3168 3953 suas
3187 3899 3387 3967 alapis,

1827 3992 2017 4047 faciem
2053 4006 2180 4047 vero
2232 4008 2387 4047 suam
2417 4008 2525 4047 non
2565 3992 2759 4048 avertit
2796 4006 2826 4045 a
2853 3991 3057 4062 probro
3083 3999 3392 4061 sputorum.

1801 4078 2165 4154 Quapropter
2185 4085 2283 4149 ait,
2315 4082 2403 4139 Me
2431 4095 2605 4139 autem
2631 4095 2842 4155 propter
2873 4085 3229 4139 innocentiam
3268 4101 3393 4138 sus-

1824 4177 2028 4245 cepisti,
2063 4184 2113 4231 et
2134 4177 2465 4246 conﬁrmasti
2504 4178 2585 4229 n‘te
2629 4176 2682 4229 in
2719 4185 2993 4246 conspectu
3020 4184 3108 4230 tuo
3148 4176 3203 4228 in
3231 4185 3393 4229 teter—

1825 4286 1970 4323 num.
2015 4267 2070 4323 In
2119 4269 2224 4323 fine
2256 4268 2473 4323 tandem
2521 4282 2711 4323 eorum
2764 4269 2991 4339 spiritus
3036 4268 3395 4338 prophelicus

1826 4363 2121 4432 gratiarum
2155 4362 2399 4417 actiones
2440 4361 2551 4418 Deo
2596 4360 2798 4415 emittit
2834 4361 2919 4415 his
2961 4360 3174 4415 verbis:
3226 4359 3395 4413 Bene-

1826 4452 1998 4506 dictus
2033 4452 2291 4506 Dominus
2345 4453 2481 4507 Deus
2530 4451 2703 4508 Israel
2732 4471 2764 4507 a
2794 4452 2988 4507 steculo
3038 4459 3088 4505 et
3132 4467 3294 4520 usque
3340 4450 3391 4502 in

190 4538 401 4607 γένοιτο,
427 4544 682 4612 γένοιτο·
718 4544 751 4614 ἢ
798 4544 936 4598 κατὰ
966 4544 1058 4597 τὸν
1120 4544 1349 4598 Ἀκύλαν
1376 4586 1391 4611 ,
1432 4559 1720 4598 πεπίστω-

1827 4544 2103 4607 sa'culum,
2136 4544 2254 4613 ﬁat,
2284 4545 2413 4613 ﬁat;
2438 4553 2552 4609 aut,
2588 4544 2888 4601 secundum
2911 4543 3183 4613 Aquilam,
3220 4540 3391 4609 ﬁdeli-

184 4624 365 4694 μένως,
415 4632 904 4701 πεπιστωμέννως·
968 4633 1107 4686 κατὰ
1152 4633 1208 4687 δὲ
1239 4634 1329 4687 τὸν
1387 4634 1680 4705 Σύμμαχον
1708 4651 1720 4664 ’

200 4717 363 4786 Ἀμὴν,
397 4723 578 4791 ἀμήν·
632 4722 781 4776 ἔνθεν
809 4726 838 4777 6
876 4725 1064 4796 Σωτὴρ
1096 4725 1191 4777 καὶ
1232 4724 1435 4796 Κύριος
1479 4726 1633 4795 ἡμῶν
1667 4728 1725 4778 ὲν

189 4810 278 4868 τοῖς
305 4810 482 4865 ἑαυτοῦ
522 4813 791 4883 διαλόγοις
846 4816 923 4878 εἰς
952 4815 1213 4868 πίστωσιν
1246 4815 1353 4869 τῶν
1413 4816 1508 4869 ὑπ’
1559 4815 1724 4870 αὑτοῦ

189 4894 457 4968 λεγομένων
502 4905 950 4975 παραλαμϐάνειν
1002 4907 1159 4960 εἴωθε
1208 4908 1299 4959 τό·
1350 4907 1526 4976 Ἀμὴν
1573 4907 1726 4978 λέγω

188 4988 332 5052 ὑμῖν·
370 4991 427 5048 οὗ
478 4998 576 5069 τὴν
629 4998 865 5051 διάνοιαν
925 4999 1256 5071 σαφέστερον
1309 5001 1650 5071 ήρμήνευσεν
1697 5002 1725 5055 6

201 5074 396 5145 Ἀκύλας
418 5085 603 5152 εἰπὼν,
630 5089 1106 5158 πεπιστωμένως,
1142 5090 1617 5158 πεπιστωμένως.

258 5172 397 5229 Ἀλλὰ
429 5178 535 5251 γὰρ
554 5180 886 5253 διῃρημένης
933 5182 1030 5251 τῆς
1070 5182 1197 5251 ὅλης
1241 5182 1423 5252 βίϐλου
1456 5182 1562 5235 τῶν
1590 5182 1724 5252 ψαλ-

196 5257 291 5326 μῶν
320 5267 389 5329 εἷς
415 5270 568 5323 πέντε
604 5274 762 5346 μέρη,
792 5274 851 5327 τὸ
879 5275 1091 5346 πρῶτον
1129 5274 1290 5343 μέρος
1316 5274 1549 5327 ἐνταῦθα
1578 5292 1724 5346 περι-

194 5355 445 5424 γράφεται,
477 5364 772 5434 ἀρχόμενον
805 5365 902 5435 μὲν
929 5366 1034 5419 ἀπὸ
1061 5365 1153 5418 τοῦ
1180 5373 1227 5418 α’
1248 5365 1460 5436 ψαλμοῦ
1487 5406 1501 5427 ,
1544 5366 1722 5419 τελευ-

193 5445 282 5499 τῶν
309 5450 450 5516 δὲεὶς
478 5455 564 5507 τὸν
598 5457 731 5525 μετὰ
769 5460 977 5528 χεῖρας.
1012 5460 1151 5530 Ὦρα
1182 5458 1246 5530 δὴ
1292 5454 1383 5511 οὖν
1424 5458 1723 5530 μεταϐῆναι

196 5534 273 5587 ἐπὶ
296 5541 350 5592 τὸ
372 5542 612 5616 δεύτερον
635 5565 647 5577 ·
685 5548 818 5618 ὅπερ
848 5550 1073 5619 ἄρχεται
1106 5550 1202 5619 μὲν
1235 5550 1342 5604 ἀπὸ
1360 5550 1454 5603 τοῦ
1480 5549 1569 5621 μα’
1590 5550 1727 5619 ψαλ-

201 5627 303 5695 μοῦ,
333 5638 745 5708 ωμπεραιοῦται
770 5639 825 5692 δὲ
858 5641 937 5705 εἰς
969 5640 1059 5694 τὸν
1094 5641 1191 5695 οα’.

1831 4645 1929 4700 ter,
1962 4634 2225 4706 ﬁdeliter;
2255 4638 2389 4700 sive,
2421 4636 2719 4693 secundum
2747 4636 3161 4707 Symmachum,
3203 4651 3388 4697 amen,

1830 4744 2002 4783 amen.
2043 4727 2197 4784 Unde
2244 4727 2503 4783 Servator
2546 4729 2602 4783 in
2646 4728 2956 4798 coll0quiis,
2995 4726 3063 4779 ad
3119 4726 3389 4781 sermonis

1830 4818 1914 4873 sui
1968 4819 2439 4875 confirmationem
2491 4819 2545 4874 id
2605 4835 2872 4890 usurpare
2932 4817 3175 4872 solebat:
3226 4818 3391 4870 Amen

1827 4913 1945 4965 dico
1984 4912 2146 4967 vobis.
2196 4911 2368 4983 Cujus
2419 4913 2746 4969 sententiam
2797 4910 3043 4981 apertius
3101 4909 3392 4978 explicavit
3478 4918 3479 4921 ‘

1828 5002 2022 5075 Aquila
2050 5005 2259 5071 dicens,
2296 5005 2541 5076 ﬁdeliter,
2573 5006 2823 5075 ﬁdeliter.

1897 5180 2166 5237 Univcrso
2216 5182 2435 5253 quidem
2486 5181 2818 5252 psalmorum
2868 5179 3007 5234 libro
3053 5179 3109 5233 in
3153 5180 3392 5250 quinque

1828 5284 2013 5345 partes
2042 5276 2243 5341 diviso,
2284 5276 2459 5346 prima
2515 5288 2641 5343 pars
2696 5272 2803 5329 huc
2842 5271 3069 5338 desinit,
3107 5288 3227 5343 qua:
3254 5273 3394 5325 inci-

1832 5368 1913 5436 pit
1945 5382 1977 5421 a
2016 5368 2190 5437 primo
2237 5368 2465 5436 psalmo,
2511 5374 2565 5423 et
2618 5367 2675 5421 in
2736 5365 2989 5436 prmsenti
3045 5366 3388 5419 terminatur.

1832 5457 2022 5515 Restat
2053 5466 2111 5514 ut
2155 5457 2449 5513 secundam
2493 5456 2894 5529 aggrediamur,
2942 5473 3065 5528 quae
3093 5474 3122 5511 a
3157 5456 3395 5526 quadra-

1835 5551 2044 5621 gesimo
2072 5550 2249 5620 primo
2278 5549 2487 5620 incipit,
2515 5558 2571 5606 et
2600 5550 2655 5606 in
2674 5551 3135 5623 septuagesimum
3159 5550 3396 5621 primum

1837 5641 2057 5697 desinit.

258 5805 295 5834 τ’
326 5807 472 5869 Joau.
509 5833 624 5886 xxv,
657 5820 746 5877 ‘27.
823 5822 868 5855 ’³
906 5820 1061 5881 Joan.
1095 5840 1184 5891 vi,
1222 5824 1306 5879 5L
1385 5825 1431 5859 ’⁵
1470 5825 1573 5883 lsa.
1614 5840 1709 5881 LIII

1826 5868 1832 5879 .
1908 5826 1954 5858 "
1994 5824 2012 5879 ι
2044 5824 2188 5880 Pctr.
2224 5839 2294 5891 ιι,
2331 5822 2418 5885 25.
