3822 6280
461 355 568 414 367

573 481 624 536 ι.
679 476 745 533 IN
799 475 1032 553 Fl-NEM,
1060 477 1686 553 ᾼυ-ιμτειιεοτυιι
1726 479 1924 534 FlLllS

1060 550 1242 606 CORE
1295 549 1429 605 XLI.

537 663 719 719 Prima
768 680 895 735 pars
945 666 1073 722 libri
1120 667 1452 736 psalmorum
1482 667 1841 738 quadraginta
1876 667 2027 738 psal-

467 772 606 822 mos,
647 757 740 827 qui
785 773 978 813 omnes
1026 757 1245 812 Davidis
1273 765 1421 821 sunt,
1452 758 1865 829 complectitur;
1912 759 2028 814 haec

466 864 595 904 vero
652 864 812 920 quam
864 850 1088 916 inimus,
1148 851 1374 919 triginta
1423 856 1478 904 et
1528 866 1734 905 unum:
1795 865 2030 920 quorum

467 951 594 995 octo
638 942 856 1012 quidem
894 941 1126 996 ﬁliorqu
1166 941 1327 1006 Core,
1362 936 1505 997 unus
1543 941 1750 1013 Asaph.
1787 941 2035 997 Salomo-

469 1035 554 1088 nis
592 1050 756 1097 unus,
789 1035 983 1105 reliqui
1017 1033 1258 1090 Davidis.
1315 1033 1422 1090 Eos
1460 1042 1642 1091 autem
1670 1035 1764 1106 qui
1802 1034 2033 1090 ﬁliorum

370 1113 374 1120 ’
466 1127 607 1182 Core
646 1135 796 1190 sunt,
841 1135 1029 1199 utpote
1062 1128 1256 1182 ordine
1289 1128 1518 1198 primos,
1551 1127 1620 1183 ad
1648 1143 1838 1184 eorum
1871 1129 2034 1184 intel-

471 1217 749 1288 ligent-iam
786 1219 898 1290 jam
932 1220 1324 1292 expendemus.
1364 1219 1476 1278 Nos
1523 1220 1616 1275 lilii
1655 1219 1795 1277 Core
1836 1221 2036 1278 inscri-

469 1311 746 1382 ptionibus
787 1314 905 1368 suis
951 1313 1236 1384 instigant,
1292 1319 1350 1368 ut
1379 1329 1449 1368 ne
1485 1314 1788 1370 oscitanter
1839 1314 2035 1370 horum

470 1404 706 1460 lectione
729 1415 965 1461 utamur.
1016 1405 1268 1462 Praesens
1305 1421 1437 1462 vero
1475 1406 1719 1478 psalmus
1751 1408 2035 1478 prephcti-

471 1512 596 1551 cum
633 1498 861 1553 chorum
893 1500 1104 1554 tristem
1154 1498 1446 1570 animoque
1478 1499 1546 1555 de
1587 1501 1772 1570 populi
1810 1516 1877 1556 ex
1923 1501 2036 1556 cir-

471 1589 804 1646 cumcisioue
832 1591 985 1660 lapsu
1030 1600 1348 1646 maerentem
1381 1592 1610 1657 inducit,
1646 1600 1909 1664 rogatque
1942 1609 2037 1664 per

476 1679 777 1737 Salvatoris
819 1696 976 1751 opem
1014 1683 1131 1737 erui
1165 1683 1344 1754 ipsum
1393 1691 1447 1738 et
1502 1684 1725 1739 liberari
1784 1699 1814 1738 a
1849 1685 2030 1739 malis.

472 1771 627 1838 Quod
674 1774 727 1828 in
772 1773 878 1830 ﬁne
913 1775 1183 1830 sermonis
1220 1776 1304 1830 his
1322 1775 1502 1830 verbis
1537 1778 1781 1845 assignat
1815 1793 1830 1830 :
1869 1775 2034 1844 Spera

473 1867 527 1918 in
562 1864 690 1930 Deo,
724 1867 973 1935 quoniam
1002 1867 1172 1921 adhuc
1202 1867 1486 1938 conﬁtebor
1512 1869 1614 1934 illi,
1647 1869 1885 1924 salutare
1922 1869 2036 1923 vul-

473 1963 556 2008 tus
589 1958 687 2010 mei
715 1965 765 2011 et
791 1957 930 2012 Deus
956 1973 1124 2012 meus.

544 2127 732 2200 Neque
790 2130 1082 2200 psalmum,
1116 2144 1294 2200 neque
1328 2127 1626 2193 canticum,
1660 2143 1836 2199 neque
1876 2125 2039 2198 quid-

473 2221 616 2290 piam
664 2222 842 2276 simile
875 2221 1162 2292 inscriptio
1191 2220 1430 2290 prazfert,
1482 2219 1645 2290 idque
1671 2221 1797 2290 jure
1831 2235 1895 2272 ac
1923 2234 2036 2274 mc-

473 2313 578 2365 rito
621 2330 634 2364 :
663 2311 791 2381 quia
821 2326 883 2365 ea
913 2326 1035 2382 quae
1073 2311 1482 2380 subiunguntur
1509 2311 1846 2366 tristioribus
1875 2308 2040 2365 dictis

474 2403 630 2470 plena
659 2408 808 2468 sunt,
855 2402 977 2457 ideo
1011 2403 1066 2456 in
1089 2403 1247 2472 ﬁnem
1287 2401 1608 2472 simpliciter
1635 2401 1916 2470 inscriptio
1933 2412 2038 2456 est.

471 2493 608 2549 Nam
653 2509 778 2548 cum
830 2509 920 2550 res
951 2494 1190 2549 nondum
1219 2496 1567 2562 exsisterent,
1600 2495 1696 2551 sed
1725 2494 1922 2550 futura:
1952 2512 2035 2552 es-

473 2594 616 2651 sent,
658 2586 1038 2657 praedictiones
1073 2594 1282 2642 tantum
1318 2587 1718 2659 complectitur.
1759 2586 2040 2659 Siquidem

474 2680 565 2736 ﬁlii
630 2681 767 2737 Core
816 2689 1058 2753 tempore
1119 2681 1323 2754 Moysis
1388 2682 1444 2736 in
1510 2681 1726 2738 deserto
1801 2682 2039 2736 luerunt.

474 2772 678 2830 Deinde
729 2789 861 2830 vero
911 2790 1034 2829 cum
1081 2782 1236 2845 pater
1282 2791 1468 2830 eorum
1515 2774 1656 2831 Core
1699 2776 1754 2830 in
1801 2775 2040 2849 Moysem

474 2868 796 2925 seditionem
826 2871 1178 2936 concitasset,
1210 2881 1372 2942 atque
1403 2872 1456 2926 in
1481 2872 1688 2927 familia
1719 2889 1818 2930 sua
1845 2873 2045 2943 periis-

472 2969 577 3027 set,
622 2961 855 3034 contigit
901 2969 960 3017 ut
993 2962 1086 3017 ﬁlii
1139 2964 1260 3035 ejus
1298 2979 1405 3019 non
1449 2981 1558 3020 una
1589 2981 1715 3021 cum
1761 2974 1916 3036 patre
1957 2965 2036 3020 in-

474 3055 734 3111 terirent:
775 3063 830 3111 et
859 3056 986 3126 quia
1016 3063 1256 3126 paternae
1285 3059 1580 3130 impietatis
1611 3059 1908 3130 participes
1932 3075 2042 3116 non

474 3146 711 3213 fuerant,
745 3149 840 3206 sed
875 3153 1248 3219 paenitentiam
1282 3160 1336 3206 et
1365 3153 1657 3207 maximam
1712 3167 1840 3225 erga
1875 3152 2040 3209 Deum

473 3243 726 3312 pietatem
766 3243 1115 3309 exhibebant,
1148 3253 1299 3298 tanta
1349 3245 1489 3315 apud
1552 3243 1723 3301 Deum
1781 3244 2044 3315 approba-

473 3331 621 3386 tione
653 3331 802 3402 digni
853 3331 1095 3400 fuerunt,
1129 3341 1190 3388 ut
1220 3335 1382 3389 etiam
1411 3336 1710 3405 prophetia:
1747 3338 1922 3407 gratia
1951 3353 2044 3393 or-

477 3434 763 3477 narentur.
830 3423 910 3480 Ex
956 3440 1144 3481 eorum
1176 3443 1344 3498 porro
1396 3427 1749 3483 successione
1796 3435 2044 3498 tempore

473 3516 693 3572 Davidis
731 3517 871 3574 alius
929 3517 1068 3574 Core
1123 3526 1349 3576 exortus
1399 3527 1529 3587 est,
1601 3519 1772 3590 priori
1841 3536 2044 3594 cogno-

473 3609 674 3676 minis;
738 3617 794 3667 et
851 3610 981 3667 huic
1041 3611 1134 3667 ﬁlii
1190 3612 1300 3666 nati
1364 3612 1478 3668 alii.
1555 3611 1682 3668 Sive
1753 3613 1920 3685 igitur
1989 3615 2046 3670 hi

474 3701 782 3769 postremi,
833 3701 950 3758 sive
996 3701 1208 3774 priores
1237 3703 1369 3768 alii,
1428 3703 1801 3774 captivitatem
1858 3707 2044 3777 populi

474 3807 594 3862 qua:
647 3793 809 3866 longo
853 3805 1040 3866 postea
1081 3802 1324 3866 tempore
1355 3796 1587 3858 accidit,
1637 3812 1701 3852 ac
1731 3795 2043 3853 Judaaorum

474 3885 656 3956 populi
727 3889 783 3942 in
852 3901 1042 3944 omnes
1095 3898 1283 3960 gentes
1345 3889 1775 3960 dispersionem,
1835 3889 1942 3946 hoc
1990 3891 2044 3945 in

476 3979 686 4048 psalmo
723 3981 1110 4036 vaticinantur.
1152 3981 1208 4035 In
1248 3982 1602 4051 sequentibus
1648 3982 1815 4052 igitur
1848 3983 2041 4039 aiunt:

477 4069 546 4124 Et
573 4072 662 4141 qui
682 4071 902 4127 oderunt
931 4090 1024 4128 nos
1071 4072 1400 4144 diripuerunt
1427 4093 1535 4131 eos.
1562 4073 1769 4130 Dedisti
1802 4093 1896 4130 nos
1926 4087 2047 4131 tan-

473 4179 632 4231 quam
663 4179 778 4217 ores
809 4179 1049 4218 escarum
1075 4207 1088 4228 ,
1143 4175 1191 4218 et
1231 4168 1281 4220 in
1305 4167 1552 4238 'gentibus
1586 4167 1879 4236 dispersisti
1927 4183 2043 4222 nos.

487 4253 774 4308 Vendidisti
793 4256 1042 4325 populum
1078 4267 1226 4310 tuum
1262 4259 1374 4312 sine
1409 4259 1599 4328 pretio,
1629 4269 1679 4314 et
1707 4261 1931 4329 posuisti
1952 4275 2045 4314 nos

474 4345 810 4414 opprobrium
871 4349 1056 4403 vicinis
1111 4350 1309 4404 nostris
1359 4351 1424 4405 “.
1479 4349 1598 4407 Non
1641 4352 1785 4407 enim
1838 4351 1953 4406 lucc
1987 4359 2046 4406 ut

476 4450 718 4509 tempore
752 4439 974 4496 Davidis
996 4450 1147 4512 gesta
1172 4442 1401 4499 historia
1430 4453 1617 4498 narrat
1645 4464 1658 4499 :
1693 4445 1815 4500 ideo
1837 4445 2036 4500 inscri—

475 4534 586 4602 ptio
632 4534 687 4587 in
721 4534 878 4602 ﬁnem
909 4534 1091 4589 habet.
1125 4535 1301 4605 Atque
1333 4536 1460 4607 quia
1492 4553 1556 4592 ex
1616 4537 1800 4592 divina
1842 4538 2044 4594 intelli-

472 4625 652 4696 gentia
688 4625 802 4680 hrec
833 4627 887 4682 in
911 4626 1097 4681 futuro
1120 4634 1362 4698 tempore
1381 4638 1531 4700 gesta
1554 4638 1744 4700 putare
1771 4631 2046 4698 convenit,

413 4724 415 4726 ’
471 4719 785 4773 necessario
802 4719 1006 4773 dictum
1027 4727 1130 4783 est,
1153 4719 1222 4772 ad
1235 4721 1574 4779 intellectum.
1599 4721 1706 4776 Pro
1725 4723 1817 4778 illo
1839 4731 2042 4788 autem,

471 4808 600 4876 ﬁliis
635 4807 788 4872 Core,
815 4808 1011 4880 Aquila
1053 4814 1254 4880 pariter
1280 4819 1335 4866 et
1369 4812 1729 4885 Symmachus
1755 4857 1770 4882 ,
1811 4815 2045 4885 ﬁliorum

473 4901 607 4957 Core
639 4905 978 4974 interpretati
1029 4915 1198 4970 sunt,
1243 4909 1502 4963 docentes
1546 4923 1734 4964 eorum
1767 4924 1890 4965 esse
1919 4924 2046 4980 pro-

471 4994 684 5065 phetias
707 5038 720 5057 ,
757 4997 852 5066 qui
891 5013 951 5053 se
983 4997 1148 5054 Deum
1207 4999 1383 5070 ipsum
1419 5001 1591 5066 sitire,
1623 5009 1784 5071 atque
1812 5017 1998 5058 amore
2022 5042 2037 5065 ,

472 5087 743 5143 desiderio
771 5096 825 5144 et
878 5092 1320 5162 concupiscentia
1369 5092 1514 5148 illius
1575 5092 1816 5148 fontibus
1871 5095 2043 5149 teneri

471 5179 783 5236 fatebantur
803 5222 818 5241 .
848 5183 915 5238 de
945 5199 1054 5254 quo
1084 5184 1290 5240 dictum
1323 5193 1407 5240 est
1427 5186 1471 5216 ’τ
1499 5205 1510 5239 :
1543 5183 1809 5251 Quoniam
1833 5183 1973 5254 apud
1997 5194 2045 5240 te

471 5280 546 5323 est
577 5272 694 5340 [om
719 5273 859 5339 vitaz,
891 5275 944 5328 in
991 5275 1185 5330 lumine
1215 5285 1303 5330 tuo
1343 5275 1629 5330 uidebimus
1661 5274 1855 5329 lumen.
1893 5273 2042 5340 Qua-

472 5370 693 5429 pr0pter
719 5360 970 5416 dicebant
1003 5383 1016 5417 :

545 5448 712 5506 Vsus.
744 5451 796 5515 2,
831 5453 882 5508 3.
929 5454 1378 5519 Quemadmodum
1427 5457 1692 5512 desiderat
1745 5473 1922 5512 cervus
1972 5457 2042 5513 ad

472 5539 642 5605 fontes
689 5557 983 5611 aquarum,
1037 5547 1113 5599 ita
1144 5545 1408 5600 desiderat
1460 5547 1642 5599 anima
1691 5561 1808 5599 mea
1842 5544 1910 5599 ad
1952 5555 2036 5612 te,

473 5631 634 5688 Deus.
671 5633 971 5689 Cornutum
1007 5639 1205 5692 animal
1251 5647 1334 5694 est
1365 5652 1590 5704 cervus,
1622 5637 1718 5694 sed
1746 5638 1909 5692 etiam
1940 5655 2039 5712 pu~

545 5813 590 5844 ²⁶
629 5810 770 5868 Psal.
811 5829 939 5867 xuu
965 5854 978 5876 ,
1017 5815 1205 5871 ll-l-l.
1282 5817 1326 5849 ³⁷
1363 5815 1506 5873 l’sal.
1545 5833 1718 5886 xxxv,
1757 5818 1845 5874 10.

1166 355 1434 413 EUSEBll
1470 353 1948 413 CESARIENSIS
1978 355 2129 416 OPP.
2152 359 2331 416 PARS
2363 357 2452 417 lll.
2481 391 2554 403 —
2589 357 2996 416 EXEGETICA.

3563 362 3644 416 568

2057 491 2108 547 Α
2204 485 2312 537 ΕΙΣ
2361 483 2448 536 ΤΟ
2499 482 2868 546 ΤΕΛΟΣ,ΕΙΣ
2917 481 3208 535 ΣΥΝΕΣΙΝ
3247 481 3396 535 ΤΟΙΣ
3441 480 3593 536 ΥΙΟΙΣ

2745 554 2924 607 ΚΟΡΕ
2957 554 3088 606 MA’.

2207 667 2278 720 Τὸ
2309 668 2408 738 μὲν
2438 667 2654 739 πρῶτον
2704 667 2864 738 μέρος
2887 665 2988 736 τῆς
3033 665 3141 718 τῶν
3169 665 3395 736 ψαλμῶν
3430 665 3584 736 βίϐλου
3608 679 3644 740 μ’

2132 757 2399 828 ψαλμοὺς,
2452 759 2546 812 καὶ
2577 759 2783 822 πάντας
2837 755 2930 811 τοῦ
2963 756 3142 821 Δαυῒδ,
3198 761 3466 830 περιεῖχε·
3517 759 3568 813 τὸ
3604 761 3644 816 δὲ

2137 849 2274 920 μετὰ
2306 854 2492 923 χεῖρας
2518 851 2598 903 λα’
2621 867 2633 880 ·
2669 844 2743 904 ὦν
2771 848 2912 903 όκτὼ
2941 850 3036 920 μέν
3065 852 3170 902 εἰσι
3202 849 3309 903 τῶν
3355 850 3478 904 υἱῶν
3515 854 3644 924 Κορὲ,

2135 939 2216 1006 εἷς
2246 942 2302 996 δὲ
2325 943 2418 995 τοῦ
2457 944 2649 1013 Ἀσὰφ,
2678 943 2771 996 καὶ
2796 941 3104 1012 Σολομῶνος
3126 935 3204 1006 εἷς
3223 959 3235 972 ’
3259 942 3309 995 οἱ
3333 941 3387 994 δὲ
3406 942 3561 995 λοιποὶ
3576 945 3645 997 τοῦ

2135 1037 2318 1093 Δαυῖδ.
2347 1037 2606 1109 Πρώτους
2628 1037 2684 1090 δὲ
2705 1037 2906 1090 τούτων
2925 1036 3104 1098 ὂντας,
3121 1037 3245 1099 τοὺς
3259 1034 3364 1088 τῶν
3383 1035 3503 1088 υἱῶν
3519 1039 3646 1108 Κορὲ,

2135 1131 2574 1202 διασκεψώμεθα,
2609 1131 2702 1184 ἐπὶ
2732 1131 2792 1184 τὸ
2819 1129 3052 1185 συνιέναι
3082 1128 3149 1182 τὰ
3181 1127 3459 1198 λεγόμενα.
3480 1131 3650 1201 Παρορ-

2140 1223 2312 1294 μῶσιν
2342 1224 2488 1293 ἡμᾶς
2536 1223 2586 1274 οἱ
2615 1221 2719 1275 υἱοὶ
2750 1222 2892 1293 Κορὲ
2934 1219 3022 1274 διὰ
3059 1219 3168 1274 τῶν
3204 1219 3522 1290 προγραφῶν
3548 1222 3649 1293 πρὸς

2135 1313 2196 1366 τὸ
2225 1314 2298 1385 μὴ
2327 1313 2619 1385 παρέργως
2645 1313 2949 1383 χρήσασθαι
2973 1311 3040 1380 τῇ
3059 1308 3166 1362 τῶν
3189 1307 3486 1378 λεγομένων
3513 1309 3651 1361 ἐντεύ-

2139 1403 2236 1470 ξει.
2268 1406 2488 1473 Εἰσάγει
2518 1405 2574 1458 δὲ
2611 1406 2638 1458 ὁ
2665 1403 2853 1475 παρὼν
2881 1401 3094 1473 ψαλμδς
3117 1401 3208 1455 τὸν
3249 1400 3559 1473 προφητικὸν
3576 1419 3652 1470 χο-

2141 1496 2230 1570 ρὸν
2257 1496 2554 1568 περίλυπον
2580 1495 2676 1549 καὶ
2705 1493 3024 1566 σκυθρωπὸν
3054 1491 3149 1563 τὴν
3181 1491 3356 1562 ψυχὴν
3388 1491 3475 1544 ἐπὶ
3502 1495 3556 1562 τῇ
3584 1491 3652 1544 τοῦ

2137 1589 2266 1642 λαοῦ
2292 1589 2386 1643 τοῦ
2420 1591 2483 1643 ὲκ
2508 1589 2808 1660 περιτομῆς
2865 1585 3134 1640 ἐκπτώσει
3154 1602 3167 1614 °
3202 1585 3296 1638 καὶ
3317 1583 3504 1651 ἐξαιτεῖ
3527 1601 3574 1636 τε
3593 1583 3654 1636 iui-

2137 1697 2338 1750 τρωσιν
2371 1679 2466 1733 καὶ
2494 1679 2676 1733 κακῶν
2707 1677 3015 1748 ἐλευθερίαν
3041 1674 3128 1731 διὰ
3145 1675 3243 1746 τῆς
3284 1675 3532 1746 σωτηρίου
3559 1674 3654 1744 βοη-

2141 1773 2313 1838 θείας.
2345 1775 2410 1828 Ὃ
2449 1773 2512 1846 δὴ
2537 1774 2630 1827 καί
2655 1774 2745 1826 ἐπὶ
2770 1771 2911 1824 τέλει
2944 1769 3038 1824 τοῦ
3072 1770 3231 1838 λόγου
3262 1770 3656 1841 ὲπισφραγίζεται

2075 1847 2112 1900 Β
2142 1865 2337 1920 εἰπών·
2367 1867 2657 1920 Ἕλπισον
2681 1863 2779 1918 ἐπὶ
2802 1862 2909 1916 τὸν
2938 1861 3104 1925 Θεὸν,
3147 1859 3237 1913 ὅτι
3275 1858 3656 1929 ἐξομολογήσο-

2135 1975 2240 2026 μαι
2261 1955 2420 2022 αὐτῷ
2441 1973 2454 1986 ο
2480 1954 2776 2024 σωτήριον
2813 1953 2920 2008 τοῦ
2965 1951 3292 2020 προσώπου
3331 1967 3446 2019 μου
3519 1951 3597 2006 καὶ
3634 1955 3653 2007 ὁ

2139 2048 2280 2114 Θεός
2302 2066 2440 2117 μου.

2211 2140 2348 2195 Ούτε
2376 2138 2612 2210 ψαλμὸν,
2646 2136 2768 2191 οὔτε
2791 2135 2931 2207 ᾠδὴν
2958 2176 2972 2199 ,
3004 2135 3126 2189 οὔτε
3153 2154 3204 2190 τι
3237 2134 3344 2189 τῶν
3375 2133 3596 2189 τοιούτων
3629 2135 3653 2202 ἡ

2141 2232 2467 2306 προσγραφὴ
2500 2231 2740 2303 περιέχει
2767 2246 2780 2260 ·
2818 2229 2912 2283 καὶ
2945 2230 3188 2292 εἰκότως.
3235 2228 3542 2299 Ἐπειδήπερ
3562 2243 3658 2278 σκυ-

2141 2327 2502 2400 θρωποτέρων
2547 2325 2720 2394 λόγων
2765 2323 3122 2395 πεπλήρωται
3168 2320 3240 2374 τὰ
3295 2319 3418 2390 ὲξῆς
3463 2317 3658 2384 ἐπιλεγό-

2145 2438 2301 2492 μενα,
2337 2421 2423 2474 διὰ
2463 2418 2634 2472 ταῦτα
2675 2417 2858 2481 ἁπλῶς
2882 2419 2968 2483 εὶς
3000 2414 3067 2468 τὸ
3093 2414 3270 2480 τέλος
3293 2411 3654 2482 ἐπιγέγραπται.

2141 2511 2234 2582 Μὴ
2263 2509 2372 2581 γὰρ
2397 2506 2725 2578 ὑφεστώτων
2757 2506 3122 2578 πραγμάτων,
3157 2503 3448 2575 μελλόντων
3477 2501 3526 2554 δέ
3562 2515 3656 2552 ποτε

2143 2602 2380 2665 ἔσεσθαι,
2417 2602 2746 2672 προρρήσεις
2781 2599 3043 2671 περιέχει.
3065 2589 3074 2596 ’
3097 2596 3360 2665 Γεγόνασι
3402 2595 3491 2666 μὲν
3517 2592 3602 2662 γὰρ
3623 2592 3657 2643 ol

2143 2695 2248 2746 υἱοὶ
2290 2693 2432 2762 Κορὲ
2473 2691 2564 2745 ἐπὶ
2606 2691 2706 2761 τῆς
2740 2691 2944 2762 ἐρήμου
2974 2687 3112 2762 κατὰ
3143 2689 3272 2752 τοὺς
3292 2686 3502 2758 χρόνους
3536 2684 3658 2738 Mutti-

2147 2785 2303 2849 σέως.
2329 2780 2460 2838 Εἶτα
2483 2782 2578 2837 τοῦ
2613 2782 2814 2854 πατρὸς
2842 2781 3019 2835 αὐτῶν
3036 2761 3136 2834 τοῦ
3165 2779 3314 2850 Κορὲ
3353 2773 3658 2832 καταστασιά-

2146 2895 2335 2942 σαντος
2356 2877 2652 2942 Μωῦσέως,
2681 2877 2773 2931 καὶ
2790 2875 3123 2946 ἀπολομένου
3156 2876 3224 2944 τῇ
3251 2870 3412 2926 αύτοῦ
3451 2869 3656 2943 φρατρίᾳ,

2144 2972 2270 3034 τοὺς
2294 2969 2482 3023 τούτου
2507 2969 2699 3033 παῖδας
2727 2966 2921 3039 συνέϐη
2947 2965 3022 3038 μὴ
3052 2965 3407 3020 συναπολέσαι
3427 2963 3498 3034 τῷ
3516 2959 3657 3030 πατρί’

2145 3061 2324 3116 διὰτὸ
2351 3062 2423 3133 μὴ
2458 3060 2836 3115 κεκοινωκέναι
2868 3060 3063 3122 αὐτοὺς
3086 3061 3150 3130 τῇ
3175 3057 3272 3112 τοῦ
3304 3055 3495 3128 πατρὸς
3514 3055 3659 3108 δυστε-

2071 3188 2113 3246 C
2147 3155 2287 3227 ϐείᾳ,
2319 3154 2606 3225 μετάνοιαν
2642 3152 2699 3206 δὲ
2729 3151 3130 3222 ἐνδειξαμένους
3171 3149 3269 3203 καὶ
3305 3148 3542 3218 πλείστην
3568 3141 3660 3246 περὶ

2145 3245 2236 3298 τὸν
2263 3245 2394 3298 Θεὸν
2439 3243 2744 3306 εὐλάϐειαν,
2793 3240 3063 3312 τοσαύτης
3109 3240 3381 3311 ἀποδοχῆς
3421 3232 3659 3307 ἠξιωκέναι

2146 3335 2295 3408 παρὰ
2334 3335 2409 3406 τῷ
2436 3333 2576 3406 Θεῷ,
2603 3334 2678 3397 ὠς
2714 3333 2808 3387 καὶ
2851 3330 3191 3404 προφητικοῦ
3239 3331 3553 3402 χαρίσματος
3587 3340 3659 3396 με·

2143 3430 2384 3499 τασχεῖν.
2433 3428 2526 3480 Ἐκ
2555 3427 2612 3480 δὲ
2647 3426 2746 3497 τῆς
2767 3423 2970 3478 τούτων
2994 3423 3248 3495 διαδοχῆς
3269 3423 3408 3477 κατὰ
3438 3421 3546 3481 τοὺς
3568 3413 3662 3486 χρό-

2146 3539 2270 3585 νους
2299 3520 2458 3574 Δαυῒδ
2506 3519 2712 3588 γίνεται
2743 3518 2928 3590 ἕτερος
2960 3517 3128 3590 Κορὲ,
3157 3514 3441 3587 ὁμώνυμος
3467 3511 3535 3583 τῷ
3563 3524 3661 3578 προ-

2145 3613 2308 3685 τέρῳ,
2337 3612 2431 3666 καὶ
2459 3612 2649 3665 τούτου
2674 3611 2850 3680 ἕτεροι
2872 3611 3079 3672 παῖδες.
3105 3607 3221 3661 Εἶτ’
3253 3604 3344 3662 οὖν
3381 3601 3542 3666 οὗτοι,
3581 3599 3662 3653 εἴτε

2145 3708 2195 3761 oi
2219 3707 2493 3780 πρότεροι,
2525 3707 2622 3776 τὴν
2649 3703 2864 3776 μακράν
2895 3703 3121 3774 ὕστερον
3170 3700 3470 3772 γενομένην
3505 3697 3662 3764 αἰχμα-

2146 3800 2346 3854 λωσίαν
2375 3798 2468 3852 τοῦ
2497 3796 2627 3850 λαοῦ
2651 3797 2745 3850 καὶ
2777 3795 2874 3866 τὴν
2896 3795 2976 3859 εἰς
3003 3794 3178 3848 πάντα
3211 3793 3280 3847 τὰ
3313 3791 3435 3862 ἔθνη
3459 3785 3539 3840 τοῦ
3569 3785 3665 3836 ἰου-

2145 3892 2309 3948 δαίων
2354 3890 2538 3955 ἔθνους
2591 3889 2888 3960 διασπορὰν
2941 3885 3260 3950 θεσπίζουσι
3310 3882 3396 3936 διὰ
3433 3881 3516 3933 τὸν
3562 3869 3664 3946 μετά

2147 3987 2354 4054 χεῖρας.
2405 3982 2692 4052 Προῖόντες
2741 3977 2871 4049 γοῦν
2917 3995 3049 4049 φασι
3073 3994 3086 4008 ·
3138 3975 3252 4030 Καὶ
3302 3975 3355 4028 οἱ
3396 3968 3667 4054 μισοῦντες

2146 4053 2306 4142 ἡμᾶς
2329 4069 2649 4140 διήρπαζον
2677 4069 2918 4134 αὺτούς.
2979 4065 3243 4130 Ἕδωκας
3267 4061 3419 4133 ἡμᾶς
3453 4059 3524 4124 ὡς
3547 4053 3666 4151 7

2148 4167 2294 4219 ϐατα
2310 4164 2612 4232 βρώσεως,
2625 4161 2724 4215 καὶ
2743 4161 2812 4214 ἐν
2826 4160 2946 4226 τοῖς
2967 4160 3168 4213 ἔθνεσι
3187 4157 3516 4220 διέσπειρας
3530 4150 3664 4217 multo

2163 4258 2400 4313 Ἀπέδου
2421 4257 2526 4311 τὸν
2546 4257 2698 4312 λαόν
2719 4271 2834 4309 σου
2857 4255 3003 4308 ἄνευ
3043 4251 3223 4322 τιμῆς
3239 4265 3252 4280 ·
3281 4248 3376 4302 καὶ
3400 4248 3528 4301 ἔθου
3549 4235 3668 4307 ἡμᾶς

2148 4352 2377 4418 ὄνειδος
2408 4350 2533 4417 τοῖς
2563 4351 2827 4419 γείτοσιν
2849 4347 3038 4416 ἡμῶν.
3071 4345 3146 4399 Οὐ
3173 4343 3284 4415 γὰρ
3318 4339 3407 4394 ἐπὶ
3441 4333 3525 4391 τοῦ
3547 4325 3668 4384 Δαυῖδ

2148 4443 2322 4497 ταῦτα
2356 4445 2388 4515 ἡ
2421 4443 2633 4514 ἱστορία
2657 4439 2983 4512 γεγενῆσθαι
3006 4437 3276 4510 περιέχει·
3295 4435 3382 4490 διὰ
3411 4430 3555 4486 τοῦτο
3575 4437 3668 4494 προ-

2076 4532 2122 4592 D
2149 4537 2457 4608 γέγραπται
2477 4537 2563 4600 εὶς
2598 4532 2664 4586 τὸ
2693 4532 2884 4598 τέλος.
2911 4530 3021 4584 Καὶ
3035 4530 3128 4583 ἐπὶ
3154 4526 3340 4597 θεῖκῆς
3359 4523 3420 4594 δὴ
3452 4516 3666 4574 συνέσεως

2149 4630 2227 4701 τῷ
2287 4630 2532 4700 μέλλοντι
2585 4627 2759 4682 ταῦτα
2809 4628 2948 4680 νοεῖν
2982 4623 3296 4692 ἀναγκαίως
3323 4618 3576 4701 εἴρηται,
3603 4621 3667 4666 εις

2149 4699 2426 4775 σύνεσιν.
2469 4720 2612 4774 Ἀντὶ
2639 4720 2695 4773 δὲ
2724 4718 2839 4781 τοῦ,
2868 4716 2989 4783 τοῖς
3022 4713 3174 4781 υἱοῖς
3203 4712 3384 4781 Κορὲ,
3415 4699 3668 4776 (ἔτνει-(ίθώνως

2147 4812 2177 4862 ὁ
2225 4809 2456 4872 Ἀκύλας
2482 4810 2578 4862 καὶ
2604 4811 2631 4862 ὁ
2655 4808 2969 4880 Σύμμαχος,
3003 4804 3121 4859 τῶν
3143 4803 3289 4858 υἱῶν
3328 4795 3468 4867 Κορὲ
3489 4834 3502 4858 ν
3526 4785 3667 4880 ήρμήξ

2149 4921 2366 4969 νευσαν,
2398 4903 2738 4966 διδάσκοντες
2770 4901 2947 4954 αὐτῶν
2980 4895 3117 4954 εἶναι
3149 4897 3248 4961 τὰς
3277 4886 3610 4966 προφητείας’
3629 4875 3667 4930 οἶ

2146 4997 2304 5068 διψῇν
2319 4995 2625 5066 ὡμολόγουν
2651 4994 2812 5050 αὑτὸν
2841 4993 2932 5047 τὸν
2957 4992 3110 5058 Θεὸν,
3136 4990 3295 5044 πόθον
3310 5005 3367 5041 τε
3390 4983 3478 5038 καὶ
3498 4981 3664 5068 ἴμεροξ.

2151 5059 2568 5160 καὶηὲπιθυμίαν
2603 5087 2744 5159 ἔχειν
2774 5088 2871 5158 τῆς
2903 5087 3030 5156 παρ’
3063 5083 3211 5154 αὐτῷ
3247 5080 3443 5152 πηγῆς,
3483 5070 3594 5138 περὶ

2149 5179 2382 5251 εἴρηται·
2419 5153 2538 5232 ’ὅτι
2579 5153 2736 5247 παρὰ
2787 5153 2886 5232 σω
2934 5153 3096 5245 mare,
3129 5153 3296 5242 ζωῆς,
3335 5171 3402 5224 ἐν
3433 5165 3507 5232 τῷ
3551 5153 3666 5232 φωτί

2149 5286 2264 5326 σου
2292 5271 2557 5341 ὀψόμεθα
2591 5269 2734 5339 φῶς.
2764 5269 2853 5322 Διὸ
2877 5267 3086 5336 ἔλεγονο

2223 5455 2332 5507 “Ur
2374 5454 2597 5520 τρόπον
2657 5449 2927 5503 ἐπιποθεῖ
2968 5447 3193 5515 ἔλαφος
3230 5441 3328 5496 ἐπὶ
3365 5436 3464 5501 τὰς
3507 5421 3666 5520 muttit

2148 5545 2266 5602 τῶν⁵
2310 5516 2564 5608 ὑδάτων,
2601 5544 2788 5608 οὕτως
2833 5541 3104 5595 ἐπιποθεῖ
3133 5541 3170 5607 ἠ
3203 5533 3367 5606 ψυχτὶ
3398 5545 3506 5600 μου

2149 5638 2244 5704 σὲ,
2320 5641 2353 5691 ὁ
2421 5602 2582 5700 Bede.
2653 5602 3006 5705 Kep'aceépov
3067 5602 3518 5697 ceév'ﬁ'gmog-
3558 5602 3664 5662 ἀυά
