3822 6280
148 324 237 381 359
1224 314 1727 373 COMMENTARIA

148 446 223 498 καὶ
280 439 499 513 καθαρὸν
568 438 705 493 κατὰ
766 438 857 492 τὸν
929 437 1109 511 νόμον,
1176 440 1274 511 ἢδη
1302 440 1358 493 δὲ
1389 440 1480 493 καὶ
1542 439 1659 507 ὀφι-
1691 444 1732 500 Α

146 535 345 596 οκτόνον,
405 531 494 585 καὶ
538 532 750 585 πάντων
810 532 1054 603 ἑρπετῶν
1098 531 1459 604 ἀναιρετικὸν,
1529 530 1663 584 ἀλλὰ

146 627 219 681 καὶ
277 623 372 677 τῶν
441 622 535 687 τὰς
581 625 819 695 ἐρήμους
896 623 1353 696 μεταδιωκόντων,
1415 624 1663 688 Τοιοῦτος

145 719 191 770 δέ
236 711 295 786 ἦν
337 716 363 766 ὁ
405 714 730 785 προφητικὸς
781 714 976 786 χορὸς,
1041 714 1338 787 φιλέρημος
1390 714 1483 766 καὶ
1529 714 1659 767 dwa-

146 805 549 878 κεχωρηκὼς.Ἐν
567 804 819 876 ἐρημίαις
842 806 971 874 γοῦν
1030 806 1123 860 καὶ
1166 806 1336 878 ὄρεσι,
1382 808 1475 859 καὶ
1523 823 1660 877 σπη-

147 900 285 961 λαίοις
314 897 628 968 πεποιῆσθαι
656 897 901 965 λέγονται
929 897 1026 961 τὰς
1046 899 1321 970 διατριϐάς
1341 917 1353 929 ·
1388 899 1524 953 ἀλλὰ
1570 902 1662 955 καὶ

148 994 295 1061 πάσης
314 991 592 1060 ἐτύγχανον
614 990 992 1063 ἀντικειμένης
1019 991 1314 1062 δυνάμεως,
1338 992 1429 1045 καὶ
1462 993 1661 1055 παντὸς

145 1085 217 1138 τοῦ
241 1084 362 1138 κατὰ
380 1084 610 1136 διάνοιαν
636 1084 865 1153 ἑρπετοῦ
894 1085 1243 1158 ἀναιρετικοὶ,
1283 1086 1358 1150 ὼς
1406 1086 1471 1139 ἂν
1514 1086 1662 1157 ἐχον-

145 1186 215 1237 τες
233 1176 313 1228 καὶ
335 1174 478 1228 αὐτοὶ
498 1177 686 1227 πατεῖν
714 1176 896 1229 ἐπάνω
927 1176 1100 1245 ὄφεων
1123 1178 1214 1230 καὶ
1249 1177 1542 1249 σκορπίων,
1568 1178 1661 1231 καὶ

146 1267 216 1318 ἐπὶ
235 1267 389 1317 πᾶσαν
414 1265 510 1337 τὴν
553 1265 779 1336 δύναμιν
815 1265 909 1319 τοῦ
957 1266 1174 1339 ἐχθροῦ.
1228 1268 1569 1339 Κερασφόροι
1605 1269 1661 1321 δὲ

147 1356 363 1425 ὑπῆρχον,
384 1354 456 1416 ὡς
484 1353 663 1423 λέγειν
687 1354 941 1408 δύνασθαι
964 1372 973 1379 ·
1010 1358 1103 1408 Ἐν
1125 1358 1221 1411 σοὶ
1252 1357 1392 1422 τοὺς
1412 1357 1661 1425 ἐχθροὺς

145 1445 280 1515 ἡμῶν
320 1446 713 1516 κερατιοῦμεν.
756 1448 913 1501 Ἀλλὰ
947 1449 1039 1501 καὶ
1083 1447 1313 1519 καθαροὶ⁸
1344 1448 1443 1519 τὴν
1485 1447 1661 1518 ψυχὴν

144 1538 413 1607 ἐτύγχανον,
446 1539 493 1591 εἰ
538 1538 633 1591 καί
680 1556 821 1603 τινες
850 1539 1030 1593 ἄλλοι·
1065 1540 1144 1593 διὸ
1182 1541 1365 1611 ἐλάφῳ
1394 1539 1663 1611 παρεϐάλ-

144 1632 275 1683 λοντο.
292 1629 428 1682 Ἐπεὶ
460 1630 554 1683 καὶ
585 1630 745 1696 αὐτὸς
767 1632 794 1683 ό
816 1630 1045 1701 νυμφίος
1071 1631 1374 1701 ἐν”ᾼσματι
1404 1630 1661 1700 ᾀσμάτων

145 1722 283 1794 νεϐρῷ
309 1723 478 1793 ἐλάφῳ
500 1724 847 1794 ἀφωμοίωτο,
880 1724 974 1776 καὶ
991 1726 1046 1777 ἐν
1077 1723 1156 1790 τῷ
1192 1722 1309 1775 Ἰὼϐ
1340 1723 1395 1775 δὲ
1424 1722 1658 1794 εἴρηταιο

154 1815 441 1883 ἐφύλαξας
467 1814 535 1868 δὲ
564 1814 767 1885 μῆνας
791 1816 1031 1885 ἐλάφων
1068 1815 1282 1882 ὼδῖνάς
1309 1833 1371 1869 τε
1396 1834 1407 1885 ε
1438 1815 1660 1880 αὐτοὺς
1690 1801 1732 1855 Β

143 1906 531 1973 ἐξαποστελεῖς.
570 1908 835 1971 Τοιαύτας
870 1909 927 1962 δὲ
956 1908 1178 1976 λογικὰς
1225 1908 1452 1977 ἐλάφους
1489 1909 1517 1960 ὁ
1548 1907 1659 1961 Κύ⁴

144 2016 230 2069 ριος
247 1998 641 2071 καταρτίζεσθαι
690 2000 904 2069 λέγεται
932 2003 988 2053 ἐν
1018 2000 1105 2069 κη’
1129 1999 1348 2070 ψαλμῷ,
1374 2000 1653 2069 φάσκοντι·

142 2089 274 2158 Φωνὴ
295 2092 499 2158 Kvplov
522 2091 983 2161 καταρτιζομένη
1014 2091 1302 2160 ἐλάφους.

194 2178 332 2237 Ait-cat
359 2184 527 2237 τοίνυν
582 2187 639 2239 ai
680 2184 886 2254 ἔλαφοι,
931 2186 1028 2256 τῆς
1057 2184 1241 2256 πηγῆς
1282 2183 1660 2256 διαλειπούσης

142 2273 270 2338 αὑτὰς
286 2274 363 2327 διὰ
389 2275 483 2339 τὰς
511 2276 746 2347 ἀνομίας
779 2276 872 2329 τοῦ
898 2276 1028 2330 λαοῦ
1048 2318 1062 2343 ,
1101 2278 1193 2332 καὶ
1217 2277 1658 2348 ἀποστραφέντος

142 2366 208 2419 τοῦ
235 2367 367 2433 Θεοῦ,
389 2369 505 2421 καθ’
531 2368 737 2433 ἑαυτὰς
772 2369 1147 2435 ἀπεκλαίοντο,
1178 2370 1271 2424 καὶ
1312 2373 1424 2435 τοῖς
1451 2372 1667 2426 ἐαυτῶν-

140 2457 344 2529 δάκρυσιν
365 2460 602 2531 ἐχρῶντο
636 2464 830 2533 τροφῇ,
854 2462 1045 2525 νυκτὸς
1067 2462 1159 2517 καὶ
1202 2462 1414 2533 ἡμέρας
1432 2463 1529 2535 τὴν
1555 2464 1659 2517 ἀπ-

140 2550 293 2603 ώλειαν
316 2549 398 2604 τοῦ
439 2552 574 2605 λαοῦ
606 2551 1008 2625 ἁποθρηνοῦσαι
1028 2569 1040 2583 ·
1073 2553 1379 2623 ὡμολόγουν
1421 2571 1479 2606 τε
1500 2554 1656 2625 διψῇν

140 2640 297 2705 0610i;
321 2641 519 2713 σώμασι
547 2644 648 2696 καὶ
664 2646 780 2706 ταῖς
808 2642 965 2714 σαρξὶ
999 2642 1097 2706 τὰς
1132 2643 1306 2715 τούτῳ
1336 2644 1495 2714 φίλας
1532 2646 1655 2716 ἠδο-

140 2730 230 2793 νὰς,
250 2732 344 2785 ἀλλ’
373 2733 503 2804 αὐτὴ
525 2735 562 2804 ἡ
583 2733 727 2805 ψυχὴ
755 2734 937 2788 ποθεῖν
963 2735 1056 2788 καὶ
1078 2738 1093 2787 ἱ
1102 2752 1167 2805 με
1177 2736 1383 2804 ίρεσθαι
1408 2737 1548 2790 κατὰ
1567 2738 1657 2792 τὸν

140 2822 376 2896 Σύμμαχον
399 2826 503 2895 τῆς
538 2826 697 2893 πρὸς
732 2827 836 2880 τὸν
862 2826 1010 2880 Θεὸν
1037 2828 1297 2895 πορείας.
1328 2828 1419 2882 Διὸ
1439 2829 1621 2899 ἔλεγον
1640 2848 1653 2861 °

142 2915 295 2980 Οὕτως
317 2916 585 2971 ἐπιποθεῖ
602 2916 640 2984 ἡ
668 2916 836 2985 ψυχή
853 2935 973 2987 μου
996 2919 1146 2986 πρὸς
1174 2918 1269 2986 σὲ,
1297 2922 1330 2973 ὀ
1360 2921 1503 2987 Θεός
1525 2938 1539 2953 ο
1566 2923 1659 2977 καὶ

141 3006 287 3059 πάλιν·
322 3009 649 3078 Ἑδίψησεν
675 3011 712 3078 ἠ
742 3009 909 3078 ψυχή
933 3028 1053 3080 μου
1070 3012 1218 3080 πρὸς
1243 3010 1350 3065 τὸν
1378 3013 1529 3067 Θεὸν
1552 3014 1668 3067 τὸν-

141 3098 341 3166 ισχιιοὸν
379 3100 481 3154 τὸν
522 3100 733 3161 ζῶντα.
790 3103 894 3171 Ζῇν
937 3101 1043 3172 γὰρ
1067 3103 1156 3155 τὸν
1181 3102 1383 3175 Κύριον
1428 3105 1568 3160 κατὰ
1595 3106 1656 3160 τὸ

140 3190 404 3260 εἰρημένον,
453 3193 503 3245 '0
520 3193 716 3263 μόνος
758 3193 913 3261 ἔχων
966 3194 1336 3250 ἀθανασίαν
1380 3199 1473 3251 καὶ
1502 3200 1659 3269 μόνον

140 3278 248 3348 ζωὴν
264 3279 388 3350 ἔχειν
408 3283 531 3353 παρ’
557 3282 760 3352 ἑαυτῷ,
788 3282 929 3342 κατὰ
950 3284 1010 3336 τό
1025 3300 1037 3313 ⁸
1057 3285 1173 3337 ’Ότι
1195 3286 1353 3353 παρὰ
1378 3288 1475 3341 σοὶ
1497 3287 1659 3358 πηγὴ

140 3365 268 3438 ζωῆς,
284 3372 480 3443 ᾔδεσαν.
505 3374 622 3427 Καὶ
640 3375 795 3429 τοῦτό
814 3393 875 3445 γε
888 3375 948 3429 τὸ
970 3376 1076 3441 ζῶν
1104 3376 1264 3449 ὕδωρ,
1293 3377 1514 3454 ὕστερόν
1531 3398 1658 3434 ποτε

140 3461 355 3517 ἐπιστᾶσα
392 3466 462 3536 (1)
493 3467 640 3520 κατὰ
687 3468 785 3530 τὰς
804 3468 909 3521 τῶν
933 3469 1226 3539 προφητῶν
1249 3471 1463 3543 εὐχὰςή
1487 3473 1657 3544 πηγὴ,

141 3551 307 3615 αὺτδςὸ
332 3556 510 3628 Σωτὴρ
544 3559 813 3630 παρέχειν
854 3559 1162 3631 ἀνθρώποις
1203 3562 1509 3627 ἐδίδασκεν,
1557 3559 1658 3617 ὦδὲ

139 3656 196 3708 πη
218 3640 362 3710 λέγων
381 3664 392 3676 ·
420 3648 522 3713 Ὃς
544 3647 628 3721 ἂν·
657 3648 764 3716 πίῃ
786 3649 853 3701 ἐκ
883 3649 990 3702 τοῦ
1016 3649 1233 3717 ὕδατος
1254 3648 1324 3707 οὗ
1350 3652 1464 3722 ἐγὼ
1489 3652 1660 3707 δώσω

137 3731 262 3796 αὐτῷ
283 3775 296 3796 ,
336 3736 650 3806 γενήσεται
698 3738 768 3792 ἐν
810 3738 971 3805 αὐτῷ
1003 3739 1164 3809 πηγὴ
1193 3739 1411 3807 ὕδατος
1444 3741 1659 3810 ζῶντος

134 3821 416 3892 ἁλλομένου
468 3830 555 3896 εὶς
591 3824 742 3897 ζωὴν
786 3827 1041 3883 αἰώνιον.
1088 3829 1198 3888 Καὶ
1240 3830 1431 3884 πάλινο
1474 3832 1548 3885 Et
1572 3850 1658 3899 τις

135 3912 251 3990 διψᾷ
270 3918 514 3988 ἐρχέσθω
544 3922 703 3989 πρὸς
736 3924 834 3992 μὲ,
868 3923 967 3977 καὶ
992 3922 1229 3979 πινέτω.
1268 3924 1320 3976 Ὁ
1359 3927 1659 3980 πιστεύων

134 4012 199 4075 εὶς
222 4011 326 4080 ἐμὲ,
356 4015 544 4081 καθὼς
580 4010 752 4067 εἶπεν
778 4014 817 4083 ἡ
868 4017 918 4069 Γ
912 4016 1100 4085 pagi},
1135 4018 1385 4086 ποταμοὶ
1438 4018 1506 4071 ἐκ
1549 4018 1659 4088 τῆς

135 4102 321 4167 Midiae
356 4104 538 4157 αὐτοῦ
566 4104 907 4171 ῥεύσουσιν
946 4104 1165 4171 ὕδατος
1191 4104 1423 4172 ζῶντος.
1454 4108 1656 4160 Τούτου

132 4190 180 4260 δὴ
197 4189 271 4247 οὖν
286 4195 370 4248 τοῦ
396 4197 644 4268 πόματος
671 4199 699 4250 ὁ
721 4197 1053 4269 προφητικὸς
1074 4198 1233 4269 χορὸς
1252 4197 1418 4267 διψῶν
1440 4198 1621 4269 ἔλεγεν
1639 4218 1652 4230 ·

143 4283 414 4354 Ἐδίψηοῐεν
437 4291 475 4358 ἡ
501 4288 678 4357 ψυχή
707 4306 825 4358 μου
851 4290 1002 4357 πρὸς
1025 4289 1134 4343 τὸν
1161 4288 1309 4344 Θεὸν
1340 4291 1447 4344 τὸν
1477 4293 1654 4362 ισχυ-

133 4374 215 4439 ρὸν
240 4379 334 4432 τὸν
356 4379 557 4446 ζῶντα,
599 4382 711 4445 καὶ,
738 4382 888 4435 Πότε
914 4381 1059 4448 ἥξω,
1088 4383 1185 4436 καὶ
1209 4381 1547 4453 ὀφθήσομαι
1577 4382 1657 4449 τῷ

133 4471 378 4537 προσώπῳ
410 4475 516 4529 τοῦ
553 4473 738 4537 Θεοῦ;
774 4474 1035 4545 Ὀρῶντες
1063 4473 1170 4545 γὰρ
1188 4476 1413 4539 ἑαυτοὺς
1440 4476 1656 4549 μακρὰν

133 4558 419 4632 ὑπάρχοντας
436 4566 536 4637 τῆς
557 4566 852 4636 πρόσωπον
892 4566 1028 4637 πρὸς
1065 4567 1352 4638 πρόσωπον
1396 4566 1522 4631 θέας
1563 4568 1654 4622 τοῦ

138 4649 253 4717 θεοῦ,
274 4656 435 4711 ταῦτα
479 4658 687 4727 ἔλεγον.
747 4657 907 4714 Ἀλλὰ
944 4660 1038 4711 καὶ
1083 4659 1530 4730 συναισθόμενοι,
1581 4660 1656 4724 ὼς

134 4739 427 4816 ἀπέστραπτο
460 4748 555 4802 τὸν
594 4747 719 4801 λαὸν
742 4747 801 4800 τὸ
828 4746 929 4809 coit
952 4746 1086 4801 Θεοῦ
1128 4747 1449 4820 πρόσωπον,
1477 4747 1656 4801 οὐκέτ’

134 4835 285 4901 αὐτοὺς
326 4840 613 4895 ἐπισκοπεῖ
638 4843 671 4911 ὴ
698 4841 925 4895 πάντοτε
977 4841 1230 4912 πρόνοιαν
1257 4839 1435 4894 αὑτῶν
1473 4857 1655 4893 ποιου-

134 4925 235 4997 μένη
257 4929 486 5003 δύναμις,
509 4932 851 5005 ἀπεθρήνουν
875 4933 973 5004 μὲν
994 4932 1203 5003 τὴνπέπὶ
1223 4932 1324 5002 γῆς
1349 4930 1651 5003 διατριϐὴν,

129 5016 258 5088 εὐχὴν
274 5021 312 5073 δ’
338 5024 574 5077 ἐτίθεντο
595 5024 939 5097 παραστῆναι
966 5042 1094 5078 ποτε
1129 5025 1214 5097 τῷ.
1250 5024 1522 5097 προσώπῳ
1559 5024 1651 5078 τοῦ

128 5106 256 5159 θεοῦ·
308 5111 384 5165 διὸ
431 5114 643 5183 ἔλεγον·
673 5117 827 5169 Πότε
871 5115 1016 5183 ἥξω,
1046 5115 1144 5169 καὶ
1196 5115 1535 5185 ὀφθήσομαι
1573 5112 1653 5180 τῷ

128 5199 377 5269 προσώπῳ
400 5206 509 5260 τοῦ
543 5208 725 5272 Θεοῦ;
755 5207 961 5279 Πολλῆς
981 5208 1039 5261 δὲ
1058 5208 1318 5279 γέμοντες
1343 5208 1654 5279 παρρησίας

128 5293 200 5345 καὶ
221 5300 556 5374 συνειδήσεως
594 5303 802 5375 ἀγαθῆς
836 5302 1109 5366 τοιαύταις
1148 5301 1382 5373 ἐχρῶντο
1425 5304 1649 5371 φωναῖς.

136 5380 205 5446 Ὧς
223 5388 318 5459 γὰρ
338 5392 442 5447 ὅλοι
466 5394 642 5449 διόλου
683 5395 780 5459 τὰς
806 5394 980 5466 ψυχὰς
1002 5395 1173 5464 ὑγιεῖς
1194 5394 1286 5447 καὶ
1318 5392 1517 5456 παντὸς
1548 5390 1654 5463 μώ-

1685 3158 1727 3216 C

1763 313 1831 371 IN
1870 314 2208 373 PSALMOS.
3221 318 3327 375 ὅτε)

1763 454 1881 493 rum
1936 438 2235 494 secundum
2298 435 2509 507 legem,
2558 435 2900 506 serpentibus
2951 433 3319 497 mortiferum,

1763 530 2019 600 omnique
2052 529 2233 599 reptili
2266 528 2582 594 exitiosum,
2614 536 2777 598 atque
2813 543 2879 583 ex
2915 542 3103 581 eorum
3130 538 3318 596 genere

1761 635 1881 690 quae
1915 620 2236 676 solitudines
2270 618 2617 688 frequentare
2646 620 2842 674 solent.
2876 619 3025 675 Talis
3056 629 3171 674 erat
3201 635 3318 688 pro-

1762 711 2009 782 pheticus
2039 712 2263 775 chorus,
2299 726 2491 768 amans
2551 711 2860 767 solitudinis
2927 725 2989 765 ac
3052 724 3321 767 secessus.

1760 805 1818 859 lu
1847 806 2078 862 desertis
2113 807 2297 877 itaque
2321 846 2336 872 ,
2395 807 2674 863 montibus
2723 813 2778 861 et
2827 804 3098 874 specubus
3127 801 3326 858 versati

1760 911 1886 952 esse
1942 897 2230 965 feruntur;
2277 899 2386 953 imo
2434 900 2596 955 etiam
2653 897 2798 952 omni
2855 895 3181 952 adversariae
3231 909 3330 963 po-

1763 989 1967 1054 testati,
2005 990 2263 1060 omnique
2294 991 2563 1063 spirituali
2598 990 2774 1060 reptili
2811 988 3024 1045 exitiosi
3050 993 3225 1051 erant,
3251 993 3331 1039 ut-

1764 1088 1890 1151 pote
1917 1081 2009 1151 qui
2041 1088 2369 1152 polestatem
2412 1092 2467 1138 et
2515 1082 2615 1152 ipsi
2648 1081 2910 1135 baberent
2942 1079 3184 1135 calcandi
3215 1093 3324 1133 ser-

1760 1180 1949 1242 pentes
2007 1182 2062 1228 et
2115 1175 2463 1245 scorpiones,
2536 1182 2590 1229 et
2641 1188 2854 1227 onmem
2917 1172 3170 1227 virtutem
3227 1174 3332 1227 ini-

1764 1265 1890 1319 mici
1930 1285 1942 1318 :
2005 1269 2217 1322 cornuti
2270 1282 2485 1338 quoque
2514 1274 2698 1330 erant,
2731 1275 2790 1320 ut
2836 1265 3017 1321 dicere
3061 1276 3328 1336 possent:

1766 1356 1829 1411 In
1867 1368 1911 1412 te
1943 1360 2182 1414 inimicos
2218 1369 2423 1414 nostros
2476 1358 2841 1413 ventilabimus
2896 1373 3057 1412 cornu
3102 1357 3168 1410 ’⁸.
3220 1355 3336 1431 Ιιηο

1760 1449 1923 1502 etiam
1978 1450 2098 1520 puri
2159 1452 2342 1505 animo
2372 1460 2634 1521 quantum
2676 1448 2917 1521 quipiam
2960 1447 3080 1516 alii;
3141 1461 3335 1516 quam-

1761 1542 1947 1595 obrem
2005 1558 2165 1597 cerro
2230 1544 2715 1614 comparabantur.
2767 1540 3046 1611 Siquidem
3107 1548 3162 1595 et
3217 1538 3334 1608 ipse

1763 1647 2001 1701 sponsus
2026 1633 2077 1687 in
2112 1633 2336 1688 Cantico
2366 1634 2706 1688 canticorum
2747 1633 2975 1687 hinnulo
3004 1645 3164 1686 cervo
3185 1646 3336 1685 com-

1764 1735 1988 1792 paratur
2026 1727 2089 1780 ".
2132 1727 2190 1780 In
2238 1728 2374 1781 libro
2404 1725 2506 1782 Job
2535 1741 2751 1798 quoque
2782 1724 2985 1781 dicitur
3017 1743 3030 1778 :
3072 1722 3334 1779 Observa-

1760 1815 1830 1867 sti
1870 1832 2070 1870 menses
2116 1833 2418 1882 cervorum,
2470 1828 2518 1873 et
2546 1828 2772 1889 partus:
2802 1819 2941 1887 ipsos
2994 1816 3225 1870 dimittes
3264 1813 3334 1870 ³⁰.

1762 1905 2087 1976 Hujusmodi
2144 1911 2497 1968 rationabiles
2548 1926 2741 1967 cervos
2792 1925 3097 1982 praeparare
3146 1907 3333 1962 Domi-

1759 2015 1862 2053 nus
1889 1999 2089 2055 dicitur
2122 2001 2177 2055 in
2208 2002 2467 2057 vicesimo
2484 2011 2676 2057 octavo
2706 2003 2937 2072 psalmo,
2983 2001 3061 2056 sic
3091 1999 3328 2055 ferente:

1770 2089 1881 2143 Vox
1904 2090 2118 2145 Domini
2146 2108 2454 2162 prmparans
2495 2110 2669 2147 cervos
2699 2094 2766 2148 ³¹.

1841 2180 1906 2234 ili
1942 2182 2123 2252 itaque
2154 2184 2321 2247 cervi,
2349 2184 2495 2239 fonte
2526 2191 2747 2255 propter
2792 2182 3109 2253 iniquitates
3148 2179 3332 2251 populi

1759 2280 1813 2327 et
1843 2276 2184 2331 aversionem
2225 2276 2321 2332 Dei
2343 2277 2648 2341 deficiente,
2683 2275 2826 2346 apud
2860 2277 3066 2345 seipsos
3097 2273 3332 2339 flebant,

1758 2372 1814 2418 et
1846 2365 2105 2437 lacrymis
2136 2368 2254 2424 suis
2289 2384 2389 2439 pro
2437 2370 2561 2424 cibo
2591 2368 2697 2431 usi,
2730 2375 2888 2422 nocte
2929 2367 3122 2437 dieque
3150 2366 3339 2435 perni-

1758 2455 1894 2512 ciem
1926 2459 2108 2529 populi
2155 2460 2416 2531 lugebant
2446 2502 2461 2529 ,
2518 2475 2582 2515 ac
2610 2458 3012 2515 conﬁtebantur
3063 2476 3121 2515 se
3148 2460 3333 2525 sitire,

1760 2566 1866 2604 non
1891 2567 2118 2622 corpore
2144 2552 2361 2622 quidem
2393 2560 2448 2609 et
2473 2569 2659 2617 carne,
2702 2552 3005 2623 voluptates
3040 2552 3179 2622 ipsis
3206 2567 3338 2607 con-

1758 2649 2050 2709 gruentes;
2086 2644 2178 2697 sed
2213 2642 2331 2714 ipsa
2367 2644 2547 2698 anima
2577 2642 2876 2698 secundum
2915 2641 3345 2714 Symmachum,

1758 2746 2064 2803 progressus
2093 2733 2163 2788 ad
2191 2735 2362 2789 Deum
2386 2735 2660 2791 desiderio
2684 2750 2747 2789 ac
2778 2733 3031 2804 cupidine
3057 2736 3229 2789 teneri
3254 2735 3345 2790 di-.

1760 2822 1921 2876 citur.
1954 2822 2134 2889 Quare
2168 2824 2458 2882 dicebant.
2508 2826 2584 2879 ita
2616 2823 2886 2878 desiderat
2908 2824 3088 2877 anima
3116 2840 3230 2878 mea
3267 2827 3341 2877 ad

1763 2921 1828 2979 te,
1862 2912 2033 2978 Deus;
2082 2929 2145 2970 ac
2197 2912 2630 2975 rursum;Sitivit
2655 2916 2835 2970 anima
2899 2931 3014 2969 mea
3063 2916 3133 2968 ad
3169 2915 3343 2969 Deum

1760 3004 1955 3073 fortem
2005 3009 2198 3062 viuum.
2235 3006 2432 3062 Vivere
2479 3006 2680 3079 quippe
2734 3006 3023 3062 Dominum
3075 3018 3339 3062 noverant

1761 3097 2058 3153 secundum
2093 3096 2227 3152 illud
2253 3116 2264 3152 :
2298 3097 2457 3153 Solus
2475 3098 2667 3154 habens
2697 3098 3149 3153 immortalitatem
3176 3100 3250 3165 ³²;
3273 3116 3337 3155 ac

1764 3190 1938 3243 solum
2002 3205 2168 3259 penes
2224 3205 2283 3246 se
2331 3191 2500 3245 vitam
2555 3192 2755 3246 habere
2807 3188 3108 3246 secundum
3161 3191 3334 3246 illud:

1763 3278 2026 3345 Quoniam
2051 3281 2191 3351 apud
2211 3292 2258 3335 te
2279 3291 2355 3336 est
2378 3282 2495 3352 fons
2520 3283 2639 3338 vita
2662 3283 2728 3337 ³³.
2751 3284 2929 3354 Atque
2954 3283 3069 3339 haec
3098 3291 3181 3339 est
3200 3298 3339 3353 aqua

1760 3373 1902 3429 viva.
1954 3372 2306 3430 Postmodum
2336 3385 2518 3430 autem
2552 3374 2676 3430 fons
2711 3376 2802 3431 ille
2830 3392 2931 3448 pro
2963 3378 3104 3432 votis
3130 3392 3194 3431 ac
3220 3393 3341 3447 pre-

1761 3466 1915 3521 cibus
1949 3468 2335 3537 prophetarum
2375 3470 2688 3524 emanavit:
2726 3469 2841 3539 ipse
2871 3483 3108 3540 namque
3141 3468 3339 3524 Serva-

1760 3564 1846 3610 tur
1879 3556 2191 3613 hominibus
2222 3573 2280 3613 se
2313 3558 2666 3628 prmbiturum
2699 3572 2824 3613 esse
2869 3558 3060 3614 docuit
3095 3559 3179 3613 his
3212 3574 3335 3613 ver-

1756 3647 1841 3702 bis
1868 3665 1882 3703 ;
1921 3647 2026 3713 Qui
2057 3647 2241 3703 biberit
2270 3663 2334 3702 ex
2363 3665 2501 3719 aqua
2531 3665 2691 3719 quam
2736 3665 2827 3718 ego
2880 3649 3017 3703 dabo
3044 3649 3115 3712 ei,
3147 3649 3235 3717 ﬁet
3281 3650 3339 3701 in

1758 3757 1817 3795 eo
1848 3740 1967 3810 fons
1998 3756 2148 3811 aquw
2182 3742 2309 3794 vim
2363 3741 2603 3794 salientis
2654 3740 2709 3793 in
2764 3740 2926 3792 vitam
2965 3747 3217 3793 azternam
3257 3737 3335 3805 “;

1759 3840 1813 3887 et
1840 3847 2057 3887 rursum
2084 3851 2097 3887 :
2135 3833 2196 3887 Si
2220 3832 2335 3903 quis
2360 3833 2497 3896 sitit,
2538 3831 2711 3885 ueniat
2743 3829 2811 3884 ad
2845 3847 2924 3884 me
2947 3840 2997 3884 et
3025 3828 3186 3883 bibat.
3233 3827 3339 3893 Qui

1758 3924 1920 3979 credit
1943 3926 1995 3978 in
2019 3942 2120 3991 me,
2156 3926 2292 3981 sicut
2316 3924 2450 3977 dixit
2481 3922 2786 3992 Scriptura,
2812 3923 3034 3992 ﬂumina
3069 3923 3132 3976 de
3166 3931 3341 3976 uentre

1757 4017 1870 4085 ejus
1899 4019 2063 4086 ﬂuent
2096 4034 2245 4088 aqua:
2273 4018 2398 4072 viva:
2428 4016 2498 4074 ³⁵.
2524 4016 2883 4087 Propheticus
2914 4016 3099 4086 itaque
3136 4017 3339 4070 chorus

1758 4111 1861 4166 hoc
1890 4112 2129 4181 potionis
2162 4128 2334 4183 genus
2381 4110 2574 4167 sitiens
2626 4110 2879 4177 dicebat,
2940 4110 3103 4165 sitiuit
3157 4112 3338 4165 anima

1757 4219 1869 4256 mea
1898 4202 1967 4257 ad
2005 4203 2171 4258 Deum
2202 4204 2392 4275 fortem
2426 4204 2591 4257 vivum
2617 4217 2637 4267 ;
2668 4208 2741 4266 et,
2772 4201 2979 4272 quando
3033 4203 3237 4256 ueniam
3285 4210 3336 4256 et

1757 4294 2014 4364 apparebo
2040 4305 2159 4350 ante
2185 4295 2373 4366 faciem
2411 4294 2553 4351 Dei?
2578 4294 2714 4349 Cum
2755 4309 2813 4349 se
2858 4309 3095 4364 namque
3126 4309 3156 4347 a
3204 4308 3338 4347 con-

1757 4388 2106 4459 templatione
2135 4389 2226 4443 illa
2256 4388 2351 4445 Dei
2396 4388 2533 4445 facie
2562 4388 2629 4442 ad
2660 4386 2855 4442 faciem
2902 4387 3092 4458 procul
3127 4387 3337 4457 positos

1691 4517 1732 4572 D
1760 4490 2067 4549 cernerent,
2105 4483 2219 4537 haec
2264 4481 2628 4552 proferebant.
2668 4478 2773 4535 Sed
2806 4480 2966 4534 etiam
2997 4480 3338 4535 advertentes

1761 4585 2011 4628 aversum
2049 4588 2172 4629 esse
2204 4572 2297 4628 Dei
2326 4572 2535 4626 vultum
2566 4587 2597 4626 a
2639 4569 2863 4641 populo,
2898 4585 3074 4639 neque
3099 4569 3333 4625 ulterius

1760 4663 1908 4718 illam
1961 4664 2312 4734 providentia
2352 4664 2461 4717 vim
2517 4663 2622 4734 ipsi
2672 4663 3025 4735 prospicere,
3080 4661 3335 4731 lugebant

1759 4769 1891 4810 sane
1924 4754 1992 4811 de
2042 4772 2140 4811 sua
2189 4757 2242 4811 in
2298 4756 2459 4812 terris
2517 4755 2988 4819 commoratione,
3041 4770 3336 4824 precesque

1757 4843 2055 4902 fundebant
2123 4854 2183 4902 ut
2238 4846 2534 4917 aliquando
2591 4847 2765 4901 vultui
2818 4845 2914 4901 Dei
2972 4845 3331 4900 sisterentur:

1758 4940 2111 5009 quamobrem
2141 4939 2397 4997 dicebant
2428 4961 2441 4997 :
2482 4941 2707 5008 Quando
2752 4941 2953 4995 veniam
3001 4946 3051 4992 et
3080 4935 3335 5003 apparebo

1760 5039 1880 5083 ante
1924 5029 2114 5099 faciem
2147 5029 2285 5086 Dei?
2313 5033 2450 5087 Cum
2478 5043 2653 5087 autem
2690 5031 2885 5086 ﬁducia
2917 5037 2971 5084 et
2999 5027 3333 5083 conscientia

1761 5119 1904 5174 bona
1940 5121 2081 5190 pleni
2112 5129 2332 5189 essent,
2371 5120 2683 5192 hujusmodi
2738 5120 2964 5175 vocibus
3021 5119 3332 5173 utebantur.

1758 5210 1893 5266 Nam
1927 5221 2113 5284 utpote
2173 5215 2354 5269 anima
2414 5230 2639 5285 prorsus
2696 5229 2827 5269 sana
2890 5211 3134 5281 praediti,
3174 5220 3342 5282 atque

1758 5306 1908 5359 omni
1973 5308 2153 5376 culpa,
2181 5308 2301 5362 labe
2348 5322 2409 5361 ac
2457 5306 2701 5363 foeditate
2738 5305 2950 5375 purgati
2982 5343 2997 5369 ,
3036 5304 3210 5359 vultui
3247 5303 3339 5357 Dei

1759 5398 1878 5454 sisti
1908 5400 2194 5470 rogabant.
2230 5400 2490 5456 Pcccator
2526 5414 2654 5454 vero
2676 5399 2837 5453 talem
2866 5398 3072 5452 vultum
3118 5396 3337 5468 refugit,

180 5542 219 5574 ³⁸
252 5544 383 5621 Psal.
418 5565 553 5603 xutt
615 5551 667 5603 6.
740 5553 785 5586 ²⁹
822 5550 978 5607 Cant.
1016 5566 1086 5612 ll,
1117 5550 1172 5612 9,
1205 5551 1293 5606 17.
1370 5551 1416 5583 ³ο
1452 5550 1554 5607 Job
1587 5568 1654 5607 xx

1768 5592 1783 5619 ,
1822 5554 1872 5609 1.
1953 5554 2150 5611 “Psal.
2188 5555 2443 5621 xxvut,9.
2520 5554 2563 5587 ”
2604 5552 2623 5607 1
2659 5552 2798 5609 Tim.
2832 5568 2907 5619 vr,
2944 5551 3028 5607 16.
3107 5552 3150 5583 ³³
3189 5549 3343 5611 Psal.

131 5619 360 5685 xur,io.
419 5621 825 5688 “Joan.tv,i5,
865 5624 943 5677 14.
1020 5624 1064 5655 ⁸⁸
1100 5621 1256 5679 Joan.
1293 5622 1498 5689 "1,57,
1534 5623 1601 5678 58
1638 5664 1652 5679 .

181 5754 245 5819 (Ι)
276 5755 426 5815 Forte
459 5761 547 5815 ἐπι
556 5761 809 5827 στάξασα.
