  <div class='ocr_page' id='page_1' title='image "/cluster/home/n/w/nwhite01/storage/ocr_20150623/23/mdp.39015078384396/193.png"; bbox 0 0 3822 6280; ppageno 0'>
   <div class='ocr_carea' id='block_1_1' title="bbox 388 286 3655 385">
    <p class='ocr_par' dir='ltr' id='par_1_1' title="bbox 388 286 3655 385">
     <span class='ocr_line' id='line_1_1' title="bbox 388 286 3655 385; baseline 0.005 -15"><span class='ocrx_word' id='word_1_1' title='bbox 388 286 391 289; x_wconf 50' lang='lat'>&#39;</span> <span class='ocrx_word' id='word_1_2' title='bbox 459 316 558 371; x_wconf 74' lang='lat' dir='ltr'><strong>su</strong></span> <span class='ocrx_word' id='word_1_3' title='bbox 1118 316 1387 374; x_wconf 69' lang='lat' dir='ltr'><strong>eusser:</strong></span> <span class='ocrx_word' id='word_1_4' title='bbox 1426 316 1899 376; x_wconf 60' lang='lat' dir='ltr'><strong>assumas</strong></span> <span class='ocrx_word' id='word_1_5' title='bbox 1932 318 2083 377; x_wconf 71' lang='lat' dir='ltr'><strong>ore.</strong></span> <span class='ocrx_word' id='word_1_6' title='bbox 2123 318 2305 375; x_wconf 62' lang='lat' dir='ltr'><strong>rans</strong></span> <span class='ocrx_word' id='word_1_7' title='bbox 2333 318 2422 376; x_wconf 82' lang='grc' dir='ltr'>ιιι.</span> <span class='ocrx_word' id='word_1_8' title='bbox 2461 349 2533 362; x_wconf 94' lang='grc'><strong><em>-</em></strong></span> <span class='ocrx_word' id='word_1_9' title='bbox 2566 318 2975 379; x_wconf 67' lang='lat' dir='ltr'><strong>exessum.</strong></span> <span class='ocrx_word' id='word_1_10' title='bbox 3575 328 3655 385; x_wconf 74' lang='lat' dir='ltr'><strong>sn</strong></span> 
     </span>
    </p>
   </div>
   <div class='ocr_carea' id='block_1_2' title="bbox 461 435 1970 518">
    <p class='ocr_par' dir='ltr' id='par_1_2' title="bbox 461 435 1970 508">
     <span class='ocr_line' id='line_1_2' title="bbox 461 435 1970 508; baseline 0.003 -18"><span class='ocrx_word' id='word_1_11' title='bbox 461 451 528 490; x_wconf 90' lang='lat' dir='ltr'><strong>ac</strong></span> <span class='ocrx_word' id='word_1_12' title='bbox 570 435 817 493; x_wconf 84' lang='lat' dir='ltr'><strong>oratione.</strong></span> <span class='ocrx_word' id='word_1_13' title='bbox 845 443 900 492; x_wconf 90' lang='lat' dir='ltr'><strong>et</strong></span> <span class='ocrx_word' id='word_1_14' title='bbox 945 436 1344 508; x_wconf 78' lang='lat' dir='ltr'><strong>supplicatione</strong></span> <span class='ocrx_word' id='word_1_15' title='bbox 1396 453 1496 495; x_wconf 91' lang='lat' dir='ltr'><strong>sua</strong></span> <span class='ocrx_word' id='word_1_16' title='bbox 1551 438 1744 495; x_wconf 86' lang='lat' dir='ltr'><strong>abnuit</strong></span> <span class='ocrx_word' id='word_1_17' title='bbox 1797 439 1970 496; x_wconf 75' lang='lat' dir='ltr'><strong>dicen:</strong></span> 
     </span>
    </p>
   </div>
   <div class='ocr_carea' id='block_1_3' title="bbox 2146 435 3655 518">
    <p class='ocr_par' dir='ltr' id='par_1_3' title="bbox 2146 438 3655 518">
     <span class='ocr_line' id='line_1_3' title="bbox 2146 438 3655 518; baseline 0.005 -24"><span class='ocrx_word' id='word_1_18' title='bbox 2146 457 2245 512; x_wconf 88' lang='grc' dir='ltr'><strong>μου</strong></span> <span class='ocrx_word' id='word_1_19' title='bbox 2269 440 2365 495; x_wconf 71' lang='grc' dir='ltr'>καὶ</span> <span class='ocrx_word' id='word_1_20' title='bbox 2393 438 2602 507; x_wconf 84' lang='grc' dir='ltr'>σπίλου,</span> <span class='ocrx_word' id='word_1_21' title='bbox 2622 441 2717 497; x_wconf 69' lang='grc' dir='ltr'>καὶ</span> <span class='ocrx_word' id='word_1_22' title='bbox 2739 442 3013 515; x_wconf 89' lang='grc' dir='ltr'>μολυσμοῦ</span> <span class='ocrx_word' id='word_1_23' title='bbox 3038 441 3445 515; x_wconf 83' lang='grc' dir='ltr'>κεκαθαρμένοι,</span> <span class='ocrx_word' id='word_1_24' title='bbox 3471 445 3655 518; x_wconf 76' lang='grc' dir='ltr'>ἁφθῆναι</span> 
     </span>
    </p>
   </div>
   <div class='ocr_carea' id='block_1_4' title="bbox 463 528 1972 607">
    <p class='ocr_par' dir='ltr' id='par_1_4' title="bbox 463 528 1593 603">
     <span class='ocr_line' id='line_1_4' title="bbox 463 528 1593 603; baseline 0.004 -21"><span class='ocrx_word' id='word_1_25' title='bbox 463 530 655 584; x_wconf 73' lang='grc' dir='ltr'>Αυενιι</span> <span class='ocrx_word' id='word_1_26' title='bbox 679 528 867 603; x_wconf 75' lang='lat' dir='ltr'><strong>faciem</strong></span> <span class='ocrx_word' id='word_1_27' title='bbox 896 536 1043 584; x_wconf 86' lang='lat' dir='ltr'><strong>tuam</strong></span> <span class='ocrx_word' id='word_1_28' title='bbox 1067 546 1100 584; x_wconf 91' lang='lat' dir='ltr'><strong>a</strong></span> <span class='ocrx_word' id='word_1_29' title='bbox 1122 531 1350 601; x_wconf 78' lang='lat' dir='ltr'><strong>peccatis</strong></span> <span class='ocrx_word' id='word_1_30' title='bbox 1379 533 1507 587; x_wconf 88' lang='lat' dir='ltr'><strong>meis</strong></span> <span class='ocrx_word' id='word_1_31' title='bbox 1529 532 1593 587; x_wconf 84' lang='grc'><strong>³⁸.</strong></span> 
     </span>
    </p>
   </div>
   <div class='ocr_carea' id='block_1_5' title="bbox 2147 528 3656 607">
    <p class='ocr_par' dir='ltr' id='par_1_5' title="bbox 2148 530 3656 607">
     <span class='ocr_line' id='line_1_5' title="bbox 2148 530 3656 607; baseline 0.007 -24"><span class='ocrx_word' id='word_1_32' title='bbox 2148 530 2332 602; x_wconf 73' lang='grc' dir='ltr'>ἠξίουν</span> <span class='ocrx_word' id='word_1_33' title='bbox 2356 531 2435 603; x_wconf 79' lang='grc' dir='ltr'><strong>τῷ</strong></span> <span class='ocrx_word' id='word_1_34' title='bbox 2460 532 2737 605; x_wconf 83' lang='grc' dir='ltr'>προσώπῳ</span> <span class='ocrx_word' id='word_1_35' title='bbox 2755 532 2850 587; x_wconf 83' lang='grc' dir='ltr'><strong>τοῦ</strong></span> <span class='ocrx_word' id='word_1_36' title='bbox 2870 533 3025 588; x_wconf 83' lang='grc' dir='ltr'>Θεοῦ.</span> <span class='ocrx_word' id='word_1_37' title='bbox 3059 534 3118 588; x_wconf 86' lang='lat'><strong>&#39;0</strong></span> <span class='ocrx_word' id='word_1_38' title='bbox 3139 534 3197 588; x_wconf 86' lang='grc' dir='ltr'>δὲ</span> <span class='ocrx_word' id='word_1_39' title='bbox 3220 535 3527 606; x_wconf 81' lang='grc' dir='ltr'><strong>ἁμαρτάνων</strong></span> <span class='ocrx_word' id='word_1_40' title='bbox 3556 541 3656 607; x_wconf 76' lang='grc' dir='ltr'><strong>φεύ-</strong></span> 
     </span>
    </p>
   </div>
   <div class='ocr_carea' id='block_1_6' title="bbox 464 620 3660 698">
    <p class='ocr_par' dir='ltr' id='par_1_6' title="bbox 464 620 3660 698">
     <span class='ocr_line' id='line_1_6' title="bbox 464 620 3660 698; baseline 0.005 -27"><span class='ocrx_word' id='word_1_41' title='bbox 464 636 552 687; x_wconf 85' lang='grc' dir='ltr'><strong>γει</strong></span> <span class='ocrx_word' id='word_1_42' title='bbox 575 620 638 673; x_wconf 83' lang='grc' dir='ltr'><strong>τδ</strong></span> <span class='ocrx_word' id='word_1_43' title='bbox 664 620 974 691; x_wconf 79' lang='grc' dir='ltr'>πρόσωπον,</span> <span class='ocrx_word' id='word_1_44' title='bbox 1000 621 1092 675; x_wconf 76' lang='grc' dir='ltr'>καὶ</span> <span class='ocrx_word' id='word_1_45' title='bbox 1113 624 1459 694; x_wconf 79' lang='grc' dir='ltr'>παραιτεῖται</span> <span class='ocrx_word' id='word_1_46' title='bbox 1480 624 1548 678; x_wconf 82' lang='grc' dir='ltr'><strong>δι’</strong></span> <span class='ocrx_word' id='word_1_47' title='bbox 1584 624 1748 698; x_wconf 76' lang='grc' dir='ltr'>εὐχῆς</span> <span class='ocrx_word' id='word_1_48' title='bbox 1789 625 1882 679; x_wconf 70' lang='grc' dir='ltr'>καὶ</span> <span class='ocrx_word' id='word_1_49' title='bbox 1920 624 2202 697; x_wconf 77' lang='grc' dir='ltr'><strong>ἱκετηρίας</strong></span> <span class='ocrx_word' id='word_1_50' title='bbox 2225 623 2397 694; x_wconf 81' lang='grc' dir='ltr'>λέγων</span> <span class='ocrx_word' id='word_1_51' title='bbox 2413 644 2426 656; x_wconf 87' lang='grc'><strong>-</strong></span> <span class='ocrx_word' id='word_1_52' title='bbox 2462 624 2942 696; x_wconf 70' lang='grc' dir='ltr'>Ἀπόστρεψον-τὸ</span> <span class='ocrx_word' id='word_1_53' title='bbox 2967 627 3286 696; x_wconf 71' lang='grc' dir='ltr'>πρόσωπόν</span> <span class='ocrx_word' id='word_1_54' title='bbox 3309 644 3421 682; x_wconf 91' lang='grc' dir='ltr'><strong>σου</strong></span> <span class='ocrx_word' id='word_1_55' title='bbox 3441 628 3547 683; x_wconf 75' lang='grc' dir='ltr'>ἀπὸ</span> <span class='ocrx_word' id='word_1_56' title='bbox 3568 630 3660 686; x_wconf 77' lang='grc' dir='ltr'><strong>τῶν</strong></span> 
     </span>
    </p>
   </div>
   <div class='ocr_carea' id='block_1_7' title="bbox 464 710 2364 784">
    <p class='ocr_par' dir='ltr' id='par_1_7' title="bbox 464 710 2364 784">
     <span class='ocr_line' id='line_1_7' title="bbox 464 710 2364 784; baseline 0.004 -18"><span class='ocrx_word' id='word_1_57' title='bbox 464 710 767 782; x_wconf 75' lang='grc' dir='ltr'>ἁμαρτιῶν</span> <span class='ocrx_word' id='word_1_58' title='bbox 787 731 929 784; x_wconf 81' lang='grc' dir='ltr'>μου.</span> <span class='ocrx_word' id='word_1_59' title='bbox 2354 722 2364 731; x_wconf 90' lang='grc'><em>’</em></span> 
     </span>
    </p>
   </div>
   <div class='ocr_carea' id='block_1_8' title="bbox 538 805 2047 883">
    <p class='ocr_par' dir='ltr' id='par_1_8' title="bbox 538 805 2043 877">
     <span class='ocr_line' id='line_1_8' title="bbox 538 805 2043 877; baseline 0.003 -16"><span class='ocrx_word' id='word_1_60' title='bbox 538 805 676 861; x_wconf 89' lang='lat' dir='ltr'><strong>Cum</strong></span> <span class='ocrx_word' id='word_1_61' title='bbox 728 815 945 864; x_wconf 88' lang='lat' dir='ltr'><strong>terrena</strong></span> <span class='ocrx_word' id='word_1_62' title='bbox 995 810 1179 865; x_wconf 77' lang='lat' dir='ltr'><strong>omnia</strong></span> <span class='ocrx_word' id='word_1_63' title='bbox 1213 818 1594 877; x_wconf 81' lang='lat' dir='ltr'><strong>aversaretur,</strong></span> <span class='ocrx_word' id='word_1_64' title='bbox 1644 812 1714 867; x_wconf 92' lang='lat' dir='ltr'><strong>ab</strong></span> <span class='ocrx_word' id='word_1_65' title='bbox 1763 810 2043 867; x_wconf 85' lang='lat' dir='ltr'><strong>humanis-</strong></span> 
     </span>
    </p>
   </div>
   <div class='ocr_carea' id='block_1_9' title="bbox 2151 805 3660 883">
    <p class='ocr_par' dir='ltr' id='par_1_9' title="bbox 2220 809 3660 883">
     <span class='ocr_line' id='line_1_9' title="bbox 2220 809 3660 883; baseline 0.008 -20"><span class='ocrx_word' id='word_1_66' title='bbox 2220 809 2406 864; x_wconf 78' lang='grc' dir='ltr'>Ηάντα</span> <span class='ocrx_word' id='word_1_67' title='bbox 2458 809 2526 864; x_wconf 85' lang='grc' dir='ltr'><strong>τά</strong></span> <span class='ocrx_word' id='word_1_68' title='bbox 2583 811 2674 865; x_wconf 77' lang='grc' dir='ltr'><strong>ἐπὶ</strong></span> <span class='ocrx_word' id='word_1_69' title='bbox 2705 811 2809 883; x_wconf 84' lang='grc' dir='ltr'>γῆς</span> <span class='ocrx_word' id='word_1_70' title='bbox 2848 811 3335 883; x_wconf 78' lang='grc' dir='ltr'><strong>ἀποστρεφόμενος,</strong></span> <span class='ocrx_word' id='word_1_71' title='bbox 3385 816 3474 871; x_wconf 81' lang='grc' dir='ltr'><strong>καὶ</strong></span> <span class='ocrx_word' id='word_1_72' title='bbox 3520 821 3660 878; x_wconf 75' lang='grc' dir='ltr'>πᾶσαν</span> 
     </span>
    </p>
   </div>
   <div class='ocr_carea' id='block_1_10' title="bbox 470 889 1979 984">
    <p class='ocr_par' dir='ltr' id='par_1_10' title="bbox 470 889 1979 975">
     <span class='ocr_line' id='line_1_10' title="bbox 470 889 1979 975; baseline 0.004 -22"><span class='ocrx_word' id='word_1_73' title='bbox 470 914 576 968; x_wconf 89' lang='lat' dir='ltr'><strong>que</strong></span> <span class='ocrx_word' id='word_1_74' title='bbox 602 889 858 958; x_wconf 80' lang='lat' dir='ltr'><strong>omnibus</strong></span> <span class='ocrx_word' id='word_1_75' title='bbox 907 902 1284 974; x_wconf 70' lang='lat' dir='ltr'><strong>voluptatibus</strong></span> <span class='ocrx_word' id='word_1_76' title='bbox 1338 903 1697 970; x_wconf 74' lang='lat' dir='ltr'><strong>abhorreret,</strong></span> <span class='ocrx_word' id='word_1_77' title='bbox 1751 904 1870 962; x_wconf 87' lang='lat' dir='ltr'><strong>solo</strong></span> <span class='ocrx_word' id='word_1_78' title='bbox 1903 917 1979 975; x_wconf 66' lang='lat' dir='ltr'><strong>pal</strong></span> 
     </span>
    </p>
   </div>
   <div class='ocr_carea' id='block_1_11' title="bbox 2151 889 3660 984">
    <p class='ocr_par' dir='ltr' id='par_1_11' title="bbox 2151 900 3660 984">
     <span class='ocr_line' id='line_1_11' title="bbox 2151 900 3660 984; baseline 0.004 -29"><span class='ocrx_word' id='word_1_79' title='bbox 2151 900 2361 974; x_wconf 79' lang='grc' dir='ltr'>τρυφὴν</span> <span class='ocrx_word' id='word_1_80' title='bbox 2402 901 2503 974; x_wconf 77' lang='grc' dir='ltr'>τὴν</span> <span class='ocrx_word' id='word_1_81' title='bbox 2546 903 2605 956; x_wconf 87' lang='grc' dir='ltr'><strong>ἐν</strong></span> <span class='ocrx_word' id='word_1_82' title='bbox 2656 901 2961 976; x_wconf 81' lang='grc' dir='ltr'>ἀνθρώποις</span> <span class='ocrx_word' id='word_1_83' title='bbox 2992 902 3428 975; x_wconf 81' lang='grc' dir='ltr'><strong>βδελυττόμενος,</strong></span> <span class='ocrx_word' id='word_1_84' title='bbox 3467 912 3591 984; x_wconf 80' lang='grc' dir='ltr'>μόνῳ</span> <span class='ocrx_word' id='word_1_85' title='bbox 3618 916 3660 969; x_wconf 63' lang='grc' dir='ltr'><strong>δὲ</strong></span> 
     </span>
    </p>
   </div>
   <div class='ocr_carea' id='block_1_12' title="bbox 467 993 1976 1076">
    <p class='ocr_par' dir='ltr' id='par_1_12' title="bbox 467 994 1976 1069">
     <span class='ocr_line' id='line_1_12' title="bbox 467 994 1976 1069; baseline 0.003 -22"><span class='ocrx_word' id='word_1_86' title='bbox 467 1008 570 1062; x_wconf 86' lang='lat' dir='ltr'><strong>pro</strong></span> <span class='ocrx_word' id='word_1_87' title='bbox 602 994 946 1062; x_wconf 82' lang='lat' dir='ltr'><strong>necessitate,</strong></span> <span class='ocrx_word' id='word_1_88' title='bbox 979 1010 1155 1067; x_wconf 90' lang='lat' dir='ltr'><strong>eoque</strong></span> <span class='ocrx_word' id='word_1_89' title='bbox 1175 994 1432 1069; x_wconf 82' lang='lat' dir='ltr'><strong>lacrymis</strong></span> <span class='ocrx_word' id='word_1_90' title='bbox 1464 996 1700 1054; x_wconf 86' lang='lat' dir='ltr'><strong>admisto</strong></span> <span class='ocrx_word' id='word_1_91' title='bbox 1725 1004 1920 1063; x_wconf 82' lang='lat' dir='ltr'><strong>utens,</strong></span> <span class='ocrx_word' id='word_1_92' title='bbox 1965 995 1976 1051; x_wconf 91' lang='lat' dir='ltr'><strong>i</strong></span> 
     </span>
    </p>
   </div>
   <div class='ocr_carea' id='block_1_13' title="bbox 2148 993 3657 1076">
    <p class='ocr_par' dir='ltr' id='par_1_13' title="bbox 2148 993 3657 1076">
     <span class='ocr_line' id='line_1_13' title="bbox 2148 993 3657 1076; baseline 0.009 -28"><span class='ocrx_word' id='word_1_93' title='bbox 2148 993 2297 1066; x_wconf 83' lang='grc' dir='ltr'><strong>ἄρτῳ</strong></span> <span class='ocrx_word' id='word_1_94' title='bbox 2330 993 2640 1065; x_wconf 80' lang='grc' dir='ltr'>ἐπάναγκες</span> <span class='ocrx_word' id='word_1_95' title='bbox 2658 995 2957 1071; x_wconf 83' lang='grc' dir='ltr'>χρώμενος,</span> <span class='ocrx_word' id='word_1_96' title='bbox 2981 995 3075 1051; x_wconf 81' lang='grc' dir='ltr'>καὶ</span> <span class='ocrx_word' id='word_1_97' title='bbox 3091 994 3260 1067; x_wconf 85' lang='grc' dir='ltr'>τούτῳ</span> <span class='ocrx_word' id='word_1_98' title='bbox 3284 998 3419 1069; x_wconf 87' lang='grc' dir='ltr'><strong>μετά</strong></span> <span class='ocrx_word' id='word_1_99' title='bbox 3437 1001 3657 1076; x_wconf 72' lang='grc' dir='ltr'>δακρύων,</span> 
     </span>
    </p>
   </div>
   <div class='ocr_carea' id='block_1_14' title="bbox 470 1083 1979 1154">
    <p class='ocr_par' dir='ltr' id='par_1_14' title="bbox 470 1086 666 1144">
     <span class='ocr_line' id='line_1_14' title="bbox 470 1086 666 1144; baseline 0.005 -1"><span class='ocrx_word' id='word_1_100' title='bbox 470 1086 619 1143; x_wconf 81' lang='lat' dir='ltr'><strong>fatur</strong></span> <span class='ocrx_word' id='word_1_101' title='bbox 653 1108 666 1144; x_wconf 89' lang='lat'><strong>:</strong></span> 
     </span>
    </p>
   </div>
   <div class='ocr_carea' id='block_1_15' title="bbox 782 1083 2291 1154">
    <p class='ocr_par' dir='ltr' id='par_1_15' title="bbox 2147 1083 2291 1154">
     <span class='ocr_line' id='line_1_15' title="bbox 2147 1083 2291 1154; baseline 0.007 -18"><span class='ocrx_word' id='word_1_102' title='bbox 2147 1083 2291 1154; x_wconf 85' lang='grc' dir='ltr'>ἐρεῖ·</span> 
     </span>
    </p>
   </div>
   <div class='ocr_carea' id='block_1_16' title="bbox 544 1175 2053 1253">
    <p class='ocr_par' dir='ltr' id='par_1_16' title="bbox 544 1176 2053 1253">
     <span class='ocr_line' id='line_1_16' title="bbox 544 1176 2053 1253; baseline 0.003 -22"><span class='ocrx_word' id='word_1_103' title='bbox 544 1176 710 1237; x_wconf 73' lang='lat' dir='ltr'><strong>Vens.</strong></span> <span class='ocrx_word' id='word_1_104' title='bbox 742 1178 859 1238; x_wconf 67' lang='lat'><strong>4-8.</strong></span> <span class='ocrx_word' id='word_1_105' title='bbox 901 1178 1139 1245; x_wconf 80' lang='lat' dir='ltr'><strong>Fuerunt</strong></span> <span class='ocrx_word' id='word_1_106' title='bbox 1163 1180 1293 1236; x_wconf 80' lang='lat' dir='ltr'><strong>mihi</strong></span> <span class='ocrx_word' id='word_1_107' title='bbox 1323 1181 1571 1253; x_wconf 77' lang='lat' dir='ltr'><strong>lacryma:</strong></span> <span class='ocrx_word' id='word_1_108' title='bbox 1593 1196 1721 1237; x_wconf 71' lang='lat' dir='ltr'><strong>mete</strong></span> <span class='ocrx_word' id='word_1_109' title='bbox 1767 1196 1929 1252; x_wconf 83' lang='lat' dir='ltr'><strong>panes</strong></span> <span class='ocrx_word' id='word_1_110' title='bbox 1961 1179 2053 1235; x_wconf 82' lang='lat' dir='ltr'><strong>die-</strong></span> 
     </span>
    </p>
   </div>
   <div class='ocr_carea' id='block_1_17' title="bbox 2151 1175 3660 1253">
    <p class='ocr_par' dir='ltr' id='par_1_17' title="bbox 2226 1175 3660 1253">
     <span class='ocr_line' id='line_1_17' title="bbox 2226 1175 3660 1253; baseline 0.004 -22"><span class='ocrx_word' id='word_1_111' title='bbox 2226 1176 2518 1248; x_wconf 73' lang='grc' dir='ltr'>Ἐγενήθη</span> <span class='ocrx_word' id='word_1_112' title='bbox 2563 1175 2637 1232; x_wconf 83' lang='grc' dir='ltr'>τὰ</span> <span class='ocrx_word' id='word_1_113' title='bbox 2687 1177 2924 1247; x_wconf 78' lang='grc' dir='ltr'>δάκρυὰ</span> <span class='ocrx_word' id='word_1_114' title='bbox 2968 1197 3094 1250; x_wconf 82' lang='grc' dir='ltr'>μου</span> <span class='ocrx_word' id='word_1_115' title='bbox 3137 1179 3317 1250; x_wconf 82' lang='grc' dir='ltr'>ἄρτος</span> <span class='ocrx_word' id='word_1_116' title='bbox 3343 1198 3438 1251; x_wconf 83' lang='grc' dir='ltr'><strong>μοι</strong></span> <span class='ocrx_word' id='word_1_117' title='bbox 3478 1181 3660 1253; x_wconf 72' lang='grc' dir='ltr'>ἡμέρας</span> 
     </span>
    </p>
   </div>
   <div class='ocr_carea' id='block_1_18' title="bbox 471 1270 1980 1347">
    <p class='ocr_par' dir='ltr' id='par_1_18' title="bbox 471 1271 1980 1344">
     <span class='ocr_line' id='line_1_18' title="bbox 471 1271 1980 1344; baseline -0.001 -16"><span class='ocrx_word' id='word_1_118' title='bbox 471 1291 534 1328; x_wconf 88' lang='lat' dir='ltr'><strong>ac</strong></span> <span class='ocrx_word' id='word_1_119' title='bbox 559 1283 725 1329; x_wconf 83' lang='lat' dir='ltr'><strong>nocte.</strong></span> <span class='ocrx_word' id='word_1_120' title='bbox 759 1271 1117 1344; x_wconf 85' lang='lat' dir='ltr'><strong>Propheticus</strong></span> <span class='ocrx_word' id='word_1_121' title='bbox 1146 1284 1328 1331; x_wconf 91' lang='lat' dir='ltr'><strong>autem</strong></span> <span class='ocrx_word' id='word_1_122' title='bbox 1378 1274 1618 1339; x_wconf 89' lang='lat' dir='ltr'><strong>chorus,</strong></span> <span class='ocrx_word' id='word_1_123' title='bbox 1669 1288 1796 1330; x_wconf 90' lang='lat' dir='ltr'><strong>cum</strong></span> <span class='ocrx_word' id='word_1_124' title='bbox 1832 1273 1980 1328; x_wconf 83' lang='lat' dir='ltr'><strong>vultu</strong></span> 
     </span>
    </p>
   </div>
   <div class='ocr_carea' id='block_1_19' title="bbox 2150 1270 3659 1347">
    <p class='ocr_par' dir='ltr' id='par_1_19' title="bbox 2150 1270 3659 1347">
     <span class='ocr_line' id='line_1_19' title="bbox 2150 1270 3659 1347; baseline 0.002 -23"><span class='ocrx_word' id='word_1_125' title='bbox 2150 1272 2251 1324; x_wconf 78' lang='grc' dir='ltr'>οιαὶ</span> <span class='ocrx_word' id='word_1_126' title='bbox 2281 1271 2521 1337; x_wconf 78' lang='grc' dir='ltr'>νυκτός.</span> <span class='ocrx_word' id='word_1_127' title='bbox 2570 1270 2627 1325; x_wconf 83' lang='lat'><strong>&#39;0</strong></span> <span class='ocrx_word' id='word_1_128' title='bbox 2658 1270 2715 1324; x_wconf 87' lang='grc' dir='ltr'><strong>δέ</strong></span> <span class='ocrx_word' id='word_1_129' title='bbox 2740 1270 2857 1328; x_wconf 86' lang='grc' dir='ltr'>τῶν.</span> <span class='ocrx_word' id='word_1_130' title='bbox 2878 1272 3170 1345; x_wconf 74' lang='grc' dir='ltr'>προφητῶν</span> <span class='ocrx_word' id='word_1_131' title='bbox 3202 1271 3377 1344; x_wconf 80' lang='grc' dir='ltr'>χορὸς,</span> <span class='ocrx_word' id='word_1_132' title='bbox 3412 1273 3522 1326; x_wconf 76' lang='grc' dir='ltr'>ἐπεὶ</span> <span class='ocrx_word' id='word_1_133' title='bbox 3549 1275 3659 1347; x_wconf 80' lang='grc' dir='ltr'>ἐώρα</span> 
     </span>
    </p>
   </div>
   <div class='ocr_carea' id='block_1_20' title="bbox 470 1361 1979 1437">
    <p class='ocr_par' dir='ltr' id='par_1_20' title="bbox 470 1363 1979 1437">
     <span class='ocr_line' id='line_1_20' title="bbox 470 1363 1979 1437; baseline 0 -18"><span class='ocrx_word' id='word_1_134' title='bbox 470 1363 569 1421; x_wconf 88' lang='lat' dir='ltr'><strong>Dei</strong></span> <span class='ocrx_word' id='word_1_135' title='bbox 602 1372 853 1422; x_wconf 82' lang='lat' dir='ltr'><strong>cerneret</strong></span> <span class='ocrx_word' id='word_1_136' title='bbox 898 1366 969 1423; x_wconf 91' lang='lat' dir='ltr'><strong>ab</strong></span> <span class='ocrx_word' id='word_1_137' title='bbox 1010 1367 1270 1423; x_wconf 82' lang='lat' dir='ltr'><strong>universo</strong></span> <span class='ocrx_word' id='word_1_138' title='bbox 1300 1366 1501 1437; x_wconf 86' lang='lat' dir='ltr'><strong>populo</strong></span> <span class='ocrx_word' id='word_1_139' title='bbox 1541 1380 1815 1433; x_wconf 73' lang='lat' dir='ltr'><strong>aversum,</strong></span> <span class='ocrx_word' id='word_1_140' title='bbox 1847 1365 1979 1420; x_wconf 89' lang='lat' dir='ltr'><strong>mult</strong></span> 
     </span>
    </p>
   </div>
   <div class='ocr_carea' id='block_1_21' title="bbox 2151 1361 3660 1437">
    <p class='ocr_par' dir='ltr' id='par_1_21' title="bbox 2151 1361 3660 1435">
     <span class='ocr_line' id='line_1_21' title="bbox 2151 1361 3660 1435; baseline 0.003 -20"><span class='ocrx_word' id='word_1_141' title='bbox 2151 1361 2214 1415; x_wconf 81' lang='grc' dir='ltr'>τὸ</span> <span class='ocrx_word' id='word_1_142' title='bbox 2257 1361 2546 1434; x_wconf 86' lang='grc' dir='ltr'>πρόσωπον</span> <span class='ocrx_word' id='word_1_143' title='bbox 2578 1362 2670 1417; x_wconf 81' lang='grc' dir='ltr'>τοῦ</span> <span class='ocrx_word' id='word_1_144' title='bbox 2700 1361 2833 1417; x_wconf 86' lang='grc' dir='ltr'><strong>Θεοῦ</strong></span> <span class='ocrx_word' id='word_1_145' title='bbox 2859 1363 3208 1435; x_wconf 81' lang='grc' dir='ltr'>ἀποστραφέν</span> <span class='ocrx_word' id='word_1_146' title='bbox 3235 1363 3409 1419; x_wconf 88' lang='grc' dir='ltr'>πάντα</span> <span class='ocrx_word' id='word_1_147' title='bbox 3438 1365 3518 1419; x_wconf 75' lang='grc' dir='ltr'>τὸν</span> <span class='ocrx_word' id='word_1_148' title='bbox 3544 1365 3660 1432; x_wconf 78' lang='grc' dir='ltr'>λαὸν,</span> 
     </span>
    </p>
   </div>
   <div class='ocr_carea' id='block_1_22' title="bbox 471 1452 1980 1537">
    <p class='ocr_par' dir='ltr' id='par_1_22' title="bbox 471 1458 1980 1535">
     <span class='ocr_line' id='line_1_22' title="bbox 471 1458 1980 1535; baseline -0.001 -22"><span class='ocrx_word' id='word_1_149' title='bbox 471 1474 701 1535; x_wconf 87' lang='lat' dir='ltr'><strong>rumque</strong></span> <span class='ocrx_word' id='word_1_150' title='bbox 726 1458 1046 1530; x_wconf 81' lang='lat' dir='ltr'><strong>perniciem,</strong></span> <span class='ocrx_word' id='word_1_151' title='bbox 1078 1475 1234 1517; x_wconf 89' lang='lat' dir='ltr'><strong>suam</strong></span> <span class='ocrx_word' id='word_1_152' title='bbox 1258 1475 1384 1516; x_wconf 90' lang='lat' dir='ltr'><strong>esse</strong></span> <span class='ocrx_word' id='word_1_153' title='bbox 1427 1458 1793 1516; x_wconf 82' lang='lat' dir='ltr'><strong>calamitatem</strong></span> <span class='ocrx_word' id='word_1_154' title='bbox 1844 1467 1980 1513; x_wconf 76' lang='lat' dir='ltr'><strong>ratu:</strong></span> 
     </span>
    </p>
   </div>
   <div class='ocr_carea' id='block_1_23' title="bbox 2153 1452 3662 1537">
    <p class='ocr_par' dir='ltr' id='par_1_23' title="bbox 2153 1452 3662 1537">
     <span class='ocr_line' id='line_1_23' title="bbox 2153 1452 3662 1537; baseline 0.003 -29"><span class='ocrx_word' id='word_1_155' title='bbox 2153 1452 2251 1537; x_wconf 83' lang='grc' dir='ltr'>τὴν</span> <span class='ocrx_word' id='word_1_156' title='bbox 2281 1454 2400 1509; x_wconf 74' lang='grc' dir='ltr'><strong>τῶν⁴</strong></span> <span class='ocrx_word' id='word_1_157' title='bbox 2418 1455 2625 1510; x_wconf 84' lang='grc' dir='ltr'>πολλῶν</span> <span class='ocrx_word' id='word_1_158' title='bbox 2650 1454 2923 1510; x_wconf 82' lang='grc' dir='ltr'>ἀπώλειαν</span> <span class='ocrx_word' id='word_1_159' title='bbox 2948 1456 3142 1511; x_wconf 86' lang='grc' dir='ltr'>ἐαυτοῦ</span> <span class='ocrx_word' id='word_1_160' title='bbox 3165 1452 3306 1512; x_wconf 76' lang='grc' dir='ltr'>εῖναι</span> <span class='ocrx_word' id='word_1_161' title='bbox 3336 1456 3521 1528; x_wconf 78' lang='grc' dir='ltr'>ζημίαν</span> <span class='ocrx_word' id='word_1_162' title='bbox 3537 1458 3662 1529; x_wconf 73' lang='grc' dir='ltr'>ἠγοῦ-</span> 
     </span>
    </p>
   </div>
   <div class='ocr_carea' id='block_1_24' title="bbox 473 1547 1982 1624">
    <p class='ocr_par' dir='ltr' id='par_1_24' title="bbox 473 1550 1982 1624">
     <span class='ocr_line' id='line_1_24' title="bbox 473 1550 1982 1624; baseline -0.003 -15"><span class='ocrx_word' id='word_1_163' title='bbox 473 1555 679 1609; x_wconf 90' lang='lat' dir='ltr'><strong>luctum</strong></span> <span class='ocrx_word' id='word_1_164' title='bbox 702 1567 805 1623; x_wconf 87' lang='lat' dir='ltr'><strong>pro</strong></span> <span class='ocrx_word' id='word_1_165' title='bbox 827 1552 1084 1610; x_wconf 86' lang='lat' dir='ltr'><strong>omnibus</strong></span> <span class='ocrx_word' id='word_1_166' title='bbox 1120 1552 1487 1624; x_wconf 83' lang='lat' dir='ltr'><strong>suscipiebat:</strong></span> <span class='ocrx_word' id='word_1_167' title='bbox 1526 1562 1689 1623; x_wconf 87' lang='lat' dir='ltr'><strong>atque</strong></span> <span class='ocrx_word' id='word_1_168' title='bbox 1741 1551 1820 1606; x_wconf 86' lang='lat' dir='ltr'><strong>illi</strong></span> <span class='ocrx_word' id='word_1_169' title='bbox 1860 1550 1982 1606; x_wconf 85' lang='lat' dir='ltr'><strong>hom</strong></span> 
     </span>
    </p>
   </div>
   <div class='ocr_carea' id='block_1_25' title="bbox 2154 1547 3663 1624">
    <p class='ocr_par' dir='ltr' id='par_1_25' title="bbox 2156 1547 3663 1622">
     <span class='ocr_line' id='line_1_25' title="bbox 2156 1547 3663 1622; baseline 0.001 -21"><span class='ocrx_word' id='word_1_170' title='bbox 2156 1564 2337 1618; x_wconf 84' lang='grc' dir='ltr'>μενος,</span> <span class='ocrx_word' id='word_1_171' title='bbox 2363 1547 2489 1611; x_wconf 80' lang='grc' dir='ltr'>τοὺς</span> <span class='ocrx_word' id='word_1_172' title='bbox 2519 1548 2658 1620; x_wconf 81' lang='grc' dir='ltr'>ὑπὲρ</span> <span class='ocrx_word' id='word_1_173' title='bbox 2690 1548 2944 1603; x_wconf 87' lang='grc' dir='ltr'>ἁπάντων</span> <span class='ocrx_word' id='word_1_174' title='bbox 2997 1548 3280 1621; x_wconf 77' lang='grc' dir='ltr'><strong>ἀνεδέχετο</strong></span> <span class='ocrx_word' id='word_1_175' title='bbox 3329 1549 3566 1622; x_wconf 71' lang='grc' dir='ltr'>θρήνουςο</span> <span class='ocrx_word' id='word_1_176' title='bbox 3607 1552 3663 1615; x_wconf 81' lang='grc' dir='ltr'><strong>εἰς</strong></span> 
     </span>
    </p>
   </div>
   <div class='ocr_carea' id='block_1_26' title="bbox 472 1633 1981 1709">
    <p class='ocr_par' dir='ltr' id='par_1_26' title="bbox 472 1642 1981 1703">
     <span class='ocr_line' id='line_1_26' title="bbox 472 1642 1981 1703; baseline 0 -4"><span class='ocrx_word' id='word_1_177' title='bbox 472 1658 573 1699; x_wconf 88' lang='lat' dir='ltr'><strong>nes</strong></span> <span class='ocrx_word' id='word_1_178' title='bbox 610 1643 706 1699; x_wconf 88' lang='lat' dir='ltr'><strong>Dei</strong></span> <span class='ocrx_word' id='word_1_179' title='bbox 744 1643 802 1698; x_wconf 90' lang='lat' dir='ltr'><strong>in</strong></span> <span class='ocrx_word' id='word_1_180' title='bbox 847 1649 1062 1699; x_wconf 86' lang='lat' dir='ltr'><strong>tantum</strong></span> <span class='ocrx_word' id='word_1_181' title='bbox 1119 1643 1428 1701; x_wconf 80' lang='lat' dir='ltr'><strong>alllictionis</strong></span> <span class='ocrx_word' id='word_1_182' title='bbox 1480 1644 1760 1703; x_wconf 86' lang='lat' dir='ltr'><strong>cumulum</strong></span> <span class='ocrx_word' id='word_1_183' title='bbox 1816 1642 1981 1699; x_wconf 82' lang='lat' dir='ltr'><strong>deven</strong></span> 
     </span>
    </p>
   </div>
   <div class='ocr_carea' id='block_1_27' title="bbox 2153 1633 3662 1709">
    <p class='ocr_par' dir='ltr' id='par_1_27' title="bbox 2153 1633 3662 1709">
     <span class='ocr_line' id='line_1_27' title="bbox 2153 1633 3662 1709; baseline 0.003 -19"><span class='ocrx_word' id='word_1_184' title='bbox 2153 1633 2407 1691; x_wconf 83' lang='grc' dir='ltr'>τοσοῦτον</span> <span class='ocrx_word' id='word_1_185' title='bbox 2447 1635 2503 1689; x_wconf 80' lang='grc' dir='ltr'><strong>δέ</strong></span> <span class='ocrx_word' id='word_1_186' title='bbox 2532 1635 2805 1691; x_wconf 74' lang='grc' dir='ltr'>ἐπέτεινον</span> <span class='ocrx_word' id='word_1_187' title='bbox 2845 1636 2942 1709; x_wconf 82' lang='grc' dir='ltr'>τὴν</span> <span class='ocrx_word' id='word_1_188' title='bbox 2974 1637 3346 1693; x_wconf 82' lang='grc' dir='ltr'>κακοπάθειαν</span> <span class='ocrx_word' id='word_1_189' title='bbox 3384 1641 3432 1693; x_wconf 77' lang='lat' dir='ltr'><strong>oi</strong></span> <span class='ocrx_word' id='word_1_190' title='bbox 3458 1638 3541 1693; x_wconf 83' lang='grc' dir='ltr'>τοῦ</span> <span class='ocrx_word' id='word_1_191' title='bbox 3562 1640 3662 1694; x_wconf 83' lang='grc' dir='ltr'><strong>Θεοῦ</strong></span> 
     </span>
    </p>
   </div>
   <div class='ocr_carea' id='block_1_28' title="bbox 473 1715 1982 1809">
    <p class='ocr_par' dir='ltr' id='par_1_28' title="bbox 473 1715 1982 1808">
     <span class='ocr_line' id='line_1_28' title="bbox 473 1715 1982 1808; baseline -0.001 -16"><span class='ocrx_word' id='word_1_192' title='bbox 473 1742 625 1801; x_wconf 89' lang='lat' dir='ltr'><strong>runt,</strong></span> <span class='ocrx_word' id='word_1_193' title='bbox 648 1743 709 1791; x_wconf 90' lang='lat' dir='ltr'><strong>ut</strong></span> <span class='ocrx_word' id='word_1_194' title='bbox 739 1715 977 1805; x_wconf 72' lang='lat' dir='ltr'><strong>propriis</strong></span> <span class='ocrx_word' id='word_1_195' title='bbox 1006 1734 1269 1808; x_wconf 87' lang='lat' dir='ltr'><strong>lacrymis</strong></span> <span class='ocrx_word' id='word_1_196' title='bbox 1323 1736 1618 1803; x_wconf 87' lang='lat' dir='ltr'><strong>alerentur,</strong></span> <span class='ocrx_word' id='word_1_197' title='bbox 1646 1750 1712 1791; x_wconf 90' lang='lat' dir='ltr'><strong>ac</strong></span> <span class='ocrx_word' id='word_1_198' title='bbox 1736 1735 1826 1792; x_wconf 81' lang='lat' dir='ltr'><strong>die</strong></span> <span class='ocrx_word' id='word_1_199' title='bbox 1855 1745 1982 1792; x_wconf 88' lang='lat' dir='ltr'><strong>noct</strong></span> 
     </span>
    </p>
   </div>
   <div class='ocr_carea' id='block_1_29' title="bbox 2155 1715 3664 1809">
    <p class='ocr_par' dir='ltr' id='par_1_29' title="bbox 2156 1727 3664 1805">
     <span class='ocr_line' id='line_1_29' title="bbox 2156 1727 3664 1805; baseline 0.003 -23"><span class='ocrx_word' id='word_1_200' title='bbox 2156 1727 2452 1801; x_wconf 79' lang='grc' dir='ltr'>ἅνθρωποι,</span> <span class='ocrx_word' id='word_1_201' title='bbox 2490 1728 2567 1793; x_wconf 83' lang='grc' dir='ltr'><strong>ὡς</strong></span> <span class='ocrx_word' id='word_1_202' title='bbox 2595 1731 2709 1795; x_wconf 86' lang='grc' dir='ltr'>τοῖς</span> <span class='ocrx_word' id='word_1_203' title='bbox 2740 1729 3006 1799; x_wconf 80' lang='grc' dir='ltr'>δάκρυσιν</span> <span class='ocrx_word' id='word_1_204' title='bbox 3058 1732 3267 1787; x_wconf 80' lang='grc' dir='ltr'>ἑαυτῶν</span> <span class='ocrx_word' id='word_1_205' title='bbox 3307 1732 3575 1805; x_wconf 72' lang='grc' dir='ltr'>τρέφεσθαι</span> <span class='ocrx_word' id='word_1_206' title='bbox 3597 1733 3664 1786; x_wconf 78' lang='grc' dir='ltr'>καὶ</span> 
     </span>
    </p>
   </div>
   <div class='ocr_carea' id='block_1_30' title="bbox 474 1820 1983 1898">
    <p class='ocr_par' dir='ltr' id='par_1_30' title="bbox 474 1826 1983 1898">
     <span class='ocr_line' id='line_1_30' title="bbox 474 1826 1983 1898; baseline 0.001 -16"><span class='ocrx_word' id='word_1_207' title='bbox 474 1842 603 1898; x_wconf 89' lang='lat' dir='ltr'><strong>que,</strong></span> <span class='ocrx_word' id='word_1_208' title='bbox 631 1827 718 1883; x_wconf 77' lang='lat' dir='ltr'><strong>vel</strong></span> <span class='ocrx_word' id='word_1_209' title='bbox 743 1826 921 1898; x_wconf 82' lang='lat' dir='ltr'><strong>ipsum</strong></span> <span class='ocrx_word' id='word_1_210' title='bbox 962 1841 1159 1897; x_wconf 84' lang='lat' dir='ltr'><strong>panem</strong></span> <span class='ocrx_word' id='word_1_211' title='bbox 1193 1843 1411 1886; x_wconf 84' lang='lat' dir='ltr'><strong>sumere</strong></span> <span class='ocrx_word' id='word_1_212' title='bbox 1460 1830 1798 1897; x_wconf 87' lang='lat' dir='ltr'><strong>abnuentes,</strong></span> <span class='ocrx_word' id='word_1_213' title='bbox 1834 1829 1983 1885; x_wconf 75' lang='grc' dir='ltr'>ιιιιὶίὶ</span> 
     </span>
    </p>
   </div>
   <div class='ocr_carea' id='block_1_31' title="bbox 2157 1820 3666 1898">
    <p class='ocr_par' dir='ltr' id='par_1_31' title="bbox 2157 1820 3666 1897">
     <span class='ocr_line' id='line_1_31' title="bbox 2157 1820 3666 1897; baseline 0.001 -21"><span class='ocrx_word' id='word_1_214' title='bbox 2157 1820 2247 1876; x_wconf 87' lang='grc' dir='ltr'><strong>διὰ</strong></span> <span class='ocrx_word' id='word_1_215' title='bbox 2284 1821 2465 1892; x_wconf 81' lang='grc' dir='ltr'>πάσης</span> <span class='ocrx_word' id='word_1_216' title='bbox 2506 1821 2719 1895; x_wconf 67' lang='grc' dir='ltr'>ἡμέρας</span> <span class='ocrx_word' id='word_1_217' title='bbox 2742 1823 2837 1876; x_wconf 76' lang='grc' dir='ltr'>καὶ</span> <span class='ocrx_word' id='word_1_218' title='bbox 2869 1823 3062 1888; x_wconf 84' lang='grc' dir='ltr'>νυκτὸς</span> <span class='ocrx_word' id='word_1_219' title='bbox 3086 1825 3462 1897; x_wconf 75' lang='grc' dir='ltr'>παραιτεῖσθαι</span> <span class='ocrx_word' id='word_1_220' title='bbox 3492 1826 3573 1897; x_wconf 76' lang='grc' dir='ltr'>μὲν</span> <span class='ocrx_word' id='word_1_221' title='bbox 3598 1826 3666 1879; x_wconf 82' lang='grc' dir='ltr'>καὶ</span> 
     </span>
    </p>
   </div>
   <div class='ocr_carea' id='block_1_32' title="bbox 474 1912 1983 1993">
    <p class='ocr_par' dir='ltr' id='par_1_32' title="bbox 474 1916 1983 1993">
     <span class='ocr_line' id='line_1_32' title="bbox 474 1916 1983 1993; baseline 0.001 -19"><span class='ocrx_word' id='word_1_222' title='bbox 474 1919 552 1974; x_wconf 89' lang='lat' dir='ltr'><strong>tui</strong></span> <span class='ocrx_word' id='word_1_223' title='bbox 603 1924 877 1975; x_wconf 82' lang='lat' dir='ltr'><strong>vacarent.</strong></span> <span class='ocrx_word' id='word_1_224' title='bbox 934 1916 1063 1975; x_wconf 58' lang='lat' dir='ltr'><strong>Haec</strong></span> <span class='ocrx_word' id='word_1_225' title='bbox 1117 1934 1282 1991; x_wconf 85' lang='lat' dir='ltr'><strong>porro</strong></span> <span class='ocrx_word' id='word_1_226' title='bbox 1324 1928 1440 1975; x_wconf 86' lang='lat' dir='ltr'><strong>tum</strong></span> <span class='ocrx_word' id='word_1_227' title='bbox 1486 1922 1724 1977; x_wconf 78' lang='lat' dir='ltr'><strong>maxime</strong></span> <span class='ocrx_word' id='word_1_228' title='bbox 1781 1921 1983 1993; x_wconf 87' lang='lat' dir='ltr'><strong>ageban</strong></span> 
     </span>
    </p>
   </div>
   <div class='ocr_carea' id='block_1_33' title="bbox 2155 1912 3664 1993">
    <p class='ocr_par' dir='ltr' id='par_1_33' title="bbox 2155 1912 3664 1989">
     <span class='ocr_line' id='line_1_33' title="bbox 2155 1912 3664 1989; baseline 0.003 -21"><span class='ocrx_word' id='word_1_229' title='bbox 2155 1912 2314 1968; x_wconf 80' lang='grc' dir='ltr'>αὑτὸν</span> <span class='ocrx_word' id='word_1_230' title='bbox 2333 1913 2424 1967; x_wconf 82' lang='grc' dir='ltr'>τὸν</span> <span class='ocrx_word' id='word_1_231' title='bbox 2454 1914 2637 1986; x_wconf 80' lang='grc' dir='ltr'>ἄρτον,</span> <span class='ocrx_word' id='word_1_232' title='bbox 2664 1914 2811 1986; x_wconf 85' lang='grc' dir='ltr'><strong>μόνῳ</strong></span> <span class='ocrx_word' id='word_1_233' title='bbox 2834 1914 2891 1969; x_wconf 81' lang='grc' dir='ltr'>δὲ</span> <span class='ocrx_word' id='word_1_234' title='bbox 2907 1915 2983 1987; x_wconf 84' lang='grc' dir='ltr'>τῷ</span> <span class='ocrx_word' id='word_1_235' title='bbox 3002 1916 3267 1989; x_wconf 82' lang='grc' dir='ltr'>κλαυθμῷ</span> <span class='ocrx_word' id='word_1_236' title='bbox 3291 1916 3565 1989; x_wconf 74' lang='grc' dir='ltr'>σχολάζειν.</span> <span class='ocrx_word' id='word_1_237' title='bbox 3583 1918 3664 1974; x_wconf 76' lang='grc' dir='ltr'><strong>Μὰ·</strong></span> 
     </span>
    </p>
   </div>
   <div class='ocr_carea' id='block_1_34' title="bbox 472 2005 1981 2083">
    <p class='ocr_par' dir='ltr' id='par_1_34' title="bbox 472 2009 1981 2083">
     <span class='ocr_line' id='line_1_34' title="bbox 472 2009 1981 2083; baseline 0 -18"><span class='ocrx_word' id='word_1_238' title='bbox 472 2010 696 2081; x_wconf 74' lang='lat' dir='ltr'><strong>htecque</strong></span> <span class='ocrx_word' id='word_1_239' title='bbox 743 2009 1112 2082; x_wconf 89' lang='lat' dir='ltr'><strong>patiebantur,</strong></span> <span class='ocrx_word' id='word_1_240' title='bbox 1143 2025 1266 2067; x_wconf 91' lang='lat' dir='ltr'><strong>cum</strong></span> <span class='ocrx_word' id='word_1_241' title='bbox 1317 2011 1575 2082; x_wconf 85' lang='lat' dir='ltr'><strong>populum</strong></span> <span class='ocrx_word' id='word_1_242' title='bbox 1598 2052 1614 2077; x_wconf 94' lang='lat'><strong>,</strong></span> <span class='ocrx_word' id='word_1_243' title='bbox 1657 2026 1721 2067; x_wconf 89' lang='lat' dir='ltr'><strong>ac</strong></span> <span class='ocrx_word' id='word_1_244' title='bbox 1749 2019 1981 2083; x_wconf 61' lang='lat' dir='ltr'><strong>praesen</strong></span> 
     </span>
    </p>
   </div>
   <div class='ocr_carea' id='block_1_35' title="bbox 2156 2005 3665 2083">
    <p class='ocr_par' dir='ltr' id='par_1_35' title="bbox 2156 2005 3665 2083">
     <span class='ocr_line' id='line_1_35' title="bbox 2156 2005 3665 2083; baseline 0.005 -25"><span class='ocrx_word' id='word_1_245' title='bbox 2156 2005 2312 2061; x_wconf 82' lang='grc' dir='ltr'>λιστα</span> <span class='ocrx_word' id='word_1_246' title='bbox 2333 2006 2391 2060; x_wconf 85' lang='grc' dir='ltr'>δὲ</span> <span class='ocrx_word' id='word_1_247' title='bbox 2414 2006 2564 2063; x_wconf 84' lang='grc' dir='ltr'>ταῦτ’</span> <span class='ocrx_word' id='word_1_248' title='bbox 2601 2007 2868 2079; x_wconf 80' lang='grc' dir='ltr'>ἔπραττον</span> <span class='ocrx_word' id='word_1_249' title='bbox 2914 2009 3005 2062; x_wconf 76' lang='grc' dir='ltr'>καὶ</span> <span class='ocrx_word' id='word_1_250' title='bbox 3028 2009 3179 2064; x_wconf 73' lang='grc' dir='ltr'>ταῦτ’</span> <span class='ocrx_word' id='word_1_251' title='bbox 3212 2010 3462 2083; x_wconf 70' lang='grc' dir='ltr'>ἔπασχον,</span> <span class='ocrx_word' id='word_1_252' title='bbox 3495 2012 3665 2065; x_wconf 82' lang='grc' dir='ltr'>ἀκούον-</span> 
     </span>
    </p>
   </div>
   <div class='ocr_carea' id='block_1_36' title="bbox 472 2097 1981 2176">
    <p class='ocr_par' dir='ltr' id='par_1_36' title="bbox 472 2102 1981 2176">
     <span class='ocr_line' id='line_1_36' title="bbox 472 2102 1981 2176; baseline -0.001 -16"><span class='ocrx_word' id='word_1_253' title='bbox 472 2104 669 2176; x_wconf 83' lang='lat' dir='ltr'><strong>impios</strong></span> <span class='ocrx_word' id='word_1_254' title='bbox 696 2119 820 2160; x_wconf 89' lang='lat' dir='ltr'><strong>cum</strong></span> <span class='ocrx_word' id='word_1_255' title='bbox 859 2104 954 2159; x_wconf 91' lang='lat' dir='ltr'><strong>illo</strong></span> <span class='ocrx_word' id='word_1_256' title='bbox 980 2112 1290 2168; x_wconf 83' lang='lat' dir='ltr'><strong>versantes,</strong></span> <span class='ocrx_word' id='word_1_257' title='bbox 1323 2104 1439 2159; x_wconf 64' lang='lat' dir='ltr'><strong>haec</strong></span> <span class='ocrx_word' id='word_1_258' title='bbox 1467 2104 1714 2160; x_wconf 85' lang='lat' dir='ltr'><strong>dicentes</strong></span> <span class='ocrx_word' id='word_1_259' title='bbox 1754 2102 1981 2163; x_wconf 87' lang='lat' dir='ltr'><strong>audiren</strong></span> 
     </span>
    </p>
   </div>
   <div class='ocr_carea' id='block_1_37' title="bbox 2156 2097 3665 2176">
    <p class='ocr_par' dir='ltr' id='par_1_37' title="bbox 2156 2097 3665 2170">
     <span class='ocr_line' id='line_1_37' title="bbox 2156 2097 3665 2170; baseline 0.003 -20"><span class='ocrx_word' id='word_1_260' title='bbox 2156 2115 2244 2161; x_wconf 89' lang='grc' dir='ltr'><strong>τες</strong></span> <span class='ocrx_word' id='word_1_261' title='bbox 2268 2098 2429 2169; x_wconf 79' lang='grc' dir='ltr'>αὑτοῦ</span> <span class='ocrx_word' id='word_1_262' title='bbox 2461 2097 2556 2152; x_wconf 79' lang='grc' dir='ltr'><strong>τοῦ</strong></span> <span class='ocrx_word' id='word_1_263' title='bbox 2595 2098 2725 2154; x_wconf 83' lang='grc' dir='ltr'>λαοῦ</span> <span class='ocrx_word' id='word_1_264' title='bbox 2749 2139 2765 2164; x_wconf 94' lang='grc'><strong>,</strong></span> <span class='ocrx_word' id='word_1_265' title='bbox 2800 2099 2999 2170; x_wconf 82' lang='grc' dir='ltr'>μᾶλλον</span> <span class='ocrx_word' id='word_1_266' title='bbox 3039 2100 3096 2154; x_wconf 89' lang='grc' dir='ltr'><strong>δέ</strong></span> <span class='ocrx_word' id='word_1_267' title='bbox 3124 2100 3235 2155; x_wconf 89' lang='grc' dir='ltr'><strong>τῶν</strong></span> <span class='ocrx_word' id='word_1_268' title='bbox 3277 2101 3479 2156; x_wconf 79' lang='grc' dir='ltr'>ἀσεϐῶν</span> <span class='ocrx_word' id='word_1_269' title='bbox 3503 2101 3591 2155; x_wconf 81' lang='grc' dir='ltr'><strong>τῶν</strong></span> <span class='ocrx_word' id='word_1_270' title='bbox 3625 2105 3665 2154; x_wconf 81' lang='grc' dir='ltr'>ὲν</span> 
     </span>
    </p>
   </div>
   <div class='ocr_carea' id='block_1_38' title="bbox 476 2190 1985 2269">
    <p class='ocr_par' dir='ltr' id='par_1_38' title="bbox 476 2193 1985 2265">
     <span class='ocr_line' id='line_1_38' title="bbox 476 2193 1985 2265; baseline 0 -14"><span class='ocrx_word' id='word_1_271' title='bbox 476 2194 577 2257; x_wconf 76' lang='lat' dir='ltr'><strong>Ubi</strong></span> <span class='ocrx_word' id='word_1_272' title='bbox 614 2205 693 2252; x_wconf 85' lang='lat' dir='ltr'><strong>est</strong></span> <span class='ocrx_word' id='word_1_273' title='bbox 733 2195 876 2251; x_wconf 87' lang='lat' dir='ltr'><strong>Deus</strong></span> <span class='ocrx_word' id='word_1_274' title='bbox 920 2196 1089 2251; x_wconf 79' lang='lat' dir='ltr'><strong>tuus?</strong></span> <span class='ocrx_word' id='word_1_275' title='bbox 1134 2193 1322 2265; x_wconf 87' lang='lat' dir='ltr'><strong>Neque</strong></span> <span class='ocrx_word' id='word_1_276' title='bbox 1358 2194 1505 2253; x_wconf 90' lang='lat' dir='ltr'><strong>enim</strong></span> <span class='ocrx_word' id='word_1_277' title='bbox 1539 2195 1751 2250; x_wconf 84' lang='lat' dir='ltr'><strong>inimici</strong></span> <span class='ocrx_word' id='word_1_278' title='bbox 1776 2204 1830 2251; x_wconf 88' lang='lat' dir='ltr'><strong>et</strong></span> <span class='ocrx_word' id='word_1_279' title='bbox 1861 2195 1985 2251; x_wconf 71' lang='lat' dir='ltr'><strong>adre</strong></span> 
     </span>
    </p>
   </div>
   <div class='ocr_carea' id='block_1_39' title="bbox 2156 2190 3665 2269">
    <p class='ocr_par' dir='ltr' id='par_1_39' title="bbox 2156 2190 3665 2269">
     <span class='ocr_line' id='line_1_39' title="bbox 2156 2190 3665 2269; baseline 0.001 -25"><span class='ocrx_word' id='word_1_280' title='bbox 2156 2190 2302 2263; x_wconf 74' lang='grc' dir='ltr'>αὐτῷ</span> <span class='ocrx_word' id='word_1_281' title='bbox 2332 2191 2625 2261; x_wconf 86' lang='grc' dir='ltr'>λεγόντων·</span> <span class='ocrx_word' id='word_1_282' title='bbox 2655 2191 2781 2246; x_wconf 86' lang='grc' dir='ltr'><strong>Ποῦ</strong></span> <span class='ocrx_word' id='word_1_283' title='bbox 2806 2191 2978 2249; x_wconf 72' lang='grc' dir='ltr'>ἐστιν</span> <span class='ocrx_word' id='word_1_284' title='bbox 3000 2196 3033 2248; x_wconf 86' lang='grc' dir='ltr'><em>ὁ</em></span> <span class='ocrx_word' id='word_1_285' title='bbox 3058 2194 3201 2260; x_wconf 85' lang='grc' dir='ltr'>Θεός</span> <span class='ocrx_word' id='word_1_286' title='bbox 3223 2206 3342 2249; x_wconf 86' lang='grc' dir='ltr'>σου</span> <span class='ocrx_word' id='word_1_287' title='bbox 3354 2211 3378 2269; x_wconf 59' lang='lat' dir='ltr'><strong>,f</strong></span> <span class='ocrx_word' id='word_1_288' title='bbox 3408 2195 3475 2249; x_wconf 82' lang='grc' dir='ltr'><strong>Οὐ</strong></span> <span class='ocrx_word' id='word_1_289' title='bbox 3498 2194 3588 2265; x_wconf 86' lang='grc' dir='ltr'><strong>γὰρ</strong></span> <span class='ocrx_word' id='word_1_290' title='bbox 3601 2193 3665 2264; x_wconf 74' lang='grc' dir='ltr'><strong>δή-</strong></span> 
     </span>
    </p>
   </div>
   <div class='ocr_carea' id='block_1_40' title="bbox 474 2282 1983 2358">
    <p class='ocr_par' dir='ltr' id='par_1_40' title="bbox 474 2284 1983 2358">
     <span class='ocr_line' id='line_1_40' title="bbox 474 2284 1983 2358; baseline -0.002 -14"><span class='ocrx_word' id='word_1_291' title='bbox 474 2288 603 2344; x_wconf 84' lang='lat' dir='ltr'><strong>sarii</strong></span> <span class='ocrx_word' id='word_1_292' title='bbox 635 2294 796 2344; x_wconf 91' lang='lat' dir='ltr'><strong>erant-</strong></span> <span class='ocrx_word' id='word_1_293' title='bbox 824 2286 917 2358; x_wconf 90' lang='lat' dir='ltr'><strong>qui</strong></span> <span class='ocrx_word' id='word_1_294' title='bbox 948 2287 1064 2345; x_wconf 71' lang='lat' dir='ltr'><strong>htec</strong></span> <span class='ocrx_word' id='word_1_295' title='bbox 1088 2286 1333 2357; x_wconf 83' lang='lat' dir='ltr'><strong>quotidie</strong></span> <span class='ocrx_word' id='word_1_296' title='bbox 1362 2286 1606 2342; x_wconf 88' lang='lat' dir='ltr'><strong>dicerent</strong></span> <span class='ocrx_word' id='word_1_297' title='bbox 1625 2324 1641 2351; x_wconf 96' lang='lat'><strong>,</strong></span> <span class='ocrx_word' id='word_1_298' title='bbox 1676 2284 1773 2341; x_wconf 89' lang='lat' dir='ltr'><strong>sed</strong></span> <span class='ocrx_word' id='word_1_299' title='bbox 1812 2292 1875 2340; x_wconf 92' lang='lat' dir='ltr'><strong>ut</strong></span> <span class='ocrx_word' id='word_1_300' title='bbox 1904 2299 1983 2341; x_wconf 68' lang='lat' dir='ltr'><strong>vel</strong></span> 
     </span>
    </p>
   </div>
   <div class='ocr_carea' id='block_1_41' title="bbox 2155 2282 3664 2358">
    <p class='ocr_par' dir='ltr' id='par_1_41' title="bbox 2155 2282 3664 2357">
     <span class='ocr_line' id='line_1_41' title="bbox 2155 2282 3664 2357; baseline 0.001 -22"><span class='ocrx_word' id='word_1_301' title='bbox 2155 2299 2258 2335; x_wconf 83' lang='grc' dir='ltr'><strong>που</strong></span> <span class='ocrx_word' id='word_1_302' title='bbox 2274 2284 2329 2337; x_wconf 75' lang='lat' dir='ltr'><strong>oi</strong></span> <span class='ocrx_word' id='word_1_303' title='bbox 2343 2282 2527 2355; x_wconf 74' lang='grc' dir='ltr'>ἐχθροὶ</span> <span class='ocrx_word' id='word_1_304' title='bbox 2547 2282 2641 2336; x_wconf 85' lang='grc' dir='ltr'><strong>καί</strong></span> <span class='ocrx_word' id='word_1_305' title='bbox 2660 2282 2904 2354; x_wconf 72' lang='grc' dir='ltr'>πολέμιοι</span> <span class='ocrx_word' id='word_1_306' title='bbox 2926 2283 3045 2338; x_wconf 87' lang='grc' dir='ltr'>καθ’</span> <span class='ocrx_word' id='word_1_307' title='bbox 3067 2284 3307 2356; x_wconf 78' lang='grc' dir='ltr'>ἑκάστην</span> <span class='ocrx_word' id='word_1_308' title='bbox 3328 2284 3522 2357; x_wconf 78' lang='grc' dir='ltr'>ἡμέραν</span> <span class='ocrx_word' id='word_1_309' title='bbox 3537 2282 3664 2338; x_wconf 81' lang='grc' dir='ltr'>ταῦτα</span> 
     </span>
    </p>
   </div>
   <div class='ocr_carea' id='block_1_42' title="bbox 473 2362 1982 2450">
    <p class='ocr_par' dir='ltr' id='par_1_42' title="bbox 473 2362 1982 2450">
     <span class='ocr_line' id='line_1_42' title="bbox 473 2362 1982 2450; baseline -0.003 -14"><span class='ocrx_word' id='word_1_310' title='bbox 473 2379 652 2436; x_wconf 84' lang='lat' dir='ltr'><strong>simile</strong></span> <span class='ocrx_word' id='word_1_311' title='bbox 679 2387 784 2444; x_wconf 88' lang='lat' dir='ltr'><strong>est,</strong></span> <span class='ocrx_word' id='word_1_312' title='bbox 808 2362 1114 2436; x_wconf 81' lang='lat' dir='ltr'><strong>inlidelese</strong></span> <span class='ocrx_word' id='word_1_313' title='bbox 1153 2378 1379 2450; x_wconf 90' lang='lat' dir='ltr'><strong>populo,</strong></span> <span class='ocrx_word' id='word_1_314' title='bbox 1421 2378 1525 2450; x_wconf 82' lang='lat' dir='ltr'><strong>qui</strong></span> <span class='ocrx_word' id='word_1_315' title='bbox 1565 2378 1860 2449; x_wconf 88' lang='lat' dir='ltr'><strong>prophetas</strong></span> <span class='ocrx_word' id='word_1_316' title='bbox 1897 2393 1982 2449; x_wconf 79' lang='lat' dir='ltr'><strong>qu:</strong></span> 
     </span>
    </p>
   </div>
   <div class='ocr_carea' id='block_1_43' title="bbox 2155 2362 3664 2450">
    <p class='ocr_par' dir='ltr' id='par_1_43' title="bbox 2155 2374 3664 2449">
     <span class='ocr_line' id='line_1_43' title="bbox 2155 2374 3664 2449; baseline 0.001 -21"><span class='ocrx_word' id='word_1_317' title='bbox 2155 2376 2339 2439; x_wconf 79' lang='grc' dir='ltr'>αὐτοῖς</span> <span class='ocrx_word' id='word_1_318' title='bbox 2385 2374 2567 2445; x_wconf 80' lang='grc' dir='ltr'>ἔλεγον</span> <span class='ocrx_word' id='word_1_319' title='bbox 2589 2392 2609 2413; x_wconf 57' lang='grc' dir='ltr'>κ</span> <span class='ocrx_word' id='word_1_320' title='bbox 2633 2374 2748 2429; x_wconf 89' lang='grc' dir='ltr'>ἀλλ’</span> <span class='ocrx_word' id='word_1_321' title='bbox 2778 2376 2923 2441; x_wconf 83' lang='grc' dir='ltr'>είκὺς</span> <span class='ocrx_word' id='word_1_322' title='bbox 2944 2377 3073 2441; x_wconf 80' lang='grc' dir='ltr'>τοὺς</span> <span class='ocrx_word' id='word_1_323' title='bbox 3100 2378 3157 2430; x_wconf 83' lang='grc' dir='ltr'><strong>ἐν</strong></span> <span class='ocrx_word' id='word_1_324' title='bbox 3184 2377 3268 2449; x_wconf 82' lang='grc' dir='ltr'><strong>τῷ</strong></span> <span class='ocrx_word' id='word_1_325' title='bbox 3289 2376 3425 2431; x_wconf 81' lang='grc' dir='ltr'>ἔθνει</span> <span class='ocrx_word' id='word_1_326' title='bbox 3462 2377 3664 2439; x_wconf 73' lang='grc' dir='ltr'>ἀπίστους</span> 
     </span>
    </p>
   </div>
   <div class='ocr_carea' id='block_1_44' title="bbox 474 2464 1983 2541">
    <p class='ocr_par' dir='ltr' id='par_1_44' title="bbox 474 2468 1983 2526">
     <span class='ocr_line' id='line_1_44' title="bbox 474 2468 1983 2526; baseline 0.001 -3"><span class='ocrx_word' id='word_1_327' title='bbox 474 2472 678 2524; x_wconf 78' lang='lat' dir='ltr'><strong>fmstra</strong></span> <span class='ocrx_word' id='word_1_328' title='bbox 700 2468 867 2525; x_wconf 90' lang='lat' dir='ltr'><strong>Deum</strong></span> <span class='ocrx_word' id='word_1_329' title='bbox 894 2469 1140 2525; x_wconf 88' lang='lat' dir='ltr'><strong>colentes</strong></span> <span class='ocrx_word' id='word_1_330' title='bbox 1166 2476 1222 2526; x_wconf 90' lang='lat' dir='ltr'><strong>et</strong></span> <span class='ocrx_word' id='word_1_331' title='bbox 1263 2470 1542 2524; x_wconf 86' lang='lat' dir='ltr'><strong>incassum</strong></span> <span class='ocrx_word' id='word_1_332' title='bbox 1587 2468 1901 2526; x_wconf 85' lang='lat' dir='ltr'><strong>laborantes</strong></span> <span class='ocrx_word' id='word_1_333' title='bbox 1960 2484 1983 2524; x_wconf 79' lang='grc' dir='ltr'><strong>ε</strong></span> 
     </span>
    </p>
   </div>
   <div class='ocr_carea' id='block_1_45' title="bbox 2152 2464 3661 2541">
    <p class='ocr_par' dir='ltr' id='par_1_45' title="bbox 2154 2464 3661 2541">
     <span class='ocr_line' id='line_1_45' title="bbox 2154 2464 3661 2541; baseline -0.003 -17"><span class='ocrx_word' id='word_1_334' title='bbox 2154 2465 2231 2530; x_wconf 82' lang='grc' dir='ltr'>ὡς</span> <span class='ocrx_word' id='word_1_335' title='bbox 2281 2464 2460 2537; x_wconf 85' lang='grc' dir='ltr'>μάτην</span> <span class='ocrx_word' id='word_1_336' title='bbox 2512 2464 2893 2531; x_wconf 78' lang='grc' dir='ltr'>θεοσεὸοὖντας</span> <span class='ocrx_word' id='word_1_337' title='bbox 2920 2467 3015 2521; x_wconf 74' lang='grc' dir='ltr'>καὶ</span> <span class='ocrx_word' id='word_1_338' title='bbox 3061 2470 3185 2539; x_wconf 81' lang='grc' dir='ltr'><strong>εἱκῆ</strong></span> <span class='ocrx_word' id='word_1_339' title='bbox 3233 2469 3540 2541; x_wconf 81' lang='grc' dir='ltr'>μοχθοῦντας</span> <span class='ocrx_word' id='word_1_340' title='bbox 3573 2468 3661 2539; x_wconf 78' lang='grc' dir='ltr'>τοὺς</span> 
     </span>
    </p>
   </div>
   <div class='ocr_carea' id='block_1_46' title="bbox 474 2550 1983 2632">
    <p class='ocr_par' dir='ltr' id='par_1_46' title="bbox 474 2550 1983 2632">
     <span class='ocr_line' id='line_1_46' title="bbox 474 2550 1983 2632; baseline 0.002 -18"><span class='ocrx_word' id='word_1_341' title='bbox 474 2560 782 2632; x_wconf 78' lang='lat' dir='ltr'><strong>arguebant</strong></span> <span class='ocrx_word' id='word_1_342' title='bbox 831 2576 896 2617; x_wconf 88' lang='lat' dir='ltr'><strong>ac</strong></span> <span class='ocrx_word' id='word_1_343' title='bbox 930 2550 1195 2618; x_wconf 75' lang='lat' dir='ltr'><strong>dicebant</strong></span> <span class='ocrx_word' id='word_1_344' title='bbox 1229 2562 1355 2619; x_wconf 88' lang='lat' dir='ltr'><strong>eis:</strong></span> <span class='ocrx_word' id='word_1_345' title='bbox 1414 2561 1515 2617; x_wconf 85' lang='lat' dir='ltr'><strong>Ubi</strong></span> <span class='ocrx_word' id='word_1_346' title='bbox 1566 2570 1646 2618; x_wconf 84' lang='lat' dir='ltr'><strong>est</strong></span> <span class='ocrx_word' id='word_1_347' title='bbox 1706 2561 1850 2618; x_wconf 90' lang='lat' dir='ltr'><strong>Deus</strong></span> <span class='ocrx_word' id='word_1_348' title='bbox 1889 2571 1983 2617; x_wconf 89' lang='lat' dir='ltr'><strong>tuu</strong></span> 
     </span>
    </p>
   </div>
   <div class='ocr_carea' id='block_1_47' title="bbox 2150 2550 3659 2632">
    <p class='ocr_par' dir='ltr' id='par_1_47' title="bbox 2157 2556 3659 2630">
     <span class='ocr_line' id='line_1_47' title="bbox 2157 2556 3659 2630; baseline 0 -20"><span class='ocrx_word' id='word_1_349' title='bbox 2157 2557 2443 2629; x_wconf 80' lang='grc' dir='ltr'>προφήτας</span> <span class='ocrx_word' id='word_1_350' title='bbox 2480 2556 2939 2630; x_wconf 80' lang='grc' dir='ltr'>καταμέμφεσθαι</span> <span class='ocrx_word' id='word_1_351' title='bbox 2985 2558 3081 2611; x_wconf 76' lang='grc' dir='ltr'>καὶ</span> <span class='ocrx_word' id='word_1_352' title='bbox 3121 2557 3302 2628; x_wconf 78' lang='grc' dir='ltr'>λέγειν</span> <span class='ocrx_word' id='word_1_353' title='bbox 3329 2560 3526 2621; x_wconf 79' lang='grc' dir='ltr'>αὐτοῖς·</span> <span class='ocrx_word' id='word_1_354' title='bbox 3570 2556 3659 2611; x_wconf 86' lang='grc' dir='ltr'><strong>Ποῦ</strong></span> 
     </span>
    </p>
   </div>
   <div class='ocr_carea' id='block_1_48' title="bbox 472 2647 1981 2726">
    <p class='ocr_par' dir='ltr' id='par_1_48' title="bbox 472 2653 1981 2726">
     <span class='ocr_line' id='line_1_48' title="bbox 472 2653 1981 2726; baseline 0.001 -18"><span class='ocrx_word' id='word_1_355' title='bbox 472 2653 757 2721; x_wconf 62' lang='lat' dir='ltr'><strong>Quacum</strong></span> <span class='ocrx_word' id='word_1_356' title='bbox 786 2654 891 2724; x_wconf 89' lang='lat' dir='ltr'><strong>ipsi</strong></span> <span class='ocrx_word' id='word_1_357' title='bbox 928 2668 959 2708; x_wconf 94' lang='lat' dir='ltr'><strong>a</strong></span> <span class='ocrx_word' id='word_1_358' title='bbox 992 2654 1294 2720; x_wconf 83' lang='lat' dir='ltr'><strong>fratribus,</strong></span> <span class='ocrx_word' id='word_1_359' title='bbox 1327 2655 1756 2726; x_wconf 78' lang='lat' dir='ltr'><strong>consanguineis</strong></span> <span class='ocrx_word' id='word_1_360' title='bbox 1802 2663 1858 2711; x_wconf 92' lang='lat' dir='ltr'><strong>et</strong></span> <span class='ocrx_word' id='word_1_361' title='bbox 1896 2654 1981 2710; x_wconf 83' lang='lat' dir='ltr'><strong>fan</strong></span> 
     </span>
    </p>
   </div>
   <div class='ocr_carea' id='block_1_49' title="bbox 2149 2647 3658 2726">
    <p class='ocr_par' dir='ltr' id='par_1_49' title="bbox 2154 2647 3658 2721">
     <span class='ocr_line' id='line_1_49' title="bbox 2154 2647 3658 2721; baseline -0.002 -18"><span class='ocrx_word' id='word_1_362' title='bbox 2154 2649 2325 2703; x_wconf 80' lang='grc' dir='ltr'>ἐστιν</span> <span class='ocrx_word' id='word_1_363' title='bbox 2368 2651 2403 2703; x_wconf 82' lang='grc' dir='ltr'><em>ὀ</em></span> <span class='ocrx_word' id='word_1_364' title='bbox 2433 2649 2577 2715; x_wconf 74' lang='lat' dir='ltr'><strong>Geor;</strong></span> <span class='ocrx_word' id='word_1_365' title='bbox 2618 2662 2776 2713; x_wconf 74' lang='lat' dir='ltr'><strong>o‘ov;</strong></span> <span class='ocrx_word' id='word_1_366' title='bbox 2807 2649 2875 2702; x_wconf 80' lang='grc' dir='ltr'>Ἃ</span> <span class='ocrx_word' id='word_1_367' title='bbox 2895 2647 2960 2721; x_wconf 85' lang='grc' dir='ltr'>δὴ</span> <span class='ocrx_word' id='word_1_368' title='bbox 2989 2649 3142 2718; x_wconf 86' lang='grc' dir='ltr'><strong>παρά</strong></span> <span class='ocrx_word' id='word_1_369' title='bbox 3188 2650 3300 2704; x_wconf 87' lang='grc' dir='ltr'><strong>τῶν</strong></span> <span class='ocrx_word' id='word_1_370' title='bbox 3342 2648 3558 2720; x_wconf 76' lang='grc' dir='ltr'>ἀδελφῶν</span> <span class='ocrx_word' id='word_1_371' title='bbox 3593 2649 3658 2701; x_wconf 80' lang='grc' dir='ltr'>καὶ</span> 
     </span>
    </p>
   </div>
   <div class='ocr_carea' id='block_1_50' title="bbox 471 2739 1980 2819">
    <p class='ocr_par' dir='ltr' id='par_1_50' title="bbox 471 2744 1980 2819">
     <span class='ocr_line' id='line_1_50' title="bbox 471 2744 1980 2819; baseline 0.001 -20"><span class='ocrx_word' id='word_1_372' title='bbox 471 2744 702 2802; x_wconf 84' lang='lat' dir='ltr'><strong>liaribus</strong></span> <span class='ocrx_word' id='word_1_373' title='bbox 747 2745 1032 2811; x_wconf 87' lang='lat' dir='ltr'><strong>audirent,</strong></span> <span class='ocrx_word' id='word_1_374' title='bbox 1082 2745 1290 2801; x_wconf 82' lang='lat' dir='ltr'><strong>luctum</strong></span> <span class='ocrx_word' id='word_1_375' title='bbox 1325 2746 1600 2817; x_wconf 78' lang='lat' dir='ltr'><strong>augebant</strong></span> <span class='ocrx_word' id='word_1_376' title='bbox 1633 2762 1840 2804; x_wconf 90' lang='lat' dir='ltr'><strong>suum:</strong></span> <span class='ocrx_word' id='word_1_377' title='bbox 1886 2762 1980 2819; x_wconf 72' lang='lat' dir='ltr'><strong>qu:</strong></span> 
     </span>
    </p>
   </div>
   <div class='ocr_carea' id='block_1_51' title="bbox 2149 2739 3658 2819">
    <p class='ocr_par' dir='ltr' id='par_1_51' title="bbox 2158 2739 3658 2815">
     <span class='ocr_line' id='line_1_51' title="bbox 2158 2739 3658 2815; baseline -0.001 -20"><span class='ocrx_word' id='word_1_378' title='bbox 2158 2739 2457 2811; x_wconf 84' lang='grc' dir='ltr'>συγγενῶν,</span> <span class='ocrx_word' id='word_1_379' title='bbox 2487 2742 2581 2796; x_wconf 75' lang='grc' dir='ltr'>καὶ</span> <span class='ocrx_word' id='word_1_380' title='bbox 2601 2740 2891 2815; x_wconf 76' lang='grc' dir='ltr'>γνωρίμων</span> <span class='ocrx_word' id='word_1_381' title='bbox 2913 2740 3202 2806; x_wconf 87' lang='grc' dir='ltr'>ἀκούοντες</span> <span class='ocrx_word' id='word_1_382' title='bbox 3222 2782 3237 2807; x_wconf 94' lang='grc'><strong>,</strong></span> <span class='ocrx_word' id='word_1_383' title='bbox 3277 2742 3344 2797; x_wconf 86' lang='grc' dir='ltr'><strong>τά</strong></span> <span class='ocrx_word' id='word_1_384' title='bbox 3376 2742 3461 2796; x_wconf 80' lang='grc' dir='ltr'>τοῦ</span> <span class='ocrx_word' id='word_1_385' title='bbox 3485 2740 3658 2802; x_wconf 81' lang='grc' dir='ltr'>πένθους</span> 
     </span>
    </p>
   </div>
   <div class='ocr_carea' id='block_1_52' title="bbox 474 2834 1983 2907">
    <p class='ocr_par' dir='ltr' id='par_1_52' title="bbox 474 2834 1983 2907">
     <span class='ocr_line' id='line_1_52' title="bbox 474 2834 1983 2907; baseline 0.003 -18"><span class='ocrx_word' id='word_1_386' title='bbox 474 2836 631 2891; x_wconf 83' lang='lat' dir='ltr'><strong>aiunt</strong></span> <span class='ocrx_word' id='word_1_387' title='bbox 678 2853 692 2890; x_wconf 92' lang='lat'><strong>:</strong></span> <span class='ocrx_word' id='word_1_388' title='bbox 728 2834 859 2892; x_wconf 81' lang='lat' dir='ltr'><strong>ch</strong></span> <span class='ocrx_word' id='word_1_389' title='bbox 892 2834 1197 2890; x_wconf 80' lang='lat' dir='ltr'><strong>recordatus</strong></span> <span class='ocrx_word' id='word_1_390' title='bbox 1244 2852 1398 2902; x_wconf 86' lang='lat' dir='ltr'><strong>sum,</strong></span> <span class='ocrx_word' id='word_1_391' title='bbox 1446 2846 1497 2891; x_wconf 90' lang='lat' dir='ltr'><strong>et</strong></span> <span class='ocrx_word' id='word_1_392' title='bbox 1524 2836 1686 2907; x_wconf 74' lang='lat' dir='ltr'><strong>e/fudi</strong></span> <span class='ocrx_word' id='word_1_393' title='bbox 1713 2839 1771 2893; x_wconf 91' lang='lat' dir='ltr'><strong>in</strong></span> <span class='ocrx_word' id='word_1_394' title='bbox 1806 2852 1887 2893; x_wconf 88' lang='lat' dir='ltr'><strong>me</strong></span> <span class='ocrx_word' id='word_1_395' title='bbox 1933 2853 1983 2892; x_wconf 74' lang='lat' dir='ltr'><strong>ar</strong></span> 
     </span>
    </p>
   </div>
   <div class='ocr_carea' id='block_1_53' title="bbox 2152 2834 3661 2907">
    <p class='ocr_par' dir='ltr' id='par_1_53' title="bbox 2155 2834 3661 2907">
     <span class='ocr_line' id='line_1_53' title="bbox 2155 2834 3661 2907; baseline -0.003 -17"><span class='ocrx_word' id='word_1_396' title='bbox 2155 2835 2457 2890; x_wconf 71' lang='grc' dir='ltr'>ἐπέτεινον·</span> <span class='ocrx_word' id='word_1_397' title='bbox 2489 2835 2569 2889; x_wconf 89' lang='grc' dir='ltr'><strong>διό</strong></span> <span class='ocrx_word' id='word_1_398' title='bbox 2599 2853 2730 2907; x_wconf 85' lang='grc' dir='ltr'>φασι</span> <span class='ocrx_word' id='word_1_399' title='bbox 2749 2853 2764 2867; x_wconf 76' lang='grc' dir='ltr'><strong>ο</strong></span> <span class='ocrx_word' id='word_1_400' title='bbox 2797 2836 2985 2892; x_wconf 86' lang='grc' dir='ltr'>Ταῦτα</span> <span class='ocrx_word' id='word_1_401' title='bbox 3003 2837 3348 2907; x_wconf 79' lang='grc' dir='ltr'>ἐμνήσθην,</span> <span class='ocrx_word' id='word_1_402' title='bbox 3387 2837 3477 2891; x_wconf 79' lang='grc' dir='ltr'>καὶ</span> <span class='ocrx_word' id='word_1_403' title='bbox 3500 2834 3661 2904; x_wconf 71' lang='grc' dir='ltr'>ἐξέχει»</span> 
     </span>
    </p>
   </div>
   <div class='ocr_carea' id='block_1_54' title="bbox 471 2925 1980 3003">
    <p class='ocr_par' dir='ltr' id='par_1_54' title="bbox 471 2925 1980 2999">
     <span class='ocr_line' id='line_1_54' title="bbox 471 2925 1980 2999; baseline 0.003 -18"><span class='ocrx_word' id='word_1_404' title='bbox 471 2943 616 2981; x_wconf 81' lang='lat' dir='ltr'><strong>mam</strong></span> <span class='ocrx_word' id='word_1_405' title='bbox 674 2943 865 2983; x_wconf 84' lang='lat' dir='ltr'><strong>meam.</strong></span> <span class='ocrx_word' id='word_1_406' title='bbox 916 2925 1103 2997; x_wconf 80' lang='lat' dir='ltr'><strong>Neque</strong></span> <span class='ocrx_word' id='word_1_407' title='bbox 1161 2928 1311 2984; x_wconf 86' lang='lat' dir='ltr'><strong>enim</strong></span> <span class='ocrx_word' id='word_1_408' title='bbox 1352 2929 1821 2999; x_wconf 74' lang='lat' dir='ltr'><strong>perturbationem</strong></span> <span class='ocrx_word' id='word_1_409' title='bbox 1877 2945 1980 2985; x_wconf 80' lang='lat' dir='ltr'><strong>me:</strong></span> 
     </span>
    </p>
   </div>
   <div class='ocr_carea' id='block_1_55' title="bbox 2146 2925 3655 3003">
    <p class='ocr_par' dir='ltr' id='par_1_55' title="bbox 2154 2925 3655 3003">
     <span class='ocr_line' id='line_1_55' title="bbox 2154 2925 3655 3003; baseline -0.001 -22"><span class='ocrx_word' id='word_1_410' title='bbox 2154 2928 2247 2982; x_wconf 81' lang='grc' dir='ltr'><strong>ἐπ’</strong></span> <span class='ocrx_word' id='word_1_411' title='bbox 2273 2928 2379 2999; x_wconf 83' lang='grc' dir='ltr'>ἐμὲ</span> <span class='ocrx_word' id='word_1_412' title='bbox 2424 2928 2539 2997; x_wconf 82' lang='grc' dir='ltr'><strong>τὴν</strong></span> <span class='ocrx_word' id='word_1_413' title='bbox 2570 2928 2783 2999; x_wconf 74' lang='grc' dir='ltr'><strong>ψυχήν</strong></span> <span class='ocrx_word' id='word_1_414' title='bbox 2816 2946 2957 3000; x_wconf 79' lang='grc' dir='ltr'>μου.</span> <span class='ocrx_word' id='word_1_415' title='bbox 3004 2930 3080 2983; x_wconf 73' lang='lat' dir='ltr'><strong>Ub</strong></span> <span class='ocrx_word' id='word_1_416' title='bbox 3105 2929 3220 3003; x_wconf 81' lang='grc' dir='ltr'><strong>γὰρ</strong></span> <span class='ocrx_word' id='word_1_417' title='bbox 3241 2930 3344 2994; x_wconf 78' lang='grc' dir='ltr'>ἐξω</span> <span class='ocrx_word' id='word_1_418' title='bbox 3362 2930 3452 3001; x_wconf 74' lang='grc' dir='ltr'><strong>τὴν</strong></span> <span class='ocrx_word' id='word_1_419' title='bbox 3475 2925 3655 3000; x_wconf 82' lang='grc' dir='ltr'>ἐμαυτοῦ</span> 
     </span>
    </p>
   </div>
   <div class='ocr_carea' id='block_1_56' title="bbox 472 3004 1981 3095">
    <p class='ocr_par' dir='ltr' id='par_1_56' title="bbox 472 3018 1981 3089">
     <span class='ocr_line' id='line_1_56' title="bbox 472 3018 1981 3089; baseline -0.001 -15"><span class='ocrx_word' id='word_1_420' title='bbox 472 3019 817 3074; x_wconf 78' lang='lat' dir='ltr'><strong>extrinsecus</strong></span> <span class='ocrx_word' id='word_1_421' title='bbox 846 3019 1089 3089; x_wconf 90' lang='lat' dir='ltr'><strong>protuli;</strong></span> <span class='ocrx_word' id='word_1_422' title='bbox 1131 3018 1226 3075; x_wconf 88' lang='lat' dir='ltr'><strong>sed</strong></span> <span class='ocrx_word' id='word_1_423' title='bbox 1258 3018 1410 3075; x_wconf 90' lang='lat' dir='ltr'><strong>intus</strong></span> <span class='ocrx_word' id='word_1_424' title='bbox 1449 3018 1506 3073; x_wconf 92' lang='lat' dir='ltr'><strong>in</strong></span> <span class='ocrx_word' id='word_1_425' title='bbox 1542 3019 1725 3075; x_wconf 87' lang='lat' dir='ltr'><strong>anima</strong></span> <span class='ocrx_word' id='word_1_426' title='bbox 1752 3034 1876 3077; x_wconf 81' lang='lat' dir='ltr'><strong>mea</strong></span> <span class='ocrx_word' id='word_1_427' title='bbox 1900 3019 1981 3077; x_wconf 89' lang='lat' dir='ltr'><strong>dol</strong></span> 
     </span>
    </p>
   </div>
   <div class='ocr_carea' id='block_1_57' title="bbox 2151 3004 3660 3095">
    <p class='ocr_par' dir='ltr' id='par_1_57' title="bbox 2157 3004 3660 3095">
     <span class='ocr_line' id='line_1_57' title="bbox 2157 3004 3660 3095; baseline 0.003 -22"><span class='ocrx_word' id='word_1_428' title='bbox 2157 3019 2403 3091; x_wconf 83' lang='grc' dir='ltr'>ταραχὴν</span> <span class='ocrx_word' id='word_1_429' title='bbox 2446 3017 2725 3090; x_wconf 76' lang='grc' dir='ltr'>ἐνέφαινον</span> <span class='ocrx_word' id='word_1_430' title='bbox 2750 3063 2765 3087; x_wconf 90' lang='grc'><strong>,</strong></span> <span class='ocrx_word' id='word_1_431' title='bbox 2794 3021 2908 3076; x_wconf 89' lang='grc' dir='ltr'>ἀλλ’</span> <span class='ocrx_word' id='word_1_432' title='bbox 2933 3020 3080 3076; x_wconf 87' lang='grc' dir='ltr'>ἐνδον</span> <span class='ocrx_word' id='word_1_433' title='bbox 3104 3023 3162 3075; x_wconf 86' lang='grc' dir='ltr'><strong>ἐν</strong></span> <span class='ocrx_word' id='word_1_434' title='bbox 3209 3025 3277 3095; x_wconf 83' lang='grc' dir='ltr'>τῇ</span> <span class='ocrx_word' id='word_1_435' title='bbox 3302 3020 3519 3094; x_wconf 80' lang='grc' dir='ltr'>ἐμαυτοῦ</span> <span class='ocrx_word' id='word_1_436' title='bbox 3555 3004 3660 3093; x_wconf 65' lang='grc' dir='ltr'><strong>ψυχῇ</strong></span> 
     </span>
    </p>
   </div>
   <div class='ocr_carea' id='block_1_58' title="bbox 476 3093 1985 3185">
    <p class='ocr_par' dir='ltr' id='par_1_58' title="bbox 476 3107 1985 3183">
     <span class='ocr_line' id='line_1_58' title="bbox 476 3107 1985 3183; baseline 0.003 -22"><span class='ocrx_word' id='word_1_437' title='bbox 476 3123 591 3163; x_wconf 88' lang='lat' dir='ltr'><strong>rem</strong></span> <span class='ocrx_word' id='word_1_438' title='bbox 638 3107 980 3164; x_wconf 86' lang='lat' dir='ltr'><strong>occultabam</strong></span> <span class='ocrx_word' id='word_1_439' title='bbox 1031 3108 1088 3163; x_wconf 93' lang='lat' dir='ltr'><strong>in</strong></span> <span class='ocrx_word' id='word_1_440' title='bbox 1122 3108 1333 3178; x_wconf 90' lang='lat' dir='ltr'><strong>meipso</strong></span> <span class='ocrx_word' id='word_1_441' title='bbox 1359 3109 1644 3166; x_wconf 74' lang='lat' dir='ltr'><strong>confusus.</strong></span> <span class='ocrx_word' id='word_1_442' title='bbox 1684 3109 1873 3166; x_wconf 85' lang='lat' dir='ltr'><strong>Simile</strong></span> <span class='ocrx_word' id='word_1_443' title='bbox 1919 3126 1985 3183; x_wconf 87' lang='lat' dir='ltr'><strong>qu</strong></span> 
     </span>
    </p>
   </div>
   <div class='ocr_carea' id='block_1_59' title="bbox 2144 3093 3653 3185">
    <p class='ocr_par' dir='ltr' id='par_1_59' title="bbox 2157 3093 3653 3185">
     <span class='ocr_line' id='line_1_59' title="bbox 2157 3093 3653 3185; baseline -0.002 -21"><span class='ocrx_word' id='word_1_444' title='bbox 2157 3109 2415 3183; x_wconf 78' lang='grc' dir='ltr'>κρύπτων</span> <span class='ocrx_word' id='word_1_445' title='bbox 2437 3109 2536 3181; x_wconf 82' lang='grc' dir='ltr'>τὴν</span> <span class='ocrx_word' id='word_1_446' title='bbox 2563 3111 2703 3183; x_wconf 79' lang='grc' dir='ltr'>ἐμὴν</span> <span class='ocrx_word' id='word_1_447' title='bbox 2726 3110 2993 3182; x_wconf 79' lang='grc' dir='ltr'>ἀλγηδόνα</span> <span class='ocrx_word' id='word_1_448' title='bbox 3020 3109 3113 3166; x_wconf 61' lang='grc' dir='ltr'>καὶ</span> <span class='ocrx_word' id='word_1_449' title='bbox 3144 3093 3289 3185; x_wconf 89' lang='grc' dir='ltr'><strong>πα</strong></span> <span class='ocrx_word' id='word_1_450' title='bbox 3327 3109 3526 3185; x_wconf 86' lang='grc' dir='ltr'>ἐμαυτῷ</span> <span class='ocrx_word' id='word_1_451' title='bbox 3566 3125 3653 3175; x_wconf 84' lang='grc' dir='ltr'>συγ-</span> 
     </span>
    </p>
   </div>
   <div class='ocr_carea' id='block_1_60' title="bbox 474 3188 1983 3274">
    <p class='ocr_par' dir='ltr' id='par_1_60' title="bbox 474 3198 1983 3271">
     <span class='ocr_line' id='line_1_60' title="bbox 474 3198 1983 3271; baseline 0.001 -19"><span class='ocrx_word' id='word_1_452' title='bbox 474 3214 675 3269; x_wconf 82' lang='lat' dir='ltr'><strong>pussus</strong></span> <span class='ocrx_word' id='word_1_453' title='bbox 704 3198 1002 3269; x_wconf 76' lang='lat' dir='ltr'><strong>Apostolus</strong></span> <span class='ocrx_word' id='word_1_454' title='bbox 1027 3198 1280 3255; x_wconf 88' lang='lat' dir='ltr'><strong>dicebat:</strong></span> <span class='ocrx_word' id='word_1_455' title='bbox 1317 3198 1422 3256; x_wconf 88' lang='lat' dir='ltr'><strong>Sed</strong></span> <span class='ocrx_word' id='word_1_456' title='bbox 1454 3202 1558 3270; x_wconf 84' lang='lat' dir='ltr'><strong>ipsi</strong></span> <span class='ocrx_word' id='word_1_457' title='bbox 1586 3203 1644 3256; x_wconf 91' lang='lat' dir='ltr'><strong>in</strong></span> <span class='ocrx_word' id='word_1_458' title='bbox 1664 3201 1983 3271; x_wconf 47' lang='lat' dir='ltr'><strong>nobismetip.</strong></span> 
     </span>
    </p>
   </div>
   <div class='ocr_carea' id='block_1_61' title="bbox 2151 3188 3660 3274">
    <p class='ocr_par' dir='ltr' id='par_1_61' title="bbox 2156 3188 3660 3274">
     <span class='ocr_line' id='line_1_61' title="bbox 2156 3188 3660 3274; baseline -0.003 -18"><span class='ocrx_word' id='word_1_459' title='bbox 2156 3202 2433 3274; x_wconf 83' lang='grc' dir='ltr'>χεόμενος.</span> <span class='ocrx_word' id='word_1_460' title='bbox 2465 3202 2717 3258; x_wconf 84' lang='grc' dir='ltr'>Τοιοῦτον</span> <span class='ocrx_word' id='word_1_461' title='bbox 2740 3203 2795 3256; x_wconf 80' lang='grc' dir='ltr'><strong>δέ</strong></span> <span class='ocrx_word' id='word_1_462' title='bbox 2822 3220 2876 3256; x_wconf 90' lang='grc' dir='ltr'><strong>τι</strong></span> <span class='ocrx_word' id='word_1_463' title='bbox 2896 3200 3181 3266; x_wconf 86' lang='grc' dir='ltr'>πεπονθὼς</span> <span class='ocrx_word' id='word_1_464' title='bbox 3200 3204 3231 3256; x_wconf 88' lang='grc' dir='ltr'><strong>ὁ</strong></span> <span class='ocrx_word' id='word_1_465' title='bbox 3261 3188 3550 3264; x_wconf 79' lang='grc' dir='ltr'>’Δπόστολος</span> <span class='ocrx_word' id='word_1_466' title='bbox 3578 3198 3660 3252; x_wconf 73' lang='grc' dir='ltr'><strong>ἕλε⁸</strong></span> 
     </span>
    </p>
   </div>
   <div class='ocr_carea' id='block_1_62' title="bbox 476 3287 1985 3369">
    <p class='ocr_par' dir='ltr' id='par_1_62' title="bbox 476 3293 1978 3369">
     <span class='ocr_line' id='line_1_62' title="bbox 476 3293 1978 3369; baseline 0.003 -22"><span class='ocrx_word' id='word_1_467' title='bbox 476 3309 786 3363; x_wconf 84' lang='lat' dir='ltr'><strong>responsum</strong></span> <span class='ocrx_word' id='word_1_468' title='bbox 832 3294 1016 3349; x_wconf 89' lang='lat' dir='ltr'><strong>mortis</strong></span> <span class='ocrx_word' id='word_1_469' title='bbox 1071 3293 1349 3350; x_wconf 80' lang='lat' dir='ltr'><strong>habuimus</strong></span> <span class='ocrx_word' id='word_1_470' title='bbox 1402 3295 1470 3351; x_wconf 84' lang='grc'><strong>³⁷.</strong></span> <span class='ocrx_word' id='word_1_471' title='bbox 1533 3296 1626 3352; x_wconf 89' lang='lat' dir='ltr'><strong>Sic</strong></span> <span class='ocrx_word' id='word_1_472' title='bbox 1677 3298 1862 3369; x_wconf 87' lang='lat' dir='ltr'><strong>itaque</strong></span> <span class='ocrx_word' id='word_1_473' title='bbox 1907 3315 1978 3353; x_wconf 82' lang='lat' dir='ltr'><strong>nu</strong></span> 
     </span>
    </p>
   </div>
   <div class='ocr_carea' id='block_1_63' title="bbox 2150 3287 3659 3369">
    <p class='ocr_par' dir='ltr' id='par_1_63' title="bbox 2157 3287 3659 3365">
     <span class='ocr_line' id='line_1_63' title="bbox 2157 3287 3659 3365; baseline -0.001 -20"><span class='ocrx_word' id='word_1_474' title='bbox 2157 3287 2285 3363; x_wconf 77' lang='grc' dir='ltr'>γενο</span> <span class='ocrx_word' id='word_1_475' title='bbox 2324 3294 2475 3349; x_wconf 53' lang='grc' dir='ltr'><strong>Ἀλλ)</strong></span> <span class='ocrx_word' id='word_1_476' title='bbox 2499 3295 2668 3350; x_wconf 81' lang='grc' dir='ltr'>αὐτοὶ</span> <span class='ocrx_word' id='word_1_477' title='bbox 2698 3295 2768 3349; x_wconf 86' lang='grc' dir='ltr'>ὲν</span> <span class='ocrx_word' id='word_1_478' title='bbox 2792 3293 3027 3361; x_wconf 84' lang='grc' dir='ltr'>ἑαυτοῖς</span> <span class='ocrx_word' id='word_1_479' title='bbox 3052 3293 3444 3365; x_wconf 74' lang='grc' dir='ltr'>τὸοάπόκριμα</span> <span class='ocrx_word' id='word_1_480' title='bbox 3471 3291 3561 3347; x_wconf 86' lang='grc' dir='ltr'>τοῦ</span> <span class='ocrx_word' id='word_1_481' title='bbox 3588 3295 3659 3345; x_wconf 81' lang='grc' dir='ltr'>θα-</span> 
     </span>
    </p>
   </div>
   <div class='ocr_carea' id='block_1_64' title="bbox 477 3379 1986 3461">
    <p class='ocr_par' dir='ltr' id='par_1_64' title="bbox 477 3385 1986 3461">
     <span class='ocr_line' id='line_1_64' title="bbox 477 3385 1986 3461; baseline 0.002 -20"><span class='ocrx_word' id='word_1_482' title='bbox 477 3388 642 3441; x_wconf 81' lang='lat' dir='ltr'><strong>etiam</strong></span> <span class='ocrx_word' id='word_1_483' title='bbox 669 3385 833 3455; x_wconf 78' lang='lat' dir='ltr'><strong>e/Iudi</strong></span> <span class='ocrx_word' id='word_1_484' title='bbox 861 3385 916 3440; x_wconf 90' lang='lat' dir='ltr'><strong>in</strong></span> <span class='ocrx_word' id='word_1_485' title='bbox 945 3403 1026 3441; x_wconf 89' lang='lat' dir='ltr'><strong>me</strong></span> <span class='ocrx_word' id='word_1_486' title='bbox 1055 3388 1289 3444; x_wconf 82' lang='lat' dir='ltr'><strong>animam</strong></span> <span class='ocrx_word' id='word_1_487' title='bbox 1325 3405 1519 3455; x_wconf 89' lang='lat' dir='ltr'><strong>meam,</strong></span> <span class='ocrx_word' id='word_1_488' title='bbox 1551 3388 1825 3461; x_wconf 90' lang='lat' dir='ltr'><strong>inquiunt.</strong></span> <span class='ocrx_word' id='word_1_489' title='bbox 1864 3389 1986 3447; x_wconf 87' lang='lat' dir='ltr'><strong>Pcrl</strong></span> 
     </span>
    </p>
   </div>
   <div class='ocr_carea' id='block_1_65' title="bbox 2150 3379 3659 3461">
    <p class='ocr_par' dir='ltr' id='par_1_65' title="bbox 2157 3379 3659 3456">
     <span class='ocr_line' id='line_1_65' title="bbox 2157 3379 3659 3456; baseline -0.005 -17"><span class='ocrx_word' id='word_1_490' title='bbox 2157 3383 2344 3439; x_wconf 68' lang='lat' dir='ltr'><strong>rdtov</strong></span> <span class='ocrx_word' id='word_1_491' title='bbox 2369 3385 2736 3456; x_wconf 78' lang='grc' dir='ltr'>ἐσχήκαμεν.</span> <span class='ocrx_word' id='word_1_492' title='bbox 2759 3385 2948 3450; x_wconf 76' lang='grc' dir='ltr'>Οὕτως</span> <span class='ocrx_word' id='word_1_493' title='bbox 2973 3382 3065 3440; x_wconf 82' lang='grc' dir='ltr'>οὖν</span> <span class='ocrx_word' id='word_1_494' title='bbox 3095 3385 3192 3439; x_wconf 74' lang='grc' dir='ltr'>καὶ</span> <span class='ocrx_word' id='word_1_495' title='bbox 3212 3386 3327 3452; x_wconf 82' lang='grc' dir='ltr'>νῦν,</span> <span class='ocrx_word' id='word_1_496' title='bbox 3369 3385 3582 3453; x_wconf 77' lang='grc' dir='ltr'>Ἐξέχεα</span> <span class='ocrx_word' id='word_1_497' title='bbox 3596 3379 3659 3433; x_wconf 72' lang='grc' dir='ltr'><strong>ἐπ’</strong></span> 
     </span>
    </p>
   </div>
   <div class='ocr_carea' id='block_1_66' title="bbox 478 3467 1987 3551">
    <p class='ocr_par' dir='ltr' id='par_1_66' title="bbox 478 3467 1653 3551">
     <span class='ocr_line' id='line_1_66' title="bbox 478 3467 1653 3551; baseline 0.004 -20"><span class='ocrx_word' id='word_1_498' title='bbox 478 3478 553 3539; x_wconf 70' lang='lat' dir='ltr'><strong>eti</strong></span> <span class='ocrx_word' id='word_1_499' title='bbox 582 3484 766 3537; x_wconf 86' lang='lat' dir='ltr'><strong>autem</strong></span> <span class='ocrx_word' id='word_1_500' title='bbox 792 3476 895 3534; x_wconf 78' lang='lat' dir='ltr'><strong>viri</strong></span> <span class='ocrx_word' id='word_1_501' title='bbox 916 3485 1001 3535; x_wconf 89' lang='lat' dir='ltr'><strong>est</strong></span> <span class='ocrx_word' id='word_1_502' title='bbox 1019 3478 1149 3534; x_wconf 89' lang='lat' dir='ltr'><strong>talia</strong></span> <span class='ocrx_word' id='word_1_503' title='bbox 1169 3478 1319 3535; x_wconf 77' lang='lat' dir='ltr'><strong>ellari</strong></span> <span class='ocrx_word' id='word_1_504' title='bbox 1345 3495 1530 3551; x_wconf 89' lang='lat' dir='ltr'><strong>posse.</strong></span> <span class='ocrx_word' id='word_1_505' title='bbox 1648 3467 1653 3474; x_wconf 70' lang='grc'><em>’</em></span> 
     </span>
    </p>
   </div>
   <div class='ocr_carea' id='block_1_67' title="bbox 2153 3467 3662 3551">
    <p class='ocr_par' dir='ltr' id='par_1_67' title="bbox 2156 3474 3662 3549">
     <span class='ocr_line' id='line_1_67' title="bbox 2156 3474 3662 3549; baseline -0.003 -19"><span class='ocrx_word' id='word_1_506' title='bbox 2156 3476 2263 3547; x_wconf 78' lang='grc' dir='ltr'>ἐμὲ</span> <span class='ocrx_word' id='word_1_507' title='bbox 2290 3477 2404 3548; x_wconf 80' lang='grc' dir='ltr'>τὴν</span> <span class='ocrx_word' id='word_1_508' title='bbox 2439 3477 2651 3549; x_wconf 62' lang='grc' dir='ltr'><strong><em>ψυχήν</em></strong></span> <span class='ocrx_word' id='word_1_509' title='bbox 2668 3496 2813 3549; x_wconf 72' lang='grc' dir='ltr'>μου,</span> <span class='ocrx_word' id='word_1_510' title='bbox 2850 3478 2995 3549; x_wconf 75' lang='grc' dir='ltr'>φασί.</span> <span class='ocrx_word' id='word_1_511' title='bbox 3025 3479 3245 3534; x_wconf 77' lang='grc' dir='ltr'>Τελείου</span> <span class='ocrx_word' id='word_1_512' title='bbox 3277 3479 3450 3533; x_wconf 67' lang='grc' dir='ltr'>δ’ἐστὶ.</span> <span class='ocrx_word' id='word_1_513' title='bbox 3473 3476 3526 3531; x_wconf 84' lang='grc' dir='ltr'>τὸ</span> <span class='ocrx_word' id='word_1_514' title='bbox 3548 3474 3662 3528; x_wconf 64' lang='lat' dir='ltr'><strong>bive-</strong></span> 
     </span>
    </p>
   </div>
   <div class='ocr_carea' id='block_1_68' title="bbox 2161 3569 2682 3642">
    <p class='ocr_par' dir='ltr' id='par_1_68' title="bbox 2161 3569 2682 3642">
     <span class='ocr_line' id='line_1_68' title="bbox 2161 3569 2682 3642; baseline 0.004 -17"><span class='ocrx_word' id='word_1_515' title='bbox 2161 3570 2282 3625; x_wconf 89' lang='grc' dir='ltr'>σθαι</span> <span class='ocrx_word' id='word_1_516' title='bbox 2304 3569 2462 3625; x_wconf 80' lang='grc' dir='ltr'>τοῦτο</span> <span class='ocrx_word' id='word_1_517' title='bbox 2485 3571 2682 3642; x_wconf 80' lang='grc' dir='ltr'>λέγειν.</span> 
     </span>
    </p>
   </div>
   <div class='ocr_carea' id='block_1_69' title="bbox 549 3652 2058 3736">
    <p class='ocr_par' dir='ltr' id='par_1_69' title="bbox 549 3654 2058 3727">
     <span class='ocr_line' id='line_1_69' title="bbox 549 3654 2058 3727; baseline 0.002 -17"><span class='ocrx_word' id='word_1_518' title='bbox 549 3655 694 3710; x_wconf 84' lang='lat' dir='ltr'><strong>Cum.</strong></span> <span class='ocrx_word' id='word_1_519' title='bbox 717 3654 756 3711; x_wconf 95' lang='lat' dir='ltr'><strong>ii</strong></span> <span class='ocrx_word' id='word_1_520' title='bbox 779 3654 1175 3727; x_wconf 70' lang='lat' dir='ltr'><strong>exprobrantes</strong></span> <span class='ocrx_word' id='word_1_521' title='bbox 1196 3656 1328 3713; x_wconf 90' lang='lat' dir='ltr'><strong>mihi</strong></span> <span class='ocrx_word' id='word_1_522' title='bbox 1358 3655 1605 3714; x_wconf 87' lang='lat' dir='ltr'><strong>dicerent</strong></span> <span class='ocrx_word' id='word_1_523' title='bbox 1630 3675 1644 3713; x_wconf 88' lang='lat'><strong>:</strong></span> <span class='ocrx_word' id='word_1_524' title='bbox 1685 3655 1786 3713; x_wconf 86' lang='lat' dir='ltr'><strong>Ubi</strong></span> <span class='ocrx_word' id='word_1_525' title='bbox 1806 3666 1885 3714; x_wconf 88' lang='lat' dir='ltr'><strong>est</strong></span> <span class='ocrx_word' id='word_1_526' title='bbox 1914 3656 2058 3713; x_wconf 89' lang='lat' dir='ltr'><strong>Deus</strong></span> 
     </span>
    </p>
   </div>
   <div class='ocr_carea' id='block_1_70' title="bbox 2155 3652 3664 3736">
    <p class='ocr_par' dir='ltr' id='par_1_70' title="bbox 2229 3652 3664 3736">
     <span class='ocr_line' id='line_1_70' title="bbox 2229 3652 3664 3736; baseline -0.009 -16"><span class='ocrx_word' id='word_1_527' title='bbox 2229 3662 2510 3733; x_wconf 86' lang='grc' dir='ltr'>Λεγόντων</span> <span class='ocrx_word' id='word_1_528' title='bbox 2560 3681 2669 3735; x_wconf 91' lang='grc' dir='ltr'>μοι,</span> <span class='ocrx_word' id='word_1_529' title='bbox 2733 3664 2886 3736; x_wconf 74' lang='grc' dir='ltr'>φησὶ,</span> <span class='ocrx_word' id='word_1_530' title='bbox 2920 3662 3028 3719; x_wconf 91' lang='grc' dir='ltr'><strong>τῶν</strong></span> <span class='ocrx_word' id='word_1_531' title='bbox 3053 3663 3419 3729; x_wconf 80' lang='grc' dir='ltr'>ὀνειδιζόντων</span> <span class='ocrx_word' id='word_1_532' title='bbox 3478 3672 3554 3726; x_wconf 75' lang='grc' dir='ltr'>με’</span> <span class='ocrx_word' id='word_1_533' title='bbox 3573 3652 3664 3710; x_wconf 83' lang='grc' dir='ltr'><strong>Ποῦ</strong></span> 
     </span>
    </p>
   </div>
   <div class='ocr_carea' id='block_1_71' title="bbox 481 3740 1990 3827">
    <p class='ocr_par' dir='ltr' id='par_1_71' title="bbox 481 3740 1990 3822">
     <span class='ocr_line' id='line_1_71' title="bbox 481 3740 1990 3822; baseline 0 -20"><span class='ocrx_word' id='word_1_534' title='bbox 481 3757 601 3803; x_wconf 86' lang='lat' dir='ltr'><strong>tuus</strong></span> <span class='ocrx_word' id='word_1_535' title='bbox 617 3740 869 3806; x_wconf 69' lang='lat' dir='ltr'><strong>l~d°olore</strong></span> <span class='ocrx_word' id='word_1_536' title='bbox 914 3750 1197 3822; x_wconf 87' lang='lat' dir='ltr'><strong>pungebar</strong></span> <span class='ocrx_word' id='word_1_537' title='bbox 1251 3750 1544 3821; x_wconf 89' lang='lat' dir='ltr'><strong>animoque</strong></span> <span class='ocrx_word' id='word_1_538' title='bbox 1588 3756 1821 3807; x_wconf 64' lang='lat' dir='ltr'><strong>maestus</strong></span> <span class='ocrx_word' id='word_1_539' title='bbox 1866 3764 1990 3806; x_wconf 86' lang='lat' dir='ltr'><strong>eran</strong></span> 
     </span>
    </p>
   </div>
   <div class='ocr_carea' id='block_1_72' title="bbox 2153 3740 3662 3827">
    <p class='ocr_par' dir='ltr' id='par_1_72' title="bbox 2158 3743 3662 3827">
     <span class='ocr_line' id='line_1_72' title="bbox 2158 3743 3662 3827; baseline -0.005 -18"><span class='ocrx_word' id='word_1_540' title='bbox 2158 3753 2334 3809; x_wconf 82' lang='grc' dir='ltr'>ἐστιν</span> <span class='ocrx_word' id='word_1_541' title='bbox 2382 3757 2417 3809; x_wconf 84' lang='grc' dir='ltr'><strong>ό</strong></span> <span class='ocrx_word' id='word_1_542' title='bbox 2452 3755 2596 3821; x_wconf 85' lang='grc' dir='ltr'>Θεός</span> <span class='ocrx_word' id='word_1_543' title='bbox 2646 3770 2799 3820; x_wconf 85' lang='grc' dir='ltr'>σου;</span> <span class='ocrx_word' id='word_1_544' title='bbox 2853 3754 3158 3827; x_wconf 85' lang='grc' dir='ltr'>ἐδακνόμην</span> <span class='ocrx_word' id='word_1_545' title='bbox 3214 3756 3309 3827; x_wconf 88' lang='grc' dir='ltr'>μὲν</span> <span class='ocrx_word' id='word_1_546' title='bbox 3334 3755 3398 3825; x_wconf 79' lang='grc' dir='ltr'>τῇ</span> <span class='ocrx_word' id='word_1_547' title='bbox 3448 3749 3570 3821; x_wconf 84' lang='grc' dir='ltr'>λύπῃ</span> <span class='ocrx_word' id='word_1_548' title='bbox 3597 3743 3662 3798; x_wconf 69' lang='grc' dir='ltr'>καὶ</span> 
     </span>
    </p>
   </div>
   <div class='ocr_carea' id='block_1_73' title="bbox 480 3838 1989 3916">
    <p class='ocr_par' dir='ltr' id='par_1_73' title="bbox 480 3840 1989 3912">
     <span class='ocr_line' id='line_1_73' title="bbox 480 3840 1989 3912; baseline 0.001 -19"><span class='ocrx_word' id='word_1_549' title='bbox 480 3840 764 3908; x_wconf 85' lang='lat' dir='ltr'><strong>perculsus</strong></span> <span class='ocrx_word' id='word_1_550' title='bbox 795 3840 1089 3912; x_wconf 87' lang='lat' dir='ltr'><strong>impiorum</strong></span> <span class='ocrx_word' id='word_1_551' title='bbox 1114 3842 1319 3898; x_wconf 81' lang='lat' dir='ltr'><strong>verbis.</strong></span> <span class='ocrx_word' id='word_1_552' title='bbox 1347 3841 1604 3896; x_wconf 83' lang='lat' dir='ltr'><strong>Attamen</strong></span> <span class='ocrx_word' id='word_1_553' title='bbox 1647 3841 1702 3896; x_wconf 89' lang='lat' dir='ltr'><strong>in</strong></span> <span class='ocrx_word' id='word_1_554' title='bbox 1735 3841 1989 3911; x_wconf 89' lang='lat' dir='ltr'><strong>memetip</strong></span> 
     </span>
    </p>
   </div>
   <div class='ocr_carea' id='block_1_74' title="bbox 2157 3838 3666 3916">
    <p class='ocr_par' dir='ltr' id='par_1_74' title="bbox 2160 3838 3666 3916">
     <span class='ocr_line' id='line_1_74' title="bbox 2160 3838 3666 3916; baseline -0.002 -19"><span class='ocrx_word' id='word_1_555' title='bbox 2160 3842 2501 3916; x_wconf 83' lang='grc' dir='ltr'>ὑπερήλγουν</span> <span class='ocrx_word' id='word_1_556' title='bbox 2535 3842 2633 3915; x_wconf 82' lang='grc' dir='ltr'>τὴν</span> <span class='ocrx_word' id='word_1_557' title='bbox 2668 3843 2845 3916; x_wconf 76' lang='grc' dir='ltr'>ψυχὴν</span> <span class='ocrx_word' id='word_1_558' title='bbox 2884 3844 3254 3916; x_wconf 85' lang='grc' dir='ltr'>πληττόμενος</span> <span class='ocrx_word' id='word_1_559' title='bbox 3290 3844 3389 3898; x_wconf 76' lang='grc' dir='ltr'><strong>ὑπὸ</strong></span> <span class='ocrx_word' id='word_1_560' title='bbox 3420 3841 3513 3895; x_wconf 88' lang='grc' dir='ltr'><strong>τῶν</strong></span> <span class='ocrx_word' id='word_1_561' title='bbox 3538 3838 3666 3903; x_wconf 65' lang='grc' dir='ltr'>λόγων</span> 
     </span>
    </p>
   </div>
   <div class='ocr_carea' id='block_1_75' title="bbox 479 3926 1988 4008">
    <p class='ocr_par' dir='ltr' id='par_1_75' title="bbox 479 3932 1988 4005">
     <span class='ocr_line' id='line_1_75' title="bbox 479 3932 1988 4005; baseline 0.001 -16"><span class='ocrx_word' id='word_1_562' title='bbox 479 3934 837 4005; x_wconf 77' lang='lat' dir='ltr'><strong>cogitationes</strong></span> <span class='ocrx_word' id='word_1_563' title='bbox 859 3936 1206 3992; x_wconf 91' lang='lat' dir='ltr'><strong>continebam</strong></span> <span class='ocrx_word' id='word_1_564' title='bbox 1233 3951 1404 4002; x_wconf 86' lang='lat' dir='ltr'><strong>meas,</strong></span> <span class='ocrx_word' id='word_1_565' title='bbox 1435 3942 1496 3991; x_wconf 90' lang='lat' dir='ltr'><strong>ut</strong></span> <span class='ocrx_word' id='word_1_566' title='bbox 1533 3950 1604 3992; x_wconf 91' lang='lat' dir='ltr'><strong>ne</strong></span> <span class='ocrx_word' id='word_1_567' title='bbox 1621 3932 1934 3991; x_wconf 77' lang='lat' dir='ltr'><strong>eﬂ‘underer</strong></span> <span class='ocrx_word' id='word_1_568' title='bbox 1962 3952 1988 3991; x_wconf 88' lang='lat' dir='ltr'><strong>e</strong></span> 
     </span>
    </p>
   </div>
   <div class='ocr_carea' id='block_1_76' title="bbox 2153 3926 3662 4008">
    <p class='ocr_par' dir='ltr' id='par_1_76' title="bbox 2159 3926 3662 4008">
     <span class='ocr_line' id='line_1_76' title="bbox 2159 3926 3662 4008; baseline -0.001 -20"><span class='ocrx_word' id='word_1_569' title='bbox 2159 3935 2267 3990; x_wconf 90' lang='grc' dir='ltr'><strong>τῶν</strong></span> <span class='ocrx_word' id='word_1_570' title='bbox 2300 3934 2532 3991; x_wconf 79' lang='grc' dir='ltr'>ἀσεὸῶν.</span> <span class='ocrx_word' id='word_1_571' title='bbox 2556 3935 2746 4007; x_wconf 87' lang='grc' dir='ltr'>Ὅμως</span> <span class='ocrx_word' id='word_1_572' title='bbox 2785 3931 2950 3990; x_wconf 59' lang='grc' dir='ltr'>δ”οὖν</span> <span class='ocrx_word' id='word_1_573' title='bbox 2984 3936 3042 3990; x_wconf 87' lang='grc' dir='ltr'><strong>ἐν</strong></span> <span class='ocrx_word' id='word_1_574' title='bbox 3087 3935 3555 4008; x_wconf 81' lang='grc' dir='ltr'>ἐμαυτῷ“συνεῖχον</span> <span class='ocrx_word' id='word_1_575' title='bbox 3575 3926 3662 3986; x_wconf 71' lang='grc' dir='ltr'>τοὺς</span> 
     </span>
    </p>
   </div>
   <div class='ocr_carea' id='block_1_77' title="bbox 481 4017 1990 4102">
    <p class='ocr_par' dir='ltr' id='par_1_77' title="bbox 481 4024 1990 4098">
     <span class='ocr_line' id='line_1_77' title="bbox 481 4024 1990 4098; baseline 0.001 -18"><span class='ocrx_word' id='word_1_576' title='bbox 481 4024 675 4091; x_wconf 84' lang='lat' dir='ltr'><strong>terius,</strong></span> <span class='ocrx_word' id='word_1_577' title='bbox 704 4041 810 4082; x_wconf 89' lang='lat' dir='ltr'><strong>neu</strong></span> <span class='ocrx_word' id='word_1_578' title='bbox 832 4041 953 4082; x_wconf 88' lang='lat' dir='ltr'><strong>mea</strong></span> <span class='ocrx_word' id='word_1_579' title='bbox 974 4027 1030 4082; x_wconf 91' lang='lat' dir='ltr'><strong>in</strong></span> <span class='ocrx_word' id='word_1_580' title='bbox 1060 4025 1171 4083; x_wconf 88' lang='lat' dir='ltr'><strong>Deo</strong></span> <span class='ocrx_word' id='word_1_581' title='bbox 1196 4029 1437 4098; x_wconf 83' lang='lat' dir='ltr'><strong>reposita</strong></span> <span class='ocrx_word' id='word_1_582' title='bbox 1460 4043 1557 4098; x_wconf 91' lang='lat' dir='ltr'><strong>spe</strong></span> <span class='ocrx_word' id='word_1_583' title='bbox 1589 4026 1917 4083; x_wconf 75' lang='lat' dir='ltr'><strong>excideram.</strong></span> <span class='ocrx_word' id='word_1_584' title='bbox 1950 4026 1990 4081; x_wconf 79' lang='grc' dir='ltr'><strong>Μ</strong></span> 
     </span>
    </p>
   </div>
   <div class='ocr_carea' id='block_1_78' title="bbox 2157 4017 3666 4102">
    <p class='ocr_par' dir='ltr' id='par_1_78' title="bbox 2160 4017 3666 4102">
     <span class='ocr_line' id='line_1_78' title="bbox 2160 4017 3666 4102; baseline -0.003 -19"><span class='ocrx_word' id='word_1_585' title='bbox 2160 4027 2399 4100; x_wconf 88' lang='grc' dir='ltr'>ἐμαυτοῦ</span> <span class='ocrx_word' id='word_1_586' title='bbox 2426 4028 2743 4100; x_wconf 80' lang='grc' dir='ltr'>λογισμοὺς,</span> <span class='ocrx_word' id='word_1_587' title='bbox 2770 4028 2906 4101; x_wconf 86' lang='grc' dir='ltr'>πρὸς</span> <span class='ocrx_word' id='word_1_588' title='bbox 2941 4029 3013 4094; x_wconf 60' lang='grc' dir='ltr'><strong>αιιὸ⁴</strong></span> <span class='ocrx_word' id='word_1_589' title='bbox 3033 4029 3107 4102; x_wconf 82' lang='grc' dir='ltr'>μὴ</span> <span class='ocrx_word' id='word_1_590' title='bbox 3142 4028 3467 4101; x_wconf 81' lang='grc' dir='ltr'>προχυθῆναι</span> <span class='ocrx_word' id='word_1_591' title='bbox 3494 4022 3571 4076; x_wconf 73' lang='grc' dir='ltr'>καὶ</span> <span class='ocrx_word' id='word_1_592' title='bbox 3594 4017 3666 4085; x_wconf 70' lang='grc' dir='ltr'><strong>τῆς</strong></span> 
     </span>
    </p>
   </div>
   <div class='ocr_carea' id='block_1_79' title="bbox 482 4112 1991 4193">
    <p class='ocr_par' dir='ltr' id='par_1_79' title="bbox 482 4115 1991 4190">
     <span class='ocr_line' id='line_1_79' title="bbox 482 4115 1991 4190; baseline 0.003 -22"><span class='ocrx_word' id='word_1_593' title='bbox 482 4115 713 4170; x_wconf 80' lang='lat' dir='ltr'><strong>muriam</strong></span> <span class='ocrx_word' id='word_1_594' title='bbox 763 4116 976 4188; x_wconf 59' lang='lat' dir='ltr'><strong>quippe.</strong></span> <span class='ocrx_word' id='word_1_595' title='bbox 1022 4125 1273 4189; x_wconf 89' lang='lat' dir='ltr'><strong>paratum</strong></span> <span class='ocrx_word' id='word_1_596' title='bbox 1317 4119 1457 4173; x_wconf 83' lang='lat' dir='ltr'><strong>mihi</strong></span> <span class='ocrx_word' id='word_1_597' title='bbox 1500 4119 1661 4175; x_wconf 87' lang='lat' dir='ltr'><strong>linem</strong></span> <span class='ocrx_word' id='word_1_598' title='bbox 1712 4119 1991 4190; x_wconf 79' lang='lat' dir='ltr'><strong>repetebat</strong></span> 
     </span>
    </p>
   </div>
   <div class='ocr_carea' id='block_1_80' title="bbox 2154 4112 3663 4193">
    <p class='ocr_par' dir='ltr' id='par_1_80' title="bbox 2164 4112 3663 4193">
     <span class='ocr_line' id='line_1_80' title="bbox 2164 4112 3663 4193; baseline -0.004 -19"><span class='ocrx_word' id='word_1_599' title='bbox 2164 4120 2530 4193; x_wconf 79' lang='grc' dir='ltr'>προκειμένης</span> <span class='ocrx_word' id='word_1_600' title='bbox 2578 4138 2670 4192; x_wconf 89' lang='grc' dir='ltr'><strong>μοι</strong></span> <span class='ocrx_word' id='word_1_601' title='bbox 2708 4119 2803 4173; x_wconf 84' lang='grc' dir='ltr'>τοῦ</span> <span class='ocrx_word' id='word_1_602' title='bbox 2850 4119 2989 4174; x_wconf 79' lang='grc' dir='ltr'>Θεοῦ</span> <span class='ocrx_word' id='word_1_603' title='bbox 3045 4112 3300 4175; x_wconf 82' lang='grc' dir='ltr'>ἐκπεσεῖν</span> <span class='ocrx_word' id='word_1_604' title='bbox 3332 4118 3542 4180; x_wconf 86' lang='grc' dir='ltr'>ἐλπίδος.</span> <span class='ocrx_word' id='word_1_605' title='bbox 3582 4112 3663 4163; x_wconf 70' lang='grc' dir='ltr'><strong>Ἀν-</strong></span> 
     </span>
    </p>
   </div>
   <div class='ocr_carea' id='block_1_81' title="bbox 481 4198 1990 4285">
    <p class='ocr_par' dir='ltr' id='par_1_81' title="bbox 481 4207 1990 4282">
     <span class='ocr_line' id='line_1_81' title="bbox 481 4207 1990 4282; baseline 0.001 -21"><span class='ocrx_word' id='word_1_606' title='bbox 481 4222 590 4274; x_wconf 81' lang='lat' dir='ltr'><strong>qua</strong></span> <span class='ocrx_word' id='word_1_607' title='bbox 620 4221 727 4262; x_wconf 92' lang='lat' dir='ltr'><strong>non</strong></span> <span class='ocrx_word' id='word_1_608' title='bbox 747 4207 1067 4279; x_wconf 75' lang='lat' dir='ltr'><strong>ignorabam</strong></span> <span class='ocrx_word' id='word_1_609' title='bbox 1100 4209 1233 4265; x_wconf 89' lang='lat' dir='ltr'><strong>illud</strong></span> <span class='ocrx_word' id='word_1_610' title='bbox 1253 4208 1299 4241; x_wconf 81' lang='grc'><strong><em>⁸³</em></strong></span> <span class='ocrx_word' id='word_1_611' title='bbox 1339 4226 1356 4265; x_wconf 92' lang='lat'><strong>:</strong></span> <span class='ocrx_word' id='word_1_612' title='bbox 1392 4212 1551 4266; x_wconf 83' lang='lat' dir='ltr'><strong>Beati</strong></span> <span class='ocrx_word' id='word_1_613' title='bbox 1591 4211 1681 4282; x_wconf 89' lang='lat' dir='ltr'><strong>qui</strong></span> <span class='ocrx_word' id='word_1_614' title='bbox 1707 4211 1901 4282; x_wconf 79' lang='lat' dir='ltr'><strong>lugent,</strong></span> <span class='ocrx_word' id='word_1_615' title='bbox 1933 4227 1990 4281; x_wconf 77' lang='lat' dir='ltr'><strong>qu</strong></span> 
     </span>
    </p>
   </div>
   <div class='ocr_carea' id='block_1_82' title="bbox 2157 4198 3666 4285">
    <p class='ocr_par' dir='ltr' id='par_1_82' title="bbox 2163 4198 3666 4285">
     <span class='ocr_line' id='line_1_82' title="bbox 2163 4198 3666 4285; baseline -0.004 -20"><span class='ocrx_word' id='word_1_616' title='bbox 2163 4212 2359 4281; x_wconf 67' lang='grc' dir='ltr'>ἔφερον</span> <span class='ocrx_word' id='word_1_617' title='bbox 2384 4210 2493 4283; x_wconf 87' lang='grc' dir='ltr'><strong>γὰρ</strong></span> <span class='ocrx_word' id='word_1_618' title='bbox 2520 4212 2586 4282; x_wconf 78' lang='grc' dir='ltr'><strong>τῇ</strong></span> <span class='ocrx_word' id='word_1_619' title='bbox 2619 4212 2806 4285; x_wconf 84' lang='grc' dir='ltr'>μνήμῃ</span> <span class='ocrx_word' id='word_1_620' title='bbox 2828 4211 2889 4265; x_wconf 84' lang='grc' dir='ltr'>τὸ</span> <span class='ocrx_word' id='word_1_621' title='bbox 2916 4212 3207 4284; x_wconf 82' lang='grc' dir='ltr'>περιμένον</span> <span class='ocrx_word' id='word_1_622' title='bbox 3226 4229 3294 4283; x_wconf 89' lang='grc' dir='ltr'><strong>με</strong></span> <span class='ocrx_word' id='word_1_623' title='bbox 3319 4210 3476 4273; x_wconf 81' lang='grc' dir='ltr'>τέλος·</span> <span class='ocrx_word' id='word_1_624' title='bbox 3502 4204 3599 4260; x_wconf 82' lang='grc' dir='ltr'>ἐπεὶ</span> <span class='ocrx_word' id='word_1_625' title='bbox 3613 4198 3666 4276; x_wconf 68' lang='grc' dir='ltr'>μὴ</span> 
     </span>
    </p>
   </div>
   <div class='ocr_carea' id='block_1_83' title="bbox 482 4300 1991 4376">
    <p class='ocr_par' dir='ltr' id='par_1_83' title="bbox 482 4300 1991 4376">
     <span class='ocr_line' id='line_1_83' title="bbox 482 4300 1991 4376; baseline 0.001 -23"><span class='ocrx_word' id='word_1_626' title='bbox 482 4301 629 4354; x_wconf 77' lang='lat' dir='ltr'><strong>uim</strong></span> <span class='ocrx_word' id='word_1_627' title='bbox 653 4300 1212 4370; x_wconf 71' lang='lat' dir='ltr'><strong>ipsi-consolabuntur.</strong></span> <span class='ocrx_word' id='word_1_628' title='bbox 1239 4302 1508 4369; x_wconf 88' lang='lat' dir='ltr'><strong>Quocirca</strong></span> <span class='ocrx_word' id='word_1_629' title='bbox 1555 4319 1680 4359; x_wconf 89' lang='lat' dir='ltr'><strong>cum</strong></span> <span class='ocrx_word' id='word_1_630' title='bbox 1727 4304 1897 4376; x_wconf 89' lang='lat' dir='ltr'><strong>probe</strong></span> <span class='ocrx_word' id='word_1_631' title='bbox 1933 4318 1991 4357; x_wconf 79' lang='lat' dir='ltr'><strong>nr</strong></span> 
     </span>
    </p>
   </div>
   <div class='ocr_carea' id='block_1_84' title="bbox 2153 4300 3662 4376">
    <p class='ocr_par' dir='ltr' id='par_1_84' title="bbox 2163 4300 3662 4371">
     <span class='ocr_line' id='line_1_84' title="bbox 2163 4300 3662 4371; baseline -0.006 -15"><span class='ocrx_word' id='word_1_632' title='bbox 2163 4300 2423 4371; x_wconf 72' lang='grc' dir='ltr'>ἠγνόουν,</span> <span class='ocrx_word' id='word_1_633' title='bbox 2466 4301 2548 4354; x_wconf 83' lang='grc' dir='ltr'>ὄτι</span> <span class='ocrx_word' id='word_1_634' title='bbox 2579 4300 2867 4370; x_wconf 73' lang='grc' dir='ltr'>Μακάριοι</span> <span class='ocrx_word' id='word_1_635' title='bbox 2897 4304 2951 4357; x_wconf 78' lang='lat' dir='ltr'><strong>oi</strong></span> <span class='ocrx_word' id='word_1_636' title='bbox 2995 4302 3376 4369; x_wconf 80' lang='grc' dir='ltr'>πενθοῦντες.</span> <span class='ocrx_word' id='word_1_637' title='bbox 3415 4300 3495 4353; x_wconf 82' lang='grc' dir='ltr'>ὅτι</span> <span class='ocrx_word' id='word_1_638' title='bbox 3525 4308 3662 4362; x_wconf 74' lang='grc' dir='ltr'>παρα·</span> 
     </span>
    </p>
   </div>
   <div class='ocr_carea' id='block_1_85' title="bbox 485 4383 1994 4491">
    <p class='ocr_par' dir='ltr' id='par_1_85' title="bbox 485 4396 1994 4465">
     <span class='ocr_line' id='line_1_85' title="bbox 485 4396 1994 4465; baseline 0.001 -16"><span class='ocrx_word' id='word_1_639' title='bbox 485 4408 623 4460; x_wconf 81' lang='lat' dir='ltr'><strong>sem,</strong></span> <span class='ocrx_word' id='word_1_640' title='bbox 650 4396 898 4464; x_wconf 88' lang='lat' dir='ltr'><strong>quoniam</strong></span> <span class='ocrx_word' id='word_1_641' title='bbox 928 4405 1052 4465; x_wconf 90' lang='lat' dir='ltr'><strong>post</strong></span> <span class='ocrx_word' id='word_1_642' title='bbox 1073 4396 1213 4452; x_wconf 75' lang='lat' dir='ltr'><strong>hatic</strong></span> <span class='ocrx_word' id='word_1_643' title='bbox 1244 4396 1520 4453; x_wconf 87' lang='lat' dir='ltr'><strong>tristitiam</strong></span> <span class='ocrx_word' id='word_1_644' title='bbox 1549 4396 1785 4453; x_wconf 86' lang='lat' dir='ltr'><strong>transibo</strong></span> <span class='ocrx_word' id='word_1_645' title='bbox 1812 4398 1869 4451; x_wconf 92' lang='lat' dir='ltr'><strong>in</strong></span> <span class='ocrx_word' id='word_1_646' title='bbox 1890 4396 1994 4451; x_wconf 74' lang='lat' dir='ltr'><strong>locu</strong></span> 
     </span>
    </p>
   </div>
   <div class='ocr_carea' id='block_1_86' title="bbox 2157 4383 3666 4491">
    <p class='ocr_par' dir='ltr' id='par_1_86' title="bbox 2164 4383 3666 4481">
     <span class='ocr_line' id='line_1_86' title="bbox 2164 4383 3666 4481; baseline -0.003 -34"><span class='ocrx_word' id='word_1_647' title='bbox 2164 4392 2595 4462; x_wconf 78' lang='grc' dir='ltr'>κληθήσονται.</span> <span class='ocrx_word' id='word_1_648' title='bbox 2648 4392 2743 4447; x_wconf 79' lang='grc' dir='ltr'><strong>Διὸ</strong></span> <span class='ocrx_word' id='word_1_649' title='bbox 2799 4392 2864 4464; x_wconf 86' lang='grc' dir='ltr'><strong>δὴ</strong></span> <span class='ocrx_word' id='word_1_650' title='bbox 2913 4394 3155 4464; x_wconf 75' lang='grc' dir='ltr'>ἀκριϐῶς</span> <span class='ocrx_word' id='word_1_651' title='bbox 3206 4395 3570 4464; x_wconf 72' lang='grc' dir='ltr'>ἐπιστάμενος,</span> <span class='ocrx_word' id='word_1_652' title='bbox 3604 4383 3666 4481; x_wconf 59' lang='grc' dir='ltr'><strong>ὅξι</strong></span> 
     </span>
    </p>
   </div>
   <div class='ocr_carea' id='block_1_87' title="bbox 487 4483 1996 4561">
    <p class='ocr_par' dir='ltr' id='par_1_87' title="bbox 487 4484 1949 4561">
     <span class='ocr_line' id='line_1_87' title="bbox 487 4484 1949 4561; baseline 0.003 -23"><span class='ocrx_word' id='word_1_653' title='bbox 487 4484 811 4541; x_wconf 78' lang='lat' dir='ltr'><strong>tabernaculi</strong></span> <span class='ocrx_word' id='word_1_654' title='bbox 862 4486 1192 4543; x_wconf 85' lang='lat' dir='ltr'><strong>admirabilis</strong></span> <span class='ocrx_word' id='word_1_655' title='bbox 1233 4505 1394 4561; x_wconf 85' lang='lat' dir='ltr'><strong>usque</strong></span> <span class='ocrx_word' id='word_1_656' title='bbox 1440 4487 1509 4544; x_wconf 82' lang='lat' dir='ltr'><strong>ad</strong></span> <span class='ocrx_word' id='word_1_657' title='bbox 1561 4489 1779 4545; x_wconf 86' lang='lat' dir='ltr'><strong>domum</strong></span> <span class='ocrx_word' id='word_1_658' title='bbox 1810 4488 1949 4555; x_wconf 90' lang='lat' dir='ltr'><strong>Dei,</strong></span> 
     </span>
    </p>
   </div>
   <div class='ocr_carea' id='block_1_88' title="bbox 2155 4483 3664 4561">
    <p class='ocr_par' dir='ltr' id='par_1_88' title="bbox 2167 4483 3664 4558">
     <span class='ocr_line' id='line_1_88' title="bbox 2167 4483 3664 4558; baseline 0.001 -20"><span class='ocrx_word' id='word_1_659' title='bbox 2167 4484 2307 4556; x_wconf 88' lang='grc' dir='ltr'><strong>μετά</strong></span> <span class='ocrx_word' id='word_1_660' title='bbox 2341 4484 2413 4539; x_wconf 89' lang='grc' dir='ltr'><strong>τά</strong></span> <span class='ocrx_word' id='word_1_661' title='bbox 2438 4483 2738 4558; x_wconf 85' lang='grc' dir='ltr'>σκυθρωπά</span> <span class='ocrx_word' id='word_1_662' title='bbox 2763 4484 3143 4556; x_wconf 78' lang='grc' dir='ltr'>διελεύσομαι</span> <span class='ocrx_word' id='word_1_663' title='bbox 3182 4486 3256 4540; x_wconf 78' lang='grc' dir='ltr'>ἐν</span> <span class='ocrx_word' id='word_1_664' title='bbox 3296 4487 3451 4550; x_wconf 79' lang='grc' dir='ltr'>τόπῳ</span> <span class='ocrx_word' id='word_1_665' title='bbox 3487 4490 3664 4544; x_wconf 69' lang='grc' dir='ltr'>σκηνης</span> 
     </span>
    </p>
   </div>
   <div class='ocr_carea' id='block_1_89' title="bbox 485 4561 1994 4650">
    <p class='ocr_par' dir='ltr' id='par_1_89' title="bbox 485 4578 1994 4650">
     <span class='ocr_line' id='line_1_89' title="bbox 485 4578 1994 4650; baseline 0.003 -18"><span class='ocrx_word' id='word_1_666' title='bbox 485 4594 604 4633; x_wconf 77' lang='lat' dir='ltr'><strong>uoce</strong></span> <span class='ocrx_word' id='word_1_667' title='bbox 627 4578 999 4633; x_wconf 75' lang='lat' dir='ltr'><strong>exsultationis</strong></span> <span class='ocrx_word' id='word_1_668' title='bbox 1018 4586 1069 4634; x_wconf 87' lang='lat' dir='ltr'><strong>et</strong></span> <span class='ocrx_word' id='word_1_669' title='bbox 1097 4580 1443 4650; x_wconf 84' lang='lat' dir='ltr'><strong>confessionis</strong></span> <span class='ocrx_word' id='word_1_670' title='bbox 1474 4583 1591 4637; x_wconf 88' lang='lat' dir='ltr'><strong>soni</strong></span> <span class='ocrx_word' id='word_1_671' title='bbox 1620 4582 1923 4649; x_wconf 83' lang='lat' dir='ltr'><strong>epulantis;</strong></span> <span class='ocrx_word' id='word_1_672' title='bbox 1952 4582 1994 4637; x_wconf 77' lang='lat' dir='ltr'><strong>lu</strong></span> 
     </span>
    </p>
   </div>
   <div class='ocr_carea' id='block_1_90' title="bbox 2155 4561 3664 4650">
    <p class='ocr_par' dir='ltr' id='par_1_90' title="bbox 2164 4561 3664 4648">
     <span class='ocr_line' id='line_1_90' title="bbox 2164 4561 3664 4648; baseline -0.001 -17"><span class='ocrx_word' id='word_1_673' title='bbox 2164 4576 2514 4648; x_wconf 81' lang='grc' dir='ltr'>θαυμαστῆς</span> <span class='ocrx_word' id='word_1_674' title='bbox 2556 4578 2667 4646; x_wconf 81' lang='grc' dir='ltr'>ἕως</span> <span class='ocrx_word' id='word_1_675' title='bbox 2709 4577 2816 4632; x_wconf 88' lang='grc' dir='ltr'>τοῦ</span> <span class='ocrx_word' id='word_1_676' title='bbox 2870 4578 3039 4633; x_wconf 79' lang='grc' dir='ltr'>οἴκου</span> <span class='ocrx_word' id='word_1_677' title='bbox 3083 4578 3190 4634; x_wconf 87' lang='grc' dir='ltr'>τοῦ</span> <span class='ocrx_word' id='word_1_678' title='bbox 3237 4577 3412 4643; x_wconf 83' lang='grc' dir='ltr'>Θεοῦ,</span> <span class='ocrx_word' id='word_1_679' title='bbox 3439 4575 3502 4629; x_wconf 79' lang='grc' dir='ltr'>ἐν</span> <span class='ocrx_word' id='word_1_680' title='bbox 3542 4561 3664 4640; x_wconf 71' lang='grc' dir='ltr'><strong>φωνῇ</strong></span> 
     </span>
    </p>
   </div>
   <div class='ocr_carea' id='block_1_91' title="bbox 486 4656 1995 4745">
    <p class='ocr_par' dir='ltr' id='par_1_91' title="bbox 486 4671 1995 4745">
     <span class='ocr_line' id='line_1_91' title="bbox 486 4671 1995 4745; baseline 0.001 -18"><span class='ocrx_word' id='word_1_681' title='bbox 486 4671 794 4728; x_wconf 75' lang='lat' dir='ltr'><strong>recordatus</strong></span> <span class='ocrx_word' id='word_1_682' title='bbox 823 4689 941 4727; x_wconf 86' lang='lat' dir='ltr'><strong>sum</strong></span> <span class='ocrx_word' id='word_1_683' title='bbox 964 4690 983 4728; x_wconf 91' lang='lat'><strong><em>:</em></strong></span> <span class='ocrx_word' id='word_1_684' title='bbox 1019 4687 1195 4744; x_wconf 89' lang='lat' dir='ltr'><strong>neque</strong></span> <span class='ocrx_word' id='word_1_685' title='bbox 1238 4688 1335 4745; x_wconf 90' lang='lat' dir='ltr'><strong>spe</strong></span> <span class='ocrx_word' id='word_1_686' title='bbox 1367 4690 1487 4729; x_wconf 88' lang='lat' dir='ltr'><strong>mea</strong></span> <span class='ocrx_word' id='word_1_687' title='bbox 1522 4674 1758 4740; x_wconf 81' lang='lat' dir='ltr'><strong>excidit,</strong></span> <span class='ocrx_word' id='word_1_688' title='bbox 1791 4675 1886 4731; x_wconf 90' lang='lat' dir='ltr'><strong>sed</strong></span> <span class='ocrx_word' id='word_1_689' title='bbox 1919 4676 1995 4731; x_wconf 90' lang='lat' dir='ltr'><strong>int</strong></span> 
     </span>
    </p>
   </div>
   <div class='ocr_carea' id='block_1_92' title="bbox 2156 4656 3665 4745">
    <p class='ocr_par' dir='ltr' id='par_1_92' title="bbox 2164 4656 3665 4742">
     <span class='ocr_line' id='line_1_92' title="bbox 2164 4656 3665 4742; baseline -0.006 -16"><span class='ocrx_word' id='word_1_690' title='bbox 2164 4669 2579 4741; x_wconf 71' lang='grc' dir='ltr'>ἀγαλλιάσεως</span> <span class='ocrx_word' id='word_1_691' title='bbox 2605 4668 2704 4724; x_wconf 73' lang='grc' dir='ltr'><strong>καί</strong></span> <span class='ocrx_word' id='word_1_692' title='bbox 2731 4670 3219 4742; x_wconf 76' lang='grc' dir='ltr'>ἐξομολογήσεως</span> <span class='ocrx_word' id='word_1_693' title='bbox 3244 4669 3395 4740; x_wconf 76' lang='grc' dir='ltr'>ἤχου</span> <span class='ocrx_word' id='word_1_694' title='bbox 3428 4656 3665 4733; x_wconf 73' lang='grc' dir='ltr'>ἑορτάζον’</span> 
     </span>
    </p>
   </div>
   <div class='ocr_carea' id='block_1_93' title="bbox 486 4745 1995 4837">
    <p class='ocr_par' dir='ltr' id='par_1_93' title="bbox 486 4762 1995 4837">
     <span class='ocr_line' id='line_1_93' title="bbox 486 4762 1995 4837; baseline 0.003 -20"><span class='ocrx_word' id='word_1_695' title='bbox 486 4763 759 4834; x_wconf 86' lang='lat' dir='ltr'><strong>meipsum</strong></span> <span class='ocrx_word' id='word_1_696' title='bbox 788 4762 952 4833; x_wconf 71' lang='lat' dir='ltr'><strong>e/fudi</strong></span> <span class='ocrx_word' id='word_1_697' title='bbox 987 4764 1222 4818; x_wconf 89' lang='lat' dir='ltr'><strong>animam</strong></span> <span class='ocrx_word' id='word_1_698' title='bbox 1248 4781 1441 4819; x_wconf 86' lang='lat' dir='ltr'><strong>meam.</strong></span> <span class='ocrx_word' id='word_1_699' title='bbox 1473 4764 1538 4820; x_wconf 88' lang='lat' dir='ltr'><strong>Et</strong></span> <span class='ocrx_word' id='word_1_700' title='bbox 1568 4766 1694 4837; x_wconf 89' lang='lat' dir='ltr'><strong>quia</strong></span> <span class='ocrx_word' id='word_1_701' title='bbox 1745 4767 1910 4822; x_wconf 89' lang='lat' dir='ltr'><strong>talem</strong></span> <span class='ocrx_word' id='word_1_702' title='bbox 1958 4767 1995 4823; x_wconf 90' lang='lat' dir='ltr'><strong>si</strong></span> 
     </span>
    </p>
   </div>
   <div class='ocr_carea' id='block_1_94' title="bbox 2156 4745 3665 4837">
    <p class='ocr_par' dir='ltr' id='par_1_94' title="bbox 2165 4745 3665 4833">
     <span class='ocr_line' id='line_1_94' title="bbox 2165 4745 3665 4833; baseline -0.001 -18"><span class='ocrx_word' id='word_1_703' title='bbox 2165 4778 2268 4829; x_wconf 88' lang='grc' dir='ltr'><strong>τος</strong></span> <span class='ocrx_word' id='word_1_704' title='bbox 2291 4802 2306 4827; x_wconf 93' lang='grc'><strong>,</strong></span> <span class='ocrx_word' id='word_1_705' title='bbox 2351 4762 2540 4816; x_wconf 86' lang='grc' dir='ltr'>ταῦτα</span> <span class='ocrx_word' id='word_1_706' title='bbox 2588 4760 2934 4833; x_wconf 74' lang='grc' dir='ltr'>ἐμνήσθην-ο</span> <span class='ocrx_word' id='word_1_707' title='bbox 2988 4763 3084 4817; x_wconf 72' lang='grc' dir='ltr'>καὶ</span> <span class='ocrx_word' id='word_1_708' title='bbox 3137 4763 3238 4816; x_wconf 85' lang='grc' dir='ltr'>οὐκ</span> <span class='ocrx_word' id='word_1_709' title='bbox 3296 4760 3556 4827; x_wconf 79' lang='grc' dir='ltr'>ἐξέπιπτον</span> <span class='ocrx_word' id='word_1_710' title='bbox 3595 4745 3665 4814; x_wconf 65' lang='grc' dir='ltr'><strong>τῆς</strong></span> 
     </span>
    </p>
   </div>
   <div class='ocr_carea' id='block_1_95' title="bbox 489 4837 1998 4928">
    <p class='ocr_par' dir='ltr' id='par_1_95' title="bbox 489 4844 1998 4928">
     <span class='ocr_line' id='line_1_95' title="bbox 489 4844 1998 4928; baseline 0.002 -18"><span class='ocrx_word' id='word_1_711' title='bbox 489 4870 640 4926; x_wconf 88' lang='lat' dir='ltr'><strong>spem</strong></span> <span class='ocrx_word' id='word_1_712' title='bbox 670 4844 1018 4927; x_wconf 80' lang='lat' dir='ltr'><strong>ascripserat,</strong></span> <span class='ocrx_word' id='word_1_713' title='bbox 1044 4856 1170 4926; x_wconf 86' lang='lat' dir='ltr'><strong>j-ure</strong></span> <span class='ocrx_word' id='word_1_714' title='bbox 1193 4871 1259 4913; x_wconf 90' lang='lat' dir='ltr'><strong>ac</strong></span> <span class='ocrx_word' id='word_1_715' title='bbox 1277 4857 1473 4913; x_wconf 83' lang='lat' dir='ltr'><strong>merito</strong></span> <span class='ocrx_word' id='word_1_716' title='bbox 1502 4858 1618 4928; x_wconf 91' lang='lat' dir='ltr'><strong>ipse</strong></span> <span class='ocrx_word' id='word_1_717' title='bbox 1653 4858 1759 4915; x_wconf 88' lang='lat' dir='ltr'><strong>sibi</strong></span> <span class='ocrx_word' id='word_1_718' title='bbox 1797 4858 1998 4915; x_wconf 84' lang='lat' dir='ltr'><strong>medela</strong></span> 
     </span>
    </p>
   </div>
   <div class='ocr_carea' id='block_1_96' title="bbox 2157 4837 3666 4928">
    <p class='ocr_par' dir='ltr' id='par_1_96' title="bbox 2164 4837 3666 4927">
     <span class='ocr_line' id='line_1_96' title="bbox 2164 4837 3666 4927; baseline 0.003 -21"><span class='ocrx_word' id='word_1_719' title='bbox 2164 4853 2399 4918; x_wconf 86' lang='grc' dir='ltr'>ἐλπίδος,</span> <span class='ocrx_word' id='word_1_720' title='bbox 2439 4854 2555 4909; x_wconf 82' lang='grc' dir='ltr'>ἀλλ’</span> <span class='ocrx_word' id='word_1_721' title='bbox 2594 4855 2834 4927; x_wconf 80' lang='grc' dir='ltr'>εἴσωπερ</span> <span class='ocrx_word' id='word_1_722' title='bbox 2873 4854 3093 4927; x_wconf 81' lang='grc' dir='ltr'>ἐμαυτῷ</span> <span class='ocrx_word' id='word_1_723' title='bbox 3124 4853 3334 4923; x_wconf 82' lang='grc' dir='ltr'><strong>ὲξέχεα</strong></span> <span class='ocrx_word' id='word_1_724' title='bbox 3364 4849 3470 4918; x_wconf 80' lang='grc' dir='ltr'>τὴν</span> <span class='ocrx_word' id='word_1_725' title='bbox 3508 4837 3666 4914; x_wconf 68' lang='grc' dir='ltr'><strong>ψυχήν</strong></span> 
     </span>
    </p>
   </div>
   <div class='ocr_carea' id='block_1_97' title="bbox 487 4932 1996 5020">
    <p class='ocr_par' dir='ltr' id='par_1_97' title="bbox 487 4947 1992 5017">
     <span class='ocr_line' id='line_1_97' title="bbox 487 4947 1992 5017; baseline 0.003 -15"><span class='ocrx_word' id='word_1_726' title='bbox 487 4948 739 5004; x_wconf 81' lang='lat' dir='ltr'><strong>admovet</strong></span> <span class='ocrx_word' id='word_1_727' title='bbox 779 4947 866 5005; x_wconf 85' lang='lat' dir='ltr'><strong>bis</strong></span> <span class='ocrx_word' id='word_1_728' title='bbox 902 4950 1084 5005; x_wconf 79' lang='lat' dir='ltr'><strong>verbis</strong></span> <span class='ocrx_word' id='word_1_729' title='bbox 1117 4969 1130 5004; x_wconf 92' lang='lat'>:</span> <span class='ocrx_word' id='word_1_730' title='bbox 1165 4949 1355 5017; x_wconf 77' lang='lat' dir='ltr'><strong>Quare.</strong></span> <span class='ocrx_word' id='word_1_731' title='bbox 1396 4951 1566 5005; x_wconf 83' lang='lat' dir='ltr'><strong>tristis</strong></span> <span class='ocrx_word' id='word_1_732' title='bbox 1595 4968 1671 5017; x_wconf 85' lang='lat' dir='ltr'><strong>es,</strong></span> <span class='ocrx_word' id='word_1_733' title='bbox 1706 4953 1887 5007; x_wconf 85' lang='lat' dir='ltr'><strong>anima</strong></span> <span class='ocrx_word' id='word_1_734' title='bbox 1913 4969 1992 5007; x_wconf 86' lang='lat' dir='ltr'><strong>me</strong></span> 
     </span>
    </p>
   </div>
   <div class='ocr_carea' id='block_1_98' title="bbox 2152 4932 3661 5020">
    <p class='ocr_par' dir='ltr' id='par_1_98' title="bbox 2165 4932 3661 5020">
     <span class='ocr_line' id='line_1_98' title="bbox 2165 4932 3661 5020; baseline -0.005 -20"><span class='ocrx_word' id='word_1_735' title='bbox 2165 4963 2303 5016; x_wconf 81' lang='grc' dir='ltr'>μου.</span> <span class='ocrx_word' id='word_1_736' title='bbox 2320 4946 2431 5000; x_wconf 78' lang='grc' dir='ltr'><strong>Καὶ</strong></span> <span class='ocrx_word' id='word_1_737' title='bbox 2463 4947 2648 5020; x_wconf 81' lang='grc' dir='ltr'>ἐπειδὴ</span> <span class='ocrx_word' id='word_1_738' title='bbox 2670 4947 2926 5013; x_wconf 76' lang='grc' dir='ltr'>τοιαύτας</span> <span class='ocrx_word' id='word_1_739' title='bbox 2947 4949 3259 5018; x_wconf 83' lang='grc' dir='ltr'>ὑπέγραφεν</span> <span class='ocrx_word' id='word_1_740' title='bbox 3290 4940 3458 5012; x_wconf 84' lang='grc' dir='ltr'>ἐαυτῷ</span> <span class='ocrx_word' id='word_1_741' title='bbox 3480 4932 3661 4992; x_wconf 75' lang='grc' dir='ltr'>ἐλπίδας.</span> 
     </span>
    </p>
   </div>
   <div class='ocr_carea' id='block_1_99' title="bbox 487 5021 1996 5115">
    <p class='ocr_par' dir='ltr' id='par_1_99' title="bbox 487 5040 1996 5114">
     <span class='ocr_line' id='line_1_99' title="bbox 487 5040 1996 5114; baseline 0.003 -21"><span class='ocrx_word' id='word_1_742' title='bbox 487 5049 537 5093; x_wconf 89' lang='lat' dir='ltr'><strong>et</strong></span> <span class='ocrx_word' id='word_1_743' title='bbox 565 5057 726 5109; x_wconf 90' lang='lat' dir='ltr'><strong>quare</strong></span> <span class='ocrx_word' id='word_1_744' title='bbox 750 5040 1034 5096; x_wconf 74' lang='lat' dir='ltr'><strong>conturbas</strong></span> <span class='ocrx_word' id='word_1_745' title='bbox 1063 5044 1190 5097; x_wconf 88' lang='lat' dir='ltr'><strong>me?</strong></span> <span class='ocrx_word' id='word_1_746' title='bbox 1221 5041 1388 5111; x_wconf 88' lang='lat' dir='ltr'><strong>Spera</strong></span> <span class='ocrx_word' id='word_1_747' title='bbox 1403 5045 1456 5096; x_wconf 88' lang='lat' dir='ltr'><strong>in</strong></span> <span class='ocrx_word' id='word_1_748' title='bbox 1478 5042 1609 5107; x_wconf 88' lang='lat' dir='ltr'><strong>Deo,</strong></span> <span class='ocrx_word' id='word_1_749' title='bbox 1629 5045 1874 5114; x_wconf 86' lang='lat' dir='ltr'><strong>quoniam</strong></span> <span class='ocrx_word' id='word_1_750' title='bbox 1894 5045 1996 5099; x_wconf 87' lang='lat' dir='ltr'><strong>adh</strong></span> 
     </span>
    </p>
   </div>
   <div class='ocr_carea' id='block_1_100' title="bbox 2160 5021 3669 5115">
    <p class='ocr_par' dir='ltr' id='par_1_100' title="bbox 2168 5021 3669 5115">
     <span class='ocr_line' id='line_1_100' title="bbox 2168 5021 3669 5115; baseline -0.006 -21"><span class='ocrx_word' id='word_1_751' title='bbox 2168 5041 2395 5107; x_wconf 83' lang='grc' dir='ltr'>εἰκότως</span> <span class='ocrx_word' id='word_1_752' title='bbox 2424 5042 2587 5107; x_wconf 83' lang='grc' dir='ltr'>αὐτὸς</span> <span class='ocrx_word' id='word_1_753' title='bbox 2629 5044 2819 5097; x_wconf 82' lang='grc' dir='ltr'>ἐαυτὸν</span> <span class='ocrx_word' id='word_1_754' title='bbox 2843 5043 3130 5115; x_wconf 85' lang='grc' dir='ltr'>θεραπεύει</span> <span class='ocrx_word' id='word_1_755' title='bbox 3162 5042 3257 5096; x_wconf 78' lang='grc' dir='ltr'>καὶ</span> <span class='ocrx_word' id='word_1_756' title='bbox 3295 5040 3464 5107; x_wconf 80' lang='grc' dir='ltr'>λέγει’</span> <span class='ocrx_word' id='word_1_757' title='bbox 3500 5032 3601 5087; x_wconf 80' lang='grc' dir='ltr'><strong>Ἵνα</strong></span> <span class='ocrx_word' id='word_1_758' title='bbox 3628 5021 3669 5076; x_wconf 65' lang='grc' dir='ltr'>τί</span> 
     </span>
    </p>
   </div>
   <div class='ocr_carea' id='block_1_101' title="bbox 487 5127 1996 5215">
    <p class='ocr_par' dir='ltr' id='par_1_101' title="bbox 487 5134 1991 5210">
     <span class='ocr_line' id='line_1_101' title="bbox 487 5134 1991 5210; baseline 0.003 -24"><span class='ocrx_word' id='word_1_759' title='bbox 487 5134 771 5202; x_wconf 80' lang='lat' dir='ltr'><strong>conﬁtebor</strong></span> <span class='ocrx_word' id='word_1_760' title='bbox 799 5135 900 5198; x_wconf 76' lang='lat' dir='ltr'><strong>illi;</strong></span> <span class='ocrx_word' id='word_1_761' title='bbox 923 5136 1161 5190; x_wconf 84' lang='lat' dir='ltr'><strong>salutare</strong></span> <span class='ocrx_word' id='word_1_762' title='bbox 1210 5135 1384 5190; x_wconf 77' lang='lat' dir='ltr'><strong>uultus</strong></span> <span class='ocrx_word' id='word_1_763' title='bbox 1435 5136 1536 5190; x_wconf 87' lang='lat' dir='ltr'><strong>mei</strong></span> <span class='ocrx_word' id='word_1_764' title='bbox 1585 5144 1636 5191; x_wconf 87' lang='lat' dir='ltr'><strong>et</strong></span> <span class='ocrx_word' id='word_1_765' title='bbox 1679 5135 1821 5193; x_wconf 85' lang='lat' dir='ltr'><strong>Deus</strong></span> <span class='ocrx_word' id='word_1_766' title='bbox 1875 5154 1991 5210; x_wconf 77' lang='lat' dir='ltr'><strong>men</strong></span> 
     </span>
    </p>
   </div>
   <div class='ocr_carea' id='block_1_102' title="bbox 2157 5127 3666 5215">
    <p class='ocr_par' dir='ltr' id='par_1_102' title="bbox 2166 5127 3666 5215">
     <span class='ocr_line' id='line_1_102' title="bbox 2166 5127 3666 5215; baseline 0.011 -15"><span class='ocrx_word' id='word_1_767' title='bbox 2166 5134 2500 5202; x_wconf 79' lang='grc' dir='ltr'>περίλυπος</span> <span class='ocrx_word' id='word_1_768' title='bbox 2536 5131 2610 5199; x_wconf 74' lang='grc' dir='ltr'>εἴ.</span> <span class='ocrx_word' id='word_1_769' title='bbox 2650 5137 2689 5205; x_wconf 69' lang='lat' dir='ltr'><strong>1i</strong></span> <span class='ocrx_word' id='word_1_770' title='bbox 2734 5135 2905 5205; x_wconf 68' lang='grc' dir='ltr'><strong>ψυχή</strong></span> <span class='ocrx_word' id='word_1_771' title='bbox 2950 5153 3100 5205; x_wconf 65' lang='grc' dir='ltr'><strong>μου,</strong></span> <span class='ocrx_word' id='word_1_772' title='bbox 3134 5132 3231 5188; x_wconf 65' lang='grc' dir='ltr'><strong>καὶ</strong></span> <span class='ocrx_word' id='word_1_773' title='bbox 3270 5133 3369 5186; x_wconf 70' lang='grc' dir='ltr'><strong>ἵνα</strong></span> <span class='ocrx_word' id='word_1_774' title='bbox 3399 5127 3453 5182; x_wconf 80' lang='grc' dir='ltr'>τί</span> <span class='ocrx_word' id='word_1_775' title='bbox 3494 5129 3666 5215; x_wconf 56' lang='grc' dir='ltr'><strong>σίῗνηῗ</strong></span> 
     </span>
    </p>
   </div>
   <div class='ocr_carea' id='block_1_103' title="bbox 487 5212 1996 5309">
    <p class='ocr_par' dir='ltr' id='par_1_103' title="bbox 487 5225 1996 5298">
     <span class='ocr_line' id='line_1_103' title="bbox 487 5225 1996 5298; baseline 0.003 -21"><span class='ocrx_word' id='word_1_776' title='bbox 487 5239 613 5278; x_wconf 87' lang='lat' dir='ltr'><strong>nam</strong></span> <span class='ocrx_word' id='word_1_777' title='bbox 645 5226 714 5280; x_wconf 91' lang='lat' dir='ltr'><strong>ad</strong></span> <span class='ocrx_word' id='word_1_778' title='bbox 752 5225 1003 5282; x_wconf 79' lang='lat' dir='ltr'><strong>ﬁduciam</strong></span> <span class='ocrx_word' id='word_1_779' title='bbox 1028 5267 1044 5292; x_wconf 97' lang='lat'><strong>,</strong></span> <span class='ocrx_word' id='word_1_780' title='bbox 1091 5228 1547 5298; x_wconf 66' lang='lat' dir='ltr'><strong>praesentiumque</strong></span> <span class='ocrx_word' id='word_1_781' title='bbox 1583 5243 1949 5284; x_wconf 68' lang='lat' dir='ltr'><strong>aerumnarum</strong></span> <span class='ocrx_word' id='word_1_782' title='bbox 1978 5236 1996 5282; x_wconf 93' lang='lat' dir='ltr'><strong>t</strong></span> 
     </span>
    </p>
   </div>
   <div class='ocr_carea' id='block_1_104' title="bbox 2159 5212 3668 5309">
    <p class='ocr_par' dir='ltr' id='par_1_104' title="bbox 2159 5212 3668 5309">
     <span class='ocr_line' id='line_1_104' title="bbox 2159 5212 3668 5309; baseline 0.013 -40"><span class='ocrx_word' id='word_1_783' title='bbox 2159 5225 2419 5295; x_wconf 77' lang='grc' dir='ltr'>ράσσεις</span> <span class='ocrx_word' id='word_1_784' title='bbox 2440 5242 2552 5297; x_wconf 86' lang='grc' dir='ltr'><strong>με;</strong></span> <span class='ocrx_word' id='word_1_785' title='bbox 2578 5228 2871 5281; x_wconf 74' lang='grc' dir='ltr'>’Έλπισον</span> <span class='ocrx_word' id='word_1_786' title='bbox 2913 5225 3011 5279; x_wconf 80' lang='grc' dir='ltr'>ἐπὶ</span> <span class='ocrx_word' id='word_1_787' title='bbox 3049 5223 3216 5287; x_wconf 77' lang='grc' dir='ltr'><strong>Θεὸν,</strong></span> <span class='ocrx_word' id='word_1_788' title='bbox 3259 5222 3345 5275; x_wconf 83' lang='grc' dir='ltr'>ὅτι</span> <span class='ocrx_word' id='word_1_789' title='bbox 3371 5212 3668 5309; x_wconf 42' lang='lat' dir='ltr'><strong>etvenit???</strong></span> 
     </span>
    </p>
   </div>
   <div class='ocr_carea' id='block_1_105' title="bbox 488 5297 1997 5392">
    <p class='ocr_par' dir='ltr' id='par_1_105' title="bbox 488 5297 1990 5392">
     <span class='ocr_line' id='line_1_105' title="bbox 488 5297 1990 5392; baseline 0.005 -24"><span class='ocrx_word' id='word_1_790' title='bbox 488 5315 775 5372; x_wconf 87' lang='lat' dir='ltr'><strong>lcrantiam</strong></span> <span class='ocrx_word' id='word_1_791' title='bbox 807 5334 929 5375; x_wconf 85' lang='lat' dir='ltr'><strong>sese</strong></span> <span class='ocrx_word' id='word_1_792' title='bbox 966 5297 1303 5374; x_wconf 76' lang='lat' dir='ltr'><strong>cohortatur.</strong></span> <span class='ocrx_word' id='word_1_793' title='bbox 1331 5297 1475 5373; x_wconf 80' lang='lat' dir='ltr'><strong>Cum</strong></span> <span class='ocrx_word' id='word_1_794' title='bbox 1511 5334 1676 5391; x_wconf 91' lang='lat' dir='ltr'><strong>porro</strong></span> <span class='ocrx_word' id='word_1_795' title='bbox 1703 5318 1990 5392; x_wconf 83' lang='lat' dir='ltr'><strong>Symmach</strong></span> 
     </span>
    </p>
   </div>
   <div class='ocr_carea' id='block_1_106' title="bbox 2157 5297 3666 5392">
    <p class='ocr_par' dir='ltr' id='par_1_106' title="bbox 2164 5297 3666 5392">
     <span class='ocr_line' id='line_1_106' title="bbox 2164 5297 3666 5392; baseline -0.008 -17"><span class='ocrx_word' id='word_1_796' title='bbox 2164 5336 2347 5392; x_wconf 83' lang='grc' dir='ltr'>σομαι</span> <span class='ocrx_word' id='word_1_797' title='bbox 2384 5318 2545 5385; x_wconf 86' lang='grc' dir='ltr'><strong>αὑτῷ</strong></span> <span class='ocrx_word' id='word_1_798' title='bbox 2579 5318 2875 5388; x_wconf 82' lang='grc' dir='ltr'>σωτήριον</span> <span class='ocrx_word' id='word_1_799' title='bbox 2903 5318 3008 5373; x_wconf 87' lang='grc' dir='ltr'>τοῦ</span> <span class='ocrx_word' id='word_1_800' title='bbox 3051 5314 3366 5386; x_wconf 72' lang='grc' dir='ltr'>προσώπου</span> <span class='ocrx_word' id='word_1_801' title='bbox 3393 5324 3502 5379; x_wconf 84' lang='grc' dir='ltr'>μου</span> <span class='ocrx_word' id='word_1_802' title='bbox 3536 5297 3613 5354; x_wconf 60' lang='grc' dir='ltr'><strong>καὶ</strong></span> 
     </span>
    </p>
   </div>
   <div class='ocr_carea' id='block_1_107' title="bbox 491 5379 2000 5483">
    <p class='ocr_par' dir='ltr' id='par_1_107' title="bbox 491 5379 2000 5482">
     <span class='ocr_line' id='line_1_107' title="bbox 491 5379 2000 5482; baseline 0.002 -21"><span class='ocrx_word' id='word_1_803' title='bbox 491 5408 569 5463; x_wconf 87' lang='lat' dir='ltr'><strong>ait</strong></span> <span class='ocrx_word' id='word_1_804' title='bbox 598 5426 612 5463; x_wconf 89' lang='lat'><strong>:</strong></span> <span class='ocrx_word' id='word_1_805' title='bbox 647 5408 914 5475; x_wconf 85' lang='lat' dir='ltr'><strong>Quoniam</strong></span> <span class='ocrx_word' id='word_1_806' title='bbox 953 5409 1194 5482; x_wconf 88' lang='lat' dir='ltr'><strong>egrediar</strong></span> <span class='ocrx_word' id='word_1_807' title='bbox 1221 5410 1290 5465; x_wconf 91' lang='lat' dir='ltr'><strong>ad</strong></span> <span class='ocrx_word' id='word_1_808' title='bbox 1316 5379 1994 5481; x_wconf 35' lang='lat' dir='ltr'><strong>tabernaculum,vbajulab</strong></span> 
     </span>
    </p>
   </div>
   <div class='ocr_carea' id='block_1_108' title="bbox 2156 5379 3665 5483">
    <p class='ocr_par' dir='ltr' id='par_1_108' title="bbox 2169 5379 3665 5483">
     <span class='ocr_line' id='line_1_108' title="bbox 2169 5379 3665 5483; baseline -0.01 -16"><span class='ocrx_word' id='word_1_809' title='bbox 2169 5379 2313 5477; x_wconf 65' lang='grc' dir='ltr'>οέὶςς</span> <span class='ocrx_word' id='word_1_810' title='bbox 2333 5429 2452 5481; x_wconf 87' lang='grc' dir='ltr'><strong>μου</strong></span> <span class='ocrx_word' id='word_1_811' title='bbox 2469 5428 2482 5442; x_wconf 74' lang='grc'><strong><em>⁸</em></strong></span> <span class='ocrx_word' id='word_1_812' title='bbox 2506 5379 2697 5483; x_wconf 82' lang='grc' dir='ltr'>θαρσεῖ</span> <span class='ocrx_word' id='word_1_813' title='bbox 2713 5379 2821 5482; x_wconf 58' lang='grc' dir='ltr'>γὰρ</span> <span class='ocrx_word' id='word_1_814' title='bbox 2840 5407 3017 5480; x_wconf 80' lang='grc' dir='ltr'>ἐαυτῷ</span> <span class='ocrx_word' id='word_1_815' title='bbox 3039 5379 3134 5462; x_wconf 74' lang='grc' dir='ltr'>καὶ</span> <span class='ocrx_word' id='word_1_816' title='bbox 3156 5404 3227 5459; x_wconf 84' lang='grc' dir='ltr'><strong>τὰ</strong></span> <span class='ocrx_word' id='word_1_817' title='bbox 3250 5401 3477 5475; x_wconf 82' lang='grc' dir='ltr'>παρόντα</span> <span class='ocrx_word' id='word_1_818' title='bbox 3499 5379 3665 5483; x_wconf 62' lang='grc' dir='ltr'>λνπηρά</span> 
     </span>
    </p>
   </div>
   <div class='ocr_carea' id='block_1_109' title="bbox 490 5480 1999 5575">
    <p class='ocr_par' dir='ltr' id='par_1_109' title="bbox 490 5480 1999 5575">
     <span class='ocr_line' id='line_1_109' title="bbox 490 5480 1999 5575; baseline 0.001 -24"><span class='ocrx_word' id='word_1_819' title='bbox 490 5515 654 5570; x_wconf 87' lang='lat' dir='ltr'><strong>usque</strong></span> <span class='ocrx_word' id='word_1_820' title='bbox 682 5499 750 5554; x_wconf 90' lang='lat' dir='ltr'><strong>ad</strong></span> <span class='ocrx_word' id='word_1_821' title='bbox 779 5480 995 5555; x_wconf 76' lang='lat' dir='ltr'><strong>domum</strong></span> <span class='ocrx_word' id='word_1_822' title='bbox 1028 5501 1148 5567; x_wconf 85' lang='lat' dir='ltr'><strong>Dei,</strong></span> <span class='ocrx_word' id='word_1_823' title='bbox 1179 5519 1447 5561; x_wconf 13' lang='lat' dir='ltr'><strong>cumevoce</strong></span> <span class='ocrx_word' id='word_1_824' title='bbox 1475 5480 1847 5575; x_wconf 80' lang='lat' dir='ltr'><strong>benedictionis</strong></span> <span class='ocrx_word' id='word_1_825' title='bbox 1864 5515 1913 5559; x_wconf 89' lang='lat' dir='ltr'><strong>et</strong></span> <span class='ocrx_word' id='word_1_826' title='bbox 1935 5520 1999 5558; x_wconf 84' lang='lat' dir='ltr'><strong>co</strong></span> 
     </span>
    </p>
   </div>
   <div class='ocr_carea' id='block_1_110' title="bbox 2151 5480 3660 5575">
    <p class='ocr_par' dir='ltr' id='par_1_110' title="bbox 2171 5480 3660 5575">
     <span class='ocr_line' id='line_1_110' title="bbox 2171 5480 3660 5575; baseline -0.006 -20"><span class='ocrx_word' id='word_1_827' title='bbox 2171 5480 2441 5571; x_wconf 71' lang='grc' dir='ltr'><strong>γενναίωςΔ</strong></span> <span class='ocrx_word' id='word_1_828' title='bbox 2462 5480 2648 5574; x_wconf 75' lang='grc' dir='ltr'>φέρειν</span> <span class='ocrx_word' id='word_1_829' title='bbox 2687 5480 3101 5574; x_wconf 81' lang='grc' dir='ltr'>παρεκελεύετο.</span> <span class='ocrx_word' id='word_1_830' title='bbox 3134 5495 3319 5566; x_wconf 81' lang='grc' dir='ltr'>Λέγων</span> <span class='ocrx_word' id='word_1_831' title='bbox 3351 5492 3402 5545; x_wconf 83' lang='grc' dir='ltr'>δὲ</span> <span class='ocrx_word' id='word_1_832' title='bbox 3439 5490 3465 5541; x_wconf 86' lang='grc' dir='ltr'>ὁ</span> <span class='ocrx_word' id='word_1_833' title='bbox 3492 5480 3660 5575; x_wconf 49' lang='lat' dir='ltr'><strong>xiiii?”</strong></span> 
     </span>
    </p>
   </div>
   <div class='ocr_carea' id='block_1_111' title="bbox 491 5574 2000 5671">
    <p class='ocr_par' dir='ltr' id='par_1_111' title="bbox 491 5590 2000 5661">
     <span class='ocr_line' id='line_1_111' title="bbox 491 5590 2000 5661; baseline 0 -16"><span class='ocrx_word' id='word_1_834' title='bbox 491 5590 735 5661; x_wconf 78' lang='lat' dir='ltr'><strong>fessionis</strong></span> <span class='ocrx_word' id='word_1_835' title='bbox 782 5593 1135 5649; x_wconf 74' lang='lat' dir='ltr'><strong>multitudinis</strong></span> <span class='ocrx_word' id='word_1_836' title='bbox 1193 5596 1616 5651; x_wconf 81' lang='lat' dir='ltr'><strong>concurrentium</strong></span> <span class='ocrx_word' id='word_1_837' title='bbox 1671 5595 1741 5650; x_wconf 89' lang='lat' dir='ltr'><strong>ad</strong></span> <span class='ocrx_word' id='word_1_838' title='bbox 1784 5595 2000 5651; x_wconf 81' lang='lat' dir='ltr'><strong>celebrit</strong></span> 
     </span>
    </p>
   </div>
   <div class='ocr_carea' id='block_1_112' title="bbox 2154 5574 3663 5671">
    <p class='ocr_par' dir='ltr' id='par_1_112' title="bbox 2168 5574 3663 5671">
     <span class='ocr_line' id='line_1_112' title="bbox 2168 5574 3663 5671; baseline -0.021 -8"><span class='ocrx_word' id='word_1_839' title='bbox 2168 5613 2281 5671; x_wconf 82' lang='grc' dir='ltr'>χος.</span> <span class='ocrx_word' id='word_1_840' title='bbox 2309 5596 2436 5651; x_wconf 78' lang='grc' dir='ltr'>Ὅτι</span> <span class='ocrx_word' id='word_1_841' title='bbox 2463 5594 2853 5667; x_wconf 60' lang='lat' dir='ltr'><strong>eameam</strong></span> <span class='ocrx_word' id='word_1_842' title='bbox 2877 5596 2964 5663; x_wconf 72' lang='grc' dir='ltr'><strong>είς</strong></span> <span class='ocrx_word' id='word_1_843' title='bbox 2991 5592 3104 5664; x_wconf 72' lang='grc' dir='ltr'>τὴν</span> <span class='ocrx_word' id='word_1_844' title='bbox 3129 5587 3381 5659; x_wconf 67' lang='grc' dir='ltr'>σκηνὴν,</span> <span class='ocrx_word' id='word_1_845' title='bbox 3409 5574 3663 5636; x_wconf 64' lang='grc' dir='ltr'>διαϐασταε</span> 
     </span>
    </p>
   </div>
   <div class='ocr_carea' id='block_1_113' title="bbox 562 5745 2055 5823">
    <p class='ocr_par' dir='ltr' id='par_1_113' title="bbox 562 5745 2055 5823">
     <span class='ocr_line' id='line_1_113' title="bbox 562 5745 2055 5823; baseline 0.019 -22"><span class='ocrx_word' id='word_1_846' title='bbox 562 5745 609 5786; x_wconf 77' lang='grc'><strong>³⁸</strong></span> <span class='ocrx_word' id='word_1_847' title='bbox 642 5745 783 5803; x_wconf 79' lang='lat' dir='ltr'><strong>Psal.</strong></span> <span class='ocrx_word' id='word_1_848' title='bbox 820 5761 890 5815; x_wconf 77' lang='grc' dir='ltr'><strong>ι,</strong></span> <span class='ocrx_word' id='word_1_849' title='bbox 929 5748 1014 5806; x_wconf 84' lang='grc' dir='ltr'><strong>ιι.</strong></span> <span class='ocrx_word' id='word_1_850' title='bbox 1090 5748 1131 5787; x_wconf 77' lang='grc'><strong>⁸⁷</strong></span> <span class='ocrx_word' id='word_1_851' title='bbox 1171 5747 1353 5814; x_wconf 67' lang='grc' dir='ltr'><strong>ηερε.</strong></span> <span class='ocrx_word' id='word_1_852' title='bbox 1386 5766 1447 5823; x_wconf 66' lang='grc'>1.,</span> <span class='ocrx_word' id='word_1_853' title='bbox 1473 5752 1527 5807; x_wconf 78' lang='lat'><strong>9-</strong></span> <span class='ocrx_word' id='word_1_854' title='bbox 1604 5751 1649 5785; x_wconf 81' lang='grc'><strong>³⁸</strong></span> <span class='ocrx_word' id='word_1_855' title='bbox 1688 5750 1878 5823; x_wconf 57' lang='lat' dir='ltr'><strong>“alm-</strong></span> <span class='ocrx_word' id='word_1_856' title='bbox 1915 5768 1971 5822; x_wconf 69' lang='grc' dir='ltr'><strong>νο</strong></span> <span class='ocrx_word' id='word_1_857' title='bbox 2004 5754 2055 5823; x_wconf 60' lang='grc' dir='ltr'>δτι</span> 
     </span>
    </p>
   </div>
  </div>
