3822 6280
153 365 246 421 573

151 481 416 556 καθήσομαι
455 479 564 546 ἕως
595 483 701 536 τοῦ
745 485 910 540 οἴκου
951 489 1054 542 τοῦ
1093 491 1259 554 Θεοῦ,
1288 495 1437 562 μετὰ
1479 497 1663 566 φωνῆς

1785 511 1918 564 tem;
1941 508 2022 561 vel
2049 511 2348 566 secundum
2393 513 2644 586 Aquilam
2687 539 2697 572 :
2731 519 2928 580 Laudis
2961 535 3012 581 et

151 574 412 640 εὐφημίας
447 574 543 625 καὶ
587 574 1073 648 ἐξομολογήσεως
1105 582 1376 652 πλήθους
1420 603 1683 658 πανηγυ-

146 663 421 732 ριζόντων·
447 663 478 733 ῆ
507 665 648 719 κατὰ
669 668 759 720 τὸν
796 669 1042 736 Ἀκύλαν,
1071 674 1364 744 Αἰνέσεως
1386 679 1482 733 καί
1513 682 1686 750 εὐχα-

145 753 350 822 ριστίας
375 753 560 822 ὄχλου
585 757 962 828 ἐορτάζῦντος
982 779 994 792 ⁸
1042 767 1277 838 παρίστη
1325 771 1506 824 ὁποῖον
1535 773 1683 828 ἔσται

150 845 346 920 τὸτέλος
365 846 468 899 τῶν
492 849 548 900 ὲν
565 848 644 920 τῷ
665 851 888 921 παρόντι
914 853 1012 926 βίῳ
1039 857 1144 912 πᾶν
1168 859 1228 912 τὺ
1253 861 1404 916 ἐπιὸν
1424 865 1682 932 γενναίως

151 937 509 1006 ὑπομενόντων.
535 943 570 993 Δ
581 941 690 994 ιαδέ
699 942 842 1007 Est-at
857 945 964 1018 γὰρ
979 949 1196 1016 τούτους
1211 953 1270 1006 τὸ
1283 959 1679 1032 τρισμακάριον

148 1028 292 1092 τέλος.
317 1033 354 1102 ἡ
392 1029 680 1107 θαυμαστὴ
715 1037 884 1108 σκηνὴ
916 1040 1006 1092 τοῦ
1032 1041 1190 1106 Θεοῦ,
1233 1047 1326 1099 καὶ
1354 1051 1381 1100 6
1419 1028 1682 1105 ἐνδοτάτω

149 1120 290 1188 αὐτῆς
313 1116 454 1184 οἶκος
491 1124 678 1192 αὐτοῦ,
715 1129 771 1182 ὲν
807 1122 851 1196 ᾧ
881 1131 928 1182 οἰ
975 1131 1116 1197 ἄξιοι
1170 1132 1690 1212 διαϐασταζόμενοιξ

150 1213 222 1264 καὶ
273 1213 521 1285 μετέωροι
577 1219 681 1272 ὑπὸ
725 1221 1029 1290 ἀγγελικῶν
1079 1226 1359 1302 δυνάμεων
1409 1235 1680 1306 αἰρόμενοι

148 1304 539 1384 εἰσαχβήσονται.
569 1311 635 1364 "A
657 1311 718 1384 δὴ
749 1315 840 1368 καὶ
871 1318 899 1368 6
941 1319 1260 1386 ’Λπόστολος
1281 1322 1434 1388 εἰδὼς
1466 1304 1677 1396 ἔλεγεν·

155 1393 602 1467 Ἀρετα-γησόμεθα
638 1402 708 1456 ἐν
737 1407 1016 1476 νεφέλαις
1043 1413 1131 1477 εἰς
1181 1412 1520 1482 ἀπάντησιν
1565 1393 1678 1473 τοῦ

147 1487 332 1553 Κιφῑου
359 1491 442 1556 εις
473 1491 641 1562 ἀέρα,
685 1497 783 1552 καί
819 1499 970 1555 οὕτω
1029 1503 1282 1558 πάντοτε
1321 1505 1443 1561 σὺν
1487 1511 1680 1578 Κυρίῳ

146 1577 382 1647 ἐσιᾷιεθα.

201 1689 386 1762 Σκηνὴν
440 1693 496 1746 δὲ
546 1694 870 1773 θαυμαστὴν
903 1702 996 1756 τοῦ
1049 1705 1182 1760 Θεοῦ
1230 1709 1483 1780 ὀνομάζει
1543 1715 1677 1786 πρὸς
1759 1717 1771 1725 “

145 1780 500 1854 ἀντιδιαστολὴν
533 1785 732 1857 ἑτέρας
764 1791 824 1842 οὐ
860 1791 1194 1866 θαυμαστῆς,
1221 1799 1378 1852 ὁποία
1413 1795 1540 1872 ἦνή
1583 1780 1674 1855 ἐπὶ

145 1873 376 1937 ΙΙωῦσέως
407 1875 496 1928 ἐπὶ
529 1877 635 1948 γῆς
687 1864 1190 1958 κατεσκευασμένη.
1251 1864 1574 1963 Θαυμαστην
1614 1893 1670 1952 δὲ
1704 1864 1744 1919 Β

145 1963 319 2033 ἀληθῶς
345 1963 542 2038 σκηνὴν
569 1971 808 2039 νοήσεις,
844 1973 912 2044 ἣν
937 1977 985 2028 oi
1023 1977 1284 2048 μακάριοι
1311 1979 1402 2034 τοῦ
1445 1981 1578 2035 Θεοῦ
1611 1983 1668 2042 ἐν

145 2053 316 2108 ἐλπίσιν
335 2056 582 2114 ἐτίθεντο.
605 2061 751 2132 Αὕτη
775 2063 830 2116 δὲ
858 2059 926 2136 ἦν
951 2066 984 2137 ἡ
1016 2069 1352 2140 ἐπουράνιος,
1377 2065 1444 2142 ἧς
1469 2072 1666 2138 τύπους

147 2148 457 2214 κατεσκεύαζε
472 2152 718 2224 Μωῦσῆς
735 2156 826 2209 ἐπὶ
852 2157 948 2227 τῆς
971 2159 1066 2229 ὲρή
1076 2176 1194 2228 μου.
1211 2161 1344 2232 Περὶ
1369 2159 1436 2235 ἦς
1457 2163 1666 2235 θαυμα-ι

146 2237 248 2308 στῆς
269 2241 452 2312 σκηνῆς
473 2243 566 2296 καὶ
587 2245 618 2296 ὁ
646 2243 788 2310 θεῖος
822 2249 1138 2314 Ἀπόστολος
1165 2251 1427 2308 διδάσκων
1445 2255 1628 2326 ἔλεγεν
1647 2275 1660 2288 ·

151 2331 378 2387 Τοιοῦτον
403 2335 626 2406 ἔχομεν
657 2339 954 2409 ἀρχιερέα,
983 2341 1050 2408 ὃς
1072 2341 1351 2398 ἐκάθισεν
1389 2347 1460 2400 ἐν
1500 2347 1666 2416 δεξιᾷ

147 2427 226 2478 τοῦ
249 2429 438 2494 θρόνου
475 2429 588 2498 τῆς
635 2435 1064 2502 μεγαλοσύνης
1111 2435 1178 2489 ἐν
1211 2437 1333 2504 τοῖς
1366 2441 1660 2508 οἱφανοῖς,

146 2517 236 2570 τῶν
260 2521 420 2587 ἁγίων
453 2524 804 2593 λειτουργὸς
832 2525 930 2579 καί
965 2525 1076 2595 τῆς
1108 2529 1346 2598 σκηνῆς
1375 2530 1482 2599 τῆς
1520 2533 1664 2600 ἁλη-

146 2607 296 2674 θινῆς,
321 2609 393 2676 ἢν
434 2611 667 2680 ἔπηξεν
705 2617 740 2669 ό
787 2617 1022 2684 Κύριος,
1057 2621 1166 2673 οὐκ
1198 2620 1534 2689 ἅνθρωπος·
1581 2621 1662 2689 οἷς

146 2700 336 2768 ἐπιλέγει
369 2703 519 2773 ἑξῆς·
547 2707 781 2774 Οἳτινες
811 2711 1195 2780 ὑποδείγματι
1249 2718 1346 2769 καὶ
1379 2715 1526 2784 σκιᾷ
1553 2721 1650 2770 λα-

141 2792 366 2854 τρεύουσι
392 2793 508 2847 τῶν
540 2797 942 2866 ἐπουρανίων,
968 2802 1161 2869 καθὼς
1199 2805 1662 2874 κεχρημάτισται

140 2881 348 2949 Μωῦσῆς
383 2884 636 2954 μέλλων
684 2889 978 2944 ἐπιτελεῖν
1024 2889 1140 2959 τὴν
1193 2894 1452 2962 σκηνήν.
1501 2896 1663 2964 Ὅρα,

141 2969 223 3038 γάρ
249 2987 379 3042 φησι,
419 2974 704 3043 ποιήσεις
738 2977 934 3032 πάντα
979 2981 1127 3034 κατὰ
1158 2983 1264 3036 τὸν
1307 2985 1497 3038 τύπον
1553 2988 1658 3039 τὸν

141 3061 392 3130 δειχθέντα
413 3085 505 3120 σοι
534 3069 615 3122 ὲν
645 3067 722 3134 τῷ
749 3070 888 3138 ὄρει.
931 3071 1088 3125 Ἀλλὰ
1116 3072 1286 3127 ταῦτα
1322 3075 1418 3144 μὲν
1453 3077 1656 3141 εἰκόνες

141 3148 244 3222 ἦσαν
281 3157 363 3210 καὶ
408 3159 658 3231 σύμϐολα
695 3161 802 3216 τῶν
851 3165 1218 3234 ἐπουρανίων·
1262 3167 1516 3236 Χριστὸς
1565 3168 1652 3235 δὲ,

143 3249 556 3316 παραγενόμενος
613 3251 922 3318 ἀρχιερεὺς
965 3252 1082 3306 τῶν
1124 3257 1474 3322 μελλόντων
1517 3259 1658 3328 ἀγα-

143 3332 258 3397 θῶν,
285 3337 372 3392 διὰ
409 3341 518 3409 τῆς
547 3341 827 3412 μείζονος
877 3344 974 3398 καί
1019 3346 1384 3414 τελειοτέρας
1424 3349 1660 3426 σκηνῆς

144 3426 196 3476 οὺ
222 3433 630 3501 χειροποιήτου,
662 3435 974 3490 τουτέστιν
1018 3439 1089 3491 οὺ
1129 3439 1350 3508 ταύτης
1396 3439 1506 3510 τῆς
1533 3444 1658 3497 κτί-

143 3533 275 3583 σεως,
298 3523 428 3576 οὐδὲ
456 3525 528 3578 δι’
565 3527 813 3594 αἵματος
871 3527 1102 3600 τράγων
1129 3531 1228 3585 καὶ
1266 3534 1534 3602 μόσχων,
1563 3534 1660 3596 διὰ

142 3605 192 3658 δὲ
217 3611 301 3664 τοῦ
349 3614 490 3670 ἰδίου
541 3618 795 3686 αἵματος
853 3619 1138 3688 εἰσῆλθεν
1186 3623 1425 3692 ἐφάπαξ
1461 3627 1547 3692 εἰς
1587 3627 1658 3681 τὰ

141 3694 270 3764 ἅγια,
309 3707 540 3760 αἰωνίαν
588 3708 891 3776 λύτρωσιν
920 3711 1282 3782 εὐράμενος.,
1303 3715 1366 3766 Εἰ
1409 3714 1464 3774 δὲ
1503 3715 1658 3784 χαρὰ

141 3787 315 3854 γίνεται
352 3794 416 3848 ὲν
454 3797 588 3862 τοῖς
617 3797 894 3865 οὐρανοῖς
927 3797 1040 3852 τῶν·
1081 3803 1328 3870 ἀγγέλων
1380 3803 1471 3860 τοῦ
1521 3805 1655 3860 Θεοῦ

140 3875 212 3929 ἐπί
234 3879 306 3934 ἐνί
332 3879 651 3954 ἁμαρτωλῷ
665 3886 1079 3954 μετανοοῦντι,
1110 3889 1354 3954 εἰκότως,
1381 3889 1657 3958 Θεοφιλοῦς

139 3965 277 4042 Ψδχῆς
311 3977 434 4044 μετὰ
463 3979 555 4032 τὸν
597 3977 842 4050 αὐτάρκη
869 3979 964 4031 καὶ
1001 3978 1092 4032 τὸν
1140 3981 1382 4052 παρόντα
1427 3981 1540 4052 βίον
1569 3982 1657 4036 διὰ

142 4067 390 4131 γυμνασίαν
421 4067 858 4141 καταξιουμένης
881 4071 982 4142 τῆς
1013 4073 1094 4134 εἰς
1124 4071 1194 4124 τὰ
1224 4073 1356 4141 ἆγια
1384 4073 1452 4126 τὰ
1493 4077 1655 4128 ἐπου-

143 4154 264 4221 ράνια
287 4157 469 4212 εἰσόδου
489 4202 502 4226 ,
547 4161 700 4233 φωνὴ
735 4161 940 4230 γίνεται
972 4164 1245 4234 εὐφημίας
1291 4163 1524 4236 πλήθους
1555 4183 1656 4221 πα-

141 4247 474 4316 νηγυριζόντων
518 4253 616 4305 κα)⁸
654 4255 1114 4326 εύχαριστούντων
1155 4256 1247 4310 ἐπὶ
1295 4259 1360 4328 τῇ
1413 4261 1656 4332 σωτηρίᾳ

141 4333 208 4386 τοῦ
249 4341 552 4410 σωζομένου.
585 4346 654 4398 Ἀ
700 4347 764 4418 δὴ
809 4349 1171 4419 πεπεισμένος
1215 4343 1354 4402 εἷναι
1398 4350 1570 4424 ἀληθῆ
1625 4355 1655 4406 ὁ

139 4427 302 4494 τούτοις
335 4436 716 4506 μαθητευθεὶς,
751 4440 974 4503 εἰκότως
1021 4440 1157 4511 πρὸς
1194 4442 1382 4495 ἑαυτὸν
1409 4444 1609 4512 φάσκει
1636 4463 1650 4477 ·

141 4515 232 4573 Ἵνα
257 4523 304 4575 τί
341 4529 662 4596 περίλυπος
716 4525 800 4594 εἷ,
848 4531 887 4600 ἡ
931 4531 1100 4599 ψυχή
1133 4549 1284 4601 μου,
1310 4533 1409 4586 καὶ
1449 4535 1548 4590 ἵνα
1595 4537 1654 4590 τί

140 4615 524 4686 συνταράσσεις
548 4637 658 4689 με;
689 4621 760 4673 Ἦ
793 4621 934 4674 κατὰ
963 4621 1054 4676 τὸν
1080 4622 1369 4694 Σύμμαχον
1388 4641 1401 4655 ⁸
1454 4627 1516 4680 Τί
1546 4645 1654 4682 κα·-

140 4703 412 4776 τιυιάμπτῃ,
439 4713 476 4779 ὴ
505 4711 674 4780 ψυχή
704 4729 843 4782 μου,
870 4713 966 4767 καί
988 4714 1044 4767 τί
1063 4714 1286 4784 θορυϐῇ
1310 4717 1437 4769 κατ’
1467 4718 1651 4786 ἐμοῦ;

147 4791 431 4862 Ἀνάμεινον
475 4803 582 4856 τὸν
630 4805 794 4868 Θεὸν,
839 4803 928 4859 ὅτι
974 4804 1260 4874 διηνεκῶς
1291 4807 1650 4879 ἐξομολογνή-

137 4894 276 4949 acuat
299 4890 446 4956 αὐτῷ
481 4893 589 4959 τὰς
607 4895 902 4963 σωτηρίας
928 4896 1033 4950 τοῦ
1073 4896 1394 4966 προσώπου
1424 4900 1608 4954 αὐτοῦ
1627 4917 1642 4932 ο

137 4967 184 5036 ἦν
207 4975 316 5042 ταῖς
355 4984 664 5050 σωτηρίαις
694 4985 802 5038 τοῦ
838 4985 1162 5052 προσώπου
1211 4987 1398 5042 αὐτοῦ
1422 5027 1437 5052 ,
1504 4991 1644 5044 κατά

137 5057 204 5110 τὸν
235 5063 458 5124 Ἀκύλαν.
477 5073 768 5145 Γενόμενος
792 5075 1042 5146 γὰρ-ὅσον
1067 5077 1277 5131 οὐδέπω
1297 5080 1357 5133 ἐν
1384 5083 1449 5152 τῇ
1476 5085 1648 5154 σχηνῇ

139 5149 208 5241 τοῦ
231 5154 365 5224 Θεοῦ,
399 5164 488 5216 καὶ
517 5165 619 5218 ὑπὸ
649 5165 894 5234 ἀγγέλων
924 5167 1092 5235 ἁγίων
1119 5149 1532 5241 διαϐασταχδεὶς

139 5240 184 5291 τὸ
207 5243 316 5314 ὕψος
347 5255 436 5307 καὶ
457 5257 516 5308 τὸ
548 5257 769 5329 ἔπαρμα
796 5259 968 5329 αὐτῆς
1000 5259 1060 5313 τδ
1098 5240 1436 5332 ἐπουράνιον,
1474 5281 1648 5335 παρα-

141 5337 358 5410 στήσομαι
395 5345 468 5416 τῷ
496 5349 766 5421 προσώπῳ
791 5351 886 5405 τοῦ
928 5351 1086 5418 Θεοῦ,
1121 5353 1215 5406 καὶ
1259 5354 1518 5427 τεύξομαι
1549 5357 1648 5426 τῆς

141 5419 240 5490 θέας
271 5433 352 5486 τοῦ
379 5419 637 5513 σωτηρίου
701 5441 862 5495 αὐτοῦ
883 5459 896 5472 ·
925 5442 1129 5496 τούτων
1173 5443 1424 5509 ἀξιωθεὶς
1445 5485 1460 5510 ,
1503 5448 1646 5502 κατὰ

141 5518 291 5607 κηρὸν
325 5525 615 5600 ἀναπέμψω
644 5531 741 5602 τὴν
768 5530 1148 5604 ἐξομολόγησιν
1180 5537 1274 5588 κα)⁴
1303 5535 1400 5607 τὴν
1434 5536 1644 5605 ὀφειλο-

145 5605 278 5680 μένην
303 5616 629 5690 εὐχαριστίαν
655 5623 820 5694 αὐτῷ.

1239 349 1663 432 consitam”

1780 379 1844 434 ΙΝ
1883 377 2215 444 PSALMOS.
3244 411 3308 444 2-.
3319 393 3347 444 ι’

3243 411 3354 469 5τᾷ

3054 532 3345 598 gratiarum

1794 599 2014 652 actionis
2047 601 2215 656 turba:
2241 603 2434 672 festum
2468 609 2810 677 celebrantis;
2863 617 3098 676 declarat
3144 624 3234 692 q-ui
3287 625 3340 676 li-

1787 691 1872 746 nis
1895 705 2082 746 eorum
2125 693 2345 752 futurus
2386 698 2477 764 sit,
2501 702 2593 770 qui
2625 703 2678 757 in
2713 704 2813 760 hac
2845 708 2948 762 vita
2970 725 3130 770 casus
3157 691 3343 773 omnes

1787 785 2007 834 strenue
2057 783 2434 842 sustinuerint.
2487 787 2598 847 llos
2642 793 2785 850 enim
2817 799 3046 870 excipiet
3089 803 3344 864 felicissi-

1783 887 1904 928 mus
1945 873 2088 940 ﬁnis,
2120 877 2372 937 videlicet
2421 883 2825 944 tabernaculum
2859 891 2988 948 illud
3035 895 3130 952 Dei
3170 901 3343 956 admi-

1773 963 2033 1032 randum,
2058 973 2110 1020 et
2138 983 2256 1038 qua
2285 970 2340 1025 in
2367 971 2572 1032 intimis
2601 977 2720 1047 ejus
2765 983 3013 1050 partibus
3055 988 3229 1056 posita
3257 999 3343 1047 est

1781 1056 1976 1112 domus
1999 1057 2114 1124 Dei,
2145 1061 2198 1116 in
2233 1059 2393 1132 quam
2419 1069 2594 1124 sancti
2636 1071 2884 1131 homines
2921 1077 3250 1148 deferentur,
3277 1099 3342 1138 ac

1781 1149 2044 1206 sublimes
2078 1151 2146 1207 ab
2193 1155 2450 1226 angelicis
2496 1161 2791 1222 virtutibus
2819 1167 2944 1222 elati
2975 1170 3340 1230 intromitten-

1779 1249 1888 1297 tur.
1914 1243 2154 1312 Quorum
2193 1261 2396 1317 gnarus
2418 1249 2709 1320 Apostolus
2731 1257 2802 1313 ita
2837 1261 3154 1333 loquebatur
3183 1285 3196 1320 :
3231 1265 3340 1322 Ra-

1777 1339 1981 1405 piemur
2012 1340 2066 1392 in
2112 1341 2334 1396 nubibus
2365 1345 2570 1402 obviam
2610 1347 2833 1408 Domino
2875 1355 2928 1410 in
2963 1373 3087 1414 aera
3110 1397 3125 1425 ,
3175 1369 3224 1420 et
3261 1362 3342 1418 sic

1777 1448 1979 1502 semper
2001 1452 2117 1490 cum
2151 1437 2377 1496 Domino
2407 1443 2601 1498 erimus
2639 1445 2706 1506 ³³.

1847 1728 2278 1792 Tabernaculum
2313 1747 2492 1796 autem
2523 1741 2618 1800 Dei
2656 1747 2900 1805 mirabile
2927 1762 3104 1820 vocat,
3137 1757 3349 1814 ad'dil‘a

1777 1822 2058 1882 ferentiam
2107 1830 2329 1889 alterius
2380 1836 2524 1906 quod
2581 1853 2711 1896 sane
2755 1843 3002 1901 mirabile
3045 1859 3284 1906 nonest

1775 1921 1936 1988 quale
1959 1933 2075 1979 erat
2115 1925 2246 1982 illud
2273 1935 2517 2002 tempore
2561 1931 2761 2006 Moysis
2803 1937 2859 1992 in
2909 1946 3054 1995 terra
3085 1952 3348 2000 constru-.

1771 2023 1941 2072 ctum.
1978 2015 2222 2075 Mirabile
2245 2032 2422 2076 autem
2453 2040 2640 2081 revera
2680 2029 3086 2088 tabernaculum
3144 2037 3334 2092 intelli-

1771 2121 1907 2175 gas,
1957 2109 2102 2179 quod
2135 2110 2277 2166 beati
2307 2112 2403 2168 Dei
2444 2114 2497 2169 in
2557 2133 2708 2188 spem
2755 2122 2858 2176 sibi
2909 2126 3330 2188 constituerunt.

1771 2195 1885 2252 Hoc
1921 2209 2099 2254 autem
2141 2204 2360 2260 cmleste
2417 2205 2545 2261 illud
2577 2218 2713 2276 erat,
2736 2214 2894 2282 cujus
2935 2216 3160 2287 ﬁguram
3193 2219 3334 2284 Mov-

1771 2303 1860 2344 ses
1885 2291 1942 2345 in
1963 2292 2176 2349 deserto
2203 2295 2508 2354 adornavit.
2557 2299 2631 2357 De
2664 2319 2773 2374 quo
2813 2308 3118 2364 admirabili
3153 2313 3328 2368 taber-

1769 2385 1967 2438 naculo
1995 2384 2110 2442 luce
2141 2389 2365 2444 tradidit
2408 2391 2626 2450 divinus
2661 2395 2990 2466 Apostolus:
3027 2401 3207 2457 Talem
3235 2405 3332 2458 ha-

1769 2471 1947 2528 bemus
1985 2479 2310 2548 pontiﬁcem,
2374 2484 2464 2553 qui
2513 2487 2744 2541 consedit
2791 2489 2846 2543 in
2897 2491 3110 2548 dextera
3157 2495 3332 2550 throni

1768 2569 2146 2636 magnitudinis
2177 2572 2228 2626 in
2259 2575 2402 2629 caelis
2427 2616 2442 2639 ,
2473 2589 2778 2634 sanctorum
2801 2583 3039 2638 minister
3065 2594 3115 2639 et
3153 2587 3331 2641 taber-

1767 2659 1946 2712 naculi
1975 2663 2081 2714 veri
2108 2663 2244 2733 quod
2267 2667 2384 2734 ﬁxit
2411 2667 2683 2735 Dominus,
2707 2681 2756 2726 et
2785 2689 2886 2727 non
2909 2674 3060 2729 homo
3091 2677 3169 2744 “’;
3209 2681 3332 2748 qui-

1765 2749 1868 2806 bus
1896 2752 2090 2808 deinde
2114 2756 2393 2829 subjungit
2427 2779 2439 2814 :
2473 2761 2578 2826 Qui
2605 2764 2893 2832 exemplari
2925 2777 2975 2820 et
3005 2768 3205 2823 umbra:
3234 2770 3328 2824 de»

1765 2845 2324 2913 serviuntccelestium,
2371 2852 2506 2906 sicut
2561 2870 2860 2922 responsum
2889 2868 2967 2912 est
2999 2859 3173 2932 Moysi
3211 2879 3328 2918 cum

1763 2953 2140 2996 consummare.
2181 2941 2333 2998 vellet
2397 2943 2833 3004 tabernaculum:
2889 2949 3051 3018 Vide,
3113 2953 3326 3026 inquit,

1764 3031 1940 3084 omnia
1963 3032 2125 3101 facito
2153 3035 2438 3090 secundum
2463 3040 2751 3109 exemplar,
2769 3042 2908 3112 quod
2937 3045 3030 3100 tibi
3059 3055 3327 3104 ostensum

1759 3131 1836 3176 est
1863 3123 1920 3176 in
1952 3135 2123 3180 monte
2151 3125 2214 3181 “.
2251 3126 2355 3184 Sed
2389 3129 2504 3185 haec
2539 3133 2754 3202 quidem
2799 3134 3062 3206 imagines
3089 3151 3327 3196 erantet

1685 3221 1726 3283 (ς
1762 3213 2007 3282 symbola
2035 3214 2360 3272 caelestium.
2395 3216 2636 3274 Christus
2669 3231 2843 3276 autem
2876 3225 3130 3279 assistens
3152 3228 3328 3294 ponti-

1758 3303 1848 3372 [ex
1892 3304 2192 3374 futurorum
2223 3307 2512 3377 bonorum,
2570 3329 2664 3382 per
2701 3316 2928 3384 amplius
2969 3325 3020 3372 et
3045 3319 3324 3390 perfectius

1759 3397 2153 3453 tabernaculum
2195 3416 2298 3455 non
2338 3403 2718 3473 manufactum,
2782 3405 2837 3459 id
2873 3415 2952 3462 est
3014 3425 3118 3463 non
3169 3409 3326 3478 hujus

1757 3491 2078 3555 creationis;
2103 3508 2263 3562 neque
2287 3509 2378 3563 per
2404 3497 2709 3567 sanguinem
2735 3498 3000 3555 hircorum
3021 3511 3114 3556 aut
3133 3503 3324 3559 vitulo-

1757 3598 1906 3646 rum,
1939 3583 2030 3637 sed
2059 3601 2152 3654 per
2171 3587 2442 3656 praprium
2471 3591 2778 3660 sanguinem
2817 3593 3052 3648 introivit
3080 3597 3239 3650 semel
3269 3599 3324 3650 in

1755 3685 1963 3741 sancta,
1993 3687 2190 3732 (eterna
2223 3677 2569 3750 redemptione
2599 3683 2805 3738 inventa
2831 3685 2898 3738 δ’.
2925 3685 3082 3750 Quod
3109 3689 3154 3742 si
3183 3705 3318 3757 gau-

1755 3767 1902 3820 dium
1922 3776 2000 3822 est
2028 3771 2082 3822 in
2107 3769 2248 3825 caelis
2279 3772 2483 3841 angelis
2511 3771 2626 3838 Dei,
2649 3775 2711 3828 de
2739 3791 2843 3830 uno
2864 3787 3134 3844 peccatore
3153 3782 3318 3848 paeni-

1758 3860 1978 3913 tentiam
2013 3871 2194 3930 agente
2223 3862 2290 3929 “,
2316 3863 2509 3917 merito
2531 3880 2664 3921 sane
2685 3881 2809 3920 cum
2837 3867 3087 3938 religiosa
3117 3873 3340 3941 anima,‘

1755 3959 1877 4020 post
1909 3962 2189 4022 peractum
2243 3955 2407 4024 hujus
2469 3956 2593 4011 vitae
2651 3973 2910 4025 cursum,
2965 3962 3212 4033 ingressu
3263 3964 3330 4023 in,

1755 4055 1945 4099 sancta
1972 4045 2068 4100 illa.
2089 4047 2330 4102 ccelestia
2365 4052 2769 4110 exercitationis
2803 4067 2914 4107 sum
2953 4068 3119 4110 causa
3151 4055 3318 4110 dona-

1754 4145 1864 4201 tur,
1885 4151 1992 4192 vox
2023 4138 2418 4196 benedictionis
2461 4142 2623 4198 datur
2655 4158 2686 4198 a
2715 4145 3060 4202 multitudine
3099 4148 3322 4203 celebri-

1756 4236 1920 4285 tatem
1952 4238 2007 4288 et
2035 4233 2334 4302 gratiarum
2362 4233 2630 4290 actionem
2666 4245 2858 4307 agente
2885 4253 2985 4308 pro
3027 4247 3182 4309 parta
3213 4239 3318 4312 ipsi

1754 4324 1946 4379 salute.
1981 4325 2111 4392 Quae
2158 4341 2281 4380 cum
2309 4341 2436 4382 vera
2463 4342 2588 4383 esse
2627 4343 2948 4398 persuasum
2981 4329 3176 4388 habeat
3223 4337 3318 4404 qui

1754 4415 1956 4472 talibus
1995 4417 2280 4473 institutus
2309 4417 2612 4489 disciplinis
2649 4429 2766 4486 est,
2806 4421 2930 4490 jure
2967 4425 3317 4494 semetipsum

1755 4511 1831 4565 ita
1865 4513 2186 4582 alloquitur:
2212 4511 2388 4579 Quare
2411 4515 2576 4568 tristis
2602 4532 2676 4580 es,
2707 4517 2890 4570 anima
2915 4533 3050 4582 mea,
3077 4527 3128 4571 et
3155 4534 3318 4585 quare

1754 4608 2034 4662 conturbas
2063 4609 2184 4662 me?
2214 4605 2357 4673 Sive,
2379 4608 2673 4664 secundum
2699 4608 3076 4680 Symmachum
3099 4629 3112 4664 :
3141 4611 3320 4676 Quare

1754 4698 2275 4768 defatigaris,anima
2305 4715 2444 4765 mea,
2477 4707 2529 4753 et
2569 4716 2733 4770 quare
2756 4683 2938 4754 turbas.
2965 4699 3164 4754 excitus
3192 4716 3319 4754 con-

1751 4802 1834 4847 tra
1863 4795 1981 4848 me?
2017 4790 2278 4860 Exspecta
2307 4792 2494 4857 Deum,
2522 4794 2770 4863 quoniam
2799 4791 3009 4847 assidue
3035 4791 3318 4860 confitebor.

1745 4886 1816 4950 ei,
1849 4884 2046 4940 salutes
2072 4886 2244 4941 vultus
2271 4886 2420 4955 ejus;
2459 4895 2573 4952 aut,
2618 4888 2874 4942 salutibus
2901 4885 3072 4940 vultus
3095 4887 3227 4954 ejus,
3257 4895 3324 4940 ut-

1741 4977 1910 5044 habet
1956 4977 2172 5049 Aquila.
2210 4979 2345 5036 Nam
2377 4997 2498 5038 eum
2519 4983 2632 5053 jam
2659 4997 2796 5053 pene
2823 4981 2888 5035 ad
2905 4981 3318 5037 tabernaculum

1751 5071 1845 5129 Dei
1875 5077 2214 5144 pervenerim
2233 5117 2249 5144 ,
2280 5087 2443 5150 atque
2487 5081 2558 5135 ob
2585 5077 2961 5134 celsitudinem
2987 5085 3040 5134 et
3069 5077 3316 5134 sublimi—

1751 5175 1916 5224 tatem
1947 5169 2065 5239 ejus
2113 5173 2390 5228 coelestem
2453 5185 2484 5225 a
2535 5171 2739 5226 sanctis
2787 5171 2991 5242 angelis
3038 5171 3316 5240 bajulatus

1750 5261 1876 5327 sim,
1907 5263 2078 5318 vultui
2122 5262 2216 5320 Dei
2251 5265 2437 5329 sistar,
2480 5271 2533 5318 et
2565 5263 3023 5333 contemplatione
3059 5263 3318 5319 salutaris

1750 5355 1891 5424 ejus,
1918 5355 2003 5412 his
2031 5356 2308 5426 dignatus,
2327 5355 2598 5426 perfruar,
2617 5371 2725 5425 quo
2756 5365 2996 5424 tempore
3016 5355 3318 5414 confessio-

1751 5460 1874 5501 nem
1900 5447 2244 5517 debitamque
2277 5447 2576 5518 gratiarum
2605 5447 2870 5502 actionem
2904 5447 3169 5503 emittam.

197 5762 231 5802 υ
267 5766 485 5830 lTliess.
520 5791 591 5848 iv,
627 5777 709 5832 i6.
789 5777 828 5811 ⁵ο
868 5778 1032 5838 Hebr.
1065 5797 1193 5852 vni,
1231 5781 1280 5851 l,
1321 5783 1374 5838 2.
1451 5785 1490 5818 δ’
1530 5783 1660 5841 ibid.

1825 5787 1868 5818 δ’
1913 5782 2074 5853 Hebr.
2113 5798 2187 5854 Ix,
2233 5781 2314 5853 ll,
2353 5782 2438 5840 l2.
2519 5783 2560 5816 ’⁸³
2608 5781 2718 5852 Luc
2774 5782 2954 5856 “,1,
