3822 6280
210 307 327 363 577

1349 304 1845 363 COMMENTARIA
1881 306 1946 361 IN
1983 306 2322 362 PSALMOS.

3284 295 3290 303 '
3344 310 3449 366 s73

218 416 299 485 εἶ,
327 421 427 474 ναὶ
458 422 560 476 καὶ
588 427 898 496 οἰκτίρμων
924 428 1020 481 καὶ
1050 429 1447 497 μακρόθυμος.
1505 428 1593 480 Διὸ
1621 428 1778 498 ἐμαυ-

1903 425 2063 490 Deus,
2092 427 2387 479 misericors
2422 442 2496 488 es,
2521 441 2584 479 ac
2627 425 2787 479 etiam
2830 431 3109 480 miscrator
3135 435 3184 480 et
3209 426 3453 497 longani-

211 511 309 564 τὸν
361 509 680 581 θεραπεύων
730 516 951 583 ἀγαθαῖς
1011 515 1243 581 ἐλπίσιν,
1303 513 1484 580 εἰδὼς,
1524 513 1604 566 ὃτι
1653 518 1789 569 καθι

221 600 453 669 ημέραν
496 602 563 655 τὸ
608 604 780 670 ἕλεος
824 606 1006 659 αὐτοῦ
1046 605 1363 659 ἐντελεῖται
1415 610 1447 658 ό
1492 606 1652 671 Θεὸς,
1692 606 1790 671 τὰς

222 694 429 756 νύκτας
458 696 525 764 τῇ
560 694 672 765 ᾠδῇ
699 696 861 749 αὑτοῦ
904 696 1175 767 σχολάζων
1206 696 1451 751 διατελῶ.
1478 698 1610 752 Μεθ’
1652 696 1789 768 ὴμέ-

227 804 329 857 ραν
371 790 468 858 μὲν
500 788 608 858 γὰρ
645 789 744 853 τὰς
776 789 882 842 τῶν
925 790 1222 861 ἀνθρώπων
1263 790 1402 862 ὀρῶν
1435 790 1657 861 πράξεις
1697 793 1790 844 καί

221 879 325 943 τὰς
382 880 682 946 κυκλούσας
715 884 860 953 ἡμᾶς
902 884 1215 954 συμφορὰς,
1265 883 1389 947 τούς
1422 901 1479 936 τε
1532 900 1790 953 μετεωρι-

222 971 400 1041 σμούς
432 989 526 1026 σου
565 974 659 1026 καὶ
705 974 773 1027 τὰ
801 975 1020 1045 κύματά
1072 993 1183 1039 σου,
1228 976 1363 1048 πρὸς
1398 975 1628 1046 ἐμαυτὸν
1655 977 1790 1028 ἀπο-

217 1066 461 1138 δύρομαι
479 1084 493 1096 ο
516 1067 623 1121 τῶν
645 1068 700 1120 δὲ
720 1068 787 1121 δι’
809 1068 1017 1141 ἡμέρας
1048 1087 1114 1140 με
1138 1070 1504 1142 θορυϐούντων
1525 1071 1787 1141 σχολάσας

215 1156 307 1209 διὰ
334 1158 435 1228 τῆς
460 1159 669 1223 νυκτὸς,
692 1161 1149 1230 ἀναπεμπάζομαι
1179 1162 1246 1215 τὰ
1279 1163 1400 1232 ἐλὲη
1431 1163 1523 1215 τοῦ
1546 1164 1748 1234 Κυρίου
1768 1181 1782 1195 ’

218 1249 767 1321 ἀναμιμνῃσκόμενος
814 1270 873 1305 τε
920 1254 1065 1316 ὅπως
1118 1253 1235 1307 καθ’
1284 1256 1494 1326 ἡμέραν
1538 1254 1598 1308 τὸ
1640 1255 1786 1320 ἕλεος

216 1339 389 1397 αὑτοῦ
418 1340 735 1406 ἐντέλλεται,
768 1343 985 1414 ᾄσματα
1015 1342 1160 1414 αὐτῷ
1184 1346 1277 1399 καὶ
1304 1345 1445 1415 ᾠδὰς
1482 1346 1787 1416 ἀναπέμπω

219 1432 419 1503 σχολὴν
478 1433 622 1502 ἄγων
670 1435 769 1498 τὰς
821 1435 1038 1499 νύκτας.
1097 1439 1186 1490 Διὸ
1247 1437 1310 1508 δὴ
1361 1438 1455 1490 καὶ
1505 1437 1779 1490 λέλεκταιι

214 1524 330 1577 Καὶ
370 1525 592 1591 νυκτὸς
621 1527 744 1596 ᾠδὴ
793 1530 978 1584 αὑτοῦ
1025 1533 1161 1598 παρ’
1201 1532 1357 1600 ἐμοί·
1401 1530 1541 1584 κατὰ
1585 1531 1640 1583 δὲ
1695 1531 1783 1583 τὸν

226 1616 463 1669 Ἀκύλαν
484 1635 495 1647 ’
522 1617 628 1672 Καὶ
660 1620 731 1672 ἐν
759 1621 928 1674 νυκτί
959 1616 1123 1692 ᾆσμα
1150 1622 1334 1677 αὐτοῦ
1354 1623 1480 1690 μετ’
1512 1622 1677 1690 ἐμοῦ.
1707 1623 1781 1675 Οὐ

216 1707 382 1777 μόνον
410 1708 467 1761 δὲ
506 1708 684 1773 τοῦτο,
728 1711 863 1765 ἀλλά
910 1714 1003 1767 καὶ
1044 1713 1353 1782 προσευχὴ
1386 1712 1465 1778 τῷ
1517 1712 1637 1779 Θεῷ
1674 1712 1782 1782 τῆς

1896 523 1992 575 mis
2016 522 2081 573 ⁸⁸.
2117 520 2294 586 Quare
2328 536 2411 573 me
2442 520 2584 574 bona
2606 536 2703 590 spe
2735 519 2985 584 fulciens,
3020 536 3229 591 gnarus
3271 520 3450 581 illius,

1892 613 1943 666 in
1985 613 2069 667 die
2111 611 2380 666 mandabit
2422 611 2563 665 Deus
2610 611 3028 665 misericordiam
3069 629 3254 677 suam,
3292 622 3454 666 nocte

1891 702 2121 756 canticis
2157 702 2276 772 ejus
2308 701 2527 757 assidue
2557 702 2831 754 incumbe.
2866 698 3146 770 Siquidem
3184 716 3307 756 cum
3358 718 3454 770 per

1891 795 2034 848 dicm
2068 794 2345 847 hominum
2388 807 2574 862 opera,
2612 800 2665 845 ct
2698 791 3035 845 calamitates
3075 808 3175 845 nos
3211 795 3452 847 circum-

1890 884 2195 948 venientes,
2232 884 2447 938 excelsa
2482 894 2572 937 tua
2600 891 2674 938 et
2715 882 2912 938 ﬂuctus
2949 890 3071 937 tuos
3112 900 3354 944 cernam,
3397 884 3451 934 in

1889 978 2213 1048 memetipso
2235 978 2427 1048 lugeo;
2458 985 2620 1032 noctu
2654 992 2787 1031 vero
2830 978 2958 1031 dum
3000 977 3233 1031 induciae
3266 988 3389 1030 sunt
3421 992 3452 1027 a

1888 1073 2369 1137 conturbantibus,
2400 1071 2809 1127 misericordias
2851 1070 3065 1124 Domini
3118 1083 3333 1123 mecum
3361 1083 3450 1123 re-

1888 1175 2054 1237 puto;
2087 1182 2150 1220 ac
2177 1165 2498 1219 recordatus
2525 1179 2633 1234 quo
2668 1172 2827 1234 pacto
2855 1163 2911 1217 in
2958 1162 3045 1217 die
3080 1160 3300 1214 mandet
3346 1159 3451 1211 mi-

1888 1258 2243 1314 sericordiam
2282 1272 2459 1320 suam,
2495 1271 2593 1326 per
2643 1257 2819 1309 noctis
2866 1254 3037 1309 otium
3081 1254 3295 1307 cantica
3345 1251 3450 1321 ipsi

1887 1350 2183 1419 laudesque
2206 1348 2440 1419 profero.
2463 1347 2832 1414 Quamobrem
2863 1346 3067 1401 dictum
3093 1353 3203 1411 est,
3226 1356 3273 1399 et
3302 1356 3451 1399 nocte

1885 1443 2145 1495 canticum
2166 1443 2278 1509 ejus
2305 1440 2443 1509 apud
2473 1456 2588 1504 me;
2619 1442 2919 1493 secundum
2952 1440 3202 1510 Aquilam
3243 1454 3446 1504 autem,

1883 1546 1932 1590 et
1963 1545 2108 1588 nocte
2140 1535 2402 1587 canticum
2427 1533 2539 1601 ejus
2573 1548 2794 1585 mecum.
2824 1531 3009 1602 Neque
3040 1532 3093 1585 id
3125 1533 3326 1594 solum,
3350 1532 3446 1586 sed

1883 1626 2044 1680 etiam
2076 1627 2249 1679 oratio
2288 1624 2396 1680 Deo
2429 1626 2547 1679 vita:
2581 1642 2726 1679 meae.
2756 1623 2890 1678 Nam
2934 1626 3194 1696 hymnum
3228 1626 3280 1678 in
3314 1641 3441 1695 gra-

1884 1718 2083 1770 tiarum
2124 1717 2391 1771 actionem
2432 1731 2591 1781 eano,
2627 1717 2705 1770 sic
2740 1716 3023 1772 institutus
3066 1725 3122 1770 ut
3168 1717 3221 1770 in
3269 1718 3447 1771 omni-

212 1794 363 1864 ζωῆς
395 1815 535 1866 μουο
571 1800 713 1871 ᾋδω
744 1802 844 1872 μὲν
876 1802 981 1873 γὰρ
1010 1802 1175 1874 ὕμνον
1213 1804 1623 1874 εὐχαριστήριον
1646 1845 1661 1869 ,
1700 1804 1778 1856 δε-

1885 1808 1986 1862 bus
2014 1809 2217 1877 gratias
2242 1823 2419 1878 again,
2450 1808 2893 1878 quandoquidem
2935 1824 3019 1862 me
3056 1809 3197 1863 bona
3231 1808 3447 1863 futuro-

210 1887 499 1957 δειγμένος
550 1891 608 1942 ἐν
661 1893 820 1944 παντὶ
884 1893 1241 1963 εὐχαριστεῖν,
1291 1898 1409 1957 ταῖς
1464 1894 1781 1965 μελλούσαις

210 1981 428 2034 ἐλπίσιν
478 1987 738 2055 χρησταῖς
784 1985 1015 2055 ἐμαυτὸν
1057 1986 1453 2057 ἀνακτώμενος.
1479 1987 1578 2040 Διὰ
1616 1986 1672 2040 δὲ
1716 1988 1783 2042 τὰ

208 2075 349 2137 τέως
372 2077 429 2127 ἐν
450 2074 527 2146 τῷ
558 2076 780 2147 παρόντι
816 2077 1103 2147 συνέχοντα
1139 2094 1204 2148 με
1235 2076 1452 2148 λυπηρὰ
1477 2078 1783 2149 προσευχὴν

207 2167 522 2237 ἀναπέμπω
567 2168 644 2239 τῷ
696 2167 813 2239 Θεῷ
841 2170 938 2239 τῆς
989 2170 1131 2240 ζωῆς
1169 2186 1299 2240 μου·
1352 2166 1465 2221 οἶδα
1514 2169 1655 2241 γὰρ,
1702 2171 1782 2222 ὅτι

208 2258 373 2310 αὐτὸν
400 2258 507 2331 ἔχω
527 2259 625 2328 τῆς
649 2260 886 2329 ἐμαυτοῦ
915 2259 1060 2329 ζωῆς
1099 2260 1288 2314 αἴτιον.
1345 2260 1783 2331 Προσευχόμενος

208 2351 264 2403 δὲ
294 2350 443 2422 αὐτῷ
468 2370 637 2423 φημι·
680 2352 1071 2421 Ἄντιλψττωρ
1095 2372 1213 2423 μου
1232 2370 1244 2383 '
1276 2354 1311 2424 ἢ
1336 2354 1474 2408 κατά
1498 2354 1587 2407 τὸν
1628 2354 1783 2407 Ἀκύο

208 2442 450 2515 λανᾼκαὶ
482 2442 806 2514 Σύμμαχον,
856 2443 1039 2512 πέτρα
1077 2462 1224 2512 μου·
1272 2444 1355 2512 ἐφ’
1394 2445 1459 2515 ἢν
1509 2443 1677 2507 ἐστὼς
1719 2445 1778 2496 οὐ

209 2511 833 2603 διαςραπήσομαιοηδιὰ
878 2534 934 2585 τί
962 2511 1089 2602 μού
1130 2511 1458 2595 edacium};
1497 2533 1636 2600 Ἐγὼ
1682 2534 1782 2605 μὲν

208 2624 319 2694 γάρ
355 2640 449 2676 σου
482 2623 582 2676 οὐκ
610 2623 970 2695 ἐπιλέλησμαι
988 2643 1001 2654 ⁸
1031 2625 1143 2679 ἀλλ’
1171 2623 1287 2680 οἶδά
1314 2643 1406 2679 σου
1433 2626 1500 2677 τὰ
1535 2627 1659 2696 ἐλέη
1688 2627 1781 2680 καὶ

208 2719 338 2779 τοὺς
370 2717 720 2789 οἱκτιρμούς’
769 2713 885 2771 οἶδα
927 2718 983 2771 δὲ
1008 2720 1101 2773 καὶ
1142 2718 1238 2782 τάς
1278 2720 1641 2789 ἀποκειμένας
1691 2736 1779 2789 μοι

207 2809 462 2874 ἐλπίδας·
495 2810 576 2863 διὸ
606 2812 700 2863 καὶ
742 2811 838 2882 τὴν
867 2811 1011 2883 ᾠδήν
1051 2830 1144 2864 σου
1192 2814 1319 2883 παρ’
1358 2811 1577 2883 ἐμαυτῷ
1626 2812 1779 2865 ἀδια-

205 2902 444 2966 λείπτως
471 2901 751 2974 φυλάττω·
784 2903 846 2955 σὺ
882 2903 938 2956 δέ
975 2920 1074 2973 μου
1109 2902 1400 2956 ἐπελάθου’
1439 2902 1525 2956 διὰ
1552 2903 1640 2967 τί;
1672 2905 1780 2975 Τὴν

205 2996 391 3048 αἰτίαν
416 2997 609 3067 μαθεῖν
640 2994 916 3065 βούλομαι,
939 2995 1005 3048 δι’
1030 2996 1095 3066 ἦν
1124 2996 1321 3058 πάντες
1346 2997 1393 3047 οἱ
1421 2994 1779 3066 μετεωρισμοὶ

209 3105 301 3140 σου
337 3088 434 3140 καὶ
464 3087 534 3140 τὰ
586 3086 806 3159 κύματά
852 3105 976 3152 σου,
1023 3090 1071 3142 οἱ
1118 3088 1412 3159 πειρασμοὶ
1455 3088 1653 3159 δηλαδὴ
1686 3088 1779 3141 καὶ

1884 1918 2003 1955 rum
2035 1916 2131 1970 spe
2182 1900 2387 1957 reﬁcio.
2411 1900 2489 1954 Ac
2524 1908 2748 1970 propter
2777 1916 2871 1956 eas
2905 1900 3235 1970 quibusjam
3276 1901 3447 1954 inter-

1883 1994 2057 2062 cipior
2082 2007 2376 2056 aerumnas,
2394 1992 2698 2046 orationem
2729 1992 2834 2046 Deo
2856 1993 2977 2046 vitae
2998 2008 3129 2047 meae
3170 1993 3447 2062 persolvo:

1883 2082 2005 2135 novi
2037 2085 2181 2138 enim
2216 2084 2392 2153 ipsum
2416 2098 2537 2138 esse
2550 2084 2672 2136 vitae
2695 2099 2824 2138 mea:
2840 2091 3139 2138 auctorem.
3159 2083 3439 2138 Precando

1882 2184 2059 2229 autem
2084 2176 2162 2229 sic
2185 2191 2305 2230 eum
2325 2176 2611 2244 compello,
2632 2186 2898 2243 susceptor
2916 2192 3090 2239 meus;
3123 2176 3236 2231 sive
3254 2192 3446 2231 secun-

1882 2267 2008 2321 dum
2026 2267 2272 2337 Aquilam
2290 2265 2765 2337 et'Sytnmachum,
2781 2276 2927 2335 petra
2945 2284 3090 2332 mea;
3112 2268 3164 2321 in
3186 2283 3291 2337 qua
3312 2283 3445 2322 con-

1882 2358 2083 2412 sistens
2108 2371 2384 2427 nunquam
2443 2357 2747 2410 suhvertar.
2786 2358 2961 2423 Quare
2991 2358 3180 2411 oblitus
3206 2374 3261 2411 es
3297 2359 3397 2411 mei
3420 2361 3448 2414 ἲ

1881 2448 1949 2502 At
1962 2446 2101 2499 enim
2121 2461 2219 2515 ego
2233 2448 2313 2501 tui
2330 2462 2438 2501 non
2452 2447 2656 2502 oblitus
2674 2464 2815 2513 sum,
2833 2465 3018 2503 verum
3039 2450 3443 2505 misericordias

1881 2545 1935 2592 et
1968 2538 2346 2593 miserationes
2381 2546 2501 2593 tuas
2528 2538 2677 2602 novi,
2706 2539 2945 2608 itemque
2971 2555 3120 2609 spem
3142 2539 3270 2593 mihi
3288 2556 3445 2610 repo-

1882 2630 2042 2686 sitam
2074 2645 2185 2684 non
2214 2630 2405 2700 ignoro
2433 2648 2447 2684 :
2481 2645 2651 2699 quare
2679 2632 2952 2684 canticum
2985 2646 3197 2700 semper
3222 2634 3443 2687 tuumin

1879 2723 2199 2793 memetipso
2227 2720 2597 2777 custodio.Tu
2625 2738 2752 2775 vero
2776 2724 2877 2776 mei
2901 2722 3101 2777 oblitus
3118 2740 3178 2777 es
3206 2742 3219 2778 :
3244 2726 3448 2795 quare?

1880 2812 2115 2867 Causam
2153 2813 2399 2868 ediscere
2442 2812 2699 2881 pervelim
2719 2827 2817 2866 cur
2839 2814 3022 2865 omnia
3039 2815 3257 2867 excelsa
3274 2821 3363 2866 tua
3387 2822 3444 2869 et

1880 2902 2078 2958 ﬂuctus
2113 2904 2228 2967 tui,
2274 2904 2525 2958 videlicet
2577 2904 2909 2957 tentationes
2931 2911 2985 2958 et
3024 2912 3189 2958 tanta:
3226 2906 3445 2959 calami-

1880 3003 2040 3057 tates,
2077 3002 2128 3050 te
2156 2996 2523 3065 permittente,
2560 3003 2723 3064 Super
2760 3010 2846 3049 me
2884 2996 3220 3049 transierint.
3254 2995 3444 3066 Magna

1882 3087 2149 3158 profecto,
2178 3088 2320 3158 quod
2340 3087 2542 3141 oblitus
2567 3088 2644 3141 sis
2667 3086 2796 3151 mei,
2820 3101 2983 3140 causa
3015 3087 3179 3140 fuerit
3207 3096 3442 3156 oportet.

205 3180 469 3233 τοσαῦται
502 3182 845 3253 περιστάσεις
898 3185 983 3235 ἐπ’
1018 3183 1116 3253 ἐμὲ
1158 3181 1392 3252 διῆλθον,
1435 3182 1528 3235 σοῦ
1586 3180 2011 3252 συγχωροῦντος.
2050 3181 2208 3250 Μέγα
2254 3181 2361 3254 γάρ
2388 3198 2439 3233 τι
2466 3179 2668 3250 ὀφείλει
2691 3179 2976 3249 τυγχάνειν
3029 3178 3088 3231 τὸ
3124 3178 3294 3233 αἴτιον
3346 3179 3444 3253 τῆς

204 3292 275 3328 πε
285 3279 339 3346 pl.
368 3278 505 3347 ἐμοῦ
534 3276 717 3348 λήθης.

278 3368 471 3436 Λέγων
501 3368 558 3421 δὲ
586 3368 758 3424 ταῦτα
787 3372 815 3423 6
848 3371 1005 3441 χορὸς
1042 3371 1115 3443 (1)
1135 3372 1486 3442 προφητικὸς,
1522 3371 1778 3424 ἰδιοποιεῖ⁴

1956 3368 2091 3423 Cum
2149 3381 2312 3436 porro
2368 3364 2422 3419 id
2476 3364 2552 3417 ait
2577 3364 2927 3435 propheticus
2973 3363 3202 3430 chorus,
3256 3364 3439 3436 populi

206 3477 316 3522 ται,
339 3459 417 3523 ὡς
445 3459 600 3533 ἔφην,
632 3461 729 3531 τὴν
745 3461 836 3515 τοῦ
857 3462 984 3514 λαοῦ
1004 3462 1331 3515 κατάστασιν
1351 3479 1364 3490 ·
1384 3463 1480 3535 τὴν
1492 3462 1598 3533 γὰρ
1614 3463 1774 3534 ἐσχά-

205 3570 306 3623 την
332 3553 606 3625 ἀποϐολὴν
637 3556 731 3608 καὶ
762 3555 860 3626 τὴν
887 3555 1199 3608 ἀπόπτωσιν
1230 3554 1323 3608 τοῦ
1362 3556 1560 3619 παντὸς
1593 3555 1774 3620 ἔθνους

205 3646 304 3715 τὴν
330 3645 631 3717 γενομένην
662 3647 796 3717 μετά
828 3646 923 3717 τὴν
946 3648 1022 3711 εἰς
1060 3647 1150 3699 τὸν
1192 3646 1418 3717 Σωτῆρα
1448 3648 1540 3699 καὶ
1574 3647 1773 3718 Κύριον

204 3738 365 3809 ἡμῶν
399 3738 656 3792 ἀπιστίαν
686 3738 863 3791 αὐτῶν
901 3738 1183 3809 ἐμφαίνειν
1224 3756 1313 3809 μοι
1345 3729 1442 3791 διὰ
1462 3738 1663 3792 τούτων
1694 3740 1774 3792 δο-

204 3833 310 3884 κεῖ,
341 3830 483 3884 Εἷπε
522 3830 564 3882 δ’
594 3830 661 3885 ἂν
699 3828 844 3900 αὐτῷ
874 3831 1206 3901 ἐρωτήσαντι
1245 3832 1339 3884 καὶ
1373 3832 1559 3900 eorm“
1595 3832 1694 3885 Διὰ
1718 3832 1775 3883 τί

197 3940 320 3992 μου
355 3921 687 3985 ἐπελάθου;
715 3922 774 3973 τὸ
809 3925 865 3975 ἐν
908 3922 1220 3991 Εὐαγγελίῳ
1266 3921 1476 3992 λεχθέν·
1510 3922 1773 3987 Ποσάκις

201 4013 486 4083 ἠθέλησα
514 4013 973 4083 ἐπισυναγαγεῖν
998 4014 1069 4067 τὰ
1099 4013 1279 4067 τέκνα
1310 4029 1448 4078 σου,
1470 4012 1541 4065 ὃν
1554 4016 1775 4081 τρόπον

200 4108 372 4177 ὅρνις
411 4107 779 4177 ὑποσυνάγει
810 4108 880 4160 τὰ
911 4107 1134 4160 νοσσία
1170 4106 1287 4160 ὑπὸ
1324 4108 1430 4171 τὰς
1459 4104 1770 4174 πτέρυγας,

197 4202 301 4255 καὶ
353 4200 469 4253 οὐκ
513 4198 882 4267 ἠθελήσατε;
926 4199 1077 4251 Ἐπεὶ
1119 4198 1294 4251 τοίνυν
1336 4197 1422 4249 διὰ
1464 4198 1560 4270 τὴν
1595 4197 1773 4251 αὐτῶν

198 4290 404 4347 κακίαν
439 4288 828 4361 ἐπελήσθησαν,
857 4290 1077 4352 εἰκότως
1118 4291 1145 4341 6
1173 4289 1330 4359 χορὸς
1358 4289 1386 4339 ὁ
1419 4287 1769 4359 προφητικὸς,

197 4384 327 4437 ἐπεὶ
356 4384 602 4451 φυσικοῖς
629 4380 803 4450 λόγοις
825 4379 1167 4451 πάσχοντος
1182 4380 1317 4445 ἑνὸς
1343 4379 1591 4448 μέλους,
1621 4393 1774 4447 συμ-

198 4474 435 4543 πάσχει
480 4472 675 4527 πάντα
700 4473 770 4527 τὰ
792 4472 948 4543 μέλη
973 4512 986 4536 ,
1020 4472 1105 4536 ὡς·
1162 4472 1302 4542 ὑπὲρ
1344 4470 1541 4524 οἰκείου
1587 4469 1771 4535 σώμα-

198 4586 295 4632 τος
345 4566 528 4636 ἀλγῶν
578 4566 816 4635 ἐπιλέγει
869 4566 1008 4621 κατά
1063 4564 1153 4617 τὸν
1199 4563 1268 4615 Σύ
1278 4579 1523 4634 μμαχονο
1556 4562 1679 4614 Ἵνα
1715 4561 1772 4614 τι

198 4660 564 4730 σκυθρωπὸς
618 4656 947 4728 περιπατῶ,
1004 4657 1310 4720 θλίϐοντος
1361 4654 1609 4723 ἐχθροῦ;
1670 4652 1769 4705 καὶ

199 4753 286 4819 ὠς
315 4751 563 4821 σφαγὴν
596 4749 715 4804 τῶν
741 4748 935 4802 ὀστῶν
965 4766 1082 4818 μου
1118 4744 1411 4806 ὠνείδιζον
1440 4749 1491 4799 οἱ
1515 4744 1774 4798 ἐναντίοι
1805 4737 1847 4788 D

197 4862 325 4914 μου
343 4862 357 4875 ·
391 4843 450 4912 ἢ,
468 4844 563 4897 Ἐν
588 4842 668 4909 τῷ
691 4837 1095 4895 καταθλᾶσθαι
1126 4837 1200 4891 τὰ
1237 4834 1385 4890 ὀστᾶ
1408 4852 1525 4905 μου
1554 4833 1775 4887 ὠνείδι-

206 4936 311 4999 ζόν
332 4953 411 5006 με
438 4940 491 4991 οἱ
527 4931 832 4999 θλίϐοντές
863 4949 959 5003 με.
994 4931 1114 4983 Τῶν
1139 4930 1246 5002 γὰρ
1276 4929 1476 4983 ὀστέων
1507 4926 1614 4980 τῶν
1645 4943 1776 4996 προ-

208 5028 459 5099 φητικῶν
510 5026 598 5080 διὰ
635 5025 730 5079 τοῦ
788 5022 1065 5095 κλαυθμοῦ
1112 5022 1206 5075 καὶ
1249 5020 1355 5074 τῶν
1395 5018 1643 5091 ὀδυρμῶν
1677 5035 1773 5071 κα-

205 5122 593 5195 ταθλωμένων,
630 5119 873 5173 τουτέστι
904 5118 1010 5177 τῶν
1038 5116 1135 5187 τῆς
1176 5114 1353 5185 ψυχῆς
1392 5113 1691 5182 δυνάμεων,
1726 5112 1774 5162 οἱ

207 5217 267 5269 ἐν
295 5214 375 5284 τῷ
393 5214 506 5284 λαῷ
537 5212 721 5283 ἐχθροὶ
748 5212 841 5265 τοῦ
863 5208 1018 5273 Θεοῦ,
1039 5209 1115 5271 ὡς
1135 5206 1357 5278 μηδενὸς
1388 5204 1771 5273 ἐπαμύνοντος,

207 5306 564 5360 ἐπανέϐαινον
594 5302 938 5367 ὀνειδίζοντες
970 5300 1061 5352 καὶ⁹
1087 5298 1331 5365 λέγοντες
1352 5312 1364 5325 ·
1391 5293 1513 5347 Ποῦ
1541 5293 1710 5346 ἐστιν
1740 5294 1774 5343 ό

211 5401 360 5468 Θεός
385 5413 535 5467 O’ov;

587 5507 876 5564 ΨΛΛΜΟΣ
911 5506 997 5559 ΤΩ
1034 5502 1230 5556 ΔΑΥΙΔ
1259 5500 1391 5554 MB'.

296 5606 687 5677 ’Δνεπίγραφος
724 5603 851 5673 παρ’
901 5597 1170 5669 Ἑϐραίοις
1204 5596 1232 5647 6
1260 5591 1500 5663 ψαλμός·
1537 5588 1615 5642 διὸ
1655 5587 1773 5642 ούδέ

282 5706 327 5738 ⁸⁸
367 5703 541 5759 Exod.
573 5715 754 5761 xxxw,
788 5697 865 5752 6.‘

1883 3470 2108 3524 statum,
2135 3460 2213 3513 uti
2236 3458 2368 3523 dixi,
2401 3458 2557 3527 quasi
2594 3456 2873 3526 prOprium
2905 3457 3008 3512 sibi
3048 3458 3295 3523 ascribit,
3330 3458 3445 3515 his-

1881 3568 1985 3622 que
2034 3557 2365 3620 postremam
2418 3547 2781 3616 abjectionem
2817 3587 2831 3611 ,
2883 3563 2946 3603 ac
2999 3550 3212 3604 ruinam
3273 3552 3444 3609 totius

1882 3645 2080 3715 gentis,
2112 3657 2231 3712 quae
2258 3648 2376 3711 post
2405 3654 2594 3693 eorum
2626 3655 2751 3709 erga
2797 3637 3132 3695 Salvatorem
3165 3649 3218 3695 et
3252 3640 3441 3696 Domi-

1880 3753 2009 3790 num
2040 3744 2287 3790 nostrum
2321 3732 2756 3787 incredulitatem
2788 3732 3005 3796 accidit,
3032 3733 3274 3788 indicare
3306 3735 3441 3791 mihi

1882 3830 2112 3882 videtur.
2143 3825 2221 3878 llli
2246 3839 2376 3878 vero
2410 3822 2573 3876 modo
2603 3822 2958 3890 interroganti
2982 3837 3045 3876 ac
3067 3824 3439 3892 compellanti,

1882 3921 2057 3985 Quare
2106 3916 2298 3971 oblitus
2334 3931 2386 3969 es
2438 3915 2577 3968 mei?
2627 3912 2859 3967 fortasse
2899 3914 3031 3969 illud
3072 3917 3441 3986 evangelicum

1879 4012 2084 4064 dictum
2110 4017 2333 4079 reponat
2358 4025 2369 4059 :
2397 4006 2613 4072 Quoties
2635 4004 2776 4055 volui
2805 4020 3117 4074 congregare
3131 4005 3270 4074 ﬁlios
3295 4016 3434 4070 tuos,

1879 4101 2318 4171 quemadmodum
2361 4099 2564 4168 gallina
2602 4109 2877 4167 congregat
2921 4099 3093 4167 pullos
3161 4115 3285 4153 suos
3338 4098 3436 4153 sub

1880 4193 2019 4257 alas,
2037 4200 2085 4246 et
2106 4190 2348 4244 noluistis
2361 4190 2437 4243 "°?
2452 4189 2894 4259 Quandoquidem
2912 4188 3071 4259 igitur
3089 4190 3307 4243 malitiae
3323 4205 3436 4246 sua:

1880 4298 2047 4338 causa
2079 4282 2135 4338 in
2165 4281 2491 4335 oblivionem
2523 4288 2805 4341 venerunt,
2832 4278 2954 4347 jure
2975 4278 3176 4334 chorus
3200 4282 3435 4351 prophe-

1882 4378 2044 4440 ticus,
2076 4375 2204 4445 quia
2233 4390 2300 4429 ex
2334 4371 2570 4427 naturali
2629 4372 2842 4426 ratione
2879 4372 3107 4439 patiente
3138 4389 3239 4426 uno
3272 4391 3436 4427 mem-

1880 4468 1996 4534 bro,
2029 4467 2423 4535 compatiuntur
2447 4464 2623 4517 omnia
2658 4462 2888 4516 membra
2906 4463 2972 4531 ‘7,
3003 4464 3157 4532 quasi
3180 4479 3277 4533 pro
3314 4480 3441 4518 cors

1876 4577 2009 4632 pore
2037 4560 2256 4629 proprio
2283 4559 2473 4627 lugens
2513 4555 2821 4625 subjungit,
2853 4555 3151 4609 secundum
3185 4555 3433 4624 Symma-

1879 4653 2039 4706 chum
2087 4669 2099 4704 :
2145 4649 2321 4715 Quare
2364 4648 2527 4700 tristis
2577 4646 2780 4711 incedo,
2818 4647 3067 4717 nﬁligente
3106 4646 3351 4709 inimico;
3385 4657 3434 4709 et

1875 4744 2029 4813 quasi
2062 4742 2375 4796 occisionem
2424 4755 2515 4808 per
2557 4756 2679 4792 ossa
2721 4755 2835 4792 mea
2868 4735 3256 4806 exprobrabant
3304 4738 3431 4791 mihi

1880 4836 2331 4902 adversariipnei;
2367 4833 2480 4887 sive
2506 4852 2516 4885 :
2542 4832 2679 4885 Dant
2718 4832 3117 4899 confringantur
3151 4846 3270 4883 ossa
3318 4848 3435 4884 mea

1874 4928 2255 4997 exprobrabant
2286 4942 2365 4979 me
2388 4925 2477 4994 qui
2506 4925 2762 4977 tribulam
2797 4938 2897 4975 me.
2931 4920 3062 4980 Nam
3095 4921 3430 4991 propheticis

1876 5020 2129 5085 ossibus,
2173 5017 2226 5071 id
2260 5024 2345 5071 est
2398 5016 2591 5069 animm
2628 5012 2999 5073 facultatibus,
3044 5026 3138 5080 per
3184 5008 3338 5064 ίιυιιις
3379 5019 3432 5067 et

1875 5115 2144 5183 laerymas
2196 5108 2524 5169 confractis,
2581 5106 2675 5176 qui
2712 5105 2769 5159 in
2826 5102 3028 5172 populo
3084 5101 3288 5154 inimici
3338 5099 3432 5156 Dci

1877 5213 2051 5266 erant,
2073 5202 2228 5272 quasi
2259 5199 2560 5269 Opitulante
2597 5195 2835 5261 nemine,
2854 5192 3209 5263 insurgebant
3237 5207 3433 5263 expres

1876 5296 2100 5349 brantes
2124 5307 2187 5346 ac
2215 5290 2480 5352 dicentes,
2519 5284 2618 5340 Ubi
2642 5294 2718 5339 est
2753 5283 2894 5338 Deus
2924 5285 3083 5338 tuus?

2200 5488 2251 5544 1.
2291 5482 2611 5540 PSALMUS
2648 5480 2917 5537 DAVIDIS
2954 5478 3111 5535 XLII.

1892 5630 1895 5631 ν
1950 5583 2200 5639 Psalmus
2244 5580 2333 5636 hic
2370 5578 2514 5651 apud
2560 5575 2815 5634 Hebraeos
2857 5575 3217 5657 inscriptione
3248 5576 3430 5643 caret;

951 5694 997 5726 “
1036 5691 1223 5746 Matth.
1257 5704 1421 5756 χχιιι,
1458 5687 1544 5741 57.
1620 5684 1662 5715 ⁵⁷
1704 5682 1721 5735 1
1752 5683 1877 5736 Cor.
1914 5696 2020 5746 χιι,
2056 5680 2147 5734 26.

279 5798 356 5859 (ll
382 5794 732 5853 Desideratur
756 5793 803 5860 ὁ,
826 5798 880 5845 ιιι
907 5788 975 5845 sit
1015 5789 1040 5840 6
1067 5800 1250 5859 προφ.,
1284 5792 1341 5837 ιιι
1364 5782 1523 5858 paulo
1554 5777 1715 5836 inira.
1743 5775 1901 5835 Eon.
