3822 6280
423 312 527 368 379

1144 314 1413 371 EUSEBII
1440 313 1913 371 CAESARIENSIS
1950 314 2103 370 OPP.
2128 310 2306 368 PARS
2342 311 2428 367 Ill.
2468 341 2540 354 —-
2576 310 2986 370 EXEGETICA.

3549 292 3651 375 sio

422 447 592 505 quare
620 446 799 503 neque
829 432 974 503 apud
1005 432 1245 502 reliquos
1269 432 1598 503 interpretes
1639 431 1854 485 titulum
1889 430 1980 485 ha-

2091 428 2240 501 παρά
2266 433 2376 493 τοῖς
2400 429 2606 493 λοιποῖς
2628 431 2984 501 ἐρμηνευταῖς
3006 433 3310 507 ἐπιγραφὴν
3334 435 3462 507 ἔχει.
3493 438 3650 495 Ἀλλά

423 528 531 581 bet.
567 523 674 582 Sed
705 527 833 596 quia
856 524 1215 598 praecedentis
1245 540 1369 595 pars
1404 524 1616 580 videtur
1656 536 1796 587 esse,
1837 524 1984 594 quod

425 610 613 685 utique
650 631 775 672 cum
804 632 870 671 ex
902 616 1172 672 similibus
1209 615 1465 684 utrinque
1502 615 1716 679 verbis,
1760 626 1877 668 tum
1915 630 1985 670 ex

423 705 567 763 amni
590 710 860 764 sententia
881 715 1379 775 commonstratur;
1410 707 1533 762 dico
1552 721 1684 762 sane
1714 706 1877 760 etiam
1900 707 1985 760 in-

423 804 835 874 praesentiarum
872 805 1099 861 chorum
1144 804 1524 875 propheticum
1569 806 1684 857 haec
1726 816 1985 857 enarrare

422 896 570 948 circa
603 894 882 964 populum,
914 902 1103 964 utpote
1142 892 1420 962 abiectum
1456 888 1826 959 traditumque
1853 902 1985 958 gen-

422 987 571 1042 tibus
617 986 1039 1056 hominibusque
1079 985 1377 1055 improbis,
1422 991 1701 1053 rogantem
1740 995 1805 1035 ac
1859 994 1983 1035 cum

423 1076 677 1145 precibus
715 1078 1077 1146 postulantem
1131 1082 1191 1128 ut
1235 1075 1371 1129 ultio
1411 1081 1678 1137 sumatur,
1705 1078 1760 1127 et
1794 1071 1911 1141 ipse
1953 1085 1986 1126 e

422 1165 675 1221 manibus
715 1165 1057 1219 inimicorum
1102 1169 1347 1218 eruatur.
1379 1161 1857 1229 Quemadmodum
1885 1174 1987 1214 au-

423 1264 554 1321 tem,
587 1256 785 1311 aﬂlicto
809 1256 1027 1327 populo,
1058 1255 1195 1326 justi
1225 1268 1444 1327 quoque
1471 1253 1574 1307 viri
1619 1266 1724 1307 una
1753 1252 1974 1323 patiun-

421 1359 511 1405 tur
536 1367 600 1406 ac
629 1352 816 1407 dolore
861 1353 932 1406 ob
958 1365 1298 1406 communem
1332 1349 1702 1405 calamitatem
1736 1346 1977 1401 afﬁciun-

420 1449 540 1509 tur;
571 1441 644 1496 ita
682 1442 1059 1514 religiosorum
1112 1441 1392 1497 hominum
1443 1440 1691 1510 probitas
1731 1439 1986 1492 multitu-

419 1534 534 1588 dini
562 1550 779 1606 quoque
802 1543 949 1591 recte
979 1534 1245 1589 factorum
1266 1533 1699 1589 communionem
1722 1532 1987 1586 fructum-

420 1639 526 1693 que
568 1626 730 1695 parit.
769 1624 1130 1693 Quamobrem
1175 1626 1253 1679 illi
1307 1638 1578 1679 aarumnas
1617 1623 1801 1694 populi
1835 1623 1889 1677 in
1920 1637 1981 1678 se

419 1717 763 1787 recipientes,
821 1734 1012 1790 preces
1076 1734 1177 1790 pro
1228 1715 1583 1772 multitudine
1641 1715 1981 1779 fundebant,

2085 523 2180 576 καὶ
2208 523 2289 575 ὃτι
2322 521 2483 592 μέρος
2513 520 2685 574 ἐοικεν
2718 517 2854 574 εἶναι
2894 523 2986 575 τοῦ
3014 525 3118 595 πρὸ
3146 526 3329 589 αὐτοῦ,
3358 528 3651 599 δεδήλωται

2084 613 2149 667 ἐκ
2174 631 2233 666 τε
2273 613 2380 667 τῶν
2407 613 2606 684 ὁμοίων
2647 616 2705 666 ἐν
2734 613 3059 685 ἀμφοτέροις
3101 614 3272 685 λόγων
3317 619 3412 671 καὶ
3455 621 3524 673 ἐκ

2084 705 2353 778 ἐμφεροῦς
2379 705 2634 768 διανοίας.
2652 705 2797 777 Φημὶ
2821 706 2996 759 τοίνυν
3020 708 3114 760 καὶ
3144 709 3235 760 ἐπὶ
3262 708 3356 782 τοῦ
3381 712 3650 782 παρόντος

2084 800 2172 854 τὸν
2212 800 2372 872 χορὸν
2417 799 2506 853 τὸν
2551 800 2884 872 προφητικὸν
2917 801 2985 854 τά
3028 803 3362 874 προκείμενα
3392 803 3650 868 διεξιέναι

2085 891 2224 963 ὑπὲρ
2260 889 2352 945 τοῦ
2398 891 2525 946 λαοῦ
2552 931 2566 954 ,
2599 892 2674 956 ὡς
2734 892 3053 963 ἀπωσμένου
3113 894 3204 947 xui.
3257 896 3651 967 παραδοθέντος

2085 980 2258 1034 ἔθνεσι
2311 981 2405 1035 καὶ
2456 980 2761 1054 ἀνθρώποις
2813 986 3103 1054 πονηροῖς,
3145 983 3397 1055 δεομένου
3443 986 3504 1039 δὲ
3561 988 3649 1041 καὶ

2083 1070 2481 1134 ἀντιϐολοῦντος
2527 1071 2766 1135 ἐκδικίας
2814 1075 3031 1143 τυχεῖν,
3095 1073 3188 1126 καὶ
3238 1074 3502 1146 ρυσθῆναι
3548 1075 3650 1131 τῶν

2083 1162 2280 1236 χειρῶν
2314 1163 2421 1217 τῶν
2471 1163 2761 1235 πολεμίων.
2793 1165 3002 1237 Ὥσπερ
3028 1165 3084 1218 δέ
3130 1166 3216 1220 διά
3262 1167 3360 1238 τὴν
3385 1168 3482 1222 τοῦ
3524 1169 3648 1224 λαοῦ

2084 1253 2326 1307 κάκωσιν
2356 1254 2632 1308 συνέϐαινε
2676 1255 2786 1319 τοῖς
2828 1255 3280 1326 δικαιοπραγοῦσι
3306 1259 3649 1331 συμπάσχειν

2084 1346 2179 1399 καὶ
2206 1345 2507 1415 συναλγεῖν,
2534 1347 2628 1399 καὶ
2665 1345 3116 1412 συνδιατίθεσθαι,
3150 1349 3239 1402 τὸν
3272 1351 3436 1403 αὐτὸν
3458 1352 3648 1423 τρόπον

2084 1437 2179 1490 καὶ
2211 1439 2243 1507 ή
2279 1437 2386 1491 τῶν
2409 1437 2667 1507 θεοφιλῶν
2704 1437 2912 1509 ἀνδρῶν
2955 1438 3337 1511 δικαιοπραγία
3371 1444 3647 1498 κοινωνίαν

2083 1530 2178 1584 καὶ
2213 1530 2492 1602 μετάδοσιν
2520 1528 2739 1598 ἀγαθῶν
2773 1530 3019 1602 παρέχει.
3050 1532 3142 1585 Διὸ
3171 1532 3254 1602 δὴ,
3287 1534 3355 1588 τά
3383 1535 3535 1607 πάθη
3561 1536 3645 1591 τοῦ

2084 1620 2213 1675 λαοῦ
2245 1622 2323 1684 εἰς
2366 1621 2588 1684 ἑαυτοὺς
2626 1621 3129 1692 ἀναλαμϐάνοντες,
3167 1624 3331 1695 εὐχὰς
3377 1626 3524 1698 ὑπὲρ
3560 1627 3646 1680 τοῦ

2086 1710 2324 1782 πλήθους
2369 1710 2681 1775 ἐποιοῦντο,
2734 1713 2917 1783 κοινήν
2961 1728 3021 1764 τε
3081 1713 3357 1784 ἱκετηρίαν
3403 1716 3486 1787 τῷ
3538 1717 3647 1790 Θεῷ

420 1823 873 1882 communemque
930 1814 1385 1884 supplicationem
1470 1812 1582 1867 Deo
1639 1810 1978 1867 emittebant.

2086 1801 2412 1871 ἀνέπεμπον.
2429 1801 2668 1864 Εἰκότως
2701 1797 2795 1855 οὖν
2830 1803 2905 1866 ὡς
2930 1801 2989 1869 ἐξ
3014 1801 3133 1867 ἐνὸς
3165 1804 3430 1876 στόματος
3451 1807 3645 1872 ταύτας

416 1898 548 1957 lure
567 1902 748 1974 itaque
774 1918 873 1959 ceu
904 1919 1014 1959 uno
1042 1919 1139 1959 ore
1165 1905 1264 1960 has
1292 1903 1640 1975 proferebant
1671 1916 1857 1958 voces.

490 2012 655 2068 Vens.
706 2013 760 2069 2.
800 2013 995 2068 Judica
1028 2032 1126 2081 me,
1170 2013 1333 2078 Deus,
1372 2026 1423 2071 et
1479 2016 1715 2071 discerne
1764 2031 1980 2070 causam

419 2118 589 2156 meam
611 2102 675 2158 de
696 2113 843 2174 gente
871 2121 975 2159 non
1004 2115 1211 2166 sancta,
1250 2104 1314 2158 ab
1349 2107 1556 2159 homine
1584 2107 1763 2177 iniquo
1795 2112 1846 2160 et
1885 2103 1982 2157 do-

417 2193 531 2249 loso
563 2210 685 2248 erue
711 2210 809 2250 me.
845 2194 987 2260 Quia
1027 2203 1082 2247 tu
1110 2211 1164 2249 es
1204 2193 1346 2248 Deus
1371 2194 1626 2263 fortitudo
1656 2212 1791 2261 mea,
1819 2209 1981 2265 quare

417 2303 500 2340 me
539 2286 816 2355 repulisti?
847 2286 1021 2351 Quare
1070 2286 1238 2341 tristis
1282 2286 1463 2341 incedo
1510 2286 1636 2340 dum
1669 2288 1850 2359 afﬂigit
1900 2302 1982 2341 me

419 2378 706 2433 inimicus?
732 2376 938 2432 Dixerit
979 2377 1253 2448 quispiam
1284 2378 1399 2433 haec
1430 2377 1675 2449 proferre
1706 2394 1875 2434 unum
1902 2379 1981 2432 al-

420 2477 665 2522 terumve
693 2469 788 2538 qui
813 2468 867 2522 in
900 2468 1156 2524 universo
1189 2472 1390 2541 populo
1418 2470 1648 2525 Judaico
1675 2470 1858 2541 justus
1894 2486 1982 2526 re-

420 2564 609 2625 pertus
661 2564 762 2611 est.
819 2557 939 2626 Ipse
983 2557 1148 2627 igitur
1199 2561 1314 2616 sive
1360 2576 1505 2615 unus
1555 2561 1669 2616 sive
1721 2576 1980 2632 perrarus

420 2646 603 2713 homo,
637 2648 815 2718 qualis
837 2656 954 2705 erat
982 2647 1246 2708 Jeremias
1289 2661 1384 2707 aut
1410 2653 1639 2723 quilibet
1679 2652 1781 2723 ipsi
1821 2652 1979 2708 simi-

420 2739 507 2806 lis,
540 2739 613 2794 ita
642 2738 767 2794 ﬂeat
818 2748 874 2796 et
905 2740 1222 2811 hujusmodi
1253 2759 1416 2801 voces
1453 2745 1685 2810 emittat,
1712 2759 1911 2815 rogans
1948 2757 1979 2797 a

418 2836 577 2901 gente
606 2846 715 2887 non
746 2843 936 2889 sancta
967 2834 1211 2900 liberari,
1245 2835 1450 2906 quibus
1475 2834 1705 2890 indicari
1729 2836 1981 2890 videntur

416 2925 509 2995 qui
538 2941 604 2981 ex
630 2925 1046 2983 circumcisione
1074 2934 1260 2996 erant;
1285 2934 1339 2983 et
1370 2944 1402 2983 a
1438 2928 1558 2984 viro
1586 2928 1773 2998 iniquo
1796 2937 1850 2983 et
1879 2927 1979 2982 do-

418 3017 555 3078 loso,
586 3023 646 3072 ut
670 3034 948 3087 nunquam
984 3019 1101 3088 ipse
1129 3027 1223 3072 aut
1252 3019 1474 3089 iniquus
1495 3024 1588 3073 aut
1608 3018 1832 3073 dolosus
1854 3031 1979 3072 eva-

417 3109 529 3162 dat.
566 3107 737 3178 Roget
779 3118 959 3165 autem
1002 3108 1167 3165 Deum
1217 3110 1304 3165 bis
1352 3110 1535 3165 verbis
1566 3128 1579 3163 :
1608 3108 1687 3163 Tu
1739 3124 1799 3164 es
1838 3106 1979 3162 Deus

2087 1893 2316 1964 ἠφίεσαν
2341 1893 2441 1958 τὰς
2471 1893 2673 1963 φωνάς.

2154 2005 2373 2077 Κρῖνόν
2393 2022 2491 2075 με,
2526 2008 2559 2059 ὁ
2586 2006 2747 2073 Θεὸς,
2777 2008 2874 2062 καὶ
2908 2007 3163 2063 δίκασον
3184 2009 3299 2079 τὴν
3323 2011 3509 2079 δίκην
3536 2020 3646 2082 μου

2085 2099 2153 2165 ἐξ
2183 2099 2395 2165 ἔθνους
2422 2100 2535 2167 οὐχ
2564 2099 2737 2153 όσίου
2756 2116 2770 2130 ο
2804 2100 2923 2154 ἀπὸ
2958 2101 3271 2170 ἀνθρώπου
3302 2102 3516 2158 δολίου
3556 2104 3643 2158 καὶ

2084 2190 2295 2245 ἀδίκου
2318 2189 2506 2258 ῥῦσαί
2530 2207 2625 2259 με.
2653 2190 2782 2245 Ὅτι
2804 2191 2885 2245 σὺ
2912 2195 2945 2247 ὁ
2980 2193 3123 2260 Θεὸς
3147 2194 3489 2265 κραταίωμὰ
3513 2214 3643 2264 μου,

2085 2284 2185 2338 ἵνα
2207 2282 2264 2336 τί
2295 2281 2513 2337 ἀπώσω
2530 2300 2637 2353 με;
2664 2285 2763 2339 ἵνα
2789 2284 2848 2337 τί
2873 2284 3307 2353 σκυθρωπάζων
3332 2290 3645 2358 πορεύομαι

2084 2377 2154 2431 ἐν
2206 2376 2287 2442 τῷ
2336 2376 2615 2446 ἐκθλίψαι
2665 2378 2919 2447 ἐχθρόν;
2964 2377 3121 2430 Εἴποι
3153 2377 3197 2431 δ’
3247 2379 3312 2433 ἄν
3352 2396 3437 2442 τις
3484 2378 3644 2432 ταῦτα

2084 2467 2264 2537 λέγειν
2308 2468 2404 2525 ἕνα
2435 2455 2550 2522 ’που
2582 2469 2676 2522 καὶ
2708 2468 2957 2540 δεύτερον
2999 2468 3056 2523 ἐν
3099 2469 3205 2540 ὅλῳ
3253 2467 3333 2539 τῷ
3364 2468 3530 2522 ἕθνευ
3547 2468 3644 2522 τῶν

2098 2561 2384 2627 Ἰουδαίων,
2420 2562 2720 2634 εὑρημένον
2750 2560 2975 2615 δίκαιον.
3023 2560 3195 2625 Αὐτὸς
3245 2557 3337 2614 οὖν
3364 2561 3394 2613 ὁ
3440 2555 3526 2625 εἷς
3562 2559 3645 2613 καὶ

2088 2653 2329 2719 σπάνιος,
2367 2648 2478 2719 οἷον
2530 2653 2796 2725 Ἱερεμίας
2832 2654 2866 2725 ἦ
2915 2670 2996 2717 τις
3040 2653 3226 2724 ἕτερος
3268 2653 3452 2723 ὅμοιος
3485 2651 3642 2722 αὐτῷ.

2084 2744 2482 2805 ἀποκλαιέσθω,
2517 2744 2609 2797 καὶ
2663 2744 2865 2809 ταύτας
2907 2743 3273 2815 ἀναπεμπέτω
3320 2742 3419 2807 τάς
3449 2743 3641 2815 φωνὰς,

2089 2833 2344 2887 ἱκετεύων
2386 2833 2645 2905 ρυσθῆναι
2697 2832 2756 2899 ἐξ
2802 2834 3015 2887 ἀνοσίου
3043 2823 3270 2897 ἔθνους·
3316 2831 3560 2904 δηλούτω
3595 2832 3643 2886 δὲ

2085 2922 2281 2987 αὐτοὺς
2304 2924 2432 2988 τοὺς
2467 2924 2531 2976 ἐκ
2564 2923 2886 2995 περιτομῆς,
2905 2925 3002 2976 καὶ
3034 2923 3141 2976 ἀπὸ
3162 2920 3448 2994 ἀνθρώπου
3470 2908 3642 2976 ἀδίκου

2086 3016 2181 3070 καὶ
2198 3014 2393 3081 δολίου,
2424 3014 2498 3079 ὡς
2519 3013 2585 3068 ἂν
2609 3016 2814 3087 μήποτε
2837 3015 2930 3069 καὶ
2955 3013 3115 3076 αὐτὸς
3136 3013 3341 3082 γένοιτο
3363 3012 3545 3076 ἄδικος
3565 3012 3644 3065 καὶ

2085 3106 2276 3171 δόλιος.
2299 3106 2694 3180 Παρακαλείτω
2730 3107 2787 3161 δὲ
2814 3106 2904 3159 τὸν
2925 3106 3055 3160 Θεὸν
3079 3105 3250 3174 λέγων
3270 3122 3284 3134 ·
3314 3106 3386 3158 Σὺ
3414 3102 3461 3157 εἴ
3478 3107 3509 3158 ὁ
3529 3107 3644 3166 est;

418 3198 683 3273 fortitudo
704 3213 845 3262 mea,
879 3214 1049 3269 quare
1073 3214 1159 3253 me
1193 3200 1464 3268 repulisti,
1500 3215 1586 3254 me
1611 3200 1664 3253 in
1692 3198 1871 3253 medio
1908 3207 1980 3252 ta-

2086 3198 2410 3271 κραταίωμά
2438 3215 2536 3269 μου
2558 3216 2572 3229 ·
2609 3187 2779 3251 ἴνα’τί
2808 3215 2872 3269 με
2899 3195 3123 3261 ἀπώσω,
3150 3195 3464 3250 καταλιπών
3498 3213 3563 3266 με
3595 3196 3643 3247 ἐν

416 3287 486 3342 lis
519 3287 701 3358 populi
732 3287 1089 3358 relinquens?
1140 3285 1266 3341 Haec
1297 3303 1459 3358 porro
1492 3287 1660 3343 Heliae.
1702 3288 1980 3358 prophetae

415 3386 747 3448 congruunt,
787 3379 879 3448 qui
908 3376 1138 3431 Domino
1165 3379 1480 3448 supplicans
1505 3387 1691 3434 contra
1722 3380 1977 3450 populum

416 3469 494 3523 ita
524 3469 667 3524 fatur
693 3470 970 3530 :-Domine,
1003 3474 1284 3542 prophetas
1317 3480 1431 3526 tuos
1461 3471 1853 3541 interfecerunt,
1898 3471 1983 3525 al-

419 3564 561 3617 taria
597 3572 689 3617 tua
735 3563 1096 3619 subverterunt
1118 3580 1137 3618 :
1159 3574 1207 3619 et
1242 3581 1334 3635 ego
1379 3563 1594 3619 relictus
1642 3563 1809 3630 solus,
1837 3580 1981 3636 qure-

416 3663 641 3724 runtque
680 3654 849 3722 ipsam
886 3655 1121 3709 animam
1155 3655 1337 3709 tollere
1361 3654 1427 3708 η.
1461 3653 1757 3726 Perspicue
1800 3664 1981 3709 autem

417 3748 577 3802 docet
604 3745 870 3802 Jeremias
892 3746 1155 3803 defecisse
1183 3763 1398 3804 omnem
1427 3747 1633 3817 justum
1664 3747 1732 3803 de
1760 3749 1980 3820 populo,

417 3840 608 3896 dicens
648 3838 918 3895 :Circuite
966 3840 1020 3894 in
1065 3840 1213 3895 biviis
1261 3839 1562 3894 Jerusalem
1605 3848 1654 3893 et
1696 3841 1752 3893 in
1797 3841 1983 3909 plateis

414 3935 553 4004 ejus,
584 3943 634 3988 et
673 3933 836 3989 videte
865 3935 912 3987 si
936 3941 1015 3988 est
1055 3935 1144 4004 qui
1188 3933 1474 4004 intelligat,
1512 3941 1562 3987 et
1596 3934 1858 4002 propitius
1893 3950 1982 3988 ero

415 4027 493 4080 eis
515 4026 579 4080 δ’.
608 4024 811 4079 Deinde
832 4024 958 4095 quia
982 4024 1277 4079 multitudo
1300 4024 1671 4094 improborum
1701 4024 1983 4079 hominum

415 4117 623 4189 justum
656 4117 834 4186 ipsum
870 4115 1171 4186 premebat,
1221 4131 1281 4171 se
1310 4116 1414 4171 hac
1462 4115 1531 4170 de.
1569 4131 1736 4172 causa
1770 4118 1983 4173 tristem

420 4221 543 4261 esse
580 4204 1020 4272 dieebal:Quare
1051 4206 1393 4262 contristatus
1420 4205 1623 4271 incedo,
1645 4205 1770 4261 dum
1803 4208 1985 4280 aﬂligit

419 4313 502 4353 me
542 4297 829 4353 inimicus?
865 4296 933 4351 Et
984 4297 1223 4367 alioquin
1272 4312 1395 4352 cum
1445 4307 1632 4368 gentes
1676 4306 1730 4354 et
1779 4299 1986 4355 inimici

419 4391 781 4445 calamitatem
812 4389 1098 4455 inferrent,
1130 4397 1292 4460 atque
1329 4390 1535 4460 populo
1564 4389 1794 4445 Judaico
1831 4406 1988 4460 supe-

417 4484 593 4538 riores
626 4483 950 4549 evasissent,
983 4481 1065 4536 vir
1105 4482 1195 4536 ille
1238 4480 1348 4536 Deo
1386 4481 1639 4537 addictus
1670 4481 1853 4536 animo
1887 4481 1986 4536 do-

2083 3292 2230 3362 μέσῳ
2250 3289 2487 3344 τοιούτου
2509 3288 2638 3342 λαοῦ
2658 3288 2926 3362 ;Ἤρμοξε
2949 3289 3004 3343 δὲ
3027 3288 3097 3341 τὰ
3115 3287 3445 3359 προκείμενα
3466 3287 3560 3340 καὶ
3578 3284 3642 3355 τῷ

2082 3384 2336 3456 προφήτῃ
2369 3381 2550 3454 Ἠλίᾳ,
2577 3381 2635 3446 ὃς
2674 3381 2856 3451 ἔλεγεν
2882 3380 3330 3451 κατεντυγχάνων
3363 3378 3457 3432 τοῦ
3488 3376 3641 3430 λαοῦ·

2079 3477 2289 3544 Κύριε,
2332 3474 2473 3542 τοὺς
2514 3474 2827 3544 προφήτας
2868 3490 2986 3528 σου
3025 3472 3405 3537 ἀπέκτειναν,
3438 3472 3537 3525 καὶ
3582 3468 3644 3522 τὰ

2081 3565 2480 3635 θυσιαστήριὰ
2510 3583 2626 3621 σου
2652 3566 3065 3634 κατέσκαψαν,
3097 3561 3260 3634 κάγὼ
3284 3563 3642 3631 ὑπελείφθην

2076 3659 2295 3727 μόνος,
2330 3658 2428 3711 καὶ
2473 3654 2714 3726 ζητοῦσι
2764 3655 2879 3725 τὴν
2919 3653 3133 3725 ψυχὴν
3176 3652 3385 3708 λαϐεῖν
3439 3650 3636 3717 αὑτήν.

2081 3750 2277 3820 Σαφῶς
2303 3749 2358 3802 δέ
2382 3749 2619 3804 διδάσκει
2652 3748 2922 3821 Ἱερεμίας
2945 3746 3316 3801 ἐκλελοιπέναι
3366 3745 3542 3799 πάντα
3574 3741 3642 3797 δί-

2082 3858 2235 3896 καιον
2277 3843 2341 3895 ἐκ
2376 3841 2470 3895 τοῦ
2514 3840 2680 3906 λαοῦ,
2724 3840 2934 3908 λέγων’
2984 3836 3378 3906 Περιδράμετε
3408 3836 3478 3890 ἐν
3526 3834 3641 3899 ταῖς

2082 3932 2370 4002 ἀμφόδοις
2426 3920 2863 3999 Ἰερουσαλὴμζ
2895 3928 2993 3983 καὶ
3052 3928 3120 3981 ἐν
3165 3926 3294 3993 ταῖς
3348 3924 3641 3988 πλατείαις

2082 4024 2293 4093 αὐτῆς,
2327 4023 2425 4078 καὶ
2459 4023 2612 4077 ῖδετε
2638 4025 2690 4076 εί
2722 4021 2854 4075 ἐστι
2888 4019 3136 4085 συνιὼν,
3169 4018 3269 4072 καὶ
3313 4018 3488 4084 ἵλεως
3515 4017 3639 4071 ἔσο-

2079 4136 2185 4187 μαι
2203 4116 2425 4182 αὐτοῖς.
2445 4111 2557 4168 Εἶτ’
2581 4112 2766 4184 ἐπειδὴ
2791 4113 2852 4166 τὸ
2874 4112 3076 4184 πλῆθος
3096 4110 3418 4164 τῶν-ικακῶν
3447 4107 3638 4181 ἀνδρῶν

2085 4207 2261 4279 θλίψιν
2289 4208 2516 4279 παρεῖχε
2541 4205 2621 4277 τῷ
2656 4204 2869 4276 δικαίῳ,
2904 4201 3318 4276 σκυθρωπάζειν
3353 4200 3447 4253 ἐπὶ
3479 4200 3638 4267 τούτῳ

2085 4297 2266 4367 ἔλεγεν
2285 4314 2299 4328 ⁸
2349 4297 2472 4351 Ἵνα
2515 4297 2573 4350 τί
2620 4293 3054 4364 σκυθρωπάζων
3102 4295 3425 4363 πορεύομαι
3464 4295 3532 4347 ἐν
3569 4289 3637 4355 τῷ

2083 4389 2366 4459 ἐκθλίψαι
2406 4389 2663 4458 ἐχθρόν;
2694 4388 2803 4442 Καὶ
2833 4385 3004 4449 ἄλλως
3031 4385 3109 4452 δὲ,
3141 4384 3249 4438 τῶν
3308 4385 3514 4457 ἐχθρῶν
3554 4380 3636 4436 καὶ

2086 4480 2362 4552 πολεμίων
2396 4480 2683 4535 θλιϐόντων
2715 4480 2808 4532 καὶ
2847 4478 3316 4550 ἐπικρατεστέρων
3348 4475 3637 4547 γενομένων

418 4575 581 4638 lebat,
610 4573 725 4628 zelo
751 4573 944 4642 plenus
973 4573 1042 4628 ob
1071 4588 1366 4643 prosperas
1388 4573 1672 4629 atlteorum
1704 4581 1761 4629 et
1791 4574 1980 4644 impio-

2086 4571 2176 4629 τοῦ
2224 4571 2446 4635 ἔθνους,
2498 4573 2527 4624 ὁ
2571 4571 2648 4643 τῷ
2680 4570 2799 4642 Θεῷ
2848 4570 3202 4641 ἀνακείμενος
3253 4568 3507 4622 ἐδάκνετο
3546 4566 3633 4634 τὴν

418 4671 541 4722 rum
565 4666 842 4725 hominum
887 4680 995 4719 res.
1046 4665 1225 4730 Quare
1267 4665 1723 4739 supplicationem
1769 4666 1984 4721 emitte-

419 4760 533 4825 bat,
581 4766 640 4812 ut
683 4755 846 4821 Deus,
897 4757 991 4828 qui
1031 4756 1098 4812 de
1147 4771 1316 4812 causa
1363 4772 1462 4812 sua
1503 4757 1869 4826 judicaverat,
1918 4771 1983 4811 ac

418 4856 807 4920 congruentem
839 4847 907 4903 de
946 4863 1006 4903 se
1042 4848 1367 4903 sententiam
1414 4848 1638 4913 tulerat,
1674 4848 1982 4904 mercedem

418 4947 567 4996 recte
599 4939 758 4996 factis
805 4939 922 4996 suis
955 4938 1219 5006 debitam,
1265 4939 1536 4995 universae
1576 4939 1763 5011 populi
1799 4939 1985 4994 multi-

417 5031 593 5086 tudini
622 5031 935 5103 largiretur,
973 5038 1029 5086 et
1075 5030 1159 5087 sui
1210 5044 1378 5086 causa
1420 5045 1614 5085 omnes
1647 5033 1882 5102 eriperet
1913 5031 1982 5086 de

419 5136 582 5175 manu
616 5121 995 5188 inimicorum;
1026 5128 1088 5175 ut
1116 5119 1574 5191 quemadmodum
1608 5119 1730 5189 ipse
1757 5120 1986 5177 delicto-

420 5225 542 5263 rum
566 5212 750 5283 populi
776 5215 1048 5284 particeps
1076 5211 1281 5277 l'uerat,
1323 5211 1399 5266 ita
1438 5212 1673 5283 populus
1713 5212 1982 5267 bonorum

420 5317 642 5372 operum
706 5303 881 5372 ipsius
925 5318 1152 5360 consors
1198 5312 1362 5360 esset.
1414 5302 1570 5359 Sicut
1616 5311 1799 5359 autem
1848 5301 1986 5373 justi

424 5395 667 5451 homines
688 5396 780 5466 qui
802 5396 871 5452 ad
896 5396 1186 5452 tribunalia
1205 5397 1354 5453 litem
1384 5396 1608 5462 habent,
1637 5395 1854 5467 iudices
1885 5397 1986 5452 ob-

2088 4664 2288 4736 ψυχὴν,
2337 4665 2499 4736 ζήλου
2543 4663 2915 4735 πληρούμενος
2960 4663 3053 4715 ἐπὶ
3084 4665 3151 4733 τῇ
3195 4661 3304 4715 τῶν
3341 4661 3513 4715 ἀθέων
3553 4657 3634 4712 καὶ

2090 4757 2299 4812 ἀσεϐῶν
2350 4757 2557 4830 ἀνδρῶν
2603 4757 2899 4829 εὐπραγίᾳ.
2942 4756 3032 4810 Διὺ
3091 4756 3186 4810 καὶ
3234 4755 3511 4827 ἱκετηρίαν
3552 4752 3634 4804 ἀν-

2088 4852 2354 4923 έπεμπεν,
2383 4850 2457 4914 ὡς
2482 4849 2568 4913 ἂν,
2595 4849 2783 4921 κρίνας
2801 4849 2828 4900 ὁ
2848 4847 2978 4911 Θεὸς
3001 4847 3094 4901 καὶ
3120 4847 3348 4911 δικάσας
3372 4845 3531 4917 αὐτῷ,
3554 4842 3633 4896 καὶ

2087 4945 2187 5016 τὴν
2213 4944 2523 5016 πρέπουσαν
2556 4941 2683 5012 περὶ
2714 4940 2875 4995 αὑτοῦ
2908 4940 3061 5009 δίκην
3086 4939 3521 5010 ἐξενεγκάμενος,
3549 4934 3631 5004 τὴν

2088 5022 2770 5107 αὑτοῦπροσοφειλομένην
2798 5031 3028 5104 ἀμοιϐὴν
3060 5032 3167 5085 τῶν
3196 5030 3357 5085 αὐτοῦ
3384 5026 3633 5100 κατορθω-

2092 5129 2275 5200 μάτων
2326 5128 2404 5197 τῷ
2435 5125 2598 5182 παντὶ
2647 5122 2837 5196 πλήθει
2877 5124 3187 5196 χαρίσοιτο,
3230 5123 3324 5176 καὶ
3373 5121 3439 5174 δι’
3486 5111 3631 5173 αὑτοῦ

2090 5219 2313 5296 ῥύσαιτο
2342 5220 2467 5283 τοὺς
2512 5210 2719 5282 πάντας
2750 5218 2815 5271 ἐκ
2861 5217 3042 5289 χειρὸς
3069 5215 3179 5271 τῶν
3224 5214 3519 5285 πολεμίων*
3552 5209 3629 5271 ἶν’,

2089 5309 2278 5380 ὥσπερ
2316 5307 2568 5367 κοινωνὸς
2605 5306 2765 5369 αὐτὸς
2810 5304 2999 5374 γέγονε
3049 5305 3147 5376 τῆς
3176 5303 3269 5357 τοῦ
3313 5301 3442 5356 λαοῦ
3485 5313 3630 5353 κακο-

2091 5399 2350 5471 πραγίας,
2391 5396 2533 5451 οὕτω
2573 5396 2668 5450 καὶ
2724 5398 2752 5448 ὁ
2798 5394 2924 5457 λαὸς
2956 5394 3211 5464 μετάσχοι
3242 5392 3343 5461 τῆς
3374 5389 3525 5445 αὐτοῦ
3561 5386 3630 5439 δι·

423 5498 637 5542 secrant
658 5495 718 5542 ut
737 5489 938 5558 justam
974 5505 1196 5545 causam
1242 5504 1398 5544 suam
1425 5490 1671 5554 audiant,
1708 5499 1870 5561 atque
1906 5505 1973 5545 ex

2086 5490 2467 5562 καιοπραγίας.
2511 5489 2722 5560 Ὥσπερ
2772 5486 2828 5540 δὲ
2861 5486 2911 5539 oi
2955 5484 3150 5539 δίκαιοι
3185 5484 3395 5555 ἔχοντες
3444 5482 3499 5534 ἐν
3528 5478 3627 5538 τοῖς

421 5595 575 5656 ωψιο
601 5590 655 5639 et
682 5582 823 5638 bono
850 5583 1172 5638 sententiam
1201 5581 1304 5639 sibi
1336 5580 1548 5645 ferant;
1571 5582 1762 5638 eodem
1801 5582 1963 5640 modo

2086 5584 2457 5657 ῑικαστηρίοις,
2505 5582 2633 5647 τοὺς
2676 5581 2936 5646 δικαστάς
2981 5577 3308 5635 ἱκετεύουσιν
3344 5567 3635 5630 ἐπακοῦσαι
3674 5626 3684 5643 ,

494 5736 538 5771 ⁵³
577 5734 641 5794 ιιι
671 5735 801 5810 Reg.
837 5694 959 5804 xu,
998 5737 1082 5794 Η.
1158 5736 1201 5771 ⁸⁸
1237 5734 1435 5793 Jerem.
1472 5752 1525 5805 γ,
1560 5738 1610 5791 1.
