3822 6280
161 345 254 401 3M

1286 333 1781 390 COMMENTARIA
1822 333 1890 389 ΙΝ
1919 331 2251 388 PSALMOS.

3271 329 3376 388 382

163 463 266 515 τῶν
303 454 528 511 δικαίων
568 452 773 518 αὐτῶν,
809 452 1024 508 δικάσαι
1060 469 1118 505 τε
1157 453 1249 507 καὶ
1280 452 1482 525 κρίνειν
1523 454 1718 517 αὐτοὺς

1828 455 1906 508 vi‘r
1939 453 2226 526 religiosus
2271 451 2358 506 his
2399 449 2581 506 verbis
2626 449 2794 504 Deum
2847 449 3163 521 alloquitur,
3187 452 3374 518 judica

163 549 357 621 ὀρθῶς·
406 547 499 598 τὸν
528 545 686 598 αὑτὸν
727 542 923 614 τρόπον
973 545 1065 596 καὶ
1104 545 1132 596 6
1180 543 1430 614 θεοφιλὴς
1474 543 1564 597 διὰ
1609 543 1715 597 τῶν

165 637 534 712 προκειμένων
573 635 650 706 τῷ
693 634 809 705 Θεῷ
842 652 1003 704 φησι·
1046 635 1264 702 Κρῖνόν
1301 652 1422 703 μοι,
1472 638 1504 688 ὁ
1551 635 1714 700 Θεὸς,

164 736 290 804 οὐχὶ,
340 730 554 798 κρῖνόν
594 746 670 798 με
695 745 709 759 ο
749 727 887 781 κατά
931 727 986 780 δὲ
1020 727 1109 779 τὸν
1161 725 1470 797 Σύμμαχον,
1512 724 1718 792 κρῖνόν

157 843 272 897 μοι.
299 824 368 876 Σὺ
404 821 517 892 γὰρ
553 819 713 882 αὐτὸς
745 818 900 887 γενοῦ
927 836 1019 890 μοι
1053 817 1262 889 κριτὴς,
1292 820 1385 871 καὶ
1409 819 1506 889 τὴν
1537 818 1715 889 κρίσιν

165 934 255 986 μου
283 913 487 983 ταύτην
518 915 724 984 κρῖνον,
756 911 848 963 καὶ
879 911 1239 982 ὑπερδίκησον
1266 911 1362 980 τῆς
1399 910 1554 981 δίκης
1593 928 1714 982 μου,

164 1011 256 1071 ἵνα,
301 1003 479 1075 τυχὼν
537 1003 810 1066 ἐκδικίας,
859 1002 1214 1073 συμϐάλωμαι
1246 1006 1311 1074 τῇ
1351 1003 1593 1074 σωτηρίᾳ.
1625 1001 1717 1056 τοῦ

163 1097 346 1159 παντὸς
369 1093 614 1166 πλήθους
641 1093 710 1147 τὰ
736 1094 971 1164 ἐμαυτοῦ
998 1093 1414 1166 κατορθώματα.

235 1188 701 1254 Ἐξαπόστειλον
729 1185 794 1238 τὸ
829 1183 954 1253 φῶς
990 1202 1126 1249 σου,
1163 1187 1259 1243 καὶ
1295 1186 1406 1253 τὴν
1431 1185 1718 1252 ἀλήθειάν

161 1297 264 1336 σου
292 1298 305 1311 ·
373 1278 532 1334 αὑτά
587 1296 664 1349 με
712 1277 1032 1346 ὡδήγησιιν
1087 1278 1185 1331 καὶ
1236 1279 1461 1348 ἤγαγέν
1511 1297 1588 1348 με
1629 1282 1718 1346 εὶς

162 1374 286 1443 ὅρος
344 1371 520 1442 ἅγιόν
559 1387 712 1435 σου,
769 1370 867 1423 καὶ
915 1373 1000 1437 είς
1055 1371 1128 1425 τὰ
1173 1370 1530 1440 σκηνώματά
1577 1386 1713 1430 σου.

164 1465 376 1532 Νοήσεις
432 1462 529 1514 καὶ
590 1461 789 1524 οὕτως·
849 1460 954 1514 Τοῦ
1019 1461 1167 1532 παρά
1235 1463 1316 1514 σοὶ
1391 1461 1565 1530 φωτὸς
1625 1463 1717 1515 καὶ

163 1554 249 1622 τῆς
291 1552 437 1624 παρὰ
484 1553 572 1604 σοὶ¹
614 1553 865 1624 ἀληθείας
902 1552 1078 1624 τυχὼν
1125 1551 1562 1623 ὁδηγηθήσομαι,
1614 1553 1718 1606 ὑπὸ

166 1646 251 1720 μὲν
290 1643 379 1696 τοῦ
411 1643 598 1713 φωτὸς
643 1642 1026 1715 φωτιζόμενος,
1067 1644 1170 1696 ὑπὸ
1217 1643 1273 1696 δὲ
1320 1644 1420 1713 τῆς
1451 1644 1549 1716 σῆς
1582 1644 1717 1713 ἀλη-

164 1736 294 1799 θείας
315 1734 825 1806 χειραγωγούμενος
844 1735 934 1787 ἐπὶ
949 1735 1009 1788 τὸ
1030 1734 1154 1806 ὅρος
1176 1735 1237 1787 τὸ
1262 1733 1410 1803 ἅγιόν
1429 1751 1519 1786 σου
1545 1735 1605 1786 τὸ
1623 1736 1720 1786 ἐπ-

1818 547 1944 601 mihi
1973 546 2133 609 Deus,
2177 561 2286 600 non
2335 559 2484 610 vero,
2515 543 2700 612 judica
2741 559 2860 596 me:
2888 559 3035 606 nam,
3077 544 3373 598 secundum

1819 639 2222 711 Symmachum,
2271 636 2458 706 jndica
2508 635 2654 695 mihi,
2688 635 2908 690 dicitur.
2955 634 3034 688 Tu
3077 637 3193 705 ipse
3242 637 3376 692 mihi

1811 730 1977 800 judex
2007 737 2145 795 esto,
2184 736 2237 782 et
2286 727 2428 779 hanc
2456 740 2675 779 causam
2699 738 2871 777 meam
2903 723 3166 791 judicato,
3199 733 3258 778 ut
3293 726 3377 779 ul-

1816 825 2016 876 tionem
2057 829 2271 884 nactus,
2307 815 2467 876 recte'
2484 817 2623 873 facta
2653 831 2773 872 mea
2807 817 2974 871 totius
3003 819 3372 874 multitudinis

1818 912 1977 969 saluti
2012 910 2307 966 conferam.
3173 936 3175 938 ·
3444 894 3446 896 ν

1888 1171 2052 1226 Vens.
2082 1169 2200 1226 5-6.
2247 1169 2438 1225 Emitte
2465 1170 2629 1228 lucem
2658 1179 2802 1223 tuam
2833 1179 2883 1225 et
2913 1172 3177 1225 veritatem
3209 1178 3374 1235 tuam,

1816 1265 1931 1334 ipsa
1970 1279 2048 1317 me
2077 1261 2402 1317 deduxerunt
2449 1271 2499 1315 et
2539 1260 2872 1315 adduxerunt
2901 1265 2954 1316 in
2997 1270 3220 1315 montem
3251 1277 3381 1313 san-

1817 1363 1958 1406 ctum
1993 1362 2137 1403 tuum
2177 1359 2224 1403 et
2274 1350 2328 1402 in
2369 1347 2708 1403 tabernacula
2763 1358 2872 1402 tua.
2909 1347 3022 1404 Hoc
3054 1349 3182 1403 item
3217 1347 3378 1401 modo

1820 1443 2111 1512 intelligas,
2154 1441 2273 1496 luce
2323 1455 2386 1494 ac
2430 1441 2661 1495 veritate
2691 1451 2785 1494 tua
2813 1441 3067 1503 donatus,
3103 1446 3250 1494 recte
3277 1439 3380 1492 du-

1822 1550 1936 1595 car,
1983 1534 2103 1588 luce
2141 1530 2357 1602 qurdem
2414 1531 2736 1597 illustratus,
2786 1534 3012 1588 veritate
3059 1538 3239 1586 autem
3288 1540 3380 1583 tua

1818 1623 1976 1694 quasi
1999 1637 2162 1676 manu
2200 1624 2396 1677 ductus
2431 1621 2484 1675 in
2523 1631 2759 1678 montem
2792 1632 3046 1678 sanctum
3079 1633 3229 1679 tuum
3265 1640 3381 1680 cm-

1820 1716 2032 1781 lestem,
2079 1724 2132 1772 et
2187 1715 2242 1769 in
2293 1717 2644 1771 tabernacula
2696 1726 2788 1772 tua
2833 1719 3034 1774 ibidem
3071 1719 3269 1790 posita,
3312 1719 3381 1773 de

164 1829 388 1900 ουράνιον
405 1827 501 1881 καὶ
528 1827 629 1881 ἐπὶ
663 1827 732 1889 τά
756 1827 940 1889 αὐτόθι
973 1826 1304 1897 σκηνώματά
1333 1843 1448 1890 σου,
1488 1827 1616 1898 περὶ
1645 1821 1719 1880 ὧν

1828 1809 2017 1878 quibus
2067 1808 2122 1862 in
2161 1807 2485 1878 praecedenti
2532 1810 2741 1878 psalmo
2791 1809 3084 1865 dicebam:
3120 1809 3380 1876 Quoniam

165 1923 246 1975 καὶ
274 1921 326 1973 ἐν
359 1920 435 1992 τῷ
466 1921 584 1990 πρὸ
608 1919 795 1981 τούτου
831 1918 1014 1990 ἔλεγον
1033 1936 1046 1949 ·
1089 1920 1215 1972 ’Ότι
1248 1918 1626 1987 διελεύσομαι
1652 1917 1721 1971 ἐν

164 2015 305 2078 τόπῳ
333 2010 580 2079 σκηνῆς
609 2011 957 2080 θαυμαστῆς
979 2010 1088 2077 ἕως
1113 2010 1217 2063 τοῦ
1250 2010 1420 2064 οἴκου
1444 2009 1550 2064 τοῦ
1575 2008 1720 2063 Θεοῦ

164 2107 223 2160 ὲν
257 2106 416 2176 φωνῇ
455 2104 878 2174 ἀγαλλιάσεως
921 2105 1018 2159 καὶ
1052 2104 1538 2174 ἐξομολογήσεως
1567 2103 1721 2173 ἤχου

166 2195 554 2262 inpediat-tor
605 2196 680 2258 ὡς
714 2195 776 2248 ἂν
806 2195 864 2247 δέ
899 2212 979 2249 σοι
1022 2195 1098 2265 τῷ
1131 2194 1249 2265 Θεῷ
1285 2195 1594 2265 ίερωμένος,
1630 2194 1722 2246 ἐπὶ

167 2287 226 2339 τὰ
266 2287 524 2340 ἐνδοτάτω
577 2285 671 2338 καὶ
705 2283 866 2354 μέχρι
898 2283 990 2337 τοῦ
1035 2283 1417 2354 θυσιαστηρίου
1463 2281 1599 2353 ἥξω,
1630 2282 1726 2335 καὶ

171 2380 286 2449 πρὸς
331 2379 387 2430 σὲ
444 2379 538 2430 τὸν
591 2377 720 2429 θεὸν
763 2377 1050 2447 ἐλεύσομαι
1092 2376 1182 2429 τὸν
1221 2374 1576 2446 εὐφραίνοντα
1624 2379 1723 2444 την

169 2468 370 2540 νεότητὰ
419 2485 522 2539 μου
578 2469 676 2538 τὴν
714 2467 1106 2538 πνευματικήν.
1175 2465 1724 2535 Ἐξομολογήσομαι

172 2578 253 2616 σοι
285 2560 348 2613 ἐν
373 2559 612 2627 κιθάρῃ,
655 2562 688 2612 ὁ
724 2559 884 2624 Θεός.
928 2557 1171 2630 Κιθάραν
1205 2557 1261 2610 δέ
1289 2557 1348 2610 τὸ
1383 2555 1543 2626 σῶμά.
1570 2573 1751 2626 φησι,-

171 2653 228 2706 δι’
256 2645 309 2705 οὗ
343 2649 750 2722 ἀνακρούεσθαι
800 2651 1041 2719 πέφυκεν
1082 2651 1110 2702 6
1137 2648 1297 2714 νοῦς,
1348 2650 1442 2702 καὶ
1484 2647 1574 2702 διὰ
1616 2648 1724 2701 τῶν

175 2744 508 2816 αἰσθητηρίων
567 2741 752 2813 ὥσπερ
797 2742 884 2800 διὰ
933 2741 1136 2813 χορδῶν
1179 2741 1275 2813 τὴν
1324 2741 1402 2812 τῷ
1444 2741 1560 2812 Θεῷ
1596 2741 1726 2813 πρέ-

175 2855 350 2891 πουσαν
403 2835 678 2908 μελῳδίαν
740 2835 1081 2906 ἀναπέμπειν
1145 2833 1320 2898 εἴωθε.
1400 2834 1593 2904 Σαφῶς
1656 2835 1711 2894 δὲ

176 2928 248 2981 διὰ
289 2929 480 2982 τούτων
530 2930 573 2981 ὁ
622 2927 778 2998 χορὸς
831 2929 860 2980 6
920 2927 1252 3000 προφητικὸς
1297 2928 1601 2999 παρακαλεῖ
1659 2926 1724 2978 τὸ

178 3019 273 3089 φῶς
299 3021 671 3092 ἀποσταλῆναι
705 3020 796 3073 τοῦ
819 3018 950 3072 Θεοῦ
987 3020 1081 3072 καὶ
1106 3019 1202 3089 τὴν
1240 3018 1494 3088 ἀλήθειαν
1528 3017 1713 3082 αὑτοῦ,

178 3113 240 3176 ὡς
285 3114 496 3184 μηδέπω
562 3112 683 3175 τότε
729 3114 914 3181 φαῖνον
971 3111 1064 3164 ἐπὶ
1102 3112 1198 3181 τῆς
1251 3111 1389 3180 γῆς,
1434 3110 1568 3180 μηδέ
1622 3110 1720 3179 τῆς

180 3204 402 3274 ἀληθείας
462 3202 828 3276 ὑπαρχούσης
897 3220 1011 3266 πως
1071 3203 1166 3255 σὺν
1227 3200 1573 3272 ἀνθρώποις,

180 3296 350 3358 ταύτας
397 3296 561 3364 ἠφίει
603 3293 703 3357 τὰς
757 3293 956 3361 φωνάς.
991 3291 1109 3354 Φῶς
1161 3290 1216 3342 δὲ
1267 3289 1722 3360 ᾀτιοστελλόμενον

181 3387 338 3458 ἕτερον
378 3386 440 3440 ἂν
471 3386 568 3455 εἴη
610 3384 701 3436 τοῦ
735 3383 1180 3447 ἀποστέλλοντος,
1224 3383 1349 3453 περὶ
1388 3374 1449 3435 οῦ
1486 3382 1721 3455 εἴρηται*

183 3473 272 3532 Ἦν
297 3480 355 3532 τὸ
401 3477 524 3547 φῶς
572 3475 638 3529 τὸ
679 3472 927 3545 φωτίζον
973 3473 1168 3542 πάντα
1207 3473 1516 3542 ἄνθρωπον
1554 3472 1723 3540 ἐρχό-

180 3587 339 3640 μενον
359 3574 441 3637 εὶς
475 3571 592 3624 τὸν
613 3569 860 3637 κόσμον.
888 3567 1136 3621 Διδάσκει
1159 3566 1215 3632 δέ
1245 3567 1336 3618 καὶ
1379 3565 1539 3634 αὐτὸς
1563 3566 1591 3616 ὁ
1616 3565 1729 3627 Eut-

183 3662 268 3735 ςὴρ
302 3661 741 3734 αὑτοπροσώπως
779 3661 978 3730 λέγων·
1023 3655 1168 3728 Ἐγώ
1211 3661 1324 3727 ειμι
1372 3657 1437 3711 τὸ
1464 3656 1590 3726 φῶς
1628 3656 1726 3709 καὶ

183 3758 216 3822 ἡ
246 3757 476 3824 ἀλήθεια
521 3756 630 3810 καὶ
672 3756 710 3824 ἡ
750 3753 881 3823 ζωή.
932 3754 1055 3807 Ἵνα
1107 3751 1164 3804 τί
1215 3749 1541 3819 περίλυπος
1576 3744 1648 3812 εἷ,
1687 3748 1726 3815 ἡ

183 3851 327 3918 ψυχή
345 3861 480 3919 μου,
513 3847 622 3903 καὶ
642 3848 742 3900 ἵνα
766 3847 822 3907 τί
840 3841 1286 3912 συνταράσσεις
1301 3857 1412 3911 με;
1441 3842 1729 3894 Ἐλπισον

184 3945 267 3998 ἐπὶ
294 3946 389 3997 τὸν
436 3942 615 4007 Θεὸν,
649 3940 737 3994 ὅτι
767 3935 1278 4008 ἐξομολογηῆσομαι
1315 3933 1492 4003 αὐτῷ,
1537 3930 1728 4000 σωτή-

180 4054 295 4105 ριον
328 4037 430 4090 τοῦ
457 4032 787 4104 προσώπου
809 4047 927 4100 μου
960 4029 1057 4083 καὶ
1090 4031 1121 4082 ὀ
1156 4027 1300 4092 Θεός
1323 4042 1460 4094 μου.
1507 4023 1731 4093 Σύμμα-

189 4146 264 4201 χος
288 4129 366 4183 δέ·
402 4132 460 4185 Τί
490 4125 854 4195 καταρῤἐεις,
888 4121 1056 4192 ψυχή
1083 4139 1222 4190 μου,
1260 4119 1357 4172 καὶ
1382 4118 1438 4170 τί
1469 4114 1732 4184 θορυϐεῖς

187 4223 265 4276 ἐπ’
291 4224 420 4292 ἐμέ;
452 4221 802 4290 Ἀνάμεινον
830 4217 936 4272 τὸν
962 4217 1108 4270 Θεόν
1125 4231 1138 4244 ⁸
1169 4214 1356 4267 εἰσαεὶ
1389 4211 1498 4281 γὰρ
1527 4208 1732 4276 ἐξομο-

189 4316 498 4386 λογὴσομαι
530 4312 712 4379 αὐτῷ,
740 4310 813 4380 τῇ
836 4309 1098 4377 σωτηρίᾳ
1128 4306 1232 4362 τοῦ
1261 4303 1581 4374 προσώπου
1612 4318 1731 4371 μου

191 4409 270 4461 καί
308 4407 382 4473 τῷ
410 4406 534 4471 Θεῷ
567 4421 713 4475 μου.
748 4401 1081 4471 Ἀνάμεινον,
1110 4397 1292 4468 φησιν,
1332 4395 1418 4447 ἴνα
1460 4392 1553 4446 καὶ
1595 4388 1731 4460 αὐτὴ

191 4482 395 4574 δυνηθῇς
456 4516 588 4554 ποτε
637 4497 834 4549 εἰπεῖν·
899 4489 1225 4560 Ὑπομένων
1285 4485 1570 4556 ὑπέμεινα

196 4572 412 4663 Κύριον,
440 4591 543 4646 καὶ
589 4585 893 4657 προσέσχε
919 4600 1038 4654 μοι.
1077 4577 1236 4633 Ἀλλά
1261 4577 1354 4631 καὶ
1385 4575 1599 4628 ἕλπισον
1638 4572 1731 4626 ἐπὶ

193 4685 268 4736 τὸν
305 4684 462 4736 Θεόνο
514 4683 555 4750 ἠ
591 4681 700 4750 γὰρ
738 4675 910 4740 ἐλπὶς
951 4674 1020 4726 οὐ
1060 4668 1464 4737 καταισχύνει.
1510 4665 1575 4718 Τί
1621 4663 1730 4736 γάρ

193 4775 248 4827 ἂν
283 4774 383 4847 χρὴ
406 4769 803 4846 ταράττεσθαις
835 4765 886 4818 τί
917 4765 973 4817 δὲ
1006 4763 1298 4835 περίλυπον
1343 4758 1607 4829 γίνεσθαι,
1646 4774 1734 4810 το-

197 4865 376 4919 σούτων
424 4858 889 4936 προσδοκωμένων
929 4853 1175 4923 ἀγαθῶνς
1221 4853 1342 4905 Ἔτι
1383 4849 1490 4922 γὰρ
1520 4847 1736 4919 μικρὸν

196 4960 326 5013 ὅσον
345 4963 374 5013 ό
393 4957 714 5028 ἐρχόμενος
741 4948 893 5018 ἣξει,
920 4945 1016 4999 καί
1042 4946 1112 4998 οὐ
1131 4943 1369 5013 χρονιεῖ,
1411 4944 1501 4996 καὶ
1536 4939 1596 4994 τὸ
1618 4940 1732 5007 φῶς

192 5050 600 5118 ἀποσταλήσεται
627 5086 642 5111 ,
711 5041 806 5096 καὶ
833 5041 867 5111 ἡ
899 5036 1121 5108 ἀλήθεια
1149 5033 1602 5106 παραγενήσεται,
1641 5028 1735 5081 καὶ

194 5141 250 5192 τὰ
280 5134 714 5209 προφητευθέντα
747 5130 929 5192 τέλους
956 5125 1232 5193 τεύξεται·
1275 5125 1368 5192 καὶ
1411 5123 1560 5185 τέλος
1603 5138 1738 5174 παν-

195 5227 271 5290 τὸς
304 5228 458 5296 λόγου
487 5225 550 5279 τὸ
588 5222 849 5295 σωτήριόν
895 5221 1012 5272 ἐστι
1047 5216 1140 5270 τοῦ
1172 5213 1484 5288 προσώπου,
1520 5213 1680 5276 αὐτὸς
1709 5213 1738 5265 6

197 5313 312 5376 Θεὸς
346 5331 464 5385 μου.
521 5311 770 5365 Ἐπειδὰν
814 5308 920 5378 γὰρ
948 5304 1286 5371 καταξιωθῶ,
1334 5302 1634 5374 παραστὰς·
1662 5300 1739 5373 τῷ

200 5402 322 5472 θεῷ,
354 5404 636 5476 πρόσωπον
674 5400 808 5472 πρὸς
837 5397 1123 5472 πρόσωπον
1148 5393 1479 5462 ἐποπτεῦσαι
1523 5393 1582 5445 τὸ
1633 5409 1737 5446 σω-

201 5500 394 5567 τήριον,
427 5497 555 5568 περὶ
584 5487 832 5557 οῦπσλὺς
869 5494 898 5545 6
927 5491 1084 5559 λόγος
1108 5489 1198 5543 διὰ
1234 5486 1424 5541 πασῶν
1452 5485 1559 5541 τῶν
1599 5486 1738 5557 Γρα-

205 5588 333 5664 ςιῶν·
382 5587 501 5641 τότε
552 5586 613 5658 δὴ
661 5585 809 5657 αὺτῷ
867 5582 1325 5654 ἐξομολογήσομαι
1379 5579 1455 5661 ὡς
1507 5577 1574 5633 ἂν
1619 5574 1738 5648 Θεῷ

313 5709 354 5739 ⁵⁸
405 5708 548 5762 Psal.
604 5721 723 5772 xu,
789 5707 839 5763 5.

946 5707 989 5739 "
1031 5707 1186 5764 Joan.
1239 5722 1290 5772 ι,
1351 5706 1405 5761 9.

208 5777 248 5823 υ
278 5777 424 5839 llcbr.
458 5791 519 5842 χ,
544 5777 630 5833 57.

1760 4513 1808 4577 D

1516 5697 1753 5759 "Joan.
1820 5712 1948 5758 xw,
2024 5695 2079 5751 6.

1822 1903 2054 1956 transibo
2089 1903 2143 1955 in
2172 1904 2342 1956 locum
2375 1902 2699 1957 tabernaculi
2727 1901 3080 1966 admirabilis,
3117 1919 3277 1973 usque
3310 1903 3382 1956 ad

1821 1993 2033 2048 domum
2077 1993 2195 2049 Dei.
2241 1994 2307 2048 In
2371 2011 2486 2049 voce
2526 1994 2894 2049 exsultationis
2948 2004 2998 2049 et
3043 1995 3383 2062 confessionis

1820 2087 1936 2141 soni
1981 2086 2169 2154 festum
2217 2088 2414 2157 agentis
2435 2088 2516 2153 5°;
2559 2087 2714 2157 quasi
2747 2087 2846 2140 tibi
2880 2085 2990 2141 Deo
3040 2102 3196 2140 sacra
3241 2088 3382 2142 cele-

1821 2174 2009 2240 brans,
2042 2175 2109 2229 ad
2157 2177 2348 2230 intima
2381 2183 2435 2232 et
2483 2192 2656 2244 usque
2696 2176 2763 2230 ad
2807 2175 2978 2230 altare
3009 2176 3119 2239 ibo,
3153 2184 3206 2231 et
3235 2179 3300 2230 ad
3331 2184 3391 2232 te-

1822 2253 1992 2318 Deum
2028 2266 2239 2320 veniam
2281 2267 2373 2336 qui
2427 2266 2668 2322 laetiﬁcas
2693 2267 3030 2337 juventutem
3072 2283 3246 2323 meam
3282 2271 3384 2339 spi-

1821 2353 2096 2410 ritualcm.
2130 2355 2429 2424 Conﬁtebor
2453 2355 2544 2408 tibi
2591 2357 2643 2409 in
2677 2357 2880 2410 cithara
2908 2357 3070 2411 Deus.
3106 2358 3383 2413 Citharam

1823 2460 2022 2516 corpus
2049 2445 2202 2510 dicit,
2243 2454 2352 2516 quo
2386 2446 2590 2516 pulsari
2615 2462 2771 2502 mens
2813 2448 2971 2511 solet,
3009 2456 3170 2518 atque
3215 2447 3388 2502 sensi-1

1823 2535 1926 2590 bus
1966 2535 2123 2606 quasi
2177 2535 2400 2590 chordis
2458 2546 2848 2606 congruentem
2896 2536 3006 2592 Deo
3063 2543 3393 2591 concentum

1824 2626 2092 2680 emittere.
2159 2624 2256 2680 His
2317 2634 2506 2695 aperte
2571 2635 2725 2696 rogat
2777 2625 2976 2680 chorus
3040 2627 3391 2697 propheticus

1825 2718 1995 2772 emitti
2028 2718 2202 2774 lucem
2235 2717 2329 2776 Dei
2361 2725 2415 2772 et
2438 2718 2723 2773 veritatem
2754 2719 2896 2788 ejus,
2932 2735 2997 2774 eo
3027 2718 3174 2790 quod
3217 2719 3389 2772 nulla-

1825 2819 1985 2864 tenus
2033 2817 2164 2864 tunc
2207 2811 2412 2864 luceret
2459 2812 2514 2864 in
2556 2819 2722 2874 terra,
2769 2819 2823 2866 et
2854 2813 3056 2866 veritas
3103 2826 3391 2880 nusquam,

1826 2919 1935 2973 quo
1958 2909 2199 2971 tempore
2228 2902 2342 2964 hinc
2371 2901 2704 2972 proferebat,
2738 2917 2861 2957 cum
2904 2902 3213 2958 hominibus
3241 2903 3388 2957 exsi-

1829 3003 2012 3049 steret.
2043 2991 2158 3046 Lux
2185 3001 2364 3047 autem
2397 2993 2719 3055 missa,;alia
2751 3008 2882 3046 sane
2910 2991 3070 3044 fuerit
3100 2993 3166 3046 ab
3188 3007 3249 3046 ca
3274 3007 3390 3061 qum

1829 3071 2013 3152 mittit',
2057 3086 2123 3140 de
2151 3101 2255 3156 qua
2286 3086 2485 3142 dicitur
2513 3130 2526 3139 .
2555 3085 2690 3139 Erat
2720 3086 2811 3139 tua:
2849 3102 2964 3155 qua:
2995 3086 3258 3138 illuminat
3281 3075 3390 3138 om?

1633 3173 1719 3252 δέε
1749 3173 1788 3229 C
1825 3198 1942 3234 nem
1971 3179 2230 3235 hominem
2257 3179 2541 3233 venientem
2573 3179 2626 3231 in
2671 3176 2922 3230 mundum
2943 3179 3007 3229 δι.
3051 3177 3114 3231 Et
3144 3177 3391 3231 Salvator

1826 3272 1941 3344 ipse
1974 3287 2040 3326 ex
2068 3285 2302 3341 persona
2343 3275 2440 3324 sua
2474 3268 2632 3323 docet
2659 3268 2744 3329 his
2771 3268 2951 3323 verbis
2982 3287 2993 3322 :
3021 3267 3130 3338 Ego
3166 3284 3284 3322 sum
3306 3269 3388 3321 tua

1823 3375 1870 3421 et
1900 3364 2088 3418 veritas
2111 3371 2160 3424 et
2191 3363 2297 3416 vita
2314 3362 2379 3417 δ’.
2413 3361 2588 3433 Quare
2619 3361 2786 3414 tristis
2829 3376 2906 3424 es,
2960 3361 3140 3414 anima
3179 3377 3312 3427 mea,
3347 3373 3393 3414 et

1825 3473 1984 3530 quare
2012 3454 2294 3510 conturbas
2328 3457 2447 3510 me?
2479 3454 2644 3525 Spera
2683 3456 2736 3510 in
2767 3456 2875 3520 Deo
2903 3457 3151 3528 quoniam
3177 3456 3393 3524 conﬁte-

1826 3555 1919 3608 bor
1949 3551 2053 3616 illi,
2079 3550 2313 3604 salutare
2345 3550 2518 3605 vultus
2557 3551 2658 3604 mei
2679 3560 2727 3603 et
2771 3549 2911 3603 Deus
2952 3565 3115 3603 meus.
3154 3545 3393 3618 Symma-

1826 3644 1965 3700 chus
2006 3659 2160 3707 vero,
2189 3643 2369 3710 Quare
2401 3642 2583 3721 eﬂluis,
2615 3642 2794 3694 anima
2835 3657 2970 3703 mea,
3002 3650 3051 3694 et
3081 3656 3240 3709 quare
3269 3655 3394 3691 con-

1828 3737 2009 3801 turbas
2036 3740 2158 3793 me?
2191 3736 2452 3806 Exspecta
2484 3735 2672 3797 Deum,
2717 3748 2915 3801 semper
2947 3733 3084 3785 enim
3113 3730 3394 3800 conﬁtebor

1827 3829 1895 3892 ei,
1927 3827 2089 3882 saluti
2135 3826 2306 3880 vultus
2341 3825 2438 3878 mei
2467 3837 2516 3877 et
2548 3823 2655 3876 Deo
2700 3838 2830 3875 meo.
2883 3821 3163 3889 Exspecta,
3197 3820 3393 3889 inquit,

1829 3930 1888 3977 ut
1951 3928 2005 3976 et
2055 3922 2175 3990 ipsa
2231 3917 2524 3986 aliquando
2566 3916 2749 3970 dicere
2778 3914 2961 3968 valeas
3001 3929 3014 3964 :
3073 3911 3395 3981 Exspectans

1828 4014 2124 4084 exspectavi
2157 4011 2463 4072 Dominum,
2495 4019 2542 4062 et
2591 4006 2813 4060 intendit
2858 4005 3073 4058 mihi”.
3109 4003 3214 4058 Sed
3241 4019 3396 4074 spera

1831 4108 1887 4162 in
1917 4106 2047 4172 Deo,
2081 4119 2205 4158 nam
2246 4118 2358 4172 spes
2399 4117 2502 4155 non
2533 4098 2806 4168 confundit
2832 4098 2900 4153 ⁵⁸.
2927 4097 3068 4164 Quid
3111 4095 3396 4151 conturba-

1829 4200 1978 4252 tione
2000 4196 2176 4268 opus?
2200 4210 2320 4263 qua:
2349 4192 2582 4248 tristitia:
2613 4205 2799 4256 causa,
2831 4204 2953 4243 cum
2983 4195 3061 4242 tot
3089 4194 3379 4257 exspecten

1831 4298 1922 4344 tur
1952 4287 2140 4354 bona?
2188 4284 2322 4338 Nam
2367 4284 2537 4337 adhuc
2588 4282 2849 4336 modicum
2904 4279 3315 4351 aliquantulum,
3351 4288 3398 4332 et

1833 4379 1922 4450 qui
1967 4388 2212 4431 venturus
2265 4381 2342 4428 est
2373 4373 2557 4435 veniet,
2605 4381 2654 4425 et
2704 4387 2808 4425 non
2844 4368 3076 4422 tardabit
3109 4369 3176 4432 ⁵⁸,
3223 4375 3276 4422 et
3307 4367 3396 4420 lux

1836 4471 2100 4532 mittetur,
2137 4467 2343 4521 veritas
2366 4464 2636 4528 adveniet,
2663 4471 2716 4517 et
2741 4477 2862 4532 quae
2885 4461 3245 4532 praenuntiata
3272 4468 3398 4514 sunt

1824 4559 1996 4614 ‘ﬁnem
2041 4557 2338 4612 habebunt.
2376 4553 2527 4608 Finis
2574 4565 2737 4624 porro
2778 4551 2957 4604 omnis
3007 4547 3272 4604 sermonis
3316 4557 3398 4602 est

1833 4652 2071 4710 salutare
2098 4649 2303 4711 vultus,
2334 4647 2452 4718 ipse
2481 4644 2624 4700 Deus
2654 4657 2828 4701 meus.
2852 4640 2988 4695 Cum
3019 4641 3161 4693 enim
3202 4637 3399 4709 dignus

1835 4744 2054 4800 habitus
2079 4756 2176 4797 ero
2198 4739 2293 4814 qui
2335 4753 2520 4794 coram
2565 4736 2676 4790 Deo
2708 4733 2848 4788 facie
2888 4733 2954 4786 ad
2986 4730 3181 4784 faciem
3220 4729 3398 4784 consi-

1836 4848 2000 4901 stam,
2033 4851 2096 4891 ac
2116 4835 2325 4890 videam
2359 4832 2597 4887 salutare
2645 4827 2801 4891 illud,
2862 4825 2929 4880 de
2971 4837 3080 4893 quo
3130 4823 3301 4875 multa
3345 4823 3400 4875 in

1836 4930 2090 4986 omnibus
2120 4925 2419 4997 Scripturis
2446 4920 2929 4983 circumferuntur,
2961 4924 3094 4970 tunc
3133 4915 3234 4985 ipsi
3269 4929 3400 4968 con-

1836 5021 2030 5078 ﬁtebor
2078 5026 2138 5073 ut
2172 5018 2283 5073 Deo
2318 5030 2440 5071 meo
2494 5020 2548 5070 et
2597 5009 2818 5067 salutari
2852 5022 2994 5061 meo.
3040 5005 3271 5060 Pulchre
3305 5019 3400 5056 au-

1835 5122 1948 5172 tem
1991 5111 2210 5170 veritati
2237 5110 2424 5173 lumen
2466 5104 2713 5174 adjunxit
2746 5114 2908 5154 :nam
2955 5097 3101 5168 quod
3133 5098 3223 5150 lux
3273 5110 3400 5151 sen—

1839 5221 1959 5264 Sum
1987 5219 2210 5260 movens
2250 5185 2432 5257 oculis
2470 5192 2750 5266 corporeis
2788 5199 2890 5256 est,
2931 5191 3165 5260 idipsum
3198 5187 3401 5242 veritas

1840 5308 1923 5355 est
1954 5298 2148 5352 anima:
2185 5292 2385 5355 oculis,
2425 5299 2676 5344 naturam
2713 5299 2894 5340 rerum
2942 5279 3396 5352 inspectantibus,

1843 5406 2019 5462 neque
2049 5389 2191 5442 ultra
2218 5380 2480 5452 deceptis,
2523 5377 2616 5434 sed
2657 5391 2756 5447 per
2787 5389 2966 5428 rerum
2999 5371 3400 5443 perceptionem

1842 5461 2159 5542 illustratis,
2213 5483 2266 5530 et
2314 5470 2559 5527 veritatis
2627 5466 2875 5523 notitiam
2953 5461 3399 5534 percipientibus.

1841 5572 2022 5645 Ipsum
2058 5571 2239 5639 itaque
2265 5563 2489 5620 verbum
2513 5561 2650 5616 lueis
2675 5556 2976 5631 spiritualis
3002 5555 3134 5620 vim,
3165 5568 3272 5624 qua
3310 5565 3398 5607 ve-

2183 5691 2226 5725 "
2278 5687 2422 5746 Psal.
2483 5699 2683 5752 χχιιι,
2743 5681 2796 5739 1.
2909 5679 2954 5712 ⁵⁸
2993 5675 3152 5742 Rom.
3208 5691 3287 5741 ν,
3343 5669 3401 5732 ὕ.
