3822 6280
519 299 628 355 383
1304 303 1570 360 EUSEBll
1608 263 2079 367 CIESARIENSIS
2117 310 2264 369 ()PP.
2296 313 2474 370 PARS
2512 314 2599 370 Ill.
2632 348 2702 358 -—
2735 317 3139 379 EXEGETICA.
3595 336 3671 393 384

518 418 652 472 ritas
675 418 1005 487 declaratur,
1033 421 1426 493 interpretatus
1450 434 1550 480 est.
1582 425 1714 484 Jure
1747 429 1928 501 itaque
1956 432 2024 487 Sa

2271 451 2282 486 ι
2313 435 2405 489 καὶ
2437 436 2645 508 Σωτῆρί
2681 457 2780 508 μου
2803 458 2814 469 ο
2850 440 3028 506 καλῶς
3074 443 3130 496 δὲ
3173 444 3370 515 συνῆψε
3398 446 3452 500 τὸ
3496 449 3591 518 φῶς
3622 456 3667 528 τῇ
3779 440 3780 487 3

513 514 668 560 vator
715 506 829 562 haec
855 508 1140 577 discipulis
1184 511 1302 567 suis
1343 513 1567 568 tradens
1610 515 1686 569 ita
1721 516 1925 581 docuit,
1962 517 2022 589 Εε

2271 526 2406 599 λθείᾳ
2427 545 2440 558 ο
2504 506 2639 601 ὅπερ
2664 506 2771 601 γὰρ
2795 532 2910 600 φῶς
2939 532 3190 606 αἰσθητὸν
3226 506 3668 614 ὀφθαλμοῖςισῶμαί

511 613 628 651 sum
655 596 772 662 lux,
811 606 860 652 et
897 599 1090 654 veritas
1127 608 1179 655 et
1205 601 1312 656 vita
1333 602 1398 656 ⁸⁸.
1440 601 1742 676 Unicuique
1774 623 1939 677 porro
1970 624 2020 663 ca

2275 596 2290 685 ,
2320 596 2476 676 τοῦτο
2507 596 2725 696 ἀλήθεια
2740 596 2859 691 ito-ig
2890 628 2987 699 τῆς
3021 596 3197 702 ψυχῆς
3230 596 3508 704 ὀφθαλμοῖς
3535 596 3670 692 Evari-

510 694 748 744 terarum
792 690 1091 746 editionum
1128 692 1274 748 hunc
1334 706 1734 768 consequenter
1767 700 1977 770 aptabis
2013 707 2019 755 l

2179 713 2382 776 νίζουσι
2404 718 2468 786 τῇ
2503 690 2657 785 φύσει
2689 719 2796 774 τῶν
2837 690 3194 793 πραΙγμάτῶν,
3235 690 3325 778 καὶ
3359 690 3533 797 μηκέτι

509 798 654 848 nem,
696 784 810 840 sive
838 801 1027 840 eorum
1063 788 1154 858 qui
1178 788 1234 842 in
1264 788 1541 860 Babylone
1572 791 1644 845 ita
1686 793 2014 863 loquebantu

2177 805 2459 875 τωμένοις,
2504 809 2571 861 δι’
2600 811 2768 882 αὐτῆς
2812 813 2868 866 δὲ
2894 814 2992 884 τῆς
3031 813 3139 868 τῶν
3176 815 3343 868 ὄντων
3378 820 3668 892 καταλήψεως

507 875 623 930 sive
653 879 889 947 gentium
915 897 1034 950 quee
1067 881 1307 935 nondum
1338 884 1654 940 credebant.

2177 897 2580 967 φωτιζομένοις,
2615 875 3073 976 καὶ-γνῶσινΙτῆς
3120 905 3371 978 ἀληθείας
3416 875 3666 983 ἀναλαμθάΣ

505 986 705 1025 νουσιν.
742 973 1079 1044 Ἥρμήνευσε
1100 975 1278 1028 τοίνυν
1311 976 1472 1040 αὐτὸς
1499 980 1528 1031 ὁ
1557 977 1710 1046 λόγος
1733 978 1826 1032 τοῦ
1876 982 2066 1054 νοητοῦ
2106 987 2280 1054 φωτὸς
2341 990 2438 1063 τὴν
2465 994 2759 1065 ἐνέργειαν,
2817 973 3070 1070 ἀληθείας
3105 973 3264 1054 οὖσαν
3298 973 3663 1080 παραστατίκήν.

504 1063 741 1129 Εἰκότως
777 1063 869 1120 οὖν
897 1070 925 1121 ό
957 1069 1146 1141 Σωτὴρ
1181 1070 1353 1125 ταῦτα
1396 1073 1722 1143 παραδιδοὺς
1782 1078 1893 1138 τοῖς
1937 1078 2098 1133 αὑτοῦ
2141 1083 2406 1154 μαθηταῖς
2466 1063 2708 1144 ἐδίδασκε
2732 1063 2933 1160 λέγων-ο
2977 1092 3116 1164 Ἐγώ
3142 1097 3256 1163 εἰμι
3295 1063 3502 1166 τὸιςεῶς
3539 1063 3664 1171 nail-ri

501 1154 751 1220 ἀλήθεια
804 1157 903 1211 καὶ
951 1160 989 1227 ἡ
1025 1158 1156 1229 ζωή.
1223 1162 1332 1216 Καὶ
1379 1163 1581 1236 ἑκάστῃ
1624 1164 1682 1216 δὲ
1719 1164 1825 1220 τῶν
1859 1166 2055 1222 λοιπῶν
2119 1173 2382 1231 ἐκδόσεων
2409 1180 2664 1250 ἁρμόσεις
2713 1154 3017 1250 ἀκολούθως
3042 1154 3106 1238 τὸ
3139 1154 3308 1251 τέλος,
3349 1154 3450 1242 είτε
3481 1154 3664 1256 argi;

503 1250 779 1305 Βαϐυλῶνι
821 1253 992 1307 ταῦτα
1037 1255 1314 1323 λέγουσιν,
1356 1257 1465 1312 εἴτε
1491 1263 1604 1324 τοῖς
1633 1260 1692 1326 ἐξ
1729 1261 1894 1315 ἐθνῶν
1935 1267 2100 1338 μήπω
2131 1275 2561 1331 πεπιστευκόσιν.

574 1365 627 1422 1.
682 1363 746 1418 ΙΝ
799 1365 1256 1435 FINEM,FILIIS
1306 1370 1488 1426 CORE
1540 1373 1632 1428 AD
1678 1374 1997 1432 INTELLE-

1079 1439 1271 1495 CTUM
1310 1441 1492 1497 XLIII.

2171 1387 2279 1442 ΕΙΣ
2329 1392 2416 1445 ΤΟ
2455 1393 2866 1519 ΤΕΛΟΣ,Τὲἶέ
2904 1396 3311 1539 ὗὴυξὲΡΚΟΡΕ
3360 1399 3460 1453 ΕΙΣ
3503 1403 3662 1457 ΣΥΝΕ-

568 1523 838 1597 Propositi
896 1545 1177 1588 sermones
1229 1549 1407 1604 neque
1461 1536 1730 1606 psalmum
1791 1539 1844 1592 in
1902 1540 2064 1595 titulo

2251 1552 2388 1606 Ἀλλ’
2413 1555 2532 1609 οὐδὲ
2565 1557 2613 1609 oi
2651 1523 2994 1629 προκείμενοι
3035 1560 3181 1630 λόγοι
3217 1560 3423 1632 ψαλμὸν
3450 1564 3567 1616 κατὰ
3591 1565 3660 1633 τὴν

493 1617 822 1688 praeferunt,
857 1638 1032 1693 neque
1068 1625 1372 1692 canticum,
1422 1644 1596 1699 neque
1636 1630 1893 1701 hymnum
1916 1673 1930 1695 ,
1968 1651 1999 1688 n

2169 1637 2490 1718 προγραφὴν
2513 1649 2873 1720 περιέχουσιν,
2903 1651 3022 1705 οὐδὲ
3045 1652 3204 1724 ᾠδὴν,
3239 1654 3354 1708 οὐδὲ
3387 1654 3552 1726 ὕμνον,
3575 1657 3659 1710 οὐδέ

495 1723 602 1778 que
652 1710 781 1779 quid
832 1712 1038 1782 simile,
1085 1716 1214 1786 quia
1266 1720 1534 1774 sententia
1579 1722 1868 1776 verberum
1922 1725 2004 1778 nit

2166 1752 2216 1787 τι
2249 1736 2358 1790 τῶν
2393 1741 2647 1794 τοιούτων
2668 1759 2680 1772 ·
2715 1743 2834 1795 ἐπεὶ
2870 1743 3002 1814 μηδὲ
3037 1743 3105 1797 τὰ
3127 1746 3225 1815 τῆς
3251 1746 3475 1810 διανοίας
3510 1747 3597 1801 τῶν
3620 1751 3659 1801 ὲν

494 1815 682 1856 eorum
727 1806 985 1876 respicit,
1031 1809 1128 1864 sed
1171 1811 1597 1882 supplicationes
1625 1825 1752 1870 sunt
1781 1816 2003 1887 prioribl

2160 1827 2339 1890 αὐτοῖς
2381 1829 2688 1900 φερομένων
2729 1831 2983 1904 τοιαύτης
3025 1833 3207 1905 ἔχεται
3248 1835 3493 1908 θεωρίας
3519 1840 3656 1910 ἱκετη-

494 1891 736 1959 similes,
769 1910 832 1950 ac
859 1898 1104 1968 ejusdem
1137 1905 1444 1973 argumenti
1470 1925 1483 1972 ;
1518 1907 1774 1962 nimirum
1805 1909 1872 1965 de
1898 1909 2003 1963 ruit

497 1983 519 2003 π
737 1987 749 2003 ,
899 1992 931 2003 ..
1265 1996 1276 2003 .
1941 2001 1952 2003 ,

2161 1918 2272 1988 ρίαι
2309 1919 2365 1972 δέ
2392 1891 2533 1976 εἰσιν
2577 1924 2756 1995 ὅμοιαι
2800 1928 2920 1990 ταῖς
2939 1891 3271 1999 ¹έμοιζροσθεν
3292 1969 3305 1993 ,
3335 1891 3424 1984 καὶ
3450 1891 3568 2003 ’περὶ
3588 1891 3657 2002 τῆς

489 1983 702 2041 Judaici
737 1987 971 2060 ‘populi,
1005 2009 1072 2048 ex
1125 1996 1512 2066 prophetarum
1559 2015 1795 2069 persona
1848 2017 1878 2056 a
1929 2001 1998 2056 ﬁli

2158 1983 2327 2080 αὐτῆς
2379 1983 2710 2079 ὑποθέσεως·
2754 1983 2914 2086 λέγω-
2951 1983 3007 2070 δέ
3039 1983 3165 2089 περὶ
3210 1983 3311 2089 τῆς
3353 1983 3655 2084 ἀποπτῶσεᾷ

489 2075 629 2134 Core
674 2081 920 2150 prolatae.
966 2085 1028 2139 In
1074 2089 1329 2156 praesenti
1371 2105 1532 2160 porro
1565 2094 1806 2162 apertius
1837 2101 1998 2149 seutel

2155 2099 2249 2153 τοῦ
2289 2102 2553 2158 Ἰουδαίων
2591 2105 2774 2171 ἔθνους
2827 2109 2890 2162 ὲκ
2934 2109 3224 2180 προσώπου
3269 2110 3374 2167 τῶν
3423 2114 3654 2184 προφητῶν

487 2169 621 2224 tiam
668 2174 977 2241 declarant,
1021 2193 1128 2248 qua
1174 2180 1229 2234 in
1271 2185 1647 2252 superioribus
1687 2201 1808 2241 sese
1838 2185 1996 2241 ﬁetibl

2156 2195 2682 2267 προσπεφωνημέναι
2722 2169 2808 2253 sia.
2854 2169 3126 2256 τῶν-υἱῶν
3173 2202 3338 2273 Κορέ.
3391 2169 3654 2273 Adagium

486 2261 771 2321 dederant.
807 2267 1107 2326 Erumnas
1137 2271 1320 2341 itaque
1365 2277 1566 2344 populo
1606 2277 1880 2334 immissas
1922 2295 1990 2333 na

2153 2261 2212 2336 δ(
2246 2286 2336 2338 ἐπὶ
2382 2261 2806 2360 τοῦ-*παρόντος
2854 2291 3168 2364 λευκότερον
3231 2261 3558 2364 ἐκφαίνοντες.
3584 2295 3654 2366 τὴν

485 2363 634 2408 rant.
678 2353 859 2421 Quare
884 2373 988 2413 nos
1015 2359 1081 2413 ad
1120 2361 1453 2418 intellectum
1495 2366 1770 2434 excitant,
1807 2377 1968 2442 atque

2151 2375 2420 2444 διάνοιαν,
2465 2380 2531 2434 δι’
2576 2353 2642 2454 ἢν
2679 2353 2882 2448 ἐντοῖς
2934 2353 3239 2458 ἔμπροσθεν
3285 2353 3648 2441 ἀπεκλαύσαντύ.

487 2447 644 2503 titulo
687 2463 788 2501 nos
835 2449 902 2502 ad
947 2448 1105 2505 ﬁnem
1148 2454 1472 2523 remittunt,
1517 2457 1643 2526 quia
1686 2458 1800 2513 haec
1843 2459 1898 2514 in
1945 2464 1996 2516 ﬁt

2150 2467 2522 2550 ᾼιεξέρχονται
2561 2447 2691 2542 γοῦν
2738 2475 2806 2529 τὰ
2855 2447 3240 2549 συμθεέηκότα
3277 2479 3414 2550 πάθη
3457 2478 3524 2548 τῷ
3552 2477 3648 2547 λαῷ.

482 2545 778 2601 eventura,
811 2539 938 2596 licet
966 2550 1024 2596 ut
1048 2543 1160 2612 jam
1197 2544 1415 2616 impleta
1448 2547 1540 2602 ﬁlii
1570 2549 1708 2606 Core
1739 2553 1991 2623 propheti

2153 2539 2317 2617 ’Ὅθεν
2344 2539 2697 2638 διεγείρουσιν
2721 2569 2866 2640 ἡμᾶς
2889 2539 2970 2634 είς
2999 2539 3234 2634 σύνεσιν,
3266 2571 3356 2625 καὶ
3380 2539 3452 2634 είς
3475 2539 3526 2624 rb
3541 2539 3650 2632 τέλος

481 2631 932 2688 vaticinarentur.
1001 2633 1060 2690 In
1113 2640 1490 2708 superioribus
1547 2643 1728 2714 itaque
1780 2646 1990 2718 lacrym:

2150 2631 2530 2726 avanéunouoi
2563 2657 2652 2712 διά
2805 2631 3145 2733 προγραφῆς,
3180 2631 3272 2714 διά
3299 2660 3357 2714 τὸ
3386 2631 3568 2732 μέλλειν
3585 2631 3649 2711 ἐπί

481 2723 700 2792 bantur,
753 2727 1104 2801 doloremque
1155 2747 1315 2788 suum
1364 2733 1474 2790 Deo
1518 2739 1946 2809 renuntiabant;
1987 2743 1990 2794 1‘

2148 2743 2290 2799 τέλει
2328 2723 2502 2802 ταῦτα
2532 2723 2868 2820 συμϐαίνειν,
2893 2723 3062 2806 εἶκαὶ
3199 2754 3298 2826 ἥδη
3335 2723 3647 2825 συμϐεϐηκότα

479 2817 732 2886 praesenti
765 2836 892 2877 vero
918 2823 1065 2894 ipsas
1093 2826 1434 2883 calamitates
1461 2838 1743 2884 enarrant.

2148 2837 2289 2891 αὐτὰ
2315 2840 2363 2892 oi
2403 2839 2508 2893 υἱοὶ
2549 2817 2696 2913 Κορὲ
2741 2843 3090 2916 προφητικῶς
3121 2817 3416 2908 ἐθέσπιζονί
3463 2817 3548 2895 Διά
3580 2839 3646 2911 μὲν

477 2909 570 2968 οὖν
601 2914 708 2968 τῶν
745 2915 1053 2990 ἔμπροσθεν
1093 2923 1534 2992 ἀπεκλαύσαντο,
1566 2926 1659 2980 καὶ
1715 2926 1813 2992 τὰς
1868 2929 2076 2986 ἑαυτῶν
2115 2932 2436 3005 ἐξήγγειλαν
2470 2936 2549 3009 τῷ
2580 2936 2698 3010 Θεῷ
2720 2937 2891 3003 λύπας
2931 2957 2944 2969 ·
2995 2942 3051 2993 ἐν
3081 2940 3136 2994 δὲ
3177 2943 3294 3006 τοῖς
3335 2936 3647 3013 προκειμένοις

476 3007 571 3062 καὶ
597 3007 733 3063 αὑτά
761 3009 828 3064 τὰ
860 3011 1004 3086 πάθη
1033 3013 1362 3088 ἐξέρχονται.

547 3101 716 3160 Vens.
755 3104 872 3160 2-9.
909 3105 1072 3173 Deus,
1106 3113 1324 3166 auribus
1355 3118 1550 3172 nostris
1581 3117 1899 3187 audivimus,
1935 3127 2041 3177 etc.

2229 3117 2284 3170 '0
2308 3118 2471 3184 Θεὸς,
2502 3118 2625 3184 τοῖς
2646 3118 2797 3173 ὠσὶν
2818 3117 2984 3188 ἡμῶν
3010 3119 3372 3190 ἠκούσαμεν.
3409 3121 3534 3174 Ἀντὶ
3555 3119 3641 3172 τοῦ·

473 3195 580 3250 Pro
607 3199 731 3260 illo,
766 3198 872 3265 Qui
901 3202 1124 3256 mandas
1155 3205 1352 3260 salutes
1389 3206 1558 3264 Iacob
1585 3249 1600 3275 ,
1636 3208 1982 3281 Symmachu:

2159 3210 2213 3264 '0
2243 3210 2673 3280 ἐντελλόμενος
2714 3209 2822 3275 τὰς
2859 3211 3152 3278 σωτηρίας
3189 3209 3400 3276 Ἰακὼϐ,
3429 3211 3645 3280 όΣύμμα-

476 3289 557 3342 Tu
598 3305 652 3344 es
690 3305 783 3343 rex
823 3307 1000 3359 meus,
1036 3290 1206 3360 Deus,
1242 3296 1438 3351 manda
1467 3298 1530 3352 de
1556 3299 1726 3353 salute
1753 3298 1940 3354 Iacob.
1976 3337 1985 3354 λ

2141 3317 2264 3371 χοςο
2311 3300 2394 3354 Σὺ
2438 3296 2496 3353 εἷ
2535 3303 2568 3355 ό
2617 3299 2920 3366 ,βασιλεύς
2965 3317 3110 3369 μου*
3167 3303 3204 3354 ὁ
3251 3301 3408 3367 Θεὸς,
3439 3300 3642 3355 ἕντειλιιι

474 3391 526 3434 te
555 3381 793 3436 inimicos
834 3395 1042 3438 nostros
1083 3388 1447 3442 ventilabimus
1488 3406 1669 3446 cornu.
1720 3391 1824 3457 Qui
1860 3393 1916 3446 in
1947 3410 1979 3463 p

2139 3393 2268 3462 περὶ
2302 3392 2412 3461 τῆς
2441 3393 2737 3462 σωτηρίας
2772 3391 2983 3447 Ἰακώϐ.
3020 3393 3120 3446 Ἐν
3143 3393 3246 3446 σοὶ
3280 3393 3415 3460 τοὺς
3445 3391 3641 3463 ἐχθροὺς

471 3474 600 3545 pulo
629 3475 797 3544 probe
827 3491 885 3532 se
914 3489 1109 3547 gerunt
1129 3520 1144 3541 ,
1176 3487 1228 3535 et
1256 3481 1348 3551 qui
1398 3482 1543 3552 apud
1579 3484 1757 3552 ipsum
1801 3487 1974 3557 proph

2138 3482 2306 3553 ἡμῶν
2335 3485 2735 3554 κερατιοῦμεν.
2761 3486 2822 3538 Οἱ
2847 3484 2943 3556 μὲν
2965 3485 3022 3537 ἐν
3047 3483 3124 3554 τῷ
3149 3483 3262 3556 λαῷ
3290 3484 3637 3557 κατορθοῦντες,

472 3575 568 3632 ιω,
600 3569 715 3624 haec
743 3570 1016 3636 dixerint,
1059 3572 1381 3630 conﬁtentes
1416 3591 1522 3629 non
1556 3579 1776 3646 pr0pria
1801 3581 1981 3634 Vil‘llllt

2136 3575 2191 3627 οἴ
2230 3592 2290 3628 τε
2335 3576 2391 3628 ὲν
2428 3575 2575 3646 αὐτῷ
2625 3576 2919 3646 προφῆται,
2953 3573 3122 3626 ταῦτα
3154 3573 3221 3628 ἂν
3266 3575 3456 3628 εἴποιεν
3493 3572 3637 3644 ὁμολο-

468 3675 580 3721 non
610 3675 771 3726 areu,
799 3678 909 3717 non
933 3664 1112 3735 gladio
1143 3666 1375 3721 salutem
1406 3667 1507 3722 sibi
1536 3670 1716 3738 parari
1745 3709 1761 3734 ,
1799 3671 1895 3725 sed
1925 3673 1973 3726 vi

2135 3667 2356 3736 γοῦντες
2385 3667 2458 3740 μὴ
2489 3667 2664 3739 οἰκείᾳ
2703 3667 2948 3738 δυνάμει,
2984 3667 3116 3740 μηδὲ
3155 3669 3293 3738 τόξῳ
3324 3668 3411 3721 καὶ
3448 3664 3637 3738 ῥομφαίᾳ

467 3757 583 3805 tute
629 3764 797 3805 cornu
825 3751 931 3807 sui.
985 3752 1205 3808 Cornua
1250 3770 1417 3826 porro
1465 3753 1709 3813 Danielis
1748 3757 1976 3830 Scriptu:

2133 3761 2342 3823 ἑαυτοῖς
2377 3759 2444 3812 τὰ
2470 3759 2736 3832 σωτηρίας
2778 3759 3195 3831 περιποιεῖσθαι,
3230 3763 3294 3830 τῇ
3320 3760 3371 3812 δὲ
3397 3758 3481 3811 τοῦ
3504 3757 3635 3826 κέρως

466 3855 634 3910 regna
677 3851 874 3898 vocat:
926 3853 1247 3900 sanctorum
1297 3863 1425 3902 vero
1471 3862 1642 3903 cornu
1670 3849 1877 3905 dicitur
1915 3853 1975 3922 ip,

2131 3851 2307 3903 αὐτῶν
2331 3851 2571 3922 δυνάμει.
2612 3851 2830 3922 Κέρατα
2856 3851 2911 3904 δὲ
2941 3853 2973 3922 ἡ
3010 3849 3104 3904 τοῦ
3139 3851 3334 3923 Δανιὴλ
3364 3849 3530 3922 Γραφὴ
3563 3844 3635 3906 τὰς

466 3929 766 4000 Dominus;
799 3949 970 4004 quare
1001 3937 1106 3990 ait:
1141 3935 1209 3991 In
1236 3946 1283 3992 te
1313 3939 1550 3993 inimicos
1577 3949 1782 3996 nostras
1811 3944 1975 3997 veniit.

2131 3942 2400 4013 βασιλείας
2438 3943 2720 4013 όνομάζει’
2766 3944 2874 3996 τῶν
2923 3944 2980 3998 δὲ
3019 3945 3189 4014 ἁγίων
3237 3945 3396 4016 κέρας
3440 3942 3632 3995 λέλεκται

466 4022 636 4076 bimus
669 4040 871 4090 cornu;
903 4027 1032 4082 alibi
1065 4043 1284 4100 quoque
1311 4029 1514 4086 dicitur
1535 4031 1838 4091 :Protector
1872 4052 1975 4091 mei

2129 4034 2288 4098 αὐτὸς
2315 4036 2343 4085 ὁ
2381 4034 2582 4106 Κύριος
2605 4053 2618 4065 ·
2652 4035 2731 4088 διό
2763 4052 2928 4105 φησι·
2972 4036 3074 4090 Ἐν
3110 4036 3212 4089 σοὶ
3258 4037 3396 4102 τοὺς
3432 4029 3631 4102 ἐχθροὺς

463 4125 512 4168 et
542 4131 702 4170 cornu
729 4117 923 4172 salutis
951 4135 1079 4175 mea:
1112 4121 1179 4177 ε’.
1225 4118 1395 4193 Igitur
1437 4123 1555 4194 ipse
1586 4140 1758 4180 cornu
1803 4134 1924 4182 est:
1962 4144 1972 4182 :

2190 4126 2294 4180 ιῶν
2314 4127 2712 4196 κερατιοῦμεν.
2748 4127 2856 4180 Καὶ
2881 4127 2938 4182 ὲν
2958 4121 3162 4194 ἑτέροις
3173 4127 3440 4182 λέλεκταισ
3480 4125 3646 4210 Ὑπερέ
3697 4191 3699 4198 η

464 4222 678 4276 quaeras
716 4208 880 4262 velim
923 4225 1034 4280 quo
1081 4220 1240 4283 pacto
1283 4214 1390 4270 alio
1435 4215 1491 4270 in
1524 4216 1644 4272 loco
1671 4217 1879 4273 dictum
1919 4218 1973 4274 sil

2125 4218 2430 4288 ασπιστής
2497 4236 2616 4288 μου
2680 4218 2778 4272 καί
2853 4219 3030 4287 κέρας
3084 4222 3376 4288 σωτηρίας
3435 4234 3537 4287 μου
3576 4211 3625 4266 εί.

463 4297 736 4368 Confessio
767 4301 880 4370 ejus
917 4317 1071 4372 super
1112 4305 1298 4359 caelum
1335 4315 1387 4361 et
1425 4316 1619 4362 terram
1645 4349 1659 4374 ,
1690 4319 1740 4364 et
1768 4310 1972 4365 exaltab

2123 4311 2313 4365 Τοίνυν
2364 4310 2524 4374 αὐτὸς
2581 4313 2695 4364 ἐστι
2720 4311 2780 4364 τὸ
2821 4310 3020 4381 κέρας·
3053 4310 3206 4382 ζήτει
3251 4315 3394 4375 ὅπως
3430 4309 3628 4362 λέλεκται

459 4407 624 4453 ρονηιι
655 4391 833 4461 populi
861 4393 948 4447 sui
978 4393 1046 4460 ⁵⁸,
1077 4395 1238 4465 quasi
1268 4397 1408 4454 alius
1438 4399 1509 4453 sit
1539 4401 1632 4470 qui
1659 4408 1963 4456 memoratu

2121 4401 2381 4472 ἀλλαχοῦ·
2442 4403 2505 4459 Ἡ
2555 4401 2988 4473 ἐξομολόγησις
3043 4403 3227 4457 αὐτοῦ
3277 4402 3373 4456 ἐπὶ
3405 4399 3505 4500 τῆς
3553 4395 3626 4504 καὶ

458 4499 632 4539 cornu
663 4485 844 4556 erigit.
888 4487 1310 4555 Animadverte,
1340 4506 1546 4561 quaeso,
1589 4507 1720 4546 num
1752 4491 1848 4547 Dei
1877 4493 1967 4549 Vel

2118 4493 2426 4563 οὐρανοῦ,
2461 4495 2560 4549 καὶ
2609 4490 3071 4564 ὐψὼσείκέρας
3134 4496 3288 4549 λαοῦ
3337 4491 3532 4548 αὐτοῦ·
3571 4487 3626 4548 ὡς

457 4572 619 4636 bum,
656 4572 772 4643 ipse
807 4573 1102 4643 Dominus,
1137 4592 1307 4633 cornu
1341 4582 1523 4651 populi
1565 4583 1859 4653 perspicue
1904 4585 1966 4638 sil

2123 4586 2308 4658 ἑτέρου
2338 4586 2484 4651 ὄντος
2508 4585 2602 4639 τοῦ
2628 4587 2883 4656 ὑψοῦν-τος
2911 4587 2972 4640 τὸ
2992 4586 3450 4657 προδεδηλωμένον
3475 4581 3621 4652 κέρας·

457 4677 523 4716 ac
569 4663 660 4733 qui
703 4663 863 4732 erigit
909 4665 1076 4733 illud,
1119 4665 1282 4723 Pater
1323 4670 1416 4739 qui
1461 4671 1649 4740 genuit
1691 4687 1834 4727 eum.
1880 4670 1962 4738 Qu

2125 4678 2264 4750 Ὅρα
2292 4674 2384 4732 οὖν
2407 4680 2454 4739 εί
2482 4679 2555 4750 μὴ
2583 4677 2767 4747 σαφῶς
2786 4681 2814 4732 ὁ
2841 4677 2975 4730 Θεοῦ
2998 4679 3186 4746 Λόγος,
3213 4679 3369 4740 αὐτὸς
3389 4680 3415 4730 ό
3442 4673 3620 4742 Κύριος,

454 4755 600 4810 enim
626 4754 919 4810 humiliavit
945 4759 1276 4826 semetipsum
1304 4776 1464 4831 usque
1493 4759 1561 4813 ad
1591 4769 1843 4828 mortem,
1875 4779 1959 4817 mo

2119 4769 2203 4840 εἴη
2235 4768 2300 4823 ἂν
2329 4769 2389 4822 τὸ
2416 4770 2583 4841 κέρας
2615 4768 2708 4822 τοῦ
2732 4769 2881 4834 λαοῦ,
2912 4770 2940 4821 ὁ
2970 4769 3026 4821 δὲ
3061 4768 3207 4838 ὑψῶν
3233 4768 3388 4820 αὐτὸν
3413 4769 3439 4821 ὁ
3469 4763 3619 4832 γεννή-

455 4855 556 4900 tem
595 4858 768 4902 autem
806 4849 977 4906 crucis
998 4891 1013 4916 ,
1048 4850 1162 4903 ideo
1193 4850 1332 4905 Deus
1364 4853 1616 4907 exaltavit
1646 4854 1797 4909 illuni
1829 4856 1894 4922 ⁸⁸,
1928 4871 1964 4911 Si

2120 4878 2218 4925 σας
2245 4861 2405 4914 αὑτὸν
2421 4862 2628 4933 Πατήρ.
2671 4861 2884 4932 Ἐπειδὴ
2903 4860 3010 4932 γάρ
3035 4861 3428 4954 ἑταπείνωσεξ·
3446 4851 3621 4954 sapiat:

452 4939 693 4994 cundum
719 4942 1057 5011 Apostolum.
1089 4941 1148 5002 In
1179 4943 1282 4998 hoc
1311 4944 1493 5014 itaque
1524 4961 1695 5000 cornu
1720 4955 1774 5002 et
1800 4946 1856 5002 in
1885 4962 1961 5018 re;

2112 4951 2285 5020 μέχρι
2315 4951 2593 5019 θανάτου,
2627 4949 2882 5007 θανάτου
2917 4950 2985 5003 δὲ
3023 4949 3307 5017 σταυροῦ,
3336 4947 3424 5001 διὰ
3443 4943 3621 5043 raised

450 5047 553 5087 suo
582 5032 839 5098 ﬁdentes,
872 5034 1200 5097 conﬁtentur
1230 5052 1290 5092 se
1319 5051 1430 5091 non
1462 5052 1592 5092 arcu
1613 5077 1629 5101 ,
1664 5053 1775 5092 non
1800 5039 1959 5110 gladii

2118 5042 2259 5118 Θερς
2271 5041 2456 5095 αὐτὸν
2469 5043 2840 5110 ὺπερύψωσε,
2861 5044 2998 5098 κατὰ
3011 5043 3098 5095 τὸν
3126 5039 3448 5130 ἈπόστολονῘ
3473 5032 3619 5130 Τούτῳ

449 5137 558 5185 non
585 5127 802 5195 propria
829 5125 1030 5181 virtute
1051 5167 1066 5189 ,
1089 5127 1183 5182 sed
1209 5129 1354 5199 regis
1381 5129 1465 5183 sui
1495 5129 1739 5199 potentia
1763 5170 1778 5196 ,
1806 5128 1871 5185 de
1900 5131 1955 5184 in

2111 5127 2204 5184 οὖν
2239 5130 2315 5202 τῷ
2363 5130 2551 5204 κέρατι
2587 5131 2793 5185 ἑαυτῶν
2831 5131 2925 5184 καὶ
2961 5128 3038 5201 τῷ
3073 5129 3280 5202 βασιλεῖ
3320 5125 3615 5218 θαρροὖγτεξν

449 5212 609 5268 micis
638 5215 923 5270 victoriam
958 5225 1359 5288 reportaturos.
1403 5219 1612 5275 Deinde
1658 5219 1784 5289 quia
1821 5222 1958 5291 ipqu

2110 5223 2431 5295 ὁμολογοῦσι
2476 5225 2549 5295 μὴ
2595 5223 2754 5293 τόξῳ,
2803 5221 2937 5294 μηδὲ
2981 5221 3257 5294 ῥομφαίᾳ,
3308 5217 3433 5290 μηδὲ
3478 5212 3615 5307 οξκξίὲ

449 5302 736 5360 Dominum
771 5323 869 5377 pro
907 5325 1032 5381 rege
1060 5318 1114 5365 et
1142 5325 1311 5365 cornu
1353 5310 1749 5373 obtinuerunt,
1782 5310 1906 5380 jure
1945 5327 1958 5367 ε

2107 5294 2273 5383 ἀρετῇ
2305 5311 2412 5365 τῶν
2441 5294 2647 5384 ἐχθρῶν
2679 5310 3146 5382 περιγενήσεσθαι,
3178 5307 3310 5362 ἀλλά
3339 5308 3400 5376 τῇ
3434 5298 3519 5354 τοῦ
3541 5294 3614 5365 βα·

447 5411 560 5453 non
586 5397 822 5455 inimicis
847 5401 1091 5460 subditos
1116 5401 1262 5470 fore,
1288 5402 1384 5458 sed
1412 5410 1767 5474 superaturos
1790 5402 1953 5457 dicun

2107 5401 2296 5466 σιλέως
2323 5402 2497 5455 αὐτῶν
2521 5402 2764 5479 δυνάμει,
2789 5398 2898 5456 Εἶτ’
2921 5401 3106 5474 ἐπειδὴ
3132 5399 3346 5472 βασιλέα
3372 5395 3456 5449 καὶ
3480 5389 3611 5458 κέρας

511 5539 558 5577 ³⁸
585 5541 742 5596 Joau.
769 5557 888 5608 vm,
925 5543 1026 5612 l2;
1055 5560 1168 5615 xlv,
1191 5545 1245 5606 6.
1321 5546 1366 5580 "
1394 5544 1537 5603 Psal.
1579 5563 1713 5613 xvu,
1745 5549 1799 5604 '5.
1865 5545 1911 5578 ⁵⁸
1945 5543 2020 5600 Ps:

1445 5547 1537 5603 sal.
1579 5563 1713 5613 xvu,
1745 5549 1799 5604 5.
1865 5545 1911 5578 ⁵⁸
1945 5542 2084 5600 Psal.
2110 5561 2327 5614 amnt,
2359 5546 2446 5602 Η.
2487 5547 2532 5578 ⁸³
2558 5546 2792 5620 Philipp.
2818 5565 2878 5614 ιι,
2901 5548 2954 5609 8.

515 5675 589 5753 (υ
620 5673 911 5753 Inﬁrmus
937 5676 1333 5753 esemplaribus
1370 5675 1586 5730 additur
1611 5673 1845 5753 ψαλμός,
1879 5687 2019 5753 quae

2096 5688 2156 5731 οι
2195 5689 2295 5733 nec
2331 5675 2385 5731 in
2423 5672 2688 5732 Hebraico
2724 5690 2827 5732 nec
2865 5675 2928 5742 in
2951 5674 3178 5748 Vulgata
3221 5673 3425 5753 legitur,
3456 5673 3605 5733 ηειιυο

448 5746 504 5809 in
525 5742 756 5812 Eusebii
781 5742 1180 5816 exemplari,'ut
1220 5746 1333 5818 ipse
1373 5742 1654 5812 memorat,
1688 5742 1982 5802 lérebatur.
