  <div class='ocr_page' id='page_1' title='image "/cluster/home/n/w/nwhite01/storage/ocr_20150623/23/mdp.39015078384396/200.png"; bbox 0 0 3822 6280; ppageno 0'>
   <div class='ocr_carea' id='block_1_1' title="bbox 165 370 260 427">
    <p class='ocr_par' dir='ltr' id='par_1_1' title="bbox 165 370 260 427">
     <span class='ocr_line' id='line_1_1' title="bbox 165 370 260 427; baseline -0.021 0"><span class='ocrx_word' id='word_1_1' title='bbox 165 370 260 427; x_wconf 77' lang='lat'><strong>585</strong></span> 
     </span>
    </p>
   </div>
   <div class='ocr_carea' id='block_1_2' title="bbox 1266 364 2235 422">
    <p class='ocr_par' dir='ltr' id='par_1_2' title="bbox 1266 364 2235 422">
     <span class='ocr_line' id='line_1_2' title="bbox 1266 364 2235 422; baseline -0.001 0"><span class='ocrx_word' id='word_1_2' title='bbox 1266 364 1761 422; x_wconf 69' lang='lat' dir='ltr'><strong>COMMENTARIA</strong></span> <span class='ocrx_word' id='word_1_3' title='bbox 1798 365 1866 420; x_wconf 69' lang='lat' dir='ltr'><strong>IN</strong></span> <span class='ocrx_word' id='word_1_4' title='bbox 1903 365 2235 421; x_wconf 74' lang='lat' dir='ltr'><strong>PSALMOS.</strong></span> 
     </span>
    </p>
   </div>
   <div class='ocr_carea' id='block_1_3' title="bbox 3259 362 3363 420">
    <p class='ocr_par' dir='ltr' id='par_1_3' title="bbox 3259 362 3363 420">
     <span class='ocr_line' id='line_1_3' title="bbox 3259 362 3363 420; baseline 0 0"><span class='ocrx_word' id='word_1_5' title='bbox 3259 362 3363 420; x_wconf 77' lang='lat'><strong>386</strong></span> 
     </span>
    </p>
   </div>
   <div class='ocr_carea' id='block_1_4' title="bbox 163 475 1701 556">
    <p class='ocr_par' dir='ltr' id='par_1_4' title="bbox 163 478 1701 556">
     <span class='ocr_line' id='line_1_4' title="bbox 163 478 1701 556; baseline -0.003 -17"><span class='ocrx_word' id='word_1_6' title='bbox 163 486 447 556; x_wconf 75' lang='grc' dir='ltr'>ἐκτήσαντο</span> <span class='ocrx_word' id='word_1_7' title='bbox 493 481 652 536; x_wconf 82' lang='grc' dir='ltr'>αὑτὸν</span> <span class='ocrx_word' id='word_1_8' title='bbox 711 479 802 534; x_wconf 77' lang='grc' dir='ltr'>τὸν</span> <span class='ocrx_word' id='word_1_9' title='bbox 831 478 1053 552; x_wconf 83' lang='grc' dir='ltr'>Κύριον,</span> <span class='ocrx_word' id='word_1_10' title='bbox 1085 479 1308 544; x_wconf 86' lang='grc' dir='ltr'>εἰκότως</span> <span class='ocrx_word' id='word_1_11' title='bbox 1342 484 1452 545; x_wconf 83' lang='grc' dir='ltr'>τοῖς</span> <span class='ocrx_word' id='word_1_12' title='bbox 1501 482 1701 552; x_wconf 76' lang='grc' dir='ltr'><strong>ἐχθροῖς</strong></span> 
     </span>
    </p>
   </div>
   <div class='ocr_carea' id='block_1_5' title="bbox 1804 475 3366 556">
    <p class='ocr_par' dir='ltr' id='par_1_5' title="bbox 1813 475 3366 550">
     <span class='ocr_line' id='line_1_5' title="bbox 1813 475 3366 550; baseline -0.003 -16"><span class='ocrx_word' id='word_1_13' title='bbox 1813 479 1935 535; x_wconf 75' lang='lat' dir='ltr'><strong>llaec</strong></span> <span class='ocrx_word' id='word_1_14' title='bbox 1960 495 2090 535; x_wconf 88' lang='lat' dir='ltr'><strong>sane</strong></span> <span class='ocrx_word' id='word_1_15' title='bbox 2117 477 2428 550; x_wconf 78' lang='lat' dir='ltr'><strong>signiﬁcant</strong></span> <span class='ocrx_word' id='word_1_16' title='bbox 2456 477 2541 532; x_wconf 90' lang='lat' dir='ltr'><strong>his</strong></span> <span class='ocrx_word' id='word_1_17' title='bbox 2566 476 2782 534; x_wconf 84' lang='lat' dir='ltr'><strong>verbis:</strong></span> <span class='ocrx_word' id='word_1_18' title='bbox 2811 477 3045 534; x_wconf 82' lang='lat' dir='ltr'><strong>Salvasti</strong></span> <span class='ocrx_word' id='word_1_19' title='bbox 3073 493 3166 533; x_wconf 79' lang='lat' dir='ltr'><strong>nos</strong></span> <span class='ocrx_word' id='word_1_20' title='bbox 3188 475 3254 531; x_wconf 84' lang='lat' dir='ltr'><strong>de</strong></span> <span class='ocrx_word' id='word_1_21' title='bbox 3281 477 3366 545; x_wconf 79' lang='lat' dir='ltr'><strong>af-</strong></span> 
     </span>
    </p>
   </div>
   <div class='ocr_carea' id='block_1_6' title="bbox 166 572 1712 647">
    <p class='ocr_par' dir='ltr' id='par_1_6' title="bbox 166 572 1712 647">
     <span class='ocr_line' id='line_1_6' title="bbox 166 572 1712 647; baseline -0.002 -17"><span class='ocrx_word' id='word_1_22' title='bbox 166 583 233 647; x_wconf 81' lang='grc' dir='ltr'><strong>μὴ</strong></span> <span class='ocrx_word' id='word_1_23' title='bbox 267 575 564 646; x_wconf 79' lang='grc' dir='ltr'><strong>ὑποχείριοι</strong></span> <span class='ocrx_word' id='word_1_24' title='bbox 611 572 932 645; x_wconf 84' lang='grc' dir='ltr'>γενήσεσθαί</span> <span class='ocrx_word' id='word_1_25' title='bbox 983 589 1112 643; x_wconf 84' lang='grc' dir='ltr'>φασι</span> <span class='ocrx_word' id='word_1_26' title='bbox 1138 589 1150 604; x_wconf 89' lang='grc'><strong>·</strong></span> <span class='ocrx_word' id='word_1_27' title='bbox 1188 574 1467 644; x_wconf 84' lang='grc' dir='ltr'><strong>κρείττους</strong></span> <span class='ocrx_word' id='word_1_28' title='bbox 1503 573 1559 627; x_wconf 76' lang='grc' dir='ltr'>δὲ</span> <span class='ocrx_word' id='word_1_29' title='bbox 1604 573 1712 627; x_wconf 89' lang='grc' dir='ltr'><strong>τῶν</strong></span> 
     </span>
    </p>
   </div>
   <div class='ocr_carea' id='block_1_7' title="bbox 162 664 1709 737">
    <p class='ocr_par' dir='ltr' id='par_1_7' title="bbox 162 664 1709 737">
     <span class='ocr_line' id='line_1_7' title="bbox 162 664 1709 737; baseline -0.003 -14"><span class='ocrx_word' id='word_1_30' title='bbox 162 665 420 737; x_wconf 71' lang='grc' dir='ltr'>πολεμίων</span> <span class='ocrx_word' id='word_1_31' title='bbox 467 664 725 735; x_wconf 74' lang='grc' dir='ltr'>ὑπάρξαι.</span> <span class='ocrx_word' id='word_1_32' title='bbox 778 664 946 719; x_wconf 81' lang='grc' dir='ltr'>Τοῦτο</span> <span class='ocrx_word' id='word_1_33' title='bbox 989 664 1117 732; x_wconf 76' lang='grc' dir='ltr'>γοῦν</span> <span class='ocrx_word' id='word_1_34' title='bbox 1153 664 1369 736; x_wconf 84' lang='grc' dir='ltr'>δηλοῦσι</span> <span class='ocrx_word' id='word_1_35' title='bbox 1433 665 1709 734; x_wconf 81' lang='grc' dir='ltr'>λέγοντες·</span> 
     </span>
    </p>
   </div>
   <div class='ocr_carea' id='block_1_8' title="bbox 166 756 1712 828">
    <p class='ocr_par' dir='ltr' id='par_1_8' title="bbox 166 756 1712 828">
     <span class='ocr_line' id='line_1_8' title="bbox 166 756 1712 828; baseline -0.005 -13"><span class='ocrx_word' id='word_1_36' title='bbox 166 764 433 824; x_wconf 84' lang='grc' dir='ltr'>Ἔσωσας</span> <span class='ocrx_word' id='word_1_37' title='bbox 461 757 621 828; x_wconf 72' lang='grc' dir='ltr'>ἡμᾶς</span> <span class='ocrx_word' id='word_1_38' title='bbox 638 759 707 811; x_wconf 82' lang='grc' dir='ltr'><strong>ἐκ</strong></span> <span class='ocrx_word' id='word_1_39' title='bbox 734 756 850 811; x_wconf 83' lang='grc' dir='ltr'>τῶν</span> <span class='ocrx_word' id='word_1_40' title='bbox 877 758 1197 813; x_wconf 79' lang='grc' dir='ltr'>θλιϐόντων</span> <span class='ocrx_word' id='word_1_41' title='bbox 1235 756 1412 828; x_wconf 74' lang='grc' dir='ltr'>ἡμᾶς,</span> <span class='ocrx_word' id='word_1_42' title='bbox 1446 759 1543 812; x_wconf 80' lang='grc' dir='ltr'>καὶ</span> <span class='ocrx_word' id='word_1_43' title='bbox 1573 758 1712 824; x_wconf 83' lang='grc' dir='ltr'>τοὺς</span> 
     </span>
    </p>
   </div>
   <div class='ocr_carea' id='block_1_9' title="bbox 155 845 1709 920">
    <p class='ocr_par' dir='ltr' id='par_1_9' title="bbox 155 845 1709 920">
     <span class='ocr_line' id='line_1_9' title="bbox 155 845 1709 920; baseline -0.001 -18"><span class='ocrx_word' id='word_1_44' title='bbox 155 847 476 918; x_wconf 78' lang='grc' dir='ltr'>μισοῦντας</span> <span class='ocrx_word' id='word_1_45' title='bbox 523 845 679 916; x_wconf 70' lang='grc' dir='ltr'>ἡμᾶς</span> <span class='ocrx_word' id='word_1_46' title='bbox 732 849 1133 916; x_wconf 76' lang='grc' dir='ltr'><strong>κατῄσχυνας.</strong></span> <span class='ocrx_word' id='word_1_47' title='bbox 1181 849 1292 903; x_wconf 75' lang='grc' dir='ltr'><strong>Καὶ</strong></span> <span class='ocrx_word' id='word_1_48' title='bbox 1328 849 1620 920; x_wconf 76' lang='grc' dir='ltr'><strong>ἐπειδήπερ</strong></span> <span class='ocrx_word' id='word_1_49' title='bbox 1660 851 1709 901; x_wconf 90' lang='grc' dir='ltr'><strong>οἰ</strong></span> 
     </span>
    </p>
   </div>
   <div class='ocr_carea' id='block_1_10' title="bbox 163 938 1710 1012">
    <p class='ocr_par' dir='ltr' id='par_1_10' title="bbox 163 938 1710 1012">
     <span class='ocr_line' id='line_1_10' title="bbox 163 938 1710 1012; baseline 0.002 -22"><span class='ocrx_word' id='word_1_50' title='bbox 163 943 248 1011; x_wconf 80' lang='grc' dir='ltr'><strong>μὲν</strong></span> <span class='ocrx_word' id='word_1_51' title='bbox 278 938 460 1009; x_wconf 72' lang='grc' dir='ltr'>ἐχθροὶ</span> <span class='ocrx_word' id='word_1_52' title='bbox 494 938 755 1009; x_wconf 74' lang='grc' dir='ltr'><strong>αἰσχύνην</strong></span> <span class='ocrx_word' id='word_1_53' title='bbox 786 940 1127 1010; x_wconf 81' lang='grc' dir='ltr'>κατεχὲαντο,</span> <span class='ocrx_word' id='word_1_54' title='bbox 1155 941 1307 995; x_wconf 74' lang='grc' dir='ltr'>αὐτοὶ</span> <span class='ocrx_word' id='word_1_55' title='bbox 1337 940 1393 994; x_wconf 83' lang='grc' dir='ltr'>δὲ</span> <span class='ocrx_word' id='word_1_56' title='bbox 1413 942 1512 994; x_wconf 79' lang='grc' dir='ltr'>οὐκ</span> <span class='ocrx_word' id='word_1_57' title='bbox 1536 939 1710 1012; x_wconf 77' lang='grc' dir='ltr'>οἰκείᾳ</span> 
     </span>
    </p>
   </div>
   <div class='ocr_carea' id='block_1_11' title="bbox 157 1032 1709 1104">
    <p class='ocr_par' dir='ltr' id='par_1_11' title="bbox 157 1032 1709 1104">
     <span class='ocr_line' id='line_1_11' title="bbox 157 1032 1709 1104; baseline 0 -18"><span class='ocrx_word' id='word_1_58' title='bbox 157 1032 388 1103; x_wconf 81' lang='grc' dir='ltr'><strong>δυνάμει,</strong></span> <span class='ocrx_word' id='word_1_59' title='bbox 424 1035 490 1104; x_wconf 78' lang='grc' dir='ltr'>τῇ</span> <span class='ocrx_word' id='word_1_60' title='bbox 521 1032 576 1084; x_wconf 85' lang='grc' dir='ltr'>δὲ</span> <span class='ocrx_word' id='word_1_61' title='bbox 601 1032 694 1085; x_wconf 76' lang='grc' dir='ltr'><strong>τοῦ</strong></span> <span class='ocrx_word' id='word_1_62' title='bbox 730 1032 904 1104; x_wconf 81' lang='grc' dir='ltr'><strong>κέρως</strong></span> <span class='ocrx_word' id='word_1_63' title='bbox 926 1033 1102 1086; x_wconf 80' lang='grc' dir='ltr'>αὐτῶν</span> <span class='ocrx_word' id='word_1_64' title='bbox 1137 1033 1417 1103; x_wconf 76' lang='grc' dir='ltr'><strong>ἐσώθησαν</strong></span> <span class='ocrx_word' id='word_1_65' title='bbox 1439 1051 1451 1063; x_wconf 93' lang='grc'>·</span> <span class='ocrx_word' id='word_1_66' title='bbox 1489 1034 1709 1097; x_wconf 78' lang='grc' dir='ltr'><strong>εἰκότως</strong></span> 
     </span>
    </p>
   </div>
   <div class='ocr_carea' id='block_1_12' title="bbox 158 1125 1708 1194">
    <p class='ocr_par' dir='ltr' id='par_1_12' title="bbox 158 1125 1708 1194">
     <span class='ocr_line' id='line_1_12' title="bbox 158 1125 1708 1194; baseline 0.001 -17"><span class='ocrx_word' id='word_1_67' title='bbox 158 1127 568 1178; x_wconf 77' lang='grc' dir='ltr'>ὲπισυνάπτουσι</span> <span class='ocrx_word' id='word_1_68' title='bbox 615 1125 891 1194; x_wconf 81' lang='grc' dir='ltr'>λέγοντες·</span> <span class='ocrx_word' id='word_1_69' title='bbox 950 1127 1052 1180; x_wconf 86' lang='grc' dir='ltr'>Ἐν</span> <span class='ocrx_word' id='word_1_70' title='bbox 1084 1125 1164 1192; x_wconf 86' lang='grc' dir='ltr'>τῷ</span> <span class='ocrx_word' id='word_1_71' title='bbox 1220 1126 1341 1192; x_wconf 85' lang='grc' dir='ltr'>Θεῷ</span> <span class='ocrx_word' id='word_1_72' title='bbox 1393 1127 1708 1194; x_wconf 79' lang='grc' dir='ltr'><strong>ἐπαινεθη⁶</strong></span> 
     </span>
    </p>
   </div>
   <div class='ocr_carea' id='block_1_13' title="bbox 158 1217 1709 1290">
    <p class='ocr_par' dir='ltr' id='par_1_13' title="bbox 158 1217 1709 1290">
     <span class='ocr_line' id='line_1_13' title="bbox 158 1217 1709 1290; baseline -0.001 -19"><span class='ocrx_word' id='word_1_73' title='bbox 158 1219 363 1288; x_wconf 65' lang='grc' dir='ltr'>σκίμεθα</span> <span class='ocrx_word' id='word_1_74' title='bbox 390 1217 550 1285; x_wconf 81' lang='grc' dir='ltr'>ὅλην</span> <span class='ocrx_word' id='word_1_75' title='bbox 569 1217 684 1287; x_wconf 78' lang='grc' dir='ltr'>τὴν</span> <span class='ocrx_word' id='word_1_76' title='bbox 713 1217 937 1289; x_wconf 78' lang='grc' dir='ltr'><strong>ἡμέραν</strong></span> <span class='ocrx_word' id='word_1_77' title='bbox 959 1235 972 1248; x_wconf 91' lang='grc'><strong>·</strong></span> <span class='ocrx_word' id='word_1_78' title='bbox 1001 1219 1032 1290; x_wconf 78' lang='grc' dir='ltr'>ἢ</span> <span class='ocrx_word' id='word_1_79' title='bbox 1062 1217 1200 1272; x_wconf 76' lang='grc' dir='ltr'>κατὰ</span> <span class='ocrx_word' id='word_1_80' title='bbox 1218 1218 1306 1273; x_wconf 85' lang='grc' dir='ltr'><strong>τὸν</strong></span> <span class='ocrx_word' id='word_1_81' title='bbox 1338 1218 1584 1281; x_wconf 77' lang='grc' dir='ltr'><strong>Ἀκύλαν,</strong></span> <span class='ocrx_word' id='word_1_82' title='bbox 1615 1217 1709 1270; x_wconf 81' lang='grc' dir='ltr'>Ἐν</span> 
     </span>
    </p>
   </div>
   <div class='ocr_carea' id='block_1_14' title="bbox 159 1309 1707 1384">
    <p class='ocr_par' dir='ltr' id='par_1_14' title="bbox 159 1309 1707 1384">
     <span class='ocr_line' id='line_1_14' title="bbox 159 1309 1707 1384; baseline 0 -21"><span class='ocrx_word' id='word_1_83' title='bbox 159 1309 225 1375; x_wconf 84' lang='grc' dir='ltr'>τῷ</span> <span class='ocrx_word' id='word_1_84' title='bbox 257 1309 374 1376; x_wconf 83' lang='grc' dir='ltr'>Θεῷ</span> <span class='ocrx_word' id='word_1_85' title='bbox 406 1312 865 1382; x_wconf 66' lang='grc' dir='ltr'>καυχησόμεθαθ</span> <span class='ocrx_word' id='word_1_86' title='bbox 902 1311 934 1382; x_wconf 81' lang='grc' dir='ltr'>ἢ</span> <span class='ocrx_word' id='word_1_87' title='bbox 964 1312 1101 1366; x_wconf 76' lang='grc' dir='ltr'>κατὰ</span> <span class='ocrx_word' id='word_1_88' title='bbox 1127 1312 1218 1366; x_wconf 76' lang='grc' dir='ltr'><strong>τὸν</strong></span> <span class='ocrx_word' id='word_1_89' title='bbox 1249 1311 1556 1384; x_wconf 82' lang='grc' dir='ltr'><strong>Σύμμαχον,</strong></span> <span class='ocrx_word' id='word_1_90' title='bbox 1597 1310 1707 1365; x_wconf 85' lang='grc' dir='ltr'><strong>Τὸν</strong></span> 
     </span>
    </p>
   </div>
   <div class='ocr_carea' id='block_1_15' title="bbox 159 1399 1707 1472">
    <p class='ocr_par' dir='ltr' id='par_1_15' title="bbox 159 1399 1707 1472">
     <span class='ocr_line' id='line_1_15' title="bbox 159 1399 1707 1472; baseline 0.002 -19"><span class='ocrx_word' id='word_1_91' title='bbox 159 1400 288 1453; x_wconf 82' lang='grc' dir='ltr'>Θεὸν</span> <span class='ocrx_word' id='word_1_92' title='bbox 309 1400 624 1471; x_wconf 81' lang='grc' dir='ltr'>ὑμνοῦμεν</span> <span class='ocrx_word' id='word_1_93' title='bbox 644 1399 795 1470; x_wconf 83' lang='grc' dir='ltr'>ὅλην</span> <span class='ocrx_word' id='word_1_94' title='bbox 821 1401 935 1471; x_wconf 73' lang='grc' dir='ltr'>τὴν</span> <span class='ocrx_word' id='word_1_95' title='bbox 965 1404 1208 1471; x_wconf 76' lang='grc' dir='ltr'>ἡμέραν,</span> <span class='ocrx_word' id='word_1_96' title='bbox 1238 1403 1334 1457; x_wconf 79' lang='grc' dir='ltr'>καὶ</span> <span class='ocrx_word' id='word_1_97' title='bbox 1361 1402 1437 1468; x_wconf 85' lang='grc' dir='ltr'>τῷ</span> <span class='ocrx_word' id='word_1_98' title='bbox 1462 1403 1707 1472; x_wconf 77' lang='grc' dir='ltr'>ὀνόματί</span> 
     </span>
    </p>
   </div>
   <div class='ocr_carea' id='block_1_16' title="bbox 157 1490 1706 1566">
    <p class='ocr_par' dir='ltr' id='par_1_16' title="bbox 157 1490 1706 1566">
     <span class='ocr_line' id='line_1_16' title="bbox 157 1490 1706 1566; baseline 0.001 -23"><span class='ocrx_word' id='word_1_99' title='bbox 157 1506 257 1543; x_wconf 88' lang='grc' dir='ltr'><strong>σου</strong></span> <span class='ocrx_word' id='word_1_100' title='bbox 276 1490 839 1562; x_wconf 75' lang='grc' dir='ltr'>ἐξομολογησόμεθα</span> <span class='ocrx_word' id='word_1_101' title='bbox 887 1495 973 1558; x_wconf 85' lang='grc' dir='ltr'><strong>εις</strong></span> <span class='ocrx_word' id='word_1_102' title='bbox 1004 1491 1109 1546; x_wconf 81' lang='grc' dir='ltr'>τὸν</span> <span class='ocrx_word' id='word_1_103' title='bbox 1135 1492 1335 1548; x_wconf 75' lang='grc' dir='ltr'>αἰῶνα.</span> <span class='ocrx_word' id='word_1_104' title='bbox 1370 1495 1479 1566; x_wconf 81' lang='grc' dir='ltr'><strong>Τὴν</strong></span> <span class='ocrx_word' id='word_1_105' title='bbox 1518 1494 1574 1547; x_wconf 82' lang='grc' dir='ltr'>δὲ</span> <span class='ocrx_word' id='word_1_106' title='bbox 1620 1492 1706 1559; x_wconf 79' lang='grc' dir='ltr'>ἐξ-</span> 
     </span>
    </p>
   </div>
   <div class='ocr_carea' id='block_1_17' title="bbox 155 1583 1704 1657">
    <p class='ocr_par' dir='ltr' id='par_1_17' title="bbox 155 1583 1704 1657">
     <span class='ocr_line' id='line_1_17' title="bbox 155 1583 1704 1657; baseline 0.001 -23"><span class='ocrx_word' id='word_1_107' title='bbox 155 1583 455 1655; x_wconf 78' lang='grc' dir='ltr'>ομολόγησιν</span> <span class='ocrx_word' id='word_1_108' title='bbox 475 1584 604 1638; x_wconf 82' lang='grc' dir='ltr'><strong>άντί⁵</strong></span> <span class='ocrx_word' id='word_1_109' title='bbox 634 1585 978 1656; x_wconf 82' lang='grc' dir='ltr'><strong>εὐχαριστίας</strong></span> <span class='ocrx_word' id='word_1_110' title='bbox 997 1585 1434 1657; x_wconf 83' lang='grc' dir='ltr'>παραλαμϐάνειν</span> <span class='ocrx_word' id='word_1_111' title='bbox 1455 1583 1704 1636; x_wconf 88' lang='grc' dir='ltr'>εἰώθασιν</span> 
     </span>
    </p>
   </div>
   <div class='ocr_carea' id='block_1_18' title="bbox 155 1675 1701 1746">
    <p class='ocr_par' dir='ltr' id='par_1_18' title="bbox 155 1675 1701 1746">
     <span class='ocr_line' id='line_1_18' title="bbox 155 1675 1701 1746; baseline -0.001 -19"><span class='ocrx_word' id='word_1_112' title='bbox 155 1677 203 1728; x_wconf 84' lang='grc' dir='ltr'><strong>αἰ</strong></span> <span class='ocrx_word' id='word_1_113' title='bbox 232 1676 265 1726; x_wconf 90' lang='grc' dir='ltr'><strong><em>Γ</em></strong></span> <span class='ocrx_word' id='word_1_114' title='bbox 269 1677 437 1746; x_wconf 72' lang='grc' dir='ltr'>ραφαί</span> <span class='ocrx_word' id='word_1_115' title='bbox 453 1675 630 1728; x_wconf 77' lang='grc' dir='ltr'>’ὥστε</span> <span class='ocrx_word' id='word_1_116' title='bbox 657 1677 878 1741; x_wconf 79' lang='grc' dir='ltr'><strong>εἰκότως</strong></span> <span class='ocrx_word' id='word_1_117' title='bbox 911 1676 1005 1729; x_wconf 77' lang='grc' dir='ltr'>καὶ</span> <span class='ocrx_word' id='word_1_118' title='bbox 1035 1675 1334 1746; x_wconf 79' lang='grc' dir='ltr'>καυχᾶσθαι</span> <span class='ocrx_word' id='word_1_119' title='bbox 1369 1676 1460 1728; x_wconf 75' lang='grc' dir='ltr'><strong>καὶ</strong></span> <span class='ocrx_word' id='word_1_120' title='bbox 1495 1675 1701 1745; x_wconf 82' lang='grc' dir='ltr'>ὑμνεῖν,</span> 
     </span>
    </p>
   </div>
   <div class='ocr_carea' id='block_1_19' title="bbox 155 1764 1704 1837">
    <p class='ocr_par' dir='ltr' id='par_1_19' title="bbox 155 1764 1704 1837">
     <span class='ocr_line' id='line_1_19' title="bbox 155 1764 1704 1837; baseline -0.001 -20"><span class='ocrx_word' id='word_1_121' title='bbox 155 1765 234 1817; x_wconf 78' lang='grc' dir='ltr'>καὶ</span> <span class='ocrx_word' id='word_1_122' title='bbox 252 1765 490 1820; x_wconf 80' lang='grc' dir='ltr'>ἐπαινεῖν</span> <span class='ocrx_word' id='word_1_123' title='bbox 505 1766 606 1819; x_wconf 76' lang='grc' dir='ltr'>καὶ</span> <span class='ocrx_word' id='word_1_124' title='bbox 620 1765 971 1829; x_wconf 80' lang='grc' dir='ltr'>ἐπαινεῖσθαι,</span> <span class='ocrx_word' id='word_1_125' title='bbox 989 1767 1324 1837; x_wconf 79' lang='grc' dir='ltr'>εὐχαριστεῖν</span> <span class='ocrx_word' id='word_1_126' title='bbox 1344 1783 1398 1818; x_wconf 87' lang='grc' dir='ltr'><strong>τε</strong></span> <span class='ocrx_word' id='word_1_127' title='bbox 1413 1764 1507 1817; x_wconf 76' lang='grc' dir='ltr'>καὶ</span> <span class='ocrx_word' id='word_1_128' title='bbox 1519 1764 1704 1834; x_wconf 77' lang='grc' dir='ltr'>ἐξομο-</span> 
     </span>
    </p>
   </div>
   <div class='ocr_carea' id='block_1_20' title="bbox 1811 568 3385 644">
    <p class='ocr_par' dir='ltr' id='par_1_20' title="bbox 1811 568 3385 644">
     <span class='ocr_line' id='line_1_20' title="bbox 1811 568 3385 644; baseline -0.002 -17"><span class='ocrx_word' id='word_1_129' title='bbox 1811 572 2109 644; x_wconf 79' lang='lat' dir='ltr'><strong>ﬂigentibus</strong></span> <span class='ocrx_word' id='word_1_130' title='bbox 2156 589 2246 627; x_wconf 82' lang='lat' dir='ltr'><strong>nos</strong></span> <span class='ocrx_word' id='word_1_131' title='bbox 2267 611 2281 635; x_wconf 90' lang='lat'><strong>,</strong></span> <span class='ocrx_word' id='word_1_132' title='bbox 2327 584 2375 625; x_wconf 92' lang='lat' dir='ltr'><strong>et</strong></span> <span class='ocrx_word' id='word_1_133' title='bbox 2405 568 2634 624; x_wconf 82' lang='lat' dir='ltr'><strong>odientes</strong></span> <span class='ocrx_word' id='word_1_134' title='bbox 2665 587 2759 626; x_wconf 85' lang='lat' dir='ltr'><strong>nos</strong></span> <span class='ocrx_word' id='word_1_135' title='bbox 2793 571 3097 641; x_wconf 72' lang='lat' dir='ltr'><strong>confudisti.</strong></span> <span class='ocrx_word' id='word_1_136' title='bbox 3128 570 3196 627; x_wconf 86' lang='lat' dir='ltr'><strong>Et</strong></span> <span class='ocrx_word' id='word_1_137' title='bbox 3235 573 3385 642; x_wconf 82' lang='lat' dir='ltr'><strong>quia&#39;</strong></span> 
     </span>
    </p>
   </div>
   <div class='ocr_carea' id='block_1_21' title="bbox 1812 663 3366 736">
    <p class='ocr_par' dir='ltr' id='par_1_21' title="bbox 1812 663 3366 736">
     <span class='ocr_line' id='line_1_21' title="bbox 1812 663 3366 736; baseline -0.001 -16"><span class='ocrx_word' id='word_1_138' title='bbox 1812 666 2017 721; x_wconf 85' lang='lat' dir='ltr'><strong>inimici</strong></span> <span class='ocrx_word' id='word_1_139' title='bbox 2053 665 2268 736; x_wconf 87' lang='lat' dir='ltr'><strong>quidem</strong></span> <span class='ocrx_word' id='word_1_140' title='bbox 2298 665 2353 717; x_wconf 90' lang='lat' dir='ltr'><strong>in</strong></span> <span class='ocrx_word' id='word_1_141' title='bbox 2381 680 2475 718; x_wconf 90' lang='lat' dir='ltr'><strong>eos</strong></span> <span class='ocrx_word' id='word_1_142' title='bbox 2505 664 2857 733; x_wconf 81' lang='lat' dir='ltr'><strong>opprobrium</strong></span> <span class='ocrx_word' id='word_1_143' title='bbox 2887 663 3188 718; x_wconf 81' lang='lat' dir='ltr'><strong>eﬂ‘uderant</strong></span> <span class='ocrx_word' id='word_1_144' title='bbox 3213 681 3228 731; x_wconf 90' lang='lat'><strong>;</strong></span> <span class='ocrx_word' id='word_1_145' title='bbox 3260 663 3366 734; x_wconf 86' lang='lat' dir='ltr'><strong>ipsi</strong></span> 
     </span>
    </p>
   </div>
   <div class='ocr_carea' id='block_1_22' title="bbox 1809 757 3366 828">
    <p class='ocr_par' dir='ltr' id='par_1_22' title="bbox 1809 757 3366 828">
     <span class='ocr_line' id='line_1_22' title="bbox 1809 757 3366 828; baseline -0.001 -15"><span class='ocrx_word' id='word_1_146' title='bbox 1809 774 1939 814; x_wconf 84' lang='lat' dir='ltr'><strong>vero</strong></span> <span class='ocrx_word' id='word_1_147' title='bbox 1967 775 2076 813; x_wconf 84' lang='lat' dir='ltr'><strong>non</strong></span> <span class='ocrx_word' id='word_1_148' title='bbox 2099 758 2323 828; x_wconf 86' lang='lat' dir='ltr'><strong>propria</strong></span> <span class='ocrx_word' id='word_1_149' title='bbox 2355 759 2556 812; x_wconf 88' lang='lat' dir='ltr'><strong>virtute</strong></span> <span class='ocrx_word' id='word_1_150' title='bbox 2574 797 2588 822; x_wconf 93' lang='lat'><strong>,</strong></span> <span class='ocrx_word' id='word_1_151' title='bbox 2621 757 2713 812; x_wconf 88' lang='lat' dir='ltr'><strong>sed</strong></span> <span class='ocrx_word' id='word_1_152' title='bbox 2739 770 2911 811; x_wconf 89' lang='lat' dir='ltr'><strong>cornu</strong></span> <span class='ocrx_word' id='word_1_153' title='bbox 2940 758 3022 813; x_wconf 89' lang='lat' dir='ltr'><strong>sui</strong></span> <span class='ocrx_word' id='word_1_154' title='bbox 3051 757 3366 813; x_wconf 79' lang='lat' dir='ltr'><strong>fortitudine</strong></span> 
     </span>
    </p>
   </div>
   <div class='ocr_carea' id='block_1_23' title="bbox 1810 847 3363 918">
    <p class='ocr_par' dir='ltr' id='par_1_23' title="bbox 1810 847 3363 918">
     <span class='ocr_line' id='line_1_23' title="bbox 1810 847 3363 918; baseline -0.001 -14"><span class='ocrx_word' id='word_1_155' title='bbox 1810 851 2039 905; x_wconf 83' lang='lat' dir='ltr'><strong>salutem</strong></span> <span class='ocrx_word' id='word_1_156' title='bbox 2089 849 2323 904; x_wconf 86' lang='lat' dir='ltr'><strong>assecuti</strong></span> <span class='ocrx_word' id='word_1_157' title='bbox 2369 858 2536 910; x_wconf 87' lang='lat' dir='ltr'><strong>sunt;</strong></span> <span class='ocrx_word' id='word_1_158' title='bbox 2583 848 2778 902; x_wconf 89' lang='lat' dir='ltr'><strong>merito</strong></span> <span class='ocrx_word' id='word_1_159' title='bbox 2822 849 2936 903; x_wconf 69' lang='lat' dir='ltr'><strong>haec</strong></span> <span class='ocrx_word' id='word_1_160' title='bbox 2965 847 3264 918; x_wconf 85' lang='lat' dir='ltr'><strong>adjiciunt:</strong></span> <span class='ocrx_word' id='word_1_161' title='bbox 3298 849 3363 903; x_wconf 80' lang='lat' dir='ltr'><strong>In</strong></span> 
     </span>
    </p>
   </div>
   <div class='ocr_carea' id='block_1_24' title="bbox 1811 941 3360 1011">
    <p class='ocr_par' dir='ltr' id='par_1_24' title="bbox 1811 941 3360 1011">
     <span class='ocr_line' id='line_1_24' title="bbox 1811 941 3360 1011; baseline 0.001 -16"><span class='ocrx_word' id='word_1_162' title='bbox 1811 941 1916 996; x_wconf 85' lang='lat' dir='ltr'><strong>Deo</strong></span> <span class='ocrx_word' id='word_1_163' title='bbox 1947 941 2282 995; x_wconf 82' lang='lat' dir='ltr'><strong>laudabimur</strong></span> <span class='ocrx_word' id='word_1_164' title='bbox 2312 950 2421 996; x_wconf 90' lang='lat' dir='ltr'><strong>tota</strong></span> <span class='ocrx_word' id='word_1_165' title='bbox 2447 941 2572 1006; x_wconf 87' lang='lat' dir='ltr'><strong>die;</strong></span> <span class='ocrx_word' id='word_1_166' title='bbox 2620 949 2713 996; x_wconf 89' lang='lat' dir='ltr'><strong>aut</strong></span> <span class='ocrx_word' id='word_1_167' title='bbox 2753 942 3049 996; x_wconf 90' lang='lat' dir='ltr'><strong>secundum</strong></span> <span class='ocrx_word' id='word_1_168' title='bbox 3081 941 3360 1011; x_wconf 85' lang='lat' dir='ltr'><strong>Aquilam:</strong></span> 
     </span>
    </p>
   </div>
   <div class='ocr_carea' id='block_1_25' title="bbox 1810 1032 3359 1106">
    <p class='ocr_par' dir='ltr' id='par_1_25' title="bbox 1810 1032 3359 1106">
     <span class='ocr_line' id='line_1_25' title="bbox 1810 1032 3359 1106; baseline -0.001 -20"><span class='ocrx_word' id='word_1_169' title='bbox 1810 1032 1875 1088; x_wconf 84' lang='lat' dir='ltr'><strong>In</strong></span> <span class='ocrx_word' id='word_1_170' title='bbox 1906 1034 2013 1088; x_wconf 88' lang='lat' dir='ltr'><strong>Deo</strong></span> <span class='ocrx_word' id='word_1_171' title='bbox 2039 1034 2388 1105; x_wconf 80' lang='lat' dir='ltr'><strong>gloriabimur</strong></span> <span class='ocrx_word' id='word_1_172' title='bbox 2408 1051 2427 1098; x_wconf 90' lang='lat'><strong><em>;</em></strong></span> <span class='ocrx_word' id='word_1_173' title='bbox 2461 1035 2575 1089; x_wconf 85' lang='lat' dir='ltr'><strong>sive</strong></span> <span class='ocrx_word' id='word_1_174' title='bbox 2608 1033 2907 1090; x_wconf 86' lang='lat' dir='ltr'><strong>secundum</strong></span> <span class='ocrx_word' id='word_1_175' title='bbox 2942 1032 3359 1106; x_wconf 87' lang='lat' dir='ltr'><strong>Symmachum:</strong></span> 
     </span>
    </p>
   </div>
   <div class='ocr_carea' id='block_1_26' title="bbox 1807 1123 3363 1191">
    <p class='ocr_par' dir='ltr' id='par_1_26' title="bbox 1807 1123 3363 1191">
     <span class='ocr_line' id='line_1_26' title="bbox 1807 1123 3363 1191; baseline -0.004 -11"><span class='ocrx_word' id='word_1_176' title='bbox 1807 1126 1973 1180; x_wconf 87' lang='lat' dir='ltr'><strong>Deum</strong></span> <span class='ocrx_word' id='word_1_177' title='bbox 2002 1125 2375 1181; x_wconf 82' lang='lat' dir='ltr'><strong>celebrabimus</strong></span> <span class='ocrx_word' id='word_1_178' title='bbox 2411 1135 2525 1178; x_wconf 90' lang='lat' dir='ltr'><strong>tota</strong></span> <span class='ocrx_word' id='word_1_179' title='bbox 2562 1124 2678 1190; x_wconf 87' lang='lat' dir='ltr'><strong>die,</strong></span> <span class='ocrx_word' id='word_1_180' title='bbox 2709 1135 2758 1181; x_wconf 89' lang='lat' dir='ltr'><strong>et</strong></span> <span class='ocrx_word' id='word_1_181' title='bbox 2789 1125 2984 1180; x_wconf 78' lang='lat' dir='ltr'><strong>nomini</strong></span> <span class='ocrx_word' id='word_1_182' title='bbox 3027 1134 3114 1178; x_wconf 90' lang='lat' dir='ltr'><strong>tuo</strong></span> <span class='ocrx_word' id='word_1_183' title='bbox 3147 1123 3363 1191; x_wconf 80' lang='lat' dir='ltr'><strong>conﬁte—</strong></span> 
     </span>
    </p>
   </div>
   <div class='ocr_carea' id='block_1_27' title="bbox 1807 1212 3365 1285">
    <p class='ocr_par' dir='ltr' id='par_1_27' title="bbox 1807 1212 3365 1285">
     <span class='ocr_line' id='line_1_27' title="bbox 1807 1212 3365 1285; baseline -0.004 -15"><span class='ocrx_word' id='word_1_184' title='bbox 1807 1215 1981 1270; x_wconf 88' lang='lat' dir='ltr'><strong>bimur</strong></span> <span class='ocrx_word' id='word_1_185' title='bbox 2011 1217 2064 1269; x_wconf 88' lang='lat' dir='ltr'><strong>in</strong></span> <span class='ocrx_word' id='word_1_186' title='bbox 2094 1225 2364 1270; x_wconf 86' lang='lat' dir='ltr'><strong>ceternum.</strong></span> <span class='ocrx_word' id='word_1_187' title='bbox 2393 1214 2809 1270; x_wconf 81' lang='lat' dir='ltr'><strong>Confessionem</strong></span> <span class='ocrx_word' id='word_1_188' title='bbox 2840 1230 3003 1285; x_wconf 90' lang='lat' dir='ltr'><strong>porro</strong></span> <span class='ocrx_word' id='word_1_189' title='bbox 3030 1227 3129 1285; x_wconf 90' lang='lat' dir='ltr'><strong>pro</strong></span> <span class='ocrx_word' id='word_1_190' title='bbox 3159 1212 3365 1283; x_wconf 79' lang='lat' dir='ltr'><strong>gratia-</strong></span> 
     </span>
    </p>
   </div>
   <div class='ocr_carea' id='block_1_28' title="bbox 1806 1305 3368 1376">
    <p class='ocr_par' dir='ltr' id='par_1_28' title="bbox 1806 1305 3368 1376">
     <span class='ocr_line' id='line_1_28' title="bbox 1806 1305 3368 1376; baseline -0.003 -15"><span class='ocrx_word' id='word_1_191' title='bbox 1806 1323 1925 1361; x_wconf 87' lang='lat' dir='ltr'><strong>rum</strong></span> <span class='ocrx_word' id='word_1_192' title='bbox 1953 1307 2165 1362; x_wconf 85' lang='lat' dir='ltr'><strong>actione</strong></span> <span class='ocrx_word' id='word_1_193' title='bbox 2194 1321 2462 1376; x_wconf 90' lang='lat' dir='ltr'><strong>usurpare</strong></span> <span class='ocrx_word' id='word_1_194' title='bbox 2491 1305 2788 1376; x_wconf 64' lang='lat' dir='ltr'><strong>Scriptura:</strong></span> <span class='ocrx_word' id='word_1_195' title='bbox 2816 1307 2990 1362; x_wconf 87' lang='lat' dir='ltr'><strong>solent</strong></span> <span class='ocrx_word' id='word_1_196' title='bbox 3019 1323 3034 1372; x_wconf 87' lang='lat'><strong>;</strong></span> <span class='ocrx_word' id='word_1_197' title='bbox 3068 1307 3141 1358; x_wconf 92' lang='lat' dir='ltr'><strong>ita</strong></span> <span class='ocrx_word' id='word_1_198' title='bbox 3169 1312 3226 1358; x_wconf 90' lang='lat' dir='ltr'><strong>ut</strong></span> <span class='ocrx_word' id='word_1_199' title='bbox 3253 1319 3368 1357; x_wconf 85' lang='lat' dir='ltr'><strong>me-</strong></span> 
     </span>
    </p>
   </div>
   <div class='ocr_carea' id='block_1_29' title="bbox 1804 1395 3363 1470">
    <p class='ocr_par' dir='ltr' id='par_1_29' title="bbox 1804 1395 3363 1470">
     <span class='ocr_line' id='line_1_29' title="bbox 1804 1395 3363 1470; baseline -0.003 -18"><span class='ocrx_word' id='word_1_200' title='bbox 1804 1399 1944 1463; x_wconf 89' lang='lat' dir='ltr'><strong>rito,</strong></span> <span class='ocrx_word' id='word_1_201' title='bbox 1991 1399 2248 1470; x_wconf 77' lang='lat' dir='ltr'><strong>gloriari,</strong></span> <span class='ocrx_word' id='word_1_202' title='bbox 2283 1399 2515 1468; x_wconf 83' lang='lat' dir='ltr'><strong>hymnos</strong></span> <span class='ocrx_word' id='word_1_203' title='bbox 2557 1398 2865 1464; x_wconf 89' lang='lat' dir='ltr'><strong>celebrare,</strong></span> <span class='ocrx_word' id='word_1_204' title='bbox 2896 1396 3118 1450; x_wconf 88' lang='lat' dir='ltr'><strong>laudare</strong></span> <span class='ocrx_word' id='word_1_205' title='bbox 3157 1407 3211 1450; x_wconf 89' lang='lat' dir='ltr'><strong>et</strong></span> <span class='ocrx_word' id='word_1_206' title='bbox 3243 1395 3363 1448; x_wconf 89' lang='lat' dir='ltr'><strong>lau-</strong></span> 
     </span>
    </p>
   </div>
   <div class='ocr_carea' id='block_1_30' title="bbox 1804 1482 3360 1561">
    <p class='ocr_par' dir='ltr' id='par_1_30' title="bbox 1804 1482 3360 1561">
     <span class='ocr_line' id='line_1_30' title="bbox 1804 1482 3360 1561; baseline -0.004 -16"><span class='ocrx_word' id='word_1_207' title='bbox 1804 1491 1920 1546; x_wconf 86' lang='lat' dir='ltr'><strong>dari</strong></span> <span class='ocrx_word' id='word_1_208' title='bbox 1944 1532 1957 1554; x_wconf 90' lang='lat'><strong>,</strong></span> <span class='ocrx_word' id='word_1_209' title='bbox 1981 1490 2184 1561; x_wconf 78' lang='lat' dir='ltr'><strong>gratias</strong></span> <span class='ocrx_word' id='word_1_210' title='bbox 2211 1505 2369 1560; x_wconf 76' lang='lat' dir='ltr'><strong>agere</strong></span> <span class='ocrx_word' id='word_1_211' title='bbox 2392 1501 2441 1544; x_wconf 90' lang='lat' dir='ltr'><strong>et</strong></span> <span class='ocrx_word' id='word_1_212' title='bbox 2468 1490 2712 1543; x_wconf 82' lang='lat' dir='ltr'><strong>conﬁteri</strong></span> <span class='ocrx_word' id='word_1_213' title='bbox 2740 1489 2952 1550; x_wconf 87' lang='lat' dir='ltr'><strong>dicant,</strong></span> <span class='ocrx_word' id='word_1_214' title='bbox 2977 1487 3175 1557; x_wconf 88' lang='lat' dir='ltr'><strong>quibus</strong></span> <span class='ocrx_word' id='word_1_215' title='bbox 3197 1482 3360 1554; x_wconf 76' lang='lat' dir='ltr'><strong>Regis</strong></span> 
     </span>
    </p>
   </div>
   <div class='ocr_carea' id='block_1_31' title="bbox 1805 1577 3362 1650">
    <p class='ocr_par' dir='ltr' id='par_1_31' title="bbox 1805 1577 3362 1650">
     <span class='ocr_line' id='line_1_31' title="bbox 1805 1577 3362 1650; baseline -0.004 -15"><span class='ocrx_word' id='word_1_216' title='bbox 1805 1580 1888 1636; x_wconf 91' lang='lat' dir='ltr'><strong>sui</strong></span> <span class='ocrx_word' id='word_1_217' title='bbox 1930 1582 2132 1634; x_wconf 88' lang='lat' dir='ltr'><strong>virtute</strong></span> <span class='ocrx_word' id='word_1_218' title='bbox 2174 1587 2330 1650; x_wconf 89' lang='lat' dir='ltr'><strong>parta</strong></span> <span class='ocrx_word' id='word_1_219' title='bbox 2377 1580 2528 1636; x_wconf 88' lang='lat' dir='ltr'><strong>salus</strong></span> <span class='ocrx_word' id='word_1_220' title='bbox 2569 1579 2694 1633; x_wconf 80' lang='lat' dir='ltr'><strong>fuit.</strong></span> <span class='ocrx_word' id='word_1_221' title='bbox 2728 1577 2833 1634; x_wconf 88' lang='lat' dir='ltr'><strong>Sed</strong></span> <span class='ocrx_word' id='word_1_222' title='bbox 2875 1579 2989 1633; x_wconf 69' lang='lat' dir='ltr'><strong>haec</strong></span> <span class='ocrx_word' id='word_1_223' title='bbox 3036 1577 3251 1648; x_wconf 86' lang='lat' dir='ltr'><strong>quidem</strong></span> <span class='ocrx_word' id='word_1_224' title='bbox 3292 1589 3362 1630; x_wconf 79' lang='lat' dir='ltr'><strong>ex</strong></span> 
     </span>
    </p>
   </div>
   <div class='ocr_carea' id='block_1_32' title="bbox 1804 1667 3364 1743">
    <p class='ocr_par' dir='ltr' id='par_1_32' title="bbox 1804 1667 3364 1743">
     <span class='ocr_line' id='line_1_32' title="bbox 1804 1667 3364 1743; baseline -0.003 -16"><span class='ocrx_word' id='word_1_225' title='bbox 1804 1687 2036 1743; x_wconf 89' lang='lat' dir='ltr'><strong>persona</strong></span> <span class='ocrx_word' id='word_1_226' title='bbox 2071 1673 2222 1728; x_wconf 88' lang='lat' dir='ltr'><strong>chori</strong></span> <span class='ocrx_word' id='word_1_227' title='bbox 2263 1672 2562 1742; x_wconf 89' lang='lat' dir='ltr'><strong>prophetici</strong></span> <span class='ocrx_word' id='word_1_228' title='bbox 2597 1672 2741 1736; x_wconf 82' lang='lat' dir='ltr'><strong>dicta</strong></span> <span class='ocrx_word' id='word_1_229' title='bbox 2766 1679 2913 1727; x_wconf 90' lang='lat' dir='ltr'><strong>sunt.</strong></span> <span class='ocrx_word' id='word_1_230' title='bbox 2957 1670 3086 1736; x_wconf 64' lang='lat' dir='ltr'><strong>Quae</strong></span> <span class='ocrx_word' id='word_1_231' title='bbox 3117 1683 3242 1724; x_wconf 86' lang='lat' dir='ltr'><strong>vero</strong></span> <span class='ocrx_word' id='word_1_232' title='bbox 3267 1667 3364 1722; x_wconf 79' lang='lat' dir='ltr'><strong>de—</strong></span> 
     </span>
    </p>
   </div>
   <div class='ocr_carea' id='block_1_33' title="bbox 1803 1758 3358 1831">
    <p class='ocr_par' dir='ltr' id='par_1_33' title="bbox 1803 1758 3358 1831">
     <span class='ocr_line' id='line_1_33' title="bbox 1803 1758 3358 1831; baseline -0.005 -13"><span class='ocrx_word' id='word_1_233' title='bbox 1803 1764 1927 1819; x_wconf 91' lang='lat' dir='ltr'><strong>inde</strong></span> <span class='ocrx_word' id='word_1_234' title='bbox 1956 1764 2202 1820; x_wconf 80' lang='lat' dir='ltr'><strong>feruntur</strong></span> <span class='ocrx_word' id='word_1_235' title='bbox 2233 1765 2393 1820; x_wconf 88' lang='lat' dir='ltr'><strong>iidem</strong></span> <span class='ocrx_word' id='word_1_236' title='bbox 2422 1779 2614 1820; x_wconf 88' lang='lat' dir='ltr'><strong>rursus</strong></span> <span class='ocrx_word' id='word_1_237' title='bbox 2634 1805 2650 1831; x_wconf 92' lang='lat'><strong>,</strong></span> <span class='ocrx_word' id='word_1_238' title='bbox 2678 1762 3043 1818; x_wconf 85' lang='lat' dir='ltr'><strong>multitudinis</strong></span> <span class='ocrx_word' id='word_1_239' title='bbox 3070 1775 3230 1816; x_wconf 86' lang='lat' dir='ltr'><strong>casus</strong></span> <span class='ocrx_word' id='word_1_240' title='bbox 3256 1758 3358 1816; x_wconf 90' lang='lat' dir='ltr'><strong>sibi</strong></span> 
     </span>
    </p>
   </div>
   <div class='ocr_carea' id='block_1_34' title="bbox 155 1846 1701 1929">
    <p class='ocr_par' dir='ltr' id='par_1_34' title="bbox 155 1856 1698 1929">
     <span class='ocr_line' id='line_1_34' title="bbox 155 1856 1698 1929; baseline 0 -21"><span class='ocrx_word' id='word_1_241' title='bbox 155 1856 401 1924; x_wconf 77' lang='grc' dir='ltr'>λογείσθαι</span> <span class='ocrx_word' id='word_1_242' title='bbox 420 1859 471 1910; x_wconf 91' lang='grc' dir='ltr'><strong>οἰ</strong></span> <span class='ocrx_word' id='word_1_243' title='bbox 499 1859 838 1928; x_wconf 81' lang='grc' dir='ltr'>σεσωσμένοι</span> <span class='ocrx_word' id='word_1_244' title='bbox 856 1861 920 1929; x_wconf 77' lang='grc' dir='ltr'>τῇ</span> <span class='ocrx_word' id='word_1_245' title='bbox 936 1858 1028 1911; x_wconf 79' lang='grc' dir='ltr'><strong>τοῦ</strong></span> <span class='ocrx_word' id='word_1_246' title='bbox 1065 1857 1322 1928; x_wconf 76' lang='grc' dir='ltr'>βασιλέως</span> <span class='ocrx_word' id='word_1_247' title='bbox 1344 1856 1517 1911; x_wconf 76' lang='grc' dir='ltr'>αὐτῶν</span> <span class='ocrx_word' id='word_1_248' title='bbox 1533 1857 1698 1927; x_wconf 83' lang='grc' dir='ltr'>ἀρετῇ</span> 
     </span>
    </p>
   </div>
   <div class='ocr_carea' id='block_1_35' title="bbox 1804 1846 2481 1929">
    <p class='ocr_par' dir='ltr' id='par_1_35' title="bbox 1804 1855 2481 1919">
     <span class='ocr_line' id='line_1_35' title="bbox 1804 1855 2481 1919; baseline 0.003 -11"><span class='ocrx_word' id='word_1_249' title='bbox 1804 1855 2138 1911; x_wconf 89' lang='lat' dir='ltr'><strong>ascribentes</strong></span> <span class='ocrx_word' id='word_1_250' title='bbox 2157 1894 2173 1919; x_wconf 88' lang='lat'><strong>,</strong></span> <span class='ocrx_word' id='word_1_251' title='bbox 2203 1862 2481 1910; x_wconf 90' lang='lat' dir='ltr'><strong>enarrant.</strong></span> 
     </span>
    </p>
   </div>
   <div class='ocr_carea' id='block_1_36' title="bbox 156 1945 3357 2020">
    <p class='ocr_par' dir='ltr' id='par_1_36' title="bbox 156 1945 3357 2020">
     <span class='ocr_line' id='line_1_36' title="bbox 156 1945 3357 2020; baseline -0.002 -17"><span class='ocrx_word' id='word_1_252' title='bbox 156 1965 316 2019; x_wconf 69' lang='grc' dir='ltr'>φασιν.</span> <span class='ocrx_word' id='word_1_253' title='bbox 354 1949 514 2003; x_wconf 83' lang='grc' dir='ltr'>Ἀλλά</span> <span class='ocrx_word' id='word_1_254' title='bbox 545 1949 719 2002; x_wconf 81' lang='grc' dir='ltr'>ταῦτα</span> <span class='ocrx_word' id='word_1_255' title='bbox 753 1949 850 2020; x_wconf 78' lang='grc' dir='ltr'><strong>μὲν</strong></span> <span class='ocrx_word' id='word_1_256' title='bbox 881 1949 945 2002; x_wconf 90' lang='grc' dir='ltr'><strong>ἐκ</strong></span> <span class='ocrx_word' id='word_1_257' title='bbox 977 1948 1264 2020; x_wconf 86' lang='grc' dir='ltr'>προσώπου</span> <span class='ocrx_word' id='word_1_258' title='bbox 1293 1949 1385 2003; x_wconf 82' lang='grc' dir='ltr'><strong>τοῦ</strong></span> <span class='ocrx_word' id='word_1_259' title='bbox 1429 1947 1589 2020; x_wconf 87' lang='grc' dir='ltr'>χοροῦ</span> <span class='ocrx_word' id='word_1_260' title='bbox 1628 1965 1736 2001; x_wconf 89' lang='grc' dir='ltr'><strong>των</strong></span> <span class='ocrx_word' id='word_1_261' title='bbox 1770 1948 2059 2018; x_wconf 82' lang='grc' dir='ltr'>προφητῶν</span> <span class='ocrx_word' id='word_1_262' title='bbox 2096 1947 2336 2019; x_wconf 80' lang='grc' dir='ltr'>εἴρηται·</span> <span class='ocrx_word' id='word_1_263' title='bbox 2361 1947 2428 2000; x_wconf 84' lang='grc' dir='ltr'>τὰ</span> <span class='ocrx_word' id='word_1_264' title='bbox 2453 1947 2497 2000; x_wconf 84' lang='grc' dir='ltr'>δ’</span> <span class='ocrx_word' id='word_1_265' title='bbox 2529 1947 2658 2018; x_wconf 80' lang='grc' dir='ltr'>ἑξῆς</span> <span class='ocrx_word' id='word_1_266' title='bbox 2693 1947 3057 2019; x_wconf 84' lang='grc' dir='ltr'>ἐπιφερόμενα</span> <span class='ocrx_word' id='word_1_267' title='bbox 3099 1945 3259 2000; x_wconf 87' lang='grc' dir='ltr'>πάλιν</span> <span class='ocrx_word' id='word_1_268' title='bbox 3307 1947 3357 1998; x_wconf 90' lang='grc' dir='ltr'><strong>οἰ</strong></span> 
     </span>
    </p>
   </div>
   <div class='ocr_carea' id='block_1_37' title="bbox 155 2042 2127 2116">
    <p class='ocr_par' dir='ltr' id='par_1_37' title="bbox 155 2042 2127 2116">
     <span class='ocr_line' id='line_1_37' title="bbox 155 2042 2127 2116; baseline -0.002 -17"><span class='ocrx_word' id='word_1_269' title='bbox 155 2047 307 2110; x_wconf 76' lang='grc' dir='ltr'>αὐτοὶ,</span> <span class='ocrx_word' id='word_1_270' title='bbox 343 2045 765 2116; x_wconf 82' lang='grc' dir='ltr'>ἰδιοποιούμενοι</span> <span class='ocrx_word' id='word_1_271' title='bbox 815 2044 883 2098; x_wconf 81' lang='grc' dir='ltr'>τὰ</span> <span class='ocrx_word' id='word_1_272' title='bbox 929 2045 1006 2116; x_wconf 86' lang='grc' dir='ltr'>τῷ</span> <span class='ocrx_word' id='word_1_273' title='bbox 1035 2045 1231 2116; x_wconf 88' lang='grc' dir='ltr'>πλήθει</span> <span class='ocrx_word' id='word_1_274' title='bbox 1288 2043 1702 2115; x_wconf 83' lang='grc' dir='ltr'>συμϐεϐηκότα,</span> <span class='ocrx_word' id='word_1_275' title='bbox 1741 2042 2127 2114; x_wconf 79' lang='grc' dir='ltr'>διεξέρχονται.</span> 
     </span>
    </p>
   </div>
   <div class='ocr_carea' id='block_1_38' title="bbox 211 2137 1699 2210">
    <p class='ocr_par' dir='ltr' id='par_1_38' title="bbox 211 2137 1699 2210">
     <span class='ocr_line' id='line_1_38' title="bbox 211 2137 1699 2210; baseline -0.003 -14"><span class='ocrx_word' id='word_1_276' title='bbox 211 2141 348 2196; x_wconf 76' lang='grc' dir='ltr'>Νυνὶ</span> <span class='ocrx_word' id='word_1_277' title='bbox 395 2141 465 2195; x_wconf 79' lang='grc' dir='ltr'>δὲ</span> <span class='ocrx_word' id='word_1_278' title='bbox 520 2139 750 2196; x_wconf 80' lang='grc' dir='ltr'>ἀπώσω</span> <span class='ocrx_word' id='word_1_279' title='bbox 799 2141 897 2195; x_wconf 82' lang='grc' dir='ltr'>καὶ</span> <span class='ocrx_word' id='word_1_280' title='bbox 938 2141 1326 2210; x_wconf 82' lang='grc' dir='ltr'>κατῄσχυνας</span> <span class='ocrx_word' id='word_1_281' title='bbox 1366 2137 1544 2210; x_wconf 76' lang='grc' dir='ltr'>ἡμᾶς,</span> <span class='ocrx_word' id='word_1_282' title='bbox 1602 2139 1699 2194; x_wconf 80' lang='grc' dir='ltr'>καὶ</span> 
     </span>
    </p>
   </div>
   <div class='ocr_carea' id='block_1_39' title="bbox 156 2231 1703 2304">
    <p class='ocr_par' dir='ltr' id='par_1_39' title="bbox 156 2231 1703 2304">
     <span class='ocr_line' id='line_1_39' title="bbox 156 2231 1703 2304; baseline -0.005 -14"><span class='ocrx_word' id='word_1_283' title='bbox 156 2238 248 2290; x_wconf 77' lang='grc' dir='ltr'>οὐκ</span> <span class='ocrx_word' id='word_1_284' title='bbox 269 2234 571 2303; x_wconf 76' lang='grc' dir='ltr'>ἐξελε-ὕσῃ</span> <span class='ocrx_word' id='word_1_285' title='bbox 611 2235 680 2288; x_wconf 87' lang='grc' dir='ltr'><strong>ἐν</strong></span> <span class='ocrx_word' id='word_1_286' title='bbox 710 2235 838 2300; x_wconf 85' lang='grc' dir='ltr'>ταῖς</span> <span class='ocrx_word' id='word_1_287' title='bbox 867 2234 1198 2304; x_wconf 80' lang='grc' dir='ltr'>δυνάμεσιν</span> <span class='ocrx_word' id='word_1_288' title='bbox 1228 2232 1414 2302; x_wconf 75' lang='grc' dir='ltr'>ἡμῶν.</span> <span class='ocrx_word' id='word_1_289' title='bbox 1462 2231 1612 2286; x_wconf 74' lang='grc' dir='ltr'>Ἐπεὶ</span> <span class='ocrx_word' id='word_1_290' title='bbox 1642 2231 1703 2283; x_wconf 85' lang='grc' dir='ltr'>τὸ</span> 
     </span>
    </p>
   </div>
   <div class='ocr_carea' id='block_1_40' title="bbox 159 2325 1703 2399">
    <p class='ocr_par' dir='ltr' id='par_1_40' title="bbox 159 2325 1703 2399">
     <span class='ocr_line' id='line_1_40' title="bbox 159 2325 1703 2399; baseline -0.002 -19"><span class='ocrx_word' id='word_1_291' title='bbox 159 2329 330 2399; x_wconf 79' lang='grc' dir='ltr'>πλῆθος</span> <span class='ocrx_word' id='word_1_292' title='bbox 342 2328 432 2381; x_wconf 79' lang='grc' dir='ltr'><strong>τοῦ</strong></span> <span class='ocrx_word' id='word_1_293' title='bbox 460 2328 673 2391; x_wconf 78' lang='grc' dir='ltr'>παντὸς</span> <span class='ocrx_word' id='word_1_294' title='bbox 704 2327 964 2381; x_wconf 81' lang='grc' dir='ltr'>Ἰουδαίων</span> <span class='ocrx_word' id='word_1_295' title='bbox 983 2328 1182 2392; x_wconf 78' lang='grc' dir='ltr'>ἔθνους,</span> <span class='ocrx_word' id='word_1_296' title='bbox 1209 2328 1264 2379; x_wconf 90' lang='grc' dir='ltr'><strong>ἐν</strong></span> <span class='ocrx_word' id='word_1_297' title='bbox 1281 2325 1554 2388; x_wconf 85' lang='grc' dir='ltr'>παντοίαις</span> <span class='ocrx_word' id='word_1_298' title='bbox 1577 2327 1703 2378; x_wconf 84' lang='grc' dir='ltr'>ἀσε-</span> 
     </span>
    </p>
   </div>
   <div class='ocr_carea' id='block_1_41' title="bbox 159 2413 1702 2491">
    <p class='ocr_par' dir='ltr' id='par_1_41' title="bbox 159 2413 1702 2491">
     <span class='ocr_line' id='line_1_41' title="bbox 159 2413 1702 2491; baseline -0.002 -21"><span class='ocrx_word' id='word_1_299' title='bbox 159 2420 304 2483; x_wconf 84' lang='grc' dir='ltr'>ϐείαις</span> <span class='ocrx_word' id='word_1_300' title='bbox 334 2419 424 2473; x_wconf 75' lang='grc' dir='ltr'><strong>καὶ</strong></span> <span class='ocrx_word' id='word_1_301' title='bbox 443 2419 817 2491; x_wconf 77' lang='grc' dir='ltr'>παρανομίαις</span> <span class='ocrx_word' id='word_1_302' title='bbox 833 2418 1212 2490; x_wconf 79' lang='grc' dir='ltr'>ἐξητασμένον,</span> <span class='ocrx_word' id='word_1_303' title='bbox 1231 2419 1328 2472; x_wconf 86' lang='grc' dir='ltr'><strong>οὐκ</strong></span> <span class='ocrx_word' id='word_1_304' title='bbox 1343 2413 1409 2488; x_wconf 81' lang='grc' dir='ltr'>ἦν</span> <span class='ocrx_word' id='word_1_305' title='bbox 1423 2417 1702 2488; x_wconf 88' lang='grc' dir='ltr'>ἀλλότριον</span> 
     </span>
    </p>
   </div>
   <div class='ocr_carea' id='block_1_42' title="bbox 158 2496 1699 2580">
    <p class='ocr_par' dir='ltr' id='par_1_42' title="bbox 158 2496 1699 2580">
     <span class='ocr_line' id='line_1_42' title="bbox 158 2496 1699 2580; baseline -0.001 -20"><span class='ocrx_word' id='word_1_306' title='bbox 158 2507 235 2560; x_wconf 84' lang='grc' dir='ltr'><strong>τοῦ</strong></span> <span class='ocrx_word' id='word_1_307' title='bbox 263 2496 500 2579; x_wconf 83' lang='grc' dir='ltr'>σώματος</span> <span class='ocrx_word' id='word_1_308' title='bbox 525 2508 631 2562; x_wconf 76' lang='grc' dir='ltr'><strong>τοῦ</strong></span> <span class='ocrx_word' id='word_1_309' title='bbox 654 2509 1013 2580; x_wconf 73' lang='grc' dir='ltr'>προφητικοῦ,</span> <span class='ocrx_word' id='word_1_310' title='bbox 1044 2508 1266 2572; x_wconf 83' lang='grc' dir='ltr'>εἰκότως</span> <span class='ocrx_word' id='word_1_311' title='bbox 1302 2509 1370 2562; x_wconf 85' lang='grc' dir='ltr'><strong>τά</strong></span> <span class='ocrx_word' id='word_1_312' title='bbox 1409 2507 1486 2578; x_wconf 82' lang='grc' dir='ltr'><strong>τῷ</strong></span> <span class='ocrx_word' id='word_1_313' title='bbox 1509 2506 1699 2578; x_wconf 79' lang='grc' dir='ltr'>πλήθει</span> 
     </span>
    </p>
   </div>
   <div class='ocr_carea' id='block_1_43' title="bbox 163 2600 1700 2673">
    <p class='ocr_par' dir='ltr' id='par_1_43' title="bbox 163 2600 1700 2673">
     <span class='ocr_line' id='line_1_43' title="bbox 163 2600 1700 2673; baseline 0 -21"><span class='ocrx_word' id='word_1_314' title='bbox 163 2601 409 2671; x_wconf 83' lang='grc' dir='ltr'>συμϐάντα</span> <span class='ocrx_word' id='word_1_315' title='bbox 466 2602 888 2673; x_wconf 79' lang='grc' dir='ltr'>ἰδιοποιούμενοι</span> <span class='ocrx_word' id='word_1_316' title='bbox 933 2603 982 2654; x_wconf 88' lang='grc' dir='ltr'>οἱ</span> <span class='ocrx_word' id='word_1_317' title='bbox 1024 2601 1094 2655; x_wconf 72' lang='grc' dir='ltr'>τὰ</span> <span class='ocrx_word' id='word_1_318' title='bbox 1146 2601 1336 2673; x_wconf 81' lang='grc' dir='ltr'>πρῶτα</span> <span class='ocrx_word' id='word_1_319' title='bbox 1383 2600 1700 2673; x_wconf 84' lang='grc' dir='ltr'>εἰρηκότες,</span> 
     </span>
    </p>
   </div>
   <div class='ocr_carea' id='block_1_44' title="bbox 165 2693 1700 2767">
    <p class='ocr_par' dir='ltr' id='par_1_44' title="bbox 165 2693 1700 2767">
     <span class='ocr_line' id='line_1_44' title="bbox 165 2693 1700 2767; baseline -0.001 -21"><span class='ocrx_word' id='word_1_320' title='bbox 165 2693 301 2761; x_wconf 81' lang='grc' dir='ltr'>μέσου</span> <span class='ocrx_word' id='word_1_321' title='bbox 333 2695 712 2766; x_wconf 73' lang='grc' dir='ltr'>διαψάλματος</span> <span class='ocrx_word' id='word_1_322' title='bbox 743 2694 1235 2767; x_wconf 74' lang='grc' dir='ltr'>παρεμϐληθέντος,</span> <span class='ocrx_word' id='word_1_323' title='bbox 1279 2695 1358 2756; x_wconf 82' lang='grc' dir='ltr'><strong>εἰς</strong></span> <span class='ocrx_word' id='word_1_324' title='bbox 1399 2694 1700 2764; x_wconf 88' lang='grc' dir='ltr'>παράτασιν</span> 
     </span>
    </p>
   </div>
   <div class='ocr_carea' id='block_1_45' title="bbox 162 2783 1700 2858">
    <p class='ocr_par' dir='ltr' id='par_1_45' title="bbox 162 2783 1700 2858">
     <span class='ocr_line' id='line_1_45' title="bbox 162 2783 1700 2858; baseline -0.001 -19"><span class='ocrx_word' id='word_1_325' title='bbox 162 2783 243 2852; x_wconf 81' lang='grc' dir='ltr'>τῆς</span> <span class='ocrx_word' id='word_1_326' title='bbox 271 2786 572 2858; x_wconf 80' lang='grc' dir='ltr'>μεταϐολῆς</span> <span class='ocrx_word' id='word_1_327' title='bbox 612 2786 718 2839; x_wconf 85' lang='grc' dir='ltr'><strong>τῶν</strong></span> <span class='ocrx_word' id='word_1_328' title='bbox 755 2786 1164 2856; x_wconf 76' lang='grc' dir='ltr'>λεχθησομένων</span> <span class='ocrx_word' id='word_1_329' title='bbox 1208 2785 1588 2858; x_wconf 79' lang='grc' dir='ltr'>προφέρονται.</span> <span class='ocrx_word' id='word_1_330' title='bbox 1637 2785 1700 2839; x_wconf 82' lang='lat' dir='ltr'><strong>Ol.</strong></span> 
     </span>
    </p>
   </div>
   <div class='ocr_carea' id='block_1_46' title="bbox 166 2873 1701 2949">
    <p class='ocr_par' dir='ltr' id='par_1_46' title="bbox 166 2873 1701 2949">
     <span class='ocr_line' id='line_1_46' title="bbox 166 2873 1701 2949; baseline 0.003 -24"><span class='ocrx_word' id='word_1_331' title='bbox 166 2877 245 2944; x_wconf 85' lang='grc' dir='ltr'><strong>μὲν</strong></span> <span class='ocrx_word' id='word_1_332' title='bbox 266 2873 348 2931; x_wconf 75' lang='grc' dir='ltr'>οὖν</span> <span class='ocrx_word' id='word_1_333' title='bbox 374 2878 619 2949; x_wconf 77' lang='grc' dir='ltr'>πατέρες</span> <span class='ocrx_word' id='word_1_334' title='bbox 647 2877 800 2948; x_wconf 77' lang='grc' dir='ltr'>ἡμῶν</span> <span class='ocrx_word' id='word_1_335' title='bbox 827 2878 1151 2949; x_wconf 79' lang='grc' dir='ltr'>ἀνήγγειλάν</span> <span class='ocrx_word' id='word_1_336' title='bbox 1172 2879 1323 2949; x_wconf 81' lang='grc' dir='ltr'>ἡμῖν,</span> <span class='ocrx_word' id='word_1_337' title='bbox 1339 2878 1556 2940; x_wconf 74' lang='grc' dir='ltr'>καὶτοῖς</span> <span class='ocrx_word' id='word_1_338' title='bbox 1570 2879 1701 2946; x_wconf 80' lang='grc' dir='ltr'>ἠμε-</span> 
     </span>
    </p>
   </div>
   <div class='ocr_carea' id='block_1_47' title="bbox 162 2962 1699 3036">
    <p class='ocr_par' dir='ltr' id='par_1_47' title="bbox 162 2962 1699 3036">
     <span class='ocr_line' id='line_1_47' title="bbox 162 2962 1699 3036; baseline -0.001 -22"><span class='ocrx_word' id='word_1_339' title='bbox 162 2962 310 3030; x_wconf 82' lang='grc' dir='ltr'>τέροις</span> <span class='ocrx_word' id='word_1_340' title='bbox 353 2962 631 3034; x_wconf 71' lang='grc' dir='ltr'>ἠκούομεν</span> <span class='ocrx_word' id='word_1_341' title='bbox 684 2963 816 3017; x_wconf 77' lang='grc' dir='ltr'>ὠσὶν</span> <span class='ocrx_word' id='word_1_342' title='bbox 873 2967 1030 3018; x_wconf 75' lang='grc' dir='ltr'>ὁποῖα.</span> <span class='ocrx_word' id='word_1_343' title='bbox 1085 2965 1425 3036; x_wconf 81' lang='grc' dir='ltr'>κατειργάσω</span> <span class='ocrx_word' id='word_1_344' title='bbox 1474 2965 1532 3015; x_wconf 91' lang='grc' dir='ltr'><strong>ἐν</strong></span> <span class='ocrx_word' id='word_1_345' title='bbox 1581 2964 1699 3026; x_wconf 86' lang='grc' dir='ltr'>ταῖς</span> 
     </span>
    </p>
   </div>
   <div class='ocr_carea' id='block_1_48' title="bbox 162 3050 1697 3123">
    <p class='ocr_par' dir='ltr' id='par_1_48' title="bbox 162 3050 1697 3123">
     <span class='ocr_line' id='line_1_48' title="bbox 162 3050 1697 3123; baseline 0 -20"><span class='ocrx_word' id='word_1_346' title='bbox 162 3050 360 3121; x_wconf 74' lang='grc' dir='ltr'>ἡμέραις</span> <span class='ocrx_word' id='word_1_347' title='bbox 391 3052 602 3118; x_wconf 74' lang='grc' dir='ltr'>αὐτῶν,</span> <span class='ocrx_word' id='word_1_348' title='bbox 638 3053 733 3106; x_wconf 80' lang='grc' dir='ltr'>καὶ</span> <span class='ocrx_word' id='word_1_349' title='bbox 770 3053 837 3106; x_wconf 83' lang='grc' dir='ltr'><strong>τά</strong></span> <span class='ocrx_word' id='word_1_350' title='bbox 863 3053 1008 3123; x_wconf 81' lang='grc' dir='ltr'>ἐξῆς.</span> <span class='ocrx_word' id='word_1_351' title='bbox 1041 3054 1175 3107; x_wconf 77' lang='grc' dir='ltr'>Νυνὶ</span> <span class='ocrx_word' id='word_1_352' title='bbox 1205 3053 1262 3106; x_wconf 83' lang='grc' dir='ltr'>δὲ</span> <span class='ocrx_word' id='word_1_353' title='bbox 1300 3051 1593 3121; x_wconf 73' lang='grc' dir='ltr'>ὀφθαλμοῖς</span> <span class='ocrx_word' id='word_1_354' title='bbox 1636 3051 1697 3104; x_wconf 87' lang='grc' dir='ltr'><strong>ού</strong></span> 
     </span>
    </p>
   </div>
   <div class='ocr_carea' id='block_1_49' title="bbox 163 3141 1696 3216">
    <p class='ocr_par' dir='ltr' id='par_1_49' title="bbox 163 3141 1696 3216">
     <span class='ocr_line' id='line_1_49' title="bbox 163 3141 1696 3216; baseline 0.003 -23"><span class='ocrx_word' id='word_1_355' title='bbox 163 3143 353 3196; x_wconf 82' lang='grc' dir='ltr'>τοιαῦτα</span> <span class='ocrx_word' id='word_1_356' title='bbox 402 3144 660 3216; x_wconf 85' lang='grc' dir='ltr'>ὁρῶμεν·</span> <span class='ocrx_word' id='word_1_357' title='bbox 710 3145 778 3198; x_wconf 79' lang='grc' dir='ltr'>τὰ</span> <span class='ocrx_word' id='word_1_358' title='bbox 821 3145 877 3198; x_wconf 80' lang='grc' dir='ltr'><strong>δέ</strong></span> <span class='ocrx_word' id='word_1_359' title='bbox 918 3145 1124 3210; x_wconf 88' lang='grc' dir='ltr'>τούτοις</span> <span class='ocrx_word' id='word_1_360' title='bbox 1174 3144 1410 3198; x_wconf 86' lang='grc' dir='ltr'>ἐναντία.</span> <span class='ocrx_word' id='word_1_361' title='bbox 1470 3141 1696 3197; x_wconf 85' lang='grc' dir='ltr'>Ἀπώσω</span> 
     </span>
    </p>
   </div>
   <div class='ocr_carea' id='block_1_50' title="bbox 164 3229 1694 3306">
    <p class='ocr_par' dir='ltr' id='par_1_50' title="bbox 164 3229 1694 3306">
     <span class='ocr_line' id='line_1_50' title="bbox 164 3229 1694 3306; baseline -0.005 -12"><span class='ocrx_word' id='word_1_362' title='bbox 164 3229 251 3303; x_wconf 61' lang='grc' dir='ltr'><strong>γάρ</strong></span> <span class='ocrx_word' id='word_1_363' title='bbox 279 3233 431 3303; x_wconf 75' lang='grc' dir='ltr'>ἡμᾶς,</span> <span class='ocrx_word' id='word_1_364' title='bbox 480 3236 558 3288; x_wconf 82' lang='grc' dir='ltr'><strong>σὺ</strong></span> <span class='ocrx_word' id='word_1_365' title='bbox 582 3238 610 3288; x_wconf 83' lang='grc' dir='ltr'>ὁ</span> <span class='ocrx_word' id='word_1_366' title='bbox 651 3235 797 3300; x_wconf 86' lang='grc' dir='ltr'>Θεὸς,</span> <span class='ocrx_word' id='word_1_367' title='bbox 829 3238 856 3288; x_wconf 83' lang='grc' dir='ltr'><em>ὁ</em></span> <span class='ocrx_word' id='word_1_368' title='bbox 891 3234 1054 3289; x_wconf 85' lang='grc' dir='ltr'>πάλαι</span> <span class='ocrx_word' id='word_1_369' title='bbox 1102 3234 1226 3298; x_wconf 75' lang='grc' dir='ltr'>τοὺς</span> <span class='ocrx_word' id='word_1_370' title='bbox 1260 3233 1498 3306; x_wconf 80' lang='grc' dir='ltr'>πατέρας</span> <span class='ocrx_word' id='word_1_371' title='bbox 1537 3231 1694 3304; x_wconf 80' lang='grc' dir='ltr'>ἡμῶν</span> 
     </span>
    </p>
   </div>
   <div class='ocr_carea' id='block_1_51' title="bbox 163 3321 1694 3399">
    <p class='ocr_par' dir='ltr' id='par_1_51' title="bbox 163 3321 1694 3399">
     <span class='ocr_line' id='line_1_51' title="bbox 163 3321 1694 3399; baseline 0.003 -28"><span class='ocrx_word' id='word_1_372' title='bbox 163 3321 412 3388; x_wconf 85' lang='grc' dir='ltr'>διασώσας,</span> <span class='ocrx_word' id='word_1_373' title='bbox 439 3326 527 3380; x_wconf 74' lang='grc' dir='ltr'>διὰ</span> <span class='ocrx_word' id='word_1_374' title='bbox 598 3325 696 3391; x_wconf 75' lang='grc' dir='ltr'>τὰς</span> <span class='ocrx_word' id='word_1_375' title='bbox 733 3327 1002 3399; x_wconf 78' lang='grc' dir='ltr'>ἡμετέρας</span> <span class='ocrx_word' id='word_1_376' title='bbox 1046 3327 1318 3398; x_wconf 82' lang='grc' dir='ltr'>ἁμαρτίας</span> <span class='ocrx_word' id='word_1_377' title='bbox 1365 3327 1489 3388; x_wconf 75' lang='grc' dir='ltr'>τοὺς</span> <span class='ocrx_word' id='word_1_378' title='bbox 1530 3325 1694 3377; x_wconf 87' lang='grc' dir='ltr'>πάλαι</span> 
     </span>
    </p>
   </div>
   <div class='ocr_carea' id='block_1_52' title="bbox 1870 2131 3357 2205">
    <p class='ocr_par' dir='ltr' id='par_1_52' title="bbox 1870 2131 3357 2205">
     <span class='ocr_line' id='line_1_52' title="bbox 1870 2131 3357 2205; baseline -0.004 -16"><span class='ocrx_word' id='word_1_379' title='bbox 1870 2136 2035 2192; x_wconf 69' lang='lat' dir='ltr'><strong>Vens.</strong></span> <span class='ocrx_word' id='word_1_380' title='bbox 2077 2137 2163 2201; x_wconf 73' lang='grc'><strong>10.</strong></span> <span class='ocrx_word' id='word_1_381' title='bbox 2224 2135 2381 2192; x_wconf 86' lang='lat' dir='ltr'><strong>Nunc</strong></span> <span class='ocrx_word' id='word_1_382' title='bbox 2441 2147 2615 2192; x_wconf 88' lang='lat' dir='ltr'><strong>autem</strong></span> <span class='ocrx_word' id='word_1_383' title='bbox 2671 2136 2909 2205; x_wconf 81' lang='lat' dir='ltr'><strong>repulisli</strong></span> <span class='ocrx_word' id='word_1_384' title='bbox 2963 2143 3012 2190; x_wconf 88' lang='lat' dir='ltr'><strong>et</strong></span> <span class='ocrx_word' id='word_1_385' title='bbox 3071 2131 3357 2202; x_wconf 68' lang='lat' dir='ltr'><strong>confudisti</strong></span> 
     </span>
    </p>
   </div>
   <div class='ocr_carea' id='block_1_53' title="bbox 1799 2217 3355 2300">
    <p class='ocr_par' dir='ltr' id='par_1_53' title="bbox 1799 2217 3355 2300">
     <span class='ocr_line' id='line_1_53' title="bbox 1799 2217 3355 2300; baseline -0.006 -17"><span class='ocrx_word' id='word_1_386' title='bbox 1799 2246 1893 2283; x_wconf 88' lang='lat' dir='ltr'><strong>nos</strong></span> <span class='ocrx_word' id='word_1_387' title='bbox 1913 2268 1928 2294; x_wconf 97' lang='lat'><strong>,</strong></span> <span class='ocrx_word' id='word_1_388' title='bbox 1967 2238 2015 2283; x_wconf 89' lang='lat' dir='ltr'><strong>et</strong></span> <span class='ocrx_word' id='word_1_389' title='bbox 2045 2246 2148 2284; x_wconf 89' lang='lat' dir='ltr'><strong>non</strong></span> <span class='ocrx_word' id='word_1_390' title='bbox 2181 2229 2460 2300; x_wconf 82' lang='lat' dir='ltr'><strong>egredieris</strong></span> <span class='ocrx_word' id='word_1_391' title='bbox 2487 2268 2502 2292; x_wconf 96' lang='lat'><strong>,</strong></span> <span class='ocrx_word' id='word_1_392' title='bbox 2533 2227 2674 2282; x_wconf 84' lang='lat' dir='ltr'><strong>Deus</strong></span> <span class='ocrx_word' id='word_1_393' title='bbox 2696 2267 2710 2292; x_wconf 94' lang='lat'><strong>,</strong></span> <span class='ocrx_word' id='word_1_394' title='bbox 2737 2227 2791 2281; x_wconf 91' lang='lat' dir='ltr'><strong>in</strong></span> <span class='ocrx_word' id='word_1_395' title='bbox 2817 2225 3092 2280; x_wconf 82' lang='lat' dir='ltr'><strong>virtutibus</strong></span> <span class='ocrx_word' id='word_1_396' title='bbox 3122 2217 3316 2277; x_wconf 75' lang='lat' dir='ltr'><strong>nostris</strong></span> <span class='ocrx_word' id='word_1_397' title='bbox 3338 2260 3355 2285; x_wconf 95' lang='lat'><strong>,</strong></span> 
     </span>
    </p>
   </div>
   <div class='ocr_carea' id='block_1_54' title="bbox 1799 2314 3356 2387">
    <p class='ocr_par' dir='ltr' id='par_1_54' title="bbox 1799 2314 3356 2387">
     <span class='ocr_line' id='line_1_54' title="bbox 1799 2314 3356 2387; baseline -0.006 -11"><span class='ocrx_word' id='word_1_398' title='bbox 1799 2329 1905 2376; x_wconf 85' lang='lat' dir='ltr'><strong>etc.</strong></span> <span class='ocrx_word' id='word_1_399' title='bbox 1940 2320 2208 2387; x_wconf 88' lang='lat' dir='ltr'><strong>Quoniam</strong></span> <span class='ocrx_word' id='word_1_400' title='bbox 2241 2319 2535 2375; x_wconf 86' lang='lat' dir='ltr'><strong>multitudo</strong></span> <span class='ocrx_word' id='word_1_401' title='bbox 2576 2319 2746 2373; x_wconf 88' lang='lat' dir='ltr'><strong>totius</strong></span> <span class='ocrx_word' id='word_1_402' title='bbox 2791 2318 2972 2387; x_wconf 88' lang='lat' dir='ltr'><strong>populi</strong></span> <span class='ocrx_word' id='word_1_403' title='bbox 3018 2314 3262 2380; x_wconf 83' lang='lat' dir='ltr'><strong>Judaici,</strong></span> <span class='ocrx_word' id='word_1_404' title='bbox 3301 2314 3356 2367; x_wconf 89' lang='lat' dir='ltr'><strong>in</strong></span> 
     </span>
    </p>
   </div>
   <div class='ocr_carea' id='block_1_55' title="bbox 1797 2407 3355 2483">
    <p class='ocr_par' dir='ltr' id='par_1_55' title="bbox 1797 2407 3355 2483">
     <span class='ocr_line' id='line_1_55' title="bbox 1797 2407 3355 2483; baseline -0.007 -15"><span class='ocrx_word' id='word_1_405' title='bbox 1797 2413 1944 2468; x_wconf 89' lang='lat' dir='ltr'><strong>omni</strong></span> <span class='ocrx_word' id='word_1_406' title='bbox 1987 2412 2285 2483; x_wconf 83' lang='lat' dir='ltr'><strong>impietatis</strong></span> <span class='ocrx_word' id='word_1_407' title='bbox 2326 2419 2380 2467; x_wconf 86' lang='lat' dir='ltr'><strong>et</strong></span> <span class='ocrx_word' id='word_1_408' title='bbox 2421 2411 2786 2481; x_wconf 86' lang='lat' dir='ltr'><strong>improbitatis</strong></span> <span class='ocrx_word' id='word_1_409' title='bbox 2841 2421 3037 2479; x_wconf 78' lang='lat' dir='ltr'><strong>genere</strong></span> <span class='ocrx_word' id='word_1_410' title='bbox 3079 2407 3355 2464; x_wconf 86' lang='lat' dir='ltr'><strong>volutata.</strong></span> 
     </span>
    </p>
   </div>
   <div class='ocr_carea' id='block_1_56' title="bbox 1801 2497 3356 2574">
    <p class='ocr_par' dir='ltr' id='par_1_56' title="bbox 1801 2497 3356 2574">
     <span class='ocr_line' id='line_1_56' title="bbox 1801 2497 3356 2574; baseline -0.007 -14"><span class='ocrx_word' id='word_1_411' title='bbox 1801 2520 1912 2560; x_wconf 90' lang='lat' dir='ltr'><strong>non</strong></span> <span class='ocrx_word' id='word_1_412' title='bbox 1963 2506 2142 2560; x_wconf 90' lang='lat' dir='ltr'><strong>aliena</strong></span> <span class='ocrx_word' id='word_1_413' title='bbox 2187 2513 2306 2560; x_wconf 89' lang='lat' dir='ltr'><strong>erat</strong></span> <span class='ocrx_word' id='word_1_414' title='bbox 2353 2519 2382 2558; x_wconf 91' lang='lat' dir='ltr'><strong>a</strong></span> <span class='ocrx_word' id='word_1_415' title='bbox 2429 2518 2661 2574; x_wconf 91' lang='lat' dir='ltr'><strong>corpore</strong></span> <span class='ocrx_word' id='word_1_416' title='bbox 2701 2501 3121 2573; x_wconf 79' lang='lat' dir='ltr'><strong>prophetarum,</strong></span> <span class='ocrx_word' id='word_1_417' title='bbox 3174 2497 3356 2568; x_wconf 87' lang='lat' dir='ltr'><strong>populi</strong></span> 
     </span>
    </p>
   </div>
   <div class='ocr_carea' id='block_1_57' title="bbox 1797 2591 3358 2667">
    <p class='ocr_par' dir='ltr' id='par_1_57' title="bbox 1797 2591 3358 2667">
     <span class='ocr_line' id='line_1_57' title="bbox 1797 2591 3358 2667; baseline -0.007 -15"><span class='ocrx_word' id='word_1_418' title='bbox 1797 2613 2068 2652; x_wconf 72' lang='lat' dir='ltr'><strong>aerumnas</strong></span> <span class='ocrx_word' id='word_1_419' title='bbox 2110 2598 2214 2653; x_wconf 89' lang='lat' dir='ltr'><strong>sibi</strong></span> <span class='ocrx_word' id='word_1_420' title='bbox 2257 2597 2507 2667; x_wconf 89' lang='lat' dir='ltr'><strong>proprias</strong></span> <span class='ocrx_word' id='word_1_421' title='bbox 2548 2596 2907 2650; x_wconf 85' lang='lat' dir='ltr'><strong>attribuentes</strong></span> <span class='ocrx_word' id='word_1_422' title='bbox 2937 2593 3030 2665; x_wconf 90' lang='lat' dir='ltr'><strong>qui</strong></span> <span class='ocrx_word' id='word_1_423' title='bbox 3077 2591 3358 2661; x_wconf 86' lang='lat' dir='ltr'><strong>superiora</strong></span> 
     </span>
    </p>
   </div>
   <div class='ocr_carea' id='block_1_58' title="bbox 1798 2681 3356 2756">
    <p class='ocr_par' dir='ltr' id='par_1_58' title="bbox 1798 2681 3356 2756">
     <span class='ocr_line' id='line_1_58' title="bbox 1798 2681 3356 2756; baseline -0.009 -11"><span class='ocrx_word' id='word_1_424' title='bbox 1798 2690 2079 2752; x_wconf 79' lang='lat' dir='ltr'><strong>dixerant,</strong></span> <span class='ocrx_word' id='word_1_425' title='bbox 2112 2688 2440 2744; x_wconf 90' lang='lat' dir='ltr'><strong>intermedio</strong></span> <span class='ocrx_word' id='word_1_426' title='bbox 2473 2687 2829 2756; x_wconf 89' lang='lat' dir='ltr'><strong>diapsalmate</strong></span> <span class='ocrx_word' id='word_1_427' title='bbox 2850 2721 2866 2748; x_wconf 88' lang='lat'><strong>,</strong></span> <span class='ocrx_word' id='word_1_428' title='bbox 2898 2683 2962 2737; x_wconf 86' lang='lat' dir='ltr'><strong>ad</strong></span> <span class='ocrx_word' id='word_1_429' title='bbox 2998 2681 3356 2735; x_wconf 89' lang='lat' dir='ltr'><strong>mutationem</strong></span> 
     </span>
    </p>
   </div>
   <div class='ocr_carea' id='block_1_59' title="bbox 1800 2772 3359 2848">
    <p class='ocr_par' dir='ltr' id='par_1_59' title="bbox 1800 2772 3359 2848">
     <span class='ocr_line' id='line_1_59' title="bbox 1800 2772 3359 2848; baseline -0.008 -14"><span class='ocrx_word' id='word_1_430' title='bbox 1800 2793 1992 2834; x_wconf 88' lang='lat' dir='ltr'><strong>eorum</strong></span> <span class='ocrx_word' id='word_1_431' title='bbox 2056 2793 2178 2848; x_wconf 70' lang='lat' dir='ltr'><strong>quae</strong></span> <span class='ocrx_word' id='word_1_432' title='bbox 2208 2776 2550 2847; x_wconf 87' lang='lat' dir='ltr'><strong>postmodum</strong></span> <span class='ocrx_word' id='word_1_433' title='bbox 2585 2775 2762 2829; x_wconf 76' lang='lat' dir='ltr'><strong>fusius</strong></span> <span class='ocrx_word' id='word_1_434' title='bbox 2795 2773 2993 2827; x_wconf 90' lang='lat' dir='ltr'><strong>dicturi</strong></span> <span class='ocrx_word' id='word_1_435' title='bbox 3031 2778 3194 2834; x_wconf 89' lang='lat' dir='ltr'><strong>sunt,</strong></span> <span class='ocrx_word' id='word_1_436' title='bbox 3236 2772 3359 2824; x_wconf 79' lang='lat' dir='ltr'><strong>Sese</strong></span> 
     </span>
    </p>
   </div>
   <div class='ocr_carea' id='block_1_60' title="bbox 1796 2862 3360 2936">
    <p class='ocr_par' dir='ltr' id='par_1_60' title="bbox 1796 2862 3360 2936">
     <span class='ocr_line' id='line_1_60' title="bbox 1796 2862 3360 2936; baseline -0.008 -13"><span class='ocrx_word' id='word_1_437' title='bbox 1796 2877 2036 2924; x_wconf 83' lang='lat' dir='ltr'><strong>vertunt.</strong></span> <span class='ocrx_word' id='word_1_438' title='bbox 2083 2867 2273 2923; x_wconf 84' lang='lat' dir='ltr'><strong>Patres</strong></span> <span class='ocrx_word' id='word_1_439' title='bbox 2317 2868 2500 2936; x_wconf 88' lang='lat' dir='ltr'><strong>itaque</strong></span> <span class='ocrx_word' id='word_1_440' title='bbox 2537 2865 2714 2920; x_wconf 90' lang='lat' dir='ltr'><strong>nostri</strong></span> <span class='ocrx_word' id='word_1_441' title='bbox 2755 2862 3216 2918; x_wconf 86' lang='lat' dir='ltr'><strong>annuutiaverunt</strong></span> <span class='ocrx_word' id='word_1_442' title='bbox 3259 2874 3360 2912; x_wconf 80' lang='lat' dir='ltr'><strong>no-</strong></span> 
     </span>
    </p>
   </div>
   <div class='ocr_carea' id='block_1_61' title="bbox 1797 2952 3357 3030">
    <p class='ocr_par' dir='ltr' id='par_1_61' title="bbox 1797 2952 3357 3030">
     <span class='ocr_line' id='line_1_61' title="bbox 1797 2952 3357 3030; baseline -0.009 -16"><span class='ocrx_word' id='word_1_443' title='bbox 1797 2960 1882 3016; x_wconf 83' lang='lat' dir='ltr'><strong>bis</strong></span> <span class='ocrx_word' id='word_1_444' title='bbox 1901 3000 1916 3024; x_wconf 93' lang='lat'><strong>,</strong></span> <span class='ocrx_word' id='word_1_445' title='bbox 1949 2975 2013 3015; x_wconf 86' lang='lat' dir='ltr'><strong>ac</strong></span> <span class='ocrx_word' id='word_1_446' title='bbox 2045 2975 2145 3014; x_wconf 86' lang='lat' dir='ltr'><strong>nos</strong></span> <span class='ocrx_word' id='word_1_447' title='bbox 2173 2959 2306 3030; x_wconf 88' lang='lat' dir='ltr'><strong>ipsis</strong></span> <span class='ocrx_word' id='word_1_448' title='bbox 2334 2958 2560 3013; x_wconf 89' lang='lat' dir='ltr'><strong>auribus</strong></span> <span class='ocrx_word' id='word_1_449' title='bbox 2587 2956 2893 3010; x_wconf 84' lang='lat' dir='ltr'><strong>audivimus</strong></span> <span class='ocrx_word' id='word_1_450' title='bbox 2914 2995 2928 3018; x_wconf 91' lang='lat'><strong>,</strong></span> <span class='ocrx_word' id='word_1_451' title='bbox 2958 2952 3141 3023; x_wconf 89' lang='lat' dir='ltr'><strong>qualia</strong></span> <span class='ocrx_word' id='word_1_452' title='bbox 3166 2961 3357 3020; x_wconf 77' lang='lat' dir='ltr'><strong>opera-</strong></span> 
     </span>
    </p>
   </div>
   <div class='ocr_carea' id='block_1_62' title="bbox 1797 3042 3357 3110">
    <p class='ocr_par' dir='ltr' id='par_1_62' title="bbox 1797 3042 3357 3110">
     <span class='ocr_line' id='line_1_62' title="bbox 1797 3042 3357 3110; baseline -0.005 -8"><span class='ocrx_word' id='word_1_453' title='bbox 1797 3058 1886 3105; x_wconf 87' lang='lat' dir='ltr'><strong>tus</strong></span> <span class='ocrx_word' id='word_1_454' title='bbox 1935 3050 2012 3105; x_wconf 92' lang='lat' dir='ltr'><strong>sis</strong></span> <span class='ocrx_word' id='word_1_455' title='bbox 2053 3050 2110 3104; x_wconf 90' lang='lat' dir='ltr'><strong>in</strong></span> <span class='ocrx_word' id='word_1_456' title='bbox 2155 3050 2350 3104; x_wconf 80' lang='lat' dir='ltr'><strong>diebus</strong></span> <span class='ocrx_word' id='word_1_457' title='bbox 2393 3063 2579 3102; x_wconf 89' lang='lat' dir='ltr'><strong>eorum</strong></span> <span class='ocrx_word' id='word_1_458' title='bbox 2604 3087 2617 3110; x_wconf 91' lang='lat'><strong>,</strong></span> <span class='ocrx_word' id='word_1_459' title='bbox 2652 3053 2706 3101; x_wconf 89' lang='lat' dir='ltr'><strong>et</strong></span> <span class='ocrx_word' id='word_1_460' title='bbox 2736 3054 2955 3101; x_wconf 74' lang='lat' dir='ltr'><strong>caetera.</strong></span> <span class='ocrx_word' id='word_1_461' title='bbox 2989 3042 3145 3098; x_wconf 90' lang='lat' dir='ltr'><strong>Nunc</strong></span> <span class='ocrx_word' id='word_1_462' title='bbox 3177 3048 3357 3096; x_wconf 86' lang='lat' dir='ltr'><strong>autem</strong></span> 
     </span>
    </p>
   </div>
   <div class='ocr_carea' id='block_1_63' title="bbox 1794 3133 3357 3211">
    <p class='ocr_par' dir='ltr' id='par_1_63' title="bbox 1794 3133 3357 3211">
     <span class='ocr_line' id='line_1_63' title="bbox 1794 3133 3357 3211; baseline -0.006 -17"><span class='ocrx_word' id='word_1_463' title='bbox 1794 3155 1895 3196; x_wconf 89' lang='lat' dir='ltr'><strong>nos</strong></span> <span class='ocrx_word' id='word_1_464' title='bbox 1927 3156 2268 3211; x_wconf 89' lang='lat' dir='ltr'><strong>nequaquam</strong></span> <span class='ocrx_word' id='word_1_465' title='bbox 2300 3140 2497 3195; x_wconf 86' lang='lat' dir='ltr'><strong>similia</strong></span> <span class='ocrx_word' id='word_1_466' title='bbox 2542 3139 2818 3201; x_wconf 83' lang='lat' dir='ltr'><strong>videmus,</strong></span> <span class='ocrx_word' id='word_1_467' title='bbox 2858 3136 2953 3192; x_wconf 90' lang='lat' dir='ltr'><strong>sed</strong></span> <span class='ocrx_word' id='word_1_468' title='bbox 2993 3136 3062 3190; x_wconf 90' lang='lat' dir='ltr'><strong>iis</strong></span> <span class='ocrx_word' id='word_1_469' title='bbox 3091 3133 3357 3204; x_wconf 86' lang='lat' dir='ltr'><strong>opposita.</strong></span> 
     </span>
    </p>
   </div>
   <div class='ocr_carea' id='block_1_64' title="bbox 1793 3226 3358 3304">
    <p class='ocr_par' dir='ltr' id='par_1_64' title="bbox 1793 3226 3358 3304">
     <span class='ocr_line' id='line_1_64' title="bbox 1793 3226 3358 3304; baseline -0.008 -15"><span class='ocrx_word' id='word_1_470' title='bbox 1793 3231 1874 3289; x_wconf 89' lang='lat' dir='ltr'><strong>Tu</strong></span> <span class='ocrx_word' id='word_1_471' title='bbox 1899 3249 2151 3304; x_wconf 89' lang='lat' dir='ltr'><strong>namque,</strong></span> <span class='ocrx_word' id='word_1_472' title='bbox 2176 3232 2340 3297; x_wconf 88' lang='lat' dir='ltr'><strong>Deus,</strong></span> <span class='ocrx_word' id='word_1_473' title='bbox 2366 3233 2456 3302; x_wconf 89' lang='lat' dir='ltr'><strong>qui</strong></span> <span class='ocrx_word' id='word_1_474' title='bbox 2482 3232 2609 3285; x_wconf 83' lang='lat' dir='ltr'><strong>olim</strong></span> <span class='ocrx_word' id='word_1_475' title='bbox 2643 3239 2824 3301; x_wconf 75' lang='lat' dir='ltr'><strong>patres</strong></span> <span class='ocrx_word' id='word_1_476' title='bbox 2850 3240 3068 3284; x_wconf 83' lang='lat' dir='ltr'><strong>nostros</strong></span> <span class='ocrx_word' id='word_1_477' title='bbox 3093 3226 3358 3292; x_wconf 87' lang='lat' dir='ltr'><strong>servasti,</strong></span> 
     </span>
    </p>
   </div>
   <div class='ocr_carea' id='block_1_65' title="bbox 1797 3317 3361 3396">
    <p class='ocr_par' dir='ltr' id='par_1_65' title="bbox 1797 3317 3361 3396">
     <span class='ocr_line' id='line_1_65' title="bbox 1797 3317 3361 3396; baseline -0.004 -17"><span class='ocrx_word' id='word_1_478' title='bbox 1797 3334 2018 3396; x_wconf 88' lang='lat' dir='ltr'><strong>propter</strong></span> <span class='ocrx_word' id='word_1_479' title='bbox 2057 3332 2280 3395; x_wconf 85' lang='lat' dir='ltr'><strong>peccata</strong></span> <span class='ocrx_word' id='word_1_480' title='bbox 2310 3331 2496 3378; x_wconf 84' lang='lat' dir='ltr'><strong>nostra</strong></span> <span class='ocrx_word' id='word_1_481' title='bbox 2529 3323 2776 3392; x_wconf 86' lang='lat' dir='ltr'><strong>rcpulisti</strong></span> <span class='ocrx_word' id='word_1_482' title='bbox 2804 3336 2937 3385; x_wconf 87' lang='lat' dir='ltr'><strong>nos,</strong></span> <span class='ocrx_word' id='word_1_483' title='bbox 2971 3335 3066 3374; x_wconf 88' lang='lat' dir='ltr'><strong>eos</strong></span> <span class='ocrx_word' id='word_1_484' title='bbox 3095 3317 3188 3389; x_wconf 89' lang='lat' dir='ltr'><strong>qui</strong></span> <span class='ocrx_word' id='word_1_485' title='bbox 3223 3317 3278 3372; x_wconf 88' lang='lat' dir='ltr'><strong>in</strong></span> <span class='ocrx_word' id='word_1_486' title='bbox 3306 3325 3361 3372; x_wconf 86' lang='lat' dir='ltr'><strong>te</strong></span> 
     </span>
    </p>
   </div>
   <div class='ocr_carea' id='block_1_66' title="bbox 163 3411 1701 3488">
    <p class='ocr_par' dir='ltr' id='par_1_66' title="bbox 163 3413 1694 3488">
     <span class='ocr_line' id='line_1_66' title="bbox 163 3413 1694 3488; baseline 0.005 -25"><span class='ocrx_word' id='word_1_487' title='bbox 163 3413 237 3464; x_wconf 78' lang='grc' dir='ltr'>ἐπὶ</span> <span class='ocrx_word' id='word_1_488' title='bbox 267 3416 340 3467; x_wconf 81' lang='grc' dir='ltr'><strong>σοὶ</strong></span> <span class='ocrx_word' id='word_1_489' title='bbox 380 3417 517 3486; x_wconf 80' lang='grc' dir='ltr'>μέγα</span> <span class='ocrx_word' id='word_1_490' title='bbox 569 3417 894 3488; x_wconf 78' lang='grc' dir='ltr'>φρονοῦντας</span> <span class='ocrx_word' id='word_1_491' title='bbox 915 3456 930 3482; x_wconf 87' lang='grc'><strong>,</strong></span> <span class='ocrx_word' id='word_1_492' title='bbox 965 3418 1058 3471; x_wconf 73' lang='grc' dir='ltr'><strong>καὶ</strong></span> <span class='ocrx_word' id='word_1_493' title='bbox 1102 3419 1160 3470; x_wconf 81' lang='grc' dir='ltr'><strong>ἐν</strong></span> <span class='ocrx_word' id='word_1_494' title='bbox 1199 3418 1280 3470; x_wconf 79' lang='grc' dir='ltr'><strong>σοὶ</strong></span> <span class='ocrx_word' id='word_1_495' title='bbox 1315 3419 1694 3488; x_wconf 80' lang='grc' dir='ltr'>καυχωμένους</span> 
     </span>
    </p>
   </div>
   <div class='ocr_carea' id='block_1_67' title="bbox 1804 3411 3362 3488">
    <p class='ocr_par' dir='ltr' id='par_1_67' title="bbox 1804 3411 3362 3488">
     <span class='ocr_line' id='line_1_67' title="bbox 1804 3411 3362 3488; baseline -0.006 -17"><span class='ocrx_word' id='word_1_496' title='bbox 1804 3417 1922 3471; x_wconf 86' lang='lat' dir='ltr'><strong>olim</strong></span> <span class='ocrx_word' id='word_1_497' title='bbox 1947 3416 2229 3488; x_wconf 83' lang='lat' dir='ltr'><strong>magniﬁce</strong></span> <span class='ocrx_word' id='word_1_498' title='bbox 2248 3416 2573 3472; x_wconf 88' lang='lat' dir='ltr'><strong>sentiebant.</strong></span> <span class='ocrx_word' id='word_1_499' title='bbox 2599 3423 2651 3470; x_wconf 89' lang='lat' dir='ltr'><strong>et</strong></span> <span class='ocrx_word' id='word_1_500' title='bbox 2671 3416 2726 3467; x_wconf 92' lang='lat' dir='ltr'><strong>in</strong></span> <span class='ocrx_word' id='word_1_501' title='bbox 2751 3421 2802 3467; x_wconf 90' lang='lat' dir='ltr'><strong>te</strong></span> <span class='ocrx_word' id='word_1_502' title='bbox 2824 3411 3215 3483; x_wconf 81' lang='lat' dir='ltr'><strong>gloriabantur,</strong></span> <span class='ocrx_word' id='word_1_503' title='bbox 3237 3425 3362 3463; x_wconf 81' lang='lat' dir='ltr'><strong>con-</strong></span> 
     </span>
    </p>
   </div>
   <div class='ocr_carea' id='block_1_68' title="bbox 164 3506 1696 3581">
    <p class='ocr_par' dir='ltr' id='par_1_68' title="bbox 164 3506 1696 3581">
     <span class='ocr_line' id='line_1_68' title="bbox 164 3506 1696 3581; baseline 0.004 -25"><span class='ocrx_word' id='word_1_504' title='bbox 164 3506 500 3579; x_wconf 74' lang='grc' dir='ltr'>κατῄσχυνας,</span> <span class='ocrx_word' id='word_1_505' title='bbox 566 3510 803 3580; x_wconf 87' lang='grc' dir='ltr'>ἐρήμους</span> <span class='ocrx_word' id='word_1_506' title='bbox 861 3509 1171 3565; x_wconf 74' lang='grc' dir='ltr'>καταλιπὼν</span> <span class='ocrx_word' id='word_1_507' title='bbox 1226 3511 1320 3562; x_wconf 75' lang='grc' dir='ltr'>καὶ</span> <span class='ocrx_word' id='word_1_508' title='bbox 1365 3509 1696 3581; x_wconf 82' lang='grc' dir='ltr'>ἀϐοηθήτους</span> 
     </span>
    </p>
   </div>
   <div class='ocr_carea' id='block_1_69' title="bbox 165 3596 1697 3673">
    <p class='ocr_par' dir='ltr' id='par_1_69' title="bbox 165 3596 1697 3673">
     <span class='ocr_line' id='line_1_69' title="bbox 165 3596 1697 3673; baseline -0.001 -18"><span class='ocrx_word' id='word_1_509' title='bbox 165 3596 210 3646; x_wconf 80' lang='grc' dir='ltr'>ὲν</span> <span class='ocrx_word' id='word_1_510' title='bbox 254 3601 312 3668; x_wconf 82' lang='grc' dir='ltr'>τῇ</span> <span class='ocrx_word' id='word_1_511' title='bbox 354 3600 486 3672; x_wconf 79' lang='grc' dir='ltr'>πρὸς</span> <span class='ocrx_word' id='word_1_512' title='bbox 540 3603 675 3665; x_wconf 76' lang='grc' dir='ltr'>τοὺς</span> <span class='ocrx_word' id='word_1_513' title='bbox 731 3601 1016 3673; x_wconf 82' lang='grc' dir='ltr'>πολεμίους</span> <span class='ocrx_word' id='word_1_514' title='bbox 1078 3601 1338 3673; x_wconf 76' lang='grc' dir='ltr'>συμϐολῇ.</span> <span class='ocrx_word' id='word_1_515' title='bbox 1407 3602 1538 3656; x_wconf 82' lang='grc' dir='ltr'>Οὐδὲ</span> <span class='ocrx_word' id='word_1_516' title='bbox 1591 3601 1697 3672; x_wconf 83' lang='grc' dir='ltr'><strong>γὰρ</strong></span> 
     </span>
    </p>
   </div>
   <div class='ocr_carea' id='block_1_70' title="bbox 165 3687 1698 3763">
    <p class='ocr_par' dir='ltr' id='par_1_70' title="bbox 165 3687 1698 3763">
     <span class='ocr_line' id='line_1_70' title="bbox 165 3687 1698 3763; baseline 0.005 -26"><span class='ocrx_word' id='word_1_517' title='bbox 165 3687 499 3757; x_wconf 81' lang='grc' dir='ltr'>συνεξῆλθες</span> <span class='ocrx_word' id='word_1_518' title='bbox 558 3690 686 3757; x_wconf 74' lang='grc' dir='ltr'>ταῖς</span> <span class='ocrx_word' id='word_1_519' title='bbox 729 3690 1060 3761; x_wconf 81' lang='grc' dir='ltr'>δυνάμεσιν</span> <span class='ocrx_word' id='word_1_520' title='bbox 1107 3689 1307 3760; x_wconf 76' lang='grc' dir='ltr'>ἡμῶν·</span> <span class='ocrx_word' id='word_1_521' title='bbox 1358 3690 1390 3763; x_wconf 76' lang='grc' dir='ltr'>ἢ</span> <span class='ocrx_word' id='word_1_522' title='bbox 1425 3691 1564 3745; x_wconf 77' lang='grc' dir='ltr'>κατὰ</span> <span class='ocrx_word' id='word_1_523' title='bbox 1607 3691 1698 3744; x_wconf 79' lang='grc' dir='ltr'><strong>τὸν</strong></span> 
     </span>
    </p>
   </div>
   <div class='ocr_carea' id='block_1_71' title="bbox 165 3778 1699 3852">
    <p class='ocr_par' dir='ltr' id='par_1_71' title="bbox 165 3778 1699 3852">
     <span class='ocr_line' id='line_1_71' title="bbox 165 3778 1699 3852; baseline 0.005 -24"><span class='ocrx_word' id='word_1_524' title='bbox 165 3778 438 3851; x_wconf 83' lang='grc' dir='ltr'>Σύμμαχον,</span> <span class='ocrx_word' id='word_1_525' title='bbox 466 3781 600 3848; x_wconf 72' lang='grc' dir='ltr'>τοῖς</span> <span class='ocrx_word' id='word_1_526' title='bbox 619 3784 1054 3852; x_wconf 79' lang='grc' dir='ltr'>στρατεύμασιν</span> <span class='ocrx_word' id='word_1_527' title='bbox 1078 3779 1259 3852; x_wconf 77' lang='grc' dir='ltr'>ἡμῶν.</span> <span class='ocrx_word' id='word_1_528' title='bbox 1294 3784 1405 3837; x_wconf 79' lang='grc' dir='ltr'><strong>Καὶ</strong></span> <span class='ocrx_word' id='word_1_529' title='bbox 1427 3783 1517 3837; x_wconf 72' lang='grc' dir='ltr'><strong>διὰ</strong></span> <span class='ocrx_word' id='word_1_530' title='bbox 1542 3783 1699 3836; x_wconf 77' lang='grc' dir='ltr'>τοῦτο</span> 
     </span>
    </p>
   </div>
   <div class='ocr_carea' id='block_1_72' title="bbox 164 3867 1698 3944">
    <p class='ocr_par' dir='ltr' id='par_1_72' title="bbox 164 3867 1698 3944">
     <span class='ocr_line' id='line_1_72' title="bbox 164 3867 1698 3944; baseline 0.006 -25"><span class='ocrx_word' id='word_1_531' title='bbox 164 3867 506 3940; x_wconf 73' lang='grc' dir='ltr'>ἀπέοτρεψας</span> <span class='ocrx_word' id='word_1_532' title='bbox 529 3871 693 3941; x_wconf 66' lang='grc' dir='ltr'>ἡμᾶς</span> <span class='ocrx_word' id='word_1_533' title='bbox 712 3875 796 3939; x_wconf 83' lang='grc' dir='ltr'><strong>εἰς</strong></span> <span class='ocrx_word' id='word_1_534' title='bbox 816 3875 886 3927; x_wconf 84' lang='grc' dir='ltr'>τὰ</span> <span class='ocrx_word' id='word_1_535' title='bbox 904 3874 1093 3927; x_wconf 84' lang='grc' dir='ltr'>ὀπίσω</span> <span class='ocrx_word' id='word_1_536' title='bbox 1117 3875 1274 3942; x_wconf 83' lang='grc' dir='ltr'>παρὰ</span> <span class='ocrx_word' id='word_1_537' title='bbox 1293 3874 1432 3940; x_wconf 87' lang='grc' dir='ltr'>τοὺς</span> <span class='ocrx_word' id='word_1_538' title='bbox 1451 3875 1698 3944; x_wconf 81' lang='grc' dir='ltr'>ἐχθροὺς</span> 
     </span>
    </p>
   </div>
   <div class='ocr_carea' id='block_1_73' title="bbox 168 3960 1700 4038">
    <p class='ocr_par' dir='ltr' id='par_1_73' title="bbox 168 3960 1700 4038">
     <span class='ocr_line' id='line_1_73' title="bbox 168 3960 1700 4038; baseline 0.001 -20"><span class='ocrx_word' id='word_1_539' title='bbox 168 3960 332 4029; x_wconf 76' lang='grc' dir='ltr'>ἡμῶν·</span> <span class='ocrx_word' id='word_1_540' title='bbox 351 3965 404 4030; x_wconf 79' lang='grc' dir='ltr'>ἢ,</span> <span class='ocrx_word' id='word_1_541' title='bbox 431 3963 582 4018; x_wconf 80' lang='grc' dir='ltr'>κατὰ</span> <span class='ocrx_word' id='word_1_542' title='bbox 603 3966 692 4018; x_wconf 83' lang='grc' dir='ltr'><strong>τὸν</strong></span> <span class='ocrx_word' id='word_1_543' title='bbox 720 3964 1012 4038; x_wconf 87' lang='grc' dir='ltr'>Σύμμαχον</span> <span class='ocrx_word' id='word_1_544' title='bbox 1031 3983 1045 3996; x_wconf 88' lang='grc'><strong>·</strong></span> <span class='ocrx_word' id='word_1_545' title='bbox 1073 3967 1330 4032; x_wconf 81' lang='grc' dir='ltr'>Ἕταξας</span> <span class='ocrx_word' id='word_1_546' title='bbox 1355 3963 1700 4036; x_wconf 74' lang='grc' dir='ltr'>ἡμᾶς-ἐσχά-</span> 
     </span>
    </p>
   </div>
   <div class='ocr_carea' id='block_1_74' title="bbox 164 4058 1698 4130">
    <p class='ocr_par' dir='ltr' id='par_1_74' title="bbox 164 4058 1698 4130">
     <span class='ocr_line' id='line_1_74' title="bbox 164 4058 1698 4130; baseline 0.005 -24"><span class='ocrx_word' id='word_1_547' title='bbox 164 4070 282 4122; x_wconf 83' lang='grc' dir='ltr'>τους</span> <span class='ocrx_word' id='word_1_548' title='bbox 308 4059 526 4126; x_wconf 84' lang='grc' dir='ltr'>παντός</span> <span class='ocrx_word' id='word_1_549' title='bbox 575 4059 886 4124; x_wconf 81' lang='grc' dir='ltr'>ἐναντίου,</span> <span class='ocrx_word' id='word_1_550' title='bbox 938 4059 1035 4114; x_wconf 80' lang='grc' dir='ltr'><strong>καὶ</strong></span> <span class='ocrx_word' id='word_1_551' title='bbox 1077 4063 1132 4115; x_wconf 76' lang='grc' dir='ltr'>οἱ</span> <span class='ocrx_word' id='word_1_552' title='bbox 1171 4061 1496 4130; x_wconf 83' lang='grc' dir='ltr'>μισοῦντες</span> <span class='ocrx_word' id='word_1_553' title='bbox 1542 4058 1698 4129; x_wconf 73' lang='grc' dir='ltr'>ἡμᾶς</span> 
     </span>
    </p>
   </div>
   <div class='ocr_carea' id='block_1_75' title="bbox 167 4145 1700 4222">
    <p class='ocr_par' dir='ltr' id='par_1_75' title="bbox 167 4145 1700 4222">
     <span class='ocr_line' id='line_1_75' title="bbox 167 4145 1700 4222; baseline 0.016 -25"><span class='ocrx_word' id='word_1_554' title='bbox 167 4145 559 4215; x_wconf 75' lang='grc' dir='ltr'>διαρπάζουσιν</span> <span class='ocrx_word' id='word_1_555' title='bbox 599 4152 853 4218; x_wconf 78' lang='grc' dir='ltr'>ἑαυτοῖς.</span> <span class='ocrx_word' id='word_1_556' title='bbox 880 4152 1150 4220; x_wconf 82' lang='grc' dir='ltr'>Ἕδωκας</span> <span class='ocrx_word' id='word_1_557' title='bbox 1179 4153 1335 4222; x_wconf 73' lang='grc' dir='ltr'>ἡμᾶς</span> <span class='ocrx_word' id='word_1_558' title='bbox 1364 4155 1442 4220; x_wconf 86' lang='grc' dir='ltr'>ὡς</span> <span class='ocrx_word' id='word_1_559' title='bbox 1467 4153 1700 4219; x_wconf 73' lang='grc' dir='ltr'><strong>,βοσκή-</strong></span> 
     </span>
    </p>
   </div>
   <div class='ocr_carea' id='block_1_76' title="bbox 163 4243 1695 4316">
    <p class='ocr_par' dir='ltr' id='par_1_76' title="bbox 163 4243 1695 4316">
     <span class='ocr_line' id='line_1_76' title="bbox 163 4243 1695 4316; baseline 0.016 -27"><span class='ocrx_word' id='word_1_560' title='bbox 163 4256 292 4307; x_wconf 83' lang='grc' dir='ltr'>ματα</span> <span class='ocrx_word' id='word_1_561' title='bbox 312 4243 612 4311; x_wconf 75' lang='grc' dir='ltr'>βρώσεως,</span> <span class='ocrx_word' id='word_1_562' title='bbox 647 4246 741 4299; x_wconf 78' lang='grc' dir='ltr'><strong>καὶ</strong></span> <span class='ocrx_word' id='word_1_563' title='bbox 768 4249 856 4311; x_wconf 81' lang='grc' dir='ltr'><strong>εἰς</strong></span> <span class='ocrx_word' id='word_1_564' title='bbox 886 4245 958 4300; x_wconf 83' lang='grc' dir='ltr'>τὰ</span> <span class='ocrx_word' id='word_1_565' title='bbox 980 4245 1123 4313; x_wconf 74' lang='grc' dir='ltr'>ἔθνη</span> <span class='ocrx_word' id='word_1_566' title='bbox 1150 4245 1483 4315; x_wconf 82' lang='grc' dir='ltr'>ἐλίκμησας</span> <span class='ocrx_word' id='word_1_567' title='bbox 1519 4243 1695 4316; x_wconf 77' lang='grc' dir='ltr'>ἡμᾶς·</span> 
     </span>
    </p>
   </div>
   <div class='ocr_carea' id='block_1_77' title="bbox 176 4330 1698 4407">
    <p class='ocr_par' dir='ltr' id='par_1_77' title="bbox 176 4330 1698 4407">
     <span class='ocr_line' id='line_1_77' title="bbox 176 4330 1698 4407; baseline 0.007 -25"><span class='ocrx_word' id='word_1_568' title='bbox 176 4330 382 4390; x_wconf 82' lang='grc' dir='ltr'>Ἁπέδου</span> <span class='ocrx_word' id='word_1_569' title='bbox 427 4338 533 4391; x_wconf 85' lang='grc' dir='ltr'>τὸν</span> <span class='ocrx_word' id='word_1_570' title='bbox 592 4340 748 4391; x_wconf 82' lang='grc' dir='ltr'>λαόν</span> <span class='ocrx_word' id='word_1_571' title='bbox 789 4354 906 4392; x_wconf 91' lang='grc' dir='ltr'><strong>σου</strong></span> <span class='ocrx_word' id='word_1_572' title='bbox 964 4340 1075 4407; x_wconf 85' lang='grc' dir='ltr'>οὐχ</span> <span class='ocrx_word' id='word_1_573' title='bbox 1110 4337 1437 4406; x_wconf 78' lang='grc' dir='ltr'>ὑπάρξεως,</span> <span class='ocrx_word' id='word_1_574' title='bbox 1480 4339 1578 4392; x_wconf 79' lang='grc' dir='ltr'>καὶ</span> <span class='ocrx_word' id='word_1_575' title='bbox 1627 4339 1698 4392; x_wconf 86' lang='grc' dir='ltr'>οὺ</span> 
     </span>
    </p>
   </div>
   <div class='ocr_carea' id='block_1_78' title="bbox 167 4423 1698 4498">
    <p class='ocr_par' dir='ltr' id='par_1_78' title="bbox 167 4423 1698 4498">
     <span class='ocr_line' id='line_1_78' title="bbox 167 4423 1698 4498; baseline 0.006 -24"><span class='ocrx_word' id='word_1_576' title='bbox 167 4423 376 4494; x_wconf 78' lang='grc' dir='ltr'>πολλὴν</span> <span class='ocrx_word' id='word_1_577' title='bbox 417 4427 715 4495; x_wconf 79' lang='grc' dir='ltr'>ἐποίησας</span> <span class='ocrx_word' id='word_1_578' title='bbox 755 4428 870 4497; x_wconf 77' lang='grc' dir='ltr'>τὴν</span> <span class='ocrx_word' id='word_1_579' title='bbox 901 4429 1080 4498; x_wconf 80' lang='grc' dir='ltr'>τιμὴν</span> <span class='ocrx_word' id='word_1_580' title='bbox 1121 4428 1348 4483; x_wconf 67' lang='grc' dir='ltr'>αὐτῶνθ</span> <span class='ocrx_word' id='word_1_581' title='bbox 1387 4433 1698 4498; x_wconf 83' lang='grc' dir='ltr'>προπηλα-</span> 
     </span>
    </p>
   </div>
   <div class='ocr_carea' id='block_1_79' title="bbox 166 4516 1695 4592">
    <p class='ocr_par' dir='ltr' id='par_1_79' title="bbox 166 4516 1695 4592">
     <span class='ocr_line' id='line_1_79' title="bbox 166 4516 1695 4592; baseline 0.009 -29"><span class='ocrx_word' id='word_1_582' title='bbox 166 4516 353 4582; x_wconf 76' lang='grc' dir='ltr'>κισμὸν</span> <span class='ocrx_word' id='word_1_583' title='bbox 424 4521 578 4588; x_wconf 82' lang='grc' dir='ltr'>μετὰ</span> <span class='ocrx_word' id='word_1_584' title='bbox 666 4520 1014 4591; x_wconf 76' lang='grc' dir='ltr'>χλευασμοῦ</span> <span class='ocrx_word' id='word_1_585' title='bbox 1084 4521 1208 4588; x_wconf 85' lang='grc' dir='ltr'>τοῖς</span> <span class='ocrx_word' id='word_1_586' title='bbox 1259 4522 1460 4585; x_wconf 84' lang='grc' dir='ltr'>κύκλῳ</span> <span class='ocrx_word' id='word_1_587' title='bbox 1511 4521 1695 4592; x_wconf 79' lang='grc' dir='ltr'>ήμῶν.</span> 
     </span>
    </p>
   </div>
   <div class='ocr_carea' id='block_1_80' title="bbox 176 4605 1698 4682">
    <p class='ocr_par' dir='ltr' id='par_1_80' title="bbox 176 4605 1698 4682">
     <span class='ocr_line' id='line_1_80' title="bbox 176 4605 1698 4682; baseline 0.007 -25"><span class='ocrx_word' id='word_1_588' title='bbox 176 4605 464 4678; x_wconf 79' lang='grc' dir='ltr'>Ἐποίησας</span> <span class='ocrx_word' id='word_1_589' title='bbox 502 4613 662 4681; x_wconf 79' lang='grc' dir='ltr'>ἡμας</span> <span class='ocrx_word' id='word_1_590' title='bbox 694 4613 1041 4682; x_wconf 81' lang='grc' dir='ltr'>παραϐολὴν</span> <span class='ocrx_word' id='word_1_591' title='bbox 1076 4614 1146 4667; x_wconf 87' lang='grc' dir='ltr'><strong>ἐν</strong></span> <span class='ocrx_word' id='word_1_592' title='bbox 1185 4613 1308 4679; x_wconf 83' lang='grc' dir='ltr'>τοῖς</span> <span class='ocrx_word' id='word_1_593' title='bbox 1347 4614 1576 4676; x_wconf 76' lang='grc' dir='ltr'>ἔθνεσι,</span> <span class='ocrx_word' id='word_1_594' title='bbox 1611 4615 1698 4667; x_wconf 81' lang='grc' dir='ltr'>κί-</span> 
     </span>
    </p>
   </div>
   <div class='ocr_carea' id='block_1_81' title="bbox 1802 3501 3361 3578">
    <p class='ocr_par' dir='ltr' id='par_1_81' title="bbox 1802 3501 3361 3578">
     <span class='ocr_line' id='line_1_81' title="bbox 1802 3501 3361 3578; baseline -0.006 -15"><span class='ocrx_word' id='word_1_595' title='bbox 1802 3508 2011 3572; x_wconf 77' lang='lat' dir='ltr'><strong>fudisti,</strong></span> <span class='ocrx_word' id='word_1_596' title='bbox 2039 3516 2199 3578; x_wconf 87' lang='lat' dir='ltr'><strong>atque</strong></span> <span class='ocrx_word' id='word_1_597' title='bbox 2224 3508 2278 3562; x_wconf 92' lang='lat' dir='ltr'><strong>in</strong></span> <span class='ocrx_word' id='word_1_598' title='bbox 2301 3523 2599 3578; x_wconf 77' lang='lat' dir='ltr'><strong>congressu</strong></span> <span class='ocrx_word' id='word_1_599' title='bbox 2625 3521 2747 3560; x_wconf 87' lang='lat' dir='ltr'><strong>cum</strong></span> <span class='ocrx_word' id='word_1_600' title='bbox 2778 3504 3014 3559; x_wconf 90' lang='lat' dir='ltr'><strong>inimicis</strong></span> <span class='ocrx_word' id='word_1_601' title='bbox 3037 3501 3280 3558; x_wconf 88' lang='lat' dir='ltr'><strong>desertos</strong></span> <span class='ocrx_word' id='word_1_602' title='bbox 3306 3508 3361 3554; x_wconf 87' lang='lat' dir='ltr'><strong>et</strong></span> 
     </span>
    </p>
   </div>
   <div class='ocr_carea' id='block_1_82' title="bbox 1797 3599 3358 3669">
    <p class='ocr_par' dir='ltr' id='par_1_82' title="bbox 1797 3599 3358 3669">
     <span class='ocr_line' id='line_1_82' title="bbox 1797 3599 3358 3669; baseline -0.006 -14"><span class='ocrx_word' id='word_1_603' title='bbox 1797 3617 1899 3669; x_wconf 92' lang='lat' dir='ltr'><strong>ope</strong></span> <span class='ocrx_word' id='word_1_604' title='bbox 1938 3617 2140 3657; x_wconf 89' lang='lat' dir='ltr'><strong>vacuos</strong></span> <span class='ocrx_word' id='word_1_605' title='bbox 2181 3600 2458 3655; x_wconf 87' lang='lat' dir='ltr'><strong>dimisisti.</strong></span> <span class='ocrx_word' id='word_1_606' title='bbox 2489 3600 2673 3669; x_wconf 85' lang='lat' dir='ltr'><strong>Neque</strong></span> <span class='ocrx_word' id='word_1_607' title='bbox 2710 3599 2854 3652; x_wconf 91' lang='lat' dir='ltr'><strong>enim</strong></span> <span class='ocrx_word' id='word_1_608' title='bbox 2883 3611 3118 3668; x_wconf 85' lang='lat' dir='ltr'><strong>egressus</strong></span> <span class='ocrx_word' id='word_1_609' title='bbox 3150 3611 3204 3648; x_wconf 85' lang='lat' dir='ltr'><strong>es</strong></span> <span class='ocrx_word' id='word_1_610' title='bbox 3240 3609 3358 3647; x_wconf 86' lang='lat' dir='ltr'><strong>cum</strong></span> 
     </span>
    </p>
   </div>
   <div class='ocr_carea' id='block_1_83' title="bbox 1797 3686 3358 3758">
    <p class='ocr_par' dir='ltr' id='par_1_83' title="bbox 1797 3686 3358 3758">
     <span class='ocr_line' id='line_1_83' title="bbox 1797 3686 3358 3758; baseline -0.006 -12"><span class='ocrx_word' id='word_1_611' title='bbox 1797 3692 2074 3746; x_wconf 82' lang='lat' dir='ltr'><strong>virtutibus</strong></span> <span class='ocrx_word' id='word_1_612' title='bbox 2096 3692 2313 3753; x_wconf 82' lang='lat' dir='ltr'><strong>nostris,</strong></span> <span class='ocrx_word' id='word_1_613' title='bbox 2331 3692 2465 3753; x_wconf 88' lang='lat' dir='ltr'><strong>sive,</strong></span> <span class='ocrx_word' id='word_1_614' title='bbox 2489 3690 2786 3746; x_wconf 90' lang='lat' dir='ltr'><strong>secundum</strong></span> <span class='ocrx_word' id='word_1_615' title='bbox 2816 3686 3221 3758; x_wconf 87' lang='lat' dir='ltr'><strong>Symmachum,</strong></span> <span class='ocrx_word' id='word_1_616' title='bbox 3240 3701 3358 3738; x_wconf 84' lang='lat' dir='ltr'><strong>cum</strong></span> 
     </span>
    </p>
   </div>
   <div class='ocr_carea' id='block_1_84' title="bbox 1796 3779 3357 3850">
    <p class='ocr_par' dir='ltr' id='par_1_84' title="bbox 1796 3779 3357 3850">
     <span class='ocr_line' id='line_1_84' title="bbox 1796 3779 3357 3850; baseline -0.006 -14"><span class='ocrx_word' id='word_1_617' title='bbox 1796 3784 2110 3836; x_wconf 76' lang='lat' dir='ltr'><strong>exercitibus</strong></span> <span class='ocrx_word' id='word_1_618' title='bbox 2144 3783 2360 3836; x_wconf 84' lang='lat' dir='ltr'><strong>nostris.</strong></span> <span class='ocrx_word' id='word_1_619' title='bbox 2398 3780 2630 3850; x_wconf 87' lang='lat' dir='ltr'><strong>Ideoque</strong></span> <span class='ocrx_word' id='word_1_620' title='bbox 2673 3779 2910 3833; x_wconf 82' lang='lat' dir='ltr'><strong>avertisti</strong></span> <span class='ocrx_word' id='word_1_621' title='bbox 2952 3794 3044 3831; x_wconf 88' lang='lat' dir='ltr'><strong>nos</strong></span> <span class='ocrx_word' id='word_1_622' title='bbox 3071 3787 3357 3830; x_wconf 83' lang='lat' dir='ltr'><strong>retrorsum</strong></span> 
     </span>
    </p>
   </div>
   <div class='ocr_carea' id='block_1_85' title="bbox 1796 3867 3358 3942">
    <p class='ocr_par' dir='ltr' id='par_1_85' title="bbox 1796 3867 3358 3942">
     <span class='ocr_line' id='line_1_85' title="bbox 1796 3867 3358 3942; baseline -0.003 -16"><span class='ocrx_word' id='word_1_623' title='bbox 1796 3884 1910 3942; x_wconf 88' lang='lat' dir='ltr'><strong>post</strong></span> <span class='ocrx_word' id='word_1_624' title='bbox 1937 3874 2174 3928; x_wconf 83' lang='lat' dir='ltr'><strong>inimicos</strong></span> <span class='ocrx_word' id='word_1_625' title='bbox 2197 3882 2443 3935; x_wconf 83' lang='lat' dir='ltr'><strong>nostros;</strong></span> <span class='ocrx_word' id='word_1_626' title='bbox 2465 3873 2585 3937; x_wconf 89' lang='lat' dir='ltr'><strong>vel,</strong></span> <span class='ocrx_word' id='word_1_627' title='bbox 2613 3871 2908 3926; x_wconf 88' lang='lat' dir='ltr'><strong>secundum</strong></span> <span class='ocrx_word' id='word_1_628' title='bbox 2934 3867 3316 3940; x_wconf 84' lang='lat' dir='ltr'><strong>Symmachum</strong></span> <span class='ocrx_word' id='word_1_629' title='bbox 3341 3885 3358 3922; x_wconf 88' lang='lat'><strong>:</strong></span> 
     </span>
    </p>
   </div>
   <div class='ocr_carea' id='block_1_86' title="bbox 1802 3961 3360 4030">
    <p class='ocr_par' dir='ltr' id='par_1_86' title="bbox 1802 3961 3360 4030">
     <span class='ocr_line' id='line_1_86' title="bbox 1802 3961 3360 4030; baseline -0.005 -8"><span class='ocrx_word' id='word_1_630' title='bbox 1802 3964 2078 4022; x_wconf 86' lang='lat' dir='ltr'><strong>Ordinasti</strong></span> <span class='ocrx_word' id='word_1_631' title='bbox 2104 3981 2196 4019; x_wconf 86' lang='lat' dir='ltr'><strong>nos</strong></span> <span class='ocrx_word' id='word_1_632' title='bbox 2225 3965 2439 4018; x_wconf 83' lang='lat' dir='ltr'><strong>ultimos</strong></span> <span class='ocrx_word' id='word_1_633' title='bbox 2465 3964 2694 4018; x_wconf 87' lang='lat' dir='ltr'><strong>omnium</strong></span> <span class='ocrx_word' id='word_1_634' title='bbox 2721 3961 3143 4016; x_wconf 87' lang='lat' dir='ltr'><strong>adversariorum</strong></span> <span class='ocrx_word' id='word_1_635' title='bbox 3160 4000 3175 4025; x_wconf 91' lang='lat'><strong>,</strong></span> <span class='ocrx_word' id='word_1_636' title='bbox 3201 3970 3248 4015; x_wconf 89' lang='lat' dir='ltr'><strong>et</strong></span> <span class='ocrx_word' id='word_1_637' title='bbox 3271 3963 3360 4030; x_wconf 86' lang='lat' dir='ltr'><strong>qui</strong></span> 
     </span>
    </p>
   </div>
   <div class='ocr_carea' id='block_1_87' title="bbox 1799 4053 3351 4126">
    <p class='ocr_par' dir='ltr' id='par_1_87' title="bbox 1799 4053 3351 4126">
     <span class='ocr_line' id='line_1_87' title="bbox 1799 4053 3351 4126; baseline -0.005 -12"><span class='ocrx_word' id='word_1_638' title='bbox 1799 4061 2018 4114; x_wconf 88' lang='lat' dir='ltr'><strong>oderunt</strong></span> <span class='ocrx_word' id='word_1_639' title='bbox 2045 4074 2161 4124; x_wconf 86' lang='lat' dir='ltr'><strong>nos,</strong></span> <span class='ocrx_word' id='word_1_640' title='bbox 2183 4058 2435 4126; x_wconf 85' lang='lat' dir='ltr'><strong>diripiunt</strong></span> <span class='ocrx_word' id='word_1_641' title='bbox 2462 4055 2583 4110; x_wconf 86' lang='lat' dir='ltr'><strong>sibi.</strong></span> <span class='ocrx_word' id='word_1_642' title='bbox 2614 4053 2815 4108; x_wconf 86' lang='lat' dir='ltr'><strong>Dedisti</strong></span> <span class='ocrx_word' id='word_1_643' title='bbox 2837 4070 2929 4108; x_wconf 85' lang='lat' dir='ltr'><strong>nos</strong></span> <span class='ocrx_word' id='word_1_644' title='bbox 2943 4062 2998 4107; x_wconf 90' lang='lat' dir='ltr'><strong>ut</strong></span> <span class='ocrx_word' id='word_1_645' title='bbox 3032 4068 3183 4122; x_wconf 85' lang='lat' dir='ltr'><strong>pecus</strong></span> <span class='ocrx_word' id='word_1_646' title='bbox 3213 4053 3351 4123; x_wconf 86' lang='lat' dir='ltr'><strong>quod</strong></span> 
     </span>
    </p>
   </div>
   <div class='ocr_carea' id='block_1_88' title="bbox 1799 4145 3362 4220">
    <p class='ocr_par' dir='ltr' id='par_1_88' title="bbox 1799 4145 3362 4220">
     <span class='ocr_line' id='line_1_88' title="bbox 1799 4145 3362 4220; baseline -0.003 -17"><span class='ocrx_word' id='word_1_647' title='bbox 1799 4149 2105 4215; x_wconf 83' lang='lat' dir='ltr'><strong>comeditur,</strong></span> <span class='ocrx_word' id='word_1_648' title='bbox 2124 4158 2173 4203; x_wconf 90' lang='lat' dir='ltr'><strong>et</strong></span> <span class='ocrx_word' id='word_1_649' title='bbox 2193 4152 2243 4204; x_wconf 86' lang='lat' dir='ltr'><strong>in</strong></span> <span class='ocrx_word' id='word_1_650' title='bbox 2265 4159 2436 4220; x_wconf 87' lang='lat' dir='ltr'><strong>gentes</strong></span> <span class='ocrx_word' id='word_1_651' title='bbox 2458 4149 2722 4203; x_wconf 80' lang='lat' dir='ltr'><strong>uentilasli</strong></span> <span class='ocrx_word' id='word_1_652' title='bbox 2752 4163 2866 4202; x_wconf 85' lang='lat' dir='ltr'><strong>nos.</strong></span> <span class='ocrx_word' id='word_1_653' title='bbox 2887 4145 3178 4200; x_wconf 85' lang='lat' dir='ltr'><strong>Tradidisti</strong></span> <span class='ocrx_word' id='word_1_654' title='bbox 3199 4161 3362 4215; x_wconf 70' lang='lat' dir='ltr'><strong>popuo</strong></span> 
     </span>
    </p>
   </div>
   <div class='ocr_carea' id='block_1_89' title="bbox 1801 4236 3362 4306">
    <p class='ocr_par' dir='ltr' id='par_1_89' title="bbox 1801 4236 3362 4306">
     <span class='ocr_line' id='line_1_89' title="bbox 1801 4236 3362 4306; baseline -0.004 -12"><span class='ocrx_word' id='word_1_655' title='bbox 1801 4241 1909 4294; x_wconf 86' lang='lat' dir='ltr'><strong>lum</strong></span> <span class='ocrx_word' id='word_1_656' title='bbox 1936 4249 2084 4293; x_wconf 86' lang='lat' dir='ltr'><strong>tuum</strong></span> <span class='ocrx_word' id='word_1_657' title='bbox 2107 4241 2220 4293; x_wconf 83' lang='lat' dir='ltr'><strong>sine</strong></span> <span class='ocrx_word' id='word_1_658' title='bbox 2243 4240 2560 4303; x_wconf 82' lang='lat' dir='ltr'><strong>substantia,</strong></span> <span class='ocrx_word' id='word_1_659' title='bbox 2585 4255 2674 4292; x_wconf 88' lang='lat' dir='ltr'><strong>nec</strong></span> <span class='ocrx_word' id='word_1_660' title='bbox 2696 4238 2919 4290; x_wconf 83' lang='lat' dir='ltr'><strong>multum</strong></span> <span class='ocrx_word' id='word_1_661' title='bbox 2946 4236 3117 4306; x_wconf 79' lang='lat' dir='ltr'><strong>fecisti</strong></span> <span class='ocrx_word' id='word_1_662' title='bbox 3137 4238 3362 4306; x_wconf 85' lang='lat' dir='ltr'><strong>pretium</strong></span> 
     </span>
    </p>
   </div>
   <div class='ocr_carea' id='block_1_90' title="bbox 1799 4329 3362 4402">
    <p class='ocr_par' dir='ltr' id='par_1_90' title="bbox 1799 4329 3362 4402">
     <span class='ocr_line' id='line_1_90' title="bbox 1799 4329 3362 4402; baseline -0.002 -15"><span class='ocrx_word' id='word_1_663' title='bbox 1799 4350 1980 4388; x_wconf 85' lang='lat' dir='ltr'><strong>eorum</strong></span> <span class='ocrx_word' id='word_1_664' title='bbox 2003 4347 2023 4385; x_wconf 92' lang='lat'><strong><em>:</em></strong></span> <span class='ocrx_word' id='word_1_665' title='bbox 2052 4332 2388 4402; x_wconf 82' lang='lat' dir='ltr'><strong>opprobrium</strong></span> <span class='ocrx_word' id='word_1_666' title='bbox 2424 4348 2536 4387; x_wconf 88' lang='lat' dir='ltr'><strong>cum</strong></span> <span class='ocrx_word' id='word_1_667' title='bbox 2573 4331 2817 4385; x_wconf 83' lang='lat' dir='ltr'><strong>irrisione</strong></span> <span class='ocrx_word' id='word_1_668' title='bbox 2840 4330 2906 4383; x_wconf 85' lang='lat' dir='ltr'><strong>iis</strong></span> <span class='ocrx_word' id='word_1_669' title='bbox 2934 4329 3022 4400; x_wconf 84' lang='lat' dir='ltr'><strong>qui</strong></span> <span class='ocrx_word' id='word_1_670' title='bbox 3042 4329 3240 4383; x_wconf 84' lang='lat' dir='ltr'><strong>circum</strong></span> <span class='ocrx_word' id='word_1_671' title='bbox 3269 4346 3362 4384; x_wconf 81' lang='lat' dir='ltr'><strong>nos</strong></span> 
     </span>
    </p>
   </div>
   <div class='ocr_carea' id='block_1_91' title="bbox 1799 4420 3363 4492">
    <p class='ocr_par' dir='ltr' id='par_1_91' title="bbox 1799 4420 3363 4492">
     <span class='ocr_line' id='line_1_91' title="bbox 1799 4420 3363 4492; baseline -0.005 -12"><span class='ocrx_word' id='word_1_672' title='bbox 1799 4433 1941 4480; x_wconf 68' lang='lat' dir='ltr'><strong>Sunt.</strong></span> <span class='ocrx_word' id='word_1_673' title='bbox 1977 4422 2174 4478; x_wconf 84' lang='lat' dir='ltr'><strong>Fecisti</strong></span> <span class='ocrx_word' id='word_1_674' title='bbox 2203 4441 2296 4478; x_wconf 85' lang='lat' dir='ltr'><strong>nos</strong></span> <span class='ocrx_word' id='word_1_675' title='bbox 2328 4423 2641 4492; x_wconf 83' lang='lat' dir='ltr'><strong>parabolam</strong></span> <span class='ocrx_word' id='word_1_676' title='bbox 2662 4424 2716 4475; x_wconf 88' lang='lat' dir='ltr'><strong>in</strong></span> <span class='ocrx_word' id='word_1_677' title='bbox 2745 4420 2982 4492; x_wconf 85' lang='lat' dir='ltr'><strong>gentibus</strong></span> <span class='ocrx_word' id='word_1_678' title='bbox 3002 4461 3018 4485; x_wconf 94' lang='lat'><strong>,</strong></span> <span class='ocrx_word' id='word_1_679' title='bbox 3055 4421 3363 4474; x_wconf 86' lang='lat' dir='ltr'><strong>commotio-</strong></span> 
     </span>
    </p>
   </div>
   <div class='ocr_carea' id='block_1_92' title="bbox 1801 4511 3362 4586">
    <p class='ocr_par' dir='ltr' id='par_1_92' title="bbox 1801 4511 3362 4586">
     <span class='ocr_line' id='line_1_92' title="bbox 1801 4511 3362 4586; baseline -0.004 -15"><span class='ocrx_word' id='word_1_680' title='bbox 1801 4533 1914 4571; x_wconf 88' lang='lat' dir='ltr'><strong>nem</strong></span> <span class='ocrx_word' id='word_1_681' title='bbox 1943 4517 2133 4586; x_wconf 84' lang='lat' dir='ltr'><strong>capitis</strong></span> <span class='ocrx_word' id='word_1_682' title='bbox 2157 4517 2212 4569; x_wconf 88' lang='lat' dir='ltr'><strong>in</strong></span> <span class='ocrx_word' id='word_1_683' title='bbox 2240 4515 2496 4570; x_wconf 81' lang='lat' dir='ltr'><strong>tribubus.</strong></span> <span class='ocrx_word' id='word_1_684' title='bbox 2539 4513 2640 4568; x_wconf 86' lang='lat' dir='ltr'><strong>Per</strong></span> <span class='ocrx_word' id='word_1_685' title='bbox 2671 4523 2834 4568; x_wconf 90' lang='lat' dir='ltr'><strong>totum</strong></span> <span class='ocrx_word' id='word_1_686' title='bbox 2863 4513 2998 4567; x_wconf 88' lang='lat' dir='ltr'><strong>diem</strong></span> <span class='ocrx_word' id='word_1_687' title='bbox 3029 4511 3362 4582; x_wconf 86' lang='lat' dir='ltr'><strong>opprobrium</strong></span> 
     </span>
    </p>
   </div>
   <div class='ocr_carea' id='block_1_93' title="bbox 1802 4603 3363 4676">
    <p class='ocr_par' dir='ltr' id='par_1_93' title="bbox 1802 4603 3363 4676">
     <span class='ocr_line' id='line_1_93' title="bbox 1802 4603 3363 4676; baseline -0.004 -14"><span class='ocrx_word' id='word_1_688' title='bbox 1802 4625 1975 4663; x_wconf 86' lang='lat' dir='ltr'><strong>meum</strong></span> <span class='ocrx_word' id='word_1_689' title='bbox 2024 4618 2212 4662; x_wconf 88' lang='lat' dir='ltr'><strong>contra</strong></span> <span class='ocrx_word' id='word_1_690' title='bbox 2253 4624 2333 4662; x_wconf 93' lang='lat' dir='ltr'><strong>me</strong></span> <span class='ocrx_word' id='word_1_691' title='bbox 2379 4619 2494 4669; x_wconf 88' lang='lat' dir='ltr'><strong>est,</strong></span> <span class='ocrx_word' id='word_1_692' title='bbox 2540 4616 2589 4660; x_wconf 88' lang='lat' dir='ltr'><strong>et</strong></span> <span class='ocrx_word' id='word_1_693' title='bbox 2633 4605 2804 4676; x_wconf 88' lang='lat' dir='ltr'><strong>pudor</strong></span> <span class='ocrx_word' id='word_1_694' title='bbox 2848 4603 3019 4658; x_wconf 80' lang='lat' dir='ltr'><strong>vultus</strong></span> <span class='ocrx_word' id='word_1_695' title='bbox 3061 4603 3161 4657; x_wconf 89' lang='lat' dir='ltr'><strong>mei</strong></span> <span class='ocrx_word' id='word_1_696' title='bbox 3199 4603 3363 4672; x_wconf 87' lang='lat' dir='ltr'><strong>operit</strong></span> 
     </span>
    </p>
   </div>
   <div class='ocr_carea' id='block_1_94' title="bbox 166 4694 1701 4776">
    <p class='ocr_par' dir='ltr' id='par_1_94' title="bbox 166 4703 1701 4776">
     <span class='ocr_line' id='line_1_94' title="bbox 166 4703 1701 4776; baseline 0.007 -25"><span class='ocrx_word' id='word_1_697' title='bbox 166 4712 320 4763; x_wconf 71' lang='lat' dir='ltr'><strong>matr</strong></span> <span class='ocrx_word' id='word_1_698' title='bbox 345 4703 613 4771; x_wconf 66' lang='grc' dir='ltr'>κεφαλῆς</span> <span class='ocrx_word' id='word_1_699' title='bbox 644 4706 713 4758; x_wconf 89' lang='grc' dir='ltr'><strong>ἐν</strong></span> <span class='ocrx_word' id='word_1_700' title='bbox 744 4706 873 4770; x_wconf 83' lang='grc' dir='ltr'>ταῖς</span> <span class='ocrx_word' id='word_1_701' title='bbox 909 4705 1149 4776; x_wconf 67' lang='grc' dir='ltr'>φυλαῖς.</span> <span class='ocrx_word' id='word_1_702' title='bbox 1189 4706 1268 4759; x_wconf 87' lang='grc' dir='ltr'><strong>Δι’</strong></span> <span class='ocrx_word' id='word_1_703' title='bbox 1308 4706 1455 4774; x_wconf 85' lang='grc' dir='ltr'>ὅλης</span> <span class='ocrx_word' id='word_1_704' title='bbox 1480 4707 1701 4776; x_wconf 71' lang='grc' dir='ltr'>ἡμέρας</span> 
     </span>
    </p>
   </div>
   <div class='ocr_carea' id='block_1_95' title="bbox 1804 4694 3362 4776">
    <p class='ocr_par' dir='ltr' id='par_1_95' title="bbox 1804 4694 3362 4769">
     <span class='ocr_line' id='line_1_95' title="bbox 1804 4694 3362 4769; baseline -0.005 -11"><span class='ocrx_word' id='word_1_705' title='bbox 1804 4720 1883 4758; x_wconf 88' lang='lat' dir='ltr'><strong>me</strong></span> <span class='ocrx_word' id='word_1_706' title='bbox 1907 4742 1921 4766; x_wconf 92' lang='lat'><strong>,</strong></span> <span class='ocrx_word' id='word_1_707' title='bbox 1956 4718 1988 4754; x_wconf 90' lang='lat' dir='ltr'><strong>a</strong></span> <span class='ocrx_word' id='word_1_708' title='bbox 2021 4717 2138 4756; x_wconf 78' lang='lat' dir='ltr'><strong>voce</strong></span> <span class='ocrx_word' id='word_1_709' title='bbox 2196 4700 2564 4769; x_wconf 77' lang='lat' dir='ltr'><strong>exprobrantis</strong></span> <span class='ocrx_word' id='word_1_710' title='bbox 2597 4708 2645 4753; x_wconf 90' lang='lat' dir='ltr'><strong>et</strong></span> <span class='ocrx_word' id='word_1_711' title='bbox 2679 4697 3083 4767; x_wconf 80' lang='lat' dir='ltr'><strong>blasphemantis</strong></span> <span class='ocrx_word' id='word_1_712' title='bbox 3111 4735 3124 4760; x_wconf 92' lang='lat'><strong>,</strong></span> <span class='ocrx_word' id='word_1_713' title='bbox 3161 4712 3194 4748; x_wconf 90' lang='lat' dir='ltr'><strong>a</strong></span> <span class='ocrx_word' id='word_1_714' title='bbox 3228 4694 3362 4764; x_wconf 83' lang='lat' dir='ltr'><strong>facie</strong></span> 
     </span>
    </p>
   </div>
   <div class='ocr_carea' id='block_1_96' title="bbox 167 4789 1702 4867">
    <p class='ocr_par' dir='ltr' id='par_1_96' title="bbox 167 4789 1702 4867">
     <span class='ocr_line' id='line_1_96' title="bbox 167 4789 1702 4867; baseline -0.002 -13"><span class='ocrx_word' id='word_1_715' title='bbox 167 4789 626 4864; x_wconf 72' lang='grc' dir='ltr'>ἥάσχημόνησίς</span> <span class='ocrx_word' id='word_1_716' title='bbox 661 4815 778 4867; x_wconf 87' lang='grc' dir='ltr'><strong>μου</strong></span> <span class='ocrx_word' id='word_1_717' title='bbox 819 4798 1094 4867; x_wconf 81' lang='grc' dir='ltr'>ἄντικρύς</span> <span class='ocrx_word' id='word_1_718' title='bbox 1133 4816 1272 4867; x_wconf 83' lang='grc' dir='ltr'>μου,</span> <span class='ocrx_word' id='word_1_719' title='bbox 1307 4799 1403 4852; x_wconf 80' lang='grc' dir='ltr'>καὶ</span> <span class='ocrx_word' id='word_1_720' title='bbox 1435 4802 1467 4852; x_wconf 86' lang='grc' dir='ltr'><strong>ό</strong></span> <span class='ocrx_word' id='word_1_721' title='bbox 1506 4815 1702 4852; x_wconf 84' lang='grc' dir='ltr'>καται-</span> 
     </span>
    </p>
   </div>
   <div class='ocr_carea' id='block_1_97' title="bbox 167 4888 1702 4961">
    <p class='ocr_par' dir='ltr' id='par_1_97' title="bbox 167 4888 1702 4961">
     <span class='ocr_line' id='line_1_97' title="bbox 167 4888 1702 4961; baseline 0.003 -22"><span class='ocrx_word' id='word_1_722' title='bbox 167 4888 414 4954; x_wconf 80' lang='grc' dir='ltr'>σχυμμὸς</span> <span class='ocrx_word' id='word_1_723' title='bbox 457 4889 566 4943; x_wconf 89' lang='grc' dir='ltr'><strong>τοῦ</strong></span> <span class='ocrx_word' id='word_1_724' title='bbox 607 4889 929 4957; x_wconf 85' lang='grc' dir='ltr'>προσώπου</span> <span class='ocrx_word' id='word_1_725' title='bbox 965 4909 1086 4960; x_wconf 84' lang='grc' dir='ltr'><strong>μου</strong></span> <span class='ocrx_word' id='word_1_726' title='bbox 1141 4892 1430 4945; x_wconf 81' lang='grc' dir='ltr'>καλύπτει</span> <span class='ocrx_word' id='word_1_727' title='bbox 1474 4908 1551 4961; x_wconf 81' lang='grc' dir='ltr'>με</span> <span class='ocrx_word' id='word_1_728' title='bbox 1583 4891 1702 4945; x_wconf 85' lang='grc' dir='ltr'><strong>ἀπὸ</strong></span> 
     </span>
    </p>
   </div>
   <div class='ocr_carea' id='block_1_98' title="bbox 167 4973 1704 5051">
    <p class='ocr_par' dir='ltr' id='par_1_98' title="bbox 167 4973 1704 5051">
     <span class='ocr_line' id='line_1_98' title="bbox 167 4973 1704 5051; baseline 0 -16"><span class='ocrx_word' id='word_1_729' title='bbox 167 4973 344 5041; x_wconf 63' lang='grc' dir='ltr'><em>φωνῆς</em></span> <span class='ocrx_word' id='word_1_730' title='bbox 385 4977 772 5046; x_wconf 71' lang='grc' dir='ltr'>ὀνειδίζοντος</span> <span class='ocrx_word' id='word_1_731' title='bbox 831 4980 927 5034; x_wconf 80' lang='grc' dir='ltr'>καὶ</span> <span class='ocrx_word' id='word_1_732' title='bbox 983 4981 1530 5051; x_wconf 62' lang='grc' dir='ltr'>βλασφημοῦντος,</span> <span class='ocrx_word' id='word_1_733' title='bbox 1586 4981 1704 5036; x_wconf 87' lang='grc' dir='ltr'><strong>ἀπὸ</strong></span> 
     </span>
    </p>
   </div>
   <div class='ocr_carea' id='block_1_99' title="bbox 168 5063 1708 5142">
    <p class='ocr_par' dir='ltr' id='par_1_99' title="bbox 168 5063 1708 5142">
     <span class='ocr_line' id='line_1_99' title="bbox 168 5063 1708 5142; baseline 0.007 -27"><span class='ocrx_word' id='word_1_734' title='bbox 168 5063 458 5125; x_wconf 76' lang='grc' dir='ltr'>προσώπου</span> <span class='ocrx_word' id='word_1_735' title='bbox 499 5069 714 5137; x_wconf 77' lang='grc' dir='ltr'>ἐχθροῦ</span> <span class='ocrx_word' id='word_1_736' title='bbox 765 5071 864 5124; x_wconf 77' lang='grc' dir='ltr'><strong>καὶ</strong></span> <span class='ocrx_word' id='word_1_737' title='bbox 911 5073 1303 5142; x_wconf 82' lang='grc' dir='ltr'>τιμωροῦντος</span> <span class='ocrx_word' id='word_1_738' title='bbox 1351 5073 1558 5138; x_wconf 82' lang='grc' dir='ltr'>ἐαυτῷ.</span> <span class='ocrx_word' id='word_1_739' title='bbox 1607 5075 1708 5126; x_wconf 80' lang='grc' dir='ltr'><strong>Το-</strong></span> 
     </span>
    </p>
   </div>
   <div class='ocr_carea' id='block_1_100' title="bbox 170 5151 1706 5236">
    <p class='ocr_par' dir='ltr' id='par_1_100' title="bbox 170 5151 1706 5236">
     <span class='ocr_line' id='line_1_100' title="bbox 170 5151 1706 5236; baseline 0.016 -31"><span class='ocrx_word' id='word_1_740' title='bbox 170 5151 317 5207; x_wconf 81' lang='grc' dir='ltr'>σαῦτα</span> <span class='ocrx_word' id='word_1_741' title='bbox 336 5158 474 5212; x_wconf 83' lang='grc' dir='ltr'>κατὰ</span> <span class='ocrx_word' id='word_1_742' title='bbox 513 5160 604 5212; x_wconf 84' lang='grc' dir='ltr'><strong>τὸν</strong></span> <span class='ocrx_word' id='word_1_743' title='bbox 642 5161 934 5232; x_wconf 87' lang='grc' dir='ltr'>Σύμμαχον</span> <span class='ocrx_word' id='word_1_744' title='bbox 965 5165 993 5216; x_wconf 85' lang='grc' dir='ltr'>ὁ</span> <span class='ocrx_word' id='word_1_745' title='bbox 1021 5162 1178 5234; x_wconf 78' lang='grc' dir='ltr'>χορὸς</span> <span class='ocrx_word' id='word_1_746' title='bbox 1216 5166 1245 5217; x_wconf 85' lang='grc' dir='ltr'><strong>ὁ</strong></span> <span class='ocrx_word' id='word_1_747' title='bbox 1283 5165 1617 5236; x_wconf 82' lang='grc' dir='ltr'>προφητικὺς</span> <span class='ocrx_word' id='word_1_748' title='bbox 1649 5165 1706 5217; x_wconf 74' lang='grc' dir='ltr'>ὲν</span> 
     </span>
    </p>
   </div>
   <div class='ocr_carea' id='block_1_101' title="bbox 1804 4789 3365 4850">
    <p class='ocr_par' dir='ltr' id='par_1_101' title="bbox 1804 4789 3365 4850">
     <span class='ocr_line' id='line_1_101' title="bbox 1804 4789 3365 4850; baseline -0.004 -1"><span class='ocrx_word' id='word_1_749' title='bbox 1804 4797 2006 4850; x_wconf 88' lang='lat' dir='ltr'><strong>inimici</strong></span> <span class='ocrx_word' id='word_1_750' title='bbox 2057 4803 2107 4849; x_wconf 92' lang='lat' dir='ltr'><strong>et</strong></span> <span class='ocrx_word' id='word_1_751' title='bbox 2164 4793 2462 4848; x_wconf 84' lang='lat' dir='ltr'><strong>ulciscentis</strong></span> <span class='ocrx_word' id='word_1_752' title='bbox 2509 4809 2581 4848; x_wconf 84' lang='lat' dir='ltr'><strong>se.</strong></span> <span class='ocrx_word' id='word_1_753' title='bbox 2633 4790 2760 4846; x_wconf 66' lang='lat' dir='ltr'><strong>Haec</strong></span> <span class='ocrx_word' id='word_1_754' title='bbox 2804 4799 2916 4844; x_wconf 87' lang='lat' dir='ltr'><strong>tam</strong></span> <span class='ocrx_word' id='word_1_755' title='bbox 2959 4789 3128 4842; x_wconf 87' lang='lat' dir='ltr'><strong>multa</strong></span> <span class='ocrx_word' id='word_1_756' title='bbox 3165 4793 3365 4842; x_wconf 69' lang='lat' dir='ltr'><strong>chorus</strong></span> 
     </span>
    </p>
   </div>
   <div class='ocr_carea' id='block_1_102' title="bbox 1798 4880 3361 4960">
    <p class='ocr_par' dir='ltr' id='par_1_102' title="bbox 1798 4880 3361 4960">
     <span class='ocr_line' id='line_1_102' title="bbox 1798 4880 3361 4960; baseline -0.006 -19"><span class='ocrx_word' id='word_1_757' title='bbox 1798 4888 2144 4960; x_wconf 79' lang='lat' dir='ltr'><strong>propheticus</strong></span> <span class='ocrx_word' id='word_1_758' title='bbox 2190 4886 2245 4940; x_wconf 92' lang='lat' dir='ltr'><strong>in</strong></span> <span class='ocrx_word' id='word_1_759' title='bbox 2289 4901 2388 4942; x_wconf 88' lang='lat' dir='ltr'><strong>sua</strong></span> <span class='ocrx_word' id='word_1_760' title='bbox 2426 4885 2492 4939; x_wconf 92' lang='lat' dir='ltr'><strong>ad</strong></span> <span class='ocrx_word' id='word_1_761' title='bbox 2533 4884 2700 4940; x_wconf 90' lang='lat' dir='ltr'><strong>Deum</strong></span> <span class='ocrx_word' id='word_1_762' title='bbox 2743 4880 3167 4952; x_wconf 86' lang='lat' dir='ltr'><strong>supplicatione.</strong></span> <span class='ocrx_word' id='word_1_763' title='bbox 3214 4880 3361 4932; x_wconf 87' lang='lat' dir='ltr'><strong>cala-</strong></span> 
     </span>
    </p>
   </div>
   <div class='ocr_carea' id='block_1_103' title="bbox 1803 4974 3358 5050">
    <p class='ocr_par' dir='ltr' id='par_1_103' title="bbox 1803 4974 3358 5050">
     <span class='ocr_line' id='line_1_103' title="bbox 1803 4974 3358 5050; baseline -0.007 -16"><span class='ocrx_word' id='word_1_764' title='bbox 1803 4981 2018 5035; x_wconf 88' lang='lat' dir='ltr'><strong>mitates</strong></span> <span class='ocrx_word' id='word_1_765' title='bbox 2075 4979 2264 5050; x_wconf 90' lang='lat' dir='ltr'><strong>populi</strong></span> <span class='ocrx_word' id='word_1_766' title='bbox 2323 4978 2606 5037; x_wconf 87' lang='lat' dir='ltr'><strong>ascribens</strong></span> <span class='ocrx_word' id='word_1_767' title='bbox 2662 4974 2763 5030; x_wconf 88' lang='lat' dir='ltr'><strong>sibi</strong></span> <span class='ocrx_word' id='word_1_768' title='bbox 2795 5014 2811 5036; x_wconf 93' lang='lat'><strong>,</strong></span> <span class='ocrx_word' id='word_1_769' title='bbox 2872 4980 3198 5043; x_wconf 88' lang='lat' dir='ltr'><strong>prosecutus</strong></span> <span class='ocrx_word' id='word_1_770' title='bbox 3255 4978 3358 5024; x_wconf 91' lang='lat' dir='ltr'><strong>est.</strong></span> 
     </span>
    </p>
   </div>
   <div class='ocr_carea' id='block_1_104' title="bbox 1801 5061 3363 5139">
    <p class='ocr_par' dir='ltr' id='par_1_104' title="bbox 1801 5061 3363 5139">
     <span class='ocr_line' id='line_1_104' title="bbox 1801 5061 3363 5139; baseline -0.004 -14"><span class='ocrx_word' id='word_1_771' title='bbox 1801 5070 2296 5126; x_wconf 88' lang='lat' dir='ltr'><strong>Commoustratum</strong></span> <span class='ocrx_word' id='word_1_772' title='bbox 2341 5069 2524 5139; x_wconf 87' lang='lat' dir='ltr'><strong>itaque</strong></span> <span class='ocrx_word' id='word_1_773' title='bbox 2554 5074 2637 5123; x_wconf 87' lang='lat' dir='ltr'><strong>est</strong></span> <span class='ocrx_word' id='word_1_774' title='bbox 2669 5081 2788 5136; x_wconf 66' lang='lat' dir='ltr'><strong>quze</strong></span> <span class='ocrx_word' id='word_1_775' title='bbox 2824 5079 2992 5120; x_wconf 87' lang='lat' dir='ltr'><strong>causa</strong></span> <span class='ocrx_word' id='word_1_776' title='bbox 3035 5064 3170 5133; x_wconf 90' lang='lat' dir='ltr'><strong>ipsis</strong></span> <span class='ocrx_word' id='word_1_777' title='bbox 3206 5061 3363 5118; x_wconf 82' lang='lat' dir='ltr'><strong>ﬂetus</strong></span> 
     </span>
    </p>
   </div>
   <div class='ocr_carea' id='block_1_105' title="bbox 1806 5149 2550 5234">
    <p class='ocr_par' dir='ltr' id='par_1_105' title="bbox 1806 5149 2550 5234">
     <span class='ocr_line' id='line_1_105' title="bbox 1806 5149 2550 5234; baseline -0.005 -16"><span class='ocrx_word' id='word_1_778' title='bbox 1806 5165 1860 5218; x_wconf 90' lang='lat' dir='ltr'><strong>in</strong></span> <span class='ocrx_word' id='word_1_779' title='bbox 1897 5149 2332 5234; x_wconf 55' lang='lat' dir='ltr'><strong>praecedentibus</strong></span> <span class='ocrx_word' id='word_1_780' title='bbox 2366 5161 2550 5217; x_wconf 84' lang='lat' dir='ltr'><strong>fuerit.</strong></span> 
     </span>
    </p>
   </div>
   <div class='ocr_carea' id='block_1_106' title="bbox 169 5245 3364 5346">
    <p class='ocr_par' dir='ltr' id='par_1_106' title="bbox 169 5245 3364 5346">
     <span class='ocr_line' id='line_1_106' title="bbox 169 5245 3364 5346; baseline -0.001 -42"><span class='ocrx_word' id='word_1_781' title='bbox 169 5245 365 5346; x_wconf 56' lang='grc' dir='ltr'>ξῇπρδς</span> <span class='ocrx_word' id='word_1_782' title='bbox 385 5251 473 5304; x_wconf 81' lang='grc' dir='ltr'><strong>τὸν</strong></span> <span class='ocrx_word' id='word_1_783' title='bbox 527 5251 657 5306; x_wconf 83' lang='grc' dir='ltr'>Θεὸν</span> <span class='ocrx_word' id='word_1_784' title='bbox 694 5255 940 5328; x_wconf 72' lang='grc' dir='ltr'>ἱκετηρία</span> <span class='ocrx_word' id='word_1_785' title='bbox 999 5257 1291 5327; x_wconf 81' lang='grc' dir='ltr'>διεξῆλθεν,</span> <span class='ocrx_word' id='word_1_786' title='bbox 1320 5261 1398 5322; x_wconf 84' lang='grc' dir='ltr'><strong>εἰς</strong></span> <span class='ocrx_word' id='word_1_787' title='bbox 1452 5259 1642 5312; x_wconf 83' lang='grc' dir='ltr'>ἑαυτὸν</span> <span class='ocrx_word' id='word_1_788' title='bbox 1699 5257 2091 5328; x_wconf 86' lang='grc' dir='ltr'>ἀναλαμϐάνων</span> <span class='ocrx_word' id='word_1_789' title='bbox 2134 5256 2203 5312; x_wconf 78' lang='grc' dir='ltr'>τὰ</span> <span class='ocrx_word' id='word_1_790' title='bbox 2231 5256 2326 5312; x_wconf 82' lang='grc' dir='ltr'><strong>τοῦ</strong></span> <span class='ocrx_word' id='word_1_791' title='bbox 2367 5254 2496 5309; x_wconf 82' lang='grc' dir='ltr'>λαοῦ</span> <span class='ocrx_word' id='word_1_792' title='bbox 2537 5251 2704 5322; x_wconf 90' lang='grc' dir='ltr'>πάθη.</span> <span class='ocrx_word' id='word_1_793' title='bbox 2752 5250 3148 5319; x_wconf 68' lang='grc' dir='ltr'>Σεσαφήνισται</span> <span class='ocrx_word' id='word_1_794' title='bbox 3189 5246 3364 5300; x_wconf 82' lang='grc' dir='ltr'>τοίνυν</span> 
     </span>
    </p>
   </div>
   <div class='ocr_carea' id='block_1_107' title="bbox 172 5341 1814 5432">
    <p class='ocr_par' dir='ltr' id='par_1_107' title="bbox 172 5341 1814 5432">
     <span class='ocr_line' id='line_1_107' title="bbox 172 5341 1814 5432; baseline 0.009 -43"><span class='ocrx_word' id='word_1_795' title='bbox 172 5341 218 5386; x_wconf 71' lang='grc' dir='ltr'><strong>ἐν</strong></span> <span class='ocrx_word' id='word_1_796' title='bbox 259 5341 360 5403; x_wconf 82' lang='grc' dir='ltr'>τοῖς</span> <span class='ocrx_word' id='word_1_797' title='bbox 413 5347 788 5417; x_wconf 87' lang='grc' dir='ltr'>προκειμένοις</span> <span class='ocrx_word' id='word_1_798' title='bbox 839 5349 905 5402; x_wconf 88' lang='grc' dir='ltr'>δι’</span> <span class='ocrx_word' id='word_1_799' title='bbox 946 5351 1012 5420; x_wconf 82' lang='grc' dir='ltr'>ὴν</span> <span class='ocrx_word' id='word_1_800' title='bbox 1063 5351 1365 5423; x_wconf 76' lang='grc' dir='ltr'>ἔμπροσθεν</span> <span class='ocrx_word' id='word_1_801' title='bbox 1414 5351 1814 5432; x_wconf 73' lang='grc' dir='ltr'>ἀπεκλαύσατο.</span> 
     </span>
    </p>
   </div>
   <div class='ocr_carea' id='block_1_108' title="bbox 231 5434 1696 5514">
    <p class='ocr_par' dir='ltr' id='par_1_108' title="bbox 231 5434 1696 5514">
     <span class='ocr_line' id='line_1_108' title="bbox 231 5434 1696 5514; baseline 0.011 -31"><span class='ocrx_word' id='word_1_802' title='bbox 231 5434 405 5489; x_wconf 82' lang='grc' dir='ltr'>Ταῦτα</span> <span class='ocrx_word' id='word_1_803' title='bbox 434 5437 628 5492; x_wconf 76' lang='grc' dir='ltr'>πάντα</span> <span class='ocrx_word' id='word_1_804' title='bbox 660 5441 845 5509; x_wconf 84' lang='grc' dir='ltr'>ἦλθεν</span> <span class='ocrx_word' id='word_1_805' title='bbox 875 5445 965 5514; x_wconf 70' lang='grc' dir='ltr'><strong>ἐφ’</strong></span> <span class='ocrx_word' id='word_1_806' title='bbox 996 5443 1168 5514; x_wconf 78' lang='grc' dir='ltr'>ἡμᾶς,</span> <span class='ocrx_word' id='word_1_807' title='bbox 1202 5447 1299 5501; x_wconf 79' lang='grc' dir='ltr'>καὶ</span> <span class='ocrx_word' id='word_1_808' title='bbox 1338 5450 1450 5502; x_wconf 79' lang='grc' dir='ltr'>οὐκ</span> <span class='ocrx_word' id='word_1_809' title='bbox 1484 5448 1696 5501; x_wconf 80' lang='grc' dir='ltr'>ἐπελα-</span> 
     </span>
    </p>
   </div>
   <div class='ocr_carea' id='block_1_109' title="bbox 171 5525 1696 5609">
    <p class='ocr_par' dir='ltr' id='par_1_109' title="bbox 171 5525 1696 5609">
     <span class='ocr_line' id='line_1_109' title="bbox 171 5525 1696 5609; baseline 0.009 -29"><span class='ocrx_word' id='word_1_810' title='bbox 171 5525 359 5592; x_wconf 77' lang='grc' dir='ltr'>θόμεθό</span> <span class='ocrx_word' id='word_1_811' title='bbox 379 5547 511 5584; x_wconf 87' lang='grc' dir='ltr'>σου.</span> <span class='ocrx_word' id='word_1_812' title='bbox 573 5534 779 5606; x_wconf 81' lang='grc' dir='ltr'>Ὠσπερ</span> <span class='ocrx_word' id='word_1_813' title='bbox 823 5537 1184 5609; x_wconf 73' lang='grc' dir='ltr'>άσεϐήσαντός</span> <span class='ocrx_word' id='word_1_814' title='bbox 1249 5557 1374 5594; x_wconf 88' lang='grc' dir='ltr'>ποτε</span> <span class='ocrx_word' id='word_1_815' title='bbox 1430 5541 1523 5594; x_wconf 79' lang='grc' dir='ltr'><strong>τοῦ</strong></span> <span class='ocrx_word' id='word_1_816' title='bbox 1567 5540 1696 5594; x_wconf 78' lang='grc' dir='ltr'>λαοῦ</span> 
     </span>
    </p>
   </div>
   <div class='ocr_carea' id='block_1_110' title="bbox 171 5611 1696 5712">
    <p class='ocr_par' dir='ltr' id='par_1_110' title="bbox 171 5611 1696 5712">
     <span class='ocr_line' id='line_1_110' title="bbox 171 5611 1696 5712; baseline 0.01 -43"><span class='ocrx_word' id='word_1_817' title='bbox 171 5611 258 5712; x_wconf 46' lang='grc' dir='ltr'><strong>ἐπὶ</strong></span> <span class='ocrx_word' id='word_1_818' title='bbox 271 5617 613 5712; x_wconf 46' lang='grc' dir='ltr'>τῆς-ἐρήμου,</span> <span class='ocrx_word' id='word_1_819' title='bbox 647 5624 834 5679; x_wconf 75' lang='grc' dir='ltr'>ἔπειτα</span> <span class='ocrx_word' id='word_1_820' title='bbox 866 5628 1256 5700; x_wconf 84' lang='grc' dir='ltr'>παραδοθέντος</span> <span class='ocrx_word' id='word_1_821' title='bbox 1285 5629 1363 5700; x_wconf 83' lang='grc' dir='ltr'>τῷ</span> <span class='ocrx_word' id='word_1_822' title='bbox 1387 5631 1696 5701; x_wconf 82' lang='grc' dir='ltr'>ὀλοθρευτῇ,</span> 
     </span>
    </p>
   </div>
   <div class='ocr_carea' id='block_1_111' title="bbox 173 5702 1698 5800">
    <p class='ocr_par' dir='ltr' id='par_1_111' title="bbox 173 5702 1698 5800">
     <span class='ocr_line' id='line_1_111' title="bbox 173 5702 1698 5800; baseline 0.014 -48"><span class='ocrx_word' id='word_1_823' title='bbox 173 5702 328 5800; x_wconf 61' lang='grc' dir='ltr'>λαϐών</span> <span class='ocrx_word' id='word_1_824' title='bbox 344 5708 568 5800; x_wconf 34' lang='grc' dir='ltr'>-Ἃαρὼν</span> <span class='ocrx_word' id='word_1_825' title='bbox 597 5713 657 5764; x_wconf 85' lang='grc' dir='ltr'>τὸ</span> <span class='ocrx_word' id='word_1_826' title='bbox 689 5711 1038 5788; x_wconf 79' lang='grc' dir='ltr'>θυμιατήριον</span> <span class='ocrx_word' id='word_1_827' title='bbox 1062 5717 1430 5788; x_wconf 80' lang='grc' dir='ltr'>προσήνεγκεν</span> <span class='ocrx_word' id='word_1_828' title='bbox 1448 5717 1587 5788; x_wconf 83' lang='grc' dir='ltr'>ὑπὲρ</span> <span class='ocrx_word' id='word_1_829' title='bbox 1605 5715 1698 5768; x_wconf 81' lang='grc' dir='ltr'><strong>τοῦ</strong></span> 
     </span>
    </p>
   </div>
   <div class='ocr_carea' id='block_1_112' title="bbox 175 5793 1699 5881">
    <p class='ocr_par' dir='ltr' id='par_1_112' title="bbox 175 5793 1699 5881">
     <span class='ocr_line' id='line_1_112' title="bbox 175 5793 1699 5881; baseline 0.017 -40"><span class='ocrx_word' id='word_1_830' title='bbox 175 5793 284 5845; x_wconf 77' lang='grc' dir='ltr'>λαοῦ</span> <span class='ocrx_word' id='word_1_831' title='bbox 313 5798 367 5851; x_wconf 75' lang='grc' dir='ltr'>τὸ</span> <span class='ocrx_word' id='word_1_832' title='bbox 396 5800 657 5875; x_wconf 58' lang='grc' dir='ltr'>θυμίαμα</span> <span class='ocrx_word' id='word_1_833' title='bbox 693 5805 789 5861; x_wconf 73' lang='grc' dir='ltr'>καὶ</span> <span class='ocrx_word' id='word_1_834' title='bbox 815 5807 1004 5880; x_wconf 64' lang='lat' dir='ltr'><strong>naqu</strong></span> <span class='ocrx_word' id='word_1_835' title='bbox 1028 5811 1064 5863; x_wconf 70' lang='grc' dir='ltr'><strong>ό</strong></span> <span class='ocrx_word' id='word_1_836' title='bbox 1095 5808 1225 5872; x_wconf 71' lang='grc' dir='ltr'>Θεὸς</span> <span class='ocrx_word' id='word_1_837' title='bbox 1285 5808 1361 5881; x_wconf 84' lang='grc' dir='ltr'>τῷ</span> <span class='ocrx_word' id='word_1_838' title='bbox 1393 5809 1581 5881; x_wconf 82' lang='grc' dir='ltr'>πλήθει</span> <span class='ocrx_word' id='word_1_839' title='bbox 1612 5809 1699 5863; x_wconf 72' lang='grc' dir='ltr'><strong>διὰ</strong></span> 
     </span>
    </p>
   </div>
   <div class='ocr_carea' id='block_1_113' title="bbox 1873 5442 3364 5506">
    <p class='ocr_par' dir='ltr' id='par_1_113' title="bbox 1873 5442 3364 5506">
     <span class='ocr_line' id='line_1_113' title="bbox 1873 5442 3364 5506; baseline -0.007 -7"><span class='ocrx_word' id='word_1_840' title='bbox 1873 5444 2038 5500; x_wconf 75' lang='lat' dir='ltr'><strong>Vsus.</strong></span> <span class='ocrx_word' id='word_1_841' title='bbox 2073 5445 2159 5498; x_wconf 75' lang='lat' dir='ltr'><strong>i8.</strong></span> <span class='ocrx_word' id='word_1_842' title='bbox 2205 5444 2334 5499; x_wconf 68' lang='lat' dir='ltr'><strong>Hazc</strong></span> <span class='ocrx_word' id='word_1_843' title='bbox 2376 5442 2553 5495; x_wconf 88' lang='lat' dir='ltr'><strong>omnia</strong></span> <span class='ocrx_word' id='word_1_844' title='bbox 2609 5447 2851 5494; x_wconf 80' lang='lat' dir='ltr'><strong>venerunt</strong></span> <span class='ocrx_word' id='word_1_845' title='bbox 2909 5453 3064 5506; x_wconf 85' lang='lat' dir='ltr'><strong>super</strong></span> <span class='ocrx_word' id='word_1_846' title='bbox 3123 5452 3236 5496; x_wconf 84' lang='lat' dir='ltr'><strong>nos.</strong></span> <span class='ocrx_word' id='word_1_847' title='bbox 3272 5451 3364 5488; x_wconf 88' lang='lat' dir='ltr'><strong>nec</strong></span> 
     </span>
    </p>
   </div>
   <div class='ocr_carea' id='block_1_114' title="bbox 1803 5528 3364 5600">
    <p class='ocr_par' dir='ltr' id='par_1_114' title="bbox 1803 5528 3364 5600">
     <span class='ocr_line' id='line_1_114' title="bbox 1803 5528 3364 5600; baseline -0.008 -8"><span class='ocrx_word' id='word_1_848' title='bbox 1803 5536 1953 5592; x_wconf 82' lang='lat' dir='ltr'><strong>obliti</strong></span> <span class='ocrx_word' id='word_1_849' title='bbox 1980 5554 2160 5592; x_wconf 81' lang='lat' dir='ltr'><strong>sumus</strong></span> <span class='ocrx_word' id='word_1_850' title='bbox 2185 5547 2250 5592; x_wconf 90' lang='lat' dir='ltr'><strong>te.</strong></span> <span class='ocrx_word' id='word_1_851' title='bbox 2292 5531 2753 5600; x_wconf 86' lang='lat' dir='ltr'><strong>Quemadmodum</strong></span> <span class='ocrx_word' id='word_1_852' title='bbox 2791 5531 2918 5587; x_wconf 93' lang='lat' dir='ltr'><strong>olim</strong></span> <span class='ocrx_word' id='word_1_853' title='bbox 2965 5545 3087 5584; x_wconf 87' lang='lat' dir='ltr'><strong>cum</strong></span> <span class='ocrx_word' id='word_1_854' title='bbox 3132 5528 3364 5598; x_wconf 81' lang='lat' dir='ltr'><strong>populus</strong></span> 
     </span>
    </p>
   </div>
   <div class='ocr_carea' id='block_1_115' title="bbox 1803 5617 3361 5697">
    <p class='ocr_par' dir='ltr' id='par_1_115' title="bbox 1803 5617 3361 5697">
     <span class='ocr_line' id='line_1_115' title="bbox 1803 5617 3361 5697; baseline -0.008 -15"><span class='ocrx_word' id='word_1_855' title='bbox 1803 5629 1969 5697; x_wconf 89' lang='lat' dir='ltr'><strong>impie</strong></span> <span class='ocrx_word' id='word_1_856' title='bbox 2011 5627 2212 5696; x_wconf 76' lang='lat' dir='ltr'><strong>egisset</strong></span> <span class='ocrx_word' id='word_1_857' title='bbox 2260 5627 2315 5680; x_wconf 90' lang='lat' dir='ltr'><strong>in</strong></span> <span class='ocrx_word' id='word_1_858' title='bbox 2349 5625 2586 5687; x_wconf 85' lang='lat' dir='ltr'><strong>deserto,</strong></span> <span class='ocrx_word' id='word_1_859' title='bbox 2620 5637 2683 5676; x_wconf 90' lang='lat' dir='ltr'><strong>ac</strong></span> <span class='ocrx_word' id='word_1_860' title='bbox 2715 5621 2910 5680; x_wconf 85' lang='lat' dir='ltr'><strong>deinde</strong></span> <span class='ocrx_word' id='word_1_861' title='bbox 2951 5617 3361 5674; x_wconf 81' lang='lat' dir='ltr'><strong>exterminatori</strong></span> 
     </span>
    </p>
   </div>
   <div class='ocr_carea' id='block_1_116' title="bbox 1805 5711 3360 5784">
    <p class='ocr_par' dir='ltr' id='par_1_116' title="bbox 1805 5711 3360 5784">
     <span class='ocr_line' id='line_1_116' title="bbox 1805 5711 3360 5784; baseline -0.008 -11"><span class='ocrx_word' id='word_1_862' title='bbox 1805 5718 2039 5773; x_wconf 90' lang='lat' dir='ltr'><strong>traditus</strong></span> <span class='ocrx_word' id='word_1_863' title='bbox 2073 5717 2600 5784; x_wconf 75' lang='lat' dir='ltr'><strong>fuisset,&#39;assumpto</strong></span> <span class='ocrx_word' id='word_1_864' title='bbox 2627 5714 2807 5769; x_wconf 85' lang='lat' dir='ltr'><strong>Aaron</strong></span> <span class='ocrx_word' id='word_1_865' title='bbox 2845 5712 3143 5775; x_wconf 87' lang='lat' dir='ltr'><strong>thuribulo,</strong></span> <span class='ocrx_word' id='word_1_866' title='bbox 3175 5711 3360 5763; x_wconf 86' lang='lat' dir='ltr'><strong>incen-</strong></span> 
     </span>
    </p>
   </div>
   <div class='ocr_carea' id='block_1_117' title="bbox 1805 5799 3370 5880">
    <p class='ocr_par' dir='ltr' id='par_1_117' title="bbox 1805 5799 3370 5880">
     <span class='ocr_line' id='line_1_117' title="bbox 1805 5799 3370 5880; baseline -0.006 -14"><span class='ocrx_word' id='word_1_867' title='bbox 1805 5824 1925 5866; x_wconf 89' lang='lat' dir='ltr'><strong>sum</strong></span> <span class='ocrx_word' id='word_1_868' title='bbox 1971 5822 2070 5879; x_wconf 90' lang='lat' dir='ltr'><strong>pro</strong></span> <span class='ocrx_word' id='word_1_869' title='bbox 2114 5809 2314 5880; x_wconf 90' lang='lat' dir='ltr'><strong>populo</strong></span> <span class='ocrx_word' id='word_1_870' title='bbox 2364 5807 2635 5875; x_wconf 85' lang='lat' dir='ltr'><strong>adolevit,</strong></span> <span class='ocrx_word' id='word_1_871' title='bbox 2687 5819 2751 5862; x_wconf 88' lang='lat' dir='ltr'><strong>ac</strong></span> <span class='ocrx_word' id='word_1_872' title='bbox 2795 5813 3016 5876; x_wconf 86' lang='lat' dir='ltr'><strong>propter</strong></span> <span class='ocrx_word' id='word_1_873' title='bbox 3062 5799 3370 5859; x_wconf 76' lang='lat' dir='ltr'><strong>sacerdotis</strong></span> 
     </span>
    </p>
   </div>
  </div>
