3822 6280
450 341 555 397 58⁸1

1190 339 1456 397 EUSEBII
1494 340 1964 397 CESARIENSIS
1996 339 2147 395 OPP.
2188 337 2365 393 PARS
2400 337 2488 395 Ill.
2528 371 2595 383 —
2631 340 3035 402 EXEGETICA.

3559 322 3687 409 διε

453 462 781 518 oblationem
837 462 1080 533 placatus
1127 473 1209 519 est
1263 466 1462 534 populo
1500 465 1674 531 Deus;
1724 465 1797 519 ita
1844 468 1999 519 etiam

2111 465 2205 536 τὴν
2236 464 2329 518 τοῦ
2364 464 2551 537 ἱερέως
2612 466 2904 536 ἀναφοράν·
2933 466 3022 520 τὸν
3069 467 3228 522 αὐτὸν
3259 468 3458 539 τρόπον
3516 473 3608 527 καὶ
3628 476 3655 525 ὁ

454 556 654 609 chorus
683 555 1055 625 propheticus,
1084 561 1135 608 et
1159 555 1361 627 quique
1385 556 1539 626 probi
1569 558 1672 611 viri
1700 559 1753 612 in
1784 559 2004 627 p0pulo,

452 648 776 704 rationabile
799 646 1127 703 sacriﬁcium
1155 662 1311 701 suum
1341 664 1435 719 per
1464 650 1764 705 orationem
1794 665 1891 721 pro
1914 666 2009 720 po-

454 740 582 811 pulo
611 738 785 795 fusam
812 736 1066 801 oﬁerunt,
1088 745 1236 793 recte
1262 738 1403 792 facta
1434 754 1555 806 sua,
1575 740 1692 795 loco
1720 739 2013 795 sacriﬁcio-

453 849 573 888 rum
625 839 680 885 et
724 832 1060 887 oblationum
1107 831 1235 885 boni
1285 831 1493 900 odoris,
1521 848 1619 903 pro
1666 833 2008 889 multitudine

450 924 560 980 Deo
594 923 899 978 offerentes.
945 920 1130 991 Neque
1158 924 1301 975 enim
1329 924 1581 977 convenit
1608 924 1722 978 haec
1748 923 2005 993 pepulum

448 1018 649 1076 dicere,
669 1030 844 1084 neque
862 1029 958 1070 eos
981 1015 1074 1085 qui
1101 1015 1436 1083 impietatum
1462 1030 1628 1071 causa
1651 1030 1871 1069 suarum
1903 1014 2007 1067 ini-

448 1103 605 1157 micis
651 1103 838 1157 traditi
882 1101 1117 1157 fuerant.
1164 1101 1271 1156 Sed
1318 1104 1769 1173 quemadmodum
1821 1105 2004 1174 pepuli

447 1194 786 1251 calamitates
834 1195 890 1250 in
934 1210 993 1251 se
1039 1196 1315 1265 propheta:
1344 1196 1699 1266 recipiebant,
1734 1207 1788 1252 et
1815 1199 1916 1266 ipsi
1947 1212 2007 1253 se

447 1288 576 1342 talia
611 1303 802 1358 passos
843 1303 967 1344 esse
1011 1289 1439 1359 proﬁtebantur;
1468 1289 1549 1343 sic
1581 1299 1636 1344 et
1666 1289 1805 1343 bona
1838 1304 2004 1359 opera

447 1396 547 1436 sua
582 1381 834 1435 omnibus
872 1382 1182 1437 communia
1213 1381 1473 1437 efﬁciunt.
1516 1379 1635 1435 Non
1677 1381 1823 1436 enim
1853 1382 2007 1452 igno-

444 1471 638 1527 rabant
683 1487 741 1528 se
782 1473 949 1527 totius
981 1472 1226 1542 carperis
1257 1472 1496 1527 membra
1518 1487 1639 1528 esse
1671 1491 1683 1527 :
1716 1479 2005 1528 consenta-

445 1580 608 1621 neum
644 1573 823 1621 autem
848 1572 965 1620 erat
995 1572 1056 1619 ut
1083 1578 1194 1619 uno
1214 1565 1456 1620 membro
1476 1566 1733 1635 patiente,
1763 1579 1871 1618 una
1904 1579 2003 1634 pa-

446 1662 691 1711 terentur
723 1658 827 1711 alia
859 1657 1129 1723 membra;
1165 1665 1326 1727 atque
1356 1672 1466 1711 uno
1496 1656 1739 1712 membro
1778 1655 2002 1726 gloriam

444 1747 732 1812 referente,
768 1750 951 1803 omnia
993 1750 1237 1804 membra
1288 1749 1344 1803 in
1394 1757 1597 1819 partem
1625 1747 1806 1817 gaudii
1851 1748 2004 1801 veni-

2109 556 2265 627 χορὸς
2290 558 2317 609 ὁ
2343 555 2692 628 προφητικὸς,
2722 558 2815 609 καὶ¹
2846 559 2894 610 οἱ
2944 559 3001 611 έν
3030 559 3106 629 τῷ
3140 559 3253 630 λαῷ
3284 561 3654 631 κατορθοῦντες

2105 647 2205 719 τὴν
2236 646 2457 719 λογικὴν
2508 648 2684 701 αὐτῶν
2745 647 2934 703 θυσίαν
2980 649 3067 703 διὰ
3099 651 3196 720 τῆς
3244 652 3384 721 ὑπὲρ
3414 652 3508 706 τοῦ
3538 654 3655 710 λαοῦ

2107 739 2268 810 εὐχῆς
2300 738 2698 809 άναπέμπουσι,
2731 739 2799 791 τὰ
2825 742 2994 793 οἰκεῖα
3025 742 3418 814 κατορθώματα
3436 746 3554 798 ἀντὶ
3576 746 3655 801 θυ-

2109 829 2226 894 σίας
2258 831 2353 883 καὶ
2385 831 2723 903 θυμιάματος
2754 832 2981 897 εὐώδους
3035 835 3172 906 ὑπὲρ
3198 835 3291 888 τοῦ
3323 836 3561 907 πλήθους
3585 839 3655 910 τῷ

2105 920 2223 992 Θεῷ
2245 923 2629 993 προσάγοντες.
2663 924 2737 976 Οὐ
2765 923 2873 993 γὰρ
2905 926 3131 995 ἁρμόζει
3173 927 3345 983 ταῦτα
3371 929 3452 1000 τῷ
3478 929 3654 1001 πλήθει

2106 1012 2300 1081 λέγειν,
2321 1014 2441 1066 οὐδὲ
2461 1016 2571 1077 τοῖς
2600 1012 2687 1067 διὰ
2717 1013 2816 1078 τὰς
2847 1015 3098 1081 ἀσεϐείας
3116 1018 3291 1072 αὐτῶν
3310 1021 3426 1082 τοῖς
3457 1020 3652 1091 ἐχθροῖς

2105 1104 2572 1177 παραδεδομένοις·
2628 1106 2739 1159 ἀλλ’
2772 1106 2959 1178 ὥσπερ
2999 1109 3066 1163 τὰ
3123 1110 3266 1183 πάθη
3297 1111 3392 1165 τοῦ
3428 1112 3557 1166 λαοῦ
3586 1115 3655 1177 εἰς

2104 1197 2329 1261 ἑαυτοὺς
2359 1197 2729 1269 ἀνελάμϐανον
2755 1200 2804 1252 oi
2855 1201 3149 1272 προφῆται,
3183 1204 3278 1257 καὶ
3308 1204 3465 1257 αὐτοὶ
3498 1205 3652 1259 ταῦτα

2105 1287 2428 1342 πεπονθέναι
2453 1287 2707 1358 ἔφασκον·
2733 1289 2875 1344 οὕτω
2909 1291 2978 1345 τά
3022 1293 3225 1347 ἑαυτῶν
3266 1294 3652 1367 κατορθώματα

2104 1380 2490 1435 κοινοποιοὗσιν
2545 1384 2625 1446 είς
2656 1382 2881 1447 πάντας.
2931 1384 3006 1437 Οὐ
3035 1384 3143 1455 γάρ
3170 1386 3398 1455 ἠγνόουν
3449 1386 3653 1452 ἑαυτοὺς

2103 1469 2240 1526 εἶναι
2295 1470 2427 1543 μέλη
2457 1472 2550 1526 τοῦ
2607 1474 2805 1537 παντὸς
2854 1473 3123 1546 σώματος·
3168 1476 3463 1531 ἀκόλουθον
3492 1477 3547 1530 δὲ
3575 1474 3651 1548 ἦν,

2104 1566 2398 1637 πάσχοντος
2434 1566 2625 1637 μέλους
2656 1565 2795 1631 ἐνὸς,
2828 1567 3165 1639 συμπάσχειν
3196 1569 3374 1623 πάντα
3408 1568 3477 1623 τά
3512 1572 3649 1642 μέλη.

2103 1659 2195 1711 καὶ
2225 1657 2577 1729 δοξαζομένου
2611 1657 2771 1710 πάλιν
2797 1656 3011 1729 μέλους,
3059 1661 3370 1732 συγχαίρειν
3399 1662 3574 1715 πάντα
3595 1665 3653 1717 τὰ

2106 1751 2259 1824 μέλη.
2294 1752 2477 1806 Πάντα
2506 1750 2704 1815 τοίνυν,
2739 1751 2922 1820 φασὶν,
2966 1752 3002 1805 ἃ
3034 1755 3445 1826 προειρήκαμεν
3477 1756 3654 1809 πεπόν-

444 1848 585 1897 rent.
619 1840 812 1897 Omnia
857 1856 1006 1912 ergo,
1042 1841 1315 1914 inquiunt,
1368 1856 1489 1911 qua:
1532 1854 1632 1895 nos
1682 1837 1999 1893 memoravi-

2104 1816 2291 1914 θαμεν·
2318 1843 2432 1897 ἀλλ’
2452 1844 2599 1914 ἡμᾶς
2632 1816 2834 1895 τούτων
2864 1816 3013 1896 οὖδὲν
3046 1816 3375 1917 παρεκίνησε
3412 1846 3513 1914 τῆς
3543 1847 3653 1918 περὶ

444 1950 590 1997 mus,
622 1936 763 1989 mala
796 1936 1148 2006 pertulimus;
1180 1934 1274 1989 sed
1320 1934 1453 1988 nihil
1476 1948 1664 1988 eorum
1709 1947 1810 1987 nos
1854 1945 1884 1984 a
1929 1931 2003 1986 tui

442 2027 822 2084 recordatione
848 2029 1096 2091 removit,
1116 2037 1164 2082 et
1187 2028 1360 2097 inique
1386 2042 1489 2081 non
1518 2029 1716 2095 egimus
1748 2024 1802 2078 in
1844 2032 2006 2078 testa-

443 2129 615 2174 mento
648 2130 765 2184 tuo;
796 2120 910 2176 sive
939 2121 1235 2182 secundum
1257 2119 1661 2191 Symmachum,
1694 2117 1873 2189 Neque
1910 2116 2004 2171 de-

442 2214 667 2280 cepfmus
692 2213 861 2282 [tedas
890 2223 1056 2269 tuum.
1084 2211 1151 2266 Et
1178 2229 1279 2265 non
1303 2213 1454 2266 cessit
1477 2222 1617 2266 retro
1639 2220 2000 2265 cornostrum.

442 2300 577 2373 Ejus
606 2314 783 2358 autem
811 2303 960 2359 loco:
982 2301 1049 2355 Et
1081 2300 1355 2356 declinasti
1384 2302 1598 2355 semitas
1634 2310 1842 2355 nostras
1862 2317 1894 2353 a
1920 2300 2004 2354 via

446 2405 557 2456 tua,
592 2395 795 2449 clarius
851 2392 1209 2465 Symmachus
1271 2393 1477 2447 edidit:
1512 2391 1689 2462 Neque
1743 2391 2004 2445 translata

443 2494 567 2540 sunt
592 2502 654 2539 ea
671 2501 786 2555 qua:
807 2484 1039 2555 dirigunt
1071 2501 1163 2538 nos
1185 2502 1205 2537 :
1230 2485 1281 2537 in
1309 2484 1421 2538 loco
1450 2485 1773 2554 aﬂlictionis:
1804 2495 1897 2538 aut
1918 2499 2004 2537 se-

442 2576 684 2631 cundum
709 2576 957 2647 Aquilam
984 2595 997 2631 :
1024 2575 1323 2631 Contudisti
1351 2593 1444 2630 nos
1470 2577 1525 2629 in
1558 2576 1668 2629 loco
1685 2574 1999 2638 inhabitato,

440 2678 493 2725 et
519 2669 762 2724 obtexisti
790 2669 937 2724 nobis
967 2670 1206 2724 umbram
1238 2670 1443 2724 mortis.
1479 2668 1603 2723 Non
1633 2668 1785 2723 obliti
1821 2685 2000 2724 sumus

444 2763 541 2826 tui,
574 2756 734 2834 neque
762 2763 1073 2835 transgressi
1106 2779 1286 2817 sumus
1322 2762 1457 2816 inita
1481 2771 1646 2817 tecum
1676 2760 1892 2832 [ιεάενα.

507 2962 676 3019 Vsus.
705 2963 769 3018 2|
797 2961 932 3017 -22.
974 2960 1034 3017 Si
1064 2961 1213 3016 obliti
1240 2976 1420 3015 sumus
1454 2975 1640 3014 nomen
1668 2957 1765 3012 Dei
1807 2958 1996 3021 nostri,

438 3068 487 3112 et
517 3058 564 3111 si
589 3055 935 3125 expendimus
961 3071 1147 3109 manus
1180 3063 1389 3108 nostras
1429 3052 1497 3107 ad
1529 3052 1693 3106 Deum
1722 3053 1955 3107 alienant
1979 3067 2000 3109 :

2106 1932 2199 1987 σοῦ
2228 1937 2463 2007 μνήμης,
2494 1933 2593 1987 καὶ
2621 1936 2732 1988 οὐκ
2758 1934 3132 2005 ἠδικήσαμεν
3155 1936 3499 2006 ὲνΔιαθήκῃ
3530 1953 3651 1994 σου·

2103 2024 2136 2096 ἦ
2170 2025 2308 2079 κατὰ
2339 2027 2429 2080 τὸν
2461 2024 2765 2097 Σύμμαχον·
2805 2026 2955 2080 Οὐδὲ
2993 2028 3533 2099 παρελογησάμεθα
3556 2030 3655 2099 τὴν

2103 2115 2418 2184 συνθήκην
2445 2132 2582 2179 σου,
2609 2113 2749 2168 οὐδὲ
2769 2114 2998 2184 ἀπέστη
3031 2121 3118 2184 εὶς
3143 2120 3214 2173 τὰ
3250 2120 3448 2173 ὀπίσω
3467 2122 3505 2188 ἠ
3529 2138 3651 2189 καρ-

2102 2206 2201 2260 δία
2227 2207 2417 2277 ἡμῶν.
2455 2206 2600 2260 Ἀντὶ
2630 2206 2706 2258 δέ·
2756 2207 2866 2261 Καὶ
2912 2207 3225 2277 ἐξέκλινας
3274 2210 3383 2277 τὰς
3438 2214 3653 2279 τρίϐους

2101 2299 2269 2369 ἡμῶν
2292 2300 2411 2355 ἀπὸ
2442 2299 2551 2369 τῆς
2606 2300 2749 2357 ὀδοῦ
2768 2316 2905 2365 σου,
2936 2302 2966 2355 ὁ
2997 2301 3284 2373 Σύμμαχος
3340 2303 3652 2374 σαφέστερον

2103 2390 2361 2456 ἐξέδωκεν
2393 2391 2578 2445 εἰπών·
2635 2393 2788 2446 Οὐδὲ
2843 2393 3126 2463 μετετέθη
3173 2394 3244 2448 τὰ
3292 2397 3653 2463 ὐπορθοῦντα

2108 2478 2287 2549 ἡμᾶς·
2314 2481 2382 2535 ἐν
2404 2482 2564 2550 τόπῳ
2621 2482 2961 2550 κακώσεως·
3016 2484 3050 2555 ἢ
3112 2483 3250 2538 κατὰ
3280 2484 3370 2539 τὸν
3418 2485 3647 2538 Ἀκύλαν·

2103 2571 2491 2640 Συνέθλασας
2516 2572 2673 2643 ἡμᾶς
2700 2574 2771 2628 ἐν
2794 2576 2951 2639 τόπῳ
2971 2575 3285 2643 ἀνοικήτῳ,
3322 2576 3423 2631 καὶ
3465 2576 3539 2647 (Ι)
3566 2578 3651 2630 ἐπα

2101 2665 2424 2736 επώμασας
2461 2668 2607 2739 ἡμῖν
2658 2672 2840 2724 σκιὰν
2891 2670 3167 2727 θανάτου.
3227 2674 3347 2726 Οὐκ
3382 2673 3651 2727 ἐπελαθό-

2096 2757 2249 2827 [mea
2290 2773 2415 2826 oov
2494 2760 2636 2816 οὐδὲ
2686 2763 3022 2833 παρέϐημεν
3065 2767 3172 2830 τὰς
3212 2764 3362 2833 πρὸς
3393 2764 3476 2818 σὲ
3519 2779 3650 2819 συν-

2102 2847 2311 2916 θήκας.

2164 2964 2233 3017 Et
2258 2963 2662 3035 ἐπελαϐόμεθα
2686 2965 2791 3020 τοῦ
2839 2967 3123 3037 ὀνόματος
3155 2967 3259 3021 τοῦ
3291 2967 3442 3020 Θεοῦ
3484 2965 3647 3036 ἡμῶν,

2103 3056 2200 3111 καὶ
2228 3059 2278 3110 εί
2305 3056 2737 3128 διεπετάσαμεν
2763 3058 2961 3128 χεῖρας
3011 3057 3181 3128 ἡμῶν
3223 3058 3370 3127 πρὸς
3392 3058 3542 3113 Θεὸν
3567 3059 3650 3112 (L1-

447 3165 617 3203 nonne
652 3148 790 3201 Deus
820 3148 1043 3217 requiret
1067 3146 1199 3201 ista?
1217 3144 1424 3209 etc.Te,
1455 3145 1650 3215 inquit,
1682 3153 1875 3200 testem
1904 3145 1999 3199 ad-

2103 3150 2361 3218 .wtptor'
2400 3151 2536 3221 οὐχὶ
2590 3154 2623 3205 ό
2659 3150 2801 3217 Θεὸς
2835 3149 3140 3219 ἐπιζητήσει
3172 3150 3389 3213 ταῦτα;
3430 3151 3501 3203 Σὲ
3531 3152 3650 3222 μάρ-

324 3256 329 3261 ’
439 3255 721 3306 vocamus,
759 3249 811 3293 te
856 3238 1095 3307 judicem
1149 3245 1204 3292 et
1256 3238 1652 3308 exploratorem
1711 3237 1998 3290 verborum

439 3340 775 3398 nostrorum,
810 3340 971 3408 atque
1018 3331 1403 3401 cogitationum
1435 3328 1635 3393 cordis,
1667 3344 1788 3398 qum
1832 3328 2001 3398 pluri-

440 3425 545 3480 mis
582 3424 770 3478 latent.
802 3424 883 3478 Tu
920 3425 1103 3495 itaque
1145 3424 1313 3489 nosti,
1349 3424 1396 3478 si
1431 3423 1597 3477 tantis
1626 3422 1807 3476 alnicti
1842 3421 2000 3475 malis

439 3521 495 3569 et
532 3513 797 3568 humiiiati
829 3512 883 3567 in
910 3513 1030 3568 loco
1069 3511 1395 3575 amictionis,
1422 3510 1599 3580 operti
1632 3510 1824 3564 umbra
1854 3525 2000 3563 mor-

439 3606 533 3673 tis,
561 3607 614 3661 in
655 3605 980 3662 oblivionem
1026 3604 1264 3659 nominis
1312 3603 1391 3658 tui
1435 3604 1704 3669 venimus,
1731 3609 1785 3657 et
1814 3602 1861 3657 si
1890 3617 1998 3656 non

440 3700 639 3755 ﬁducia
682 3699 827 3770 pleni
872 3699 929 3753 in
981 3696 1201 3752 nomine
1229 3705 1323 3752 tuo
1347 3696 1560 3768 gloriati
1595 3710 1783 3751 sumus
1817 3713 1830 3750 :
1861 3697 1906 3749 si
1932 3694 2000 3748 de

439 3792 645 3847 auxilio
668 3798 762 3846 tuo
791 3790 1164 3861 desperantes,
1192 3788 1261 3843 ad
1290 3790 1452 3843 alium
1482 3787 1771 3859 quemdam
1815 3802 2001 3842 acces-

440 3880 633 3948 sim'us,
664 3899 969 3954 manusque
1018 3882 1110 3936 alii
1171 3881 1281 3937 Deo
1305 3880 1682 3951 expandimus.
1712 3878 1914 3934 Horum
1941 3887 1998 3933 tu

436 3976 604 4048 judex
633 3992 693 4032 es
729 3994 744 4031 :
776 3976 922 4031 nosti
950 3976 1094 4031 enim
1140 3973 1458 4030 abscondita
1507 3971 1691 4028 cordis
1718 3977 1773 4027 et
1802 3970 1999 4042 cegita-

439 4066 637 4134 tiones,
670 4065 723 4119 in
750 4066 947 4135 quibus
987 4073 1287 4129 versantes,
1317 4064 1557 4134 quotidie
1593 4063 1809 4134 pietatis
1833 4076 1998 4117 causa

441 4166 615 4214 morte
641 4156 923 4212 allicimur.
954 4155 1088 4211 Nam
1115 4159 1207 4227 qui
1253 4157 1308 4210 in
1340 4157 1565 4227 singulis
1609 4154 1999 4210 tentationibus

441 4249 498 4305 in
539 4248 815 4320 proposito
839 4248 1029 4303 habuit
1074 4256 1302 4303 mortem
1337 4263 1436 4319 pro
1465 4249 1689 4303 veritate
1716 4247 1920 4311 subire,
1952 4246 1998 4300 is

441 4358 574 4399 sane
623 4338 800 4410 quoad
847 4340 1101 4396 virtutem
1157 4339 1419 4409 prepositi
1472 4337 1625 4394 obiit.
1679 4336 1738 4392 ιιι
1784 4350 1999 4406 quoque

345 4475 353 4482 -
440 4434 732 4507 Apostolus
780 4429 1012 4496 dicebat,
1054 4428 1311 4499 quoniam
1356 4427 1667 4498 frequentes
1711 4431 1887 4490 erant,
1936 4437 1999 4478 ac

2100 3257 2260 3313 τυρα,
2279 3242 2463 3312 φησιν,
2489 3241 2921 3312 ἀνακαλούμεθα,
2946 3243 3138 3313 κριτήν
3168 3258 3227 3293 τε
3255 3242 3346 3293 καὶ
3378 3240 3650 3312 ἐξεταστὴν

2100 3333 2209 3386 τῶν
2241 3333 2522 3405 ἡμετέρων
2543 3334 2716 3402 λόγων
2746 3335 2841 3387 κα)⁸
2869 3333 2975 3387 τῶν
3020 3333 3159 3387 κατά
3210 3332 3451 3387 διάνοιαν
3482 3332 3652 3387 λανθα-

2101 3425 2296 3479 νόντων
2326 3426 2453 3489 τοὺς
2485 3425 2711 3489 πολλοὺς
2731 3425 3022 3496 λογισμῶν.
3051 3425 3222 3489 Αὐτὸς
3252 3424 3382 3495 γοῦν
3399 3421 3649 3486 οἶσθα,εί,

2101 3516 2338 3572 τοσαῦτα
2362 3517 2624 3582 παθόντες
2681 3518 2775 3572 καὶ¹
2827 3517 3255 3581 ταπεινωθέντεςί
3278 3518 3336 3571 ὲν
3365 3518 3520 3588 τόπῳ
3569 3532 3652 3569 κα-

2103 3605 2345 3673 κώσεως,
2380 3608 2475 3662 καὶ
2494 3608 2855 3677 καλυφθέντες
2906 3607 3013 3660 ὑπὸ
3042 3607 3139 3676 τῆς
3187 3609 3343 3671 σκιᾶς
3385 3605 3486 3660 τοῦ
3518 3603 3652 3659 θανάο

2101 3715 2215 3762 του,
2247 3697 2416 3770 λήθην
2445 3697 2538 3752 τοῦ
2570 3696 2830 3767 ὀνόματός
2862 3712 2955 3748 σου
2989 3694 3351 3766 πεποιήμεθα·
3382 3687 3482 3747 καὶ
3511 3694 3554 3745 εί
3587 3691 3649 3760 μὴ

2103 3792 2195 3844 ἐπὶ
2218 3790 2294 3861 τῷ
2328 3789 2403 3860 σῷ
2423 3789 2645 3860 ὀνόματι
2673 3789 2976 3860 παρρησίας
3008 3786 3267 3858 γέμοντες
3288 3782 3649 3857 ὲκαυχώμεθα’

2102 3884 2150 3935 εἰ
2169 3882 2226 3936 δὲ
2258 3882 2370 3947 καὶ,
2398 3881 2725 3950 ἀπογνόντες
2755 3879 2853 3951 τὴν
2908 3879 3060 3949 παρὰ
3126 3878 3216 3931 σοῦ
3249 3877 3521 3949 βοήθειαν,
3574 3876 3652 3928 ἐπὶ

2100 3974 2283 4045 ἔτερόν
2313 3990 2435 4026 τινα
2466 3972 2716 4044 ἤλθομεν,
2742 3971 2911 4042 ἑτέρῳ
2940 3969 3058 4041 Θεῷ
3083 3972 3270 4041 χεῖρας
3297 3967 3651 4022 ἀναπετάσαν-

2100 4083 2209 4130 τες·
2245 4067 2340 4121 καὶ
2369 4065 2573 4119 τούτων
2609 4066 2672 4118 σὺ
2702 4064 2892 4136 κριτὴς
2936 4062 3243 4133 τυγχάνεις.
3283 4058 3458 4115 Οἶσθα
3486 4060 3542 4113 δὲ
3571 4058 3651 4111 καὶ

2100 4158 2170 4212 τά
2198 4159 2404 4230 κρύφια
2433 4156 2532 4227 τῆς
2559 4156 2783 4228 καρδίας
2832 4156 2925 4209 καὶ
2975 4156 3098 4218 τοὺς
3129 4153 3419 4225 λογισμοὺς
3450 4151 3648 4211 αὐτοὺς.

2102 4250 2159 4301 ὲν
2196 4243 2276 4311 οἷς
2307 4246 2431 4300 καθ’
2464 4244 2701 4316 ἑκάστην
2730 4244 2939 4315 ἡμέραν
2958 4243 3120 4295 ἕνεκα
3147 4242 3245 4312 τῆς
3271 4238 3546 4299 εὐσεϐείας
3577 4235 3651 4287 θα·

2101 4337 2425 4409 νατούμεθα.
2496 4337 2553 4390 '0
2610 4335 2718 4406 γὰρ
2777 4338 2844 4405 τῇ
2894 4333 3142 4405 προθέσει
3193 4331 3540 4401 λογισάμενος
3576 4324 3649 4392 ἐφ’

2103 4432 2315 4501 ἑκάστῳ
2336 4428 2622 4501 πειρασμῷ
2678 4428 2769 4481 τὸν
2815 4427 2954 4498 ὑπὲρ
3007 4425 3259 4495 ἀληθείας
3314 4420 3649 4488 ἀναδέξασθαι

442 4526 673 4585 subinde
699 4522 942 4594 repetitae
972 4521 1397 4593 persecutiones,
1418 4528 1473 4575 et
1504 4520 1819 4575 vexationes
1852 4531 1999 4571 mor-

2105 4520 2354 4584 θάνατον,
2388 4518 2656 4588 δυνάμειὸ
2675 4516 2911 4579 τοιοῦτος
2933 4514 3177 4585 τέθνηκε.
3213 4514 3325 4567 Καὶ
3344 4515 3372 4566 ὁ
3417 4511 3651 4564 ’Λπόστοο

441 4630 545 4675 tem
576 4619 681 4690 ipsi
710 4618 1055 4682 minitantes;
1088 4614 1178 4668 ille
1212 4628 1342 4668 vero
1384 4614 1439 4668 in
1486 4611 1716 4683 singulis
1744 4609 1999 4665 tentatio-

440 4715 604 4769 nibus
634 4721 856 4784 paratus
881 4720 999 4767 erat
1021 4709 1088 4763 ad
1116 4709 1341 4763 ﬁrmiter
1376 4703 1800 4761 concertandum
1828 4715 2000 4770 usque

441 4807 505 4859 ad
533 4814 785 4870 mortem,
817 4803 939 4858 ideo
962 4802 1085 4872 jure
1113 4816 1172 4856 se
1196 4799 1436 4871 quotidie
1464 4797 1603 4852 mori
1634 4795 1866 4851 dicebat.
1892 4792 1999 4846 Ea-

440 4897 562 4953 dem
594 4898 775 4968 itaque
805 4904 984 4951 mente
1019 4894 1097 4949 illi
1125 4894 1395 4965 quondam
1429 4891 1703 4961 prophetae
1738 4887 1828 4943 Dei
1859 4901 2000 4957 prte-

442 4988 693 5044 seutihus
743 4987 906 5042 dictis
950 4988 1063 5041 haec
1109 4984 1487 5056 signiﬁcabant
1517 5003 1530 5038 :
1564 4982 1623 5037 ln
1666 4981 2001 5036 absconditis

442 5081 644 5136 nostris
684 5079 1066 5136 occidebamur
1109 5076 1387 5148 quotidie;
1439 5076 1548 5130 imo
1576 5089 1705 5129 vero
1749 5074 2000 5128 wstimati

441 5189 623 5227 sumus
657 5173 790 5227 sicut
820 5188 935 5226 oves
963 5172 1257 5225 occisionis.
1287 5168 1421 5222 Nam
1467 5182 1589 5222 cum
1638 5166 1802 5221 semel
1844 5165 1999 5235 quasi

444 5263 502 5320 in
530 5263 856 5320 sacriﬁcium
886 5279 982 5336 pro
1005 5262 1257 5318 universo
1280 5261 1478 5332 populo
1499 5274 1599 5314 nos
1622 5258 1998 5321 obtulerimus,

444 5364 627 5411 mente
678 5369 743 5410 ac
795 5357 1071 5426 proposito
1121 5355 1383 5409 immolati
1420 5368 1633 5418 sumus,
1667 5360 1724 5405 ut
1769 5359 1825 5404 tu
1862 5350 1998 5420 ipse,

446 5445 611 5511 Deus,
643 5447 949 5503 testiﬁcaris
983 5463 996 5499 :
1028 5446 1178 5502 solus
1228 5459 1465 5515 namque
1509 5443 1653 5498 nosti
1683 5440 2002 5496 abscondita

444 5538 648 5595 cordis.
676 5536 941 5603 Quoniam
990 5537 1156 5609 igitur
1203 5543 1352 5592 tanta
1382 5536 1626 5607 perpessi
1652 5548 1863 5598 sumus,
1894 5546 2008 5587 me-

516 5716 591 5785 (ll
632 5715 860 5771 Drusius
900 5716 1044 5771 hanc.
1093 5722 1154 5770 ut
1204 5715 1403 5785 quintae
1432 5714 1684 5770 editionis
1718 5712 2002 5767 lectionem

445 5786 618 5856 affert,
651 5787 734 5843 his
768 5787 945 5843 verbis
974 5784 1399 5857 ςἘπεπώμασας
1433 5788 1584 5856 ἡμῖν.
1616 5784 1823 5856 Aquilae
1873 5798 2002 5838 vero

2102 4613 2190 4677 λος
2211 4613 2267 4665 δὲ
2297 4612 2454 4665 τοῦτο
2484 4611 2683 4680 ἔλεγεν,
2719 4608 2902 4680 ἐπειδὴ
2949 4609 3187 4678 συνεχεῖς
3212 4602 3350 4677 ἦσαν
3375 4605 3469 4658 καὶ
3497 4601 3647 4656 ἐπάλ-

2103 4704 2253 4776 ληλοι
2286 4703 2534 4773 διωγμοὶ,
2568 4703 2661 4755 καὶ
2679 4703 2727 4754 οἱ
2745 4700 3114 4770 περισπασμοὶ
3142 4698 3364 4752 θάνατον
3390 4691 3649 4750 ἀπειλοῦν-

2103 4813 2192 4859 τες
2252 4795 2420 4866 αὐτῷ.
2485 4795 2541 4847 ’0
2578 4793 2636 4847 δὲ
2692 4791 2812 4846 καθ’
2870 4792 3099 4845 ἕκαστον
3161 4788 3463 4860 πειρασμὸν
3525 4800 3649 4853 παρ-

2104 4886 2401 4939 εσκεύαστο
2434 4885 2761 4949 ὲνστατικῶς
2827 4883 2985 4955 μέχρι
3018 4881 3244 4935 θανάτου
3277 4876 3644 4948 ἀγωνίσασθαι·

2102 4979 2182 5033 διὸ
2212 4978 2435 5042 εἰκότως
2462 4979 2581 5032 καθ’
2614 4980 2826 5049 ἡμέραν
2867 4974 3227 5046 ἀποθνήσκειν
3280 4971 3452 5040 ἔλεγε.
3483 4967 3648 5036 Ταύτῃ

2078 5069 2198 5126 ὀὖν
2229 5074 2294 5144 τῇ
2318 5072 2523 5143 διανοίᾳ
2542 5071 2633 5124 καὶ
2664 5071 2713 5122 οἱ
2741 5069 2910 5133 πάλαι
2938 5066 3033 5119 τοῦ
3087 5065 3220 5118 Θεοῦ
3268 5063 3532 5135 προφῆται
3572 5056 3648 5110 διὰ

2105 5167 2212 5219 τῶν
2238 5165 2608 5237 προκειμένων
2638 5163 2808 5215 ταῦτα
2830 5162 3084 5230 ἔφασκον·
3128 5160 3215 5211 Ἐν
3264 5157 3374 5230 γὰρ
3400 5158 3506 5217 τοῖς
3532 5168 3649 5221 κρυ-

2107 5256 2249 5325 φίοις
2273 5254 2430 5327 ἡμῶν
2461 5252 2863 5322 ὲθανατούμεθα
2896 5253 3073 5304 πᾶσαν
3106 5248 3333 5320 ἡμέραν.
3381 5244 3530 5298 Ἀλλὰ
3552 5242 3648 5309 γὰρ

2105 5349 2199 5401 καὶ
2228 5347 2624 5417 ἐλογίσθημεν
2653 5346 2731 5411 ὡς
2764 5345 3023 5412 πρόϐατα
3065 5339 3324 5410 σφαγῆς·
3387 5333 3525 5400 ἅπαξ
3549 5333 3649 5401 γὰρ

2102 5440 2324 5502 ἑαυτοὺς
2357 5437 2795 5509 παραδεδωκότες
2825 5434 3011 5505 ὥσπερ
3043 5434 3120 5495 εἰς
3160 5431 3349 5483 θυσίαν
3380 5428 3492 5483 ἀντὶ
3523 5439 3647 5476 παν·

2100 5532 2191 5595 τὸς
2219 5530 2314 5584 τοῦ
2344 5529 2496 5595 λαοῦ,
2524 5528 2603 5599 τῷ
2631 5526 2873 5601 λογισμῷ
2906 5526 3001 5579 καὶ
3027 5526 3092 5595 τῇ
3122 5522 3373 5595 προθέσει
3405 5512 3646 5586 ἐσφαγιά-

2109 5710 2270 5764 Iectio
2317 5708 2456 5779 apud
2504 5707 2756 5763 Drusium
2809 5706 2887 5762 sic
2937 5705 3097 5761 habet
3133 5723 3147 5760 :
3179 5705 3288 5759 Καὶ
3322 5697 3647 5768 ἐπεκάλυψας

2108 5782 2253 5851 ἡμᾶς
2282 5782 2338 5833 ὲν
2373 5781 2498 5849 σκιᾷ
2531 5779 2777 5834 θανάτου.
