3822 6280
459 327 559 384 391

1137 323 1401 378 EUSEBII
1441 321 1915 379 CAESARIENSIS
1944 309 2104 380 'OPP.
2152 320 2328 376 PARS
2394 319 2482 377 lli.
2519 351 2591 361 --
2629 317 3034 374 EXEGETICA.

3561 323 3652 380 592

461 447 512 504 Ι.
553 445 623 502 IN
659 442 889 498 FINEM.
928 441 1065 499 PRO
1092 442 1180 497 IIS
1203 443 1328 508 QUI’
1360 439 2007 502 COMMUTABUNTUR,

2128 440 2220 493 ειε
2249 439 2336 492 το
2365 436 2781 508 meum
2809 431 3650 508 IQNAAAQEGHFQMEMN.

530 517 727 573 FILIIS
782 514 988 575 CORE,
1048 514 1141 568 AD
1194 512 1716 577 INTELLEGTUM,
1777 509 2012 567 CANTI—

523 588 669 643 CUM
707 586 844 640 PRO
883 584 1171 640 DILEGTO
1209 584 1392 639 XLIV.

523 678 693 734 Vens.
724 665 1092 733 2..Eructauit
1124 692 1212 736 cor
1241 692 1411 728 nteant
1441 691 1649 729 vernum
1681 673 1891 733 bonum,
1930 670 2015 723 di-

455 784 517 822 co
559 784 652 836 ego
699 782 856 835 opera
894 782 1010 820 mea
1037 765 1160 834 regi.
1193 763 1396 835 Lingua
1425 782 1540 819 mea
1568 765 1804 818 calamus
1832 761 2017 816 scribae

455 860 700 915 uelociter
727 858 1021 913 scribentis.
1059 857 1161 922 Qui
1203 857 1259 912 in
1301 859 1676 928 superioribus
1706 863 1786 908 tot
1810 863 2018 909 tantas-

455 968 563 1022 que
591 952 860 1022 lacrymas
904 948 1228 1013 eﬁuderant,
1255 949 1366 1018 jam
1395 965 1493 1019 pro
1521 951 1766 1020 pristinis
1805 947 2018 1004 ﬂetibus

456 1043 673 1099 cantica
721 1051 775 1096 et
823 1041 1124 1097 cantilenas
1175 1040 1365 1104 edunt,
1409 1051 1697 1098 narrantes
1742 1049 2019 1095 auctorem

457 1134 562 1188 sibi
609 1134 925 1190 mutationis
967 1149 999 1187 a
1042 1133 1288 1204 pristinis
1321 1135 1722 1191 calamitatibus
1751 1134 2018 1189 Dilectum

456 1225 553 1280 Dei
585 1226 775 1291 fuisse,
807 1243 968 1297 quem
995 1227 1115 1282 ideo
1147 1228 1202 1281 in
1234 1228 1336 1282 hoc
1369 1235 1484 1281 toto
1528 1229 1743 1283 cantico
1773 1227 2022 1282 laudibus

457 1315 708 1373 eﬁ'erunt.
749 1317 817 1370 At
866 1318 1118 1388 quoniam
1169 1317 1358 1373 isthasc
1408 1319 1568 1389 longo
1619 1329 1739 1389 post
1782 1329 2025 1388 tempore

457 1418 716 1464 eventura
736 1419 912 1474 erant,
933 1409 1057 1480 jure
1085 1410 1186 1464 hoc
1208 1412 1388 1474 titulo,
1412 1409 1479 1465 In
1495 1413 1668 1480 ﬁnem,
1688 1411 2022 1482 prophetiam

458 1502 696 1566 donant;
729 1503 843 1557 sive
876 1502 1189 1569 triumphale
1221 1505 1506 1568 canticum,
1549 1511 1642 1558 aut
1671 1504 1904 1558 victoria:
1929 1519 2027 1556 au-

458 1593 611 1656 ctori,
643 1592 967 1654 inscribunt,
1000 1593 1069 1646 ob
1101 1602 1284 1662 partas
1328 1593 1538 1648 scilicet
1561 1593 1627 1648 de
1654 1594 2028 1663 spiritualibus

477 1684 713 1737 inimicis
760 1684 1036 1739 victorias.
1069 1683 1245 1740 Titulo
1294 1693 1474 1740 autem
1519 1686 1844 1747 addiderunt
1875 1686 2024 1749 illud,

2185 512 2336 564 ΤΟῘΣ
2365 510 2545 561 ΥΙΟΙΣ
2579 507 2781 563 KUPE,
2809 503 2918 556 ΕΙΣ
2949 504 3262 569 ΣΥΝΕΣΙΝ,
3308 504 3438 555 ΩΔΗ
3492 505 3653 559 ΥΠΕΡ

2188 582 2322 634 ΤΟΥ
2352 576 2721 632 ΑΓΑΠΗΤΟΥ
2747 573 2876 630 MA'.

2199 671 2590 740 Ἐξηρεύξειτο
2613 668 2651 734 ἡ
2680 666 2891 735 καρδία
2919 682 3037 734 μου
3065 664 3250 734 λόγον
3300 664 3543 733 ἀγαθὸν,
3572 664 3656 719 ,λέ-

2116 785 2197 838 γω
2224 763 2336 834 ἐγὼ
2364 764 2436 817 τὰ
2465 763 2606 831 ἔργα
2625 778 2741 830 μου
2770 757 2848 824 τῷ
2875 757 3142 823 βασιλεῖ.
3185 757 3246 813 Ἠ
3266 756 3516 826 γλῶσσά
3556 774 3657 824 μου

2119 860 2385 927 κάλαμος
2433 851 2806 926 γραμματέως
2851 848 3212 918 ὀξυγράφου.
3236 849 3299 902 0i
3342 846 3412 900 τὰ
3444 846 3659 901 τοσαῦτα

2118 950 2205 1003 διὰ
2243 949 2347 1002 τῶν
2373 945 2678 1018 ἔμπροσθεν
2726 929 3196 1009 ἅποκλαυσάμῖενοι
3247 939 3497 992 ἐντεῦθεν
3537 938 3659 1008 ᾠδὰς

2120 1042 2216 1095 καὶ
2235 1041 2450 1112 ᾅσματα
2470 1038 2588 1092 ἀντὶ
2613 1037 2719 1090 τῶν
2761 1035 3038 1108 προτέρων
3065 1033 3313 1104 ὀδυρμῶν
3349 1032 3554 1102 ᾄδουσι,
3577 1031 3660 1100 τῆς

2121 1133 2227 1186 ἀπὸ
2257 1132 2362 1185 τῶν
2389 1128 2721 1202 σκυθρωπῶν
2751 1126 3046 1198 μεταϐολῆς
3065 1125 3232 1178 αἴτιον
3262 1124 3442 1186 αὐτοῖς
3465 1123 3660 1191 γεγονέ-

2123 1241 2209 1277 ναι
2233 1222 2322 1275 τὸν
2380 1217 2678 1290 Ἀγαπητὸν
2708 1216 2784 1288 (1)
2815 1214 2907 1268 τοῦ
2923 1214 3056 1267 Θεοῦ
3079 1212 3379 1286 δηλοῦντες·
3405 1211 3468 1265 ὃν
3496 1213 3582 1266 καὶ
3606 1212 3660 1265 δι’

2124 1315 2252 1384 ὅλης
2281 1312 2380 1382 τῆς
2409 1311 2550 1383 ᾠδῆς
2578 1307 2918 1379 ἀνυμνοῦσιν.
2963 1304 3099 1357 Ἀλλ’
3121 1304 3347 1376 ἐπείπερ
3373 1303 3547 1357 ταῦτα
3574 1321 3660 1373 μα-

2125 1409 2278 1478 κροῖς
2300 1401 2519 1474 ὕστερον
2540 1401 2749 1473 χρόνοις
2762 1393 3040 1468 γίγνεσθαι
3057 1395 3315 1473 ᾖμελλεν,
3343 1396 3564 1458 εἰκότως
3576 1399 3661 1460 Εἰς

2127 1494 2192 1547 τὸ
2209 1493 2381 1558 τέλος
2405 1490 2767 1561 ἐπιγράφουσι
2797 1489 2895 1559 τὴν
2919 1485 3268 1558 προφητείαν,
3302 1483 3335 1557 ἢ
3370 1485 3660 1549 ἐπινίκιον,

2127 1589 2161 1659 ἢ
2194 1587 2272 1652 τῷ
2305 1582 2605 1650 νικοποιῷ,
2632 1581 2719 1635 διὰ
2758 1581 2826 1635 τὰ
2858 1581 2998 1634 κατὰ
3028 1579 3135 1634 τῶν
3166 1580 3370 1650 νοητῶν
3413 1578 3662 1648 πολεμίων

2128 1677 2433 1747 νικητήρια.
2467 1671 2810 1745 Προσέθηκαν
2871 1671 2927 1723 δὲ
2974 1671 3038 1741 τῇ
3090 1670 3362 1740 ἐπιγραφῇ
3407 1667 3491 1730 τὴ,
3537 1668 3664 1736 ὑπὲρ

454 1792 551 1846 pro
584 1777 650 1830 iis
677 1776 766 1846 qui
796 1776 1284 1840 commutabuntur,
1315 1776 1439 1845 quia
1473 1775 1575 1846 ipsi
1606 1778 1768 1831 etiam
1793 1777 1884 1846 qui
1914 1777 2023 1831 haec

2129 1767 2247 1822 τῶν
2278 1763 2866 1833 ἁλλοιωθησομέγων·
2896 1759 3079 1831 ἐπειδὴ
3121 1761 3214 1812 καὶ
3238 1759 3390 1812 αὐτοὶ
3413 1759 3465 1810 οἱ
3518 1757 3662 1811 ταῦτα

457 1873 762 1943 proferunt,
796 1888 828 1926 a
860 1870 1002 1926 tristi
1037 1885 1289 1926 sermone
1316 1869 1381 1923 ad
1406 1869 1580 1924 laetius
1603 1869 1874 1922 canticum
1898 1885 2019 1922 mu-

457 1966 714 2044 tationem
749 1965 948 2019 fecere.
974 1962 1088 2016 lm‘o
1113 1963 1277 2015 etiam
1311 1975 1432 2030 qua:
1461 1961 1517 2013 in
1548 1967 1663 2013 toto
1690 1959 1901 2014 cantico
1939 1959 2020 2014 fe-

455 2063 674 2118 runtur,
702 2055 1002 2109 mutatione
1047 2051 1313 2121 frequenti
1348 2051 1505 2121 plena
1536 2056 1682 2105 sunt.
1713 2047 1846 2102 Nam
1878 2048 2022 2103 Dile-

455 2155 578 2203 ctus
634 2148 749 2211 Dei,
819 2161 943 2201 cum
1005 2144 1354 2212 semetipsum
1413 2143 1730 2208 exinanivit,
1793 2140 2018 2196 formam

456 2241 601 2296 servi
657 2239 930 2308 accipiens
979 2249 1032 2292 et
1087 2238 1273 2292 habitu
1319 2237 1571 2292 inventus
1607 2249 1666 2292 ut
1697 2238 1880 2300 homo,
1914 2251 2020 2289 non

456 2346 676 2400 parvam
707 2330 1056 2383 mutationem
1092 2328 1365 2384 sustinere
1391 2329 1544 2385 visus
1573 2338 1678 2394 est,
1707 2330 1809 2385 etsi
1838 2338 2024 2399 utpote

458 2421 622 2484 Deus,
652 2421 1006 2476 immutabilis
1034 2429 1087 2476 et
1116 2421 1449 2476 invariabilis
1473 2422 1564 2476 sit.
1582 2421 1686 2487 Qui
1719 2437 1848 2476 vero
1878 2421 2022 2476 illius

457 2529 622 2584 Opera
655 2529 685 2568 a
720 2514 1032 2582 captivitate
1061 2512 1265 2567 diaboli
1288 2511 1574 2582 redempti,
1605 2511 1672 2566 ad
1719 2513 2022 2568 libertatem

457 2607 696 2660 ﬁliorum
725 2605 819 2660 Dei
851 2606 1102 2660 translati
1129 2611 1279 2668 sunt,
1313 2604 1680 2674 pulcherrima
1709 2605 1866 2676 plane
1904 2621 2025 2658 mu-

457 2697 660 2751 tatione
713 2705 841 2752 sunt
886 2694 1084 2750 aﬁ'ecti.
1114 2695 1294 2761 Quare
1323 2705 1617 2750 memorata
1662 2696 1750 2751 his
1782 2696 1838 2750 in
1886 2696 2023 2750 locis

457 2788 645 2859 regina
689 2788 909 2858 jubetur
953 2787 1198 2842 oblivisci
1230 2786 1485 2857 populum
1519 2803 1676 2843 suum
1724 2798 1777 2843 et
1804 2789 2023 2843 domum

457 2882 630 2954 patris
669 2881 774 2945 sui,
803 2888 855 2935 et
893 2879 996 2934 ﬁlia
1019 2876 1148 2951 Tyri
1180 2879 1482 2950 alienigena
1533 2880 1600 2934 ad
1646 2881 1925 2950 pulchram
1961 2881 1998 2935 ii

458 2975 567 3030 lam
599 2977 952 3030 mutationem
978 2981 1265 3040 evocatur;
1313 2974 1559 3043 virgines
1591 2989 1808 3043 quoque
1838 2980 1891 3028 et
1929 2972 2024 3026 ﬁsii

459 3066 678 3137 quidam
710 3085 803 3137 pro
833 3067 1072 3137 patribus
1100 3067 1232 3132 nati,
1267 3067 1452 3138 populi
1495 3067 1656 3122 etiam
1703 3065 1811 3121 Deo
1855 3067 2024 3119 conli-

2089 1929 2092 1932 γ
2121 1862 2417 1932 φάσκοντες
2445 1856 2722 1911 ἀλλοίωσιν
2747 1852 2843 1923 τὴν
2867 1849 2974 1905 ἀπὸ
3017 1851 3124 1904 τῶν
3149 1849 3489 1922 σκὺθρωπιῖιν
3520 1847 3663 1914 λόγων

2118 1954 2208 2006 ἐπὶ
2238 1951 2333 2023 τὴν
2357 1947 2714 2019 φαιδροτὲραν
2743 1943 2882 2014 ᾠδὴν
2913 1944 3251 2012 πεποίηνταιι
3293 1942 3368 1994 Οὐ
3403 1939 3510 2012 μὴν

2119 2045 2210 2098 καὶ
2237 2042 2306 2095 τὰ
2349 2040 2695 2113 ὲμφερόμενα
2727 2037 2792 2089 δι’
2821 2036 2946 2105 ὅλης
2984 2035 3083 2104 τῆς
3121 2033 3261 2104 ᾠδῆς
3293 2033 3553 2103 πλείστης
3584 2049 3663 2083 πε-

2121 2136 2393 2209 πλήρωται
2419 2131 2768 2193 ἀλλοιώσεως.
2790 2131 2856 2182 Ὃ
2877 2146 2935 2180 τε
2957 2126 3061 2198 γὰρ
3107 2125 3412 2195 Ἀγαπητὸς
3422 2123 3517 2177 τοῦ
3532 2122 3664 2181 Θεοῦ.

2121 2227 2309 2280 ἑαυτὸν
2341 2223 2600 2285 κενώσας,
2628 2222 2721 2274 καὶ
2759 2219 2968 2290 μορφὴν
2996 2211 3179 2271 δούλου
3213 2215 3413 2280 λαϐὼν,
3451 2215 3664 2286 σχήματι

2121 2316 2362 2390 εὑρεθεὶς
2390 2315 2465 2378 ὡς
2485 2312 2786 2384 ἄνθρωπος,
2845 2309 3125 2362 ἀλλοίωσιν
3173 2308 3234 2359 οὐ
3272 2306 3372 2377 τὴν
3423 2305 3664 2376 τυχοῦσαν

2121 2406 2296 2472 ἔδοξεν
2331 2403 2640 2474 ὑπομένειν,
2665 2399 3015 2461 ἀναλλοίωτος
3050 2395 3125 2450 ὢν
3154 2398 3246 2449 καὶ
3299 2396 3564 2468 ἄτρεπτος
3605 2393 3664 2456 ὡς

2123 2496 2272 2559 Θεὸς’
2316 2494 2368 2546 οἵ
2397 2510 2456 2546 τε
2487 2492 2554 2545 δι’
2576 2489 2739 2544 αὐτοῦ
2767 2490 2864 2560 τῆς
2899 2487 3001 2540 ὑπὸ
3021 2487 3110 2540 τὸν
3142 2485 3384 2540 διάϐολον
3417 2484 3664 2556 αἰχμαλιψ

2126 2588 2244 2651 σίας
2263 2585 2644 2658 λυτρωθέντες,
2670 2584 2747 2645 είς
2781 2579 3090 2650 ἐλευθερίαν
3121 2596 3177 2630 τε
3210 2579 3306 2648 τὴν
3337 2577 3444 2630 ὑπὸ
3471 2577 3546 2648 τῷ
3569 2574 3664 2645 Θεῷ

2129 2676 2596 2751 μετενηνεγμένοι,
2649 2674 2746 2745 τὴν
2795 2672 3087 2743 καλλίστην
3139 2669 3354 2742 ἀληθῶς
3394 2667 3545 2722 αὐτοὶ
3590 2668 3665 2721 ἁλ-

2125 2771 2338 2824 λοίωσιν
2372 2767 2836 2839 ὑπομεμενήκασι.
2869 2762 2959 2814 Διὺ
3002 2760 3097 2813 καὶ
3127 2762 3162 2831 ἡ
3200 2760 3550 2831 ὲμφερομένη
3576 2760 3665 2820 τοῖς

2126 2863 2302 2932 λόγοις
2333 2860 2613 2931 βασίλισσα
2671 2855 2947 2910 κελεύεται
3004 2851 3174 2922 λήθην
3222 2850 3546 2922 ποιήσασθαι
3591 2848 3663 2900 τοῦ

2126 2954 2254 3010 λαοῦ
2285 2954 2480 3023 ἑαυτῆς
2501 2951 2593 3006 καὶ
2642 2949 2735 3004 τοῦ
2789 2948 2936 3002 οἴκου
2969 2947 3064 3000 τοῦ
3098 2945 3300 3017 πατρὸς
3354 2942 3566 3013 ἑαυτῆς
3593 2940 3666 2993 καὶ

2128 3048 2371 3119 θυγάτηρ
2393 3047 2449 3099 δὲ
2479 3045 2653 3115 Τύρου
2675 3042 2964 3112 ἀλλόφυλος
2991 3040 3082 3093 ἐπὶ
3125 3039 3224 3108 τὴν
3267 3035 3437 3107 καλὴν
3469 3032 3665 3106 μεταϐο-

459 3166 655 3224 tentes,
686 3158 872 3212 eadem
903 3159 1199 3214 mutatione
1225 3159 1430 3230 dignati
1455 3166 1601 3213 sunt.
1635 3157 1876 3223 Quorum
1905 3172 2023 3212 om-

2128 3141 2224 3212 λὴν
2251 3139 2450 3209 ταύτην
2483 3138 2741 3190 καλεῖται·
2767 3133 3022 3206 παρθένοι
3050 3149 3109 3184 τε
3142 3131 3236 3183 καὶ
3265 3128 3368 3181 υἱοί
3394 3143 3538 3189 τινες
3559 3121 3666 3178 ἀντι

459 3248 611 3301 nium
639 3262 802 3302 causa
827 3248 1098 3302 canticum
1122 3263 1216 3312 pro
1248 3249 1315 3302 iis
1345 3249 1434 3319 qui
1463 3246 1924 3301 comntutabuntur
1946 3246 2024 3301 in-

461 3338 724 3408 scriptum
756 3345 874 3406 est;
908 3339 1010 3402 vel,
1035 3338 1334 3393 secundum
1374 3339 1645 3409 Aquilam,
1679 3337 1742 3390 de
1761 3337 1920 3400 (iliis;
1951 3337 2025 3390 si-

460 3447 547 3494 ve,
579 3429 878 3485 secundum
912 3428 1320 3500 Symmachum,
1351 3445 1446 3499 pro
1477 3429 1717 3498 ﬂoribus.
1765 3427 1900 3482 Nam
1929 3429 2024 3500 qui

461 3521 782 3575 commutati
822 3529 972 3584 sunt,
1003 3522 1202 3576 bonum
1257 3521 1528 3592 spirantes
1577 3521 1820 3585 odorem,
1863 3530 2026 3591 alque

460 3629 599 3669 nova
630 3613 884 3671 Ecclesia:
918 3614 1179 3686 plantatio
1201 3615 1398 3680 eliecti,
1429 3615 1533 3668 hoc
1577 3613 1796 3669 nomine
1840 3614 2026 3684 appel~

461 3707 556 3761 lati
586 3715 733 3763 sunt.
759 3708 940 3774 Quare
975 3717 1032 3760 ut
1058 3707 1171 3760 inec
1215 3705 1442 3776 intelligi
1491 3712 1737 3775 possent,
1768 3719 2023 3759 necessa-

462 3800 546 3854 rio
573 3802 816 3856 auditum
847 3800 905 3855 in
932 3800 1092 3855 titulo
1122 3798 1245 3863 fuit,
1275 3797 1344 3852 ad
1383 3797 1743 3858 intellectum;
1774 3797 1834 3850 ut
1867 3794 2026 3849 intel~

461 3895 694 3966 ﬁgamus
747 3901 916 3948 totam
961 3890 1234 3948 sermonis
1279 3889 1474 3945 seriem
1510 3887 1783 3942 canticum
1817 3900 1915 3955 pro
1946 3884 2029 3938 Di~

464 3988 604 4041 lecto
635 3984 951 4055 complecti;
981 3991 1095 4046 aut,
1117 3984 1414 4038 secundum
1452 3980 1857 4052 Symmachum,
1885 3977 2028 4032 Can-

467 4081 626 4133 ticum
655 4081 709 4132 in
749 4079 1026 4131 Dilectum.
1060 4075 1173 4131 Hoc
1201 4085 1380 4130 autem
1431 4074 1486 4128 in
1539 4074 1658 4128 loco
1695 4071 1877 4126 omnia
1909 4085 2028 4140 qua:

465 4171 533 4226 de
550 4170 756 4225 Dilecto
788 4168 1034 4223 feruntur
1060 4167 1284 4236 colligas
1313 4172 1562 4235 oportet;
1593 4163 1754 4235 quale
1782 4174 1866 4218 est
1894 4160 2026 4215 illud

465 4261 619 4316 Isaiae
645 4279 659 4316 :
696 4259 932 4315 Cantabo
963 4273 1088 4312 sane
1119 4256 1321 4312 Dilecto
1363 4257 1629 4309 canticum
1658 4254 1848 4308 Dilecti
1867 4255 2027 4307 vinea:

468 4371 616 4409 mete.
652 4353 814 4406 Vinea
861 4351 1006 4421 facta
1034 4359 1110 4405 est
1142 4349 1346 4404 Dilecto
1364 4349 1429 4403 °'.
1459 4348 1624 4415 Queis
1665 4345 2024 4417 signiﬁcatur,

466 4446 679 4501 vineam
711 4445 930 4516 quidem
960 4459 1082 4500 esse
1109 4442 1327 4497 domum
1358 4440 1543 4505 Israel,
1573 4439 1628 4494 id
1657 4439 1800 4494 enim
1841 4439 1896 4493 in
1941 4453 2021 4492 se-

2123 3230 2386 3300 ετατέρων
2402 3229 2722 3299 γενόμενοι,
2745 3225 2861 3279 λαοί
2891 3241 2948 3277 τε
2961 3219 3440 3293 ἐξομολογούμενοι
3465 3215 3540 3288 τῷ
3552 3212 3666 3283 Θεῷ,

2124 3325 2221 3395 τῆς
2276 3324 2443 3392 αὐτῆς
2487 3320 2794 3391 ἠξιώθησαν
2855 3316 3209 3379 ἀλλοιώσεως.
3274 3309 3377 3366 ’Ὦν
3427 3312 3485 3365 δὲ
3531 3310 3666 3362 ἓνεκα

2125 3417 2339 3469 πάντων
2355 3413 2502 3482 ὑπὲρ
2523 3411 2640 3464 τῶν
2653 3405 3222 3475 ἀλλοιωθησομένων
3234 3401 3624 3474 προγέγραπται
3641 3397 3666 3464 ἡ

2124 3510 2253 3580 ιξ›δή’
2277 3505 2496 3561 κατὰδὲ
2523 3504 2612 3556 τὸν
2657 3499 2906 3562 Ἀκύλαν,
2953 3497 3052 3550 ἐπὶ
3099 3496 3222 3561 τοῖς
3265 3495 3510 3563 κρίνοις·
3549 3486 3665 3543 κατὰ

2123 3600 2180 3652 δὲ
2207 3599 2297 3650 τὸν
2314 3597 2622 3669 Σύμμαχον,
2641 3593 2790 3660 ὑπὲρ
2812 3587 3157 3643 τῶνάνθῶν.
3177 3588 3238 3640 Οἱ
3259 3585 3369 3657 γὰρ
3391 3580 3668 3638 ἀλλοιωθὲν·

2123 3709 2234 3755 τες,
2264 3687 2406 3745 οὗτοι
2437 3689 2657 3750 εὐωδίας
2686 3683 3032 3746 πνεύσαντες,
3064 3681 3157 3733 καὶ
3196 3678 3331 3747 ἄνθη
3379 3675 3544 3748 νεαρὰ
3584 3671 3667 3740 τῆς

2137 3781 2460 3854 Ἐκκλησίας
2493 3779 2792 3848 γενόμενοι,
2811 3773 2994 3828 τοῦτον
3035 3770 3428 3841 ὠνομάσθησαν
3458 3770 3543 3821 τὸν
3567 3764 3666 3836 τρό-

2127 3892 2245 3928 πον.
2277 3875 2385 3935 Διὸ,
2421 3873 2507 3924 ἵνα
2537 3869 2710 3921 ταῦτα
2742 3864 2928 3936 νοηθῇ,
2956 3861 3269 3931 ἀναγκαίως
3297 3856 3664 3930 πρόσκειταιτῇ

2129 3965 2417 4034 προγραφῇ
2444 3961 2522 4023 τὸ,
2548 3961 2635 4023 εἰς
2657 3958 2930 4010 σύνεσιν·
2969 3955 3060 4006 καὶ
3102 3953 3188 4005 ἵνα
3243 3949 3512 4021 συνῶμεν,
3539 3950 3604 4010 ὡς
3643 3949 3665 4000 6

2127 4062 2235 4124 πᾶς
2263 4059 2418 4126 λόγος
2441 4055 2579 4126 ᾠδὴν
2635 4050 2875 4124 περιέχει
2939 4049 3076 4120 ὑπὲρ
3137 4044 3232 4100 τοῦ
3297 4041 3662 4115 Ἀγαπητοῦ,ἠ

2128 4151 2269 4206 κατὰ
2316 4149 2406 4202 τὸν
2462 4147 2772 4216 Σύμμαχονο
2818 4138 3018 4212 *ᾼσμίι
3069 4142 3153 4205 εὶς
3186 4139 3293 4191 τὸν
3344 4134 3661 4204 Ἀγαπητόν.

2132 4241 2300 4297 Ἔνθα
2329 4239 2384 4292 δὲ
2405 4238 2708 4308 γενόμενος,
2739 4235 2913 4288 πάντα
2929 4235 3026 4286 ὅσα
3043 4249 3106 4284 πε
3117 4231 3169 4301 pi
3211 4227 3517 4299 Ἀγαπητοῦ
3566 4241 3666 4278 σνν-

2128 4336 2292 4404 ἀξεις’
2321 4329 2430 4386 οἷον
2456 4333 2512 4384 ὲν
2539 4330 2752 4401 Ἡσαΐᾳ·
2779 4329 2939 4398 ’ᾼσω
2956 4325 3030 4393 δὴ
3054 4323 3130 4389 τῷ
3156 4322 3514 4393 ἠγαπημένῳ
3531 4313 3665 4389 ᾆσμα

2128 4429 2234 4483 τοῦ
2259 4423 2581 4496 Ἀγαπητοῦ
2611 4421 2688 4488 τῷ
2721 4417 3024 4489 ἀμπελῶνί
3057 4434 3196 4487 μου.
3243 4416 3536 4484 Ἀμπελὼν
3564 4410 3665 4478 ἐγε-

465 4539 760 4610 quentibus
791 4537 1136 4601 declaratur;
1176 4533 1443 4590 Dilectum
1493 4543 1672 4586 autem
1723 4531 1875 4586 illum
1907 4544 2023 4585 esse

2130 4520 2283 4589 νήθη
2321 4518 2400 4584 τῷ
2449 4513 2828 4587 ἠγαπημένῳ·
2881 4510 2946 4562 δι’
2977 4503 3051 4563 ὧν
3076 4507 3394 4578 σημαίνεται
3435 4500 3663 4576 άμπελῲν

468 4628 816 4701 Unigenitum
835 4627 928 4682 Dei
959 4625 1178 4690 Filium,
1214 4625 1372 4695 cujus
1397 4624 1575 4694 portio
1598 4637 1663 4676 ac
1684 4621 1831 4692 prior
1856 4621 2026 4676 haere-

467 4721 612 4779 ditas
648 4722 750 4776 fuit
780 4725 1080 4776 memorata
1108 4719 1202 4772 illa
1230 4718 1406 4774 vinea.
1444 4714 1710 4782 Quoniam
1745 4720 1923 4768 autem
1944 4712 2027 4767 dio

467 4817 644 4872 lectus
673 4815 900 4886 quilibet
929 4814 1242 4882 diligentem
1279 4827 1339 4867 se
1365 4811 1543 4872 habet,
1578 4809 1661 4864 his
1691 4807 1836 4862 clare
1877 4820 2026 4859 com-

470 4913 830 4971 monstratur,
855 4904 1067 4960 vineam
1097 4903 1244 4957 illam
1273 4901 1678 4972 possessionem
1713 4897 1900 4952 Dilecti
1932 4893 2026 4949 Dei

470 4998 665 5065 fuisse,
696 4997 856 5069 cujus
883 4997 1056 5069 gratia
1085 5009 1326 5066 presens
1359 4993 1651 5056 canticum,
1676 5007 1771 5061 pro
1799 4988 2026 5052 Dilecto,

475 5090 794 5160 inscriptum
823 5097 925 5144 est.
950 5088 1010 5142 ln
1043 5087 1275 5143 Psalmis
1303 5100 1517 5156 quoque
1537 5085 1739 5139 dictum
1763 5091 1846 5137 est
1879 5099 1892 5135 :
1921 5079 2029 5133 Do-

475 5184 644 5237 minus
673 5181 819 5236 dabit
859 5179 1080 5235 Verbum
1099 5177 1574 5250 euangelizantibus
1607 5175 1794 5229 virtute
1836 5171 2025 5226 multa.

545 5340 592 5371 ⁸³
634 5336 736 5394 lsa.
769 5354 823 5402 v,
857 5337 908 5392 ί.

546 5496 624 5566 (1)
654 5491 1016 5566 ᾍγιιδτίψόν.⁸
1041 5487 1206 5566 _Apud
1249 5483 1544 5566 Eusebium
1593 5471 2028 5566 idem‘signnizﬁleat

476 5543 623 5639 quod,
652 5543 973 5639 ιᾷὂξςὸάεῦᾗξ,
1000 5543 1061 5613 id
1100 5543 1213 5639 Est,
1249 5543 2030 5639 υηίβεξιίιυεῘΞσυρίζω-Ἑξείης

480 5615 844 5694 ὖξίῖιίῖίιῐηῖ.
878 5615 1123 5693 Εἶνθπο,
1172 5615 1309 5681 teste
1347 5615 1727 5694 Athanasio};
1748 5616 1792 5679 1,
1822 5631 1874 5684 p.
1903 5615 2030 5694 ϐψ,

479 5684 908 5762 ἱὲιῐὶιὲὶὶἱίξιίιίά
930 5715 1033 5754 usu
1079 5684 1227 5751 venit
1256 5709 1359 5749 vox
1399 5693 1490 5745 illa
1519 5691 1662 5760 apud
1689 5687 1923 5762 Graecos.
1955 5684 2031 5762 T6

475 5754 854 5845 ἓξᾶγῖτὲιῇὄν,
881 5754 967 5828 sic
998 5768 1108 5833 ille,
1141 5766 1234 5819 και
1260 5762 1515 5833 Ἕλληνες
1555 5754 1734 5814 ἴσασιν
1780 5758 1828 5810 oi
1871 5754 2033 5809 δεινοὶ

2136 4614 2231 4682 μὲν
2263 4613 2290 4664 6
2311 4606 2456 4673 οἶκος
2478 4607 2572 4661 τοῦ
2604 4603 2834 4677 Ἰσραήλ·
2858 4600 3016 4655 τοῦτο
3054 4599 3162 4671 γὰρ
3203 4601 3328 4670 ἑξῆς
3361 4601 3388 4652 6
3433 4599 3573 4666 λόγος
3595 4594 3664 4662 5r,-

2132 4705 2230 4758 λοί·
2268 4699 2617 4772 ἠγαπημένος
2657 4698 2711 4750 δὲ
2737 4697 2830 4749 καὶ
2870 4692 3174 4762 Ἀγαπητὺς
3199 4693 3228 4745 6
3257 4691 3556 4762 Μονογενὴς
3585 4684 3662 4740 τοῦ

2132 4793 2266 4848 Θεοῦ
2301 4793 2444 4855 Υἱὸς,
2477 4783 2538 4843 οὗ
2574 4789 2729 4860 μερὶς
2785 4785 2974 4855 γέγονε
3005 4782 3095 4836 καὶ
3129 4782 3323 4854 κλῆρος
3388 4776 3663 4853 πρότερπὸ

2131 4886 2386 4960 δηλωθεὶς
2416 4883 2692 4955 ἀμπελών.
2760 4879 2912 4934 Ἐπεὶ
2955 4877 3011 4931 δὲ
3071 4877 3178 4939 πᾶς
3221 4875 3562 4947 ἠγαπημένος
3583 4867 3664 4924 καὶ

2133 4979 2415 5050 ἀγαπητὸς
2470 4976 2582 5046 ἔχει
2613 4973 2703 5026 τὸν
2727 4971 3045 5042 ἀγαπῶντα,
3077 4967 3262 5037 σαφῶς
3292 4967 3383 5021 διὰ
3435 4961 3663 5050 τούτωνρ

2132 5045 2285 5140 λδγος
2309 5045 2603 5141 παρίστησι
2625 5065 2713 5118 τὸν
2741 5061 3034 5134 ἀμπελῶνα
3067 5060 3250 5130 κτῆμα
3292 5056 3556 5126 γεγονέναι
3583 5045 3661 5141 10:3

2146 5137 2450 5234 Ἀγαπητοῦ
2484 5137 2576 5214 τοῦ
2601 5156 2755 5220 Θεοῦ,
2790 5155 2916 5226 περὶ
2957 5145 3018 5206 οὗ
3060 5155 3093 5224 ἠ
3125 5149 3454 5222 προκειμένη
3481 5143 3577 5218 ᾡδὴ
3599 5137 3662 5190 ιτ·

2131 5472 2257 5542 περὶ
2288 5470 2385 5533 τὰς
2416 5468 2606 5533 λέξεις,
2640 5470 2721 5542 ὅτι
2753 5465 2864 5542 (eo!
2903 5463 3018 5542 ἐστὶ
3047 5461 3123 5532 τῷ
3149 5461 3347 5542 εἰπεῖν,
3376 5449 3659 5542 μονογεγίςξέ

2129 5527 2389 5595 ϐαἶιδνιιηὶ
2442 5527 2633 5593 norunt
2677 5539 2778 5606 ipsi
2823 5533 2992 5589 Gra'ci
3018 5573 3032 5594 ,
3072 5527 3175 5606 qui
3202 5527 3488 5606 dictionum
3527 5527 3661 5606 petii!

2129 5621 2269 5668 sunt.
2305 5611 2554 5664 dilectum
2580 5596 2716 5662 idem
2759 5622 2872 5661 esse
2899 5615 3053 5674 atque
3084 5596 3421 5671 unigenitum.
3454 5596 3548 5651 Pro
3567 5601 3661 5661 qua

2133 5697 2190 5736 re
2217 5680 2494 5751 probanda
2527 5679 2682 5736 aﬁ'ert
2716 5678 2806 5734 ille
2827 5675 3046 5731 Homeri
3075 5686 3338 5728 carmina.
