3822 6280
154 382 248 436 5'35

1256 373 1758 429 COMMENTARIA
1803 362 1866 430 IN
1906 376 2247 433 Psamos.

3274 380 3375 435 591

152 513 310 569 ρηται,
335 493 481 561 ὑπὲρ
501 490 601 545 τοῦ
642 489 994 559 Ἀγαπτιτοῦ.
1030 490 1138 541 Καὶ
1167 489 1222 542 ὲν
1247 490 1494 561 Ψαλμοῖς
1520 491 1577 543 δὲ
1607 491 1691 543 λέ-

1817 492 1903 545 ἶωῖ
1933 493 2184 547 virtutum
2217 492 2409 546 Dilecti
2426 494 2505 559 ‘3;
2538 494 2626 548 ubi
2649 505 2832 565 aperte
2863 513 2927 552 ac
2960 498 3239 568 speciatim
3270 498 3377 555 Do-

152 586 331 641 λεκται·
357 584 567 651 Κύριος
603 580 776 635 δώσει
792 579 958 648 ῥῆμα
1004 579 1126 644 τοῖς
1152 580 1694 649 εὐαγγενῖιζὶγμένοις

153 676 369 745 δυνάμει
402 670 620 742 πολλῇ.
670 673 731 724 Ὀ
760 670 1061 734 βασιλεὺς
1103 669 1220 722 τῶν
1248 668 1559 738 δυνάμεων
1587 670 1692 722 τοῦ

160 763 483 836 Ἀγαετητοῦ.
510 762 699 829 Σαφῶς
723 761 778 812 δὲ
798 760 1073 813 κάνταῦθα
1109 759 1251 822 ἰδίως
1288 778 1393 830 μνη
1404 762 1697 831 μονευομέ-

152 876 225 911 νου
254 854 447 927 Κυρίου
476 852 569 906 τοῦ
598 851 732 904 Θεοῦ
784 850 889 903 τῶν
918 851 1072 903 ὅλων·
1114 852 1205 905 καὶ
1234 851 1393 903 πάλιν
1419 851 1563 914 ἰδίως
1593 848 1687 902 τοῦ

160 944 457 1016 ’Δγαπητοῦ,
487 947 580 998 καὶ
637 946 694 996 ὲν
723 946 788 1014 τῇ
818 945 976 1014 τρίτῃ
1008 943 1159 1006 τάξει
1200 941 1307 994 τῶν
1355 940 1698 1009 εὐαγγελιζο-

153 1039 413 1113 μένωνστὸν
453 1036 781 1105 Ἀγαπητὸν,
821 1030 901 1098 οἷς
955 1034 1188 1088 δίδοσθαι
1231 1036 1381 1105 ῥῆμα
1426 1033 1486 1097 ἐξ
1532 1033 1696 1086 αὑτοῦ

150 1130 226 1185 τοῦ
252 1128 375 1182 Θεοῦ
400 1126 601 1181 ἀνωθεν
647 1126 915 1187 λέλεκται,
953 1126 1045 1176 καὶ
1076 1126 1107 1192 ἡ
1141 1126 1267 1194 περὶ
1298 1124 1389 1175 τοῦ
1447 1123 1697 1192 Σωτῆρος

307 1218 611 1271 συνίσταται
669 1215 964 1286 μαρτυρία.
998 1215 1107 1268 Kal.
1145 1217 1201 1267 ὲν
1230 1214 1399 1285 ἑτέρῳ
1437 1214 1493 1265 δὲ
1542 1210 1697 1277 αὖθις

152 1313 354 1383 εἴρηται·
386 1310 495 1364 Καὶ
519 1314 551 1363 ὁ
582 1307 973 1377 ήγαπημένος
995 1309 1073 1372 ὡς
1101 1306 1227 1372 υἱὸς
1251 1303 1693 1373 μονοκερώτων.

150 1402 433 1475 Προκείσθω
466 1401 673 1463 τούτοις
726 1402 820 1452 καὶ
866 1396 926 1452 τδ
957 1398 1376 1467 ἐπισφράγισμα
1406 1396 1514 1449 τῶν
1539 1396 1696 1459 ὅλων,

149 1495 201 1549 τὸ
224 1497 469 1565 σωτήριον
489 1495 563 1563 (1)
588 1492 918 1560 Εὑαγγὲλιον
935 1494 991 1543 ὲν
1012 1493 1160 1560 φωνῇ
1177 1493 1412 1560 πατρικῇ
1433 1489 1520 1541 τὸν
1538 1491 1699 1552 Ἀγα-

152 1583 295 1655 πητὺν
317 1582 511 1638 ἄνωθεν
535 1585 663 1653 παρ’
696 1581 999 1652 ἀνθρώποις
1029 1580 1262 1643 ἐδείκνυ,
1296 1580 1490 1649 βοώσῃ·
1514 1576 1709 1643 Οὗτός

150 1672 295 1727 ἐστιν
329 1677 360 1727 ό
407 1673 539 1737 Υἱός
566 1689 687 1740 μου
730 1673 762 1724 o'
797 1669 1121 1739 ἀγαπητὸς,
1183 1671 1251 1722 ἐν
1297 1664 1344 1735 ᾧ
1374 1670 1698 1736 εὐδόκησα.

153 1764 396 1818 Τοσούτων
425 1762 889 1832 ἀποδεδειγμένων
928 1760 1176 1833 περὶτοῦ
1220 1760 1548 1831 Ἀγαπητοῦ,
1605 1778 1701 1814 σα-

1797 585 1979 638 minus
2033 584 2174 639 Deus
2227 586 2605 640 universorum
2649 600 3013 662 memoratur;
3048 607 3110 647 ac
3156 607 3375 646 rursum

1799 675 2083 743 speciatim
2123 676 2388 740 Dilectus,
2428 692 2491 730 ac
2521 678 2739 731 demum
2774 681 2936 735 tertio
2972 682 3179 745 ordine,
3211 700 3374 738 evan.

1797 766 2090 835 gelizantes
2136 766 2424 829 Dilectum,
2455 768 2654 836 quibus
2702 770 2770 823 ab
2821 771 2939 838 ipso
2995 772 3101 826 Deo
3140 770 3373 839 Verbum

1798 855 1936 915 dari.
1976 857 2230 926 superius
2280 857 2483 911 dictum
2525 866 2643 924 est;
2677 860 2865 928 sicque
2899 863 3271 915 testimonium
3308 865 3376 918 de

1800 945 2081 1002 Salvatore
2134 955 2325 1002 nostro
2374 949 2839 1003 constituitur.'ln
2870 952 2977 1003 alio
3012 952 3137 1004 item
3169 951 3375 1008 dictum

1798 1046 1881 1093 est
1910 1057 1923 1091 :
1956 1038 2024 1091 Et
2050 1040 2284 1094 Dilectus
2309 1041 2748 1109 quemadmodum
2780 1042 2927 1109 [ilius
2956 1043 3285 1094 unicoruium
3306 1043 3373 1097 ⁸³.

1800 1129 1897 1183 llis
1922 1131 2215 1200 adjiciatur
2270 1132 2336 1186 ad
2387 1147 2690 1187 sermonem
2735 1141 2906 1186 totum
2949 1134 3373 1202 obsignandum,

1801 1222 2042 1276 salutare
2078 1221 2431 1292 Evangelium
2468 1236 2693 1293 paterna
2742 1240 2876 1277 voce
2912 1224 3179 1279 Dilectum
3232 1227 3373 1294 apud

1800 1313 2048 1367 homines
2071 1314 2309 1367 clamore
2340 1313 2485 1367 edito
2517 1324 2973 1370 commonstrasse
3002 1336 3013 1368 :
3046 1316 3147 1367 llic
3174 1325 3251 1368 est
3274 1314 3377 1368 Fi-

1802 1405 1903 1459 lius
1939 1421 2081 1459 meus
2110 1404 2351 1468 dilectus,
2380 1406 2433 1457 in
2458 1422 2559 1474 quo
2591 1407 2717 1458 milii
2744 1405 3229 1473 complacui”.Tot
3257 1414 3380 1459 tan-
3443 1463 3446 1466 ,

1803 1492 1983 1561 lisque
2035 1492 2100 1546 de
2129 1492 2343 1546 Dilecto
2397 1494 2640 1562 prolatis,
2679 1496 2838 1564 plana
2875 1497 3094 1549 demum
3147 1510 3210 1548 ac
3259 1496 3379 1549 sine

1801 1584 2233 1636 contradictione
2280 1584 2442 1637 fuerit
2495 1585 2608 1638 hrec
2654 1587 2936 1655 prophetia
2987 1588 3039 1640 in
3096 1588 3250 1640 titulo
3297 1586 3380 1640 s'c

1801 1675 2082 1726 enuntiata
2118 1693 2129 1728 :
2167 1674 2445 1730 Canticum
2490 1692 2583 1743 pro
2620 1676 2846 1731 Dilecto.
2884 1676 3039 1741 Quod
3076 1686 3255 1731 autem
3291 1678 3379 1731 hic

1804 1764 1918 1832 ipse
1948 1765 2200 1821 Christus
2230 1767 2415 1829 fuerit,
2444 1770 2583 1823 alius
2636 1769 2703 1821 ab
2749 1784 2833 1831 eo,
2860 1770 2950 1839 qui
3003 1771 3177 1832 ipsum
3212 1770 3376 1823 inun-

153 1855 239 1926 φὴς
259 1854 318 1907 ἂν
344 1854 425 1923 εἴη
483 1854 669 1906 λοιπὸν
702 1854 795 1906 καὶ
840 1852 1237 1921 ἀναμφίλεκτος
1282 1854 1314 1921 ἡ
1360 1851 1692 1922 προκειμένη

1817 1855 1880 1907 tit
1937 1853 2118 1920 Patre,
2145 1857 2196 1909 in
2220 1858 2408 1911 eodem
2442 1860 2653 1928 psalmo
2677 1867 2863 1928 postea
2895 1859 3227 1911 declaratur.
3252 1858 3379 1911 llaec

151 1944 420 2017 προφητεία
462 1945 554 1997 διά
598 1947 695 2014 τῆς
753 1943 1080 2012 προγραφῆς
1133 1941 1518 2014 φήσασα-ἐὶδὴ
1543 1941 1694 2009 ὑπὲρ

151 2040 238 2094 τοῦ
277 2037 626 2107 Ἀγαπητοῦ.
662 2037 781 2088 ’Ότι
806 2036 862 2088 δὲ
888 2038 915 2088 6
948 2034 1179 2104 Χριστὸς
1216 2032 1282 2103 ἦν
1314 2029 1489 2096 οὗτος,
1514 2034 1698 2103 ἔτερος

1801 1946 2017 2014 quidem
2049 1947 2115 1999 de
2146 1947 2303 2001 titulo
2336 1948 2480 2002 dicta
2506 1950 2657 2017 ‘sint;
2693 1949 2975 2018 sequentia
3014 1949 3206 2002 iterum
3238 1963 3380 2017 pro-

1807 2036 2056 2103 pheticus
2086 2039 2290 2091 chorus
2318 2040 2588 2102 enuntiat,
2616 2039 2708 2108 qui
2747 2040 2927 2107 priora
2958 2038 3237 2091 narrabat.

151 2130 367 2203 ὢνπαρά
423 2132 513 2184 τὸν
567 2131 831 2201 χρίσαντα
859 2130 1022 2182 αὑτὸν
1056 2128 1292 2199 Πατέρα,
1342 2128 1546 2189 προϊὼν
1574 2128 1700 2198 ἑξῆς
1740 2130 1767 2179 ὁ
1797 2130 1953 2199 λόγος
2007 2135 2065 2186 ὲν
2090 2132 2235 2203 αὐτῷ
2287 2134 2363 2204 τῷ
2428 2133 2629 2203 ψαλμῷ
2682 2134 3014 2205 παρέστησε.
3059 2132 3243 2185 Ταῦτα
3280 2131 3380 2203 μὲν

152 2219 227 2277 οὖν
254 2225 324 2286 εἰς
350 2224 443 2294 τὴν
476 2223 806 2295 προγραφὴν
842 2223 1098 2293 εἰρήσθω·
1161 2222 1235 2275 τάν
1272 2223 1315 2274 δ’
1346 2223 1472 2293 ἑξῆς
1516 2223 1676 2276 πάλιν
1703 2226 1733 2275 6
1769 2225 1928 2293 χορὸς
1982 2227 2013 2277 6
2042 2227 2379 2297 προφητικὸς
2430 2228 2779 2299 διεξέρχεται,
2838 2229 2869 2280 6
2926 2228 3020 2280 καὶ
3060 2228 3126 2279 τὰ
3187 2226 3380 2295 πρῶτα

151 2318 418 2385 διεξελθών.

147 2445 151 2484 ῐ
206 2433 347 2495 Τινὲς
363 2433 644 2504 ᾠήθησαν,
673 2433 751 2497 ὡς
782 2436 844 2486 ἐκ
879 2433 1167 2504 προσώπου
1221 2432 1313 2486 τοῦ
1364 2432 1579 2503 Πατρὸς
1609 2433 1699 2485 λέ-

152 2521 314 2588 τεσθαι
346 2523 431 2575 τὸν
462 2523 681 2592 ψαλμὸν
715 2526 832 2594 ἦτοι
865 2523 963 2593 τὴν
986 2524 1125 2594 ᾠδὴν
1161 2526 1291 2593 περὶ
1343 2524 1433 2576 τοῦ
1471 2526 1526 2575 ὲν
1556 2525 1697 2594 ἀρχῇ

152 2614 278 2677 bino;
300 2614 430 2685 πρὸς
459 2616 630 2668 αὑτὸν
652 2616 845 2684 Λόγου,
874 2616 932 2667 ὃν
953 2616 1017 2667 ἐκ
1067 2616 1165 2683 τῆς
1198 2616 1362 2668 οἱονεὶ
1393 2616 1638 2685 καρδίας,
1664 2614 1698 2683 ἢ

154 2705 303 2758 αὐτῶν
360 2707 463 2759 τῶν
500 2707 848 2777 σπλάγχνων,
891 2708 1043 2776 φησὶ,
1100 2708 1405 2778 προήγαγε·
1460 2708 1551 2759 καὶ
1595 2704 1702 2757 ἀπὸ

154 2794 332 2866 ἀγαθῆς
366 2798 598 2869 καρδίας
651 2798 849 2865 ἀγαθὸς
883 2797 1040 2865 λόγος
1098 2798 1387 2867 προῆλθεν.
1455 2795 1607 2867 Ἐμοὶ
1642 2796 1701 2861 δξ

154 2883 277 2939 δοκεί
300 2888 465 2943 ταῦτα
493 2889 594 2942 ἐπὶ
622 2888 682 2941 τὸ
736 2890 1070 2960 προφητικὸν
1121 2888 1485 2960 ἀναφέρεσθαι
1536 2890 1711 2960 προσ-ι’

154 2993 295 3031 ωπον·
322 2979 387 3031 τά
411 2980 517 3052 γὰρ
552 2982 634 3050 ἐφ’
662 2979 788 3046 ἑξῆς
818 2980 910 3033 τοῦ
947 2981 1111 3051 ῥητοῦ
1142 2982 1323 3033 οὐκέτι
1363 2981 1564 3049 ὁμοίως
1620 2981 1706 3046 ἐξ-

1873 2432 2099 2499 Quidam
2128 2433 2377 2488 arbitrati
2408 2441 2535 2489 sunt
2559 2450 2622 2488 ex
2646 2446 2876 2504 persona
2906 2432 3085 2488 Patris
3110 2433 3382 2502 psalmum

1804 2525 1918 2580 sive
1947 2526 2219 2580 canticum
2254 2528 2596 2596 pronuntiari
2626 2527 2693 2581 de
2723 2525 2923 2588 Verbo,
2957 2526 3101 2593 quod
3140 2525 3192 2578 in
3230 2525 3384 2594 prin-

1804 2616 1944 2685 cipio
1976 2625 2094 2671 erat
2136 2618 2277 2686 apud
2313 2616 2503 2680 Deum,
2542 2618 2795 2688 quodque
2826 2618 2940 2687 ipse
2972 2633 3069 2671 ceu
3101 2630 3169 2670 ex-
3195 2615 3381 2675 corde,

1806 2706 1919 2761 sive
1944 2723 2011 2762 ex
2038 2708 2172 2777 ipsis
2203 2708 2506 2763 visceribus
2540 2708 2797 2778 produxit
2832 2727 2843 2761 :
2878 2717 2931 2762 et
2955 2724 3021 2761 ex
3049 2709 3189 2761 bono
3218 2707 3384 2761 cordo

1808 2798 2011 2852 bonum
2042 2797 2269 2853 verbum
2302 2798 2524 2868 prodiit.
2554 2798 2681 2851 Mihi
2708 2812 2870 2868 porro
2904 2799 3017 2851 hare
3047 2797 3111 2850 ad
3144 2799 3379 2867 prophe-

1809 2888 1979 2943 ticum
2027 2889 2254 2945 chorum
2293 2888 2576 2943 referenda
2608 2889 2860 2943 videntur
2890 2908 2913 2942 ε·
2936 2903 3056 2957 qua:
3082 2888 3224 2942 enim
3259 2895 3383 2957 post

1812 2978 2017 3032 dictum
2070 2979 2383 3047 hujusmodi
2440 2979 2870 3047 subsequuntur,
2903 2994 3011 3032 non
3058 2979 3131 3031 ita
3166 2979 3384 3048 planam

153 3066 366 3135 ομαλίςει
393 3071 522 3139 ἡμῖν
552 3071 651 3140 τὴν
674 3071 800 3140 περὶ
824 3070 917 3123 τοῦ
959 3071 1172 3141 Πατρὸς
1215 3070 1493 3142 ἐξήγησιν.
1555 3068 1697 3123 Οὔτε

1817 3070 2063 3124 exhibent
2104 3070 2261 3125 nobis
2296 3070 2363 3125 de
2400 3069 2560 3125 Patre
2589 3071 2985 3124 narrationem.
3020 3070 3207 3140 Neque
3234 3069 3382 3124 enim

154 3156 244 3229 γὰρ
268 3159 325 3211 ἂν
358 3161 485 3231 7:591
507 3161 611 3230 τῆς
636 3162 828 3215 ἑαυτοῦ
854 3160 1105 3232 γλώσσης
1131 3164 1158 3213 6
1186 3163 1373 3233 Πατὴρ
1407 3158 1579 3226 εἶπεν,
1600 3162 1702 3215 ὅτι·
1723 3166 1739 3183 ⁶

238 3249 293 3303 Ἠ
311 3250 563 3319 γλῶσσά
584 3268 703 3321 μου
740 3252 1007 3322 κάλαμος
1036 3252 1416 3321 γραμματέως
1459 3253 1710 3320 ὀξυγρά-

156 3352 272 3406 μου.
301 3341 517 3409 Ὠραῐος
560 3342 771 3399 κάλλει
801 3342 961 3410 παρὰ
981 3343 1120 3408 τοὺς
1146 3345 1315 3409 υἱοὺς
1344 3341 1462 3396 τῶν
1488 3328 1710 3410 ἀνθρώ-

158 3442 283 3483 των.
320 3434 395 3486 Οὐ
422 3435 530 3505 γάρ
559 3437 627 3487 ἐκ
655 3435 752 3510 τῆς
783 3434 917 3504 πρὸς
958 3435 1083 3496 τοὺς
1118 3432 1438 3505 ἀνθρώπους
1480 3432 1715 3503 συγκρίαν

159 3539 274 3588 σεως
292 3526 383 3595 τὴν
408 3526 685 3598 ὑπεροχὴν
721 3526 814 3579 τοῦ
846 3526 1074 3588 κάλλους
1107 3526 1238 3595 ἔχει.
1273 3526 1381 3579 Καὶ
1416 3523 1622 3597 ’προῖὼν
1653 3523 1711 3576 δέ

158 3627 286 3683 φησι·
319 3615 419 3670 Διὰ
460 3615 639 3669 τοῦτο
690 3615 898 3685 ἔχρισέ
944 3632 1016 3670 σε
1047 3618 1080 3668 ό
1131 3614 1275 3680 Θεὸς
1320 3618 1353 3668 ό
1408 3616 1557 3679 Θεός
1594 3629 1712 3665 σου

158 3704 336 3760 ἔλαιον
359 3708 795 3777 ἀγαλλιάσεως·
837 3709 898 3760 οὐ
938 3708 1045 3779 γάρ
1087 3704 1261 3759 εἶπεν·
1328 3706 1582 3775 Ἐχρισά
1637 3722 1713 3760 σε

157 3795 254 3865 ἐγὼ
278 3802 311 3851 ό
337 3802 501 3866 Θεὸς,
546 3800 664 3853 ἀλλ’
696 3799 904 3869 ἐχρισέ
937 3817 1029 3853 σε’
1064 3798 1206 3853 ὥστε
1265 3801 1330 3850 ὲκ
1351 3797 1541 3851 τούτου
1573 3815 1715 3868 παρ-

160 3884 386 3940 ίστασθαι
425 3889 619 3958 ἕτερον
665 3884 805 3941 εἶναι
858 3889 920 3940 τὸ
967 3888 1346 3957 διαλεγόμενον
1396 3887 1706 3957 πρόσωπον.

159 3972 295 4028 Ποῖον
313 3972 401 4029 οὖν
426 3980 547 4031 ἐστι
575 3978 790 4049 τοῦτοῆ
838 3979 868 4030 6
902 3980 1206 4049 προφήτης,
1257 3978 1287 4030 6
1324 3978 1578 4047 χωρήσας
1615 3977 1713 4046 τὴν

156 4067 413 4138 τοῦάγίου
469 4069 789 4140 Πνεύματος
847 4071 927 4131 εἰς
974 4070 1163 4123 ἑαυτὸν
1208 4069 1510 4138 γενομένην
1566 4068 1716 4138 ἐνέρ-

158 4170 292 4224 γειαν
309 4175 325 4223 ;

229 4251 365 4304 Ἀντι
385 4253 441 4306 δὲ
468 4251 589 4311 τοῖν
635 4248 1084 4319 Ἑξηρεύξατοή
1130 4247 1340 4315 καρδία
1356 4263 1495 4315 μου,
1526 4246 1556 4297 ὁ
1577 4244 1713 4315 Σύμ-

165 4357 340 4412 μαχος·
401 4342 676 4408 Ἐκινήθη
701 4381 715 4405 ,
788 4340 986 4409 φησὶν,
1054 4339 1092 4405 ἡ
1146 4337 1359 4404 καρδία
1398 4355 1518 4406 μου
1562 4337 1720 4405 λόγῳ

160 4432 352 4501 ἀγαθῷ.
408 4434 498 4496 ὀς
550 4434 659 4504 γὰρ
714 4431 905 4502 ἐτέρου
934 4430 1365 4497 ἀπαγγείλαντος
1410 4429 1500 4481 τὸν
1536 4428 1712 4495 λόγον,

165 4524 304 4587 αὐτὸς
330 4523 650 4595 κεκινῆσθαί
675 4540 806 4593 φησι
852 4521 941 4576 διὰ
989 4524 1087 4591 τῆς
1132 4519 1319 4592 ἀκοῆς.
1376 4521 1465 4580 Ἑν
1498 4519 1576 4590 τῷ
1610 4521 1719 4589 φάο

166 4629 312 4669 σχειν·
338 4616 502 4685 Λέγω
535 4615 650 4685 ἐγὼ
669 4615 742 4668 τὰ
789 4614 932 4683 ἔργα
962 4631 1079 4683 μου
1111 4612 1191 4677 τῷ
1212 4611 1481 4675 βασιλεῖ,
1515 4611 1721 4664 οὐδέτε-

159 4720 246 4774 ιρον
263 4706 477 4778 δηλοῦσι
509 4706 754 4777 βασιλέα,
784 4704 926 4774 ἢτον
972 4703 1278 4773 Ἀγαπητὸν
1318 4702 1499 4764 αὐτὸν,
1535 4696 1580 4769 ᾧ
1623 4703 1719 4762 καὶ

162 4796 225 4850 τὰ
238 4800 355 4868 ἑξῆς
387 4798 725 4868 πεφώνηται.
752 4797 938 4866 Τούτῳ
989 4795 1119 4867 γὰρ,
1151 4795 1303 4865 φησὶ,
1331 4794 1401 4847 τά
1442 4794 1578 4865 ἔργα
1621 4811 1719 4864 μου

166 4888 491 4965 διηγήσομαιο
515 4894 551 4963 ἢ
582 4891 723 4945 κατὰ
770 4891 860 4943 τὸν
906 4886 1133 4942 Ἀκύλαν
1161 4889 1255 4942 καὶ
1280 4889 1372 4941 τὸν
1403 4886 1717 4958 Σύμμαχον,

166 4984 605 5054 τὰδικαιὼματά
630 5001 750 5053 μου
798 4979 1118 5049 ἐξαγγελῶ.
1173 4980 1382 5051 Πολλῆς
1440 4979 1494 5031 δὲ
1533 4979 1719 5048 γέμων

168 5078 453 5149 παρρησίας
488 5078 577 5130 ἐπ’
598 5076 832 5145 κάγαθοῖς
870 5074 1051 5145 ἔργοις
1104 5075 1139 5125 6
1168 5071 1275 5124 τῶν
1307 5070 1598 5142 προφητῶν
1629 5087 1719 5140 χο-

170 5169 269 5238 ρὸς.
309 5170 483 5225 ταῦτα
532 5169 709 5237 λέγειν
758 5167 1112 5239 τεθάρσηκεν.
1159 5166 1219 5217 Εἰ
1277 5163 1335 5217 δὲ
1382 5165 1477 5217 καὶ
1519 5160 1720 5231 γνῶναι

169 5259 333 5325 ποθεῖς
355 5261 478 5314 τίνα
533 5255 603 5331 ἦν
643 5259 753 5313 τῶν
794 5257 1091 5330 προφητῶν
1123 5256 1189 5309 τὰ.
1239 5255 1394 5326 ἔργα,
1440 5252 1630 5324 μάθοις
1657 5252 1721 5305 ἂν

169 5350 247 5405 su
270 5352 373 5405 τῶν
400 5351 731 5422 ἔμπροσθεν,
776 5352 835 5406 ὲν
877 5344 958 5412 οἷς
1003 5348 1254 5416 ἔφασκον·
1311 5346 1501 5399 Ταῦτα
1530 5344 1726 5397 πάντα

171 5432 337 5503 ἦλθεν
364 5440 458 5508 ἐφ’
495 5438 673 5507 ἡμᾶς,
703 5438 803 5492 καὶ
828 5439 939 5497 οὐκ
981 5434 1388 5504 ὲπελαθόμεθά
1434 5450 1572 5498 σου,
1626 5434 1722 5487 καὶ

173 5530 273 5582 οὐκ.
296 5527 1061 5597 ἠδικήσαμεν-ἑνιΔιωθήκῃ
1093 5542 1228 5580 σου*
1258 5526 1355 5579 καὶ
1382 5525 1563 5579 πάλινσ
1594 5525 1725 5576 Ὅτι

1809 3161 1877 3216 de
1906 3161 2089 3231 lingua
2122 3176 2218 3215 sua
2250 3160 2412 3217 Pater
2438 3162 2675 3215 dixerit:

1878 3249 2044 3305 Vens.
2081 3252 2197 3305 5-8.
2236 3250 2442 3321 Lingua
2481 3268 2597 3304 mea
2631 3252 2871 3306 calamus
2910 3252 3098 3305 scribae
3143 3250 3386 3305 velociter

1810 3341 2101 3398 scribentis.
2133 3340 2409 3410 Speciosus
2445 3341 2619 3409 [arma
2663 3358 2772 3408 pro:
2811 3343 2938 3411 ﬁliis
2977 3342 3266 3394 hominum.
3298 3336 3387 3392 Si-

1811 3431 2029 3501 quidem
2080 3433 2506 3502 pulchritudinis
2562 3433 2930 3501 prazstantiam
2980 3448 3047 3487 ex
3101 3446 3388 3501 compara-

1812 3526 1957 3578 tione
1980 3539 2105 3577 cum
2123 3525 2437 3579 hominibus
2463 3540 2574 3579 non
2604 3533 2909 3578 mutuatur.
2944 3523 3001 3576 ln
3033 3523 3386 3592 sequentibus

1812 3630 1941 3670 vero
1980 3616 2107 3669 ait:
2142 3614 2423 3683 Propterea
2463 3617 2615 3669 unxit
2656 3626 2703 3669 te
2745 3616 2886 3671 Deus
2917 3616 3055 3669 Deus
3103 3627 3226 3668 tuus
3273 3616 3388 3669 oleo

1816 3705 2059 3767 lwtitia’;
2086 3722 2263 3774 neque
2312 3707 2457 3765 enim
2510 3708 2620 3760 ait:
2648 3705 2788 3759 Πιιωί
2839 3716 2885 3759 te
2928 3723 3021 3775 ego
3064 3706 3227 3768 Deus,
3263 3706 3383 3767 sed,

1815 3798 1966 3848 unxit
2002 3806 2083 3859 te;
2120 3796 2194 3849 ita
2221 3802 2279 3848 ut
2311 3796 2439 3850 hinc
2474 3795 2739 3864 liquidum
2789 3796 2861 3849 sit
2912 3796 3068 3849 aliain
3096 3810 3388 3864 personam

1816 3904 1937 3943 esse
1984 3904 2105 3957 qum
2153 3888 2414 3958 loquitur.
2450 3885 2708 3950 Quaenam
2760 3885 2926 3954 igitur
2975 3886 3087 3949 illa,
3125 3886 3230 3939 nisi
3260 3901 3392 3955 pro-

1817 3979 1975 4048 pheta
2005 3977 2098 4048 qui
2131 3978 2380 4047 illapsam
2431 3976 2670 4047 Spiritus
2701 3978 2877 4033 sancti
2910 3978 3018 4031 vim
3050 3976 3106 4029 in
3147 3992 3207 4030 se
3238 3990 3389 4029 rece-

1819 4067 1936 4135 pit?

1894 4243 2003 4299 Pro
2053 4244 2146 4297 illo
2198 4252 2403 4307 autem,
2466 4242 2739 4297 Eructavit
2773 4260 2863 4297 eor
2913 4258 3105 4305 meum,
3144 4241 3393 4313 Symma-

1822 4339 1981 4400 chus,
2020 4334 2349 4391 Commotum
2376 4344 2476 4392 est,
2504 4336 2703 4404 inquit,
2736 4352 2827 4389 cor
2848 4350 3017 4388 meum
3049 4332 3201 4387 verba
3235 4334 3390 4386 bono.

1821 4428 1958 4482 Nam
1987 4428 2151 4483 veluti
2202 4428 2308 4483 alio
2360 4428 2586 4482 verbum
2634 4427 3008 4488 renuntiante,
3060 4441 3119 4480 se
3167 4425 3392 4479 auribus

1822 4527 2157 4574 commotum
2202 4534 2326 4574 esse
2363 4520 2518 4575 dicit.
2572 4519 2710 4574 Cum
2748 4529 2928 4574 autem
2980 4519 3078 4578 ait,
3130 4515 3261 4568 Dico
3301 4530 3393 4583 ego

1825 4626 1982 4679 opera
2022 4628 2137 4665 mea
2164 4612 2293 4681 regi,
2329 4626 2437 4664 non
2486 4611 2651 4664 alium
2705 4625 2888 4679 regem
2918 4623 3080 4678 quam
3126 4606 3392 4659 Dilectum
3428 4664 3431 4667 ς

1826 4704 2094 4774 signiﬁcat
2120 4722 2135 4770 ;
2168 4706 2235 4757 ad
2267 4718 2427 4772 quem
2463 4702 2588 4763 item
2612 4702 2887 4772 pertinent
2916 4714 2978 4753 ea
3004 4713 3124 4767 qua:
3157 4711 3391 4765 sequun-

1828 4806 1936 4850 tur.
1974 4795 2133 4858 Huic,
2169 4797 2544 4865 inquit,‘opera
2578 4808 2698 4848 mea
2725 4791 2996 4856 narrabo;
3032 4790 3166 4852 sive,
3200 4802 3393 4843 secun-

1825 4887 1955 4941 dum
1987 4888 2240 4956 Aquilam
2279 4892 2341 4941 et
2369 4884 2778 4955 Symmachum,
2822 4879 3223 4948 iustificationes
3252 4894 3396 4931 meas

1825 4978 2129 5033 enuntiabo.
2164 4976 2524 5046 Propheticus
2554 4982 2735 5028 autem
2759 4973 2960 5027 chorus
2987 4984 3178 5039 magna
3210 4968 3276 5023 de
3300 4968 3384 5021 bo

1826 5071 1914 5124 nis
1946 5070 2204 5139 operibus
2235 5067 2433 5122 ﬁducia
2466 5067 2680 5134 plenus,
2713 5064 2828 5117 haec
2860 5061 3198 5115 conﬁdenter
3245 5059 3395 5113 locu-

1827 5169 1916 5215 tus
1944 5169 2046 5215 est.
2081 5157 2237 5224 Quod
2266 5157 2311 5211 si
2339 5170 2501 5209 nosse
2528 5154 2717 5222 cupias
2743 5166 2989 5221 quaenam
3023 5150 3116 5202 illa
3163 5148 3395 5218 prophe-

1834 5262 2009 5306 tarum
2042 5266 2225 5320 opera,
2259 5266 2326 5305 ex
2367 5245 2801 5319 prazcedentibus
2853 5241 3070 5297 ediscas
3103 5239 3251 5306 licet,
3304 5238 3395 5291 ubi

1832 5344 1911 5398 sic
1941 5343 2109 5398 locuti
2140 5349 2268 5398 sunt
2298 5360 2310 5393 :
2344 5339 2473 5392 Rrec
2505 5337 2684 5391 omnia
2713 5341 2957 5387 venerunt
2978 5347 3131 5401 super
3160 5347 3275 5393 nos,
3308 5343 3397 5381 nec

1832 5435 1981 5490 obliti
2004 5450 2184 5488 smnus
2219 5444 2287 5495 te,
2319 5439 2367 5485 et
2394 5430 2569 5496 inique
2602 5442 2704 5480 non
2743 5426 2942 5495 egimus
2987 5424 3042 5475 in
3068 5421 3397 5477 Testamento

1833 5531 1923 5575 tuo
1965 5521 2038 5574 “z
2083 5536 2148 5574 ac
2186 5533 2424 5581 rursum,
2481 5516 2705 5583 Propter
2736 5525 2782 5567 te
2832 5514 3216 5581 mortiﬁcamur
3275 5516 3384 5563 toto

239 5681 281 5713 “
320 5681 462 5738 Psal.
500 5697 683 5747 van,
718 5681 905 5735 4245.
980 5681 1026 5712 “
1064 5678 1209 5735 Psal.
1241 5692 1445 5741 xum,
1477 5677 1533 5730 6.
1608 5677 1654 5708 “
1696 5674 1708 5729 l

1817 5675 1885 5727 ιιι.
1921 5687 2071 5738 xvu,
2103 5672 2156 5726 5.
2234 5672 2279 5702 “
2318 5670 2462 5725 Psal.
2499 5686 2633 5724 mu
2658 5712 2671 5737 ,
2706 5671 2796 5728 18.

239 5775 310 5845 (l)
334 5777 629 5845 Σωτήρων,
661 5776 713 5830 id
743 5783 848 5837 est,
883 5774 1219 5830 Salvatorem
1242 5770 1552 5828 enuntians.

479 5864 753 5923 PATIOL.
807 5862 927 5924 Gn.
976 5862 1208 5923 XXIII.

2973 5838 3046 5900 18
