3822 6280
419 373 528 431 395

1142 368 1413 427 EUSEBII
1446 368 1924 447 QIESARIENSIS
1958 369 2107 427 OPP.
2146 370 2325 428 PARS
2359 370 2449 433 ΠΙ.
2495 404 2551 414 -
2581 373 2989 431 EXEGETICA.
3581 372 3670 434 396

421 488 592 547 die".
626 487 879 562 Magnum
912 503 1077 559 porro
1099 502 1238 559 opus
1269 495 1389 543 erat
1426 488 1607 544 futura
1639 504 1736 560 per
1765 490 2000 561 linguam

2110 493 2288 548 ἕνεκὰ
2320 509 2435 548 σου
2461 494 2867 565 θανατούμεθα
2915 494 3069 563 ὅλην
3095 474 3222 564 τὴνΔ
3249 494 3498 565 ἡμέραν.
3531 495 3672 565 Μέγα

421 578 738 645 vaticinari,
771 589 934 651 atque
964 579 1074 650 regi
1111 579 1166 633 in
1219 579 1439 634 cantico
1469 579 1596 635 boni
1625 581 1803 635 nuntii
1837 581 2002 634 mini-

422 680 600 727 strum
632 685 775 727 esse.
811 670 946 742 Ejus
978 677 1160 724 autem
1190 670 1333 734 loco,
1359 670 1599 725 calamus
1644 671 1829 725 scribta
1867 671 2004 725 velo-

421 763 554 817 citer
609 762 913 825 scribentis,
971 759 1191 831 Aquila,
1252 760 1492 816 calamus
1541 762 1729 816 scribta
1783 764 2001 826 velocis;

424 852 787 925 Symmachus
817 867 966 918 vero,
1007 852 1187 921 lingua
1216 868 1330 905 mea
1360 852 1530 923 stylus
1562 852 1746 908 scriba:
1793 854 1999 908 velocis.

421 944 691 1015 Quodque
726 944 977 1000 mirabile
1029 943 1327 999 admodum
1382 951 1487 1008 est,
1545 944 1787 1015 linguam
1846 960 2002 1000 suam

418 1051 532 1092 non
566 1050 790 1090 manum
828 1036 1025 1092 scriba:
1071 1035 1295 1100 eruditi,
1327 1051 1503 1106 neque
1541 1036 1779 1092 scribam
1812 1044 2001 1100 vocat,

422 1126 520 1184 sed
552 1127 823 1181 calamum
848 1128 1044 1184 scriba:
1075 1127 1336 1183 velociter
1360 1127 1683 1194 scribentis;
1714 1127 2003 1183 declarans

424 1218 668 1286 linguam
717 1218 1119 1288 propheticam,
1177 1217 1405 1273 alterius
1462 1232 1526 1273 ea
1559 1219 1788 1283 utentis,
1825 1219 2003 1275 sancti

421 1308 678 1365 videlicet
707 1308 970 1380 Spiritus,
996 1310 1427 1365 instrumentum
1452 1322 1596 1364 esse.
1628 1308 1677 1364 Is
1708 1324 1839 1363 sane
1865 1308 2005 1363 scri-

429 1401 524 1465 ba,
555 1399 716 1470 cujus
765 1401 940 1472 stylus
975 1410 1029 1456 et
1062 1400 1308 1455 calamus
1338 1407 1456 1454 erat
1485 1399 1874 1469 prophetarum
1906 1398 2006 1453 lin-

423 1504 566 1560 gua;
603 1490 675 1546 ita
727 1494 788 1544 ut
832 1487 976 1543 alius
1014 1496 1163 1543 esset
1191 1484 1372 1543 scriba
1417 1488 1678 1543 velociter
1730 1488 2001 1555 scribens,

423 1583 686 1637 nimirum
745 1579 986 1651 Spiritus
1021 1588 1267 1645 sanctus,
1318 1581 1459 1636 alius
1489 1580 1774 1651 propheta,
1808 1580 2004 1635 tertius

422 1674 612 1745 lingua
643 1672 984 1745 prophetica,
1017 1686 1140 1740 quae
1173 1671 1371 1725 calami
1404 1678 1459 1726 et
1509 1671 1637 1743 styli
1667 1671 1791 1727 loco
1837 1671 2005 1727 habe-

422 1766 609 1831 batur,
641 1772 696 1822 et
718 1765 1145 1822 instrumentum
1177 1761 1418 1835 Spiritus
1447 1763 1644 1834 sancti,
1681 1763 1774 1835 qui
1799 1778 1862 1820 ea
1886 1773 2005 1820 ute-

425 1856 610 1926 batur,
646 1864 785 1916 erat.

2106 585 2162 638 δὲ
2194 580 2260 655 ἦν
2296 585 2453 655 ἔργον
2481 586 2575 638 καὶ
2619 584 2682 638 τὸ
2709 584 2795 638 διὰ
2834 583 3080 656 γλώττης
3116 586 3186 639 τὰ
3248 586 3509 656 μέλλοντα
3554 603 3671 658 προ-

2108 677 2383 748 φητεύειν,
2417 680 2514 731 καὶ
2564 676 2641 748 τῷ
2674 677 2885 748 βασιλεί
2921 677 3283 732 διακονεῖσθαι
3324 679 3423 750 τὴν
3461 678 3672 747 εὐαγγε-

2107 769 2260 841 λικὴν
2288 770 2454 840 ᾠδήν,
2496 768 2640 822 Ἀντὶ
2702 768 2759 821 δὲ
2812 768 2928 821 τοῦο
2980 769 3258 838 Κάλαμος
3308 768 3670 839 manuario);

2107 859 2471 930 όξυγράεεου,
2522 862 2550 913 ὁ
2582 861 2680 929 μὲν
2725 859 2972 922 Ἀκύλας
3026 858 3274 928 Σχοῒνος
3312 857 3672 929 γραμματέως

2106 949 2371 1021 ταχυ-οῦ·
2422 952 2451 1003 ὁ
2490 951 2548 1004 δὲ
2599 951 2912 1022 Σύμμαχος·
2948 950 2987 1018 ἡ
3028 934 3285 1019 γλῶσσά
3333 966 3478 1019 μου,
3534 947 3668 1018 φησι,

2106 1043 2387 1110 γραφεῖον
2411 1041 2678 1110 γραφέως
2714 1040 2982 1109 ταχινοῦ.
3029 1037 3243 1111 Σφόδρα
3265 1038 3322 1091 δὲ
3362 1038 3671 1116 θαυμαστῶς

2106 1133 2202 1204 τὴν
2239 1132 2427 1186 ἑαυτοῦ
2457 1132 2731 1201 γλῶσσαν,
2770 1132 2830 1185 ού
2882 1133 3043 1202 χεῖρα
3065 1130 3444 1202 γραμματέως
3474 1130 3672 1202 interi;—

2110 1242 2289 1296 μονος,
2323 1225 2442 1279 οὐδὲ
2472 1224 2806 1296 γραμματέα
2839 1224 3025 1294 φησὶν,
3060 1222 3195 1276 ἀλλὰ
3248 1222 3497 1293 κάλαμον
3518 1239 3671 1295 γραμ-

2109 1314 2322 1385 ματέως
2339 1314 2668 1387 ὀξυγράφου·
2719 1313 2915 1386 δηλῶν,
2942 1314 3023 1367 ὅτι
3055 1312 3286 1384 ὄργανον
3308 1306 3389 1383 ἦν·
3415 1313 3448 1383 ἡ
3479 1326 3669 1383 προφη-

2107 1401 2231 1472 τικὴ
2252 1401 2469 1470 γλῶσσα
2494 1403 2685 1473 ἑτέρου
2710 1400 2806 1473 τοῦ
2832 1401 3114 1473 χρωμένου
3148 1402 3309 1472 αὐτῇ,
3346 1399 3507 1467 ἁγίου
3527 1398 3672 1454 Πνεύ·

2110 1510 2277 1564 ματος
2299 1512 2310 1525 ν
2343 1494 2482 1564 ὅπερ
2523 1494 2551 1546 ὁ
2589 1495 2970 1565 γραμματεὺς,
3004 1487 3066 1547 οὗ
3108 1495 3371 1564 γραφεῖον
3396 1491 3496 1545 καὶ
3526 1492 3671 1546 κάλα·

2111 1602 2207 1654 μος
2242 1584 2536 1655 ἐτύγχανεν
2564 1587 2595 1656 ή
2625 1585 2731 1639 τῶν
2761 1586 3056 1657 προφητῶν
3076 1587 3319 1655 γλῶσσα,
3346 1584 3483 1639 ὥσθ’
3506 1584 3671 1657 ἕτερον

2106 1672 2243 1729 εἶναι
2277 1676 2367 1729 τὸν
2400 1676 2705 1748 ὁξυγράιρον
2739 1677 3094 1750 γραμματέα,
3143 1676 3344 1748 δηλαδὴ
3379 1675 3439 1729 τὸ
3470 1675 3670 1746 Πνεῦμα

2105 1766 2165 1820 τὸ
2196 1766 2372 1836 ἅγιον,
2388 1767 2483 1821 καὶ
2513 1767 2696 1840 ἕτερον
2753 1767 2843 1843 τδν
2877 1769 3181 1840 προφήτην,
3230 1767 3325 1822 καὶ
3380 1756 3563 1839 τρίτον
3590 1765 3670 1838 τὴν

2032 1844 2078 1901 Β
2107 1853 2355 1924 γλῶσσαν
2383 1858 2482 1928 τὴν
2516 1857 2880 1931 προφητικὴν,
2915 1858 2950 1928 ἡ
2980 1857 3226 1930 καλάμου
3278 1856 3376 1911 καὶ
3422 1857 3669 1928 γραφείου

428 1946 615 2019 χώραν
642 1949 879 2021 ἐπεῖχεν,
936 1950 1165 2023 ὄργανον
1215 1950 1559 2021 τυγχάνουσα
1588 1948 1681 2003 τοῦ
1730 1946 2013 2021 χρωμένου
2049 1948 2189 2019 αὐτῇ
2216 1948 2374 2017 ἁγίου
2400 1949 2737 2022 Πνεύματος.

496 2036 794 2095 Sciendum
829 2047 1010 2095 autem
1053 2048 1160 2105 est,
1189 2039 1491 2096 secundum
1527 2038 1880 2109 Septuaginta
1912 2036 2003 2090 in-

421 2135 712 2199 terpretes,
743 2130 1071 2184 sententiam
1105 2128 1588 2202 [subsequentem]
1621 2130 1832 2186 calamo
1854 2127 2001 2185 scri-

426 2222 508 2276 bm
561 2220 937 2290 coniunctam,
969 2228 1134 2289 atque
1163 2227 1340 2276 totum
1368 2221 1649 2291 eloquium
1693 2235 1807 2276 uno
1838 2234 2001 2276 versu

423 2309 883 2380 comprehensum
916 2324 1060 2373 esse,
1099 2310 1203 2364 hoc
1237 2305 1399 2379 pacto
1430 2327 1444 2363 :
1488 2309 1695 2380 Lingua
1717 2325 1833 2364 mea
1853 2310 2003 2363 cala-

421 2415 540 2453 mus
568 2398 758 2453 scriba:
782 2399 1026 2454 velociter
1051 2401 1352 2468 scribentis,
1383 2403 1648 2472 speciosus
1682 2402 1857 2472 [arma
1889 2418 2001 2472 pra:

420 2489 549 2559 ﬁliis
578 2489 872 2542 hominum.
913 2490 980 2544 At
1009 2491 1136 2561 quia
1173 2489 1443 2548 Hebraica
1486 2493 1650 2549 lectio
1700 2501 1754 2550 et
1801 2494 2001 2563 reliqui

420 2577 771 2649 interpretes,
801 2584 1085 2651 superiore
1116 2585 1382 2639 sententia
1418 2585 1860 2657 circumscripta,
1893 2584 2002 2640 alio

420 2671 621 2728 deinde
644 2674 915 2745 principio
945 2675 999 2730 in
1024 2677 1368 2747 expositione
1419 2677 1504 2733 usi
1536 2686 1666 2745 sunt
1691 2697 1706 2745 ;
1764 2692 2003 2749 congru-

419 2769 577 2817 enter
600 2774 704 2819 nos
725 2764 888 2831 etiam
918 2764 1073 2830 illud,
1109 2764 1389 2833 Speciosus
1414 2765 1590 2835 forma
1612 2781 1734 2838 prie
1752 2766 1884 2835 ﬁliis
1903 2765 2000 2821 Ito-

418 2855 642 2920 minum,
679 2855 747 2912 ab
798 2857 905 2911 alio
945 2857 1410 2914 initioduximus.
1458 2858 1656 2929 Aquila
1700 2859 1867 2928 igitur
1900 2858 2003 2912 hac

418 2945 634 3002 ratione
682 2946 1074 3019 interpretatus
1105 2956 1212 3016 est,
1255 2948 1663 3004 Pulchritudine
1697 2959 1919 3005 ornatus
1944 2958 2030 3002 es“

422 3054 455 3094 tt
494 3033 625 3107 ﬁliis
652 3038 959 3105 hominum;
1018 3040 1384 3112 Symmachus
1411 3057 1562 3105 vero,
1596 3039 2001 3096 Pulchritudine

421 3131 637 3199 pulcher
681 3148 734 3186 es
774 3139 970 3202 prwter
1023 3132 1166 3202 filios
1211 3131 1512 3197 hominum;
1567 3133 1643 3187 ita
1687 3141 1748 3188 ut
1794 3148 1916 3204 quae
1944 3134 2001 3188 in

424 3221 646 3279 cantico
700 3223 1130 3292 praemittuntur,
1200 3224 1455 3293 prooemii
1514 3223 1690 3279 vicem
1741 3224 1996 3279 habeant.

422 3310 562 3375 Cum
593 3311 740 3366 enim
764 3310 1137 3383 propheticus
1170 3292 1376 3369 chorus
1422 3328 1731 3369 sermonem
1760 3312 1827 3368 de
1850 3313 2002 3369 Dile-
2029 3292 2075 3355 ο

423 3410 514 3468 eto
547 3400 808 3468 initurus,
840 3409 1005 3471 atque
1033 3401 1309 3457 canticum
1332 3403 1400 3457 de
1427 3402 1521 3457 illo
1553 3402 1869 3472 prolaturus
1907 3419 2000 3459 es-

423 3497 527 3557 set,
554 3490 822 3561 prommio
864 3506 999 3545 usus
1032 3497 1137 3555 est,
1194 3491 1339 3561 quod
1370 3492 1475 3547 hac
1507 3492 1779 3548 sententia
1813 3493 2003 3548 termi-

420 3591 606 3647 natur,
644 3581 852 3653 Lingua
896 3598 1012 3637 mca
1067 3583 1307 3637 calamus
1363 3582 1552 3637 scriba:
1586 3583 1832 3637 velociter
1867 3584 2004 3638 scri-

423 3676 616 3731 bentis.
652 3674 863 3730 Exinde
897 3689 1028 3729 vero
1064 3675 1343 3729 canticum
1394 3674 1451 3729 in
1483 3673 1674 3729 Dilecti
1706 3689 1999 3744 personam

422 3766 657 3831 orditur,
693 3765 881 3835 sicque
940 3765 1231 3836 compellat
1283 3764 1462 3835 ipsum
1520 3783 1534 3820 :
1597 3762 1891 3835 Speciosus
1940 3780 2001 3821 es

424 3856 620 3920 forma,
680 3856 907 3926 pulcher
959 3870 1041 3921 es,
1091 3861 1147 3911 et
1189 3853 1601 3925 pulchritudine
1652 3862 1882 3910 ornatus
1915 3870 1996 3920 es,

424 3949 538 4003 sive
566 3947 978 4019 pulchritudine
1028 3946 1321 4003 decoratus
1353 3960 1438 4013 es,
1482 3961 1515 4000 o
1572 3944 1801 4012 Dilecte,
1837 3961 2002 4016 super

425 4038 568 4093 ﬁlios
597 4038 901 4091 hominum.
929 4036 1155 4092 Etiamsi
1188 4037 1336 4093 enim
1379 4044 1495 4093 tute
1524 4052 1668 4093 unus
1710 4037 1789 4094 sis
1836 4053 1867 4092 e
1897 4052 2002 4095 nu-

427 4141 582 4184 mero
612 4126 848 4184 ﬁliorum
879 4127 1184 4193 hominum,
1212 4134 1376 4199 atque
1397 4128 1466 4184 iis
1495 4128 1589 4199 qui
1620 4129 1677 4182 in
1705 4135 1851 4183 terra
1873 4142 2000 4182 ver-

429 4228 626 4279 santur
658 4224 1056 4275 annumeratus
1096 4219 1208 4287 sis;
1262 4229 1319 4274 at
1353 4220 1503 4274 nulla
1528 4218 2003 4291 pulchritudoest

427 4318 539 4369 tuae
564 4309 952 4380 comparanda.
988 4307 1173 4363 Palam
1206 4316 1388 4366 autem
1420 4320 1504 4367 est
1548 4311 1604 4365 id
1650 4311 1832 4381 qand
1888 4312 2001 4367 vir-

422 4411 595 4463 tutem
637 4401 781 4469 dici;
816 4416 996 4473 neque
1024 4400 1172 4458 enim
1201 4401 1269 4458 iis
1298 4400 1527 4459 adversa
1561 4402 1810 4473 proferre
1839 4410 1999 4474 pute-

421 4502 514 4552 tur
539 4491 712 4548 Isaias
740 4489 871 4546 dum
901 4490 979 4544 ait
1005 4507 1020 4545 :
1059 4489 1129 4542 Et
1154 4488 1382 4544 vidimus
1417 4506 1559 4555 eum,
1607 4500 1657 4545 et
1712 4508 1817 4547 non
1843 4491 2002 4546 habe-

422 4586 512 4640 bat
556 4586 798 4654 speciem,
836 4598 997 4653 neque
1025 4582 1492 4650 pulchritudinem.
1527 4583 1632 4640 Sed
1662 4587 1857 4655 species
1885 4589 1999 4659 ejus

419 4677 764 4741 inhonorata,
789 4675 1035 4746 deﬁciens
1051 4689 1161 4744 pra:
1185 4675 1315 4744 ﬁliis
1339 4675 1677 4730 hominum“.
1699 4675 1826 4733 Haec
1840 4654 2002 4748 quip-
2033 4654 2078 4711 D

421 4780 490 4836 pe
516 4780 735 4821 crucem
762 4772 817 4820 et
836 4764 1146 4834 passionem
1180 4763 1645 4833 praenuntiabant,
1690 4782 1812 4838 qua
1841 4775 1999 4838 petu-

418 4854 590 4910 lantia
627 4860 682 4909 et
728 4854 1059 4911 contumelia
1108 4853 1278 4924 plenae
1318 4853 1473 4911 fuere
1527 4875 1540 4912 :
1595 4872 1766 4928 quare
1815 4858 2002 4915 subdit

423 4946 689 5017 propheta
707 4944 958 5011 “,Homo
987 4946 1041 4999 in
1067 4945 1233 5016 plaga
1263 4948 1542 5015 exsistens,
1568 4949 1642 5002 'ac
1667 4950 1834 5005 sciens
1863 4932 2001 5019 ferre

418 5034 808 5107 inﬁrmitatem,
832 5036 1177 5091 inhonoratus
1213 5054 1305 5092 nec
1338 5048 1612 5107 reputatus
1628 5050 1728 5096 est.
1748 5040 1999 5098 Psalmus

354 5169 363 5174 -
420 5140 554 5185 vero
595 5128 1078 5199 pulchritudinem,
1122 5145 1230 5185 non
1281 5131 1554 5201 corporis,
1604 5134 1684 5187 uti
1732 5134 1993 5201 diximus,

421 5220 696 5284 enuntiat,
720 5218 820 5276 sed
846 5219 1089 5286 virtutis,
1116 5237 1239 5292 quae
1273 5223 1477 5277 nullam
1511 5222 1753 5279 admittit
1782 5226 1993 5295 peccati

421 5306 622 5363 labem.
652 5305 765 5364 Sub
790 5308 907 5364 haec
936 5310 1138 5368 dicitur
1171 5332 1184 5368 :
1220 5312 1431 5383 Di/fusa
1457 5324 1538 5369 est
1556 5316 1733 5386 gratia
1756 5316 1809 5372 in
1842 5316 1996 5373 labiis

322 5434 331 5441 .
423 5397 552 5460 tuis;
577 5407 852 5467 propterea
883 5397 1145 5458 benedixit
1187 5409 1235 5457 te
1287 5401 1426 5456 Deus
1459 5402 1513 5457 in
1537 5413 1813 5459 mternum.
1845 5402 1998 5474 Moy-

420 5503 514 5546 ses
551 5489 719 5560 igitur
743 5492 977 5564 gratiam
1008 5493 1301 5565 quamdam
1337 5494 1580 5563 invenit;
1611 5494 1724 5552 Noe
1769 5497 1991 5561 iterum,

501 5737 540 5772 "
576 5734 722 5794 Psal.
756 5752 914 5804 mn,
944 5736 1034 5795 22.
1115 5739 1160 5771 ⁸⁸
1200 5737 1305 5795 lsa.
1344 5755 1440 5797 ιλιι
1468 5779 1482 5805 ,
1519 5739 1578 5800 2.
1656 5742 1698 5774 °’
1736 5738 1867 5795 ilid.
1901 5739 1955 5793 5.

2175 2038 2385 2092 Είδέναι
2417 2039 2473 2093 δὲ
2491 2039 2590 2105 δεῖ,
2623 2040 2700 2104 ὡς
2730 2040 2872 2094 κατὰ
2894 2041 2993 2114 τὴν
3017 2041 3124 2097 τῶν
3165 2039 3571 2116 Ἕϐδομήκοντα
3597 2043 3671 2115 έρ-

2108 2130 2332 2201 μηνείαν
2359 2132 2625 2202 συνῆπται
2658 2134 2690 2204 ή
2718 2133 2926 2187 διάνοια
2948 2133 3026 2205 τῷ
3057 2134 3290 2206 καλάμῳ
3314 2135 3409 2188 τοῦ
3438 2151 3670 2207 γραμμα-

2102 2221 2273 2305 τέωςη
2297 2222 2388 2291 ὑφ’
2416 2222 2513 2276 ἕνα
2540 2240 2599 2277 τε
2630 2225 2814 2295 στίχον
2856 2226 2916 2279 τὸ
2943 2226 3063 2281 ὅλον
3097 2226 3433 2297 ἀπείληπται
3492 2225 3667 2295 λόγιον.

2104 2309 2277 2373 οὕτως
2299 2310 2439 2382 ἔχον·
2486 2313 2546 2368 Ἠ
2568 2312 2819 2382 γλῶσσά
2839 2333 2959 2383 μου
3015 2316 3283 2386 κάλαμος
3311 2314 3670 2387 γραμματέως

2105 2401 2471 2472 ὀξυγράφου·
2498 2405 2715 2473 ὡραῖος
2741 2400 2955 2461 κάλλει
2979 2406 3139 2475 παρὰ
3189 2407 3330 2474 τοὺς
3373 2408 3547 2474 υἱοὺς
3571 2406 3670 2462 τῶν

2105 2491 2447 2561 ἀνθρώπων.
2492 2495 2646 2549 Ἐπεὶ
2681 2495 2793 2566 δὲή
2829 2495 3092 2568 Ἐϐραῖκὴ
3143 2494 3286 2560 λέξις
3316 2497 3414 2551 καὶ
3436 2498 3489 2550 οἱ
3521 2496 3669 2550 λοιποὶ

2105 2583 2457 2655 ἑρμηνευταὶ,
2486 2584 2585 2656 τὴν
2604 2585 2712 2639 τῶν
2750 2587 3007 2655 ἀνωτέρω
3046 2585 3283 2640 διάνοιαν
3313 2587 3668 2660 περιγράψαν·

2103 2690 2213 2737 τες,
2245 2675 2352 2729 ἀπὸ
2399 2676 2587 2748 ἐτέρας
2617 2679 2790 2749 ἀρχῆς
2817 2678 2914 2751 τὴν
2939 2677 3154 2733 ἔκθεσιν
3178 2680 3530 2751 ἐποιήσαντοο
3557 2679 3669 2732 είιώ

2103 2783 2209 2829 τως
2242 2767 2340 2819 καὶ
2360 2769 2520 2838 ἡμεῖς
2541 2767 2602 2833 ἐξ
2622 2769 2816 2840 ἑτέρας
2838 2770 3016 2841 ἀρχῆς
3071 2771 3152 2824 τό·
3218 2770 3453 2839 Ὠραῖρς
3482 2772 3668 2825 κάλλει

2107 2853 2262 2923 παρὰ
2297 2856 2439 2923 τοὺς
2482 2858 2648 2924 υἱοὺς
2696 2857 2815 2913 τῶν
2870 2858 3217 2928 ἀνθρώπων,
3273 2860 3664 2932 παρεθήκαμεν.

2116 2948 2173 3001 '0
2207 2948 2305 3018 μὲν
2336 2944 2429 3003 οὖν
2470 2949 2701 3014 Ἀκύλας
2743 2949 2932 3006 τοῦτον
2978 2953 3290 3024 ἡρμήνευσε
3329 2953 3425 3007 τὸν
3471 2953 3665 3024 τρόπον,

2102 3037 2332 3093 Knast
2357 3040 2752 3110 δέκαλλιώθης
2798 3042 2918 3099 ἀπὸ
2978 3040 3129 3097 υἱῶν
3180 3043 3528 3112 ἀνθρώπων·
3572 3044 3598 3096 ὁ
3622 3043 3667 3096 δὲ

2075 3130 2420 3202 οΣύμμαχοςσ
2451 3133 2677 3189 Κάλλει
2713 3134 2902 3200 καλὸς
2939 3131 2999 3188 ετ
3014 3134 3172 3205 παρὰ
3202 3136 3541 3205 τοὺςυιοὺς
3570 3133 3668 3188 τῶν

2104 3222 2451 3290 ἀνθρώπων
2483 3223 2625 3277 ὥστε
2668 3208 2817 3279 ἐἶναι
2857 3224 2943 3295 ,τὰ
2993 3225 3187 3299 πρῶτα
3247 3229 3346 3298 τῆς
3395 3226 3538 3298 ᾠδῆς
3566 3223 3667 3279 ἀντὶ

2110 3313 2395 3385 προοιμίου
2451 3314 2771 3386 λελεγμένα.
2803 3315 3030 3371 Μέλλων
3083 3317 3195 3388 γὰρ
3244 3315 3668 3386 εὐαγγελίζεσθαι

2107 3404 2198 3456 τὸν
2228 3404 2368 3477 ὑπὲρ
2393 3404 2487 3458 τοῦ
2535 3407 2847 3478 Ἀγαπητοῦ
2870 3407 3044 3476 λόγον,
3098 3409 3194 3462 καὶ
3221 3408 3318 3480 τὴν
3349 3408 3493 3482 ὑπὲρ
3522 3402 3666 3463 αὐτοῦ

2111 3496 2404 3568 προφέρειν
2431 3489 2571 3568 ᾠδὴν
2600 3498 2630 3550 ὁ
2653 3498 2990 3570 προφητικδς
3012 3499 3192 3570 χορὸς,
3207 3500 3482 3572 προοιμίῳ
3500 3499 3668 3571 κέχρην

2108 3604 2229 3651 ται,⁴
2258 3580 2462 3659 στήσας
2495 3587 2556 3641 τὸ
2583 3588 2867 3660 προοίμιον
2894 3588 3000 3655 ἔως
3024 3588 3140 3643 τοῦθ
3181 3590 3247 3643 Ἠ
3285 3590 3541 3660 γλῶσσά
3563 3606 3666 3659 μου

2110 3677 2377 3748 κάλαμος
2423 3677 2806 3748 γραμματέως
2859 3678 3225 3749 ὀξυτράερου.
3298 3680 3575 3735 Ἐντεῦθεν
3618 3678 3667 3731 δὲ

2108 3768 2633 3840 λοιπὸνάπάρχεται
2657 3769 2759 3840 τῆς
2798 3771 2879 3834 είς
2920 3771 3210 3842 πρόσωπον
3236 3770 3331 3824 τοῦ
3378 3767 3665 3842 Ἀγαπητοῦ

2108 3860 2267 3932 ᾠδῆς·
2303 3862 2579 3929 ἀναφωνεῖ
2602 3877 2663 3913 τε
2701 3860 2837 3932 πρὸς
2882 3861 3062 3915 αὐτόν·
3127 3862 3341 3934 Ὠραῖος
3386 3858 3439 3917 εἶ
3476 3861 3665 3927 κάλλει,

2109 3951 2276 4016 καλὸς
2310 3946 2381 4014 εἴ,
2404 3951 2438 4020 ἢ
2468 3949 2655 4006 κάλλει
2687 3951 3045 4022 ὲκαλλιώθης,
3074 3952 3107 4025 ἢ
3137 3953 3322 4007 κάλλει
3374 3953 3665 4027 ὡραιώθης,

2108 4035 2153 4095 ὧ
2181 4042 2479 4114 ’Δγαπητὲ,
2509 4041 2666 4112 παρὰ
2688 4043 2815 4107 τοὺς
2838 4045 2987 4108 υἱοὺς
3013 4043 3124 4098 τῶν
3147 4043 3468 4118 ἀνθρώπων.
3488 4047 3550 4099 Ei
3573 4042 3666 4113 γὰρ

2109 4135 2203 4188 καὶ
2225 4134 2293 4188 τὰ
2324 4134 2560 4204 μάλιστα
2587 4128 2668 4197 εἷς
2696 4151 2780 4198 τις
2804 4135 3035 4204 γέγονας
3079 4136 3173 4190 καὶ
3205 4137 3369 4202 αὐτὸς
3391 4138 3522 4191 υἱῶν
3574 4134 3666 4190 τῶν

2108 4223 2430 4299 ἀνθρώπων,
2459 4227 2552 4280 καὶ
2590 4225 3005 4298 κατηριθμήθης
3035 4229 3147 4292 τοῖς
3177 4230 3270 4283 ἐπὶ
3310 4230 3415 4302 γῆς
3439 4230 3666 4283 πολιτευ-

2111 4317 2384 4389 σαμένοις’
2420 4316 2535 4370 ἀλλ’
2560 4318 2661 4370 οὐκ
2705 4317 2819 4371 ἔστι
2868 4318 3237 4388 παραϐάλλειν
3269 4320 3348 4390 τῷ
3371 4321 3554 4375 κάλλει
3585 4335 3664 4374 σου

2107 4406 2313 4478 ἕτερον.
2354 4406 2521 4477 Δῆλον
2572 4406 2652 4470 δὲ,
2700 4407 2784 4460 ὅτι
2842 4407 2985 4461 κατὰ
3023 4406 3121 4479 τὴν
3155 4409 3377 4481 ἀρετήν’
3407 4409 3550 4464 οὕτω
3571 4407 3666 4479 γὰρ

2111 4498 2397 4564 οὔτε-δόξει
2455 4499 2672 4553 ἐναντία
2727 4497 2937 4564 τούτοις
2984 4499 3211 4564 Ἡσαΐας
3253 4501 3432 4570 λέγειν
3481 4501 3663 4572 φήσαςο

2108 4592 2218 4645 Καὶ
2253 4591 2457 4661 ἴδομεν
2475 4589 2683 4655 αὑτὸν,
2714 4590 2814 4643 καὶ
2839 4594 2951 4646 οὐκ
2987 4588 3151 4662 εἶχεν
3169 4588 3331 4660 εἶδος
3375 4592 3515 4648 οὐδὲ
3537 4590 3666 4646 κάλ-

2103 4685 2231 4748 λος-⁸
2259 4683 2422 4738 ἀλλὰ
2445 4682 2510 4736 τὸ
2538 4679 2699 4748 εἶδος
2729 4682 2914 4736 αὐτοῦ
2957 4680 3186 4751 ἄτιμον,
3217 4683 3498 4739 ἐκλεῖπον
3523 4682 3664 4750 παρὰ

2106 4773 2250 4839 τοὺς
2271 4772 2443 4838 υἱοὺς
2466 4770 2586 4830 τῶν
2599 4773 2943 4843 ἀνθρώπων.
2962 4774 3175 4830 Ἐκεῖνα
3196 4773 3305 4846 γὰρ
3333 4775 3424 4830 τὸν
3453 4771 3663 4845 σταυρὸν

2105 4866 2200 4919 καὶ
2228 4865 2290 4917 τὸ
2323 4864 2493 4927 πάθος
2515 4864 2910 4935 προανεφώνει,
2965 4863 3002 4919 ἃ
3033 4865 3319 4936 παροινίας
3344 4867 3437 4920 καὶ
3470 4864 3663 4936 ὕϐρεως

2110 4955 2322 5026 ὑπῆρχε
2378 4954 2570 5025 μεστά·
2617 4954 2698 5008 διὸ
2739 4953 2802 5024 δὴ
2830 4956 2926 5009 καὶ⁵
2984 4948 3264 5025 ἐπήγαγεν
3301 4957 3331 5008 ὁ
3372 4955 3660 5025 προφήτης

2111 5047 2447 5114 Ἀνθρωπος
2484 5045 2554 5099 ἐν
2575 5043 2781 5117 πληγῇ
2811 5043 2916 5111 ὢν,
2942 5044 3041 5100 καὶ
3070 5045 3243 5112 είδὼς
3267 5046 3468 5116 φέρειν
3482 5046 3661 5115 μαλα-

2104 5138 2262 5201 κίαν,
2292 5136 2590 5206 ήτιμάσθη
2646 5137 2747 5191 καὶ
2790 5139 2902 5192 οὐκ
2934 5138 3240 5210 ἐλογίσθη.
3295 5137 3356 5193 'O
3385 5139 3440 5192 δὲ
3469 5132 3662 5206 ψαλμδς

2104 5227 2297 5293 κάλλος
2331 5226 2499 5282 αὑτοῦ
2529 5229 2703 5295 καλεῖ,
2729 5228 2851 5283 καθ’
2883 5228 2919 5284 ἃ
2970 5229 3205 5302 εἴρηται,
3241 5231 3304 5284 οὐ
3332 5231 3394 5284 τὸ
3434 5226 3522 5283 τοῦ
3569 5223 3662 5280 σώ-

2108 5337 2294 5389 ματος,
2328 5319 2464 5373 ἀλλὰ
2488 5319 2546 5372 τὸ
2578 5320 2678 5390 τῆς
2700 5319 2922 5392 ἀρετῆς,
2985 5321 3260 5393 ἁμαρτίας
3293 5323 3353 5374 οὐ
3392 5320 3661 5389 δεξάμενον

2106 5409 2311 5464 σπίλον.
2368 5410 2589 5474 Τούτοις
2638 5410 2765 5482 ἑξῆς
2821 5412 3052 5483 εἴρηται’
3116 5411 3403 5482 Ἐξεχύοη
3435 5412 3471 5479 ἠ
3501 5405 3661 5477 χάρις

2104 5503 2174 5559 ὲν
2200 5503 2433 5573 χείλεσι
2461 5517 2597 5559 σου·
2632 5501 2729 5560 διὰ
2754 5504 2933 5574 τοῦτο
2951 5502 3252 5575 εὐλόγησέ
3273 5519 3348 5559 σε
3370 5495 3661 5569 ὀΘεὸςρις
