3822 6280
163 347 321 400 θεοῖ

1333 317 1846 399 contmnam

1871 341 1934 395 IN
1975 343 2312 401 PSALMOS.
2601 341 2609 343 ὴ
2825 397 2831 401 .
3336 361 3446 416 398
3495 363 3499 367 “

199 463 324 542 ,τὸν
347 458 550 516 αἰῶνα.
586 460 821 530 Matini;
853 460 949 530 μὲν
994 453 1086 514 οὖν
1122 442 1244 530 εὗρε
1281 461 1408 530 μίαν
1441 460 1560 515 τινὰ
1603 446 1759 531 χάριν

1885 447 2111 530 gratiam
2136 463 2372 532 aliquam
2401 462 2604 519 invenit
2637 450 2691 519 in
2724 476 3020 538 conspectu
3051 468 3265 524 Domini
3293 490 3306 537 ;
3333 472 3448 526 sin-

228 555 312 607 καὶ
334 552 465 605 -Νῶε
493 551 658 604 πάλιν
685 545 808 622 εἶδρέ
833 554 978 605 ’τινα
1035 548 1191 623 χάριν
1228 543 1453 604 ἐνώπιον
1500 552 1590 605 τοῦ
1622 551 1775 620 Θεοῦο

229 646 310 699 καὶ
336 645 560 707 ἕκαστος
611 643 717 695 τῶν
762 631 982 697 δικαίων
1032 644 1250 716 χάριτος
1306 644 1583 714 μετέσχεν.
1631 643 1782 696 Ἐπεὶ

226 733 378 792 δὲτοῦ
408 733 716 805 Ἀγαπητοῦ
745 735 891 788 πᾶσα
924 735 1216 806 ἠπατρικὴ
1246 738 1325 797 εἰς
1347 736 1520 788 αὑτὸν
1542 735 1776 808 ἐκενὼθη

228 826 386 898 χάρις’
411 819 474 896 ἦν
507 825 619 896 γὰρ
646 827 673 878 6
706 825 893 897 Πατὴρ
947 825 1122 880 λαλῶν
1155 829 1212 879 ὲν
1255 827 1386 897 Υίῷ·
1428 827 1576 880 ἔνθεν
1621 828 1711 880 καὶ
1744 831 1777 900 ή

225 915 639 986 διακονησαμένη
672 915 767 986 τὴν
795 918 874 979 εἰς
905 915 1222 988 ἀνθρώπους
1256 918 1418 970 αύτοῦ
1447 917 1673 988 πάροδον
1697 935 1780 972 κε-

227 1007 552 1078 χαριτωμένη
575 1005 790 1078 ἐλέχθη.
830 1008 918 1059 Ἐν
961 1009 1110 1079 αὺτῷ
1143 1009 1248 1077 γὰρ
1281 1008 1538 1080 εὐδόκησε
1574 1011 1681 1062 πᾶν
1719 1009 1778 1063 τὸ

226 1103 470 1174 πλήρωμα
480 1103 576 1173 τῆς
598 1101 847 1173 θεότητος
868 1106 1184 1174 κατοικῆσαι
1200 1101 1624 1174 σωματικῶςοδιδ
1639 1104 1774 1157 πάν-

223 1213 300 1258 τες
325 1197 370 1248 οἱ
402 1195 544 1261 ἆγιοι
588 1196 653 1246 ὲκ
698 1185 793 1247 τοῦ
852 1191 1209 1266 πληρώματος
1258 1180 1422 1248 αὑτοῦ
1475 1184 1768 1266 εἰλήφασιν.

294 1284 590 1348 Ἐπιὸαλεῖς
641 1284 698 1338 δὲ
751 1285 843 1338 καὶ
899 1283 1091 1349 οὕτως’
1127 1285 1199 1338 Τὸ
1233 1269 1446 1358 πρῶτον
1490 1285 1650 1355 ἔργον
1678 1284 1773 1337 τοῦ

233 1375 516 1446 Ἀγαπητοῦ
545 1378 578 1446 ὴ
632 1376 791 1445 χάρις
825 1378 858 1446 ἡ
923 1378 980 1428 ἐν
1012 1379 1123 1439 τοῖς
1156 1375 1384 1446 χείλεσιν
1413 1374 1573 1428 αὐτοῦ
1615 1392 1774 1444 κεχυ-

225 1470 361 1538 μένη,
393 1468 529 1521 κατὰ
574 1466 674 1538 τὴν
711 1467 1063 1522 ἀποδοθεῖσαν
1095 1468 1349 1520 διάνοιανο
1380 1467 1472 1518 καὶ
1523 1463 1643 1518 καθ’
1665 1465 1774 1518 ἓτε-

226 1575 303 1627 ρον
327 1553 628 1628 δὲτρόπον,
661 1557 700 1624 ἠ
730 1556 900 1625 χάρις
930 1556 1028 1610 καὶ
1061 1558 1098 1624 ἡ
1144 1555 1393 1622 ἀλήθεια
1424 1553 1521 1608 διὰ
1567 1553 1770 1621 Ἰησοῦ

220 1647 449 1715 Χριστοῦ
459 1645 713 1714 ἐγένετο.
735 1648 950 1718 Ἐπειδὴ
975 1647 1149 1700 πάντα
1170 1643 1522 1717 χαριζόμενος
1535 1643 1768 1716 ἔπραττε

222 1739 316 1798 τοῖς
337 1735 426 1805 μὲν
457 1735 638 1802 ἀφιεὶς
671 1733 769 1796 τὰς
795 1734 1086 1805 ἁμαρτίας,
1121 1733 1228 1786 τῶν
1255 1733 1311 1786 δὲ
1337 1732 1432 1796 τὰς
1459 1733 1645 1796 νόσους
1679 1733 1769 1786 καὶ

222 1824 305 1886 τὰς
334 1823 594 1896 μαλακίας
625 1815 873 1893 ἰώμενος,
900 1827 1010 1887 τοῖς
1034 1823 1089 1876 δὲ
1133 1823 1194 1876 τὸ
1224 1823 1375 1891 ἆγιον
1404 1821 1626 1892 Πνεῦμα
1659 1823 1755 1875 δωο

224 1917 470 1988 ρούμενος.
501 1918 576 1970 Δι’
601 1914 630 1968 ὃ
653 1915 788 1988 πρὸς
811 1913 971 1968 αὑτὸν
998 1915 1217 1978 εἰκότως
1246 1914 1448 1985 εἴρητο·
1486 1912 1764 1982 Ἑξεχύθη

223 2011 254 2075 ἡ
273 1997 427 2077 χάρις
470 2008 539 2060 ἐν
571 2009 810 2076 χείλεσι
839 2025 976 2062 σου.
1009 2003 1229 2070 Τούτοις
1280 2005 1405 2077 ἑξῆς
1431 2008 1479 2059 οἱ
1530 2005 1763 2076 πρόσθεν

222 2079 684 2170 ἀποκλαυσάμενοι,
711 2098 802 2152 καὶ
824 2098 920 2170 τὴν
947 2094 1052 2152 ὑπὸ
1077 2099 1187 2162 τοῖς
1224 2097 1502 2168 πολεμίοις
1525 2095 1764 2150 δουλείαν

223 2184 402 2245 ἑαυτῶν
427 2179 861 2261 ὑπογράψαντες,
889 2182 1158 2261 εὐκαίρως
1187 2183 1278 2240 τὸν
1318 2187 1624 2259 Ἀγαπητὸν
1662 2188 1766 2239 ἱκε-

221 2280 406 2333 τεύουσι
463 2279 697 2332 σπεῦσαι
722 2279 816 2331 καὶ
841 2278 1031 2350 μέχρις
1055 2278 1232 2331 αὐτῶν
1273 2276 1466 2348 ἐλθεῖν,
1493 2273 1767 2349 φραξάμε-

223 2378 296 2422 νον
322 2369 489 2432 ὅπλοις
517 2368 832 2439 πολεμικοῖς
853 2367 940 2421 διὰ
970 2369 1095 2430 τοὺς
1120 2367 1495 2438 ἐπικειμένους
1514 2367 1759 2438 ἐχθροὺς,

223 2457 285 2522 ὡς
311 2461 368 2512 ἂν
397 2459 815 2531 τῳπωσάμενος
840 2460 1057 2523 αὐτοὺς,
1080 2459 1179 2530 τὴν
1230 2460 1320 2511 ὑπ’
1344 2459 1525 2522 αὐτοῖς
1564 2460 1764 2528 αἰχμα-

223 2549 394 2602 λωσίαν
420 2549 775 2619 ὑπεξαγάγοι.
803 2549 892 2603 Διό
925 2565 1074 2618 φασιο
1112 2548 1437 2617 Περίζωσαι
1477 2549 1590 2615 τὴν
1613 2550 1761 2616 ῥομ-

225 2640 382 2706 φαίαν
404 2655 513 2694 σου
543 2641 644 2694 ἐπὶ
667 2641 774 2693 τὸν
790 2641 988 2709 μηρόν
1011 2654 1147 2702 σου,
1173 2637 1409 2692 δυνατέ·
1437 2636 1633 2708 ὡραῖος
1661 2638 1762 2718 μὲν

225 2729 314 2802 γὰρ
335 2727 380 2784 εἷ
403 2733 489 2785 καὶ
517 2732 703 2797 καλὸς,
740 2732 876 2803 πλὴν
905 2731 1041 2786 ἀλλὰ
1073 2730 1209 2801 πρὸς
1243 2732 1309 2800 τῇ
1337 2729 1628 2800 ὼραιότητί
1668 2747 1760 2782 σου

225 2818 448 2889 καὶπρὸς
484 2820 560 2891 τῷ
586 2821 775 2876 κάλλει
819 2838 912 2874 σου
967 2819 1204 2873 ἀνὰλασε
1263 2818 1361 2889 τὴν
1402 2817 1598 2870 σαυτοῦ
1628 2833 1762 2870 παν-

223 2909 384 2964 ιπλίαν
407 2911 471 2963 δι’
492 2914 638 2982 ἡμᾶς
667 2912 792 2976 τοὺς
823 2912 949 2974 σοὺς
1001 2911 1205 2973 ἱκέτας
1236 2909 1542 2978 ῥομφαίαν
1564 2925 1626 2962 τε
1659 2924 1761 2962 πε-

221 2999 363 3065 ρίθου
384 2999 458 3073 τῷ
479 3003 709 3057 σαυτοῦ
734 3001 919 3074 μηρῷ,
949 3002 1044 3056 καὶ
1070 3001 1213 3054 οὕτω
1246 3001 1344 3071 τὴν
1399 3000 1496 3071 σὴν
1534 3000 1762 3071 δύναμιν

226 3091 489 3155 ἀναλαϐὼν,
517 3094 750 3148 ἐντεινόν
782 3111 873 3147 σου
896 3094 964 3147 τὰ
990 3093 1136 3157 τόξα.
1173 3093 1404 3144 Ἔπειτα
1436 3089 1613 3162 βαλὼν
1634 3092 1759 3155 τοὺς
1785 3119 1830 3181 c

208 3179 438 3251 ’ίχθροὺς,
486 3184 810 3239 κατευοδοῦ
859 3185 957 3238 καί
1007 3183 1322 3248 βασίλευε.
1364 3182 1664 3253 Ῥομφαίαν
1703 3183 1760 3237 δὲ

226 3270 302 3322 τοῦ
324 3272 609 3345 ’Δγαπητοῦ
640 3275 752 3328 νόει
776 3275 874 3346 τὴν
906 3275 1132 3346 δύναμιν
1157 3274 1256 3345 τὴν
1289 3273 1396 3328 τῶν
1419 3273 1627 3345 ἐχθρῶν
1662 3290 1762 3328 κα-

225 3359 500 3436 θαιρετικὴν
525 3368 618 3420 καὶ
674 3367 1051 3438 κολαστήριονέ
1081 3365 1211 3419 Ζῶν
1235 3365 1344 3434 γὰρ
1371 3369 1404 3420 ὁ
1426 3368 1608 3436 λόγος
1654 3367 1760 3421 τοῦ

229 3452 350 3504 Θεοῦ
375 3456 463 3508 καί
498 3456 768 3526 ἐνεργὴς,
830 3457 927 3511 καὶ
983 3457 1307 3526 τομώτερος
1355 3455 1507 3525 ὑπὲρ
1555 3456 1760 3510 πᾶσαν

223 3543 483 3615 μάχαιραν
523 3547 828 3618 δίστομον.
871 3549 982 3601 Καὶ
1011 3548 1184 3612 ἄλλως
1207 3549 1262 3601 δὲ
1300 3548 1570 3620 ῥομφαίας
1623 3549 1796 3603 Θεοῦ-

227 3634 524 3709 ὀπροφήτης
577 3640 850 3712 μέμνηται
919 3639 1174 3711 ἰεζεκιὴλ
1237 3633 1340 3693 ὧδε
1375 3639 1568 3707 λέγων·
1616 3639 1759 3692 Τάδε

225 3723 360 3792 λέγει
393 3728 619 3785 Ἀδοναῒ
645 3732 878 3798 Κύριος·
914 3732 1120 3784 Εἶπον·
1153 3731 1456 3800 Ῥομφαία,
1471 3731 1756 3799 ῥομφαία,

229 3814 415 3878 fferat;
452 3823 543 3874 καί
588 3822 904 3892 θυμώθητι,
955 3821 1114 3887 ὅπως
1183 3821 1424 3890 σφάξῃς
1501 3821 1752 3890 σφάγια·

228 3905 436 3972 ὀξύνου,
469 3911 623 3979 ὅπως
654 3912 799 3983 γένῃ
830 3915 918 3978 εἰς
935 3913 1264 3964 στίλϐωσιν
1300 3911 1501 3980 ἑτοίμη
1540 3915 1624 3977 εἰς
1649 3927 1759 3966 πα-

225 3995 468 4060 ράλυσιν
525 4005 618 4057 καὶ
664 4004 846 4057 πάλιν-
917 4002 1228 4072 Ἀνάκραγε
1284 4002 1383 4055 καὶ
1437 4003 1755 4068 ὀλόλυξον,

228 4084 303 4136 υἱὲ
322 4088 632 4158 ἀνθρώπουῖ
665 4093 754 4146 ὅτι
781 4092 932 4161 αὐτὴ
972 4090 1206 4161 ἐγένετο
1245 4093 1315 4145 ἐν
1336 4091 1416 4155 τῷ
1461 4093 1588 4158 λαῷ
1614 4110 1753 4162 μου·

230 4173 353 4243 αὕτη
379 4178 444 4231 ἐν
497 4182 618 4250 τοῖς
669 4182 1109 4252 ἁφητουμένοις
1171 4183 1277 4237 τοῦ
1334 4183 1600 4252 Ἰσραήλ·
1664 4185 1758 4238 καὶ

231 4263 352 4334 ἔξῆςο
378 4271 650 4338 Διὰταξον
682 4273 916 4338 σεαυτῷ
972 4273 1080 4328 δύο
1127 4274 1306 4342 ὀδοὺς
1332 4275 1438 4330 τοῦ
1462 4276 1758 4330 εἰσελθεῖν

225 4357 484 4428 ῥομφαίαν
527 4366 832 4431 ,βασιλέως
863 4365 1237 4431 Βαϐυλῶνος·
1291 4365 1361 4419 ἐκ
1405 4365 1598 4434 χώρας
1614 4366 1757 4434 μιᾶς

1884 553 1994 623 guli
2049 553 2300 609 similiter
2345 555 2479 624 justi
2537 558 2725 626 gratiae
2768 561 3062 630 participes
3091 557 3312 616 fuerunt
3346 582 3357 616 :
3392 573 3447 617 at

1882 646 2008 714 quia
2041 653 2266 715 paterna
2315 647 2490 718 gratia
2535 650 2589 702 in
2632 649 2898 705 Dilectum
2957 652 3126 708 eﬂ'u'sa
3160 655 3272 710 tota
3309 649 3442 722 fuit;

1882 734 2044 789 Pater
2070 738 2212 790 enim
2246 737 2300 790 in
2335 736 2475 792 Filio
2507 739 2861 808 loquebatur;
2897 741 3017 796 ideo
3061 751 3180 813 qua:
3209 744 3336 813 ejus
3387 743 3443 800 in

1882 825 2127 882 homines
2159 827 2423 904 adventus
2456 829 2779 885 administra
2816 831 2949 896 fuit,
2979 836 3150 902 gratia
3185 837 3344 905 plena
3366 835 3444 891 di-

1879 924 1964 970 cta
1999 926 2103 971 est.
2145 916 2276 971 Nam
2311 921 2364 972 in
2395 919 2514 989 ipso
2542 921 2751 989 placuit
2785 937 3000 978 omnem
3050 925 3442 993 plenitudinem

1879 1007 2181 1064 divinitatis
2212 1010 2458 1066 habitare
2490 1013 2850 1081 corporaliter
2878 1032 2890 1067 :
2926 1015 3280 1083 quamobrem
3314 1017 3442 1073 san-

1879 1098 1948 1152 Cti
1982 1104 2171 1154 omnes
2203 1116 2266 1156 ex
2299 1101 2637 1171 plenitudine
2661 1102 2780 1173 ejus
2811 1115 3158 1174 acceperunt.

1947 1273 2057 1329 Hoc
2086 1275 2212 1331 item
2242 1278 2402 1333 modo
2445 1276 2560 1334 haec
2591 1276 2828 1335 tractafe
2857 1273 2982 1336 licet
3031 1301 3044 1335 :
3074 1268 3316 1335 Primum
3352 1269 3443 1336 Di-

1875 1363 1998 1416 lecti
2048 1377 2186 1435 opus
2217 1370 2300 1422 est
2348 1371 2544 1438 gratia,
2592 1387 2713 1440 qua:
2761 1371 3060 1426 secundum
3112 1373 3442 1427 sententiam

1868 1452 1980 1523 jam
2014 1457 2338 1525 explicatam
2381 1458 2437 1512 in
2489 1459 2649 1515 labiis
2696 1461 2816 1530 ejus
2866 1460 3064 1516 diﬂusa
3095 1468 3208 1530 est;
3239 1476 3301 1516 ac
3334 1463 3442 1516 alia

1873 1546 2104 1612 ratione,
2135 1548 2307 1617 gratia
2336 1558 2386 1601 et
2427 1549 2616 1603 veritas
2649 1567 2741 1620 per
2783 1550 2966 1606 Jesum
2993 1553 3262 1607 Christum
3292 1554 3441 1622 facta

1871 1647 1948 1689 est
1971 1639 2036 1691 ⁷ο.
2075 1637 2356 1714 Siquidem
2381 1641 2586 1709 gratias
2617 1643 2980 1712 impertiendo
3007 1647 3190 1700 omnia
3221 1645 3436 1716 agebat,

1872 1722 1956 1778 bis
1986 1735 2207 1794 peccata
2237 1727 2538 1794 dimittens,
2591 1730 2821 1784 alierum
2872 1732 3094 1790 morbos
3150 1734 3441 1788 infirmita-

1797 1797 1840 1851 Β
1871 1819 2060 1884 tesque
2083 1828 2303 1880 curans,
2332 1817 2454 1872 aliis
2489 1817 2627 1873 dans
2649 1813 2914 1890 Spiritum
2932 1829 3204 1878 sanctum.
3231 1824 3461 1899 Quam-l

1867 1905 2053 1959 obrem
2085 1907 2153 1961 de
2187 1907 2279 1962 illo
2311 1908 2436 1976 jure
2471 1910 2687 1966 dicatur
2720 1931 2733 1965 :
2783 1910 2996 1982 Ili/fusa
3029 1927 3106 1968 est
3151 1919 3328 1986 gratia
3381 1899 3470 1970 ini

1867 1995 2028 2049 labiis
2073 1999 2198 2052 tuis.
2249 1997 2454 2055 Deinde
2506 2016 2634 2056 vero
2696 2001 2791 2072 qu’i
2838 2009 2997 2058 antea
3047 2003 3330 2071 fleverant,
3380 2013 3438 2062 et

1867 2098 2020 2140 suam
2074 2087 2178 2142 sub
2230 2090 2469 2145 inimicis
2499 2092 2819 2147 servitutem
2849 2095 3281 2165 descripserant,
3332 2102 3433 2167 op"-

1867 2183 2096 2245 portune
2182 2177 2446 2236 Dilectum
2518 2191 2810 2252 precantur
2852 2224 2867 2250 ,
2937 2192 2996 2239 ut
3064 2185 3285 2242 festinet
3365 2190 3435 2244 ad

1867 2282 2033 2338 seque
2074 2269 2256 2325 veniat
2293 2271 2587 2328 hostilibus
2640 2275 2808 2330 armis
2863 2277 3188 2343 instructus,
3235 2279 3306 2332 ob
3352 2281 3434 2332 in-

1863 2368 2123 2433 gruentes
2151 2363 2426 2429 inimicos,
2472 2376 2533 2420 ut
2576 2365 2646 2422 iis
2675 2366 2731 2420 in
2759 2365 2941 2437 fugam
2975 2352 3167 2435 versis,
3195 2384 3254 2423 sc
3283 2385 3314 2423 a
3343 2377 3435 2424 ca-

1864 2454 2111 2522 ptivitate
2152 2454 2410 2509 abducat.
2460 2454 2642 2522 Quare
2703 2457 2876 2522 aiunt,
2930 2457 3217 2528 Accingere
3255 2461 3433 2530 gladio

1865 2553 1954 2596 tuo
1978 2559 2134 2612 super
2163 2544 2336 2618 femur
2365 2555 2534 2611 tuum,
2574 2548 2954 2616 potentissime.
2982 2545 3275 2618 Speciosus
3307 2552 3434 2620 qui-

1864 2633 1986 2689 dem
2018 2649 2083 2690 ac
2115 2636 2341 2707 pulcher
2367 2653 2448 2705 es,
2474 2647 2713 2695 attamen
2736 2647 2934 2710 p-raater
2959 2643 3197 2713 speciem
3227 2652 3295 2696 ac”
3313 2643 3436 2712 pui-

1863 2725 2234 2781 chritudinem
2289 2735 2462 2794 tuam,
2519 2731 2709 2800 accipe
2765 2747 2865 2801 pro
2903 2733 3062 2788 nobis
3098 2734 3436 2803 supplicibus

1863 2822 2194 2871 armaturam
2228 2827 2398 2884 tuam,
2437 2822 2704 2890 accingere
2733 2823 2912 2891 gladio
2945 2830 3032 2878 tuo
3064 2837 3220 2893 super
3260 2824 3436 2893 femur

1863 2917 2049 2970 tuum;
2085 2908 2274 2978 sicque
2302 2918 2584 2981 assumpta
2630 2911 2970 2979 fortitudine,
3017 2914 3237 2968 intende
3269 2928 3434 2970 arcus

1862 3006 2012 3053 tuos.
2053 2999 2193 3054 Hinc
2241 3001 2470 3056 conﬁxis
2517 3003 2757 3058 inimicis
2797 3005 2926 3070 tuis,
2958 3015 3202 3074 prospere
3242 3011 3337 3076 age
3381 3011 3435 3058 ει

1861 3108 2045 3163 regna.
2079 3090 2182 3147 Per
2211 3093 2454 3163 gladium
2508 3089 2704 3149 Dilecti
2733 3096 3010 3167 intelligas
3036 3097 3292 3151 virtutem
3328 3096 3436 3150 ini-

1860 3183 2019 3237 micis
2050 3182 2341 3240 exitiosam
2395 3191 2449 3240 et
2501 3186 2776 3242 ultricem.
2841 3182 3002 3241 Vivus
3034 3195 3114 3242 est
3145 3187 3286 3241 enim
3333 3185 3434 3240 Dei

1859 3291 2029 3328 sermo
2051 3284 2099 3329 et
2116 3274 2320 3345 e/jicax,
2363 3285 2414 3330 et
2443 3277 2817 3347 penetrabilior
2851 3278 2996 3332 omni
3026 3277 3203 3348 gladio
3227 3277 3436 3346 ancipi-

1861 3367 1905 3419 ti
1933 3363 2000 3422 “.
2036 3366 2104 3420 Et
2131 3367 2268 3423 alias
2311 3377 2532 3439 quoque
2581 3368 2821 3439 gladium
2855 3370 3121 3440 propheta
3170 3368 3266 3425 Dei
3299 3368 3435 3425 Eze-

1859 3459 2002 3514 chiel
2040 3466 2310 3514 memorat
2339 3460 2428 3515 his
2465 3460 2646 3516 verbis
2682 3474 2696 3510 :
2736 3459 2865 3514 Haec
2907 3459 3036 3514 dicit
3080 3458 3295 3514 Adonai
3325 3457 3434 3513 Do-

1860 3550 2035 3603 minus
2060 3549 2265 3604 :Dixi:
2301 3549 2352 3602 F
2356 3565 2560 3613 ramea,
2579 3551 2784 3618 framea
2807 3567 3014 3614 acuere,
3039 3556 3088 3604 et
3117 3551 3346 3604 irascere
3372 3557 3433 3603 ut

1849 3641 2063 3712 jugules
2091 3639 2354 3705 uictimas,
2390 3647 2581 3694 acuere
2597 3648 2656 3694 ut
2675 3641 2749 3694 sis
2791 3640 2861 3693 ad
2901 3639 3208 3710 [algendum
3235 3645 3433 3707 parata

1860 3731 1929 3785 ad
1957 3732 2268 3785 solutionem
2298 3729 2376 3798 7';
2433 3745 2498 3785 ac
2546 3739 2766 3785 mrsum
2792 3747 2806 3785 :
2840 3728 3029 3783 Clama
3057 3737 3106 3782 et
3144 3729 3318 3794 situla,
3348 3727 3434 3797 ﬁli

1860 3821 2109 3885 hominis,
2140 3823 2264 3891 quia
2286 3822 2405 3889 ipsa
2431 3821 2532 3888 fuit
2558 3822 2614 3874 in
2644 3821 2836 3890 populo
2869 3836 2982 3873 meo
3010 3835 3028 3872 :
3056 3819 3166 3874 hare
3199 3823 3254 3873 in
3277 3819 3433 3874 duci-

1860 3913 1954 3967 b’us
1983 3911 2256 3978 Israel";
2282 3927 2346 3966 ac
2374 3927 2593 3967 rursum
2641 3932 2654 3967 :
2689 3913 2961 3968 Constitu‘e
2994 3913 3093 3966 tibi
3124 3912 3260 3967 duas
3289 3914 3425 3980 vias,

1859 4010 1917 4057 ut
1947 4005 2277 4074 ingrediatur
2302 4005 2510 4073 framea
2534 4007 2670 4075 regis
2689 4005 2981 4076 Babylonis
3002 4007 3023 4060 :‘
3050 4005 3114 4060 de
3141 4015 3280 4061 terra
3318 4022 3431 4061 una

1857 4093 2272 4164 egredientur",
2303 4101 2358 4149 et
2384 4095 2490 4148 alia
2522 4095 2802 4165 deinceps,
2835 4094 2998 4165 queis
3023 4094 3286 4151 frameam
3325 4081 3432 4149 Na-

1857 4185 2332 4241 buchodonosoris
2355 4187 2554 4257 populo
2577 4188 2902 4251 immissam‘,
2928 4185 3190 4249 frameam
3213 4177 3430 4243 Domini

1859 4275 1994 4330 dicit
2024 4289 2166 4331 esse.
2201 4272 2264 4330 In
2312 4275 2625 4346 Evangeliis
2670 4276 2836 4330 etiam
2893 4275 3053 4346 legis,
3103 4290 3289 4345 regem
3333 4275 3430 4345 qui

1858 4365 1990 4421 fecit
2028 4367 2252 4435 nuptias
2292 4364 2404 4420 filio
2437 4382 2560 4430 suo,
2593 4370 2688 4421 eas
2721 4365 2814 4435 qui
2847 4365 3189 4420 vocationem
3220 4365 3430 4420 abnue‘

229 4445 624 4511 ἐξελεύσονται·
659 4456 844 4510 καὶτὰ
876 4456 1086 4519 τούτοις
1111 4455 1398 4521 ἀκόλουθα,
1428 4456 1495 4509 δι’
1519 4449 1593 4512 ὧν
1624 4460 1756 4528 ῥομ-

1866 4463 2002 4520 rant,
2037 4469 2337 4524 servosque
2358 4456 2537 4526 regios
2561 4453 2901 4520 ceciderant,
2945 4453 3015 4509 ad
3042 4456 3230 4510 necem
3267 4447 3432 4509 tradi-

211 4539 368 4605 ’φαίαν
384 4545 468 4597 τοῦ
493 4549 692 4620 Κυρίου
714 4548 861 4616 λέγει
891 4548 990 4618 τὴν
1043 4547 1312 4618 ῥομφαίαν
1341 4547 1436 4599 τοῦ
1478 4548 1754 4619 Ναϐουχο-

208 4623 412 4706 ’δσνόσορ
431 4639 522 4710 τὴν
543 4639 867 4712 ἐπαχθεῖσαν
885 4638 963 4710 τῷ
991 4638 1124 4708 λαῷ.
1155 4639 1335 4712 Ἔχεις
1359 4637 1415 4690 δὲ
1439 4637 1533 4691 καὶ
1554 4641 1613 4691 ὲν
1643 4642 1756 4703 τοῖς

233 4718 557 4796 Εὐαγγελίοις,
583 4733 658 4796 ὡς
681 4733 710 4784 ὁ
744 4731 911 4784 ποιῶν
938 4729 1146 4800 γάμους
1170 4728 1246 4799 τῷ
1266 4727 1367 4798 υίῷ
1398 4727 1562 4781 αὑτοῦ
1596 4728 1752 4798 βασι-

211 4801 333 4877 ’λεὺς
361 4820 473 4884 τοὺς
497 4822 999 4896 παραιτησαμένους
1039 4821 1137 4891 τὴν
1184 4819 1396 4890 κλῆσιν,
1429 4819 1521 4873 καὶ
1541 4819 1753 4875 ἀνελόν-

235 4913 313 4967 τας
331 4909 440 4973 τοὺς
493 4912 795 4982 βασιλικοὺς
823 4911 1060 4977 δούλους,
1094 4910 1455 4982 παραδίδωσιν
1501 4913 1580 4974 εἰς
1617 4921 1754 4978 σφα-

236 4994 456 5063 γήν⁶Καί
512 5005 768 5074 πέμψας,
825 5003 991 5074 φησὶ,
1049 5001 1116 5055 τὸ
1161 4999 1498 5069 στράτευμα
1547 4999 1754 5062 αὑτοῦ,

241 5081 488 5154 ἐνέπρησε
511 5093 621 5161 τὴν
674 5093 854 5148 πόλιν
908 5089 1123 5146 αὐτῶν.
1171 5089 1492 5159 Στράτευμα
1550 5087 1608 5140 δὲ
1657 5087 1750 5140 τοῦ

240 5170 459 5242 βασιλέως
511 5184 602 5254 τὴν
641 5182 954 5255 Ῥωμαϊκὴν
995 5183 1152 5252 χεῖρα
1203 5179 1457 5251 σημαίνει
1505 5181 1605 5249 τὴν
1656 5195 1754 5232 πο-

238 5259 553 5340 λιορκήσασαν
575 5277 669 5349 τὴν
703 5273 1076 5347 Ἰερουσαλήμ.
1144 5273 1296 5326 Ἐπεὶ
1324 5271 1501 5326 τοίνυν
1555 5271 1712 5341 χρεία
1740 5266 1810 5344 ἦν

1856 4549 2037 4605 disse:
2067 4546 2140 4600 Et
2170 4550 2351 4615 misso,
2386 4548 2583 4618 inquit,
2632 4549 2865 4602 exercitu
2897 4563 3015 4612 sua,
3035 4548 3301 4600 civitatem
3347 4561 3430 4599 ιο·

1856 4656 1974 4693 rum
1998 4639 2265 4695 succendit
2287 4639 2354 4694 ⁷³.
2390 4637 2674 4694 Exercitus
2712 4643 2896 4694 autem
2947 4637 3092 4707 regis
3121 4635 3429 4690 Romanam
3474 4620 3487 4697 ἶ

1856 4730 2066 4785 indicat
2098 4745 2345 4796 manum,
2392 4738 2514 4802 qua:
2545 4729 2979 4801 Hierosolymam
3006 4725 3243 4807 obsedit.
3283 4710 3440 4790 Quia‘

1858 4817 2025 4892 igitur
2052 4821 2148 4875 tali
2175 4821 2356 4892 gladio
2381 4830 2500 4878 erat
2531 4819 2600 4889 ad
2629 4820 2962 4877 coercendus
3010 4813 3206 4872 Dilecti
3238 4816 3428 4873 adv‘er-
3489 4824 3491 4826 '

1859 4913 2036 4968 sarios
2062 4926 2231 4983 opus;
2258 4913 2385 4983 jure
2409 4914 2696 4984 prophetia
2718 4913 2840 4983 ejus
2863 4915 3154 4981 personam
3179 4909 3262 4964 sic
3290 4908 3428 4962 allda

1853 5002 2041 5072 quitur
2067 5020 2082 5057 :
2116 5003 2398 5075 Accingere
2431 5003 2609 5074 gladio
2641 5014 2732 5058 tuo
2755 5006 2911 5072 super
2937 5001 3110 5071 femur
3138 5004 3308 5064 tuum,
3329 5003 3426 5068 po-

1856 5093 2173 5162 tentissime._
2193 5093 2379 5163 Specie
2409 5103 2501 5147 tua
2526 5104 2574 5147 et
2603 5090 2994 5162 pulchritudine
3034 5094 3128 5148 tua
3188 5085 3422 5156 intende,

1854 5187 2100 5250 prospere
2123 5180 2344 5250 procede
2371 5190 2421 5235 et
2460 5182 2638 5253 regna.
3118 5240 3120 5244 τ

1846 5273 1940 5326 καὶ
1968 5274 2223 5346 τοιαύτης
2253 5274 2528 5346 ῥομφαίας
2570 5274 2710 5329 κατὰ
2739 5274 2847 5329 τῶν
2878 5273 3294 5330 ἐπαναστάντων
3343 5271 3425 5343 τῷ

248 5356 513 5438 ’Δγαπητῷ,
552 5373 767 5434 εἰκότως
818 5369 987 5440 φησὶν
1028 5371 1064 5440 ἡ
1107 5364 1415 5439 προφητεία
1455 5367 1534 5428 είς
1583 5364 1747 5419 αὐτοῦ
1783 5367 2090 5438 πρόσωπον·
2132 5367 2450 5438 Περίζωσαι
2494 5368 2608 5441 τὴν
2651 5371 2953 5438 ῥομφαίαν
2983 5369 3083 5423 ἐπὶ
3147 5365 3256 5422 τὸν
3307 5380 3425 5436 5m-

234 5451 326 5511 ρόν
351 5472 472 5525 σου,
502 5464 728 5520 δυνατὰ
773 5463 853 5534 Τῇ
881 5463 1192 5533 ὡραιότητί
1247 5472 1366 5516 σου
1406 5460 1505 5514 καί
1571 5459 1652 5525 τῷ
1683 5458 1898 5516 κάλλει
1963 5478 2100 5530 σου,
2149 5463 2247 5518 καί
2295 5464 2583 5530 ἄντεινον,
2642 5463 2741 5532 καὶ
2785 5461 3109 5519 κατευοδοῦ
3163 5457 3266 5516 καὶ
3305 5457 3425 5524 ,βα-

239 5540 428 5604 σίλευε,

326 5651 535 5737 Ἴου.
570 5659 741 5736 1,Π.
813 5672 854 5704 τ’
899 5656 1058 5727 Hebr.
1106 5681 1181 5737 tv,
1246 5667 1334 5724 η.

247 5731 358 5789 nu,
395 5728 440 5785 Ἰ.

1264 5848 1324 5867 .J.

1448 5669 1492 5700 τ’
1529 5651 1725 5722 Ezccb.
1761 5664 1852 5721 sit
1876 5641 1894 5729 .i
1924 5651 1980 5732 9,-
2012 5649 2102 5720 1οι

2203 5647 2251 5698 ίι
2285 5665 2434 5738 ιιιήρι.
2473 5665 2560 5721 te.
2678 5664 2716 5697 τι
2757 5664 2888 5720 ibid.
2951 5662 3044 5722 ιι).
3145 5663 3194 5699 ι’
3229 5652 3421 5726 κιαι..
