3822 6280
366 317 475 376 405

363 532 612 581 notatum
638 533 746 587 est.

1083 315 1358 375 EUSEBII
1397 314 1878 374 CESARIENSIS
1916 316 2068 374 OPP.
2105 314 2287 372 PARS
2322 313 2489 370 ll|.—
2526 311 2936 371 EXEGETICA.
3080 378 3087 383 κ

363 446 544 503 neque
569 431 711 504 apud
733 439 963 492 caeteros
984 433 1312 505 interpretes
1341 435 1557 503 fertur;
1588 450 1761 508 quare
1776 422 1910 494 Iobel

2050 436 2221 490 Τοῦτο
2245 436 2338 489 καὶ
2368 434 2658 506 διάχρυσον
2688 433 2718 485 ό
2743 430 2935 505 παρὼν
2956 431 3111 502 λόγος
3134 420 3410 507 ὠνόμασε.
3442 433 3510 490 τὸ
3531 435 3600 516 ιι,

3510 318 3600 377 4οι

2047 524 2519 595 περιϐεϐλημένη
2584 521 2679 576 καὶ
2730 523 3161 593 πεποικιλμένη
3183 564 3199 589 ,
3242 523 3382 579 mli-re
3439 527 3494 581 ἐν
3540 533 3596 601 τῇ

374 616 638 690 Ἐὁραῖκῇ
688 617 991 688 ἀναγνώσει
1019 617 1145 672 οὕτε
1193 619 1345 691 παρὰ
1366 621 1480 683 τοῖς
1522 620 1730 683 λοιποῖς
1774 618 2139 691 ἐρμηνευταῖς
2160 616 2382 689 φέρεται
2407 631 2421 645 θ
2454 613 2534 667 διὸ
2553 611 2864 667 ὠϐέλισται.

441 711 604 769 Vitas.
629 714 719 770 14.
754 714 941 770 Omnis
967 714 1140 785 gloria
1167 714 1281 784 ejus
1303 715 1434 784 ﬁlia:
1452 716 1589 786 regis
1630 712 1853 780 Esebon,
1884 714 1941 767 in

361 804 590 872 ﬁmbriis
622 805 799 859 aureis
822 806 1228 859 circumamicta
1253 805 1622 860 varietatibus.
1652 803 1940 871 Quomodo

363 898 597 955 fimbriis
640 899 823 956 aureis
851 900 1262 955 circumornata
1295 899 1390 967 sit,
1432 901 1603 972 probe
1642 901 1937 972 intelligas,

362 992 407 1043 si
444 987 668 1044 Paulum
704 990 898 1048 audias
925 990 1197 1048 dicentem
1230 1008 1242 1044 :
1272 990 1359 1045 Ea:
1380 1002 1531 1063 parte
1555 992 1935 1063 cognoscimus.

358 1094 410 1137 et
445 1099 511 1139 ex
550 1094 702 1155 parte
735 1088 1106 1157 prophetamus
1124 1088 1190 1143 ⁸³.
1223 1085 1360 1142 Nam
1419 1087 1660 1158 cognitio
1702 1103 1825 1159 qua:
1869 1102 1939 1144 ex.

356 1185 513 1245 parte
543 1185 650 1244 est,
689 1193 918 1251 aureum
966 1187 1223 1236 ornatum
1267 1180 1325 1234 in
1361 1179 1803 1237 extremitatibus
1829 1180 1936 1252 ipsi

358 1265 745 1336 circumponit.
779 1265 914 1333 Cum
958 1277 1136 1338 autem
1170 1269 1388 1335 venerit,
1426 1268 1630 1339 inquit,
1652 1269 1793 1339 quod
1820 1285 1938 1339 per-

358 1355 551 1416 fectum
578 1364 677 1425 est,
722 1356 1066 1411 evacuabitur
1100 1357 1240 1428 quod
1277 1373 1342 1412 ea:
1387 1366 1538 1428 parte
1578 1357 1738 1433 est“.
1774 1358 1937 1415 Post-

354 1460 521 1515 quam
570 1446 627 1501 in
669 1448 949 1504 caelestem
980 1448 1285 1506 Ecclesiam
1338 1448 1608 1505 translata
1658 1447 1825 1505 fuerit
1847 1464 1935 1515 ea,

2117 709 2293 766 Πᾶσα
2339 711 2378 779 ἡ
2416 709 2567 774 δόξα
2612 706 2801 777 αὐτῆς
2835 708 3129 779 θυγατρὸς
3170 704 3278 764 τοῦ
3315 709 3598 778 βασιλέως

2060 801 2317 857 Ἕσεϐὼν
2338 801 2409 855 ἐν
2440 798 2806 869 κροσσωτοῖς
2846 799 3097 869 χρυσοῖς
3134 794 3594 872 περιϐεϐλημένη,

2047 892 2497 963 πεποικιλμένη.
2550 893 2802 965 Νοήσεις,
2851 893 3008 965 φησὶ,
3043 892 3159 956 πῶς
3189 895 3439 964 κροσσοῖς
3485 911 3597 965 χρυ-

2048 989 2160 1049 σοῖς
2198 986 2619 1058 περιϐέϐληται,
2654 986 2868 1042 Παύλου
2918 986 3165 1061 λέγοντος
3210 984 3452 1039 ἁκούων·
3507 985 3594 1041 Ἐκ

2042 1074 2259 1144 μέρους
2281 1076 2671 1147 γινώσκομεν,
2691 1079 2789 1132 καὶ
2814 1077 2882 1130 ἐκ
2898 1077 3122 1146 μέρους
3146 1075 3592 1144 προφητεύομεν.

2055 1166 2119 1220 Ἦ
2148 1166 2256 1237 γὰρ
2293 1167 2491 1237 γνῶσις
2512 1171 2543 1240 ή
2565 1171 2630 1222 ἐκ
2661 1169 2859 1241 μέρους
2883 1169 2940 1221 ἐν
2967 1167 3154 1238 ἄκροις
3185 1166 3367 1237 μόνοις
3395 1167 3593 1238 χρυσίου

2040 1257 2132 1311 τὸν
2165 1257 2367 1329 κόσμον
2395 1260 2532 1331 αὐτῇ
2560 1259 2899 1331 περιτίθησιν
2919 1275 2933 1289 ·
2970 1257 3154 1310 Ὅταν
3184 1255 3238 1309 δ’
3268 1250 3504 1326 έλθῃ’τὸ
3519 1255 3594 1309 τέὲ

2037 1352 2224 1414 λειον,
2259 1352 2412 1419 φησὶ,
2438 1349 2504 1403 τὸ
2531 1350 2599 1403 ἐκ
2622 1349 2844 1419 μέρους
2865 1346 3402 1418 καταργηθήσεται.
3437 1348 3593 1401 Ἐπει-

2037 1438 2134 1492 δὰν
2153 1442 2231 1503 εἰς
2259 1438 2354 1511 τὴν
2386 1441 2707 1513 ἐπουράνιον
2750 1432 3073 1510 Ἐκκλησίαν
3128 1441 3369 1509 μεταστῇ
3398 1441 3431 1509 ἡ
3473 1439 3592 1502 τέως

353 1553 477 1607 qua:
503 1537 556 1592 in
581 1545 728 1594 terra
752 1538 979 1596 infantis
1002 1539 1180 1595 instar
1195 1539 1488 1605 educatur,
1520 1547 1655 1595 tunc
1693 1538 1911 1595 ﬁmbrla:

2037 1533 2104 1584 ἐκ
2127 1531 2230 1601 γῆς
2262 1530 2783 1603 παιδοτροφουμένη,
2812 1530 2875 1583 τὸ
2922 1532 3223 1601 τηνικαῦτα
3283 1528 3591 1601 ἀποϐήσεται

353 1642 551 1697 aureas
575 1669 591 1695 ,
628 1630 887 1686 videlicet
927 1631 1297 1702 cognitionem
1334 1646 1402 1687 ex
1439 1637 1599 1703 parte
1649 1629 1891 1701 deponet

2040 1621 2138 1691 μὲν
2163 1620 2231 1674 τά
2257 1620 2545 1693 κροσσωτὰ
2574 1622 2643 1676 τά
2672 1623 2869 1698 χρυσᾶ,
2902 1620 3000 1693 τὴν
3032 1622 3097 1675 ἐκ
3144 1621 3346 1694 μέρους
3390 1622 3590 1692 γνῶσιν,

350 1731 517 1773 aureo
546 1728 725 1775 autem
750 1720 1080 1776 vestimento
1105 1710 1416 1777 ornabitur.

420 1830 588 1891 Vens.
620 1833 706 1903 15,
742 1834 832 1889 16.
863 1814 1209 1899 Αᾶάιιεειιιιιν
1234 1835 1362 1908 Regi
1392 1837 1615 1908 virgines
1646 1848 1765 1907 post
1788 1855 1927 1905 eam,

346 1922 605 1991 proxima
648 1924 762 1994 ejus
797 1922 1101 1996 aﬁ'erentur'
1124 1928 1238 1982 tibi.
1275 1926 1414 1983 Filia
1459 1944 1581 1999 quae
1610 1929 1932 2002 plerumque

346 2012 604 2082 superius
648 2023 953 2071 memorata
987 2015 1111 2084 fuit,
1144 2030 1255 2071 non
1290 2031 1507 2088 semper
1548 2018 1603 2073 in
1626 2026 1771 2074 terra
1804 2034 1930 2089 per-

345 2110 553 2171 manet,
586 2102 683 2160 sed
724 2120 827 2162 suo
862 2111 1110 2178 tempore
1149 2107 1539 2166 transferetur.
1572 2109 1643 2165 At
1672 2126 1783 2166 non
1810 2125 1929 2165 om-

343 2206 445 2249 nes
477 2194 648 2251 simul
684 2196 958 2267 ejusmodi
997 2197 1489 2269 transmigratione
1535 2200 1925 2264 donabuntur;

343 2288 441 2346 sed
480 2294 602 2360 qua!
625 2290 803 2361 primo
831 2291 1004 2362 gradu
1028 2292 1084 2346 in
1116 2291 1222 2347 h'oc
1242 2306 1411 2363 regno
1444 2293 1623 2365 dignae
1650 2301 1834 2359 erunt,
1859 2309 1925 2349 ex

340 2388 497 2452 parte
527 2380 705 2435 solum
726 2379 1026 2437 afferentur
1041 2380 1198 2452 Regi.
1225 2380 1319 2438 Hae
1349 2398 1477 2441 vero
1504 2392 1636 2441 sunt
1665 2400 1786 2455 quae
1814 2384 1925 2440 vir-

339 2458 624 2541 ginitatem
670 2473 727 2527 in
761 2472 984 2528 Christo
1010 2481 1064 2528 et
1109 2488 1343 2545 corpore
1375 2482 1431 2531 et
1465 2476 1649 2553 anima
1678 2485 1920 2543 servant,

340 2576 408 2616 ac
448 2560 645 2631 spiritu
684 2569 893 2621 sanctae
920 2571 1069 2620 sunt.
1107 2562 1237 2620 Post
1279 2566 1517 2636 primum
1551 2574 1732 2624 autem
1768 2569 1920 2624 ordi-

336 2665 485 2716 nem,
511 2664 634 2721 qua!
662 2651 913 2722 proxime
941 2652 1065 2709 illas
1093 2660 1223 2721 sunt
1249 2653 1544 2710 aﬂerentur
1575 2671 1589 2708 :
1622 2672 1750 2712 nam
1775 2658 1918 2729 apud

336 2741 556 2798 Patrem
584 2744 900 2803 mansiones
928 2745 1197 2802 multae".
1228 2744 1323 2802 Hae
1348 2762 1481 2803 vero
1510 2756 1659 2815 sunt,
1681 2764 1803 2820 quae
1828 2749 1921 2804 ho.

336 2840 507 2889 uesta:
534 2835 984 2907 continentisque
1013 2835 1141 2893 vita:
1185 2850 1350 2893 causa
1403 2839 1716 2910 proximum
1748 2840 1919 2907 virgi.

332 2926 499 2983 uibus
532 2927 713 2983 locum
737 2935 1031 3001 occupant.
1061 2929 1347 2996 Quomodo
1388 2919 1570 2988 autem
1597 2931 1913 3000 adorentur,

1961 1679 2007 1739 Β
2035 1679 2092 1766 ἐν
2124 1679 2480 1787 ἱματισμῷδὲ
2501 1679 2707 1787 χρυσίξί.

2116 1826 2646 1895 Ἀπενεχθήσονται
2672 1827 2754 1894 τῷ
2797 1827 3053 1889 Βασιλεῖ
3082 1816 3368 1897 παρθένοι
3419 1827 3591 1881 ὀπίσω

2031 1917 2242 1986 αὐτῆς,
2272 1923 2331 1973 al
2352 1922 2619 1989 πλησίον
2640 1918 2828 1989 αὐτῆς
2847 1918 3373 1990 ἀπενεχθήσονταί
3392 1934 3503 1978 σοι.
3535 1920 3589 1973 Ἠ

2028 2008 2117 2063 διὰ
2158 2009 2267 2063 τῶν
2308 2009 2617 2082 ἔμπροσθεν
2668 2010 2927 2079 πολλάκις
2969 2010 3339 2083 ὠνομασμένη
3367 2010 3588 2083 θυγάτηρ

2027 2102 2129 2156 ούκ
2155 2101 2249 2154 ἐπὶ
2277 2102 2380 2173 γῆς
2399 2105 2477 2168 εἰς
2501 2103 2562 2159 τὸ
2592 2104 2852 2171 παντελὲς
2875 2103 3151 2175 διαμένει,
3184 2102 3585 2176 μετατεθὴσεται

2026 2191 2083 2245 δὲ
2105 2192 2246 2247 κατὰ
2272 2193 2479 2265 καιρόν.
2524 2194 2663 2249 Ἀλλ’
2687 2195 2747 2255 ού
2780 2195 2931 2248 πᾶσα
2974 2194 3183 2266 ἀθρόως
3218 2196 3322 2266 τῆς
3355 2194 3586 2266 τοιαύτης
3630 2228 3633 2231 η

2031 2283 2382 2353 μεταϐάσεως
2439 2283 2830 2357 ἀξιωθήσεταιο
2897 2287 2956 2349 ἐν
3007 2286 3162 2357 μέρει
3207 2285 3267 2339 δὲ
3310 2288 3366 2341 αἱ
3407 2285 3584 2358 πρώτῳ

2028 2374 2219 2446 βαομῷ
2248 2377 2305 2428 ἐν
2337 2376 2472 2447 αὐτῇ
2499 2377 2853 2448 τετιμημέναι
2887 2376 3350 2449 ἀπενεχθήσονται
3391 2377 3467 2454 τῷ
3494 2380 3599 2437 Bae-

2027 2466 2179 2520 σιλεῖ.
2210 2461 2381 2523 Αὗται
2421 2467 2476 2521 δέ
2509 2469 2644 2539 εἰσιν
2674 2471 2730 2522 al
2758 2469 2857 2542 τὴν
2877 2471 2934 2524 ὲν
2965 2472 3186 2544 Χριστῷ
3218 2472 3441 2542 ἁγνείαν
3470 2487 3584 2524 κατ-

2034 2557 2342 2630 ορθώσασαι
2391 2558 2536 2632 ψυχῇ
2595 2561 2690 2614 καὶ
2718 2560 2954 2632 σώματι,
3001 2565 3093 2617 καὶ
3152 2564 3424 2636 πνεύματι
3469 2562 3581 2618 καθ-

2023 2650 2377 2721 ηγιασμέναι.
2411 2652 2568 2706 Μετὰ
2590 2651 2649 2705 δὲ
2697 2650 2762 2706 τὸ
2793 2653 3008 2724 πρῶτον
3061 2655 3245 2728 τάγμα
3302 2656 3358 2711 αἱ
3384 2654 3580 2726 πλησίον

2021 2741 2199 2796 αὐτῶν
2225 2744 2683 2815 άπενεχθήσονται
2702 2763 2714 2775 ·
2773 2746 2965 2801 πολλαὶ
3002 2748 3109 2820 γὰρ
3145 2748 3308 2819 μοναὶ,
3350 2747 3492 2820 παρὰ
3513 2745 3579 2818 τῷ

2022 2836 2218 2906 Πατρί.
2249 2831 2417 2891 Αὖται
2440 2836 2497 2891 δέ
2522 2839 2659 2893 είσιν
2687 2839 2742 2892 αί
2772 2837 2861 2892 τὸν
2886 2839 3111 2909 ἔγγιστα
3139 2842 3306 2895 τόπον
3328 2841 3580 2910 τῶνπαρ-

2020 2926 2189 2981 θένων
2244 2927 2537 3000 ἐπέχουσαι
2596 2929 2683 2983 διὰ
2743 2930 2944 3002 σεμνοῦ
2999 2932 3095 2987 καὶ
3145 2931 3423 3005 σώφρονος
3455 2932 3575 3003 βίου.

332 3019 576 3076 declarat
604 3021 816 3091 dicens,
846 3024 905 3079 in
934 3014 1128 3079 latitia
1158 3033 1209 3079 et
1232 3025 1610 3083 exsultatione.
1634 3026 1762 3084 Hac
1782 3044 1911 3085 vero

2021 3020 2209 3083 Ὅπως
2267 3019 2324 3074 δὲ
2374 3021 2831 3093 ἁπενεχθήσονται
2900 3024 3197 3096 παρίστησι
3262 3023 3463 3094 λέγων·
3514 3023 3581 3077 ἐν»

331 3126 443 3179 qua
473 3111 688 3169 ratione
717 3114 975 3172 dicantur
1017 3115 1189 3186 probe
1232 3117 1525 3189 intelliges,
1552 3119 1601 3175 si
1648 3119 1913 3190 apostoli-

330 3215 453 3254 cam
489 3200 633 3258 hanc
681 3219 870 3261 vocem
929 3222 1177 3278 apponas
1211 3224 1225 3260 :
1259 3207 1543 3278 Rapiemur
1585 3211 1642 3265 in
1685 3211 1912 3267 nubibus

328 3291 537 3347 obuiam
575 3293 803 3351 Domino
835 3299 893 3351 in
942 3314 1092 3364 aera,
1118 3308 1169 3354 et
1196 3300 1275 3354 sic
1309 3317 1511 3371 semper
1540 3318 1659 3357 cum
1680 3302 1911 3358 Domino

270 3396 275 3401 '
326 3383 526 3437 erimus
542 3383 608 3437 ⁸⁸.
645 3383 765 3443 Non
796 3386 942 3443 enim
972 3390 1194 3445 venient
1216 3389 1301 3446 vel
1333 3389 1399 3445 ad
1424 3389 1624 3462 Regem
1648 3391 1911 3448 accedent

326 3472 591 3543 virgines,
642 3476 738 3531 sed
785 3476 1100 3548 afferentur,
1134 3480 1259 3537 aliis
1290 3480 1440 3551 ipsas
1481 3482 1906 3551 adducentibus,

326 3561 542 3618 scilicet
571 3565 778 3635 angelis
801 3565 919 3636 Dei,
957 3571 1052 3640 qui
1080 3570 1346 3628 sublimes
1374 3573 1497 3629 illas
1530 3575 1585 3629 in
1610 3575 1780 3630 altum
1812 3576 1908 3633 de-

326 3652 523 3717 ferent,
555 3663 614 3709 ut
634 3671 933 3727 supernum
961 3660 1069 3716 iter
1092 3661 1253 3719 facile
1283 3663 1601 3721 decurrant.
1632 3666 1908 3723 Adduccn-

325 3752 414 3796 tur
441 3759 609 3814 porro
641 3748 696 3801 in
735 3748 926 3805 lwtitia
965 3760 1016 3805 et
1047 3754 1421 3823 exsultatione,
1451 3763 1616 3827 atque
1673 3757 1728 3812 in
1754 3766 1902 3815 tem-

324 3828 475 3911 plum
506 3837 676 3907 regis,
707 3839 764 3894 in
794 3841 1003 3911 regiam
1041 3842 1289 3910 domum,
1323 3861 1494 3918 regno
1516 3848 1786 3905 caelorum
1815 3852 1905 3907 do-

322 3932 485 3999 nata,
536 3927 999 3987 lntrmnittentur.
1038 3933 1324 4005 Templum
1352 3952 1541 4006 porro,
1571 3939 1768 3998 domus
1805 3941 1903 3998 Dei

320 4022 426 4108 est,
455 4015 529 4108 ita
557 4024 616 4093 ut
650 4017 763 4108 [lex
792 4021 902 4086 ille,
933 4022 1000 4076 ad
1030 4039 1192 4094 quem
1222 4026 1594 4095 adducuntur,
1626 4029 1772 4089 Deus
1805 4034 1895 4108 sit.

320 4104 429 4159 Eas
461 4105 586 4159 item
615 4106 915 4176 adducunt,
938 4115 1030 4182 qui
1059 4115 1194 4185 ipsis
1228 4117 1479 4193 instituta
1514 4121 1759 4191 tradunt,
1787 4104 1898 4181 Leu

321 4194 569 4273 Videlicet
598 4207 758 4274 atque
790 4200 1084 4280 prophetae.

383 4459 554 4519 Vsus.
600 4465 689 4522 17.
716 4456 827 4523 Pro
878 4470 1119 4538 patribus
1152 4472 1258 4529 tuis
1293 4476 1409 4529 nati
1468 4486 1591 4532 sunt
1636 4480 1733 4532 tibi
1766 4464 1891 4549 ﬁlii.

315 4551 521 4609 liorum
597 4559 925 4615 sententiam
994 4562 1198 4619 clarius
1250 4566 1435 4622 caeteri
1500 4568 1892 4637 reddiderunt;

312 4648 508 4717 Aquila
538 4651 757 4720 quidem
789 4655 871 4710 sic
910 4654 1142 4723 habens,
1172 4657 1280 4713 Pro
1307 4654 1550 4727 patribus
1590 4664 1697 4718 tuis
1737 4673 1893 4717 erunt

312 4738 407 4791 tibi
452 4740 587 4809 filii;
618 4740 980 4814 Symmachus
1030 4762 1162 4804 vero
1186 4788 1203 4813 ,
1238 4748 1349 4803 Pro
1387 4752 1631 4821 patribus
1676 4754 1893 4824 {uerunt

224 4854 229 4859 ·
309 4828 413 4895 ﬁlii
450 4831 550 4885 tui.
594 4829 721 4888 Htec
748 4842 833 4890 est
879 4845 1063 4892 autem
1102 4837 1237 4892 dicti
1286 4840 1435 4895 illius
1462 4842 1883 4914 interpretatio:

310 4918 433 4997 Filii
462 4923 543 4976 tui
583 4924 676 5005 qui
721 4926 778 4980 in
818 4933 872 4980 te
901 4935 955 4982 et
986 4944 1015 4982 a
1042 4937 1099 4985 te
1131 4931 1246 4984 nati
1298 4920 1466 4999 sunt,'
1490 4949 1590 5004 pro
1633 4938 1885 5005 patribus

202 5068 215 5073 4
306 5000 613 5084 “bierunt:
648 5011 787 5083 Nam
832 5015 934 5071 hos
966 5016 1140 5088 ipsos,
1168 5033 1307 5089 quos
1336 5026 1454 5077 tute
1494 5000 1754 5093 genuisti,
1785 5043 1885 5096 pro

309 5101 556 5168 patribus
578 5104 827 5162 habebis.
862 5106 1149 5184 Sermonis
1187 5117 1368 5183 autem
1401 5124 1654 5170 eventum
1686 5118 1886 5173 intelli-

308 5205 427 5279 ges,
462 5192 519 5279 si
564 5195 872 5279 perpendas
900 5215 1011 5268 quo
1041 5211 1205 5271 pacto
1234 5202 1555 5275 alienigenae
1597 5221 1664 5262 ex
1708 5211 1884 5279 genti-

306 5278 432 5345 bus,
458 5277 760 5338 Ecclesiam
784 5284 881 5341 Dei
905 5284 1193 5362 adeuntes,
1221 5290 1277 5346 in
1299 5291 1527 5363 ipsaque
1549 5277 1880 5365 regenerati,

306 5368 402 5423 lilii
461 5370 583 5455 ejus
636 5372 970 5445 eﬂiciantur;
1026 5394 1092 5435 ac
1140 5381 1400 5453 deinceps
1452 5401 1576 5440 cum
1630 5386 1879 5455 profectu

304 5460 452 5515 aucti
484 5449 635 5527 sunt,
671 5472 860 5534 patres
883 5467 1063 5538 ipsius
1098 5449 1541 5544 constituantur,
1582 5449 1650 5531 ad
1680 5477 1879 5548 praefe-

302 5560 512 5627 cturam
564 5555 685 5624 ejus
722 5561 980 5626 promoti,
1020 5571 1076 5616 et
1122 5564 1189 5618 ad
1243 5568 1582 5637 sacerdotale
1616 5572 1865 5630 ministeo

369 5708 416 5741 ”
481 5706 659 5789 lCor.
696 5728 830 5793 xui,
870 5714 921 5769 9.
1002 5716 1045 5747 ”
1086 5717 1218 5773 ibid.
1262 5721 1343 5777 l0.
1420 5724 1465 5758 ⁸⁸
1503 5723 1658 5781 Ioan.
1700 5730 1899 5808 ιη’,ίὲτ

2014 3110 2361 3180 εὐφροσύνῃ
2390 3111 2488 3165 καί
2516 3112 2894 3182 ἀγαλλιάσει.
2923 3114 3155 3187 Νοήσεις
3180 3115 3239 3169 δὲ
3278 3116 3422 3180 ὅπως
3444 3114 3577 3188 εῐρη·

2013 3216 2104 3253 ται
2130 3200 2307 3269 τοῦτο,
2337 3202 2604 3275 παραθεὶς
2629 3204 2728 3275 τὴν
2755 3205 3115 3279 ἀποστολικὴν
3145 3202 3385 3283 φωνήνῇ
3409 3222 3571 3280 φησιν’

2024 3290 2509 3362 Ἁρπαγησόμεθα
2538 3294 2609 3349 ἐν
2650 3295 2933 3365 νεφέλαις
2969 3300 3058 3365 είς
3093 3299 3440 3369 ἀπάντησιν
3481 3298 3591 3355 τοῦ.

2010 3381 2231 3448 Κιιοιου
2264 3383 2353 3449 εἰς
2393 3382 2570 3451 ἀέρα,
2614 3384 2712 3438 καὶ
2764 3385 2917 3439 οὕτω
2963 3386 3218 3441 πάντοτε
3253 3388 3377 3444 σὺν
3401 3387 3574 3458 Κυρίῳ

2008 3471 2287 3541 ἐσόμεθα.
2331 3474 2407 3527 Ού
2439 3474 2550 3548 γὰρ
2594 3476 2904 3533 ἐλεύσονται
2945 3477 3066 3532 οὐδὲ
3097 3480 3481 3535 ἀπελεύσονται
3505 3478 3572 3549 τῷ

2009 3564 2228 3619 Βασιλεῖ
2264 3566 2545 3638 παρθένοι,
2573 3568 2687 3625 ἀλλ’
2720 3569 3197 3641 ἀπενεχθήσονται,
3216 3572 3393 3627 ἄλλων
3423 3569 3572 3635 αὑτὰς

2007 3657 2330 3725 ὰπαγόντων
2349 3675 2362 3688 ·
2399 3660 2648 3727 ἀγγέλων
2701 3660 2901 3731 δηλαδὴ
2947 3660 3107 3715 θείων
3149 3663 3570 3736 μετεωριζόντων

2006 3751 2176 3816 αὑτὰς
2212 3751 2309 3805 καὶ
2366 3753 2446 3817 είς
2475 3752 2611 3823 ὕψος
2641 3755 3002 3827 ἐπαιρόντων,
3032 3754 3108 3819 ὡς
3129 3755 3195 3812 ἂν
3239 3758 3455 3830 εὐμαρῆ
3484 3757 3569 3827 τήν

2004 3843 2117 3897 ἄνω
2156 3845 2476 3915 ποιήσαιντο
2507 3844 2753 3917 πορείαν.
2820 3846 3354 3917 Ἆπενεχθήσονται
3414 3848 3455 3902 δ’
3509 3847 3570 3900 ἐν

2001 3935 2349 4004 εὐφροσύνῃ
2380 3935 2478 3990 καὶ
2507 3935 2887 4004 ἀγαλλιάσει,
2933 3938 3029 3991 καὶ
3068 3938 3477 4011 εἰσαχθήσονται
3499 3938 3568 4000 εἰς

2001 4025 2126 4079 ναὸν
2156 4026 2438 4095 βασιλέως,
2466 4028 2546 4089 είς
2582 4027 2673 4079 τὸν
2724 4023 2877 4116 οἷκον
2906 4028 2992 4082 τὸν
3027 4028 3304 4116 βασιλικὸν
3356 4030 3452 4100 τῆς
3473 4027 3568 4116 τῶν

1999 4114 2246 4186 οὐρανῶν
2265 4115 2541 4185 βασιλείας
2568 4115 3009 4188 καταξιούμεναι.
3032 4114 3180 4183 ’Ναὸς
3206 4119 3262 4173 δὲ
3288 4117 3430 4183 οἶκος
3447 4114 3565 4171 Θεοῦ

1999 4203 2147 4259 ἐστιν
2172 4219 2185 4234 ο
2208 4202 2350 4257 ὥστε
2373 4205 2505 4269 Θεὸς
2531 4207 2560 4259 ό
2585 4206 2848 4270 Βασιλεὺς
2867 4244 2881 4270 ,
2912 4199 2957 4274 ᾦ
2985 4208 3311 4277 ἀπάγονται.
3363 4210 3564 4278 Ἀγουσι
3587 4234 3593 4242 -

2001 4292 2058 4347 δὲ
2090 4294 2260 4359 αὐτὰς
2289 4296 2386 4349 καὶ
2406 4298 2455 4350 οί
2484 4297 2554 4351 τὰ
2588 4298 2931 4371 παιδεύματα
2964 4300 3346 4371 παραδιδόντες
3372 4302 3561 4363 αὑταῖς.

1999 4387 2029 4440 ὅ
2058 4404 2119 4440 τε
2152 4388 2335 4459 Νόμος
2358 4390 2450 4444 καὶ
2474 4392 2523 4444 οί
2548 4391 2842 4463 προφῆται.

2082 4478 2231 4532 Ἀντί
2261 4479 2382 4539 τῶν
2413 4484 2684 4550 πατέρων
2723 4500 2840 4537 σου
2864 4482 3283 4553 έγεννήθησιίν
3310 4503 3408 4540 σοι
3438 4483 3558 4539 υἱοί.

1999 4570 2218 4624 Τούτων
2260 4572 2360 4643 τὴν
2411 4572 2647 4628 διάνοιαν
2700 4576 3032 4649 σαφέστερον
3076 4578 3476 4633 ἀποδεδώκασιν
3516 4578 3558 4631 ol

1996 4661 2204 4715 λοιποίε
2234 4664 2263 4715 ὁ
2308 4663 2407 4734 μὲν
2462 4665 2694 4732 Ἀκύλας
2728 4667 2927 4721 εἰπών·
2972 4670 3121 4724 Ἆντὶ
3168 4670 3290 4723 τῶν
3310 4668 3560 4737 πατέρων

1995 4767 2113 4807 σου
2138 4754 2385 4809 ἔσονταί
2429 4769 2530 4811 σοι
2550 4759 2671 4813 υἱοί
2692 4776 2705 4790 ·
2741 4760 2771 4812 ό
2796 4759 2856 4813 δὲ
2894 4761 3191 4834 Σύμμαχος
3213 4780 3227 4792 ·
3278 4762 3423 4817 Ἀντί
3461 4774 3558 4814 παι

1994 4843 2181 4913 τέρων
2208 4845 2485 4915 ἐγένοντο
2521 4849 2642 4903 υίοὶ
2664 4862 2801 4904 σου.
2840 4851 2905 4905 Ἦ
2931 4851 2976 4904 δ’
3007 4854 3274 4923 ἑρμηνεία
3303 4853 3394 4906 τοῦ
3414 4851 3556 4919 λόγου

1994 4932 2196 5004 ταύτην
2220 4932 2333 5007 ἔχει
2359 4935 2458 5008 τὴν
2479 4935 2735 4993 διάνοιανο
2769 4941 2831 4994 Ol
2851 4941 2957 4994 υἱοί
2977 4958 3070 4996 σου
3094 4944 3143 4996 οί
3172 4944 3230 4996 ἐν
3250 4944 3334 4996 σοὶ
3351 4942 3440 4996 καὶ
3463 4936 3556 4993 bim

1994 5024 2088 5079 σοῦ
2105 5027 2490 5098 γεγεννημένον.
2508 5029 2628 5083 ιΞιντῖ⁵
2651 5032 2907 5105 πατέρων
2926 5035 3243 5105 γενήσονταί
3265 5052 3365 5088 σοι.
3391 5030 3554 5096 "Eiet;

1990 5114 2099 5186 γὰρ
2134 5116 2332 5181 αὐτοὺς
2370 5118 2631 5189 πατέρας,
2657 5119 2757 5185 οὓς
2788 5122 2926 5194 αὐτὴ
2954 5122 3305 5195 γεγέννηκας.
3341 5124 3555 5194 Νοήσεις

1988 5205 2047 5257 δὲ
2078 5205 2172 5259 τοῦ
2203 5207 2360 5276 λόγου
2410 5209 2472 5263 τὸ
2501 5210 2844 5281 ἀποτέλεσμα
2864 5252 2878 5278 ,
2907 5206 3205 5286 ἐπιστήσας
3236 5216 3382 5278 ὅπως
3410 5213 3457 5266 οἱ
3499 5209 3552 5273 ἐξ

1990 5297 2161 5352 ἐθνῶν
2213 5300 2520 5371 ἀλλόφυλοι,
2582 5307 2972 5376 προσελθόντες
3030 5310 3090 5379 τῇ
3141 5307 3428 5381 Ἐκκλησία
3466 5301 3548 5357 τοῦ

1986 5390 2144 5455 Θεοῦ,
2182 5395 2275 5446 καὶ
2318 5395 2772 5467 ἀναγεννηθέντες
2818 5400 2877 5451 ἐν
2933 5401 3091 5472 αὐτῇ,
3125 5401 3230 5479 uio!
3276 5399 3443 5467 αὐτῆς
3473 5395 3550 5464 7i-

1936 5536 1949 5551 τ
1985 5499 2234 5551 γνονταισ
2268 5485 2505 5541 κᾶπειτα
2527 5488 2854 5555 ἐπιδιδόντες
2895 5494 2960 5563 τῄ
3003 5497 3253 5565 προκοπῇ
3280 5533 3295 5558 ,
3329 5489 3547 5560 πατέρες

1976 5576 2145 5651 αὐτῆς
2174 5578 2548 5647 καθίστανται,
2578 5583 2940 5657 προαγόμενοι
2982 5589 3061 5650 εἰς
3095 5586 3191 5658 τὴν
3225 5585 3396 5658 αὐτῆς
3421 5599 3543 5653 προ-

1975 5728 2022 5785 ‘."
2060 5728 2300 5807 l'l'hess.
2335 5748 2410 5803 ut,
2448 5732 2533 5809 16.
