3822 6280
211 209 326 264 4θ5
1417 210 1819 303 COMMEt‘iTAl

1961 212 2029 268 lN
2067 214 2410 273 PSALMOS.
2921 287 2925 293 _
3432 219 3536 275 tos

216 317 484 382 στασίαν,
515 319 626 373 καὶ
653 321 774 392 τῆς
797 320 1075 392 ἱερατικῆς
1111 320 1451 393 λειτουργίας
1495 324 1819 395 καταξιούμε

1963 323 2104 378 rium
2143 324 2406 396 cooptati.
2442 323 2728 391 Quomodo
2763 319 2946 380 autem
2961 318 2973 333 ”
2990 323 3114 380 illos
3160 337 3260 393 pro
3287 326 3537 395 patribus
3622 336 3633 346 '

220 431 325 468 νοι.
379 413 520 475 Πῶς
561 413 615 466 δ’
647 414 808 479 ἕξεις
842 415 1039 478 αὐτοὺς
1063 415 1181 467 ἀντὶ
1218 416 1464 486 πατέρων
1493 416 1810 487 διερμηνεύε

1960 413 2217 468 habitura
2255 415 2356 480 sis,
2396 413 2640 484 apertius
2680 413 2918 483 explicat
2959 413 3046 469 his
3077 413 3294 470 verbis:
3323 411 3538 471 Consti-

220 505 582 577 σαφέστερον
611 506 809 576 λέγων
833 524 844 537 ·
880 507 1295 575 Καταστήσεις
1314 507 1535 573 αὐτοὺς
1559 507 1819 577 ἄρχοντα

1961 512 2071 557 tues
2100 519 2188 558 eos
2217 503 2477 572 principes
2528 518 2685 572 super
2729 518 2933 557 omnem
2980 511 3198 557 terram.
3242 503 3339 560 His
3370 520 3536 575 porro

215 581 312 650 ἐέί
352 597 588 650 πᾶσαν
622 598 762 666 τὴν
792 598 923 668 γῆν.
950 599 1110 666 Λέγει
1151 599 1207 652 δὲ
1237 598 1405 652 ταῦτα
1447 600 1580 670 πρὸς
1627 601 1724 671 τὴν
1764 602 1819 652 tr

1958 595 2283 662 Ecclesiam,
2314 610 2436 666 quae
2476 593 2532 650 in
2569 601 2718 650 terra
2743 601 2848 660 est,
2883 594 3198 664 alloquitur,
3245 611 3474 667 quaeque
3505 613 3537 653 a

215 687 320 758 γῆς
337 687 708 757 Ἐκκλησίαν
734 692 766 742 ό
784 688 958 756 λόγος,
979 690 1074 760 τὴν
1095 690 1199 742 άπὸ
1219 689 1467 759 περάτων
1487 691 1591 754 ἕως
1604 690 1819 761 περάτω

1956 687 2208 743 terminis
2243 695 2405 743 terrae
2448 701 2624 758 usque
2666 687 2734 740 ad
2771 681 3038 742 terminos
3077 688 3196 756 ejus
3229 691 3487 762 pertingit
3517 706 3532 745 :.

215 779 524 849 διήκουσαν
548 795 563 808 ο
605 781 707 848 ἐφ’
746 782 810 851 ἢν
839 779 1104 850 ἄρχοντας
1139 782 1232 834 καὶ
1266 782 1508 852 πατέρας
1537 783 1660 845 τοὺς
1693 783 1819 836 ίδίου

1955 778 2008 853 in
2052 778 2211 846 cujus
2261 778 2532 848 principes
2576 785 2631 832 et
2679 783 2887 847 patres,
2932 779 3184 851 proprios
3242 779 3380 836 ﬁlios
3413 783 3532 851 ipsa

218 869 368 933 υἱοὺς
401 868 557 939 αὑτὴ
591 871 632 940 ἡ
681 871 984 940 Ἐκκλησία
1009 870 1100 923 τοῦ
1127 871 1260 924 Θεοῦ
1292 871 1630 943 καθίστησιν.

1953 865 2047 922 Dei
2079 866 2324 922 Ecclesia
2351 867 2656 923 constituit.

288 962 395 1014 Διὰ
421 960 624 1013 τοῦτο
648 960 800 1014 λαοί
836 961 1187 1029 ὑμνήσουσι
1219 978 1292 1015 σε
1327 964 1413 1028 είς
1439 960 1625 1016 αἰῶνα
1651 962 1819 1031 ὃιηνε

2023 955 2190 1013 Vens.
2225 958 2311 1014 18.
2345 957 2637 1026 Propterea
2685 958 2868 1026 populi
2912 957 3299 1026 conﬁtebuntur
3343 961 3437 1013 tibi
3476 977 3532 1015 ιη

219 1049 358 1116 κῶς.
407 1049 481 1102 Ἦ
519 1049 912 1121 προλεχθεῖσα
943 1051 1186 1123 θυγάτηρ
1231 1051 1338 1105 τῶν
1369 1052 1632 1122 βασιλέων
1658 1093 1674 1118 ,
1710 1053 1846 1126 αὕτη

219 1141 272 1193 δὲ
307 1137 378 1211 ἦν
408 1142 443 1209 ἡ
481 1141 587 1193 ἐπὶ
625 1142 748 1212 γῆς
780 1141 1095 1212 Ἐκκλησία,
1133 1143 1529 1215 συναισθομένη
1564 1144 1662 1212 τῆς
1687 1145 1846 1198 δυνά-

223 1246 368 1300 μεως
401 1229 504 1282 τοῦ
538 1231 834 1301 πατρικοῦ
882 1232 1167 1302 ὀνόματος,
1198 1233 1497 1304 ἐπειδήπερ
1523 1234 1846 1302 ἐχαρίσατο

221 1321 382 1386 αὐτῷ
417 1320 630 1390 ὄνομα
671 1325 747 1376 τὸ
775 1323 927 1391 ὑπὲρ
956 1322 1079 1378 πᾶν
1111 1323 1303 1394 ὄνομα
1325 1341 1337 1352 ·
1377 1327 1476 1377 ἵνα
1513 1327 1583 1378 ὲν
1605 1324 1682 1389 τῷ
1713 1327 1846 1379 ὀνό-

216 1429 356 1482 ματι
392 1412 612 1479 Ἰησοῦ
637 1412 777 1467 πᾶν
800 1415 946 1484 γόνυ
974 1413 1182 1483 κάμψῃ
1205 1414 1579 1481 ἐπουρανίων
1609 1413 1706 1467 καὶ
1729 1415 1845 1468 ἐπι-

223 1505 396 1574 γείων
423 1504 532 1557 καὶ
567 1506 1022 1573 καταχθονίων,
1053 1504 1192 1576 μετὰ
1254 1505 1352 1568 τὰς
1383 1505 1518 1576 πρὸς
1554 1506 1722 1575 αὐτὴν
1755 1506 1845 1558 λε-

220 1595 442 1669 χθείσας
465 1598 1197 1666 ἐπαγγελίας,πιστεύσασα
1224 1601 1449 1668 φωναῖς,
1473 1601 1646 1670 χαρᾶς
1665 1615 1722 1651 τε
1751 1600 1843 1652 καὶ

222 1689 577 1760 εὐφροσύνης
615 1690 1003 1762 πληρωθεῖσα.

221 1797 326 1850 ΕΙΣ
356 1799 449 1852 ΤΟ
487 1801 761 1856 ΤΕΛΟΣ.
791 1803 974 1856 ΥΠΕΡ
1019 1805 1153 1858 ΤΩΝ
1192 1805 1354 1858 ΥΙΩΝ
1395 1805 1592 1870 ΚΟΡΕ,
1661 1806 1840 1858 ΥΠΕΡ

544 1872 700 1925 ΤΩΝ
732 1874 1058 1938 ΚΡΥΦῘΩΝ,
1089 1875 1379 1929 ΨΑΛΜΟΣ
1405 1876 1545 1947 ME'.

301 1981 354 2034 Ὀ
376 1983 532 2050 Θεὸς
566 1985 757 2054 ἡμῶν
785 1988 1098 2058 καταφυγὴ
1126 1989 1224 2043 καὶ
1276 1989 1529 2059 δύναμις
1551 2030 1564 2053 ,
1607 1991 1838 2059 ,ϐοηθός

227 2071 290 2126 ὲν
337 2077 600 2143 θλίψεσι
647 2077 785 2144 ταῖς
835 2080 1159 2147 εὐρούσαις
1214 2079 1372 2150 ἡμᾶς
1423 2080 1678 2150 σφόδρα.
1737 2084 1838 2137 Διὰ

224 2167 396 2221 τοῦτο
425 2169 501 2222 οὺ
535 2171 1021 2240 φοϐηθησόμεθα
1045 2172 1114 2225 ἐν
1143 2172 1222 2237 τῷ
1269 2173 1681 2240 ταράσσεσθαι
1722 2172 1838 2241 τὴν

231 2257 361 2326 γῆν,
391 2259 492 2313 καί
514 2261 958 2330 μετατίθεσθαι
977 2262 1082 2330 ὄρη
1100 2263 1170 2317 ἐν
1188 2262 1458 2330 καρδίαις
1482 2262 1831 2318 θαλασσῶν.

230 2351 677 2423 Εὐχαριπήριον
720 2352 889 2423 ὕμνον
915 2353 1229 2424 ἀναπέμπει
1265 2352 1342 2424 τῷ
1378 2353 1627 2424 μεγάλων
1673 2353 1834 2407 αὐτὸν

234 2441 643 2505 καταξιώσαντι
693 2445 722 2495 ό
753 2443 938 2511 λόγος’
963 2444 1046 2497 ὅτι
1075 2443 1304 2514 φροῦδος
1356 2444 1508 2497 ἔσται
1535 2484 1549 2508 ,
1583 2443 1833 2514 καθάπερ

232 2532 332 2585 τινὶ
358 2533 852 2604 παραπεμφθεῖσα
887 2533 1054 2605 βυθῷ,
1093 2537 1128 2605 ἡ
1155 2536 1318 2589 πάλαι
1350 2537 1673 2607 κρατήσασα
1721 2535 1832 2588 τῶν

235 2625 498 2696 δαιμόνων
518 2626 784 2689 ἀσέϐεια,
803 2627 835 2697 ή
855 2624 965 2680 τῶν
986 2626 1128 2698 ὀρῶν
1153 2627 1228 2698 (-l)
1254 2628 1564 2699 μιμουμένη
1582 2627 1652 2688 ,τὸ
1674 2627 1828 2696 ὕψος,

234 2716 322 2769 καὶ
345 2717 446 2786 τῆς
466 2718 811 2790 οἰκουμένης
843 2719 935 2771 ἐπὶ
965 2719 1218 2772 πλεῖστον
1238 2721 1501 2791 ἐσχηκυῖα
1525 2718 1586 2772 τὸ
1608 2719 1826 2791 κράτος.

238 2803 361 2864 Εἶτα
391 2808 541 2877 λέγει
571 2810 602 2861 ὁ
639 2810 981 2881 προφητικδς
1015 2808 1190 2877 λόγος,
1227 2810 1301 2872 ὡς
1341 2811 1410 2863 τὰ
1454 2809 1623 2863 ὕδατα
1663 2809 1830 2881 ζάλην

236 2891 460 2957 ἐδέξατο,
490 2895 589 2948 καὶ
613 2895 691 2948 τὰ
711 2895 812 2967 ὄρη
841 2895 1028 2950 κλόνον
1054 2897 1334 2968 ὑπέμεινε,
1358 2897 1452 2951 τοῦ
1474 2898 1829 2967 εύαγγελικοῦ

1952 1057 2204 1102 ωιενηιιγη
2236 1058 2502 1118 perpetuo.
2540 1046 2680 1107 Filia
2710 1063 2898 1120 regum
2927 1048 3036 1118 jam
3070 1057 3390 1114 memorata,
3421 1051 3529 1104 sci-

1951 1140 2078 1194 licet
2111 1139 2358 1196 Ecclesia
2388 1139 2445 1193 in
2470 1145 2618 1194 terra
2641 1137 2870 1210 degens,
2904 1137 3116 1208 paterni
3149 1139 3386 1194 nominis
3415 1139 3528 1192 vir-

1950 1239 2120 1288 tutem
2171 1230 2639 1297 animadvertens,
2696 1229 2958 1300 quoniam
3013 1229 3158 1283 dedit
3216 1230 3299 1282 illi
3341 1246 3528 1282 nomen

1946 1321 2082 1394 quod
2111 1330 2189 1376 est
2211 1338 2368 1391 super
2399 1338 2551 1377 omne
2581 1338 2797 1387 nomen;
2822 1333 2878 1375 ut
2897 1321 2951 1375 in
2980 1323 3188 1376 nomine
3219 1320 3348 1377 Jesu
3378 1337 3529 1376 omne

1946 1431 2077 1484 genu
2091 1415 2336 1482 ﬂectatur
2351 1414 2659 1479 antestium,
2685 1413 3012 1468 terrestrium
3040 1422 3088 1467 et
3113 1413 3164 1466 in
3171 1413 3440 1482 femorum
3455 1413 3526 1479 ⁸⁷,

1947 1512 2069 1574 post
2093 1504 2250 1558 datas
2287 1503 2390 1558 sibi
2420 1503 2838 1574 promissiones,
2869 1503 2956 1558 his
2979 1503 3205 1559 vocibus
3234 1501 3391 1561 ﬁdem
3424 1503 3524 1567 ha-

1946 1595 2100 1661 bens,
2127 1595 2328 1666 gaudio
2362 1601 2415 1650 et
2447 1593 2814 1652 exsultatione
2842 1593 3100 1664 repletur.

1950 1787 2000 1845 1.
2033 1789 2098 1846 ΙΝ
2128 1789 2339 1852 FINEM
2377 1795 2515 1854 PRO
2549 1798 2748 1854 FILIIS
2779 1800 2983 1866 CORE,
3024 1795 3161 1857 PRO
3199 1800 3521 1869 ARCANIS,

2469 1870 2791 1928 PSALMUS
2829 1871 2968 1926 XLV
2981 1909 2994 1922 .

2015 1983 2480 2050 Vens.2,5.Deus
2513 1993 2692 2040 noster
2719 1985 2980 2056 refugium
3015 1994 3064 2038 et
3094 1986 3282 2062 virtus,
3307 1985 3524 2055 adjutor

1939 2076 1991 2129 in
2028 2077 2456 2132 tribulationibus
2479 2095 2595 2149 quia
2614 2079 2916 2132 invenerunt
2942 2094 3035 2132 nos
3066 2077 3244 2131 nimis.
3271 2077 3523 2146 Propter-

1937 2185 1998 2221 ea
2039 2185 2142 2222 non
2182 2170 2479 2224 timebimus
2513 2169 2639 2223 dum
2669 2169 2972 2223 turbabitur
3007 2178 3169 2234 terra,
3192 2178 3241 2224 et
3287 2169 3538 2238 transfe—'

1937 2269 2120 2314 rentur
2152 2269 2351 2315 montes
2385 2261 2440 2313 in
2474 2278 2564 2314 cor
2604 2261 2854 2317 marium.
2904 2258 3174 2330 Hymnum
3220 2261 3520 2330 gratiarum

1937 2353 2168 2408 actionis
2210 2352 2408 2407 emittit
2441 2353 2490 2407 ei
2525 2354 2620 2422 qui
2652 2353 2867 2422 magnis
2907 2352 3087 2422 ipsum
3119 2351 3396 2408 beneﬁciis
3425 2367 3522 2406 or-

1937 2450 2180 2509 naverat,
2203 2444 2328 2513 quia
2351 2459 2471 2513 quae
2491 2444 2622 2498 olim
2653 2457 2840 2497 rerum
2873 2442 3042 2512 potita
3065 2450 3183 2497 erat
3213 2442 3521 2496 daemonum

1935 2535 2206 2605 impietas,
2239 2543 2292 2590 et
2338 2537 2610 2591 montium
2640 2536 2989 2591 altitudinem
3019 2535 3296 2600 aemulata,
3327 2533 3423 2589 diu
3463 2535 3523 2590 in

1936 2628 2126 2682 orbem
2172 2627 2488 2682 ordinatum
2527 2627 2879 2694 obtinuerat;
2907 2627 3020 2697 jam
3055 2627 3213 2696 quasi
3249 2626 3304 2680 in
3335 2626 3525 2698 gurgi-

1933 2723 2040 2770 tem
2109 2715 2400 2787 quemdam
2465 2715 2731 2786 projecta,
2765 2715 2832 2770 de
2888 2715 3068 2770 medio
3129 2715 3345 2771 sublata
3388 2713 3518 2770 erit.

1932 2806 2140 2862 Deinde
2173 2815 2361 2861 narrat
2391 2807 2743 2877 propheticus
2789 2819 2992 2872 sermo,
3027 2820 3137 2875 quo
3167 2814 3327 2876 pacto
3365 2819 3522 2876 aqua:

1931 2909 2254 2971 tempestate
2302 2901 2548 2970 agitatae,
2602 2907 2819 2953 montes
2879 2897 3305 2952 commotionem
3367 2896 3518 2968 passi

240 2979 778 3057 διαπορθμευομένου
830 2988 1202 3059 κηρύγματος.
1264 2990 1525 3044 Ἐνταῦθα
1545 2992 1601 3044 δὲ
1640 2992 1739 3064 ὄρη
1769 2993 1819 3046 τὲ

1937 2997 2063 3058 sint,
2103 2993 2233 3047 dum
2265 2993 2470 3048 interea
2508 2992 2822 3062 evangelica
2851 2990 3170 3062 praedicatio
3196 2990 3360 3044 latius
3393 3005 3519 3061 per-

239 3069 338 3121 τῶν
362 3069 640 3142 δαιμόνων
668 3077 1080 3148 προσηγόρευσε
1115 3081 1300 3147 στῖφος
1337 3078 1424 3132 διὰ
1457 3081 1546 3134 τὸν
1573 3081 1671 3150 τῆς
1698 3082 1830 3136 ἁλα-

245 3159 442 3227 ζονείας
469 3164 641 3233 ὄγκον
686 3169 784 3221 καὶ
815 3168 910 3222 τοῦ
959 3169 1128 3238 τύφου
1175 3170 1234 3223 τὸ
1267 3171 1501 3242 ὑψηλόν⁸
1560 3172 1724 3226 ὕδατα
1773 3175 1829 3227 δὲ
1861 3219 1863 3222 .

244 3250 342 3304 τῶν
375 3255 687 3327 ἀνθρώπων
721 3257 822 3322 τὰς
856 3259 1102 3330 γνώμας,
1132 3260 1232 3324 τὰς
1264 3261 1420 3332 δίκην
1448 3264 1663 3318 ὑδάτων
1701 3265 1827 3336 τῇδε

248 3340 455 3394 κάκεῖσε
490 3347 809 3416 φερομένας
845 3347 1061 3419 ῥᾳδίως,
1088 3350 1183 3402 καὶ
1215 3350 1318 3404 ὑπὸ
1339 3350 1447 3405 τῶν
1482 3353 1580 3423 τῆς
1613 3355 1829 3424 ἀπάτης

248 3434 560 3504 κυκωμένας
590 3437 943 3507 πνευμάτων.
980 3437 1166 3491 Ταῦτα
1195 3439 1250 3492 δὲ
1277 3440 1518 3494 διδάσκει
1559 3443 1706 3513 ἡμᾶς
1737 3445 1828 3496 καὶ

250 3524 279 3594 ἡ
302 3525 404 3578 τῶν
427 3528 722 3596 Πράξεων
747 3529 974 3599 ἱστορίαο
1007 3531 1174 3594 ὅπως,
1198 3530 1306 3584 τῶν
1329 3532 1489 3602 ἱερῶν
1516 3533 1827 3587 ἀποστόλων

249 3613 339 3684 τὴν
362 3617 690 3693 οἰκουμένην
726 3621 1186 3692 περινοστούντων
1210 3664 1224 3688 ,
1270 3623 1436 3694 ζάλης
1488 3625 1828 3695 ἐμπίπλαντο

203 3699 206 3702 ”
255 3704 340 3756 καὶ
357 3705 598 3778 θορύϐων
630 3713 688 3764 αἱ
741 3713 944 3775 πόλεις.
977 3714 1087 3766 Καὶ
1122 3711 1232 3783 γὰρ
1277 3715 1334 3766 ὲν
1397 3715 1828 3788 Ἐφέσῳ’Δημή-

252 3811 386 3866 τριος
414 3802 595 3855 πᾶσαν
618 3803 722 3874 τὴν
751 3803 906 3857 πόλιν
933 3803 1178 3857 ὲκύκωσε
1197 3823 1212 3837 ο
1241 3806 1335 3858 καὶ
1355 3806 1414 3858 ὲν
1445 3806 1710 3878 Λύστροις
1733 3808 1827 3863 καὶ

256 3884 414 3960 Δέρϐῃ
429 3892 594 3945 ταύτὸ
624 3891 786 3946 τοῦτο
808 3892 1118 3964 γεγένηται.
1144 3894 1253 3947 Καὶ
1282 3895 1441 3952 πάλιν
1461 3897 1518 3948 ὲν
1542 3897 1827 3961 Φιλίπποις

256 3974 338 4026 καὶ
373 3977 763 4052 Θεσσαλονίκῃ,
798 3981 893 4036 καὶ
933 3982 1208 4053 Ἀθήναις,
1259 3982 1351 4036 καὶ
1411 3984 1680 4057 Κορίνθῳ,
1717 3986 1825 4039 τῶν

256 4063 343 4133 τῆς
386 4067 598 4141 ἀπάτης
648 4073 972 4143 πνευμάτων
1009 4073 1180 4125 ταῦτα
1217 4073 1589 4146 διεγειρόντων
1636 4076 1705 4130 τὰ
1739 4077 1827 4130 κύ-

260 4172 409 4224 ματα,
427 4161 532 4216 ὑπὸ
558 4163 768 4218 τούτων
782 4165 926 4228 τινὲς
948 4167 1171 4237 ὲνεργού
1181 4183 1328 4237 μενοι
1358 4169 1498 4221 κατὰ
1523 4169 1631 4222 τῶν
1662 4170 1823 4240 ἱερῶν

261 4245 410 4302 ἐϐόων
436 4253 750 4309 ἀποστόλων
769 4271 786 4288 ο
825 4260 888 4310 Ol
923 4257 1038 4325 τὴν
1077 4259 1444 4328 οἰκουμένην
1474 4261 1820 4316 ἀναστατώ-

258 4351 478 4409 σαντες,
509 4343 679 4404 οὗτοι
715 4347 815 4402 καὶ
853 4348 1066 4403 ἐνθάδε
1116 4350 1376 4417 πάρεισι.
1433 4352 1616 4405 Ταῦτα
1669 4354 1762 4407 καὶ
1793 4357 1821 4408 ὀ
1857 4333 1901 4386 D

265 4432 510 4505 μακάριος
557 4441 963 4511 προηγόρευσεν
1033 4442 1344 4512 Ἀϐακούμ’
1407 4446 1816 4512 Ἐπεϐίϐασας,

259 4521 354 4592 γάρ
377 4543 553 4598 φησιν,
598 4535 689 4598 εὶς
729 4532 1050 4587 θάλασσαν
1097 4535 1239 4599 τοὺς
1271 4535 1495 4600 ἵππους
1519 4551 1636 4591 σου
1660 4578 1673 4602 ,
1718 4555 1817 4590 τα-

258 4611 580 4689 ράσσοντας
610 4625 802 4678 ὕδατα
829 4626 1049 4683 πολλά.
1077 4628 1307 4690 Ἵππους
1345 4627 1401 4679 δὲ
1442 4628 1814 4700 προσηγόρευ-

264 4717 342 4757 σεν
366 4707 540 4780 ὄχημα
582 4715 723 4774 θεῖον
770 4718 1167 4787 γεγενημένους
1210 4719 1334 4781 τοὺς
1379 4720 1555 4788 ἱεροὺς
1581 4720 1813 4772 ἀποστό-

261 4789 397 4860 λους·
424 4802 506 4854 ἐπ’
532 4804 711 4859 αὐτῶν
732 4805 840 4876 γὰρ
857 4807 1147 4877 ὀχούμενος
1178 4811 1205 4862 ό
1223 4809 1519 4878 Δεσπότης,
1550 4808 1616 4861 τὰ
1644 4809 1813 4862 πολλὰ

265 4883 346 4936 καὶ
371 4886 590 4963 διάφορα
614 4896 712 4966 τῆς
739 4896 994 4960 ἀσεϐείας
1025 4898 1266 4969 δόγματα
1293 4898 1621 4953 διεσκέδασε.
1670 4901 1811 4970 Νοή-

264 4985 361 5036 ms
390 4976 442 5031 δὲ
476 4984 566 5045 καὶ
596 4985 770 5049 ἄλλως
800 4987 900 5056 τὴν
931 4974 1188 5057 σύγχυσιν
1216 4988 1315 5058 τῆς
1346 4988 1449 5058 γῆς
1472 4988 1566 5041 καλ⁹
1594 4989 1690 5061 τὴν
1723 5009 1809 5043 τα-

270 5064 418 5149 ξαχὴν
441 5071 627 5143 αὐτῆς,
664 5075 876 5130 ἀκούων
927 5076 1021 5129 τοῦ
1061 5077 1311 5149 Σωτῆρος
1355 5077 1632 5147 λέγοντος·
1682 5080 1808 5147 Πῦρ

269 5142 437 5239 ἦλθον
453 5142 665 5221 ,βαλεῖν
712 5166 810 5218 ἐπὶ
853 5166 968 5234 τὴν
994 5164 1145 5235 γῆν·
1179 5142 1278 5221 an
1316 5171 1375 5222 τί
1403 5142 1556 5224 θέλω
1585 5173 1636 5224 εί
1692 5142 1808 5239 es},

272 5237 516 5331 (ξνῖῖῦοθτυ
546 5257 636 5309 καὶ
665 5257 824 5310 πάλιν
849 5275 861 5287 ·
892 5257 990 5324 Μὴ
1015 5260 1322 5329 νομίσητε,
1352 5261 1440 5315 ὅτι
1466 5258 1656 5331 ἦλθον
1696 5237 1810 5326 ,βαὲ

273 5327 387 5383 κλεῖν
417 5339 650 5412 εἰρήνην
681 5345 780 5399 ἐπὶ
807 5346 921 5416 τὴν
941 5327 1095 5418 τῆνί
1124 5349 1236 5404 οὐκ
1260 5345 1447 5419 ἦλθον
1487 5327 1704 5417 βαλεῖν
1733 5353 1813 5406 sla

1930 3087 2174 3143 vaderet.
2230 3084 2328 3140 llic
2383 3099 2549 3155 porro
2614 3083 2925 3139 daemonum
2974 3093 3252 3138 catervam
3299 3088 3518 3137 montes

1931 3187 2233 3248 nuncupat,
2282 3176 2352 3232 ob
2410 3175 2736 3246 arrogantiae
2806 3181 3074 3230 tumorem
3139 3185 3204 3228 ac
3247 3171 3516 3242 superbiae

1931 3269 2307 3334 altitudinem;
2337 3281 2508 3338 aquas
2536 3280 2687 3330 vero,
2718 3265 3004 3319 hominum
3041 3264 3362 3326 sententias,
3394 3279 3517 3334 quae

1932 3375 2200 3431 aquarum
2232 3358 2404 3413 instar
2437 3358 2584 3412 ultro
2626 3359 2876 3429 citroque
2907 3357 3065 3412 facile
3098 3355 3372 3418 feruntur,
3403 3361 3455 3408 et
3484 3370 3515 3408 a

1931 3452 2217 3522 spiritibus
2270 3450 2501 3506 fallaciae
2555 3451 2879 3507 miscentur.
2939 3448 3065 3503 Haec
3126 3448 3389 3503 docemur
3449 3448 3518 3506 ab

1929 3545 2158 3598 Actuum
2195 3544 2428 3599 historia
2461 3563 2475 3597 :
2513 3543 2786 3612 quomodo
2813 3542 3021 3598 scilicet
3042 3555 3165 3595 cum
3189 3537 3361 3595 sancti
3384 3553 3515 3608 apo-n

1946 3637 2073 3692 stoli
2130 3637 2316 3690 orbem
2373 3634 2690 3708 circuircnt,
2742 3639 3064 3702 tempestate
3115 3637 3279 3702 atque
3340 3631 3516 3685 turbis

1931 3728 2094 3782 urbes
2123 3726 2356 3796 singula:
2379 3726 2752 3795 replebantur.
2779 3723 3062 3793 Siquidem
3090 3721 3288 3791 Ephesi
3318 3719 3513 3794 Deme-

1930 3819 2069 3872 trius
2097 3825 2262 3871 totam
2298 3818 2489 3871 urbem
2543 3816 2766 3870 miscuit
2795 3834 2807 3868 :
2845 3814 3054 3885 Lystris
3076 3821 3134 3871 et
3162 3811 3379 3870 Derbae,
3430 3810 3514 3870 ἰὼ

1928 3909 2106 3979 ipsum
2130 3908 2355 3978 contigit
2385 3927 2396 3960 :
2429 3907 2728 3978 Philippis,
2755 3903 3170 3969 Thessalonicae,
3202 3901 3428 3957 Athenis
3460 3910 3515 3957 et

1928 3996 2204 4060 Corinthi,
2268 3995 2552 4066 spiritibus
2634 3993 2863 4048 fallaciae
2929 3989 3249 4062 hujus'modi
3313 3987 3514 4044 ﬂuctus

1927 4087 2232 4150 cientibus,
2269 4085 2492 4156 quidam
2541 4085 2609 4142 ab
2639 4083 2836 4141 iisdem
2885 4080 3097 4138 obsessi
3144 4089 3337 4141 contra
3383 4091 3512 4132 san-

1927 4190 2047 4237 ctos
2081 4180 2360 4250 apostolos
2395 4178 2707 4233 clamabant
2741 4194 2754 4229 :
2789 4173 2864 4228 Hi
2895 4174 2985 4244 qui
3027 4173 3203 4226 orbem
3250 4179 3512 4224 terrarum

1930 4275 2315 4335 subuerterant,
2340 4269 2422 4323 hic
2461 4268 2651 4322 adsunt
2669 4268 2734 4319 ⁸⁸.
2763 4266 2889 4323 Haec
2919 4263 3081 4319 etiam
3114 4265 3309 4320 beatus
3327 4259 3508 4325 Haba-

1931 4379 2056 4418 cum
2089 4360 2475 4433 prmnuntiavit
2496 4378 2506 4412 :
2527 4374 2650 4412 nam
2678 4359 2783 4413 ait:
2820 4355 3089 4420 Induxisti
3108 4355 3162 4407 in
3185 4369 3328 4416 mare
3353 4367 3508 4420 equos

1931 4464 2071 4518 tuas,
2107 4451 2376 4505 turbantes
2427 4466 2592 4520 aquas
2645 4449 2840 4502 multas
2862 4449 2927 4501 ⁸³.
2981 4445 3163 4515 Equos
3203 4458 3331 4498 vero
3374 4442 3510 4500 dixit

1929 4560 2117 4600 sacros
2171 4543 2468 4614 apostolos,
2521 4541 2614 4611 qui
2675 4540 2988 4597 vehiculum
3043 4537 3286 4590 divinum
3330 4532 3507 4595 eﬂ‘ecti
3588 4599 3590 4602 ι

1929 4645 2057 4692 sunt
2094 4655 2106 4690 :
2147 4635 2232 4690 his
2271 4634 2470 4704 quippe
2509 4641 2700 4690 vectus
2737 4631 3000 4686 Dominus
3036 4628 3204 4681 multa
3247 4628 3508 4695 variaque

1927 4726 2224 4798 impietatis
2269 4725 2522 4794 dogmata
2573 4722 2880 4791 dissipavit.
2913 4720 3034 4781 Alio
3080 4731 3297 4788 quoque
3341 4715 3505 4771 modo

1927 4827 2088 4874 terrae
2113 4817 2492 4872 confusionem
2522 4831 2585 4870 ac
2617 4813 3087 4885 perturbatidnem
3116 4811 3422 4876 intelligas,
3456 4811 3504 4866 si

1931 4911 2270 4966 Salvatorem
2301 4909 2494 4964 audias
2523 4908 2638 4962 haec
2662 4907 2931 4962 dicentem
2971 4922 2982 4957 :
3026 4905 3207 4974 Ignem
3240 4904 3352 4958 veni
3380 4903 3507 4956 mit-

1922 5015 2027 5058 tere
2059 5003 2114 5054 in
2145 5008 2372 5062 terram;-
2416 5008 2465 5051 et
2515 4997 2637 5067 quid
2689 4995 2802 5051 volo
2827 4997 2874 5050 si
2897 4995 3016 5065 jam
3047 5009 3296 5048 accensus
3327 4993 3514 5046 est"?

1915 5096 1982 5150 Et
2014 5107 2234 5148 rursum
2269 5110 2281 5145 :
2315 5089 2492 5145 Nolite
2513 5098 2702 5158 putare
2754 5087 2891 5157 quod
2921 5087 3144 5141 venerim
3167 5099 3350 5152 pacem
3380 5084 3504 5136 mit-

1917 5196 2022 5241 tere
2080 5199 2233 5252 super
2283 5191 2480 5242 terram
2523 5195 2540 5232 :
2593 5196 2696 5233 non
2759 5180 2875 5233 veni
2920 5195 3100 5248 pacem
3147 5179 3368 5241 mittere,
3411 5175 3502 5229 sed

1917 5277 2174 5348 gladium.
2224 5273 2348 5328 Veni
2390 5273 2529 5326 enim
2584 5286 2830 5339 separare
2878 5272 3139 5328 hominem
3185 5288 3217 5323 a
3249 5280 3418 5339 patre,
3447 5276 3500 5322 et

1919 5367 2087 5435 filiam
2117 5380 2149 5416 a
2174 5372 2360 5424 matre,
2392 5371 2442 5415 et
2469 5377 2661 5414 nurum
2690 5379 2720 5416 a
2756 5370 3010 5430 socru,,et
3042 5361 3241 5416 inimici
3263 5358 3499 5414 ﬂaminis

334 5487 373 5521 "
405 5491 586 5571 Philip.
617 5519 692 5570 Il,
731 5506 816 5562 10.
890 5507 935 5541 ⁸⁸
972 5508 1092 5564 Act.
1125 5525 1275 5567 xrrtt
1357 5513 1390 5566 ε
1487 5515 1529 5550 ⁸³
1573 5513 1775 5571 Habac.
1812 5533 1819 5571 ι

1946 5518 2033 5574 15.
2112 5519 2156 5549 ⁸ο
2196 5516 2326 5579 Luc.
2358 5533 2472 5584 xu,
2510 5517 2604 5575 49.
2711 5527 2728 5544 ⁴

342 5602 608 5680 “item.
