3822 6280
386 304 491 363 411
1101 294 1186 355 EU
1196 293 1372 352 SEBII
1406 289 1885 350 CAESARIENSIS
1920 292 1941 348 (

2047 288 2073 347 ’ς
2116 287 2299 345 ΡΑΒὸ
2333 289 2427 346 Ill.
2468 318 2541 331 —-
2574 286 2984 348 EXEGETICA.
3533 288 3641 346 412

326 442 333 451 υ
389 414 517 470 Non
536 413 684 469 ultra
719 386 995 468 vocabitur
1018 425 1205 466 nomen
1221 420 1368 466 tuum
1414 408 1607 476 Iacob,
1660 408 1756 472 sed
1792 407 1941 463 Israe

2065 407 2193 478 γὰρ,
2220 406 2403 478 φησὶν,
2434 405 2530 461 ἄνθ
2737 407 2855 479 μετ’
2881 407 3066 475 αὑτοῦ,
3088 406 3149 474 ὃς
3169 407 3264 463 καὶ
3282 402 3437 462 εἶπεν
3464 406 3632 478 αὐτῷ’

380 507 483 562 erit
508 521 691 560 nomen
714 512 883 568 tuum,
914 504 1039 574 quia
1067 503 1394 572 praevaluisti
1441 519 1560 557 cum
1592 501 1723 557 Deo.
1748 499 1819 554 Et
1850 515 1941 554 sur

2069 497 2306 567 Οὐκέτι
2332 496 2704 565 ,κληθήσεται
2730 498 2797 552 τὸ
2824 498 3013 568 ὄνομά
3046 514 3162 555 σου
3215 495 3416 554 Ἰακὼϐ
3433 537 3451 563 ,
3499 499 3636 553 ἀλλ’

383 608 508 662 gens
531 591 699 646 Iacob
737 592 937 646 vocavit
984 607 1168 646 nomen
1211 591 1312 646 loci
1346 590 1517 656 illius,
1552 588 1787 658 Speciem
1845 587 1941 643 Dei

2078 587 2312 657 Ἰσραὴλ
2333 586 2504 641 ἔσται
2528 589 2598 644 τὸ
2627 588 2814 658 ὄνομά
2831 604 2946 643 σου
2970 605 2984 619 “
3012 588 3102 643 ὄτι
3128 589 3467 658 ἐνίσχυσας
3491 586 3638 657 μετὰ

383 682 560 738 dicens
595 699 615 738 :
656 682 777 738 Vidi
795 684 933 738 enim
990 684 1277 738 Dominum
1307 682 1443 752 {acie
1470 666 1541 735 ad
1564 680 1757 750 faciem
1780 680 1846 732 ”.
1881 677 1940 735 ει

2065 679 2232 732 Θεοῦ.
2267 679 2375 732 Καὶ
2399 678 2671 746 ἀναστὰς
2714 676 2913 734 Ἰακὼὸ
2939 680 3194 736 ἐκάλεσε
3216 681 3285 736 τὸ
3314 679 3509 749 ὄνομα
3534 679 3637 733 τοῦ

382 772 602 842 quidem
635 772 727 828 hic
765 773 884 844 ipse
913 780 999 829 est
1029 772 1123 843 qui
1158 770 1264 827 sub
1295 770 1477 840 specie
1502 769 1741 825 hominis
1760 766 1941 824 Jacobi

2060 771 2248 825 τόπου
2291 770 2554 836 ἐκείνου,
2584 767 2763 837 Εἶδος
2822 768 2990 836 Θεοῦ,
3038 767 3251 825 εἰπών·
3307 767 3494 828 Εἶδον
3530 769 3638 839 γὰρ

381 863 654 933 apparuit.
686 863 807 934 Ipse
821 871 1001 919 autem
1027 869 1111 918 est
1139 861 1395 915 Dominus
1417 861 1666 915 virtutum
1683 857 1941 913 nobiscum

2064 859 2213 914 Θεὸν
2241 861 2564 929 πρόσωπον
2590 860 2740 929 πρὸς
2758 862 3102 930 πρόσωπον.
3134 854 3302 926 Οὗτος
3333 862 3447 934 γὰρ
3478 860 3637 924 αὐτὸς

378 959 435 1005 et
465 952 582 1021 ipse
609 959 695 1007 est
747 961 1017 1021 susceptor
1061 959 1240 1016 noster
1282 951 1420 1004 Deus
1451 948 1640 1003 Iacob.
1681 946 1787 1004 Per
1830 963 1941 1005 eum

2062 951 2271 1016 ἐκεῖνος
2307 954 2336 1005 ὁ
2363 953 2421 1006 ὲν
2454 951 2751 1024 ,ἀνθρώπου
2785 955 3020 1024 σχήματι
3049 952 3127 1024 τῷ
3182 952 3376 1008 Ἰακὼὸ
3423 953 3634 1023 φανείς.

377 1043 526 1098 enim
549 1057 716 1113 supra
745 1049 1044 1097 memorata
1071 1041 1254 1096 omnia
1281 1046 1429 1095 recte
1450 1039 1742 1112 gessimus.

2060 1041 2233 1106 Αὐτὸς
2270 1041 2328 1096 δέ
2354 1044 2502 1097 ἐστιν
2549 1046 2582 1097 ό
2632 1044 2847 1112 Κύριος
2899 1042 3019 1097 τῶν
3065 1042 3375 1112 δυνάμεων
3423 1046 3461 1097 ὀ
3510 1043 3635 1111 μεθ’

378 1135 570 1206 ἡμῶν,
609 1136 704 1191 καλ⁵
733 1135 894 1200 αὑτός
956 1136 1102 1189 ἐστιν
1133 1134 1510 1202 ἁντιλήπτωρ
1560 1132 1731 1204 ἡμῶν
1772 1136 1806 1188 ὁ
1828 1134 1996 1204 ⁸Θεὸς
2044 1124 2257 1192 Ἰακώϐ.
2309 1137 2387 1190 Δι’
2449 1136 2614 1191 αὐτοῦ
2644 1137 2750 1208 γὰρ
2813 1136 2879 1192 τὰ
2938 1139 3404 1210 προγεγραμμένα
3462 1137 3636 1192 πάντα

378 1227 840 1301 κατωρθώσαμεν.

451 1316 615 1375 Vens.
646 1321 701 1384 9,
740 1320 828 1374 10.
876 1319 1054 1374 Venite
1089 1329 1138 1375 et
1186 1320 1354 1375 videte
1381 1336 1537 1389 opera
1571 1320 1808 1387 Domini,
1835 1337 1941 1392 qua

2126 1317 2306 1371 Δεῦτε
2335 1317 2437 1372 καὶ
2476 1317 2632 1372 rem
2665 1316 2738 1372 τὰ
2772 1319 2916 1388 ἔργα
2938 1317 3046 1372 τοῦ
3095 1318 3314 1387 Κυρίου
3342 1358 3357 1383 ,
3397 1317 3439 1371 ἆ
3471 1319 3652 1374 ἔθετο

372 1410 547 1464 posuit
593 1409 837 1481 prodigia
874 1425 1030 1479 super
1084 1419 1300 1477 terram,
1358 1412 1602 1481 auferens
1625 1412 1763 1501 bella
1795 1429 1956 1483 usque

374 1499 446 1553 ad
478 1500 608 1569 fines
630 1508 803 1555 terrae.
827 1501 1023 1553 Arcum
1053 1498 1279 1555 conteret
1323 1510 1367 1555 et
1398 1498 1689 1573 confringet
1724 1518 1876 1557 arma
1902 1512 1955 1556 et

373 1599 527 1645 scuta
569 1590 842 1645 comburet
894 1592 1024 1661 igni.
1073 1590 1226 1647 Licet
1255 1595 1432 1650 cuivis
1481 1604 1726 1664 tempore
1764 1608 1951 1650 secum

373 1684 671 1752 reputanti,
720 1685 835 1741 haec
871 1686 940 1740 ad
982 1686 1217 1742 litteram
1272 1688 1493 1760 impleta
1523 1688 1948 1759 deprehendere.

375 1771 657 1844 Siquidem
687 1784 812 1832 ante
846 1776 1147 1835 Salvatoris
1199 1783 1374 1836 nostri
1405 1782 1720 1848 adventum,
1746 1782 1950 1852 princi-
1981 1799 2025 1856 Β

373 1872 534 1933 patus
568 1880 633 1922 ac
659 1866 900 1923 dominia
927 1870 981 1924 in
1026 1870 1259 1942 singulis
1294 1874 1608 1943 regionibus
1639 1884 1693 1929 et
1725 1874 1952 1931 urbibus

372 1963 532 2009 erant
560 1971 660 2012 :ac
687 1958 743 2013 in
769 1960 1013 2029 quolibet
1052 1969 1212 2017 terrae
1273 1965 1473 2034 angulo
1513 1965 1655 2021 bella
1689 1966 1955 2037 gereban-

374 2049 600 2115 tur;ita
648 2058 706 2105 ut
745 2052 831 2106 vel
870 2051 975 2121 ipsi
1034 2054 1233 2107 rustici
1265 2054 1359 2124 qui
1385 2062 1588 2111 terram
1619 2056 1950 2121 incolebant,

369 2139 570 2206 hastis,
599 2144 796 2213 gladiis
827 2146 1089 2214 omnique
1118 2146 1353 2202 telorum
1405 2163 1605 2218 genere
1625 2164 1685 2204 se
1713 2149 1952 2205 instrue-

368 2240 510 2286 rent.
547 2232 613 2285 At
637 2242 762 2304 post
809 2234 1058 2290 divinum
1094 2234 1395 2291 Salvatoris
1424 2237 1740 2303 adventrum,
1784 2255 1954 2293 unum

368 2319 676 2377 Romanum
708 2324 997 2394 imperium
1027 2326 1294 2396 plurimas
1321 2335 1513 2397 gentes
1541 2333 1814 2400 occupare
1847 2345 1955 2384 cae-

370 2410 450 2480 pit
480 2426 495 2463 :
528 2411 993 2485 Evangeliumque
1043 2416 1307 2482 salutare,
1341 2419 1485 2487 quod
1521 2434 1631 2473 uno
1647 2420 1951 2490 eodemque

372 2508 621 2570 tempore
675 2512 925 2558 exortum
981 2513 1086 2570 est,
1112 2507 1169 2561 in
1198 2520 1391 2563 omnes
1445 2517 1637 2578 gentes
1691 2511 1945 2579 pervasit.

371 2587 636 2661 Tuncque
655 2592 986 2663 implebatur
1002 2597 1107 2650 alia
1141 2597 1446 2668 prophetia,
1481 2597 1633 2655 Isaia:
1671 2614 1803 2656 voce
1824 2618 1950 2670 pro-

366 2676 503 2743 lata,
541 2678 629 2735 bis
664 2682 883 2738 verbis:
921 2682 990 2737 Et
1022 2685 1325 2755 conﬂabant
1356 2687 1563 2758 gladios
1590 2705 1712 2744 suos
1745 2690 1799 2743 in
1824 2707 1953 2745 ara-

372 2776 479 2833 tra,
509 2777 560 2823 et
589 2769 800 2827 lanceas
845 2791 971 2830 suas
1001 2777 1056 2830 in
1075 2776 1266 2847 falces.
1309 2777 1379 2831 Et
1434 2796 1540 2833 non
1580 2782 1797 2850 accipiet
1823 2797 1948 2852 gens

366 2870 552 2915 :onlra
578 2872 780 2933 gentem
830 2867 1087 2936 gladium,
1148 2886 1240 2923 nec
1282 2871 1661 2926 exercebantur
1683 2873 1827 2927 ultra
1877 2874 1947 2927 ad

362 2951 664 3019 prwtium‘.
691 2954 817 3011 Haec
848 2957 1015 3028 igitur
1026 2961 1282 3030 praesenti
1300 2977 1556 3018 sermone
1571 2961 1945 3031 declarantur,
2023 3027 2026 3031 ἢ

362 3051 527 3116 atque
557 3042 716 3102 ﬁnem
747 3050 941 3104 sortita
994 3059 1144 3115 sunt,
1173 3051 1240 3106 ad
1275 3052 1510 3108 litteram
1545 3054 1767 3125 quidem
1792 3065 1849 3110 ut
1888 3057 1945 3111 in

2056 1404 2270 1474 τέρατα
2301 1406 2401 1459 ἐπὶ
2421 1406 2530 1476 τῆς
2561 1406 2696 1476 γῆς,
2742 1405 3115 1475 ἀνταναιρῶν
3135 1407 3441 1477 πολέμους
3459 1407 3633 1477 μέχρι

2055 1495 2174 1550 τῶν
2202 1496 2469 1565 περάτων
2489 1484 2600 1566 τῆς
2618 1495 2751 1568 γῆς.
2782 1497 2967 1563 Τόξον
2986 1499 3325 1567 συντρίψει,
3352 1498 3454 1553 καὶ
3487 1514 3632 1568 aurs

2054 1586 2270 1641 κλάσει
2296 1586 2508 1655 ὅπλον,
2539 1589 2637 1642 καὶ
2663 1588 2913 1657 θυρεοὺς
2954 1590 3317 1647 κατακαύσει
3366 1589 3439 1642 ἐν
3469 1592 3629 1657 πυρί.

2055 1679 2212 1733 Ἐστι
2232 1696 2317 1748 γε,
2345 1670 2713 1751 ἐπιστήσαντα
2742 1683 2856 1743 τοῖς
2887 1681 3132 1752 χρόνοις,
3179 1680 3275 1734 καὶ
3307 1681 3449 1751 πρὸς
3493 1679 3630 1746 λέξιν
3674 1732 3687 1735 ,

2053 1769 2194 1822 αὑτά
2249 1769 2423 1823 ταῦτα
2470 1770 2876 1842 πεπληρωμένα
2936 1770 3307 1842 παραλαϐεῖν·
3359 1770 3413 1822 εἴ
3434 1787 3501 1839 γε
3531 1770 3631 1840 πρὸ

2059 1862 2158 1931 τῆς
2184 1858 2278 1913 τοῦ
2313 1860 2565 1932 Σωτῆρος
2609 1861 2765 1932 ἡμῶν
2797 1862 3117 1931 ἐπιφανείας
3141 1864 3507 1934 τοποκρατίαι
3540 1862 3629 1916 καὶ

2056 1951 2347 2023 τοπαρχίαι
2379 1951 2518 2006 κατὰ
2547 1951 2728 2024 χώρας
2758 1948 2900 2023 ἦσαν
2937 1952 3031 2006 καὶ
3083 1952 3223 2007 κατὰ
3264 1954 3447 2019 πόλεις
3469 1971 3484 1985 ·
3540 1955 3630 2007 πὸν

2054 2041 2209 2113 λεμοί
2243 2061 2305 2096 τε
2333 2042 2651 2097 συνίσταντο
2693 2044 2816 2098 καθ’
2838 2044 3075 2116 ἑκάστην
3112 2044 3314 2114 γωνίαν
3350 2048 3454 2117 τῆς
3487 2050 3588 2116 γῆς
3610 2063 3624 2076 ·

2053 2130 2130 2194 ὼς
2157 2131 2249 2184 καὶ
2282 2132 2478 2194 αὐτοὺς
2499 2133 2626 2195 τοὺς
2653 2133 2983 2202 γεωπόνους,
3023 2133 3119 2205 τὴν
3160 2132 3344 2206 χώραν
3396 2135 3624 2211 ἐργαζο-

2058 2219 2271 2288 μένους,
2303 2220 2544 2291 δοράτων
2573 2222 2668 2275 καὶ
2694 2222 2864 2292 ξιφῶν
2900 2226 2996 2277 καὶ
3018 2225 3284 2279 παντοίων
3316 2225 3626 2297 πολεμικῶν

2052 2311 2232 2365 ὅπλων
2263 2312 2659 2383 ἐπιμελεῖσθαι.
2699 2314 2853 2368 Μετὰ
2880 2316 2937 2368 δὲ
2978 2316 3079 2386 τὴν
3127 2318 3394 2387 σωτήριον
3433 2317 3625 2386 θεσσά-

2051 2417 2199 2454 νειαν
2234 2402 2502 2473 μόναρχος
2524 2404 2621 2472 μὲν
2655 2406 2687 2476 ἡ
2724 2404 3009 2476 Ῥωμαίων
3037 2406 3284 2477 βασιλεία
3308 2408 3624 2477 ἐπικρατεῖν

2052 2492 2319 2547 πλείστων
2357 2492 2527 2547 ἐθνῶν
2564 2495 2796 2565 ἤρξατου
2840 2496 3082 2569 διέτρεχε
3127 2497 3185 2551 δὲ
3224 2498 3624 2571 συναρξδῳενον

2050 2584 2186 2653 αὐτῇ
2232 2584 2293 2637 τὸ
2327 2587 2592 2657 σωτήριον
2624 2587 2955 2657 Εὑαγγέλιον
2994 2591 3077 2653 εἰς
3126 2590 3301 2645 πάντα
3351 2590 3423 2645 τὰ
3479 2591 3621 2661 ἔθνη.

2063 2676 2400 2748 Ἐπληροῦτο
2431 2678 2489 2731 δὲ
2517 2679 2609 2731 καὶ
2635 2678 2768 2749 ἄλλη
2804 2681 3130 2751 προφητεία,
3165 2675 3266 2736 ὧδέ
3303 2700 3378 2754 πη
3410 2683 3623 2752 ἀναφω-

2050 2766 2215 2821 νοῢσα
2245 2768 2336 2821 διὰ
2368 2768 2588 2823 Ἡσαΐου
2609 2785 2621 2799 ’
2646 2768 2755 2824 Καὶ
2788 2772 3173 2839 συγκόψουσι
3199 2771 3307 2839 τὰς
3326 2774 3624 2842 μαχαίρας

2055 2860 2256 2915 αὐτῶν
2279 2862 2366 2926 εὶς
2394 2860 2631 2930 ἄροτρα,
2662 2861 2890 2928 καὶτὰς
2911 2860 3144 2930 ζὶὸὐνας
3164 2865 3364 2918 αὐτῶν
3395 2869 3487 2932 είς
3510 2864 3623 2934 δρέ-

2049 2964 2227 3021 πανα⁸
2245 2951 2342 3005 καὶ
2358 2953 2429 3006 οὐ
2444 2951 2530 3021 μὴ
2548 2952 2807 3021 λήψεται
2823 2953 2999 3021 ἔθνος
3013 2954 3111 3008 ἐπὶ
3131 2954 3618 3025 ἐθνοςμάχαιραν.

2050 3040 2150 3094 καὶ
2175 3043 2247 3095 οὐ
2268 3041 2356 3112 μὴ
2372 3041 2648 3111 μάθωσιν
2667 3042 2755 3098 ἔτι
2775 3045 3078 3115 πολεμεῖν.
3106 3044 3289 3099 Ταῦτα
3324 3046 3389 3118 δὴ
3419 3044 3514 3102 οὖν
3534 3048 3620 3103 καὶ

364 3134 596 3191 historia
637 3125 806 3208 supra
859 3149 1205 3210 memorata;
1246 3145 1395 3213 quod
1435 3146 1505 3201 ad
1533 3160 1789 3201 arcanam
1816 3163 1941 3203 vero

2047 3130 2134 3185 διὰ
2173 3132 2284 3187 τῶν
2345 3133 2632 3204 παρόντων
2658 3134 2930 3207 δηλοῦται,
2963 3136 3056 3190 καὶ
3081 3136 3267 3200 τέλους
3321 3138 3581 3209 ἐτύγχανε
3603 3179 3617 3202 ,

361 3231 624 3290 mentem,
658 3242 756 3296 per
787 3228 1160 3298 spiritualium
1208 3244 1262 3287 et
1299 3233 1655 3290 invisibilium
1690 3236 1946 3293 inimico-

361 3328 485 3369 rum
502 3316 822 3385 perniciem.
858 3318 1087 3375 Lanceae
1109 3337 1298 3391 porro,
1337 3325 1446 3380 tela
1479 3333 1534 3380 et
1565 3337 1718 3382 scuta
1758 3328 1947 3384 adver-

362 3402 634 3459 sariarum
666 3413 1019 3476 potestatum,
1045 3425 1168 3466 esse
1206 3412 1459 3469 videnlur
1479 3405 1773 3470 inanimata
1796 3418 1944 3473 scul-

362 3494 530 3564 ptilia.
556 3501 621 3563 et
649 3503 843 3560 statuae
869 3514 967 3569 per
1004 3501 1387 3571 multiplicium
1416 3506 1660 3571 ,deorum
1700 3522 1942 3564 errorem

361 3577 621 3649 invectae;
649 3580 764 3636 sive
796 3583 960 3636 etiam
992 3583 1139 3638 atbei
1161 3586 1264 3640 viri
1279 3595 1333 3642 et
1352 3586 1532 3658 impiae
1560 3591 1939 3661 cogitationes,

362 3664 433 3728 ab
454 3667 821 3725 invisibilibus
872 3671 1157 3741 spiritibus
1190 3674 1247 3728 in
1282 3683 1493 3733 mentes
1549 3677 1831 3733 hominum
1858 3680 1941 3735 in-

360 3758 558 3837 ductae,
589 3761 747 3830 queis
771 3762 1108 3831 iaculantur,
1136 3773 1191 3820 et
1229 3766 1398 3837 ignita
1420 3769 1525 3823 tela
1564 3779 1758 3825 contra
1795 3773 1942 3828 iner-

359 3835 481 3905 mes
508 3848 722 3908 animas
746 3858 799 3907 et
830 3852 935 3909 iide
974 3870 1087 3910 non
1118 3835 1359 3913 muiiitas
1393 3856 1729 3931 immittunt”

428 4112 598 4177 Vsus.
647 4116 735 4170 11.
797 4117 995 4175 Vacate
1052 4127 1105 4174 et
1169 4119 1334 4205 videte
1380 4122 1629 4192 quoniam
1673 4138 1767 4193 ego
1819 4138 1936 4179 sum

356 4205 524 4272 Deus,
575 4207 853 4262 eaaltabor
897 4210 953 4263 in
1003 4209 1244 4280 gentibus
1297 4221 1345 4264 et
1366 4211 1644 4266 exaltabor
1676 4212 1730 4266 in
1768 4221 1932 4267 terra.

358 4290 498 4363 Quia
546 4298 688 4354 bella
714 4299 932 4371 demum
965 4312 1317 4357 cessaverant
1345 4312 1399 4358 et
1438 4305 1774 4375 perturbatio
1804 4304 1936 4359 sub-

2050 3220 2229 3292 ῥητῶς
2273 3221 2371 3292 μὲν
2429 3221 2571 3276 κατὰ
2597 3222 2695 3293 τὴν
2716 3222 3074 3289 ἀποδοθεῖσαν
3127 3222 3383 3294 ἱστορίαν,
3414 3225 3617 3297 πρὸςδὲ

2044 3312 2298 3378 διάνοιαν,
2317 3314 2457 3368 κατὰ
2486 3314 2584 3387 τὴν
2606 3314 2717 3368 τῶν
2738 3315 2940 3387 νοητῶν
2965 3316 3057 3369 καὶ
3084 3315 3328 3385 ἀοράτων
3351 3318 3615 3387 πολεμίων

2044 3402 2378 3475 καθαίρεσιν.
2421 3405 2634 3476 Δὸρατα
2687 3405 2743 3459 δὲ
2785 3406 2879 3459 καὶ
2932 3405 3095 3472 ὅπλα,
3129 3406 3223 3460 καὶ
3258 3406 3486 3478 θυρεοὺς
3515 3407 3615 3461 τῶν

2044 3491 2432 3562 ἀντικειμένων
2483 3493 2765 3564 δυνάμεων
2830 3492 3090 3565 ἐποίησαν
3139 3490 3277 3549 εἶναι
3328 3495 3401 3548 τὰ
3443 3496 3613 3568 ἀψυχα

2046 3581 2208 3647 ξόανα
2232 3583 2323 3635 καὶ
2346 3582 2413 3636 τὰ
2441 3583 2731 3655 ἀγάλματα
2751 3587 2854 3655 τῆς
2875 3584 3137 3638 πολυθέου
3176 3586 3386 3658 πλάνης
3406 3628 3421 3653 ,
3451 3587 3484 3658 ἢ
3526 3588 3614 3640 καὶ

2042 3680 2169 3743 τοὺς
2200 3680 2392 3744 ἀθέους
2443 3681 2640 3752 ἄνδρας
2690 3681 2783 3734 καὶ
2819 3683 2944 3746 τοὺς
3001 3681 3276 3745 δυσσεϐεῖς
3326 3683 3610 3755 λογισμοὺς

2040 3771 2166 3835 τοὺς
2202 3772 2323 3833 ταῖς
2364 3769 2623 3834 διανοίαις
2660 3770 2767 3824 τῶν
2798 3771 3098 3842 ἀνθρώπων
3152 3771 3608 3844 ὑποδαλλομένους

2041 3860 2147 3913 ὑπὸ
2175 3860 2284 3914 τῶν
2313 3860 2559 3932 ἀοράτων
2589 3861 2935 3932 πνευμάτων,
2970 3863 3037 3916 δι’
3061 3855 3136 3916 ὧν
3166 3863 3608 3929 κατατοξεύουσιν

2040 3952 2409 4016 ἀκοντίζοντες
2437 3951 2504 4005 τὰ
2534 3952 2909 4024 πεπυρωμένα
2943 3951 3070 4025 βέλη
3103 3953 3243 4008 κατὰ
3280 3953 3391 4009 τῶν
3435 3953 3607 4025 ἀφρά-

2040 4059 2182 4098 κτων
2209 4043 2302 4097 καὶ
2331 4043 2406 4115 μὴ
2437 4046 2505 4115 τῇ
2529 4044 2710 4097 πίστει
2737 4044 3140 4117 πεφραγμένων
3166 4045 3378 4116 ψυχῶν.

2109 4134 2458 4203 Σχολάσατε
2489 4133 2590 4188 καὶ
2641 4133 2827 4206 γνῶτε
2849 4174 2863 4200 ,
2911 4135 3000 4189 ὅτι
3028 4134 3142 4206 ἐγώ
3192 4139 3309 4206 ειμι
3350 4141 3385 4192 ὀ
3447 4138 3601 4204 Θεὸς,

2037 4224 2433 4297 ὑψωθήσομᾳι
2456 4225 2526 4278 ἐν
2549 4224 2672 4292 τοῖς
2699 4227 2963 4293 ἔθνεσιν,
2996 4227 3393 4297 ὐψωθήσομαι
3410 4256 3413 4257 ν
3429 4230 3497 4283 ἐν
3534 4227 3603 4296 τῇ

2036 4312 2132 4383 γῇ.
2162 4315 2383 4386 Ἐπειδὴ
2413 4314 2596 4369 λοιπὸν
2622 4315 2866 4369 πέπαυτο
2891 4317 2959 4371 τὰ
2985 4316 3078 4371 τοῦ
3106 4317 3342 4390 πολέμου
3387 4323 3481 4373 καὶ
3519 4320 3601 4374 λέ-

357 4388 468 4444 lata
528 4396 666 4458 erat,
721 4406 935 4462 paxque
978 4393 1253 4463 profunda
1298 4395 1370 4449 iis
1422 4396 1679 4451 omnibus
1715 4396 1811 4467 qui
1875 4396 1931 4451 in

2047 4407 2161 4457 leto
2191 4405 2260 4459 τὰ
2281 4406 2378 4477 τῆς
2405 4409 2669 4478 ταραχῆς,
2719 4408 2905 4479 εἰρήνη
2947 4407 3003 4461 δὲ
3041 4388 3448 4481 βαρεῖαγδέδοτο
3498 4414 3602 4473 τοῖς

313 4515 323 4523 .
356 4487 503 4535 terra
526 4461 888 4538 versabantur
928 4461 1082 4553 parta
1136 4485 1346 4557 fuerat;
1377 4485 1502 4555 jure
1522 4461 1930 4557 opportunitate

2047 4496 2128 4549 ἐπὶ
2143 4498 2244 4567 γῆς
2271 4461 2505 4551 ἅπασιν.’
2529 4461 2753 4564 sintita);
2774 4461 3023 4570 βούλεται
3041 4461 3128 4565 ἐιξ
3151 4461 3599 4577 ἀγαθὸν

357 4570 425 4624 ad
456 4571 661 4626 bonum
691 4568 793 4638 uti,
817 4586 978 4644 atque
1005 4577 1178 4630 otium
1218 4578 1414 4632 animae
1447 4578 1688 4633 salutare
1709 4578 1930 4650 assequi

2047 4585 2111 4657 ιῷ
2140 4587 2336 4659 καιρῷ,
2389 4589 2483 4644 καὶ
2537 4589 2730 4660 σχολὴν
2778 4568 3064 4647 ἀναλαϐεῖν
3092 4568 3269 4664 ψυχῆς
3319 4568 3597 4665 σωτήριον.

353 4662 579 4731 expetit.
605 4661 787 4729 Quare
804 4665 881 4718 ait
901 4684 913 4719 ε
951 4664 1142 4720 Vacate
1155 4676 1203 4720 et
1228 4669 1520 4736 cognoscite
1544 4685 1563 4722 :
1587 4683 1771 4739 neque
1785 4670 1930 4724 enim

2047 4676 2124 4729 διό
2185 4694 2317 4747 φησι
2337 4694 2351 4707 ο
2375 4678 2725 4748 Σχολάσατε
2743 4682 2841 4735 καὶ
2874 4681 3078 4750 γνῶτε·
3268 4684 3378 4756 γὰρ

353 4754 530 4823 possit
562 4755 836 4825 quispiam
871 4757 1070 4813 divinae
1121 4759 1454 4829 cognitionis
1474 4760 1750 4831 particeps
1782 4777 1926 4827 esse,

2047 4768 2149 4821 ἔστι
2174 4768 2427 4837 γνώσεως
2469 4775 2761 4842 μετασχεῖν
2784 4771 2935 4837 θείας
2954 4813 2968 4837 ,
3003 4774 3076 4846 μὴ
3123 4774 3460 4845 σχολάσαντα
3488 4776 3597 4830 -τῶν

353 4843 460 4899 nisi
486 4853 649 4899 vacet
672 4845 743 4900 ab
777 4846 861 4900 c’is
907 4862 1029 4916 quae
1058 4848 1126 4902 ad
1174 4850 1451 4904 contraria
1505 4850 1749 4905 trahunt.
1775 4849 1928 4907 Unde

2047 4858 2377 4928 Ξςρελκὸντων
2406 4859 2498 4911 ἐπὶ
2524 4861 2798 4914 τάναντία.
2833 4843 3023 4917 Ἔνθεν
3052 4843 3275 4929 εἰκότως
3319 4868 3348 4920 ὁ
3372 4869 3470 4939 τῆς
3507 4868 3596 4920 Ai-

294 4947 298 4951 ·
353 4934 550 4990 merito
607 4950 703 4991 rex
765 4936 1007 5008 Egypti,
1045 4947 1236 4995 contra
1290 4942 1460 4997 otium
1499 4942 1928 5013 hujusmodica-

2047 4949 2232 5016 (dm-ou
2265 4945 2538 5019 βασιλευς,
2572 4952 2708 5030 πρὸς
2742 4952 2840 5023 τὴν
2885 4955 3140 5026 τοιαύτην
3183 4934 3596 5029 διαὸεϐλημένος

351 5024 575 5080 lumniis
604 5039 1043 5099 pmoccupatus,
1086 5030 1154 5087 iis
1173 5032 1267 5102 qui
1294 5032 1581 5088 dicebant:
1612 5034 1796 5088 Trium
1816 5034 1928 5088 die-

2047 5039 2244 5111 ιχολὴν,
2268 5042 2379 5103 τοῖς
2404 5024 2720 5110 φάσκουσιν·
2753 5043 2920 5099 Ὀδὸν
2940 5024 3112 5114 τριῶν
3144 5047 3379 5117 ἡμερῶν
3405 5024 3597 5117 πορευ-

353 5129 468 5168 rum
511 5117 697 5173 itinere
715 5120 1130 5190 progrediamur,
1165 5133 1213 5178 et
1244 5126 1524 5181 serviemus
1559 5126 1786 5181 Domino
1816 5128 1926 5182 Deo

350 5214 532 5259 nostro
549 5210 570 5238 ²
597 5225 613 5273 ;
647 5209 732 5265 bis
749 5211 929 5266 verbis
950 5216 1272 5282 respondet:
1306 5215 1542 5281 Vacalis,
1565 5219 1859 5274 otiosiestis
1881 5220 1924 5275 ³.

350 5290 558 5390 lleinde
606 5313 735 5354 cum
765 5305 940 5390 nollet
974 5304 1126 5376 ipsos
1158 5306 1268 5363 Deo
1315 5300 1533 5375 vacare,
1563 5312 1678 5390 luto
1708 5319 1762 5367 et
1786 5313 1921 5370 late-

350 5379 474 5434 ritio
513 5395 681 5451 opere
726 5384 914 5439 amixit
957 5401 1074 5443 eos.
1125 5390 1196 5445 At
1242 5392 1404 5448 nobis
1436 5394 1474 5448 i-i
1506 5380 1598 5466 qui
1634 5396 1688 5452 in
1742 5404 1918 5455 totum

350 5472 539 5527 orbem
569 5470 847 5544 principes
868 5477 1155 5533 constituti
1175 5490 1321 5548 sunt,
1348 5483 1645 5541 inclamant
1675 5495 1734 5542 ut
1757 5504 1919 5545 vace-

2028 5132 2272 5200 σόμεθα,
2308 5133 2407 5185 καὶ
2439 5134 2852 5204 λατρεύσομεν
2892 5138 3090 5204 Κυρίῳ
3115 5137 3193 5204 τῷ
3242 5137 3365 5205 Θεῷ
3399 5138 3591 5209 ἡμῶν,

2027 5223 2379 5295 ἀποκρίνεται
2411 5223 2581 5293 λέγων
2605 5242 2618 5255 ·
2656 5225 3008 5294 Σχολάζετε,
3057 5231 3403 5297 σχολασταί
3443 5231 3590 5284 ἐστε.

2025 5307 2180 5373 Εἶτα,
2213 5311 2287 5383 μὴ
2316 5312 2634 5384 βουλόμενος
2670 5315 2866 5380 αὐτοὺς
2885 5315 2964 5387 τῷ
2996 5316 3114 5388 Θεῷ
3158 5319 3433 5389 σχολάζειν
3453 5358 3469 5385 ,
3506 5335 3595 5371 κι-

2024 5402 2249 5453 ταπονεῖ
2274 5400 2353 5472 τῷ
2381 5401 2535 5474 πηλῷ
2561 5403 2656 5456 καὶ
2682 5406 2749 5474 τῇ
2782 5403 3047 5477 πλινθείᾳ.
3096 5406 3234 5461 Ἀλλ’
3279 5411 3411 5480 ἡμῖν
3455 5424 3516 5477 γε
3540 5407 3589 5460 οι

2027 5492 2394 5558 καταστάντες
2426 5495 2685 5567 ἄρχοντες
2722 5495 2815 5557 ἐπὶ
2845 5498 3024 5555 πᾶσαν
3055 5497 3153 5570 τὴν
3206 5490 3306 5570 γῆν
3344 5495 3607 5556 tum

421 5622 467 5657 ⁹⁹
504 5624 639 5682 Gen.
674 5643 858 5697 xuii,
893 5630 1082 5689 28-50.
1159 5635 1172 5667 ³
1206 5634 1320 5706 ,lsa.
1355 5653 1431 5710 ιι,
1463 5639 1517 5697 4.
1574 5645 1604 5711 ,³
1643 5640 1815 5706 Exod.
1851 5660 1904 5713 v,
1938 5643 1991 5699 '5.
2070 5645 2090 5677 '
2121 5645 2253 5703 ibid.
2292 5647 2409 5708 5-8.-
