3822 6280
179 231 286 326 tis

1211 283 1224 291 ‘
1331 273 1838 330 COMMENTARIA
1874 273 1942 329 IN
1983 273 2320 333 PSALMOS.

3307 246 3447 343 tu
3535 319 3538 322 -

184 381 497 455 σχολάζειν,
557 386 773 458 καρπὸν
804 386 924 458 ’τῆς
951 388 1146 458 σχολῆς
1175 383 1630 458 ἐπαγγελλόμενοι
1672 391 1738 460 τὴ

1875 403 2017 454 mus,
2047 388 2350 444 vacationis
2366 387 2602 444 fructum
2641 390 2963 461 pollicentes
2992 393 3232 450 divinam
3259 410 3447 468 cognt-

182 479 361 531 ἔνθεον
411 479 657 546 γνῶσιν.
690 482 856 535 Λαλεϊ
902 482 958 534 δὲ
989 484 1018 536 ὁ
1063 482 1197 546 Θεὸς
1250 482 1316 534 δι’
1363 481 1541 534 αὐτῶν
1561 481 1768 549 λέγων·

185 573 230 624 Γ
232 569 403 634 νῶτε,
434 571 532 624 ὅτι
563 572 684 641 ἐγώ
713 575 829 642 εἰμι
857 576 890 626 ὀ
914 573 1089 638 Θεός’
1125 573 1260 626 ἀλλὰ
1286 573 1380 626 καὶ
1409 573 1496 626 ὅτι
1532 572 1772 640 ὑψωθή-

181 675 359 728 σομαι
407 661 485 714 ἐν
535 663 672 728 τοῖς
722 663 986 729 ἔθνεσιν,
1033 663 1427 733 ὑψωθήσομαι
1473 664 1541 717 ἐν
1568 663 1644 731 τῇ
1670 663 1768 732 τῇ.

182 749 351 802 Πάλαι
377 751 482 820 μὲν
507 753 631 823 γὰρ
651 755 802 824 παρὰ
839 755 1112 819 Ἰουδαίοις
1140 754 1518 824 ὲγινωσκόμην
1568 754 1767 823 μόνοις,

181 841 262 892 ὅτε
296 841 584 908 γνωστὸς
632 843 701 894 ἐν
743 843 817 910 τῇ
866 845 1115 913 Ἰουδαίᾳ
1162 848 1195 899 ὁ
1227 844 1391 910 Θεὸς,
1430 847 1501 899 ὲν
1529 845 1609 911 τῷ
1659 847 1766 900 Ἱσ-

179 927 329 997 ραὴλ
346 929 508 999 μέγα
556 932 630 983 τὸ
659 933 844 1000 ὄνομα
879 934 1093 988 αὐτοῦ’
1126 935 1244 988 νυνὶ
1275 935 1334 988 δὲ
1361 936 1487 1005 ὑμῖν
1519 951 1767 1006 παρακε-

181 1019 396 1090 λεύομαι
428 1021 640 1092 σχολὴν
664 1023 837 1091 ἄγειν,
858 1023 933 1086 ὡς
963 1024 1029 1076 ἂν
1061 1025 1281 1094 μάθοιτε
1318 1025 1412 1079 καὶ
1439 1026 1610 1094 γνῶτε
1643 1026 1765 1078 τίνα

180 1112 368 1183 τρόπον
396 1114 497 1166 καὶ
534 1113 697 1183 παρὰ
716 1117 848 1167 πᾶσι
874 1117 986 1178 τοῖς
1021 1115 1228 1168 ἔθνεσιν
1255 1117 1608 1187 ὑψωθήσομαι
1634 1157 1648 1181 ,
1678 1119 1764 1171 δο-

183 1198 471 1269 ξαζόμενος
495 1203 636 1271 παρ’
655 1202 836 1264 αὐτοῖς
867 1201 1066 1271 μᾶλλον
1089 1202 1121 1273 ἢ
1162 1202 1311 1273 παρὰ
1337 1205 1449 1266 τοῖς
1493 1202 1659 1256 πάλαι
1694 1221 1760 1272 με

182 1289 369 1342 ειδέναι
401 1289 813 1361 νομιζομένοις.
1622 1298 1629 1304 ”

181 1400 279 1451 ΕΙΣ
317 1399 405 1451 ΤΟ
449 1400 706 1464 ΤΕΛΟΣ,
741 1402 924 1455 ΥΠΕΡ
969 1403 1104 1455 ΤΩΝ
1152 1404 1312 1456 ΥΙΩΝ
1357 1403 1758 1464 ΚΟΡΕ,ΨΑΛ-

810 1473 952 1526 ΜοΣ
979 1473 1126 1540 Mm.

243 1582 440 1636 Πάντα
471 1582 549 1636 τὰ
574 1585 749 1651 ἔθνη,
783 1585 1114 1652 κροτήσατε
1141 1586 1342 1654 χεῖρας
1367 1602 1380 1615 ·
1411 1585 1756 1649 ἀλαλάξατε

184 1671 293 1737 Θεῷ
316 1672 384 1725 ἐν
413 1671 594 1740 φωνῇ
627 1673 1046 1741 ἀγαλλιάσεως
1065 1691 1078 1704 ·
1109 1674 1196 1728 ὅτι
1232 1677 1445 1742 Κύριος
1473 1675 1751 1743 ὕψιστος,

1877 478 2101 533 tionem.
2144 478 2264 547 Ipse
2284 492 2414 533 vero
2461 476 2606 533 Deus
2637 494 2733 549 per
2777 481 2997 536 eosdem
3039 482 3300 553 loquitur,
3360 485 3446 540 di-

1873 581 2044 622 cens:
2078 564 2388 635 Cognoscite
2445 566 2571 638 quia
2619 583 2710 636 ego
2757 584 2874 620 sum
2917 567 3074 634 Deus,
3111 569 3220 624 imo
3252 570 3439 638 etiam,

1870 656 1995 725 quia
2026 655 2306 710 exaltabor
2333 656 2388 709 in
2419 655 2684 725 gentibus,
2707 656 2984 711 exaltabor
3008 659 3060 712 in
3093 669 3256 714 terra.
3297 659 3440 716 Olim

1869 745 2088 815 quidem
2108 745 2313 800 Judaeis
2347 746 2612 800 duntaxat
2646 757 2811 802 notus
2832 762 3004 814 eram,
3037 749 3256 818 quando
3284 761 3437 806 notus

1867 836 2139 890 inludant
2189 836 2364 899 Deus,
2415 838 2471 891 in
2511 836 2687 891 Israel
2739 855 2988 908 magnum
3021 856 3204 894 nomen
3231 842 3344 910 ejus
3379 842 3438 909 ‘;

1865 941 2012 981 nunc
2060 936 2237 982 autem
2271 927 2437 996 jubeo
2495 943 2593 983 vos
2641 941 2860 993 vacare,
2911 935 2971 982 ut
3015 931 3356 1000 cognoscatis
3382 937 3438 985 et

1865 1018 2075 1082 sciatis,
2100 1033 2208 1088 qua
2234 1019 2443 1073 ratione
2475 1020 2616 1088 apud
2647 1035 2836 1075 omnes
2885 1027 3075 1090 gentes
3107 1019 3439 1075 exaltandus

1863 1108 1987 1172 sim,
2026 1109 2150 1177 plus
2166 1109 2235 1163 ab
2281 1109 2350 1162 iis
2407 1109 2736 1173 celebratus,
2775 1124 2936 1179 quam
2987 1109 3054 1164 ab
3083 1109 3152 1165 iis
3179 1111 3273 1180 qui
3303 1111 3436 1167 olim

1862 1215 2027 1256 nosse
2054 1215 2140 1255 me
2164 1201 2521 1270 putabantur.

1863 1417 1915 1473 l.
1961 1415 2028 1471 IN
2052 1416 2420 1475 nummo
2442 1414 2644 1471 FlLllS
2683 1385 3208 1484 COREPSALMUS
3243 1416 3430 1473 XLVI.

1929 1593 2096 1652 Vens.
2125 1594 2181 1662 2,
2209 1595 2262 1650 5.
2301 1593 2492 1650 Omnes
2521 1603 2719 1665 gentes,
2739 1595 2974 1665 plaudite
3003 1597 3267 1661 manibus,
3289 1597 3432 1666 jubi-

1856 1683 1962 1736 late
1991 1683 2100 1737 Deo
2145 1685 2199 1737 in
2252 1700 2371 1738 voce
2427 1683 2822 1737 exsultationis.
2873 1685 3134 1750 Quoniam
3165 1685 3430 1741 Dominus

182 1762 446 1830 φοϐερὸς,
484 1761 799 1828 ,βασιλεὺς
839 1762 1026 1830 μέγας
1069 1763 1167 1816 ἐπὶ
1219 1763 1424 1818 πᾶσαν
1470 1763 1584 1830 τὴν
1619 1763 1734 1832 γῆν

1856 1773 2115 1837 excelsus,
2156 1773 2433 1837 terribilis,
2466 1789 2560 1826 rea:
2608 1783 2836 1841 magnus
2863 1789 3016 1842 super
3063 1790 3267 1828 omnem
3316 1771 3425 1828 ter-

183 1856 320 1906 Δοκεί
351 1870 439 1924 μοι
468 1851 542 1904 τὰ
576 1852 682 1921 τῆς
715 1853 1037 1924 προγραφῆς
1076 1853 1428 1923 ὲσιραλμένως
1469 1852 1634 1922 ἔχειν.
1679 1854 1754 1906 Οὐ

183 1943 279 2014 γὰρ
310 1944 458 2010 ὑπὲρ
496 1942 624 1996 τῶν
664 1942 810 1997 υἱῶν
830 1943 1000 2011 Κορὲ,
1037 1944 1201 2006 ἀλλὰ,
1244 1943 1367 2008 τοῖς
1401 1943 1550 2010 υἱοῖς
1584 1944 1754 2012 Κορὲ,

182 2032 213 2104 ἢ
246 2032 357 2086 τῶν
394 2033 544 2087 υἱῶν
584 2032 774 2101 Κορὲ,
821 2034 989 2105 ἐχρῆν
1036 2033 1436 2104 ἐπιγεγράφθαι
1489 2033 1627 2086 κατὰ
1658 2033 1755 2097 τὰς

185 2125 468 2195 ἔμπροσθεν
501 2125 854 2196 προγραφὰς.
877 2128 938 2178 υἱ
968 2125 1076 2196 γὰρ
1106 2125 1276 2179 λοιποὶ
1304 2127 1635 2197 ἑρμηνευταὶ
1662 2127 1754 2180 καὶ

184 2217 236 2268 τὸ
279 2215 566 2284 Ἐϐραῖκὸν
616 2216 820 2286 ὁμοίως
866 2215 1054 2286 ἔχουσι
1099 2219 1210 2278 τοῖς
1259 2215 1584 2287 ἔμπροσθεν.
1643 2218 1753 2270 Καὶ

187 2308 460 2378 ἐπειδήπερ
494 2307 816 2376 σαφέστατα
847 2310 958 2369 τοῖς
1000 2307 1207 2360 ἔθνεσιν
1247 2310 1274 2362 ὀ
1306 2309 1460 2377 λόγος
1505 2327 1750 2382 παρακε-

185 2396 380 2449 λεύεται
400 2436 414 2459 ,
445 2397 601 2450 οὐδὲν
645 2396 786 2466 ἔχων
818 2398 1342 2469 ὲπικεκαλυμμένον,
1379 2400 1604 2464 εἰκότως
1633 2400 1752 2454 οὐδὲ

189 2488 244 2540 τὰ
266 2487 354 2556 τῆς
380 2487 712 2557 προγραφῆς
748 2490 834 2552 εἱς
861 2489 1118 2540 σύνεσιν
1145 2488 1288 2557 ἡμᾶς
1326 2489 1602 2558 παρορμᾷ,
1631 2488 1749 2541 οὐδὲ

187 2575 320 2643 ὑπέρ
362 2576 478 2629 τῶν
512 2578 793 2644 κρυφίων
816 2595 829 2606 ⁵
865 2577 1078 2647 eam;
1107 2577 1164 2630 δὲ
1200 2576 1383 2640 ἁπλῶς
1431 2578 1680 2648 εἴρηται,
1715 2577 1748 2649 ἢ

193 2666 490 2738 μελῲδημα,
526 2667 560 2739 ἦ
600 2663 754 2739 ᾆσμα
787 2668 928 2720 κατὰ
966 2670 1092 2732 τοὺς
1134 2668 1374 2732 λοιπούς.
1423 2667 1495 2721 Τὸ
1536 2668 1591 2721 δὲ
1614 2709 1629 2734 ,
1663 2671 1750 2733 εις

187 2752 376 2821 τέλος,
424 2757 748 2825 ἀναγκαίως
794 2760 1117 2830 πρόκειται,
1160 2758 1245 2811 διὰ
1291 2759 1353 2811 τὸ
1397 2759 1454 2811 ἐν
1499 2757 1747 2828 ὑπέροις

193 2847 374 2915 χρόνοις
446 2848 671 2919 μέλλειν
747 2849 1195 2921 ἀποπληροῦσθαι
1257 2849 1355 2920 τὴν
1418 2849 1744 2920 πρόρρησιν.

191 2937 493 3003 Ιιροστάττει
526 2939 584 2990 δὲ
615 2938 679 2991 τὸ
710 2938 933 3010 Πνεῦμα
975 2940 1035 2992 τὸ
1079 2939 1230 3007 ἅγιον
1275 2939 1478 3008 σφόδρα
1521 2938 1748 2991 ἀκολού-

195 3030 282 3088 θως
308 3027 437 3096 μετᾶ
475 3029 547 3082 τὰ
587 3029 959 3100 προλεχθέντα
990 3031 1116 3101 περὶ
1143 3030 1234 3084 τοῦ
1273 3029 1580 3100 Ἀγαπητοῦ
1605 3067 1620 3093 ,
1653 3029 1748 3082 καὶ

196 3115 301 3184 περὶ
338 3119 440 3169 τῶν
464 3119 661 3172 τούτου
690 3120 943 3190 κηρύκων
963 3159 978 3183 ,
1008 3123 1140 3174 πᾶσι
1182 3123 1295 3184 τοῖς
1321 3121 1526 3174 ἔθνεσιν
1551 3122 1745 3190 εὐφρο-
1772 3111 1814 3167 C

197 3203 333 3276 σύνης
373 3208 614 3279 σύμϐολα
650 3211 941 3280 πράττειν,
988 3211 1077 3265 διὰ
1114 3211 1210 3264 τοῦ
1239 3215 1452 3283 κροτεῖν
1503 3213 1599 3282 μὲν
1645 3211 1744 3273 τὰς

196 3296 352 3362 χεῖρας
393 3297 465 3360 ὡς
511 3299 606 3350 ἐπὶ
653 3299 850 3369 γάμοις
900 3299 1340 3370 συντελουμένοις
1368 3301 1603 3370 νυμφίου
1651 3302 1745 3355 καὶ

199 3383 409 3454 νύμφης·
440 3387 734 3452 ἀλαλάζειν
766 3389 822 3440 δὲ
848 3389 926 3460 τῷ
960 3389 1107 3459 Θεῷ,
1137 3391 1212 3452 ὡς
1239 3391 1332 3442 ὲπὶ
1362 3390 1624 3460 βασιλέως
1651 3392 1742 3443 εὑ-

197 3477 512 3546 ιοημουμένου
549 3480 649 3536 ἐπὶ
681 3483 745 3552 τῇ
791 3479 934 3534 κατὰ
973 3479 1083 3533 τῶν
1130 3481 1403 3550 πολεμίων
1437 3497 1581 3551 νικῃ.
1633 3481 1743 3533 Καὶ

200 3560 386 3626 ιῑκοτως
415 3567 549 3635 μετὰ
573 3569 676 3638 τὴν
707 3568 850 3620 κατὰ
879 3567 987 3622 τῶν
1016 3569 1288 3639 πολεμίων
1313 3568 1469 3639 νίκην
1504 3569 1597 3622 τοῦ
1625 3571 1741 3621 Σω-

204 3649 361 3720 τῆρος,
395 3655 613 3728 νύμφην
644 3657 836 3710 ἑαυτοῦ
871 3658 1071 3730 δηλαδὴ
1103 3659 1201 3730 τὴν
1236 3660 1559 3731 Ἐκκλησίαν
1586 3660 1742 3712 ἀπειο

199 3741 426 3808 λῃεότος,
476 3748 691 3810 πάντας
741 3750 1044 3822 παρακαλεῖ
1095 3750 1155 3803 τὸ
1202 3751 1428 3821 Πνεῦμα
1469 3751 1530 3804 τὸ
1585 3751 1739 3819 ἅγιον

199 3830 412 3885 σπεύδειν
436 3837 525 3888 ἐπὶ
554 3837 659 3908 τὴν
690 3825 900 3910 ὲορτῆν.
926 3840 1017 3890 Διδ
1049 3838 1147 3910 βοᾷ
1179 3841 1311 3892 πᾶσι
1338 3843 1450 3903 τοῖς
1471 3839 1612 3892 κατὰ
1640 3840 1738 3910 τὴν

197 3917 481 3994 οἰκουμένην
524 3925 704 3979 ἔθνεσι
745 3915 931 3995 λέγον·
977 3928 1180 3982 Πάντα
1220 3929 1291 3982 τὰ
1333 3929 1496 3996 ἔθνη,
1529 3929 1740 3996 κροτή-

197 4021 319 4059 σατε
343 4012 534 4080 χεῷας
553 4055 567 4079 ,
600 4017 944 4082 ἀλαλάξαι-ε
977 4018 1056 4084 τῷ
1098 4017 1218 4083 Θεῷ
1257 4019 1326 4071 ἐν
1349 4018 1518 4087 ἕωνῇ
1549 4020 1736 4088 ἀγαλ-

199 4094 436 4164 λιάσεως.
477 4102 546 4156 Τὸ
580 4105 627 4158 δ’
658 4105 828 4159 αἴτιον
873 4107 973 4177 τῆς
1001 4107 1452 4177 παρακελεύσεως
1497 4108 1735 4160 δ.δάσκει

200 4182 303 4254 ἑξῆς
326 4191 516 4257 φάσκον
534 4213 546 4226 ι
577 4197 698 4250 Ὅτι
723 4199 938 4266 Κύριος
963 4199 1240 4266 ὕψιστος,
1265 4201 1536 4268 φοϐερὸς,
1557 4202 1737 4264 ,βασι-

199 4275 316 4341 λεὺς
337 4279 510 4350 μέγας
532 4285 630 4341 ἐπὶ
660 4284 868 4340 πᾶσαν
892 4287 1006 4355 τὴν
1031 4285 1162 4357 γῆν.
1190 4289 1459 4359 Πρότερον
1497 4290 1595 4359 μὲν
1628 4289 1736 4360 γὰρ

200 4363 369 4437 Κύριος
394 4375 546 4440 αὐτὸς
570 4378 600 4429 ὁ
625 4377 846 4447 ὕψιστος
878 4379 1052 4450 μόνων
1076 4379 1184 4432 τῶν
1210 4382 1327 4433 κατ’
1357 4382 1583 4450 οὐρανὸν
1608 4382 1734 4434 ἐϐα-

205 4454 381 4515 σίλευεν
404 4481 416 4493 ·
451 4467 693 4535 ἠγνοεῖτο
720 4470 776 4522 δὲ
806 4473 918 4532 τοῖς
943 4471 1034 4524 ἐπὶ
1062 4473 1160 4542 τῆς
1193 4471 1299 4541 γῆς
1318 4512 1332 4538 ,
1367 4475 1455 4526 ὅτε
1480 4473 1732 4543 δαίμονες

202 4543 426 4619 ἐκράτουν
456 4558 545 4612 ἐπὶ
571 4561 676 4631 γῆς
712 4560 1012 4632 ἀνθρώπων
1035 4576 1050 4591 ⁸
1076 4563 1196 4615 νυνὶ
1230 4562 1287 4614 δὲ
1319 4562 1406 4616 διὰ
1431 4562 1524 4615 τοῦ
1568 4563 1731 4630 Ἀγα-

203 4640 344 4706 πητοῦ
382 4647 656 4721 ἐπέλαμψε
704 4654 816 4714 τοῖς
861 4654 951 4705 ἐπὶ
981 4653 1212 4722 γῆςτὴν
1253 4653 1417 4706 αὐτοῦ
1444 4653 1604 4724 χάριν
1638 4654 1733 4706 καὶ

202 4725 334 4824 αὐτος
356 4736 668 4808 ὁὝψιστος,
692 4742 932 4812 φοϐερὸς
959 4745 1179 4812 γέγονεν
1224 4744 1450 4807 ἐκείνοις
1483 4747 1597 4807 τοῖς
1630 4762 1729 4796 πο-

204 4817 374 4884 λεμίοις
400 4829 504 4890 τοῖς
534 4829 629 4900 τὴν
671 4830 927 4883 πολύθεον
979 4831 1260 4900 ἐνεργοῦσι
1308 4832 1547 4903 πλάνην·
1595 4832 1732 4885 πάν-

205 4919 282 4968 τας
307 4910 401 4982 γὰρ
426 4917 613 4982 αὐτοὺς
641 4921 808 4989 ἣλασε
828 4960 842 4983 ,
883 4923 974 4975 καὶ
1006 4923 1221 4994 μακρὰν
1253 4924 1351 4993 τῆς
1378 4923 1483 4976 τῶν
1519 4923 1726 4992 ἀνθρώ·

206 5012 298 5050 πων
322 5004 554 5081 ἐποίησεν
577 5013 791 5083 ἀγέλης.
816 5015 1015 5084 Σχολῆς
1045 5015 1100 5066 δὲ
1135 5016 1446 5086 γενομένης,
1475 5005 1725 5084 βασιλεὺς

209 5085 347 5155 μέγας
374 5096 472 5152 τῶν
502 5101 590 5166 ἐπὶ
621 5105 799 5156 πᾶσαν
828 5105 926 5176 τὴν
958 5107 1060 5175 γῆν
1092 5105 1260 5158 ἐθνῶν
1307 5105 1722 5175 ἀνεκηρύττετο.

207 5179 276 5232 Διδ
310 5190 407 5250 τοῖς
448 5191 876 5265 βασιλευομένοις
905 5201 1116 5266 κροτεῖν
1145 5199 1262 5259 ταῖς
1298 5197 1482 5267 χερσὶν
1514 5199 1542 5249 ὁ
1572 5197 1728 5263 λόγος

209 5278 602 5368 ταρακελεύεται,
629 5287 905 5339 τουτέστιν
925 5286 1106 5357 ἔργοις
1127 5289 1222 5340 καὶ
1246 5287 1475 5358 πράξεσι
1501 5305 1514 5318 '
1541 5288 1728 5356 ὥσπερ

210 5366 248 5406 εί
272 5366 426 5432 φωνὰς
455 5373 661 5441 ἀφιέναι
687 5375 841 5441 ἀξίας
867 5377 963 5447 τῆς
997 5377 1091 5430 τοῦ
1125 5377 1378 5446 Ὑψίστου
1417 5377 1688 5446 βασιλείας
1707 5418 1722 5441 ,

214 5449 289 5500 καὶ
348 5456 608 5529 ἀλαλάζειν
670 5468 728 5522 δὲ
799 5469 946 5540 αὐτῷ
1009 5471 1066 5522 ὲν
1133 5472 1280 5540 φωνῇ
1353 5470 1723 5538 ἀγαλλιάσεως

273 5599 288 5628 ⁸
320 5599 450 5665 Psal.
483 5628 634 5685 Lxsv,
665 5617 720 5674 9..

1859 1875 1996 1913 ram.
2073 1860 2292 1914 Videtur
2341 1857 2474 1912 mihi
2538 1858 2824 1928 inscriptio
2874 1858 3137 1913 mendose
3205 1859 3422 1928 posita:

1857 1966 2033 2021 neque
2066 1950 2234 2015 enim,
2278 1966 2375 2018 pro
2406 1949 2535 2018 [iliis
2581 1948 2734 2014 Core,
2773 1949 2890 2015 sed,
2926 1951 3055 2019 ﬁliis
3099 1951 3252 2012 Core,
3302 1958 3420 2016 aut,

1857 2043 2094 2112 ﬁliorum
2152 2041 2303 2105 Core,
2344 2041 2573 2110 perinde
2620 2047 2782 2110 atque
2829 2040 2883 2094 in
2912 2041 3188 2110 prioribus
3221 2041 3419 2106 titulis,

1856 2133 2178 2202 inscriptum
2212 2131 2472 2200 oportuit.
2531 2130 2745 2200 Reliqui
2779 2131 2924 2186 enim
2981 2131 3331 2201 interpretes,
3363 2136 3418 2184 et

1853 2220 2179 2277 Hebraicum
2213 2221 2491 2289 exemplar
2533 2219 2772 2275 similem
2810 2217 3086 2288 prioribus
3125 2218 3421 2288 praeferunt

1853 2310 2292 2381 inscriptionem.
2348 2307 2415 2361 Et
2472 2307 2601 2378 quia
2663 2307 2949 2377 perspicue
2995 2316 3182 2378 gentes
3237 2322 3420 2361 sermo

1851 2403 2192 2469 cohortatur,
2221 2400 2468 2470 nihilque
2509 2399 2711 2454 occulti
2763 2397 3005 2469 praefert,
3043 2399 3170 2467 jure
3223 2397 3420 2453 inscri-

1851 2493 2054 2563 ptionis
2082 2491 2251 2545 verba
2281 2505 2383 2545 nos
2415 2489 2482 2543 ad
2523 2489 2842 2543 intellectum
2873 2487 3096 2542 minime
3119 2488 3416 2550 concitant,

1849 2598 2024 2652 neque
2055 2598 2150 2651 pro
2181 2581 2399 2636 occultis
2430 2579 2666 2647 habent;
2696 2578 2792 2635 sed
2817 2579 3064 2649 psalmus
3093 2576 3419 2647 simpliciter

1848 2673 2070 2737 dicitur,
2109 2674 2228 2728 sive
2285 2672 2549 2736 melodia,
2609 2672 2724 2726 sive
2767 2671 3067 2734 canticum,
3113 2667 3416 2723 secundum

1848 2766 2091 2834 reliquos
2123 2766 2470 2834 interpretes.
2508 2762 2647 2815 Illud
2681 2769 2859 2814 autem
2899 2761 2956 2812 in
3001 2760 3180 2828 ﬁnem,
3223 2774 3416 2814 neces-

1848 2853 1997 2909 sario
2024 2854 2264 2924 positum
2296 2852 2422 2916 fuit,
2455 2851 2581 2920 quia
2607 2849 2902 2920 postremis
2931 2846 3275 2916 temporibus
3312 2846 3416 2899 im—

1847 2944 2109 3015 plendum
2140 2942 2458 2997 vaticinium
2507 2949 2644 2995 erat.
2696 2939 2829 2993 Post
2869 2952 3035 3007 supra
3064 2935 3209 2991 dicta
3249 2951 3415 3006 porro

1848 3033 2142 3087 admodum
2185 3040 2590 3100 consequenter
2639 3028 2876 3100 Spiritus
2916 3038 3142 3084 sanctus
3197 3027 3418 3082 univer-

1849 3124 1926 3178 s'is
1949 3121 2202 3192 gentibus
2227 3121 2494 3190 praecipit,
2540 3127 2601 3174 ut
2641 3120 2710 3174 de
2758 3118 2966 3173 Dilecto
3001 3119 3232 3187 ejusque
3269 3131 3414 3186 prae-

1848 3212 2078 3266 conibus
2107 3209 2306 3264 laetitiae
2339 3209 2585 3280 symbola
2625 3207 2908 3264 conferant
2951 3205 3262 3276 plaudendo
3292 3220 3412 3259 ma-

1849 3303 2035 3366 nibus,
2071 3315 2137 3354 ac
2171 3300 2219 3354 si
2262 3299 2468 3368 nuptiae
2501 3298 2691 3369 sponsi
2736 3306 2790 3353 et
2824 3312 3039 3367 sponsa:
3072 3297 3414 3352 celebiaren-

1845 3402 1966 3458 tur;
2009 3399 2176 3462 utque
2206 3392 2316 3446 Deo
2352 3391 2604 3462 jubilent,
2654 3390 2810 3460 quasi
2843 3389 2956 3459 regi
2994 3388 3065 3443 ob
3109 3396 3318 3458 parum
3343 3387 3414 3442 de

1844 3485 2082 3540 inimicis
2114 3483 2418 3546 .victoriam
2487 3481 2979 3537 acclamationibus
3037 3485 3287 3549 excepto.
3347 3477 3414 3530 Et

1843 3576 2041 3631 merito
2070 3589 2202 3630 sane
2231 3582 2355 3644 post
2387 3581 2718 3643 reportatam
2753 3587 2782 3625 a
2817 3570 3120 3634 Salvatore,
3167 3569 3260 3639 qui
3297 3568 3409 3623 sci-

1844 3667 1970 3719 licet
1996 3663 2297 3719 Ecclesiam
2331 3663 2437 3718 sibi
2461 3665 2516 3716 in
2557 3677 2810 3732 sponsam
2851 3659 3084 3729 accepit,
3119 3657 3185 3713 de
3230 3656 3411 3712 inimi-

1841 3756 1924 3810 cis
1970 3755 2283 3818 victoriam,
2332 3751 2570 3821 Spiritus
2615 3759 2839 3806 sanctus
2880 3763 3072 3804 omnes
3109 3753 3300 3802 evocat
3339 3747 3406 3800 ad

1841 3846 2245 3901 celebritatem:
2283 3857 2454 3914 quare
2503 3843 2759 3896 omnibus
2791 3855 2888 3910 per
2933 3837 3407 3908 orbenrgentibus

1841 3936 2101 3992 inclamat
2139 3935 2225 3988 his
2247 3933 2462 3988 verbis:
2501 3931 2692 3987 Omnes
2724 3939 2921 4000 gentes,
2955 3928 3192 3997 plaudite
3233 3928 3407 3980 mani-

1842 4027 1957 4092 bus,
1979 4026 2208 4095 jubilate
2239 4024 2348 4080 Deo
2377 4025 2433 4078 in
2479 4039 2597 4077 voce
2635 4022 3029 4076 exsultationis.
3072 4019 3204 4085 Quae
3235 4033 3404 4073 causa
3469 4082 3480 4090 _

1843 4133 1976 4174 vero
2049 4115 2398 4188 praecipiendi
2452 4113 2640 4178 fuerit,
2709 4113 2767 4167 in
2819 4110 3173 4183 sequentibus
3229 4111 3403 4178 aperit

1837 4210 2058 4264 dicens:
2102 4209 2365 4274 Quoniam
2415 4205 2673 4260 Dominus
2719 4202 2975 4266 excelsus,
3016 4199 3288 4263 terribilis,
3313 4213 3406 4252 rea:

1836 4315 2058 4368 magnus
2092 4311 2247 4365 super
2291 4295 2495 4350 omne'm
2542 4302 2759 4345 terram.
2817 4290 3058 4344 Primum
3091 4289 3238 4344 enim
3289 4288 3408 4356 ipse

1838 4389 2098 4460 meinus
2144 4387 2418 4449 excelsus,
2465 4382 2522 4437 in
2568 4381 2702 4437 solis
2740 4380 3057 4436 coelestibus
3099 4377 3399 4448 regnabat;

1837 4480 1905 4534 ab
1935 4479 2003 4534 iis
2033 4487 2213 4533 autem
2248 4476 2340 4547 qui
2373 4476 2429 4530 in
2483 4482 2627 4529 terra
2673 4479 2832 4527 erant
2870 4468 3244 4540 ignorabatur,
3292 4479 3404 4532 quo

1833 4576 2080 4640 tempore
2109 4569 2382 4623 daemones
2434 4565 2491 4619 in
2527 4573 2670 4619 terra
2695 4561 3009 4616 hominibus
3037 4553 3397 4624 imperabant.

1833 4659 1991 4714 Nunc
2019 4675 2151 4714 vero
2178 4673 2274 4728 per
2301 4651 2566 4711 Dilectum
2608 4652 2871 4708 Excelsus
2895 4664 3012 4712 eos,
3051 4646 3145 4716 qui
3177 4644 3231 4698 in
3254 4651 3399 4698 terra

1834 4758 1987 4814 sunt,
2023 4751 2196 4820 gratia
2227 4761 2327 4802 sua
2376 4744 2694 4812 illustravit,
2720 4739 2991 4798 terribilis
3037 4749 3169 4792 sane
3208 4731 3400 4787 adver-

1834 4841 2018 4902 sariis,
2047 4839 2140 4908 qui
2195 4837 2491 4891 multOrum
2543 4834 2831 4888 numinum
2869 4840 3112 4884 errorem
3177 4823 3400 4878 induce-

1833 4933 1988 4997 bant,
2017 4931 2242 4985 eiiectus
2262 4936 2344 4983 est
2365 4945 2380 4994 ;
2414 4926 2700 4981 universos
2721 4922 2864 4977 enim
2886 4917 3115 4987 expulit,
3136 4922 3190 4970 et
3212 4911 3400 4983 procul

1838 5041 1866 5077 a
1889 5038 2050 5095 grege
2079 5021 2357 5076 hominum
2383 5018 2584 5088 abegit.
2637 5014 2774 5067 Tum
2801 5019 2955 5081 parta
2986 5004 3397 5095 tranquillitate,

1835 5092 1931 5169 rex
1965 5092 2196 5181 magnus
2244 5109 2489 5164 omnium
2533 5121 2628 5176 per
2671 5104 2859 5159 orbem
2904 5097 3144 5167 gentium
3185 5092 3401 5181 procla-

1839 5210 2020 5257 matus
2049 5180 2151 5255 est.
2211 5199 2391 5264 Quare
2438 5195 2685 5250 subditos
2742 5190 3002 5261 plaudere
3031 5184 3188 5254 jubet
3227 5180 3399 5233 mani-

1837 5293 1964 5355 bus,
1997 5290 2053 5344 id
2087 5299 2171 5345 est
2203 5287 2462 5358 Operihus
2489 5299 2551 5338 ac
2582 5281 2749 5352 gestis
2785 5277 2942 5349 quasi
2977 5287 3139 5329 voces
3186 5268 3398 5324 Excelsi

1830 5395 2000 5452 regno
2045 5381 2241 5450 dignas
2286 5376 2559 5440 emittere,
2594 5389 2658 5426 ac
2699 5369 2936 5440 jubilare
2988 5363 3093 5434 ipsi
3148 5360 3206 5415 in
3261 5371 3398 5452 voce

1832 5448 2249 5533 exsultationis;
2298 5467 2371 5520 ita
2405 5473 2466 5521 ut
2514 5481 2624 5521 non
2669 5460 2831 5517 modo
2873 5454 3131 5530 operibus
3165 5464 3230 5506 ac
3274 5448 3398 5503 vita:
