  <div class='ocr_page' id='page_1' title='image "/cluster/home/n/w/nwhite01/storage/ocr_20150623/23/mdp.39015078384396/215.png"; bbox 0 0 3822 6280; ppageno 0'>
   <div class='ocr_carea' id='block_1_1' title="bbox 398 268 502 328">
    <p class='ocr_par' dir='ltr' id='par_1_1' title="bbox 398 268 502 328">
     <span class='ocr_line' id='line_1_1' title="bbox 398 268 502 328; baseline 0.038 -5"><span class='ocrx_word' id='word_1_1' title='bbox 398 268 502 328; x_wconf 66' lang='grc'><strong>415</strong></span> 
     </span>
    </p>
   </div>
   <div class='ocr_carea' id='block_1_2' title="bbox 1061 253 2917 336">
    <p class='ocr_par' dir='ltr' id='par_1_2' title="bbox 1061 253 2917 336">
     <span class='ocr_line' id='line_1_2' title="bbox 1061 253 2917 336; baseline -0.006 -19"><span class='ocrx_word' id='word_1_2' title='bbox 1061 262 1329 318; x_wconf 73' lang='lat' dir='ltr'><strong>EUSEBH</strong></span> <span class='ocrx_word' id='word_1_3' title='bbox 1369 258 1844 336; x_wconf 62' lang='lat' dir='ltr'><strong>CESARIENSIS</strong></span> <span class='ocrx_word' id='word_1_4' title='bbox 1872 255 2024 312; x_wconf 80' lang='lat' dir='ltr'><strong>OPP.</strong></span> <span class='ocrx_word' id='word_1_5' title='bbox 2064 253 2246 308; x_wconf 82' lang='lat' dir='ltr'><strong>PARS</strong></span> <span class='ocrx_word' id='word_1_6' title='bbox 2280 254 2365 308; x_wconf 83' lang='lat' dir='ltr'><strong>Ill.</strong></span> <span class='ocrx_word' id='word_1_7' title='bbox 2405 285 2477 296; x_wconf 88' lang='lat'><strong>—-</strong></span> <span class='ocrx_word' id='word_1_8' title='bbox 2513 253 2917 309; x_wconf 75' lang='lat' dir='ltr'><strong>EXEGETICA.</strong></span> 
     </span>
    </p>
   </div>
   <div class='ocr_carea' id='block_1_3' title="bbox 3537 257 3636 310">
    <p class='ocr_par' dir='ltr' id='par_1_3' title="bbox 3537 257 3636 310">
     <span class='ocr_line' id='line_1_3' title="bbox 3537 257 3636 310; baseline 0.01 -1"><span class='ocrx_word' id='word_1_9' title='bbox 3537 257 3636 310; x_wconf 75' lang='lat' dir='ltr'><strong>M6</strong></span> 
     </span>
    </p>
   </div>
   <div class='ocr_carea' id='block_1_4' title="bbox 400 375 1964 457">
    <p class='ocr_par' dir='ltr' id='par_1_4' title="bbox 400 379 1964 457">
     <span class='ocr_line' id='line_1_4' title="bbox 400 379 1964 457; baseline -0.002 -18"><span class='ocrx_word' id='word_1_10' title='bbox 400 384 652 440; x_wconf 80' lang='lat' dir='ltr'><strong>instituto</strong></span> <span class='ocrx_word' id='word_1_11' title='bbox 681 381 857 453; x_wconf 80' lang='lat' dir='ltr'><strong>ipsum</strong></span> <span class='ocrx_word' id='word_1_12' title='bbox 888 382 1186 446; x_wconf 70' lang='lat' dir='ltr'><strong>celebnent,</strong></span> <span class='ocrx_word' id='word_1_13' title='bbox 1225 381 1330 444; x_wconf 72' lang='lat' dir='ltr'><strong>sed,</strong></span> <span class='ocrx_word' id='word_1_14' title='bbox 1350 381 1519 442; x_wconf 78' lang='lat' dir='ltr'><strong>etiam</strong></span> <span class='ocrx_word' id='word_1_15' title='bbox 1552 383 1726 444; x_wconf 84' lang='lat' dir='ltr'><strong>rectis.</strong></span> <span class='ocrx_word' id='word_1_16' title='bbox 1746 379 1964 457; x_wconf 39' lang='lat' dir='ltr'><strong>dogma.-</strong></span> 
     </span>
    </p>
   </div>
   <div class='ocr_carea' id='block_1_5' title="bbox 2068 375 3638 457">
    <p class='ocr_par' dir='ltr' id='par_1_5' title="bbox 2069 375 3638 455">
     <span class='ocr_line' id='line_1_5' title="bbox 2069 375 3638 455; baseline 0.001 -25"><span class='ocrx_word' id='word_1_17' title='bbox 2069 377 2427 448; x_wconf 89' lang='grc' dir='ltr'>προστάττει,</span> <span class='ocrx_word' id='word_1_18' title='bbox 2453 376 2542 440; x_wconf 79' lang='grc' dir='ltr'><strong>ὡς</strong></span> <span class='ocrx_word' id='word_1_19' title='bbox 2574 375 2638 435; x_wconf 72' lang='grc' dir='ltr'><strong>ἂν</strong></span> <span class='ocrx_word' id='word_1_20' title='bbox 2685 375 2758 446; x_wconf 83' lang='grc' dir='ltr'>μὴ</span> <span class='ocrx_word' id='word_1_21' title='bbox 2790 375 2947 444; x_wconf 88' lang='grc' dir='ltr'>μόνον</span> <span class='ocrx_word' id='word_1_22' title='bbox 2977 375 3162 455; x_wconf 75' lang='grc' dir='ltr'>ἔργοις</span> <span class='ocrx_word' id='word_1_23' title='bbox 3194 375 3288 430; x_wconf 74' lang='grc' dir='ltr'>καὶ</span> <span class='ocrx_word' id='word_1_24' title='bbox 3328 375 3424 448; x_wconf 83' lang='grc' dir='ltr'><strong>βίῳ</strong></span> <span class='ocrx_word' id='word_1_25' title='bbox 3445 418 3461 443; x_wconf 93' lang='grc'><strong>,</strong></span> <span class='ocrx_word' id='word_1_26' title='bbox 3505 376 3638 431; x_wconf 74' lang='grc' dir='ltr'>ἀλλὰ</span> 
     </span>
    </p>
   </div>
   <div class='ocr_carea' id='block_1_6' title="bbox 397 471 1173 542">
    <p class='ocr_par' dir='ltr' id='par_1_6' title="bbox 397 471 1173 542">
     <span class='ocr_line' id='line_1_6' title="bbox 397 471 1173 542; baseline 0 -14"><span class='ocrx_word' id='word_1_27' title='bbox 397 473 548 530; x_wconf 82' lang='lat' dir='ltr'><strong>tibus</strong></span> <span class='ocrx_word' id='word_1_28' title='bbox 577 473 869 542; x_wconf 81' lang='lat' dir='ltr'><strong>divinaque</strong></span> <span class='ocrx_word' id='word_1_29' title='bbox 901 471 1173 528; x_wconf 75' lang='lat' dir='ltr'><strong>doctrina.</strong></span> 
     </span>
    </p>
   </div>
   <div class='ocr_carea' id='block_1_7' title="bbox 473 583 1972 654">
    <p class='ocr_par' dir='ltr' id='par_1_7' title="bbox 473 583 1972 654">
     <span class='ocr_line' id='line_1_7' title="bbox 473 583 1972 654; baseline -0.001 -16"><span class='ocrx_word' id='word_1_30' title='bbox 473 583 638 638; x_wconf 72' lang='lat' dir='ltr'><strong>Vens.</strong></span> <span class='ocrx_word' id='word_1_31' title='bbox 673 583 730 648; x_wconf 70' lang='grc'>4,</span> <span class='ocrx_word' id='word_1_32' title='bbox 765 583 816 639; x_wconf 78' lang='lat'><strong>5.</strong></span> <span class='ocrx_word' id='word_1_33' title='bbox 858 584 1092 652; x_wconf 82' lang='lat' dir='ltr'><strong>Subjeci—t</strong></span> <span class='ocrx_word' id='word_1_34' title='bbox 1117 584 1346 654; x_wconf 69' lang='lat' dir='ltr'><strong>populos</strong></span> <span class='ocrx_word' id='word_1_35' title='bbox 1379 585 1552 646; x_wconf 73' lang='lat' dir='ltr'><strong>nobis,</strong></span> <span class='ocrx_word' id='word_1_36' title='bbox 1574 595 1624 638; x_wconf 80' lang='lat' dir='ltr'><strong>et</strong></span> <span class='ocrx_word' id='word_1_37' title='bbox 1659 593 1831 653; x_wconf 79' lang='lat' dir='ltr'><strong>gentes</strong></span> <span class='ocrx_word' id='word_1_38' title='bbox 1872 584 1972 637; x_wconf 78' lang='lat' dir='ltr'><strong>sub</strong></span> 
     </span>
    </p>
   </div>
   <div class='ocr_carea' id='block_1_8' title="bbox 398 672 1967 744">
    <p class='ocr_par' dir='ltr' id='par_1_8' title="bbox 398 672 1967 744">
     <span class='ocr_line' id='line_1_8' title="bbox 398 672 1967 744; baseline 0 -18"><span class='ocrx_word' id='word_1_39' title='bbox 398 672 624 742; x_wconf 66' lang='lat' dir='ltr'><strong>pedibus</strong></span> <span class='ocrx_word' id='word_1_40' title='bbox 665 675 880 728; x_wconf 77' lang='lat' dir='ltr'><strong>nostris.</strong></span> <span class='ocrx_word' id='word_1_41' title='bbox 943 673 1117 744; x_wconf 72' lang='lat' dir='ltr'><strong>Elegit</strong></span> <span class='ocrx_word' id='word_1_42' title='bbox 1183 674 1332 728; x_wconf 78' lang='lat' dir='ltr'><strong>nobis</strong></span> <span class='ocrx_word' id='word_1_43' title='bbox 1383 674 1742 730; x_wconf 72' lang='lat' dir='ltr'><strong>Itwreditatem</strong></span> <span class='ocrx_word' id='word_1_44' title='bbox 1794 690 1967 740; x_wconf 80' lang='lat' dir='ltr'><strong>suam,</strong></span> 
     </span>
    </p>
   </div>
   <div class='ocr_carea' id='block_1_9' title="bbox 399 761 1973 836">
    <p class='ocr_par' dir='ltr' id='par_1_9' title="bbox 399 761 1973 836">
     <span class='ocr_line' id='line_1_9' title="bbox 399 761 1973 836; baseline 0 -19"><span class='ocrx_word' id='word_1_45' title='bbox 399 765 617 832; x_wconf 73' lang='lat' dir='ltr'><strong>speciem</strong></span> <span class='ocrx_word' id='word_1_46' title='bbox 649 761 842 829; x_wconf 67' lang='lat' dir='ltr'><strong>Iacob,</strong></span> <span class='ocrx_word' id='word_1_47' title='bbox 879 781 1044 836; x_wconf 77' lang='lat' dir='ltr'><strong>quam</strong></span> <span class='ocrx_word' id='word_1_48' title='bbox 1084 763 1294 817; x_wconf 59' lang='lat' dir='ltr'><strong>ditarit.</strong></span> <span class='ocrx_word' id='word_1_49' title='bbox 1351 762 1569 818; x_wconf 72' lang='lat' dir='ltr'><strong>Nemini</strong></span> <span class='ocrx_word' id='word_1_50' title='bbox 1621 779 1735 817; x_wconf 88' lang='lat' dir='ltr'><strong>non</strong></span> <span class='ocrx_word' id='word_1_51' title='bbox 1779 770 1973 824; x_wconf 76' lang='lat' dir='ltr'><strong>notum</strong></span> 
     </span>
    </p>
   </div>
   <div class='ocr_carea' id='block_1_10' title="bbox 399 855 1974 926">
    <p class='ocr_par' dir='ltr' id='par_1_10' title="bbox 399 855 1974 926">
     <span class='ocr_line' id='line_1_10' title="bbox 399 855 1974 926; baseline 0 -17"><span class='ocrx_word' id='word_1_52' title='bbox 399 863 483 911; x_wconf 80' lang='lat' dir='ltr'><strong>est</strong></span> <span class='ocrx_word' id='word_1_53' title='bbox 537 855 667 910; x_wconf 73' lang='lat' dir='ltr'><strong>ﬁliis</strong></span> <span class='ocrx_word' id='word_1_54' title='bbox 717 855 877 917; x_wconf 76' lang='lat' dir='ltr'><strong>Care.</strong></span> <span class='ocrx_word' id='word_1_55' title='bbox 912 871 1099 926; x_wconf 84' lang='lat' dir='ltr'><strong>neque</strong></span> <span class='ocrx_word' id='word_1_56' title='bbox 1141 855 1374 926; x_wconf 85' lang='lat' dir='ltr'><strong>populos</strong></span> <span class='ocrx_word' id='word_1_57' title='bbox 1434 855 1730 923; x_wconf 76' lang='lat' dir='ltr'><strong>subjectos,</strong></span> <span class='ocrx_word' id='word_1_58' title='bbox 1793 870 1974 923; x_wconf 84' lang='lat' dir='ltr'><strong>neque</strong></span> 
     </span>
    </p>
   </div>
   <div class='ocr_carea' id='block_1_11' title="bbox 399 944 1976 1016">
    <p class='ocr_par' dir='ltr' id='par_1_11' title="bbox 399 944 1976 1016">
     <span class='ocr_line' id='line_1_11' title="bbox 399 944 1976 1016; baseline -0.003 -18"><span class='ocrx_word' id='word_1_59' title='bbox 399 953 592 1015; x_wconf 69' lang='lat' dir='ltr'><strong>gentes</strong></span> <span class='ocrx_word' id='word_1_60' title='bbox 623 948 727 1002; x_wconf 85' lang='lat' dir='ltr'><strong>sub</strong></span> <span class='ocrx_word' id='word_1_61' title='bbox 758 948 991 1016; x_wconf 80' lang='lat' dir='ltr'><strong>pedibus</strong></span> <span class='ocrx_word' id='word_1_62' title='bbox 1019 961 1207 1000; x_wconf 89' lang='lat' dir='ltr'><strong>eorum</strong></span> <span class='ocrx_word' id='word_1_63' title='bbox 1241 946 1574 1001; x_wconf 88' lang='lat' dir='ltr'><strong>constitutas</strong></span> <span class='ocrx_word' id='word_1_64' title='bbox 1618 944 1822 1012; x_wconf 85' lang='lat' dir='ltr'><strong>fuisse;</strong></span> <span class='ocrx_word' id='word_1_65' title='bbox 1863 946 1976 998; x_wconf 41' lang='lat' dir='ltr'><strong>itas</strong></span> 
     </span>
    </p>
   </div>
   <div class='ocr_carea' id='block_1_12' title="bbox 399 1035 1966 1106">
    <p class='ocr_par' dir='ltr' id='par_1_12' title="bbox 399 1035 1966 1106">
     <span class='ocr_line' id='line_1_12' title="bbox 399 1035 1966 1106; baseline 0.001 -18"><span class='ocrx_word' id='word_1_66' title='bbox 399 1051 506 1104; x_wconf 84' lang='lat' dir='ltr'><strong>que</strong></span> <span class='ocrx_word' id='word_1_67' title='bbox 532 1038 688 1105; x_wconf 87' lang='lat' dir='ltr'><strong>quasi</strong></span> <span class='ocrx_word' id='word_1_68' title='bbox 714 1052 779 1092; x_wconf 79' lang='lat' dir='ltr'><strong>ex</strong></span> <span class='ocrx_word' id='word_1_69' title='bbox 811 1052 1042 1106; x_wconf 81' lang='lat' dir='ltr'><strong>persona</strong></span> <span class='ocrx_word' id='word_1_70' title='bbox 1073 1037 1446 1105; x_wconf 74' lang='lat' dir='ltr'><strong>apostolorum</strong></span> <span class='ocrx_word' id='word_1_71' title='bbox 1483 1035 1599 1089; x_wconf 68' lang='lat' dir='ltr'><strong>haec</strong></span> <span class='ocrx_word' id='word_1_72' title='bbox 1630 1035 1776 1088; x_wconf 85' lang='lat' dir='ltr'><strong>dicta</strong></span> <span class='ocrx_word' id='word_1_73' title='bbox 1821 1043 1966 1090; x_wconf 85' lang='lat' dir='ltr'><strong>sunt.</strong></span> 
     </span>
    </p>
   </div>
   <div class='ocr_carea' id='block_1_13' title="bbox 400 1121 1976 1194">
    <p class='ocr_par' dir='ltr' id='par_1_13' title="bbox 400 1121 1976 1194">
     <span class='ocr_line' id='line_1_13' title="bbox 400 1121 1976 1194; baseline 0.002 -18"><span class='ocrx_word' id='word_1_74' title='bbox 400 1121 464 1176; x_wconf 81' lang='lat' dir='ltr'><strong>lli</strong></span> <span class='ocrx_word' id='word_1_75' title='bbox 498 1140 733 1193; x_wconf 83' lang='lat' dir='ltr'><strong>namque</strong></span> <span class='ocrx_word' id='word_1_76' title='bbox 773 1124 914 1192; x_wconf 81' lang='lat' dir='ltr'><strong>jussi</strong></span> <span class='ocrx_word' id='word_1_77' title='bbox 947 1126 1015 1179; x_wconf 89' lang='lat' dir='ltr'><strong>ab</strong></span> <span class='ocrx_word' id='word_1_78' title='bbox 1050 1126 1168 1194; x_wconf 91' lang='lat' dir='ltr'><strong>ipso</strong></span> <span class='ocrx_word' id='word_1_79' title='bbox 1219 1123 1507 1178; x_wconf 84' lang='lat' dir='ltr'><strong>Salvatore</strong></span> <span class='ocrx_word' id='word_1_80' title='bbox 1553 1123 1750 1178; x_wconf 89' lang='lat' dir='ltr'><strong>docere</strong></span> <span class='ocrx_word' id='word_1_81' title='bbox 1780 1139 1976 1179; x_wconf 80' lang='lat' dir='ltr'><strong>omnes</strong></span> 
     </span>
    </p>
   </div>
   <div class='ocr_carea' id='block_1_14' title="bbox 397 1213 1976 1284">
    <p class='ocr_par' dir='ltr' id='par_1_14' title="bbox 397 1213 1976 1284">
     <span class='ocr_line' id='line_1_14' title="bbox 397 1213 1976 1284; baseline 0 -16"><span class='ocrx_word' id='word_1_82' title='bbox 397 1225 612 1282; x_wconf 73' lang='lat' dir='ltr'><strong>gentes,</strong></span> <span class='ocrx_word' id='word_1_83' title='bbox 645 1216 846 1269; x_wconf 83' lang='lat' dir='ltr'><strong>virtute</strong></span> <span class='ocrx_word' id='word_1_84' title='bbox 885 1216 1032 1270; x_wconf 92' lang='lat' dir='ltr'><strong>illius</strong></span> <span class='ocrx_word' id='word_1_85' title='bbox 1063 1216 1337 1284; x_wconf 88' lang='lat' dir='ltr'><strong>inspirati,</strong></span> <span class='ocrx_word' id='word_1_86' title='bbox 1373 1213 1440 1268; x_wconf 87' lang='lat' dir='ltr'><strong>ad</strong></span> <span class='ocrx_word' id='word_1_87' title='bbox 1467 1215 1756 1270; x_wconf 86' lang='lat' dir='ltr'><strong>universas</strong></span> <span class='ocrx_word' id='word_1_88' title='bbox 1779 1223 1976 1284; x_wconf 82' lang='lat' dir='ltr'><strong>gentes.</strong></span> 
     </span>
    </p>
   </div>
   <div class='ocr_carea' id='block_1_15' title="bbox 399 1305 1966 1375">
    <p class='ocr_par' dir='ltr' id='par_1_15' title="bbox 399 1305 1966 1375">
     <span class='ocr_line' id='line_1_15' title="bbox 399 1305 1966 1375; baseline -0.001 -16"><span class='ocrx_word' id='word_1_89' title='bbox 399 1305 504 1359; x_wconf 81' lang='lat' dir='ltr'><strong>iter</strong></span> <span class='ocrx_word' id='word_1_90' title='bbox 534 1306 909 1368; x_wconf 90' lang='lat' dir='ltr'><strong>instituerunt,</strong></span> <span class='ocrx_word' id='word_1_91' title='bbox 940 1305 1314 1375; x_wconf 73' lang='lat' dir='ltr'><strong>barbarosque</strong></span> <span class='ocrx_word' id='word_1_92' title='bbox 1359 1307 1610 1362; x_wconf 89' lang='lat' dir='ltr'><strong>nationes</strong></span> <span class='ocrx_word' id='word_1_93' title='bbox 1659 1320 1966 1374; x_wconf 83' lang='lat' dir='ltr'><strong>pervasere,</strong></span> 
     </span>
    </p>
   </div>
   <div class='ocr_carea' id='block_1_16' title="bbox 395 1395 1967 1470">
    <p class='ocr_par' dir='ltr' id='par_1_16' title="bbox 395 1395 1967 1470">
     <span class='ocr_line' id='line_1_16' title="bbox 395 1395 1967 1470; baseline 0.001 -22"><span class='ocrx_word' id='word_1_94' title='bbox 395 1401 684 1470; x_wconf 80' lang='lat' dir='ltr'><strong>totumque</strong></span> <span class='ocrx_word' id='word_1_95' title='bbox 711 1397 897 1449; x_wconf 85' lang='lat' dir='ltr'><strong>orbem</strong></span> <span class='ocrx_word' id='word_1_96' title='bbox 927 1404 1311 1466; x_wconf 76' lang='lat' dir='ltr'><strong>peragrarunt.</strong></span> <span class='ocrx_word' id='word_1_97' title='bbox 1365 1395 1500 1451; x_wconf 81' lang='lat' dir='ltr'><strong>Jure</strong></span> <span class='ocrx_word' id='word_1_98' title='bbox 1524 1412 1655 1466; x_wconf 79' lang='lat' dir='ltr'><strong>ergo</strong></span> <span class='ocrx_word' id='word_1_99' title='bbox 1680 1412 1747 1450; x_wconf 75' lang='lat' dir='ltr'><strong>ex</strong></span> <span class='ocrx_word' id='word_1_100' title='bbox 1777 1411 1967 1450; x_wconf 89' lang='lat' dir='ltr'><strong>eorum</strong></span> 
     </span>
    </p>
   </div>
   <div class='ocr_carea' id='block_1_17' title="bbox 400 1485 1966 1557">
    <p class='ocr_par' dir='ltr' id='par_1_17' title="bbox 400 1485 1966 1557">
     <span class='ocr_line' id='line_1_17' title="bbox 400 1485 1966 1557; baseline 0.001 -17"><span class='ocrx_word' id='word_1_101' title='bbox 400 1500 654 1555; x_wconf 89' lang='lat' dir='ltr'><strong>persona,</strong></span> <span class='ocrx_word' id='word_1_102' title='bbox 692 1485 807 1540; x_wconf 67' lang='lat' dir='ltr'><strong>haec</strong></span> <span class='ocrx_word' id='word_1_103' title='bbox 845 1486 912 1539; x_wconf 89' lang='lat' dir='ltr'><strong>iis</strong></span> <span class='ocrx_word' id='word_1_104' title='bbox 949 1486 1041 1556; x_wconf 89' lang='lat' dir='ltr'><strong>qui</strong></span> <span class='ocrx_word' id='word_1_105' title='bbox 1085 1487 1309 1541; x_wconf 87' lang='lat' dir='ltr'><strong>verbum</strong></span> <span class='ocrx_word' id='word_1_106' title='bbox 1340 1502 1634 1557; x_wconf 83' lang='lat' dir='ltr'><strong>suscepere</strong></span> <span class='ocrx_word' id='word_1_107' title='bbox 1687 1487 1966 1543; x_wconf 86' lang='lat' dir='ltr'><strong>dicuntur.</strong></span> 
     </span>
    </p>
   </div>
   <div class='ocr_carea' id='block_1_18' title="bbox 393 1571 1970 1646">
    <p class='ocr_par' dir='ltr' id='par_1_18' title="bbox 393 1571 1970 1646">
     <span class='ocr_line' id='line_1_18' title="bbox 393 1571 1970 1646; baseline 0.001 -20"><span class='ocrx_word' id='word_1_108' title='bbox 393 1571 666 1644; x_wconf 83' lang='lat' dir='ltr'><strong>Quoniam</strong></span> <span class='ocrx_word' id='word_1_109' title='bbox 691 1574 794 1628; x_wconf 91' lang='lat' dir='ltr'><strong>etsi</strong></span> <span class='ocrx_word' id='word_1_110' title='bbox 821 1573 1078 1628; x_wconf 83' lang='lat' dir='ltr'><strong>Dominus</strong></span> <span class='ocrx_word' id='word_1_111' title='bbox 1109 1590 1269 1644; x_wconf 89' lang='lat' dir='ltr'><strong>quem</strong></span> <span class='ocrx_word' id='word_1_112' title='bbox 1296 1575 1684 1646; x_wconf 66' lang='lat' dir='ltr'><strong>praedicamus,</strong></span> <span class='ocrx_word' id='word_1_113' title='bbox 1714 1592 1820 1630; x_wconf 90' lang='lat' dir='ltr'><strong>non</strong></span> <span class='ocrx_word' id='word_1_114' title='bbox 1851 1591 1970 1641; x_wconf 85' lang='lat' dir='ltr'><strong>cor-</strong></span> 
     </span>
    </p>
   </div>
   <div class='ocr_carea' id='block_1_19' title="bbox 400 1664 1971 1736">
    <p class='ocr_par' dir='ltr' id='par_1_19' title="bbox 400 1664 1971 1736">
     <span class='ocr_line' id='line_1_19' title="bbox 400 1664 1971 1736; baseline 0.001 -20"><span class='ocrx_word' id='word_1_115' title='bbox 400 1677 552 1731; x_wconf 87' lang='lat' dir='ltr'><strong>pore,</strong></span> <span class='ocrx_word' id='word_1_116' title='bbox 589 1678 699 1720; x_wconf 89' lang='lat' dir='ltr'><strong>non</strong></span> <span class='ocrx_word' id='word_1_117' title='bbox 733 1664 914 1719; x_wconf 86' lang='lat' dir='ltr'><strong>carnis</strong></span> <span class='ocrx_word' id='word_1_118' title='bbox 950 1665 1125 1720; x_wconf 90' lang='lat' dir='ltr'><strong>oculis</strong></span> <span class='ocrx_word' id='word_1_119' title='bbox 1161 1667 1532 1736; x_wconf 81' lang='lat' dir='ltr'><strong>percipiatur;</strong></span> <span class='ocrx_word' id='word_1_120' title='bbox 1561 1675 1617 1721; x_wconf 89' lang='lat' dir='ltr'><strong>at</strong></span> <span class='ocrx_word' id='word_1_121' title='bbox 1643 1668 1726 1722; x_wconf 88' lang='lat' dir='ltr'><strong>vel</strong></span> <span class='ocrx_word' id='word_1_122' title='bbox 1755 1683 1822 1722; x_wconf 84' lang='lat' dir='ltr'><strong>ex</strong></span> <span class='ocrx_word' id='word_1_123' title='bbox 1848 1668 1971 1736; x_wconf 23' lang='lat' dir='ltr'><strong>ipso,</strong></span> 
     </span>
    </p>
   </div>
   <div class='ocr_carea' id='block_1_20' title="bbox 2073 468 3632 541">
    <p class='ocr_par' dir='ltr' id='par_1_20' title="bbox 2073 468 3632 541">
     <span class='ocr_line' id='line_1_20' title="bbox 2073 468 3632 541; baseline -0.001 -17"><span class='ocrx_word' id='word_1_124' title='bbox 2073 470 2167 524; x_wconf 72' lang='grc' dir='ltr'><strong>καὶ</strong></span> <span class='ocrx_word' id='word_1_125' title='bbox 2197 468 2459 538; x_wconf 80' lang='grc' dir='ltr'><strong>δόγμασιν</strong></span> <span class='ocrx_word' id='word_1_126' title='bbox 2491 468 2668 539; x_wconf 83' lang='grc' dir='ltr'>ὀρθοῖς</span> <span class='ocrx_word' id='word_1_127' title='bbox 2701 470 2792 522; x_wconf 78' lang='grc' dir='ltr'>καὶ</span> <span class='ocrx_word' id='word_1_128' title='bbox 2835 468 3134 536; x_wconf 76' lang='grc' dir='ltr'><strong>θεολογίαις</strong></span> <span class='ocrx_word' id='word_1_129' title='bbox 3171 471 3424 541; x_wconf 86' lang='grc' dir='ltr'>ἀνυμνεῖν</span> <span class='ocrx_word' id='word_1_130' title='bbox 3453 469 3632 530; x_wconf 76' lang='grc' dir='ltr'>αὐτόν,</span> 
     </span>
    </p>
   </div>
   <div class='ocr_carea' id='block_1_21' title="bbox 2153 575 3635 652">
    <p class='ocr_par' dir='ltr' id='par_1_21' title="bbox 2153 575 3635 652">
     <span class='ocr_line' id='line_1_21' title="bbox 2153 575 3635 652; baseline 0.005 -29"><span class='ocrx_word' id='word_1_131' title='bbox 2153 577 2426 643; x_wconf 72' lang='grc' dir='ltr'>Ὑπέταξε</span> <span class='ocrx_word' id='word_1_132' title='bbox 2454 577 2596 644; x_wconf 69' lang='grc' dir='ltr'>τοὺς</span> <span class='ocrx_word' id='word_1_133' title='bbox 2627 576 2814 642; x_wconf 64' lang='grc' dir='ltr'>λαοὺς</span> <span class='ocrx_word' id='word_1_134' title='bbox 2839 575 2981 647; x_wconf 69' lang='grc' dir='ltr'>ἡμῖν</span> <span class='ocrx_word' id='word_1_135' title='bbox 3001 615 3013 637; x_wconf 89' lang='grc'><strong>,</strong></span> <span class='ocrx_word' id='word_1_136' title='bbox 3043 576 3140 630; x_wconf 86' lang='grc' dir='ltr'>καὶ</span> <span class='ocrx_word' id='word_1_137' title='bbox 3170 577 3314 644; x_wconf 69' lang='grc' dir='ltr'>ἔθνη</span> <span class='ocrx_word' id='word_1_138' title='bbox 3355 575 3474 631; x_wconf 80' lang='grc' dir='ltr'><strong>ὑπὸ</strong></span> <span class='ocrx_word' id='word_1_139' title='bbox 3501 577 3635 652; x_wconf 74' lang='grc' dir='ltr'>τοὺς</span> 
     </span>
    </p>
   </div>
   <div class='ocr_carea' id='block_1_22' title="bbox 2071 665 3634 742">
    <p class='ocr_par' dir='ltr' id='par_1_22' title="bbox 2071 665 3634 742">
     <span class='ocr_line' id='line_1_22' title="bbox 2071 665 3634 742; baseline -0.001 -20"><span class='ocrx_word' id='word_1_140' title='bbox 2071 669 2259 734; x_wconf 83' lang='grc' dir='ltr'>,πόδας</span> <span class='ocrx_word' id='word_1_141' title='bbox 2297 667 2480 736; x_wconf 71' lang='grc' dir='ltr'>ἡμῶν.</span> <span class='ocrx_word' id='word_1_142' title='bbox 2535 666 2882 742; x_wconf 70' lang='grc' dir='ltr'>Έξελέξᾳτο</span> <span class='ocrx_word' id='word_1_143' title='bbox 2918 665 3062 735; x_wconf 76' lang='grc' dir='ltr'>ἡμῖν</span> <span class='ocrx_word' id='word_1_144' title='bbox 3089 666 3200 733; x_wconf 62' lang='grc' dir='ltr'><strong>τὴν</strong></span> <span class='ocrx_word' id='word_1_145' title='bbox 3237 669 3634 736; x_wconf 58' lang='grc' dir='ltr'>κληρονομίαις</span> 
     </span>
    </p>
   </div>
   <div class='ocr_carea' id='block_1_23' title="bbox 2069 755 3634 826">
    <p class='ocr_par' dir='ltr' id='par_1_23' title="bbox 2069 755 3634 826">
     <span class='ocr_line' id='line_1_23' title="bbox 2069 755 3634 826; baseline -0.002 -13"><span class='ocrx_word' id='word_1_146' title='bbox 2069 759 2275 822; x_wconf 81' lang='grc' dir='ltr'>αὑτοῦ,</span> <span class='ocrx_word' id='word_1_147' title='bbox 2301 759 2416 826; x_wconf 72' lang='grc' dir='ltr'>τὴν</span> <span class='ocrx_word' id='word_1_148' title='bbox 2445 757 2757 825; x_wconf 73' lang='grc' dir='ltr'>καλλονὴν</span> <span class='ocrx_word' id='word_1_149' title='bbox 2802 755 3014 818; x_wconf 80' lang='grc' dir='ltr'>Ἰακὼϐ,</span> <span class='ocrx_word' id='word_1_150' title='bbox 3042 755 3122 824; x_wconf 77' lang='grc' dir='ltr'><strong>ἢν</strong></span> <span class='ocrx_word' id='word_1_151' title='bbox 3152 756 3486 826; x_wconf 70' lang='grc' dir='ltr'>ἠγάπησεν.</span> <span class='ocrx_word' id='word_1_152' title='bbox 3516 755 3634 812; x_wconf 82' lang='grc' dir='ltr'>Ὀτι</span> 
     </span>
    </p>
   </div>
   <div class='ocr_carea' id='block_1_24' title="bbox 2067 848 3634 920">
    <p class='ocr_par' dir='ltr' id='par_1_24' title="bbox 2067 848 3634 920">
     <span class='ocr_line' id='line_1_24' title="bbox 2067 848 3634 920; baseline -0.001 -16"><span class='ocrx_word' id='word_1_153' title='bbox 2067 854 2181 915; x_wconf 87' lang='grc' dir='ltr'>τοῖς</span> <span class='ocrx_word' id='word_1_154' title='bbox 2205 854 2339 912; x_wconf 74' lang='grc' dir='ltr'>υἱοῖς</span> <span class='ocrx_word' id='word_1_155' title='bbox 2366 850 2509 920; x_wconf 84' lang='grc' dir='ltr'>Κορὲ</span> <span class='ocrx_word' id='word_1_156' title='bbox 2532 848 2656 903; x_wconf 75' lang='grc' dir='ltr'>οὔτε</span> <span class='ocrx_word' id='word_1_157' title='bbox 2683 850 2802 903; x_wconf 71' lang='grc' dir='ltr'>λαοὶ</span> <span class='ocrx_word' id='word_1_158' title='bbox 2835 851 3200 917; x_wconf 73' lang='grc' dir='ltr'><strong>ὑπετάγησαν,</strong></span> <span class='ocrx_word' id='word_1_159' title='bbox 3227 849 3349 903; x_wconf 72' lang='grc' dir='ltr'>οὔτε</span> <span class='ocrx_word' id='word_1_160' title='bbox 3373 849 3502 920; x_wconf 78' lang='grc' dir='ltr'>ἔθνη</span> <span class='ocrx_word' id='word_1_161' title='bbox 3537 849 3634 902; x_wconf 74' lang='grc' dir='ltr'>ὑπὸ</span> 
     </span>
    </p>
   </div>
   <div class='ocr_carea' id='block_1_25' title="bbox 2069 940 3616 1010">
    <p class='ocr_par' dir='ltr' id='par_1_25' title="bbox 2069 940 3616 1010">
     <span class='ocr_line' id='line_1_25' title="bbox 2069 940 3616 1010; baseline -0.002 -14"><span class='ocrx_word' id='word_1_162' title='bbox 2069 945 2194 1005; x_wconf 79' lang='grc' dir='ltr'>τοὺς</span> <span class='ocrx_word' id='word_1_163' title='bbox 2223 943 2384 1004; x_wconf 81' lang='grc' dir='ltr'><strong>πόδας</strong></span> <span class='ocrx_word' id='word_1_164' title='bbox 2416 940 2592 994; x_wconf 77' lang='grc' dir='ltr'>αὐτῶν</span> <span class='ocrx_word' id='word_1_165' title='bbox 2623 940 2961 1010; x_wconf 85' lang='grc' dir='ltr'>γεγένηνται,</span> <span class='ocrx_word' id='word_1_166' title='bbox 2998 941 3158 991; x_wconf 75' lang='grc' dir='ltr'>παντί</span> <span class='ocrx_word' id='word_1_167' title='bbox 3189 957 3266 1008; x_wconf 87' lang='grc' dir='ltr'><strong>τῳ</strong></span> <span class='ocrx_word' id='word_1_168' title='bbox 3291 940 3470 1010; x_wconf 79' lang='grc' dir='ltr'>δῆλον.</span> <span class='ocrx_word' id='word_1_169' title='bbox 3496 941 3616 994; x_wconf 83' lang='grc' dir='ltr'>υύκ-</span> 
     </span>
    </p>
   </div>
   <div class='ocr_carea' id='block_1_26' title="bbox 2067 1031 3629 1104">
    <p class='ocr_par' dir='ltr' id='par_1_26' title="bbox 2067 1031 3629 1104">
     <span class='ocr_line' id='line_1_26' title="bbox 2067 1031 3629 1104; baseline 0.001 -17"><span class='ocrx_word' id='word_1_170' title='bbox 2067 1035 2160 1088; x_wconf 84' lang='grc' dir='ltr'>οὖν</span> <span class='ocrx_word' id='word_1_171' title='bbox 2188 1034 2265 1097; x_wconf 83' lang='grc' dir='ltr'><strong>ὡς</strong></span> <span class='ocrx_word' id='word_1_172' title='bbox 2306 1035 2370 1086; x_wconf 79' lang='grc' dir='ltr'>ὲκ</span> <span class='ocrx_word' id='word_1_173' title='bbox 2397 1031 2686 1104; x_wconf 84' lang='grc' dir='ltr'>προσώπου</span> <span class='ocrx_word' id='word_1_174' title='bbox 2713 1033 2821 1084; x_wconf 83' lang='grc' dir='ltr'><strong>τῶν</strong></span> <span class='ocrx_word' id='word_1_175' title='bbox 2855 1031 3163 1086; x_wconf 83' lang='grc' dir='ltr'><strong>ἀποστόλων</strong></span> <span class='ocrx_word' id='word_1_176' title='bbox 3195 1031 3367 1085; x_wconf 84' lang='grc' dir='ltr'>ταῦτα</span> <span class='ocrx_word' id='word_1_177' title='bbox 3401 1032 3629 1103; x_wconf 78' lang='grc' dir='ltr'>εἴρηται.</span> 
     </span>
    </p>
   </div>
   <div class='ocr_carea' id='block_1_27' title="bbox 2069 1117 3632 1192">
    <p class='ocr_par' dir='ltr' id='par_1_27' title="bbox 2069 1117 3632 1192">
     <span class='ocr_line' id='line_1_27' title="bbox 2069 1117 3632 1192; baseline -0.002 -17"><span class='ocrx_word' id='word_1_178' title='bbox 2069 1117 2230 1175; x_wconf 72' lang='grc' dir='ltr'>Οὗτοι</span> <span class='ocrx_word' id='word_1_179' title='bbox 2273 1121 2381 1192; x_wconf 79' lang='grc' dir='ltr'><strong>γάρ</strong></span> <span class='ocrx_word' id='word_1_180' title='bbox 2430 1120 2858 1190; x_wconf 78' lang='grc' dir='ltr'>προσταχθέντες</span> <span class='ocrx_word' id='word_1_181' title='bbox 2898 1121 2989 1172; x_wconf 83' lang='grc' dir='ltr'>ὑπ’</span> <span class='ocrx_word' id='word_1_182' title='bbox 3032 1118 3194 1172; x_wconf 77' lang='grc' dir='ltr'>αὐτοῦ</span> <span class='ocrx_word' id='word_1_183' title='bbox 3239 1120 3331 1172; x_wconf 82' lang='grc' dir='ltr'>τοῦ</span> <span class='ocrx_word' id='word_1_184' title='bbox 3390 1121 3632 1192; x_wconf 75' lang='grc' dir='ltr'>Σωτῆρος</span> 
     </span>
    </p>
   </div>
   <div class='ocr_carea' id='block_1_28' title="bbox 2073 1211 3634 1290">
    <p class='ocr_par' dir='ltr' id='par_1_28' title="bbox 2073 1211 3634 1290">
     <span class='ocr_line' id='line_1_28' title="bbox 2073 1211 3634 1290; baseline -0.001 -23"><span class='ocrx_word' id='word_1_185' title='bbox 2073 1213 2408 1285; x_wconf 83' lang='grc' dir='ltr'>μαθητεῦσαι</span> <span class='ocrx_word' id='word_1_186' title='bbox 2436 1214 2614 1266; x_wconf 89' lang='grc' dir='ltr'>πάντα</span> <span class='ocrx_word' id='word_1_187' title='bbox 2643 1213 2709 1266; x_wconf 84' lang='grc' dir='ltr'><strong>τά</strong></span> <span class='ocrx_word' id='word_1_188' title='bbox 2738 1212 2886 1282; x_wconf 78' lang='grc' dir='ltr'>ἔθνη,</span> <span class='ocrx_word' id='word_1_189' title='bbox 2911 1212 3016 1264; x_wconf 81' lang='grc' dir='ltr'><strong>ὑπὸ</strong></span> <span class='ocrx_word' id='word_1_190' title='bbox 3043 1212 3142 1281; x_wconf 81' lang='grc' dir='ltr'>τῆς</span> <span class='ocrx_word' id='word_1_191' title='bbox 3174 1211 3336 1265; x_wconf 76' lang='grc' dir='ltr'>αὑτοῦ</span> <span class='ocrx_word' id='word_1_192' title='bbox 3359 1212 3634 1290; x_wconf 38' lang='grc' dir='ltr'>δυνάμεως,</span> 
     </span>
    </p>
   </div>
   <div class='ocr_carea' id='block_1_29' title="bbox 2069 1301 3633 1380">
    <p class='ocr_par' dir='ltr' id='par_1_29' title="bbox 2069 1301 3633 1380">
     <span class='ocr_line' id='line_1_29' title="bbox 2069 1301 3633 1380; baseline 0 -24"><span class='ocrx_word' id='word_1_193' title='bbox 2069 1303 2521 1374; x_wconf 82' lang='grc' dir='ltr'>ὲμπνευσθέντες,</span> <span class='ocrx_word' id='word_1_194' title='bbox 2539 1303 2635 1373; x_wconf 79' lang='grc' dir='ltr'>τὴν</span> <span class='ocrx_word' id='word_1_195' title='bbox 2661 1305 2738 1364; x_wconf 81' lang='grc' dir='ltr'><strong>είς</strong></span> <span class='ocrx_word' id='word_1_196' title='bbox 2760 1303 2933 1354; x_wconf 90' lang='grc' dir='ltr'>πάντα</span> <span class='ocrx_word' id='word_1_197' title='bbox 2953 1301 3164 1373; x_wconf 69' lang='grc' dir='ltr'>τὰέθνη</span> <span class='ocrx_word' id='word_1_198' title='bbox 3187 1303 3411 1380; x_wconf 75' lang='grc' dir='ltr'>πορείαν</span> <span class='ocrx_word' id='word_1_199' title='bbox 3436 1302 3633 1356; x_wconf 77' lang='grc' dir='ltr'>στειλά-</span> 
     </span>
    </p>
   </div>
   <div class='ocr_carea' id='block_1_30' title="bbox 2072 1392 3632 1468">
    <p class='ocr_par' dir='ltr' id='par_1_30' title="bbox 2072 1392 3632 1468">
     <span class='ocr_line' id='line_1_30' title="bbox 2072 1392 3632 1468; baseline -0.003 -18"><span class='ocrx_word' id='word_1_200' title='bbox 2072 1415 2244 1468; x_wconf 78' lang='grc' dir='ltr'>μενοι,</span> <span class='ocrx_word' id='word_1_201' title='bbox 2275 1395 2486 1465; x_wconf 81' lang='grc' dir='ltr'>διῆλθον</span> <span class='ocrx_word' id='word_1_202' title='bbox 2511 1396 2605 1448; x_wconf 76' lang='grc' dir='ltr'><strong>καὶ</strong></span> <span class='ocrx_word' id='word_1_203' title='bbox 2632 1394 2700 1447; x_wconf 80' lang='grc' dir='ltr'>τὰ</span> <span class='ocrx_word' id='word_1_204' title='bbox 2734 1392 2988 1464; x_wconf 82' lang='grc' dir='ltr'>βάρϐαρα</span> <span class='ocrx_word' id='word_1_205' title='bbox 3009 1392 3168 1460; x_wconf 81' lang='grc' dir='ltr'>φῦλα,</span> <span class='ocrx_word' id='word_1_206' title='bbox 3201 1394 3294 1446; x_wconf 75' lang='grc' dir='ltr'><strong>καὶ</strong></span> <span class='ocrx_word' id='word_1_207' title='bbox 3332 1393 3430 1459; x_wconf 82' lang='grc' dir='ltr'><strong>τὴν</strong></span> <span class='ocrx_word' id='word_1_208' title='bbox 3462 1395 3632 1446; x_wconf 67' lang='grc' dir='ltr'>οίκουη</span> 
     </span>
    </p>
   </div>
   <div class='ocr_carea' id='block_1_31' title="bbox 2071 1478 3630 1558">
    <p class='ocr_par' dir='ltr' id='par_1_31' title="bbox 2071 1478 3630 1558">
     <span class='ocr_line' id='line_1_31' title="bbox 2071 1478 3630 1558; baseline -0.003 -18"><span class='ocrx_word' id='word_1_209' title='bbox 2071 1489 2238 1558; x_wconf 88' lang='grc' dir='ltr'>μένην</span> <span class='ocrx_word' id='word_1_210' title='bbox 2269 1487 2556 1558; x_wconf 75' lang='grc' dir='ltr'>διέδραμον</span> <span class='ocrx_word' id='word_1_211' title='bbox 2603 1485 2914 1555; x_wconf 79' lang='grc' dir='ltr'>σύμπασαν.</span> <span class='ocrx_word' id='word_1_212' title='bbox 2957 1483 3192 1545; x_wconf 83' lang='grc' dir='ltr'><strong>Εἰκότως</strong></span> <span class='ocrx_word' id='word_1_213' title='bbox 3231 1478 3323 1537; x_wconf 81' lang='grc' dir='ltr'><strong>οὖν</strong></span> <span class='ocrx_word' id='word_1_214' title='bbox 3367 1481 3429 1546; x_wconf 76' lang='grc' dir='ltr'><strong>ἐξ</strong></span> <span class='ocrx_word' id='word_1_215' title='bbox 3461 1482 3630 1536; x_wconf 79' lang='grc' dir='ltr'>αὐτῶν</span> 
     </span>
    </p>
   </div>
   <div class='ocr_carea' id='block_1_32' title="bbox 2069 1568 3627 1644">
    <p class='ocr_par' dir='ltr' id='par_1_32' title="bbox 2069 1568 3627 1644">
     <span class='ocr_line' id='line_1_32' title="bbox 2069 1568 3627 1644; baseline -0.001 -17"><span class='ocrx_word' id='word_1_216' title='bbox 2069 1573 2358 1644; x_wconf 79' lang='grc' dir='ltr'>προσώπου</span> <span class='ocrx_word' id='word_1_217' title='bbox 2391 1578 2502 1637; x_wconf 85' lang='grc' dir='ltr'>τοῖς</span> <span class='ocrx_word' id='word_1_218' title='bbox 2532 1573 2591 1625; x_wconf 83' lang='grc' dir='ltr'><strong>τὸ</strong></span> <span class='ocrx_word' id='word_1_219' title='bbox 2623 1574 2885 1642; x_wconf 88' lang='grc' dir='ltr'>κήρυγμα</span> <span class='ocrx_word' id='word_1_220' title='bbox 2928 1568 3388 1641; x_wconf 77' lang='grc' dir='ltr'>παραδεξαμένοις</span> <span class='ocrx_word' id='word_1_221' title='bbox 3420 1570 3627 1636; x_wconf 85' lang='grc' dir='ltr'>λέγεται</span> 
     </span>
    </p>
   </div>
   <div class='ocr_carea' id='block_1_33' title="bbox 2070 1657 3629 1731">
    <p class='ocr_par' dir='ltr' id='par_1_33' title="bbox 2070 1657 3629 1731">
     <span class='ocr_line' id='line_1_33' title="bbox 2070 1657 3629 1731; baseline 0.001 -18"><span class='ocrx_word' id='word_1_222' title='bbox 2070 1661 2241 1716; x_wconf 79' lang='grc' dir='ltr'>ταῦτα</span> <span class='ocrx_word' id='word_1_223' title='bbox 2261 1680 2273 1691; x_wconf 91' lang='grc'><strong>·</strong></span> <span class='ocrx_word' id='word_1_224' title='bbox 2305 1663 2425 1716; x_wconf 88' lang='grc' dir='ltr'><strong>Ὅτι</strong></span> <span class='ocrx_word' id='word_1_225' title='bbox 2457 1664 2505 1714; x_wconf 90' lang='grc' dir='ltr'><strong>εί</strong></span> <span class='ocrx_word' id='word_1_226' title='bbox 2543 1661 2635 1714; x_wconf 70' lang='grc' dir='ltr'><strong>καὶ</strong></span> <span class='ocrx_word' id='word_1_227' title='bbox 2673 1659 2746 1731; x_wconf 81' lang='grc' dir='ltr'>μὴ</span> <span class='ocrx_word' id='word_1_228' title='bbox 2789 1659 3001 1729; x_wconf 86' lang='grc' dir='ltr'>σώματι</span> <span class='ocrx_word' id='word_1_229' title='bbox 3035 1657 3513 1729; x_wconf 86' lang='grc' dir='ltr'>καταλαμϐάνεται</span> <span class='ocrx_word' id='word_1_230' title='bbox 3544 1661 3629 1714; x_wconf 75' lang='grc' dir='ltr'>καὶ</span> 
     </span>
    </p>
   </div>
   <div class='ocr_carea' id='block_1_34' title="bbox 395 1743 1964 1827">
    <p class='ocr_par' dir='ltr' id='par_1_34' title="bbox 395 1753 1964 1827">
     <span class='ocr_line' id='line_1_34' title="bbox 395 1753 1964 1827; baseline 0.004 -22"><span class='ocrx_word' id='word_1_231' title='bbox 395 1765 566 1821; x_wconf 79' lang='lat' dir='ltr'><strong>opere</strong></span> <span class='ocrx_word' id='word_1_232' title='bbox 617 1753 846 1808; x_wconf 88' lang='lat' dir='ltr'><strong>ediscite</strong></span> <span class='ocrx_word' id='word_1_233' title='bbox 893 1755 1018 1824; x_wconf 89' lang='lat' dir='ltr'><strong>quis</strong></span> <span class='ocrx_word' id='word_1_234' title='bbox 1065 1755 1156 1810; x_wconf 76' lang='lat' dir='ltr'><strong>ille</strong></span> <span class='ocrx_word' id='word_1_235' title='bbox 1204 1765 1556 1827; x_wconf 85' lang='lat' dir='ltr'><strong>quantusque</strong></span> <span class='ocrx_word' id='word_1_236' title='bbox 1604 1759 1692 1814; x_wconf 89' lang='lat' dir='ltr'><strong>sit.</strong></span> <span class='ocrx_word' id='word_1_237' title='bbox 1766 1757 1964 1812; x_wconf 81' lang='lat' dir='ltr'><strong>Amnon</strong></span> 
     </span>
    </p>
   </div>
   <div class='ocr_carea' id='block_1_35' title="bbox 2068 1743 3623 1827">
    <p class='ocr_par' dir='ltr' id='par_1_35' title="bbox 2071 1747 3623 1819">
     <span class='ocr_line' id='line_1_35' title="bbox 2071 1747 3623 1819; baseline 0.001 -19"><span class='ocrx_word' id='word_1_238' title='bbox 2071 1749 2269 1819; x_wconf 80' lang='grc' dir='ltr'>σαρκὸς</span> <span class='ocrx_word' id='word_1_239' title='bbox 2296 1748 2590 1819; x_wconf 83' lang='grc' dir='ltr'>ὀφθαλμοῖς</span> <span class='ocrx_word' id='word_1_240' title='bbox 2615 1750 2642 1800; x_wconf 90' lang='grc' dir='ltr'>ὁ</span> <span class='ocrx_word' id='word_1_241' title='bbox 2674 1749 2760 1817; x_wconf 79' lang='grc' dir='ltr'><strong>ὑφ’</strong></span> <span class='ocrx_word' id='word_1_242' title='bbox 2793 1747 2948 1818; x_wconf 77' lang='grc' dir='ltr'>ἡμῶν</span> <span class='ocrx_word' id='word_1_243' title='bbox 2979 1747 3377 1819; x_wconf 80' lang='grc' dir='ltr'>κηρυττόμενος</span> <span class='ocrx_word' id='word_1_244' title='bbox 3404 1747 3623 1819; x_wconf 77' lang='grc' dir='ltr'>Κύριος·</span> 
     </span>
    </p>
   </div>
   <div class='ocr_carea' id='block_1_36' title="bbox 400 1837 1969 1923">
    <p class='ocr_par' dir='ltr' id='par_1_36' title="bbox 400 1837 1969 1923">
     <span class='ocr_line' id='line_1_36' title="bbox 400 1837 1969 1923; baseline 0.007 -31"><span class='ocrx_word' id='word_1_245' title='bbox 400 1837 597 1910; x_wconf 57' lang='lat' dir='ltr'><strong>ﬁdelis</strong></span> <span class='ocrx_word' id='word_1_246' title='bbox 625 1857 728 1896; x_wconf 91' lang='lat' dir='ltr'><strong>nos</strong></span> <span class='ocrx_word' id='word_1_247' title='bbox 768 1843 886 1911; x_wconf 87' lang='lat' dir='ltr'><strong>ejus</strong></span> <span class='ocrx_word' id='word_1_248' title='bbox 913 1859 1211 1914; x_wconf 81' lang='lat' dir='ltr'><strong>praecones,</strong></span> <span class='ocrx_word' id='word_1_249' title='bbox 1241 1847 1334 1916; x_wconf 91' lang='lat' dir='ltr'><strong>qui</strong></span> <span class='ocrx_word' id='word_1_250' title='bbox 1363 1846 1614 1902; x_wconf 86' lang='lat' dir='ltr'><strong>homines</strong></span> <span class='ocrx_word' id='word_1_251' title='bbox 1637 1848 1809 1903; x_wconf 91' lang='lat' dir='ltr'><strong>simus</strong></span> <span class='ocrx_word' id='word_1_252' title='bbox 1835 1848 1969 1923; x_wconf 86' lang='lat' dir='ltr'><strong>viles</strong></span> 
     </span>
    </p>
   </div>
   <div class='ocr_carea' id='block_1_37' title="bbox 404 1931 1971 2001">
    <p class='ocr_par' dir='ltr' id='par_1_37' title="bbox 404 1931 1971 2001">
     <span class='ocr_line' id='line_1_37' title="bbox 404 1931 1971 2001; baseline 0.007 -18"><span class='ocrx_word' id='word_1_253' title='bbox 404 1943 469 1984; x_wconf 77' lang='lat' dir='ltr'><strong>sc</strong></span> <span class='ocrx_word' id='word_1_254' title='bbox 513 1931 755 2001; x_wconf 81' lang='lat' dir='ltr'><strong>privati?</strong></span> <span class='ocrx_word' id='word_1_255' title='bbox 785 1941 839 1989; x_wconf 85' lang='lat' dir='ltr'><strong>et</strong></span> <span class='ocrx_word' id='word_1_256' title='bbox 886 1942 1069 1992; x_wconf 87' lang='lat' dir='ltr'><strong>tamen</strong></span> <span class='ocrx_word' id='word_1_257' title='bbox 1115 1936 1344 1990; x_wconf 81' lang='lat' dir='ltr'><strong>verbum</strong></span> <span class='ocrx_word' id='word_1_258' title='bbox 1381 1953 1412 1990; x_wconf 84' lang='lat' dir='ltr'><strong>a</strong></span> <span class='ocrx_word' id='word_1_259' title='bbox 1450 1939 1610 1993; x_wconf 91' lang='lat' dir='ltr'><strong>nobis</strong></span> <span class='ocrx_word' id='word_1_260' title='bbox 1659 1941 1971 2000; x_wconf 88' lang='lat' dir='ltr'><strong>nuntiatum</strong></span> 
     </span>
    </p>
   </div>
   <div class='ocr_carea' id='block_1_38' title="bbox 324 2019 1968 2098">
    <p class='ocr_par' dir='ltr' id='par_1_38' title="bbox 324 2019 1968 2098">
     <span class='ocr_line' id='line_1_38' title="bbox 324 2019 1968 2098; baseline 0.009 -27"><span class='ocrx_word' id='word_1_261' title='bbox 324 2043 331 2046; x_wconf 95' lang='lat'><em>-</em></span> <span class='ocrx_word' id='word_1_262' title='bbox 397 2019 478 2072; x_wconf 77' lang='lat' dir='ltr'><strong>ita</strong></span> <span class='ocrx_word' id='word_1_263' title='bbox 511 2023 791 2092; x_wconf 68' lang='lat' dir='ltr'><strong>praevalet,</strong></span> <span class='ocrx_word' id='word_1_264' title='bbox 835 2032 896 2078; x_wconf 89' lang='lat' dir='ltr'><strong>ut</strong></span> <span class='ocrx_word' id='word_1_265' title='bbox 939 2025 1260 2081; x_wconf 90' lang='lat' dir='ltr'><strong>universum</strong></span> <span class='ocrx_word' id='word_1_266' title='bbox 1317 2028 1537 2098; x_wconf 82' lang='lat' dir='ltr'><strong>impleat</strong></span> <span class='ocrx_word' id='word_1_267' title='bbox 1569 2031 1775 2084; x_wconf 85' lang='lat' dir='ltr'><strong>orbem.</strong></span> <span class='ocrx_word' id='word_1_268' title='bbox 1814 2028 1968 2086; x_wconf 86' lang='lat' dir='ltr'><strong>Unde</strong></span> 
     </span>
    </p>
   </div>
   <div class='ocr_carea' id='block_1_39' title="bbox 393 2115 1971 2186">
    <p class='ocr_par' dir='ltr' id='par_1_39' title="bbox 393 2115 1971 2186">
     <span class='ocr_line' id='line_1_39' title="bbox 393 2115 1971 2186; baseline 0.009 -25"><span class='ocrx_word' id='word_1_269' title='bbox 393 2122 528 2178; x_wconf 79' lang='lat' dir='ltr'><strong>ergo</strong></span> <span class='ocrx_word' id='word_1_270' title='bbox 570 2117 717 2164; x_wconf 87' lang='lat' dir='ltr'><strong>tanta</strong></span> <span class='ocrx_word' id='word_1_271' title='bbox 755 2119 1018 2181; x_wconf 86' lang='lat' dir='ltr'><strong>potestas,</strong></span> <span class='ocrx_word' id='word_1_272' title='bbox 1063 2129 1184 2184; x_wconf 70' lang='lat' dir='ltr'><strong>quae</strong></span> <span class='ocrx_word' id='word_1_273' title='bbox 1242 2115 1462 2184; x_wconf 79' lang='lat' dir='ltr'><strong>subjecit</strong></span> <span class='ocrx_word' id='word_1_274' title='bbox 1514 2119 1738 2186; x_wconf 81' lang='lat' dir='ltr'><strong>populos</strong></span> <span class='ocrx_word' id='word_1_275' title='bbox 1795 2119 1971 2186; x_wconf 82' lang='lat' dir='ltr'><strong>nobis,</strong></span> 
     </span>
    </p>
   </div>
   <div class='ocr_carea' id='block_1_40' title="bbox 403 2203 1968 2280">
    <p class='ocr_par' dir='ltr' id='par_1_40' title="bbox 403 2203 1968 2280">
     <span class='ocr_line' id='line_1_40' title="bbox 403 2203 1968 2280; baseline 0.01 -28"><span class='ocrx_word' id='word_1_276' title='bbox 403 2208 446 2252; x_wconf 72' lang='lat' dir='ltr'><strong>st</strong></span> <span class='ocrx_word' id='word_1_277' title='bbox 490 2208 664 2270; x_wconf 79' lang='lat' dir='ltr'><strong>gentes</strong></span> <span class='ocrx_word' id='word_1_278' title='bbox 719 2203 814 2256; x_wconf 86' lang='lat' dir='ltr'><strong>sub</strong></span> <span class='ocrx_word' id='word_1_279' title='bbox 867 2205 1088 2272; x_wconf 79' lang='lat' dir='ltr'><strong>pedibus</strong></span> <span class='ocrx_word' id='word_1_280' title='bbox 1131 2207 1326 2260; x_wconf 84' lang='lat' dir='ltr'><strong>nostris</strong></span> <span class='ocrx_word' id='word_1_281' title='bbox 1351 2225 1373 2278; x_wconf 81' lang='lat'><em>;</em></span> <span class='ocrx_word' id='word_1_282' title='bbox 1418 2209 1533 2264; x_wconf 85' lang='lat' dir='ltr'><strong>sive</strong></span> <span class='ocrx_word' id='word_1_283' title='bbox 1565 2212 1798 2280; x_wconf 88' lang='lat' dir='ltr'><strong>populos</strong></span> <span class='ocrx_word' id='word_1_284' title='bbox 1845 2212 1968 2266; x_wconf 87' lang='lat' dir='ltr'><strong>illos</strong></span> 
     </span>
    </p>
   </div>
   <div class='ocr_carea' id='block_1_41' title="bbox 399 2290 1972 2369">
    <p class='ocr_par' dir='ltr' id='par_1_41' title="bbox 399 2290 1972 2369">
     <span class='ocr_line' id='line_1_41' title="bbox 399 2290 1972 2369; baseline 0.01 -27"><span class='ocrx_word' id='word_1_285' title='bbox 399 2290 612 2360; x_wconf 78' lang='lat' dir='ltr'><strong>priores</strong></span> <span class='ocrx_word' id='word_1_286' title='bbox 642 2294 736 2362; x_wconf 90' lang='lat' dir='ltr'><strong>qui</strong></span> <span class='ocrx_word' id='word_1_287' title='bbox 787 2293 1052 2348; x_wconf 72' lang='lat' dir='ltr'><strong>doctrinae</strong></span> <span class='ocrx_word' id='word_1_288' title='bbox 1088 2303 1290 2352; x_wconf 74' lang='lat' dir='ltr'><strong>nostra:</strong></span> <span class='ocrx_word' id='word_1_289' title='bbox 1334 2300 1592 2369; x_wconf 81' lang='lat' dir='ltr'><strong>morigeri</strong></span> <span class='ocrx_word' id='word_1_290' title='bbox 1635 2300 1820 2368; x_wconf 89' lang='lat' dir='ltr'><strong>fuere;</strong></span> <span class='ocrx_word' id='word_1_291' title='bbox 1855 2302 1972 2358; x_wconf 80' lang='lat' dir='ltr'><strong>sive</strong></span> 
     </span>
    </p>
   </div>
   <div class='ocr_carea' id='block_1_42' title="bbox 394 2371 1966 2461">
    <p class='ocr_par' dir='ltr' id='par_1_42' title="bbox 394 2371 1966 2461">
     <span class='ocr_line' id='line_1_42' title="bbox 394 2371 1966 2461; baseline 0.009 -30"><span class='ocrx_word' id='word_1_292' title='bbox 394 2386 588 2446; x_wconf 74' lang='lat' dir='ltr'><strong>gentes</strong></span> <span class='ocrx_word' id='word_1_293' title='bbox 618 2395 739 2448; x_wconf 68' lang='lat' dir='ltr'><strong>qua:</strong></span> <span class='ocrx_word' id='word_1_294' title='bbox 772 2381 951 2435; x_wconf 86' lang='lat' dir='ltr'><strong>adhuc</strong></span> <span class='ocrx_word' id='word_1_295' title='bbox 981 2383 1036 2436; x_wconf 90' lang='lat' dir='ltr'><strong>in</strong></span> <span class='ocrx_word' id='word_1_296' title='bbox 1069 2382 1391 2440; x_wconf 71' lang='lat' dir='ltr'><strong>infidelitate</strong></span> <span class='ocrx_word' id='word_1_297' title='bbox 1416 2371 1804 2457; x_wconf 78' lang='lat' dir='ltr'><strong>perseverant;</strong></span> <span class='ocrx_word' id='word_1_298' title='bbox 1829 2406 1966 2461; x_wconf 87' lang='lat' dir='ltr'><strong>quas</strong></span> 
     </span>
    </p>
   </div>
   <div class='ocr_carea' id='block_1_43' title="bbox 398 2467 1966 2543">
    <p class='ocr_par' dir='ltr' id='par_1_43' title="bbox 398 2467 1966 2543">
     <span class='ocr_line' id='line_1_43' title="bbox 398 2467 1966 2543; baseline 0.012 -25"><span class='ocrx_word' id='word_1_299' title='bbox 398 2467 719 2538; x_wconf 89' lang='lat' dir='ltr'><strong>plerumque</strong></span> <span class='ocrx_word' id='word_1_300' title='bbox 753 2472 1106 2543; x_wconf 81' lang='lat' dir='ltr'><strong>insurgentes</strong></span> <span class='ocrx_word' id='word_1_301' title='bbox 1158 2490 1223 2529; x_wconf 87' lang='lat' dir='ltr'><strong>ac</strong></span> <span class='ocrx_word' id='word_1_302' title='bbox 1278 2477 1480 2532; x_wconf 87' lang='lat' dir='ltr'><strong>bellum</strong></span> <span class='ocrx_word' id='word_1_303' title='bbox 1513 2479 1672 2536; x_wconf 89' lang='lat' dir='ltr'><strong>nobis</strong></span> <span class='ocrx_word' id='word_1_304' title='bbox 1719 2489 1772 2536; x_wconf 90' lang='lat' dir='ltr'><strong>et</strong></span> <span class='ocrx_word' id='word_1_305' title='bbox 1799 2483 1966 2537; x_wconf 84' lang='lat' dir='ltr'><strong>verbo</strong></span> 
     </span>
    </p>
   </div>
   <div class='ocr_carea' id='block_1_44' title="bbox 394 2557 1966 2644">
    <p class='ocr_par' dir='ltr' id='par_1_44' title="bbox 394 2557 1966 2644">
     <span class='ocr_line' id='line_1_44' title="bbox 394 2557 1966 2644; baseline 0.012 -34"><span class='ocrx_word' id='word_1_306' title='bbox 394 2557 545 2626; x_wconf 85' lang='lat' dir='ltr'><strong>quod</strong></span> <span class='ocrx_word' id='word_1_307' title='bbox 577 2561 938 2629; x_wconf 74' lang='lat' dir='ltr'><strong>praedicamus</strong></span> <span class='ocrx_word' id='word_1_308' title='bbox 980 2564 1182 2620; x_wconf 85' lang='lat' dir='ltr'><strong>inferre</strong></span> <span class='ocrx_word' id='word_1_309' title='bbox 1223 2575 1512 2634; x_wconf 87' lang='lat' dir='ltr'><strong>conantes,</strong></span> <span class='ocrx_word' id='word_1_310' title='bbox 1566 2570 1684 2626; x_wconf 78' lang='lat' dir='ltr'><strong>Rex</strong></span> <span class='ocrx_word' id='word_1_311' title='bbox 1736 2589 1966 2644; x_wconf 83' lang='lat' dir='ltr'><strong>magnus</strong></span> 
     </span>
    </p>
   </div>
   <div class='ocr_carea' id='block_1_45' title="bbox 398 2647 2003 2734">
    <p class='ocr_par' dir='ltr' id='par_1_45' title="bbox 398 2647 2003 2734">
     <span class='ocr_line' id='line_1_45' title="bbox 398 2647 2003 2734; baseline 0.011 -32"><span class='ocrx_word' id='word_1_312' title='bbox 398 2647 633 2716; x_wconf 83' lang='lat' dir='ltr'><strong>subjecit</strong></span> <span class='ocrx_word' id='word_1_313' title='bbox 674 2651 777 2706; x_wconf 90' lang='lat' dir='ltr'><strong>sub</strong></span> <span class='ocrx_word' id='word_1_314' title='bbox 807 2654 1038 2723; x_wconf 86' lang='lat' dir='ltr'><strong>pedibus</strong></span> <span class='ocrx_word' id='word_1_315' title='bbox 1070 2657 1308 2724; x_wconf 88' lang='lat' dir='ltr'><strong>nostris;</strong></span> <span class='ocrx_word' id='word_1_316' title='bbox 1354 2659 1428 2714; x_wconf 85' lang='lat' dir='ltr'><strong>ita</strong></span> <span class='ocrx_word' id='word_1_317' title='bbox 1469 2668 1527 2714; x_wconf 89' lang='lat' dir='ltr'><strong>ut</strong></span> <span class='ocrx_word' id='word_1_318' title='bbox 1559 2676 1669 2722; x_wconf 82' lang='lat' dir='ltr'><strong>nos</strong></span> <span class='ocrx_word' id='word_1_319' title='bbox 1691 2663 1843 2732; x_wconf 91' lang='lat' dir='ltr'><strong>ipsos</strong></span> <span class='ocrx_word' id='word_1_320' title='bbox 1882 2665 1967 2719; x_wconf 89' lang='lat' dir='ltr'><strong>in-</strong></span> <span class='ocrx_word' id='word_1_321' title='bbox 2002 2731 2003 2734; x_wconf 22' lang='grc' dir='ltr'><strong>η</strong></span> 
     </span>
    </p>
   </div>
   <div class='ocr_carea' id='block_1_46' title="bbox 398 2740 1964 2814">
    <p class='ocr_par' dir='ltr' id='par_1_46' title="bbox 398 2740 1964 2814">
     <span class='ocr_line' id='line_1_46' title="bbox 398 2740 1964 2814; baseline 0.013 -24"><span class='ocrx_word' id='word_1_322' title='bbox 398 2740 723 2796; x_wconf 79' lang='lat' dir='ltr'><strong>vaderemus</strong></span> <span class='ocrx_word' id='word_1_323' title='bbox 776 2749 831 2797; x_wconf 88' lang='lat' dir='ltr'><strong>et</strong></span> <span class='ocrx_word' id='word_1_324' title='bbox 877 2753 1186 2814; x_wconf 86' lang='lat' dir='ltr'><strong>prostratos</strong></span> <span class='ocrx_word' id='word_1_325' title='bbox 1232 2750 1610 2808; x_wconf 84' lang='lat' dir='ltr'><strong>calcaremus?</strong></span> <span class='ocrx_word' id='word_1_326' title='bbox 1662 2754 1964 2811; x_wconf 89' lang='lat' dir='ltr'><strong>Confestim</strong></span> 
     </span>
    </p>
   </div>
   <div class='ocr_carea' id='block_1_47' title="bbox 397 2826 1968 2918">
    <p class='ocr_par' dir='ltr' id='par_1_47' title="bbox 397 2826 1968 2918">
     <span class='ocr_line' id='line_1_47' title="bbox 397 2826 1968 2918; baseline 0.017 -40"><span class='ocrx_word' id='word_1_327' title='bbox 397 2826 581 2898; x_wconf 79' lang='lat' dir='ltr'><strong>itaque</strong></span> <span class='ocrx_word' id='word_1_328' title='bbox 615 2830 698 2886; x_wconf 84' lang='lat' dir='ltr'><strong>vel</strong></span> <span class='ocrx_word' id='word_1_329' title='bbox 734 2831 870 2902; x_wconf 86' lang='lat' dir='ltr'><strong>ipsis</strong></span> <span class='ocrx_word' id='word_1_330' title='bbox 899 2839 1354 2906; x_wconf 74' lang='lat' dir='ltr'><strong>repugnantibus,</strong></span> <span class='ocrx_word' id='word_1_331' title='bbox 1380 2857 1482 2897; x_wconf 92' lang='lat' dir='ltr'><strong>nos</strong></span> <span class='ocrx_word' id='word_1_332' title='bbox 1512 2843 1568 2897; x_wconf 91' lang='lat' dir='ltr'><strong>in</strong></span> <span class='ocrx_word' id='word_1_333' title='bbox 1604 2845 1800 2902; x_wconf 84' lang='lat' dir='ltr'><strong>mediis</strong></span> <span class='ocrx_word' id='word_1_334' title='bbox 1827 2847 1968 2918; x_wconf 81' lang='lat' dir='ltr'><strong>ipso-</strong></span> 
     </span>
    </p>
   </div>
   <div class='ocr_carea' id='block_1_48' title="bbox 393 2921 1965 2996">
    <p class='ocr_par' dir='ltr' id='par_1_48' title="bbox 393 2921 1965 2996">
     <span class='ocr_line' id='line_1_48' title="bbox 393 2921 1965 2996; baseline 0.013 -25"><span class='ocrx_word' id='word_1_335' title='bbox 393 2929 518 2980; x_wconf 74' lang='lat' dir='ltr'><strong>rum</strong></span> <span class='ocrx_word' id='word_1_336' title='bbox 551 2921 778 2977; x_wconf 86' lang='lat' dir='ltr'><strong>urbibus</strong></span> <span class='ocrx_word' id='word_1_337' title='bbox 807 2931 864 2984; x_wconf 84' lang='lat' dir='ltr'><strong>et</strong></span> <span class='ocrx_word' id='word_1_338' title='bbox 899 2927 1047 2996; x_wconf 76' lang='lat' dir='ltr'><strong>agris</strong></span> <span class='ocrx_word' id='word_1_339' title='bbox 1083 2925 1196 2980; x_wconf 89' lang='lat' dir='ltr'><strong>Deo</strong></span> <span class='ocrx_word' id='word_1_340' title='bbox 1229 2937 1421 2985; x_wconf 86' lang='lat' dir='ltr'><strong>nostro</strong></span> <span class='ocrx_word' id='word_1_341' title='bbox 1449 2931 1727 2990; x_wconf 85' lang='lat' dir='ltr'><strong>Ecclesias</strong></span> <span class='ocrx_word' id='word_1_342' title='bbox 1758 2939 1965 2994; x_wconf 85' lang='lat' dir='ltr'><strong>consti-</strong></span> 
     </span>
    </p>
   </div>
   <div class='ocr_carea' id='block_1_49' title="bbox 395 3009 1962 3092">
    <p class='ocr_par' dir='ltr' id='par_1_49' title="bbox 395 3009 1962 3092">
     <span class='ocr_line' id='line_1_49' title="bbox 395 3009 1962 3092; baseline 0.014 -31"><span class='ocrx_word' id='word_1_343' title='bbox 395 3009 623 3068; x_wconf 88' lang='lat' dir='ltr'><strong>luimus.</strong></span> <span class='ocrx_word' id='word_1_344' title='bbox 678 3013 852 3085; x_wconf 78' lang='lat' dir='ltr'><strong>Elegit</strong></span> <span class='ocrx_word' id='word_1_345' title='bbox 904 3024 1087 3071; x_wconf 89' lang='lat' dir='ltr'><strong>autem</strong></span> <span class='ocrx_word' id='word_1_346' title='bbox 1137 3021 1298 3076; x_wconf 90' lang='lat' dir='ltr'><strong>nobis</strong></span> <span class='ocrx_word' id='word_1_347' title='bbox 1360 3021 1728 3080; x_wconf 70' lang='lat' dir='ltr'><strong>ltaarcditatem</strong></span> <span class='ocrx_word' id='word_1_348' title='bbox 1784 3043 1962 3092; x_wconf 80' lang='lat' dir='ltr'><strong>suam,</strong></span> 
     </span>
    </p>
   </div>
   <div class='ocr_carea' id='block_1_50' title="bbox 2075 1833 3629 1910">
    <p class='ocr_par' dir='ltr' id='par_1_50' title="bbox 2075 1833 3629 1910">
     <span class='ocr_line' id='line_1_50' title="bbox 2075 1833 3629 1910; baseline 0.003 -20"><span class='ocrx_word' id='word_1_349' title='bbox 2075 1839 2187 1891; x_wconf 81' lang='grc' dir='ltr'>ἀλλ’</span> <span class='ocrx_word' id='word_1_350' title='bbox 2216 1839 2362 1908; x_wconf 83' lang='grc' dir='ltr'>αύτῷ</span> <span class='ocrx_word' id='word_1_351' title='bbox 2382 1839 2525 1910; x_wconf 79' lang='grc' dir='ltr'>ἔργῳ</span> <span class='ocrx_word' id='word_1_352' title='bbox 2556 1840 2754 1907; x_wconf 88' lang='grc' dir='ltr'>μάθετε</span> <span class='ocrx_word' id='word_1_353' title='bbox 2784 1839 2865 1902; x_wconf 89' lang='grc' dir='ltr'><strong>τίς</strong></span> <span class='ocrx_word' id='word_1_354' title='bbox 2897 1839 3024 1892; x_wconf 82' lang='grc' dir='ltr'>ποτέ</span> <span class='ocrx_word' id='word_1_355' title='bbox 3049 1841 3161 1892; x_wconf 84' lang='grc' dir='ltr'>ὲστι</span> <span class='ocrx_word' id='word_1_356' title='bbox 3181 1839 3274 1892; x_wconf 74' lang='grc' dir='ltr'><strong>καὶ</strong></span> <span class='ocrx_word' id='word_1_357' title='bbox 3303 1838 3532 1909; x_wconf 81' lang='grc' dir='ltr'>πηλίκος</span> <span class='ocrx_word' id='word_1_358' title='bbox 3552 1833 3629 1894; x_wconf 63' lang='grc' dir='ltr'>οὖα</span> 
     </span>
    </p>
   </div>
   <div class='ocr_carea' id='block_1_51' title="bbox 2072 1928 3628 2001">
    <p class='ocr_par' dir='ltr' id='par_1_51' title="bbox 2072 1928 3628 2001">
     <span class='ocr_line' id='line_1_51' title="bbox 2072 1928 3628 2001; baseline -0.001 -19"><span class='ocrx_word' id='word_1_359' title='bbox 2072 1947 2181 1992; x_wconf 88' lang='grc' dir='ltr'>τος.</span> <span class='ocrx_word' id='word_1_360' title='bbox 2214 1933 2325 1999; x_wconf 72' lang='grc' dir='ltr'>Οὐχ</span> <span class='ocrx_word' id='word_1_361' title='bbox 2358 1933 2517 2001; x_wconf 84' lang='grc' dir='ltr'>ὁρᾶτε</span> <span class='ocrx_word' id='word_1_362' title='bbox 2545 1931 2670 1992; x_wconf 81' lang='grc' dir='ltr'>τοὺς</span> <span class='ocrx_word' id='word_1_363' title='bbox 2700 1931 2946 2000; x_wconf 80' lang='grc' dir='ltr'>κήρυκας</span> <span class='ocrx_word' id='word_1_364' title='bbox 2983 1930 3128 1998; x_wconf 82' lang='grc' dir='ltr'>ἡμᾶς</span> <span class='ocrx_word' id='word_1_365' title='bbox 3157 1928 3302 1996; x_wconf 29' lang='grc' dir='ltr'>τίνες,</span> <span class='ocrx_word' id='word_1_366' title='bbox 3340 1931 3507 2000; x_wconf 73' lang='grc' dir='ltr'>ἐσμὲν</span> <span class='ocrx_word' id='word_1_367' title='bbox 3548 1931 3628 1983; x_wconf 78' lang='grc' dir='ltr'>καὶ</span> 
     </span>
    </p>
   </div>
   <div class='ocr_carea' id='block_1_52' title="bbox 2074 2021 3628 2094">
    <p class='ocr_par' dir='ltr' id='par_1_52' title="bbox 2074 2021 3628 2094">
     <span class='ocr_line' id='line_1_52' title="bbox 2074 2021 3628 2094; baseline 0.001 -18"><span class='ocrx_word' id='word_1_368' title='bbox 2074 2023 2244 2076; x_wconf 79' lang='grc' dir='ltr'>ὁποῖοι</span> <span class='ocrx_word' id='word_1_369' title='bbox 2270 2023 2460 2094; x_wconf 81' lang='grc' dir='ltr'>ἄνδρες</span> <span class='ocrx_word' id='word_1_370' title='bbox 2487 2022 2720 2092; x_wconf 78' lang='grc' dir='ltr'>εὐτελεῖς</span> <span class='ocrx_word' id='word_1_371' title='bbox 2742 2023 2833 2076; x_wconf 71' lang='grc' dir='ltr'><strong>καὶ</strong></span> <span class='ocrx_word' id='word_1_372' title='bbox 2869 2021 3064 2077; x_wconf 73' lang='grc' dir='ltr'>ἰδιῶται</span> <span class='ocrx_word' id='word_1_373' title='bbox 3091 2040 3104 2089; x_wconf 90' lang='grc'><strong>;</strong></span> <span class='ocrx_word' id='word_1_374' title='bbox 3129 2024 3275 2094; x_wconf 83' lang='grc' dir='ltr'>ὅμως</span> <span class='ocrx_word' id='word_1_375' title='bbox 3298 2023 3428 2092; x_wconf 83' lang='grc' dir='ltr'>γοῦν</span> <span class='ocrx_word' id='word_1_376' title='bbox 3457 2023 3628 2078; x_wconf 78' lang='grc' dir='ltr'>τοσοῦ-</span> 
     </span>
    </p>
   </div>
   <div class='ocr_carea' id='block_1_53' title="bbox 2075 2113 3628 2185">
    <p class='ocr_par' dir='ltr' id='par_1_53' title="bbox 2075 2113 3628 2185">
     <span class='ocr_line' id='line_1_53' title="bbox 2075 2113 3628 2185; baseline 0.001 -19"><span class='ocrx_word' id='word_1_377' title='bbox 2075 2131 2162 2166; x_wconf 85' lang='grc' dir='ltr'><strong>τον</strong></span> <span class='ocrx_word' id='word_1_378' title='bbox 2197 2117 2223 2166; x_wconf 85' lang='grc' dir='ltr'><strong>ό</strong></span> <span class='ocrx_word' id='word_1_379' title='bbox 2249 2114 2311 2166; x_wconf 79' lang='grc' dir='ltr'>δι’</span> <span class='ocrx_word' id='word_1_380' title='bbox 2344 2113 2498 2182; x_wconf 77' lang='grc' dir='ltr'>ἡμῶν</span> <span class='ocrx_word' id='word_1_381' title='bbox 2535 2113 2706 2183; x_wconf 84' lang='grc' dir='ltr'>ίσχύει</span> <span class='ocrx_word' id='word_1_382' title='bbox 2738 2113 2911 2180; x_wconf 85' lang='grc' dir='ltr'>λόγος,</span> <span class='ocrx_word' id='word_1_383' title='bbox 2931 2113 3005 2177; x_wconf 85' lang='grc' dir='ltr'>ὡς</span> <span class='ocrx_word' id='word_1_384' title='bbox 3029 2115 3124 2185; x_wconf 83' lang='grc' dir='ltr'><strong>τὴν</strong></span> <span class='ocrx_word' id='word_1_385' title='bbox 3157 2114 3448 2185; x_wconf 81' lang='grc' dir='ltr'>σύμπασαν</span> <span class='ocrx_word' id='word_1_386' title='bbox 3471 2115 3628 2168; x_wconf 74' lang='grc' dir='ltr'>οἰκου·</span> 
     </span>
    </p>
   </div>
   <div class='ocr_carea' id='block_1_54' title="bbox 2078 2202 3628 2276">
    <p class='ocr_par' dir='ltr' id='par_1_54' title="bbox 2078 2202 3628 2276">
     <span class='ocr_line' id='line_1_54' title="bbox 2078 2202 3628 2276; baseline 0.001 -20"><span class='ocrx_word' id='word_1_387' title='bbox 2078 2205 2248 2274; x_wconf 79' lang='grc' dir='ltr'>μένην</span> <span class='ocrx_word' id='word_1_388' title='bbox 2293 2203 2598 2275; x_wconf 78' lang='grc' dir='ltr'>πληρῶσαι.</span> <span class='ocrx_word' id='word_1_389' title='bbox 2631 2203 2798 2258; x_wconf 85' lang='grc' dir='ltr'>Πόθεν</span> <span class='ocrx_word' id='word_1_390' title='bbox 2836 2202 2928 2260; x_wconf 79' lang='grc' dir='ltr'>οὖν</span> <span class='ocrx_word' id='word_1_391' title='bbox 2961 2209 2992 2276; x_wconf 78' lang='grc' dir='ltr'>ἡ</span> <span class='ocrx_word' id='word_1_392' title='bbox 3027 2205 3257 2276; x_wconf 84' lang='grc' dir='ltr'>τοσαύτη</span> <span class='ocrx_word' id='word_1_393' title='bbox 3297 2205 3554 2276; x_wconf 84' lang='grc' dir='ltr'>δύναμις.</span> <span class='ocrx_word' id='word_1_394' title='bbox 3598 2208 3628 2276; x_wconf 69' lang='grc' dir='ltr'><strong>η</strong></span> 
     </span>
    </p>
   </div>
   <div class='ocr_carea' id='block_1_55' title="bbox 2024 2294 3626 2364">
    <p class='ocr_par' dir='ltr' id='par_1_55' title="bbox 2024 2294 3626 2364">
     <span class='ocr_line' id='line_1_55' title="bbox 2024 2294 3626 2364; baseline -0.002 -14"><span class='ocrx_word' id='word_1_395' title='bbox 2024 2306 2026 2310; x_wconf 87' lang='grc'><em>’</em></span> <span class='ocrx_word' id='word_1_396' title='bbox 2073 2294 2424 2358; x_wconf 76' lang='grc' dir='ltr'>ὺποτὰξασα</span> <span class='ocrx_word' id='word_1_397' title='bbox 2453 2296 2595 2363; x_wconf 69' lang='grc' dir='ltr'>ἡμῖν</span> <span class='ocrx_word' id='word_1_398' title='bbox 2619 2297 2806 2361; x_wconf 76' lang='grc' dir='ltr'>λαοὺς</span> <span class='ocrx_word' id='word_1_399' title='bbox 2833 2298 2928 2350; x_wconf 75' lang='grc' dir='ltr'>καὶ</span> <span class='ocrx_word' id='word_1_400' title='bbox 2961 2298 3103 2364; x_wconf 81' lang='grc' dir='ltr'>ἔθνη</span> <span class='ocrx_word' id='word_1_401' title='bbox 3137 2295 3254 2351; x_wconf 71' lang='grc' dir='ltr'><strong>ὑπὸ</strong></span> <span class='ocrx_word' id='word_1_402' title='bbox 3279 2296 3421 2362; x_wconf 87' lang='grc' dir='ltr'>τοὺς</span> <span class='ocrx_word' id='word_1_403' title='bbox 3450 2294 3626 2362; x_wconf 77' lang='grc' dir='ltr'>πόδας</span> 
     </span>
    </p>
   </div>
   <div class='ocr_carea' id='block_1_56' title="bbox 2074 2384 3625 2456">
    <p class='ocr_par' dir='ltr' id='par_1_56' title="bbox 2074 2384 3625 2456">
     <span class='ocr_line' id='line_1_56' title="bbox 2074 2384 3625 2456; baseline -0.002 -18"><span class='ocrx_word' id='word_1_404' title='bbox 2074 2384 2274 2452; x_wconf 72' lang='grc' dir='ltr'>ἡμῶν,</span> <span class='ocrx_word' id='word_1_405' title='bbox 2317 2387 2440 2447; x_wconf 81' lang='grc' dir='ltr'>τοὺς</span> <span class='ocrx_word' id='word_1_406' title='bbox 2479 2386 2576 2454; x_wconf 81' lang='grc' dir='ltr'><strong>μὲν</strong></span> <span class='ocrx_word' id='word_1_407' title='bbox 2621 2386 2917 2456; x_wconf 80' lang='grc' dir='ltr'>προτέρους</span> <span class='ocrx_word' id='word_1_408' title='bbox 2959 2385 3120 2449; x_wconf 75' lang='grc' dir='ltr'>λαοὺς</span> <span class='ocrx_word' id='word_1_409' title='bbox 3163 2387 3292 2448; x_wconf 81' lang='grc' dir='ltr'>τοὺς</span> <span class='ocrx_word' id='word_1_410' title='bbox 3333 2384 3625 2454; x_wconf 77' lang='grc' dir='ltr'>πειθηνίους</span> 
     </span>
    </p>
   </div>
   <div class='ocr_carea' id='block_1_57' title="bbox 2071 2475 3628 2547">
    <p class='ocr_par' dir='ltr' id='par_1_57' title="bbox 2071 2475 3628 2547">
     <span class='ocr_line' id='line_1_57' title="bbox 2071 2475 3628 2547; baseline 0.001 -20"><span class='ocrx_word' id='word_1_411' title='bbox 2071 2476 2394 2543; x_wconf 85' lang='grc' dir='ltr'>γενομένους</span> <span class='ocrx_word' id='word_1_412' title='bbox 2425 2479 2490 2546; x_wconf 81' lang='grc' dir='ltr'>τῇ</span> <span class='ocrx_word' id='word_1_413' title='bbox 2518 2477 2760 2547; x_wconf 78' lang='grc' dir='ltr'>ἡμετέρᾳ</span> <span class='ocrx_word' id='word_1_414' title='bbox 2793 2475 3108 2547; x_wconf 78' lang='grc' dir='ltr'>διδασκαλίᾳ</span> <span class='ocrx_word' id='word_1_415' title='bbox 3134 2492 3147 2506; x_wconf 86' lang='grc'><strong>·</strong></span> <span class='ocrx_word' id='word_1_416' title='bbox 3186 2475 3248 2529; x_wconf 84' lang='grc' dir='ltr'><strong>τά</strong></span> <span class='ocrx_word' id='word_1_417' title='bbox 3279 2477 3334 2528; x_wconf 83' lang='grc' dir='ltr'>δὲ</span> <span class='ocrx_word' id='word_1_418' title='bbox 3364 2475 3493 2544; x_wconf 78' lang='grc' dir='ltr'>ἔθνη</span> <span class='ocrx_word' id='word_1_419' title='bbox 3516 2477 3628 2538; x_wconf 68' lang='grc' dir='ltr'>τοὺς</span> 
     </span>
    </p>
   </div>
   <div class='ocr_carea' id='block_1_58' title="bbox 2073 2567 3622 2638">
    <p class='ocr_par' dir='ltr' id='par_1_58' title="bbox 2073 2567 3622 2638">
     <span class='ocr_line' id='line_1_58' title="bbox 2073 2567 3622 2638; baseline 0.001 -19"><span class='ocrx_word' id='word_1_420' title='bbox 2073 2567 2150 2620; x_wconf 74' lang='grc' dir='ltr'>ἔτι</span> <span class='ocrx_word' id='word_1_421' title='bbox 2173 2570 2229 2620; x_wconf 84' lang='grc' dir='ltr'><strong>ὲν</strong></span> <span class='ocrx_word' id='word_1_422' title='bbox 2247 2569 2471 2638; x_wconf 77' lang='grc' dir='ltr'>ἀπιστίᾳ</span> <span class='ocrx_word' id='word_1_423' title='bbox 2496 2567 2798 2636; x_wconf 87' lang='grc' dir='ltr'>μείναντας·</span> <span class='ocrx_word' id='word_1_424' title='bbox 2822 2567 2914 2631; x_wconf 80' lang='grc' dir='ltr'><strong>οὓς</strong></span> <span class='ocrx_word' id='word_1_425' title='bbox 2937 2569 3339 2630; x_wconf 82' lang='grc' dir='ltr'>ὲπαναστάντας</span> <span class='ocrx_word' id='word_1_426' title='bbox 3360 2567 3622 2630; x_wconf 83' lang='grc' dir='ltr'>πολλάκις.</span> 
     </span>
    </p>
   </div>
   <div class='ocr_carea' id='block_1_59' title="bbox 2073 2645 3625 2730">
    <p class='ocr_par' dir='ltr' id='par_1_59' title="bbox 2073 2645 3625 2730">
     <span class='ocr_line' id='line_1_59' title="bbox 2073 2645 3625 2730; baseline -0.001 -18"><span class='ocrx_word' id='word_1_427' title='bbox 2073 2660 2165 2712; x_wconf 75' lang='grc' dir='ltr'><strong>καὶ</strong></span> <span class='ocrx_word' id='word_1_428' title='bbox 2193 2658 2515 2728; x_wconf 78' lang='grc' dir='ltr'>πολεμῆσαι</span> <span class='ocrx_word' id='word_1_429' title='bbox 2558 2658 2988 2730; x_wconf 83' lang='grc' dir='ltr'>βεϐουλημένους</span> <span class='ocrx_word' id='word_1_430' title='bbox 3016 2661 3160 2729; x_wconf 76' lang='grc' dir='ltr'>ἡμᾶς</span> <span class='ocrx_word' id='word_1_431' title='bbox 3189 2676 3246 2712; x_wconf 86' lang='grc' dir='ltr'><strong>τε</strong></span> <span class='ocrx_word' id='word_1_432' title='bbox 3294 2659 3389 2711; x_wconf 75' lang='grc' dir='ltr'><strong>καὶ</strong></span> <span class='ocrx_word' id='word_1_433' title='bbox 3428 2645 3518 2711; x_wconf 69' lang='grc' dir='ltr'><strong>τὸν</strong></span> <span class='ocrx_word' id='word_1_434' title='bbox 3547 2658 3625 2726; x_wconf 75' lang='grc' dir='ltr'><strong>ὑφ’</strong></span> 
     </span>
    </p>
   </div>
   <div class='ocr_carea' id='block_1_60' title="bbox 2072 2749 3620 2821">
    <p class='ocr_par' dir='ltr' id='par_1_60' title="bbox 2072 2749 3620 2821">
     <span class='ocr_line' id='line_1_60' title="bbox 2072 2749 3620 2821; baseline 0.002 -22"><span class='ocrx_word' id='word_1_435' title='bbox 2072 2749 2226 2819; x_wconf 78' lang='grc' dir='ltr'>ημῶν</span> <span class='ocrx_word' id='word_1_436' title='bbox 2255 2752 2653 2821; x_wconf 73' lang='grc' dir='ltr'>κηρυττόμενον</span> <span class='ocrx_word' id='word_1_437' title='bbox 2683 2750 2857 2819; x_wconf 81' lang='grc' dir='ltr'>λόγον,</span> <span class='ocrx_word' id='word_1_438' title='bbox 2881 2753 2908 2804; x_wconf 91' lang='grc' dir='ltr'><strong>ό</strong></span> <span class='ocrx_word' id='word_1_439' title='bbox 2939 2751 3112 2821; x_wconf 82' lang='grc' dir='ltr'>μέγας</span> <span class='ocrx_word' id='word_1_440' title='bbox 3141 2750 3401 2814; x_wconf 78' lang='grc' dir='ltr'>Βασιλεὺς</span> <span class='ocrx_word' id='word_1_441' title='bbox 3434 2749 3620 2803; x_wconf 67' lang='grc' dir='ltr'>ὑπέδα-</span> 
     </span>
    </p>
   </div>
   <div class='ocr_carea' id='block_1_61' title="bbox 2073 2841 3625 2915">
    <p class='ocr_par' dir='ltr' id='par_1_61' title="bbox 2073 2841 3625 2915">
     <span class='ocr_line' id='line_1_61' title="bbox 2073 2841 3625 2915; baseline 0 -21"><span class='ocrx_word' id='word_1_442' title='bbox 2073 2841 2128 2906; x_wconf 81' lang='grc' dir='ltr'>ξε</span> <span class='ocrx_word' id='word_1_443' title='bbox 2169 2843 2277 2904; x_wconf 86' lang='grc' dir='ltr'>τοῖς</span> <span class='ocrx_word' id='word_1_444' title='bbox 2307 2843 2598 2915; x_wconf 76' lang='grc' dir='ltr'>ἡμετέροις</span> <span class='ocrx_word' id='word_1_445' title='bbox 2645 2845 2821 2905; x_wconf 77' lang='grc' dir='ltr'>ποσὶν,</span> <span class='ocrx_word' id='word_1_446' title='bbox 2850 2844 2925 2906; x_wconf 80' lang='grc' dir='ltr'>ὡς</span> <span class='ocrx_word' id='word_1_447' title='bbox 2965 2842 3209 2895; x_wconf 74' lang='grc' dir='ltr'>ἐπελθεῖν</span> <span class='ocrx_word' id='word_1_448' title='bbox 3228 2845 3375 2913; x_wconf 72' lang='grc' dir='ltr'>ἡμᾶς</span> <span class='ocrx_word' id='word_1_449' title='bbox 3408 2844 3502 2896; x_wconf 73' lang='grc' dir='ltr'>καὶ</span> <span class='ocrx_word' id='word_1_450' title='bbox 3521 2842 3625 2904; x_wconf 67' lang='lat' dir='ltr'><strong>snt-</strong></span> 
     </span>
    </p>
   </div>
   <div class='ocr_carea' id='block_1_62' title="bbox 2069 2929 3622 3004">
    <p class='ocr_par' dir='ltr' id='par_1_62' title="bbox 2069 2929 3622 3004">
     <span class='ocr_line' id='line_1_62' title="bbox 2069 2929 3622 3004; baseline 0.002 -21"><span class='ocrx_word' id='word_1_451' title='bbox 2069 2931 2231 3000; x_wconf 76' lang='grc' dir='ltr'>ϐῆναι</span> <span class='ocrx_word' id='word_1_452' title='bbox 2260 2934 2474 2997; x_wconf 79' lang='grc' dir='ltr'>αύτοῖςς</span> <span class='ocrx_word' id='word_1_453' title='bbox 2504 2934 2709 2989; x_wconf 80' lang='grc' dir='ltr'>Αὐτίκα</span> <span class='ocrx_word' id='word_1_454' title='bbox 2735 2934 2776 2986; x_wconf 88' lang='grc' dir='ltr'>δ’</span> <span class='ocrx_word' id='word_1_455' title='bbox 2807 2929 2899 2986; x_wconf 80' lang='grc' dir='ltr'>οὖν</span> <span class='ocrx_word' id='word_1_456' title='bbox 2942 2935 3034 2986; x_wconf 75' lang='grc' dir='ltr'><strong>καὶ</strong></span> <span class='ocrx_word' id='word_1_457' title='bbox 3071 2934 3142 3004; x_wconf 78' lang='grc' dir='ltr'><strong>μὴ</strong></span> <span class='ocrx_word' id='word_1_458' title='bbox 3175 2933 3510 3004; x_wconf 79' lang='grc' dir='ltr'>βουλομένων</span> <span class='ocrx_word' id='word_1_459' title='bbox 3539 2933 3622 2987; x_wconf 79' lang='grc' dir='ltr'>αύ-</span> 
     </span>
    </p>
   </div>
   <div class='ocr_carea' id='block_1_63' title="bbox 2071 3021 3623 3097">
    <p class='ocr_par' dir='ltr' id='par_1_63' title="bbox 2071 3021 3623 3097">
     <span class='ocr_line' id='line_1_63' title="bbox 2071 3021 3623 3097; baseline 0.003 -23"><span class='ocrx_word' id='word_1_460' title='bbox 2071 3021 2178 3074; x_wconf 82' lang='grc' dir='ltr'><strong>τῶν</strong></span> <span class='ocrx_word' id='word_1_461' title='bbox 2203 3025 2359 3093; x_wconf 83' lang='grc' dir='ltr'>ἡμεῖς</span> <span class='ocrx_word' id='word_1_462' title='bbox 2381 3027 2436 3077; x_wconf 81' lang='grc' dir='ltr'><strong>ἐν</strong></span> <span class='ocrx_word' id='word_1_463' title='bbox 2463 3025 2651 3094; x_wconf 87' lang='grc' dir='ltr'>μέσαις</span> <span class='ocrx_word' id='word_1_464' title='bbox 2675 3029 2791 3088; x_wconf 74' lang='grc' dir='ltr'>ταῖς</span> <span class='ocrx_word' id='word_1_465' title='bbox 2823 3025 3000 3078; x_wconf 81' lang='grc' dir='ltr'>αὐτῶν</span> <span class='ocrx_word' id='word_1_466' title='bbox 3030 3026 3212 3078; x_wconf 81' lang='grc' dir='ltr'>πόλεσι</span> <span class='ocrx_word' id='word_1_467' title='bbox 3232 3043 3289 3079; x_wconf 91' lang='grc' dir='ltr'><strong>τε</strong></span> <span class='ocrx_word' id='word_1_468' title='bbox 3317 3027 3408 3079; x_wconf 76' lang='grc' dir='ltr'>καὶ</span> <span class='ocrx_word' id='word_1_469' title='bbox 3434 3025 3623 3097; x_wconf 80' lang='grc' dir='ltr'>χώραις</span> 
     </span>
    </p>
   </div>
   <div class='ocr_carea' id='block_1_64' title="bbox 391 3091 1964 3185">
    <p class='ocr_par' dir='ltr' id='par_1_64' title="bbox 391 3091 1958 3183">
     <span class='ocr_line' id='line_1_64' title="bbox 391 3091 1958 3183; baseline 0.012 -29"><span class='ocrx_word' id='word_1_470' title='bbox 391 3117 556 3171; x_wconf 81' lang='lat' dir='ltr'><strong>quam</strong></span> <span class='ocrx_word' id='word_1_471' title='bbox 589 3107 840 3172; x_wconf 84' lang='lat' dir='ltr'><strong>promisit</strong></span> <span class='ocrx_word' id='word_1_472' title='bbox 871 3105 1079 3162; x_wconf 87' lang='lat' dir='ltr'><strong>Dilecto</strong></span> <span class='ocrx_word' id='word_1_473' title='bbox 1117 3125 1238 3174; x_wconf 87' lang='lat' dir='ltr'><strong>suo,</strong></span> <span class='ocrx_word' id='word_1_474' title='bbox 1272 3109 1501 3168; x_wconf 88' lang='lat' dir='ltr'><strong>dicens:</strong></span> <span class='ocrx_word' id='word_1_475' title='bbox 1540 3114 1765 3172; x_wconf 77' lang='lat' dir='ltr'><strong>Postulo</strong></span> <span class='ocrx_word' id='word_1_476' title='bbox 1795 3136 1828 3171; x_wconf 88' lang='lat' dir='ltr'><strong>a</strong></span> <span class='ocrx_word' id='word_1_477' title='bbox 1859 3091 1958 3183; x_wconf 81' lang='lat' dir='ltr'><strong>me,</strong></span> 
     </span>
    </p>
   </div>
   <div class='ocr_carea' id='block_1_65' title="bbox 2068 3091 3621 3185">
    <p class='ocr_par' dir='ltr' id='par_1_65' title="bbox 2068 3111 3621 3185">
     <span class='ocr_line' id='line_1_65' title="bbox 2068 3111 3621 3185; baseline 0.003 -24"><span class='ocrx_word' id='word_1_478' title='bbox 2068 3111 2143 3179; x_wconf 78' lang='grc' dir='ltr'><strong>τῷ</strong></span> <span class='ocrx_word' id='word_1_479' title='bbox 2177 3113 2426 3183; x_wconf 81' lang='grc' dir='ltr'>ἡμετέρῳ</span> <span class='ocrx_word' id='word_1_480' title='bbox 2459 3112 2577 3182; x_wconf 84' lang='grc' dir='ltr'><strong>Θεῷ</strong></span> <span class='ocrx_word' id='word_1_481' title='bbox 2605 3113 3044 3184; x_wconf 79' lang='grc' dir='ltr'>συνεστησάμεθα</span> <span class='ocrx_word' id='word_1_482' title='bbox 3072 3115 3410 3185; x_wconf 81' lang='grc' dir='ltr'>Ἐκκλησίας.</span> <span class='ocrx_word' id='word_1_483' title='bbox 3429 3114 3621 3179; x_wconf 79' lang='grc' dir='ltr'>Ἐξελέ-</span> 
     </span>
    </p>
   </div>
   <div class='ocr_carea' id='block_1_66' title="bbox 389 3189 1968 3274">
    <p class='ocr_par' dir='ltr' id='par_1_66' title="bbox 389 3189 1968 3274">
     <span class='ocr_line' id='line_1_66' title="bbox 389 3189 1968 3274; baseline 0.013 -31"><span class='ocrx_word' id='word_1_484' title='bbox 389 3199 444 3244; x_wconf 86' lang='lat' dir='ltr'><strong>et</strong></span> <span class='ocrx_word' id='word_1_485' title='bbox 476 3189 614 3246; x_wconf 85' lang='lat' dir='ltr'><strong>dabo</strong></span> <span class='ocrx_word' id='word_1_486' title='bbox 662 3194 755 3246; x_wconf 88' lang='lat' dir='ltr'><strong>tibi</strong></span> <span class='ocrx_word' id='word_1_487' title='bbox 780 3206 953 3262; x_wconf 79' lang='lat' dir='ltr'><strong>gentes</strong></span> <span class='ocrx_word' id='word_1_488' title='bbox 999 3199 1359 3253; x_wconf 67' lang='lat' dir='ltr'><strong>[nereditatem</strong></span> <span class='ocrx_word' id='word_1_489' title='bbox 1396 3213 1563 3268; x_wconf 80' lang='lat' dir='ltr'><strong>tuam,</strong></span> <span class='ocrx_word' id='word_1_490' title='bbox 1605 3216 1657 3259; x_wconf 82' lang='lat' dir='ltr'><strong>et</strong></span> <span class='ocrx_word' id='word_1_491' title='bbox 1686 3211 1968 3274; x_wconf 81' lang='lat' dir='ltr'><strong>possessio-</strong></span> 
     </span>
    </p>
   </div>
   <div class='ocr_carea' id='block_1_67' title="bbox 393 3287 1967 3368">
    <p class='ocr_par' dir='ltr' id='par_1_67' title="bbox 393 3287 1967 3368">
     <span class='ocr_line' id='line_1_67' title="bbox 393 3287 1967 3368; baseline 0.013 -35"><span class='ocrx_word' id='word_1_492' title='bbox 393 3296 512 3334; x_wconf 86' lang='lat' dir='ltr'><strong>nem</strong></span> <span class='ocrx_word' id='word_1_493' title='bbox 539 3293 685 3335; x_wconf 82' lang='lat' dir='ltr'><strong>tuam</strong></span> <span class='ocrx_word' id='word_1_494' title='bbox 734 3287 986 3341; x_wconf 81' lang='lat' dir='ltr'><strong>terminos</strong></span> <span class='ocrx_word' id='word_1_495' title='bbox 1019 3297 1173 3342; x_wconf 61' lang='lat' dir='ltr'><strong>terra:</strong></span> <span class='ocrx_word' id='word_1_496' title='bbox 1190 3290 1232 3342; x_wconf 82' lang='grc'><strong>⁸.</strong></span> <span class='ocrx_word' id='word_1_497' title='bbox 1273 3289 1428 3346; x_wconf 88' lang='lat' dir='ltr'><strong>llanc</strong></span> <span class='ocrx_word' id='word_1_498' title='bbox 1459 3293 1644 3364; x_wconf 82' lang='lat' dir='ltr'><strong>itaque</strong></span> <span class='ocrx_word' id='word_1_499' title='bbox 1685 3312 1750 3352; x_wconf 81' lang='lat' dir='ltr'><strong>ex</strong></span> <span class='ocrx_word' id='word_1_500' title='bbox 1793 3300 1967 3368; x_wconf 82' lang='lat' dir='ltr'><strong>genti-</strong></span> 
     </span>
    </p>
   </div>
   <div class='ocr_carea' id='block_1_68' title="bbox 395 3373 1966 3454">
    <p class='ocr_par' dir='ltr' id='par_1_68' title="bbox 395 3373 1966 3454">
     <span class='ocr_line' id='line_1_68' title="bbox 395 3373 1966 3454; baseline 0.013 -28"><span class='ocrx_word' id='word_1_501' title='bbox 395 3373 499 3427; x_wconf 86' lang='lat' dir='ltr'><strong>bus</strong></span> <span class='ocrx_word' id='word_1_502' title='bbox 553 3382 798 3432; x_wconf 85' lang='lat' dir='ltr'><strong>coactam</strong></span> <span class='ocrx_word' id='word_1_503' title='bbox 833 3377 1131 3434; x_wconf 85' lang='lat' dir='ltr'><strong>Ecclesiam</strong></span> <span class='ocrx_word' id='word_1_504' title='bbox 1166 3383 1324 3437; x_wconf 89' lang='lat' dir='ltr'><strong>nobis</strong></span> <span class='ocrx_word' id='word_1_505' title='bbox 1376 3387 1638 3454; x_wconf 87' lang='lat' dir='ltr'><strong>apostolis</strong></span> <span class='ocrx_word' id='word_1_506' title='bbox 1687 3389 1806 3444; x_wconf 89' lang='lat' dir='ltr'><strong>suis</strong></span> <span class='ocrx_word' id='word_1_507' title='bbox 1842 3404 1872 3442; x_wconf 88' lang='lat' dir='ltr'><strong>a</strong></span> <span class='ocrx_word' id='word_1_508' title='bbox 1906 3406 1966 3446; x_wconf 91' lang='lat' dir='ltr'><strong>se</strong></span> 
     </span>
    </p>
   </div>
   <div class='ocr_carea' id='block_1_69' title="bbox 390 3465 1964 3546">
    <p class='ocr_par' dir='ltr' id='par_1_69' title="bbox 390 3465 1964 3546">
     <span class='ocr_line' id='line_1_69' title="bbox 390 3465 1964 3546; baseline 0.011 -26"><span class='ocrx_word' id='word_1_509' title='bbox 390 3465 624 3520; x_wconf 85' lang='lat' dir='ltr'><strong>electam</strong></span> <span class='ocrx_word' id='word_1_510' title='bbox 654 3467 958 3525; x_wconf 76' lang='lat' dir='ltr'><strong>diStribuit.</strong></span> <span class='ocrx_word' id='word_1_511' title='bbox 1013 3470 1200 3527; x_wconf 85' lang='lat' dir='ltr'><strong>Electa</strong></span> <span class='ocrx_word' id='word_1_512' title='bbox 1257 3477 1459 3546; x_wconf 80' lang='lat' dir='ltr'><strong>quippe</strong></span> <span class='ocrx_word' id='word_1_513' title='bbox 1507 3479 1598 3532; x_wconf 89' lang='lat' dir='ltr'><strong>illa</strong></span> <span class='ocrx_word' id='word_1_514' title='bbox 1629 3489 1736 3544; x_wconf 89' lang='lat' dir='ltr'><strong>est,</strong></span> <span class='ocrx_word' id='word_1_515' title='bbox 1774 3493 1829 3536; x_wconf 84' lang='lat' dir='ltr'><strong>et</strong></span> <span class='ocrx_word' id='word_1_516' title='bbox 1867 3497 1964 3537; x_wconf 82' lang='lat' dir='ltr'><strong>co-</strong></span> 
     </span>
    </p>
   </div>
   <div class='ocr_carea' id='block_1_70' title="bbox 391 3559 1960 3632">
    <p class='ocr_par' dir='ltr' id='par_1_70' title="bbox 391 3559 1960 3632">
     <span class='ocr_line' id='line_1_70' title="bbox 391 3559 1960 3632; baseline 0.011 -24"><span class='ocrx_word' id='word_1_517' title='bbox 391 3562 607 3622; x_wconf 73' lang='lat' dir='ltr'><strong>Optata,</strong></span> <span class='ocrx_word' id='word_1_518' title='bbox 669 3571 736 3610; x_wconf 77' lang='lat' dir='ltr'><strong>ex</strong></span> <span class='ocrx_word' id='word_1_519' title='bbox 767 3559 1023 3614; x_wconf 87' lang='lat' dir='ltr'><strong>omnibus</strong></span> <span class='ocrx_word' id='word_1_520' title='bbox 1077 3564 1330 3630; x_wconf 80' lang='lat' dir='ltr'><strong>gentibus</strong></span> <span class='ocrx_word' id='word_1_521' title='bbox 1387 3568 1703 3632; x_wconf 90' lang='lat' dir='ltr'><strong>constituta,</strong></span> <span class='ocrx_word' id='word_1_522' title='bbox 1741 3585 1849 3624; x_wconf 90' lang='lat' dir='ltr'><strong>non</strong></span> <span class='ocrx_word' id='word_1_523' title='bbox 1897 3586 1960 3626; x_wconf 78' lang='lat' dir='ltr'><strong>ex</strong></span> 
     </span>
    </p>
   </div>
   <div class='ocr_carea' id='block_1_71' title="bbox 393 3646 1956 3720">
    <p class='ocr_par' dir='ltr' id='par_1_71' title="bbox 393 3646 1956 3720">
     <span class='ocr_line' id='line_1_71' title="bbox 393 3646 1956 3720; baseline 0.012 -24"><span class='ocrx_word' id='word_1_524' title='bbox 393 3646 610 3712; x_wconf 80' lang='lat' dir='ltr'><strong>generis</strong></span> <span class='ocrx_word' id='word_1_525' title='bbox 637 3649 1009 3706; x_wconf 84' lang='lat' dir='ltr'><strong>successione.</strong></span> <span class='ocrx_word' id='word_1_526' title='bbox 1061 3651 1167 3705; x_wconf 80' lang='lat' dir='ltr'><strong>Pro</strong></span> <span class='ocrx_word' id='word_1_527' title='bbox 1217 3653 1309 3708; x_wconf 78' lang='lat' dir='ltr'><strong>i;lo</strong></span> <span class='ocrx_word' id='word_1_528' title='bbox 1354 3664 1559 3720; x_wconf 89' lang='lat' dir='ltr'><strong>autem,</strong></span> <span class='ocrx_word' id='word_1_529' title='bbox 1593 3657 1956 3714; x_wconf 62' lang='lat' dir='ltr'><strong>hereditatem</strong></span> 
     </span>
    </p>
   </div>
   <div class='ocr_carea' id='block_1_72' title="bbox 391 3737 1964 3820">
    <p class='ocr_par' dir='ltr' id='par_1_72' title="bbox 391 3737 1964 3820">
     <span class='ocr_line' id='line_1_72' title="bbox 391 3737 1964 3820; baseline 0.012 -32"><span class='ocrx_word' id='word_1_530' title='bbox 391 3750 570 3796; x_wconf 80' lang='lat' dir='ltr'><strong>suam,</strong></span> <span class='ocrx_word' id='word_1_531' title='bbox 616 3737 834 3805; x_wconf 82' lang='lat' dir='ltr'><strong>reliqui,</strong></span> <span class='ocrx_word' id='word_1_532' title='bbox 875 3739 1243 3812; x_wconf 31' lang='lat' dir='ltr'><strong>‘lta’reditatem</strong></span> <span class='ocrx_word' id='word_1_533' title='bbox 1291 3755 1550 3812; x_wconf 84' lang='lat' dir='ltr'><strong>nostram,</strong></span> <span class='ocrx_word' id='word_1_534' title='bbox 1595 3758 1710 3812; x_wconf 88' lang='lat' dir='ltr'><strong>aut,</strong></span> <span class='ocrx_word' id='word_1_535' title='bbox 1758 3767 1964 3820; x_wconf 81' lang='lat' dir='ltr'><strong>posses-</strong></span> 
     </span>
    </p>
   </div>
   <div class='ocr_carea' id='block_1_73' title="bbox 391 3824 1960 3901">
    <p class='ocr_par' dir='ltr' id='par_1_73' title="bbox 391 3824 1960 3901">
     <span class='ocr_line' id='line_1_73' title="bbox 391 3824 1960 3901; baseline 0.011 -23"><span class='ocrx_word' id='word_1_536' title='bbox 391 3824 592 3878; x_wconf 81' lang='lat' dir='ltr'><strong>sionem</strong></span> <span class='ocrx_word' id='word_1_537' title='bbox 641 3839 900 3892; x_wconf 83' lang='lat' dir='ltr'><strong>nostram,</strong></span> <span class='ocrx_word' id='word_1_538' title='bbox 940 3833 1248 3888; x_wconf 84' lang='lat' dir='ltr'><strong>ediderunt.</strong></span> <span class='ocrx_word' id='word_1_539' title='bbox 1305 3835 1770 3901; x_wconf 84' lang='lat' dir='ltr'><strong>Quemadmodum</strong></span> <span class='ocrx_word' id='word_1_540' title='bbox 1816 3845 1960 3896; x_wconf 89' lang='lat' dir='ltr'><strong>enim</strong></span> 
     </span>
    </p>
   </div>
   <div class='ocr_carea' id='block_1_74' title="bbox 392 3916 1958 3998">
    <p class='ocr_par' dir='ltr' id='par_1_74' title="bbox 392 3916 1958 3998">
     <span class='ocr_line' id='line_1_74' title="bbox 392 3916 1958 3998; baseline 0.014 -32"><span class='ocrx_word' id='word_1_541' title='bbox 392 3916 564 3984; x_wconf 85' lang='lat' dir='ltr'><strong>priori</strong></span> <span class='ocrx_word' id='word_1_542' title='bbox 603 3921 804 3987; x_wconf 89' lang='lat' dir='ltr'><strong>populo</strong></span> <span class='ocrx_word' id='word_1_543' title='bbox 837 3928 1039 3976; x_wconf 87' lang='lat' dir='ltr'><strong>terram</strong></span> <span class='ocrx_word' id='word_1_544' title='bbox 1073 3926 1485 3995; x_wconf 81' lang='lat' dir='ltr'><strong>promissionis,</strong></span> <span class='ocrx_word' id='word_1_545' title='bbox 1511 3931 1603 3998; x_wconf 88' lang='lat' dir='ltr'><strong>qui</strong></span> <span class='ocrx_word' id='word_1_546' title='bbox 1642 3939 1800 3985; x_wconf 90' lang='lat' dir='ltr'><strong>erant</strong></span> <span class='ocrx_word' id='word_1_547' title='bbox 1835 3949 1958 3988; x_wconf 87' lang='lat' dir='ltr'><strong>cum</strong></span> 
     </span>
    </p>
   </div>
   <div class='ocr_carea' id='block_1_75' title="bbox 307 4002 1963 4084">
    <p class='ocr_par' dir='ltr' id='par_1_75' title="bbox 307 4002 1963 4084">
     <span class='ocr_line' id='line_1_75' title="bbox 307 4002 1963 4084; baseline 0.011 -25"><span class='ocrx_word' id='word_1_548' title='bbox 307 4005 310 4008; x_wconf 83' lang='grc'><em>’</em></span> <span class='ocrx_word' id='word_1_549' title='bbox 389 4002 519 4064; x_wconf 66' lang='lat' dir='ltr'><strong>Iesu</strong></span> <span class='ocrx_word' id='word_1_550' title='bbox 555 4009 664 4062; x_wconf 88' lang='lat' dir='ltr'><strong>tilio</strong></span> <span class='ocrx_word' id='word_1_551' title='bbox 711 4009 875 4074; x_wconf 80' lang='lat' dir='ltr'><strong>Nave,</strong></span> <span class='ocrx_word' id='word_1_552' title='bbox 928 4014 1102 4081; x_wconf 89' lang='lat' dir='ltr'><strong>pulsis</strong></span> <span class='ocrx_word' id='word_1_553' title='bbox 1131 4017 1404 4084; x_wconf 88' lang='lat' dir='ltr'><strong>prioribus</strong></span> <span class='ocrx_word' id='word_1_554' title='bbox 1431 4019 1649 4083; x_wconf 88' lang='lat' dir='ltr'><strong>incolis,</strong></span> <span class='ocrx_word' id='word_1_555' title='bbox 1679 4031 1825 4077; x_wconf 89' lang='lat' dir='ltr'><strong>sorte</strong></span> <span class='ocrx_word' id='word_1_556' title='bbox 1849 4023 1963 4078; x_wconf 82' lang='lat' dir='ltr'><strong>dis-</strong></span> 
     </span>
    </p>
   </div>
   <div class='ocr_carea' id='block_1_76' title="bbox 367 4095 1960 4179">
    <p class='ocr_par' dir='ltr' id='par_1_76' title="bbox 367 4095 1960 4179">
     <span class='ocr_line' id='line_1_76' title="bbox 367 4095 1960 4179; baseline 0.014 -33"><span class='ocrx_word' id='word_1_557' title='bbox 367 4095 737 4166; x_wconf 38' lang='lat' dir='ltr'><strong>&#39;tribuerunt;</strong></span> <span class='ocrx_word' id='word_1_558' title='bbox 810 4098 1001 4153; x_wconf 85' lang='lat' dir='ltr'><strong>eodem</strong></span> <span class='ocrx_word' id='word_1_559' title='bbox 1060 4118 1284 4171; x_wconf 85' lang='lat' dir='ltr'><strong>prorsus</strong></span> <span class='ocrx_word' id='word_1_560' title='bbox 1330 4108 1492 4160; x_wconf 90' lang='lat' dir='ltr'><strong>modo</strong></span> <span class='ocrx_word' id='word_1_561' title='bbox 1523 4110 1673 4177; x_wconf 82' lang='lat' dir='ltr'><strong>regni</strong></span> <span class='ocrx_word' id='word_1_562' title='bbox 1707 4109 1798 4164; x_wconf 90' lang='lat' dir='ltr'><strong>Dei</strong></span> <span class='ocrx_word' id='word_1_563' title='bbox 1823 4126 1960 4179; x_wconf 75' lang='lat' dir='ltr'><strong>pra:-</strong></span> 
     </span>
    </p>
   </div>
   <div class='ocr_carea' id='block_1_77' title="bbox 391 4194 1956 4270">
    <p class='ocr_par' dir='ltr' id='par_1_77' title="bbox 391 4194 1956 4270">
     <span class='ocr_line' id='line_1_77' title="bbox 391 4194 1956 4270; baseline 0.012 -32"><span class='ocrx_word' id='word_1_564' title='bbox 391 4198 584 4246; x_wconf 82' lang='lat' dir='ltr'><strong>cenes,</strong></span> <span class='ocrx_word' id='word_1_565' title='bbox 617 4202 740 4241; x_wconf 91' lang='lat' dir='ltr'><strong>cum</strong></span> <span class='ocrx_word' id='word_1_566' title='bbox 777 4197 950 4244; x_wconf 87' lang='lat' dir='ltr'><strong>totum</strong></span> <span class='ocrx_word' id='word_1_567' title='bbox 987 4194 1176 4247; x_wconf 87' lang='lat' dir='ltr'><strong>orbem</strong></span> <span class='ocrx_word' id='word_1_568' title='bbox 1210 4209 1616 4267; x_wconf 79' lang='lat' dir='ltr'><strong>peragrassent,</strong></span> <span class='ocrx_word' id='word_1_569' title='bbox 1660 4201 1832 4270; x_wconf 88' lang='lat' dir='ltr'><strong>pulsis</strong></span> <span class='ocrx_word' id='word_1_570' title='bbox 1870 4202 1956 4256; x_wconf 89' lang='lat' dir='ltr'><strong>in-</strong></span> 
     </span>
    </p>
   </div>
   <div class='ocr_carea' id='block_1_78' title="bbox 395 4274 1958 4359">
    <p class='ocr_par' dir='ltr' id='par_1_78' title="bbox 395 4274 1958 4359">
     <span class='ocr_line' id='line_1_78' title="bbox 395 4274 1958 4359; baseline 0.01 -29"><span class='ocrx_word' id='word_1_571' title='bbox 395 4274 703 4332; x_wconf 83' lang='lat' dir='ltr'><strong>visibilibus</strong></span> <span class='ocrx_word' id='word_1_572' title='bbox 734 4279 990 4348; x_wconf 84' lang='lat' dir='ltr'><strong>inimicis,</strong></span> <span class='ocrx_word' id='word_1_573' title='bbox 1026 4286 1374 4351; x_wconf 86' lang='lat' dir='ltr'><strong>supradictos</strong></span> <span class='ocrx_word' id='word_1_574' title='bbox 1433 4291 1661 4359; x_wconf 88' lang='lat' dir='ltr'><strong>populos</strong></span> <span class='ocrx_word' id='word_1_575' title='bbox 1693 4299 1839 4345; x_wconf 88' lang='lat' dir='ltr'><strong>sorte</strong></span> <span class='ocrx_word' id='word_1_576' title='bbox 1865 4306 1958 4346; x_wconf 84' lang='lat' dir='ltr'><strong>ac-</strong></span> 
     </span>
    </p>
   </div>
   <div class='ocr_carea' id='block_1_79' title="bbox 391 4367 2030 4468">
    <p class='ocr_par' dir='ltr' id='par_1_79' title="bbox 391 4367 2030 4468">
     <span class='ocr_line' id='line_1_79' title="bbox 391 4367 2030 4468; baseline 0.01 -50"><span class='ocrx_word' id='word_1_577' title='bbox 391 4375 679 4434; x_wconf 87' lang='lat' dir='ltr'><strong>ceperunt.</strong></span> <span class='ocrx_word' id='word_1_578' title='bbox 739 4367 891 4423; x_wconf 85' lang='lat' dir='ltr'><strong>Hanc</strong></span> <span class='ocrx_word' id='word_1_579' title='bbox 939 4371 1309 4430; x_wconf 53' lang='lat' dir='ltr'><strong>hereditatem</strong></span> <span class='ocrx_word' id='word_1_580' title='bbox 1341 4379 1579 4446; x_wconf 88' lang='lat' dir='ltr'><strong>speciem</strong></span> <span class='ocrx_word' id='word_1_581' title='bbox 1620 4378 1791 4434; x_wconf 86' lang='lat' dir='ltr'><strong>Jacob</strong></span> <span class='ocrx_word' id='word_1_582' title='bbox 1823 4380 1956 4434; x_wconf 89' lang='lat' dir='ltr'><strong>dicit</strong></span> <span class='ocrx_word' id='word_1_583' title='bbox 1991 4415 2030 4468; x_wconf 70' lang='grc' dir='ltr'>ο</span> 
     </span>
    </p>
   </div>
   <div class='ocr_carea' id='block_1_80' title="bbox 367 4456 1954 4535">
    <p class='ocr_par' dir='ltr' id='par_1_80' title="bbox 367 4456 1954 4535">
     <span class='ocr_line' id='line_1_80' title="bbox 367 4456 1954 4535; baseline 0.008 -26"><span class='ocrx_word' id='word_1_584' title='bbox 367 4458 545 4521; x_wconf 82' lang='lat' dir='ltr'><strong>&#39;esse;</strong></span> <span class='ocrx_word' id='word_1_585' title='bbox 590 4456 704 4516; x_wconf 83' lang='lat' dir='ltr'><strong>sive</strong></span> <span class='ocrx_word' id='word_1_586' title='bbox 729 4459 1026 4514; x_wconf 88' lang='lat' dir='ltr'><strong>secundum</strong></span> <span class='ocrx_word' id='word_1_587' title='bbox 1058 4462 1333 4532; x_wconf 85' lang='lat' dir='ltr'><strong>Aquilam,</strong></span> <span class='ocrx_word' id='word_1_588' title='bbox 1366 4468 1726 4522; x_wconf 73' lang='lat' dir='ltr'><strong>excellentiam</strong></span> <span class='ocrx_word' id='word_1_589' title='bbox 1749 4468 1954 4535; x_wconf 84' lang='lat' dir='ltr'><strong>Jacob;</strong></span> 
     </span>
    </p>
   </div>
   <div class='ocr_carea' id='block_1_81' title="bbox 386 4545 1955 4626">
    <p class='ocr_par' dir='ltr' id='par_1_81' title="bbox 386 4545 1955 4626">
     <span class='ocr_line' id='line_1_81' title="bbox 386 4545 1955 4626; baseline 0.007 -26"><span class='ocrx_word' id='word_1_590' title='bbox 386 4545 695 4607; x_wconf 68' lang='lat' dir='ltr'><strong>secundum</strong></span> <span class='ocrx_word' id='word_1_591' title='bbox 757 4546 1146 4619; x_wconf 85' lang='lat' dir='ltr'><strong>Symmachum</strong></span> <span class='ocrx_word' id='word_1_592' title='bbox 1216 4562 1420 4618; x_wconf 86' lang='lat' dir='ltr'><strong>autem,</strong></span> <span class='ocrx_word' id='word_1_593' title='bbox 1473 4557 1700 4626; x_wconf 80' lang='lat' dir='ltr'><strong>gloriam</strong></span> <span class='ocrx_word' id='word_1_594' title='bbox 1760 4556 1955 4623; x_wconf 80' lang='lat' dir='ltr'><strong>Iacob;</strong></span> 
     </span>
    </p>
   </div>
   <div class='ocr_carea' id='block_1_82' title="bbox 388 4636 1950 4714">
    <p class='ocr_par' dir='ltr' id='par_1_82' title="bbox 388 4636 1950 4714">
     <span class='ocr_line' id='line_1_82' title="bbox 388 4636 1950 4714; baseline 0.008 -25"><span class='ocrx_word' id='word_1_595' title='bbox 388 4636 689 4692; x_wconf 82' lang='lat' dir='ltr'><strong>secundum</strong></span> <span class='ocrx_word' id='word_1_596' title='bbox 721 4637 973 4706; x_wconf 88' lang='lat' dir='ltr'><strong>quintam</strong></span> <span class='ocrx_word' id='word_1_597' title='bbox 1009 4641 1331 4708; x_wconf 87' lang='lat' dir='ltr'><strong>editionem,</strong></span> <span class='ocrx_word' id='word_1_598' title='bbox 1374 4645 1741 4714; x_wconf 84' lang='lat' dir='ltr'><strong>gloriationem</strong></span> <span class='ocrx_word' id='word_1_599' title='bbox 1764 4646 1950 4702; x_wconf 77' lang='lat' dir='ltr'><strong>Iacob.</strong></span> 
     </span>
    </p>
   </div>
   <div class='ocr_carea' id='block_1_83' title="bbox 385 4723 1954 4806">
    <p class='ocr_par' dir='ltr' id='par_1_83' title="bbox 385 4723 1954 4806">
     <span class='ocr_line' id='line_1_83' title="bbox 385 4723 1954 4806; baseline 0.012 -29"><span class='ocrx_word' id='word_1_600' title='bbox 385 4723 520 4778; x_wconf 77' lang='lat' dir='ltr'><strong>Nam</strong></span> <span class='ocrx_word' id='word_1_601' title='bbox 571 4724 815 4784; x_wconf 84' lang='lat' dir='ltr'><strong>Ecclesia</strong></span> <span class='ocrx_word' id='word_1_602' title='bbox 859 4727 1088 4796; x_wconf 85' lang='lat' dir='ltr'><strong>Christi,</strong></span> <span class='ocrx_word' id='word_1_603' title='bbox 1133 4732 1307 4802; x_wconf 75' lang='lat' dir='ltr'><strong>gloria</strong></span> <span class='ocrx_word' id='word_1_604' title='bbox 1353 4742 1404 4788; x_wconf 88' lang='lat' dir='ltr'><strong>et</strong></span> <span class='ocrx_word' id='word_1_605' title='bbox 1468 4737 1725 4806; x_wconf 80' lang='lat' dir='ltr'><strong>gloriatio</strong></span> <span class='ocrx_word' id='word_1_606' title='bbox 1753 4739 1954 4796; x_wconf 87' lang='lat' dir='ltr'><strong>veteris</strong></span> 
     </span>
    </p>
   </div>
   <div class='ocr_carea' id='block_1_84' title="bbox 386 4815 1953 4897">
    <p class='ocr_par' dir='ltr' id='par_1_84' title="bbox 386 4815 1953 4897">
     <span class='ocr_line' id='line_1_84' title="bbox 386 4815 1953 4897; baseline 0.012 -30"><span class='ocrx_word' id='word_1_607' title='bbox 386 4816 666 4886; x_wconf 68' lang='lat' dir='ltr'><strong>prophetae</strong></span> <span class='ocrx_word' id='word_1_608' title='bbox 709 4815 880 4879; x_wconf 79' lang='lat' dir='ltr'><strong>Jacob</strong></span> <span class='ocrx_word' id='word_1_609' title='bbox 927 4819 1052 4886; x_wconf 83' lang='lat' dir='ltr'><strong>fuit,</strong></span> <span class='ocrx_word' id='word_1_610' title='bbox 1080 4821 1150 4878; x_wconf 89' lang='lat' dir='ltr'><strong>ob</strong></span> <span class='ocrx_word' id='word_1_611' title='bbox 1184 4823 1340 4880; x_wconf 84' lang='lat' dir='ltr'><strong>datas</strong></span> <span class='ocrx_word' id='word_1_612' title='bbox 1373 4826 1442 4880; x_wconf 88' lang='lat' dir='ltr'><strong>ab</strong></span> <span class='ocrx_word' id='word_1_613' title='bbox 1487 4827 1605 4897; x_wconf 91' lang='lat' dir='ltr'><strong>ipso</strong></span> <span class='ocrx_word' id='word_1_614' title='bbox 1660 4827 1832 4885; x_wconf 84' lang='lat' dir='ltr'><strong>Jacob</strong></span> <span class='ocrx_word' id='word_1_615' title='bbox 1886 4832 1953 4886; x_wconf 87' lang='lat' dir='ltr'><strong>de</strong></span> 
     </span>
    </p>
   </div>
   <div class='ocr_carea' id='block_1_85' title="bbox 323 4907 1952 4991">
    <p class='ocr_par' dir='ltr' id='par_1_85' title="bbox 323 4907 1952 4991">
     <span class='ocr_line' id='line_1_85' title="bbox 323 4907 1952 4991; baseline 0.01 -33"><span class='ocrx_word' id='word_1_616' title='bbox 323 4911 328 4921; x_wconf 92' lang='lat'>&#39;</span> <span class='ocrx_word' id='word_1_617' title='bbox 384 4907 638 4972; x_wconf 75' lang='lat' dir='ltr'><strong>gentibus</strong></span> <span class='ocrx_word' id='word_1_618' title='bbox 707 4911 1110 4977; x_wconf 69' lang='lat' dir='ltr'><strong>pmdictiones.</strong></span> <span class='ocrx_word' id='word_1_619' title='bbox 1199 4913 1280 4968; x_wconf 81' lang='lat' dir='ltr'><strong>Ad</strong></span> <span class='ocrx_word' id='word_1_620' title='bbox 1340 4915 1697 4988; x_wconf 82' lang='lat' dir='ltr'><strong>ignominiam</strong></span> <span class='ocrx_word' id='word_1_621' title='bbox 1753 4922 1952 4991; x_wconf 88' lang='lat' dir='ltr'><strong>quippe</strong></span> 
     </span>
    </p>
   </div>
   <div class='ocr_carea' id='block_1_86' title="bbox 384 4995 1945 5077">
    <p class='ocr_par' dir='ltr' id='par_1_86' title="bbox 384 4995 1945 5077">
     <span class='ocr_line' id='line_1_86' title="bbox 384 4995 1945 5077; baseline 0.009 -27"><span class='ocrx_word' id='word_1_622' title='bbox 384 4995 558 5065; x_wconf 87' lang='lat' dir='ltr'><strong>ipsius</strong></span> <span class='ocrx_word' id='word_1_623' title='bbox 580 5004 852 5070; x_wconf 65' lang='lat' dir='ltr'><strong>Vergeret,</strong></span> <span class='ocrx_word' id='word_1_624' title='bbox 883 5003 929 5060; x_wconf 92' lang='lat' dir='ltr'><strong>si</strong></span> <span class='ocrx_word' id='word_1_625' title='bbox 967 5019 1248 5060; x_wconf 88' lang='lat' dir='ltr'><strong>sermones</strong></span> <span class='ocrx_word' id='word_1_626' title='bbox 1269 5006 1389 5074; x_wconf 89' lang='lat' dir='ltr'><strong>ejus</strong></span> <span class='ocrx_word' id='word_1_627' title='bbox 1406 5009 1519 5061; x_wconf 78' lang='lat' dir='ltr'><strong>veri</strong></span> <span class='ocrx_word' id='word_1_628' title='bbox 1546 5023 1654 5062; x_wconf 92' lang='lat' dir='ltr'><strong>non</strong></span> <span class='ocrx_word' id='word_1_629' title='bbox 1680 5008 1945 5077; x_wconf 82' lang='lat' dir='ltr'><strong>fuissent;</strong></span> 
     </span>
    </p>
   </div>
   <div class='ocr_carea' id='block_1_87' title="bbox 385 5087 1950 5171">
    <p class='ocr_par' dir='ltr' id='par_1_87' title="bbox 385 5087 1950 5171">
     <span class='ocr_line' id='line_1_87' title="bbox 385 5087 1950 5171; baseline 0.01 -31"><span class='ocrx_word' id='word_1_630' title='bbox 385 5087 527 5155; x_wconf 63' lang='lat' dir='ltr'><strong>tguod</strong></span> <span class='ocrx_word' id='word_1_631' title='bbox 559 5098 740 5146; x_wconf 83' lang='lat' dir='ltr'><strong>autem</strong></span> <span class='ocrx_word' id='word_1_632' title='bbox 775 5107 940 5162; x_wconf 89' lang='lat' dir='ltr'><strong>opere</strong></span> <span class='ocrx_word' id='word_1_633' title='bbox 975 5095 1204 5164; x_wconf 89' lang='lat' dir='ltr'><strong>perfecti</strong></span> <span class='ocrx_word' id='word_1_634' title='bbox 1238 5096 1370 5162; x_wconf 88' lang='lat' dir='ltr'><strong>sint,</strong></span> <span class='ocrx_word' id='word_1_635' title='bbox 1419 5097 1475 5152; x_wconf 91' lang='lat' dir='ltr'><strong>id</strong></span> <span class='ocrx_word' id='word_1_636' title='bbox 1521 5099 1696 5169; x_wconf 73' lang='lat' dir='ltr'><strong>gloria</strong></span> <span class='ocrx_word' id='word_1_637' title='bbox 1737 5108 1792 5155; x_wconf 89' lang='lat' dir='ltr'><strong>et</strong></span> <span class='ocrx_word' id='word_1_638' title='bbox 1831 5102 1950 5171; x_wconf 78' lang='lat' dir='ltr'><strong>glo—</strong></span> 
     </span>
    </p>
   </div>
   <div class='ocr_carea' id='block_1_88' title="bbox 380 5176 818 5248">
    <p class='ocr_par' dir='ltr' id='par_1_88' title="bbox 380 5176 818 5248">
     <span class='ocr_line' id='line_1_88' title="bbox 380 5176 818 5248; baseline 0.014 -20"><span class='ocrx_word' id='word_1_639' title='bbox 380 5176 540 5232; x_wconf 82' lang='lat' dir='ltr'><strong>riatio</strong></span> <span class='ocrx_word' id='word_1_640' title='bbox 568 5181 690 5248; x_wconf 89' lang='lat' dir='ltr'><strong>ejus</strong></span> <span class='ocrx_word' id='word_1_641' title='bbox 714 5191 818 5237; x_wconf 90' lang='lat' dir='ltr'><strong>est.</strong></span> 
     </span>
    </p>
   </div>
   <div class='ocr_carea' id='block_1_89' title="bbox 2071 3203 3622 3276">
    <p class='ocr_par' dir='ltr' id='par_1_89' title="bbox 2071 3203 3622 3276">
     <span class='ocr_line' id='line_1_89' title="bbox 2071 3203 3622 3276; baseline 0.001 -22"><span class='ocrx_word' id='word_1_642' title='bbox 2071 3203 2197 3265; x_wconf 83' lang='grc' dir='ltr'>ξατο</span> <span class='ocrx_word' id='word_1_643' title='bbox 2226 3203 2280 3256; x_wconf 76' lang='grc' dir='ltr'>δὲ</span> <span class='ocrx_word' id='word_1_644' title='bbox 2310 3206 2442 3273; x_wconf 84' lang='grc' dir='ltr'>ἡμῖν</span> <span class='ocrx_word' id='word_1_645' title='bbox 2473 3203 2567 3272; x_wconf 84' lang='grc' dir='ltr'><strong>τὴν</strong></span> <span class='ocrx_word' id='word_1_646' title='bbox 2600 3204 2958 3274; x_wconf 83' lang='grc' dir='ltr'>κληρονομίαν</span> <span class='ocrx_word' id='word_1_647' title='bbox 3001 3205 3193 3258; x_wconf 62' lang='grc' dir='ltr'>ἑαυτοῦ</span> <span class='ocrx_word' id='word_1_648' title='bbox 3216 3245 3230 3266; x_wconf 90' lang='grc'><strong>,</strong></span> <span class='ocrx_word' id='word_1_649' title='bbox 3273 3206 3338 3276; x_wconf 81' lang='grc' dir='ltr'>ἢν</span> <span class='ocrx_word' id='word_1_650' title='bbox 3377 3205 3622 3275; x_wconf 67' lang='grc' dir='ltr'>ἐπηγγείς</span> 
     </span>
    </p>
   </div>
   <div class='ocr_carea' id='block_1_90' title="bbox 2067 3289 3619 3361">
    <p class='ocr_par' dir='ltr' id='par_1_90' title="bbox 2067 3289 3619 3361">
     <span class='ocr_line' id='line_1_90' title="bbox 2067 3289 3619 3361; baseline 0.003 -21"><span class='ocrx_word' id='word_1_651' title='bbox 2067 3289 2196 3341; x_wconf 81' lang='grc' dir='ltr'>λατο</span> <span class='ocrx_word' id='word_1_652' title='bbox 2245 3291 2321 3358; x_wconf 80' lang='grc' dir='ltr'><strong>τῷ</strong></span> <span class='ocrx_word' id='word_1_653' title='bbox 2370 3290 2562 3343; x_wconf 75' lang='grc' dir='ltr'>ἑαυτοῦ</span> <span class='ocrx_word' id='word_1_654' title='bbox 2615 3291 2907 3361; x_wconf 83' lang='grc' dir='ltr'>Ἀγαπητῷ</span> <span class='ocrx_word' id='word_1_655' title='bbox 2957 3291 3154 3348; x_wconf 78' lang='grc' dir='ltr'>εἰπὼν·</span> <span class='ocrx_word' id='word_1_656' title='bbox 3199 3293 3451 3360; x_wconf 77' lang='grc' dir='ltr'>Λῖτησαι</span> <span class='ocrx_word' id='word_1_657' title='bbox 3499 3292 3619 3360; x_wconf 78' lang='grc' dir='ltr'>παρ’</span> 
     </span>
    </p>
   </div>
   <div class='ocr_carea' id='block_1_91' title="bbox 2063 3377 3615 3450">
    <p class='ocr_par' dir='ltr' id='par_1_91' title="bbox 2063 3377 3615 3450">
     <span class='ocr_line' id='line_1_91' title="bbox 2063 3377 3615 3450; baseline 0.001 -20"><span class='ocrx_word' id='word_1_658' title='bbox 2063 3377 2212 3446; x_wconf 82' lang='grc' dir='ltr'>ἐμοῦ</span> <span class='ocrx_word' id='word_1_659' title='bbox 2230 3417 2242 3441; x_wconf 90' lang='grc'><strong>,</strong></span> <span class='ocrx_word' id='word_1_660' title='bbox 2275 3379 2373 3431; x_wconf 80' lang='grc' dir='ltr'>καὶ</span> <span class='ocrx_word' id='word_1_661' title='bbox 2402 3378 2572 3432; x_wconf 83' lang='grc' dir='ltr'>δώσω</span> <span class='ocrx_word' id='word_1_662' title='bbox 2604 3395 2701 3432; x_wconf 84' lang='grc' dir='ltr'><strong>σοι</strong></span> <span class='ocrx_word' id='word_1_663' title='bbox 2740 3380 2884 3447; x_wconf 77' lang='grc' dir='ltr'>ἔθνη</span> <span class='ocrx_word' id='word_1_664' title='bbox 2910 3380 3023 3448; x_wconf 80' lang='grc' dir='ltr'><strong>τὴν</strong></span> <span class='ocrx_word' id='word_1_665' title='bbox 3047 3381 3450 3450; x_wconf 78' lang='grc' dir='ltr'>κληρονομίαν</span> <span class='ocrx_word' id='word_1_666' title='bbox 3478 3394 3615 3441; x_wconf 83' lang='grc' dir='ltr'>σου,</span> 
     </span>
    </p>
   </div>
   <div class='ocr_carea' id='block_1_92' title="bbox 2066 3467 3613 3538">
    <p class='ocr_par' dir='ltr' id='par_1_92' title="bbox 2066 3467 3613 3538">
     <span class='ocr_line' id='line_1_92' title="bbox 2066 3467 3613 3538; baseline 0.008 -18"><span class='ocrx_word' id='word_1_667' title='bbox 2066 3468 2160 3520; x_wconf 78' lang='grc' dir='ltr'>καὶ</span> <span class='ocrx_word' id='word_1_668' title='bbox 2206 3467 2320 3535; x_wconf 76' lang='grc' dir='ltr'><strong>τὴν</strong></span> <span class='ocrx_word' id='word_1_669' title='bbox 2363 3469 2736 3537; x_wconf 75' lang='grc' dir='ltr'>κατάσχεσίν</span> <span class='ocrx_word' id='word_1_670' title='bbox 2793 3489 2906 3526; x_wconf 82' lang='grc' dir='ltr'><strong>σου</strong></span> <span class='ocrx_word' id='word_1_671' title='bbox 2950 3472 3022 3531; x_wconf 73' lang='grc' dir='ltr'>τὰ</span> <span class='ocrx_word' id='word_1_672' title='bbox 3075 3471 3298 3538; x_wconf 78' lang='grc' dir='ltr'>πέρατα</span> <span class='ocrx_word' id='word_1_673' title='bbox 3345 3469 3456 3537; x_wconf 82' lang='grc' dir='ltr'>τῆς</span> <span class='ocrx_word' id='word_1_674' title='bbox 3500 3467 3613 3538; x_wconf 76' lang='grc' dir='ltr'>γῆςο</span> 
     </span>
    </p>
   </div>
   <div class='ocr_carea' id='block_1_93' title="bbox 2066 3556 3616 3630">
    <p class='ocr_par' dir='ltr' id='par_1_93' title="bbox 2066 3556 3616 3630">
     <span class='ocr_line' id='line_1_93' title="bbox 2066 3556 3616 3630; baseline 0.001 -21"><span class='ocrx_word' id='word_1_675' title='bbox 2066 3559 2278 3628; x_wconf 82' lang='grc' dir='ltr'>Ταύτην</span> <span class='ocrx_word' id='word_1_676' title='bbox 2311 3556 2403 3612; x_wconf 83' lang='grc' dir='ltr'>οὖν</span> <span class='ocrx_word' id='word_1_677' title='bbox 2446 3559 2644 3630; x_wconf 84' lang='grc' dir='ltr'>δηλαδὴ</span> <span class='ocrx_word' id='word_1_678' title='bbox 2689 3559 2785 3630; x_wconf 80' lang='grc' dir='ltr'><strong>τὴν</strong></span> <span class='ocrx_word' id='word_1_679' title='bbox 2829 3558 2888 3624; x_wconf 79' lang='grc' dir='ltr'>ἐξ</span> <span class='ocrx_word' id='word_1_680' title='bbox 2929 3559 3096 3613; x_wconf 77' lang='grc' dir='ltr'>ἐθνῶν</span> <span class='ocrx_word' id='word_1_681' title='bbox 3148 3560 3468 3628; x_wconf 80' lang='grc' dir='ltr'>Ἐκκλησίαν</span> <span class='ocrx_word' id='word_1_682' title='bbox 3503 3560 3616 3628; x_wconf 75' lang='grc' dir='ltr'>ἡμῖν</span> 
     </span>
    </p>
   </div>
   <div class='ocr_carea' id='block_1_94' title="bbox 2062 3648 3615 3721">
    <p class='ocr_par' dir='ltr' id='par_1_94' title="bbox 2062 3648 3615 3721">
     <span class='ocr_line' id='line_1_94' title="bbox 2062 3648 3615 3721; baseline -0.001 -19"><span class='ocrx_word' id='word_1_683' title='bbox 2062 3655 2171 3713; x_wconf 79' lang='grc' dir='ltr'>τοῖς</span> <span class='ocrx_word' id='word_1_684' title='bbox 2199 3650 2512 3713; x_wconf 80' lang='grc' dir='ltr'>ἀποστόλοις</span> <span class='ocrx_word' id='word_1_685' title='bbox 2539 3651 2699 3704; x_wconf 83' lang='grc' dir='ltr'>αὑτοῦ</span> <span class='ocrx_word' id='word_1_686' title='bbox 2739 3651 3092 3721; x_wconf 77' lang='grc' dir='ltr'>ἐκλεξάμενος</span> <span class='ocrx_word' id='word_1_687' title='bbox 3121 3651 3404 3721; x_wconf 86' lang='grc' dir='ltr'>διένειμεν.</span> <span class='ocrx_word' id='word_1_688' title='bbox 3455 3648 3615 3703; x_wconf 84' lang='grc' dir='ltr'>Ἐκλε-</span> 
     </span>
    </p>
   </div>
   <div class='ocr_carea' id='block_1_95' title="bbox 2064 3737 3611 3813">
    <p class='ocr_par' dir='ltr' id='par_1_95' title="bbox 2064 3737 3611 3813">
     <span class='ocr_line' id='line_1_95' title="bbox 2064 3737 3611 3813; baseline -0.005 -16"><span class='ocrx_word' id='word_1_689' title='bbox 2064 3741 2164 3809; x_wconf 84' lang='grc' dir='ltr'>κτὴ</span> <span class='ocrx_word' id='word_1_690' title='bbox 2207 3743 2312 3812; x_wconf 78' lang='grc' dir='ltr'><strong>γάρ</strong></span> <span class='ocrx_word' id='word_1_691' title='bbox 2359 3743 2505 3794; x_wconf 75' lang='grc' dir='ltr'>ἐστιν</span> <span class='ocrx_word' id='word_1_692' title='bbox 2548 3741 2716 3812; x_wconf 74' lang='grc' dir='ltr'>αὕτη,</span> <span class='ocrx_word' id='word_1_693' title='bbox 2755 3743 2873 3794; x_wconf 84' lang='grc' dir='ltr'>κατ’</span> <span class='ocrx_word' id='word_1_694' title='bbox 2908 3741 3132 3813; x_wconf 76' lang='grc' dir='ltr'>ἐκλογὴν</span> <span class='ocrx_word' id='word_1_695' title='bbox 3175 3744 3236 3794; x_wconf 82' lang='grc' dir='ltr'>ὲκ</span> <span class='ocrx_word' id='word_1_696' title='bbox 3271 3741 3485 3794; x_wconf 81' lang='grc' dir='ltr'>πάντων</span> <span class='ocrx_word' id='word_1_697' title='bbox 3515 3737 3611 3791; x_wconf 82' lang='grc' dir='ltr'>τῶν</span> 
     </span>
    </p>
   </div>
   <div class='ocr_carea' id='block_1_96' title="bbox 2062 3830 3614 3902">
    <p class='ocr_par' dir='ltr' id='par_1_96' title="bbox 2062 3830 3614 3902">
     <span class='ocr_line' id='line_1_96' title="bbox 2062 3830 3614 3902; baseline -0.001 -18"><span class='ocrx_word' id='word_1_698' title='bbox 2062 3831 2230 3884; x_wconf 78' lang='grc' dir='ltr'>ἐθνῶν</span> <span class='ocrx_word' id='word_1_699' title='bbox 2263 3833 2564 3895; x_wconf 67' lang='grc' dir='ltr'>ὑποστάσει,</span> <span class='ocrx_word' id='word_1_700' title='bbox 2588 3834 2680 3886; x_wconf 77' lang='grc' dir='ltr'><strong>καὶ</strong></span> <span class='ocrx_word' id='word_1_701' title='bbox 2709 3834 2768 3885; x_wconf 91' lang='grc' dir='ltr'><strong>ού</strong></span> <span class='ocrx_word' id='word_1_702' title='bbox 2799 3832 2935 3885; x_wconf 81' lang='grc' dir='ltr'>κατὰ</span> <span class='ocrx_word' id='word_1_703' title='bbox 2960 3833 3206 3902; x_wconf 80' lang='grc' dir='ltr'>διαδοχὴν</span> <span class='ocrx_word' id='word_1_704' title='bbox 3236 3832 3448 3900; x_wconf 83' lang='grc' dir='ltr'>γένους.</span> <span class='ocrx_word' id='word_1_705' title='bbox 3486 3830 3614 3883; x_wconf 80' lang='grc' dir='ltr'>Ἀντὶ</span> 
     </span>
    </p>
   </div>
   <div class='ocr_carea' id='block_1_97' title="bbox 2060 3922 3611 3992">
    <p class='ocr_par' dir='ltr' id='par_1_97' title="bbox 2060 3922 3611 3992">
     <span class='ocr_line' id='line_1_97' title="bbox 2060 3922 3611 3992; baseline 0.001 -16"><span class='ocrx_word' id='word_1_706' title='bbox 2060 3924 2116 3976; x_wconf 88' lang='grc' dir='ltr'>δὲ</span> <span class='ocrx_word' id='word_1_707' title='bbox 2135 3923 2249 3986; x_wconf 81' lang='grc' dir='ltr'>τοῦ,</span> <span class='ocrx_word' id='word_1_708' title='bbox 2279 3925 2680 3992; x_wconf 74' lang='grc' dir='ltr'>κληρονομίαν</span> <span class='ocrx_word' id='word_1_709' title='bbox 2709 3925 2943 3988; x_wconf 82' lang='grc' dir='ltr'>ἑαυτοῦ,</span> <span class='ocrx_word' id='word_1_710' title='bbox 2968 3927 3016 3978; x_wconf 91' lang='grc' dir='ltr'><strong>οί</strong></span> <span class='ocrx_word' id='word_1_711' title='bbox 3050 3923 3242 3986; x_wconf 75' lang='grc' dir='ltr'>λοιποὶ,</span> <span class='ocrx_word' id='word_1_712' title='bbox 3274 3922 3385 3991; x_wconf 78' lang='grc' dir='ltr'><strong>τὴν</strong></span> <span class='ocrx_word' id='word_1_713' title='bbox 3409 3926 3611 3989; x_wconf 69' lang='grc' dir='ltr'>κληρο-</span> 
     </span>
    </p>
   </div>
   <div class='ocr_carea' id='block_1_98' title="bbox 2059 4006 3610 4085">
    <p class='ocr_par' dir='ltr' id='par_1_98' title="bbox 2059 4006 3610 4085">
     <span class='ocr_line' id='line_1_98' title="bbox 2059 4006 3610 4085; baseline 0 -19"><span class='ocrx_word' id='word_1_714' title='bbox 2059 4015 2274 4082; x_wconf 76' lang='grc' dir='ltr'>νομίαν</span> <span class='ocrx_word' id='word_1_715' title='bbox 2301 4013 2487 4082; x_wconf 74' lang='grc' dir='ltr'>ἡμῶν,</span> <span class='ocrx_word' id='word_1_716' title='bbox 2523 4015 2578 4085; x_wconf 78' lang='grc' dir='ltr'>ἢ,</span> <span class='ocrx_word' id='word_1_717' title='bbox 2616 4014 2729 4082; x_wconf 70' lang='grc' dir='ltr'><strong>τὴν</strong></span> <span class='ocrx_word' id='word_1_718' title='bbox 2757 4015 3126 4083; x_wconf 77' lang='grc' dir='ltr'>κληρουχίαν</span> <span class='ocrx_word' id='word_1_719' title='bbox 3167 4012 3352 4082; x_wconf 68' lang='grc' dir='ltr'>ἡμῶν,</span> <span class='ocrx_word' id='word_1_720' title='bbox 3403 4006 3610 4066; x_wconf 81' lang='grc' dir='ltr'>ὲκδεδὼ·</span> 
     </span>
    </p>
   </div>
   <div class='ocr_carea' id='block_1_99' title="bbox 2061 4092 3610 4177">
    <p class='ocr_par' dir='ltr' id='par_1_99' title="bbox 2061 4092 3610 4177">
     <span class='ocr_line' id='line_1_99' title="bbox 2061 4092 3610 4177; baseline -0.004 -19"><span class='ocrx_word' id='word_1_721' title='bbox 2061 4092 2238 4158; x_wconf 84' lang='grc' dir='ltr'>κασιν.</span> <span class='ocrx_word' id='word_1_722' title='bbox 2285 4106 2491 4174; x_wconf 85' lang='grc' dir='ltr'>Ὥσπερ</span> <span class='ocrx_word' id='word_1_723' title='bbox 2532 4105 2640 4175; x_wconf 79' lang='grc' dir='ltr'><strong>γάρ</strong></span> <span class='ocrx_word' id='word_1_724' title='bbox 2666 4106 2757 4157; x_wconf 74' lang='grc' dir='ltr'><strong>ἐπὶ</strong></span> <span class='ocrx_word' id='word_1_725' title='bbox 2792 4105 2885 4158; x_wconf 78' lang='grc' dir='ltr'>τοῦ</span> <span class='ocrx_word' id='word_1_726' title='bbox 2933 4105 3197 4177; x_wconf 86' lang='grc' dir='ltr'>προτέρου</span> <span class='ocrx_word' id='word_1_727' title='bbox 3233 4103 3363 4157; x_wconf 79' lang='grc' dir='ltr'>λαοῦ</span> <span class='ocrx_word' id='word_1_728' title='bbox 3389 4104 3485 4174; x_wconf 86' lang='grc' dir='ltr'>τὴν</span> <span class='ocrx_word' id='word_1_729' title='bbox 3519 4102 3610 4172; x_wconf 84' lang='grc' dir='ltr'>γῆν</span> 
     </span>
    </p>
   </div>
   <div class='ocr_carea' id='block_1_100' title="bbox 2059 4191 3608 4267">
    <p class='ocr_par' dir='ltr' id='par_1_100' title="bbox 2059 4191 3608 4267">
     <span class='ocr_line' id='line_1_100' title="bbox 2059 4191 3608 4267; baseline -0.003 -20"><span class='ocrx_word' id='word_1_730' title='bbox 2059 4195 2391 4263; x_wconf 77' lang='grc' dir='ltr'>ἐπαγγελίας</span> <span class='ocrx_word' id='word_1_731' title='bbox 2438 4197 2621 4267; x_wconf 85' lang='grc' dir='ltr'>κλήρῳ</span> <span class='ocrx_word' id='word_1_732' title='bbox 2661 4196 2994 4266; x_wconf 83' lang='grc' dir='ltr'>διενείμαντο</span> <span class='ocrx_word' id='word_1_733' title='bbox 3039 4197 3087 4248; x_wconf 75' lang='lat' dir='ltr'><strong>oi</strong></span> <span class='ocrx_word' id='word_1_734' title='bbox 3137 4194 3273 4265; x_wconf 82' lang='grc' dir='ltr'>μετὰ</span> <span class='ocrx_word' id='word_1_735' title='bbox 3322 4192 3496 4264; x_wconf 84' lang='grc' dir='ltr'>Ἰησοῦ</span> <span class='ocrx_word' id='word_1_736' title='bbox 3526 4191 3608 4244; x_wconf 82' lang='grc' dir='ltr'>τοῦ</span> 
     </span>
    </p>
   </div>
   <div class='ocr_carea' id='block_1_101' title="bbox 2059 4283 3608 4360">
    <p class='ocr_par' dir='ltr' id='par_1_101' title="bbox 2059 4283 3608 4360">
     <span class='ocr_line' id='line_1_101' title="bbox 2059 4283 3608 4360; baseline -0.005 -20"><span class='ocrx_word' id='word_1_737' title='bbox 2059 4289 2216 4358; x_wconf 84' lang='grc' dir='ltr'>Ναυῆ</span> <span class='ocrx_word' id='word_1_738' title='bbox 2237 4328 2251 4352; x_wconf 94' lang='grc'><strong>,</strong></span> <span class='ocrx_word' id='word_1_739' title='bbox 2297 4289 2420 4352; x_wconf 80' lang='grc' dir='ltr'>τοὺς</span> <span class='ocrx_word' id='word_1_740' title='bbox 2449 4289 2576 4359; x_wconf 76' lang='grc' dir='ltr'>πρὶν</span> <span class='ocrx_word' id='word_1_741' title='bbox 2603 4290 2894 4360; x_wconf 79' lang='grc' dir='ltr'>οἰκήτορας</span> <span class='ocrx_word' id='word_1_742' title='bbox 2928 4287 3307 4350; x_wconf 82' lang='grc' dir='ltr'>ἐκϐάλλοντες,</span> <span class='ocrx_word' id='word_1_743' title='bbox 3343 4285 3434 4340; x_wconf 80' lang='grc' dir='ltr'>τὸν</span> <span class='ocrx_word' id='word_1_744' title='bbox 3465 4283 3608 4337; x_wconf 77' lang='grc' dir='ltr'>αὐτὸν</span> 
     </span>
    </p>
   </div>
   <div class='ocr_carea' id='block_1_102' title="bbox 2060 4373 3606 4450">
    <p class='ocr_par' dir='ltr' id='par_1_102' title="bbox 2060 4373 3606 4450">
     <span class='ocr_line' id='line_1_102' title="bbox 2060 4373 3606 4450; baseline -0.005 -18"><span class='ocrx_word' id='word_1_745' title='bbox 2060 4379 2256 4449; x_wconf 89' lang='grc' dir='ltr'>τρόπον</span> <span class='ocrx_word' id='word_1_746' title='bbox 2283 4379 2376 4434; x_wconf 73' lang='grc' dir='ltr'><strong>καὶ</strong></span> <span class='ocrx_word' id='word_1_747' title='bbox 2405 4380 2454 4431; x_wconf 80' lang='grc' dir='ltr'>οἱ</span> <span class='ocrx_word' id='word_1_748' title='bbox 2488 4380 2586 4450; x_wconf 84' lang='grc' dir='ltr'>τῆς</span> <span class='ocrx_word' id='word_1_749' title='bbox 2615 4379 2710 4433; x_wconf 82' lang='grc' dir='ltr'>τοῦ</span> <span class='ocrx_word' id='word_1_750' title='bbox 2743 4379 2878 4432; x_wconf 77' lang='grc' dir='ltr'>Θεοῦ</span> <span class='ocrx_word' id='word_1_751' title='bbox 2915 4378 3188 4448; x_wconf 81' lang='grc' dir='ltr'>βασιλείας</span> <span class='ocrx_word' id='word_1_752' title='bbox 3224 4379 3495 4448; x_wconf 86' lang='grc' dir='ltr'>κήρυκες,</span> <span class='ocrx_word' id='word_1_753' title='bbox 3522 4373 3606 4444; x_wconf 80' lang='grc' dir='ltr'>τὴν</span> 
     </span>
    </p>
   </div>
   <div class='ocr_carea' id='block_1_103' title="bbox 2065 4467 3606 4542">
    <p class='ocr_par' dir='ltr' id='par_1_103' title="bbox 2065 4467 3606 4542">
     <span class='ocr_line' id='line_1_103' title="bbox 2065 4467 3606 4542; baseline -0.003 -21"><span class='ocrx_word' id='word_1_754' title='bbox 2065 4469 2353 4540; x_wconf 84' lang='grc' dir='ltr'>σύμπασαν</span> <span class='ocrx_word' id='word_1_755' title='bbox 2409 4471 2729 4542; x_wconf 84' lang='grc' dir='ltr'>οἰκουμένην</span> <span class='ocrx_word' id='word_1_756' title='bbox 2764 4470 3058 4532; x_wconf 84' lang='grc' dir='ltr'>διελθόντες</span> <span class='ocrx_word' id='word_1_757' title='bbox 3076 4509 3091 4533; x_wconf 85' lang='grc'><strong>,</strong></span> <span class='ocrx_word' id='word_1_758' title='bbox 3141 4468 3376 4537; x_wconf 87' lang='grc' dir='ltr'>κατεκλη</span> <span class='ocrx_word' id='word_1_759' title='bbox 3387 4467 3606 4538; x_wconf 83' lang='grc' dir='ltr'>ρώσαντο</span> 
     </span>
    </p>
   </div>
   <div class='ocr_carea' id='block_1_104' title="bbox 2060 4556 3606 4631">
    <p class='ocr_par' dir='ltr' id='par_1_104' title="bbox 2060 4556 3606 4631">
     <span class='ocr_line' id='line_1_104' title="bbox 2060 4556 3606 4631; baseline -0.004 -19"><span class='ocrx_word' id='word_1_760' title='bbox 2060 4561 2186 4622; x_wconf 80' lang='grc' dir='ltr'>τοὺς</span> <span class='ocrx_word' id='word_1_761' title='bbox 2209 4560 2600 4631; x_wconf 84' lang='grc' dir='ltr'>προλεχθέντας</span> <span class='ocrx_word' id='word_1_762' title='bbox 2623 4561 2784 4624; x_wconf 79' lang='grc' dir='ltr'>λαοὺς</span> <span class='ocrx_word' id='word_1_763' title='bbox 2808 4600 2823 4623; x_wconf 94' lang='grc'><strong>,</strong></span> <span class='ocrx_word' id='word_1_764' title='bbox 2843 4561 2968 4623; x_wconf 78' lang='grc' dir='ltr'>τοὺς</span> <span class='ocrx_word' id='word_1_765' title='bbox 2997 4561 3218 4626; x_wconf 80' lang='grc' dir='ltr'>ἀφανεῖς</span> <span class='ocrx_word' id='word_1_766' title='bbox 3246 4557 3341 4610; x_wconf 79' lang='grc' dir='ltr'><strong>καὶ</strong></span> <span class='ocrx_word' id='word_1_767' title='bbox 3362 4556 3606 4629; x_wconf 83' lang='grc' dir='ltr'>ἀοράτους</span> 
     </span>
    </p>
   </div>
   <div class='ocr_carea' id='block_1_105' title="bbox 2064 4643 3604 4723">
    <p class='ocr_par' dir='ltr' id='par_1_105' title="bbox 2064 4643 3604 4723">
     <span class='ocr_line' id='line_1_105' title="bbox 2064 4643 3604 4723; baseline -0.003 -20"><span class='ocrx_word' id='word_1_768' title='bbox 2064 4652 2353 4722; x_wconf 86' lang='grc' dir='ltr'>πολεμίους</span> <span class='ocrx_word' id='word_1_769' title='bbox 2385 4653 2693 4716; x_wconf 76' lang='grc' dir='ltr'>ἐλάσαντες.</span> <span class='ocrx_word' id='word_1_770' title='bbox 2738 4652 2950 4721; x_wconf 86' lang='grc' dir='ltr'>Ταύτην</span> <span class='ocrx_word' id='word_1_771' title='bbox 2990 4651 3088 4723; x_wconf 84' lang='grc' dir='ltr'>τὴν</span> <span class='ocrx_word' id='word_1_772' title='bbox 3126 4649 3486 4720; x_wconf 85' lang='grc' dir='ltr'>κληρονομίαν</span> <span class='ocrx_word' id='word_1_773' title='bbox 3519 4643 3604 4714; x_wconf 77' lang='grc' dir='ltr'>τὴν</span> 
     </span>
    </p>
   </div>
   <div class='ocr_carea' id='block_1_106' title="bbox 2059 4736 3600 4814">
    <p class='ocr_par' dir='ltr' id='par_1_106' title="bbox 2059 4736 3600 4814">
     <span class='ocr_line' id='line_1_106' title="bbox 2059 4736 3600 4814; baseline -0.006 -20"><span class='ocrx_word' id='word_1_774' title='bbox 2059 4742 2320 4813; x_wconf 78' lang='grc' dir='ltr'>καλλονὴν</span> <span class='ocrx_word' id='word_1_775' title='bbox 2352 4742 2542 4796; x_wconf 76' lang='grc' dir='ltr'>Ἰακὼϐ</span> <span class='ocrx_word' id='word_1_776' title='bbox 2573 4740 2712 4796; x_wconf 78' lang='grc' dir='ltr'>εἷναί</span> <span class='ocrx_word' id='word_1_777' title='bbox 2755 4758 2945 4814; x_wconf 78' lang='grc' dir='ltr'>φησιν’</span> <span class='ocrx_word' id='word_1_778' title='bbox 2989 4742 3022 4812; x_wconf 77' lang='grc' dir='ltr'>ἢ</span> <span class='ocrx_word' id='word_1_779' title='bbox 3068 4740 3209 4793; x_wconf 78' lang='grc' dir='ltr'>κατὰ</span> <span class='ocrx_word' id='word_1_780' title='bbox 3238 4739 3326 4792; x_wconf 80' lang='grc' dir='ltr'><strong>τὸν</strong></span> <span class='ocrx_word' id='word_1_781' title='bbox 3370 4736 3600 4795; x_wconf 84' lang='grc' dir='ltr'>’Δκύλαν,</span> 
     </span>
    </p>
   </div>
   <div class='ocr_carea' id='block_1_107' title="bbox 2059 4824 3605 4902">
    <p class='ocr_par' dir='ltr' id='par_1_107' title="bbox 2059 4824 3605 4902">
     <span class='ocr_line' id='line_1_107' title="bbox 2059 4824 3605 4902; baseline -0.007 -14"><span class='ocrx_word' id='word_1_782' title='bbox 2059 4833 2122 4888; x_wconf 85' lang='grc' dir='ltr'>τὸ</span> <span class='ocrx_word' id='word_1_783' title='bbox 2153 4832 2481 4902; x_wconf 66' lang='grc' dir='ltr'>ὺπερφερὲς</span> <span class='ocrx_word' id='word_1_784' title='bbox 2522 4832 2722 4887; x_wconf 77' lang='grc' dir='ltr'>Ἰακώϐ</span> <span class='ocrx_word' id='word_1_785' title='bbox 2739 4851 2752 4862; x_wconf 88' lang='grc'><strong>·</strong></span> <span class='ocrx_word' id='word_1_786' title='bbox 2785 4831 2924 4885; x_wconf 80' lang='grc' dir='ltr'>κατὰ</span> <span class='ocrx_word' id='word_1_787' title='bbox 2963 4831 3017 4884; x_wconf 81' lang='grc' dir='ltr'>δὲ</span> <span class='ocrx_word' id='word_1_788' title='bbox 3045 4829 3136 4884; x_wconf 73' lang='grc' dir='ltr'><strong>τὸν</strong></span> <span class='ocrx_word' id='word_1_789' title='bbox 3173 4830 3485 4900; x_wconf 84' lang='grc' dir='ltr'>Σύμμαχον,</span> <span class='ocrx_word' id='word_1_790' title='bbox 3510 4824 3605 4878; x_wconf 75' lang='grc' dir='ltr'><strong>τὸν</strong></span> 
     </span>
    </p>
   </div>
   <div class='ocr_carea' id='block_1_108' title="bbox 2058 4915 3603 4992">
    <p class='ocr_par' dir='ltr' id='par_1_108' title="bbox 2058 4915 3603 4992">
     <span class='ocr_line' id='line_1_108' title="bbox 2058 4915 3603 4992; baseline -0.005 -18"><span class='ocrx_word' id='word_1_791' title='bbox 2058 4923 2437 4992; x_wconf 76' lang='grc' dir='ltr'>ἐνδοξασμὸν</span> <span class='ocrx_word' id='word_1_792' title='bbox 2474 4924 2671 4976; x_wconf 76' lang='grc' dir='ltr'>Ἰακώϐ</span> <span class='ocrx_word' id='word_1_793' title='bbox 2685 4940 2697 4953; x_wconf 82' lang='grc'><em>’</em></span> <span class='ocrx_word' id='word_1_794' title='bbox 2730 4922 2870 4976; x_wconf 64' lang='grc' dir='ltr'>κατὰ</span> <span class='ocrx_word' id='word_1_795' title='bbox 2901 4922 3074 4991; x_wconf 79' lang='grc' dir='ltr'>δὲτὴν</span> <span class='ocrx_word' id='word_1_796' title='bbox 3104 4920 3362 4989; x_wconf 87' lang='grc' dir='ltr'>πέμπτην</span> <span class='ocrx_word' id='word_1_797' title='bbox 3390 4915 3603 4974; x_wconf 79' lang='grc' dir='ltr'>ἔκδοσιν,</span> 
     </span>
    </p>
   </div>
   <div class='ocr_carea' id='block_1_109' title="bbox 2055 4998 3603 5082">
    <p class='ocr_par' dir='ltr' id='par_1_109' title="bbox 2055 4998 3603 5082">
     <span class='ocr_line' id='line_1_109' title="bbox 2055 4998 3603 5082; baseline -0.008 -18"><span class='ocrx_word' id='word_1_798' title='bbox 2055 5012 2122 5065; x_wconf 82' lang='grc' dir='ltr'>τὸ</span> <span class='ocrx_word' id='word_1_799' title='bbox 2163 5015 2441 5082; x_wconf 82' lang='grc' dir='ltr'>καύχημα</span> <span class='ocrx_word' id='word_1_800' title='bbox 2494 5012 2708 5066; x_wconf 77' lang='grc' dir='ltr'>Ἰακώϐ.</span> <span class='ocrx_word' id='word_1_801' title='bbox 2768 5012 2834 5066; x_wconf 87' lang='grc' dir='ltr'><strong>Ἡ</strong></span> <span class='ocrx_word' id='word_1_802' title='bbox 2876 5012 2983 5081; x_wconf 84' lang='grc' dir='ltr'>γὰρ</span> <span class='ocrx_word' id='word_1_803' title='bbox 3042 5009 3336 5079; x_wconf 84' lang='grc' dir='ltr'>Ἐκκλησία</span> <span class='ocrx_word' id='word_1_804' title='bbox 3384 4998 3603 5076; x_wconf 86' lang='grc' dir='ltr'>Χριστοῦ</span> 
     </span>
    </p>
   </div>
   <div class='ocr_carea' id='block_1_110' title="bbox 2056 5091 3605 5183">
    <p class='ocr_par' dir='ltr' id='par_1_110' title="bbox 2056 5091 3605 5183">
     <span class='ocr_line' id='line_1_110' title="bbox 2056 5091 3605 5183; baseline -0.008 -25"><span class='ocrx_word' id='word_1_805' title='bbox 2056 5103 2312 5174; x_wconf 86' lang='grc' dir='ltr'>καύχημα</span> <span class='ocrx_word' id='word_1_806' title='bbox 2345 5105 2438 5157; x_wconf 66' lang='grc' dir='ltr'><strong>καλ⁸</strong></span> <span class='ocrx_word' id='word_1_807' title='bbox 2462 5103 2588 5170; x_wconf 77' lang='grc' dir='ltr'>δόξα</span> <span class='ocrx_word' id='word_1_808' title='bbox 2613 5104 2706 5156; x_wconf 81' lang='grc' dir='ltr'>τοῦ</span> <span class='ocrx_word' id='word_1_809' title='bbox 2742 5102 2966 5156; x_wconf 81' lang='grc' dir='ltr'>παλαιοῦ</span> <span class='ocrx_word' id='word_1_810' title='bbox 3001 5101 3276 5183; x_wconf 74' lang='grc' dir='ltr'>προφήτου</span> <span class='ocrx_word' id='word_1_811' title='bbox 3312 5092 3498 5152; x_wconf 83' lang='grc' dir='ltr'>Ἰακὼϐ</span> <span class='ocrx_word' id='word_1_812' title='bbox 3527 5091 3605 5158; x_wconf 83' lang='grc' dir='ltr'>γέ-</span> 
     </span>
    </p>
   </div>
   <div class='ocr_carea' id='block_1_111' title="bbox 2054 5190 3605 5264">
    <p class='ocr_par' dir='ltr' id='par_1_111' title="bbox 2054 5190 3605 5264">
     <span class='ocr_line' id='line_1_111' title="bbox 2054 5190 3605 5264; baseline -0.008 -18"><span class='ocrx_word' id='word_1_813' title='bbox 2054 5210 2176 5261; x_wconf 89' lang='grc' dir='ltr'>γονε</span> <span class='ocrx_word' id='word_1_814' title='bbox 2213 5194 2300 5249; x_wconf 77' lang='grc' dir='ltr'><strong>διὰ</strong></span> <span class='ocrx_word' id='word_1_815' title='bbox 2327 5194 2424 5258; x_wconf 83' lang='grc' dir='ltr'>τὰς</span> <span class='ocrx_word' id='word_1_816' title='bbox 2453 5195 2614 5248; x_wconf 78' lang='grc' dir='ltr'>αὐτοῦ</span> <span class='ocrx_word' id='word_1_817' title='bbox 2653 5194 2844 5249; x_wconf 85' lang='grc' dir='ltr'>Ἰακὼϐ</span> <span class='ocrx_word' id='word_1_818' title='bbox 2886 5195 3014 5264; x_wconf 64' lang='grc' dir='ltr'><strong>περί⁸</strong></span> <span class='ocrx_word' id='word_1_819' title='bbox 3047 5191 3155 5245; x_wconf 83' lang='grc' dir='ltr'>τῶν</span> <span class='ocrx_word' id='word_1_820' title='bbox 3183 5190 3353 5244; x_wconf 77' lang='grc' dir='ltr'>ἐθνῶν</span> <span class='ocrx_word' id='word_1_821' title='bbox 3386 5198 3605 5258; x_wconf 82' lang='grc' dir='ltr'>προανα-</span> 
     </span>
    </p>
   </div>
   <div class='ocr_carea' id='block_1_112' title="bbox 380 5267 3604 5355">
    <p class='ocr_par' dir='ltr' id='par_1_112' title="bbox 380 5267 3604 5355">
     <span class='ocr_line' id='line_1_112' title="bbox 380 5267 3604 5355; baseline 0.002 -25"><span class='ocrx_word' id='word_1_822' title='bbox 380 5267 649 5335; x_wconf 73' lang='grc' dir='ltr'>φωνήσεις</span> <span class='ocrx_word' id='word_1_823' title='bbox 669 5283 684 5302; x_wconf 81' lang='grc'><strong><em>⁸</em></strong></span> <span class='ocrx_word' id='word_1_824' title='bbox 722 5270 904 5346; x_wconf 50' lang='lat' dir='ltr'><strong>wit:</strong></span> <span class='ocrx_word' id='word_1_825' title='bbox 947 5273 1056 5344; x_wconf 85' lang='grc' dir='ltr'>γὰρ</span> <span class='ocrx_word' id='word_1_826' title='bbox 1085 5269 1151 5344; x_wconf 75' lang='grc' dir='ltr'>ἦν</span> <span class='ocrx_word' id='word_1_827' title='bbox 1181 5275 1324 5347; x_wconf 73' lang='grc' dir='ltr'>αὐτῷ</span> <span class='ocrx_word' id='word_1_828' title='bbox 1358 5277 1418 5330; x_wconf 85' lang='grc' dir='ltr'><strong>τὸ</strong></span> <span class='ocrx_word' id='word_1_829' title='bbox 1465 5278 1539 5350; x_wconf 79' lang='grc' dir='ltr'>μὴ</span> <span class='ocrx_word' id='word_1_830' title='bbox 1579 5278 1944 5350; x_wconf 76' lang='grc' dir='ltr'>ἐπαληθεῦσαι</span> <span class='ocrx_word' id='word_1_831' title='bbox 1982 5279 2151 5334; x_wconf 77' lang='grc' dir='ltr'>αὐτοῦ</span> <span class='ocrx_word' id='word_1_832' title='bbox 2179 5285 2302 5351; x_wconf 75' lang='grc' dir='ltr'>τοὺς</span> <span class='ocrx_word' id='word_1_833' title='bbox 2341 5284 2559 5352; x_wconf 87' lang='grc' dir='ltr'>λόγους·</span> <span class='ocrx_word' id='word_1_834' title='bbox 2587 5287 2647 5338; x_wconf 81' lang='grc' dir='ltr'>τὸ</span> <span class='ocrx_word' id='word_1_835' title='bbox 2679 5285 2733 5338; x_wconf 83' lang='grc' dir='ltr'>δὲ</span> <span class='ocrx_word' id='word_1_836' title='bbox 2792 5287 2872 5349; x_wconf 85' lang='grc' dir='ltr'><strong>είς</strong></span> <span class='ocrx_word' id='word_1_837' title='bbox 2933 5285 3066 5354; x_wconf 71' lang='grc' dir='ltr'>ἔργα</span> <span class='ocrx_word' id='word_1_838' title='bbox 3100 5281 3466 5355; x_wconf 83' lang='grc' dir='ltr'>κεχωρηκέναι</span> <span class='ocrx_word' id='word_1_839' title='bbox 3495 5273 3604 5338; x_wconf 59' lang='grc' dir='ltr'>δόξδ</span> 
     </span>
    </p>
   </div>
   <div class='ocr_carea' id='block_1_113' title="bbox 381 5355 972 5430">
    <p class='ocr_par' dir='ltr' id='par_1_113' title="bbox 381 5355 972 5430">
     <span class='ocr_line' id='line_1_113' title="bbox 381 5355 972 5430; baseline 0.008 -26"><span class='ocrx_word' id='word_1_840' title='bbox 381 5355 474 5409; x_wconf 68' lang='grc' dir='ltr'><strong>καὶ</strong></span> <span class='ocrx_word' id='word_1_841' title='bbox 499 5355 758 5430; x_wconf 76' lang='grc' dir='ltr'>καύχημα</span> <span class='ocrx_word' id='word_1_842' title='bbox 783 5364 972 5422; x_wconf 75' lang='grc' dir='ltr'>αὑτοῦ,</span> 
     </span>
    </p>
   </div>
   <div class='ocr_carea' id='block_1_114' title="bbox 445 5593 850 5662">
    <p class='ocr_par' dir='ltr' id='par_1_114' title="bbox 445 5593 850 5662">
     <span class='ocr_line' id='line_1_114' title="bbox 445 5593 850 5662; baseline 0.02 -15"><span class='ocrx_word' id='word_1_843' title='bbox 445 5593 469 5658; x_wconf 78' lang='lat'><strong>,&#39;</strong></span> <span class='ocrx_word' id='word_1_844' title='bbox 510 5593 654 5652; x_wconf 80' lang='lat' dir='ltr'><strong>Psal.</strong></span> <span class='ocrx_word' id='word_1_845' title='bbox 693 5615 766 5662; x_wconf 84' lang='grc' dir='ltr'><strong>ιι,</strong></span> <span class='ocrx_word' id='word_1_846' title='bbox 799 5599 850 5657; x_wconf 84' lang='grc'>8.</span> 
     </span>
    </p>
   </div>
  </div>
