3822 6280
178 282 273 333 H7

1332 286 1830 345 COMMENTARIA
1874 288 1938 342 IN
1978 287 2313 351 PSALMOS.

3342 298 3446 354 ωδ

245 397 577 464 Ἄρχοντες
622 392 787 452 λαιῶν
831 398 1235 468 συνήχθησαν
1271 402 1423 471 μετὰ
1458 404 1573 456 τοῦ
1616 402 1766 457 Θεοῦ

1948 401 2117 458 Vens.
2164 404 2255 459 £0.
2305 404 2579 474 Principes
2628 407 2939 475 populorum
2981 406 3284 479 congregati
3326 419 3446 461 sunt

183 486 452 555 Ἀϐραὰμ,
488 486 587 541 ὅτι
624 490 730 543 τοῦ
764 492 910 545 Θεοῦ
937 494 991 544 ol
1014 491 1281 559 κραταιοί
1313 492 1424 560 τῆς
1466 493 1578 563 γῆς
1617 496 1767 563 σφό-

177 574 279 645 δρα
316 576 712 645 ἐπήρθησαν.
752 580 907 635 Μετὰ
934 583 1043 635 τῶν
1072 583 1246 637 ἄλλων
1284 584 1393 637 τῶν
1444 586 1771 657 προλεχθέν-

181 682 303 727 των,
336 664 437 718 καὶ
482 666 757 737 ἄρχοντες
790 668 932 721 λαῶν
960 671 1063 723 ὑπὸ
1095 671 1223 740 μίαν
1261 670 1605 740 συνήχθησαν
1649 671 1771 724 Ἐκ-

178 757 431 827 κλησίαν,
469 760 768 830 γενόμενοι
796 760 923 824 λαὸς
962 761 1056 814 τοῦ
1103 761 1237 815 Θεοῦ
1281 761 1558 833 ’Δὸραάμ·
1597 762 1771 825 οὕτως

176 848 276 918 γὰρ
310 849 649 918 ἡρμήνευσε
686 851 1014 921 θαυμαστῶς
1045 854 1278 917 ἀποδοὺς
1307 855 1336 906 ὁ
1367 853 1662 923 Σύμμαχος
1691 855 1768 905 εί-

181 937 319 992 πώψ
365 939 699 1007 Ἄρχοντες
750 940 916 994 λαῶν
966 942 1411 1011 ἠθροίσθησαν,
1463 944 1613 1009 λαὸς
1663 942 1769 996 τοῦ

180 1028 320 1083 Θεοῦ
358 1029 644 1098 Ἁϐραάμ.
678 1032 738 1084 Οἱ
766 1030 876 1102 γὰρ
912 1033 1080 1085 πάλαι
1119 1034 1379 1105 ἄρχοντες
1405 1035 1512 1088 τῶν
1546 1034 1689 1087 λαῶν
1718 1036 1768 1087 οἱ

180 1117 590 1189 εἰδωλολάτραι,
623 1122 717 1173 καὶ
738 1122 886 1194 πάσῃ
916 1123 1304 1195 δεισιδαιμονίᾳ
1328 1125 1534 1195 πλάνης
1561 1126 1770 1179 ἐκδεδο-

182 1209 321 1279 μένοι
343 1248 358 1270 ,
388 1203 544 1262 οὗτοι
592 1210 714 1265 λαοὶ
744 1213 997 1280 γεγόνασι
1039 1214 1133 1267 τοῦ
1178 1214 1313 1268 Θεοῦ
1366 1215 1645 1286 Ἀϐραὰμ,
1680 1215 1768 1268 τὸν

180 1300 303 1354 Θεὸν
338 1301 605 1372 ’Δϐραὰμ
638 1304 972 1371 ἐπιγνόντες,
1006 1307 1098 1358 καὶ
1121 1305 1309 1358 τοῦτον
1343 1307 1400 1358 ὲν
1426 1309 1544 1371 ταῖς
1584 1308 1768 1376 εὐχαῖς

181 1391 570 1460 ἀναϐοὼμενοι,
592 1396 690 1447 καὶ
716 1398 829 1465 μετ’
860 1396 1027 1449 αὐτοῦ
1058 1397 1367 1467 ποιούμενοι
1396 1400 1493 1470 τὴν
1528 1398 1763 1452 σύνοδον.

182 1485 285 1538 Καὶ
308 1486 336 1538 ὁ
364 1483 674 1540 Θεοδοτίων
706 1488 794 1549 δὲ,
827 1483 906 1551 εἷς
936 1490 1029 1542 καὶ
1056 1490 1215 1552 αὐτὸς
1242 1489 1350 1543 τῶν
1378 1489 1649 1561 ἐπιμελῶς
1679 1492 1768 1561 ἑρ-

186 1577 569 1647 μηνευσάντων
604 1580 917 1649 τυγχάνων,
947 1582 1149 1651 ὁμοίως
1178 1581 1255 1650 τῷ
1281 1583 1559 1652 Συμμάχῳ
1587 1584 1766 1651 ἡρμή-

182 1684 355 1721 νευσεν
387 1669 569 1722 εἰπών
591 1688 605 1699 ’
640 1672 953 1739 Ἄρχοντες
984 1672 1151 1726 λαῶν
1173 1675 1594 1740 συνήχθησαν,
1620 1673 1768 1739 λαὸς

1872 510 1991 547 eum
2021 494 2126 549 Deo
2158 495 2449 561 Abraham,
2486 499 2743 567 quoniam
2778 494 2867 553 Dei
2912 499 3074 568 fortes
3111 510 3266 553 terra:
3302 498 3437 552 vehe-

1873 590 2072 636 menter
2115 584 2303 638 elevati
2352 595 2494 640 sunt.
2534 586 2680 640 ‘Cum
2730 588 3008 655 praedictis
3061 589 3221 651 aliis,
3277 587 3445 641 etiam

1876 675 2148 744 principes
2183 677 2506 746 p0pulorum
2538 678 2592 731 in
2629 693 2795 731 unam
2829 680 3145 748 congregati
3185 687 3315 734 sunt
3343 677 3444 731 Ec-

1873 767 2116 828 elcsiam,
2138 766 2230 822 Dei
2259 769 2532 823 Abraham
2564 770 2800 838 populus
2822 769 3032 835 effecti;
3062 770 3251 839 sicque
3280 772 3446 824 mira-

1871 855 2053 909 biliter
2099 856 2494 927 interpretatus
2547 867 2630 914 cst
2683 858 3047 929 Symmachus
3105 860 3195 915 bis
3238 860 3444 924 verbis,

1874 944 2144 1013 Principes
2173 948 2483 1013 populorum
2518 950 2687 1001 coacti
2724 957 2867 1010 sunt,
2906 948 3128 1015 populus
3158 947 3254 1001 Dei
3276 947 3445 1001 Abra-

1872 1033 2015 1089 ham.
2054 1032 2332 1104 Siquidem
2362 1037 2438 1090 illi
2470 1038 2598 1089 olim
2629 1037 2909 1106 principes
2944 1038 3269 1106 populorum
3301 1037 3443 1091 idola

1812 1174 1822 1183 κ
1871 1123 2132 1186 colentes,
2196 1124 2454 1193 omnique
2494 1126 2899 1194 superstitionis
2940 1126 3114 1178 errori
3153 1125 3357 1190 dediti;
3389 1124 3443 1178 hi

1873 1215 2053 1284 populi
2089 1213 2180 1269 Dei
2211 1215 2483 1269 Abraham
2528 1216 2654 1269 facti
2704 1224 2859 1281 sunt,
2897 1217 3118 1287 cognito
3147 1214 3444 1270 Abrahami

1872 1301 2003 1366 Dcu,
2037 1318 2159 1357 eum
2198 1304 2251 1356 in
2289 1306 2544 1374 precibus
2581 1306 2905 1361 invocantes
2930 1346 2943 1369 ,
2989 1317 3152 1376 atque
3200 1320 3324 1361 cum
3376 1320 3446 1360 'eo

1871 1398 2047 1447 cmtus
2083 1400 2326 1462 agentes.
2361 1393 2665 1449 Theodotio
2708 1397 2833 1451 item
2870 1398 2961 1465 qui
3013 1413 3042 1450 e
3079 1412 3308 1451 numero
3356 1408 3444 1449 ac-

1870 1485 2203 1538 curatiorum
2237 1486 2593 1555 interpretum
2626 1490 2861 1557 est,pari
2882 1498 3047 1557 atque
3077 1488 3444 1559 Symmachus

1872 1576 2035 1629 modo
2060 1576 2451 1645 interpretatus
2478 1585 2566 1632 est
2602 1579 2686 1631 his
2718 1579 2899 1633 verbis
2924 1620 2937 1642 ,
2968 1579 3243 1647 Principes
3278 1594 3443 1648 popu-

1872 1666 2041 1719 lorum
2080 1669 2381 1737 congregati
2424 1680 2565 1731 sunt,
2597 1669 2823 1737 populus
2856 1671 2951 1723 Dei
2983 1670 3275 1727 Abraham.
3328 1671 3442 1725 Cur

183 1757 281 1815 τοῦ
302 1760 452 1813 Θεοῦ
491 1762 552 1815 Ἀ
804 1764 902 1816 Διὰ
928 1733 976 1816 τί
1008 1764 1063 1816 δὲ
1088 1767 1135 1817 οἱ
1171 1733 1595 1834 Ἕϐδοῂμ-ήκοντα,
1617 1733 1766 1834 μετά

1874 1756 2226 1829 Septuaginta
2269 1766 2593 1835 interpretes
2615 1809 2628 1832 ,
2674 1782 2788 1818 cum
2822 1762 2930 1816 Deo
2961 1763 3262 1826 Abraham,
3292 1764 3441 1817 dixe.

183 1848 279 1904 τοῦ
321 1850 472 1903 Θεοῦ
523 1853 811 1922 Ἀϐραὰμ,
845 1856 1134 1926 είρήκασι;
1174 1856 1392 1925 Ἐπειδὴ
1426 1857 1458 1925 ἡ
1505 1855 1767 1927 Ἑϐραῖκὴ

185 1942 324 2011 φωνὴ
354 1943 467 2003 τοῖς
493 1944 689 2006 αὐτοῖς
720 1947 1004 2015 στοιχείοις
1035 1947 1234 2017 γράφει
1263 1946 1344 2011 τὸ,
1370 1946 1538 2015 μετὰ,
1564 1948 1657 2001 καὶ
1685 1950 1766 2013 τὸ,

186 2033 339 2098 λαός.
372 2034 616 2106 Εἴρηται
651 2037 779 2107 γὰρ,
811 2039 907 2105 ἀμ’
935 2039 1149 2108 Ἐλοΐμ·
1178 2040 1206 2092 ὃ
1235 2040 1456 2095 δύναται
1484 2043 1599 2107 καὶ,
1618 2043 1770 2111 μετὰ

188 2123 282 2178 τοῦ
302 2126 471 2192 Θεοῦ,
496 2127 783 2196 λέγεσθαι,
815 2131 928 2194 καὶ,
958 2131 1107 2196 λαὸς
1138 2131 1245 2185 τοῦ
1279 2133 1446 2187 Θεοῦ.

251 2225 271 2237 ⁵
340 2239 472 2292 (tau
516 2242 825 2295 ΨΑΛΜΟΥ
864 2244 1018 2297 Τοιε
1059 2246 1238 2298 non:
1277 2248 1457 2300 KOPE
1497 2249 1626 2302 MZ'.

242 2346 441 2419 Ἡέγας
458 2354 684 2420 Κύριος
706 2354 799 2407 καί
824 2358 1057 2422 air-err;
1087 2359 1340 2427 σφόδρα,
1374 2361 1444 2413 ἐν
1467 2364 1639 2415 πόλει
1662 2362 1768 2417 τοῦ

184 2438 327 2494 θεοῦ
360 2442 551 2510 ἡμῶν,
571 2446 647 2497 ἐν
670 2444 788 2512 ὄρει
828 2449 973 2516 ἁγίῳ
999 2448 1186 2502 αὑτοῦ
1214 2450 1444 2518 εὐρίζῳ·
1477 2453 1767 2520 ἀγαλλιά-

189 2540 315 2599 ματι
344 2533 553 2602 πάσης
607 2536 723 2602 τῆς
756 2536 883 2607 γῆς,
923 2538 1032 2606 ὄρη
1064 2539 1218 2593 Σιὼν
1242 2582 1255 2604 ,
1294 2542 1367 2595 τὰ
1398 2544 1630 2610 πλευρὰ
1662 2543 1768 2597 τοῦ

196 2622 389 2690 Eappa,
414 2628 453 2693 ή
485 2628 673 2692 πόλις
706 2630 810 2683 τοῦ
831 2630 1137 2696 βασιλέως
1166 2632 1272 2685 τοῦ
1295 2633 1582 2702 μεγάλου.
1608 2636 1769 2706 Τρεῖς

198 2713 286 2784 μὲν
311 2718 356 2767 οἱ
385 2717 598 2787 πρῶτοι
636 2723 1105 2793 ἐπιγεγραμμένοι
1132 2722 1250 2775 τῶν
1278 2722 1421 2777 υἱῶν
1457 2726 1605 2792 Κορὲ
1633 2743 1769 2797 συμ-

199 2808 350 2876 φορᾶς
394 2810 490 2862 καὶ
523 2810 711 2882 λύπης
754 2818 1025 2885 περιεῖχον
1072 2814 1291 2882 λόγους·
1337 2818 1364 2869 ὁ
1406 2816 1462 2869 δὲ
1512 2818 1771 2888 τέταρτος

201 2896 485 2970 μεταϐολὴν
538 2903 639 2956 ἐπὶ
692 2902 750 2956 τὸ
812 2907 1164 2977 φαιδρότερον
1229 2908 1451 2977 ἐδήλου’
1515 2909 1595 2961 διὸ
1644 2909 1766 2978 ᾠδὴ

199 2985 465 3057 ὶτύγχανεν
503 2993 664 3062 ὺπέρ
708 2994 814 3048 τοῦ
880 2997 1241 3065 Ἀγαπητοῦ·
1293 2998 1551 3062 ὡσαύτως
1599 3001 1692 3052 καὶ
1740 3003 1768 3052 ὀ

201 3078 424 3147 πέμπτος
444 3123 458 3145 ,
495 3085 655 3153 ὑπὲρ
688 3084 803 3138 τῶν
832 3090 1097 3156 κρυφίων
1124 3085 1190 3159 ἦν
1212 3106 1224 3119 ·
1256 3089 1392 3143 ἀλλὰ
1426 3091 1520 3144 καὶ
1549 3093 1577 3144 ό
1608 3092 1764 3154 ἕκτος
1795 3061 1837 3118 C

200 3170 377 3239 ὁμοίως
418 3175 641 3245 cuius;
680 3173 767 3247 ἦν.
817 3179 874 3232 Ὀ
903 3179 958 3231 δὲ
996 3182 1130 3260 μετά
1168 3185 1372 3251 χεῖρας,
1408 3184 1628 3253 μείζονα
1660 3184 1765 3238 τῶν

202 3260 488 3333 ἔμπροσθεν
511 3267 796 3336 θεολογίαν
823 3288 887 3322 πε
899 3270 1345 3340 ριέχων,είκότως
1363 3274 1498 3345 per;
1520 3276 1765 3345 ψαλμοῦ

202 3353 309 3419 τοῖς
330 3357 479 3423 υἱοῖς
509 3360 669 3427 Κορὲ
701 3361 1097 3433 ἐπιγέγραπται
1119 3381 1135 3393 ⁸
1164 3365 1302 3418 κατὰ
1337 3366 1397 3417 τὸ
1425 3368 1555 3419 αὐτὸ
1584 3367 1690 3439 γάρ
1717 3370 1765 3420 οἱ

206 3442 293 3514 μὲν
335 3445 417 3500 διὰ
449 3451 642 3520 φωνῆς
686 3452 1023 3515 ἀναϐοῶντες
1067 3452 1267 3523 ὕμνουν
1301 3454 1390 3507 τον
1439 3456 1570 3509 Θεὸν
1590 3497 1603 3519 ,
1634 3458 1682 3509 οἱ
1709 3456 1766 3508 δὲ

204 3533 260 3588 δι’
292 3538 529 3608 ὀργάνων
564 3544 843 3613 μουσικῶν
880 3546 980 3616 τὴν
1010 3547 1179 3616 αὐτὴν
1214 3547 1570 3617 ἀνεκρούοντο
1603 3548 1763 3618 ᾠδὴν,

204 3626 271 3695 τῷ
298 3632 439 3698 μέλει
466 3634 527 3685 σύ
537 3652 759 3704 μφωνον
792 3636 1103 3706 ποιούμενοι
1130 3638 1229 3708 τὴν
1256 3640 1542 3709 ἁρμονίαν.
1562 3639 1767 3710 ’Ὕμνον

206 3718 253 3772 δὲ
284 3724 414 3796 ὑπὲρ
444 3728 543 3798 τῆς
581 3728 907 3798 Ἐκκλησίας
941 3733 1325 3803 ἁναπέμπουσι
1366 3732 1442 3803 τῷ
1474 3732 1573 3796 τὰς
1626 3735 1767 3786 κατὰ

205 3811 300 3864 τῶν
325 3817 598 3888 πολεμίων
640 3821 795 3884 νίκας
824 3824 1083 3893 ἀραμένῳ
1106 3862 1120 3885 ,
1168 3826 1262 3877 καὶ
1308 3824 1405 3894 τὴν
1440 3825 1767 3896 Ἐκκλησίαν

210 3903 351 3958 αὖτοῦ
394 3909 494 3978 τῆς
537 3914 743 3983 πικρᾶς
782 3913 876 3966 καὶ
927 3914 1168 3989 χαλεπῆς
1210 3915 1450 3978 δουλείας
1492 3915 1769 3986 λυτρωσα-

214 3994 357 4065 μένῳ.
414 3999 469 4052 Ὀ
523 4003 625 4074 μὲν
674 3999 766 4056 οὖν
818 4005 923 4075 πρὸ
968 4006 1160 4058 τούτου
1212 4006 1609 4077 παρεκελεύετο
1656 4011 1767 4070 τοῖς

205 4082 367 4140 ῖθνεσι
396 4096 612 4163 κροτεῖν
644 4093 737 4147 καὶ
773 4095 1061 4159 ἀλαλάζειν
1087 4097 1165 4167 τῷ
1187 4096 1307 4166 Θεῷ
1331 4098 1388 4151 ὲν
1418 4101 1569 4169 φωνῇ
1601 4098 1768 4167 ἀγαλ-

212 4170 419 4242 λιάσεως
442 4222 457 4246 ,
489 4183 584 4235 καὶ
620 4183 843 4252 ψάλλειν
869 4185 1051 4256 αύτῷ,
1087 4186 1177 4238 ὅτι
1212 4185 1514 4253 ,βασιλεὺς
1564 4188 1769 4255 πάσης

210 4264 306 4334 τῆς
342 4269 450 4339 γῆς
472 4278 505 4327 ὁ
536 4276 715 4340 Θεόςο
748 4275 972 4345 ψάλλειν
996 4294 1056 4329 τε
1085 4277 1341 4341 συνετῶς,
1372 4279 1605 4350 ἐπείπερ
1640 4278 1768 4332 ὲ6α-

214 4355 432 4418 σίλευσεν
472 4366 565 4419 ἐπὶ
590 4366 659 4420 τὰ
692 4366 843 4439 ἔθνη.
874 4368 1024 4422 Ἔδει
1051 4368 1108 4421 δὲ
1136 4370 1261 4434 τοὺς
1306 4370 1765 4441 κεκελευσμένους

212 4447 379 4505 ταῦτα
399 4457 680 4526 πράττειν,
712 4460 807 4513 καὶ
830 4459 923 4514 τόν
945 4461 1147 4532 τρόπον
1170 4460 1263 4513 τοῦ
1298 4461 1634 4532 ἀλαλαγμοῦ,
1670 4458 1765 4516 καὶ

213 4538 292 4594 τὸν
323 4542 528 4617 ψαλμὸν
576 4549 738 4604 αὑτὸν
776 4550 852 4615 ὡς
890 4551 1043 4623 παρὰ
1069 4550 1387 4607 διδασκάλου
1435 4552 1658 4623 μαθεῖν·
1686 4553 1767 4606 διὸ

215 4630 499 4705 ἀναγκαίως
522 4643 553 4696 ὁ
573 4641 763 4714 παρὼν
794 4642 951 4712 λόγος
978 4643 1139 4698 τοῦτο
1160 4644 1420 4700 διδάσκει.
1446 4646 1764 4699 Παιδεύεται

216 4723 371 4781 τοίνυν
399 4729 464 4785 τὰ
497 4732 623 4806 ἔθνη
649 4734 719 4789 τὰ
754 4733 814 4802 ἐξ
846 4735 1135 4808 ἀθεότητος
1156 4738 1261 4807 ζὲπὶ
1284 4736 1382 4809 τὴν
1418 4738 1598 4791 ἔνθεον
1621 4738 1764 4791 διδα⁴

219 4817 416 4877 σκαλίαν
440 4824 738 4899 μεταϐεόλη
749 4828 884 4899 μένα
908 4829 1001 4883 τὸν
1025 4828 1232 4885 ἑαυτῶν
1262 4828 1533 4899 θεολογεῖν
1560 4830 1764 4903 Κύριον

219 4906 299 4959 καὶ
318 4908 735 4986 λέγειν-’Μέγας
763 4918 979 4987 Κύριος
1002 4918 1097 4972 καί
1130 4917 1365 4985 αἰνετός
1396 4919 1632 4988 σφόδρα
1654 4937 1666 4950 ⁸
1695 4921 1762 4991 ἢν

220 4997 303 5083 καὶ
342 5003 596 5074 ὑμνητὸς
629 5007 897 5077 σφόδρα,
934 5008 1075 5063 κατὰ
1107 5009 1234 5074 τοὺς
1263 5010 1501 5073 λοιπούς.
1535 5013 1764 5083 Νοήσεις

222 5082 269 5137 δὲ
295 5088 429 5156 ὅπως
458 5098 627 5166 μέγας
658 5097 905 5168 εἴρηται,
937 5097 1245 5167 ἀναϐλέψας
1277 5101 1355 5162 είς
1390 5098 1481 5151 τὸν
1513 5082 1764 5169 οὐρανὸν,

224 5176 301 5260 καὶ
340 5180 423 5235 τὸν
457 5187 742 5258 σύμπαντα
789 5188 1159 5260 περιαθρήσας
1202 5189 1437 5260 κόσμον,
1483 5190 1623 5243 κατὰ
1672 5190 1764 5243 τὸν

237 5258 434 5323 Ἡσαΐαν
464 5276 707 5348 φήσαντα
724 5296 736 5309 '
772 5258 1063 5347 ’Ὲάάράτέ
1088 5282 1172 5345 είς
1195 5258 1351 5347 ὕψος
1381 5280 1523 5347 τοὺς
1548 5283 1767 5349 6970a}-

226 5355 355 5423 μοὺς
382 5364 559 5431 ὑμῶν,
583 5368 677 5421 καὶ
704 5369 856 5423 ἷδετε
879 5371 970 5435 τίς
992 5370 1299 5433 κατέδειξε
1330 5371 1515 5423 ταῦτα
1548 5372 1760 5424 πάντα

231 5440 288 5495 ἐκ
316 5455 585 5523 μεγέθους
620 5462 726 5527 γὰρ
764 5462 864 5514 καὶ
902 5460 1212 5526 καλλονῆς
1251 5460 1591 5529 κτισμάτων
1624 5463 1767 5515 ἀνα-

232 5532 397 5605 λόῖως
423 5548 453 5597 ό
477 5550 887 5620 γενεσιουργός
913 5550 1233 5619 θεωρεῖται·
1262 5552 1320 5603 οὺ
1355 5551 1649 5621 σωματικῷ
1680 5570 1765 5622 μες

298 5688 315 5718 ⁸
346 5693 440 5752 ita.
470 5714 534 5753 ιι.
553 5738 568 5762 ,
598 5700 688 5757 26.

1870 1859 2037 1912 runt?
2080 1858 2218 1925 Quia
2249 1857 2520 1913 Hebraica
2554 1874 2656 1911 vos
2687 1857 2989 1927 ipsissimis
3029 1856 3314 1909 elementis
3342 1868 3441 1907 ex.

1870 1950 2054 2019 primit
2083 1952 2235 2018 illud,
2270 1968 2408 2014 ctua,
2441 1961 2494 2009 et
2515 1953 2670 2015 illud,
2698 1951 2921 2020 populus
2947 1966 2965 2001 :
2990 1964 3115 2001 nam
3152 1948 3232 2002 sic
3258 1946 3440 2009 habet,

1871 2058 1954 2094 am
1982 2041 2373 2113 Elohim,quod
2396 2051 2470 2109 et,
2500 2060 2619 2100 cum
2645 2042 2775 2106 Deo,
2808 2049 2890 2105 et,
2926 2039 3149 2110 populus
3198 2038 3317 2105 Dei,
3348 2052 3437 2093 cx-

1869 2131 2057 2201 plicari
2092 2142 2288 2203 potest.

1939 2245 1991 2299 1.
2017 2240 2367 2301 CANTICUM
2407 2246 2657 2301 PSALM’l
2692 2244 2892 2300 FlLllS
2931 2244 3114 2300 CORE
3151 2241 3359 2300 XLVII.

1941 2354 2110 2411 Vens.
2143 2357 2197 2420 2,
2229 2358 2285 2413 5.
2317 2355 2544 2426 Magnus
2571 2356 2831 2409 Dominus
2857 2365 2905 2409 et
2938 2356 3228 2409 laudabilis
3270 2355 3441 2419 valde,

1869 2450 1924 2502 in
1957 2450 2166 2502 civitate
2198 2447 2291 2501 Dei
2322 2449 2511 2511 nostri,
2539 2450 2597 2501 in
2620 2457 2795 2501 monte
2815 2450 3168 2515 sanctoejus,
3211 2446 3335 2501 bene
3359 2463 3442 2499 ra-

1868 2541 2077 2603 dicato;
2102 2540 2425 2609 jubilalione
2458 2541 2717 2593 universa:
2745 2549 2922 2604 terrw,
2957 2551 3158 2593 montes
3187 2537 3337 2601 Sion,
3365 2537 3439 2589 lac

1871 2640 1983 2683 tera
2036 2630 2323 2699 aquilonis,
2362 2630 2548 2683 civitas
2598 2630 2734 2698 regis
2791 2630 2991 2698 magni.
3053 2627 3188 2682 Tres
3237 2630 3443 2697 priores

1870 2721 2087 2792 psalmi,
2126 2722 2220 2791 qui
2251 2722 2484 2789 ﬁliorum
2521 2720 2654 2775 Core
2688 2720 2934 2789 inscripti
2968 2728 3119 2780 sunt.
3160 2719 3432 2771 calamitao

1868 2816 1942 2870 tis
1971 2813 2290 2883 dolorisque
2319 2814 2483 2867 verba
2517 2813 2960 2882 complectuntur
2988 2829 3001 2866 :
3033 2818 3267 2878 quartus
3319 2822 3438 2861 mu-

1869 2905 2599 2973 tationemiujucundiorem
2622 2912 2824 2959 statum
2849 2902 3190 2975 signiﬁcabat
3215 2920 3226 2953 :
3252 2915 3440 2970 quare,

1871 2993 2149 3050 Canticum
2184 3010 2277 3063 pro
2302 2994 2490 3048 dilecto
2518 3034 2533 3057 ,
2559 2994 2877 3049 inscribitur
2903 3012 2916 3059 ;
2959 2993 3207 3047 similiter
3223 2991 3441 3061 quintus

1869 3102 1963 3156 pro
1986 3085 2206 3139 occultis
2223 3095 2340 3139 erat
2370 3104 2385 3138 ί
2414 3093 2603 3140 sextus
2627 3086 2753 3139 item
2781 3084 3031 3139 similiter
3048 3082 3292 3152 psalmus
3305 3093 3440 3134 erat.

1874 3176 1977 3231 Hic
2007 3179 2354 3246 vero,'quem
2376 3185 2695 3237 tractamus,
2727 3170 2985 3244 majorem
3006 3191 3168 3245 quam
3200 3174 3439 3243 superio-

1869 3284 1958 3323 res
1992 3268 2360 3338 complecteus
2397 3268 2918 3336 tbeologiam,jure.
2944 3266 3222 3321 Canticum
3255 3267 3447 3336 psalmi

1868 3359 1997 3428 ﬁliis
2024 3356 2176 3419 Core,
2215 3358 2512 3427 inscriptus
2537 3365 2624 3411 est
2659 3376 2670 3409 :
2708 3371 2813 3409 una
2847 3356 2991 3410 enim
3032 3356 3109 3409 illi
3137 3358 3363 3411 vocibus
3392 3364 3443 3409 et

1868 3449 2108 3501 clan‘iore
2162 3446 2329 3501 Deum
2379 3447 2766 3512 celebrabant;
2800 3448 2854 3500 bi
2902 3463 3031 3501 vero
3068 3448 3439 3503 instrumentis

1869 3538 2096 3592 musicis
2131 3538 2270 3593 idem
2301 3539 2594 3608 pulsabant
2622 3541 2920 3602 canticum,
2957 3554 3066 3593 uno
3091 3549 3359 3594 concentu
3382 3553 3439 3594 at

1869 3630 2242 3684 modulatione
2307 3630 2652 3683 harmoniam
2703 3632 3117 3684 concinnantes.
3170 3629 3442 3699 Hymninn

1869 3734 2000 3773 vero
2029 3735 2128 3788 pro
2158 3720 2403 3774 Ecclesia
2434 3722 2688 3774 emittunt
2716 3722 2787 3782 ei,
2820 3722 2914 3789 qui
2960 3721 3027 3774 de
3057 3721 3295 3773 inimicis
3333 3721 3436 3773 vic-

1870 3812 2063 3865 toriam
2088 3814 2408 3881 reportavit,
2439 3820 2493 3865 et
2527 3810 2824 3865 Ecclesium
2850 3828 3006 3865 suam
3029 3812 3097 3866 ab
3128 3814 3321 3866 acerba
3355 3810 3442 3864 illa

1869 3913 1921 3955 et
1950 3904 2085 3955 dura
2116 3903 2378 3957 servitute
2410 3902 2680 3958 liberavit.
2722 3902 3046 3958 Praecedens
3087 3904 3268 3972 itaque
3298 3902 3437 3971 psal-

1870 4009 1992 4047 mus
2022 3994 2275 4063 gentibus
2306 3994 2684 4064 praacipiebat,
2719 4003 2778 4049 ut
2812 3996 3129 4066 plauderent
3150 4003 3203 4049 et
3235 3995 3439 4063 jubila-

1868 4096 1991 4141 rent
2024 4086 2135 4140 Deo
2159 4088 2212 4139 in
2257 4101 2389 4141 voce
2416 4078 2839 4153 'exsultationis,
2877 4103 2940 4141 ac
2986 4088 3279 4158 psallerent
3312 4088 3440 4157 ipsi.

1868 4179 2121 4249 quoniam
2170 4192 2262 4230 rea:
2305 4179 2475 4231 omnis
2527 4188 2682 4232 terra:
2736 4178 2879 4231 Deus
2914 4194 2931 4231 :
2961 4162 3258 4247 psallerent
3315 4179 3439 4232 item

1870 4272 2164 4339 sapienter,
2200 4269 2330 4338 quia
2367 4269 2614 4338 regnarit
2638 4271 2691 4323 in
2735 4277 2946 4337 gentes.
2975 4264 3231 4334 Oportuit
3260 4275 3438 4321 autem

1866 4363 2054 4433 jussos
2092 4363 2282 4417 isthaec
2316 4376 2495 4432 agere,
2524 4370 2688 4430 atque
2716 4357 3055 4428 jubilationis
3093 4357 3313 4410 modum
3353 4358 3437 4426 ip-

1871 4471 2101 4526 sumque
2127 4457 2397 4527 psalmum
2428 4457 2585 4526 quasi
2617 4470 2647 4508 a
2680 4451 2944 4519 magistro
2997 4448 3272 4513 ediscere;
3303 4463 3440 4516 qua-

1867 4541 2093 4620 propter
2112 4564 2142 4603 e
2161 4565 2219 4604 re
2248 4563 2489 4619 praesens
2519 4558 2698 4602 sermo
2723 4539 2778 4595 id
2827 4539 3038 4593 edocet.
3070 4537 3439 4593 Instituuntur

1871 4642 2055 4711 itaque
2081 4649 2290 4712 gentes,
2324 4656 2389 4696 ex
2421 4640 2697 4709 impietate
2734 4631 2800 4685 ad
2844 4630 3095 4685 divinam
3124 4631 3433 4685 doctrinam

1872 4734 2169 4796 translatae,
2201 4740 2261 4787 ut
2291 4730 2576 4787 Dominum
2612 4725 2812 4780 divinis
2852 4724 3014 4778 dictis
3064 4722 3337 4778 celebrent
3360 4736 3436 4776 iac

1868 4822 2053 4877 dlcant
2080 4820 2347 4890 :Magnus
2379 4820 2631 4873 Dominus
2672 4824 2723 4869 et
2761 4812 3047 4868 laudabilis
3075 4812 3259 4876 oaide;
3288 4815 3434 4878 sive,

1867 4922 1916 4968 et
1947 4914 2289 4969 celebrandas
2324 4909 2492 4973 valde,
2522 4906 2820 4964 secundum
2854 4905 3113 4975 reliquos.
3134 4904 3313 4960 Probe
3340 4919 3435 4958 au-

1868 5014 1978 5061 tem
2028 5007 2299 5077 intelligas
2329 5017 2498 5072 quare
2540 5013 2769 5068 magnus
2793 4996 3043 5061 dicatur,
3075 4997 3123 5051 si
3168 4997 3435 5066 respicias

1864 5099 1924 5152 in
1947 5100 2146 5153 coelum
2169 5138 2185 5162 ,
2219 5098 2263 5152 si
2310 5102 2483 5148 totum
2528 5091 2714 5145 orbem
2763 5088 3201 5156 circumspicias,
3235 5100 3434 5142 secun-

1869 5193 1997 5245 dum
2080 5190 2270 5245 Isaiam
2343 5187 2421 5240 sic
2477 5179 3097 5252 loquentem:Attollite
3164 5180 3220 5232 in
3267 5179 3436 5233 altum

1873 5281 2053 5335 oculos
2078 5287 2293 5337 vestros,
2322 5282 2373 5326 et
2400 5272 2566 5325 videte
2587 5269 2959 5338 quisostenrlit
2986 5266 3094 5321 lucc
3119 5267 3299 5319 omnia
3328 5278 3438 5318 :ea:

1869 5369 2227 5443 magnitudine
2253 5367 2391 5420 enim
2422 5372 2788 5417 creaturarum
2807 5401 2822 5424 ,
2842 5361 3187 5430 proportione
3205 5356 3438 5417 quadam

1868 5473 2075 5519 creator
2105 5458 2424 5527 conspicitur
2443 5458 2463 5488 °
2490 5474 2504 5522 ;
2538 5470 2645 5509 non
2703 5452 3083 5524 magnitudine
3132 5462 3395 5519 corporea
3418 5485 3435 5508 ,

1870 5554 1961 5610 sed
1988 5547 2533 5621 incomprehensibili
2564 5547 2768 5603 virtute
2792 5562 2808 5613 ;
2842 5545 2952 5600 imo
2981 5545 3147 5600 etiam
3174 5538 3437 5611 sapientis
