3822 6280
329 325 336 328 ’
417 329 524 379 419

1148 317 1417 375 EUSEBII
1455 315 1936 388 CESARIENSIS
1967 315 2117 374 OPP.
2159 316 2341 373 PARS
2379 315 2466 372 lll.
2489 347 2558 357 -—
2581 315 2993 374 EXEGETICA.
3553 325 3655 386 .420

417 455 648 512 magnus
670 447 773 504 est,
804 437 1050 494 bonitate
1068 477 1083 503 ,
1110 437 1400 493 tolerantia
1426 476 1441 501 ,
1481 437 1794 502 clementia,
1825 446 1984 491 caete—

2089 437 2260 508 γέθει,
2295 437 2522 507 δυνάμει
2547 436 2603 490 δὲ
2633 435 3007 508 ἀκαταλήπτῳ
3027 451 3042 464 ·
3077 436 3213 490 ἀλλά
3245 439 3339 490 καὶ
3384 437 3544 511 σοφίᾳ
3576 443 3654 512 μέ-

416 531 599 601 risque
632 531 686 585 in
711 546 777 585 eo
805 530 1057 601 cogitatis
1087 528 1290 585 divinis
1311 528 1644 591 virtutibus;
1696 543 1866 598 quare
1909 527 1993 582 di-

421 628 567 674 ctum
591 627 676 676 est
704 638 717 674 :
759 618 828 672 Et
856 618 1264 688 cogitationibus
1297 617 1401 671 tuis
1426 634 1530 672 non
1564 627 1642 672 est
1682 617 1770 686 qui
1798 617 1991 670 similis

415 713 485 766 sit
517 711 673 779 tibi7.

486 919 692 975 Atheos
745 917 1056 989 quosdam,
1113 923 1167 971 et
1216 916 1492 970 daemones
1560 913 1991 969 incantationum

419 1028 670 1074 auctores
700 1014 948 1090 [carpit],
981 1013 1076 1084 qui
1101 1029 1329 1084 regnum
1361 1028 1521 1069 suum
1551 1012 1606 1065 in
1639 1020 1783 1067 terra
1811 1012 1994 1066 lirma-

421 1111 512 1174 vit,
545 1116 597 1164 et
627 1108 810 1162 omnia
840 1108 992 1177 prius
1025 1114 1344 1161 enumerata
1377 1106 1431 1159 in
1456 1104 1770 1159 hominibus
1795 1103 1988 1174 imple-

420 1206 513 1262 vit.
546 1205 731 1275 Neque
757 1205 933 1259 solum
966 1217 1196 1272 magnus
1219 1212 1321 1270 est,
1355 1203 1449 1258 sed
1487 1205 1650 1257 etiam
1701 1203 1992 1259 laudabilis

420 1297 574 1351 valde
607 1315 620 1350 :
656 1311 765 1350 non
795 1295 1012 1364 quidem
1054 1295 1196 1364 apud
1231 1310 1425 1351 omnes
1455 1311 1556 1350 nec
1587 1295 1643 1351 in
1676 1297 1824 1350 omni
1847 1297 1988 1360 loco,

416 1386 511 1441 sed
544 1385 598 1438 in
619 1384 840 1439 civitate
872 1383 966 1437 Dei
995 1385 1169 1437 nostri
1208 1394 1262 1439 et
1308 1385 1362 1440 in
1403 1378 1588 1441 monte
1625 1383 1990 1455 sanc'to'ejus.

397 1475 554 1542 .Quia
579 1477 614 1530 ii
644 1477 735 1547 qui
760 1483 914 1530 extra
943 1475 1218 1531 civitatem
1240 1477 1360 1548 ejus
1385 1485 1534 1542 sunt,
1561 1477 1757 1532 divinae
1789 1478 1992 1533 doctri-

419 1593 499 1632 nae
535 1576 794 1647 imperiti,
844 1578 1100 1632 nesciunt
1139 1591 1248 1646 quo
1292 1584 1456 1648 pacto
1489 1575 1852 1632 celebrandas
1895 1578 1986 1644 sit,

417 1691 515 1731 uec
543 1677 703 1748 digne
733 1676 918 1732 divina
941 1678 1088 1746 loqui
1113 1685 1380 1747 possunt;
1413 1691 1586 1748 quare
1617 1676 1987 1732 venerandum

397 1765 546 1821 illud
573 1780 794 1833 nomen,
825 1765 892 1820 ad
917 1766 1273 1820 inanimatam
1308 1766 1592 1821 materiam
1615 1765 1986 1836 projecerunt,
2027 1783 2067 1838 Β

418 1866 507 1911 aut
553 1858 612 1913 in
648 1859 966 1913 animalium
1016 1859 1476 1914 irrationabilium
1521 1873 1746 1930 genera,
1781 1859 1898 1913 sive
1934 1859 1988 1912 in

415 1949 699 2016 elementa,
721 1957 945 2014 terram,
977 1964 1198 2020 aquam,
1221 1964 1424 2014 aerem,
1456 1949 1635 2022 ignem
1657 1965 1672 2015 ;
1697 1949 1812 2005 sive
1826 1950 1989 2005 etiam

419 2039 476 2093 in
507 2040 696 2094 mundi
726 2048 911 2110 partes
940 2059 952 2094 :
981 2050 1144 2111 atque
1178 2041 1269 2095 alii
1308 2041 1416 2096 alio
1445 2041 1552 2096 ritu
1597 2040 1666 2095 de
1693 2040 1804 2095 Deo
1828 2039 1992 2110 impie

417 2144 736 2204 senserunt;
770 2137 978 2192 idcirco
1008 2153 1134 2192 cum
1173 2137 1338 2193 alieni
1358 2145 1542 2193 essent
1566 2151 1597 2191 a
1621 2135 1841 2191 civitate
1859 2133 1987 2201 Dei,

415 2241 445 2279 a
479 2243 608 2282 vero
637 2227 841 2298 hymno
871 2229 1008 2298 lapsi
1042 2237 1192 2283 sunt.
1223 2228 1430 2283 Civitas
1463 2241 1630 2298 porro
1658 2225 1756 2281 Dei
1789 2225 1988 2294 nostri,

418 2317 663 2373 Ecclesia
708 2327 811 2383 est,
840 2334 962 2388 quae
994 2333 1159 2389 supra
1189 2318 1407 2387 eloquio
1435 2316 1748 2387 hujusmodi
1782 2317 1990 2372 indica-

414 2417 543 2463 tur:
574 2407 844 2464 Fluminis
899 2411 1125 2479 impetus
1175 2410 1455 2478 laetiﬁcant
1525 2410 1790 2462 ciuitatem
1842 2407 1990 2463 Dei:

415 2499 765 2566 sanctiﬁcavit
799 2497 1198 2553 tabernaculum
1227 2514 1380 2553 suum
1398 2496 1708 2552 Altissimus
1726 2496 1768 2550 ⁸.
1794 2495 1859 2550 Et
1877 2496 1990 2551 lucc

415 2580 634 2658 quidem
665 2588 733 2643 de
759 2603 844 2652 ea,
877 2604 998 2658 quae
1022 2589 1078 2644 in
1129 2596 1276 2644 terra
1319 2596 1424 2654 est,
1475 2587 1755 2655 Ecclesia;
1787 2587 1856 2642 de
1881 2601 1992 2656 qua
2059 2641 2062 2644 .

415 2690 620 2744 dictum
671 2697 755 2745 est
805 2687 1184 2743 :‘lnhabitabo
1239 2688 1294 2741 in
1356 2687 1466 2742 illis
1507 2697 1558 2742 et
1601 2685 1987 2741 inambulabo:

414 2790 461 2836 et
476 2798 565 2835 ero
585 2781 802 2834 illorum
823 2779 979 2844 Deus,
1000 2788 1050 2832 et
1075 2780 1174 2848 ipsi
1191 2787 1346 2832 erunt
1372 2777 1502 2831 mihi
1522 2777 1743 2847 populus
1765 2779 1808 2831 ’.
1831 2775 1988 2843 Quod

421 2874 466 2929 si
498 2888 606 2944 qua
633 2871 706 2929 sit
729 2873 835 2927 alia
871 2871 976 2927 hac
1013 2871 1208 2926 melior
1237 2870 1454 2936 civitas,
1487 2868 1646 2939 cujus
1692 2867 1888 2924 artifex
1934 2875 1990 2922 et

413 2965 669 3021 conditor
703 2967 751 3020 ls
782 2965 898 3036 ipse
933 2964 1040 3032 sit,
1072 2962 1382 3034 perpende,
1421 2976 1532 3033 quo
1570 2970 1731 3032 pacto
1791 2961 1848 3015 in
1895 2961 1988 3016 illa

410 3069 578 3124 etiam
610 3083 842 3140 magnus
867 3109 883 3135 ,
911 3065 1277 3123 celebrandas
1309 3071 1364 3120 et
1387 3064 1678 3120 laudabilis
1701 3065 1774 3120 sit
1805 3064 1984 3129 valde,

413 3174 536 3214 cum
559 3159 614 3212 in
643 3174 706 3214 ea
730 3175 832 3228 pro
859 3158 1126 3228 dignitate
1153 3155 1514 3227 intelligatur,
1546 3170 1612 3211 ac
1638 3155 1841 3211 divinis
1863 3171 1988 3209 ver-
2017 3163 2056 3215 (ι

2095 545 2200 595 γας
2235 527 2354 579 ἐστὶ
2391 526 2485 579 καὶ
2521 524 2820 596 ἀγαθότητι
2854 526 2948 578 καὶ
2981 524 3303 596 ἀνεξικακίᾳ
3347 527 3438 578 καὶ
3484 529 3653 595 φιλαν-

2096 613 2339 686 θρωπίᾳ,
2371 616 2491 677 ταῖς
2519 631 2578 666 τε
2604 613 2818 678 λοιπαῖς
2842 614 3255 684 ἐπινοουμέναις
3301 615 3358 666 ἐν
3387 615 3534 685 αὑτῷ
3562 618 3653 670 θεῖ-

2097 707 2220 768 καῖς
2244 703 2502 774 δυνάμεσι
2523 719 2536 732 ο
2574 704 2653 757 διὸ
2676 703 2922 758 λέλεκται
2938 720 2951 734 ·
2980 706 3089 758 Καὶ
3122 704 3246 770 τοῖς
3267 705 3654 779 διαλογισμοῖς

2096 809 2212 848 σου
2241 795 2351 847 οὐκ
2374 793 2507 847 ἔστι
2541 794 2631 878 τίς
2661 792 3134 862 ὁμοιωθήσεται.-

2177 905 2396 969 Ἀθέους
2432 905 2584 969 τινὰς
2630 905 2789 968 ὅντας
2825 905 3084 976 δαίμονας
3135 906 3359 977 ἐπῳδῶν
3406 908 3530 977 (sic)
3571 925 3654 963 πε-

2095 995 2422 1066 ποιημένους
2467 996 2496 1047 ό
2534 993 2632 1066 τὴν
2667 995 2858 1048 ἐαυτοῦ
2902 993 3174 1064 βασιλείαν
3202 996 3292 1048 ἐπὶ
3334 996 3437 1066 γῆν
3473 1013 3656 1072 συοτηα

2097 1087 2356 1156 σάμενος,
2384 1085 2478 1140 καὶ
2505 1086 2574 1138 τὰ
2607 1086 2725 1139 καθ’
2752 1086 2980 1139 ’ἑκαστον
3024 1086 3133 1138 τῶν
3163 1086 3472 1158 ἔμπροσθεν
3501 1107 3656 1160 κατηο

2100 1178 2458 1249 ριθμημένων
2491 1179 2550 1229 ἐν
2594 1176 2899 1248 ἀνθρώποις
2929 1177 3262 1241 ἐπιτελέσας.
3309 1181 3384 1232 Οὑ
3425 1181 3578 1250 μόνον
3611 1183 3657 1236 δὲ

2101 1271 2269 1342 μέγας
2296 1270 2462 1333 ἐστὶν,
2486 1267 2620 1322 ἀλλά
2647 1269 2739 1322 καὶ
2767 1269 3004 1340 ὑμνητὸς
3031 1269 3234 1340 σφόδρα
3252 1287 3264 1299 ·
3291 1271 3352 1322 οὑ
3392 1272 3502 1342 μὴν
3524 1276 3658 1343 παρὰ

2097 1360 2295 1426 πᾶσιν,
2327 1359 2448 1412 οὑδὲ
2485 1361 2542 1411 ἐν
2587 1359 2747 1412 παντὶ
2792 1360 2976 1429 τόπῳ,
3021 1360 3135 1412 ἀλλ’
3177 1363 3233 1413 ἐν
3278 1363 3342 1431 τῇ
3387 1361 3540 1414 πόλει
3578 1365 3655 1417 τοῦ

2095 1449 2228 1503 Θεοῦ
2261 1450 2449 1520 ἡμῶν,
2478 1451 2568 1502 καὶ
2600 1452 2656 1502 ἐν
2689 1449 2766 1520 τῷ
2798 1450 2912 1521 ὄρει
2946 1452 3086 1522 ἁγίῳ
3114 1451 3297 1504 αὑτοῦ.
3339 1454 3595 1526 Ἐπείπερ
3616 1459 3656 1509 οἰ

2095 1539 2200 1606 ἔξω
2227 1540 2327 1610 τῆς
2358 1539 2522 1592 αὑτοῦ
2557 1539 2766 1602 πόλεως
2785 1580 2798 1603 ,
2828 1539 3056 1610 ἀμαθεῖς
3080 1541 3232 1604 ὄντες
3257 1541 3356 1613 τῆς
3386 1542 3570 1596 ἐνθέου
3594 1544 3658 1598 δι-

2095 1633 2392 1696 δασκαλίας
2416 1676 2429 1698 ,
2464 1634 2562 1686 οὑκ
2611 1633 2789 1687 ἴσασιν
2823 1633 2984 1685 αὑτὸν
3019 1635 3242 1702 ὑμνεῖν,
3283 1635 3392 1687 οὐδ’
3438 1635 3658 1700 ἐπαξίως

2097 1722 2398 1793 θεολογεῖνο
2437 1725 2626 1798 διόπερ
2673 1725 2770 1795 τὴν
2817 1723 3109 1794 σεϐάσμιον
3163 1727 3537 1797 προσηγορίαν
3580 1727 3657 1780 ἐπὶ

2091 1814 2190 1886 τὴν
2215 1815 2419 1886 ἄψυχον
2451 1815 2580 1886 ὓλην
2629 1815 3100 1884 καταϐεϐλήκασιν
3123 1853 3137 1880 ,
3184 1816 3216 1886 ἦ
3265 1816 3420 1881 ζώων
3465 1816 3657 1886 ἀλόγων

2091 1907 2225 1978 γένη
2246 1947 2261 1971 ,
2292 1906 2326 1977 ἢ
2353 1907 2444 1959 ἐπὶ
2473 1906 2540 1960 τὰ
2568 1910 2804 1977 στοιχεῖα
2824 1948 2838 1973 ,
2874 1907 2976 1976 γῆν
2997 1951 3010 1973 ,
3040 1908 3183 1978 ’ὑδωρ
3207 1947 3222 1971 ,
3259 1908 3397 1978 ἀέρτιι⁸
3421 1949 3438 1973 ,
3472 1909 3604 1980 πῦρ,
3627 1909 3656 1980 ἢ

2093 1999 2188 2051 ἐπὶ
2216 1999 2285 2051 τά
2312 1999 2449 2070 μέρη
2472 1999 2565 2052 τοῦ
2594 1999 2800 2069 κόσμου
2820 2015 2833 2029 ·
2871 1999 2966 2053 καὶ
2994 1998 3141 2053 ἄλλοι
3189 1999 3365 2063 ἄλλως
3390 2017 3512 2064 πως
3545 2001 3657 2073 περὶ

2092 2091 2226 2144 Θεοῦ
2256 2092 2512 2156 ἐδόξασαν
2540 2092 2754 2156 ἀσεϐῶς
2778 2111 2791 2125 ο
2823 2094 2916 2146 καὶ
2961 2091 3050 2146 διὰ
3087 2092 3272 2155 τοῦτο,
3321 2094 3421 2164 τῆς
3469 2092 3656 2156 πόλεως

2091 2184 2241 2247 ὄντες
2272 2183 2540 2254 ἀλλότριοι
2585 2183 2680 2237 τοῦ
2720 2183 2887 2249 Θεοῦ,
2929 2183 3361 2238 ἀποπεπτωκασι
3401 2183 3501 2237 τοῦ
3543 2184 3657 2254 ἀλη-

2093 2275 2219 2338 θοῦς
2259 2273 2448 2346 ὕμνου.
2488 2275 2649 2338 Πόλις
2679 2274 2736 2327 δὲ
2773 2274 2867 2328 τοῦ
2895 2274 3030 2327 Θεοῦ
3063 2275 3221 2346 ἡμῶν
3263 2277 3297 2347 ἡ
3337 2275 3656 2348 Ἐκκλησία,

2091 2366 2156 2436 ἢν
2181 2365 2275 2418 καὶ
2303 2365 2371 2418 τά
2399 2365 2654 2434 ἀνωτέρω
2678 2364 2863 2436 ἐδήλου
2888 2365 3044 2434 λόγια
3061 2406 3076 2432 ,
3105 2366 3172 2418 δι’
3205 2359 3281 2419 ὧν
3305 2366 3497 2438 είρητο
3515 2383 3530 2397 ’
3559 2365 3654 2421 Τοῦ

2091 2457 2358 2528 ποταμοῦ
2383 2457 2456 2511 τὰ
2481 2456 2790 2526 ὀρμήματα
2810 2458 3205 2526 εὐφραίνουσι
3226 2456 3342 2526 τὴν
3356 2460 3542 2512 πόλιν
3563 2455 3654 2513 τοῦ

2093 2548 2241 2603 Θεοῦ
2263 2565 2277 2578 ο
2310 2549 2525 2616 ήτίασε
2549 2547 2613 2601 τὸ
2637 2547 2926 2616 σκήνωμα
2955 2547 3143 2602 αὑτοῦ
3166 2552 3199 2602 d
3224 2550 3533 2616 Ὕψιστος.
3561 2551 3656 2602 Καὶ

2090 2639 2264 2694 ταῦτα
2294 2639 2393 2710 μὲν
2425 2639 2551 2710 περὶ
2583 2639 2681 2710 τῆς
2723 2638 2866 2692 κατά
2897 2639 3002 2708 γῆν
3055 2633 3411 2709 Ἐκκλησίας·
3447 2637 3574 2708 περὶ

2090 2732 2339 2804 εἴρηται·
2387 2728 2706 2796 Ἐνοικήσω
2729 2730 2800 2784 ἐν
2831 2730 3034 2796 αὐτοῖς
3058 2730 3158 2785 καί
3185 2729 3652 2799 ἐμπεριπατήσω·

2090 2825 2189 2879 καί
2227 2810 2438 2895 ἔσομαι
2477 2821 2676 2877 αὐτῶν
2721 2822 2894 2888 Θεὸς,
2940 2822 3039 2876 καὶ
3079 2822 3248 2876 αὐτοὶ
3279 2823 3531 2876 ἔσονταί
3568 2830 3655 2890 μοι

2088 2917 2258 2982 λαός.
2285 2917 2347 2968 Εἰ
2377 2915 2419 2967 δ’
2445 2914 2559 2968 ἔστι
2587 2931 2669 2977 τις
2698 2912 2830 2985 ἄλλη
2861 2913 3126 2986 κρείττων
3159 2913 3363 2984 ταύτης
3398 2913 3575 2978 πόλις,
3596 2899 3655 2985 ἧς

2091 3007 2342 3079 τεχνίτης
2386 3006 2484 3060 καὶ
2535 3003 2862 3076 δημιουργὸς
2901 3003 3096 3067 αὑτός·
3143 3004 3239 3057 θέα
3283 3006 3432 3068 ὅπως
3468 3005 3563 3058 καὶ
3605 3005 3656 3056 ἐν

2089 3100 2262 3173 ταύτῃ
2290 3099 2461 3171 μέγας
2484 3098 2576 3151 καὶ
2622 3097 2858 3167 ὑμνητὸς
2879 3136 2893 3161 ,
2919 3097 3012 3149 καί⁵
3041 3097 3250 3160 αἰνετός
3275 3098 3394 3150 ἐστι
3427 3086 3654 3168 σφόδρα,

2091 3191 2210 3242 κατ’
2255 3188 2412 3254 ἀξίαν
2455 3185 2743 3256 νοούμενος
2794 3186 2852 3236 ἐν
2895 3184 3032 3255 αὑτῇ
3080 3185 3174 3238 καὶ
3203 3181 3653 3260 ⁴θεολογούμενος.

410 3251 496 3306 bis
522 3250 849 3305 celebretur.
881 3249 942 3303 ln
971 3262 1081 3318 quo
1117 3255 1300 3303 autem
1331 3255 1491 3302 terrae
1521 3246 1642 3301 loco
1665 3246 1862 3300 civitas
1902 3243 1984 3298 illa

2089 3279 2188 3332 Ποῖ
2215 3280 2272 3332 δὲ
2295 3243 2396 3349 γῆς
2422 3243 2765 3348 ᾠκοδόμηται
2798 3276 2833 3346 ἡ
2872 3243 3032 3339 πόλις.
3055 3257 3231 3345 αὓτη,
3266 3277 3295 3328 ὁ
3331 3243 3429 3345 μέν
3453 3243 3656 3346 ιξίαλμδς

411 3339 503 3403 sit,
538 3337 614 3392 ita
643 3334 800 3394 docet
833 3338 1077 3408 psalmus
1108 3356 1122 3391 :
1157 3336 1226 3390 In
1264 3345 1437 3390 monte
1475 3344 1659 3390 sancto
1694 3335 1810 3402 eius
1860 3333 1984 3388 bene

411 3429 690 3495 radicato;
725 3430 780 3485 id
805 3435 909 3495 est,
946 3430 1084 3485 bene
1108 3428 1356 3494 fundato,
1393 3435 1448 3484 et
1495 3427 1766 3492 radicato,
1801 3433 1856 3482 et
1893 3441 1987 3480 ea:-

410 3521 698 3576 sultatione
745 3521 1000 3577 universa:
1038 3529 1212 3575 terra.
1253 3519 1444 3586 Qualis
1483 3533 1650 3589 porro
1695 3533 1853 3574 mons
1894 3518 1986 3573 ille

410 3614 504 3679 sit,
544 3629 774 3687 magnus
795 3607 954 3669 docet
980 3613 1276 3685 Apostolus
1298 3613 1386 3669 his
1405 3611 1589 3668 verbis
1613 3630 1626 3665 ε
1652 3610 1983 3665 Accessimus

409 3705 479 3760 ad
511 3703 640 3760 Sion
659 3714 887 3762 montem
907 3744 923 3772 ,
951 3715 1002 3760 et
1035 3706 1300 3760 civitatem
1342 3703 1442 3758 Dei
1478 3703 1694 3758 viventis
1714 3741 1730 3767 ,
1760 3699 1985 3756 Jerusa-

407 3798 510 3853 lem
537 3801 815 3869 caelestem,
850 3811 901 3856 et
942 3802 1233 3858 multorum
1271 3802 1503 3856 millium
1539 3800 1843 3871 angelorum
1883 3799 1986 3869 fre-

407 3895 696 3962 quentiam,
747 3904 797 3949 et
850 3893 1148 3952 Ecclesium
1189 3895 1680 3966 primogenitorum,
1720 3895 1812 3964 qui
1857 3909 1984 3948 con-

408 3993 592 4060 scripti
624 4005 747 4048 sunt
775 3998 829 4049 in
853 3997 1075 4053 caelis".
1103 3999 1362 4053 Eamdem
1398 4012 1530 4052 vero
1549 4011 1672 4051 esse
1701 3994 1982 4050 civitatem

410 4080 504 4136 Dei
525 4097 708 4138 veram
759 4087 875 4156 ipse
921 4089 1163 4144 declarat
1204 4089 1394 4145 dicens
1429 4085 1575 4144 :Illa
1621 4095 1817 4151 autem,
1863 4100 1982 4156 qua:

409 4188 618 4226 sursum
661 4183 740 4227 est
787 4175 1108 4243 Jerusalem,
1172 4178 1339 4234 libera
1387 4187 1486 4246 est,
1531 4194 1647 4248 qua?
1693 4187 1770 4231 est
1812 4186 1982 4230 mater

411 4265 676 4317 nostra“.
713 4263 866 4320 Mons
907 4277 1089 4324 autem
1137 4268 1250 4325 Deo
1289 4270 1520 4341 dignus,
1566 4269 1742 4338 ipsum
1781 4268 1980 4321 coelum

410 4359 516 4407 est.
556 4352 696 4418 Quia
721 4369 850 4410 vero
871 4356 1119 4417 homines
1151 4363 1207 4416 in
1234 4371 1378 4417 terra
1402 4361 1660 4431 degentes
1683 4374 1851 4431 regno
1879 4372 1980 4415 suo

410 4452 736 4523 dedignatus
764 4469 873 4509 non
895 4463 1015 4524 est;
1038 4459 1091 4514 id
1117 4462 1262 4517 enim
1294 4461 1639 4533 signiﬁcabat
1662 4461 1978 4532 praecedens

2087 3371 2327 3425 διδάσκει
2386 3370 2590 3437 λέγων’
2647 3369 2744 3422 Ἐν
2799 3369 2919 3437 ὄρει
2979 3371 3126 3439 ἁγίῳ
3177 3371 3362 3424 αὐτοῦ
3422 3359 3653 3438 capitur

2086 3463 2332 3515 τουτέστι
2360 3461 2436 3532 τῷ
2461 3458 2519 3516 εὖ
2549 3461 2996 3533 τεθεμελιωμένῳ
3033 3462 3126 3516 καὶ
3163 3459 3544 3532 ἐρριζωμένῳ,
3573 3460 3656 3514 καὶ

2085 3553 2164 3620 τῷ
2201 3553 2594 3624 ἀγαλλιὰματι
2640 3555 2844 3621 πάσης
2879 3553 2989 3621 τῆς
3014 3550 3145 3623 γῆς.
3189 3553 3348 3605 Ποῖον
3391 3543 3438 3604 δ’
3474 3552 3544 3606 ἂν
3579 3553 3653 3621 εἴη

2083 3647 2242 3700 τοῦτο
2274 3647 2332 3700 τὸ
2371 3647 2515 3718 ὅρος,
2565 3649 2594 3699 ὁ
2621 3646 2794 3716 μέγας
2842 3643 3160 3708 ’Δπόστολος
3191 3644 3430 3698 διδάσκει
3459 3644 3652 3712 λέγων·

2083 3741 2629 3807 Προσεληλύθαμεν
2655 3736 2807 3790 Σιὼν
2835 3737 2956 3805 ὄρει
2987 3736 3083 3789 καὶ
3117 3735 3289 3788 πόλει
3329 3734 3480 3788 Θεοῦ
3524 3725 3654 3794 τῶν·

2085 3846 2190 3897 τος
2222 3828 2608 3899 Ἰερουσαλὴμ
2654 3827 3016 3900 ἐπουρανίῳ,
3049 3825 3152 3882 καὶ
3177 3823 3466 3896 μυριάσιν
3499 3815 3655 3895 ἀγγέ-

2083 3925 2210 3976 λων
2242 3921 2570 3989 πανηγύρει
2609 3920 2710 3973 καὶ
2739 3920 3068 3988 Ἐκκλησία
3099 3917 3489 3987 πρωτοτόκων
3515 3907 3655 3970 ἄπο-

2083 4011 2498 4083 γετραμμένων
2535 4011 2605 4064 ἐν
2635 4011 2932 4078 οὐρανοῖς.
2973 4007 3187 4078 Ταύτην
3220 4004 3277 4061 δέ
3316 4000 3487 4076 αὑτὴν
3529 3994 3654 4058 εἶναι

2080 4103 2180 4172 τὴν
2209 4102 2360 4156 πόλιν
2391 4100 2483 4154 τοῦ
2507 4097 2641 4154 Θεοῦ
2669 4098 2765 4169 τὴν
2791 4100 3046 4170 ἀληθινὴν
3072 4099 3101 4151 ὁ
3125 4095 3285 4162 αὑτὸς
3311 4094 3554 4170 παρίστη
3578 4097 3653 4152 Xl-

2081 4210 2194 4262 γων
2214 4210 2228 4223 ·
2265 4195 2326 4249 Ἠ
2348 4192 2416 4245 δὲ
2443 4192 2566 4246 ἄνω
2601 4190 2987 4260 Ἰερουσαλὴμ
3010 4190 3294 4257 ἐλευθέρα
3317 4185 3514 4253 ἐστίν,
3535 4191 3653 4256 ἥτις

2080 4286 2211 4340 ἐστὶ
2235 4285 2432 4355 μήτηρ
2473 4285 2660 4354 ἡμῶν.
2689 4285 2852 4354 Ὀρος
2878 4282 2934 4335 δὲ
2963 4281 3055 4335 τοῦ
3085 4281 3218 4334 Θεοῦ
3247 4280 3472 4347 ἐπάξιον
3501 4275 3652 4342 αὑτὸς

2081 4378 2110 4430 ό
2139 4377 2387 4448 οὐρανός.
2426 4375 2642 4448 Ἐπειδὴ
2673 4376 2729 4428 δὲ
2775 4373 2868 4428 καὶ
2909 4374 3033 4437 τοὺς
3077 4374 3167 4426 ἐπὶ
3205 4371 3309 4442 γῆς
3341 4371 3650 4443 ἀνθρώπους

2081 4469 2181 4523 οὑκ
2207 4469 2488 4540 ἀπηξίωσε
2517 4469 2617 4538 τῆς
2651 4466 2858 4529 οἰκείας
2891 4467 3190 4537 βασιλείαςο
3222 4460 3379 4517 τοῦτο
3404 4455 3517 4535 γάρ
3541 4463 3650 4533 ἐδή-

366 4587 370 4589 »
410 4547 656 4616 psalmus
676 4545 866 4602 dicens
893 4547 1036 4601 :Rea:
1068 4554 1234 4608 omnis
1263 4564 1415 4609 terra?
1445 4553 1610 4617 Deus,
1643 4553 1858 4621 psallite
1885 4569 1977 4607 sa-

2089 4562 2174 4615 λου
2205 4564 2233 4615 ὁ
2267 4562 2372 4633 πρὸ
2409 4561 2598 4614 τούτου
2632 4560 2842 4630 ὑαλμὸς
2872 4559 3079 4627 λέγων’
3109 4549 3408 4623 Βασιλεὺς
3456 4553 3650 4622 πόσης

409 4639 610 4704 pienter
634 4651 652 4691 :
675 4639 906 4708 regnavit
932 4638 1070 4692 Deus
1102 4657 1257 4710 super
1283 4654 1458 4715 gentes
1473 4647 1548 4711 ";
1575 4644 1701 4714 jure
1739 4643 1795 4698 in
1829 4651 1974 4698 terra

2089 4652 2192 4720 τῆς
2223 4651 2336 4722 γῆς
2364 4655 2397 4705 ὀ
2431 4651 2602 4716 Θεὸς,
2640 4649 2873 4719 ψάλιιτε
2911 4645 3212 4713 συνετῶς·
3255 4642 3648 4702 ἐϐασίλευσεν

409 4744 629 4800 quoque
659 4731 856 4786 civitas
876 4729 980 4800 ipsi
1013 4733 1312 4786 constituta
1339 4744 1424 4791 est
1444 4776 1460 4801 ,
1490 4735 1616 4790 vitae
1645 4735 1857 4791 scilicet
1886 4735 1974 4790 in-

370 4820 663 4886 stitutum
704 4818 799 4874 Dei
841 4819 1014 4874 cultui
1065 4818 1362 4888 addictum,
1408 4825 1463 4878 in
1511 4831 1627 4878 toto
1685 4824 1820 4879 orbe
1877 4839 1974 4894 per

407 4910 775 4982 evangelicam
794 4911 1238 4980 praedicationem
1268 4915 1591 4972 consistens.
1616 4913 1854 4972 Montem
1877 4913 1974 4970 Dci

366 5060 370 5063 _
406 5000 465 5055 in
522 5016 632 5072 quo
677 5001 993 5071 hujusmodi
1039 5002 1354 5056 institutum
1396 5007 1697 5062 stabilitum
1752 5016 1860 5072 est,
1905 5006 1985 5064 nc'

405 5103 680 5160 cuncteris
715 5103 898 5159 dicere
928 5102 1167 5159 Verbum
1203 5103 1299 5159 Dei
1330 5120 1473 5170 esse.
1518 5109 1769 5164 videlicet
1806 5106 1970 5162 Chri-

404 5200 582 5261 stum;
615 5194 742 5263 quia
773 5209 938 5265 supra
969 5201 1177 5264 petram
1197 5193 1420 5261 fundata
1441 5196 1560 5265 ejus
1578 5197 1820 5252 Ecclesia
1849 5203 1966 5252 est:

404 5279 522 5350 ipse
562 5291 742 5338 autem
765 5295 918 5354 petra
947 5292 1084 5341 erat.
1125 5284 1281 5342 Mons
1323 5286 1526 5355 itaque,
1561 5294 1730 5357 petra,
1772 5287 1968 5344 funda-

403 5381 643 5428 mentum
671 5374 926 5432 Ecclesia:
945 5377 1062 5447 ipse
1088 5378 1238 5434 solus
1259 5377 1443 5440 fuerit,
1469 5386 1528 5431 ut
1551 5379 1769 5448 quidam
1793 5381 1964 5434 dicit:

408 5463 824 5520 Fundamentum
852 5467 990 5520 enim
1023 5466 1172 5521 aliud
1209 5484 1361 5521 nemo
1393 5476 1562 5534 potest
1596 5483 1806 5536 ponere,
1829 5484 1967 5536 prce-

381 5637 385 5650 ⁵
468 5640 487 5670 ⁷
525 5638 670 5765 Ρεὲι.
706 5657 866 5696 xxxu
888 5683 903 5708 ,
935 5644 988 5697 6.
1065 5644 1094 5675 ⁸·
1123 5640 1268 5699 Psal.
1299 5658 1423 5710 ην,
1455 5643 1508 5699 5.
1583 5643 1606 5674 ⁹
1643 5637 1816 5700 Levit.
1851 5659 1974 5699 xxvr

400 5723 519 5763 sm
543 5751 556 5765 .
637 5750 650 5764 .
1131 5758 1139 5765 .

400 5723 519 5763 ιιι-ι
543 5751 556 5776 ,
597 5723 650 5765 δ,

2079 4745 2112 4795 ό
2140 4741 2283 4806 Θεὸς
2309 4740 2406 4792 ἐπὶ
2437 4739 2507 4792 τὰ
2532 4739 2675 4804 ἔθνη
2696 4753 2712 4769 ·
2737 4738 2960 4801 εἰκότως
2999 4737 3094 4791 καὶ
3133 4736 3224 4789 ἐπὶ
3257 4737 3358 4806 τῆς
3384 4729 3493 4806 γῆς·
3534 4751 3647 4787 συνο

2078 4826 2210 4901 έστη
2243 4829 2392 4901 αὑτῷ
2425 4829 2578 4893 πόλις
2599 4869 2613 4892 ,
2664 4829 2724 4880 τὸ
2757 4827 3006 4891 θεοσεϐὲς
3031 4827 3231 4897 δηλαδὴ
3261 4820 3565 4896 πολίτευμα
3594 4825 3646 4878 τὺ

2079 4923 2198 4977 καθ’
2222 4921 2349 4993 ὅλης
2375 4921 2475 4990 τῆς
2497 4920 2819 4991 οἰκουμένης
2841 4919 2928 4973 διὰ
2948 4918 3043 4971 τοῦ
3067 4915 3422 4986 εὑαγγελικοῦ
3453 4913 3645 4971 συστὰν

2081 5013 2452 5086 κηρύγματος.
2481 5013 2644 5082 Ὄρος
2681 5011 2738 5064 δὲ
2773 5009 2869 5064 τοῦ
2908 5009 3042 5063 Θεοῦ
3085 5011 3143 5061 ἐν
3173 5003 3217 5076 ᾧ
3246 5009 3309 5062 τὺ
3353 5007 3645 5076 πολίτευμα

2080 5105 2235 5159 τοῦτο
2265 5105 2580 5174 συνέστηκε,
2603 5102 2677 5173 μὴ
2703 5101 2849 5155 ὄκνει
2877 5101 3054 5168 λέγειν
3074 5102 3164 5153 τὸν
3180 5100 3351 5168 Λόγον
3377 5098 3471 5153 τοῦ
3494 5096 3644 5159 Θεοῦ.

2077 5197 2194 5266 ἦτοι
2221 5193 2308 5247 τὸν
2335 5191 2567 5264 Χριστόν
2590 5208 2604 5223 ο
2628 5191 2857 5264 ἐπείπερ
2893 5191 2986 5244 ἐπὶ
3013 5189 3110 5261 τὴν
3135 5189 3340 5261 πέτραν
3369 5185 3639 5261 ᾡκοδόμη·
3664 5230 3674 5268 ε

2073 5304 2160 5339 ται
2189 5284 2349 5339 αὑτοῦ
2465 5281 2786 5352 Ἐκκλησία·
2815 5281 2976 5344 αὑτός
3003 5298 3062 5334 τε
3091 5277 3159 5350 ἦν
3190 5283 3223 5351 ἡ
3257 5281 3453 5351 πέτρα.
3485 5271 3642 5339 οὗτος

2075 5374 2167 5432 οῦν
2194 5377 2287 5430 καὶ
2309 5369 2434 5446 ὅρος
2461 5369 2554 5427 καί
2576 5371 2752 5442 πέτρα
2779 5372 2871 5425 καὶ
2897 5371 3143 5442 θεμέλιος
3169 5372 3266 5442 τῆς
3299 5369 3640 5441 Ἐκκλησίας.

2075 5468 2238 5529 αὑτὸς
2285 5457 2348 5518 ἂν
2399 5459 2556 5535 μόνος
2584 5464 2670 5534 εἴη
2704 5463 2842 5516 κατὰ
2888 5462 2977 5515 τὸν
3016 5462 3292 5528 φάσκοντα
3317 5478 3331 5493 ⁸
3364 5458 3636 5530 Θεμέλιον

1997 5683 2010 5709 ,
2047 5642 2135 5697 12.
2214 5633 2256 5672 (⁸
2296 5638 2458 5695 llebr.
2494 5654 2591 5704 xu,
2621 5636 2710 5702 ‘12,
2735 5630 2827 5692 ‘23.
2907 5637 2945 5666 “
2987 5633 3105 5690 Gal.
3139 5651 3212 5701 Iv,
3245 5633 3338 5690 26.
3417 5632 3460 5663 "
3497 5630 3635 5688 Ρμι.
