3822 6280
181 343 266 396 129

187 462 378 530 augeat:
401 457 474 522 τῷ
496 455 712 524 ,βήματι
747 453 854 506 τοῦ
885 453 1030 506 Θεοῦ
1051 493 1064 514 ,
1099 453 1196 504 ἵνα
1227 455 1538 521 κομίσηται
1567 451 1702 506 ἓκα-
1731 459 1774 514 Λ

187 569 308 616 στος
333 547 396 601 τὰ
432 547 522 599 διὰ
548 545 648 598 τοῦ
677 544 946 613 σώματος
967 585 980 605 ,
1015 544 1164 613 πρὸς
1203 543 1240 598 ιῖ
1271 543 1530 612 ἔπραξεν
1548 585 1562 608 ,
1597 545 1700 598 εἴτ’

186 641 391 712 ἀγαθὸν,
415 639 526 692 εἴτε
551 638 798 706 φαῦλον.
847 637 1180 706 Ἀναγκαίως
1203 639 1377 690 τοίνυν
1407 638 1580 690 πάντα
1603 656 1702 692 κα-

187 737 252 788 λεῖ
295 733 356 787 τά
405 733 522 802 ἔθνη
577 731 664 783 ἐπὶ
694 729 790 800 τὴν
821 729 927 782 τῶν
959 731 1366 802 λεχθησομένων
1417 732 1699 804 ἀκρόασιν.

194 828 265 888 Ὣς
286 825 379 896 γὰρ
397 824 479 876 ἐπὶ
504 821 598 893 τὴν
629 823 894 894 σωτηρίαν
915 825 1019 876 πᾶν
1054 824 1205 892 γένος
1243 823 1539 896 ἀνθρώπων
1566 841 1704 895 παρ-

187 918 355 978 εκάλει,
383 916 468 968 τὸν
487 914 856 986 αὐτὸντρόπον
885 915 977 968 καὶ
1003 917 1094 968 ἐπὶ
1121 916 1218 986 τὴν
1245 915 1588 970 διδασκαλίαν
1607 919 1704 988 τῆς

185 1011 306 1072 θείας
354 1007 570 1077 κρίσεως
616 1005 750 1076 ὁμοῦ
803 1006 1010 1070 πάντας
1056 1007 1401 1061 ἀνακαλεῖται
1447 1007 1703 1076 φάσκων·

243 1099 528 1152 Ἀκούσατε
577 1097 780 1160 ταῦτα,
804 1097 999 1152 πάντα
1035 1097 1106 1152 τὰ
1137 1099 1702 1164 ἕθνη,ὲϊωτίσασθε,

185 1191 366 1256 πάντες
389 1194 436 1244 οὶ
463 1189 868 1258 κατοικοῦντες
889 1191 1000 1259 τὴν
1032 1193 1404 1262 οἰκουμένην·
1427 1194 1482 1246 οἵ
1513 1209 1576 1246 τε
1603 1211 1706 1261 γη-

185 1285 338 1356 γενεῖς
353 1283 436 1336 καὶ
457 1283 566 1338 υίοὶ
585 1281 700 1336 τῶν
718 1284 1055 1352 ἀνθρώπων,
1070 1285 1162 1338 ἐπὶ
1177 1285 1242 1338 τὸ
1255 1285 1402 1339 αὐτὸ
1416 1287 1706 1351 πλούσιος

183 1381 260 1436 καὶ
299 1378 486 1445 πένης.
551 1379 763 1450 Ἐπειδὴ
793 1378 898 1431 τῶν
930 1377 1099 1431 ἐθνῶν
1133 1378 1200 1431 τὰ
1245 1378 1347 1448 μὲν
1397 1377 1704 1448 ἀγριώτερα

181 1469 392 1539 τυγχάνει
415 1471 468 1522 ἐν
491 1469 712 1538 ἐρήμοις
743 1467 1202 1539 σκηνοποιούμενα
1223 1507 1236 1532 ,
1265 1465 1336 1520 τὰ
1362 1467 1416 1519 δὲ
1437 1467 1526 1520 τὸν
1557 1466 1706 1520 πολι-

181 1557 301 1610 τικὸν
331 1557 632 1630 μετέρχεται
688 1558 798 1629 βίον
828 1559 922 1612 καὶ
953 1558 1049 1622 τὰς
1080 1559 1500 1630 γεωργουμένας
1525 1558 1704 1630 χώρας

181 1652 317 1714 οἰκεῖ,
362 1651 664 1718 ἀναγκαίως
699 1649 948 1721 διαστολῇ
986 1651 1284 1722 κέχρηται,
1317 1651 1411 1702 καὶ
1445 1649 1584 1718 μετὰ
1607 1651 1704 1720 τὴν

183 1741 328 1813 κοινὴν
376 1742 556 1812 κλῆσιν
601 1742 711 1794 τῶν
763 1741 928 1794 ἐθνῶν
951 1782 966 1802 ,
1021 1742 1149 1794 ἴδιον
1181 1742 1388 1809 εἰσάγει
1421 1741 1606 1812 τάγμα
1639 1741 1704 1794 τὸ

179 1833 266 1886 τῶν
303 1833 570 1887 οἰκούντων
600 1835 702 1906 τὴν
729 1835 1052 1904 οἰκουμένην
1074 1851 1086 1862 ·
1124 1833 1204 1886 διό
1233 1851 1396 1904 φησιν
1425 1849 1436 1860 ·
1471 1833 1703 1887 Ἐνωτί-
1735 1850 1782 1904 Β

179 1926 580 1992 under-trinac-
619 1930 674 1980 ol
705 1927 1118 1991 κατοικοῦντες
1164 1926 1276 1994 τὴν
1306 1925 1664 1994 οἰκουμένην
1685 1941 1698 1953 ’

179 2013 349 2083 ﬁxura
391 2017 476 2068 τὸν
516 2017 743 2069 Ἀκύλαν
785 2017 877 2069 καὶ
907 2017 996 2068 τὸν
1029 2017 1355 2086 Σύμμαχον,
1417 2019 1469 2070 οἱ
1505 2033 1670 2070 κατοι

179 2103 386 2171 κοῦντες
417 2106 528 2174 τὴν
559 2106 924 2160 κατάδυσιν·
962 2106 1104 2160 οὕτω
1134 2107 1190 2159 δὲ
1219 2107 1372 2159 καλεῖ
1401 2106 1498 2170 τὰς
1527 2107 1703 2171 πόλεις

179 2191 250 2242 καὶ
276 2190 360 2256 τὰς
387 2192 568 2264 κώμας
595 2196 692 2248 καὶ
731 2195 855 2258 τοὺς
881 2193 1091 2259 οἴκους,
1125 2197 1182 2248 ἐν
1210 2190 1289 2258 οἷς
1323 2196 1704 2250 καταδύνουσιν

177 2285 216 2334 οἱ
239 2285 284 2336 ἐν
313 2286 476 2349 αὐτοῖς
503 2286 902 2350 κατοικοῦντες.
991 2285 1126 2341 Εἶτα
1171 2289 1330 2343 πάλιν
1359 2289 1556 2360 διαιρεῖ
1581 2292 1704 2352 τοὺς

177 2376 421 2446 οἰκήτορας
451 2377 547 2447 τῆς
579 2379 686 2449 γῆς
710 2378 929 2446 φάσκων
949 2397 960 2408 ·
988 2380 1054 2430 Οἵ
1086 2398 1148 2432 τε
1175 2381 1443 2449 γηγενεῖς
1467 2382 1564 2434 καὶ
1589 2382 1706 2434 υἱοὶ

179 2465 271 2516 τῶν·
287 2466 585 2533 ἀνθρώπων
607 2485 620 2498 ·
645 2470 770 2521 ἐπεὶ
793 2470 866 2539 μὴ
901 2470 1059 2539 μόνον
1084 2469 1420 2542 ἐλευθέρους,
1454 2471 1590 2524 ἀλλὰ
1616 2475 1707 2526 καὶ

177 2559 224 2609 τὸ
237 2560 470 2614 οἰκετικὸν
489 2561 644 2630 γένος
673 2561 956 2632 προσίεται
977 2564 1067 2615 ἐπὶ
1087 2563 1185 2634 τὴν
1209 2563 1466 2634 ἀκρόασιν
1493 2605 1505 2626 ,
1529 2564 1562 2634 ἢ
1583 2565 1706 2626 τοὺς

177 2648 522 2724 ἀγροικώτερον
577 2654 1012 2724 μετερχομένους
1048 2655 1158 2724 βίον
1183 2697 1198 2722 ,
1251 2655 1346 2708 καὶ
1377 2657 1503 2720 τοὺς
1535 2657 1708 2720 ἄλλως

172 2733 221 2790 εὖ
246 2742 502 2808 γεγονότας
530 2745 628 2797 καὶ
673 2746 877 2816 τροφῆς
923 2745 1257 2817 ἠξιωμένους
1301 2746 1631 2817 ἐλευθερίου·
1673 2749 1705 2819 ἢ

175 2835 380 2900 γηγενεῖς
406 2835 498 2904 μὲν
524 2837 658 2899 τοὺς
687 2837 784 2908 τὴν
805 2837 1008 2908 ἔρημον
1035 2840 1202 2891 οἰκεῖν
1233 2840 1560 2910 ᾑρημένους,
1583 2839 1708 2902 τοὺς

173 2919 217 2970 δὲ
259 2923 532 2992 ἀνθρώπων
585 2925 719 2988 τοὺς
761 2927 1164 2998 ἡμερωτέρους.
1227 2929 1284 2980 '0
1329 2929 1384 2980 δὲ
1413 2927 1708 3000 Σύμμαχος

173 3009 324 3064 τοῦτον
350 3015 658 3086 ἡρμήνευσε
686 3017 776 3070 τὸν
807 3019 1034 3089 τρόπον·
1091 3021 1172 3074 ’Ἠ
1217 3037 1278 3073 τε
1323 3020 1708 3087 ἀνθρωπότης

173 3103 250 3154 καὶ
275 3107 498 3171 προσέτι
533 3109 638 3162 καὶ
669 3110 787 3163 υἱοὶ
837 3110 1100 3165 ἑκάστου
1137 3111 1355 3180 ἀνδρός
1377 3130 1391 3143 ·
1429 3113 1505 3166 ἵν’
1622 3113 1710 3166 διὰ

167 3192 252 3261 μὲν
267 3194 348 3248 τοῦ
373 3199 635 3272 προτέρου
661 3201 958 3266 καθολικῶς
981 3205 1086 3257 πᾶν
1112 3205 1264 3272 γένος
1291 3203 1589 3276 ἀνθρώπων
1618 3205 1712 3277 δη·
1739 3197 1784 3257 C-

172 3283 404 3357 λούμενον,
433 3292 517 3346 διά
543 3293 600 3345 δὲ
634 3293 728 3346 τοῦ
758 3295 1009 3366 δευτέρου
1043 3299 1070 3350 ὁ
1099 3297 1237 3349 κατὰ
1267 3297 1430 3368 μέρος
1459 3299 1704 3362 ἕκαστος.

233 3379 289 3431 Τὸ
316 3385 498 3450 στόμα
537 3401 661 3452 μου
705 3383 966 3456 λαλήσει
995 3386 1219 3453 σοφίαν
1239 3425 1252 3449 ,
1293 3387 1389 3438 καὶ
1423 3388 1459 3453 ἡ
1485 3386 1709 3455 μελέτη

171 3467 257 3535 τῆς
283 3472 514 3539 καρδίας
535 3492 660 3543 μου
687 3475 970 3527 σύνεσιν.
1005 3475 1205 3528 Κλινῶ
1233 3478 1321 3541 εἰς
1361 3472 1712 3544 παραϐολὴν

171 3559 224 3611 τὸ
263 3557 356 3626 οὖς
393 3583 506 3632 μου
528 3605 542 3630 ,
599 3566 824 3630 ἀνοίξω
852 3567 922 3620 ἐν
964 3568 1276 3634 tradem)le
1303 3567 1368 3620 τὸ
1401 3567 1712 3636 πρόϐλημά

167 3667 280 3715 μου.
330 3657 503 3710 Ταῦτα
531 3659 588 3710 δὲ
627 3659 720 3710 καὶ
748 3659 854 3712 ἀπὸ
898 3659 1006 3710 τῶν
1046 3659 1355 3712 ἀποστόλων
1376 3659 1595 3713 δύναται
1626 3660 1710 3712 λέ-

173 3741 345 3804 γεσθαι.
363 3746 676 3817 Παραϐολάς
691 3746 748 3799 δὲ
765 3745 916 3798 καλεῖ
929 3748 1052 3809 τοὺς
1069 3745 1483 3815 αἰνιγματώδεις
1497 3745 1706 3813 λῦγους.

171 3833 259 3884 Καὶ
284 3833 378 3906 γὰρ
401 3840 428 3890 ὁ
455 3837 660 3908 Κύριος
679 3877 692 3898 ,
725 3836 1104 3908 παραϐολικῶς
1134 3839 1242 3899 τοῖς
1268 3835 1442 3906 ὄχλοις
1471 3835 1709 3902 διαλεγό-

167 3939 302 3991 μενος
317 3965 332 3989 ,
353 3931 458 3992 τοῖς
481 3929 806 3992 ἀποστόλοις
834 3929 951 3982 κατ’
978 3924 1121 3980 οἷκον
1143 3927 1343 3991 ταύτας
1363 3927 1555 3980 διέλυε.
1586 3926 1713 3982 Τού-

169 4024 230 4079 τῳ
257 4011 338 4065 νῦν
365 4016 390 4066 ὁ
411 4016 567 4086 χορὸς
595 4015 695 4086 τὴν
725 4015 817 4069 τοῦ
845 4015 978 4069 Θεοῦ
1009 4017 1199 4085 σοφίαν
1233 4018 1323 4069 τὸν
1354 4018 1590 4088 Χριστὸν
1621 4018 1713 4070 ἐπὶ

173 4102 398 4172 στόματος
443 4108 659 4179 φέρων·
695 4109 946 4177 Χριστὸς
988 4109 1095 4180 γάρ
1143 4109 1292 4162 Θεοῦ
1334 4110 1585 4180 δύναμις
1615 4109 1712 4164 καὶ

173 4194 292 4247 Θεοῦ
317 4201 530 4266 σοφία,
557 4200 778 4268 ἐλέγετο
796 4218 810 4231 ·
853 4202 920 4254 Τὸ
955 4203 1150 4270 στιζμα
1169 4219 1288 4270 μου
1317 4203 1576 4270 λαλήσει
1611 4219 1712 4256 σο-

170 4282 304 4346 φίαν.
385 4288 585 4342 Τοῦτον
639 4289 748 4362 γὰρ
804 4294 968 4345 πᾶσιν
1024 4293 1332 4364 ἀνθρώποις
1391 4295 1708 4366 ἐκήρυττον.

181 4371 496 4448 Ἦκονημένοι
523 4380 584 4433 δέ
617 4381 708 4435 τὸν
737 4382 858 4435 νοῦν
879 4424 894 4448 ,
937 4384 1114 4448 πάσας
1144 4384 1236 4438 τοῦ
1265 4385 1501 4457 Χριστοῦ
1534 4385 1710 4438 συνίε-

172 4479 252 4516 σαν
289 4468 378 4532 τὰς
410 4471 728 4544 παραϐολάς
773 4475 864 4529 καὶ
896 4476 1002 4547 πρὸ
1041 4477 1137 4544 τῆς
1185 4475 1349 4528 αὐτοῦ
1397 4476 1709 4547 ἑρμηνείας.

169 4559 242 4610 Διὸ
260 4561 382 4628 μετὰ
402 4564 606 4628 ταύτας
629 4568 656 4620 ὁ
674 4567 770 4637 μὲν
786 4567 976 4638 Σωτὴρ
999 4568 1148 4636 ἔλεγε
1165 4585 1176 4599 ·
1198 4568 1506 4634 Συνήκατε
1528 4568 1713 4624 ταῦτα

171 4647 364 4714 ruina;
397 4657 458 4706 Ol
491 4654 560 4707 δὲ
590 4655 876 4725 λέγουσιν
901 4657 1060 4723 αὐτῷ
1085 4700 1098 4722 ,
1126 4659 1245 4712 ναί.
1289 4659 1354 4710 Ἠ
1390 4659 1586 4730 καρδία
1608 4659 1716 4712 τοὶ-

165 4756 244 4792 νυν
262 4744 426 4798 αὐτῶν
446 4747 680 4818 ἐμελέτα
705 4749 964 4814 συνέσεις,
983 4749 1046 4814 ἃς
1073 4751 1285 4820 ἤνοιγον
1308 4753 1418 4812 τοῖς
1440 4749 1513 4820 μὴ
1537 4767 1714 4821 παρα-

167 4829 406 4888 κολουθεῖν
429 4836 774 4908 δυναμένοις,
795 4837 887 4890 τοῦ
915 4839 1226 4909 σωματικοῦ
1247 4841 1475 4911 ὀργάνου
1495 4843 1560 4911 τῇ
1586 4842 1718 4893 ἐνοι-

132 4970 140 4992 ,
168 4926 312 5001 macra
339 4931 470 5002 πρὸς
493 4932 651 4985 τοῦτο
675 4931 1041 4994 διακονοῦντος
1068 4933 1233 5004 ψυχῇ.
1267 4932 1436 4987 Τοῦτο
1467 4937 1573 5007 γάρ
1596 4935 1715 4987 ἀντὶ

133 5077 139 5092 Ι
165 5015 312 5091 ψάλτῃ
323 5023 429 5092 ρίου
451 5023 724 5096 παρέλαϐε
749 5025 884 5095 πρὸς
899 5025 996 5096 τὴν
1019 5024 1106 5078 διὰ
1126 5025 1324 5078 τούτων
1349 5025 1506 5078 θείων
1529 5025 1711 5097 ὓμνων

167 5108 458 5180 ἀντίκρουσιν
486 5155 502 5178 ,
535 5117 766 5170 ἑκάστου
801 5117 1000 5188 μέρους
1027 5117 1460 5189 ἐπιστημονικῶς
1485 5120 1540 5171 ἐν
1566 5118 1712 5188 αὐτῷ

167 5206 474 5275 κινουμένου.

235 5294 344 5350 'Ira
371 5301 427 5352 τί
459 5301 750 5371 φοϐοῦμαι
797 5303 866 5355 ἐν
897 5302 1084 5372 ἡμέρᾳ
1115 5301 1346 5371 πονηρᾷ
1365 5321 1382 5366 ;
1416 5307 1452 5373 ἡ
1498 5305 1714 5374 ἀνομία

167 5385 260 5452 τῆς
298 5391 552 5460 πτέρνης
593 5413 710 5463 μου
761 5395 1055 5450 κυκλώσει
1083 5413 1178 5464 με.
1245 5397 1306 5449 Εἰ
1338 5397 1394 5448 δὲ
1429 5399 1713 5470 πρόσωπον

167 5475 346 5549 Κυρίου
375 5482 435 5535 τὸ
479 5483 634 5551 λέγον
653 5524 666 5548 ,
719 5486 951 5556 πτέρναν
977 5487 1140 5540 αὐτοῦ
1169 5485 1334 5558 εὕρῃς
1370 5487 1458 5540 τὸν
1490 5488 1714 5558 ἔσχατον

169 5568 245 5621 τοῦ
273 5571 515 5643 σώματος
550 5576 642 5629 καὶ
669 5579 735 5648 τῇ
768 5581 837 5649 γῇ
873 5577 1236 5649 πλησιάζοντα
1295 5579 1503 5634 Ιούδαν·
1557 5579 1716 5652 σῶμα

215 5681 258 5720 ⁸³
282 5683 328 5741 ΙΙ
352 5687 481 5746 Cor.
505 5706 560 5760 ν,
591 5691 674 5746 10.
750 5693 794 5724 ³⁹
825 5693 844 5747 ι
872 5695 996 5748 Cur.
1033 5711 1066 5759 I,
1094 5692 1182 5746 24.
1261 5694 1302 5723 ³¹
1339 5689 1526 5748 Matth.
1551 5693 1674 5754 'xm,
1706 5689 1794 5745 Si.

1249 337 1754 388 LU.\|MEI\’IAHIA
1795 336 1858 386 ll‘l
1903 335 2236 391 PSALMOS.

3267 341 3372 392 43.)

1805 453 1940 520 [ενοι
1963 455 2314 524 unusquisque
2343 452 2560 521 propria
2589 455 2840 521 corporis,
2877 467 3028 523 prout
3061 455 3241 526 gessit,
3267 455 3374 508 sive

1805 545 2136 606 bonum,sive
2151 545 2348 600 malum
2363 537 2744 610 ",Necessario
2777 547 2939 617 igitur
2961 563 3151 604 omnes
3180 555 3372 618 gentes

1803 648 1997 694 evocat
2023 639 2089 692 ad
2127 638 2260 700 haec,
2293 653 2412 707 quae
2443 638 2674 694 dicenda
2707 649 2856 702 sunt,
2891 641 3181 696 audienda.
3218 639 3374 694 Sicut

1802 729 1948 784 enim
1972 736 2144 782 totum
2167 745 2338 796 genus
2363 729 2640 782 hominum
2669 731 2736 784 ad
2771 731 3001 784 salutem
3031 731 3369 794 hortabatur,

1801 821 1994 878 eodem
2028 821 2190 874 modo
2223 820 2288 874 ad
2323 819 2625 874 doctrinam
2657 821 2849 890 judicii
2879 821 3045 875 divini
3077 836 3268 877 omnes
3299 821 3374 876 si-

1801 914 1914 969 mul
1941 914 2132 968 invitat
2154 913 2340 968 dicens
2369 929 2382 964 :

1879 1086 2047 1147 Vens.
2090 1092 2147 1156 2,
2176 1093 2228 1146 5.
2262 1089 2453 1146 Audite
2495 1091 2626 1158 Ιιιεσ,
2677 1110 2853 1148 omnes
2896 1103 3103 1164 gentes,
3158 1093 3404 1164 auribus,

1803 1185 2070 1253 percipite,
2119 1201 2293 1238 omnes
2335 1187 2424 1255 qui
2471 1183 2722 1240 habitatis
2764 1185 2960 1248 orbem,
3004 1187 3191 1256 quique
3223 1186 3377 1240 terri-

1803 1292 1951 1344 gena:
1986 1288 2032 1330 et
2063 1277 2164 1346 filii
2209 1275 2500 1335 hominum.
2531 1278 2691 1331 simul
2728 1279 2782 1331 in
2815 1295 2980 1332 unum
3003 1277 3144 1331 dives
3170 1286 3218 1332 et
3238 1293 3374 1346 pau-

1805 1383 1918 1434 per.
1951 1367 2218 1434 Quoniam
2251 1383 2318 1422 ex
2347 1369 2600 1439 gentibus
2629 1369 2880 1424 rudiores
2906 1368 2996 1423 alii
3019 1376 3166 1434 sunt,
3199 1369 3290 1439 qui
3319 1369 3377 1424 in

1808 1462 2044 1518 desertis
2076 1461 2357 1528 habitant;
2399 1463 2488 1516 alii
2527 1478 2659 1518 vero
2688 1464 2987 1518 civiliorem
3015 1466 3180 1520 vitam
3212 1480 3376 1534 agen-

1807 1563 1912 1618 tes,
1963 1555 2138 1610 cultas
2181 1561 2358 1609 terras
2407 1552 2794 1624 frequentant;
2846 1557 3197 1613 distinetione
3241 1573 3378 1611 usus

1807 1645 2124 1701 necessario
2168 1653 2293 1700 est:
2342 1661 2406 1701 ac
2451 1659 2737 1717 postquam
2786 1649 3064 1702 communi
3111 1649 3378 1702 vocabulo

1807 1747 1994 1808 gentes
2044 1737 2354 1808 appellavit,
2391 1737 2722 1806 peculiarem
2764 1737 3008 1792 ordinem
3047 1738 3258 1792 inducit
3284 1754 3379 1793 eo-

1809 1845 1927 1882 rum
1961 1829 2053 1899 qui
2089 1829 2334 1882 habitant
2362 1829 2584 1896 orbem;
2617 1844 2786 1899 quare
2813 1829 2921 1882 ait:
2945 1829 3177 1884 Auribus
3203 1833 3382 1899 perci-

1803 1925 1932 1992 pite,
1977 1939 2153 1978 omnes
2193 1921 2284 1993 qui
2331 1921 2585 1976 habitatis
2633 1922 2809 1976 orbem
2839 1940 2858 1978 :
2909 1923 3026 1977 sive
3076 1920 3380 1976 secundum

1805 2014 2057 2084 Aquilam
2092 2023 2146 2069 et
2179 2012 2585 2084 Symmachum,
2622 2014 2712 2083 qui
2761 2013 3012 2066 habitatis
3061 2011 3379 2075 latibulum;

1809 2111 1888 2162 sic
1921 2123 2051 2162 vero
2107 2116 2267 2162 vocat
2317 2109 2500 2168 urbes,
2549 2107 2702 2161 vicos
2747 2115 2801 2160 et
2848 2105 3060 2171 domos,
3117 2105 3172 2160 in
3222 2105 3381 2174 queis

1807 2216 1928 2256 sese
1957 2200 2408 2290 absconduntqui
2435 2198 2680 2252 habitant
2703 2197 2754 2250 in
2784 2196 3226 2267 ipsis.Deinceps
3251 2210 3382 2250 vero

1807 2301 1964 2346 terra;
1992 2292 2202 2347 incolas
2229 2289 2520 2359 distinguit
2545 2289 2735 2343 dicens
2765 2306 2776 2339 :
2805 2289 3008 2359 Quique
3033 2290 3303 2358 terrigena:
3331 2295 3382 2342 et

1807 2384 1909 2454 ﬁlii
1937 2384 2228 2437 hominum.
2271 2381 2410 2448 Quia
2447 2397 2554 2436 non
2580 2381 2781 2436 liberos
2816 2389 3050 2445 tantum,
3075 2381 3169 2437 sed
3216 2381 3382 2434 etiam

1809 2475 2238 2530 domesticorum
2285 2489 2458 2544 genus
2493 2475 2560 2529 ad
2602 2473 2936 2528 audiendum
2983 2471 3384 2536 admittit,sive

1809 2582 1904 2621 eos
1949 2567 2041 2636 qui
2077 2577 2348 2636 agrestem
2385 2568 2550 2620 vitam
2603 2567 2980 2630 instituerunt,
3033 2582 3242 2620 necnon
3288 2580 3384 2619 eos

1810 2658 1905 2728 qui
1927 2659 2151 2727 ingenui
2187 2667 2335 2722 sunt,
2367 2667 2418 2712 et
2451 2657 2750 2711 liberaliter
2770 2657 2987 2711 educati
3022 2674 3035 2710 :
3067 2656 3181 2711 sive
3219 2656 3382 2710 etiam

1809 2750 2132 2819 terrigenas,
2169 2750 2260 2818 qui
2291 2763 2532 2803 eremum
2568 2749 2807 2803 incolere
2836 2747 3099 2818 aggressi,
3121 2753 3177 2801 et
3208 2747 3384 2801 homi-

1809 2859 1940 2898 num
1982 2843 2414 2898 mansuetissimi
2458 2849 2606 2895 sunt.
2657 2839 3016 2911 Symmachus
3048 2848 3227 2894 autem
3280 2839 3386 2893 hoc

1809 2933 1972 2989 modo
2003 2933 2392 3002 interpretatus
2415 2939 2536 2985 est:
2566 2929 2836 2983 hominum
2869 2945 3050 2998 genus,
3083 2945 3145 2981 ac
3171 2927 3386 2996 insuper

1811 3029 1914 3098 ﬁlii
1940 3025 2350 3096 uniuscujusque
2383 3025 2516 3087 uiri;
2543 3033 2601 3078 ut
2623 3025 2802 3093 priore
2836 3023 2980 3076 dicto
3011 3023 3064 3076 in
3094 3037 3386 3075 commune

1813 3129 1987 3174 totum
2021 3135 2192 3190 genus
2219 3119 2521 3180 hominum,
2546 3119 2848 3188 posteriore
2865 3125 3068 3180 autem,
3099 3115 3388 3184 unusquis-

1816 3229 1922 3284 que
1951 3212 2267 3283 singillatim
2299 3219 2555 3280 acceptus
2595 3210 2884 3265 iudicetur.

1881 3391 2049 3451 Vens.
2078 3395 2131 3460 4,
2164 3395 2216 3450 5.
2259 3394 2330 3448 0s
2363 3410 2532 3447 meum
2559 3394 2800 3464 loquetur
2839 3393 3177 3461 sapientiam,
3199 3401 3248 3445 et
3275 3406 3388 3444 me-

1811 3489 2002 3541 ditatio
2023 3487 2201 3541 cordis
2248 3489 2348 3540 mei
2375 3487 2728 3556 prudentiam.
2761 3484 3039 3538 Inclinatio
3067 3486 3119 3536 in
3155 3481 3386 3552 parabo-

1811 3582 1922 3636 lam
1956 3597 2138 3635 aurem
2165 3597 2354 3642 meam,
2382 3581 2617 3650 aperiam
2632 3583 2686 3633 in
2710 3579 2960 3647 psalterio
2981 3577 3386 3646 propositionem

1813 3690 2003 3727 meam.
2037 3672 2162 3727 Haec
2191 3680 2370 3727 autem
2401 3681 2637 3741 possunt
2672 3673 2740 3724 ab
2771 3671 3033 3740 apostolis
3067 3669 3194 3722 dici.
3221 3666 3388 3720 Para-

1813 3767 1968 3820 bolas
1997 3781 2126 3820 vero
2157 3772 2314 3819 vocat
2337 3765 2606 3817 obscuros
2639 3778 2941 3816 sermones.
2975 3759 3254 3830 Siquidem
3281 3757 3388 3812 Do-

1815 3858 1996 3909 minus
2025 3869 2148 3909 cum
2185 3854 2362 3908 turbis
2393 3851 2704 3922 parabolice
2733 3851 3073 3918 loqueretur,
3112 3846 3260 3902 domi
3292 3861 3390 3915 po-

1816 3956 1930 4002 stea
1957 3945 2176 4001 easdem
2224 3943 2490 4015 apostolis
2519 3942 2846 4012 explicabat.
2887 3939 3014 3994 Ideo
3046 3938 3158 4008 jam
3185 3937 3390 3992 chorus

1814 4041 2094 4094 Christum
2121 4037 2214 4092 Dei
2247 4037 2571 4107 sapientiam
2600 4038 2652 4088 in
2687 4050 2782 4089 ore
2815 4034 2997 4088 ferens
3024 4051 3036 4086 :
3071 4047 3196 4085 nam
3229 4030 3389 4084 Chri-

1815 4143 1928 4186 stus
1947 4131 2043 4184 Dei
2081 4131 2246 4184 uirtus
2279 4137 2328 4182 et
2353 4127 2450 4182 Dei
2481 4128 2740 4195 sapientia
2755 4127 2820 4187 ³⁰.
2849 4125 3087 4188 diccbat,
3125 4121 3196 4178 0s
3221 4139 3391 4178 meum

1818 4227 2058 4292 loquetur
2090 4222 2426 4290 sapientiam.
2463 4219 2620 4274 Hunc
2655 4220 2798 4272 enim
2839 4217 3098 4272 omnibus
3127 4213 3394 4284 prtedica-

1817 4320 1968 4374 bant.
1997 4318 2246 4385 Cumque
2271 4323 2430 4368 acuta
2461 4322 2642 4368 mente
2665 4310 2926 4366 instructi
2957 4320 3162 4369 essent,
3199 4321 3392 4362 omnes

1817 4411 2024 4468 Christi
2058 4407 2346 4480 parabolas
2387 4405 2786 4477 intelligebant,
2823 4411 3114 4472 antequam
3155 4402 3271 4470 ipse
3298 4412 3392 4452 eas

1820 4505 2292 4573 interpretaretur.
2345 4499 2527 4565 Quare
2585 4513 2708 4552 cum
2759 4497 2826 4552 iis
2875 4493 3103 4564 prolatis
3143 4491 3394 4544 Salvator

1821 4597 2028 4650 diceret
2053 4612 2068 4649 :
2091 4593 2439 4648 Intellexistis
2459 4593 2568 4646 haec
2589 4592 2806 4645 omnia?
2831 4590 3025 4643 Dicunt
3052 4586 3117 4648 ei,
3149 4584 3306 4638 etiam
3323 4582 3390 4635 ".

1822 4689 1930 4742 Cor
1963 4689 2132 4758 igitur
2158 4702 2348 4742 eorum
2379 4685 2698 4756 prudentias
2747 4681 3134 4745 meditabatur,
3166 4692 3304 4747 quas
3327 4676 3394 4729 iis

1819 4781 1913 4851 qui
1955 4781 2113 4852 sequi
2161 4795 2272 4836 non
2325 4787 2596 4850 poterant,
2648 4776 2986 4846 aperiebant,
3027 4771 3395 4825 instrumento

1826 4889 2092 4944 corporeo
2122 4873 2318 4928 animae
2360 4873 2510 4927 intus
2557 4868 2826 4925 habitanti
2873 4866 3243 4920 ministrante.
3280 4861 3395 4914 Hoc

1825 4965 1970 5018 enim
2012 4978 2112 5034 pro
2159 4963 2419 5034 psalterio
2467 4963 2743 5024 utebatur,
2792 4957 2860 5012 ad
2899 4956 3118 5012 divinos
3165 4954 3394 5023 hymnos

1820 5055 2148 5126 pulsandos,
2194 5056 2426 5128 singulis
2458 5054 2704 5126 partibus
2744 5053 2879 5108 scite
2918 5065 2982 5104 ac
3029 5055 3396 5118 congruenter

1823 5145 2006 5200 motis.

1895 5300 2063 5358 Vens.
2100 5303 2152 5358 6.
2197 5301 2305 5358 Cur
2342 5301 2531 5356 timebo
2568 5299 2648 5366 in:
2666 5300 2750 5353 die
2779 5297 2964 5355 mala?
2993 5298 3243 5367 iniqmtas
3283 5295 3398 5349 cal-

1771 5383 1776 5390 ’
1822 5396 1976 5449 cunei
2033 5397 2135 5449 mei
2179 5395 2526 5448 circumdabit
2573 5411 2670 5447 me.
2705 5392 2760 5447 Si
2798 5407 3032 5463 persona
3067 5389 3278 5446 Domini
3311 5400 3396 5442 est

1824 5505 1947 5558 quae
1985 5489 2229 5559 loquitur
2257 5529 2272 5552 ,
2321 5489 2636 5542 calcaneum
2681 5487 2802 5556 ejus
2855 5483 3229 5556 deprehendas
3273 5497 3396 5535 esse

1829 5577 2048 5646 Judam,
2081 5581 2173 5652 qui
2227 5580 2452 5637 ultimus
2483 5579 2731 5650 corporis
2765 5587 2818 5636 et
2854 5587 3014 5636 terra:
3043 5573 3397 5646 propinquiot'
