3822 6280
183 282 282 336 £55

1307 267 1804 329 COMMENTARIA
1844 267 1909 322 IN
1949 265 2296 322 PSALMOS.

3333 257 3428 312 431

184 398 296 456 τῶν
343 397 708 465 κατατρῖψαι
741 393 898 463 ᾅδην
936 391 1004 448 ἐκ
1037 394 1493 460 κατοικητηρίου
1541 390 1746 446 αὐτῶν

1865 403 1929 442 ea:
1979 387 2282 442 habitacula
2310 399 2510 440 eorum.
2543 381 2678 436 Nam
2713 380 2996 434 character
3023 391 3184 450 quem
3225 377 3326 432 sibi
3355 379 3434 430 cf-

196 493 250 544 'O
281 489 388 560 γὰρ
417 489 718 560 χαρακτὴρ
751 488 928 542 αὐτῶν
958 487 1016 540 ὃν
1049 488 1258 550 ἑαυτοῖς
1288 485 1652 549 ἐξετύπωσαν,
1695 485 1756 537 τὸ

191 582 280 654 μὲν
319 579 438 633 κατ’
481 580 678 632 εἰκόνα
714 581 804 632 καὶ
849 579 1108 650 ὁμοίωσιν
1158 579 1250 631 τοῦ
1277 577 1412 631 Θεοῦ
1458 578 1514 643 ἐξ
1577 576 1755 629 αὐτῶν

187 673 568 742 ἀφανίσαντες,
612 673 727 744 εῐδη
763 672 818 724 δὲ
849 672 944 725 καὶ
980 671 1190 742 μορφὰς
1229 671 1438 738 ἀλὸγων
1472 667 1624 734 ζώων
1665 670 1755 724 καὶ

187 762 417 838 ἑρπετῶν
443 763 534 816 διὰ.
565 764 784 834 τρόπων
811 763 1106 835 μοχθηρίας
1126 767 1188 834 τῇ
1216 763 1360 834 ψυχῇ
1388 763 1751 834 περιθέμενοι,

187 855 645 926 κατατριϐήσεται
674 857 730 908 ὲν
761 855 839 926 τῷ
867 857 1267 928 κατοικητηρίῳ
1296 853 1390 908 τοῦ
1421 855 1566 925 ᾅδου.
1598 853 1754 908 Κατά

186 947 236 1000 δὲ
267 945 586 1016 Σύμμαχον·
645 946 714 1000 T6
753 945 820 998 δὲ
865 946 1149 1014 κρατερὸν
1190 943 1388 998 αὐτῶν
1429 943 1754 998 «dictabam.

188 1039 324 1106 ᾅδης
359 1037 480 1092 ἀπὸ
513 1037 634 1105 τῆς
672 1037 961 1102 οἰκήσεως
995 1036 1101 1106 τῆς
1145 1037 1386 1107 ἐντίμου
1433 1037 1636 1092 αὐτοῦ.
1689 1039 1753 1090 Ὃ

190 1129 286 1198 γὰρ
312 1129 498 1195 ἔδοξαν
535 1133 842 1201 περιποιεῖν
877 1132 1086 1192 ἑαυτοῖς
1119 1129 1376 1202 κραταιὸν
1406 1129 1494 1184 διὰ
1524 1130 1624 1199 τῆς
1657 1131 1754 1202 ὲμ-

191 1217 399 1288 φνείσης
427 1219 486 1269 ἐν
511 1219 702 1282 αὐτοῖς
737 1218 952 1280 κακίας,
978 1217 1135 1271 τοῦτο
1161 1217 1458 1272 παλαιὼσει
1483 1221 1510 1272 6
1544 1219 1674 1290 ᾅδης
1697 1220 1752 1272 ὲν

188 1308 294 1369 ταῖς
332 1307 582 1373 οἰκήσεσι
627 1311 742 1370 ταῖς
781 1309 920 1378 παρ’
954 1306 1121 1378 αὐτῷ.
1162 1310 1272 1363 Καὶ
1315 1309 1474 1363 τοῦτο
1515 1310 1614 1380 μὲν
1644 1309 1752 1364 τῶν

189 1397 386 1452 ἀσεϐῶν
421 1399 484 1452 τὸ
514 1399 696 1464 τέλος.
729 1402 790 1454 Ol
823 1401 878 1452 δὲ
909 1400 1150 1465 εὐσεϐεῖς
1179 1402 1298 1456 κατ’
1341 1403 1517 1456 ἐκεῖνο
1559 1403 1750 1474 καιροῦ

189 1491 385 1560 πρωῖας
434 1491 768 1557 ἀξιωθέντες
809 1493 904 1546 καὶ
937 1494 1058 1547 νέου
1108 1494 1304 1564 φωτὸς,
1351 1495 1614 1566 ἀνατολῆς
1651 1495 1752 1566 τῆς

188 1583 284 1634 τῶν
323 1582 539 1636 ἀσεϐῶν
587 1585 1102 1657 κατακυριεύσουσι·
1141 1587 1174 1658 ἢ
1211 1587 1351 1641 κατά
1378 1587 1468 1640 τὸν
1499 1588 1748 1640 Ἀκύλαν·

187 1671 265 1724 ἐνὶ
286 1671 724 1740 κρατήσουσιν,
752 1675 944 1746 ἢκατά
963 1675 1052 1728 τὸν
1082 1675 1395 1746 Σύμμαχονο
1413 1675 1747 1740 ὺποτὰξου-

1865 481 2158 544 ﬁnxerunt,
2190 478 2470 534 eliminata
2494 491 2558 530 ex
2588 475 2783 548 seipsis
2813 473 2908 528 Dei
2932 473 3170 544 imagine
3199 487 3262 527 ac
3290 471 3438 526 simi-

1861 573 2114 636 litudine,
2163 581 2326 642 atque
2370 567 2829 623 irrationabilium
2877 565 3215 628 animalium,
3261 561 3432 634 repti-

1863 666 2104 733 liumque
2133 663 2325 717 formis
2355 677 2451 734 per
2480 659 2661 714 varios
2709 657 3074 726 improbitatis
3099 655 3289 710 modos
3319 653 3436 706 ani--

1863 773 1964 811 ma:
1997 771 2110 812 suae
2159 755 2368 814 ascitis.
2417 753 2470 807 in
2517 750 2830 805 habitaculo
2859 747 3056 801 inferni
3097 751 3430 800 conteretur.

1865 848 2178 904 Secundum
2219 843 2606 918 Symmachum
2645 849 2824 895 autem
2846 882 2860 906 ,
2885 839 3045 892 robur
3085 853 3265 892 eorum
3292 835 3432 888 anti-

1861 939 2040 1012 quabit
2089 939 2332 1008 infernus
2382 953 2412 990 α
2465 937 2692 1006 pretioso
2754 931 3058 986 habitacqu
3111 929 3243 998 ejus.
3298 927 3430 981 Nam

1859 1033 2029 1086 robur
2053 1031 2206 1098 illud,
2228 1027 2372 1100 quod
2399 1028 2504 1082 sibi
2533 1026 2601 1080 ob
2621 1027 2840 1080 insitam
2861 1023 3124 1076 malitiam
3151 1022 3434 1090 acquirere

1859 1125 2205 1186 videbantur,
2265 1121 2570 1192 antiquabit
2611 1117 2862 1172 infernus
2909 1121 2962 1168 in
3009 1111 3434 1167 habitationibus

1859 1217 2058 1272 ibidem
2089 1215 2306 1286 positis.
2347 1213 2412 1264 Et
2455 1211 2542 1264 hic
2587 1207 2809 1279 quidem
2853 1207 3142 1276 impiorum
3182 1203 3325 1258 ﬁnis.
3351 1201 3434 1256 Pii

1859 1317 2040 1364 autem
2079 1308 2170 1363 illo
2210 1315 2474 1375 tempore.
2509 1300 2772 1356 matutina
2813 1309 2863 1354 et
2894 1313 3032 1352 nova
3073 1297 3194 1349 luce
3223 1293 3432 1356 donati,

1859 1401 2060 1456 Orienti
2105 1399 2394 1469 impiorum
2442 1395 2908 1456 dominabuntur;
2954 1391 3088 1454 sive,
3131 1387 3432 1444 secundum

1859 1491 2131 1563 Aquilam,
2153 1490 2520 1561 imperabunt;
2543 1484 2981 1552 sive,secuudum
3019 1480 3432 1553 Symmachum,

1858 1581 2133 1651 subiicient
2168 1581 2290 1638 sibi.
2330 1578 2463 1632 Nam
2505 1593 2630 1632 cum
2661 1575 2815 1646 impii
2863 1575 2951 1629 hic
2986 1573 3280 1644 proborum
3315 1571 3432 1622 ani-

1859 1689 1977 1728 mas
2003 1673 2392 1744 depresscrint,
2430 1671 2540 1723 illic
2571 1671 2804 1724 animam
2829 1667 3042 1737 piorum
3066 1662 3341 1725 liberabit,
3375 1670 3432 1714 ut

191 1777 282 1816 σιν
309 1763 531 1830 αὐτοῖς.
573 1763 838 1838 Τῶν-γὰρ
867 1767 1101 1821 ἐνταῦθα
1146 1769 1597 1820 ταπεινωσάντων
1630 1769 1746 1832 τοὺς

1858 1783 1926 1820 ne
1951 1781 2058 1820 una
2089 1781 2214 1819 cum
2251 1764 2433 1834 impiis
2465 1763 2832 1825 abducantur;
2864 1758 2959 1814 sed
2990 1758 3044 1814 in
3074 1756 3195 1812 aliis
3219 1754 3356 1810 locis
3377 1759 3432 1807 ct
3513 1781 3518 1784 -

189 1853 348 1918 εὐθεῖς
377 1855 616 1921 ἀσεϐῶν,
657 1861 774 1911 ἐκεῖ
823 1859 1042 1930 ῥύσεται
1077 1861 1175 1930 τῆν
1204 1860 1382 1932 ψυχὴν
1422 1861 1561 1932 πρὸς
1590 1861 1650 1914 τὸ
1681 1862 1754 1934 μὴ

193 1947 588 2018 συναπαχθῆναι
637 1953 749 2012 τοῖς
789 1951 1062 2016 ἀσεϐέσιν,
1105 1951 1218 2004 ἀλλ’
1265 1953 1321 2004 ὲν
1356 1951 1564 2022 ἑτέροις
1613 1949 1752 2008 εἶναι

188 2037 387 2108 χωρίοις
412 2055 472 2091 τε
510 2039 608 2092 καὶ
649 2043 936 2112 ποιμνίοις.

253 2129 371 2181 Ὀτι
401 2130 438 2197 ἡ
451 2129 636 2198 ψυχὴ
665 2132 850 2186 αὐτοῦ
867 2133 937 2186 ἐν
958 2133 1032 2200 τῇ
1060 2131 1174 2201 ζωῇ
1204 2135 1390 2189 αὑτοῦ
1423 2135 1751 2205 εὐλογηθήη

191 2219 896 2290 σεται,ἐξομολογήσεταί
928 2238 1026 2278 σοι
1065 2226 1212 2279 ὅταν
1235 2226 1540 2294 ἁταούνῃς
1571 2223 1749 2290 αὐτῷ.

202 2305 252 2360 ’0
271 2306 362 2377 μὲν
396 2305 610 2372 δίκαιος
639 2310 849 2380 εὐλογεῖ
875 2313 964 2365 τὸν
994 2313 1196 2386 Κύριον
1229 2315 1286 2368 ἐν
1313 2317 1472 2369 παντὶ
1506 2316 1698 2388 καιρῷ’
1725 2319 1752 2370 ὁ

189 2391 238 2444 δὲ
265 2395 576 2466 ἁμαρτωλὸς
629 2401 986 2469 τοτηνικαῦτα
1014 2402 1522 2476 ὲξομολογουμένος,
1544 2405 1754 2476 εὐλογεῖ

191 2483 270 2538 τὸν
290 2484 412 2540 Θεὸν
428 2490 674 2560 ὁπηνίκα
702 2491 767 2544 ἂν
806 2493 1004 2561 ἀγαθόν
1033 2513 1086 2546 τι
1115 2496 1264 2567 αὐτῷ
1289 2498 1352 2550 ἐκ
1381 2497 1514 2551 Θεοῦ
1546 2499 1744 2570 ἀποϐῇ.

553 2601 854 2656 ΨΛΛΜΟΣ
891 2604 978 2656 ΤΩ
1013 2607 1187 2658 ΑΣΑΦ
1225 2607 1358 2660 MG’.

252 2692 306 2746 Ol
343 2693 818 2766 ἐπιγεγραμμένοι
837 2695 930 2748 τοῦ
973 2697 1143 2766 Ἀσάφ
1199 2699 1304 2754 εἰσι
1346 2699 1444 2770 μὲν
1469 2700 1518 2753 οἱ
1553 2699 1750 2763 πάντες

191 2778 269 2835 τὸν
297 2785 518 2854 ἀριθμὸν
555 2787 648 2837 t6"
679 2786 876 2855 ἐφεξῆς
904 2787 960 2840 δὲ
983 2790 1030 2842 οἱ
1063 2797 1129 2842 ια’
1155 2790 1446 2862 ἀρχόμενοι
1489 2793 1596 2846 ἀπὸ
1655 2793 1749 2846 τοῦ

193 2875 276 2926 66"
307 2877 362 2942 ἐξ
395 2870 468 2930 ὧν
501 2879 530 2930 6
565 2877 762 2949 παρὼν
796 2879 1119 2952 ἀπεσπάσθη
1159 2881 1510 2953 ψαλμὸς,οὺχ
1540 2883 1746 2948 ἀπλῶς·

193 2963 300 3016 ἀλλ’
337 2968 564 3040 ἐπείπερ
615 2971 646 3022 6
687 2969 794 3040 πρὸ
835 2971 1022 3023 τούτου
1081 2972 1294 3043 ψαλμὸς
1342 2975 1470 3046 περὶ
1514 2974 1748 3046 κρίσεως

193 3057 272 3109 τοῦ
291 3059 414 3112 Θεοῦ
443 3061 802 3128 διεστέλλετο,
827 3063 1065 3128 τοιοῦτος
1088 3067 1152 3124 δὲ
1177 3067 1270 3118 καὶ
1297 3067 1326 3118 6
1359 3067 1570 3138 παρὼν,
1603 3069 1746 3121 εἱκὸ-
1778 3098 1819 3154 c

191 3163 282 3212 τως
309 3151 438 3204 κατὰ
471 3153 638 3206 τοῦτο
677 3154 998 3208 ἀκολουθίαν
1041 3157 1276 3221 ἐδέξατο.
1335 3158 1494 3211 Ἀλλά
1526 3161 1620 3211 καὶ
1651 3159 1748 3230 τὴν

191 3238 267 3295 διὰ
289 3243 552 3310 Μωῦσέως
589 3247 912 3318 ἀνατρέπων
939 3249 1276 3318 νομοθεσίαν,
1297 3251 1628 3324 παραδίδωσι
1651 3255 1748 3323 τῆς

191 3335 362 3405 καινῆς
405 3339 686 3411 Διαθήκης
733 3341 825 3393 τὸν
877 3343 1096 3405 δοθέντα
1149 3347 1260 3406 τοῖς
1308 3344 1484 3398 ἔθνεσι
1525 3348 1744 3418 τρόπον.

194 3421 290 3477 Καὶ
312 3427 462 3480 τοῦτο
492 3430 550 3483 δὲ
597 3426 670 3502 ἦν
703 3433 759 3484 ἐν
797 3437 903 3497 τοῖς
937 3434 1046 3488 τῶν
1085 3435 1216 3488 υἱῶν
1281 3438 1424 3508 Κορὲ
1483 3437 1739 3508 ψαλμοῖς·

192 3521 363 3580 cuivs;
385 3521 474 3572 καὶ
503 3523 661 3574 αὐτοὶ
689 3525 1012 3594 τυγχάνουσι
1039 3527 1137 3596 μὲν
1166 3526 1251 3581 ιϐ’.
1296 3528 1428 3580 Ἀλλ’
1456 3538 1503 3598 η’
1539 3533 1585 3582 οἱ
1614 3549 1748 3601 προ-

195 3603 418 3673 λαϐόντες
439 3613 638 3684 ἐφεξῆς
664 3616 1063 3688 κατετάγησαν,
1087 3611 1162 3671 ὧν
1211 3621 1656 3686 ἀποσπασθέντες
1696 3628 1743 3676 οἱ

197 3693 444 3764 λείποντες
487 3703 775 3776 τέσσαρες,
823 3707 960 3776 μετά
990 3709 1114 3772 τοὺς
1156 3709 1250 3762 τοῦ
1289 3711 1459 3780 Ἀσάφ
1499 3712 1745 3784 ψαλμοὺς

202 3792 562 3864 ιατετάγησαν·
598 3787 728 3862 ἴσως
749 3799 870 3852 ἐπεὶ
899 3801 948 3852 oi
977 3800 1072 3853 τοῦ
1127 3803 1284 3872 Ασάφ
1319 3805 1537 3871 πάντες,
1563 3806 1638 3869 ὡς
1669 3809 1745 3860 εἰ-

197 3881 318 3945 πεῖν,
357 3883 448 3936 τοῦ
497 3888 714 3959 Ἰσραὴλ
747 3890 1030 3954 ἐθέσπιζον
1065 3893 1163 3963 τῆν
1191 3893 1461 3967 ἀποϐολὴν
1483 3939 1496 3960 ,
1528 3897 1620 3949 καὶ
1643 3897 1744 3968 τὴν

199 3971 266 4034 εἰς
289 3974 450 4029 πάντα
477 3979 546 4031 τά
579 3979 706 4051 ἔθνη
749 3981 1070 4053 διασπορὰν,
1120 3985 1240 4054 μεθ’
1273 3986 1342 4057 ἢν
1371 3989 1403 4056 ἠ
1447 3987 1607 4058 χάρις
1648 3988 1741 4042 τοῦ

200 4061 314 4116 Θεοῦ
349 4065 413 4120 τὰ
453 4069 580 4141 ἔθνη
629 4073 800 4126 πάντα
834 4073 1114 4144 μετῆλθεν·
1163 4074 1285 4129 ὅθεν
1327 4077 1376 4129 οἱ
1416 4075 1592 4128 λοιποὶ
1633 4078 1742 4131 τῶν

199 4156 310 4211 υίῶν
337 4161 478 4232 Κορὲ
502 4163 708 4234 ψαλμοὶ
740 4165 1061 4232 διεδέξαντο,
1093 4167 1191 4240 τὴν
1225 4168 1335 4222 τῶν
1363 4169 1533 4224 ἐθνῶν
1565 4171 1741 4225 ἁπάν-

197 4259 288 4299 των
313 4253 763 4323 προαγορεύοντες
781 4255 990 4325 κλῆσιν.

257 4339 384 4406 θεὸς
404 4343 550 4396 θεῶν
565 4347 778 4413 ιςύριος
791 4347 1065 4416 ἐλίίλησε,
1083 4349 1180 4402 καὶ
1199 4349 1452 4405 ἐκάλεσε
1473 4351 1584 4420 τὴν
1605 4351 1739 4422 γῆν.

1857 1857 2090 1912 ovilibus
2112 1856 2329 1928 degant.

1925 2124 2092 2179 Vsus.
2129 2125 2214 2179 19.
2251 2125 2392 2191 Quia
2427 2125 2608 2176 anima
2636 2123 2748 2187 eius
2783 2122 2836 2174 in
2876 2121 2983 2174 vita
3020 2121 3186 2188 ipsius
3219 2115 3428 2172 benedi—

1853 2227 2019 2283 cetur,
2062 2217 2400 2286 conﬁtebitur
2443 2215 2536 2268 tibi
2588 2231 2704 2268 cum
2745 2214 2868 2268 bene
2906 2213 3090 2284 feceris
3127 2213 3193 2266 ei.
3237 2209 3428 2264 Justus

1852 2310 2000 2364 omni
2033 2318 2274 2380 tempore
2321 2309 2592 2363 benedicit
2627 2306 2778 2372 Deo;
2815 2312 3069 2376 peccator
3093 2315 3270 2356 autem
3298 2311 3429 2356 tunc

1853 2403 2122 2456 conﬁtens
2163 2404 2340 2458 solum
2371 2401 2642 2456 benedicit
2675 2399 2802 2461 Deo,
2839 2415 2962 2452 cum
3003 2397 3130 2467 quid
3163 2397 3288 2450 boni
3325 2396 3428 2450 sibi

1853 2511 1882 2550 a
1907 2494 2018 2550 Deo
2057 2496 2362 2551 obvenerit.

2171 2611 2222 2662 1.
2247 2604 2570 2662 PSALMUS
2605 2602 2834 2660 ASAPH
2875 2602 3062 2658 XLIX.

1921 2700 2024 2766 Qui
2052 2699 2234 2771 Asaph
2281 2699 2530 2770 inscripti
2563 2705 2714 2764 sunt,
2744 2713 2934 2752 omnes
2962 2711 3193 2750 numero
3225 2695 3430 2750 duode-

1851 2793 1958 2846 cim
1991 2800 2232 2849 exstant.
2277 2792 2338 2846 In
2368 2791 2726 2862 sequentibus
2755 2803 2891 2845 vero
2913 2789 3004 2842 alii
3047 2777 3298 2844 undecim
3331 2786 3429 2840 ha-

1851 2885 2068 2949 bentur,
2097 2885 2191 2956 qui
2231 2900 2261 2938 a
2291 2901 2439 2940 Lxxu
2492 2883 2768 2954 incipiunt
2799 2901 2812 2938 :
2844 2899 2908 2938 ex
2953 2882 3154 2954 quibus
3185 2896 3428 2951 prtesens

1853 2977 2094 3048 psalmus
2125 2977 2347 3033 avulsus
2369 2983 2474 3038 est,
2501 2991 2600 3030 nec
2622 2975 2740 3030 sine
2769 2990 2955 3030 causa.
2995 2973 3100 3029 Sed
3129 2973 3255 3044 quia
3291 2987 3426 3042 pra:-

1853 3069 2051 3125 cedens
2079 3069 2326 3140 psalmus
2353 3069 2422 3124 de
2446 3067 2538 3123 Dei
2570 3067 2786 3138 judicio
2812 3065 3170 3126 edisserebat,
3195 3079 3258 3118 ac
3288 3078 3426 3133 pra:-

1857 3179 1984 3218 sens
2013 3163 2210 3218 similis
2247 3171 2332 3218 est
2366 3162 2705 3231 argumenti;
2731 3158 2928 3212 merito
2957 3165 3082 3226 post
3113 3155 3264 3210 illum
3297 3170 3426 3208 con-

1857 3264 2149 3324 sequenter
2175 3256 2384 3323 positus
2410 3263 2513 3308 est.
2541 3251 2834 3306 Enimvero
2851 3264 3040 3306 eversa
3056 3247 3260 3318 Moysis
3285 3247 3422 3316 lege,

1855 3347 1978 3401 novi
2002 3346 2328 3402 Testamenti
2357 3343 2580 3398 modum
2613 3343 2865 3414 gentibus
2907 3340 3166 3395 traditum
3195 3338 3424 3409 profert.

1853 3439 2030 3508 Atque
2083 3437 2318 3507 idipsum
2368 3437 2548 3492 evenit
2589 3435 2644 3488 in
2691 3433 2917 3505 psalmis
2965 3432 3202 3488 ﬁliorum
3243 3431 3422 3486 Core:

1852 3531 1943 3600 qui
1993 3539 2048 3584 et
2097 3530 2198 3598 ipsi
2244 3544 2476 3584 numero
2523 3527 2834 3582 duodecim.
2889 3525 2994 3580 Sed
3043 3533 3166 3580 octo
3213 3521 3424 3593 priores

1851 3622 2112 3692 deinceps
2151 3622 2314 3694 positi
2347 3629 2497 3685 sunt,
2532 3635 2562 3674 a
2593 3621 2793 3690 quibus
2829 3620 3002 3674 avulsi
3035 3625 3272 3688 quatuor
3299 3617 3426 3672 reli-

1850 3715 1966 3784 qui,
1995 3723 2118 3785 post
2141 3715 2385 3785 psalmos
2413 3713 2594 3782 Asaph
2627 3722 2754 3767 sunt
2783 3711 3068 3766 constituti
3099 3710 3274 3764 :forte
3295 3709 3422 3776 quia

1849 3807 2052 3875 Asaphi
2087 3806 2200 3860 fere
2231 3821 2444 3867 omnes,
2475 3803 2697 3858 Israelis
2737 3803 3096 3872 abjectiouem
3125 3809 3180 3856 et
3218 3801 3272 3854 in
3306 3815 3421 3853 (nii-

1849 3913 1947 3952 nes
1970 3909 2160 3968 gentes
2190 3897 2584 3966 dispersiouem
2607 3895 3064 3955 vaticinabantur,
3103 3903 3224 3964 post
3259 3875 3421 3963 quam

1850 3990 1944 4044 Dei
1973 3989 2149 4060 gratia
2179 4003 2374 4043 omnes
2410 3997 2599 4058 gentes
2637 3987 2809 4053 adiit;
2847 4001 3016 4056 quare
3057 3986 3256 4056 reliqui
3293 3985 3420 4040 ﬁlio-

1850 4097 1967 4134 rum
1999 4081 2138 4134 Core
2166 4080 2358 4150 psalmi
2387 4081 2510 4135 illos
2539 4089 2891 4149 exceperunt,
2919 4078 3010 4148 qui
3041 4079 3420 4134 universarum

1849 4174 2090 4244 gentium
2124 4174 2465 4228 vocationem
2501 4173 2887 4242 prtenuntiaut.

1919 4353 2082 4408 Vens.
2107 4356 2159 4409 2.
2187 4355 2326 4408 Deus
2355 4356 2570 4409 deorum
2609 4355 2858 4412 Dominus
2891 4356 3094 4412 locutus
3131 4365 3232 4419 est,
3261 4366 3310 4410 et
3337 4373 3416 4410 ro-

197 4429 250 4480 Οἱ
271 4430 432 4488 λοιποὶ
462 4437 516 4490 δὲ
549 4443 696 4510 τρεῖς
721 4444 1088 4513 ἡρμήνευσαν·
1109 4445 1382 4513 Ἰσχτιρὸς
1399 4446 1540 4510 Θεὸς
1559 4445 1746 4511 λαλή-

1857 4449 1992 4501 cauit
2041 4459 2255 4504 (errant.
2293 4449 2510 4520 Reliqui
2563 4461 2671 4506 tres
2727 4454 2808 4507 sic
2857 4451 3196 4518 interpretati
3250 4457 3416 4503 sunt:

197 4539 294 4590 σας
316 4527 564 4586 ἐκάλεσε
607 4535 722 4602 τὴν
765 4536 904 4606 γῆν.
959 4540 1020 4592 υἱ
1059 4538 1114 4591 δὲ
1153 4541 1558 4610 Ἑϐδομήκοντα
1587 4543 1742 4608 θεοὺς

198 4615 434 4675 ἐκάλεσαν
448 4625 575 4690 τούς
601 4645 658 4680 τε
681 4628 946 4700 ἄρχοντας
969 4631 1065 4691 xa‘t,
1089 4632 1300 4703 κριτὰς,
1327 4635 1462 4706 ὅπερ
1485 4635 1612 4689 ἱδιον
1642 4637 1740 4707 μό-

197 4721 274 4760 νον
311 4711 455 4767 Θεοῦ.
509 4717 810 4790 Τοιγαροῦν
853 4725 910 4775 ὲν
943 4730 1034 4777 πα¹
1074 4723 1271 4796 ψαλμῷ
1319 4729 1630 4798 προφήσας·
1675 4729 1738 4781 '0

199 4801 320 4887 θεός
341 4803 482 4875 ἔστη
510 4809 581 4861 ἐν
607 4812 928 4882 συναγωγῇ
961 4814 1129 4881 θεῶν,
1169 4817 1238 4869 ἐν
1273 4817 1442 4886 μέσῳ
1471 4818 1538 4871 δὲ
1562 4821 1736 4887 θεοὺς

198 4885 451 4996 fruntus:
469 4940 483 4964 ,
525 4903 800 4974 ἐπήγαγεν
821 4922 834 4934 ’
881 4906 1028 4973 Ἕως
1047 4909 1193 4961 πότε
1219 4885 1448 4978 κρίνετε
1468 4885 1736 4978 (maximo;

197 4979 328 5036 Οῦτω
360 4989 448 5041 καὶ
471 4993 500 5044 6
529 4993 690 5066 νόμος
711 4995 1042 5069 διαγορεύειο
1079 4999 1263 5068 Θεοὺς
1301 5005 1372 5056 οὺ
1403 5006 1737 5074 κακολογή-

199 5085 324 5162 fate.
345 5082 436 5135 καὶ
458 5083 750 5154 ἄρχοντας
763 5089 870 5143 τοῦ
891 5090 1045 5146 λαοῦ
1071 5109 1186 5146 σου
1209 5095 1318 5146 οὐκ
1342 5093 1496 5162 ἐρεῖς
1515 5095 1731 5161 κακῶς.

201 5159 419 5238 Εῠλὸγως
449 5175 492 5228 δ’
527 5177 589 5230 ἂν
623 5179 866 5249 κληθεῖεν
893 5185 942 5236 οἱ
977 5185 1040 5236 τὸ
1085 5187 1204 5237 κατ’
1244 5159 1427 5238 εἰκόνα
1473 5159 1735 5254 ιρυλάξαν-

199 5267 307 5350 τξφ
333 5263 359 5314 6
383 5265 576 5322 τούτων
619 5270 748 5335 Θεὸς
801 5277 980 5329 πᾶσαν
1035 5277 1253 5346 συνάγει
1294 5276 1390 5348 τὴν
1414 5279 1734 5350 οἰκουμένην

202 5345 268 5408 εἷς
287 5353 340 5404 τὸ
367 5361 637 5430 κριτήριον
656 5380 668 5392 ο
699 5364 858 5429 αὐτὸς
882 5367 954 5421 ὣν
978 5373 1006 5420 6
1034 5371 1235 5441 Κύριος
1262 5373 1290 5423 6
1331 5345 1424 5422 τοῦ
1483 5345 1616 5423 Θεοῦ
1637 5345 1735 5424 A6-

203 5451 282 5542 705
309 5443 714 5542 ὲνανθρωπήσας
763 5458 988 5530 ὲλάλησε
1019 5459 1106 5513 διὰ
1137 5459 1228 5514 τοῦ
1263 5462 1620 5529 Εὐαγγελίου,
1641 5463 1734 5514 καὶ

208 5543 382 5599 παντας
408 5540 498 5608 μὲν
523 5545 690 5610 καλεῖ,
715 5550 773 5601 οὐ
799 5551 998 5616 πάντες
1027 5554 1340 5623 ὑπήκουσαν
1387 5553 1462 5624 τῷ
1489 5555 1732 5622 Εὑαγγε-

268 5685 310 5722 ³³
337 5693 466 5753 Psal.
506 5718 682 5768 tam,
719 5705 766 5758 ‘l.
849 5707 891 5736 3‘
935 5707 1064 5760 ibid.
1099 5707 1148 5759 ‘2.
1230 5710 1272 5739 ³³
1316 5709 1480 5764 Exod.
1521 5725 1650 5774 λιιι,
1689 5707 1776 5762 ‘23.

1851 4539 2032 4595 Fortis
2055 4541 2194 4596 Deus
2219 4544 2428 4612 loquens
2451 4546 2877 4598 vocavitterram.
2907 4543 3046 4597 LXX
3079 4550 3254 4596 autem
3285 4539 3416 4596 deos

1847 4643 2112 4687 vocarunt
2145 4635 2420 4705 principes
2443 4651 2507 4690 ac
2543 4635 2779 4705 judices,
2821 4635 2964 4705 quod
3007 4633 3284 4704 pmprium
3320 4646 3413 4684 so-

1841 4725 1948 4780 lius
1987 4725 2081 4782 Dei
2121 4735 2224 4782 est.
2261 4725 2541 4798 Siquidem
2579 4728 2632 4782 iu
2677 4745 2840 4783 Lxxxl
2876 4727 3086 4796 psalmo
3125 4733 3410 4796 postquam

1843 4817 2080 4882 dixerat,
2123 4818 2259 4873 Deus
2283 4823 2428 4874 stetit
2470 4822 2522 4874 in
2559 4837 2826 4890 synagoga
2869 4820 3104 4882 deorum,
3149 4818 3202 4870 in
3244 4816 3412 4871 medio

1846 4921 2019 4965 autem
2051 4912 2175 4966 deos
2217 4911 2575 4980 diiudicat”;
2626 4911 2931 4981 subiunxit,
2971 4908 3241 4979 Usquequo
3264 4908 3410 4978 judi-

1843 5005 1977 5057 catis
2019 5006 2352 5076 iniquitatem
2367 5006 2446 5059 3"‘i
2475 5003 2568 5058 Sic
2594 5015 2647 5059 et
2685 5005 2770 5058 lex
2815 5002 3060 5073 prateipit
3101 5019 3112 5052 :
3145 5000 3262 5054 Diis
3314 5017 3410 5053 non

1842 5093 2144 5159 maledices,
2177 5106 2226 5150 et
2265 5095 2586 5165 principibus
2624 5095 2808 5166 populi
2843 5097 2920 5148 tui
2956 5111 3056 5147 non
3088 5092 3407 5148 conviciaba-

1841 5189 2000 5242 ris”.
2033 5187 2162 5244 Jure
2208 5193 2290 5246 sic
2333 5197 2594 5244 vocentur
2617 5188 2710 5257 qui
2765 5187 3054 5257 imaginem
3093 5187 3240 5240 illam
3277 5185 3328 5238 in
3359 5202 3407 5240 sc

1841 5282 2198 5346 servaverint,
2221 5297 2451 5351 quorum
2479 5279 2624 5333 Deus
2654 5289 2822 5333 totum
2854 5279 3040 5332 orbem
3064 5277 3128 5331 ad
3147 5276 3410 5346 judicium

1842 5385 2033 5427 evocat
2067 5391 2078 5424 :
2117 5375 2342 5444 ipseque
2386 5373 2652 5428 Dominus
2691 5372 2784 5428 Dei
2807 5373 3060 5434 Verbum,
3098 5373 3409 5425 incarnatus

1843 5481 1938 5534 per
1959 5463 2311 5534 Evangelium
2360 5465 2576 5520 locutus
2611 5473 2695 5522 est
2729 5473 2816 5520 :et
2845 5480 3036 5518 omnes
3066 5463 3281 5533 quidem
3321 5477 3407 5514 vo-

1843 5564 1950 5619 cat,
1998 5557 2088 5612 sed
2122 5571 2228 5609 non
2264 5571 2453 5612 omnes
2504 5557 2749 5612 obsecuti
2780 5565 2906 5612 sunt
2957 5555 3267 5626 Evangelia.
3308 5551 3408 5606 Sed
