3822 6280
327 289 330 293 ’
417 310 527 369 iss

1115 315 1381 378 EUSEBII
1416 320 1887 382 CESARIENSIS
1930 322 2078 381 OPP.
2117 322 2299 380 PARS
2329 322 2416 379 Ill.
2442 354 2513 366 --
2540 321 2942 416 EXEGETICA.

3538 322 3639 379 436

416 429 513 501 qui
564 428 905 499 obedierunt,
959 431 1230 502 promissa
1274 437 1704 509 nanciscuntur;
1753 442 1820 497 iis
1851 458 1980 498 vero

2086 440 2199 511 λίῳ.
2262 440 2382 493 Ἀλλ
2401 441 2468 493 'oi.
2501 439 2598 509 μὲν
2626 437 3027 502 ὑπακούσαντες
3070 439 3178 491 τῶν
3223 437 3641 510 ἐπηγγελμένων

416 521 508 592 qui
539 522 764 591 gratiam
782 531 1247 595 contempserunt,
1275 528 1329 583 in
1355 530 1592 598 glorioso
1620 548 1720 589 suo
1741 534 1974 589 adventu

417 613 595 683 ignem
643 614 1028 681 comminatur,
1074 626 1338 674 venturus
1365 637 1433 677 ex
1467 625 1677 681 caelesti
1731 625 1882 691 Sion,
1909 628 1976 683 de

417 720 523 777 qua
549 704 751 761 Paulus
776 707 852 761 ait
882 729 894 763 :
929 706 1011 762 Ea
1037 726 1181 775 vero,
1200 728 1317 781 qua:
1345 729 1555 768 sursum
1576 726 1653 770 est
1679 715 1975 772 Jerusalem

415 795 579 851 libera
605 807 705 862 est,
738 815 855 869 qua:
877 808 955 855 est
974 810 1143 855 mater
1162 812 1343 857 nostra
1356 805 1421 871 ³⁶;
1453 814 1506 861 et
1533 826 1544 860 :
1574 807 1878 863 Arcessistis
1908 811 1978 863 ad

416 886 546 943 Sion
569 899 795 944 montem
822 899 870 944 et
894 892 1154 946 civitatem
1184 894 1280 948 Dei
1298 896 1529 958 viventis.
1561 898 1857 953 Jerusalem
1878 917 1978 955 cae-

416 981 680 1035 lestem".
716 980 921 1052 Species
975 994 1153 1040 autem
1195 987 1398 1042 decoris
1447 997 1531 1045 est
1577 991 1814 1059 gloriosa
1859 993 1978 1063 ejus

414 1071 768 1142 theopbania,
801 1090 964 1144 quam
998 1084 1184 1146 aperte
1227 1078 1470 1134 declarat
1500 1081 1631 1136 illud
1665 1098 1678 1134 :
1706 1081 1844 1138 Dens
1872 1102 1980 1139 ma-

411 1161 602 1231 nifeste
635 1164 822 1219 veniet.
868 1162 925 1218 in
956 1167 1134 1236 primo
1185 1168 1368 1238 itaque
1415 1170 1646 1226 adventu
1698 1188 1819 1238 suo,
1849 1175 1978 1230 dum

411 1253 480 1307 ab
524 1253 837 1312 hominibus
853 1256 1062 1333 judicio
1093 1261 1519 1326 examinaretur,
1566 1265 1780 1330 silebat,
1810 1274 1981 1322 tanta-

409 1358 521 1412 que
556 1359 850 1414 pcrpessus
881 1363 991 1403 non
1022 1364 1146 1405 sese
1186 1351 1568 1417 ulciscebatur,
1597 1370 1699 1409 nec
1725 1357 1979 1411 omnibus

411 1450 571 1490 suam
604 1436 895 1493 exhibebat
940 1438 1215 1494 deitatem.
1252 1441 1416 1507 Tune,
1461 1444 1556 1509 ait,
1598 1446 1870 1515 manifeste
1899 1463 1981 1502 re-

414 1526 518 1579 niet
550 1534 724 1582 etnon
754 1529 947 1585 silebit.
969 1530 1118 1602 Ignis
1155 1540 1336 1588 autem
1370 1544 1721 1605 praeverteris,
1755 1554 1979 1607 regnum

417 1618 539 1688 ejus
566 1629 855 1691 expurgat,
903 1636 1145 1690 omnem,
1178 1639 1298 1694 qua:
1336 1626 1419 1680 uri
1464 1635 1660 1697 potest,
1702 1631 1980 1684 materiem

419 1711 728 1773 absumens.
761 1719 819 1767 ut
847 1729 1023 1783 neque
1045 1714 1208 1784 ligna.
1235 1728 1408 1783 neque
1431 1717 1634 1781 fenum,
1672 1735 1846 1791 neque
1883 1736 1980 1791 pa-

2079 533 2431 604 τυγχάνουσι·
2461 532 2572 594 τοῖς
2593 530 2649 582 δὲ
2674 529 2769 601 τὴν
2794 530 2950 600 χάριν
2977 528 3246 595 ἀθετοῦσι,
3278 530 3340 584 τὸ
3363 529 3473 603 πῦρ
3495 533 3643 585 ἀπει-

2081 626 2162 679 λεῖ
2191 623 2330 679 κατὰ
2354 624 2451 694 τὴν
2484 621 2689 687 ἔνδοξον
2719 620 2881 676 αὐτοῦ
2916 622 3233 692 παρουσίαν,
3269 623 3418 694 ἥξων
3450 627 3517 677 ἐκ
3547 610 3663 696 τῆν(

2084 715 2402 788 ἐπουρανίου
2452 714 2588 768 Σιὼν
2610 755 2625 780 ,
2660 713 2788 784 περὶ
2813 708 2881 784 ἧς
2904 712 2935 763 ὁ
2985 711 3195 778 Παῦλος
3240 713 3404 783 φησίν
3425 730 3441 744 ·
3484 714 3551 768 Ἡ
3578 715 3645 767 δὲ

2083 807 2203 863 ἅνω
2233 805 2611 876 Ἰερουσαλὴμ
2631 804 2913 872 ἐλευθέρα
2933 803 3122 866 ἐστὶν,
3151 803 3278 871 ἥτις
3298 804 3434 859 ἐστὶ
3447 804 3645 875 μήτηρ

2084 900 2279 969 ἡμῶν·
2315 899 2429 961 καὶ,
2476 897 2969 965 Προσεληλύθατε
2988 893 3140 948 Σιὼν
3164 894 3285 963 ὄρει
3330 896 3428 950 καὶ
3472 898 3644 950 πόλει

2088 992 2234 1045 Θεοῦ
2257 988 2488 1055 ζῶντος,
2527 987 2909 1057 Ἰερουσαλὴμ
2939 987 3288 1055 ἐπουρανίῳ.
3304 987 3644 1054 Εὐπρέπεια

2083 1083 2139 1137 δὲ
2161 1081 2567 1151 ὠραιότητοςὴ
2594 1077 2797 1143 ἔνδοξος
2812 1077 2976 1131 αὐτοῦ
3000 1078 3282 1148 θεοφάνεια
3299 1097 3312 1109 ·
3335 1078 3644 1149 ταύτηνκαὶ

2084 1175 2162 1238 τὸ,
2204 1175 2266 1227 '0
2293 1171 2434 1238 Θεὸς
2451 1168 2724 1241 ἐμφανῶς
2752 1169 2901 1239 ἣξει,
2922 1170 3084 1242 δηλοῖ.
3116 1169 3271 1223 Κατὰ
3302 1170 3401 1240 μὲν
3429 1165 3527 1223 οῦν
3548 1170 3643 1243 τὴν

2088 1266 2307 1338 πρώτην
2347 1263 2508 1317 αὑτοῦ
2538 1262 2830 1333 παρουσίαν
2869 1262 2974 1315 ὑπὸ
2998 1261 3293 1333 ἀνθρώπων
3325 1261 3642 1332 κρινόμενος

2049 1354 2060 1361 ”
2085 1350 2292 1405 ἐσιώπα
2308 1368 2319 1382 ·
2349 1350 2467 1403 οὐδὲ
2490 1349 2723 1404 τοσαῦτα
2749 1350 2966 1419 πάσχων
2985 1348 3262 1420 ἠμύνατο,
3314 1351 3439 1402 οὐδὲ
3483 1353 3644 1404 πᾶσιν

2085 1442 2290 1496 ὲδείκνυ
2316 1441 2415 1512 τὴν
2448 1440 2582 1494 ίδίαν
2609 1440 2834 1510 θεότητα
2852 1458 2866 1471 ·
2895 1442 3030 1494 Τότε
3047 1439 3133 1505 δὲ,
3161 1441 3343 1511 φησιν,
3369 1440 3642 1510 ἐμφανῶς

2088 1531 2238 1598 ἣξει,
2269 1531 2364 1586 καὶ
2387 1532 2458 1585 οὐ
2485 1530 3027 1598 παρασιωπήσεται.
3052 1531 3444 1604 Προλαμϐἀνον
3491 1532 3549 1585 δὲ
3586 1533 3642 1585 τὺ

2088 1622 2195 1695 πῦρ
2225 1622 2320 1694 τὴν
2342 1621 2505 1682 αὑτοῦ
2537 1621 2808 1692 βασιλείαν
2842 1623 3110 1693 καθαίρει,
3155 1624 3332 1676 πᾶσαν
3356 1622 3492 1694 ὓλην
3519 1641 3643 1676 καυ-

2089 1715 2216 1785 στὴν
2236 1712 2535 1777 ἀναλίσκον,
2568 1713 2701 1783 πρὸς
2729 1712 2789 1766 τὸ
2816 1713 2889 1786 μὴ
2912 1712 3061 1779 ξύλα,
3089 1713 3162 1784 μὴ
3190 1714 3398 1786 χόρτον,
3442 1714 3519 1785 μὴ
3546 1731 3643 1767 κα-

421 1801 522 1866 lea,
558 1810 684 1858 ante
715 1811 1070 1873 conspectum
1105 1805 1226 1874 ejus
1251 1817 1534 1877 appareat.
1561 1810 1763 1881 Arguet
1804 1822 1982 1866 autem

2091 1804 2270 1874 λάμην
2304 1805 2408 1875 πρὸ
2446 1802 2732 1876 προσώπου
2760 1803 2923 1859 αὐτοῦ
2954 1800 3252 1872 φαίνεσθαι.
3317 1803 3557 1873 Ἐλέγξει
3590 1804 3641 1857 δὲ

419 1890 579 1947 simul
608 1900 661 1948 et
703 1895 1044 1963 approbabit,
1081 1896 1203 1950 aliis
1243 1882 1452 1962 dicens,
1491 1899 1689 1964 Venite,
1727 1902 1981 1956 benedicti

418 1983 600 2038 Patris
627 1987 727 2038 mei
745 1985 824 2051 '3;
858 1987 980 2043 aliis
1023 2002 1175 2052 vero,
1218 1987 1482 2043 Discedite
1510 2007 1543 2043 a
1571 2007 1652 2045 me
1668 1991 1733 2047 δν.
1760 1991 1903 2062 Ignis
1926 1994 1981 2046 in

416 2088 692 2145 conspectu
715 2077 829 2145 ejus
861 2078 1185 2133 exardescet.
1226 2077 1410 2146 Ignem
1448 2097 1564 2134 ueni
1596 2088 1801 2137 mittere
1830 2097 1982 2150 super

419 2174 612 2221 terram
628 2167 695 2220 ⁸⁸.
738 2166 918 2236 Ignem
955 2167 1044 2223 hic
1098 2175 1257 2223 vocat
1293 2170 1600 2225 doctrinam
1644 2171 1736 2227 Dei
1772 2170 1929 2227 Verbi
1962 2190 1977 2227 :

417 2259 546 2329 quia
583 2260 722 2329 ignis
747 2259 964 2329 quidem
997 2274 1195 2329 pravos
1244 2261 1463 2317 habitus
1499 2262 1793 2329 comburit,
1825 2279 1985 2317 mun-

417 2353 518 2407 dos
546 2358 726 2406 autem
757 2350 969 2420 probat.
1013 2350 1303 2421 Pr0pterea
1345 2354 1401 2406 in
1435 2355 1663 2408 circuitu
1708 2354 1821 2424 ejus
1863 2363 1983 2408 tem-

416 2449 593 2508 pestas
638 2437 835 2493 valida.
883 2436 1164 2510 Quotquot
1196 2441 1343 2496 enim
1396 2444 1575 2496 volunt
1618 2445 1703 2512 pie
1746 2445 1909 2498 vivere
1929 2446 1982 2498 in

418 2528 652 2591 Christo,
671 2528 1077 2598 persecutionem
1110 2531 1431 2598 patientur“
1452 2549 1468 2596 ;
1487 2532 1579 2588 sed
1596 2534 1760 2588 etiam
1784 2534 1980 2604 inquit,

421 2621 833 2676 Tribulationem
855 2620 1106 2675 habebitis
1134 2625 1189 2676 in
1221 2621 1413 2677 mundo
1426 2625 1491 2680 δ’.

489 2710 654 2766 νεεδ.
685 2711 739 2774 4,
776 2711 829 2767 5.
861 2710 1149 2766 Advocabit
1168 2714 1353 2767 caelum
1379 2713 1675 2777 desursum,
1707 2724 1757 2769 et
1788 2726 1983 2771 terram

418 2805 716 2858 discernere
746 2804 999 2873 populum
1048 2821 1222 2859 suum.
1277 2804 1597 2877 Congregate
1641 2808 1725 2861 illi
1773 2820 1982 2865 sanctos

418 2897 552 2966 ejus,
588 2898 677 2967 qui
716 2897 966 2951 ordinant
991 2906 1356 2953 testamentum
1378 2900 1491 2965 ejus
1520 2915 1673 2968 super
1694 2902 1982 2971 sacriﬁcia.

420 2990 541 3043 Alio
568 2990 750 3053 modo,
802 2990 1004 3061 prioris
1051 2992 1232 3060 populi
1267 2991 1545 3061 proprium
1588 2993 1853 3062 judicium
1886 2993 1982 3049 de—

2079 1897 2113 1967 ῆ
2147 1896 2477 1963 ἀποδέξεται,
2504 1898 2617 1959 τοῖς
2649 1896 2745 1967 μὲν
2779 1894 2950 1965 λέγων
2975 1914 2987 1925 ·
3020 1896 3214 1960 Δεῦτε,
3234 1899 3288 1950 οἱ
3318 1895 3641 1966 εὐλογημέ-

2079 2005 2172 2041 νοι
2212 1989 2318 2042 τοῦ
2349 1989 2575 2057 Πατρός
2590 2005 2730 2056 μου,
2762 1990 2872 2050 τοῖς
2898 1986 2975 2051 δὲ,
2997 1989 3330 2055 Πορεύεσθε
3356 1988 3460 2040 ἀπ’
3478 1987 3639 2056 ἐμοῦ.

2080 2078 2205 2146 Πῦρ
2231 2079 2507 2133 ἐναντίον
2536 2078 2720 2134 αὑτοῦ
2752 2076 3143 2144 καυθήσεται·
3182 2079 3300 2146 πῦρ
3329 2074 3643 2148 ἦλθον-βαρ

2079 2170 2211 2224 λεῖν
2233 2171 2331 2224 ἐπὶ
2353 2171 2469 2239 τὴν
2484 2169 2619 2240 γῆν.
2658 2170 2776 2243 Πῦρ
2814 2171 2870 2225 δὲ
2914 2169 3145 2224 ἐνταῦθα
3168 2169 3263 2240 τὴν
3292 2169 3642 2223 διδασκαλίαν

2080 2260 2172 2314 τοῦ
2199 2260 2332 2314 Θεοῦ
2355 2262 2523 2330 Λόγου
2550 2261 2717 2331 λέγει·
2753 2263 2834 2315 ὅτι
2864 2278 2966 2334 περ
2987 2261 3095 2333 πῦρ
3124 2262 3264 2314 καίει
3299 2259 3398 2331 μὲν
3422 2260 3525 2323 τὰς
3549 2277 3640 2330 μο-

2080 2351 2284 2422 χθηρὰς
2316 2350 2476 2417 ἕξεις,
2510 2352 2791 2423 δοκιμάζει
2814 2352 2867 2405 δὲ
2893 2353 3019 2415 τοὺς
3066 2350 3358 2424 καθαρούς.
3409 2349 3510 2403 Διά
3541 2348 3641 2420 γὰρ

2080 2441 2256 2505 τοῦτο,
2300 2443 2501 2509 κύκλῳ
2521 2442 2707 2497 αὐτοῦ
2739 2442 3003 2511 καταιγὶς
3053 2441 3286 2511 σφόδρα
3311 2457 3325 2471 ·
3362 2441 3480 2494 ὅσοι
3542 2440 3641 2509 γὰρ

2082 2533 2327 2588 θέλουσι
2362 2535 2624 2600 εὐσεϐῶς
2651 2524 2840 2595 ζῆνέν
2883 2532 3138 2602 Χριστῷ,
3177 2530 3637 2602 διωχθήσονται·

2082 2625 2217 2680 ἀλλὰ
2247 2627 2340 2681 καὶ
2363 2627 2590 2695 θλίψιν,
2624 2626 2806 2695 φησὶν,
2830 2625 2993 2690 ἕξετε
3023 2625 3091 2678 ἐν
3110 2623 3189 2690 τῷ
3221 2624 3447 2692 κόσμῳ.

2151 2714 2635 2785 Προσκαλέσεται
2669 2715 2775 2769 τὸν
2806 2714 3065 2782 οὐρανὸν
3091 2715 3232 2776 ἅνω,
3267 2714 3365 2766 καὶ
3395 2711 3514 2779 τὴν
3537 2707 3643 2781 τῆν

2081 2809 2375 2877 διακρῖναι
2395 2807 2501 2861 τὸν
2526 2806 2681 2862 λαὸν
2705 2805 2908 2860 αὑτοῦ.
2933 2804 3300 2874 Συναγάγετε
3326 2803 3489 2868 αὐτῷ
3509 2799 3641 2865 τοὺς

2083 2899 2287 2969 ἁγίους
2313 2897 2520 2963 αὑτοῦ,
2546 2896 2687 2963 τοὺς
2727 2893 3164 2965 διατιθεμένους
3204 2894 3317 2960 τὴν
3351 2891 3643 2958 Διαθήκηγ

2083 2989 2266 3044 αὑτοῦ
2296 2988 2393 3041 ἐπὶ
2427 2988 2683 3053 θυσίαις.
2718 2986 2945 3050 Ἄλλως,
2978 2984 3072 3038 τοῦ
3099 2986 3363 3056 προτέρου
3393 2983 3527 3037 λαοῦ
3554 2982 3641 3052 τὴν

420 3082 613 3148 clarat,
659 3083 859 3137 coelum
889 3084 1161 3139 advocans
1195 3091 1248 3139 et
1277 3091 1499 3151 terram,
1554 3088 1808 3155 quoniam
1861 3103 1982 3142 cum

2087 3080 2266 3151 κρίσιν
2295 3077 2601 3144 ἰδιάζουσαν
2626 3078 2883 3139 δείκνυσι,
2921 3077 3012 3129 τὸν
3043 3076 3268 3148 οὐρανὸν
3311 3072 3642 3146 προσκαλού-

421 3174 592 3245 legem
631 3188 728 3262 per
758 3173 997 3246 Moysem
1029 3176 1368 3239 tradidisset,
1399 3153 1650 3233 dicebat:
1689 3176 1870 3231 Testor
1898 3194 1982 3231 vo-

2090 3189 2245 3243 μενος
2284 3171 2377 3224 καὶ
2408 3171 2506 3241 τὴν
2552 3170 2657 3240 γῆν
2676 3186 2689 3200 ·
2728 3168 2913 3241 ἐπειδὴ
2941 3169 3034 3221 τὸν
3057 3167 3219 3237 νόμον
3249 3166 3338 3219 διὰ
3375 3165 3644 3227 Μωῦσέως

424 3263 501 3317 bis
530 3264 682 3319 hodie
710 3265 893 3319 calum
932 3275 982 3320 et
1011 3274 1205 3321 terram
1230 3268 1294 3321 ”.
1327 3267 1405 3322 Ac
1435 3284 1652 3323 rursum
1691 3269 1746 3323 in
1792 3284 1986 3339 magno

421 3353 639 3408 cantico
668 3374 681 3408 :
712 3354 956 3418 Attende,
989 3356 1198 3419 caelum,
1228 3366 1276 3410 et
1308 3357 1492 3428 loquar
1515 3375 1532 3419 ,'
1557 3368 1607 3410 et
1640 3358 1824 3411 audiat
1846 3368 1985 3412 terra

423 3445 579 3500 uerba
610 3462 676 3502 ea:
704 3462 793 3501 ore
819 3464 931 3501 meo
952 3446 1019 3501 “.
1057 3448 1418 3513 Quamobrem
1457 3451 1531 3503 ait
1572 3449 1781 3504 Isaias:
1824 3450 1983 3512 Audi,

424 3535 693 3598 caelum,“
718 3536 933 3590 auribus
954 3538 1343 3606 percipe,terra,
1370 3541 1623 3594 Dominus
1648 3541 1849 3594 locutus
1871 3550 1985 3594 est:

424 3625 597 3681 Filios
627 3628 780 3698 genui
800 3637 851 3683 et
880 3629 1129 3692 exaltavi,
1166 3630 1267 3698 ipsi
1305 3640 1478 3684 autem
1495 3641 1792 3699 spreverunt
1824 3649 1903 3686 me
1918 3632 1982 3687 ".

423 3715 581 3771 Nunc
612 3733 830 3789 quoque
866 3719 1086 3774 eosdem
1138 3720 1386 3776 evocabit
1418 3729 1585 3777 testes
1615 3740 1631 3790 ;
1686 3737 1751 3776 ac
1794 3738 1985 3792 quem-

425 3808 716 3864 admodum
741 3808 999 3866 Servator
1019 3811 1073 3865 in
1104 3811 1414 3882 Evangeliis
1437 3813 1579 3868 ovile
1602 3828 1758 3868 suum
1788 3813 1990 3870 discer-

421 3904 528 3963 nit.
584 3904 795 3959 scilicet
846 3919 943 3959 eos
974 3909 1066 3974 qui
1099 3905 1355 3962 Ecclesia
1403 3914 1555 3970 sunt,
1583 3922 1711 3963 oves
1744 3916 1988 3963 statuens

425 4011 456 4047 a
483 3995 714 4059 dextris,
771 3996 956 4053 haedos
993 4007 1171 4052 autem
1203 4013 1234 4052 a
1293 3998 1573 4066 sinistris;
1603 4000 1790 4055 eodem
1827 4000 1989 4055 modo

425 4086 543 4155 ipse
592 4085 877 4144 Dominus
900 4089 1013 4159 jam
1064 4089 1328 4145 discernit
1375 4092 1633 4162 populum
1666 4108 1845 4147 suum.
1882 4090 1988 4147 He-

424 4178 671 4233 braicum
702 4182 980 4251 exemplar
1018 4189 1072 4237 et
1099 4183 1327 4253 reliqui,
1358 4194 1670 4255 congregate
1715 4184 1865 4251 mihi,
1902 4185 1989 4239 in-

433 4270 639 4340 juiunt.
675 4270 829 4326 Sicut
879 4274 1022 4328 enim
1073 4276 1127 4329 in
1175 4274 1469 4347 Evangelio
1518 4277 1722 4331 dictum
1754 4284 1882 4332 est:
1919 4275 1988 4329 Et

425 4363 601 4417 mittet
627 4363 837 4434 angelos
863 4381 1007 4431 suos,
1037 4376 1086 4421 et
1107 4368 1491 4438 congregabunt
1517 4385 1693 4423 omnes
1715 4377 1890 4438 gentes
1916 4368 1984 4433 “;

2088 3262 2412 3334 παραδιδοὺς
2446 3259 2598 3329 ἔλεγε
2618 3277 2631 3289 ·
2661 3260 3035 3328 Μαρτύρομαι
3056 3257 3199 3326 ὑμῖν
3235 3255 3507 3325 σήμερον
3550 3255 3645 3309 τόν

2088 3377 2149 3413 τε
2180 3356 2440 3426 οὐρανὸν
2455 3357 2552 3410 καὶ
2580 3355 2694 3424 τὴν
2720 3355 2837 3425 γῆν
2854 3372 2868 3385 ·
2897 3354 2991 3408 καὶ
3020 3353 3179 3406 πάλιν
3206 3355 3262 3406 ἐν
3288 3351 3498 3422 μεγάλῃ
3521 3349 3640 3421 ᾠδῇ·

2085 3452 2374 3519 Πρόσεχε,
2402 3448 2638 3517 οὐρανὲ,
2668 3447 2765 3501 καὶ
2804 3444 3089 3511 λαλήσω·
3125 3444 3221 3497 καί
3261 3443 3527 3498 ἀκουέτω
3576 3440 3641 3510 τῆ

2080 3541 2318 3611 ῥήματα
2344 3541 2412 3593 ἐκ
2435 3540 2729 3609 στόματός
2752 3555 2892 3607 μου.
2917 3537 3009 3589 Διὸ
3024 3537 3115 3589 καὶ
3144 3536 3395 3598 Ἡσαΐας,
3425 3535 3643 3593 Ἄκουε,

2088 3634 2269 3704 φησιν,
2304 3630 2540 3700 οὐρανὲ,
2566 3631 2660 3684 καί
2688 3628 2988 3692 ἐνωτίζου,
3023 3630 3062 3696 ἡ
3087 3627 3183 3697 γῆ,
3226 3630 3258 3680 ὀ
3286 3628 3505 3694 Κύριος
3520 3622 3646 3678 ἑλά-

2087 3730 2310 3794 λησεν·
2350 3723 2520 3788 Υίοὺς
2548 3723 2847 3792 ἐγέννησα
2874 3722 2971 3774 καὶ
2998 3720 3235 3788 ὕψωσα,
3267 3718 3438 3773 αὐτοὶ
3487 3714 3553 3771 δέ
3575 3731 3643 3784 με

2088 3810 2408 3881 ἠθέτησαν.
2428 3812 2536 3865 Καὶ
2569 3810 2663 3864 νῦν
2682 3810 2861 3863 τοίνυν
2883 3810 3010 3872 τοὺς
3044 3810 3240 3871 αὐτοὺς
3274 3806 3643 3861 ὲπικαλέσεται

2093 3904 2371 3975 μάρτυρας
2393 3919 2407 3933 ·
2444 3903 2538 3955 καὶ
2567 3901 2755 3972 ὥσπερ
2782 3903 2810 3954 ὁ
2835 3900 3025 3971 Σωτὴρ
3079 3901 3137 3952 ὲν
3184 3898 3539 3967 Εὑαγγελίοις
3590 3895 3645 3948 τὸ

2090 3994 2336 4065 ποίμνιον
2368 3993 2532 4047 αὐτοῦ
2564 3993 2849 4064 διακρίνει,
2878 3991 3077 4061 δηλαδὴ
3104 3991 3231 4053 τοὺς
3267 3989 3367 4059 τῆς
3427 3987 3643 4056 Ἐκκληο

2092 4085 2231 4147 σίας,
2261 4084 2331 4137 τὰ
2367 4082 2612 4153 πρόϐατα
2649 4081 2745 4150 μὲν
2776 4080 2938 4133 ἱστῶν
2958 4082 3023 4132 ἐκ
3049 4077 3261 4144 δεξιῶν,
3293 4078 3360 4131 τὰ
3389 4077 3449 4131 δὲ
3474 4077 3643 4148 ἐρίφια

2088 4175 2147 4240 ἐξ
2183 4173 2499 4244 εὐωνύμων·
2529 4175 2618 4226 τὸν
2651 4172 2813 4225 αὑτὸν
2834 4171 3032 4242 τρόπον
3062 4170 3090 4221 ὁ
3123 4169 3281 4232 αὐτὸς
3314 4167 3519 4239 Κύριος
3561 4165 3643 4218 καὶ

2089 4265 2184 4319 νῦν
2232 4265 2490 4335 διακρίνει
2539 4263 2630 4315 τὸν
2652 4263 2777 4317 λαὸν
2808 4260 2995 4315 αὐτοῦ.
3037 4262 3110 4314 Τὸ
3145 4259 3433 4330 Ἐϐραῖκὸν
3466 4259 3559 4311 καὶ
3602 4258 3641 4307 οἱ

2090 4358 2282 4421 λοιποὶ,
2310 4356 2682 4425 Συναγάγετέ
2707 4372 2828 4424 μοι,
2863 4353 3024 4423 φασίν
3050 4369 3063 4382 ·
3100 4352 3174 4416 ὼς
3195 4351 3302 4421 γὰρ
3328 4352 3383 4403 ἐν
3419 4350 3645 4416 Εύαγγε-

386 4498 389 4503 ,
423 4456 500 4510 ita
553 4461 608 4511 et
634 4470 781 4510 nunc
817 4456 1010 4512 iisdem
1040 4458 1322 4541 praecipit.
1370 4457 1499 4513 Vult
1547 4437 1730 4513 autem
1766 4467 1982 4515 sanctos

2091 4446 2223 4512 λίοις
2255 4447 2504 4517 εἴρηται·
2531 4445 2637 4498 Καὶ
2670 4441 2996 4497 ἀποστελεῖ
3023 4441 3163 4507 τοὺς
3210 4440 3505 4509 ἀγγέλους
3548 4437 3642 4535 ait-

423 4548 579 4629 prius
620 4563 783 4618 quam
813 4548 1012 4619 impios
1040 4536 1342 4623 segregari,
1378 4557 1569 4619 utpote
1596 4551 1691 4621 qui
1721 4552 1982 4621 promissa

2090 4538 2219 4603 τοῦ,
2249 4538 2349 4592 καί
2381 4536 2722 4601 συνάξουσι
2755 4532 2953 4588 πάντα
2988 4532 3060 4586 τὰ
3091 4533 3232 4599 ἔθνη
3250 4548 3264 4561 ·
3287 4530 3428 4583 οὕτω
3450 4530 3543 4582 καὶ
3560 4530 3646 4579 νῦν

425 4613 687 4713 consequi
715 4613 965 4698 debeant.
1107 4613 1136 4623 ν
1204 4613 1230 4622 ⁷
1330 4613 1336 4615 Π
1443 4613 1458 4619 -
1613 4613 1632 4621 ⁵
1721 4613 1738 4621 ’

2088 4633 2201 4694 τοῖς
2250 4629 2435 4693 αὐτοῖς
2465 4627 2763 4680 ἐπιτάττει.
2796 4623 3050 4696 Πρώτους
3085 4623 3143 4676 δὲ
3193 4622 3438 4693 βούλεται
3470 4621 3643 4689 ἀφορι-

2092 4721 2282 4791 σθῆναι
2312 4719 2417 4792 πρὸ
2464 4718 2571 4771 τῶν
2597 4716 2808 4771 ἀσεϐῶν
2853 4716 2979 4779 τοὺς
3015 4715 3195 4778 ὁσίους
3228 4711 3393 4767 αὐτοῦ
3418 4753 3433 4779 ,
3473 4709 3643 4781 τυχεῖν

2088 4811 2198 4865 τῶν
2231 4809 2652 4882 ἐπηγγελμένων
2678 4807 3007 4876 ὀφείλοντας.

499 4896 665 4954 Vnus.
703 4901 791 4955 15.
828 4899 1079 4972 Nunquid
1120 4902 1447 4958 manducabo
1477 4921 1661 4960 carnes
1693 4914 1982 4966 taurorum.

2159 4901 2256 4969 Μὴ
2275 4901 2532 4972 φάγομαι
2567 4899 2715 4968 κρέα
2746 4900 2998 4967 ταύρων,
3026 4896 3064 4966 ἢ
3106 4894 3251 4967 αἷμα
3274 4896 3500 4966 τράγων
3525 4892 3641 4946 ,πίο-

426 4999 518 5045 aut
545 4992 853 5062 sanguinem
893 4994 1158 5061 hircorum
1189 4995 1431 5064 potabo?
1478 4995 1615 5052 Esca
1662 4997 1757 5052 Dei
1805 5010 1888 5055 est
1921 4999 1982 5055 de

2086 5010 2228 5066 μαι;
2255 4993 2438 5065 Τροφὴ
2462 4993 2518 5049 δὲ
2543 4991 2678 5046 Θεοῦ
2713 4993 2839 5062 περὶ
2871 4986 2939 5062 ἦς
2968 4987 3117 5044 εἶπεν
3136 5007 3150 5020 ·
3188 4989 3521 5052 Ἐπείνασα,
3556 4982 3642 5038 καὶ

425 5097 532 5150 qua
579 5081 758 5138 dixit:
813 5083 1045 5150 Esurivi,
1094 5094 1145 5141 et
1189 5086 1407 5141 dedistis
1450 5089 1579 5142 mihi
1627 5088 1982 5154 manducare;

2086 5085 2345 5144 ἐδώκατέ
2375 5104 2479 5156 μοι
2498 5085 2708 5155 φαγεῖν
2730 5102 2743 5114 ·
2785 5083 3068 5151 ἐδίψησα,
3099 5082 3197 5135 καὶ
3225 5077 3537 5135 ἐποτίσατέ
3556 5092 3639 5145 με·

424 5174 586 5237 sitivi,
623 5182 673 5228 et
701 5172 918 5228 dedistis
959 5175 1086 5229 mihi
1119 5175 1287 5231 bibere
1313 5177 1380 5241 "’,
1401 5185 1534 5245 etc.;
1562 5193 1593 5232 a
1625 5179 1824 5249 quibus
1853 5194 1982 5233 enu-

2091 5182 2179 5250 ὑφ’
2209 5174 2284 5235 ὧν
2310 5180 2640 5253 τρεφόμενος
2660 5180 2832 5246 λέξω·
2876 5179 2992 5248 Ἐφ’
3022 5178 3172 5231 ὅσον
3220 5176 3540 5244 ἐποιήσατε
3563 5172 3639 5224 ἐνὶ

426 5263 589 5337 tritus
611 5264 809 5319 dicam:
835 5264 902 5320 In
932 5277 1184 5337 quantum
1204 5267 1406 5337 fecistis
1429 5269 1520 5322 uni
1547 5284 1611 5322 ea:
1627 5269 1708 5323 his
1732 5269 1982 5333 minimis,

2093 5274 2317 5326 τούτων
2350 5271 2467 5325 τῶν
2495 5272 2851 5341 ἐλαχίστων,
2882 5269 3010 5339 ἐμοὶ
3041 5267 3382 5335 ἐποιήσατε.
3420 5267 3568 5319 Ἔστι
3592 5262 3641 5313 δὲ

428 5355 558 5408 mihi
585 5353 785 5425 fecistis
808 5358 872 5412 ⁸⁸.
898 5423 900 5426 ν
924 5358 1195 5414 lmmolari
1226 5367 1405 5414 autem
1445 5368 1623 5431 potest
1655 5376 1748 5431 per
1775 5361 1982 5416 divinos

2098 5362 2257 5415 θῦσαι
2293 5361 2523 5431 λογικῶς
2575 5362 2669 5416 καὶ
2699 5361 2791 5415 διὰ
2823 5360 3099 5428 θεολογίας
3150 5359 3242 5411 καὶ
3275 5355 3637 5429 εὐχαριστίας

396 5460 715 5528 1εειιιιοιιεε
738 5462 803 5503 ac
831 5449 1128 5520 gratiarum
1179 5451 1447 5507 actionem
1478 5469 1493 5518 ;
1548 5468 1671 5506 cum
1719 5452 1982 5522 quispiam

2097 5455 2189 5506 καὶ
2214 5453 2333 5506 ἐπεὶ
2360 5453 2404 5505 δ’
2440 5454 2505 5508 ἄν
2523 5471 2606 5517 τις
2624 5452 2701 5523 τῷ
2724 5451 2842 5522 Θεῷ
2866 5451 3068 5521 πρέπον
3093 5448 3454 5519 ὑποσχόμενος
3476 5445 3641 5514 ἔργοις

386 5535 404 5637 i

386 5650 392 5679 l

2918 5604 2961 5636 ⁸ο
3003 5604 3133 5658 ibid.
3237 5603 3278 5633 ⁸¹
3318 5601 3361 5655 ll
3398 5599 3527 5652 Tim.
3564 5611 3635 5655 ιιι,

501 5604 547 5635 ³⁸
587 5602 762 5659 Galat.
799 5623 870 5671 tv,
901 5606 994 5658 96.
1070 5606 1113 5636 ³⁷
1156 5605 1315 5659 Hebr.
1354 5624 1458 5664 xu.
1488 5609 1578 5662 9.2.
1681 5609 1724 5639 ³⁸
1766 5607 1953 5663 Matth.

501 5689 522 5727 1.
600 5676 644 5704 "
680 5673 836 5729 Joan.
897 5688 1018 5727 xvi.
1085 5677 1171 5729 55.
1247 5678 1291 5707 ⁸³
1331 5676 1482 5730 Deut.
1521 5696 1654 5733 xxx.
1716 5680 1797 5733 19.
1876 5678 1982 5730 “I

2086 5625 2113 5668 ν,
2147 5609 2234 5661 54.
2332 5609 2374 5639 ³⁸
2416 5607 2543 5662 Luc.
2579 5623 2688 5671 xu,
2724 5606 2809 5660 49.
2918 5604 2961 5636 ⁸ο
3003 5604 3133 5658 ibid.
3237 5603 3278 5633 ⁸¹
3318 5602 3361 5655 ll
3398 5602 3527 5652 Tim.
3564 5611 3635 5655 ιιι,

2086 5692 2113 5732 ι.
2175 5694 2351 5734 xxx",
2414 5680 2465 5733 l.
2540 5678 2583 5709 “
2625 5677 2725 5732 Isa.
2771 5693 2819 5734 ι.
2877 5677 2931 5730 2.
3008 5677 3051 5706 ⁸⁵
3082 5673 3268 5727 Matth.
3329 5688 3488 5734 xxw,
3556 5667 3635 5720 5i.

433 5674 522 5729 ιε.
600 5673 836 5729 "Joan.
897 5688 1018 5727 xvi.
1085 5677 1171 5729 55.
1247 5678 1291 5707 ⁸³
1331 5676 1482 5730 Deut.
1521 5696 1654 5733 nx.
1716 5680 1797 5733 l9.
1876 5679 1917 5711 “
1959 5678 2113 5733 Deut.
2175 5694 2351 5739 xxx",
2414 5680 2465 5733 l.

447 5746 490 5779 ⁸⁷
526 5741 716 5800 Matth.
755 5762 878 5808 xxv,
908 5745 1093 5797 55-56.
1172 5745 1213 5775 ⁸⁸
1244 5746 1371 5800 ibid.
1406 5750 1493 5801 4⁸].

2332 5609 2374 5639 ³⁹
2416 5607 2543 5662 Luc.
2579 5623 2688 5671 xu,
2724 5606 2809 5660 49.

2540 5678 2583 5709 “
2625 5677 2725 5732 Isa.
2771 5693 2819 5739 ι,
2877 5677 2931 5730 2.
