3822 6280
174 221 268 288 ιδτ

1292 237 1784 296 ΕΟΜΜΕΝΤΛΒΙᾹ
1826 244 1890 298 ΙΝ
1929 245 2261 301 PSALMOS.

3284 252 3392 308 438

175 345 545 411 ὲπιτελέσειεν.
593 348 771 419 Εὖχὰς
816 349 922 421 γὰρ
957 351 988 420 ἠ
1030 351 1220 422 Γραφὴ
1259 351 1358 417 τὰς
1402 358 1711 426 ἐπαγγελίας

1833 379 1952 433 quae
2006 363 2115 417 Deo
2162 364 2441 432 pollicitus
2486 372 2591 428 est,
2639 378 2801 434 opere
2827 365 3196 434 compleverit.
3251 365 3387 422 Vota

181 440 345 509 ρησὶν,
377 439 454 502 ὡς
488 441 549 490 ὲν
580 441 665 510 τῷ
687 458 699 470 ·
741 441 883 494 Ἐὰν
906 443 1055 512 εὔξῃ
1087 444 1298 514 εὐχὴν,
1317 447 1403 516 μὴ
1428 451 1711 519 βραδύγῃι

1833 456 1976 510 enim
2009 457 2400 525 promissiones
2448 454 2731 525 Scriptura
2776 464 2949 518 vocat,
3003 465 3060 511 ut
3106 471 3228 510 cum
3263 459 3336 510 ait
3373 475 3386 489 -

182 528 509 584 ὶποδοῦναι.
558 531 787 598 Ἀγαθὸν
818 533 877 585 τὸ
905 533 976 604 μὴ
1010 533 1284 599 εὔξασθαι,
1317 537 1350 607 ἢ
1383 538 1444 590 τὸ
1483 538 1711 606 εὖξασθα

1835 549 1893 602 Si
1922 557 2093 600 votum
2127 564 2330 610 raucas,
2361 545 2613 600 netardes
2639 545 2852 600 reddere
2878 547 2964 600 ιδ’.
2997 546 3187 602 Melius
3219 548 3389 616 siqui—

182 623 255 674 ιιαὶ
290 621 360 691 μὴ
384 621 706 676 ἀποδοῦναι.
740 623 922 687 Οὕτως
943 621 1034 678 οὖν
1076 627 1305 698 σπείρας
1351 632 1430 692 εἰς
1465 631 1734 686 (nmmo-3-

182 727 280 781 θην,
313 711 500 776 ἔλπιζε
521 716 821 784 τρυγήσειν
851 717 1057 786 καρπὸν
1083 719 1246 794 ζωῆς.

243 895 319 961 Tt?)
332 895 399 949 δὲ
421 896 756 965 ἁμαρτωλῷ
771 895 938 953 εἶπεν
953 905 986 956 ό
1013 906 1157 972 Θεός
1172 923 1188 936 ι
1204 906 1326 961 ἰνα
1352 911 1409 963 τι
1439 912 1519 964 σὺ
1548 912 1724 982 διηγῇ

1832 635 1952 689 dem
1985 641 2199 689 estnon
2228 650 2444 702 vovere,
2487 649 2650 704 quam
2689 650 2887 689 voverc
2916 645 2968 689 et
3002 652 3109 690 non
3142 635 3383 691 reddere.

1834 725 1924 780 Sic
1956 727 2121 796 igitur
2155 741 2276 781 cum
2309 726 2664 782 seminaveris
2695 726 2762 780 ad
2790 727 3081 796 justitiam,
3113 744 3299 799 speres
3333 736 3386 782 te

1832 815 2067 871 fructum
2102 817 2226 872 vita:
2255 817 2634 872 collccturum.

1900 907 2065 963 Vens.
2104 898 2186 964 16‘.
2227 910 2501 964 Peccatori
2527 919 2702 964 autem
2732 909 2866 963 dia-it
2900 910 3080 964 Deus:
3122 909 3296 976 Quare
3333 921 3384 964 tu

179 987 240 1042 τὰ
260 986 618 1056 δικαιώματά
647 1007 783 1059 μου,
814 993 908 1045 καί
960 994 1414 1066 ἀντιλαμϐάνεις
1457 1000 1572 1068 τὴν
1604 1005 1711 1056 Δια-

1827 1018 2045 1055 enarras
2057 1002 2300 1070 justitias
2325 1018 2486 1066 meas,
2517 1012 2564 1056 et
2585 1004 2810 1056 assumis
2835 1011 3198 1057 testamentum
3220 1019 3386 1056 meum

178 1079 351 1147 θήκην
374 1097 494 1148 μου
535 1081 641 1135 διὰ
684 1083 786 1136 τοῦ
822 1088 1115 1153 στόματός
1143 1103 1302 1154 σου;
1349 1093 1658 1148 Μετάὸασιν
1701 1096 1730 1148 ὁ

180 1171 315 1238 λόγος
358 1170 470 1239 ἐγει
520 1170 634 1223 circ-‘2
672 1171 763 1224 τοῦ
799 1173 906 1225 τῶν
947 1174 1170 1229 δικαίων
1211 1181 1486 1250 τάγματος
1531 1183 1623 1236 ἐπὶ
1669 1184 1729 1238 τὸ

178 1262 340 1330 τάγμα
371 1255 478 1311 τῶν
508 1261 786 1332 πονηρῶν.
835 1264 1036 1318 Ἐκεῖνο
1064 1267 1170 1340 γάρ
1189 1286 1240 1323 τι
1267 1271 1426 1326 πλέον
1454 1273 1598 1344 ἔσχε,
1629 1275 1728 1345 τῆς

181 1351 352 1420 καινῆς
381 1351 662 1423 Διαθήκης
692 1353 788 1424 τὴν
814 1355 1142 1429 ἐπιστήμην.
1203 1361 1542 1434 Ἀμαρτωλὺν
1577 1365 1632 1419 δὲ
1667 1367 1725 1419 οὐ

179 1442 258 1494 τὸν
280 1442 551 1513 ἀλλότριον
586 1443 696 1496 τῶν
726 1444 977 1515 Γραφῶν,
1010 1447 1145 1502 ἀλλὰ
1166 1450 1258 1504 τὸν
1291 1456 1613 1526 παραϐάτην
1638 1475 1730 1511 κα-

181 1533 264 1586 λεῖ.
301 1533 539 1603 Ἐλὲγχει
571 1534 632 1587 δὲ
669 1536 830 1590 αὐτὸν
853 1539 952 1591 οὐκ
976 1539 1066 1594 ἐπὶ
1105 1544 1410 1614 παραϐάσει
1449 1547 1728 1604 σαϐϐάτων

181 1624 432 1695 ῆθυσιῶν,
475 1626 507 1696 ἦ
537 1625 760 1680 τοιῶνδε
796 1628 1117 1701 βρωμάτων,
1149 1635 1284 1690 ἀλλὰ
1335 1638 1442 1693 τῶν
1492 1642 1728 1710 φυσικῶν

1826 1107 1916 1160 per
1945 1108 2001 1147 os
2033 1093 2224 1146 tuum?
2254 1090 2658 1147 Transitionem
2695 1109 2875 1147 sermo
2909 1093 3067 1147 habet
3099 1093 3168 1146 ab
3200 1094 3388 1148 ordine

1823 1183 2097 1252 justorum
2157 1183 2224 1237 ad
2263 1183 2511 1238 ordinem
2548 1183 2944 1252 improborum.
2980 1183 3072 1239 Ille
3113 1184 3258 1239 enim
3291 1184 3390 1236 ali-

1827 1274 1957 1344 quid
1979 1274 2212 1345 amplius
2232 1273 2442 1339 habuit,
2468 1274 2678 1330 scilicet
2706 1275 2830 1329 novi
2857 1274 3189 1332 Tcstamenti
3211 1275 3390 1330 scien-

1827 1366 1980 1419 tiam.
2012 1363 2359 1419 Peccatorem
2390 1372 2592 1428 autem,
2615 1380 2724 1418 non
2754 1365 2987 1420 alienum
3009 1379 3042 1420 a
3066 1363 3383 1435 Scripturis,

1828 1452 1925 1509 sed
1957 1453 2433 1523 praevaricatorem
2463 1459 2641 1508 vocat.
2675 1452 2939 1524 lllumque
2966 1455 3232 1524 coarguit,
3278 1469 3387 1511 non

1828 1544 1894 1600 de
1928 1544 2366 1615 transgressione
2417 1544 2565 1598 circa
2605 1544 2831 1600 sabbata
2877 1553 2971 1600 aut
3015 1545 3239 1611 hostias,
3295 1553 3387 1600 aut

1829 1639 2036 1693 similes
2058 1652 2214 1693 escas
2243 1676 2259 1700 ,
2288 1636 2381 1691 sed
2412 1637 2479 1692 de
2508 1637 2683 1706 legum
2714 1639 3044 1695 naturalium
3074 1639 3383 1702 violatione,

183 1722 354 1786 νόμων,
390 1719 472 1786 ἐφ’
499 1712 582 1781 οἷς
612 1719 818 1790 ἀνόητα
844 1717 912 1792 ἦν
943 1723 1090 1795 αὐτῴ
1129 1726 1222 1780 τοῦ
1269 1728 1402 1782 Θεοῦ
1453 1731 1519 1785 τὰ
1557 1733 1711 1804 μαθή-

1829 1744 2061 1800 quarum
2095 1729 2440 1800 disciplinam
2491 1745 2521 1784 a
2579 1728 2687 1784 Deo
2743 1731 2994 1784 traditam
3042 1745 3154 1800 pro.
3194 1731 3384 1788 insana

183 1824 331 1877 ματα·
377 1807 552 1860 ταῦτα
587 1808 697 1879 γὰρ
756 1811 1082 1882 ἁμαρτάνων
1129 1817 1454 1890 ἀπέῤῥιπτε.
1498 1823 1724 1886 suam;

185 1898 273 1970 γὰρ
306 1903 332 1953 ὁ
359 1901 520 1971 νόμος
559 1902 622 1954 τὸ
659 1903 735 1975 μὴ
764 1903 874 1957 δεῖν
910 1910 1102 1975 ποιεῖν,
1127 1909 1163 1963 ἃ
1194 1909 1258 1983 δὴ
1293 1913 1482 1968 παθεῖν
1515 1915 1576 1968 οὐ
1607 1915 1727 1986 βου-

182 1992 373 2062 λόμεθα.
399 1994 595 2064 Μοιχοὶ
629 1996 688 2050 δὲ
735 2001 825 2054 καὶ
867 2004 915 2056 οἱ
956 2001 1103 2058 ἄθεοι
1145 2005 1553 2079 εἰδωλολάτραι·
1607 2007 1726 2061 κλέ-

184 2098 292 2133 πται
317 2080 370 2133 δὲ
396 2081 490 2134 καὶ
515 2084 564 2134 οἱ
614 2084 942 2154 κλέπτοντες
972 2091 1070 2164 τὴν
1108 2093 1384 2165 ἀλήθειαν.
1435 2097 1569 2150 Ποτὲ
1625 2098 1722 2168 μὲν

183 2169 288 2238 οτῖιν,
331 2177 790 2250 Ἐπαρῤησιάζου,
841 2182 992 2253 φησὶ,
1019 2187 1082 2254 τῇ
1115 2185 1304 2256 κακία,
1351 2186 1480 2239 ποτὲ
1513 2188 1589 2248 δὲ,
1625 2190 1720 2241 Δο-

187 2265 291 2330 λίως
336 2268 710 2336 ὲπεῦούλευες,
756 2275 1080 2344 προσεποιοῦ
1137 2277 1192 2330 δὲ
1243 2279 1479 2350 γνησίως
1526 2280 1618 2333 καὶ
1647 2281 1722 2344 ὡς

183 2357 398 2425 ἀδελφοῖς
447 2363 661 2432 ὁμιλεῖν
689 2403 704 2427 ,
770 2363 942 2436 λάθρα
986 2367 1188 2420 τούτων
1238 2370 1585 2423 καταλαλῶν·
1634 2373 1720 2424 ὲν-

184 2449 376 2520 ἡδρευες
414 2452 469 2507 δὲ
525 2456 621 2508 καὶ
654 2457 782 2520 τοὺς
803 2459 867 2511 ἐκ
897 2459 996 2529 τῆς
1022 2461 1188 2531 αὐτῆς
1218 2479 1296 2514 σοι
1329 2463 1554 2534 μητρὸς,
1604 2464 1721 2534 ἦτοι

185 2547 486 2616 συναγωγῆς,
514 2548 547 2619 ἢ
582 2550 678 2602 καὶ
726 2549 1017 2620 ἐκκλησίας
1037 2569 1051 2583 ·
1100 2554 1183 2622 ἐφ’
1211 2550 1292 2617 οἷς
1319 2555 1452 2625 ἐμοῦ
1483 2556 1722 2610 σιωπῶν-

185 2648 257 2697 τος
279 2637 422 2704 ἡνίκα
451 2641 850 2714 ἐνηνθρώπησα
869 2661 882 2674 ·
910 2645 942 2715 ἦ
975 2647 1066 2698 καὶ
1093 2645 1264 2711 ἄλλως
1282 2665 1294 2677 ·
1349 2648 1470 2701 Ἐπὶ
1508 2649 1568 2700 τὸ
1609 2651 1718 2719 χεῖ-

187 2741 260 2796 ρον
285 2728 510 2795 ἐϐάδιζες
543 2737 904 2807 ναταφρονῶν
933 2739 1028 2808 τῆς
1063 2739 1201 2810 ἐμῆς
1233 2741 1592 2810 χρηστότητος
1625 2744 1717 2795 καὶ

185 2817 264 2887 τῆς
310 2820 492 2892 ἀνοχῆς
546 2825 642 2877 καὶ
674 2826 774 2896 τῆς
833 2828 1246 2899 μακροθυμίας·
1281 2830 1361 2882 διὸ
1393 2829 1578 2884 λοιπὸν
1619 2833 1717 2885 οὐκ

186 2907 422 2980 ἀνέξομαι.
463 2915 574 2966 Καὶ
602 2915 714 2987 γὰρ
740 2915 972 2969 διέκεισό
1004 2934 1069 2987 με
1102 2917 1201 2981 τὰς
1234 2919 1332 2982 σὰς
1365 2919 1717 2990 ἀποδέχεσθαι

187 2998 395 3068 πράξεις,
420 3003 452 3073 ἢ
482 3007 574 3057 καὶ
610 3006 818 3076 μηδένα
853 3007 1054 3060 τούτων
1084 3011 1408 3080 μεμνῆσθαι.
1442 3010 1578 3063 Ἀλλ’
1604 3011 1713 3079 ἐγώ

1830 1821 2101 1876 habebat:
2146 1821 2286 1875 hanc
2337 1821 2482 1875 enim
2536 1819 2811 1891 peccando
2859 1820 3076 1890 abjecit.
3112 1820 3386 1879 Naturalis

1823 1913 2026 1982 quippe
2059 1914 2142 1967 lex
2167 1928 2229 1968 ea
2255 1919 2359 1977 est,
2393 1913 2598 1967 nemini
2627 1911 2804 1968 facere
2832 1927 2953 1982 quae
2981 1912 3095 1981 pati
3125 1912 3380 1968 nolimus.

1824 2001 2017 2057 Mmchi
2048 2011 2225 2057 autem
2257 2011 2404 2065 sunt,
2439 2003 2590 2071 impii
2618 2003 2914 2057 idololatria
2940 2047 2954 2070 ,
2991 2011 3055 2058 et.
3079 2002 3246 2069 fures,
3283 2005 3380 2074 qui

1821 2093 2101 2148 veritatem
2155 2092 2512 2148 suli'urantur.
2545 2093 2702 2147 Modo
2737 2094 2900 2164 igitur
2932 2096 3005 2148 ait
3037 2115 3048 2149 :
3087 2096 3145 2153 in
3177 2095 3382 2150 malitia

1821 2185 2158 2252 conﬁdebas;
2183 2201 2336 2240 mox:
2367 2186 2560 2242 Dolose
2582 2186 2950 2249 insidiabaris,
2979 2185 3384 2258 simulabasque

1820 2285 1874 2334 te
1906 2278 2120 2332 sincere
2148 2285 2201 2332 et
2233 2277 2390 2348 quasi
2422 2293 2545 2333 cum
2581 2275 2845 2332 fratribus
2877 2277 3137 2347 colloqui,
3170 2277 3382 2332 etclam

1821 2368 1888 2422 iis
1915 2368 2316 2435 maledicebas;
2345 2368 2573 2425 insidias
2601 2369 2853 2424 struebas
2887 2369 2956 2424 iis
2980 2369 3071 2438 qui
3099 2384 3173 2427 ex
3194 2370 3381 2424 eadem

1819 2473 1982 2528 quam
2013 2467 2070 2513 ιιι
2100 2468 2275 2515 matre
2303 2460 2408 2514 orti
2440 2467 2592 2524 sunt,
2617 2459 2732 2517 sive
2751 2475 2815 2514 ex
2846 2458 3149 2530 Synagoga,
3175 2459 3288 2514 sive
3316 2473 3382 2514 ex

1819 2549 2064 2608 Ecclesia
2095 2570 2109 2606 :
2140 2552 2207 2607 dc
2253 2552 2452 2622 quibus
2491 2567 2590 2622 ego
2621 2551 2869 2618 silcbam,
2923 2549 3142 2622 quando
3190 2551 3382 2606 huma-

1817 2655 1940 2694 nam
1973 2642 2244 2712 assumpsi
2279 2651 2547 2696 naturam.
2579 2640 2703 2696 Sive
2727 2641 2834 2694 alio
2857 2642 3020 2698 modo
3046 2661 3058 2697 :
3090 2641 3171 2696 Ad
3199 2639 3382 2714 pejora

1817 2731 2154 2800 gradiebare,
2191 2733 2690 2794 mansuetudinem,
2720 2732 3030 2801 patientiam
3061 2741 3114 2788 et
3143 2733 3382 2786 toleran-

1818 2825 1944 2879 tiam
1975 2840 2148 2880 meam
2175 2826 2524 2894 despiciens:
2563 2840 2734 2894 quare
2770 2824 3002 2880 ulterius
3035 2839 3142 2881 non
3181 2825 3376 2893 patiar.
3433 2887 3435 2889 _

1816 2914 1949 2968 Nam
1985 2918 2064 2970 sic
2085 2915 2311 2971 allectus
2337 2933 2480 2980 eras,
2507 2925 2565 2970 ut
2595 2924 2816 2986 putares
2843 2931 2926 2969 me
2952 2925 3100 2985 gesta
3151 2916 3405 2986 probare.

1817 3018 1928 3072 tua,
1964 3019 2057 3064 aut
2086 3009 2357 3064 neminem
2385 3025 2573 3063 eorum
2608 3007 3046 3064 recordaturum.
3093 3009 3161 3061 At
3195 3024 3293 3078 cgo
3327 3017 3392 3082 te

189 3105 236 3140 σε
258 3091 518 3166 διελέγχων
543 3098 650 3169 πρὸ
679 3098 788 3152 τῶν
818 3099 924 3152 σῶν
963 3076 1261 3171 ὀφθαλμῶν.
1289 3103 1500 3157 ἅπαντα
1544 3076 1708 3175 θήσω,

1820 3113 2072 3170 arguens,
2107 3101 2288 3155 omnia
2320 3101 2418 3155 tibi
2444 3101 2514 3155 ob
2538 3102 2726 3156 oculos
2760 3116 2977 3172 ponam,
3017 3107 3095 3164 ιιι,
3137 3100 3220 3156 his
3249 3117 3378 3154 con-

187 3180 308 3248 ὅπως
335 3187 466 3250 ὀρῶν
497 3191 811 3265 αἰσχυνθῇς.

295 3315 391 3370 ειΣ
427 3318 512 3375 το
549 3322 1098 3396 ΤΕΛΟΣ,ΨΑΛΜΟΣ
1139 3328 1222 3381 To
1260 3329 1454 3383 aaru
1497 3329 1576 3383 N'.

198 3401 279 3459 Ἕν
303 3407 372 3473 τῷ
404 3413 595 3490 Muci?
631 3419 796 3490 πρὸς
809 3418 994 3472 αὐτὸν
1013 3420 1216 3490 Ναϐὰν
1242 3420 1356 3472 τὸν
1376 3420 1708 3490 προφήτην,

451 3485 630 3552 ἡνίκα
660 3485 908 3547 εἰσῆλθε
931 3489 1080 3556 πρὸς
1103 3485 1423 3558 Βηρσαϐεέ,

255 3591 516 3660 Ἐλέησόν
541 3617 639 3669 με,
681 3605 713 3654 ὀ
744 3601 906 3670 Θεὸς,
930 3607 1081 3658 κατά
1111 3603 1173 3657 τὸ
1196 3604 1349 3675 μέγα
1376 3605 1546 3669 ἔλεός
1572 3622 1705 3659 σου.

198 3679 266 3743 Ὡς
284 3684 363 3738 ἐπὶ
380 3690 592 3763 μεγάλῳ
612 3692 670 3747 δὲ
697 3693 871 3764 ψυχῆς
903 3696 1172 3767 τραύματι
1231 3697 1465 3769 μεγάλου
1505 3697 1708 3751 δεῖσθαι

190 3769 308 3824 ἐλέου
332 3777 582 3848 ὁμολογεῖ.

253 3859 356 3916 Ἐπὶ
378 3869 582 3923 πλεῖον
624 3873 863 3926 πλῦνάν
880 3893 958 3943 με
986 3875 1102 3931 ἀπὸ
1135 3875 1241 3944 τῆς
1279 3878 1528 3946 ἀνομίας
1565 3897 1704 3948 μου,

191 3949 267 4002 καὶ
289 3953 391 4008 ἀπὸ
416 3957 518 4026 τῆς
543 3963 831 4031 ἁμαρτίας
844 3983 964 4034 μου
997 3967 1324 4035 καθάρισόν
1344 3985 1439 4037 με.
1474 3969 1610 4040 Ὅρα
1651 3970 1707 4022 δὲ

190 4041 298 4110 πρὸς
319 4045 372 4099 τὸ
401 4049 628 4120 Χριστοῦ
662 4055 821 4109 πάλιν
851 4060 1144 4130 μυστήριον
1162 4076 1177 4091 ·
1201 4059 1300 4131 τὴν
1324 4060 1432 4131 γὰρ
1476 4061 1532 4114 ἐν
1560 4061 1708 4131 νόμῳ

192 4133 411 4204 κάθαρσιν
438 4144 581 4214 ἢτοῦ
615 4147 986 4220 βαπτίσματος
1027 4149 1424 4222 ὑπερϐαίνουσα
1458 4151 1704 4223 δύναμις,

190 4225 262 4276 καὶ
280 4230 460 4304 ταύτης
487 4237 582 4308 τῆς
608 4237 787 4308 ψυχῆς
819 4241 1108 4311 ἐργάζεται
1152 4242 1434 4314 κάθαρσιν.
1495 4244 1705 4314 Ἐκείνη

191 4314 275 4388 γὰρ
298 4321 414 4390 πρὸς
443 4327 534 4398 τῆς
564 4331 740 4402 ψυχῆς
765 4333 1237 4403 προσελαμϐάνετο
1269 4335 1632 4406 καθαρότητα.

1815 3191 2038 3263 spectis,
2071 3191 2279 3258 pudore
2310 3191 2582 3246 aiiiciaris.

1994 3325 2043 3377 1.
2084 3322 2150 3376 IN
2189 3321 2768 3385 FINEM,PSALMUS
2808 3322 3016 3378 DAVID
3053 3323 3119 3378 L.

1889 3418 1943 3472 ἓξ.
1974 3417 2104 3473 Cum
2135 3419 2268 3472 venit
2296 3417 2364 3471 ad
2389 3434 2504 3470 eum
2541 3416 2761 3487 Nathan
2791 3417 3064 3487 propheta,
3089 3418 3298 3487 quando

2281 3489 2491 3542 intravit
2521 3489 2588 3541 ad
2622 3486 2899 3544 Bersabee.

1880 3598 2046 3653 Vens.
2080 3599 2131 3653 5.
2169 3597 2420 3653 Miserere
2457 3599 2576 3661 mei,
2616 3597 2778 3660 Deus,
2815 3598 3096 3652 secundum
3130 3613 3376 3667 magnam

1811 3687 2225 3742 misericordiam
2261 3697 2425 3741 tuam.
2461 3685 2629 3752 Quasi
2674 3702 2773 3756 pro
2802 3701 3000 3756 magno
3031 3685 3225 3739 anima:
3257 3686 3376 3739 vui-'-

1810 3796 1960 3841 nere,
1993 3794 2186 3849 magna
2218 3779 2593 3834 misericordia
2624 3793 2761 3848 opus
2789 3792 2917 3832 esse
2945 3776 3254 3831 conﬁtetur.
3280 3772 3312 3784 “

1880 3871 2044 3928 Vens.
2081 3873 2134 3926 4.
2162 3871 2400 3940 Amplius
2433 3871 2551 3923 lava
2579 3887 2659 3924 me
2691 3869 2757 3923 ab
2790 3869 3065 3940 iniquitate
3093 3885 3229 3931 mea,
3261 3877 3308 3922 et
3340 3885 3373 3921 a

1808 3973 2016 4030 peccato
2047 3978 2158 4017 meo
2192 3961 2388 4016 munda
2428 3978 2528 4015 me.
2565 3959 2800 4030 Respice
2845 3961 3036 4014 iterum
3075 3959 3140 4012 ad
3170 3957 3370 4012 Christi

1810 4056 2124 4126 mysterium
2152 4072 2166 4120 ;
2219 4069 2342 4108 nam
2376 4053 2697 4123 purgatione
2723 4051 2858 4123 legis
2890 4051 3236 4121 praestantior
3278 4050 3374 4104 ha-

1807 4148 1988 4215 ptismi
2013 4147 2209 4207 virtus,
2246 4146 2406 4215 hujus
2437 4147 2628 4199 animae
2655 4143 3098 4198 emundationem
3135 4141 3368 4212 perficit.

1807 4237 1938 4292 Nam
1964 4238 2052 4291 illa
2074 4236 2139 4292 ad
2163 4236 2356 4290 animae
2387 4237 2675 4306 puritatem
2711 4235 2936 4290 advecta
2965 4239 3068 4288 est.

245 4411 331 4468 Σοὶ
352 4417 502 4484 μόνῳ
524 4421 785 4490 ἥμαρτον
815 4424 911 4477 καὶ
941 4424 1006 4477 τὸ
1029 4425 1294 4495 πονηρὸν
1320 4426 1575 4479 ἐνώπιόν
1591 4441 1705 4479 σου

1881 4418 2044 4473 V'Ens.
2077 4417 2130 4472 6.
2167 4417 2282 4472 Tibi
2309 4417 2407 4472 soli
2433 4419 2640 4487 peccavi
2667 4427 2715 4471 et
2739 4416 2938 4471 malum
2968 4429 3145 4468 coram
3174 4423 3221 4465 te
3247 4411 3367 4479 feci,

192 4494 420 4595 ἐπρίησα,
455 4509 607 4580 ὅπως
630 4513 704 4567 ἂν
731 4513 1047 4584 δικαιωθῇς
1075 4517 1142 4570 ἑν
1167 4494 1290 4583 τοῖς
1326 4519 1528 4585 λόγοις
1566 4533 1702 4581 σου,

190 4589 266 4688 ita!
290 4589 523 4688 ιλικήσῃς
553 4604 624 4657 ἐν
655 4604 733 4671 τῷ
757 4608 1064 4675 κρίνεσθαί
1091 4625 1181 4662 σε.
1210 4610 1283 4662 Οὐ
1321 4608 1477 4662 τοῦτό
1519 4627 1700 4680 φησιν,

192 4680 345 4735 iam?»
363 4689 548 4760 Οὐρίαν
575 4696 676 4749 οὐκ
708 4697 967 4768 ἠδίκησα·
1018 4698 1131 4752 ἀλλ’

193 4780 482 4861 1ξειρίινομίαν
510 4787 586 4850 εἰς
613 4787 771 4840 αὐτὸν
802 4789 1099 4860 τετόλμηκε
1129 4791 1220 4843 τὸν
1242 4791 1393 4854 Θεὸν,
1428 4790 1535 4843 άπὸ
1563 4807 1698 4861 προ-

193 4856 271 4954 $1..“
274 4862 360 4924 ἕως
403 4872 493 4941 μὲν
539 4878 827 4948 γενόμενος
874 4856 1143 4950 βασιλεὺς,
1174 4884 1454 4954 κρατήσας
1503 4883 1559 4936 δὲ
1591 4856 1698 4936 τῶν

193 4947 389 5049 έζθρῶν,
402 4947 748 5033 παντοδαποῖς
781 4971 837 5023 δὲ
866 4947 1160 5043 κοσμηθεὶς
1184 4947 1426 5043 ἀ-γαθοῖς,
1463 4975 1554 5028 καὶ
1589 4992 1698 5028 τοι-

194 5047 332 5106 οῡτοις
352 5047 432 5102 τὸν
464 5055 749 5128 εὐεργέτην
776 5061 1164 5132 ἀμειψάμενος.
1215 5065 1286 5116 Τὸ
1325 5065 1401 5128 δὲ,
1443 5063 1697 5118 ἐνώπιόν

195 5138 302 5232 Tw,
327 5137 407 5189 καὶ
432 5141 484 5194 ὲν
502 5148 563 5216 τῇ
584 5147 794 5219 ἱστορίᾳ
819 5150 1110 5222 δεδήλωται
1134 5167 1144 5176 ·
1181 5152 1493 5232 Ὠφθη,γὰρ
1543 5155 1694 5224 φησὶν

195 5220 474 5312 τρ-Τεγονὸς
506 5241 764 5307 πονηρὸν
799 5220 1054 5297 ἐνώπιον
1089 5220 1328 5312 Κυρίου.
1371 5220 1662 5309 ῖιιύοὲτῲς
1684 5264 1696 5277 ·

205 5309 407 5372 Ἑδόκουν
434 5341 510 5387 τις
538 5327 670 5384 εἶναι
696 5333 861 5386 πάλαι
887 5337 1216 5407 σκεπόμενος
1247 5337 1350 5390 ὑπὸ
1380 5336 1495 5390 σοῦ.
1529 5337 1695 5389 Nava-

202 5413 308 5504 μικα
325 5406 553 5474 δὲλοιτιὸν
579 5426 865 5504 ἀσάλευτος
893 5423 1032 5482 εἶναι
1114 5429 1285 5497 λέγων
1313 5431 1384 5483 ἐν
1411 5429 1484 5498 τῇ
1527 5432 1697 5497 εὐθη-

201 5503 277 5555 νίςι
310 5513 442 5560 μου-
477 5513 550 5563 οὺ
587 5519 671 5581 μὴ
705 5499 1021 5582 ’σαιευοῷ-
1081 5521 1159 5573 διδ
1198 5522 1580 5590 ἀπέστίειέδας
1631 5521 1696 5574 τὸ

1811 4521 1867 4563 ut
1891 4510 2200 4579 justiﬁceris
2236 4510 2289 4562 in
2317 4508 2638 4564 sermonibus
2669 4510 2771 4562 tuis
2803 4516 2852 4562 et
2880 4507 3056 4561 vincas
3087 4519 3203 4557 cum
3219 4501 3370 4570 judi-

1809 4603 1971 4655 caris.
2013 4599 2129 4654 Non
2161 4600 2262 4654 hoc
2312 4599 2422 4653 ait:
2461 4599 2604 4653 Uria!
2639 4598 2893 4666 injuriam
2948 4609 3056 4648 non
3089 4591 3231 4646 feci.
3273 4591 3368 4644 sed

1806 4694 1936 4763 quia
1964 4707 2222 4763 magnum
2267 4693 2446 4748 scelus
2489 4692 2544 4746 in
2578 4691 2746 4747 Deum
2797 4686 3010 4758 aggredi
3057 4699 3225 4739 ausus
3252 4692 3367 4742 est,

1805 4786 1896 4856 qui
1927 4801 1993 4840 ex
2025 4793 2241 4856 pastore
2273 4799 2367 4839 rex
2394 4783 2639 4846 eil'ectus,
2664 4781 2902 4836 inimicis
2931 4776 3180 4839 devictis,
3209 4780 3371 4842 atque

1805 4876 1970 4931 nullis
2000 4890 2107 4929 non
2137 4885 2364 4929 ornatus
2389 4871 2691 4933 beneﬁciis,
2717 4868 2960 4924 beneﬁco
2979 4881 3074 4936 per
3101 4865 3207 4919 tale
3237 4863 3372 4917 iaci-

1803 4982 1910 5020 nus
1953 4965 2182 5036 gratiam
2225 4965 2556 5035 rependerit.
2592 4961 2730 5016 Illud
2779 4966 2958 5014 autem
2985 4951 3176 5012 coram
3213 4964 3281 5020 te,
3313 4955 3368 5007 in

1805 5059 2032 5115 historia
2056 5059 2402 5130 explicatur:
2441 5056 2622 5110 Visum
2647 5064 2746 5116 est,
2780 5052 2976 5122 inquit,
3003 5048 3140 5121 quod
3170 5048 3367 5117 fastum

1798 5163 1896 5216 est,
1932 5153 2130 5207 malum
2156 5168 2334 5207 coram
2366 5150 2592 5204 Domino
2620 5148 2686 5202 υ.
2718 5145 2815 5200 Vel
2849 5145 2927 5200 sic
2959 5141 3366 5212 interpreteris:

1798 5244 2034 5300 Videbar
2064 5243 2265 5313 aliquis
2292 5258 2414 5298 esse
2446 5256 2570 5295 cum
2617 5255 2646 5294 a
2681 5246 2734 5293 te
2762 5247 3096 5308 protegerer,
3129 5231 3369 5287 aestima-

1799 5339 2031 5407 bamque
2063 5335 2279 5390 demum
2320 5349 2406 5388 me
2434 5331 2768 5386 immobilem
2801 5344 2943 5392 esse,
2969 5343 3096 5382 cum
3128 5325 3365 5380 dicerem

1799 5431 1850 5481 in
1883 5428 2212 5482 abundantia
2242 5441 2356 5479 mea
2383 5438 2402 5476 :
2436 5422 2556 5476 Non
2599 5422 2874 5485 movebar;
2928 5433 3096 5489 quare
3135 5413 3366 5468 avertisti

1800 5521 1985 5587 facient
2026 5527 2167 5570 tuam
2211 5535 2239 5570 a
2281 5535 2356 5570 me
2391 5526 2436 5569 et
2480 5516 2650 5583 factus
2697 5530 2808 5568 sum
2853 5511 3196 5566 conturbatus
3223 5506 3301 5557 ⁵⁰;
3334 5519 3364 5557 a

260 5649 306 5681 ⁶⁸’
340 5655 472 5717 Deut.
508 5685 651 5738 ιιχιιι,
684 5674 770 5728 2i.
852 5677 891 5709 ιθ
933 5677 973 5730 ll
1011 5675 1138 5743 Reg.
1175 5693 1260 5738 xi,
1292 5676 1378 5730 ΕΠ.
1458 5678 1500 5707 ³⁸⁵
1544 5676 1685 5731 Psal.

1829 5674 2024 5742 x.7,i
