3822 6280
437 288 549 343 459

1150 290 1419 347 EUSEBII
1456 289 1933 347 CAESARIENSIS
1969 288 2343 347 0PP.‘PARS
2380 274 2468 346 ΙῙῙ.
2500 261 2576 332 ζα
2614 288 3023 345 EXEGETICA.

3565 289 3660 346 ιιο

437 406 820 461 misericordia
850 413 943 461 tua
986 404 1066 462 sic
1097 406 1348 471 edoctus,
1391 407 1514 462 Nisi
1553 408 1809 462 Dominus
1840 407 2011 476 a'diﬁ-

2126 408 2437 473 πρόσωπόν
2453 424 2566 460 σου
2586 407 2684 459 ἀπ’
2708 405 2873 474 ἐμοῦ,
2897 406 2994 459 καὶ
3014 401 3659 477 humanitas-apame-

446 499 642 552 caverit
685 496 919 563 domum,
959 497 1013 550 in
1060 514 1251 551 vanum
1299 498 1672 554 laboraverunt
1716 502 1804 569 qui
1847 500 2015 572 a’diﬁ-

450 599 570 644 cant
596 590 665 644 ⁸¹.

513 767 686 825 Vsus.
741 770 796 824 7.
851 769 985 824 Ecce
1035 772 1174 824 enim
1225 772 1278 824 in
1325 772 1693 842 iniquitatibus
1742 786 2013 841 conceptus

453 878 585 925 sirm,
616 874 666 917 et
703 864 756 916 in
791 866 1018 931 peccatis
1047 866 1279 931 concepit
1309 882 1389 919 me
1415 876 1583 919 mater
1611 884 1741 921 mea.
1774 867 1897 921 Hau:
1937 871 2013 924 si-

452 954 596 1013 miiia
632 956 832 1010 fuerint
883 956 950 1012 iis
1000 972 1123 1027 qua:
1171 957 1224 1011 in
1255 956 1357 1011 Job
1388 958 1681 1028 leguntur:
1729 958 2015 1015 Maledicta

417 1092 425 1128 γ
452 1045 556 1100 dies
575 1047 628 1100 in
653 1064 757 1115 qua
778 1057 934 1103 natus
962 1066 1101 1111 sum,
1135 1060 1184 1103 et
1222 1065 1325 1103 nox
1352 1050 1404 1103 in
1435 1067 1537 1120 qua
1567 1052 1811 1104 dixerunt
1836 1067 1854 1103 :
1884 1051 2016 1106 Ecce

415 1160 423 1196 :
452 1139 716 1193 masculus
763 1140 830 1194 ".
862 1139 973 1193 Cur
1006 1141 1317 1208 maledicta,
1354 1144 1459 1197 nisi
1495 1144 1622 1212 quia
1654 1143 1706 1196 in
1758 1143 2016 1213 iniquita-

413 1232 422 1325 γ
452 1226 595 1282 tibus
625 1239 925 1299 conceptus
966 1231 1095 1285 est?
1135 1231 1494 1303 Consequens
1522 1234 1665 1289 enim
1701 1241 1816 1288 erat
1848 1236 2016 1291 male-

412 1318 419 1387 ξ
451 1318 741 1374 dictionem
778 1321 1037 1391 subsequi
1076 1332 1378 1393 peccatum.
1413 1325 1607 1380 Iisdem
1661 1342 1793 1382 usus
1832 1328 2015 1385 verbis

403 1396 415 1463 .’
450 1419 531 1467 est
579 1410 885 1469 Jeremias:
927 1413 1217 1471 Maledicta
1273 1418 1386 1472 dies
1438 1420 1492 1472 in
1534 1436 1639 1488 qua
1669 1429 1824 1473 natus
1857 1437 1973 1475 sum
1997 1462 2011 1482 ,

449 1512 495 1557 et
531 1521 635 1558 non:
667 1507 722 1559 in
772 1523 876 1577 qua
922 1510 1155 1577 concepit
1195 1525 1275 1563 me
1327 1522 1496 1564 mater
1538 1528 1653 1565 mea
1676 1512 1742 1566 ⁸³.
1793 1511 2011 1567 Beatum

450 1597 593 1651 enim
647 1597 862 1662 fuisset,
922 1617 1030 1655 non
1078 1617 1306 1672 peccare
1338 1603 1568 1673 primam
1611 1603 1914 1667 mulierem,
1961 1612 2015 1659 et

450 1698 722 1760 corruptae
751 1693 887 1761 proli
922 1708 1141 1763 operam
1175 1710 1281 1748 non
1316 1694 1467 1758 dare,
1497 1710 1559 1749 ac
1589 1711 1808 1751 manere
1837 1697 1889 1749 iu
1923 1712 2014 1766 pa-

450 1780 634 1836 radiso
662 1781 865 1838 divinis
898 1786 1108 1855 angelis
1140 1786 1372 1841 similem
1399 1802 1414 1853 ;
1447 1787 1542 1841 sed
1588 1787 1786 1841 invidia
1816 1787 2016 1841 diaboli

449 1889 592 1926 mors
624 1875 839 1928 intravit
874 1876 927 1928 in
975 1876 1226 1930 mundum
1255 1878 1322 1931 ⁸⁸.
1374 1875 1661 1933 Generatio
1692 1889 1869 1933 autem
1921 1894 2017 1947 per

448 1962 771 2031 sanguinem
804 1973 858 2019 et
886 1980 1107 2020 carnem
1154 1966 1317 2019 morti
1345 1966 1715 2029 ministrabat,
1747 1966 1813 2020 ad
1840 1965 2017 2019 couti-

449 2071 614 2109 nuam
651 2057 901 2112 mortalis
942 2058 1157 2128 generis
1188 2058 1617 2113 successionem.
1653 2056 2016 2124 Quamobrem

449 2146 756 2216 conceptio,
790 2156 980 2218 utpote
1010 2149 1172 2202 morti
1199 2149 1466 2219 subjecta,
1500 2164 1530 2203 a
1559 2150 1737 2206 beatis
1768 2149 1901 2205 viris
1928 2149 2015 2202 in-

446 2237 760 2291 cusabatur.
794 2238 1153 2308 Symmachus
1204 2255 1353 2305 vero,
1393 2241 1448 2294 in
1498 2241 1818 2311 injustitiam
1870 2250 2015 2294 utero

446 2337 679 2398 gestatus
704 2347 842 2395 sum,
870 2341 917 2385 et
946 2333 996 2385 iu
1027 2334 1253 2399 peccatis
1280 2335 1559 2401 parturivit
1580 2351 1658 2388 me
1686 2343 1853 2388 mater
1878 2350 2011 2386 mea.

447 2418 506 2473 In
540 2430 717 2485 utero,
747 2421 947 2490 inquit,
981 2430 1223 2491 gestatus
1255 2439 1397 2485 sum,
1434 2433 1492 2478 ut
1519 2426 1805 2480 transirem
1835 2425 1901 2479 ad
1932 2425 2017 2479 in-

445 2511 734 2583 iustitiam,
791 2512 957 2584 idque
989 2522 1049 2568 ut
1098 2515 1153 2569 in
1206 2516 1448 2587 peccatis
1482 2526 1664 2579 natus,
1716 2515 2015 2572 secundum

444 2603 590 2659 hanc
622 2605 896 2676 cogitandi
926 2606 1190 2662 rationem
1227 2621 1443 2678 arguar.
1481 2607 1597 2662 Non
1629 2609 1683 2661 in
1713 2609 2017 2680 iniquitati-

443 2694 551 2750 bus
600 2698 793 2752 matris
829 2713 980 2760 meae,
1040 2699 1237 2769 inquit,
1287 2710 1585 2770 conceptus
1624 2715 1766 2766 sum,
1822 2717 1931 2758 non
1963 2705 2017 2759 in

444 2787 831 2858 iniquitatibus
864 2790 981 2845 suis
1029 2790 1146 2861 ipsa
1195 2792 1484 2862 parturivit
1518 2809 1602 2848 me
1634 2813 1648 2861 ;
1686 2795 1781 2850 sed
1824 2811 1924 2868 ego
1960 2797 2015 2853 iu

443 2876 785 2949 iniquitatem
843 2890 1004 2936 natus
1034 2896 1179 2945 sum,
1215 2882 1430 2935 mortali
1467 2882 1692 2939 indutus
1725 2899 1889 2941 carne
1919 2903 1935 2953 ;
1964 2896 2019 2942 et

441 2971 559 3026 haec
587 2971 729 3041 dico,
763 2974 1014 3045 quoniam
1053 2977 1322 3029 veritatem
1356 2974 1611 3030 dilemisii.

513 3059 679 3117 Vsus.
719 3061 773 3115 9.
827 3066 1083 3133 Asperges
1146 3081 1228 3118 me
1278 3064 1524 3134 hyssopo,
1575 3075 1625 3120 et
1681 3067 2015 3123 mundabor:

446 3150 645 3204 locabis
678 3168 781 3217 me,
812 3162 861 3205 et
892 3169 1046 3218 super
1073 3155 1239 3207 nivem
1271 3154 1576 3211 dealbabor.
1615 3156 1895 3229 Hyssopus
1925 3176 2018 3215 va-

444 3240 665 3296 cuitatis
695 3241 984 3297 aﬂ‘ectuum
1018 3245 1325 3314 symbolum
1348 3255 1451 3310 est,
1483 3255 1538 3303 et
1571 3248 1778 3304 ablutio
1839 3254 2020 3323 cogni-

445 3331 655 3387 tionem
676 3333 984 3402 signiﬁcat:
1009 3351 1109 3405 per
1131 3337 1459 3394 vacuitatem
1485 3339 1773 3396 affectuum
1791 3345 2020 3399 munda-

446 3437 591 3490 mur,
620 3434 688 3497 .et
736 3440 833 3495 per
876 3427 1242 3496 cognitionem
1274 3429 1611 3485 dealbamur.

525 3513 687 3573 Vsus.
730 3517 817 3570 Η.
849 3516 1033 3573 Αιιενεε
1067 3519 1257 3588 facient
1289 3532 1436 3575 tuam
1470 3540 1503 3577 a
1531 3527 1756 3591 peccatis
1787 3528 1937 3591 meis,
1969 3538 2019 3582 et

448 3623 626 3663 omnes
658 3609 962 3679 iniquitates
1004 3629 1145 3667 meas
1183 3613 1317 3669 dele.
1353 3616 1470 3668 Alia
1500 3618 1739 3685 ratione,
1770 3620 1864 3689 qui
1901 3622 2021 3674 aui-

448 3714 594 3755 mam
621 3715 651 3755 a
682 3702 823 3757 mala
850 3705 1185 3761 conscientia
1216 3716 1500 3778 purgatam
1529 3709 1712 3775 habet,
1741 3709 1849 3765 Deo
1873 3711 2021 3767 dixe-

446 3791 556 3847 rit:
611 3790 828 3847 Faciem
883 3804 1051 3861 tuam,
1107 3797 1352 3863 Domine,
1384 3802 1670 3871 requiram,
1722 3819 1783 3859 ne
1813 3816 2017 3860 avertas

447 3881 636 3952 {aciem
688 3896 833 3939 tuam
882 3904 915 3939 a
958 3905 1038 3942 me
1063 3889 1128 3943 ⁵⁵.
1164 3889 1268 3956 Qui
1317 3908 1445 3946 vero
1496 3895 1690 3949 anima:
1733 3900 2016 3954 vulnerum

448 3973 748 4030 fmditatem
803 3979 1093 4048 conspicit,
1147 3997 1267 4037 sese
1320 3985 1602 4041 occultans
1651 3988 1774 4056 jure
1822 4005 2019 4059 magno

445 4064 616 4135 judici
650 4067 764 4125 ait:
801 4071 986 4125 Averte
1032 4071 1224 4140 faciem
1258 4085 1405 4128 tuam
1440 4094 1472 4130 a
1501 4081 1723 4146 peccatis
1759 4082 1925 4141 meis;
1964 4091 2019 4137 at

447 4171 558 4213 non
588 4173 619 4212 a
648 4159 856 4233 meipso
882 4203 895 4227 ,
926 4163 1021 4218 sed
1052 4166 1209 4235 quasi
1238 4181 1439 4237 aegrum
1475 4181 1685 4227 curato.

419 4471 425 4477 .
518 4425 685 4485 Vsus.
722 4431 808 4486 Η.
839 4431 1017 4489 Redde
1035 4436 1164 4491 mihi
1191 4439 1437 4495 twtitiam
1458 4443 1716 4498 salutaris
1741 4447 1836 4499 tui.
1862 4446 2015 4513 Quod
2051 4453 2094 4508 D

446 4519 740 4578 discrimen
762 4525 904 4595 apud
931 4526 1185 4587 llebraros
1213 4532 1284 4587 sit
1317 4533 1458 4588 inter
1480 4534 1633 4598 illud,
1667 4537 1857 4593 salutis
1891 4551 2013 4605 tute,

446 4613 592 4682 quod
644 4613 962 4687 frequenter
1006 4624 1290 4689 occurrit,
1334 4634 1389 4680 et
1437 4627 1590 4691 illud,
1630 4631 1883 4688 salutaris
1917 4635 2014 4700 tui,

447 4706 776 4766 declaratur.
828 4710 963 4767 Nam
1003 4715 1157 4780 illud,
1205 4718 1442 4774 salutare
1484 4729 1651 4783 tuum,
1705 4726 1846 4793 apud
1894 4726 2017 4781 illos

447 4802 729 4870 scribitur,
755 4804 1005 4872 Iesuach,
1029 4811 1174 4878 quod
1200 4813 1490 4867 manifeste
1516 4814 1814 4875 Salvatoris
1842 4821 2015 4876 nostri

444 4887 575 4947 Jesu
608 4909 809 4950 nomen
833 4898 1109 4968 exprimit,
1140 4900 1222 4956 sic
1256 4903 1404 4958 enim
1434 4920 1624 4962 omnes
1650 4908 2014 4981 interpretan-

445 4987 574 5050 tur;
605 4986 736 5040 illud
763 5003 914 5051 vero,
945 4989 1139 5044 salutis
1167 5001 1272 5047 tua:
1302 4992 1517 5051 Isuach.

521 5074 684 5133 Vsus.
720 5078 804 5133 i9.
834 5078 1171 5151 Sacriﬁcium
1202 5083 1312 5139 Deo
1338 5089 1555 5155 spiritus
1584 5092 1968 5149 contributatus
1994 5111 2010 5147 :

438 5185 528 5221 cor
570 5170 855 5224 contritum
906 5182 957 5226 et
986 5173 1345 5241 humiliatum,
1393 5179 1532 5235 Deus
1592 5201 1697 5238 non
1742 5184 2009 5253 despiciet.

440 5257 592 5311 Alius
647 5258 820 5314 dixit:
880 5259 1042 5319 Sanis
1096 5266 1318 5335 quidem
1380 5276 1635 5325 convenit
1681 5273 2013 5328 sacriﬁcium

442 5346 620 5403 laudis
655 5391 671 5416 ,
716 5351 878 5421 aegris
922 5370 1072 5418 vero,
1121 5358 1450 5413 sacriﬁcium
1486 5361 1667 5417 cordis
1700 5364 1920 5419 contriti
1957 5376 2012 5420 et

2116 516 2220 563 νος
2240 516 2252 528 ·
2284 500 2551 568 διδαχθεὶς
2581 499 2714 569 ἐλέῳ
2733 498 2809 568 τῷ
2832 497 2909 568 σῷ
2931 516 2942 527 ·
2982 497 3117 550 Ἐὰν
3132 495 3217 565 μή
3258 495 3473 563 Κύριος
3519 499 3658 550 οἱκο-

2115 589 2350 659 δομήσῃ
2392 588 2594 653 οἷκον,
2636 593 2720 654 εἰς
2762 589 2964 659 μάτην
3009 588 3343 641 ἑκοπίασαν
3369 587 3660 641 0201x060-

2109 681 2384 750 μοῦντες.

2200 772 2343 825 Ἰδοὺ
2406 772 2513 840 γὰρ
2567 771 2635 824 ἑν
2679 770 2950 838 ἁνομιάις
2989 767 3412 837 συνελήφθην,
3459 767 3553 821 καὶ
3604 769 3663 821 ἐν

2114 862 2420 931 ἁμαρτίαις
2451 859 2748 926 ἐκίσσησέ
2770 875 2846 928 με
2874 860 2911 927 ή
2939 856 3135 926 μήτηρ
3153 876 3291 927 μου.
3327 860 3525 929 Ὅμοια
3544 859 3584 911 δ’
3607 858 3661 913 ἂν

2115 949 2197 1018 εἴη
2228 949 2319 1001 καὶ
2361 947 2533 1000 ταῦτα
2570 950 2681 1010 τοῖς
2715 947 2864 1018 παρὰ
2911 945 2986 1016 τῷ
3032 946 3184 999 Ἰώ6’
3222 947 3661 1017 Ἐπικατάρατος

2113 1042 2152 1110 7i
2191 1038 2379 1109 ἡμέραν
2407 1040 2477 1093 ἐν
2514 1034 2552 1111 ἦ
2578 1038 2936 1109 ἐγεννήθην,
2967 1040 3063 1092 καὶ
3094 1041 3130 1107 ή
3165 1039 3279 1104 νὺξ
3303 1040 3373 1092 ἐν
3407 1035 3449 1111 ᾗ
3481 1037 3659 1094 εἶπαν·

2124 1131 2272 1187 Ἰδοὺ
2303 1132 2509 1201 ἄρσεν.
2542 1131 2640 1185 Διὰ
2665 1132 2718 1185 τί
2750 1132 2857 1204 γὰρ
2883 1129 2950 1197 ἦν
2983 1133 3414 1203 ὲπικατάρατος,
3461 1134 3572 1187 ἁλλ’
3594 1137 3661 1188 ὅτι

2113 1227 2171 1280 ὲν
2201 1225 2450 1296 άνομίαις
2475 1224 2774 1295 συνελήφθη
2802 1243 2816 1287 ;
2871 1224 3171 1279 Ἀκὸλουθον
3197 1226 3303 1297 γὰρ
3334 1221 3401 1296 ἦν
3440 1227 3659 1298 κατάραι

2112 1317 2337 1371 ἔπεσθαι
2383 1317 2648 1389 ἁμαρτίᾳ.
2680 1318 2803 1381 Τοῖς
2851 1321 3032 1380 αυτοῖς
3097 1317 3362 1388 Ἱερεμίας
3417 1319 3661 1389 ἐχρήσατο

2115 1410 2291 1480 φήσας
2312 1427 2324 1438 ’
2369 1407 2825 1477 Ἐπικατάρατος
2855 1411 2895 1478 ἡ
2926 1410 3110 1478 ἡμέρα
3139 1410 3206 1461 ἐν
3245 1404 3284 1481 ᾗ
3314 1395 3565 1478 ἐτέχθην
3607 1412 3663 1465 ἐν

2112 1503 2285 1571 αὐτῇ,
2326 1504 2421 1557 καὶ
2477 1505 2515 1571 ή
2544 1502 2659 1566 νὺξ
2683 1503 2754 1556 ἐν
2798 1496 2838 1574 ᾗ
2882 1501 3179 1555 συνέλαϐἐ
3222 1519 3292 1570 με
3320 1501 3517 1571 μήτηρ
3541 1520 3662 1571 μου.

2113 1596 2396 1667 Μακάριον
2423 1593 2530 1667 γὰρ
2553 1591 2620 1665 ἦν
2656 1594 2717 1647 τὸ
2747 1594 2878 1665 μηδὲ
2906 1595 3003 1666 τὴν
3048 1593 3269 1664 πρώτην
3314 1598 3545 1662 γυναῖκα
3574 1612 3663 1648 πα-

2121 1687 2361 1759 ραϐᾶσαν
2391 1692 2456 1759 τῇ
2493 1687 2703 1758 φθαρτῇ
2744 1686 2953 1754 γενέσει
2995 1684 3414 1756 διακονήσασθαι
3438 1725 3453 1750 ,
3508 1685 3665 1755 μένειν

2116 1780 2174 1833 δὲ
2204 1781 2260 1832 ἐν
2308 1780 2617 1851 παραδείσῳ
2642 1778 2805 1842 θείοις
2843 1777 3196 1849 ὀμοιωθεῖσαν
3239 1777 3509 1846 ἀγγέλοιςο
3553 1777 3665 1831 ἀλλὰ

2118 1874 2315 1941 φθόνῳ
2336 1873 2617 1926 διαϐόλου
2633 1870 2888 1937 θάνατος
2909 1868 3190 1938 εἰσῆλθεν
3203 1872 3288 1937 εὶς
3311 1869 3419 1923 τὸν
3435 1871 3662 1938 κόσμον,

2117 1966 2341 2035 Θανάτῳ
2365 1966 2421 2019 δὲ
2449 1968 2480 2035 ἡ
2507 1966 2571 2018 δι’
2607 1965 2852 2036 αἱμάτων
2875 1963 2969 2017 καὶ
3000 1962 3199 2034 σαρκὸς
3244 1964 3564 2034 ὑπηρετεῖτο
3591 1962 3665 2030 γέ.

2118 2071 2260 2117 νεσις
2285 2056 2365 2116 εἰς
2386 2053 2480 2109 τοῦ
2505 2054 2698 2124 θνητοῦ
2719 2054 2907 2122 γένους
2937 2053 3215 2123 διαμονήν.
3254 2053 3347 2106 Διὸ
3373 2053 3465 2105 καὶ
3494 2055 3524 2124 ἡ
3559 2052 3664 2105 σύλ-

2118 2145 2306 2216 ληψις,
2338 2146 2538 2201 ὡσανεὶ
2584 2146 2795 2217 θανάτῳ
2836 2145 3197 2217 ὑποκειμένη,
3241 2148 3353 2208 τοῖς
3402 2146 3665 2218 μακαρίοις

2116 2238 2441 2293 διεϐάλλετο.
2459 2239 2517 2291 Ὀ
2540 2239 2597 2291 δὲ
2621 2238 2912 2308 Σύμμαχος
2929 2255 2941 2269 ο
2970 2240 3072 2302 Είς
3095 2236 3336 2290 ἀδικίαν
3348 2236 3661 2304 ὠδυνήθην,

2119 2332 2215 2384 καὶ
2247 2331 2317 2385 ἐν
2350 2332 2661 2400 ἁμαρτίαις
2697 2330 2920 2397 ἐκύησέ
2940 2347 3016 2398 με
3041 2333 3079 2398 ὴ
3119 2330 3316 2399 μήτηρ
3360 2349 3495 2398 μου.
3540 2331 3665 2383 Ὠδο-

2117 2422 2285 2494 νήθην
2314 2422 2420 2494 γὰρ
2444 2424 2537 2475 καὶ
2561 2420 2819 2492 ὲκυήθην,
2857 2423 3039 2490 φησὶν,
3078 2422 3162 2474 ἵνα
3193 2421 3449 2493 παρέλθω
3476 2424 3554 2486 εἰς
3577 2423 3665 2475 ἀδι-

2119 2513 2261 2577 κίαν,
2294 2514 2387 2566 καὶ
2417 2513 2520 2576 ἵνα,
2549 2514 2606 2565 ὲν
2637 2512 2928 2583 ἁμαρτίαις
2958 2512 3264 2582 γενόμενος,
3292 2512 3527 2584 ἐλεγχθῶ
3548 2513 3665 2565 κατὰ

2117 2605 2320 2677 ταύτην
2346 2606 2445 2678 τὴν
2475 2605 2680 2658 ἔννοιαν
2701 2622 2713 2634 ·
2744 2605 2856 2658 Οὐκ
2877 2606 2933 2656 ἐν
2956 2605 3223 2674 ἁνομίαις,
3244 2605 3397 2675 φησὶ,
3429 2605 3525 2675 τῆς
3548 2605 3665 2675 ὲμῆς

2121 2698 2454 2770 συνελήφθην
2485 2699 2710 2771 μητρὸς,
2740 2697 2859 2750 οὐδὲ
2883 2700 3001 2761 ταῖς
3023 2698 3215 2767 ἑαυτῆς
3256 2697 3508 2766 ἀνομίαις
3541 2696 3666 2749 Exie-

2121 2791 2252 2862 σησέ
2285 2808 2350 2861 με
2373 2807 2385 2819 ·
2418 2790 2533 2843 ἀλλ’
2555 2789 2664 2858 ἐγὼ
2706 2791 2782 2852 εἰς
2815 2789 3025 2842 ἀδικίαν
3072 2789 3368 2859 ἐγεννήθην
3392 2828 3404 2851 ,
3455 2787 3663 2859 θνητὴν,

2116 2883 2571 2954 περιϐαλλόμενος
2628 2882 2805 2953 σάρκα
2865 2883 2957 2935 καὶ
3005 2881 3177 2934 ταῦτά
3229 2897 3410 2952 φημι,
3448 2881 3665 2946 ἐπείπερ

2118 2974 2406 3042 ἀλήθειαν
2434 2973 2772 3045 ἠγάπησας.

2202 3066 2479 3133 Ῥαντιεῖς
2536 3083 2614 3136 με
2666 3064 2935 3133 ὑσσώπῳ
2982 3064 3083 3119 καὶ
3144 3062 3663 3134 καθαρισθήσομαι,

2120 3159 2372 3225 πλυνεῖς
2411 3175 2488 3228 με
2527 3159 2627 3212 καὶ
2659 3157 2811 3226 ὑπὲρ
2853 3158 3029 3227 χιόνα
3050 3155 3554 3227 λευκανθήσομαι.
3608 3154 3666 3207 Τὸ

2121 3249 2369 3304 ὖσσωπόν
2391 3250 2505 3304 ἐστι
2531 3249 2797 3321 σύμϐολον
2820 3248 3104 3312 ἀπαθείας,
3136 3250 3229 3302 καὶ
3258 3250 3293 3320 ἡ
3328 3247 3521 3315 πλύσις
3545 3245 3667 3316 γνῶ-

2122 3360 2204 3396 σιν
2256 3344 2526 3414 σημαίνει’
2562 3344 2656 3397 καὶ
2690 3341 2778 3395 διὰ
2821 3340 2919 3411 μὲν
2954 3340 3221 3404 ἀπαθείας
3259 3337 3664 3411 καθαριζόμεθα,

2118 3434 2206 3488 διὰ
2238 3433 2294 3486 δὲ
2318 3434 2416 3504 τῆς
2446 3434 2696 3503 γνώσεως
2719 3431 3135 3503 λευκαινόμεθα.

2203 3526 2612 3594 Ἀπόστρεψον
2634 3523 2699 3576 τὸ
2730 3523 3054 3591 πρόσωπόν
3074 3538 3190 3577 σου
3223 3522 3340 3578 ἀπὸ
3369 3522 3485 3575 τῶν
3505 3522 3664 3591 ἀμαρ-

2119 3617 2258 3671 τιῶν
2272 3636 2412 3687 μου,
2439 3618 2537 3671 καὶ
2564 3616 2764 3683 πάσας
2781 3616 2887 3682 τὰς
2913 3617 3164 3684 ἀνομίας
3186 3633 3306 3685 μου
3340 3614 3661 3683 ἐξάλειψσν.

2124 3709 2350 3773 Ἀλλως,
2375 3711 2403 3762 ὁ
2429 3709 2525 3780 μὲν
2552 3709 2650 3781 τὴν
2681 3708 2854 3780 ψυχὴν
2897 3707 3307 3778 κεκαθαρμένος
3359 3707 3464 3760 ἀπὸ
3508 3722 3664 3758 συνει-

2119 3801 2325 3872 δήσεως
2366 3802 2605 3872 πονηρᾶς
2653 3801 2794 3853 εἴποι
2838 3798 2903 3852 ἂν
2943 3797 3020 3868 τῷ
3052 3797 3204 3869 Θεῷ·
3259 3798 3329 3851 Τὸ
3372 3796 3665 3866 πρόσωπόν

2119 3909 2256 3956 σου,
2284 3894 2479 3961 Κύριε,
2507 3891 2770 3965 ζητήσω,
2828 3890 2914 3960 μὴ
2966 3889 3357 3959 ἀποστρέψῃς
3403 3890 3465 3941 τὸ
3505 3887 3667 3955 πρόσ-

2118 3984 2282 4036 ωπόν
2304 3998 2420 4036 σου
2447 3982 2545 4036 ἀπ’
2565 3981 2709 4052 ἐμοῦ
2729 3999 2741 4012 ·
2777 3982 2805 4034 ὁ
2830 3981 2884 4032 δὲ
2912 3979 2974 4032 τὸ
2998 3980 3218 4051 αἰσχρὸν
3249 3979 3355 4033 τῶν
3383 3980 3478 4050 τῆς
3513 3977 3666 4047 ψυχῆς

2117 4074 2613 4148 τραυμάτων-ὁρῶν
2648 4074 3120 4146 ἐκκαλυπτόμενος
3162 4072 3389 4134 εἰκότως
3435 4070 3576 4139 λέγει
3602 4067 3667 4136 τῷ

2122 4167 2340 4238 μεγάλῳ
2366 4169 2573 4239 ικριτῇ·
2624 4168 3039 4235 Ἀπόστρεψον
3084 4163 3150 4218 τὸ
3205 4164 3527 4231 πρόσωπόν
3567 4175 3665 4213 σου

2120 4259 2237 4313 ἀπὸ
2281 4257 2397 4312 τῶν
2433 4257 2727 4328 ἁμαρτιῶν
2752 4278 2890 4328 μου,
2920 4259 3054 4312 ἀλλὰ
3094 4258 3168 4330 μὴ
3202 4256 3264 4323 ἐξ
3296 4256 3444 4329 ,ἐμοῦ
3487 4254 3662 4308 αὑτοῦ·

2120 4352 2234 4406 ἀλλ’
2267 4352 2342 4416 t'o;
2368 4351 2624 4405 νοσοῦντα
2647 4351 2998 4427 θεράπευσον.

2204 4442 2455 4509 Ἀπόδος
2471 4461 2571 4512 μοι
2595 4443 2708 4510 τὴν
2727 4444 3088 4512 ἀγαλλίασιν
3104 4443 3208 4497 τοῦ
3232 4444 3525 4511 σωτηρίου
3546 4454 3662 4494 σου.

2126 4521 2391 4606 Πλείστής
2415 4537 2471 4589 δὲ
2496 4539 2620 4607 παρ’
2652 4537 2919 4608 Ἑϐραίοις
2946 4538 3055 4607 τῆς
3072 4538 3372 4609 κοινότερον
3395 4536 3666 4604 σωτηρίας

2124 4647 2239 4684 σου
2272 4631 2571 4701 λεγομένης
2601 4631 2693 4684 καὶ
2721 4630 2827 4683 τοῦ
2850 4630 3144 4697 σωτηρίου
3167 4645 3283 4683 σου
3302 4625 3666 4700 δηλοῦται-δια-

2126 4724 2284 4794 φορά.
2321 4722 2593 4794 Γράφεται
2622 4721 2729 4794 γὰρ
2756 4721 2820 4775 τὸ
2854 4724 2950 4794 μὲν
2975 4720 3267 4789 σωτήριόν
3295 4736 3410 4774 σου
3435 4720 3555 4790 παρ’
3581 4718 3665 4770 αὐ-

2123 4817 2253 4879 τοῖς,
2300 4811 2603 4881 Ἰησουάχ,
2640 4810 2824 4880 σαφῶς
2849 4811 3042 4882 δηλοῦν
3066 4811 3303 4896 τοῦνομα
3322 4810 3423 4864 τοῦ*
3439 4810 3665 4881 Σωτῆρος

2123 4907 2276 4979 ἡμῶν
2315 4905 2515 4976 Ἰησοῦ·
2567 4903 2869 4974 συμφώνως
2929 4903 3037 4974 γὰρ
3085 4902 3256 4966 οὕτως
3302 4900 3665 4974 ἑρμηνεύουσιν

2121 5000 2355 5061 ἅπαντες
2374 5016 2386 5028 ·
2421 4997 2481 5051 τὸ
2501 4997 2577 5060 δὲ,
2610 4997 2868 5064 σωτηριά
2895 5011 3033 5060 σου,
3065 4993 3324 5049 Οὶσουάθ
3347 4996 3439 5066 (1).

2193 5092 2383 5145 Θυσία
2402 5089 2479 5155 τῷ
2495 5088 2615 5155 Θεῷ
2630 5089 2863 5157 πνεῦμα
2884 5086 3386 5156 συντετριμμένον
3404 5103 3417 5116 ·
3438 5083 3667 5152 καρδίαν

2123 5182 2636 5252 συντετριμμένην
2660 5182 2758 5235 καὶ
2792 5178 3302 5249 τεταπεινωμένην
3337 5182 3370 5234 o'
3402 5176 3541 5242 Θεὸς
3570 5175 3665 5227 οὐκ

2116 5274 2526 5339 ἐξουδενὼσει.
2557 5273 2745 5335 ’Ἄλλος
2790 5268 2978 5324 εἶπεν·
3023 5271 3229 5339 Ὺγιέσι
3292 5271 3390 5342 μὲν
3431 5266 3663 5339 ἁρμόττει

2116 5368 2214 5437 τῆς
2235 5366 2491 5429 αἰνέσεως
2525 5367 2557 5436 ἡ
2587 5364 2746 5417 θυσία
2765 5380 2776 5392 ·
2816 5362 3031 5416 νοσοῦσι
3059 5362 3115 5414 δὲ
3147 5365 3179 5432 ἡ
3215 5362 3303 5417 διὰ
3325 5362 3418 5430 τῆς
3439 5372 3660 5411 τεταπειο

517 5500 560 5531 ⁵⁸
600 5500 744 5560 Psal.
780 5522 971 5575 cxxvn,
1003 5511 1053 5564 1.
1096 5511 1173 5575 ,⁵³
1212 5512 1314 5569 Job
1344 5516 1501 5583 "1,5.
1577 5516 1624 5547 ⁸³
1662 5517 1773 5572 Jer.
1817 5534 1925 5584 xx,
1969 5520 2015 5574 ll

2130 5521 2173 5551 ⁸⁸
2218 5518 2345 5588 Sap.
2384 5535 2458 5585 ιι,
2491 5517 2581 5571 24.
2659 5518 2704 5550 ⁸⁵
2746 5515 2890 5573 Psal.
2924 5533 3051 5572 xm
3141 5515 3260 5578 δὲ).

640 5640 1047 5733 ξεξεᾷξίσουάχ.
1079 5650 1248 5733 Hebr.
1278 5657 1473 5733 Ty'lufv,
1503 5671 1624 5726 qua:
1649 5666 1829 5733 tamen
1861 5675 1962 5715 vox
1998 5660 2011 5715 i

2126 5658 2492 5722 scriminatim,
2526 5664 2715 5713 contra
2744 5672 2906 5728 quam
2927 5654 3057 5711 dicit
3079 5653 3364 5719 Eusebius,
3400 5652 3472 5708 vel
3508 5647 3657 5717 σωτή-

458 5725 593 5780 ριον,
634 5714 893 5779 salutare,
926 5714 1865 5797 νεῖσωτηρίαξίδαιιιιε,ἐχιιιὶεοιιιιυ.
