  <div class='ocr_page' id='page_1' title='image "/cluster/home/n/w/nwhite01/storage/ocr_20150623/23/mdp.39015078384396/229.png"; bbox 0 0 3822 6280; ppageno 0'>
   <div class='ocr_carea' id='block_1_1' title="bbox 409 346 528 402">
    <p class='ocr_par' dir='ltr' id='par_1_1' title="bbox 409 346 528 402">
     <span class='ocr_line' id='line_1_1' title="bbox 409 346 528 402; baseline 0 0"><span class='ocrx_word' id='word_1_1' title='bbox 409 346 528 402; x_wconf 63' lang='grc' dir='ltr'>με</span> 
     </span>
    </p>
   </div>
   <div class='ocr_carea' id='block_1_2' title="bbox 1111 338 2991 399">
    <p class='ocr_par' dir='ltr' id='par_1_2' title="bbox 1111 338 2991 399">
     <span class='ocr_line' id='line_1_2' title="bbox 1111 338 2991 399; baseline -0.001 -1"><span class='ocrx_word' id='word_1_2' title='bbox 1111 339 1381 399; x_wconf 78' lang='lat' dir='ltr'><strong><em>EL&#39;SEBII</em></strong></span> <span class='ocrx_word' id='word_1_3' title='bbox 1416 339 1893 399; x_wconf 67' lang='lat' dir='ltr'><strong><em>CESARIENSIS</em></strong></span> <span class='ocrx_word' id='word_1_4' title='bbox 1928 339 2079 397; x_wconf 83' lang='lat' dir='ltr'><strong><em>OPP.</em></strong></span> <span class='ocrx_word' id='word_1_5' title='bbox 2120 338 2303 396; x_wconf 82' lang='lat' dir='ltr'><strong><em>PARS</em></strong></span> <span class='ocrx_word' id='word_1_6' title='bbox 2340 338 2428 396; x_wconf 81' lang='lat' dir='ltr'><strong><em>Ill.</em></strong></span> <span class='ocrx_word' id='word_1_7' title='bbox 2474 371 2545 381; x_wconf 92' lang='lat'><strong>—</strong></span> <span class='ocrx_word' id='word_1_8' title='bbox 2582 338 2991 398; x_wconf 77' lang='lat' dir='ltr'><strong><em>EXEGETICA.</em></strong></span> 
     </span>
    </p>
   </div>
   <div class='ocr_carea' id='block_1_3' title="bbox 3544 344 3639 402">
    <p class='ocr_par' dir='ltr' id='par_1_3' title="bbox 3544 344 3639 402">
     <span class='ocr_line' id='line_1_3' title="bbox 3544 344 3639 402; baseline 0.021 -2"><span class='ocrx_word' id='word_1_9' title='bbox 3544 344 3639 402; x_wconf 68' lang='grc' dir='ltr'><strong><em>ιιι</em></strong></span> 
     </span>
    </p>
   </div>
   <div class='ocr_carea' id='block_1_4' title="bbox 411 432 1970 531">
    <p class='ocr_par' dir='ltr' id='par_1_4' title="bbox 411 457 1970 531">
     <span class='ocr_line' id='line_1_4' title="bbox 411 457 1970 531; baseline -0.003 -15"><span class='ocrx_word' id='word_1_10' title='bbox 411 475 593 516; x_wconf 84' lang='lat' dir='ltr'><strong><em>omnes</em></strong></span> <span class='ocrx_word' id='word_1_11' title='bbox 617 462 760 530; x_wconf 86' lang='lat' dir='ltr'><strong><em>ﬁlios</em></strong></span> <span class='ocrx_word' id='word_1_12' title='bbox 778 458 949 528; x_wconf 77' lang='lat' dir='ltr'><strong><em>patris</em></strong></span> <span class='ocrx_word' id='word_1_13' title='bbox 972 457 1089 528; x_wconf 86' lang='lat' dir='ltr'><strong><em>ejus</em></strong></span> <span class='ocrx_word' id='word_1_14' title='bbox 1121 458 1418 514; x_wconf 73' lang='lat' dir='ltr'><strong><em>sacerdotes</em></strong></span> <span class='ocrx_word' id='word_1_15' title='bbox 1451 460 1506 513; x_wconf 92' lang='lat' dir='ltr'><strong><em>in</em></strong></span> <span class='ocrx_word' id='word_1_16' title='bbox 1538 457 1716 524; x_wconf 85' lang='lat' dir='ltr'><strong><em>Noba,</em></strong></span> <span class='ocrx_word' id='word_1_17' title='bbox 1742 459 1832 531; x_wconf 85' lang='lat' dir='ltr'><strong><em>qui</em></strong></span> <span class='ocrx_word' id='word_1_18' title='bbox 1859 457 1970 511; x_wconf 87' lang='lat' dir='ltr'><strong><em>uni-</em></strong></span> 
     </span>
    </p>
   </div>
   <div class='ocr_carea' id='block_1_5' title="bbox 2077 432 3639 531">
    <p class='ocr_par' dir='ltr' id='par_1_5' title="bbox 2079 454 3639 528">
     <span class='ocr_line' id='line_1_5' title="bbox 2079 454 3639 528; baseline 0.001 -16"><span class='ocrx_word' id='word_1_19' title='bbox 2079 455 2273 526; x_wconf 74' lang='grc' dir='ltr'>ἠρώτα</span> <span class='ocrx_word' id='word_1_20' title='bbox 2305 454 2466 522; x_wconf 85' lang='grc' dir='ltr'><strong><em>αὐτῷ</em></strong></span> <span class='ocrx_word' id='word_1_21' title='bbox 2497 454 2594 510; x_wconf 83' lang='grc' dir='ltr'>διὰ</span> <span class='ocrx_word' id='word_1_22' title='bbox 2629 456 2735 512; x_wconf 85' lang='grc' dir='ltr'>τοῦ</span> <span class='ocrx_word' id='word_1_23' title='bbox 2767 457 2934 521; x_wconf 84' lang='grc' dir='ltr'><strong><em>Θεοῦ,</em></strong></span> <span class='ocrx_word' id='word_1_24' title='bbox 2963 457 3065 511; x_wconf 78' lang='grc' dir='ltr'>καὶ</span> <span class='ocrx_word' id='word_1_25' title='bbox 3104 456 3483 528; x_wconf 79' lang='grc' dir='ltr'>ἐπισιτισμὸν</span> <span class='ocrx_word' id='word_1_26' title='bbox 3508 458 3639 514; x_wconf 78' lang='grc' dir='ltr'>ἔδω-</span> 
     </span>
    </p>
   </div>
   <div class='ocr_carea' id='block_1_6' title="bbox 410 547 1976 621">
    <p class='ocr_par' dir='ltr' id='par_1_6' title="bbox 410 547 1976 621">
     <span class='ocr_line' id='line_1_6' title="bbox 410 547 1976 621; baseline -0.004 -12"><span class='ocrx_word' id='word_1_27' title='bbox 410 553 550 609; x_wconf 81' lang='lat' dir='ltr'><strong><em>versi</em></strong></span> <span class='ocrx_word' id='word_1_28' title='bbox 583 560 825 605; x_wconf 82' lang='lat' dir='ltr'><strong><em>venerunt</em></strong></span> <span class='ocrx_word' id='word_1_29' title='bbox 853 548 923 604; x_wconf 92' lang='lat' dir='ltr'><strong><em>ad</em></strong></span> <span class='ocrx_word' id='word_1_30' title='bbox 940 567 1109 621; x_wconf 80' lang='lat' dir='ltr'><strong><em>regem</em></strong></span> <span class='ocrx_word' id='word_1_31' title='bbox 1134 554 1201 609; x_wconf 77' lang='grc' dir='ltr'>⁸ο.</span> <span class='ocrx_word' id='word_1_32' title='bbox 1236 549 1518 621; x_wconf 83' lang='lat' dir='ltr'><strong><em>Tuncque,</em></strong></span> <span class='ocrx_word' id='word_1_33' title='bbox 1548 550 1771 619; x_wconf 74' lang='lat' dir='ltr'><strong><em>iubente</em></strong></span> <span class='ocrx_word' id='word_1_34' title='bbox 1795 547 1976 614; x_wconf 91' lang='lat' dir='ltr'><strong><em>Saule,</em></strong></span> 
     </span>
    </p>
   </div>
   <div class='ocr_carea' id='block_1_7' title="bbox 413 640 1982 714">
    <p class='ocr_par' dir='ltr' id='par_1_7' title="bbox 413 640 1982 714">
     <span class='ocr_line' id='line_1_7' title="bbox 413 640 1982 714; baseline -0.003 -17"><span class='ocrx_word' id='word_1_35' title='bbox 413 643 533 714; x_wconf 89' lang='lat' dir='ltr'><strong><em>ipse</em></strong></span> <span class='ocrx_word' id='word_1_36' title='bbox 577 641 723 697; x_wconf 91' lang='lat' dir='ltr'><strong><em>Doec</em></strong></span> <span class='ocrx_word' id='word_1_37' title='bbox 770 642 977 697; x_wconf 89' lang='lat' dir='ltr'><strong><em>occidit</em></strong></span> <span class='ocrx_word' id='word_1_38' title='bbox 1015 642 1333 698; x_wconf 73' lang='lat' dir='ltr'><strong><em>sacerdotes</em></strong></span> <span class='ocrx_word' id='word_1_39' title='bbox 1371 640 1589 696; x_wconf 87' lang='lat' dir='ltr'><strong>Domini</strong></span> <span class='ocrx_word' id='word_1_40' title='bbox 1636 647 1982 694; x_wconf 73' lang='lat' dir='ltr'><strong><em>trecentos-et</em></strong></span> 
     </span>
    </p>
   </div>
   <div class='ocr_carea' id='block_1_8' title="bbox 415 730 1980 805">
    <p class='ocr_par' dir='ltr' id='par_1_8' title="bbox 415 730 1980 805">
     <span class='ocr_line' id='line_1_8' title="bbox 415 730 1980 805; baseline -0.003 -17"><span class='ocrx_word' id='word_1_41' title='bbox 415 738 641 805; x_wconf 85' lang='lat' dir='ltr'><strong><em>quinque</em></strong></span> <span class='ocrx_word' id='word_1_42' title='bbox 672 735 809 789; x_wconf 81' lang='lat' dir='ltr'><strong><em>viros</em></strong></span> <span class='ocrx_word' id='word_1_43' title='bbox 850 734 1075 804; x_wconf 76' lang='lat' dir='ltr'><strong><em>ferentes</em></strong></span> <span class='ocrx_word' id='word_1_44' title='bbox 1117 731 1302 802; x_wconf 84' lang='lat' dir='ltr'><strong><em>ephod,</em></strong></span> <span class='ocrx_word' id='word_1_45' title='bbox 1359 742 1410 786; x_wconf 85' lang='lat' dir='ltr'><strong><em>et</em></strong></span> <span class='ocrx_word' id='word_1_46' title='bbox 1462 730 1674 785; x_wconf 86' lang='lat' dir='ltr'><strong><em>Nobam</em></strong></span> <span class='ocrx_word' id='word_1_47' title='bbox 1720 731 1980 785; x_wconf 82' lang='lat' dir='ltr'><strong><em>civitatem</em></strong></span> 
     </span>
    </p>
   </div>
   <div class='ocr_carea' id='block_1_9' title="bbox 413 821 1980 896">
    <p class='ocr_par' dir='ltr' id='par_1_9' title="bbox 413 821 1980 896">
     <span class='ocr_line' id='line_1_9' title="bbox 413 821 1980 896; baseline -0.005 -15"><span class='ocrx_word' id='word_1_48' title='bbox 413 825 748 881; x_wconf 71' lang='lat' dir='ltr'><strong><em>sacerdotum</em></strong></span> <span class='ocrx_word' id='word_1_49' title='bbox 794 827 1058 896; x_wconf 76' lang='lat' dir='ltr'><strong><em>percussit</em></strong></span> <span class='ocrx_word' id='word_1_50' title='bbox 1103 826 1156 879; x_wconf 92' lang='lat' dir='ltr'><strong><em>in</em></strong></span> <span class='ocrx_word' id='word_1_51' title='bbox 1187 840 1276 878; x_wconf 89' lang='lat' dir='ltr'><strong><em>ore</em></strong></span> <span class='ocrx_word' id='word_1_52' title='bbox 1304 823 1473 895; x_wconf 82' lang='lat' dir='ltr'><strong><em>gladii</em></strong></span> <span class='ocrx_word' id='word_1_53' title='bbox 1500 842 1531 877; x_wconf 91' lang='lat' dir='ltr'><strong><em>a</em></strong></span> <span class='ocrx_word' id='word_1_54' title='bbox 1563 824 1673 878; x_wconf 72' lang='lat' dir='ltr'><strong><em>viro</em></strong></span> <span class='ocrx_word' id='word_1_55' title='bbox 1703 838 1867 893; x_wconf 85' lang='lat' dir='ltr'><strong><em>usque</em></strong></span> <span class='ocrx_word' id='word_1_56' title='bbox 1911 821 1980 874; x_wconf 92' lang='lat' dir='ltr'><strong><em>ad</em></strong></span> 
     </span>
    </p>
   </div>
   <div class='ocr_carea' id='block_1_10' title="bbox 414 913 1980 988">
    <p class='ocr_par' dir='ltr' id='par_1_10' title="bbox 414 913 1980 988">
     <span class='ocr_line' id='line_1_10' title="bbox 414 913 1980 988; baseline -0.004 -17"><span class='ocrx_word' id='word_1_57' title='bbox 414 919 709 982; x_wconf 87' lang='lat' dir='ltr'><strong><em>mulierem,</em></strong></span> <span class='ocrx_word' id='word_1_58' title='bbox 741 936 773 973; x_wconf 93' lang='lat' dir='ltr'><strong><em>a</em></strong></span> <span class='ocrx_word' id='word_1_59' title='bbox 808 934 969 988; x_wconf 85' lang='lat' dir='ltr'><strong><em>puero</em></strong></span> <span class='ocrx_word' id='word_1_60' title='bbox 1013 934 1179 988; x_wconf 85' lang='lat' dir='ltr'><strong><em>usque</em></strong></span> <span class='ocrx_word' id='word_1_61' title='bbox 1218 916 1287 970; x_wconf 91' lang='lat' dir='ltr'><strong><em>ad</em></strong></span> <span class='ocrx_word' id='word_1_62' title='bbox 1327 918 1634 978; x_wconf 81' lang='lat' dir='ltr'><strong><em>lactentem,</em></strong></span> <span class='ocrx_word' id='word_1_63' title='bbox 1678 923 1727 968; x_wconf 86' lang='lat' dir='ltr'><strong><em>et</em></strong></span> <span class='ocrx_word' id='word_1_64' title='bbox 1760 913 1980 967; x_wconf 72' lang='lat' dir='ltr'><strong><em>vitulum</em></strong></span> 
     </span>
    </p>
   </div>
   <div class='ocr_carea' id='block_1_11' title="bbox 412 1005 1977 1065">
    <p class='ocr_par' dir='ltr' id='par_1_11' title="bbox 412 1005 1977 1065">
     <span class='ocr_line' id='line_1_11' title="bbox 412 1005 1977 1065; baseline -0.004 -1"><span class='ocrx_word' id='word_1_65' title='bbox 412 1018 463 1064; x_wconf 89' lang='lat' dir='ltr'><strong><em>et</em></strong></span> <span class='ocrx_word' id='word_1_66' title='bbox 488 1010 697 1063; x_wconf 88' lang='lat' dir='ltr'><strong><em>asinum</em></strong></span> <span class='ocrx_word' id='word_1_67' title='bbox 725 1018 772 1064; x_wconf 89' lang='lat' dir='ltr'><strong><em>et</em></strong></span> <span class='ocrx_word' id='word_1_68' title='bbox 801 1010 1034 1065; x_wconf 77' lang='lat' dir='ltr'><strong><em>orem“.</em></strong></span> <span class='ocrx_word' id='word_1_69' title='bbox 1084 1009 1208 1064; x_wconf 75' lang='lat' dir='ltr'><strong><em>llzcc</em></strong></span> <span class='ocrx_word' id='word_1_70' title='bbox 1249 1024 1373 1062; x_wconf 84' lang='lat' dir='ltr'><strong><em>cum</em></strong></span> <span class='ocrx_word' id='word_1_71' title='bbox 1410 1009 1651 1063; x_wconf 82' lang='lat' dir='ltr'><strong><em>audisset</em></strong></span> <span class='ocrx_word' id='word_1_72' title='bbox 1684 1005 1851 1059; x_wconf 84' lang='lat' dir='ltr'>David</span> <span class='ocrx_word' id='word_1_73' title='bbox 1885 1005 1977 1059; x_wconf 87' lang='lat' dir='ltr'><strong><em>tali</em></strong></span> 
     </span>
    </p>
   </div>
   <div class='ocr_carea' id='block_1_12' title="bbox 412 1100 1978 1172">
    <p class='ocr_par' dir='ltr' id='par_1_12' title="bbox 412 1100 1978 1172">
     <span class='ocr_line' id='line_1_12' title="bbox 412 1100 1978 1172; baseline -0.003 -15"><span class='ocrx_word' id='word_1_74' title='bbox 412 1103 575 1157; x_wconf 86' lang='lat' dir='ltr'><strong><em>modo</em></strong></span> <span class='ocrx_word' id='word_1_75' title='bbox 599 1111 747 1172; x_wconf 80' lang='lat' dir='ltr'><strong><em>gesta</em></strong></span> <span class='ocrx_word' id='word_1_76' title='bbox 776 1118 917 1163; x_wconf 88' lang='lat' dir='ltr'><strong><em>esse,</em></strong></span> <span class='ocrx_word' id='word_1_77' title='bbox 952 1103 1052 1156; x_wconf 93' lang='lat' dir='ltr'><strong><em>hos</em></strong></span> <span class='ocrx_word' id='word_1_78' title='bbox 1087 1100 1295 1171; x_wconf 79' lang='lat' dir='ltr'><strong><em>profert</em></strong></span> <span class='ocrx_word' id='word_1_79' title='bbox 1340 1116 1641 1165; x_wconf 87' lang='lat' dir='ltr'><strong><em>sermones,</em></strong></span> <span class='ocrx_word' id='word_1_80' title='bbox 1672 1100 1763 1170; x_wconf 91' lang='lat' dir='ltr'><strong><em>qui</em></strong></span> <span class='ocrx_word' id='word_1_81' title='bbox 1803 1114 1978 1168; x_wconf 88' lang='lat' dir='ltr'><strong><em>neque</em></strong></span> 
     </span>
    </p>
   </div>
   <div class='ocr_carea' id='block_1_13' title="bbox 412 1190 1980 1265">
    <p class='ocr_par' dir='ltr' id='par_1_13' title="bbox 412 1190 1980 1265">
     <span class='ocr_line' id='line_1_13' title="bbox 412 1190 1980 1265; baseline -0.002 -17"><span class='ocrx_word' id='word_1_82' title='bbox 412 1195 710 1255; x_wconf 88' lang='lat' dir='ltr'><strong><em>canticum,</em></strong></span> <span class='ocrx_word' id='word_1_83' title='bbox 760 1208 936 1264; x_wconf 90' lang='lat' dir='ltr'><strong><em>neque</em></strong></span> <span class='ocrx_word' id='word_1_84' title='bbox 981 1194 1235 1265; x_wconf 83' lang='lat' dir='ltr'><strong><em>hymnus,</em></strong></span> <span class='ocrx_word' id='word_1_85' title='bbox 1287 1208 1460 1263; x_wconf 89' lang='lat' dir='ltr'><strong><em>neque</em></strong></span> <span class='ocrx_word' id='word_1_86' title='bbox 1509 1192 1639 1263; x_wconf 89' lang='lat' dir='ltr'><strong><em>quid</em></strong></span> <span class='ocrx_word' id='word_1_87' title='bbox 1673 1190 1852 1247; x_wconf 82' lang='lat' dir='ltr'><strong><em>simile</em></strong></span> <span class='ocrx_word' id='word_1_88' title='bbox 1895 1192 1980 1245; x_wconf 90' lang='lat' dir='ltr'><strong><em>in-</em></strong></span> 
     </span>
    </p>
   </div>
   <div class='ocr_carea' id='block_1_14' title="bbox 413 1284 1979 1356">
    <p class='ocr_par' dir='ltr' id='par_1_14' title="bbox 413 1284 1979 1356">
     <span class='ocr_line' id='line_1_14' title="bbox 413 1284 1979 1356; baseline -0.003 -15"><span class='ocrx_word' id='word_1_89' title='bbox 413 1287 750 1342; x_wconf 80' lang='lat' dir='ltr'><strong><em>scribuntur.</em></strong></span> <span class='ocrx_word' id='word_1_90' title='bbox 815 1286 917 1352; x_wconf 88' lang='lat' dir='ltr'><strong><em>Qui</em></strong></span> <span class='ocrx_word' id='word_1_91' title='bbox 960 1286 1104 1341; x_wconf 86' lang='lat' dir='ltr'><strong><em>enim</em></strong></span> <span class='ocrx_word' id='word_1_92' title='bbox 1160 1286 1359 1356; x_wconf 86' lang='lat' dir='ltr'><strong><em>potuit,</em></strong></span> <span class='ocrx_word' id='word_1_93' title='bbox 1413 1285 1466 1340; x_wconf 91' lang='lat' dir='ltr'><strong><em>in</em></strong></span> <span class='ocrx_word' id='word_1_94' title='bbox 1517 1292 1595 1338; x_wconf 88' lang='lat' dir='ltr'><strong><em>tot</em></strong></span> <span class='ocrx_word' id='word_1_95' title='bbox 1634 1284 1979 1339; x_wconf 84' lang='lat' dir='ltr'><strong><em>sacerdotum</em></strong></span> 
     </span>
    </p>
   </div>
   <div class='ocr_carea' id='block_1_15' title="bbox 414 1376 1983 1450">
    <p class='ocr_par' dir='ltr' id='par_1_15' title="bbox 414 1376 1983 1450">
     <span class='ocr_line' id='line_1_15' title="bbox 414 1376 1983 1450; baseline -0.002 -17"><span class='ocrx_word' id='word_1_96' title='bbox 414 1381 748 1445; x_wconf 81' lang='lat' dir='ltr'><strong><em>calamitate,</em></strong></span> <span class='ocrx_word' id='word_1_97' title='bbox 791 1380 1007 1435; x_wconf 88' lang='lat' dir='ltr'><strong><em>cantica</em></strong></span> <span class='ocrx_word' id='word_1_98' title='bbox 1056 1384 1152 1432; x_wconf 88' lang='lat' dir='ltr'><strong><em>aut</em></strong></span> <span class='ocrx_word' id='word_1_99' title='bbox 1197 1379 1439 1450; x_wconf 88' lang='lat' dir='ltr'><strong><em>psalmos</em></strong></span> <span class='ocrx_word' id='word_1_100' title='bbox 1486 1394 1583 1448; x_wconf 89' lang='lat' dir='ltr'><strong><em>pro</em></strong></span> <span class='ocrx_word' id='word_1_101' title='bbox 1626 1378 1695 1432; x_wconf 88' lang='lat' dir='ltr'><strong><em>iis</em></strong></span> <span class='ocrx_word' id='word_1_102' title='bbox 1737 1376 1983 1433; x_wconf 83' lang='lat' dir='ltr'><strong><em>canere?</em></strong></span> 
     </span>
    </p>
   </div>
   <div class='ocr_carea' id='block_1_16' title="bbox 411 1466 1980 1540">
    <p class='ocr_par' dir='ltr' id='par_1_16' title="bbox 411 1466 1980 1540">
     <span class='ocr_line' id='line_1_16' title="bbox 411 1466 1980 1540; baseline -0.001 -18"><span class='ocrx_word' id='word_1_103' title='bbox 411 1468 593 1535; x_wconf 83' lang='lat' dir='ltr'><strong><em>Quare</em></strong></span> <span class='ocrx_word' id='word_1_104' title='bbox 614 1472 795 1525; x_wconf 86' lang='lat' dir='ltr'><strong><em>nullus</em></strong></span> <span class='ocrx_word' id='word_1_105' title='bbox 820 1470 1132 1540; x_wconf 86' lang='lat' dir='ltr'><strong><em>hujusmodi</em></strong></span> <span class='ocrx_word' id='word_1_106' title='bbox 1168 1470 1359 1524; x_wconf 87' lang='lat' dir='ltr'><strong><em>titulus</em></strong></span> <span class='ocrx_word' id='word_1_107' title='bbox 1384 1469 1699 1539; x_wconf 68' lang='lat' dir='ltr'><strong><em>praemissus</em></strong></span> <span class='ocrx_word' id='word_1_108' title='bbox 1728 1475 1846 1533; x_wconf 88' lang='lat' dir='ltr'><strong><em>est,</em></strong></span> <span class='ocrx_word' id='word_1_109' title='bbox 1884 1466 1980 1523; x_wconf 89' lang='lat' dir='ltr'><strong><em>sed</em></strong></span> 
     </span>
    </p>
   </div>
   <div class='ocr_carea' id='block_1_17' title="bbox 413 1560 1979 1630">
    <p class='ocr_par' dir='ltr' id='par_1_17' title="bbox 413 1560 1979 1630">
     <span class='ocr_line' id='line_1_17' title="bbox 413 1560 1979 1630; baseline -0.001 -16"><span class='ocrx_word' id='word_1_110' title='bbox 413 1560 589 1614; x_wconf 85' lang='lat' dir='ltr'><strong><em>solum</em></strong></span> <span class='ocrx_word' id='word_1_111' title='bbox 624 1560 676 1614; x_wconf 92' lang='lat' dir='ltr'><strong><em>in</em></strong></span> <span class='ocrx_word' id='word_1_112' title='bbox 703 1562 860 1630; x_wconf 80' lang='lat' dir='ltr'><strong><em>ﬁnem</em></strong></span> <span class='ocrx_word' id='word_1_113' title='bbox 885 1562 1105 1626; x_wconf 88' lang='lat' dir='ltr'><strong><em>dicitur,</em></strong></span> <span class='ocrx_word' id='word_1_114' title='bbox 1131 1568 1184 1616; x_wconf 89' lang='lat' dir='ltr'><strong><em>et</em></strong></span> <span class='ocrx_word' id='word_1_115' title='bbox 1205 1560 1524 1623; x_wconf 78' lang='lat' dir='ltr'><strong><em>intellectus,</em></strong></span> <span class='ocrx_word' id='word_1_116' title='bbox 1554 1561 1682 1630; x_wconf 87' lang='lat' dir='ltr'><strong><em>quia</em></strong></span> <span class='ocrx_word' id='word_1_117' title='bbox 1719 1575 1841 1629; x_wconf 73' lang='lat' dir='ltr'><strong><em>quae</em></strong></span> <span class='ocrx_word' id='word_1_118' title='bbox 1871 1560 1979 1614; x_wconf 88' lang='lat' dir='ltr'><strong><em>sub</em></strong></span> 
     </span>
    </p>
   </div>
   <div class='ocr_carea' id='block_1_18' title="bbox 413 1649 1978 1721">
    <p class='ocr_par' dir='ltr' id='par_1_18' title="bbox 413 1649 1978 1721">
     <span class='ocr_line' id='line_1_18' title="bbox 413 1649 1978 1721; baseline 0.001 -17"><span class='ocrx_word' id='word_1_119' title='bbox 413 1651 576 1708; x_wconf 84' lang='lat' dir='ltr'><strong><em>finem</em></strong></span> <span class='ocrx_word' id='word_1_120' title='bbox 606 1653 877 1708; x_wconf 84' lang='lat' dir='ltr'><strong><em>habentur</em></strong></span> <span class='ocrx_word' id='word_1_121' title='bbox 921 1653 1062 1708; x_wconf 87' lang='lat' dir='ltr'><strong><em>bona</em></strong></span> <span class='ocrx_word' id='word_1_122' title='bbox 1107 1654 1444 1715; x_wconf 82' lang='lat' dir='ltr'><strong><em>renuntiant,</em></strong></span> <span class='ocrx_word' id='word_1_123' title='bbox 1474 1653 1560 1707; x_wconf 88' lang='lat' dir='ltr'><strong><em>ubi</em></strong></span> <span class='ocrx_word' id='word_1_124' title='bbox 1601 1652 1828 1709; x_wconf 69' lang='lat' dir='ltr'><strong><em>dicitur:</em></strong></span> <span class='ocrx_word' id='word_1_125' title='bbox 1866 1649 1978 1721; x_wconf 78' lang='lat' dir='ltr'><strong><em>Ego</em></strong></span> 
     </span>
    </p>
   </div>
   <div class='ocr_carea' id='block_1_19' title="bbox 410 1743 1978 1816">
    <p class='ocr_par' dir='ltr' id='par_1_19' title="bbox 410 1743 1978 1816">
     <span class='ocr_line' id='line_1_19' title="bbox 410 1743 1978 1816; baseline -0.001 -18"><span class='ocrx_word' id='word_1_126' title='bbox 410 1754 589 1800; x_wconf 81' lang='lat' dir='ltr'><strong><em>autem</em></strong></span> <span class='ocrx_word' id='word_1_127' title='bbox 620 1746 756 1800; x_wconf 87' lang='lat' dir='ltr'><strong><em>sicut</em></strong></span> <span class='ocrx_word' id='word_1_128' title='bbox 812 1746 950 1801; x_wconf 91' lang='lat' dir='ltr'><strong><em>oliva</em></strong></span> <span class='ocrx_word' id='word_1_129' title='bbox 991 1746 1292 1816; x_wconf 76' lang='lat' dir='ltr'><strong><em>fructifera,</em></strong></span> <span class='ocrx_word' id='word_1_130' title='bbox 1325 1755 1379 1800; x_wconf 87' lang='lat' dir='ltr'><strong><em>et</em></strong></span> <span class='ocrx_word' id='word_1_131' title='bbox 1430 1754 1646 1800; x_wconf 66' lang='lat' dir='ltr'><strong><em>caetera.</em></strong></span> <span class='ocrx_word' id='word_1_132' title='bbox 1696 1743 1978 1800; x_wconf 75' lang='lat' dir='ltr'><strong><em>Intellecta</em></strong></span> 
     </span>
    </p>
   </div>
   <div class='ocr_carea' id='block_1_20' title="bbox 2080 549 3642 616">
    <p class='ocr_par' dir='ltr' id='par_1_20' title="bbox 2080 549 3642 616">
     <span class='ocr_line' id='line_1_20' title="bbox 2080 549 3642 616; baseline 0.001 -12"><span class='ocrx_word' id='word_1_133' title='bbox 2080 568 2187 605; x_wconf 78' lang='grc' dir='ltr'><strong><em>κεν</em></strong></span> <span class='ocrx_word' id='word_1_134' title='bbox 2212 550 2502 616; x_wconf 77' lang='grc' dir='ltr'>αὑτῷ.Καὶ</span> <span class='ocrx_word' id='word_1_135' title='bbox 2529 549 2881 604; x_wconf 77' lang='grc' dir='ltr'>ἀπέστειλεν</span> <span class='ocrx_word' id='word_1_136' title='bbox 2903 552 2936 602; x_wconf 83' lang='grc' dir='ltr'><strong><em>ό</em></strong></span> <span class='ocrx_word' id='word_1_137' title='bbox 2955 549 3251 615; x_wconf 75' lang='grc' dir='ltr'>,βασιλεὺς</span> <span class='ocrx_word' id='word_1_138' title='bbox 3275 549 3522 603; x_wconf 67' lang='grc' dir='ltr'>καλέσαι</span> <span class='ocrx_word' id='word_1_139' title='bbox 3546 551 3642 606; x_wconf 67' lang='grc' dir='ltr'>τὸν</span> 
     </span>
    </p>
   </div>
   <div class='ocr_carea' id='block_1_21' title="bbox 2095 639 3640 710">
    <p class='ocr_par' dir='ltr' id='par_1_21' title="bbox 2095 639 3640 710">
     <span class='ocr_line' id='line_1_21' title="bbox 2095 639 3640 710; baseline 0.001 -16"><span class='ocrx_word' id='word_1_140' title='bbox 2095 641 2387 710; x_wconf 76' lang='grc' dir='ltr'>Ἆϐιμέλεχ</span> <span class='ocrx_word' id='word_1_141' title='bbox 2415 640 2522 694; x_wconf 80' lang='grc' dir='ltr'>τὸν</span> <span class='ocrx_word' id='word_1_142' title='bbox 2559 640 2734 707; x_wconf 75' lang='grc' dir='ltr'>ἱερέα,</span> <span class='ocrx_word' id='word_1_143' title='bbox 2780 639 2878 693; x_wconf 79' lang='grc' dir='ltr'>καὶ</span> <span class='ocrx_word' id='word_1_144' title='bbox 2924 639 3153 705; x_wconf 80' lang='grc' dir='ltr'><em>πάντας</em></span> <span class='ocrx_word' id='word_1_145' title='bbox 3183 639 3323 706; x_wconf 81' lang='grc' dir='ltr'>τοὺς</span> <span class='ocrx_word' id='word_1_146' title='bbox 3351 640 3518 706; x_wconf 75' lang='grc' dir='ltr'>υἱοὺς</span> <span class='ocrx_word' id='word_1_147' title='bbox 3548 642 3640 697; x_wconf 78' lang='grc' dir='ltr'>τοῦ</span> 
     </span>
    </p>
   </div>
   <div class='ocr_carea' id='block_1_22' title="bbox 2080 728 3641 798">
    <p class='ocr_par' dir='ltr' id='par_1_22' title="bbox 2080 728 3641 798">
     <span class='ocr_line' id='line_1_22' title="bbox 2080 728 3641 798; baseline 0.001 -14"><span class='ocrx_word' id='word_1_148' title='bbox 2080 730 2303 798; x_wconf 79' lang='grc' dir='ltr'>πατρὸς</span> <span class='ocrx_word' id='word_1_149' title='bbox 2352 729 2537 783; x_wconf 81' lang='grc' dir='ltr'>αὐτοῦ</span> <span class='ocrx_word' id='word_1_150' title='bbox 2595 729 2735 794; x_wconf 76' lang='grc' dir='ltr'>τοὺς</span> <span class='ocrx_word' id='word_1_151' title='bbox 2780 728 2957 796; x_wconf 69' lang='grc' dir='ltr'>ἱερεῖς</span> <span class='ocrx_word' id='word_1_152' title='bbox 3006 729 3112 783; x_wconf 81' lang='grc' dir='ltr'>τοῦ</span> <span class='ocrx_word' id='word_1_153' title='bbox 3155 731 3372 798; x_wconf 69' lang='grc' dir='ltr'>Κιιρίου</span> <span class='ocrx_word' id='word_1_154' title='bbox 3410 730 3641 795; x_wconf 61' lang='lat' dir='ltr'><strong><em>adicer</em></strong></span> 
     </span>
    </p>
   </div>
   <div class='ocr_carea' id='block_1_23' title="bbox 2079 819 3639 898">
    <p class='ocr_par' dir='ltr' id='par_1_23' title="bbox 2079 819 3639 898">
     <span class='ocr_line' id='line_1_23' title="bbox 2079 819 3639 898; baseline -0.001 -22"><span class='ocrx_word' id='word_1_155' title='bbox 2079 824 2306 887; x_wconf 75' lang='grc' dir='ltr'><strong><em>Ναϐὰν,</em></strong></span> <span class='ocrx_word' id='word_1_156' title='bbox 2336 821 2431 875; x_wconf 74' lang='grc' dir='ltr'>καὶ</span> <span class='ocrx_word' id='word_1_157' title='bbox 2474 821 2868 891; x_wconf 71' lang='grc' dir='ltr'><strong><em>παρεγένοντο</em></strong></span> <span class='ocrx_word' id='word_1_158' title='bbox 2900 819 3118 887; x_wconf 82' lang='grc' dir='ltr'>πάντες</span> <span class='ocrx_word' id='word_1_159' title='bbox 3164 821 3313 898; x_wconf 78' lang='grc' dir='ltr'>πρὸς</span> <span class='ocrx_word' id='word_1_160' title='bbox 3344 821 3451 874; x_wconf 75' lang='grc' dir='ltr'>τὸν</span> <span class='ocrx_word' id='word_1_161' title='bbox 3473 821 3639 885; x_wconf 83' lang='grc' dir='ltr'>,ϐασι-</span> 
     </span>
    </p>
   </div>
   <div class='ocr_carea' id='block_1_24' title="bbox 2078 910 3641 979">
    <p class='ocr_par' dir='ltr' id='par_1_24' title="bbox 2078 910 3641 979">
     <span class='ocr_line' id='line_1_24' title="bbox 2078 910 3641 979; baseline -0.001 -11"><span class='ocrx_word' id='word_1_162' title='bbox 2078 913 2209 969; x_wconf 80' lang='grc' dir='ltr'><strong><em>λέα·</em></strong></span> <span class='ocrx_word' id='word_1_163' title='bbox 2244 913 2372 967; x_wconf 86' lang='grc' dir='ltr'><strong>Ὅτε</strong></span> <span class='ocrx_word' id='word_1_164' title='bbox 2393 911 2746 976; x_wconf 83' lang='grc' dir='ltr'>κελεύσαντος</span> <span class='ocrx_word' id='word_1_165' title='bbox 2789 910 2882 977; x_wconf 73' lang='grc' dir='ltr'>τοῦ</span> <span class='ocrx_word' id='word_1_166' title='bbox 2922 911 3123 979; x_wconf 83' lang='grc' dir='ltr'>Σαοὺλ,</span> <span class='ocrx_word' id='word_1_167' title='bbox 3172 913 3335 976; x_wconf 79' lang='grc' dir='ltr'>αὺτδς</span> <span class='ocrx_word' id='word_1_168' title='bbox 3379 914 3576 977; x_wconf 77' lang='grc' dir='ltr'>ἐκεῖνος</span> <span class='ocrx_word' id='word_1_169' title='bbox 3615 916 3641 968; x_wconf 79' lang='grc' dir='ltr'><strong>ὁ</strong></span> 
     </span>
    </p>
   </div>
   <div class='ocr_carea' id='block_1_25' title="bbox 2079 1005 3631 1079">
    <p class='ocr_par' dir='ltr' id='par_1_25' title="bbox 2079 1005 3631 1079">
     <span class='ocr_line' id='line_1_25' title="bbox 2079 1005 3631 1079; baseline 0 -19"><span class='ocrx_word' id='word_1_170' title='bbox 2079 1007 2235 1079; x_wconf 80' lang='grc' dir='ltr'>Δωὴκ</span> <span class='ocrx_word' id='word_1_171' title='bbox 2257 1048 2272 1073; x_wconf 94' lang='grc'><strong><em>,</em></strong></span> <span class='ocrx_word' id='word_1_172' title='bbox 2314 1006 2618 1061; x_wconf 76' lang='grc' dir='ltr'><strong><em>ἐθανάτωσε</em></strong></span> <span class='ocrx_word' id='word_1_173' title='bbox 2665 1007 2792 1070; x_wconf 78' lang='grc' dir='ltr'>τοὺς</span> <span class='ocrx_word' id='word_1_174' title='bbox 2840 1006 3004 1078; x_wconf 78' lang='grc' dir='ltr'><strong><em>ἱερεῖς</em></strong></span> <span class='ocrx_word' id='word_1_175' title='bbox 3040 1005 3131 1060; x_wconf 76' lang='grc' dir='ltr'>τοῦ</span> <span class='ocrx_word' id='word_1_176' title='bbox 3167 1005 3373 1078; x_wconf 85' lang='grc' dir='ltr'>Κυρίου</span> <span class='ocrx_word' id='word_1_177' title='bbox 3403 1013 3450 1059; x_wconf 84' lang='grc' dir='ltr'>τ’</span> <span class='ocrx_word' id='word_1_178' title='bbox 3487 1007 3577 1060; x_wconf 81' lang='grc' dir='ltr'><strong><em>καί</em></strong></span> <span class='ocrx_word' id='word_1_179' title='bbox 3603 1025 3631 1060; x_wconf 86' lang='grc' dir='ltr'><strong><em>ε</em></strong></span> 
     </span>
    </p>
   </div>
   <div class='ocr_carea' id='block_1_26' title="bbox 2079 1096 3641 1169">
    <p class='ocr_par' dir='ltr' id='par_1_26' title="bbox 2079 1096 3641 1169">
     <span class='ocr_line' id='line_1_26' title="bbox 2079 1096 3641 1169; baseline -0.001 -17"><span class='ocrx_word' id='word_1_180' title='bbox 2079 1097 2301 1168; x_wconf 71' lang='grc' dir='ltr'>ἄνδρας</span> <span class='ocrx_word' id='word_1_181' title='bbox 2347 1099 2641 1169; x_wconf 68' lang='grc' dir='ltr'>φέροντας</span> <span class='ocrx_word' id='word_1_182' title='bbox 2689 1098 2896 1167; x_wconf 68' lang='grc' dir='ltr'>ἐφοὺδ,</span> <span class='ocrx_word' id='word_1_183' title='bbox 2946 1098 3044 1153; x_wconf 74' lang='grc' dir='ltr'>καὶ</span> <span class='ocrx_word' id='word_1_184' title='bbox 3086 1096 3201 1167; x_wconf 81' lang='grc' dir='ltr'>τὴν</span> <span class='ocrx_word' id='word_1_185' title='bbox 3230 1097 3429 1152; x_wconf 76' lang='grc' dir='ltr'>Νοϐὰν</span> <span class='ocrx_word' id='word_1_186' title='bbox 3479 1100 3641 1153; x_wconf 77' lang='grc' dir='ltr'>πόλιν</span> 
     </span>
    </p>
   </div>
   <div class='ocr_carea' id='block_1_27' title="bbox 2079 1189 3637 1261">
    <p class='ocr_par' dir='ltr' id='par_1_27' title="bbox 2079 1189 3637 1261">
     <span class='ocr_line' id='line_1_27' title="bbox 2079 1189 3637 1261; baseline 0.001 -17"><span class='ocrx_word' id='word_1_187' title='bbox 2079 1189 2199 1244; x_wconf 74' lang='grc' dir='ltr'>τῶν</span> <span class='ocrx_word' id='word_1_188' title='bbox 2241 1190 2441 1259; x_wconf 73' lang='grc' dir='ltr'>ἱερέων·</span> <span class='ocrx_word' id='word_1_189' title='bbox 2467 1189 2763 1255; x_wconf 81' lang='grc' dir='ltr'><strong><em>ἐπάταξεν</em></strong></span> <span class='ocrx_word' id='word_1_190' title='bbox 2803 1191 2874 1245; x_wconf 79' lang='grc' dir='ltr'><strong><em>ἐν</em></strong></span> <span class='ocrx_word' id='word_1_191' title='bbox 2920 1193 3169 1261; x_wconf 86' lang='grc' dir='ltr'>στόματι</span> <span class='ocrx_word' id='word_1_192' title='bbox 3201 1191 3500 1260; x_wconf 71' lang='grc' dir='ltr'>ῥομφαίας</span> <span class='ocrx_word' id='word_1_193' title='bbox 3533 1192 3637 1245; x_wconf 80' lang='grc' dir='ltr'><strong><em>ἀπὸ</em></strong></span> 
     </span>
    </p>
   </div>
   <div class='ocr_carea' id='block_1_28' title="bbox 2079 1281 3637 1354">
    <p class='ocr_par' dir='ltr' id='par_1_28' title="bbox 2079 1281 3637 1354">
     <span class='ocr_line' id='line_1_28' title="bbox 2079 1281 3637 1354; baseline 0 -17"><span class='ocrx_word' id='word_1_194' title='bbox 2079 1281 2297 1351; x_wconf 83' lang='grc' dir='ltr'>ἀνδρὸς</span> <span class='ocrx_word' id='word_1_195' title='bbox 2334 1282 2445 1349; x_wconf 79' lang='grc' dir='ltr'>ἕως</span> <span class='ocrx_word' id='word_1_196' title='bbox 2485 1283 2786 1354; x_wconf 72' lang='grc' dir='ltr'>γυναικὸς,</span> <span class='ocrx_word' id='word_1_197' title='bbox 2816 1283 2933 1338; x_wconf 82' lang='grc' dir='ltr'><strong><em>ἀπὸ</em></strong></span> <span class='ocrx_word' id='word_1_198' title='bbox 2968 1284 3189 1351; x_wconf 81' lang='grc' dir='ltr'><em>νηπίου</em></span> <span class='ocrx_word' id='word_1_199' title='bbox 3220 1282 3332 1349; x_wconf 79' lang='grc' dir='ltr'>ἕως</span> <span class='ocrx_word' id='word_1_200' title='bbox 3370 1282 3637 1352; x_wconf 73' lang='grc' dir='ltr'><strong><em>θηλάζον-</em></strong></span> 
     </span>
    </p>
   </div>
   <div class='ocr_carea' id='block_1_29' title="bbox 2079 1369 3639 1445">
    <p class='ocr_par' dir='ltr' id='par_1_29' title="bbox 2079 1369 3639 1445">
     <span class='ocr_line' id='line_1_29' title="bbox 2079 1369 3639 1445; baseline -0.001 -17"><span class='ocrx_word' id='word_1_201' title='bbox 2079 1391 2202 1441; x_wconf 81' lang='grc' dir='ltr'>τος,</span> <span class='ocrx_word' id='word_1_202' title='bbox 2228 1374 2326 1440; x_wconf 77' lang='grc' dir='ltr'>καὶ</span> <span class='ocrx_word' id='word_1_203' title='bbox 2347 1376 2582 1445; x_wconf 80' lang='grc' dir='ltr'><strong><em>μόσχου</em></strong></span> <span class='ocrx_word' id='word_1_204' title='bbox 2608 1375 2705 1429; x_wconf 74' lang='grc' dir='ltr'><strong><em>καί</em></strong></span> <span class='ocrx_word' id='word_1_205' title='bbox 2733 1375 2878 1429; x_wconf 80' lang='grc' dir='ltr'><strong><em>ὄνου</em></strong></span> <span class='ocrx_word' id='word_1_206' title='bbox 2902 1375 2998 1429; x_wconf 79' lang='grc' dir='ltr'>καὶ</span> <span class='ocrx_word' id='word_1_207' title='bbox 3024 1373 3341 1442; x_wconf 77' lang='grc' dir='ltr'>προϐάτου.</span> <span class='ocrx_word' id='word_1_208' title='bbox 3371 1374 3533 1428; x_wconf 78' lang='grc' dir='ltr'>Ταῦτ’</span> <span class='ocrx_word' id='word_1_209' title='bbox 3557 1369 3639 1428; x_wconf 79' lang='grc' dir='ltr'>οὖν</span> 
     </span>
    </p>
   </div>
   <div class='ocr_carea' id='block_1_30' title="bbox 2084 1465 3639 1539">
    <p class='ocr_par' dir='ltr' id='par_1_30' title="bbox 2084 1465 3639 1539">
     <span class='ocr_line' id='line_1_30' title="bbox 2084 1465 3639 1539; baseline 0.001 -19"><span class='ocrx_word' id='word_1_210' title='bbox 2084 1465 2268 1538; x_wconf 82' lang='grc' dir='ltr'>μαθὼν</span> <span class='ocrx_word' id='word_1_211' title='bbox 2307 1466 2467 1521; x_wconf 85' lang='grc' dir='ltr'>Δαυῒδ</span> <span class='ocrx_word' id='word_1_212' title='bbox 2506 1466 2693 1521; x_wconf 84' lang='grc' dir='ltr'>τοῦτον</span> <span class='ocrx_word' id='word_1_213' title='bbox 2739 1468 3106 1539; x_wconf 81' lang='grc' dir='ltr'>πεπραγμένα</span> <span class='ocrx_word' id='word_1_214' title='bbox 3158 1467 3250 1520; x_wconf 83' lang='grc' dir='ltr'><strong><em>τὸν</em></strong></span> <span class='ocrx_word' id='word_1_215' title='bbox 3285 1466 3505 1538; x_wconf 83' lang='grc' dir='ltr'><strong><em>τρόπον,</em></strong></span> <span class='ocrx_word' id='word_1_216' title='bbox 3528 1468 3639 1531; x_wconf 81' lang='grc' dir='ltr'>τοὺς</span> 
     </span>
    </p>
   </div>
   <div class='ocr_carea' id='block_1_31' title="bbox 2080 1557 3639 1631">
    <p class='ocr_par' dir='ltr' id='par_1_31' title="bbox 2080 1557 3639 1631">
     <span class='ocr_line' id='line_1_31' title="bbox 2080 1557 3639 1631; baseline 0.002 -21"><span class='ocrx_word' id='word_1_217' title='bbox 2080 1559 2495 1630; x_wconf 67' lang='grc' dir='ltr'>προκειμένους</span> <span class='ocrx_word' id='word_1_218' title='bbox 2518 1559 2881 1630; x_wconf 80' lang='grc' dir='ltr'><strong><em>προσφέρεται</em></strong></span> <span class='ocrx_word' id='word_1_219' title='bbox 2929 1560 3138 1629; x_wconf 77' lang='grc' dir='ltr'>λόγους,</span> <span class='ocrx_word' id='word_1_220' title='bbox 3162 1557 3284 1611; x_wconf 75' lang='grc' dir='ltr'>οὗτε</span> <span class='ocrx_word' id='word_1_221' title='bbox 3324 1558 3470 1631; x_wconf 79' lang='grc' dir='ltr'>ᾠδὴν</span> <span class='ocrx_word' id='word_1_222' title='bbox 3502 1575 3639 1631; x_wconf 69' lang='grc' dir='ltr'>περιν-</span> 
     </span>
    </p>
   </div>
   <div class='ocr_carea' id='block_1_32' title="bbox 2081 1647 3639 1721">
    <p class='ocr_par' dir='ltr' id='par_1_32' title="bbox 2081 1647 3639 1721">
     <span class='ocr_line' id='line_1_32' title="bbox 2081 1647 3639 1721; baseline 0.001 -21"><span class='ocrx_word' id='word_1_223' title='bbox 2081 1647 2323 1719; x_wconf 71' lang='grc' dir='ltr'>ἔχοντας,</span> <span class='ocrx_word' id='word_1_224' title='bbox 2355 1649 2476 1703; x_wconf 77' lang='grc' dir='ltr'>οὔτε</span> <span class='ocrx_word' id='word_1_225' title='bbox 2512 1649 2698 1721; x_wconf 71' lang='grc' dir='ltr'>ὕμνον,</span> <span class='ocrx_word' id='word_1_226' title='bbox 2741 1647 2864 1703; x_wconf 74' lang='grc' dir='ltr'>οὔτε</span> <span class='ocrx_word' id='word_1_227' title='bbox 2906 1649 3036 1703; x_wconf 75' lang='grc' dir='ltr'>ἄλλο</span> <span class='ocrx_word' id='word_1_228' title='bbox 3074 1647 3331 1702; x_wconf 76' lang='grc' dir='ltr'>τοιοῦτον.</span> <span class='ocrx_word' id='word_1_229' title='bbox 3381 1649 3508 1714; x_wconf 82' lang='grc' dir='ltr'><strong><em>Πῶς</em></strong></span> <span class='ocrx_word' id='word_1_230' title='bbox 3545 1648 3639 1719; x_wconf 77' lang='grc' dir='ltr'>γὰρ</span> 
     </span>
    </p>
   </div>
   <div class='ocr_carea' id='block_1_33' title="bbox 2081 1737 3639 1815">
    <p class='ocr_par' dir='ltr' id='par_1_33' title="bbox 2081 1737 3639 1815">
     <span class='ocr_line' id='line_1_33' title="bbox 2081 1737 3639 1815; baseline 0.001 -20"><span class='ocrx_word' id='word_1_231' title='bbox 2081 1742 2176 1796; x_wconf 81' lang='grc' dir='ltr'><strong><em>καὶ</em></strong></span> <span class='ocrx_word' id='word_1_232' title='bbox 2213 1738 2322 1795; x_wconf 78' lang='grc' dir='ltr'>οἷόν</span> <span class='ocrx_word' id='word_1_233' title='bbox 2360 1760 2420 1796; x_wconf 91' lang='grc' dir='ltr'><strong><em>τε</em></strong></span> <span class='ocrx_word' id='word_1_234' title='bbox 2451 1737 2517 1815; x_wconf 79' lang='grc' dir='ltr'>ἦν</span> <span class='ocrx_word' id='word_1_235' title='bbox 2550 1743 2644 1797; x_wconf 74' lang='grc' dir='ltr'><strong><em>ἐπὶ</em></strong></span> <span class='ocrx_word' id='word_1_236' title='bbox 2680 1744 2935 1815; x_wconf 80' lang='grc' dir='ltr'>συμφορᾷ</span> <span class='ocrx_word' id='word_1_237' title='bbox 2971 1741 3238 1796; x_wconf 76' lang='grc' dir='ltr'><strong><em>τοσούτων</em></strong></span> <span class='ocrx_word' id='word_1_238' title='bbox 3271 1741 3485 1814; x_wconf 82' lang='grc' dir='ltr'>ἱερέων,</span> <span class='ocrx_word' id='word_1_239' title='bbox 3514 1742 3639 1814; x_wconf 73' lang='grc' dir='ltr'>ᾠδὰς</span> 
     </span>
    </p>
   </div>
   <div class='ocr_carea' id='block_1_34' title="bbox 412 1823 1970 1909">
    <p class='ocr_par' dir='ltr' id='par_1_34' title="bbox 412 1823 1970 1909">
     <span class='ocr_line' id='line_1_34' title="bbox 412 1823 1970 1909; baseline -0.001 -20"><span class='ocrx_word' id='word_1_240' title='bbox 412 1844 594 1891; x_wconf 89' lang='lat' dir='ltr'><strong><em>autem</em></strong></span> <span class='ocrx_word' id='word_1_241' title='bbox 625 1852 693 1892; x_wconf 79' lang='lat' dir='ltr'><strong><em>ex</em></strong></span> <span class='ocrx_word' id='word_1_242' title='bbox 726 1836 835 1891; x_wconf 83' lang='lat' dir='ltr'><strong><em>Deo</em></strong></span> <span class='ocrx_word' id='word_1_243' title='bbox 863 1846 983 1909; x_wconf 80' lang='lat' dir='ltr'><strong><em>eget</em></strong></span> <span class='ocrx_word' id='word_1_244' title='bbox 1006 1837 1355 1907; x_wconf 68' lang='lat' dir='ltr'><strong><em>praesentium</em></strong></span> <span class='ocrx_word' id='word_1_245' title='bbox 1400 1823 1711 1892; x_wconf 87' lang='lat' dir='ltr'><strong><em>sermonum</em></strong></span> <span class='ocrx_word' id='word_1_246' title='bbox 1759 1842 1970 1891; x_wconf 87' lang='lat' dir='ltr'><strong><em>senten-</em></strong></span> 
     </span>
    </p>
   </div>
   <div class='ocr_carea' id='block_1_35' title="bbox 2077 1823 3639 1909">
    <p class='ocr_par' dir='ltr' id='par_1_35' title="bbox 2079 1832 3639 1908">
     <span class='ocr_line' id='line_1_35' title="bbox 2079 1832 3639 1908; baseline -0.001 -19"><span class='ocrx_word' id='word_1_247' title='bbox 2079 1835 2257 1889; x_wconf 81' lang='grc' dir='ltr'>αὐτῶν</span> <span class='ocrx_word' id='word_1_248' title='bbox 2296 1836 2390 1889; x_wconf 75' lang='grc' dir='ltr'>καὶ</span> <span class='ocrx_word' id='word_1_249' title='bbox 2424 1835 2670 1908; x_wconf 77' lang='grc' dir='ltr'><strong><em>ψαλμοὺς</em></strong></span> <span class='ocrx_word' id='word_1_250' title='bbox 2710 1835 2888 1908; x_wconf 78' lang='grc' dir='ltr'>ᾄδειν;</span> <span class='ocrx_word' id='word_1_251' title='bbox 2934 1835 3013 1888; x_wconf 81' lang='grc' dir='ltr'><strong><em>διὸ</em></strong></span> <span class='ocrx_word' id='word_1_252' title='bbox 3062 1834 3215 1888; x_wconf 79' lang='grc' dir='ltr'>οὐδὲν</span> <span class='ocrx_word' id='word_1_253' title='bbox 3253 1832 3495 1888; x_wconf 81' lang='grc' dir='ltr'>τοιοῦτον</span> <span class='ocrx_word' id='word_1_254' title='bbox 3537 1836 3639 1887; x_wconf 81' lang='grc' dir='ltr'>ὲπι-</span> 
     </span>
    </p>
   </div>
   <div class='ocr_carea' id='block_1_36' title="bbox 411 1925 1977 1998">
    <p class='ocr_par' dir='ltr' id='par_1_36' title="bbox 411 1925 1977 1998">
     <span class='ocr_line' id='line_1_36' title="bbox 411 1925 1977 1998; baseline 0 -19"><span class='ocrx_word' id='word_1_255' title='bbox 411 1925 507 1979; x_wconf 83' lang='lat' dir='ltr'><strong><em>tia.</em></strong></span> <span class='ocrx_word' id='word_1_256' title='bbox 561 1925 697 1980; x_wconf 83' lang='lat' dir='ltr'><strong><em>Cum</em></strong></span> <span class='ocrx_word' id='word_1_257' title='bbox 730 1927 912 1998; x_wconf 84' lang='lat' dir='ltr'><strong><em>itaque</em></strong></span> <span class='ocrx_word' id='word_1_258' title='bbox 935 1926 1076 1997; x_wconf 89' lang='lat' dir='ltr'><strong><em>apud</em></strong></span> <span class='ocrx_word' id='word_1_259' title='bbox 1111 1926 1426 1982; x_wconf 86' lang='lat' dir='ltr'><strong><em>Abimelech</em></strong></span> <span class='ocrx_word' id='word_1_260' title='bbox 1458 1926 1849 1982; x_wconf 83' lang='lat' dir='ltr'><strong><em>sacerdotalem</em></strong></span> <span class='ocrx_word' id='word_1_261' title='bbox 1879 1941 1977 1996; x_wconf 78' lang='lat' dir='ltr'><strong><em>gu-</em></strong></span> 
     </span>
    </p>
   </div>
   <div class='ocr_carea' id='block_1_37' title="bbox 412 2018 1977 2085">
    <p class='ocr_par' dir='ltr' id='par_1_37' title="bbox 412 2018 1977 2085">
     <span class='ocr_line' id='line_1_37' title="bbox 412 2018 1977 2085; baseline 0 -13"><span class='ocrx_word' id='word_1_262' title='bbox 412 2018 578 2072; x_wconf 86' lang='lat' dir='ltr'><strong><em>stavit</em></strong></span> <span class='ocrx_word' id='word_1_263' title='bbox 620 2018 825 2082; x_wconf 89' lang='lat' dir='ltr'><strong><em>cibum,</em></strong></span> <span class='ocrx_word' id='word_1_264' title='bbox 881 2026 1091 2073; x_wconf 89' lang='lat' dir='ltr'><strong><em>mutato</em></strong></span> <span class='ocrx_word' id='word_1_265' title='bbox 1119 2026 1283 2081; x_wconf 71' lang='lat' dir='ltr'><strong><em>qustu</em></strong></span> <span class='ocrx_word' id='word_1_266' title='bbox 1335 2033 1458 2081; x_wconf 91' lang='lat' dir='ltr'><strong><em>suo,</em></strong></span> <span class='ocrx_word' id='word_1_267' title='bbox 1496 2020 1611 2073; x_wconf 83' lang='lat' dir='ltr'><strong><em>sive</em></strong></span> <span class='ocrx_word' id='word_1_268' title='bbox 1658 2034 1808 2073; x_wconf 92' lang='lat' dir='ltr'><strong><em>more</em></strong></span> <span class='ocrx_word' id='word_1_269' title='bbox 1854 2033 1977 2085; x_wconf 89' lang='lat' dir='ltr'><strong><em>suo,</em></strong></span> 
     </span>
    </p>
   </div>
   <div class='ocr_carea' id='block_1_38' title="bbox 412 2110 1983 2181">
    <p class='ocr_par' dir='ltr' id='par_1_38' title="bbox 412 2110 1983 2181">
     <span class='ocr_line' id='line_1_38' title="bbox 412 2110 1983 2181; baseline 0.001 -18"><span class='ocrx_word' id='word_1_270' title='bbox 412 2110 710 2164; x_wconf 88' lang='lat' dir='ltr'><strong><em>secundum</em></strong></span> <span class='ocrx_word' id='word_1_271' title='bbox 764 2111 1101 2181; x_wconf 88' lang='lat' dir='ltr'><strong><em>reliquorum</em></strong></span> <span class='ocrx_word' id='word_1_272' title='bbox 1170 2111 1698 2180; x_wconf 85' lang='lat' dir='ltr'><strong><em>lnterpretatiouem,</em></strong></span> <span class='ocrx_word' id='word_1_273' title='bbox 1761 2111 1983 2165; x_wconf 86' lang='lat' dir='ltr'><strong><em>benedi-</em></strong></span> 
     </span>
    </p>
   </div>
   <div class='ocr_carea' id='block_1_39' title="bbox 412 2200 1978 2272">
    <p class='ocr_par' dir='ltr' id='par_1_39' title="bbox 412 2200 1978 2272">
     <span class='ocr_line' id='line_1_39' title="bbox 412 2200 1978 2272; baseline 0.004 -21"><span class='ocrx_word' id='word_1_274' title='bbox 412 2201 621 2256; x_wconf 76' lang='lat' dir='ltr'><strong><em>ctiones</em></strong></span> <span class='ocrx_word' id='word_1_275' title='bbox 652 2208 706 2256; x_wconf 88' lang='lat' dir='ltr'><strong><em>et</em></strong></span> <span class='ocrx_word' id='word_1_276' title='bbox 737 2204 1034 2272; x_wconf 81' lang='lat' dir='ltr'><strong><em>gratiarum</em></strong></span> <span class='ocrx_word' id='word_1_277' title='bbox 1085 2203 1328 2257; x_wconf 83' lang='lat' dir='ltr'><strong><em>actiones</em></strong></span> <span class='ocrx_word' id='word_1_278' title='bbox 1374 2200 1488 2255; x_wconf 90' lang='lat' dir='ltr'><strong><em>Deo</em></strong></span> <span class='ocrx_word' id='word_1_279' title='bbox 1533 2202 1715 2256; x_wconf 89' lang='lat' dir='ltr'><strong><em>emisit</em></strong></span> <span class='ocrx_word' id='word_1_280' title='bbox 1753 2202 1978 2257; x_wconf 90' lang='lat' dir='ltr'><strong><em>dicens:</em></strong></span> 
     </span>
    </p>
   </div>
   <div class='ocr_carea' id='block_1_40' title="bbox 413 2291 1979 2363">
    <p class='ocr_par' dir='ltr' id='par_1_40' title="bbox 413 2291 1979 2363">
     <span class='ocr_line' id='line_1_40' title="bbox 413 2291 1979 2363; baseline 0.001 -17"><span class='ocrx_word' id='word_1_281' title='bbox 413 2291 730 2346; x_wconf 85' lang='lat' dir='ltr'><strong><em>Benedicam</em></strong></span> <span class='ocrx_word' id='word_1_282' title='bbox 756 2292 1042 2346; x_wconf 86' lang='lat' dir='ltr'><strong><em>Dominum</em></strong></span> <span class='ocrx_word' id='word_1_283' title='bbox 1088 2294 1141 2347; x_wconf 89' lang='lat' dir='ltr'><strong><em>in</em></strong></span> <span class='ocrx_word' id='word_1_284' title='bbox 1175 2293 1318 2347; x_wconf 86' lang='lat' dir='ltr'><strong><em>omni</em></strong></span> <span class='ocrx_word' id='word_1_285' title='bbox 1347 2303 1593 2363; x_wconf 85' lang='lat' dir='ltr'><strong><em>tempore,</em></strong></span> <span class='ocrx_word' id='word_1_286' title='bbox 1629 2310 1832 2363; x_wconf 87' lang='lat' dir='ltr'><strong><em>semper</em></strong></span> <span class='ocrx_word' id='word_1_287' title='bbox 1862 2295 1979 2348; x_wconf 80' lang='lat' dir='ltr'><strong><em>laus</em></strong></span> 
     </span>
    </p>
   </div>
   <div class='ocr_carea' id='block_1_41' title="bbox 420 2383 1983 2455">
    <p class='ocr_par' dir='ltr' id='par_1_41' title="bbox 420 2383 1983 2455">
     <span class='ocr_line' id='line_1_41' title="bbox 420 2383 1983 2455; baseline 0.004 -20"><span class='ocrx_word' id='word_1_288' title='bbox 420 2383 537 2452; x_wconf 83' lang='lat' dir='ltr'><strong><em>ejus</em></strong></span> <span class='ocrx_word' id='word_1_289' title='bbox 565 2384 620 2436; x_wconf 87' lang='lat' dir='ltr'><strong><em>in</em></strong></span> <span class='ocrx_word' id='word_1_290' title='bbox 650 2400 739 2437; x_wconf 88' lang='lat' dir='ltr'><strong><em>ore</em></strong></span> <span class='ocrx_word' id='word_1_291' title='bbox 786 2401 920 2449; x_wconf 86' lang='lat' dir='ltr'><strong><em>meo,</em></strong></span> <span class='ocrx_word' id='word_1_292' title='bbox 945 2392 998 2438; x_wconf 89' lang='lat' dir='ltr'><strong><em>et</em></strong></span> <span class='ocrx_word' id='word_1_293' title='bbox 1023 2394 1219 2438; x_wconf 65' lang='lat' dir='ltr'><strong><em>caetera</em></strong></span> <span class='ocrx_word' id='word_1_294' title='bbox 1243 2386 1309 2441; x_wconf 69' lang='grc' dir='ltr'><strong><em>θ’.</em></strong></span> <span class='ocrx_word' id='word_1_295' title='bbox 1341 2384 1496 2440; x_wconf 87' lang='lat' dir='ltr'><strong><em>Nunc</em></strong></span> <span class='ocrx_word' id='word_1_296' title='bbox 1529 2396 1732 2449; x_wconf 90' lang='lat' dir='ltr'><strong><em>autem,</em></strong></span> <span class='ocrx_word' id='word_1_297' title='bbox 1761 2386 1983 2455; x_wconf 77' lang='lat' dir='ltr'><strong><em>cognito</em></strong></span> 
     </span>
    </p>
   </div>
   <div class='ocr_carea' id='block_1_42' title="bbox 413 2474 1977 2548">
    <p class='ocr_par' dir='ltr' id='par_1_42' title="bbox 413 2474 1977 2548">
     <span class='ocr_line' id='line_1_42' title="bbox 413 2474 1977 2548; baseline 0.003 -21"><span class='ocrx_word' id='word_1_298' title='bbox 413 2474 827 2530; x_wconf 88' lang='lat' dir='ltr'><strong><em>calumniatoris</em></strong></span> <span class='ocrx_word' id='word_1_299' title='bbox 874 2476 1016 2531; x_wconf 89' lang='lat' dir='ltr'><strong><em>Doec</em></strong></span> <span class='ocrx_word' id='word_1_300' title='bbox 1066 2475 1327 2541; x_wconf 79' lang='lat' dir='ltr'><strong><em>facinore,</em></strong></span> <span class='ocrx_word' id='word_1_301' title='bbox 1376 2492 1485 2547; x_wconf 90' lang='lat' dir='ltr'><strong><em>quo</em></strong></span> <span class='ocrx_word' id='word_1_302' title='bbox 1533 2485 1692 2548; x_wconf 87' lang='lat' dir='ltr'><strong><em>pacto</em></strong></span> <span class='ocrx_word' id='word_1_303' title='bbox 1749 2478 1977 2544; x_wconf 86' lang='lat' dir='ltr'><strong><em>scilicet,</em></strong></span> 
     </span>
    </p>
   </div>
   <div class='ocr_carea' id='block_1_43' title="bbox 410 2562 1977 2636">
    <p class='ocr_par' dir='ltr' id='par_1_43' title="bbox 410 2562 1977 2636">
     <span class='ocr_line' id='line_1_43' title="bbox 410 2562 1977 2636; baseline 0.007 -21"><span class='ocrx_word' id='word_1_304' title='bbox 410 2562 687 2620; x_wconf 89' lang='lat' dir='ltr'><strong><em>diabolico</em></strong></span> <span class='ocrx_word' id='word_1_305' title='bbox 731 2581 864 2621; x_wconf 86' lang='lat' dir='ltr'><strong><em>usus</em></strong></span> <span class='ocrx_word' id='word_1_306' title='bbox 899 2567 1123 2632; x_wconf 88' lang='lat' dir='ltr'><strong><em>scelere,</em></strong></span> <span class='ocrx_word' id='word_1_307' title='bbox 1165 2575 1243 2622; x_wconf 90' lang='lat' dir='ltr'><strong><em>tot</em></strong></span> <span class='ocrx_word' id='word_1_308' title='bbox 1285 2570 1599 2624; x_wconf 84' lang='lat' dir='ltr'><strong><em>sacerdotes</em></strong></span> <span class='ocrx_word' id='word_1_309' title='bbox 1645 2569 1977 2636; x_wconf 88' lang='lat' dir='ltr'><strong><em>occidisset;</em></strong></span> 
     </span>
    </p>
   </div>
   <div class='ocr_carea' id='block_1_44' title="bbox 409 2660 1811 2733">
    <p class='ocr_par' dir='ltr' id='par_1_44' title="bbox 409 2660 1811 2733">
     <span class='ocr_line' id='line_1_44' title="bbox 409 2660 1811 2733; baseline 0.006 -25"><span class='ocrx_word' id='word_1_310' title='bbox 409 2665 707 2725; x_wconf 63' lang='lat' dir='ltr'><strong><em>praesentes</em></strong></span> <span class='ocrx_word' id='word_1_311' title='bbox 750 2675 1028 2716; x_wconf 88' lang='lat' dir='ltr'><strong><em>sermones</em></strong></span> <span class='ocrx_word' id='word_1_312' title='bbox 1063 2661 1130 2716; x_wconf 90' lang='lat' dir='ltr'><strong><em>ad</em></strong></span> <span class='ocrx_word' id='word_1_313' title='bbox 1165 2661 1340 2730; x_wconf 91' lang='lat' dir='ltr'><strong><em>ipsum</em></strong></span> <span class='ocrx_word' id='word_1_314' title='bbox 1371 2660 1555 2733; x_wconf 79' lang='lat' dir='ltr'><strong><em>dirigit</em></strong></span> <span class='ocrx_word' id='word_1_315' title='bbox 1583 2661 1811 2717; x_wconf 87' lang='lat' dir='ltr'><strong><em>dicens:</em></strong></span> 
     </span>
    </p>
   </div>
   <div class='ocr_carea' id='block_1_45' title="bbox 2074 1927 3636 2001">
    <p class='ocr_par' dir='ltr' id='par_1_45' title="bbox 2074 1927 3636 2001">
     <span class='ocr_line' id='line_1_45' title="bbox 2074 1927 3636 2001; baseline -0.001 -19"><span class='ocrx_word' id='word_1_316' title='bbox 2074 1929 2381 2001; x_wconf 80' lang='grc' dir='ltr'>γέγραπται</span> <span class='ocrx_word' id='word_1_317' title='bbox 2398 1946 2412 1959; x_wconf 76' lang='grc' dir='ltr'><strong><em>ο</em></strong></span> <span class='ocrx_word' id='word_1_318' title='bbox 2445 1930 2604 2000; x_wconf 89' lang='grc' dir='ltr'>μόνον</span> <span class='ocrx_word' id='word_1_319' title='bbox 2633 1929 2688 1983; x_wconf 85' lang='grc' dir='ltr'>δὲ</span> <span class='ocrx_word' id='word_1_320' title='bbox 2722 1931 2809 1996; x_wconf 75' lang='grc' dir='ltr'>εἰς</span> <span class='ocrx_word' id='word_1_321' title='bbox 2833 1928 2901 1982; x_wconf 82' lang='grc' dir='ltr'>τὸ</span> <span class='ocrx_word' id='word_1_322' title='bbox 2927 1929 3102 1994; x_wconf 77' lang='grc' dir='ltr'>τέλος</span> <span class='ocrx_word' id='word_1_323' title='bbox 3126 1927 3340 2000; x_wconf 76' lang='grc' dir='ltr'>εἴρηται</span> <span class='ocrx_word' id='word_1_324' title='bbox 3382 1928 3481 1981; x_wconf 74' lang='grc' dir='ltr'><strong><em>καὶ</em></strong></span> <span class='ocrx_word' id='word_1_325' title='bbox 3504 1942 3636 1981; x_wconf 85' lang='grc' dir='ltr'><strong><em>συν-</em></strong></span> 
     </span>
    </p>
   </div>
   <div class='ocr_carea' id='block_1_46' title="bbox 2076 2020 3640 2095">
    <p class='ocr_par' dir='ltr' id='par_1_46' title="bbox 2076 2020 3640 2095">
     <span class='ocr_line' id='line_1_46' title="bbox 2076 2020 3640 2095; baseline -0.003 -20"><span class='ocrx_word' id='word_1_326' title='bbox 2076 2021 2286 2088; x_wconf 70' lang='grc' dir='ltr'>έσεωςε</span> <span class='ocrx_word' id='word_1_327' title='bbox 2318 2022 2504 2095; x_wconf 81' lang='grc' dir='ltr'>ἐπειδὴ</span> <span class='ocrx_word' id='word_1_328' title='bbox 2532 2022 2600 2077; x_wconf 87' lang='grc' dir='ltr'><strong><em>τά</em></strong></span> <span class='ocrx_word' id='word_1_329' title='bbox 2622 2022 2903 2077; x_wconf 80' lang='grc' dir='ltr'>τελευταῖα</span> <span class='ocrx_word' id='word_1_330' title='bbox 2928 2020 3035 2074; x_wconf 81' lang='grc' dir='ltr'>τῶν</span> <span class='ocrx_word' id='word_1_331' title='bbox 3057 2020 3231 2089; x_wconf 83' lang='grc' dir='ltr'>λόγων</span> <span class='ocrx_word' id='word_1_332' title='bbox 3265 2020 3488 2089; x_wconf 81' lang='grc' dir='ltr'>ἀγαθῶν</span> <span class='ocrx_word' id='word_1_333' title='bbox 3511 2021 3640 2072; x_wconf 79' lang='grc' dir='ltr'>ἐστιν</span> 
     </span>
    </p>
   </div>
   <div class='ocr_carea' id='block_1_47' title="bbox 2080 2111 3640 2186">
    <p class='ocr_par' dir='ltr' id='par_1_47' title="bbox 2080 2111 3640 2186">
     <span class='ocr_line' id='line_1_47' title="bbox 2080 2111 3640 2186; baseline 0.001 -19"><span class='ocrx_word' id='word_1_334' title='bbox 2080 2114 2455 2183; x_wconf 83' lang='grc' dir='ltr'>ἀπαγγελτικά</span> <span class='ocrx_word' id='word_1_335' title='bbox 2508 2118 2565 2169; x_wconf 87' lang='grc' dir='ltr'>ὲν</span> <span class='ocrx_word' id='word_1_336' title='bbox 2612 2111 2694 2180; x_wconf 73' lang='grc' dir='ltr'><strong><em>οἷς</em></strong></span> <span class='ocrx_word' id='word_1_337' title='bbox 2751 2132 2959 2186; x_wconf 58' lang='grc' dir='ltr'>φησινυ</span> <span class='ocrx_word' id='word_1_338' title='bbox 2996 2114 3138 2186; x_wconf 77' lang='grc' dir='ltr'><strong><em>Ἐγὼ</em></strong></span> <span class='ocrx_word' id='word_1_339' title='bbox 3184 2113 3254 2167; x_wconf 85' lang='grc' dir='ltr'>δὲ</span> <span class='ocrx_word' id='word_1_340' title='bbox 3296 2114 3439 2169; x_wconf 74' lang='grc' dir='ltr'>ὡσεὶ</span> <span class='ocrx_word' id='word_1_341' title='bbox 3488 2113 3640 2168; x_wconf 70' lang='grc' dir='ltr'>ἐλαία</span> 
     </span>
    </p>
   </div>
   <div class='ocr_carea' id='block_1_48' title="bbox 2086 2205 3641 2279">
    <p class='ocr_par' dir='ltr' id='par_1_48' title="bbox 2086 2205 3641 2279">
     <span class='ocr_line' id='line_1_48' title="bbox 2086 2205 3641 2279; baseline -0.001 -21"><span class='ocrx_word' id='word_1_342' title='bbox 2086 2206 2484 2275; x_wconf 82' lang='grc' dir='ltr'>κατάκαρπος,</span> <span class='ocrx_word' id='word_1_343' title='bbox 2517 2210 2609 2262; x_wconf 75' lang='grc' dir='ltr'><strong><em>καὶ</em></strong></span> <span class='ocrx_word' id='word_1_344' title='bbox 2634 2209 2701 2263; x_wconf 75' lang='grc' dir='ltr'>τὰ</span> <span class='ocrx_word' id='word_1_345' title='bbox 2734 2208 2880 2279; x_wconf 78' lang='grc' dir='ltr'>ἑξῆς.</span> <span class='ocrx_word' id='word_1_346' title='bbox 2915 2208 3027 2262; x_wconf 74' lang='grc' dir='ltr'><strong><em>Καὶ</em></strong></span> <span class='ocrx_word' id='word_1_347' title='bbox 3071 2206 3337 2270; x_wconf 81' lang='grc' dir='ltr'>συνέσεως</span> <span class='ocrx_word' id='word_1_348' title='bbox 3369 2205 3427 2259; x_wconf 79' lang='grc' dir='ltr'>δὲ</span> <span class='ocrx_word' id='word_1_349' title='bbox 3464 2206 3561 2277; x_wconf 80' lang='grc' dir='ltr'>τῆς</span> <span class='ocrx_word' id='word_1_350' title='bbox 3587 2206 3641 2257; x_wconf 79' lang='grc' dir='ltr'>ἐκ</span> 
     </span>
    </p>
   </div>
   <div class='ocr_carea' id='block_1_49' title="bbox 2084 2295 3641 2370">
    <p class='ocr_par' dir='ltr' id='par_1_49' title="bbox 2084 2295 3641 2370">
     <span class='ocr_line' id='line_1_49' title="bbox 2084 2295 3641 2370; baseline -0.001 -22"><span class='ocrx_word' id='word_1_351' title='bbox 2084 2295 2221 2348; x_wconf 78' lang='grc' dir='ltr'>Θεοῦ</span> <span class='ocrx_word' id='word_1_352' title='bbox 2250 2295 2418 2351; x_wconf 81' lang='grc' dir='ltr'>δεῖται</span> <span class='ocrx_word' id='word_1_353' title='bbox 2453 2298 2485 2369; x_wconf 79' lang='grc' dir='ltr'><strong>ἡ</strong></span> <span class='ocrx_word' id='word_1_354' title='bbox 2520 2298 2626 2352; x_wconf 84' lang='grc' dir='ltr'><strong><em>τῶν</em></strong></span> <span class='ocrx_word' id='word_1_355' title='bbox 2657 2297 3042 2370; x_wconf 77' lang='grc' dir='ltr'>ἐμφερομένων</span> <span class='ocrx_word' id='word_1_356' title='bbox 3067 2296 3238 2366; x_wconf 89' lang='grc' dir='ltr'>λόγων</span> <span class='ocrx_word' id='word_1_357' title='bbox 3264 2295 3490 2349; x_wconf 81' lang='grc' dir='ltr'><strong><em>διάνοια.</em></strong></span> <span class='ocrx_word' id='word_1_358' title='bbox 3531 2295 3641 2347; x_wconf 85' lang='grc' dir='ltr'>Ὅτε</span> 
     </span>
    </p>
   </div>
   <div class='ocr_carea' id='block_1_50' title="bbox 2089 2382 3641 2462">
    <p class='ocr_par' dir='ltr' id='par_1_50' title="bbox 2089 2382 3641 2462">
     <span class='ocr_line' id='line_1_50' title="bbox 2089 2382 3641 2462; baseline -0.002 -20"><span class='ocrx_word' id='word_1_359' title='bbox 2089 2390 2186 2461; x_wconf 86' lang='grc' dir='ltr'><strong><em>μὲν</em></strong></span> <span class='ocrx_word' id='word_1_360' title='bbox 2217 2382 2310 2443; x_wconf 76' lang='grc' dir='ltr'><strong><em>οὖν</em></strong></span> <span class='ocrx_word' id='word_1_361' title='bbox 2338 2390 2488 2460; x_wconf 77' lang='grc' dir='ltr'>παρὰ</span> <span class='ocrx_word' id='word_1_362' title='bbox 2530 2390 2606 2462; x_wconf 81' lang='grc' dir='ltr'>τῷ</span> <span class='ocrx_word' id='word_1_363' title='bbox 2639 2391 2921 2461; x_wconf 77' lang='grc' dir='ltr'>’Λϐιμέλεχ</span> <span class='ocrx_word' id='word_1_364' title='bbox 2968 2391 3273 2461; x_wconf 78' lang='grc' dir='ltr'>γενόμενος,</span> <span class='ocrx_word' id='word_1_365' title='bbox 3318 2389 3418 2460; x_wconf 86' lang='grc' dir='ltr'>τῆς</span> <span class='ocrx_word' id='word_1_366' title='bbox 3462 2390 3641 2459; x_wconf 78' lang='grc' dir='ltr'>ἱερατι-</span> 
     </span>
    </p>
   </div>
   <div class='ocr_carea' id='block_1_51' title="bbox 2083 2474 3637 2552">
    <p class='ocr_par' dir='ltr' id='par_1_51' title="bbox 2083 2474 3637 2552">
     <span class='ocr_line' id='line_1_51' title="bbox 2083 2474 3637 2552; baseline -0.004 -19"><span class='ocrx_word' id='word_1_367' title='bbox 2083 2479 2185 2549; x_wconf 84' lang='grc' dir='ltr'><strong><em>κῆς</em></strong></span> <span class='ocrx_word' id='word_1_368' title='bbox 2212 2479 2551 2548; x_wconf 75' lang='grc' dir='ltr'>ἀπεγεύσατο</span> <span class='ocrx_word' id='word_1_369' title='bbox 2582 2481 2804 2551; x_wconf 76' lang='grc' dir='ltr'>τροφῆς,</span> <span class='ocrx_word' id='word_1_370' title='bbox 2840 2479 3136 2544; x_wconf 79' lang='grc' dir='ltr'>ἀλλοιώσας</span> <span class='ocrx_word' id='word_1_371' title='bbox 3157 2480 3255 2552; x_wconf 82' lang='grc' dir='ltr'>τὴν</span> <span class='ocrx_word' id='word_1_372' title='bbox 3279 2478 3467 2547; x_wconf 79' lang='grc' dir='ltr'>γεῦσιν</span> <span class='ocrx_word' id='word_1_373' title='bbox 3495 2474 3637 2530; x_wconf 75' lang='grc' dir='ltr'>αὑτοῦ</span> 
     </span>
    </p>
   </div>
   <div class='ocr_carea' id='block_1_52' title="bbox 2080 2569 3636 2644">
    <p class='ocr_par' dir='ltr' id='par_1_52' title="bbox 2080 2569 3636 2644">
     <span class='ocr_line' id='line_1_52' title="bbox 2080 2569 3636 2644; baseline -0.003 -19"><span class='ocrx_word' id='word_1_374' title='bbox 2080 2572 2112 2643; x_wconf 80' lang='grc' dir='ltr'><strong>ἢ</strong></span> <span class='ocrx_word' id='word_1_375' title='bbox 2149 2571 2238 2626; x_wconf 79' lang='grc' dir='ltr'><strong><em>τὸν</em></strong></span> <span class='ocrx_word' id='word_1_376' title='bbox 2266 2572 2461 2644; x_wconf 81' lang='grc' dir='ltr'>τρόπον</span> <span class='ocrx_word' id='word_1_377' title='bbox 2494 2572 2656 2626; x_wconf 81' lang='grc' dir='ltr'>αὑτοῦ</span> <span class='ocrx_word' id='word_1_378' title='bbox 2680 2572 2819 2627; x_wconf 83' lang='grc' dir='ltr'>κατὰ</span> <span class='ocrx_word' id='word_1_379' title='bbox 2850 2571 2946 2643; x_wconf 78' lang='grc' dir='ltr'>τὴν</span> <span class='ocrx_word' id='word_1_380' title='bbox 2975 2571 3082 2625; x_wconf 84' lang='grc' dir='ltr'><strong><em>τῶν</em></strong></span> <span class='ocrx_word' id='word_1_381' title='bbox 3106 2570 3308 2625; x_wconf 84' lang='grc' dir='ltr'>λοιπῶν</span> <span class='ocrx_word' id='word_1_382' title='bbox 3339 2569 3636 2642; x_wconf 74' lang='grc' dir='ltr'>ἐρμηνείαψ</span> 
     </span>
    </p>
   </div>
   <div class='ocr_carea' id='block_1_53' title="bbox 2078 2661 3637 2738">
    <p class='ocr_par' dir='ltr' id='par_1_53' title="bbox 2078 2661 3637 2738">
     <span class='ocr_line' id='line_1_53' title="bbox 2078 2661 3637 2738; baseline -0.003 -22"><span class='ocrx_word' id='word_1_383' title='bbox 2078 2663 2327 2734; x_wconf 79' lang='grc' dir='ltr'>εὐλογίας</span> <span class='ocrx_word' id='word_1_384' title='bbox 2354 2665 2446 2719; x_wconf 73' lang='grc' dir='ltr'>καὶ</span> <span class='ocrx_word' id='word_1_385' title='bbox 2469 2664 2821 2738; x_wconf 78' lang='grc' dir='ltr'>εὐχαριστίας</span> <span class='ocrx_word' id='word_1_386' title='bbox 2853 2664 3162 2735; x_wconf 80' lang='grc' dir='ltr'>ἀνέπεμπεν</span> <span class='ocrx_word' id='word_1_387' title='bbox 3192 2662 3271 2733; x_wconf 82' lang='grc' dir='ltr'>τῷ</span> <span class='ocrx_word' id='word_1_388' title='bbox 3299 2662 3419 2733; x_wconf 82' lang='grc' dir='ltr'><strong><em>Θεῷ</em></strong></span> <span class='ocrx_word' id='word_1_389' title='bbox 3451 2661 3637 2729; x_wconf 67' lang='grc' dir='ltr'>λέγων*</span> 
     </span>
    </p>
   </div>
   <div class='ocr_carea' id='block_1_54' title="bbox 406 2750 3638 2827">
    <p class='ocr_par' dir='ltr' id='par_1_54' title="bbox 406 2750 3638 2827">
     <span class='ocr_line' id='line_1_54' title="bbox 406 2750 3638 2827; baseline -0.001 -20"><span class='ocrx_word' id='word_1_390' title='bbox 406 2750 739 2823; x_wconf 74' lang='grc' dir='ltr'>Εὐλογήσω</span> <span class='ocrx_word' id='word_1_391' title='bbox 756 2751 860 2805; x_wconf 82' lang='grc' dir='ltr'><strong><em>τὸν</em></strong></span> <span class='ocrx_word' id='word_1_392' title='bbox 887 2753 1106 2820; x_wconf 79' lang='grc' dir='ltr'>Κύριον</span> <span class='ocrx_word' id='word_1_393' title='bbox 1128 2752 1198 2806; x_wconf 81' lang='grc' dir='ltr'><strong><em>ἐν</em></strong></span> <span class='ocrx_word' id='word_1_394' title='bbox 1222 2752 1397 2805; x_wconf 74' lang='grc' dir='ltr'>παντί</span> <span class='ocrx_word' id='word_1_395' title='bbox 1414 2753 1616 2822; x_wconf 85' lang='grc' dir='ltr'>καιρῷ,</span> <span class='ocrx_word' id='word_1_396' title='bbox 1641 2754 1965 2823; x_wconf 76' lang='grc' dir='ltr'>διαπαντός</span> <span class='ocrx_word' id='word_1_397' title='bbox 1984 2758 2021 2827; x_wconf 74' lang='grc' dir='ltr'><em>ἠ</em></span> <span class='ocrx_word' id='word_1_398' title='bbox 2042 2758 2275 2825; x_wconf 59' lang='lat' dir='ltr'><strong><em>alveare</em></strong></span> <span class='ocrx_word' id='word_1_399' title='bbox 2294 2757 2479 2813; x_wconf 84' lang='grc' dir='ltr'>αὐτοῦ</span> <span class='ocrx_word' id='word_1_400' title='bbox 2504 2756 2666 2823; x_wconf 82' lang='grc' dir='ltr'><strong><em>ἐντῷ</em></strong></span> <span class='ocrx_word' id='word_1_401' title='bbox 2691 2757 2941 2826; x_wconf 77' lang='grc' dir='ltr'>στόματί</span> <span class='ocrx_word' id='word_1_402' title='bbox 2963 2775 3102 2826; x_wconf 82' lang='grc' dir='ltr'>μου,</span> <span class='ocrx_word' id='word_1_403' title='bbox 3135 2756 3228 2809; x_wconf 73' lang='grc' dir='ltr'><strong><em>καὶ</em></strong></span> <span class='ocrx_word' id='word_1_404' title='bbox 3256 2754 3325 2808; x_wconf 82' lang='grc' dir='ltr'>τὰ</span> <span class='ocrx_word' id='word_1_405' title='bbox 3343 2754 3489 2826; x_wconf 79' lang='grc' dir='ltr'>ἑξῆς.</span> <span class='ocrx_word' id='word_1_406' title='bbox 3523 2753 3638 2805; x_wconf 74' lang='grc' dir='ltr'>Νυνὶ</span> 
     </span>
    </p>
   </div>
   <div class='ocr_carea' id='block_1_55' title="bbox 404 2842 3639 2922">
    <p class='ocr_par' dir='ltr' id='par_1_55' title="bbox 404 2842 3639 2922">
     <span class='ocr_line' id='line_1_55' title="bbox 404 2842 3639 2922; baseline 0.002 -26"><span class='ocrx_word' id='word_1_407' title='bbox 404 2843 484 2910; x_wconf 83' lang='grc' dir='ltr'><strong><em>δὲ,</em></strong></span> <span class='ocrx_word' id='word_1_408' title='bbox 522 2845 609 2899; x_wconf 86' lang='grc' dir='ltr'>ὅτε</span> <span class='ocrx_word' id='word_1_409' title='bbox 642 2842 734 2898; x_wconf 83' lang='grc' dir='ltr'>τοῦ</span> <span class='ocrx_word' id='word_1_410' title='bbox 773 2843 1019 2897; x_wconf 78' lang='grc' dir='ltr'>διαϐόλου</span> <span class='ocrx_word' id='word_1_411' title='bbox 1059 2844 1217 2916; x_wconf 80' lang='grc' dir='ltr'>Δωὴκ</span> <span class='ocrx_word' id='word_1_412' title='bbox 1248 2846 1344 2919; x_wconf 83' lang='grc' dir='ltr'>τὴν</span> <span class='ocrx_word' id='word_1_413' title='bbox 1391 2845 1588 2918; x_wconf 79' lang='grc' dir='ltr'>πρᾶξιν</span> <span class='ocrx_word' id='word_1_414' title='bbox 1633 2847 1804 2918; x_wconf 77' lang='grc' dir='ltr'>ἔγνω,</span> <span class='ocrx_word' id='word_1_415' title='bbox 1845 2852 1938 2905; x_wconf 74' lang='grc' dir='ltr'>καὶ</span> <span class='ocrx_word' id='word_1_416' title='bbox 1979 2852 2054 2915; x_wconf 86' lang='grc' dir='ltr'>ὡς</span> <span class='ocrx_word' id='word_1_417' title='bbox 2090 2851 2374 2917; x_wconf 78' lang='grc' dir='ltr'>τοσούτους</span> <span class='ocrx_word' id='word_1_418' title='bbox 2418 2851 2624 2906; x_wconf 84' lang='grc' dir='ltr'>ἀνεῖλεν</span> <span class='ocrx_word' id='word_1_419' title='bbox 2672 2851 2856 2922; x_wconf 75' lang='grc' dir='ltr'>ἱερεῖς,</span> <span class='ocrx_word' id='word_1_420' title='bbox 2899 2850 3041 2922; x_wconf 76' lang='grc' dir='ltr'>ἔργῳ</span> <span class='ocrx_word' id='word_1_421' title='bbox 3074 2847 3355 2919; x_wconf 78' lang='grc' dir='ltr'>διαϐολικῷ</span> <span class='ocrx_word' id='word_1_422' title='bbox 3382 2848 3639 2919; x_wconf 80' lang='grc' dir='ltr'>χρησάμε-</span> 
     </span>
    </p>
   </div>
   <div class='ocr_carea' id='block_1_56' title="bbox 406 2934 2482 3016">
    <p class='ocr_par' dir='ltr' id='par_1_56' title="bbox 406 2934 2482 3016">
     <span class='ocr_line' id='line_1_56' title="bbox 406 2934 2482 3016; baseline 0.005 -28"><span class='ocrx_word' id='word_1_423' title='bbox 406 2952 529 3001; x_wconf 83' lang='grc' dir='ltr'>νος,</span> <span class='ocrx_word' id='word_1_424' title='bbox 577 2936 652 3000; x_wconf 89' lang='grc' dir='ltr'>ὼς</span> <span class='ocrx_word' id='word_1_425' title='bbox 703 2934 838 3007; x_wconf 83' lang='grc' dir='ltr'>πρὸς</span> <span class='ocrx_word' id='word_1_426' title='bbox 889 2936 1048 2989; x_wconf 78' lang='grc' dir='ltr'>αὑτὸν</span> <span class='ocrx_word' id='word_1_427' title='bbox 1097 2936 1377 2991; x_wconf 85' lang='grc' dir='ltr'>συντάττει</span> <span class='ocrx_word' id='word_1_428' title='bbox 1418 2940 1546 3002; x_wconf 85' lang='grc' dir='ltr'>τοὺς</span> <span class='ocrx_word' id='word_1_429' title='bbox 1592 2942 1984 3013; x_wconf 81' lang='grc' dir='ltr'>προκειμένους</span> <span class='ocrx_word' id='word_1_430' title='bbox 2018 2944 2207 3015; x_wconf 80' lang='grc' dir='ltr'>λόγους</span> <span class='ocrx_word' id='word_1_431' title='bbox 2232 2947 2482 3016; x_wconf 71' lang='grc' dir='ltr'>φάσκωνο</span> 
     </span>
    </p>
   </div>
   <div class='ocr_carea' id='block_1_57' title="bbox 478 3044 1971 3124">
    <p class='ocr_par' dir='ltr' id='par_1_57' title="bbox 478 3044 1971 3124">
     <span class='ocr_line' id='line_1_57' title="bbox 478 3044 1971 3124; baseline 0.005 -22"><span class='ocrx_word' id='word_1_432' title='bbox 478 3044 646 3104; x_wconf 73' lang='lat' dir='ltr'><strong><em>Vsus.</em></strong></span> <span class='ocrx_word' id='word_1_433' title='bbox 688 3049 743 3105; x_wconf 81' lang='lat'><strong><em>3.</em></strong></span> <span class='ocrx_word' id='word_1_434' title='bbox 780 3048 920 3116; x_wconf 83' lang='lat' dir='ltr'><strong><em>Quid</em></strong></span> <span class='ocrx_word' id='word_1_435' title='bbox 942 3048 1189 3120; x_wconf 82' lang='lat' dir='ltr'><strong><em>gloriaris</em></strong></span> <span class='ocrx_word' id='word_1_436' title='bbox 1217 3051 1270 3104; x_wconf 89' lang='lat' dir='ltr'><strong><em>in</em></strong></span> <span class='ocrx_word' id='word_1_437' title='bbox 1293 3051 1525 3118; x_wconf 79' lang='lat' dir='ltr'><strong><em>malitia,</em></strong></span> <span class='ocrx_word' id='word_1_438' title='bbox 1552 3053 1643 3124; x_wconf 86' lang='lat' dir='ltr'><strong><em>qui</em></strong></span> <span class='ocrx_word' id='word_1_439' title='bbox 1668 3063 1850 3124; x_wconf 83' lang='lat' dir='ltr'><strong><em>potens</em></strong></span> <span class='ocrx_word' id='word_1_440' title='bbox 1876 3057 1971 3111; x_wconf 80' lang='lat' dir='ltr'><strong><em>es?</em></strong></span> 
     </span>
    </p>
   </div>
   <div class='ocr_carea' id='block_1_58' title="bbox 2154 3054 3640 3128">
    <p class='ocr_par' dir='ltr' id='par_1_58' title="bbox 2154 3054 3640 3128">
     <span class='ocr_line' id='line_1_58' title="bbox 2154 3054 3640 3128; baseline -0.003 -17"><span class='ocrx_word' id='word_1_441' title='bbox 2154 3060 2213 3112; x_wconf 88' lang='grc' dir='ltr'>Τί</span> <span class='ocrx_word' id='word_1_442' title='bbox 2276 3055 2544 3128; x_wconf 77' lang='grc' dir='ltr'>ἐγκαυχᾷ</span> <span class='ocrx_word' id='word_1_443' title='bbox 2597 3057 2667 3110; x_wconf 84' lang='grc' dir='ltr'><strong><em>ἐν</em></strong></span> <span class='ocrx_word' id='word_1_444' title='bbox 2722 3057 2927 3125; x_wconf 69' lang='grc' dir='ltr'>κακίᾳ,</span> <span class='ocrx_word' id='word_1_445' title='bbox 2978 3058 3010 3111; x_wconf 86' lang='grc' dir='ltr'><em>ὀ</em></span> <span class='ocrx_word' id='word_1_446' title='bbox 3062 3056 3319 3122; x_wconf 79' lang='grc' dir='ltr'>δυνατός</span> <span class='ocrx_word' id='word_1_447' title='bbox 3332 3070 3352 3119; x_wconf 91' lang='grc'><em>;</em></span> <span class='ocrx_word' id='word_1_448' title='bbox 3405 3054 3640 3124; x_wconf 79' lang='grc' dir='ltr'>ἀνομίαν</span> 
     </span>
    </p>
   </div>
   <div class='ocr_carea' id='block_1_59' title="bbox 406 3139 1970 3218">
    <p class='ocr_par' dir='ltr' id='par_1_59' title="bbox 406 3139 1967 3216">
     <span class='ocr_line' id='line_1_59' title="bbox 406 3139 1967 3216; baseline 0.004 -23"><span class='ocrx_word' id='word_1_449' title='bbox 406 3139 737 3211; x_wconf 83' lang='lat' dir='ltr'><strong><em>iniquitatem</em></strong></span> <span class='ocrx_word' id='word_1_450' title='bbox 788 3150 897 3195; x_wconf 90' lang='lat' dir='ltr'><strong><em>tota</em></strong></span> <span class='ocrx_word' id='word_1_451' title='bbox 948 3141 1034 3195; x_wconf 90' lang='lat' dir='ltr'><strong><em>die</em></strong></span> <span class='ocrx_word' id='word_1_452' title='bbox 1067 3150 1116 3195; x_wconf 87' lang='lat' dir='ltr'><strong><em>et</em></strong></span> <span class='ocrx_word' id='word_1_453' title='bbox 1147 3141 1460 3211; x_wconf 86' lang='lat' dir='ltr'><strong><em>injustitiam</em></strong></span> <span class='ocrx_word' id='word_1_454' title='bbox 1482 3146 1732 3214; x_wconf 84' lang='lat' dir='ltr'><strong><em>cogitavit</em></strong></span> <span class='ocrx_word' id='word_1_455' title='bbox 1787 3146 1967 3216; x_wconf 81' lang='lat' dir='ltr'><strong><em>lingua</em></strong></span> 
     </span>
    </p>
   </div>
   <div class='ocr_carea' id='block_1_60' title="bbox 2077 3139 3629 3218">
    <p class='ocr_par' dir='ltr' id='par_1_60' title="bbox 2077 3144 3629 3218">
     <span class='ocr_line' id='line_1_60' title="bbox 2077 3144 3629 3218; baseline -0.004 -15"><span class='ocrx_word' id='word_1_456' title='bbox 2077 3149 2226 3217; x_wconf 74' lang='grc' dir='ltr'><strong><em>ὅλην</em></strong></span> <span class='ocrx_word' id='word_1_457' title='bbox 2275 3148 2389 3218; x_wconf 79' lang='grc' dir='ltr'>τὴν</span> <span class='ocrx_word' id='word_1_458' title='bbox 2433 3147 2697 3218; x_wconf 79' lang='grc' dir='ltr'>ἡμέραν.</span> <span class='ocrx_word' id='word_1_459' title='bbox 2772 3146 2871 3200; x_wconf 78' lang='grc' dir='ltr'>καὶ</span> <span class='ocrx_word' id='word_1_460' title='bbox 2932 3145 3172 3200; x_wconf 80' lang='grc' dir='ltr'>ἀδικίαν</span> <span class='ocrx_word' id='word_1_461' title='bbox 3236 3145 3557 3215; x_wconf 70' lang='grc' dir='ltr'>ἐλογίσατο</span> <span class='ocrx_word' id='word_1_462' title='bbox 3598 3144 3629 3211; x_wconf 79' lang='grc' dir='ltr'><strong><em>ἡ</em></strong></span> 
     </span>
    </p>
   </div>
   <div class='ocr_carea' id='block_1_61' title="bbox 406 3231 1970 3309">
    <p class='ocr_par' dir='ltr' id='par_1_61' title="bbox 406 3231 1970 3309">
     <span class='ocr_line' id='line_1_61' title="bbox 406 3231 1970 3309; baseline 0.006 -25"><span class='ocrx_word' id='word_1_463' title='bbox 406 3242 520 3286; x_wconf 85' lang='grc' dir='ltr'>ιιια.</span> <span class='ocrx_word' id='word_1_464' title='bbox 563 3231 628 3285; x_wconf 84' lang='lat' dir='ltr'><strong><em>Et</em></strong></span> <span class='ocrx_word' id='word_1_465' title='bbox 677 3232 789 3286; x_wconf 56' lang='lat' dir='ltr'><strong><em>haec</em></strong></span> <span class='ocrx_word' id='word_1_466' title='bbox 824 3232 1040 3302; x_wconf 90' lang='lat' dir='ltr'><strong><em>quidem</em></strong></span> <span class='ocrx_word' id='word_1_467' title='bbox 1082 3234 1253 3288; x_wconf 85' lang='lat' dir='ltr'><strong><em>multo</em></strong></span> <span class='ocrx_word' id='word_1_468' title='bbox 1283 3244 1409 3291; x_wconf 90' lang='lat' dir='ltr'><strong><em>ante</em></strong></span> <span class='ocrx_word' id='word_1_469' title='bbox 1436 3237 1579 3291; x_wconf 85' lang='lat' dir='ltr'><strong><em>dicta</em></strong></span> <span class='ocrx_word' id='word_1_470' title='bbox 1621 3245 1770 3300; x_wconf 89' lang='lat' dir='ltr'><strong><em>sunt,</em></strong></span> <span class='ocrx_word' id='word_1_471' title='bbox 1806 3254 1970 3309; x_wconf 90' lang='lat' dir='ltr'><strong><em>quam</em></strong></span> 
     </span>
    </p>
   </div>
   <div class='ocr_carea' id='block_1_62' title="bbox 407 3320 1968 3397">
    <p class='ocr_par' dir='ltr' id='par_1_62' title="bbox 407 3320 1968 3397">
     <span class='ocr_line' id='line_1_62' title="bbox 407 3320 1968 3397; baseline 0.005 -22"><span class='ocrx_word' id='word_1_472' title='bbox 407 3320 636 3375; x_wconf 84' lang='lat' dir='ltr'><strong><em>historia</em></strong></span> <span class='ocrx_word' id='word_1_473' title='bbox 682 3322 1124 3392; x_wconf 80' lang='lat' dir='ltr'><strong><em>quinquagesimi</em></strong></span> <span class='ocrx_word' id='word_1_474' title='bbox 1174 3324 1366 3393; x_wconf 89' lang='lat' dir='ltr'><strong><em>psalmi</em></strong></span> <span class='ocrx_word' id='word_1_475' title='bbox 1418 3327 1777 3397; x_wconf 76' lang='lat' dir='ltr'><strong><em>contingeret.</em></strong></span> <span class='ocrx_word' id='word_1_476' title='bbox 1834 3328 1968 3382; x_wconf 85' lang='lat' dir='ltr'><strong><em>Nam</em></strong></span> 
     </span>
    </p>
   </div>
   <div class='ocr_carea' id='block_1_63' title="bbox 405 3415 1970 3490">
    <p class='ocr_par' dir='ltr' id='par_1_63' title="bbox 405 3415 1970 3490">
     <span class='ocr_line' id='line_1_63' title="bbox 405 3415 1970 3490; baseline 0.006 -22"><span class='ocrx_word' id='word_1_477' title='bbox 405 3415 586 3470; x_wconf 89' lang='lat' dir='ltr'><strong><em>adhuc</em></strong></span> <span class='ocrx_word' id='word_1_478' title='bbox 641 3417 935 3487; x_wconf 85' lang='lat' dir='ltr'><strong><em>superstite</em></strong></span> <span class='ocrx_word' id='word_1_479' title='bbox 978 3415 1141 3471; x_wconf 89' lang='lat' dir='ltr'><strong><em>Saule</em></strong></span> <span class='ocrx_word' id='word_1_480' title='bbox 1185 3428 1239 3472; x_wconf 87' lang='lat' dir='ltr'><strong><em>et</em></strong></span> <span class='ocrx_word' id='word_1_481' title='bbox 1290 3420 1443 3488; x_wconf 90' lang='lat' dir='ltr'><strong><em>prius</em></strong></span> <span class='ocrx_word' id='word_1_482' title='bbox 1473 3435 1635 3490; x_wconf 90' lang='lat' dir='ltr'><strong><em>quam</em></strong></span> <span class='ocrx_word' id='word_1_483' title='bbox 1682 3420 1852 3475; x_wconf 84' lang='lat' dir='ltr'><strong><em>David</em></strong></span> <span class='ocrx_word' id='word_1_484' title='bbox 1888 3438 1970 3478; x_wconf 88' lang='lat' dir='ltr'><strong><em>re-</em></strong></span> 
     </span>
    </p>
   </div>
   <div class='ocr_carea' id='block_1_64' title="bbox 403 3496 1971 3576">
    <p class='ocr_par' dir='ltr' id='par_1_64' title="bbox 403 3496 1971 3576">
     <span class='ocr_line' id='line_1_64' title="bbox 403 3496 1971 3576; baseline 0.006 -19"><span class='ocrx_word' id='word_1_485' title='bbox 403 3511 616 3575; x_wconf 76' lang='lat' dir='ltr'><strong><em>gnaret,</em></strong></span> <span class='ocrx_word' id='word_1_486' title='bbox 653 3513 706 3560; x_wconf 92' lang='lat' dir='ltr'><strong><em>et</em></strong></span> <span class='ocrx_word' id='word_1_487' title='bbox 732 3496 825 3560; x_wconf 89' lang='lat' dir='ltr'><strong><em>res</em></strong></span> <span class='ocrx_word' id='word_1_488' title='bbox 848 3513 1020 3576; x_wconf 86' lang='lat' dir='ltr'><strong><em>gesta.</em></strong></span> <span class='ocrx_word' id='word_1_489' title='bbox 1053 3514 1107 3560; x_wconf 86' lang='lat' dir='ltr'><strong><em>et</em></strong></span> <span class='ocrx_word' id='word_1_490' title='bbox 1133 3506 1376 3576; x_wconf 88' lang='lat' dir='ltr'><strong><em>psalmus</em></strong></span> <span class='ocrx_word' id='word_1_491' title='bbox 1412 3508 1591 3564; x_wconf 88' lang='lat' dir='ltr'><strong><em>dictus</em></strong></span> <span class='ocrx_word' id='word_1_492' title='bbox 1622 3518 1726 3566; x_wconf 91' lang='lat' dir='ltr'><strong><em>est.</em></strong></span> <span class='ocrx_word' id='word_1_493' title='bbox 1755 3509 1833 3565; x_wconf 88' lang='lat' dir='ltr'><strong><em>Ac</em></strong></span> <span class='ocrx_word' id='word_1_494' title='bbox 1857 3511 1971 3566; x_wconf 91' lang='lat' dir='ltr'><strong><em>diu-</em></strong></span> 
     </span>
    </p>
   </div>
   <div class='ocr_carea' id='block_1_65' title="bbox 408 3597 1966 3669">
    <p class='ocr_par' dir='ltr' id='par_1_65' title="bbox 408 3597 1966 3669">
     <span class='ocr_line' id='line_1_65' title="bbox 408 3597 1966 3669; baseline 0.004 -20"><span class='ocrx_word' id='word_1_495' title='bbox 408 3597 586 3652; x_wconf 88' lang='lat' dir='ltr'><strong><em>turnis</em></strong></span> <span class='ocrx_word' id='word_1_496' title='bbox 633 3608 821 3669; x_wconf 85' lang='lat' dir='ltr'><strong><em>postea</em></strong></span> <span class='ocrx_word' id='word_1_497' title='bbox 879 3598 1241 3668; x_wconf 87' lang='lat' dir='ltr'><strong><em>temporibus,</em></strong></span> <span class='ocrx_word' id='word_1_498' title='bbox 1303 3607 1427 3669; x_wconf 90' lang='lat' dir='ltr'><strong><em>post</em></strong></span> <span class='ocrx_word' id='word_1_499' title='bbox 1483 3600 1662 3658; x_wconf 90' lang='lat' dir='ltr'><strong><em>Saulis</em></strong></span> <span class='ocrx_word' id='word_1_500' title='bbox 1734 3602 1966 3669; x_wconf 79' lang='lat' dir='ltr'><strong><em>obitum,</em></strong></span> 
     </span>
    </p>
   </div>
   <div class='ocr_carea' id='block_1_66' title="bbox 403 3690 1967 3760">
    <p class='ocr_par' dir='ltr' id='par_1_66' title="bbox 403 3690 1967 3760">
     <span class='ocr_line' id='line_1_66' title="bbox 403 3690 1967 3760; baseline 0.003 -16"><span class='ocrx_word' id='word_1_501' title='bbox 403 3690 805 3760; x_wconf 88' lang='lat' dir='ltr'><strong><em>postremisque</em></strong></span> <span class='ocrx_word' id='word_1_502' title='bbox 857 3690 1008 3760; x_wconf 77' lang='lat' dir='ltr'><strong><em>regni</em></strong></span> <span class='ocrx_word' id='word_1_503' title='bbox 1059 3691 1147 3745; x_wconf 91' lang='lat' dir='ltr'><strong><em>sui</em></strong></span> <span class='ocrx_word' id='word_1_504' title='bbox 1200 3693 1381 3753; x_wconf 88' lang='lat' dir='ltr'><strong><em>annis.</em></strong></span> <span class='ocrx_word' id='word_1_505' title='bbox 1449 3694 1855 3750; x_wconf 78' lang='lat' dir='ltr'><strong><em>confessionem</em></strong></span> <span class='ocrx_word' id='word_1_506' title='bbox 1912 3695 1967 3749; x_wconf 91' lang='lat' dir='ltr'><strong><em>in</em></strong></span> 
     </span>
    </p>
   </div>
   <div class='ocr_carea' id='block_1_67' title="bbox 403 3780 1965 3857">
    <p class='ocr_par' dir='ltr' id='par_1_67' title="bbox 403 3780 1965 3857">
     <span class='ocr_line' id='line_1_67' title="bbox 403 3780 1965 3857; baseline 0.003 -23"><span class='ocrx_word' id='word_1_507' title='bbox 403 3780 858 3852; x_wconf 77' lang='lat' dir='ltr'><strong><em>quinquagesimo</em></strong></span> <span class='ocrx_word' id='word_1_508' title='bbox 909 3781 1121 3851; x_wconf 89' lang='lat' dir='ltr'><strong><em>psalmo</em></strong></span> <span class='ocrx_word' id='word_1_509' title='bbox 1153 3798 1470 3852; x_wconf 84' lang='lat' dir='ltr'><strong><em>expressam</em></strong></span> <span class='ocrx_word' id='word_1_510' title='bbox 1521 3782 1689 3841; x_wconf 78' lang='lat' dir='ltr'><strong><em>David</em></strong></span> <span class='ocrx_word' id='word_1_511' title='bbox 1718 3786 1965 3857; x_wconf 91' lang='lat' dir='ltr'><strong><em>protulit,</em></strong></span> 
     </span>
    </p>
   </div>
   <div class='ocr_carea' id='block_1_68' title="bbox 403 3873 1968 3949">
    <p class='ocr_par' dir='ltr' id='par_1_68' title="bbox 403 3873 1968 3949">
     <span class='ocr_line' id='line_1_68' title="bbox 403 3873 1968 3949; baseline 0.006 -24"><span class='ocrx_word' id='word_1_512' title='bbox 403 3885 564 3941; x_wconf 86' lang='lat' dir='ltr'><strong><em>quam</em></strong></span> <span class='ocrx_word' id='word_1_513' title='bbox 619 3882 798 3927; x_wconf 89' lang='lat' dir='ltr'><strong><em>tamen</em></strong></span> <span class='ocrx_word' id='word_1_514' title='bbox 843 3873 971 3926; x_wconf 90' lang='lat' dir='ltr'><strong><em>huic</em></strong></span> <span class='ocrx_word' id='word_1_515' title='bbox 1021 3874 1232 3942; x_wconf 89' lang='lat' dir='ltr'><strong><em>psalmo</em></strong></span> <span class='ocrx_word' id='word_1_516' title='bbox 1266 3876 1548 3944; x_wconf 63' lang='lat' dir='ltr'><strong><em>praemisit,</em></strong></span> <span class='ocrx_word' id='word_1_517' title='bbox 1580 3886 1801 3949; x_wconf 89' lang='lat' dir='ltr'><strong><em>propter</em></strong></span> <span class='ocrx_word' id='word_1_518' title='bbox 1847 3879 1968 3949; x_wconf 89' lang='lat' dir='ltr'><strong><em>ejus</em></strong></span> 
     </span>
    </p>
   </div>
   <div class='ocr_carea' id='block_1_69' title="bbox 402 3962 1966 4035">
    <p class='ocr_par' dir='ltr' id='par_1_69' title="bbox 402 3962 1966 4035">
     <span class='ocr_line' id='line_1_69' title="bbox 402 3962 1966 4035; baseline 0.004 -18"><span class='ocrx_word' id='word_1_519' title='bbox 402 3978 527 4017; x_wconf 89' lang='lat' dir='ltr'><strong><em>cum</em></strong></span> <span class='ocrx_word' id='word_1_520' title='bbox 558 3962 979 4033; x_wconf 80' lang='lat' dir='ltr'><strong><em>quadragesimo</em></strong></span> <span class='ocrx_word' id='word_1_521' title='bbox 1026 3980 1171 4018; x_wconf 89' lang='lat' dir='ltr'><strong><em>nono</em></strong></span> <span class='ocrx_word' id='word_1_522' title='bbox 1224 3967 1436 4034; x_wconf 87' lang='lat' dir='ltr'><strong><em>psalmo</em></strong></span> <span class='ocrx_word' id='word_1_523' title='bbox 1493 3968 1836 4035; x_wconf 83' lang='lat' dir='ltr'><strong><em>allinitatem,</em></strong></span> <span class='ocrx_word' id='word_1_524' title='bbox 1888 3970 1966 4024; x_wconf 91' lang='lat' dir='ltr'><strong><em>uti</em></strong></span> 
     </span>
    </p>
   </div>
   <div class='ocr_carea' id='block_1_70' title="bbox 397 4054 1967 4124">
    <p class='ocr_par' dir='ltr' id='par_1_70' title="bbox 397 4054 1967 4124">
     <span class='ocr_line' id='line_1_70' title="bbox 397 4054 1967 4124; baseline 0.004 -17"><span class='ocrx_word' id='word_1_525' title='bbox 397 4054 512 4124; x_wconf 85' lang='lat' dir='ltr'><strong><em>jam</em></strong></span> <span class='ocrx_word' id='word_1_526' title='bbox 562 4063 1050 4110; x_wconf 87' lang='lat' dir='ltr'><strong><em>commonstratum</em></strong></span> <span class='ocrx_word' id='word_1_527' title='bbox 1103 4064 1207 4110; x_wconf 84' lang='lat' dir='ltr'><strong><em>est.</em></strong></span> <span class='ocrx_word' id='word_1_528' title='bbox 1273 4056 1474 4112; x_wconf 84' lang='lat' dir='ltr'><strong><em>Psalmi</em></strong></span> <span class='ocrx_word' id='word_1_529' title='bbox 1533 4075 1662 4115; x_wconf 88' lang='lat' dir='ltr'><strong><em>vero</em></strong></span> <span class='ocrx_word' id='word_1_530' title='bbox 1720 4075 1749 4114; x_wconf 91' lang='lat' dir='ltr'><strong><em>a</em></strong></span> <span class='ocrx_word' id='word_1_531' title='bbox 1782 4075 1833 4115; x_wconf 82' lang='lat' dir='ltr'><strong><em>LI</em></strong></span> <span class='ocrx_word' id='word_1_532' title='bbox 1900 4059 1967 4114; x_wconf 90' lang='lat' dir='ltr'><strong><em>ad</em></strong></span> 
     </span>
    </p>
   </div>
   <div class='ocr_carea' id='block_1_71' title="bbox 402 4145 1968 4224">
    <p class='ocr_par' dir='ltr' id='par_1_71' title="bbox 402 4145 1968 4224">
     <span class='ocr_line' id='line_1_71' title="bbox 402 4145 1968 4224; baseline 0.005 -24"><span class='ocrx_word' id='word_1_533' title='bbox 402 4161 532 4209; x_wconf 73' lang='grc' dir='ltr'>ιιι,</span> <span class='ocrx_word' id='word_1_534' title='bbox 567 4145 762 4217; x_wconf 79' lang='lat' dir='ltr'><strong><em>viginti</em></strong></span> <span class='ocrx_word' id='word_1_535' title='bbox 814 4162 1065 4213; x_wconf 91' lang='lat' dir='ltr'><strong><em>numero,</em></strong></span> <span class='ocrx_word' id='word_1_536' title='bbox 1136 4149 1354 4205; x_wconf 88' lang='lat' dir='ltr'><strong><em>Davidis</em></strong></span> <span class='ocrx_word' id='word_1_537' title='bbox 1424 4153 1709 4224; x_wconf 52' lang='lat' dir='ltr'><strong><em>inscripti;</em></strong></span> <span class='ocrx_word' id='word_1_538' title='bbox 1751 4154 1819 4208; x_wconf 92' lang='lat' dir='ltr'><strong><em>ab</em></strong></span> <span class='ocrx_word' id='word_1_539' title='bbox 1861 4154 1968 4208; x_wconf 90' lang='lat' dir='ltr'><strong><em>alio</em></strong></span> 
     </span>
    </p>
   </div>
   <div class='ocr_carea' id='block_1_72' title="bbox 404 4236 1966 4318">
    <p class='ocr_par' dir='ltr' id='par_1_72' title="bbox 404 4236 1966 4318">
     <span class='ocr_line' id='line_1_72' title="bbox 404 4236 1966 4318; baseline 0.01 -29"><span class='ocrx_word' id='word_1_540' title='bbox 404 4236 675 4308; x_wconf 90' lang='lat' dir='ltr'><strong><em>principio</em></strong></span> <span class='ocrx_word' id='word_1_541' title='bbox 720 4250 1098 4308; x_wconf 78' lang='lat' dir='ltr'><strong><em>argumentum</em></strong></span> <span class='ocrx_word' id='word_1_542' title='bbox 1132 4244 1365 4297; x_wconf 85' lang='lat' dir='ltr'><strong><em>mutuati</em></strong></span> <span class='ocrx_word' id='word_1_543' title='bbox 1408 4254 1570 4310; x_wconf 87' lang='lat' dir='ltr'><strong><em>sunt,</em></strong></span> <span class='ocrx_word' id='word_1_544' title='bbox 1607 4246 1966 4318; x_wconf 86' lang='lat' dir='ltr'><strong><em>videnturque</em></strong></span> 
     </span>
    </p>
   </div>
   <div class='ocr_carea' id='block_1_73' title="bbox 403 4328 1963 4408">
    <p class='ocr_par' dir='ltr' id='par_1_73' title="bbox 403 4328 1963 4408">
     <span class='ocr_line' id='line_1_73' title="bbox 403 4328 1963 4408; baseline 0.008 -26"><span class='ocrx_word' id='word_1_545' title='bbox 403 4328 621 4384; x_wconf 84' lang='lat' dir='ltr'><strong><em>vivente</em></strong></span> <span class='ocrx_word' id='word_1_546' title='bbox 649 4329 828 4384; x_wconf 87' lang='lat' dir='ltr'><strong><em>adhuc</em></strong></span> <span class='ocrx_word' id='word_1_547' title='bbox 863 4328 1027 4386; x_wconf 85' lang='lat' dir='ltr'><strong><em>Saule</em></strong></span> <span class='ocrx_word' id='word_1_548' title='bbox 1060 4334 1398 4402; x_wconf 89' lang='lat' dir='ltr'><strong><em>pronuntiati</em></strong></span> <span class='ocrx_word' id='word_1_549' title='bbox 1448 4334 1638 4403; x_wconf 87' lang='lat' dir='ltr'><strong><em>fuisse,</em></strong></span> <span class='ocrx_word' id='word_1_550' title='bbox 1673 4346 1963 4408; x_wconf 88' lang='lat' dir='ltr'><strong><em>antequam</em></strong></span> 
     </span>
    </p>
   </div>
   <div class='ocr_carea' id='block_1_74' title="bbox 403 4420 1962 4497">
    <p class='ocr_par' dir='ltr' id='par_1_74' title="bbox 403 4420 1962 4497">
     <span class='ocr_line' id='line_1_74' title="bbox 403 4420 1962 4497; baseline 0.008 -21"><span class='ocrx_word' id='word_1_551' title='bbox 403 4420 573 4478; x_wconf 86' lang='lat' dir='ltr'><strong><em>David</em></strong></span> <span class='ocrx_word' id='word_1_552' title='bbox 612 4433 881 4493; x_wconf 78' lang='lat' dir='ltr'><strong><em>regnaret.</em></strong></span> <span class='ocrx_word' id='word_1_553' title='bbox 966 4423 1100 4478; x_wconf 87' lang='lat' dir='ltr'><strong><em>Nam</em></strong></span> <span class='ocrx_word' id='word_1_554' title='bbox 1152 4427 1220 4488; x_wconf 92' lang='lat' dir='ltr'><strong><em>is,</em></strong></span> <span class='ocrx_word' id='word_1_555' title='bbox 1266 4442 1425 4496; x_wconf 86' lang='lat' dir='ltr'><strong><em>quem</em></strong></span> <span class='ocrx_word' id='word_1_556' title='bbox 1476 4429 1588 4497; x_wconf 90' lang='lat' dir='ltr'><strong><em>jam</em></strong></span> <span class='ocrx_word' id='word_1_557' title='bbox 1643 4437 1962 4491; x_wconf 80' lang='lat' dir='ltr'><strong><em>tractamus.</em></strong></span> 
     </span>
    </p>
   </div>
   <div class='ocr_carea' id='block_1_75' title="bbox 2078 3236 3638 3310">
    <p class='ocr_par' dir='ltr' id='par_1_75' title="bbox 2078 3236 3638 3310">
     <span class='ocr_line' id='line_1_75' title="bbox 2078 3236 3638 3310; baseline 0.012 -24"><span class='ocrx_word' id='word_1_558' title='bbox 2078 3240 2326 3310; x_wconf 75' lang='grc' dir='ltr'>γλῶσσά</span> <span class='ocrx_word' id='word_1_559' title='bbox 2368 3254 2503 3293; x_wconf 88' lang='grc' dir='ltr'>σου.</span> <span class='ocrx_word' id='word_1_560' title='bbox 2554 3239 2663 3294; x_wconf 77' lang='grc' dir='ltr'><strong><em>Καὶ</em></strong></span> <span class='ocrx_word' id='word_1_561' title='bbox 2702 3237 2945 3292; x_wconf 83' lang='grc' dir='ltr'>λέλεκται</span> <span class='ocrx_word' id='word_1_562' title='bbox 2998 3239 3095 3309; x_wconf 86' lang='grc' dir='ltr'><strong><em>μὲν</em></strong></span> <span class='ocrx_word' id='word_1_563' title='bbox 3146 3236 3217 3290; x_wconf 77' lang='grc' dir='ltr'>τὰ</span> <span class='ocrx_word' id='word_1_564' title='bbox 3285 3236 3422 3307; x_wconf 70' lang='grc' dir='ltr'>μετὰ</span> <span class='ocrx_word' id='word_1_565' title='bbox 3470 3237 3638 3306; x_wconf 66' lang='grc' dir='ltr'><strong><em>χεῖρίς</em></strong></span> 
     </span>
    </p>
   </div>
   <div class='ocr_carea' id='block_1_76' title="bbox 2078 3312 3636 3402">
    <p class='ocr_par' dir='ltr' id='par_1_76' title="bbox 2078 3312 3636 3402">
     <span class='ocr_line' id='line_1_76' title="bbox 2078 3312 3636 3402; baseline -0.004 -19"><span class='ocrx_word' id='word_1_566' title='bbox 2078 3330 2213 3383; x_wconf 85' lang='grc' dir='ltr'>πολὺ</span> <span class='ocrx_word' id='word_1_567' title='bbox 2255 3331 2518 3400; x_wconf 83' lang='grc' dir='ltr'>πρότερον</span> <span class='ocrx_word' id='word_1_568' title='bbox 2578 3333 2690 3394; x_wconf 84' lang='grc' dir='ltr'>τοῖς</span> <span class='ocrx_word' id='word_1_569' title='bbox 2739 3330 2950 3402; x_wconf 81' lang='grc' dir='ltr'>χρόνοις</span> <span class='ocrx_word' id='word_1_570' title='bbox 3010 3328 3109 3399; x_wconf 76' lang='grc' dir='ltr'>τῆς</span> <span class='ocrx_word' id='word_1_571' title='bbox 3173 3328 3414 3400; x_wconf 79' lang='grc' dir='ltr'>ἱστορίας</span> <span class='ocrx_word' id='word_1_572' title='bbox 3463 3325 3553 3380; x_wconf 82' lang='grc' dir='ltr'>τοῦ</span> <span class='ocrx_word' id='word_1_573' title='bbox 3600 3312 3636 3376; x_wconf 87' lang='grc' dir='ltr'>ν’</span> 
     </span>
    </p>
   </div>
   <div class='ocr_carea' id='block_1_77' title="bbox 2076 3414 3631 3491">
    <p class='ocr_par' dir='ltr' id='par_1_77' title="bbox 2076 3414 3631 3491">
     <span class='ocr_line' id='line_1_77' title="bbox 2076 3414 3631 3491; baseline -0.003 -18"><span class='ocrx_word' id='word_1_574' title='bbox 2076 3420 2312 3491; x_wconf 78' lang='grc' dir='ltr'>ψαλμοῦ.</span> <span class='ocrx_word' id='word_1_575' title='bbox 2367 3421 2485 3472; x_wconf 87' lang='grc' dir='ltr'>Ἔτι</span> <span class='ocrx_word' id='word_1_576' title='bbox 2520 3419 2626 3490; x_wconf 76' lang='grc' dir='ltr'>γὰρ</span> <span class='ocrx_word' id='word_1_577' title='bbox 2655 3419 2854 3485; x_wconf 79' lang='grc' dir='ltr'>ζῶντος</span> <span class='ocrx_word' id='word_1_578' title='bbox 2883 3419 2978 3472; x_wconf 79' lang='grc' dir='ltr'>τοῦ</span> <span class='ocrx_word' id='word_1_579' title='bbox 3015 3418 3206 3482; x_wconf 77' lang='grc' dir='ltr'>Σαοὺλ,</span> <span class='ocrx_word' id='word_1_580' title='bbox 3271 3419 3366 3472; x_wconf 76' lang='grc' dir='ltr'><strong><em>καὶ</em></strong></span> <span class='ocrx_word' id='word_1_581' title='bbox 3419 3418 3524 3488; x_wconf 80' lang='grc' dir='ltr'>πρὸ</span> <span class='ocrx_word' id='word_1_582' title='bbox 3552 3414 3631 3468; x_wconf 76' lang='grc' dir='ltr'>τοῦ</span> 
     </span>
    </p>
   </div>
   <div class='ocr_carea' id='block_1_78' title="bbox 2080 3510 3635 3584">
    <p class='ocr_par' dir='ltr' id='par_1_78' title="bbox 2080 3510 3635 3584">
     <span class='ocr_line' id='line_1_78' title="bbox 2080 3510 3635 3584; baseline -0.005 -17"><span class='ocrx_word' id='word_1_583' title='bbox 2080 3514 2391 3584; x_wconf 76' lang='grc' dir='ltr'>βασιλεῦσαι</span> <span class='ocrx_word' id='word_1_584' title='bbox 2418 3512 2509 3565; x_wconf 76' lang='grc' dir='ltr'><strong><em>τὸν</em></strong></span> <span class='ocrx_word' id='word_1_585' title='bbox 2534 3512 2714 3578; x_wconf 78' lang='grc' dir='ltr'>Δαυῖδ,</span> <span class='ocrx_word' id='word_1_586' title='bbox 2748 3513 2843 3564; x_wconf 72' lang='grc' dir='ltr'><strong><em>καὶ</em></strong></span> <span class='ocrx_word' id='word_1_587' title='bbox 2868 3513 3154 3583; x_wconf 77' lang='grc' dir='ltr'>πέπρακτο</span> <span class='ocrx_word' id='word_1_588' title='bbox 3186 3512 3277 3564; x_wconf 74' lang='grc' dir='ltr'><strong><em>καὶ</em></strong></span> <span class='ocrx_word' id='word_1_589' title='bbox 3309 3511 3514 3582; x_wconf 80' lang='grc' dir='ltr'>εἴρητο.</span> <span class='ocrx_word' id='word_1_590' title='bbox 3538 3510 3635 3563; x_wconf 79' lang='lat' dir='ltr'><strong><em>Ma-</em></strong></span> 
     </span>
    </p>
   </div>
   <div class='ocr_carea' id='block_1_79' title="bbox 2076 3599 3631 3679">
    <p class='ocr_par' dir='ltr' id='par_1_79' title="bbox 2076 3599 3631 3679">
     <span class='ocr_line' id='line_1_79' title="bbox 2076 3599 3631 3679; baseline -0.005 -19"><span class='ocrx_word' id='word_1_591' title='bbox 2076 3608 2230 3679; x_wconf 76' lang='grc' dir='ltr'>κροίς</span> <span class='ocrx_word' id='word_1_592' title='bbox 2265 3605 2321 3657; x_wconf 83' lang='grc' dir='ltr'>δὲ</span> <span class='ocrx_word' id='word_1_593' title='bbox 2356 3605 2578 3676; x_wconf 75' lang='grc' dir='ltr'>ὕστερον</span> <span class='ocrx_word' id='word_1_594' title='bbox 2621 3604 2850 3675; x_wconf 81' lang='grc' dir='ltr'>χρόνοις,</span> <span class='ocrx_word' id='word_1_595' title='bbox 2889 3603 3026 3675; x_wconf 82' lang='grc' dir='ltr'>μετὰ</span> <span class='ocrx_word' id='word_1_596' title='bbox 3067 3602 3156 3656; x_wconf 82' lang='grc' dir='ltr'><strong><em>τὸν</em></strong></span> <span class='ocrx_word' id='word_1_597' title='bbox 3190 3601 3418 3655; x_wconf 81' lang='grc' dir='ltr'>θάνατον</span> <span class='ocrx_word' id='word_1_598' title='bbox 3456 3599 3631 3659; x_wconf 80' lang='grc' dir='ltr'>Σαοὺλ,</span> 
     </span>
    </p>
   </div>
   <div class='ocr_carea' id='block_1_80' title="bbox 2076 3693 3634 3770">
    <p class='ocr_par' dir='ltr' id='par_1_80' title="bbox 2076 3693 3634 3770">
     <span class='ocr_line' id='line_1_80' title="bbox 2076 3693 3634 3770; baseline -0.004 -17"><span class='ocrx_word' id='word_1_599' title='bbox 2076 3699 2170 3753; x_wconf 64' lang='grc' dir='ltr'><strong><em>καλ⁵</em></strong></span> <span class='ocrx_word' id='word_1_600' title='bbox 2219 3698 2355 3770; x_wconf 80' lang='grc' dir='ltr'>πρὸς</span> <span class='ocrx_word' id='word_1_601' title='bbox 2392 3700 2503 3762; x_wconf 88' lang='grc' dir='ltr'>τοῖς</span> <span class='ocrx_word' id='word_1_602' title='bbox 2550 3696 2876 3760; x_wconf 82' lang='grc' dir='ltr'>τελευταίοις</span> <span class='ocrx_word' id='word_1_603' title='bbox 2924 3695 3025 3765; x_wconf 78' lang='grc' dir='ltr'><strong><em>τῆς</em></strong></span> <span class='ocrx_word' id='word_1_604' title='bbox 3077 3693 3240 3749; x_wconf 74' lang='grc' dir='ltr'>αὐτοῦ</span> <span class='ocrx_word' id='word_1_605' title='bbox 3283 3693 3569 3764; x_wconf 77' lang='grc' dir='ltr'>βασιλείας,</span> <span class='ocrx_word' id='word_1_606' title='bbox 3609 3694 3634 3745; x_wconf 84' lang='grc' dir='ltr'><strong>ὁ</strong></span> 
     </span>
    </p>
   </div>
   <div class='ocr_carea' id='block_1_81' title="bbox 2076 3780 3632 3859">
    <p class='ocr_par' dir='ltr' id='par_1_81' title="bbox 2076 3780 3632 3859">
     <span class='ocr_line' id='line_1_81' title="bbox 2076 3780 3632 3859; baseline -0.004 -18"><span class='ocrx_word' id='word_1_607' title='bbox 2076 3786 2237 3842; x_wconf 76' lang='grc' dir='ltr'>Δαυῒδ</span> <span class='ocrx_word' id='word_1_608' title='bbox 2268 3786 2367 3859; x_wconf 86' lang='grc' dir='ltr'>τὴν</span> <span class='ocrx_word' id='word_1_609' title='bbox 2410 3788 2467 3840; x_wconf 82' lang='grc' dir='ltr'><strong><em>ὲν</em></strong></span> <span class='ocrx_word' id='word_1_610' title='bbox 2499 3785 2576 3857; x_wconf 84' lang='grc' dir='ltr'>τῷ</span> <span class='ocrx_word' id='word_1_611' title='bbox 2604 3793 2645 3839; x_wconf 93' lang='grc' dir='ltr'>ν’</span> <span class='ocrx_word' id='word_1_612' title='bbox 2686 3785 2914 3839; x_wconf 82' lang='grc' dir='ltr'>ποιεῖται</span> <span class='ocrx_word' id='word_1_613' title='bbox 2964 3783 3366 3856; x_wconf 78' lang='grc' dir='ltr'>ἐξομολόγησιν,</span> <span class='ocrx_word' id='word_1_614' title='bbox 3396 3785 3463 3855; x_wconf 79' lang='grc' dir='ltr'>ἢν</span> <span class='ocrx_word' id='word_1_615' title='bbox 3484 3780 3632 3856; x_wconf 72' lang='grc' dir='ltr'><strong><em>προῦ-</em></strong></span> 
     </span>
    </p>
   </div>
   <div class='ocr_carea' id='block_1_82' title="bbox 2077 3874 3629 3950">
    <p class='ocr_par' dir='ltr' id='par_1_82' title="bbox 2077 3874 3629 3950">
     <span class='ocr_line' id='line_1_82' title="bbox 2077 3874 3629 3950; baseline -0.005 -17"><span class='ocrx_word' id='word_1_616' title='bbox 2077 3879 2207 3947; x_wconf 77' lang='grc' dir='ltr'>ταξε</span> <span class='ocrx_word' id='word_1_617' title='bbox 2281 3879 2370 3933; x_wconf 90' lang='grc' dir='ltr'><strong><em>διά</em></strong></span> <span class='ocrx_word' id='word_1_618' title='bbox 2428 3878 2526 3950; x_wconf 79' lang='grc' dir='ltr'><strong><em>τὴν</em></strong></span> <span class='ocrx_word' id='word_1_619' title='bbox 2566 3878 2700 3945; x_wconf 65' lang='grc' dir='ltr'>πρὸς</span> <span class='ocrx_word' id='word_1_620' title='bbox 2745 3879 2837 3931; x_wconf 79' lang='grc' dir='ltr'><strong><em>τὸν</em></strong></span> <span class='ocrx_word' id='word_1_621' title='bbox 2891 3877 2978 3948; x_wconf 83' lang='grc' dir='ltr'>μθ’</span> <span class='ocrx_word' id='word_1_622' title='bbox 3032 3876 3244 3947; x_wconf 79' lang='grc' dir='ltr'>ψαλμὸν</span> <span class='ocrx_word' id='word_1_623' title='bbox 3300 3874 3629 3936; x_wconf 81' lang='grc' dir='ltr'>ἀκολουθίαν,</span> 
     </span>
    </p>
   </div>
   <div class='ocr_carea' id='block_1_83' title="bbox 2074 3962 3632 4040">
    <p class='ocr_par' dir='ltr' id='par_1_83' title="bbox 2074 3962 3632 4040">
     <span class='ocr_line' id='line_1_83' title="bbox 2074 3962 3632 4040; baseline -0.005 -17"><span class='ocrx_word' id='word_1_624' title='bbox 2074 3968 2261 4040; x_wconf 83' lang='grc' dir='ltr'>ὥσπερ</span> <span class='ocrx_word' id='word_1_625' title='bbox 2300 3964 2392 4022; x_wconf 78' lang='grc' dir='ltr'>οὖν</span> <span class='ocrx_word' id='word_1_626' title='bbox 2428 3968 2522 4021; x_wconf 76' lang='grc' dir='ltr'><strong><em>καὶ</em></strong></span> <span class='ocrx_word' id='word_1_627' title='bbox 2565 3966 2955 4021; x_wconf 81' lang='grc' dir='ltr'>ἀποδέδεικται.</span> <span class='ocrx_word' id='word_1_628' title='bbox 2998 3968 3063 4019; x_wconf 76' lang='lat' dir='ltr'><strong><em>OE</em></strong></span> <span class='ocrx_word' id='word_1_629' title='bbox 3108 3966 3151 4019; x_wconf 93' lang='grc' dir='ltr'>δ’</span> <span class='ocrx_word' id='word_1_630' title='bbox 3191 3965 3299 4019; x_wconf 84' lang='grc' dir='ltr'><strong><em>ἀπὸ</em></strong></span> <span class='ocrx_word' id='word_1_631' title='bbox 3342 3964 3439 4018; x_wconf 80' lang='grc' dir='ltr'>τοῦ</span> <span class='ocrx_word' id='word_1_632' title='bbox 3472 3972 3518 4017; x_wconf 81' lang='grc' dir='ltr'>α’</span> <span class='ocrx_word' id='word_1_633' title='bbox 3551 3962 3632 4016; x_wconf 75' lang='grc' dir='ltr'>καὶ</span> 
     </span>
    </p>
   </div>
   <div class='ocr_carea' id='block_1_84' title="bbox 2074 4055 3626 4133">
    <p class='ocr_par' dir='ltr' id='par_1_84' title="bbox 2074 4055 3626 4133">
     <span class='ocr_line' id='line_1_84' title="bbox 2074 4055 3626 4133; baseline -0.006 -18"><span class='ocrx_word' id='word_1_634' title='bbox 2074 4067 2116 4115; x_wconf 86' lang='grc' dir='ltr'>ν’</span> <span class='ocrx_word' id='word_1_635' title='bbox 2155 4062 2246 4114; x_wconf 78' lang='grc' dir='ltr'><strong><em>τὸν</em></strong></span> <span class='ocrx_word' id='word_1_636' title='bbox 2295 4059 2524 4133; x_wconf 83' lang='grc' dir='ltr'>ἀριθμὸν</span> <span class='ocrx_word' id='word_1_637' title='bbox 2569 4058 2762 4122; x_wconf 77' lang='grc' dir='ltr'>εἴκοσι,</span> <span class='ocrx_word' id='word_1_638' title='bbox 2811 4056 2906 4111; x_wconf 81' lang='grc' dir='ltr'>τοῦ</span> <span class='ocrx_word' id='word_1_639' title='bbox 2953 4056 3114 4111; x_wconf 76' lang='grc' dir='ltr'><strong><em>Δαυῖδ</em></strong></span> <span class='ocrx_word' id='word_1_640' title='bbox 3157 4055 3626 4128; x_wconf 77' lang='grc' dir='ltr'>ἐπιγεγραμμένοι.</span> 
     </span>
    </p>
   </div>
   <div class='ocr_carea' id='block_1_85' title="bbox 2077 4148 3630 4225">
    <p class='ocr_par' dir='ltr' id='par_1_85' title="bbox 2077 4148 3630 4225">
     <span class='ocr_line' id='line_1_85' title="bbox 2077 4148 3630 4225; baseline -0.005 -17"><span class='ocrx_word' id='word_1_641' title='bbox 2077 4154 2239 4225; x_wconf 84' lang='grc' dir='ltr'>μέχρι</span> <span class='ocrx_word' id='word_1_642' title='bbox 2269 4152 2362 4206; x_wconf 83' lang='grc' dir='ltr'>τοῦ</span> <span class='ocrx_word' id='word_1_643' title='bbox 2402 4158 2442 4205; x_wconf 90' lang='grc' dir='ltr'>ο¹</span> <span class='ocrx_word' id='word_1_644' title='bbox 2483 4149 2542 4216; x_wconf 78' lang='grc' dir='ltr'>ἐξ</span> <span class='ocrx_word' id='word_1_645' title='bbox 2584 4150 2773 4221; x_wconf 84' lang='grc' dir='ltr'>ἑτέρας</span> <span class='ocrx_word' id='word_1_646' title='bbox 2804 4149 2979 4221; x_wconf 85' lang='grc' dir='ltr'>ἀρχῆς</span> <span class='ocrx_word' id='word_1_647' title='bbox 3008 4148 3103 4220; x_wconf 80' lang='grc' dir='ltr'>τὴν</span> <span class='ocrx_word' id='word_1_648' title='bbox 3136 4149 3391 4203; x_wconf 82' lang='grc' dir='ltr'>ὑπόθεσιν</span> <span class='ocrx_word' id='word_1_649' title='bbox 3424 4150 3630 4220; x_wconf 69' lang='grc' dir='ltr'>εἰλήφει·</span> 
     </span>
    </p>
   </div>
   <div class='ocr_carea' id='block_1_86' title="bbox 2075 4238 3629 4311">
    <p class='ocr_par' dir='ltr' id='par_1_86' title="bbox 2075 4238 3629 4311">
     <span class='ocr_line' id='line_1_86' title="bbox 2075 4238 3629 4311; baseline -0.005 -16"><span class='ocrx_word' id='word_1_650' title='bbox 2075 4258 2191 4295; x_wconf 75' lang='grc' dir='ltr'>σινο</span> <span class='ocrx_word' id='word_1_651' title='bbox 2238 4241 2445 4295; x_wconf 80' lang='grc' dir='ltr'>ἐοίκασι</span> <span class='ocrx_word' id='word_1_652' title='bbox 2481 4240 2612 4308; x_wconf 81' lang='grc' dir='ltr'>γοῦν</span> <span class='ocrx_word' id='word_1_653' title='bbox 2645 4240 2724 4294; x_wconf 80' lang='grc' dir='ltr'>ἐτι</span> <span class='ocrx_word' id='word_1_654' title='bbox 2766 4239 2966 4305; x_wconf 77' lang='grc' dir='ltr'>ζῶντος</span> <span class='ocrx_word' id='word_1_655' title='bbox 3007 4239 3178 4293; x_wconf 82' lang='grc' dir='ltr'>Σαοὺλ</span> <span class='ocrx_word' id='word_1_656' title='bbox 3215 4238 3485 4311; x_wconf 75' lang='grc' dir='ltr'>εἰρῆσθαι,</span> <span class='ocrx_word' id='word_1_657' title='bbox 3514 4238 3629 4310; x_wconf 85' lang='grc' dir='ltr'>πρὶν</span> 
     </span>
    </p>
   </div>
   <div class='ocr_carea' id='block_1_87' title="bbox 2072 4329 3625 4404">
    <p class='ocr_par' dir='ltr' id='par_1_87' title="bbox 2072 4329 3625 4404">
     <span class='ocr_line' id='line_1_87' title="bbox 2072 4329 3625 4404; baseline -0.004 -18"><span class='ocrx_word' id='word_1_658' title='bbox 2072 4333 2106 4404; x_wconf 81' lang='grc' dir='ltr'>ἢ</span> <span class='ocrx_word' id='word_1_659' title='bbox 2142 4330 2453 4403; x_wconf 83' lang='grc' dir='ltr'>βασιλεῦσαι</span> <span class='ocrx_word' id='word_1_660' title='bbox 2479 4331 2568 4384; x_wconf 80' lang='grc' dir='ltr'><strong><em>τὸν</em></strong></span> <span class='ocrx_word' id='word_1_661' title='bbox 2610 4331 2789 4385; x_wconf 81' lang='grc' dir='ltr'>Δαυϊδ.</span> <span class='ocrx_word' id='word_1_662' title='bbox 2824 4332 2891 4385; x_wconf 89' lang='grc' dir='ltr'>Ὅ</span> <span class='ocrx_word' id='word_1_663' title='bbox 2930 4349 2991 4385; x_wconf 89' lang='grc' dir='ltr'><strong><em>τε</em></strong></span> <span class='ocrx_word' id='word_1_664' title='bbox 3018 4329 3127 4404; x_wconf 80' lang='grc' dir='ltr'>γὰρ</span> <span class='ocrx_word' id='word_1_665' title='bbox 3159 4330 3297 4401; x_wconf 85' lang='grc' dir='ltr'>μετὰ</span> <span class='ocrx_word' id='word_1_666' title='bbox 3344 4333 3528 4403; x_wconf 85' lang='grc' dir='ltr'>χεῖρας</span> <span class='ocrx_word' id='word_1_667' title='bbox 3556 4331 3625 4381; x_wconf 78' lang='grc' dir='ltr'>ἔτι</span> 
     </span>
    </p>
   </div>
   <div class='ocr_carea' id='block_1_88' title="bbox 2073 4420 3626 4494">
    <p class='ocr_par' dir='ltr' id='par_1_88' title="bbox 2073 4420 3626 4494">
     <span class='ocr_line' id='line_1_88' title="bbox 2073 4420 3626 4494; baseline 0 -19"><span class='ocrx_word' id='word_1_668' title='bbox 2073 4422 2269 4488; x_wconf 82' lang='grc' dir='ltr'>ζῶντος</span> <span class='ocrx_word' id='word_1_669' title='bbox 2315 4422 2485 4476; x_wconf 82' lang='grc' dir='ltr'>Σαοὺλ</span> <span class='ocrx_word' id='word_1_670' title='bbox 2527 4422 2718 4494; x_wconf 75' lang='grc' dir='ltr'>ἐλέχθη</span> <span class='ocrx_word' id='word_1_671' title='bbox 2742 4464 2758 4488; x_wconf 96' lang='grc'><strong><em>,</em></strong></span> <span class='ocrx_word' id='word_1_672' title='bbox 2792 4423 2889 4477; x_wconf 80' lang='grc' dir='ltr'><strong><em>Ἐν</em></strong></span> <span class='ocrx_word' id='word_1_673' title='bbox 2938 4422 3020 4490; x_wconf 82' lang='grc' dir='ltr'>τῷ</span> <span class='ocrx_word' id='word_1_674' title='bbox 3062 4422 3278 4477; x_wconf 78' lang='grc' dir='ltr'><strong><em>ἐλθεῖν.</em></strong></span> <span class='ocrx_word' id='word_1_675' title='bbox 3316 4422 3484 4491; x_wconf 81' lang='grc' dir='ltr'>Δωὴκ</span> <span class='ocrx_word' id='word_1_676' title='bbox 3532 4420 3626 4475; x_wconf 78' lang='grc' dir='ltr'><strong><em>τὸν</em></strong></span> 
     </span>
    </p>
   </div>
   <div class='ocr_carea' id='block_1_89' title="bbox 402 4509 1970 4585">
    <p class='ocr_par' dir='ltr' id='par_1_89' title="bbox 402 4514 1963 4582">
     <span class='ocr_line' id='line_1_89' title="bbox 402 4514 1963 4582; baseline 0.004 -13"><span class='ocrx_word' id='word_1_677' title='bbox 402 4514 622 4572; x_wconf 87' lang='lat' dir='ltr'><strong><em>vivente</em></strong></span> <span class='ocrx_word' id='word_1_678' title='bbox 660 4514 823 4572; x_wconf 88' lang='lat' dir='ltr'><strong><em>Saule</em></strong></span> <span class='ocrx_word' id='word_1_679' title='bbox 851 4517 1032 4573; x_wconf 90' lang='lat' dir='ltr'><strong><em>dictus</em></strong></span> <span class='ocrx_word' id='word_1_680' title='bbox 1059 4526 1163 4582; x_wconf 84' lang='lat' dir='ltr'><strong><em>est,</em></strong></span> <span class='ocrx_word' id='word_1_681' title='bbox 1201 4516 1333 4573; x_wconf 89' lang='lat' dir='ltr'><strong><em>Cum</em></strong></span> <span class='ocrx_word' id='word_1_682' title='bbox 1358 4520 1495 4574; x_wconf 81' lang='lat' dir='ltr'><strong><em>venit</em></strong></span> <span class='ocrx_word' id='word_1_683' title='bbox 1525 4520 1659 4575; x_wconf 85' lang='lat' dir='ltr'><strong><em>Doec</em></strong></span> <span class='ocrx_word' id='word_1_684' title='bbox 1689 4520 1963 4577; x_wconf 74' lang='lat' dir='ltr'><strong><em>ldumwus</em></strong></span> 
     </span>
    </p>
   </div>
   <div class='ocr_carea' id='block_1_90' title="bbox 2077 4509 3622 4585">
    <p class='ocr_par' dir='ltr' id='par_1_90' title="bbox 2078 4509 3622 4585">
     <span class='ocr_line' id='line_1_90' title="bbox 2078 4509 3622 4585; baseline -0.003 -16"><span class='ocrx_word' id='word_1_685' title='bbox 2078 4515 2408 4585; x_wconf 78' lang='grc' dir='ltr'><strong><em>Ἰδουμαῖον</em></strong></span> <span class='ocrx_word' id='word_1_686' title='bbox 2449 4516 2545 4568; x_wconf 75' lang='grc' dir='ltr'>καὶ</span> <span class='ocrx_word' id='word_1_687' title='bbox 2580 4514 2925 4585; x_wconf 66' lang='grc' dir='ltr'>ἀναγγεῖλαι</span> <span class='ocrx_word' id='word_1_688' title='bbox 2973 4512 3054 4581; x_wconf 85' lang='grc' dir='ltr'>τῷ</span> <span class='ocrx_word' id='word_1_689' title='bbox 3100 4514 3318 4580; x_wconf 78' lang='grc' dir='ltr'>Σαοὺλ,</span> <span class='ocrx_word' id='word_1_690' title='bbox 3358 4515 3449 4568; x_wconf 85' lang='grc' dir='ltr'>ὅτι</span> <span class='ocrx_word' id='word_1_691' title='bbox 3492 4509 3622 4585; x_wconf 75' lang='grc' dir='ltr'>ἦλθε</span> 
     </span>
    </p>
   </div>
   <div class='ocr_carea' id='block_1_91' title="bbox 399 4606 1965 4671">
    <p class='ocr_par' dir='ltr' id='par_1_91' title="bbox 399 4606 1965 4671">
     <span class='ocr_line' id='line_1_91' title="bbox 399 4606 1965 4671; baseline 0.006 -10"><span class='ocrx_word' id='word_1_692' title='bbox 399 4615 449 4661; x_wconf 82' lang='lat' dir='ltr'><strong><em>et</em></strong></span> <span class='ocrx_word' id='word_1_693' title='bbox 477 4608 737 4662; x_wconf 81' lang='lat' dir='ltr'><strong><em>nuntiavit</em></strong></span> <span class='ocrx_word' id='word_1_694' title='bbox 784 4606 959 4671; x_wconf 85' lang='lat' dir='ltr'><strong><em>Sauli,</em></strong></span> <span class='ocrx_word' id='word_1_695' title='bbox 986 4626 1046 4663; x_wconf 87' lang='lat' dir='ltr'><strong><em>ac</em></strong></span> <span class='ocrx_word' id='word_1_696' title='bbox 1074 4610 1211 4664; x_wconf 78' lang='lat' dir='ltr'><strong><em>dixit</em></strong></span> <span class='ocrx_word' id='word_1_697' title='bbox 1257 4612 1344 4665; x_wconf 86' lang='lat' dir='ltr'><strong><em>ei:</em></strong></span> <span class='ocrx_word' id='word_1_698' title='bbox 1390 4611 1537 4665; x_wconf 83' lang='lat' dir='ltr'><strong><em>Venit</em></strong></span> <span class='ocrx_word' id='word_1_699' title='bbox 1571 4612 1742 4668; x_wconf 83' lang='lat' dir='ltr'><strong><em>David</em></strong></span> <span class='ocrx_word' id='word_1_700' title='bbox 1786 4615 1841 4668; x_wconf 89' lang='lat' dir='ltr'><strong><em>in</em></strong></span> <span class='ocrx_word' id='word_1_701' title='bbox 1868 4615 1965 4670; x_wconf 85' lang='lat' dir='ltr'><strong><em>do-</em></strong></span> 
     </span>
    </p>
   </div>
   <div class='ocr_carea' id='block_1_92' title="bbox 401 4699 1980 4776">
    <p class='ocr_par' dir='ltr' id='par_1_92' title="bbox 401 4699 1980 4776">
     <span class='ocr_line' id='line_1_92' title="bbox 401 4699 1980 4776; baseline 0.006 -24"><span class='ocrx_word' id='word_1_702' title='bbox 401 4714 545 4752; x_wconf 87' lang='lat' dir='ltr'><strong><em>mum</em></strong></span> <span class='ocrx_word' id='word_1_703' title='bbox 572 4699 872 4755; x_wconf 82' lang='lat' dir='ltr'><strong><em>Abimelech</em></strong></span> <span class='ocrx_word' id='word_1_704' title='bbox 891 4702 953 4753; x_wconf 80' lang='grc'><strong><em>⁸³.</em></strong></span> <span class='ocrx_word' id='word_1_705' title='bbox 998 4700 1103 4756; x_wconf 89' lang='lat' dir='ltr'><strong><em>Sed</em></strong></span> <span class='ocrx_word' id='word_1_706' title='bbox 1130 4704 1294 4758; x_wconf 87' lang='lat' dir='ltr'><strong><em>etiam</em></strong></span> <span class='ocrx_word' id='word_1_707' title='bbox 1320 4719 1440 4768; x_wconf 82' lang='lat' dir='ltr'>LIII,</span> <span class='ocrx_word' id='word_1_708' title='bbox 1475 4713 1608 4760; x_wconf 90' lang='lat' dir='ltr'><strong><em>tunc</em></strong></span> <span class='ocrx_word' id='word_1_709' title='bbox 1637 4708 1980 4776; x_wconf 48' lang='lat' dir='ltr'><strong><em>pronuntia?</em></strong></span> 
     </span>
    </p>
   </div>
   <div class='ocr_carea' id='block_1_93' title="bbox 401 4790 1960 4863">
    <p class='ocr_par' dir='ltr' id='par_1_93' title="bbox 401 4790 1960 4863">
     <span class='ocr_line' id='line_1_93' title="bbox 401 4790 1960 4863; baseline 0.006 -18"><span class='ocrx_word' id='word_1_710' title='bbox 401 4800 490 4846; x_wconf 89' lang='lat' dir='ltr'><strong><em>tus</em></strong></span> <span class='ocrx_word' id='word_1_711' title='bbox 514 4798 619 4855; x_wconf 85' lang='lat' dir='ltr'><strong><em>est,</em></strong></span> <span class='ocrx_word' id='word_1_712' title='bbox 648 4790 780 4846; x_wconf 88' lang='lat' dir='ltr'><strong><em>Cum</em></strong></span> <span class='ocrx_word' id='word_1_713' title='bbox 809 4794 1064 4848; x_wconf 82' lang='lat' dir='ltr'><strong><em>venissent</em></strong></span> <span class='ocrx_word' id='word_1_714' title='bbox 1094 4792 1315 4863; x_wconf 74' lang='lat' dir='ltr'><strong><em>Ziphazi,</em></strong></span> <span class='ocrx_word' id='word_1_715' title='bbox 1348 4805 1397 4850; x_wconf 88' lang='lat' dir='ltr'><strong><em>et</em></strong></span> <span class='ocrx_word' id='word_1_716' title='bbox 1423 4795 1682 4852; x_wconf 65' lang='lat' dir='ltr'><strong><em>dixissent</em></strong></span> <span class='ocrx_word' id='word_1_717' title='bbox 1703 4797 1773 4852; x_wconf 89' lang='lat' dir='ltr'><strong><em>ad</em></strong></span> <span class='ocrx_word' id='word_1_718' title='bbox 1796 4797 1960 4855; x_wconf 81' lang='lat' dir='ltr'><strong><em>Saut:</em></strong></span> 
     </span>
    </p>
   </div>
   <div class='ocr_carea' id='block_1_94' title="bbox 402 4880 1964 4962">
    <p class='ocr_par' dir='ltr' id='par_1_94' title="bbox 402 4880 1964 4962">
     <span class='ocr_line' id='line_1_94' title="bbox 402 4880 1964 4962; baseline 0.005 -26"><span class='ocrx_word' id='word_1_719' title='bbox 402 4880 592 4937; x_wconf 89' lang='lat' dir='ltr'><strong><em>Nonne</em></strong></span> <span class='ocrx_word' id='word_1_720' title='bbox 629 4881 800 4938; x_wconf 84' lang='lat' dir='ltr'><strong><em>David</em></strong></span> <span class='ocrx_word' id='word_1_721' title='bbox 828 4883 1164 4939; x_wconf 84' lang='lat' dir='ltr'><strong><em>absconditus</em></strong></span> <span class='ocrx_word' id='word_1_722' title='bbox 1192 4896 1270 4941; x_wconf 85' lang='lat' dir='ltr'><strong><em>est</em></strong></span> <span class='ocrx_word' id='word_1_723' title='bbox 1295 4888 1436 4956; x_wconf 88' lang='lat' dir='ltr'><strong><em>apud</em></strong></span> <span class='ocrx_word' id='word_1_724' title='bbox 1457 4889 1649 4943; x_wconf 74' lang='lat' dir='ltr'><strong><em>nos“?</em></strong></span> <span class='ocrx_word' id='word_1_725' title='bbox 1686 4889 1964 4962; x_wconf 80' lang='lat' dir='ltr'><strong><em>Quinqua-</em></strong></span> 
     </span>
    </p>
   </div>
   <div class='ocr_carea' id='block_1_95' title="bbox 398 4975 1962 5050">
    <p class='ocr_par' dir='ltr' id='par_1_95' title="bbox 398 4975 1962 5050">
     <span class='ocr_line' id='line_1_95' title="bbox 398 4975 1962 5050; baseline 0.005 -20"><span class='ocrx_word' id='word_1_726' title='bbox 398 4975 641 5045; x_wconf 80' lang='lat' dir='ltr'><strong><em>gcsimus</em></strong></span> <span class='ocrx_word' id='word_1_727' title='bbox 666 4991 794 5031; x_wconf 89' lang='lat' dir='ltr'><strong><em>vero</em></strong></span> <span class='ocrx_word' id='word_1_728' title='bbox 821 4977 1046 5045; x_wconf 90' lang='lat' dir='ltr'><strong><em>quintus</em></strong></span> <span class='ocrx_word' id='word_1_729' title='bbox 1089 4978 1169 5033; x_wconf 91' lang='lat' dir='ltr'><strong><em>sic</em></strong></span> <span class='ocrx_word' id='word_1_730' title='bbox 1222 4980 1521 5050; x_wconf 86' lang='lat' dir='ltr'><strong><em>inscriptus</em></strong></span> <span class='ocrx_word' id='word_1_731' title='bbox 1549 4990 1670 5037; x_wconf 89' lang='lat' dir='ltr'><strong><em>est:</em></strong></span> <span class='ocrx_word' id='word_1_732' title='bbox 1719 4982 1851 5037; x_wconf 88' lang='lat' dir='ltr'><strong><em>Cum</em></strong></span> <span class='ocrx_word' id='word_1_733' title='bbox 1885 4993 1962 5038; x_wconf 80' lang='lat' dir='ltr'><strong><em>te-</em></strong></span> 
     </span>
    </p>
   </div>
   <div class='ocr_carea' id='block_1_96' title="bbox 400 5067 1958 5145">
    <p class='ocr_par' dir='ltr' id='par_1_96' title="bbox 400 5067 1958 5145">
     <span class='ocr_line' id='line_1_96' title="bbox 400 5067 1958 5145; baseline 0.007 -25"><span class='ocrx_word' id='word_1_734' title='bbox 400 5075 623 5121; x_wconf 88' lang='lat' dir='ltr'><strong><em>nuerunt</em></strong></span> <span class='ocrx_word' id='word_1_735' title='bbox 648 5067 801 5121; x_wconf 80' lang='lat' dir='ltr'><strong><em>illum</em></strong></span> <span class='ocrx_word' id='word_1_736' title='bbox 829 5069 1097 5141; x_wconf 80' lang='lat' dir='ltr'><strong><em>Allophyli</em></strong></span> <span class='ocrx_word' id='word_1_737' title='bbox 1131 5072 1186 5125; x_wconf 88' lang='lat' dir='ltr'><strong><em>in</em></strong></span> <span class='ocrx_word' id='word_1_738' title='bbox 1221 5071 1348 5127; x_wconf 82' lang='lat' dir='ltr'><strong><em>Geth</em></strong></span> <span class='ocrx_word' id='word_1_739' title='bbox 1370 5090 1388 5127; x_wconf 90' lang='lat'><strong><em>:</em></strong></span> <span class='ocrx_word' id='word_1_740' title='bbox 1418 5089 1528 5143; x_wconf 91' lang='lat' dir='ltr'><strong><em>quo</em></strong></span> <span class='ocrx_word' id='word_1_741' title='bbox 1560 5083 1803 5145; x_wconf 90' lang='lat' dir='ltr'><strong><em>tempore</em></strong></span> <span class='ocrx_word' id='word_1_742' title='bbox 1822 5092 1958 5131; x_wconf 85' lang='lat' dir='ltr'><strong><em>non-</em></strong></span> 
     </span>
    </p>
   </div>
   <div class='ocr_carea' id='block_1_97' title="bbox 397 5157 1959 5238">
    <p class='ocr_par' dir='ltr' id='par_1_97' title="bbox 397 5157 1959 5238">
     <span class='ocr_line' id='line_1_97' title="bbox 397 5157 1959 5238; baseline 0.008 -28"><span class='ocrx_word' id='word_1_743' title='bbox 397 5157 526 5211; x_wconf 89' lang='lat' dir='ltr'><strong><em>dum</em></strong></span> <span class='ocrx_word' id='word_1_744' title='bbox 552 5160 813 5230; x_wconf 79' lang='lat' dir='ltr'><strong><em>regnabat</em></strong></span> <span class='ocrx_word' id='word_1_745' title='bbox 850 5161 1041 5225; x_wconf 82' lang='lat' dir='ltr'><strong><em>David,</em></strong></span> <span class='ocrx_word' id='word_1_746' title='bbox 1077 5162 1238 5219; x_wconf 85' lang='lat' dir='ltr'><strong><em>Saule</em></strong></span> <span class='ocrx_word' id='word_1_747' title='bbox 1257 5165 1568 5235; x_wconf 83' lang='lat' dir='ltr'><strong><em>superstite.</em></strong></span> <span class='ocrx_word' id='word_1_748' title='bbox 1611 5165 1959 5238; x_wconf 79' lang='lat' dir='ltr'><strong><em>Quinquage-</em></strong></span> 
     </span>
    </p>
   </div>
   <div class='ocr_carea' id='block_1_98' title="bbox 398 5249 1955 5322">
    <p class='ocr_par' dir='ltr' id='par_1_98' title="bbox 398 5249 1955 5322">
     <span class='ocr_line' id='line_1_98' title="bbox 398 5249 1955 5322; baseline 0.004 -19"><span class='ocrx_word' id='word_1_749' title='bbox 398 5249 573 5306; x_wconf 86' lang='lat' dir='ltr'><strong><em>simus</em></strong></span> <span class='ocrx_word' id='word_1_750' title='bbox 598 5260 777 5306; x_wconf 88' lang='lat' dir='ltr'><strong><em>autem</em></strong></span> <span class='ocrx_word' id='word_1_751' title='bbox 811 5262 997 5308; x_wconf 78' lang='lat' dir='ltr'><strong><em>sextus</em></strong></span> <span class='ocrx_word' id='word_1_752' title='bbox 1020 5254 1100 5309; x_wconf 86' lang='lat' dir='ltr'><strong><em>sic</em></strong></span> <span class='ocrx_word' id='word_1_753' title='bbox 1127 5254 1342 5308; x_wconf 82' lang='lat' dir='ltr'><strong><em>titulum</em></strong></span> <span class='ocrx_word' id='word_1_754' title='bbox 1379 5256 1560 5317; x_wconf 83' lang='lat' dir='ltr'><strong><em>habet,</em></strong></span> <span class='ocrx_word' id='word_1_755' title='bbox 1598 5255 1790 5322; x_wconf 78' lang='lat' dir='ltr'><strong><em>David,</em></strong></span> <span class='ocrx_word' id='word_1_756' title='bbox 1836 5272 1955 5309; x_wconf 88' lang='lat' dir='ltr'><strong><em>cum</em></strong></span> 
     </span>
    </p>
   </div>
   <div class='ocr_carea' id='block_1_99' title="bbox 397 5343 1949 5416">
    <p class='ocr_par' dir='ltr' id='par_1_99' title="bbox 397 5343 1949 5416">
     <span class='ocr_line' id='line_1_99' title="bbox 397 5343 1949 5416; baseline 0.003 -20"><span class='ocrx_word' id='word_1_757' title='bbox 397 5344 647 5412; x_wconf 73' lang='lat' dir='ltr'><strong><em>fugereta</em></strong></span> <span class='ocrx_word' id='word_1_758' title='bbox 673 5343 807 5411; x_wconf 78' lang='lat' dir='ltr'><strong><em>[acie</em></strong></span> <span class='ocrx_word' id='word_1_759' title='bbox 827 5344 960 5400; x_wconf 79' lang='lat' dir='ltr'><strong><em>Sani</em></strong></span> <span class='ocrx_word' id='word_1_760' title='bbox 981 5348 1034 5400; x_wconf 91' lang='lat' dir='ltr'><strong><em>in</em></strong></span> <span class='ocrx_word' id='word_1_761' title='bbox 1062 5348 1381 5416; x_wconf 79' lang='lat' dir='ltr'><strong><em>speluncam.</em></strong></span> <span class='ocrx_word' id='word_1_762' title='bbox 1414 5345 1676 5401; x_wconf 87' lang='lat' dir='ltr'><strong><em>Similiter</em></strong></span> <span class='ocrx_word' id='word_1_763' title='bbox 1707 5356 1759 5402; x_wconf 91' lang='lat' dir='ltr'><strong><em>et</em></strong></span> <span class='ocrx_word' id='word_1_764' title='bbox 1797 5362 1949 5409; x_wconf 83' lang='lat' dir='ltr'><strong><em>Lvm,</em></strong></span> 
     </span>
    </p>
   </div>
   <div class='ocr_carea' id='block_1_100' title="bbox 397 5430 1950 5504">
    <p class='ocr_par' dir='ltr' id='par_1_100' title="bbox 397 5430 1950 5504">
     <span class='ocr_line' id='line_1_100' title="bbox 397 5430 1950 5504; baseline 0.005 -21"><span class='ocrx_word' id='word_1_765' title='bbox 397 5430 624 5499; x_wconf 81' lang='lat' dir='ltr'><strong><em>Quando</em></strong></span> <span class='ocrx_word' id='word_1_766' title='bbox 658 5435 800 5487; x_wconf 85' lang='lat' dir='ltr'><strong><em>misit</em></strong></span> <span class='ocrx_word' id='word_1_767' title='bbox 830 5434 982 5497; x_wconf 83' lang='lat' dir='ltr'><strong><em>Saul,</em></strong></span> <span class='ocrx_word' id='word_1_768' title='bbox 1016 5438 1112 5501; x_wconf 83' lang='lat' dir='ltr'><strong><em>ait,</em></strong></span> <span class='ocrx_word' id='word_1_769' title='bbox 1160 5447 1208 5491; x_wconf 90' lang='lat' dir='ltr'><strong><em>et</em></strong></span> <span class='ocrx_word' id='word_1_770' title='bbox 1249 5436 1526 5491; x_wconf 77' lang='lat' dir='ltr'><strong><em>custodiuit</em></strong></span> <span class='ocrx_word' id='word_1_771' title='bbox 1557 5436 1771 5490; x_wconf 88' lang='lat' dir='ltr'><strong><em>domum</em></strong></span> <span class='ocrx_word' id='word_1_772' title='bbox 1816 5436 1950 5504; x_wconf 87' lang='lat' dir='ltr'><strong><em>ejus,</em></strong></span> 
     </span>
    </p>
   </div>
   <div class='ocr_carea' id='block_1_101' title="bbox 395 5526 1951 5599">
    <p class='ocr_par' dir='ltr' id='par_1_101' title="bbox 395 5526 1951 5599">
     <span class='ocr_line' id='line_1_101' title="bbox 395 5526 1951 5599; baseline 0.003 -21"><span class='ocrx_word' id='word_1_773' title='bbox 395 5535 454 5578; x_wconf 77' lang='lat' dir='ltr'><strong><em>ut</em></strong></span> <span class='ocrx_word' id='word_1_774' title='bbox 500 5540 619 5579; x_wconf 86' lang='lat' dir='ltr'><strong><em>eum</em></strong></span> <span class='ocrx_word' id='word_1_775' title='bbox 647 5526 978 5596; x_wconf 81' lang='lat' dir='ltr'><strong><em>interﬁceret.</em></strong></span> <span class='ocrx_word' id='word_1_776' title='bbox 1032 5527 1536 5599; x_wconf 76' lang='lat' dir='ltr'><strong><em>Quinquagesimus</em></strong></span> <span class='ocrx_word' id='word_1_777' title='bbox 1575 5543 1703 5583; x_wconf 85' lang='lat' dir='ltr'><strong><em>vero</em></strong></span> <span class='ocrx_word' id='word_1_778' title='bbox 1751 5544 1951 5592; x_wconf 86' lang='lat' dir='ltr'><strong><em>nonus,</em></strong></span> 
     </span>
    </p>
   </div>
   <div class='ocr_carea' id='block_1_102' title="bbox 396 5616 1950 5688">
    <p class='ocr_par' dir='ltr' id='par_1_102' title="bbox 396 5616 1950 5688">
     <span class='ocr_line' id='line_1_102' title="bbox 396 5616 1950 5688; baseline 0.003 -19"><span class='ocrx_word' id='word_1_779' title='bbox 396 5616 609 5673; x_wconf 88' lang='lat' dir='ltr'><strong><em>etiamsi</em></strong></span> <span class='ocrx_word' id='word_1_780' title='bbox 643 5628 767 5687; x_wconf 82' lang='lat' dir='ltr'><strong><em>post</em></strong></span> <span class='ocrx_word' id='word_1_781' title='bbox 820 5628 1047 5673; x_wconf 83' lang='lat' dir='ltr'><strong><em>mortem</em></strong></span> <span class='ocrx_word' id='word_1_782' title='bbox 1091 5620 1272 5675; x_wconf 85' lang='lat' dir='ltr'><strong><em>Saulis</em></strong></span> <span class='ocrx_word' id='word_1_783' title='bbox 1331 5621 1721 5688; x_wconf 89' lang='lat' dir='ltr'><strong><em>pronuntiatus</em></strong></span> <span class='ocrx_word' id='word_1_784' title='bbox 1766 5620 1950 5680; x_wconf 83' lang='lat' dir='ltr'><strong><em>fuerit,</em></strong></span> 
     </span>
    </p>
   </div>
   <div class='ocr_carea' id='block_1_103' title="bbox 2068 4604 3620 4677">
    <p class='ocr_par' dir='ltr' id='par_1_103' title="bbox 2068 4604 3620 4677">
     <span class='ocr_line' id='line_1_103' title="bbox 2068 4604 3620 4677; baseline -0.001 -16"><span class='ocrx_word' id='word_1_785' title='bbox 2068 4608 2249 4661; x_wconf 87' lang='grc' dir='ltr'>Δαυῒδ</span> <span class='ocrx_word' id='word_1_786' title='bbox 2286 4611 2373 4675; x_wconf 82' lang='grc' dir='ltr'>εὶς</span> <span class='ocrx_word' id='word_1_787' title='bbox 2399 4607 2506 4661; x_wconf 72' lang='grc' dir='ltr'>τὸν</span> <span class='ocrx_word' id='word_1_788' title='bbox 2547 4604 2714 4661; x_wconf 76' lang='grc' dir='ltr'>οἶκον</span> <span class='ocrx_word' id='word_1_789' title='bbox 2754 4607 3078 4677; x_wconf 73' lang='grc' dir='ltr'>Ἀϐιμέλεχ.</span> <span class='ocrx_word' id='word_1_790' title='bbox 3125 4606 3283 4660; x_wconf 82' lang='grc' dir='ltr'>Ἀλλά</span> <span class='ocrx_word' id='word_1_791' title='bbox 3327 4607 3421 4661; x_wconf 79' lang='grc' dir='ltr'>καὶ</span> <span class='ocrx_word' id='word_1_792' title='bbox 3462 4608 3489 4660; x_wconf 83' lang='grc' dir='ltr'><em>ὁ</em></span> <span class='ocrx_word' id='word_1_793' title='bbox 3523 4610 3620 4673; x_wconf 71' lang='lat' dir='ltr'><strong><em>VT&quot;</em></strong></span> 
     </span>
    </p>
   </div>
   <div class='ocr_carea' id='block_1_104' title="bbox 2081 4691 3621 4768">
    <p class='ocr_par' dir='ltr' id='par_1_104' title="bbox 2081 4691 3621 4768">
     <span class='ocr_line' id='line_1_104' title="bbox 2081 4691 3621 4768; baseline -0.003 -16"><span class='ocrx_word' id='word_1_794' title='bbox 2081 4700 2177 4754; x_wconf 73' lang='grc' dir='ltr'><strong><em>Ἐν</em></strong></span> <span class='ocrx_word' id='word_1_795' title='bbox 2218 4699 2299 4765; x_wconf 83' lang='grc' dir='ltr'>τῷ</span> <span class='ocrx_word' id='word_1_796' title='bbox 2347 4698 2544 4753; x_wconf 72' lang='grc' dir='ltr'><strong><em>ἐλθεῖν</em></strong></span> <span class='ocrx_word' id='word_1_797' title='bbox 2601 4699 2740 4765; x_wconf 86' lang='grc' dir='ltr'>τοὺς</span> <span class='ocrx_word' id='word_1_798' title='bbox 2789 4698 3106 4768; x_wconf 72' lang='grc' dir='ltr'>Ζιφαίους,</span> <span class='ocrx_word' id='word_1_799' title='bbox 3174 4696 3271 4751; x_wconf 70' lang='grc' dir='ltr'>καὶ</span> <span class='ocrx_word' id='word_1_800' title='bbox 3323 4696 3510 4750; x_wconf 71' lang='grc' dir='ltr'>εἰπεῖν</span> <span class='ocrx_word' id='word_1_801' title='bbox 3549 4691 3621 4758; x_wconf 78' lang='grc' dir='ltr'>τῷ</span> 
     </span>
    </p>
   </div>
   <div class='ocr_carea' id='block_1_105' title="bbox 2071 4784 3622 4859">
    <p class='ocr_par' dir='ltr' id='par_1_105' title="bbox 2071 4784 3622 4859">
     <span class='ocr_line' id='line_1_105' title="bbox 2071 4784 3622 4859; baseline -0.005 -14"><span class='ocrx_word' id='word_1_802' title='bbox 2071 4791 2295 4845; x_wconf 71' lang='grc' dir='ltr'><strong><em>Σαούλ·</em></strong></span> <span class='ocrx_word' id='word_1_803' title='bbox 2346 4791 2491 4859; x_wconf 84' lang='grc' dir='ltr'><strong><em>Οὐχὶ</em></strong></span> <span class='ocrx_word' id='word_1_804' title='bbox 2528 4788 2654 4843; x_wconf 75' lang='grc' dir='ltr'>ἰδοὺ</span> <span class='ocrx_word' id='word_1_805' title='bbox 2684 4789 2864 4843; x_wconf 85' lang='grc' dir='ltr'>Δαυῒδ</span> <span class='ocrx_word' id='word_1_806' title='bbox 2911 4787 3237 4857; x_wconf 81' lang='grc' dir='ltr'>κέκρυπται</span> <span class='ocrx_word' id='word_1_807' title='bbox 3285 4787 3422 4855; x_wconf 74' lang='grc' dir='ltr'>παρ’</span> <span class='ocrx_word' id='word_1_808' title='bbox 3458 4784 3622 4855; x_wconf 58' lang='lat' dir='ltr'><strong><em>mir;</em></strong></span> 
     </span>
    </p>
   </div>
   <div class='ocr_carea' id='block_1_106' title="bbox 2067 4877 3621 4956">
    <p class='ocr_par' dir='ltr' id='par_1_106' title="bbox 2067 4877 3621 4956">
     <span class='ocr_line' id='line_1_106' title="bbox 2067 4877 3621 4956; baseline -0.005 -20"><span class='ocrx_word' id='word_1_809' title='bbox 2067 4884 2269 4956; x_wconf 80' lang='grc' dir='ltr'>εἴρητο.</span> <span class='ocrx_word' id='word_1_810' title='bbox 2308 4882 2418 4941; x_wconf 76' lang='grc' dir='ltr'>Καὶ</span> <span class='ocrx_word' id='word_1_811' title='bbox 2455 4885 2483 4936; x_wconf 84' lang='grc' dir='ltr'>ὁ</span> <span class='ocrx_word' id='word_1_812' title='bbox 2524 4889 2564 4934; x_wconf 91' lang='grc' dir='ltr'>ε’</span> <span class='ocrx_word' id='word_1_813' title='bbox 2596 4883 2654 4936; x_wconf 79' lang='grc' dir='ltr'>δὲ</span> <span class='ocrx_word' id='word_1_814' title='bbox 2692 4883 2787 4936; x_wconf 75' lang='grc' dir='ltr'><strong><em>καὶ</em></strong></span> <span class='ocrx_word' id='word_1_815' title='bbox 2812 4889 2885 4935; x_wconf 84' lang='grc' dir='ltr'>ν”</span> <span class='ocrx_word' id='word_1_816' title='bbox 2916 4882 3054 4934; x_wconf 83' lang='grc' dir='ltr'>Ὅτε</span> <span class='ocrx_word' id='word_1_817' title='bbox 3083 4880 3422 4950; x_wconf 77' lang='grc' dir='ltr'>ἐκράτησαν</span> <span class='ocrx_word' id='word_1_818' title='bbox 3451 4877 3621 4932; x_wconf 82' lang='grc' dir='ltr'>αὐτὸν</span> 
     </span>
    </p>
   </div>
   <div class='ocr_carea' id='block_1_107' title="bbox 2067 4968 3620 5047">
    <p class='ocr_par' dir='ltr' id='par_1_107' title="bbox 2067 4968 3620 5047">
     <span class='ocr_line' id='line_1_107' title="bbox 2067 4968 3620 5047; baseline -0.006 -17"><span class='ocrx_word' id='word_1_819' title='bbox 2067 4978 2123 5030; x_wconf 79' lang='grc' dir='ltr'>οἱ</span> <span class='ocrx_word' id='word_1_820' title='bbox 2160 4976 2508 5044; x_wconf 67' lang='grc' dir='ltr'>Ἀλλόεουλοι</span> <span class='ocrx_word' id='word_1_821' title='bbox 2556 4976 2627 5029; x_wconf 80' lang='grc' dir='ltr'>ἐν</span> <span class='ocrx_word' id='word_1_822' title='bbox 2666 4975 2803 5039; x_wconf 85' lang='grc' dir='ltr'><strong><em>Γὲθ,</em></strong></span> <span class='ocrx_word' id='word_1_823' title='bbox 2843 4974 3276 5046; x_wconf 76' lang='grc' dir='ltr'>ἐπιγέγραπται·</span> <span class='ocrx_word' id='word_1_824' title='bbox 3326 4970 3393 5047; x_wconf 83' lang='grc' dir='ltr'>ἦν</span> <span class='ocrx_word' id='word_1_825' title='bbox 3433 4972 3488 5026; x_wconf 85' lang='grc' dir='ltr'>δὲ</span> <span class='ocrx_word' id='word_1_826' title='bbox 3534 4968 3620 5024; x_wconf 77' lang='grc' dir='ltr'><strong><em>καὶ</em></strong></span> 
     </span>
    </p>
   </div>
   <div class='ocr_carea' id='block_1_108' title="bbox 2065 5061 3616 5140">
    <p class='ocr_par' dir='ltr' id='par_1_108' title="bbox 2065 5061 3616 5140">
     <span class='ocr_line' id='line_1_108' title="bbox 2065 5061 3616 5140; baseline -0.006 -18"><span class='ocrx_word' id='word_1_827' title='bbox 2065 5063 2218 5131; x_wconf 74' lang='grc' dir='ltr'>οὗτος</span> <span class='ocrx_word' id='word_1_828' title='bbox 2249 5075 2278 5126; x_wconf 87' lang='grc' dir='ltr'><em>ὁ</em></span> <span class='ocrx_word' id='word_1_829' title='bbox 2313 5068 2502 5140; x_wconf 83' lang='grc' dir='ltr'>χρόνος</span> <span class='ocrx_word' id='word_1_830' title='bbox 2545 5069 2574 5120; x_wconf 90' lang='grc' dir='ltr'>ὁ</span> <span class='ocrx_word' id='word_1_831' title='bbox 2616 5068 2719 5138; x_wconf 68' lang='grc' dir='ltr'><strong><em>πρὸ</em></strong></span> <span class='ocrx_word' id='word_1_832' title='bbox 2766 5067 2866 5138; x_wconf 82' lang='grc' dir='ltr'>τῆς</span> <span class='ocrx_word' id='word_1_833' title='bbox 2906 5066 3176 5138; x_wconf 83' lang='grc' dir='ltr'>βασιλείας</span> <span class='ocrx_word' id='word_1_834' title='bbox 3208 5066 3300 5120; x_wconf 79' lang='grc' dir='ltr'>τοῦ</span> <span class='ocrx_word' id='word_1_835' title='bbox 3341 5064 3515 5127; x_wconf 78' lang='grc' dir='ltr'>Δαυῖδ,</span> <span class='ocrx_word' id='word_1_836' title='bbox 3544 5061 3616 5114; x_wconf 75' lang='grc' dir='ltr'>ἔτι</span> 
     </span>
    </p>
   </div>
   <div class='ocr_carea' id='block_1_109' title="bbox 2064 5156 3614 5229">
    <p class='ocr_par' dir='ltr' id='par_1_109' title="bbox 2064 5156 3614 5229">
     <span class='ocr_line' id='line_1_109' title="bbox 2064 5156 3614 5229; baseline -0.003 -17"><span class='ocrx_word' id='word_1_837' title='bbox 2064 5158 2156 5212; x_wconf 77' lang='grc' dir='ltr'>τοῦ</span> <span class='ocrx_word' id='word_1_838' title='bbox 2193 5159 2363 5212; x_wconf 69' lang='grc' dir='ltr'>Σαοὺλ</span> <span class='ocrx_word' id='word_1_839' title='bbox 2401 5158 2682 5229; x_wconf 79' lang='grc' dir='ltr'>περιόντος</span> <span class='ocrx_word' id='word_1_840' title='bbox 2709 5157 2787 5228; x_wconf 85' lang='grc' dir='ltr'>τῷ</span> <span class='ocrx_word' id='word_1_841' title='bbox 2825 5157 2942 5229; x_wconf 84' lang='grc' dir='ltr'>βίῳ,</span> <span class='ocrx_word' id='word_1_842' title='bbox 2981 5159 3074 5212; x_wconf 74' lang='grc' dir='ltr'><strong><em>καὶ</em></strong></span> <span class='ocrx_word' id='word_1_843' title='bbox 3110 5160 3137 5211; x_wconf 87' lang='grc' dir='ltr'>ὁ</span> <span class='ocrx_word' id='word_1_844' title='bbox 3181 5164 3266 5221; x_wconf 79' lang='grc' dir='ltr'>νς⁹</span> <span class='ocrx_word' id='word_1_845' title='bbox 3311 5156 3614 5228; x_wconf 67' lang='grc' dir='ltr'>ἐπιγρὰφξι·</span> 
     </span>
    </p>
   </div>
   <div class='ocr_carea' id='block_1_110' title="bbox 2070 5248 3617 5318">
    <p class='ocr_par' dir='ltr' id='par_1_110' title="bbox 2070 5248 3617 5318">
     <span class='ocr_line' id='line_1_110' title="bbox 2070 5248 3617 5318; baseline -0.006 -12"><span class='ocrx_word' id='word_1_846' title='bbox 2070 5252 2155 5318; x_wconf 87' lang='grc' dir='ltr'><strong><em>Τῷ</em></strong></span> <span class='ocrx_word' id='word_1_847' title='bbox 2187 5253 2385 5315; x_wconf 81' lang='grc' dir='ltr'>Δαυῒδ,</span> <span class='ocrx_word' id='word_1_848' title='bbox 2412 5253 2483 5305; x_wconf 79' lang='grc' dir='ltr'><strong><em>ἐν</em></strong></span> <span class='ocrx_word' id='word_1_849' title='bbox 2503 5248 2582 5316; x_wconf 86' lang='grc' dir='ltr'>τῷ</span> <span class='ocrx_word' id='word_1_850' title='bbox 2617 5251 2802 5305; x_wconf 79' lang='grc' dir='ltr'><strong><em>αῠτ;“ν</em></strong></span> <span class='ocrx_word' id='word_1_851' title='bbox 2828 5248 3289 5318; x_wconf 80' lang='grc' dir='ltr'>ἀποδιδράσκειν</span> <span class='ocrx_word' id='word_1_852' title='bbox 3311 5249 3424 5303; x_wconf 75' lang='grc' dir='ltr'><strong><em>ἀπὸ</em></strong></span> <span class='ocrx_word' id='word_1_853' title='bbox 3446 5259 3617 5315; x_wconf 79' lang='grc' dir='ltr'>προσ·</span> 
     </span>
    </p>
   </div>
   <div class='ocr_carea' id='block_1_111' title="bbox 2060 5334 3617 5409">
    <p class='ocr_par' dir='ltr' id='par_1_111' title="bbox 2060 5334 3617 5409">
     <span class='ocr_line' id='line_1_111' title="bbox 2060 5334 3617 5409; baseline -0.007 -11"><span class='ocrx_word' id='word_1_854' title='bbox 2060 5343 2223 5398; x_wconf 86' lang='grc' dir='ltr'><strong><em>ὡπου</em></strong></span> <span class='ocrx_word' id='word_1_855' title='bbox 2278 5343 2475 5398; x_wconf 75' lang='grc' dir='ltr'>Σαοὺλ</span> <span class='ocrx_word' id='word_1_856' title='bbox 2526 5346 2614 5409; x_wconf 81' lang='grc' dir='ltr'>εὶς</span> <span class='ocrx_word' id='word_1_857' title='bbox 2656 5342 2720 5397; x_wconf 82' lang='grc' dir='ltr'>τὸ</span> <span class='ocrx_word' id='word_1_858' title='bbox 2768 5341 3089 5409; x_wconf 77' lang='grc' dir='ltr'>σπήλαιον.</span> <span class='ocrx_word' id='word_1_859' title='bbox 3136 5341 3408 5403; x_wconf 79' lang='grc' dir='ltr'>Ὡσαύτως</span> <span class='ocrx_word' id='word_1_860' title='bbox 3450 5337 3540 5390; x_wconf 79' lang='grc' dir='ltr'><strong><em>καὶ</em></strong></span> <span class='ocrx_word' id='word_1_861' title='bbox 3590 5334 3617 5384; x_wconf 81' lang='grc' dir='ltr'>ὁ</span> 
     </span>
    </p>
   </div>
   <div class='ocr_carea' id='block_1_112' title="bbox 2064 5427 3614 5507">
    <p class='ocr_par' dir='ltr' id='par_1_112' title="bbox 2064 5427 3614 5507">
     <span class='ocr_line' id='line_1_112' title="bbox 2064 5427 3614 5507; baseline -0.008 -17"><span class='ocrx_word' id='word_1_862' title='bbox 2064 5443 2174 5507; x_wconf 87' lang='grc' dir='ltr'>νηό</span> <span class='ocrx_word' id='word_1_863' title='bbox 2206 5436 2435 5500; x_wconf 85' lang='grc' dir='ltr'>Ὁπότε,</span> <span class='ocrx_word' id='word_1_864' title='bbox 2479 5437 2664 5505; x_wconf 63' lang='grc' dir='ltr'>φησιν,</span> <span class='ocrx_word' id='word_1_865' title='bbox 2708 5434 3026 5489; x_wconf 80' lang='grc' dir='ltr'>ἀπέστειλε</span> <span class='ocrx_word' id='word_1_866' title='bbox 3064 5434 3296 5498; x_wconf 78' lang='grc' dir='ltr'>Σαοὺλ,</span> <span class='ocrx_word' id='word_1_867' title='bbox 3336 5431 3437 5486; x_wconf 82' lang='grc' dir='ltr'>καὶ</span> <span class='ocrx_word' id='word_1_868' title='bbox 3484 5427 3614 5496; x_wconf 49' lang='lat' dir='ltr'><strong><em>ego-</em></strong></span> 
     </span>
    </p>
   </div>
   <div class='ocr_carea' id='block_1_113' title="bbox 2062 5517 3613 5591">
    <p class='ocr_par' dir='ltr' id='par_1_113' title="bbox 2062 5517 3613 5591">
     <span class='ocr_line' id='line_1_113' title="bbox 2062 5517 3613 5591; baseline -0.007 -10"><span class='ocrx_word' id='word_1_869' title='bbox 2062 5528 2211 5591; x_wconf 72' lang='grc' dir='ltr'>λιιξε</span> <span class='ocrx_word' id='word_1_870' title='bbox 2239 5528 2347 5581; x_wconf 81' lang='grc' dir='ltr'><strong><em>τὸν</em></strong></span> <span class='ocrx_word' id='word_1_871' title='bbox 2376 5523 2543 5580; x_wconf 76' lang='grc' dir='ltr'>οἷκον</span> <span class='ocrx_word' id='word_1_872' title='bbox 2570 5526 2774 5590; x_wconf 79' lang='grc' dir='ltr'>αὐτοῦ,</span> <span class='ocrx_word' id='word_1_873' title='bbox 2814 5526 2920 5581; x_wconf 83' lang='grc' dir='ltr'>τοῦ</span> <span class='ocrx_word' id='word_1_874' title='bbox 2958 5524 3293 5579; x_wconf 82' lang='grc' dir='ltr'>θανατῶσαι</span> <span class='ocrx_word' id='word_1_875' title='bbox 3327 5523 3523 5577; x_wconf 69' lang='grc' dir='ltr'>αὐτόν.</span> <span class='ocrx_word' id='word_1_876' title='bbox 3552 5517 3613 5568; x_wconf 85' lang='grc'><strong><em>’0</em></strong></span> 
     </span>
    </p>
   </div>
   <div class='ocr_carea' id='block_1_114' title="bbox 2065 5610 3611 5688">
    <p class='ocr_par' dir='ltr' id='par_1_114' title="bbox 2065 5610 3611 5688">
     <span class='ocr_line' id='line_1_114' title="bbox 2065 5610 3611 5688; baseline -0.001 -18"><span class='ocrx_word' id='word_1_877' title='bbox 2065 5635 2125 5686; x_wconf 86' lang='grc' dir='ltr'><strong><em>γε</em></strong></span> <span class='ocrx_word' id='word_1_878' title='bbox 2169 5617 2273 5688; x_wconf 77' lang='grc' dir='ltr'><strong><em>μὴν</em></strong></span> <span class='ocrx_word' id='word_1_879' title='bbox 2321 5617 2486 5680; x_wconf 77' lang='grc' dir='ltr'>νϐ’,εί</span> <span class='ocrx_word' id='word_1_880' title='bbox 2521 5619 2613 5672; x_wconf 71' lang='grc' dir='ltr'><strong><em>καὶ</em></strong></span> <span class='ocrx_word' id='word_1_881' title='bbox 2666 5617 2804 5688; x_wconf 84' lang='grc' dir='ltr'><strong><em>μετά</em></strong></span> <span class='ocrx_word' id='word_1_882' title='bbox 2848 5617 2936 5670; x_wconf 75' lang='grc' dir='ltr'><strong><em>τὸν</em></strong></span> <span class='ocrx_word' id='word_1_883' title='bbox 2981 5616 3206 5670; x_wconf 76' lang='grc' dir='ltr'>θάνατον</span> <span class='ocrx_word' id='word_1_884' title='bbox 3233 5614 3398 5669; x_wconf 74' lang='grc' dir='ltr'>Σαοὺλ</span> <span class='ocrx_word' id='word_1_885' title='bbox 3422 5610 3611 5682; x_wconf 60' lang='grc' dir='ltr'>εἴρητο,</span> 
     </span>
    </p>
   </div>
   <div class='ocr_carea' id='block_1_115' title="bbox 467 5740 1970 5844">
    <p class='ocr_par' dir='ltr' id='par_1_115' title="bbox 467 5740 1970 5843">
     <span class='ocr_line' id='line_1_115' title="bbox 467 5740 1970 5843; baseline 0.001 -17"><span class='ocrx_word' id='word_1_886' title='bbox 467 5773 511 5807; x_wconf 79' lang='grc' dir='ltr'>ε·</span> <span class='ocrx_word' id='word_1_887' title='bbox 552 5772 729 5843; x_wconf 73' lang='lat' dir='ltr'><strong><em>Ineg.</em></strong></span> <span class='ocrx_word' id='word_1_888' title='bbox 765 5790 897 5837; x_wconf 67' lang='lat' dir='ltr'><strong><em>xm,</em></strong></span> <span class='ocrx_word' id='word_1_889' title='bbox 930 5773 1078 5828; x_wconf 76' lang='grc' dir='ltr'>ο-ιι.</span> <span class='ocrx_word' id='word_1_890' title='bbox 1156 5774 1197 5805; x_wconf 72' lang='grc' dir='ltr'><strong><em>εί</em></strong></span> <span class='ocrx_word' id='word_1_891' title='bbox 1238 5773 1369 5829; x_wconf 85' lang='lat' dir='ltr'><strong><em>ibid.</em></strong></span> <span class='ocrx_word' id='word_1_892' title='bbox 1413 5774 1495 5838; x_wconf 84' lang='lat' dir='ltr'><strong><em>l8,</em></strong></span> <span class='ocrx_word' id='word_1_893' title='bbox 1528 5775 1609 5829; x_wconf 77' lang='grc' dir='ltr'><strong><em>ιο.</em></strong></span> <span class='ocrx_word' id='word_1_894' title='bbox 1646 5740 1651 5745; x_wconf 72' lang='grc'><em>’</em></span> <span class='ocrx_word' id='word_1_895' title='bbox 1687 5776 1731 5804; x_wconf 61' lang='grc' dir='ltr'><strong><em>δ’</em></strong></span> <span class='ocrx_word' id='word_1_896' title='bbox 1767 5774 1910 5830; x_wconf 84' lang='lat' dir='ltr'><strong><em>Psal.</em></strong></span> <span class='ocrx_word' id='word_1_897' title='bbox 1952 5791 1970 5827; x_wconf 63' lang='grc' dir='ltr'>λ</span> 
     </span>
    </p>
   </div>
   <div class='ocr_carea' id='block_1_116' title="bbox 2077 5740 3237 5844">
    <p class='ocr_par' dir='ltr' id='par_1_116' title="bbox 2086 5770 3237 5844">
     <span class='ocr_line' id='line_1_116' title="bbox 2086 5770 3237 5844; baseline -0.001 -17"><span class='ocrx_word' id='word_1_898' title='bbox 2086 5790 2158 5839; x_wconf 85' lang='grc' dir='ltr'><strong><em>ιι,</em></strong></span> <span class='ocrx_word' id='word_1_899' title='bbox 2192 5775 2243 5826; x_wconf 75' lang='grc'>2.</span> <span class='ocrx_word' id='word_1_900' title='bbox 2324 5775 2365 5803; x_wconf 70' lang='grc'><strong><em>⁵³</em></strong></span> <span class='ocrx_word' id='word_1_901' title='bbox 2407 5772 2420 5823; x_wconf 93' lang='grc'><strong>1</strong></span> <span class='ocrx_word' id='word_1_902' title='bbox 2458 5773 2585 5844; x_wconf 76' lang='lat' dir='ltr'><strong><em>Reg.</em></strong></span> <span class='ocrx_word' id='word_1_903' title='bbox 2624 5789 2735 5840; x_wconf 75' lang='lat' dir='ltr'><strong><em>xxi,</em></strong></span> <span class='ocrx_word' id='word_1_904' title='bbox 2776 5773 2825 5829; x_wconf 86' lang='lat' dir='ltr'><strong><em>l.</em></strong></span> <span class='ocrx_word' id='word_1_905' title='bbox 2903 5774 2946 5805; x_wconf 57' lang='grc' dir='ltr'>εδ</span> <span class='ocrx_word' id='word_1_906' title='bbox 2986 5770 3117 5827; x_wconf 82' lang='lat' dir='ltr'><strong><em>ibid.</em></strong></span> <span class='ocrx_word' id='word_1_907' title='bbox 3157 5770 3237 5826; x_wconf 80' lang='lat' dir='ltr'><strong><em>ll.</em></strong></span> 
     </span>
    </p>
   </div>
  </div>
