3822 6280
167 382 267 436 Ηό

1258 373 1757 432 (ΞΟΜΜΕΝΤΑΒΙΑ
1795 374 1862 430 ΙΝ
1901 373 2239 430 PSALMOS.

3260 371 3376 427 ηε

166 501 254 571 ἥδη
285 499 644 569 βασιλευοντος
674 492 762 548 τοῦ
794 492 972 557 Δαυῒδ,
997 492 1136 548 and:
1173 493 1266 546 καὶ
1294 494 1453 560 αὐτὸς
1481 495 1584 564 πρὸ
1607 497 1702 566 τῆς

1803 496 1914 563 jam
1947 499 2208 564 regnante
2249 491 2452 547 Davide
2487 512 2502 558 ;
2535 500 2590 545 at
2616 493 2729 561 ipse
2766 506 2979 562 quoque
3008 500 3133 545 ante
3163 489 3366 544 admis-

168 592 289 646 κατὰ
314 591 400 642 τὸν
432 589 630 659 Οὐρίαν
660 585 939 658 πράξεωςο
970 584 998 636 ὃ
1030 586 1091 657 δὴ
1125 586 1444 656 σημαίνεται
1467 588 1573 639 ἀπὸ
1599 588 1697 656 τῆς

167 680 487 752 προγραφῆς,
509 679 627 747 ἥτις
652 678 797 748 δηλοῖ
820 677 909 730 τὸν
939 677 1122 748 χρόνον
1149 676 1427 744 φάσκουσα
1446 694 1457 706 ·
1500 677 1703 729 Ὁπότε

164 774 456 839 ἐνεπύρισε
501 769 613 835 τὴν
653 768 1110 836 Μεσοποταμίαν
1156 767 1402 834 Συρίας,
1447 767 1543 819 καὶ
1590 765 1704 833 τὴν

167 864 364 931 Συρίαν
405 859 569 914 Σωσᾶ
592 902 604 924 ,
653 860 749 913 καὶ
795 858 1174 926 ἀπέστρεψεν
1217 859 1372 912 ἰωὰϐ
1418 860 1514 911 καὶ
1563 857 1704 911 ἐπά-

166 957 286 1019 ταξε
328 954 439 1022 τὴν
469 952 737 1022 φάραγγα
781 952 899 1004 τῶν
915 951 1112 1017 Ἁλῶν,
1145 951 1369 1004 δώδεκα
1401 951 1699 1020 χιλιάδας.

166 1045 324 1099 Ταῦτα
368 1043 424 1096 δὲ
463 1046 575 1106 τοῖς
609 1042 817 1113 χρόνοις
861 1041 1088 1113 προάγει
1127 1043 1224 1112 τὴν
1253 1043 1308 1092 ὲν
1331 1040 1407 1110 τῷ
1432 1047 1472 1093 ν’
1504 1039 1701 1110 ψαλμῷ

165 1137 538 1206 ἐξομολόγησιν.
571 1136 690 1188 Ἔτι
721 1135 826 1205 μὴν
858 1135 949 1188 καὶ
980 1136 1007 1186 ὁ
1035 1133 1111 1201 ξδ’
1148 1134 1358 1205 ψαλμὸς
1400 1133 1590 1203 ἐλέχθη
1624 1133 1701 1204 τῷ

165 1226 300 1281 Δαυῒδ
321 1228 388 1279 ἐν
419 1224 498 1290 τῷ
524 1222 675 1279 εἶναι
715 1225 901 1278 αὐτὸν
941 1227 1009 1277 ἐν
1045 1224 1118 1292 τῇ
1159 1225 1351 1293 ἐρήμῳ
1381 1224 1492 1291 τῆς
1529 1224 1701 1278 Ἰδου-

165 1320 332 1384 μαίας,
363 1315 562 1379 ζῶντος
603 1316 681 1368 ἔτι
723 1316 813 1369 τοῦ
850 1316 1033 1369 Σαούλ.
1065 1315 1172 1368 Καὶ
1203 1316 1298 1368 θέα
1339 1316 1486 1378 ὅπως
1519 1314 1700 1383 σχεδὸν

164 1413 202 1462 οξ
232 1409 452 1461 πλεῖστοι
482 1407 577 1461 τοῦ
607 1407 851 1479 δευτέρου
888 1408 1082 1478 μέρους
1108 1408 1206 1476 τῆς
1236 1407 1411 1476 βξόλου
1432 1406 1540 1460 τῶν
1566 1405 1698 1475 ψαλ-

167 1502 261 1570 μῶν
283 1499 368 1552 τοῦ
385 1499 566 1562 Δαυῒδ,
593 1501 858 1571 παρεκτὸς
879 1501 970 1552 τοῦ
1005 1507 1068 1564 ν’,
1097 1501 1223 1563 τοὺς
1255 1498 1528 1570 πρόπαλαι
1552 1499 1702 1570 εἰρη-

167 1591 331 1662 μένους
361 1591 506 1662 αὐτῷ
535 1594 640 1662 πρὸ
676 1592 783 1644 τῶν
817 1593 1019 1662 χρόνων
1051 1592 1148 1662 τῆς
1187 1590 1328 1644 κατὰ
1369 1591 1458 1644 τὸν
1503 1590 1701 1661 Οὐρίαν

164 1685 383 1754 πράξεως
413 1684 815 1753 περιειλήφασι.
851 1684 922 1735 Τό
944 1700 1007 1750 γε
1041 1682 1144 1753 μὴν
1174 1683 1385 1754 πρῶτον
1417 1683 1576 1754 μέρος
1604 1683 1702 1752 τῆς

164 1777 305 1845 αὐτῆς
336 1775 512 1844 βίῦλου
553 1775 616 1828 τὸ
660 1776 767 1828 ἀπὸ
812 1775 1026 1847 πρώτου
1073 1775 1166 1828 καὶ
1202 1775 1360 1846 μέχρι
1397 1782 1448 1845 μ’
1492 1776 1590 1845 τὴν
1618 1775 1702 1826 ὲν-

1807 601 1926 640 sum
1953 586 2008 639 in
2050 585 2235 641 Uriam
2268 583 2482 639 facinus
2515 585 2695 639 editus
2727 593 2838 638 est:
2871 583 3015 652 quod
3047 599 3109 637 ex
3159 580 3361 636 inscri-

1803 678 1985 748 ptione
2032 677 2389 747 signiﬁcatur,
2447 675 2712 745 temporis
2782 666 2981 728 notam'
3023 672 3229 727 ferente
3278 670 3363 724 his

1804 767 2017 821 verbis:
2067 764 2199 820 Cum
2241 764 2509 818 succendit
2557 762 3001 831 Mesopotamiam
3063 761 3252 830 Syriae,
3312 769 3362 812 et

1804 856 2015 926 Syriam
2063 854 2203 910 Soba
2248 871 2267 909 :
2300 866 2349 910 et
2387 871 2662 908 conversus
2698 852 2834 907 Joab
2881 854 3134 921 percussit
3175 852 3361 906 vallem

1804 947 2136 1013 Satinarum,
2169 948 2444 1001 duodecim
2489 946 2679 1002 millia.
2728 946 2854 1000 Haec
2909 958 3074 1014 porro
3119 950 3364 1012 tempore

1801 1045 2125 1107 praevertunt
2153 1038 2548 1092 confessionem
2594 1036 2648 1089 in
2690 1051 2721 1089 L
2773 1034 2982 1105 psalmo
3014 1031 3230 1085 factam.
3268 1032 3348 1081 ιι.-

1802 1142 1968 1196 super
2004 1142 2113 1180 Lm
2147 1141 2176 1178 a
2233 1125 2434 1178 Davide
2457 1124 2636 1178 dictus
2662 1131 2766 1187 est,
2784 1138 2899 1176 cum
2927 1127 3058 1174 esset
3087 1119 3140 1171 in
3164 1118 3368 1200 deserto

1803 1217 2076 1282 Idumww,
2113 1219 2327 1273 vivente
2383 1216 2562 1270 adhuc
2606 1216 2790 1272 Saule.
2844 1216 2923 1270 Ac
2954 1212 3088 1267 mihi
3132 1225 3364 1282 perpen-

1801 1311 1899 1365 das
1934 1311 2114 1373 velim,
2154 1326 2263 1380 quo
2309 1317 2466 1378 pacto
2508 1308 2753 1379 plerique
2801 1308 2857 1361 in
2915 1303 3154 1361 secunda
3209 1309 3365 1374 parte

1801 1402 1946 1463 libri,
1978 1405 2309 1471 psalmorum
2371 1399 2593 1455 Davidis
2643 1397 2807 1469 positi
2861 1396 3078 1468 psalmi,
3133 1400 3365 1463 excepto

1801 1494 2280 1566 quinquagesimo,
2309 1509 2405 1550 eos
2451 1493 2544 1564 qui
2591 1493 2659 1546 ab
2707 1491 2828 1562 ipso
2863 1489 2955 1543 diu
2987 1496 3112 1542 ante
3151 1495 3368 1556 tempus

1799 1587 1937 1656 gesti
1970 1586 2024 1639 in
2059 1584 2238 1638 Uriam
2274 1583 2534 1638 facinoris
2579 1579 2915 1652 pronuntiati
2956 1578 3190 1640 fuerant,
3224 1591 3363 1645 pra:—

1801 1677 2210 1746 occupaveriut.
2285 1675 2466 1729 Prima
2525 1689 2655 1729 sane
2704 1688 2830 1742 pars
2877 1671 3120 1740 ejusdem
3173 1667 3296 1722 libri
3333 1681 3365 1719 a

1802 1769 1978 1838 primo
2026 1768 2106 1838 ad.
2127 1766 2630 1838 quadragesimum,
2663 1764 2999 1818 contrarium
3023 1761 3184 1814 habet
3213 1757 3364 1812 ordi-

163 1867 320 1920 αντίαν
350 1863 459 1936 εἶχε
496 1867 652 1931 τάξιν
672 1885 685 1898 ·
718 1869 844 1930 τοὺς
880 1866 987 1938 γὰρ
1019 1867 1158 1937 μετὰ
1197 1867 1292 1938 τὴν
1322 1866 1702 1938 ἐξομολόγησιν

1803 1875 1960 1912 nem:
1996 1873 2229 1928 namque
2252 1872 2380 1928 pars
2415 1857 2504 1910 illa
2533 1870 2649 1919 eos,
2675 1854 2768 1924 qui
2800 1860 2923 1924 post
2964 1849 3362 1906 confessionem

161 1955 238 2010 τοῦ
268 1964 304 2010 ν’
335 1958 504 2010 ἐκεῖνο
535 1962 776 2030 περιεῖχε
807 1959 868 2011 τὸ
901 1959 1083 2029 μέρος.
1132 1958 1187 2011 Ὀ
1213 1960 1342 2028 γοῦν
1372 1959 1550 2030 τρίτος
1571 1957 1703 2027 ψαλ-

165 2050 246 2118 μδς
282 2047 490 2100 λέλεκτο
543 2049 625 2118 τῷ
665 2049 855 2112 Δαυῒδ,
895 2049 1071 2102 ὁπότε
1111 2048 1546 2115 ἀπεδίδρασκεν
1584 2047 1702 2102 ἀπὸ

162 2142 450 2208 προσώπου
489 2145 869 2206 Ἀϐεσσανλὼιι
915 2143 1018 2196 τοῦ
1060 2143 1192 2196 υἱοῦ
1226 2142 1429 2196 αὐτοῦ.
1466 2143 1702 2210 Ἔφευγε

161 2233 205 2285 δὲ
232 2235 310 2286 τὸν
332 2235 438 2286 υἱὸν
472 2234 617 2304 μετὰ
643 2234 736 2305 τὴν
754 2234 987 2305 ἱστορίαν
1000 2234 1092 2286 τοῦ
1121 2235 1336 2305 Οὐρίου.
1357 2233 1513 2287 Ἀλλὰ
1528 2234 1621 2286 καὶ
1645 2235 1702 2286 ἐν

161 2324 224 2393 τῷ
246 2331 289 2388 ς’
315 2327 406 2396 τῆς
429 2327 603 2394 αὐτῆς
634 2327 791 2378 ἕνεκα
813 2327 1060 2396 πράξεως
1086 2325 1420 2396 ἀπεκλάετος(
1430 2327 1482 2396 1)
1499 2325 1696 2394 λέγων.

172 2417 458 2470 Ἐκοπίασα
482 2417 554 2468 ἐν
583 2415 665 2481 τῷ
690 2415 998 2483 στεναγμῷ
1019 2434 1133 2485 μου
1152 2456 1166 2480 ,
1197 2417 1399 2469 λούσω
1432 2416 1557 2469 καθ’
1575 2415 1706 2469 ἐκά-

161 2523 292 2575 στην
315 2511 495 2562 νύκτα
520 2510 642 2576 τὴν
667 2510 882 2576 κλίνην
904 2527 1042 2578 μου,
1067 2508 1136 2560 ἑν
1167 2507 1421 2574 δάκρυσί
1443 2524 1562 2576 μου
1589 2506 1702 2574 τὴν

161 2601 444 2669 στρωμνήν
462 2619 586 2670 μου
611 2601 828 2668 βρέξω.
866 2601 972 2653 Καὶ
995 2603 1022 2653 ὁ
1048 2599 1090 2663 ζ’
1115 2599 1171 2652 δέ
1193 2616 1204 2629 ·
1254 2599 1417 2666 Ὑπὲρ
1458 2597 1576 2651 τῶν
1603 2598 1703 2651 λό-

162 2709 261 2760 γων
307 2693 482 2746 Χουσὶ
532 2693 672 2747 υἱοῦ
711 2693 938 2761 Ἰεμινεὶ
984 2690 1298 2761 λελεγμένος
1323 2731 1337 2755 ,
1375 2689 1482 2743 τῶν
1524 2688 1701 2742 αὐτῶν

162 2783 232 2852 εἴη
259 2783 316 2837 ἂν
346 2785 569 2856 χρόνων.
612 2786 776 2837 Χουσὶ
813 2784 922 2856 γὰρ
954 2785 1294 2854 ἀρχιεταῖρος
1332 2780 1569 2850 γεγονὼς
1607 2781 1699 2834 τοῦ

162 2877 313 2938 una,
353 2877 427 2948 τῷ
470 2877 828 2947 Ἀϐεσσαλὼμ
876 2878 1206 2944 συνεγένετο.
1253 2876 1372 2927 Ἔτι
1409 2875 1512 2945 μὴν
1554 2876 1645 2928 καὶ
1673 2877 1701 2926 ὁ

166 2965 217 3029 ιζ’
247 2968 607 3021 ἀποδέδεικται
653 2970 780 3039 περὶ
811 2967 876 3020 τά
911 2967 1191 3020 τελευταῖα
1228 2967 1327 3036 τῆς
1375 2965 1517 3036 ζωῆς
1544 2964 1702 3017 Δαυῒδ

161 3056 464 3130 λελεγμένος.
509 3060 675 3113 Ἀλλὰ
727 3061 821 3113 καὶ
867 3062 895 3112 ὁ
947 3058 1042 3122 λζ’,
1099 3054 1569 3129 ἐπιγεγραμμένος
1616 3059 1703 3122 εἰς

162 3149 482 3218 ἀνάμνησιν,
513 3151 614 3221 τὴν
639 3150 805 3220 αὐτὴν
839 3149 974 3220 ἔχων
1000 3149 1234 3202 διάνοιαν
1263 3148 1339 3219 τῷ
1369 3150 1444 3213 ς’,
1479 3148 1700 3218 ἄρχεται

164 3240 244 3310 μὲν
270 3241 367 3294 ἀπὸ
402 3243 507 3296 τῶν
533 3242 715 3296 αὐτῶν
757 3243 1011 3314 ῥημάτων
1044 3241 1214 3310 λέγων
1234 3258 1247 3271 ·
1283 3241 1476 3306 Κύριε,
1507 3238 1590 3309 μὴ
1623 3237 1702 3304 τῷ
1729 3272 1770 3330 C

163 3332 298 3401 θυμῷ
322 3350 432 3388 σου
457 3334 715 3404 ἐλέγξῃς
735 3352 832 3402 με,
867 3333 1020 3403 μηδὲ
1052 3332 1126 3401 τῇ
1152 3334 1243 3402 dm
1259 3332 1297 3401 ᾖ
1331 3350 1446 3385 σου
1472 3329 1701 3384 παιδεύ-

162 3438 260 3490 σῃς
278 3442 363 3493 με.
395 3428 610 3497 Προϊὼν
663 3426 720 3478 δὲ
769 3427 866 3497 τὴν
909 3426 1077 3497 αὐτὴν
1127 3425 1508 3495 ἐξομολόγησιν
1542 3427 1608 3494 τῇ
1643 3425 1701 3475 ὲν

159 3515 275 3586 τῷνι
301 3519 568 3589 φερομένῃ
607 3521 834 3570 ποιεῖται
869 3517 925 3569 ἕν
957 3534 1016 3569 τε
1048 3519 1160 3578 τοῖς
1193 3516 1372 3579 ἄλλοις
1402 3517 1496 3569 καὶ
1526 3515 1594 3568 δι’
1627 3509 1701 3568 ὧν

161 3624 327 3675 φησιν·
360 3610 480 3662 ’Ὁτι
511 3613 572 3662 al
616 3609 848 3677 ἀνομίαι
876 3626 995 3676 μου
1031 3605 1345 3676 ὑπερ-ἦσαν
1375 3605 1489 3673 τὴν
1520 3623 1701 3675 κεφα-

159 3697 260 3766 λὴν
283 3716 416 3769 μου.
444 3698 841 3769 Προσώζεσαν
867 3698 965 3751 καὶ
993 3697 1312 3764 ἐσάπησαν
1337 3701 1389 3750 ol
1416 3694 1701 3766 μώλωπές

157 3808 255 3859 μου
290 3793 400 3847 ἀπὸ
427 3793 754 3862 προσώπου
790 3791 896 3858 τῆς
933 3792 1280 3860 ἀφροσύνης
1303 3807 1440 3858 μου.
1482 3790 1590 3841 Καὶ
1637 3789 1701 3841 σὺ

160 3881 196 3932 δ’
224 3883 280 3936 ἂν
305 3886 436 3938 κατὰ
472 3886 672 3939 σαυτὸν
710 3882 1028 3952 συναγαγὼν
1063 3883 1240 3953 εὕροις
1274 3881 1339 3937 ἂν
1377 3880 1445 3934 τὰ
1479 3880 1703 3937 πλεῖστα

160 3973 249 4026 τῶν
271 3977 321 4028 ὲν
340 3977 414 4048 τῷ
446 3977 652 4048 πρώτῳ
684 3977 835 4046 μέρει
879 3975 984 4030 τῶν
1018 3974 1244 4045 ψαλμῶν
1272 3973 1406 4044 μετά
1431 3973 1556 4036 τοὺς
1580 3972 1703 4042 κρέ’

159 4083 262 4130 νους
295 4070 387 4139 τῆς
417 4070 557 4123 κατὰ
585 4070 677 4122 τὸν
709 4069 907 4139 Οὐρίαν
949 4067 1188 4137 ἱστορίας
1229 4064 1510 4136 εἰρημένα,
1542 4064 1611 4117 τὰ
1647 4063 1703 4117 δὲ

164 4157 278 4224 μετὰ
298 4159 383 4210 τὸν
408 4167 452 4211 ν’
481 4163 596 4222 τοῖς
625 4160 832 4230 χρόνοις
858 4157 1165 4229 προάγοντα
1189 4156 1284 4228 τὴν
1317 4154 1457 4209 κατὰ
1486 4155 1576 4208 τὸν
1601 4155 1703 4207 Οὑ-

165 4247 262 4314 ρίαν
286 4250 492 4320 πρᾶξιν.
524 4249 590 4301 Τί
617 4249 815 4320 δήποτε
839 4245 930 4302 οὖν
965 4250 1025 4301 οὐ
1064 4246 1204 4300 κατὰ
1236 4247 1334 4315 τὴν
1361 4245 1470 4298 τῶν
1498 4245 1702 4316 χρόνων

162 4338 445 4394 ἀκολουθίαν
472 4343 521 4393 οἱ
547 4339 754 4411 πρῶτοι
785 4342 895 4403 τοῖς
930 4339 1140 4410 χρόνοις
1171 4337 1376 4409 πρῶτοι
1405 4336 1704 4404 κατετάγη-

163 4442 269 4481 σαψ
292 4431 397 4484 ἀλλ’
422 4431 473 4484 οἱ
509 4431 611 4501 τὴν
638 4428 842 4500 πρῶτοι
865 4428 1178 4498 λελεγμένοι
1205 4428 1282 4480 ἔτι
1315 4426 1512 4490 ζῶντος
1535 4424 1703 4477 Σαοὺλ

162 4517 209 4568 ὲν
229 4518 296 4590 τῷ
313 4520 542 4592 δευτέρῳ
569 4519 724 4591 μέρει
749 4520 854 4572 τῶν
876 4518 1133 4588 ψαλμῶν·
1161 4519 1216 4570 ὲν
1241 4517 1295 4568 δὲ
1321 4515 1400 4586 τῷ
1429 4513 1627 4586 πρώτῳ
1653 4515 1702 4566 οἱ

1800 1949 2233 2020 quinquagesimi
2288 1947 2480 2019 psalmi
2544 1947 2674 2001 dicti
2732 1953 2880 2009 sunt,
2958 1939 3360 2012 complectitur.

1803 2041 2020 2097 Tertius
2051 2042 2232 2111 itaque
2263 2041 2506 2111 psalmus
2545 2054 2576 2092 a
2599 2036 2797 2091 Davide
2838 2034 3224 2104 pronuntiatus
3253 2037 3360 2091 est.

1803 2151 1920 2188 cum
1961 2136 2159 2207 fugeret
2189 2153 2220 2188 a
2243 2135 2380 2202 facie
2419 2131 2702 2185 Absalonis
2740 2129 2840 2198 ﬁlii
2871 2127 2975 2182 sui.
3009 2124 3364 2195 Fugitautem

1803 2241 1832 2280 a
1868 2227 1980 2281 filio
2013 2237 2138 2296 post
2185 2225 2476 2282 historiam
2532 2222 2693 2276 Urize.
2744 2219 2858 2274 Imo
2890 2220 3056 2274 etiam
3101 2217 3153 2269 in
3211 2222 3364 2270 sexto

1803 2337 1900 2392 pro
1939 2323 2127 2376 eodem
2188 2320 2433 2375 facinore
2482 2318 2644 2372 ﬂebat
2716 2315 2942 2370 dicens:
2997 2309 3254 2364 Laboravi
3309 2308 3365 2360 in

1801 2415 1995 2485 gemitu
2047 2429 2199 2468 meo:
2259 2412 2444 2466 lavabo
2506 2426 2598 2480 per
2665 2407 2900 2476 singulas
2948 2413 3122 2458 noctes
3177 2401 3364 2454 lectum

1802 2521 2007 2569 meum;
2076 2505 2324 2574 lacrymis
2394 2503 2521 2555 meis
2590 2507 2815 2553 stratum
2871 2511 3040 2548 meum
3095 2489 3274 2560 rigabo
3297 2488 3364 2541 ⁵⁸.

1805 2596 2079 2668 Septimus
2138 2597 2305 2658 item,
2353 2610 2446 2662 pro
2519 2591 2687 2646 verbis
2764 2588 2926 2643 Chusi
2987 2584 3087 2655 ﬁlii
3170 2579 3370 2668 Jemini

1801 2665 2002 2750 dictus,
2037 2683 2279 2755 ejusdem
2331 2681 2593 2750 temporis
2628 2677 2808 2732 fuerit.
2863 2672 3030 2729 Chusi
3082 2668 3230 2725 enim
3274 2665 3368 2735 qui

1802 2778 2052 2846 princeps
2097 2776 2396 2828 amicorum
2447 2769 2615 2823 David
2661 2767 2873 2827 fuerat,
2928 2778 3050 2817 cum
3099 2757 3368 2812 Absalone

1797 2868 2025 2938 junctus
2057 2873 2158 2920 est.
2192 2865 2256 2917 Et
2277 2865 2387 2933 jam
2418 2861 2636 2932 quidem
2668 2863 3150 2913 commonstratum
3175 2849 3368 2906 estde-

1801 2961 2000 3014 cimum
2032 2957 2322 3026 septimum
2357 2955 2504 3008 circa
2529 2952 2688 3006 finem
2715 2950 2838 3004 vitae
2859 2947 3027 3001 David
3051 2945 3254 3000 dictum
3285 2940 3368 2994 fu-

1801 3050 1931 3104 isse.
1986 3045 2355 3114 Similiterque
2387 3042 2698 3096 tricesimus
2743 3037 3035 3108 scptimus,
3070 3032 3367 3101 inscriptus

1802 3141 1856 3192 in
1889 3136 2392 3198 rememorationcm,
2424 3131 2668 3188 eamdem
2709 3127 3002 3201 praeferens
3044 3139 3204 3194 quam
3247 3136 3369 3176 sex-

1802 3238 1892 3284 tus
1918 3227 2266 3288 sententiam,
2301 3224 2494 3278 iisdem
2537 3221 2719 3275 verbis
2774 3217 2962 3287 incipit
2997 3215 3224 3269 (licens:
3258 3210 3369 3264 Do-

1802 3321 1973 3383 mine,
2020 3334 2082 3372 ne
2110 3318 2166 3371 in
2190 3316 2368 3386 furore
2401 3325 2487 3367 tuo
2520 3327 2714 3382 arguas
2745 3325 2826 3364 me
2845 3349 2860 3373 ,
2893 3323 3053 3377 neque
3081 3306 3136 3358 in
3165 3305 3248 3356 ira
3277 3311 3370 3355 tua

1802 3410 2059 3478 corripias
2090 3424 2190 3462 me.
2221 3406 2278 3459 ln
2300 3404 2655 3475 sequentibus
2679 3415 2807 3455 vero
2832 3398 3098 3459 eamdem,
3129 3408 3290 3464 quam
3315 3392 3368 3444 in

1804 3501 2011 3570 psalmo
2040 3496 2497 3569 quinquagesimo
2517 3535 2531 3558 ,
2563 3490 2962 3547 confessionem
2990 3487 3136 3549 edit,
3171 3486 3284 3538 sive
3316 3483 3370 3534 in

1803 3592 1958 3654 aliis,
2009 3591 2122 3646 sive
2151 3591 2207 3644 in
2241 3589 2345 3643 hoc
2383 3589 2526 3640 dicto
2562 3604 2575 3638 :
2613 3583 2876 3649 Quoniam
2909 3579 3212 3649 iniquitates
3245 3589 3374 3627 mea:

1803 3696 2150 3752 supergressa:
2196 3688 2317 3734 sunt
2363 3685 2519 3746 caput
2569 3690 2759 3727 meum.
2817 3671 3136 3723 Putruerunt
3171 3675 3219 3718 et
3254 3681 3372 3716 cor-

1803 3782 1972 3842 ruptae
2003 3784 2122 3826 sunt
2149 3772 2420 3825 cicatrices
2443 3784 2569 3822 mete
2599 3784 2629 3820 a
2654 3765 2789 3834 facie
2817 3759 3132 3828 insipientia:
3151 3773 3278 3810 mea:
3304 3756 3366 3808 ⁸⁸.

1800 3865 1879 3920 Ac
1911 3866 1957 3920 si
1987 3863 2172 3919 eadem
2209 3877 2304 3933 per
2331 3869 2383 3914 te
2409 3858 2636 3926 colligas
2658 3894 2673 3918 ,
2717 3853 2885 3907 multa
2931 3851 2986 3903 in
3021 3848 3195 3919 prima
3220 3855 3372 3916 parte

1802 3955 1927 4011 libri
1959 3955 2291 4025 psalmorum
2316 3946 2717 4019 deprehendas,
2751 3958 2871 4014 qua:
2893 3947 3017 4011 post
3043 3947 3257 4007 tempus
3287 3936 3372 3989 hi-

1803 4048 1985 4103 storiae
2030 4045 2097 4099 de
2151 4043 2280 4098 Uria
2324 4041 2537 4112 prolata
2590 4043 2757 4102 sunt,
2810 4041 2974 4103 atque
3012 4045 3074 4086 ea
3099 4044 3218 4100 qua:
3249 4035 3372 4098 post

1802 4136 2309 4208 quinquagesimum
2344 4130 2517 4202 posita
2551 4133 2716 4190 sunt,
2760 4131 2970 4194 gestum
3000 4122 3054 4175 in
3083 4118 3265 4172 Uriam
3291 4115 3372 4171 fa-

1802 4229 1958 4283 cinus
2007 4236 2248 4297 tempore
2290 4233 2615 4294 praevertere
2659 4216 2986 4287 comperies.
3039 4211 3180 4278 Quid
3207 4209 3373 4280 igitur

1802 4334 1980 4374 causa:
2009 4326 2112 4383 est,
2155 4315 2312 4388 quod‘
2342 4330 2451 4370 non
2484 4309 2786 4367 secundum
2815 4316 3121 4376 temporum
3149 4301 3368 4362 seriem,

1802 4411 1895 4481 qui
1927 4409 2088 4481 primi
2120 4415 2363 4479 tempore
2390 4411 2520 4461 sunt
2544 4445 2558 4470 ,
2588 4400 2749 4473 primi
2779 4398 2942 4469 positi
2976 4395 3116 4458 sint,
3148 4393 3242 4448 sed
3278 4393 3368 4461 qui

1804 4503 1986 4572 primi,
2023 4500 2318 4570 superstite
2345 4497 2509 4550 Saule
2535 4493 2668 4549 dicti
2698 4498 2845 4555 sunt,
2881 4489 2935 4543 in
2964 4484 3199 4543 secunda
3225 4483 3373 4554 psal-

162 4609 251 4670 τοῖς
274 4610 473 4680 χρόνοις
519 4609 776 4674 betacei;
824 4608 1062 4679 ἠγοῦμαι
1093 4608 1149 4660 δὲ
1190 4606 1390 4674 ταύτην
1427 4605 1700 4675 εἰληφέναι

1805 4610 2018 4649 morum
2052 4601 2206 4664 parte
2240 4591 2351 4644 sint
2382 4587 2698 4652 constituti;
2725 4592 2778 4640 et
2808 4584 2861 4637 in
2890 4582 3085 4652 prima,
3115 4576 3206 4648 qui
3235 4583 3372 4630 tem-

160 4695 241 4766 τὴν
279 4699 442 4764 τάξιν,
481 4701 556 4763 ὼς
601 4701 667 4753 ἂν
711 4699 785 4770 μὴ
824 4699 931 4751 ἀπὸ
981 4697 1088 4751 τῶν
1141 4697 1462 4768 κρειττόνων
1505 4696 1596 4746 ἐπὶ
1637 4694 1705 4747 τὰ

163 4788 302 4861 κείρω
326 4793 537 4863 φέροιτο
569 4794 598 4845 ό
635 4791 789 4858 λόγος
807 4808 819 4821 ·
850 4791 910 4843 τὸ
931 4789 1058 4862 γάρ,
1086 4792 1172 4854 εἱς
1198 4789 1262 4841 τὸ
1289 4787 1461 4852 τέλος
1482 4786 1566 4856 μὴ
1584 4786 1708 4838 δια-

161 4881 397 4949 φθείρῃς,
434 4885 526 4936 καὶ
574 4882 665 4934 ἐπὶ
705 4881 802 4950 τῆς
829 4880 935 4932 τῶν
968 4878 1195 4950 ψαλμῶν
1225 4878 1430 4942 τάξεως
1471 4875 1708 4944 πεφυλά-

163 4967 468 5038 χθαιέοικεν.
504 4975 596 5027 Διὸ
639 4974 729 5027 καὶ
762 4973 828 5026 τὰ
863 4972 1281 5044 σκυθρωπότερα
1319 4969 1510 5040 πρῶτα
1537 4967 1707 5020 τέθει-

161 5072 256 5110 ται·
290 5062 370 5116 ἵνα
401 5064 627 5134 δεύτερα
659 5063 726 5116 τὰ
751 5062 1086 5134 χρηστότερα
1129 5059 1392 5130 φυλαχθῇ,
1435 5057 1702 5110 καλυπτο-

165 5149 312 5215 μένων
343 5153 920 5224 καὶέξαςρανιζομένων
948 5151 1055 5204 τῶν
1087 5151 1363 5222 χειρόνων,
1393 5149 1480 5202 διὰ
1503 5149 1608 5201 τῶν
1646 5147 1704 5200 ὲν

161 5243 254 5302 τοῖς
295 5243 560 5315 δευτέροις
613 5245 954 5315 κρειττόνων,
1013 5242 1171 5305 Εἰκὸς
1220 5241 1274 5293 δὲ
1319 5241 1410 5293 τὸν
1444 5237 1604 5292 Δαυῒδ
1645 5237 1705 5289 τὸ

163 5328 519 5406 πλημμεληθὲν
544 5337 694 5408 αὐτῴ
727 5337 949 5406 ὕστερον
980 5335 1066 5388 διὰ
1092 5333 1198 5385 τῶν
1234 5331 1508 5403 προτέρων
1543 5327 1704 5383 αὑτοῦ

161 5426 568 5497 κατορθωμάτων
597 5430 797 5483 ἐθέλειν
829 5427 1141 5483 καλύπτειν.
1163 5424 1317 5478 Εἴποι
1335 5425 1379 5478 δ’
1402 5423 1465 5476 ἄν
1493 5440 1597 5486 τις,
1625 5422 1706 5474 ὅτι

225 5581 264 5612 ⁸³
299 5583 433 5639 Psal.
466 5603 551 5648 vr,
593 5585 644 5637 7.
723 5584 766 5615 ⁸⁸
805 5583 947 5638 Psal.
982 5599 1201 5645 xxxv",
1240 5582 1291 5647 5,
1334 5581 1386 5634 6.

233 5732 296 5802 (l)
330 5737 403 5789 ita
442 5738 751 5807 frequenter
795 5739 845 5792 in
879 5748 978 5794 hoc
1025 5739 1418 5792 commentario
1461 5738 1702 5792 ὰποκλάο

1803 5776 1827 5794 η,
1869 5748 1967 5802 pro
2002 5729 2365 5798 ὰποκλαίομαι
2418 5727 2637 5791 legitur.
2667 5730 2720 5777 et
2766 5738 2837 5784 qu

173 5808 563 5878 manuscriptis.

1806 4699 1938 4755 pore
1965 4683 2295 4752 posteriores
2316 4679 2504 4735 erant?
2535 4677 2648 4747 Ego
2672 4689 2800 4730 vero
2830 4673 3064 4727 arbitror
3087 4669 3206 4722 ideo
3227 4666 3371 4720 hunc

1807 4775 2052 4830 ordinem
2084 4782 2359 4843 sumptum
2391 4784 2534 4833 esse,
2566 4778 2626 4822 ut
2659 4781 2726 4820 ne
2757 4780 2786 4818 a
2817 4757 3282 4833 praestantioribus
3304 4757 3370 4810 ad

1808 4866 1997 4936 pejora
2053 4877 2233 4918 sermo
2263 4860 2585 4916 declinaret.
2635 4853 2770 4909 Illud
2803 4850 2946 4906 enim
2983 4868 2995 4902 :
3028 4845 3094 4901 In
3123 4847 3276 4915 ﬁnem
3308 4861 3372 4898 ne

1809 4955 2109 5025 disperdas,
2131 4954 2295 5008 etiam
2325 4966 2426 5022 pro
2449 4948 2780 5020 psalmorum
2814 4940 3004 4996 ordine
3027 4938 3368 4992 observatum

1811 5051 2050 5107 videtur.
2112 5046 2292 5114 Quare
2321 5044 2561 5100 tristiora
2591 5038 2767 5110 primo
2795 5034 2970 5105 posita
2993 5039 3151 5094 sunt,
3184 5036 3242 5083 ut
3269 5027 3371 5081 mi-

1811 5145 1954 5199 tiora
1981 5157 2080 5214 pro
2123 5138 2379 5198 secundis
2408 5138 2772 5192 servarentur,
2813 5122 3100 5181 occultatis
3126 5127 3180 5176 et
3210 5119 3369 5174 oblit-

1811 5237 2004 5291 teratis
2035 5232 2311 5304 pejoribus
2340 5243 2436 5300 per
2465 5223 2685 5280 meliora
2723 5219 2813 5273 illa
2859 5215 3098 5273 secundo
3127 5215 3244 5268 loco
3273 5226 3370 5282 po-

1812 5329 1938 5384 sita.
1982 5325 2290 5383 Verisimile
2322 5328 2499 5375 autem
2525 5323 2609 5370 est
2635 5311 2890 5365 Davidem
2922 5309 2988 5362 ab
3017 5323 3074 5363 se
3099 5312 3369 5376 patratum

1812 5427 2001 5491 postea
2025 5417 2238 5474 facinus
2269 5429 2364 5485 per
2390 5411 2572 5482 priora
2595 5405 2685 5460 illa
2716 5403 2855 5458 bona
2881 5415 3042 5473 opera
3068 5407 3249 5471 tegere
3278 5409 3372 5449 vo-

2846 5717 2989 5774 idem
3028 5717 3078 5768 in
3115 5709 3369 5766 omnibus
