3822 6280
430 350 536 406 ω
1113 352 1382 411 susse"
1420 353 1899 411 casamsssus
1936 354 2086 412 OPP.
2120 355 2300 412 PARS
2338 355 2429 414 ιιι.
2466 385 2540 400 -
2576 344 3005 420 Ειιεοιῖτιωὶ
3554 365 3653 429 na

445 475 628 527 luisse.
680 477 865 527 Potest
897 472 1063 527 etiam
1104 473 1234 537 dici,
1267 490 1334 530 ex
1375 474 1592 530 sublimi
1625 475 1825 545 pietate
1850 474 1954 530 Dav

2154 476 2237 529 aO‘
2264 475 2565 547 ὑπερϐολὴν
2590 475 2869 537 εὐλαϐείας
2895 472 3115 545 πρώτας
3143 479 3333 530 ἔταττε
3366 475 3463 540 -εάς
3490 476 3663 546 ἐξομο-

443 566 558 620 dem
592 565 969 620 confessiones
1001 579 1131 621 suas
1160 568 1368 636 primas
1387 568 1666 633 statuisse,
1688 569 1815 638 quia
1830 568 1946 637 just

2154 568 2359 636 >γήσεις
2392 563 2612 619 ἑαυτοῶ
2650 563 2880 631 Ἐπειδὴ
2911 564 3138 631 δίκαιος
3173 566 3389 622 ἑαυτοῦ
3431 570 3663 638 κατήγο-

442 657 490 709 in
522 657 782 726 principio
810 658 1069 710 sermonis
1101 667 1384 711 accusator
1409 670 1489 714 est
1515 661 1678 715 sui”.
1704 659 1839 715 Cum
1862 668 1951 714 tan

2154 677 2214 725 ος
2233 660 2304 711 ἐν
2326 658 2710 726 πρωτολογίᾳ.
2737 658 2896 712 Ἀλλά
2914 658 3180 711 τοσούτων
3201 660 3332 729 ἡμῖν
3353 662 3429 724 είς
3448 661 3543 733 τὴν
3557 665 3663 717 ἀπο-

441 764 602 819 porro
633 749 702 804 de
726 749 920 805 ordine
965 749 1301 819 psalmorum
1337 766 1367 804 a
1391 753 1550 807 nobis
1582 753 1853 823 exquisita
1896 752 1949 806 fu

2154 750 2351 805 >θεῖσαν
2390 749 2544 814 τάξιν
2586 750 3078 822 γεγυμνασμένων,
3122 751 3310 821 καιρὸς
3336 751 3440 823 ήδη
3472 754 3562 807 καὶ
3585 755 3663 808 ἐπὶ

441 841 575 903 rint,
623 841 737 911 jam
761 851 975 912 tempus
1002 843 1177 900 estad
1201 844 1512 915 propositas
1544 859 1595 896 ιι
1631 843 1825 914 psalmi
1851 859 1950 899 voc

1894 858 2014 900 oces
2111 842 2208 908 τάς
2239 840 2606 913 προκειμένας
2636 841 2823 911 φωνὰς
2848 839 2941 893 τοῦ
2979 847 3059 895 va.’
3091 839 3403 911 παρελθεῖν.

442 935 719 991 accedere.

507 1026 634 1083 Haec
683 1028 868 1100 itaque
918 1030 1151 1095 scribit,
1189 1046 1314 1085 cum
1351 1031 1669 1088 edidicisset
1709 1047 1830 1103 quae
1869 1031 2014 1088 Doec

2180 1026 2385 1098 Γράφει
2427 1025 2604 1081 τοίνυν
2637 1028 2763 1091 τοὺς
2808 1026 3198 1100 προκειμένους
3246 1029 3458 1098 λόγους,
3503 1029 3665 1101 μαθὼν

442 1117 632 1190 Syrus,
652 1121 879 1175 structis
894 1128 1085 1176 contra
1105 1136 1165 1177 se
1185 1121 1499 1187 calumniis,
1515 1130 1777 1193 gesserat.
1811 1122 1951 1190 Quar

2155 1125 2268 1175 ποῖα
2302 1122 2625 1195 διεπράξατο
2664 1122 2822 1195 Δωὴκ
2851 1126 2880 1177 6
2922 1124 3090 1195 Σύρος
3126 1125 3183 1178 ὲν
3221 1129 3340 1188 ταῖς
3367 1128 3491 1180 κατ’
3522 1127 3664 1182 αὑτοῦ

441 1212 624 1268 obrem
663 1227 764 1269 ceu
810 1214 989 1283 ipsum
1039 1214 1327 1284 alloquens
1356 1216 1471 1271 ait:
1507 1216 1649 1282 Quid
1680 1216 1928 1287 gloriaris

2151 1214 2402 1279 ιαὸολαῖς.
2454 1215 2546 1268 Διὸ
2591 1214 2667 1280 ὡς
2710 1215 2847 1287 πρὸς
2885 1217 3049 1269 αὑτὸν
3093 1217 3428 1271 ἀποτείνεται
3480 1218 3660 1288 λέγων·

441 1305 677 1372 malitia,
720 1308 811 1377 qui
840 1317 1023 1374 potens
1071 1307 1168 1361 es?
1219 1310 1332 1363 sive
1362 1308 1526 1363 etiam
1555 1309 1829 1363 diabolum
1864 1324 1950 1364 cor

2157 1306 2180 1358 ἵ
2221 1304 2487 1375 ὲγκαυχᾷ
2525 1306 2596 1360 ἐν
2619 1308 2816 1373 κακίᾳ,
2853 1311 2885 1360 ό
2921 1307 3210 1374 ὄυνατός;
3240 1300 3390 1380 ἢ”ώς
3424 1310 3559 1381 πρὸς
3593 1312 3666 1365 τὸν

441 1398 620 1468 pellat,
653 1400 747 1469 qui
777 1399 833 1453 in
862 1401 982 1469 ipso
1016 1400 1369 1470 operabatur.
1418 1398 1538 1456 Non
1567 1402 1847 1457 nesciebat
1866 1403 1950 1457 eni

2156 1401 2482 1472 ρεργήσαντα
2526 1400 2583 1453 ὲν
2631 1400 2780 1472 αὐτῷ
2827 1400 3088 1456 διάϐολον.
3125 1405 3198 1457 Ού
3240 1404 3347 1473 γάρ
3377 1406 3559 1474 ἠγνόει
3593 1407 3665 1459 τὸν

440 1489 587 1543 illum
626 1489 731 1545 sibi
766 1505 984 1561 semper
1016 1491 1388 1546 adversarium
1420 1508 1543 1549 esse
1563 1534 1577 1556 ,
1604 1503 1659 1549 et
1691 1494 1912 1550 assidue

2159 1492 2341 1546 άντοτε
2390 1491 2539 1563 αύτῷ
2575 1493 2965 1565 ἀντικείμενον,
3014 1497 3109 1550 καὶ
3152 1496 3240 1550 διά
3282 1498 3485 1561 παντὸς
3529 1499 3668 1552 αὑτὸν

440 1596 773 1651 impugnare,
820 1583 981 1638 modo
1008 1599 1105 1653 per
1132 1581 1375 1647 Saulem,
1426 1588 1590 1639 modo
1627 1601 1724 1656 per
1750 1584 1949 1641 Doecul

2155 1581 2470 1653 ολεμοῦντα,
2501 1584 2633 1637 ποτὲ
2664 1584 2762 1655 μὲν
2793 1584 2881 1639 διὰ
2912 1585 3005 1639 τοῦ
3032 1587 3222 1651 Σαοὺλ,
3248 1588 3363 1641 νυνὶ
3390 1588 3449 1641 δὲ
3480 1588 3564 1641 διά
3588 1588 3664 1643 του

440 1685 499 1725 ac
530 1673 849 1744 plerumque
869 1675 1100 1728 aliorum
1135 1676 1463 1732 ministerio.
1516 1676 1619 1744 Qui
1651 1694 1781 1749 ergo
1814 1679 1871 1733 in
1897 1695 1948 1733 m

2147 1676 2291 1747 .ωὴκ,
2323 1677 2415 1730 καὶ
2438 1677 2622 1731 ἄλλοτε
2654 1677 2826 1742 ἄλλως
2857 1678 2923 1730 δι’
2955 1679 3178 1751 ἑτέρων.
3215 1680 3271 1733 '0
3307 1680 3404 1751 μὲν
3444 1676 3536 1733 οὖν
3562 1681 3656 1733 ἁδύ·

439 1763 550 1816 litia
586 1764 858 1828 inﬁrmus,
893 1766 1166 1822 invalidus
1198 1782 1263 1822 ac
1291 1769 1486 1825 debilis
1519 1779 1638 1836 est,
1664 1786 1788 1826 cum
1825 1773 1947 1827 meli

2157 1784 2270 1831 ιτος
2303 1768 2395 1821 κοιλ⁵
2419 1768 2604 1831 ἄτονος
2638 1767 2729 1820 καὶ
2765 1766 2944 1834 ὀλίγος
2986 1768 3044 1821 ὲν
3085 1768 3272 1840 κακίᾳ,
3307 1767 3666 1834 πλεονάζοντος

439 1869 522 1908 res
552 1854 604 1908 in
633 1855 751 1925 ipso
784 1871 963 1911 mores
998 1862 1351 1928 pnevaleant,
1402 1869 1592 1931 utpote
1624 1864 1721 1934 qui
1761 1863 1817 1917 in
1861 1878 1948 1918 ma

2155 1876 2171 1913 θ
2200 1859 2348 1929 αύτῷ
2382 1859 2475 1913 τοῦ
2511 1860 2816 1931 κρείττονος
2841 1860 3064 1931 τρόπου,
3101 1860 3177 1925 ὡς
3205 1860 3271 1949 ἂν
3305 1860 3664 1934 ἀσθενέστερος

438 1945 508 1999 tia
552 1946 817 2004 inﬁrmior
847 1950 953 2015 sit,
997 1950 1125 2005 dum
1174 1962 1365 2021 peccat
1421 1970 1546 2011 sese
1592 1955 1926 2023 occultabit,

2151 1969 2174 2003 ν
2205 1952 2392 2023 κακίᾳ,
2419 1951 2783 2021 ὲγκαλύψεται
2812 1953 3157 2022 ἁμαρτάνων,
3190 1945 3282 2007 καὶ
3309 1955 3415 2007 ὑπὸ
3445 1954 3546 2025 τῆς
3570 1972 3660 2007 συν-

436 2048 704 2110 pungcnte
729 2044 1068 2099 conscientia
1098 2044 1332 2103 fortasse
1364 2049 1669 2119 resipiscet,
1698 2056 1861 2119 atque
1894 2065 1944 2102 m

2155 2044 2373 2116 ιδήσεως
2426 2045 2816 2116 κεντούμενος,
2874 2047 3256 2117 μετανοήσειεν
3306 2045 3406 2110 ἂν,
3456 2048 3550 2101 καὶ
3589 2048 3664 2116 τῆς

436 2127 562 2190 liti-ae
600 2152 715 2192 suae
754 2140 1055 2194 remedium
1090 2157 1186 2212 per
1215 2142 1617 2199 confessionem
1652 2158 1714 2198 ac
1740 2144 1945 2199 sincera

2150 2133 2307 2190 αυτοῦ
2346 2135 2541 2199 κακίας
2572 2137 2943 2209 περινοήσειεν
2976 2137 3154 2207 ἑαυτῷ
3186 2136 3479 2209 φάρμακον
3508 2137 3568 2190 δι’
3597 2136 3659 2201 ἐξ·

439 2232 806 2299 ptenitentiam
836 2235 1188 2303 excogitabit.
1225 2233 1332 2289 Sed
1364 2236 1456 2304 qui
1490 2243 1685 2305 potens
1719 2237 1881 2290 estin
1908 2234 1948 2287 ir

2152 2225 2487 2299 μολογήσεως
2520 2228 2612 2280 καὶ
2642 2228 2962 2299 εἰλικρινοῦς
2987 2228 3274 2299 μετανοίας
3293 2246 3307 2258 ·
3332 2230 3361 2282 6
3384 2228 3440 2282 δὲ
3478 2228 3661 2283 δυνατὸς

438 2320 673 2389 quitate,
706 2322 760 2375 in
800 2321 918 2392 ipsa
950 2323 1198 2392 superbit
1229 2334 1283 2379 et
1315 2325 1614 2396 gloriatur,
1641 2333 1696 2382 et
1723 2327 1878 2397 quasi
1903 2342 1947 2381 m

2152 2338 2174 2373 v
2202 2318 2371 2390 κακίᾳ
2392 2318 2651 2388 τυφοῢται
2684 2320 2771 2372 ἐπ’
2796 2320 2956 2392 αὐτῇ,
2987 2322 3079 2373 καὶ
3112 2321 3474 2391 ὲγκαυχᾶται,
3503 2320 3572 2384 ὡς
3597 2323 3661 2372 ἐπὶ

439 2426 542 2482 gno
576 2413 724 2468 edito
751 2412 996 2469 facinore
1017 2430 1139 2470 sese
1181 2423 1438 2471 ostentat.
1489 2415 1569 2471 Ac
1611 2418 1825 2473 videtur
1853 2417 1948 2470 mit

2162 2413 2340 2484 εγάλῳ
2370 2412 2754 2485 κατορθώματι
2803 2415 3219 2485 σεμνυνόμενος.
3266 2414 3377 2466 Καί
3420 2431 3511 2485 μοι
3549 2411 3671 2467 δοκεῖ

439 2519 489 2556 ιη
520 2505 773 2573 prmsenti
798 2521 1050 2561 sermone
1078 2507 1414 2562 contrarium
1441 2508 1678 2565 describi
1703 2524 1931 2573 morem,

2149 2505 2207 2558 δν
2255 2504 2497 2559 ἐναντίον
2537 2505 2736 2577 τρόπον
2780 2505 3097 2577 διαγράφειν
3134 2507 3163 2559 6
3197 2505 3388 2578 παρὼν
3428 2506 3581 2574 λόγος
3605 2507 3657 2576 tt}

439 2594 526 2663 qui
558 2594 613 2648 in
644 2596 853 2665 psalmo
882 2613 912 2651 L
943 2597 1011 2653 de
1058 2599 1353 2657 conﬁtente
1402 2601 1745 2672 designatur.
1811 2598 1870 2655 In
1918 2601 1948 2656 il

2149 2594 2742 2669 τροεξομολογησαμένῳ
2774 2598 2832 2650 ὲν
2856 2595 2935 2667 τῷ
2966 2604 3006 2649 ν’
3039 2596 3256 2668 ψαλμῷ.
3274 2597 3361 2650 Ἐν
3388 2596 3574 2668 ἐκείνῳ
3590 2598 3658 2668 μὲι

437 2702 669 2758 namque
716 2689 810 2759 qui
858 2691 1028 2746 semel
1076 2691 1133 2746 in
1183 2694 1448 2748 malitiam
1493 2694 1681 2765 lapsus
1735 2701 1873 2764 erat,
1908 2698 1946 2748 a‘

2142 2688 2225 2760 ’ἀρ
2265 2686 2555 2759 όλισθήσας
2604 2692 2662 2743 ὲν
2713 2689 2883 2762 κακίᾳ
2927 2689 3090 2754 ἅπαξ,
3131 2688 3264 2742 ποτὲ
3308 2687 3651 2759 μετεγίνωσκε

438 2778 652 2849 quando
688 2779 1079 2851 resipiscebat,
1112 2797 1175 2836 ac
1206 2798 1327 2839 sese
1375 2786 1688 2840 macerabat
1716 2785 1769 2840 in
1796 2784 1947 2841 confe

2156 2783 2211 2835 αὶ
2237 2782 2426 2835 ἑαυτὸν
2458 2783 2686 2837 ἔκοπτεν
2718 2782 3223 2855 ἐξομολογούμενος,
3266 2783 3362 2835 καὶ
3403 2782 3475 2836 τά
3506 2782 3660 2835 ἑαυτοῖ

436 2870 610 2934 sione,
664 2886 873 2942 suaque
916 2870 1070 2927 mala
1123 2871 1378 2932 deﬂebat.
1435 2875 1507 2929 At
1536 2877 1584 2932 ei
1612 2875 1680 2932 de
1710 2891 1819 2947 quo
1868 2895 1939 2932 nu

2161 2874 2263 2926 ακά
2295 2871 2702 2945 ἀποκλαόμενος
2734 2872 2885 2945 (sic)'
2916 2875 2945 2927 6
2985 2873 3043 2927 δὲ
3081 2870 3270 2945 παρὼν
3315 2875 3373 2926 ὲν
3425 2874 3584 2945 κακίᾳ
3608 2876 3670 2929 ὢν

435 2978 634 3029 sermo,
668 2966 723 3019 in
751 2966 957 3022 malitia
982 2967 1198 3042 degenti
1221 2968 1426 3026 dicitur
1456 2989 1470 3027 :
2118 2980 2250 3035 φησι
2271 2979 2286 2994 ·

505 3056 666 3115 Vens.
735 3059 847 3116 7-9.
910 3060 981 3115 Et
1045 3063 1223 3117 eradet
1280 3072 1326 3118 te
1375 3062 1439 3118 de
1497 3063 1837 3119 tabernaculo
1900 3073 2014 3129 tuo,

2186 3057 2298 3112 Καὶ
2366 3057 2663 3124 ἀποξύσει
2713 3074 2789 3114 σε
2854 3059 2975 3114 ἀπὸ
3012 3060 3124 3129 τῆς
3177 3060 3441 3129 σκηνῆς,
3478 3058 3648 3114 mre:

434 3160 478 3204 et
508 3151 798 3206 eradicabit
855 3162 903 3208 te
934 3154 999 3208 de
1037 3163 1181 3210 terra
1222 3157 1500 3210 viventium
1548 3158 1604 3210 in
1634 3166 1919 3220 wternum;

2148 3149 2341 3212 ιιζώσει
2368 3165 2442 3206 σε
2481 3153 2549 3206 ἐκ
2585 3151 2697 3221 τῆς
2739 3148 2965 3213 ζώντων
2993 3153 3201 3207 εισαεί·
3232 3154 3319 3209 ἵνα
3347 3152 3543 3207 δίκαιοι
3568 3150 3657 3223 βλί-

434 3242 681 3300 videntcs
726 3246 864 3314 justi
949 3263 1166 3318 semper
1212 3250 1476 3314 timeant,
1529 3251 1816 3323 ipsumque
1867 3250 1943 3304 de!

2148 3261 2310 3308 ςοντες
2345 3245 2435 3298 ἀεὶ
2467 3214 2759 3315 φοὸώνται,
2791 3246 2885 3300 καὶ
2920 3246 3294 3315 καταγελῶσιν
3318 3245 3485 3300 αὑτοῦ
3516 3214 3657 3313 λέγον

434 3332 627 3398 deant,
664 3349 726 3389 ac
761 3337 947 3392 dicant
980 3358 993 3393 :
1032 3339 1166 3394 Ecce
1194 3340 1369 3404 homo,
1393 3341 1484 3411 qui
1509 3358 1612 3395 non
1640 3342 1814 3411 posuit
1844 3340 1943 3395 Dei

2149 3354 2231 3401 ες·
2270 3336 2415 3392 ἰδοὺ
2468 3337 2775 3407 ἄνθρωπος
2798 3377 2814 3402 ,
2870 3338 2940 3405 ὃς
2976 3340 3048 3393 οὐ
3094 3337 3373 3407 προέθετο
3410 3338 3517 3392 τὸν
3548 3335 3656 3391 Θεὸν

434 3430 674 3484 virtutem
703 3447 854 3485 suam
874 3473 890 3497 ,
939 3434 1030 3488 sed
1076 3439 1303 3503 speravit
1354 3437 1408 3488 in
1436 3434 1770 3489 multitudine
1796 3434 1943 3489 diviti

2156 3430 2302 3500 γχὺν
2341 3429 2560 3485 αὐτοῦ’
2611 3432 2749 3485 ἀλλ’
2797 3431 3160 3499 ὲπεποίθησε
3205 3429 3286 3497 τῷ
3334 3430 3548 3500 πλήθει
3582 3429 3665 3482 τοῦ

434 3536 553 3575 rum
600 3538 842 3589 suarum,
890 3534 940 3579 et
972 3527 1250 3595 prwvaluit
1299 3528 1356 3581 in
1403 3526 1709 3581 calamitate
1736 3544 1854 3584 sua.
1888 3526 1943 3581 H:

2159 3523 2383 3577 λούτου
2423 3520 2630 3584 αὐτοῦ,
2665 3522 2764 3576 καί
2802 3522 3156 3592 ἐνισχυρεύο
3169 3537 3274 3576 ατο
3303 3518 3381 3589 τῇ
3421 3512 3668 3590 συμφροᾷ

433 3629 598 3685 porro
623 3617 781 3686 quasi
812 3617 880 3673 de
910 3617 1053 3674 Doec
1083 3618 1228 3674 dicta
1257 3630 1404 3684 sunt,
1438 3621 1530 3691 qui
1564 3636 1760 3692 genere
1792 3621 1942 3691 quidt

2162 3612 2349 3666 ιυτοῦ.
2374 3612 2635 3666 Λέλεκται
2663 3613 2719 3666 δὲ
2748 3612 2920 3667 ταῦτα
2963 3613 3039 3677 ὡς
3065 3612 3201 3685 πρὸς
3233 3612 3323 3665 τὸν
3364 3612 3539 3683 Δωὴκ,
3561 3612 3671 3664 ὄντα

434 3705 609 3777 Syrus
651 3715 791 3773 erat,
823 3708 919 3765 sed
962 3710 1016 3763 in
1051 3711 1235 3766 medio
1264 3712 1480 3767 Israclis
1515 3711 1865 3779 versabalur;
1902 3713 1943 3766 ir

2146 3705 2218 3759 ιὲν
2244 3704 2414 3777 Σύρον
2445 3705 2505 3757 τὸ
2530 3705 2705 3774 γένος,
2736 3705 3212 3775 ἀναστρεφόμενον
3244 3703 3301 3757 δὲ
3329 3705 3387 3757 ἐν
3423 3703 3566 3775 μέσῳ
3588 3698 3655 3754 τοί

433 3797 666 3856 fortasse
691 3800 837 3871 piam
861 3802 1178 3874 religionem
1214 3804 1502 3868 simulans,
1534 3819 1642 3859 una
1674 3819 1797 3858 cum
1829 3804 1941 3857 mul

2145 3797 2342 3870 Ισραήλ
2361 3814 2376 3828 ⁸
2406 3798 2501 3852 καί
2534 3815 2637 3851 που
2667 3798 2808 3870 τάχα
2854 3799 2949 3852 καὶ
2984 3796 3400 3867 παραϐάλλοντα
3440 3796 3569 3868 μετά
3591 3793 3654 3846 τοί

432 3892 622 3947 tudine
671 3894 725 3948 in
772 3895 1185 3950 tabernaculum
1221 3895 1310 3952 Dei
1344 3905 1739 3952 concesserat.’
1776 3896 1840 3950 Et
1881 3912 1939 3952 sa

2138 3891 2353 3963 πλήθους
2372 3893 2451 3956 είς
2478 3891 2578 3963 τὴν
2605 3892 2808 3964 σκηνὴν
2832 3890 2926 3945 τοῦ
2958 3891 3114 3954 Θεοῦ,
3147 3890 3419 3944 θεοσεϐεἰν
3442 3907 3501 3944 τε
3528 3902 3647 3960 προσ

432 3984 577 4039 dicta
602 3996 731 4042 sunt
761 3987 949 4042 isthaac
980 3988 1045 4042 ad
1092 4005 1362 4059 quemque
1387 3992 1442 4043 in
1475 3972 1682 4044 malitia
1714 3997 1941 4060 potente]

2154 3984 2452 4056 οιούμενον.
2480 3984 2746 4038 Λέλεκται
2780 3983 2835 4037 δὲ
2885 3984 2979 4037 καὶ
3013 3983 3147 4056 πρὸς
3186 3983 3364 4037 πάντα
3391 3982 3479 4037 τὸν
3500 3984 3555 4034 ὲν
3582 3995 3663 4033 κα·

433 4077 523 4146 qui
553 4076 735 4146 lingua
766 4092 865 4148 pro
902 4078 1083 4150 gladio
1130 4087 1313 4133 utatur
1364 4078 1430 4133 ad
1475 4080 1779 4134 animarum
1828 4095 1942 4150 pert

2152 4079 2209 4150 ίᾳ
2247 4077 2490 4142 δυνατὸν,
2524 4079 2590 4148 τῇ
2633 4075 2855 4149 γλώσσῃ
2894 4074 3174 4147 χρώμενον
3216 4076 3338 4129 ἀντὶ
3378 4074 3558 4146 ξίφους
3590 4069 3656 4125 ir‘.

432 4169 593 4233 ciem,
617 4184 778 4239 quem
807 4185 906 4225 ceu
931 4171 1220 4241 quamdam
1258 4187 1501 4226 amaram
1529 4182 1584 4227 et
1608 4172 1891 4227 exitiosam
1918 4190 1941 4226 r

2155 4171 2298 4241 υχῶν
2327 4170 2591 4242 ἀπωλείᾳ,
2622 4169 2810 4240 ὥσπερ
2842 4171 2964 4223 τινὰ
3006 4170 3207 4240 πικράν
3236 4171 3333 4223 καὶ
3361 4167 3663 4240 λυμαντικὴν

432 4259 633 4327 dicem,
660 4261 966 4315 animarum
1002 4261 1241 4333 agricola
1270 4262 1494 4328 evellet,
1521 4262 1733 4318 etiamsi
1762 4262 1939 4317 videat

2154 4266 2289 4330 ίζαν,
2319 4267 2347 4318 6
2378 4264 2486 4319 τῶν
2512 4263 2700 4335 ψυχῶν
2727 4262 2969 4332 γεωργὸς
3010 4262 3236 4326 ὲκτῖλαι,
3263 4263 3368 4316 κᾶν
3398 4262 3523 4333 δοκῇ
3553 4258 3663 4330 πρὸς

432 4351 499 4405 ad
537 4352 701 4406 breve
736 4361 948 4423 tempus
991 4353 1045 4407 in
1087 4354 1443 4409 tabernaculo
1475 4353 1567 4411 Dei
1593 4361 1646 4408 et
1682 4355 1737 4408 in
1768 4352 1941 4408 Ecclea

2154 4357 2319 4429 ραχύν
2348 4375 2467 4411 τινα
2499 4357 2687 4429 χρόνον
2728 4357 2787 4409 ὲν
2826 4355 2903 4426 τῷ
2934 4353 3251 4425 σκηνώματι
3294 4352 3388 4407 τοῦ
3428 4354 3559 4411 Θεοῦ
3590 4345 3663 4401 καὶ

432 4446 605 4517 Ipsius
634 4437 914 4515 plantatus
947 4443 1136 4501 fuiSse.
1206 4444 1442 4502 Evulsus
1477 4453 1657 4500 autem
1693 4446 1817 4500 talis
1847 4445 1941 4500 hor

2142 4473 2171 4507 ν
2200 4456 2266 4525 τῇ
2308 4452 2602 4524 Ἐκκλησίᾳ
2627 4449 2790 4504 αὑτοῦ
2833 4447 3222 4519 πεφυτεῦσθαι.
3263 4446 3536 4507 Ἔκταλεὶς
3564 4440 3651 4515 (εἰς’

431 4554 494 4594 ac
527 4539 719 4610 procul
748 4539 1099 4594 tabernaculo
1149 4545 1467 4593 sanctorum
1498 4539 1726 4607 ejectns,
1760 4538 1815 4592 in
1843 4538 1940 4592 niis

2141 4542 2166 4595 ὲ
2192 4544 2220 4596 6
2250 4541 2489 4605 τοιοῦτος
2517 4542 2609 4593 καὶ
2647 4538 2861 4612 μακράν
2892 4538 3219 4612 ἀπορριφεὶς
3246 4537 3341 4591 τού
3379 4536 3486 4589 τῶν
3517 4533 3649 4602 ἁγίω·

431 4635 602 4689 rabiie
628 4634 993 4704 spectaculum
1023 4640 1257 4703 ponetur
1279 4633 1347 4687 ad
1376 4632 1664 4686 utilitatem
1694 4641 1747 4686 et
1774 4633 1940 4702 castig

2155 4632 2502 4706 κηνώματος,
2552 4633 2730 4703 θέαμα
2780 4632 3021 4686 κείσεται
3068 4629 3283 4702 οἰκτρὸν
3336 4629 3421 4683 ἐπ’
3459 4623 3664 4696 ὠφελείέ

431 4729 637 4784 tionem
666 4728 961 4782 videntium
1013 4744 1026 4781 :
1083 4726 1175 4796 qui
1215 4726 1455 4781 terribile
1483 4725 1575 4780 Dei
1605 4725 1868 4781 adversus
1896 4724 1940 4778 hi

2139 4729 2206 4781 :ai.
2236 4724 2597 4797 σωφρονισμῷ
2625 4725 2730 4778 τῶν
2763 4723 3033 4795 δρώντων,
3060 4724 3130 4787 οἳ,
3164 4722 3263 4794 τὴν
3294 4721 3557 4792 ἀπότομον
3584 4716 3648 4768 τοί

431 4821 668 4891 iusmodi
713 4821 988 4876 hominem
1016 4818 1284 4890 judicium
1310 4818 1486 4874 oculis
1522 4817 1920 4889 percipientes,

2156 4818 2245 4872 εοῦ
2273 4817 2412 4873 κατά
2443 4817 2537 4871 τοῦ
2564 4817 2803 4871 τοιούτου
2833 4815 3011 4888 κρίσιν
3038 4813 3335 4885 ὀφθαλμοῖς
3360 4808 3665 4884 παραλαϐόν-

430 4915 728 4974 curabuut,
764 4914 817 4966 id
867 4913 1161 4975 cavebunt,
1198 4918 1259 4966 ut
1297 4926 1365 4965 ne
1414 4911 1470 4965 in
1524 4912 1678 4981 paria
1731 4910 1939 4966 incidar

2142 4930 2199 4977 ες
2219 4954 2233 4979 ,
2273 4912 2634 4981 ἀγωνιάσουσι
2689 4910 2782 4964 καὶ
2825 4909 3147 4979 φυλάξονται
3196 4908 3270 4979 μὴ
3324 4908 3437 4969 τοῖς
3481 4900 3651 4975 δμοίοιι

431 5002 635 5058 Deinde
671 5003 951 5073 pristinam
985 5004 1220 5074 potentis
1258 5003 1312 5058 in
1355 5005 1558 5060 malitia
1590 5010 1940 5079 arrogantian

2149 5009 2446 5077 εριπεσεῖν.
2488 5000 2623 5058 Εἶτα
2660 5003 3021 5074 ἀναφέροντες
3047 5003 3112 5072 τῇ
3147 5000 3336 5071 μνήμῃ
3366 4998 3461 5069 τὴν
3489 4989 3658 5067 προτέ·

432 5097 814 5153 sublimitatem
864 5106 916 5151 et
972 5097 1279 5166 superbiam
1339 5100 1601 5154 memoria
1655 5109 1941 5171 repetente:

2142 5116 2210 5153 αν
2258 5097 2351 5177 τού
2393 5096 2616 5151 δυνατοῦ
2656 5099 2714 5150 ὲν
2748 5094 2914 5168 κακίᾳ
2946 5094 3339 5167 μεγαλαυχίαν,
3365 5092 3424 5146 τό
3460 5107 3518 5143 τε
3548 5084 3651 5155 ὕψος

428 5199 593 5259 atque
636 5190 975 5246 advertentes
1007 5206 1149 5255 eam,
1183 5207 1305 5261 quae
1343 5205 1527 5263 postea
1570 5194 1743 5264 ipsum
1773 5194 1937 5248 invasi

2152 5193 2204 5248 αἱ
2232 5176 2333 5265 τὴν
2360 5190 2736 5264 ὑπερηφανίαν
2762 5186 2948 5250 αὐτοῦ,
2974 5186 3205 5258 ὁρῶντες
3226 5186 3285 5239 δὲ
3315 5185 3410 5239 καὶ
3426 5182 3521 5254 τὴν
3543 5176 3661 5251 μετᾶ

430 5280 788 5351 abjectionem
816 5297 880 5335 ac
904 5285 1221 5352 perniciem,
1240 5282 1346 5338 risu
1372 5283 1595 5354 dignum
1621 5285 1939 5339 aestimabunt

2134 5285 2283 5340 ταῦτα
2322 5280 2684 5356 μετελθοῦσαν
2725 5280 2887 5334 αὑτὸν
2924 5277 3251 5332 ταπείνωσίν
3292 5294 3352 5330 τε
3400 5276 3488 5329 καὶ
3530 5266 3643 5324 iisab

430 5373 840 5431 considerantes
863 5392 927 5431 ex
954 5375 1209 5446 qualibus
1238 5374 1294 5429 in
1319 5376 1501 5446 qualia
1528 5376 1826 5446 deciderit;
1852 5376 1939 5447 juc

2156 5395 2275 5442 :tav,
2320 5375 2723 5445 καταγέλαστον
2766 5374 2925 5426 αὐτὸν
2974 5372 3293 5442 ἡγήσονται,
3329 5369 3386 5436 ἐξ
3429 5366 3551 5420 οἴων
3592 5362 3665 5457 si?

430 5466 574 5521 cium
611 5466 705 5522 Dei
749 5470 1090 5539 probabunt,
1127 5469 1449 5541 iustumque
1496 5486 1620 5527 esse
1664 5470 1939 5528 fatebuntu

2157 5487 2189 5522 α
2226 5467 2618 5539 μεταπέπτωκε
2645 5464 2934 5534 θεώμενοι·
2964 5459 3312 5526 ἀποδέξονται
3345 5458 3402 5511 δὲ
3429 5451 3517 5507 τοῦ

431 5558 546 5613 Sub
569 5558 683 5612 haec
712 5559 1083 5617 calamitatum
1107 5560 1260 5633 impii
1306 5578 1503 5620 causas
1543 5563 1881 5634 expendent,
1918 5578 1940 5617 r

2151 5581 2200 5632 3v
2231 5561 2431 5633 κρίσιν,
2461 5558 2676 5613 δικαίαν
2723 5556 2894 5627 αὐτὴν
2932 5550 3069 5608 εἶναι
3112 5550 3506 5625 ὁμολογοῦντες.
3542 5544 3660 5595 Εἱτῦ

428 5661 575 5708 ctum
630 5668 753 5708 esse
790 5653 1057 5722 judicium
1113 5654 1211 5711 Dei
1251 5658 1630 5726 pmdicantcs.
1674 5656 1937 5731 Oportuer

2130 5656 2195 5709 ιαὶ
2227 5655 2324 5718 τὰς
2359 5653 2536 5717 αίτίας
2572 5649 2953 5714 διελεύσονται,
2987 5649 3052 5704 δι’
3096 5647 3162 5711 ἃς
3199 5646 3371 5701 ταῦτα
3415 5634 3639 5693 πέπονθε·

502 5828 546 5861 ⁸⁷
586 5827 745 5884 Prov.
789 5845 960 5896 XVIII,
998 5831 1086 5885 l7.
