3822 6280
194 361 290 415 H9

1291 354 1791 410 COMMENTARIA
1830 353 1895 409 IN
1943 353 2281 410 PSALMOS.

3315 352 3416 407 450

193 479 217 529 6
245 471 449 543 ἀσεϐὴς,
478 469 805 533 δικαιοῦντες
836 468 934 539 τὴν
961 468 1055 523 τοῦ
1089 468 1223 523 Θεοῦ
1257 469 1455 541 κρίσιν.
1484 471 1611 522 Δέον
1635 470 1741 542 γὰρ

1852 467 1989 523 enim
2032 484 2141 521 non
2190 477 2299 522 tam
2342 467 2520 523 eiferri
2567 470 2633 524 de
2660 470 2895 535 divitiis,
2932 484 3029 524 nec
3079 467 3147 523 de
3183 476 3419 522 vanitate

197 564 260 635 μὴ
287 564 369 615 ἐπὶ
400 561 612 631 πλούτῳ
639 560 775 630 μέγα
798 563 1031 630 φρονεῖν,
1061 559 1179 630 μηδ’
1205 560 1297 611 ἐπὶ
1321 562 1387 629 τῇ
1427 560 1745 631 ματαιότητι

192 654 272 708 τοῦ
304 653 559 724 παρόντος
596 652 709 722 βίου
756 651 1110 721 ἐπαίρεσθαι,
1170 651 1331 722 μόνον
1375 651 1432 703 δὲ
1479 651 1569 703 τὸν
1615 650 1746 704 Θεὸν

193 746 359 798 ἐλπῖδα
391 746 480 797 καὶ
508 744 701 815 βοηθὸν
731 743 893 797 αὑτοῦ
932 743 1194 805 τίθεσθαι,
1228 745 1321 796 καὶ
1344 743 1436 794 ἐπὶ
1469 742 1640 816 ταύτῃ
1672 743 1746 814 μὴ

194 836 413 891 σαλεύειν
448 839 513 907 τῇ
548 836 757 888 ἐλπίδι·
803 838 831 887 6
874 835 929 887 δὲ
978 836 1075 905 τὴν
1113 836 1208 905 μὲν
1248 834 1454 905 ἀγαθὴν
1502 834 1745 906 ἄγκυραν

194 930 277 997 τῆς
324 926 510 980 ἑαυτοῦ
569 927 745 996 ψυχῆς
795 926 1213 989 καταλέλοιπεν,
1272 926 1365 978 ἐπὶ
1424 926 1636 996 ματαίῳ
1689 926 1745 978 δὲ

195 1019 382 1089 πλούτῳ
440 1019 538 1081 τὰς
600 1018 817 1080 ἐλπίδας
883 1018 1227 1087 ἀναρτήσας,
1278 1015 1467 1068 ἐαυτὸν
1522 1013 1743 1078 ἔπαιξε,

196 1113 332 1165 πλέον
375 1112 522 1164 ούδέν
555 1112 589 1181 ἢ
636 1111 845 1181 γέλωτα
894 1109 1135 1179 ὀφλήσας
1180 1108 1270 1161 ἐπὶ
1310 1111 1375 1179 τῇ
1431 1107 1595 1161 αὑτοῦ
1642 1125 1745 1177 μα·-

195 1205 305 1275 ταία
329 1204 417 1257 καὶ
443 1203 637 1274 ἄφρονι
676 1203 1032 1273 μεγαλαυχίᾳ.

264 1297 393 1366 Ἐγὼ
429 1295 514 1357 δὲ,
559 1296 703 1349 ὡσεὶ
749 1295 922 1348 ἐλαία
964 1293 1341 1363 κατάκαρπος
1380 1294 1449 1346 ἐν
1483 1291 1562 1357 τῷ
1604 1292 1747 1355 οῖκῳ

197 1389 287 1442 τοῦ
314 1388 473 1451 Θεοῦ,
506 1386 741 1455 ἤλπισα
768 1386 865 1439 ἐπὶ
897 1386 964 1440 τὸ
999 1388 1168 1452 ἕλεος
1202 1386 1308 1439 τοῦ
1348 1384 1493 1439 Θεοῦ
1533 1387 1619 1449 εὶς
1641 1383 1753 1437 τὸν

196 1477 370 1541 αἰῶνα,
408 1477 502 1530 καὶ
540 1480 629 1544 εὶς
672 1477 779 1530 τὸν
830 1476 1015 1531 αἰῶνα
1061 1476 1164 1529 τοῦ
1199 1476 1433 1543 αἰῶνος.
1468 1476 1527 1529 Ὀ
1563 1475 1658 1546 μὲν
1688 1476 1746 1528 ἐν

196 1568 340 1639 κακία
372 1569 589 1631 δυνατὸς
634 1568 818 1622 ὁποίου
867 1568 1056 1632 τέλους
1091 1568 1358 1633 τεύξεται,
1399 1568 1487 1621 διά
1519 1568 1625 1621 τῶν
1667 1569 1746 1621 εί-

198 1662 417 1731 ρημένων
478 1659 892 1732 μεμαθήκαμεν.
956 1660 1095 1729 Ἐγὼ
1144 1661 1221 1723 δὲ,
1273 1661 1435 1732 φησιν
1481 1663 1510 1713 6
1564 1659 1742 1726 Δαυῒδ,

194 1752 343 1806 ταῦτα
382 1752 689 1816 παιδευθεὶς
727 1754 861 1825 πρὸς
907 1752 999 1807 τοῦ
1042 1754 1198 1821 ἁγίου
1245 1752 1577 1823 Πνεύματος,
1621 1752 1742 1805 οὕτε

1849 561 1972 615 vita:
2003 561 2284 628 praesentis
2318 561 2536 626 extolli;
2564 561 2657 615 sed
2690 578 2856 615 unum
2886 560 3052 617 Deum
3096 562 3149 614 in
3186 575 3333 629 spem
3366 567 3423 613 et

1848 653 2107 706 auxilium
2164 654 2267 708 sibi
2311 668 2542 723 ponere,
2602 662 2763 722 atque
2806 654 2860 706 in
2910 654 3001 706 tali
3048 670 3143 721 spe
3174 668 3282 705 non
3314 650 3420 704 ilu-

1847 755 2056 801 ctuare.
2098 747 2190 801 Ille
2220 762 2349 801 vero
2379 747 2519 800 bona
2545 747 2738 799 animae
2768 760 2880 800 suae
2900 746 3140 797 anchora
3170 744 3418 807 dimissa,

1846 846 2008 907 atque
2054 838 2105 891 in
2148 838 2351 892 divitiis
2381 837 2637 891 inanibus
2668 852 2761 906 spe
2798 836 3059 905 reposita,
3093 834 3197 888 sibi
3224 833 3325 902 ipsi
3353 833 3420 885 ίι»

1848 931 2004 994 lusit;
2051 930 2293 998 nihilque
2340 930 2489 983 aliud
2537 930 2604 983 de
2647 944 2785 982 vana
2828 929 2919 980 illa
2958 936 3009 980 et
3047 926 3237 979 insana
3267 936 3419 978 arra-

1845 1023 2028 1093 gantia
2062 1023 2263 1090 retulit,
2294 1038 2455 1092 quam
2484 1022 2630 1092 quod
2661 1036 2719 1076 se
2746 1020 3036 1074 ridiculum
3064 1018 3345 1088 prahberet.

1916 1298 2083 1352 Vens.
2130 1295 2218 1351 10.
2276 1294 2388 1363 Ego
2443 1302 2617 1346 autem
2664 1294 2798 1345 sicut
2848 1290 2983 1345 oliva
3033 1289 3312 1358 fructifera
3367 1288 3425 1343 in

1845 1390 1999 1444 domo
2033 1389 2160 1451 Dei,
2213 1388 2415 1457 speravi
2461 1387 2512 1438 in
2562 1384 2926 1438 misericordia
2958 1383 3052 1435 Dei
3082 1384 3135 1434 in
3169 1392 3424 1434 retentum

1845 1495 1892 1537 et
1922 1484 1975 1535 in
2006 1482 2257 1536 saxulum
2288 1479 2487 1534 steculi.
2543 1476 2645 1543 Qui
2675 1477 2797 1531 finis
2837 1476 3052 1528 futurus
3078 1475 3150 1527 sit
3181 1474 3301 1541 ejus
3325 1472 3423 1543 qui

1846 1582 2039 1644 potens
2074 1579 2157 1626 est
2194 1572 2249 1624 in
2293 1569 2601 1638 iniquitate,
2646 1584 2710 1620 ex
2738 1567 2850 1634 jam
2878 1565 3038 1619 dictis
3072 1564 3420 1618 edidicimus.

1846 1666 1958 1736 Ego
1983 1674 2183 1727 autem,
2201 1663 2277 1716 ait
2308 1661 2494 1723 David,
2521 1660 2606 1713 his
2630 1658 2879 1713 eruditus
2916 1674 2943 1709 a
2970 1656 3175 1726 Spiritu
3208 1662 3419 1717 sancto,

1845 1774 2022 1828 neque
2069 1757 2137 1811 de
2182 1754 2529 1809 multitudine
2571 1760 3045 1821 temperanearum
3086 1749 3422 1811 divitiarum,

197 1844 272 1896 ἐπὶ
315 1843 495 1912 πλήθει
544 1842 776 1895 πλούτου
839 1844 1173 1915 προσκαίρου
1233 1843 1530 1914 ἐπαρθείην
1584 1843 1744 1908 ποτὲ,

1852 1864 2026 1920 neque
2071 1849 2137 1903 de
2184 1847 2423 1902 vanitate
2473 1845 2717 1898 mortalis
2766 1843 2891 1896 vita:
2947 1858 3185 1911 unquam
3251 1840 3426 1895 extol-

194 1934 297 1987 οὗτε
341 1936 427 1986 ἐπὶ
477 1936 798 2005 ματαιότητι
842 1935 935 1988 τοῦ
985 1934 1179 2005 θνητοῦ
1229 1935 1376 2005 βίου·
1414 1937 1747 2002 Ματαιότης

198 2028 286 2097 γὰρ
331 2028 769 2095 ματαιοτήτων,
818 2028 889 2081 τὰ
938 2028 1132 2082 πάντα
1185 2030 1528 2098 ματαιότης.
1592 2028 1748 2081 Ἀλλά

198 2120 275 2171 καὶ
326 2119 531 2188 φεύγων
583 2121 687 2193 τὴν
720 2122 838 2175 ὁδὸν
880 2121 973 2175 τοῦ
1031 2121 1255 2175 δυνατοῦ
1311 2122 1370 2173 ἐν
1401 2121 1588 2191 κακίᾳ,
1648 2122 1747 2191 τὴν

199 2210 403 2278 ἐμαυτοῦ
454 2211 700 2279 γλῶτταν
755 2215 851 2266 καὶ
911 2213 981 2266 τὰ
1033 2214 1253 2284 ῥήματα
1316 2213 1415 2266 οὐκ
1469 2214 1549 2275 εἰς
1598 2213 1748 2265 ἀπώ-

197 2302 322 2357 λειαν
345 2303 535 2374 ἐτέρων
590 2306 945 2376 ἀκονήσαιμι,
969 2305 1085 2358 ἀλλ’
1134 2306 1221 2357 ἐπ’
1249 2288 1745 2378 ὠφελείαψυχῶν,

197 2398 275 2448 καὶ
302 2399 372 2459 εἰς
392 2398 665 2452 διακονίαν
694 2398 976 2470 σωτηρίων
1011 2398 1203 2467 λόγων.
1256 2400 1366 2452 Καὶ
1385 2403 1503 2461 ταῖς
1535 2399 1747 2462 λοιπαῖς

197 2488 243 2539 δὲ
268 2488 506 2560 πράξεσιν
540 2490 718 2553 οὕτως
751 2491 815 2545 ἂν
844 2491 1101 2563 γενοίμην
1140 2491 1371 2562 εὐθαλὴς
1425 2492 1517 2543 καὶ
1544 2490 1745 2562 εὔκαρ-

200 2597 300 2644 mg,
342 2582 411 2645 ὡς
457 2583 903 2655 παραϐάλλεσθαί
965 2603 1065 2655 μου
1126 2585 1223 2656 τὴν
1276 2584 1452 2654 ψυχὴν
1511 2583 1751 2637 ἀειθαλεῖ

213 2673 280 2726 ταὶ
311 2675 632 2746 πολυκάρπῳ
668 2677 819 2748 φυτῷ
874 2679 932 2729 ὲν
972 2678 1102 2748 οῐκῳ
1150 2677 1285 2731 Θεοῦ
1332 2677 1744 2748 πεφυτευμένῳ.

202 2765 276 2817 Διό
304 2783 448 2835 φημι·
492 2767 640 2837 Ἐγὼ
668 2768 738 2820 δὲ
768 2768 911 2821 ὡσεὶ
932 2768 1104 2822 ἐλαία
1151 2767 1529 2837 κατάκαρπος
1555 2770 1626 2823 ἐν
1667 2771 1747 2836 τῷ

199 2857 319 2921 οἴκῳ
343 2859 440 2913 τοῦ
467 2860 636 2913 Θεοῦ·
672 2862 705 2931 ἣ
733 2862 871 2915 κατὰ
893 2862 981 2915 τὸν
1007 2862 1318 2933 Σύμμαχον·
1355 2862 1495 2932 Ἐγὼ
1516 2862 1583 2915 δὲ
1605 2862 1749 2915 ὡσεὶ

202 2948 347 3002 ἐλαιά
365 2950 621 3018 εὐθαλὴς
662 2951 732 3004 ἐν
759 2950 839 3015 τῷ
872 2953 1016 3015 οἴκῳ
1078 2954 1184 3007 τοῦ
1235 2953 1405 3006 Θεοῦ.
1461 2954 1594 3007 υῦδέ
1639 2955 1746 3027 γὰρ

204 3038 425 3093 ὰπένευον
454 3041 545 3094 τοῦ
573 3041 729 3095 οἴκου
781 3042 875 3095 τοῦ
936 3043 1090 3096 Θεοῦ·
1153 3044 1268 3098 ἀλλ’
1316 3045 1464 3098 ἔνδον
1506 3048 1564 3098 ἐν
1598 3045 1749 3117 αύτῷ

201 3130 360 3204 ὥσπερ
381 3138 433 3190 ἐν
461 3137 717 3208 γεωργίῳ
744 3136 878 3189 Θεοῦ
916 3137 1342 3205 πεφυτευμένης,
1376 3138 1470 3189 καὶ
1516 3137 1626 3189 τῶν
1655 3155 1749 3191 να-

1848 1942 1925 1994 lar
1984 1958 1997 1995 τ
2054 1954 2178 1993 nam
2234 1939 2441 1992 vanitas
2490 1937 2821 1999 vanitatum,
2876 1935 3053 1987 omnia
3099 1934 3306 1986 vanitas
3356 1932 3423 1982 ⁵⁸.

1849 2031 1962 2085 imo
1989 2046 2118 2087 vero
2170 2034 2311 2085 viam
2348 2029 2583 2099 potentis
2632 2029 2685 2081 in
2737 2028 3017 2097 iniquitate
3051 2026 3286 2095 fugiens,
3322 2025 3426 2077 lin-

1849 2141 2007 2197 guam
2033 2134 2086 2181 et
2112 2127 2275 2181 verba
2306 2140 2424 2178 mea
2456 2140 2563 2178 non
2616 2125 2669 2176 in
2718 2122 3012 2191 perniciem
3067 2121 3295 2173 aliorum
3330 2135 3427 2173 ex—

1849 2234 2074 2285 aeuam;
2112 2216 2206 2272 sed
2240 2219 2304 2271 ad
2335 2219 2619 2270 utilitatem
2657 2215 2960 2268 animarum
2992 2221 3044 2266 et
3074 2213 3139 2265 ad
3178 2211 3427 2265 ministe-

1848 2310 1988 2362 rium
2019 2308 2275 2362 salutaris
2302 2307 2596 2361 sermonis.
2623 2304 2686 2356 Et
2721 2305 2774 2357 in
2802 2304 3026 2372 reliquis
3060 2302 3315 2371 operibus
3346 2300 3427 2355 sic

1849 2401 2051 2456 virens.
2105 2399 2186 2452 sic
2218 2396 2465 2453 fructifer
2498 2396 2744 2458 evadant,
2792 2400 2850 2445 ut
2877 2394 3056 2446 anima
3092 2408 3207 2444 mea
3245 2389 3427 2445 arbori

1848 2508 2058 2561 semper
2102 2492 2297 2546 virenti
2340 2506 2402 2544 ac
2448 2487 2746 2542 fructifera:
2772 2487 2824 2539 in
2860 2486 3023 2539 domo
3056 2485 3145 2537 Dei
3180 2485 3429 2552 plantata’

1848 2594 2215 2656 comparetur.
2285 2583 2648 2650 Quamobrem
2700 2580 2822 2633 dico
2874 2596 2886 2631 :
2938 2576 3049 2647 Ego
3087 2587 3263 2629 autem
3296 2579 3428 2628 sicut

1848 2679 1988 2733 oliva
2018 2678 2299 2747 fructifera
2335 2678 2387 2731 in
2417 2676 2571 2727 domo
2602 2672 2733 2735 Dei;
2770 2671 2905 2733 sive,
2934 2669 3233 2723 secundum
3268 2667 3430 2738 Symo

1848 2772 2127 2835 machum,
2156 2770 2271 2841 Ego
2306 2779 2481 2823 autem
2506 2769 2642 2821 sicut
2671 2766 2810 2819 oliva
2838 2764 3006 2817 virens
3035 2764 3090 2816 in
3126 2763 3279 2815 domo
3316 2762 3426 2817 Dei.

1847 2864 2033 2935 Neque
2064 2863 2209 2916 enim
2252 2862 2472 2915 domum
2514 2859 2609 2914 Dei
2655 2857 3001 2922 abnuebam;
3050 2856 3143 2909 sed
3193 2855 3340 2907 intus
3376 2856 3430 2907 in

1848 2958 1967 3026 ipsa
1996 2956 2156 3026 quasi
2192 2955 2249 3008 in
2282 2968 2409 3024 agro
2436 2950 2529 3006 Dei
2558 2951 2853 3020 plantatus,
2908 2954 2962 3002 et
3009 2946 3143 3000 rivis
3177 2946 3345 3000 fontis
3376 2947 3430 2999 in

1846 3048 2010 3103 domo
2034 3046 2129 3101 Dei
2168 3043 2524 3100 scaturientis
2575 3040 2786 3104 fruens,
2832 3039 3080 3094 fructifer
3121 3055 3184 3093 ac
3219 3054 3428 3106 semper

1847 3138 2037 3193 virens
2059 3137 2231 3199 evasi,
2256 3135 2509 3204 exemplo
2539 3133 2753 3187 arboris
2781 3133 2957 3195 olivaa,
2984 3146 3105 3200 quae
3133 3132 3273 3184 inter
3294 3146 3429 3182 sem-

208 3222 359 3289 μάτων
384 3228 476 3299 τῆς
512 3230 568 3281 ἐν
598 3227 682 3298 τῷ
719 3229 852 3299 οῖκῳ
903 3228 995 3281 τοῦ
1041 3228 1175 3281 Θεοῦ
1204 3229 1388 3299 πηγῆς
1434 3230 1744 3295 ἀπολαύων,

1852 3247 1947 3301 per
1966 3231 2204 3284 virentes
2232 3234 2649 3283 annumeratur.
2678 3226 2950 3280 Observes
2982 3225 3141 3278 velim
3172 3222 3430 3275 Davidem

206 3316 513 3389 πολύκαρπος
541 3321 805 3391 ἐγινόμην
842 3322 934 3373 καὶ
987 3321 1263 3392 ἀειθαλὴς,
1300 3322 1441 3375 κατά
1469 3322 1530 3375 τὸ
1570 3325 1746 3391 παρά-

202 3408 370 3480 δειγμα
385 3413 472 3465 τοῦ
499 3414 597 3484 τῆς
620 3414 810 3477 ἐλαίας
843 3414 1035 3483 φυτοῦ,
1067 3416 1203 3486 ὅπερ
1243 3418 1300 3469 ἐν
1331 3418 1444 3480 τοῖς
1472 3416 1745 3470 ἀειθαλέσι

207 3502 548 3573 παρείληπται.
598 3507 767 3576 Τήρει
800 3506 875 3569 δὲ,
936 3506 1017 3559 ὃτι
1068 3508 1240 3560 ταῦτα
1286 3506 1458 3575 λέγων
1499 3509 1527 3559 6
1560 3506 1742 3569 Δαυῖδ,

206 3589 306 3642 οὔτε
345 3595 430 3647 ἐπὶ
478 3596 575 3666 τῆς
620 3597 976 3669 Ἰερουσαλὴμ
1008 3597 1333 3667 ἐτύγχανεν,
1391 3599 1456 3669 ῆν
1499 3596 1745 3668 ἐνόμιζον

207 3678 321 3737 εἶναι
358 3689 616 3742 Ἰουδαίων
670 3690 854 3753 παῖδες
908 3686 1054 3745 οἶκον
1118 3691 1207 3744 τοῦ
1255 3691 1410 3743 Θεοῦ·
1463 3690 1589 3744 οὔτε
1638 3693 1746 3762 γὰρ

206 3774 495 3851 ᾠκοδόμητο·
532 3782 647 3833 ἀλλ’
681 3782 800 3833 οὐδέ
848 3784 906 3835 ἐν
938 3785 1002 3853 τῇ
1035 3785 1203 3853 σκηνῇ
1233 3786 1298 3854 τῇ
1335 3783 1439 3835 ὑπὸ
1470 3782 1746 3845 Μωῡσέως

208 3873 667 3946 κατεσκευασμένῃ,
708 3872 875 3925 εἰσέτι
914 3873 1034 3926 τότε
1086 3873 1241 3944 παρά
1291 3875 1561 3938 Ἰουδαίοις
1587 3873 1741 3946 οὔσῃ.

208 3959 392 4028 Φεύγων
416 3964 518 4034 γὰρ
553 3966 645 4018 τὸν
682 3964 852 4017 Σαοὺλ
893 3967 1020 4037 παρ’
1066 3966 1271 4034 ἑτέροις
1315 3964 1412 4028 τάς
1463 3966 1746 4036 διατριϐὰς

212 4052 429 4107 ἐποιεῖτο·
451 4058 597 4127 ὅμως
624 4057 667 4109 δ’
689 4052 783 4110 οῦν
814 4056 915 4109 οὐκ
946 4057 1130 4126 ὴγνόει
1176 4057 1366 4110 ἐαυτὸν
1400 4058 1457 4110 ἐν
1506 4057 1583 4127 τῷ
1614 4057 1747 4127 οἴκῳ

209 4141 285 4192 τοῦ
306 4143 428 4197 Θεοῦ
460 4147 881 4219 πεφυτευμένον·
920 4143 1065 4201 οἷκον
1090 4147 1225 4201 Θεοῦ
1250 4148 1385 4201 νοῶν
1412 4148 1473 4201 τὸ
1498 4147 1746 4211 θεοσεϐὲς

212 4232 491 4307 πολίτευμα.
508 4241 617 4293 Καὶ
647 4240 942 4311 ἐπειδήπερ
971 4241 1345 4312 κατάκαρπος,
1371 4241 1491 4294 ούδέ
1517 4242 1746 4312 πικροὺς

212 4324 362 4392 φέρων
381 4333 638 4402 καρποὺς,
674 4332 888 4400 γλυκεῖς
925 4331 982 4385 δέ
1013 4332 1108 4385 καὶ
1140 4333 1339 4403 πολλῆς
1362 4334 1632 4404 γέμοντας
1661 4351 1747 4401 φι-

212 4414 537 4489 λανθρωπίας,
574 4426 797 4488 εἰκότως
819 4426 1000 4489 ἐλαίας
1027 4426 1178 4497 φυτῷ
1204 4426 1547 4497 κατακάρπῳ
1600 4443 1745 4497 παρ-

213 4506 450 4577 εϐάλλετο,
477 4516 567 4570 τὸν
600 4519 679 4579 είς
709 4517 836 4579 τοὺς
868 4516 1037 4580 πέλας
1074 4517 1219 4570 ἔλεον
1246 4519 1619 4588 σημαίνοντος,
1655 4520 1747 4571 καὶ

1853 3324 1969 3378 hzec
2007 3323 2279 3377 dicentem
2311 3336 2421 3374 non
2457 3317 2629 3374 fuisse
2679 3319 2733 3372 in
2776 3316 3100 3381 Jerusalem,
3141 3331 3302 3386 quam
3334 3314 3432 3368 do—

1853 3431 2001 3469 mum
2028 3414 2122 3467 Dei
2154 3429 2277 3468 esse
2315 3412 2727 3468 arbitrabantur
2772 3408 2981 3475 Judaai;
3014 3410 3255 3463 nondum
3287 3406 3431 3461 enim

1853 3506 2117 3562 aediﬁcata
2150 3506 2352 3570 fuerat;
2390 3506 2485 3559 sed
2520 3520 2696 3573 neque
2729 3504 2783 3557 in
2818 3502 3219 3557 tabernaculoa
3250 3499 3451 3570 Moyse.

1855 3604 2087 3658 structo,
2118 3595 2263 3664 quod
2296 3594 2474 3649 adhuc
2505 3610 2673 3663 penes
2701 3593 2919 3648 Judazos
2951 3600 3087 3647 erat.
3119 3590 3252 3645 Cum
3288 3590 3431 3643 enim

1855 3690 2066 3760 fugeret
2115 3707 2144 3743 a
2174 3692 2358 3753 Saule,
2410 3691 2551 3760 apud
2596 3690 2737 3744 alios
2774 3690 3131 3743 morabatur:
3166 3694 3219 3739 et
3252 3693 3431 3737 tamen

1857 3800 1963 3836 non
2001 3784 2281 3852 ignorabat
2307 3798 2365 3837 se
2405 3783 2459 3835 in
2503 3782 2665 3835 domo
2692 3782 2786 3835 Dei
2820 3782 3119 3850 plantatum
3152 3794 3310 3845 esse;
3348 3780 3433 3831 in-

1855 3874 2103 3942 telligens
2147 3872 2367 3925 domum
2411 3871 2505 3927 Dei
2552 3872 2865 3941 religiosum
2917 3886 3040 3926 esse
3096 3869 3428 3924 institutum.

1855 3967 1920 4020 Et
1949 3968 2205 4036 quoniam
2236 3964 2483 4019 fructifer
2521 3976 2655 4029 erat,
2700 3982 2875 4035 neque
2906 3979 3146 4029 amaros,
3180 3963 3275 4019 sed
3304 3963 3430 4016 dul-

1855 4076 1948 4114 ces
1971 4070 2023 4113 et
2054 4060 2389 4113 humanitate
2418 4060 2607 4129 plenos
2651 4060 2864 4115 fructus
2893 4060 3119 4126 ferebat,
3168 4059 3291 4127 jure
3314 4056 3433 4111 fru-

1855 4162 2061 4208 ctuosae
2106 4154 2287 4207 arbori
2330 4153 2485 4207 oliva:
2517 4156 2958 4225 comparabatur,
2995 4155 3242 4223 exemplo
3268 4153 3433 4208 mise-

1855 4245 2148 4298 ricordiam
2178 4245 2231 4298 in
2263 4246 2561 4315 proximos,
2617 4254 2671 4300 et
2714 4247 3108 4301 humanitatem
3158 4248 3212 4299 in
3239 4261 3431 4300 omnes

1856 4336 2215 4407 signiﬁcante.
2274 4336 2472 4406 Utpote
2502 4338 2666 4407 igitur
2703 4340 2795 4408 qui
2829 4346 2909 4393 tot
2936 4339 3093 4393 bonis
3126 4340 3430 4393 instructus

1854 4437 2023 4491 esset,
2064 4438 2465 4500 consequenter
2501 4430 2664 4485 infert
2696 4451 2708 4486 ;
2739 4432 2956 4500 Speraui
2989 4434 3040 4484 in
3066 4430 3428 4485 misericordia

1857 4520 1953 4573 Dei
1984 4521 2037 4572 in
2068 4509 2321 4574 celet-num
2350 4532 2397 4574 et
2432 4522 2486 4574 in
2515 4524 2767 4575 sa'culum
2792 4525 3000 4578 swculi.

214 4598 292 4669 τὴν
324 4605 395 4666 εἰς
449 4606 686 4671 ἅπαντας
739 4609 1145 4680 φιλανθρωπίαν
1174 4610 1265 4663 τοῦ
1302 4609 1755 4682 παραδείγματος.
1810 4612 1895 4674 Ὠς
1929 4608 2020 4665 οῦν
2049 4614 2322 4677 τοσούτοις
2380 4613 2580 4683 βρίθων
2641 4615 2884 4683 ἀγαθοῖς,
2916 4612 3219 4676 ἀκολούθως
3247 4612 3429 4666 ἐπιλέ-

214 4708 299 4757 γει·
326 4698 577 4754 Ἤλπιονα
599 4701 696 4754 ἐπὶ
728 4702 793 4754 τὸ
823 4702 994 4768 ἕλεος
1015 4702 1122 4757 τοῦ
1147 4702 1292 4757 Θεοῦ
1321 4705 1405 4768 εὶς
1435 4702 1541 4755 τὸν
1561 4702 1745 4757 αἰῶνα
1782 4705 1878 4758 καὶ
1904 4708 1991 4771 εἷς
2022 4706 2127 4759 τὸν
2153 4706 2337 4759 αἰῶνα
2368 4707 2472 4760 τοῦ
2495 4706 2728 4774 αἰῶνος.

215 4846 338 4948 αὑτῶ
383 4846 470 4937 καί
1085 4846 1097 4849 ⁷
1109 4846 1350 4957 ξέχρῆνῄ
1360 4846 1483 4958 γάρ*

218 4971 396 5040 πικρῶν
423 4977 658 5050 οἰστικὴν
694 4976 848 5049 ῥίζαν
877 4978 1105 5050 καρπῶν
1153 4979 1289 5050 πρὸς
1321 4978 1415 5032 τοῦ
1458 4979 1566 5032 τῶν
1611 4979 1749 5033 ὅλων

220 5064 354 5129 σοφοῦ
378 5069 614 5141 γεωργοῦ
641 5071 1010 5141 ἀποκταλῆναι
1028 5073 1122 5142 (1).
1154 5073 1210 5126 '0
1224 5073 1281 5126 δὲ
1311 5072 1442 5125 ὡσεὶ
1463 5073 1617 5126 ἐλαία
1651 5088 1748 5126 κα-

218 5155 459 5229 τάκαρπος
485 5164 541 5219 ὲν
570 5163 648 5234 τῷ
670 5166 803 5236 οἴκῳ
831 5164 923 5217 τοῦ
952 5164 1110 5228 Θεοῦ,
1136 5164 1361 5235 ἤλπισεν
1388 5165 1480 5216 ἐπὶ
1511 5164 1573 5216 τὸ
1601 5164 1746 5228 ἔλεος

218 5245 294 5298 τοῦ
315 5248 436 5305 Θεοῦ
466 5258 542 5319 εἰς
563 5256 651 5310 τὸν
684 5256 854 5310 αἰῶνα
880 5256 973 5309 καὶ
1002 5257 1079 5317 εἰς
1109 5256 1197 5308 τὸν
1219 5254 1387 5308 αἰῶνα
1405 5254 1498 5308 τοῦ
1531 5255 1745 5319 αἰῶνος,

219 5338 478 5396 αθανασίαν
518 5347 611 5399 καὶ
638 5347 783 5419 ζωὴν
826 5347 1042 5401 αἰώνιον
1102 5346 1453 5417 ποριζόμενος
1488 5346 1596 5398 ἀπὸ
1649 5346 1748 5416 ’τῆς

222 5427 400 5501 ἀγαθῆς
444 5436 646 5501 ἐλπίδος
670 5477 685 5502 ,
743 5434 811 5511 ἦς
871 5436 1067 5491 οὔποτε
1111 5438 1441 5490 ἐκπεσεῖται·
1516 5438 1582 5493 Ἦ
1637 5438 1747 5509 γὰρ

224 5514 389 5587 έίίπῖςς
426 5530 557 5581 κατά
588 5531 679 5583 τὸν
724 5530 1064 5593 Ἀπόστολον,
1093 5531 1164 5581 οὐ
1203 5529 1607 5597 καταισχύνει.
1629 5524 1744 5582 Εἶθ’

225 5605 287 5670 ὡς
304 5612 379 5663 ἐπ’
402 5619 610 5685 ἀγαθοῖς
641 5626 892 5695 καρποῖς,
928 5622 1135 5690 ἀγαθὰς
1156 5622 1373 5684 ἐλπίδας
1406 5622 1583 5692 ἑαυτῷ
1611 5623 1743 5675 ὑπο-

287 5730 326 5761 “
357 5732 518 5793 Eccle.
554 5757 601 5804 I,
630 5742 684 5794 2.
761 5743 804 5773 θ’
843 5743 999 5796 Rom.
1036 5758 1091 5804 v,
1123 5742 1174 5795 5.

288 5820 353 5887 (ί)
393 5824 819 5902 Ἀετοπταλῆναι⁸
865 5836 1017 5890 Anne
1050 5832 1453 5902 ἀποκταθῆναιῗ
1479 5830 1635 5884 Eutr.

274 4789 363 4879 Τρῦ
391 4794 482 4862 μὲν
501 4796 606 4868 γὰρ
632 4797 689 4849 ἐν
722 4798 890 4868 κακία
939 4796 1166 4851 δυνατοῦ
1189 4797 1249 4849 τὸ
1274 4798 1428 4860 τέλος
1461 4798 1746 4867 ὲκρίζωσιν

1927 4798 2059 4852 Nam
2085 4801 2231 4855 illius
2257 4801 2499 4871 quidem,
2552 4802 2646 4871 qui
2700 4807 2890 4869 potens
2920 4806 3002 4853 est
3034 4798 3085 4851 in
3114 4797 3421 4866 iniquitate,

1860 4893 2018 4947 tinem
2042 4894 2384 4964 signiﬁcabat
2416 4909 2538 4949 esse
2566 4892 2986 4947 eradicationem
3017 4898 3069 4944 et
3096 4890 3424 4945 destructio-

1857 5001 2017 5051 nem;
2065 4986 2302 5040 radiccm
2336 4987 2480 5040 enim
2517 5000 2824 5039 amarorum
2859 4984 3133 5037 fructuum
3166 4982 3423 5048 feracem,

1856 5080 2164 5146 asapiente
2222 5077 2467 5131 omnium
2524 5075 2761 5146 agricola
2817 5072 3085 5128 eradicari
3116 5073 3418 5140 oportebat.

1856 5169 1958 5235 Qui
1993 5186 2124 5240 vero
2149 5172 2290 5227 sicut
2317 5171 2458 5224 oliva
2490 5168 2770 5223 fructifera
2803 5168 2857 5220 in
2888 5166 3050 5220 domo
3086 5165 3201 5227 Dei,
3231 5180 3423 5233 spera—

1854 5263 1929 5315 vit
1955 5263 2009 5315 in
2046 5262 2417 5317 misericordia
2457 5260 2548 5315 Dei
2602 5262 2654 5313 in
2707 5269 2967 5313 azternum
2994 5266 3046 5312 et
3077 5258 3127 5309 in
3162 5258 3419 5310 sreculnm

1855 5356 2059 5419 StBCUli,
2085 5354 2546 5409 immortalitatem
2595 5361 2649 5406 et
2684 5353 2849 5405 vitam
2870 5358 3127 5403 aeternam
3158 5349 3323 5402 refert
3351 5349 3425 5400 ob

1853 5447 2051 5499 bonam
2085 5462 2259 5515 spem,
2293 5461 2401 5515 qua
2435 5459 2714 5513 nunquam
2747 5443 2999 5507 excidet;
3031 5456 3157 5494 nam
3178 5480 3191 5502 ,
3224 5455 3421 5493 secun-

1851 5535 1983 5589 dum
2015 5536 2357 5605 Apostolum,
2415 5552 2529 5605 spes
2573 5552 2676 5588 non
2731 5533 3004 5601 confundit
3063 5531 3146 5592 ";
3201 5529 3419 5587 deinde.

1855 5635 2041 5696 utpote
2076 5627 2143 5683 de
2170 5627 2330 5683 bonis
2368 5626 2657 5693 fructibus,
2712 5627 2909 5681 bonam
2958 5624 3060 5678 sibi
3095 5637 3245 5692 spem
3286 5637 3422 5673 cuu-
