3822 6280
458 362 521 416 »ιέἱ
537 363 555 416 ι

1116 350 1385 409 EUSEBll
1422 344 1896 406 CIESARIENSIS
1944 344 2093 400 OPP.
2140 341 2323 399 PARS
2384 343 2473 399 Ill.
2513 368 2581 382 -—
2621 340 2948 397 EXEGETIC
3570 341 3660 400 452

460 482 705 550 signans.
745 486 938 531 uorum
983 485 1207 528 causam
1236 469 1506 526 bonorum
1539 469 1783 522 omnium
1818 465 2026 522 submi-

2130 463 2532 533 τυπωσάμενος,
2579 460 2677 531 τὴν
2736 459 2914 514 αἰτίαν
2967 457 3186 522 ἐξάπτει
3216 456 3295 528 τῷ
3336 456 3542 513 πάντων
3574 457 3661 513 τῶν

462 563 743 621 nistratori
788 562 1013 618 ascribit
1043 561 1232 615 dicens
1265 579 1279 614 :
1321 556 1623 628 Conﬁtebor
1654 556 1750 611 tibi
1778 557 1832 609 in
1858 572 2028 609 necu-

463 656 593 717 lum,
622 654 749 723 quia
781 651 973 721 fecisti.
1003 648 1189 720 Neque
1210 646 1353 702 enim
1382 660 1507 717 ego,-
1535 646 1732 716 inquit,
1771 659 1857 699 me
1887 643 2031 699 sicut

463 741 1019 801 olivam-fructiferam
1048 739 1350 809 composui,
1386 737 1480 794 sed
1501 746 1559 792 tu
1588 734 1763 791 fecisti
1806 751 1819 786 :
1850 733 1947 789 abs
1975 742 2031 788 te

462 838 608 895 enim
635 835 807 907 gratia
832 852 848 902 ;
873 849 1041 905 quare
1078 846 1356 903 nunquam
1389 830 1547 885 linem
1570 827 1764 883 faciam
1791 825 1889 880 tibi
1907 841 2031 895 gra-

456 931 570 987 tias
601 928 836 985 habendi
894 943 958 982 ac
994 924 1294 982 confitendi
1332 941 1344 976 :
1390 923 1484 979 sed
1541 928 1829 992 postquam
1862 918 2030 974 semel

463 1023 679 1095 speravi
703 1022 758 1076 in
778 1018 1155 1076 misericordia
1197 1015 1313 1084 Dei,
1336 1014 1648 1083 exspectabo
1677 1030 1860 1069 nomen
1893 1012 2026 1083 ejus.

463 1114 601 1170 Nam
630 1128 756 1169 cum
780 1112 924 1169 bona
950 1126 1075 1183 spes
1117 1108 1316 1173 subsit,
1352 1107 1614 1179 patientia
1665 1106 1823 1162 nobis
1867 1120 2026 1177 opus.

464 1204 807 1276 Quapropter
834 1202 1140 1274 exspectabo
1192 1217 1378 1256 nomen
1433 1209 1602 1264 tuum,
1654 1198 1749 1262 ait,
1779 1199 2029 1269 quoniam

466 1299 656 1353 bonum
671 1306 749 1353 est
777 1300 833 1352 in
862 1307 1136 1365 conspectu
1159 1303 1462 1349 sanctorum
1513 1302 1763 1355 tuorum;
1794 1290 1909 1346 sive
1937 1304 2027 1346 se-

466 1391 707 1445 cundum
753 1388 1160 1461 Symmachum,
1194 1386 1459 1452 Quoniam
1482 1384 1671 1437 bonum
1713 1391 1792 1437 est
1843 1398 2031 1437 nomen

467 1481 694 1549 tuumjn
711 1489 985 1549 conspectu
999 1485 1300 1532 sanctorum
1324 1486 1551 1528 tuorum.
1575 1473 1791 1529 Gnarus
1847 1472 2031 1543 itaque

463 1571 647 1643 ipsum
673 1571 877 1626 bonum
919 1585 1041 1624 esse
1086 1576 1141 1623 et
1165 1568 1432 1622 bonorum
1451 1572 1748 1629 auctorem,
1790 1577 1900 1617 non
1934 1578 2030 1632 po-

458 1663 706 1719 tentibus
743 1662 800 1717 in
831 1661 1058 1724 malitia,
1108 1675 1219 1714 non
1267 1656 1496 1727 abjectls
1548 1653 1883 1719 hominibus,
1936 1653 2031 1708 sed

461 1755 710 1823 sanctis;
749 1754 874 1825 jure
911 1751 1217 1822 exspectabo
1260 1767 1447 1805 nomen
1505 1757 1681 1813 tuum,
1738 1747 1881 1803 bona
1937 1763 2034 1818 spe

2130 549 2347 619 ἀγαθῶν
2382 547 2600 621 χορηγῴ
2631 548 2825 616 λέγων·
2882 546 3425 617 Ἐξομολογήσομαί
3476 564 3568 602 σοι
3593 553 3661 614 εἰς

2128 642 2236 696 τὸν
2265 641 2468 705 αἰῶνα,
2507 642 2599 694 ὅτι
2656 641 2970 709 ἐποίησας.
3026 641 3099 694 Οὐ
3159 640 3268 711 γὰρ
3326 638 3453 708 ἐγὼ,
3505 642 3662 712 φησὶν,

2129 737 2359 809 ἐποίησα
2393 736 2625 805 ἐμαυτὸν
2656 735 2787 787 ὡσεὶ
2818 734 3000 787 ἐλαίαν
3036 734 3408 804 κατάκαρπον,
3461 733 3587 787 ἀλλὰ
3611 736 3663 789 σὺ

2128 825 2406 897 ἐποίησας’
2436 824 2585 896 παρὰ
2622 823 2716 879 σοῦ
2736 824 2844 896 γὰρ
2869 827 2901 895 ἡ
2935 824 3108 894 χάρις’
3143 823 3222 877 διὸ
3273 823 3525 877 οὐδέποτε
3548 820 3676 908 παῦη

2131 919 2293 989 σομαί
2315 935 2400 971 σοι
2431 916 2528 988 τὴν
2556 916 2713 988 χάριν
2742 915 2913 980 εἰδὼς,
2943 915 3033 968 καί
3081 933 3161 968 σοι
3186 914 3678 985 ἐξομολογούμενος,

2130 1010 2275 1077 ἅπαξ
2304 1011 2360 1064 δέ
2383 1010 2607 1073 ἐλπίσας
2630 1009 2722 1061 ἐπὶ
2750 1008 2810 1061 τὸ
2838 1007 2985 1070 ἔλεος
3004 1004 3098 1058 τοῦ
3123 1004 3279 1070 Θεοῦ,
3316 1003 3583 1075 ὑπομενῶ
3613 1006 3679 1067 τὰ

2125 1103 2316 1173 ὄνομα
2346 1101 2551 1156 αὑτοῦ.
2571 1100 2683 1171 Τῆς
2705 1099 2813 1172 γὰρ
2837 1098 3048 1169 ἀγαθῆς
3075 1097 3286 1162 ἐλπίδος
3310 1098 3665 1169 ὑποκειμένης,

2127 1196 2403 1267 ὑπομονῆς
2431 1196 2563 1266 ἡμῖν
2595 1193 2770 1265 χρεία.
2795 1191 2889 1249 Διὸ
2910 1188 3187 1260 ὑπομενῶ
3227 1190 3293 1244 τὸ
3340 1189 3523 1260 ὄνομά
3550 1206 3665 1255 σου,

2128 1290 2311 1360 φησὶν,
2330 1287 2417 1340 ὅτι
2445 1285 2713 1356 χρηστόν
2729 1284 2899 1337 ἐστιν
2912 1282 3192 1336 ἐναντίον
3209 1279 3329 1335 τῶν
3357 1282 3538 1335 ὁσίων
3553 1299 3666 1337 σου·

2073 1392 2082 1399 ·
2126 1380 2161 1452 ἦ
2191 1378 2332 1433 κατά
2352 1378 2442 1431 τὸν
2475 1376 2788 1447 Σύμμαχον,
2817 1374 2936 1426 Ὅτι
2972 1372 3197 1442 ἀγαθὸν
3222 1372 3288 1426 τὸ
3344 1371 3527 1442 ὄνομὰ
3572 1389 3666 1427 σου

2127 1472 2410 1540 ἄντικρυς
2466 1468 2583 1524 τῶν
2617 1468 2805 1523 ὁσίων
2849 1480 2987 1519 σου.
3042 1464 3211 1529 Εἰδὼς
3238 1459 3354 1528 οὖν,
3379 1466 3461 1519 ὅτι
3490 1465 3665 1535 ἀγαθόν

2129 1565 2265 1626 ἐστι,
2294 1563 2388 1615 καὶ
2417 1558 2639 1630 ἀγαθῶν
2662 1557 2962 1628 ποιητικὸν,
2999 1557 3059 1609 οὐ
3089 1559 3200 1620 τοῖς
3238 1557 3482 1621 δυνατοῖς
3510 1558 3564 1610 ἐν
3588 1574 3667 1611 κα-

2129 1655 2241 1727 κίᾳ,
2270 1653 2389 1706 οὐδέ
2440 1655 2552 1716 τοῖς
2600 1651 2925 1723 ἁποϐλήτοις
2977 1649 3085 1703 τῶν
3144 1648 3380 1714 ζώντων,
3432 1649 3562 1703 ἀλλά
3578 1653 3667 1712 τοῖς

2129 1746 2314 1808 ὁσίοις,
2343 1745 2566 1808 εἰκότως
2593 1740 2868 1812 ὑπομενῶ
2903 1741 2969 1795 τὸ
2994 1739 3179 1809 ὄνομά
3201 1757 3339 1805 σου,
3380 1740 3586 1805 εὔελπις
3609 1739 3667 1795 ὣν

468 1846 656 1903 fruens
685 1862 771 1902 me
808 1860 1086 1914 nunquam
1133 1845 1414 1914 lapsurum
1451 1857 1482 1895 a
1511 1840 1884 1897 misericordia
1913 1847 2025 1894 tua.

2134 1837 2342 1907 μήποτε
2397 1837 2647 1888 ἐκπεσεῖν
2701 1834 2794 1896 τοῦ
2832 1832 2925 1887 σοῦ
2989 1831 3190 1895 ἐλέους.
3236 1830 3397 1885 Οὕτω
3441 1831 3564 1900 γοῦν
3589 1833 3664 1904 ηλ-

463 1941 561 1997 Sic
590 1942 773 2011 itaque
802 1940 859 1995 in
886 1940 1009 2010 ipso
1041 1938 1254 2008 speravi
1299 1937 1355 1990 in
1386 1944 1649 1991 aeternum
1685 1945 1740 1990 et
1764 1934 1819 1988 in
1851 1949 2023 1990 saecu-

460 2032 577 2087 1um
604 2034 811 2090 saeculi.

466 2143 518 2198 1.
558 2141 626 2197 ΙΝ
675 2140 921 2206 FINEM,
959 2138 1099 2195 PRO
1137 2136 1547 2205 MAHELETH,
1587 2135 2028 2192 INTELLIGEN-

982 2210 1118 2266 '1‘le
1158 2208 1365 2263 DAVll)
1404 2208 1512 2263 LII.

536 2306 701 2362 Vsus.
724 2305 847 2361 2-6.
882 2304 1033 2358 Dixit
1061 2303 1309 2371 insipiens
1356 2304 1412 2357 in
1458 2302 1612 2356 corde
1633 2318 1730 2357 suo
1759 2317 1777 2356 :
1807 2299 1931 2356 Non
1948 2310 2027 2356 est

463 2400 626 2454 Deus.
655 2396 902 2466 Corrupti
926 2406 1045 2451 sunt
1081 2405 1130 2449 et
1157 2393 1532 2448 abominabiles
1555 2393 1684 2462 facti
1702 2401 1824 2447 sunt
1845 2393 1901 2447 in
1926 2393 2028 2447 ini-

376 2469 379 2474 ν
462 2491 773 2563 quitatibus,
795 2505 899 2542 non
941 2497 1021 2544 est
1058 2489 1148 2558 qui
1188 2486 1355 2557 faciat
1384 2485 1596 2540 bonum.
1629 2484 2029 2556 Quinquagesi-

460 2596 587 2636 mus
615 2580 858 2650 psalmus
889 2578 1248 2634 confessionis
1276 2579 1495 2633 modum
1539 2578 1680 2648 ejus,
1738 2594 1899 2650 quem
1933 2578 2030 2632 ad-

461 2670 616 2726 missi
655 2669 861 2740 peccati
900 2670 1145 2739 ptenitet,
1177 2669 1596 2738 complectitur;
1645 2683 1880 2738 sequens
1900 2684 2028 2724 vero

462 2764 520 2818 in
545 2764 748 2816 malitia
764 2763 998 2833 potentis
1024 2770 1078 2818 et
1111 2761 1262 2831 impii
1295 2762 1463 2816 moris
1526 2761 1795 2817 insaniam
1826 2761 2030 2816 descri—

461 2853 581 2921 bit;
608 2870 674 2909 ac
694 2855 890 2926 qualis,
919 2869 1043 2909 cum
1071 2853 1258 2919 istum,
1290 2862 1404 2907 tum
1433 2853 1694 2924 priorem,
1721 2853 1844 2909 ﬁnis
1869 2869 2030 2908 exce-

460 2949 621 3018 perit.
655 2947 787 3002 Nam
818 2949 866 3004 ei
887 2949 978 3019 qui
1004 2950 1058 3004 in
1094 2950 1253 3005 malis
1284 2950 1399 3004 suis
1434 2951 1769 3021 gloriabatur
1822 2951 2029 3005 dictum

459 3048 544 3093 est
574 3057 585 3091 :
624 3038 910 3108 Propterea
945 3039 1081 3094 Deus
1106 3039 1339 3095 destruet
1378 3050 1426 3095 te
1454 3041 1508 3093 in
1542 3041 1720 3110 ﬁnem,
1753 3041 1935 3096 evellet
1958 3053 2026 3107 te,

460 3140 509 3186 et
531 3133 804 3202 emigraoit
837 3143 883 3187 te
896 3133 965 3187 de
1009 3132 1448 3198 tabernaculo";
1478 3151 1545 3189 ex
1576 3151 1808 3206 persona
1847 3145 2028 3193 autem

2128 1945 2260 1982 πισα
2294 1929 2380 1981 ἐπ’
2403 1927 2551 1999 αὐτῷ
2583 1930 2661 1991 εἰς
2714 1927 2804 1980 τὸν
2853 1926 3024 1980 αἰῶνα
3053 1925 3145 1978 καὶ
3176 1926 3256 1988 εἰς
3296 1925 3386 1978 τὸν
3411 1925 3572 1981 αἰῶνα
3593 1926 3667 1980 τοῦ

2126 2017 2341 2082 αἰῶνος.

2105 2129 2239 2183 ἘΙΣ
2276 2130 2363 2184 ΤΟ
2402 2130 2648 2198 ΤΕΛΟΣ,
2689 2131 2871 2187 ΥΠΕΡ
2909 2127 3569 2188 ΜΑΕΛΕΘ,ΣΥΝΕΣΕΩΣ
3600 2130 3668 2183 TD

2748 2202 2947 2254 ΔΑΥΙΔ
2985 2200 3088 2253 NB’

2196 2310 2380 2371 Εἷπεν
2417 2315 2621 2386 ἄφρων
2635 2317 2708 2369 ἐν
2737 2316 2947 2385 καρδίᾳ
2971 2318 3176 2373 αὑτοῦ·
3213 2319 3334 2370 Οὐκ
3362 2316 3495 2370 ἔστι
3530 2316 3665 2382 Θεός.

2129 2404 2540 2474 Διεςρθάρηυαν
2565 2405 2661 2458 καί
2689 2406 3141 2475 ἑϐδελύχθησαν
3169 2408 3240 2460 ἐν
3265 2407 3554 2475 ἁνομίαις,
3580 2408 3668 2459 οὐκ

2129 2497 2261 2551 ἐστι
2287 2494 2472 2550 ποιῶν
2499 2497 2745 2566 ἀγαθόν.
2786 2497 2842 2550 '0
2879 2498 2976 2568 μὲν
3015 2502 3057 2552 ν’
3082 2498 3468 2570 ἐξομολόγησιν
3497 2497 3667 2570 τρόπον

2133 2588 2625 2660 μεταγινὼποντος
2676 2591 2764 2659 ἐφ’
2794 2585 2876 2653 οἷς
2932 2591 3201 2662 ἥμαρτεν,
3262 2593 3552 2664 περιεῖχενο
3583 2591 3669 2645 όδὲ

2130 2681 2258 2750 ἑξῆς
2286 2680 2454 2751 αὐτῷ,
2484 2680 2740 2735 ἀπόνοιαν
2766 2681 2860 2734 τοῦ
2891 2683 2949 2736 ἐν
2977 2683 3145 2752 κακίᾳ
3165 2682 3390 2737 δυνατοῦ
3418 2683 3512 2737 καὶ
3536 2681 3668 2736 ἀθέου

2128 2774 2349 2845 τρόπου·
2396 2772 2578 2826 ὁποῖόν
2637 2791 2695 2825 τε
2744 2772 2929 2829 τοῦτον
2974 2773 3237 2845 διεδέχετο
3292 2774 3355 2827 τὸ
3405 2774 3569 2838 τέλος,
3599 2773 3672 2827 καὶ

2129 2866 2311 2918 ὁποῖον
2331 2864 2422 2918 τὸν
2465 2865 2747 2937 πρότερον.
2781 2864 2870 2936 Τῷ
2907 2866 3003 2937 μὲν
3024 2865 3132 2938 γὰρ
3170 2865 3566 2938 καυχησαμένῳ
3599 2865 3671 2917 ἐπὶ

2129 2958 2241 3019 τοῖς
2264 2953 2458 3009 ἑαυτοῦ
2485 2957 2672 3018 κακοῖς
2697 2955 2928 3025 ἐλέγετο·
2957 2955 3265 3010 Διὰ“τοῦτο
3309 2960 3343 3010 ὀ
3391 2957 3532 3022 Θεὸς
3556 2958 3670 3009 καθ·

2140 3047 2271 3102 ελεῖ
2289 3063 2365 3101 σε
2390 3049 2478 3114 εἰς
2506 3046 2696 3113 τέλος,
2718 3047 2944 3101 ἐκτῖλαι
2972 3064 3046 3101 σε
3074 3047 3174 3102 ’καὶ
3219 3045 3671 3118 μεταναστεῦσαί

2130 3153 2206 3191 σε
2232 3136 2351 3191 ἀπὸ
2376 3135 2789 3206 σκηνώματος·
2821 3138 2887 3190 ἐκ
2937 3138 3227 3210 προσώπου
3254 3139 3313 3192 δὲ
3340 3139 3433 3193 τοῦ
3456 3140 3672 3209 ἐξομολο-

461 3223 774 3278 conlitentis
791 3225 1156 3295 subjungitur,
1179 3224 1289 3296 Ego
1318 3234 1492 3280 autent
1519 3228 1651 3279 sicut
1670 3230 1807 3282 oliva
1839 3228 2026 3294 fructi-

2131 3228 2444 3300 γησαμένου
2474 3230 2711 3300 ἐπήγετο
2738 3228 2864 3300 ἐξῆς
2920 3231 3002 3296 τὸ,
3065 3231 3206 3302 Ἐγὼ
3241 3232 3311 3284 δὲ
3356 3232 3498 3286 ὡσεὶ
3528 3231 3672 3285 ἐλαία

462 3317 579 3382 fera
593 3318 648 3371 in
666 3316 820 3370 domo
851 3314 966 3381 Dei,
999 3316 1200 3383 speravi
1219 3316 1278 3370 in
1310 3317 1674 3372 misericordia
1693 3318 1806 3388 ejus
1831 3322 1885 3374 in
1923 3339 2027 3377 sre-

461 3406 731 3461 culum".
770 3405 868 3459 Hic
901 3419 1026 3461 vero
1093 3406 1187 3477 qui
1236 3407 1480 3478 psalmus
1532 3424 1640 3464 non
1696 3419 1800 3476 est,
1852 3428 2028 3482 neque

459 3500 605 3555 enim
638 3499 711 3553 ita
743 3498 1095 3567 inscribitur;
1143 3500 1239 3556 sed
1289 3515 1464 3570 neque
1496 3502 1767 3556 canticum
1791 3544 1806 3568 ,
1853 3521 2028 3575 neque

461 3594 591 3665 quid
627 3593 836 3659 simile,
901 3593 1157 3649 salutaris
1207 3593 1303 3649 Dei
1359 3594 1629 3651 adventus
1683 3598 2025 3668 prophetiam

460 3684 703 3741 continet
735 3723 751 3743 .
802 3698 962 3753 quem
999 3683 1153 3737 multi
1183 3685 1462 3753 pr0phelaa
1494 3692 1548 3739 et
1573 3685 1705 3754 justi
1739 3689 2028 3744 voluerunt

457 3775 658 3831 videre.
690 3774 938 3830 Praesens
957 3775 1158 3845 itaque,
1185 3776 1343 3846 quasi
1374 3777 1429 3830 in
1471 3779 1713 3832 omnium
1745 3779 2023 3834 hominum

459 3865 641 3931 ruina,
670 3873 724 3920 et
748 3865 902 3936 quasi
964 3864 1018 3919 in
1048 3867 1322 3921 communi
1354 3866 1639 3940 naufragio
1685 3870 1802 3924 haec
1831 3886 2024 3940 preca-

459 3964 551 4012 tur
576 3976 589 4011 :
621 3956 752 4023 Quis
773 3956 920 4010 dabit
951 3972 1015 4011 e1:
1044 3958 1174 4013 Sion
1204 3957 1454 4014 Salutare
1495 3958 1713 4016 Israel?
1752 3980 1869 4016 cum
1900 3980 2025 4017 con-

459 4049 667 4103 uerterit
698 4048 951 4102 Dominus
998 4050 1350 4116 captivitatem
1371 4051 1537 4120 plebis
1572 4070 1704 4118 sure,
1735 4055 2025 4110 exsultabit

459 4139 626 4193 Jacob
657 4148 706 4193 et
735 4139 1003 4194 lwtabitur
1027 4139 1198 4195 Israel
1216 4156 1235 4195 :
1267 4144 1487 4213 quando
1536 4144 1802 4200 confitens
1844 4146 2024 4201 decla-

464 4243 700 4299 ransque
724 4239 944 4300 peccata
968 4245 1086 4296 sua,
1120 4247 1215 4301 per
1240 4236 1534 4290 salutarem
1582 4234 1678 4289 Dei
1728 4234 2022 4291 adventum

459 4322 834 4394 purgationem
859 4332 1257 4381 consecuturus
1288 4332 1445 4392 erat;
1474 4326 1693 4396 quando
1715 4327 1866 4398 impii
1890 4339 1942 4383 et
1966 4328 2021 4383 in

371 4455 375 4458 .
460 4411 666 4465 malitia
696 4418 940 4482 potentes
988 4412 1266 4468 hominum
1326 4430 1528 4482 mores,
1579 4433 1686 4472 non
1732 4433 1828 4486 per
1855 4420 2021 4474 alium

458 4519 625 4576 quam
674 4520 771 4575 per
824 4521 990 4561 unum
1044 4505 1405 4572 Salvatorem,
1466 4510 1559 4577 qui
1623 4509 2022 4567 insanabilibus

2129 3320 2508 3389 κατάκαρπος
2539 3320 2610 3375 ἐν
2638 3318 2720 3386 τῷ
2746 3321 2889 3386 οἴκῳ
2911 3322 3016 3376 τοῦ
3058 3321 3227 3387 Θεοῦ,
3252 3322 3489 3392 ἤλπισα
3507 3322 3596 3376 ἐπὶ
3617 3318 3669 3373 τὸ

2126 3409 2297 3476 ἕλεος
2327 3411 2512 3466 αὐτοῦ
2536 3413 2623 3478 εἰς
2650 3411 2757 3466 τόν
2806 3411 3008 3467 αὶῶνα.
3055 3414 3112 3467 '0
3159 3415 3218 3468 δὲ
3274 3414 3463 3487 παρὼν
3503 3413 3670 3468 οὐκῶν

2125 3502 2357 3575 ψαλμὸς,
2389 3503 2450 3557 οὐ
2497 3502 2605 3576 γὰρ
2637 3503 2811 3569 οὕτως
2841 3507 3263 3578 ἐπιγέγραπται,
3295 3508 3411 3562 ἀλλ’
3431 3508 3547 3561 οὐδὲ
3562 3505 3669 3577 ᾠδὴ,

2125 3596 2247 3649 οὐδέ
2270 3614 2321 3649 τι
2350 3594 2459 3650 τῶν
2482 3595 2758 3662 τοιούτων,
2805 3600 3137 3670 προφητείαν
3168 3601 3412 3672 περιέχει
3461 3601 3556 3672 τῆς
3588 3615 3671 3651 σω·

2124 3687 2313 3757 τηρίου
2341 3688 2675 3756 θεοφανείας,
2734 3692 2800 3763 ἢν
2837 3692 3018 3744 πολλοὶ
3063 3693 3339 3763 προφῆται
3395 3693 3489 3746 καὶ
3505 3692 3672 3745 δίκαιοι

2126 3779 2481 3852 ἐπεθύμησαν
2512 3784 2657 3838 ἰδεῖν.
2695 3784 2902 3856 Ὥσπερ
2930 3782 3022 3839 οὖν
3049 3786 3145 3838 καὶ
3172 3786 3201 3837 ὁ
3237 3785 3374 3855 μετὰ
3398 3787 3576 3857 χεῖρας
3600 3783 3674 3836 ἐπὶ

2125 3876 2192 3945 τῇ
2220 3874 2437 3929 πάντων
2488 3877 2786 3949 ἀνθρώπων
2845 3878 3159 3943 διαπτώσει,
3222 3880 3317 3932 καὶ
3370 3878 3554 3949 ὥσπερ
3596 3874 3672 3929 ἐπὶ

2126 3965 2291 4037 κοινῷ
2323 3969 2565 4040 ναυαγίῳ
2598 3970 2889 4041 εὐχόμενος
2922 3972 3015 4024 καὶ
3060 3971 3252 4040 λέγων’
3295 3972 3393 4037 Τίς
3425 3971 3591 4027 δώσει
3615 3969 3671 4021 ἐκ

2127 4059 2281 4113 Σιὼν
2311 4059 2378 4113 τὸ
2412 4060 2712 4130 Σωτήρων
2734 4063 2842 4117 τοῦ
2884 4063 3159 4132 Ἰσραήλ;
3206 4064 3278 4117 ἐν
3323 4062 3406 4129 τῷ
3434 4060 3673 4131 ἐπιστρέ-

2124 4154 2235 4219 ψαι
2266 4153 2484 4220 Κύριον
2528 4154 2646 4222 τὴν
2690 4157 3108 4224 αἰχμαλωσίαν
3165 4156 3272 4210 τοῦ
3309 4157 3464 4212 λαοῦ
3492 4154 3670 4217 αὐτοῦ,

2134 4244 2565 4315 ἀγαλλιάσεται
2589 4246 2806 4309 Ἰακὼϐ,
2825 4247 2921 4301 καί
2936 4247 3411 4316 εὐφρανθήσεται
3438 4244 3669 4317 Ἰσραήλο

2134 4336 2224 4390 ὅτε
2267 4336 2396 4409 γὰρ,
2441 4338 2930 4410 ἐξομολογούμενος
2972 4341 3068 4394 καὶ
3114 4341 3453 4415 ἐξαγορεύων
3481 4341 3545 4395 τὰ
3569 4343 3671 4393 ἐαυ-

2125 4428 2218 4481 τοῦ
2248 4430 2621 4501 ἁμαρτήματα
2665 4430 2753 4485 διὰ
2785 4430 2882 4500 τῆς
2911 4431 3180 4502 σωτηρίου
3232 4433 3562 4504 θεοφανείας,
3589 4448 3671 4486 κα-

2126 4518 2371 4592 θάρσεως
2402 4521 2594 4592 ἔμελλε
2641 4522 2941 4588 τεύξεσθαι’
2977 4525 3066 4578 ὅτε
3112 4525 3268 4590 ἄθεος
3296 4530 3356 4582 ἐν
3399 4525 3672 4599 ἀνθρώποις

366 4624 374 4628 ~
458 4596 656 4650 anima:
707 4597 930 4653 morbis-
965 4597 1168 4652 mederi
1212 4598 1374 4666 valet,
1426 4601 1607 4655 curari
1642 4611 1913 4672 poterant.
1955 4604 2021 4658 Et

2130 4612 2220 4665 καὶ
2240 4613 2299 4664 ἐν
2321 4613 2489 4686 κακίᾳ
2539 4614 2764 4678 δυνατὸς
2791 4616 2991 4687 τρόπος
3027 4617 3134 4670 οὐδ’
3177 4617 3353 4681 ἄλλως
3393 4596 3508 4681 οἷός*
3535 4632 3590 4669 τε
3615 4610 3671 4683 ἦν

460 4686 575 4742 haec
599 4687 666 4743 de
690 4689 831 4744 serie
857 4689 1002 4744 dicta
1016 4691 1143 4746 sint.

529 4950 767 5010 Observa
828 4972 989 5027 porro
1045 4960 1185 5016 hanc
1240 4965 1580 5034 prophetiam
1643 4970 1729 5027 bis
1783 4987 1839 5025 ιιι
1881 4970 2021 5028 libro

457 5040 798 5101 Psalmorum
836 5048 983 5115 ferri,
1040 5050 1094 5105 in
1150 5054 1321 5123 prima
1358 5067 1531 5126 parte,
1588 5062 1798 5130 psalmo
1861 5064 2020 5118 tertio

458 5136 704 5205 decimo;
743 5139 798 5192 in
827 5142 1088 5207 secunda,
1110 5160 1176 5201 eo
1206 5163 1366 5218 quem
1385 5149 1497 5218 jam
1527 5159 1847 5209 tractamus.
1878 5154 2014 5210 Nam

458 5243 489 5279 a
522 5228 791 5300 principio
820 5232 888 5287 ad
919 5235 1099 5301 linem,
1130 5236 1321 5294 iisdem
1352 5238 1463 5296 fere
1491 5243 1671 5298 verbis
1700 5245 1848 5314 jacet
1871 5246 2021 5302 deci-

456 5334 580 5374 mus
614 5322 807 5377 tertius
839 5340 902 5379 ac
955 5342 1190 5396 praesens
1222 5332 1500 5401 psalmus;
1539 5335 1624 5391 bis
1661 5338 1841 5395 verbis
1889 5340 2024 5395 inci-

457 5411 633 5481 piens,
665 5413 813 5468 Dixit
843 5418 1095 5489 insipiens
1120 5422 1175 5476 in
1215 5426 1371 5480 corde
1401 5444 1538 5483 suo:
1563 5427 1691 5484 Non
1732 5440 1811 5486 est
1840 5431 2018 5500 Deus;

455 5501 541 5558 his
560 5520 686 5560 vero
700 5504 976 5575 desinens,
998 5513 1128 5579 Quis
1149 5514 1304 5569 dabit
1315 5534 1374 5571 v.1:
1394 5518 1523 5574 Sion
1534 5520 1783 5578 Salutare
1803 5523 1977 5581 Israel
1998 5527 2024 5580 1’

448 5608 572 5647 cum
594 5598 901 5654 conuerterit
929 5600 1186 5658 Dominus
1210 5605 1571 5676 captivitatem
1587 5612 1750 5681 plebis
1764 5631 1897 5684 sure,
1926 5633 2021 5672 ex-

519 5752 568 5784 "
612 5750 758 5810 Psal.
795 5772 881 5825 LI,
919 5756 968 5811 7.
1046 5759 1258 5817 "‘ihid.
1296 5763 1384 5821 l0.

2128 4702 2162 4773 ἢ
2195 4703 2282 4758 διὰ
2319 4706 2477 4775 μόνου
2504 4706 2598 4760 τοῦ
2636 4708 2884 4779 Σωτῆρος
2911 4707 3208 4780 θεραπείας
3236 4712 3441 4780 τυχεῖν,
3478 4707 3564 4762 τοῦ
3595 4707 3674 4762 καὶ

2126 4796 2195 4851 τὰ
2224 4797 2418 4852 ἀνίατα
2437 4798 2537 4870 τῆς
2564 4800 2740 4871 ψυχῆς
2771 4802 2916 4871 πάθη
2955 4800 3209 4855 ἰάσασθαι
3233 4802 3542 4873 δυναμένου.
3583 4797 3673 4854 Kal

2122 4889 2296 4943 ταῦτα
2331 4892 2428 4962 μέν
2448 4893 2527 4956 εἰς
2547 4893 2643 4965 τὴν
2668 4895 2984 4951 ἀκολουθίαν
3016 4897 3275 4969 εἰρήσθω.

2198 4982 2486 5056 Σημειὼσῃ
2509 4984 2588 5049 δὲ,
2624 4987 2705 5039 ὅτι
2738 4986 2987 5060 δεύτερον
3012 4989 3111 5059 ἤδη
3137 4990 3170 5058 ἡ
3197 4989 3526 5060 προκειμένη
3558 5001 3672 5057 προο

2128 5073 2325 5143 φητεία
2358 5073 2600 5142 ἔγκειται
2622 5078 2688 5146 τῇ
2721 5075 2887 5148 βίϐλῳ
2917 5078 3027 5131 τῶν
3078 5078 3343 5150 Ψαλμῶν·
3381 5081 3438 5132 ἐν
3471 5078 3558 5150 μὲν
3610 5071 3672 5141 ἀἶ’

2129 5167 2328 5240 πρώτῳ
2353 5169 2509 5240 μέρει
2560 5167 2701 5222 κατά
2737 5168 2827 5221 τὸν
2862 5175 2950 5238 ιγ’,
2993 5171 3052 5223 ἐν
3091 5171 3149 5223 δὲ
3173 5171 3252 5242 τῷ
3278 5171 3510 5242 δευτέρῳ
3551 5154 3671 5221 κατὰ

2128 5259 2195 5313 τὰ
2216 5259 2567 5330 προκείμενα.
2618 5259 2813 5329 Σχεδὸν
2840 5261 2948 5333 γὰρ
2985 5262 3167 5326 αὐτοῖς
3193 5264 3432 5334 ῥήμασιν
3462 5263 3548 5316 ἀπ’
3589 5262 3673 5328 ἁρ-

2128 5353 2230 5422 χῆς
2257 5352 2416 5423 μέχρι
2457 5352 2644 5416 τέλους
2674 5353 2767 5406 καὶ
2803 5354 2832 5406 ὁ
2867 5360 2933 5422 ιγ’
2966 5353 3167 5424 ὁμοίως
3194 5354 3307 5425 ἔχει
3339 5354 3417 5426 τῷ
3445 5351 3666 5423 παρόντι’

2126 5443 2426 5513 ἀρχόμενος
2466 5443 2562 5514 μὲν
2587 5443 2695 5498 ἀπὸ
2734 5443 2850 5497 τοῦ·
2905 5441 3092 5499 Εἶπεν
3139 5444 3343 5514 ἄφρων
3383 5445 3455 5500 ἐν
3484 5438 3666 5510 καρδίᾳ

2126 5533 2331 5588 αὐτοῦ’
2368 5537 2492 5589 Οὐκ
2543 5535 2675 5591 ἔστι
2722 5537 2885 5604 Θεός·
2948 5536 3215 5591 τελευτῶν
3265 5536 3322 5591 δὲ
3349 5538 3428 5602 είς
3474 5534 3547 5589 τό⁶
3586 5528 3667 5593 πι·

2127 5620 2305 5678 δώσει
2334 5624 2403 5679 ἐκ
2436 5623 2590 5681 Σιὼν
2611 5627 2679 5680 τὸ
2712 5626 3013 5698 Σωτήρων
3034 5626 3141 5681 τοῦ
3192 5628 3473 5701 Ἰσρα1μ;
3512 5624 3576 5679 ἐν
3596 5617 3664 5683 τῷ
