3822 6280
198 369 288 424 ιὸδ
1300 354 1802 414 COMMENTARIA
1835 354 1900 407 IN
1942 353 2278 410 PSALMOS.

3305 356 3408 410 454

197 479 524 549 ἐπιστρέψαι
584 477 799 546 Κύριον
831 473 942 543 τὴν
993 477 1406 546 αἰχμαλωσίαν
1445 475 1552 528 τοῦ
1580 474 1734 529 λαοῦ

1841 470 2056 526 saltabit
2089 471 2255 526 Jacob
2314 481 2365 525 et
2423 471 2691 527 lwlabitur
2721 470 2912 526 Israel.
2966 470 3192 527 Modicis
3222 477 3406 525 autem
3433 495 3444 558 '-

195 573 380 634 αὐτοῦ,
405 569 828 640 ἁγαλλιιίσεται
892 568 1100 634 Ιακὼὸ,
1140 567 1239 622 καί
1265 565 1736 637 εὐφρανθήσεται

204 662 446 729 Ἰσραήλ.
501 661 756 730 Βραχεῖαι
820 659 876 712 δὲ
924 658 1097 726 λέξεις
1138 657 1235 730 τὴν
1295 661 1352 712 ἐν
1408 659 1736 730 ἀμφοτέροις

193 751 426 822 διαφορὰν
458 749 798 822 ἐργάζονται.
847 750 932 802 Ἐν
968 750 1065 820 μὲν
1117 748 1224 819 γὰρ
1274 751 1340 821 τῇ
1394 750 1682 820 προγραφῇ
1709 749 1738 800 6

168 845 279 915 μὲν
308 850 369 912 ιγ’
393 844 478 908 εἰς
501 841 567 894 τὸ
597 843 769 907 τέλος
811 839 890 905 τῷ
926 841 1106 894 Δαυϊὸ
1133 841 1366 910 ἐλέγετο·
1405 843 1433 894 6
1463 841 1519 894 δὲ
1548 839 1736 911 παρὼν

190 936 288 1006 ἔχει
309 935 401 1005 μὲν
422 934 520 1005 τὴν
545 933 713 1004 αὐτὴν
748 934 924 1004 ῥῆσιν,
962 933 1243 998 πλεονάζει
1264 933 1320 986 δὲ
1351 935 1408 986 ἐν
1436 933 1513 1004 τῷ
1532 931 1734 1001 λέγειν,

190 1027 323 1095 ὑπὲρ
345 1026 600 1090 Μαελὲθ,
632 1025 956 1093 συνέσεως.
999 1027 1058 1080 '0
1085 1026 1184 1098 μὲν
1230 1025 1480 1089 Ἀκύλας,
1515 1026 1611 1079 ἐπὶ
1639 1044 1737 1095 χο-

187 1122 320 1188 ρείᾳ,
352 1121 710 1191 ήρμήνευσεν·
746 1121 775 1172 6
805 1121 860 1174 δὲ
902 1119 1216 1192 Σύμμαχος,
1252 1119 1349 1174 διὰ
1394 1118 1599 1190 χοροῦ
1631 1120 1660 1172 6
1681 1118 1739 1172 δὲ

191 1213 472 1276 Θεοδοτίων,
505 1212 657 1281 ὑπὲρ
686 1211 796 1280 τῆς
814 1215 1069 1282 χορείας,
1099 1214 1192 1266 καὶ
1220 1215 1252 1284 ἠ
1279 1213 1502 1284 πεμπτὴ
1530 1211 1739 1276 ἔκδοσις

186 1304 444 1368 ὡσαύτως.
495 1305 831 1374 Ἀναγκαίως
872 1305 928 1359 δέ
981 1306 1263 1377 πρόκειται
1305 1306 1386 1370 τὸ,
1409 1307 1735 1371 συνέσεωςο

166 1397 459 1467 ⁸ἐπειδήπερ
483 1399 749 1462 συνέσεως
771 1399 900 1468 ἡμῖν
925 1397 1004 1450 δεῖ
1023 1397 1155 1468 πρδς
1183 1399 1240 1468 τὸ
1266 1397 1453 1468 νοῆσαι
1482 1397 1564 1460 τίς
1593 1398 1739 1449 ἐστιν

191 1490 415 1560 ἠχορεία
447 1491 478 1559 ἡ
507 1489 596 1542 διὰ
638 1491 735 1560 τῆς
780 1489 1104 1560 προγραφῆς
1168 1489 1489 1560 δηλουμένην
1531 1490 1622 1542 καὶ
1657 1488 1740 1553 τίς

189 1585 213 1634 6
237 1583 396 1651 λόγος,
419 1582 539 1635 καθ’
571 1582 630 1634 ὃν
660 1581 802 1645 ἆπαξ
859 1580 1242 1652 προλεχθείσης
1268 1582 1366 1651 τῆς
1406 1581 1741 1652 προφητείας

190 1676 310 1728 κατὰ
340 1676 424 1727 τὸν
461 1674 530 1743 ιγ’
562 1673 815 1742 δεύτερον
862 1671 1094 1726 ἐνταῦθα
1141 1673 1526 1744 παρείληπται.
1559 1673 1632 1724 Τὸ
1661 1672 1738 1735 δὲ,

187 1769 261 1830 εἰς
277 1767 460 1830 τέλος,
487 1769 544 1819 ἐν
563 1766 891 1836 ἀμφοτέροις
909 1763 1176 1834 κείμενον,
1205 1765 1532 1834 σημαντικὸν
1559 1764 1622 1818 ἂν
1651 1763 1734 1836 εἴη

1842 564 2024 619 verbis
2057 563 2216 619 ambo
2247 563 2526 620 dilferuut.
2573 562 2707 618 Nam
2742 565 2794 617 in
2827 564 2985 618 titulo
3024 564 3271 619 decimus
3299 570 3442 658 term

1843 656 1952 710 tius
1998 655 2051 709 in
2086 657 2242 724 finem
2283 654 2450 709 David
2496 655 2681 721 habet,
2732 655 2820 709 hic
2847 670 2978 710 vero
3000 656 3244 710 eamdem
3287 654 3440 725 quid

1839 747 1962 801 dem
2008 747 2328 802 sententiam
2363 746 2611 818 praefert;
2661 746 2755 803 scd
2805 747 2920 802 haec
2959 747 3183 817 insuper
3235 746 3407 811 addit,

1838 854 1932 907 pro
1949 836 2002 891 Μ
2011 838 2234 906 alteleth,
2254 840 2634 910 iutelligentiw.
2667 839 2883 909 Aquila,
2916 853 3070 906 super
3086 839 3295 905 chorea,
3323 837 3407 891 in-

1841 940 2169 1002 terpretatus
2192 939 2274 987 est
2301 949 2314 999 ;
2349 930 2730 1003 Symmachus,
2762 947 2853 998 per
2886 931 3099 984 chorum
3119 947 3136 994 ;
3159 930 3409 986 Theodo-

1839 1026 1937 1088 tio,
1975 1041 2068 1093 pro
2086 1025 2274 1079 chorea
2294 1065 2308 1088 ,
2331 1033 2385 1080 et
2407 1025 2598 1095 quinta
2633 1025 2802 1080 editio
2834 1025 3104 1080 similiter.
3141 1025 3408 1084 Necessa-

1842 1116 1924 1170 rio
1956 1124 2136 1171 autem
2187 1116 2548 1187 intelligentia:
2610 1115 2843 1183 dicitur;
2877 1116 3006 1186 quia
3053 1115 3409 1188 intelligentia

1841 1207 2000 1263 nobis
2023 1223 2184 1278 Opus,
2211 1218 2270 1264 ut
2296 1209 2576 1280 capiamus
2596 1225 2716 1278 qua:
2747 1209 2819 1264 sit
2866 1208 2957 1262 illa
2989 1208 3207 1275 chorea,
3249 1208 3304 1262 in
3333 1207 3408 1262 ti-

1840 1304 1956 1358 tulo
1988 1304 2264 1371 indicata;
2299 1315 2351 1359 et
2380 1318 2487 1374 qua
2515 1303 2583 1358 de
2615 1318 2803 1370 causa,
2853 1302 3018 1358 semel
3050 1303 3259 1373 prolata
3285 1316 3411 1373 pro-

1843 1397 2025 1468 pbctia
2071 1400 2125 1452 in
2151 1399 2363 1468 psalmo
2394 1397 2607 1452 decimo
2639 1397 2824 1461 tertio,
2855 1395 3098 1451 secundo
3138 1395 3226 1450 hic
3255 1409 3413 1464 repe-

1841 1499 2006 1545 tatur.
2040 1489 2174 1545 lllud
2208 1499 2408 1552 autem,
2452 1491 2507 1542 in
2540 1490 2718 1558 ﬁnem,
2749 1488 2894 1558 quod
2927 1488 2982 1542 in
3005 1493 3235 1556 utroque
3278 1484 3412 1555 legi-

1841 1590 1951 1644 tur,
1985 1589 2194 1651 tempus
2229 1594 2338 1649 quo
2384 1578 2593 1648 impleri
2632 1577 2831 1632 debent
2888 1591 3008 1646 qua:
3050 1576 3104 1629 in
3128 1575 3412 1645 prophetia

1843 1671 2091 1726 feruntur
2121 1669 2529 1742 significaverit.
2587 1668 2724 1735 Quia
2776 1668 2921 1724 enim
2974 1669 3028 1723 in
3063 1681 3412 1724 consumma-

1843 1766 1990 1819 tione
2017 1766 2224 1828 saeculi,
2257 1763 2507 1818 Salutare
2529 1762 2624 1817 Dei
2648 1761 2793 1832 quod
2824 1762 2878 1815 in
2903 1771 3045 1816 terra
3099 1759 3413 1816 hominibus

188 1858 266 1910 τοῦ
289 1858 472 1928 χρόνου
500 1857 626 1911 καθ’
647 1857 704 1909 ὃν
730 1857 960 1928 ἤμελλεν
1007 1855 1382 1910 ἀποτελεῖσθαι
1428 1856 1496 1908 τὰ
1529 1874 1737 1927 προφη-

1841 1856 2038 1920 illuxit,
2069 1855 2325 1909 choream
2359 1853 2644 1909 constituit
2696 1868 2760 1908 ex
2789 1852 3043 1907 omnibus
3072 1851 3324 1922 gentibus
3355 1850 3412 1904 in

187 1950 445 2020 τευόμενα.
510 1950 732 2021 Ἐπειδὴ
777 1949 885 2020 γὰρ
933 1949 1075 2003 κατὰ
1121 1950 1220 2021 τὴν
1277 1949 1585 2002 συντέλειαν
1641 1950 1736 2002 τοῦ

1841 1947 2078 2003 Ecclesia
2107 1947 2279 2017 ipsius
2309 1955 2713 2017 congregatam,
2744 1944 2813 2000 ad
2840 1945 3073 2016 hymnos
3099 1954 3153 2000 et
3180 1943 3410 2014 gloriam

189 2040 377 2104 αἰῶνος,
397 2041 455 2091 τὸ
481 2042 759 2110 Σωτήρων
789 2040 882 2094 τοῦ
911 2040 1066 2103 Θεοῦ,
1096 2041 1358 2109 ἐπιφανὲν
1386 2042 1497 2102 τοῖς
1527 2041 1617 2092 ἐπὶ
1635 2039 1737 2110 γῆς

1841 2040 1982 2094 Patri
2014 2042 2186 2110 ipsius
2207 2039 2548 2095 referendam
2571 2057 2585 2105 ;
2612 2039 2736 2108 jure
2764 2038 2829 2092 ad
2857 2038 2983 2092 talis
3009 2038 3221 2091 choreae
3253 2035 3414 2090 intel-

188 2130 489 2202 ἀνθρώποις,
545 2133 764 2204 χορείαν
825 2133 1188 2204 συνεστήσατο
1237 2133 1334 2204 τὴν
1384 2131 1442 2198 ἐξ
1487 2133 1737 2188 ἁπάντων

1841 2133 2112 2204 ligentiam
2141 2148 2241 2188 nos
2267 2148 2446 2189 sermo
2493 2133 2748 2186 concitat.
2775 2130 2840 2184 Et
2869 2132 2991 2186 vide
3024 2131 3177 2192 mihi.
3203 2144 3410 2200 quaeso,

187 2221 278 2274 τῶν
304 2222 462 2275 ἐθνῶν
494 2225 550 2275 ἐν
587 2227 654 2295 τῇ
704 2227 996 2297 Ἐκκλησία
1023 2225 1188 2280 αὐτοῦ
1240 2225 1736 2295 συγκροτουμένην,

188 2316 254 2376 εἰς
273 2313 460 2385 ὕμνους
486 2317 583 2368 καὶ
628 2315 931 2386 δοξολογίας
957 2317 1051 2371 τοῦ
1079 2317 1240 2372 αὐτοῦ
1271 2318 1500 2390 Πατρός·
1520 2319 1741 2381 εἰκότως

188 2406 265 2457 ἐπὶ
287 2405 486 2459 σύνεσιν
515 2409 667 2478 ἡμᾶς
690 2409 892 2479 ταύτης
921 2411 1017 2481 τῆς
1057 2410 1274 2482 χορείας
1295 2413 1322 2463 6
1350 2410 1504 2478 λόγος
1535 2427 1740 2480 παρορ-

191 2498 272 2566 μᾷ.
294 2499 392 2550 Καὶ
414 2499 514 2570 ὅρα
540 2501 608 2553 τὸ
639 2502 965 2571 παράδοξον·
989 2503 1298 2573 προγράφει
1336 2501 1433 2572 μὲν
1463 2500 1571 2573 γὰρ
1589 2500 1742 2569 ὑπὲρ

189 2587 282 2656 τῆς
306 2591 554 2658 κορείας,
587 2592 622 2664 ἦ
660 2592 812 2661 ὑπὲρ
852 2594 956 2648 τοῦ
995 2594 1199 2662 χοροῦ,
1229 2594 1434 2662 εἰσάγει
1459 2593 1514 2647 δὲ
1551 2592 1740 2647 οὐδένα

190 2679 266 2731 ἐπὶ
294 2681 387 2752 γῆς
414 2683 704 2754 ἄνθρωπον
738 2686 959 2754 ἀγαθὸν,
977 2687 1097 2739 οὐδὲ
1127 2686 1378 2740 ποιοῦντα
1401 2686 1739 2758 χρηστότητα

189 2770 277 2834 ἓως
318 2775 444 2838 ἑνὸς,
496 2776 677 2844 λέγων
723 2777 865 2848 ἑξῆς·
918 2780 1130 2844 Κύριος
1189 2778 1256 2830 ἐκ
1309 2776 1413 2830 τοῦ
1477 2776 1738 2844 οὐρανοῦ

189 2859 444 2933 ὃιέκυψεν
466 2867 564 2921 ἐπὶ
602 2868 740 2934 τοὺς
763 2869 927 2934 υἱοὺς
957 2871 1073 2924 τῶν
1097 2869 1438 2938 ἀνθρώπων,
1463 2870 1566 2924 τοῦ
1591 2869 1738 2923 ἰδεῖν

1836 2243 1951 2281 rem
1989 2226 2277 2297 perm'iram
2306 2246 2318 2280 :
2350 2226 2477 2280 dum
2507 2226 2651 2279 enim
2682 2225 2827 2278 hunc
2855 2225 3071 2279 titulum
3123 2223 3275 2287 edit,
3318 2237 3414 2290 pro

1843 2319 2030 2373 chorea
2050 2320 2134 2374 vel
2155 2336 2250 2389 pro
2295 2318 2482 2382 choro,
2535 2318 2744 2371 nullum
2796 2333 2918 2372 esse
2966 2317 3019 2370 in
3048 2326 3187 2371 terra
3211 2317 3414 2371 bonum

1843 2408 2141 2476 hominem,
2203 2425 2269 2465 ac
2305 2423 2372 2465 ne
2405 2411 2487 2465 vel
2522 2425 2687 2464 unum
2741 2410 2832 2480 qui
2893 2410 3054 2464 faciat
3117 2409 3415 2463 bonitatem

1843 2505 2112 2567 enuntiat,
2137 2505 2325 2560 dicens
2373 2507 2429 2559 in
2475 2505 2831 2574 sequentibus
2863 2521 2874 2554 :
2911 2503 3172 2557 Dominus
3195 2502 3258 2555 de
3289 2501 3416 2555 caelo

1843 2596 2108 2665 prospexit
2127 2613 2283 2666 super
2314 2598 2455 2666 ﬁlios
2488 2597 2780 2658 hominum,
2835 2608 2892 2648 ut
2943 2595 3114 2650 videat
3153 2594 3200 2648 si
3228 2602 3306 2646 est
3337 2593 3416 2646 in-

1843 2689 2079 2760 telligens
2115 2701 2206 2743 aut
2240 2692 2508 2761 requirens
2565 2690 2748 2745 Deum.
2782 2689 2972 2744 Omnes
3003 2689 3415 2746 declinaverunt,

1841 2782 2002 2835 simul
2030 2783 2240 2836 inutiles
2269 2783 2399 2851 facti
2427 2792 2586 2844 sunt;
2622 2798 2722 2834 non
2753 2790 2830 2834 est
2865 2782 2953 2851 qui
3003 2781 3170 2849 faciat
3201 2779 3414 2841 bonum,

1841 2888 1944 2925 non
1983 2881 2060 2926 est
2099 2889 2258 2941 usque
2287 2873 2354 2924 ad
2382 2889 2563 2926 unum.

187 2959 230 3008 ei
257 2956 372 3010 ἔστι
411 2959 646 3012 συνιὼν
707 2961 802 3013 καὶ
856 2960 1113 3029 ἐκζητῶν
1166 2963 1271 3015 τὸν
1321 2964 1484 3016 Θεόν.
1555 2961 1783 3028 Πάντες
1819 2961 2173 3030 ἐξέκλιναν,
2229 2963 2349 3033 ἅμα
2398 2963 2848 3032 ἠχρειώθησαν,
2895 2964 3005 3015 οὐκ
3055 2961 3187 3014 ἐστι
3231 2957 3414 3014 ποιῶν

183 3051 402 3121 ἀγαθόν,
449 3054 560 3106 οὐκ
594 3053 766 3108 ἕῖτιν
790 3055 902 3121 ἕως
920 3055 1075 3121 ἑνός.

246 3165 375 3217 Εἰδέ
402 3161 492 3219 οὖν
512 3166 743 3221 τοιαῦτα
760 3163 825 3238 ἦν
850 3167 918 3220 τὰ
969 3169 1025 3221 ἐν
1066 3168 1392 3241 ἀνθρώποις,
1427 3170 1502 3232 ὡς
1538 3169 1737 3242 μηδένα

1915 3169 1973 3225 Si
2000 3171 2183 3241 itaque
2213 3171 2292 3225 sic
2325 3185 2384 3225 se
2412 3185 2500 3226 res
2538 3169 2812 3225 habebant
2854 3170 2992 3238 apud
3032 3169 3282 3224 homines
3304 3209 3317 3230 .
3359 3181 3415 3225 ut

185 3255 363 3324 ἀγαθὸν
387 3257 741 3328 εὑρίσκεσθαι
768 3261 825 3311 ἐν
847 3263 957 3323 τοῖς
987 3261 1118 3324 υἱοῖς,
1148 3261 1255 3314 τῶν
1272 3261 1366 3314 ἀνθ
1378 3260 1592 3333 ρώπων,
1623 3262 1738 3326 πῶς

186 3347 305 3418 ὑπὲρ
334 3349 423 3419 τῆς
449 3351 674 3420 χορείας
710 3350 782 3404 τὰ
832 3351 930 3420 τῆς
981 3353 1303 3423 προγραφῆς
1364 3353 1613 3421 λέγεσθαι
1647 3370 1741 3424 ση-

190 3439 369 3507 μαίνεις
427 3440 565 3494 Ἀλλ’
631 3445 794 3510 ἐρεῖς,
836 3443 938 3507 ὅτι,
984 3443 1170 3514 ἐπειδὴ
1218 3445 1417 3506 πάντες
1467 3442 1738 3509 ἐξέκλιναν

186 3533 273 3597 ἓως
292 3536 419 3600 ἐνὸς,
448 3536 822 3609 διεφθάρησαν
845 3555 904 3591 τε
936 3541 984 3592 οἰ
1037 3540 1128 3593 ἐπὶ
1154 3541 1256 3610 γῆς
1283 3542 1376 3594 καὶ
1415 3539 1738 3611 ἐϐδελύχθη-

190 3641 270 3677 σαν
290 3628 343 3678 ἐν
373 3627 646 3699 ἁνομίαις,
696 3627 919 3692 εἰκότως
973 3631 1001 3682 ὁ
1051 3632 1333 3702 προφήτης
1386 3631 1656 3701 ἐπηύξατο
1683 3633 1738 3684 ἐν

185 3718 277 3780 τοῖς
297 3719 428 3788 μετὰ
465 3719 644 3773 ταῦτα
689 3719 878 3773 εἰπών·
911 3723 1007 3787 Τίς
1028 3721 1205 3775 δώσει
1249 3723 1316 3775 ἐκ
1345 3721 1499 3775 Σιὼν
1525 3722 1591 3775 τὸ
1617 3725 1736 3775 Σω-

185 3807 361 3876 τιὶριον
402 3813 504 3867 τοῦ
549 3813 791 3881 Ἰσραήλ
811 3830 830 3876 ;
872 3815 942 3868 ὲν
987 3813 1068 3880 τῷ
1106 3814 1461 3884 ἐπιστρέψαι
1522 3816 1740 3883 Κύριον

184 3901 280 3967 τὴν
301 3905 712 3973 αἰχμαλωσίαν
735 3905 840 3959 τοῦ
869 3905 1022 3960 λαοῦ
1054 3906 1260 3970 αὐτοῦ,
1311 3904 1740 3976 ἀγαλλιάσεται

195 3990 385 4058 Ἰακὼϐ,
419 3994 518 4050 καί
558 3992 1040 4064 εὐφρανθήσεται
1077 3993 1329 4064 Ἰσραήλ.
1389 3998 1600 4050 Συνεῖδε
1632 3999 1738 4069 γὰρ

185 4086 240 4154 τῇ
288 4086 589 4158 προγνώσει
641 4087 737 4141 τοῦ
772 4088 1081 4160 πνεύματος
1136 4089 1229 4143 τοῦ
1275 4090 1635 4162 προφητικοῦ,
1664 4091 1736 4156 ὡς

186 4175 277 4244 ἄρα
304 4177 388 4232 διὰ
437 4181 531 4234 τοῦ
564 4181 840 4252 Σωτηρίου
893 4181 1124 4252 ἠμελλεν
1167 4185 1200 4254 ὴ
1253 4184 1597 4254 αἰχμαλωσία
1643 4185 1737 4239 τοῦ

187 4261 294 4318 λαοῦ
321 4269 667 4342 ἐπιστρέφειν
721 4272 814 4324 καὶ
842 4271 1256 4344 ἐλευθεροῦσθαι
1292 4276 1391 4347 τῆς
1431 4275 1539 4330 τῶν
1577 4275 1737 4329 πολε-

188 4357 306 4425 μίων
352 4361 684 4426 δυναστείας·
720 4361 794 4421 ὧν
817 4367 1268 4438 ἐπιτελουμένων,
1298 4370 1331 4439 ἠ
1361 4369 1453 4422 τοῦ
1483 4367 1616 4422 Θεοῦ
1651 4385 1740 4440 χο-

185 4451 288 4519 ρεία
315 4455 591 4510 συνίστατο
611 4457 672 4522 ἐξ
699 4459 876 4512 αὐτῶν
897 4460 1120 4513 ἐκείνων
1144 4460 1251 4512 τῶν
1270 4460 1738 4532 ἐλευθερουμένων

185 4539 268 4610 τῆς
311 4547 704 4616 αἰχμαλωσίας.
759 4551 997 4614 Εἰκότως
1048 4547 1140 4605 οὖν
1190 4553 1268 4616 εἰς
1301 4552 1361 4604 τὸ
1409 4552 1560 4616 τέλος
1609 4555 1739 4606 ἀνα-

184 4631 433 4702 πέμπεται
479 4641 549 4694 τὰ
599 4641 886 4713 λεγόμενα,
936 4646 1030 4698 καὶ
1065 4644 1217 4711 ὑπὲρ
1257 4644 1522 4708 Μαελὲθ,
1583 4663 1736 4698 τουτ-

184 4724 312 4779 έστιν
342 4731 489 4800 ὑπὲρ
530 4732 640 4800 τῆς
667 4737 926 4802 χορείας,
951 4737 1214 4791 λέλεκται·
1244 4738 1375 4791 ὡσεὶ
1404 4739 1734 4810 σαφέστερον

184 4816 485 4888 ἡρμήνευτο,
504 4825 645 4896 ὑπὲρ
664 4826 769 4878 τῶν
797 4828 1382 4902 ἐλευθερωθησομένων
1411 4835 1506 4903 τῆς
1538 4834 1735 4903 αἰχμα·

182 4911 375 4975 λωσίαςο
409 4915 595 4988 διόπερ
657 4919 749 4970 καί
803 4921 879 4982 εἰς
929 4921 1138 4975 σύνεσιν
1203 4925 1349 4994 ἡμᾶς
1399 4923 1733 4995 ἀναπέμπει.

185 4998 390 5072 Εἴρηται
436 5007 525 5071 δὲ,
577 5009 657 5074 τῷ
706 5012 906 5074 Δαυῒδ,
971 5016 1002 5084 η
1053 5015 1384 5087 προφητεία,
1426 5018 1517 5069 ὑπ’
1570 5016 1735 5070 αὐτοῦ

183 5089 427 5162 λεχθεῖσα.
459 5101 549 5152 Διὸ
581 5103 732 5174 παρὰ
787 5109 899 5168 τοῖς
955 5107 1156 5171 λοιποῖς
1213 5111 1594 5178 ἐρμηνευταῖςν
1631 5108 1737 5163 τοῦ

182 5186 361 5252 Δαυῒδ,
387 5193 811 5263 ἐπιγέγραπται.
851 5200 958 5252 Καὶ
1009 5199 1154 5253 ἐστιν
1179 5203 1353 5256 εἰπεῖν
1399 5202 1473 5265 ὡς
1499 5202 1606 5272 ἄρα
1638 5202 1737 5254 αὐ-

183 5275 258 5338 τὸς
285 5280 311 5330 6
354 5282 532 5346 Δαυῖὁ,
586 5290 870 5359 προφήσας
926 5291 1004 5342 τό·
1045 5290 1192 5359 Ἐγὼ
1243 5292 1310 5344 δὲ
1361 5293 1503 5345 ὡσεὶ
1561 5292 1736 5345 ἐλαία

183 5369 537 5441 κατάκαρπος
562 5378 632 5431 ἐν
657 5378 734 5444 τῷ
762 5381 904 5447 οἴκῳ
935 5383 1040 5436 τοῦ
1075 5383 1244 5447 Θεοῦ,
1280 5384 1514 5453 ἤλπισα
1545 5385 1642 5438 ἐπὶ
1668 5385 1736 5438 τὸ

181 5458 335 5558 aleo;-
361 5468 464 5522 τοῦ
493 5473 664 5537 Θεοῦ,
710 5475 811 5527 οὐκ
859 5476 1034 5540 ἄλλως
1065 5477 1350 5542 τεύξεσθαι
1411 5477 1506 5531 τοῦ
1552 5478 1735 5542 ἐλέους

185 5552 426 5650 hilaram
455 5560 487 5630 ἢ
521 5561 610 5616 διὰ
639 5566 732 5619 τοῦ
774 5570 1250 5640 προφητευομένου
1299 5571 1586 5641 σωτηρίου.
1645 5571 1736 5623 Διὸ

184 5643 233 5691 έν
261 5643 350 5713 μὲν
375 5653 450 5719 τῷ
479 5662 518 5705 ν’
543 5656 744 5726 ἔλεγεν·
792 5661 1042 5728 Ἀπόδος
1083 5680 1183 5732 μοι
1228 5662 1340 5732 τὴν
1371 5663 1736 5734 armillam?

249 5801 289 5829 τ’
327 5801 465 5858 Psal.
503 5823 563 5874 L,
604 5810 686 5865 Η.

1845 3264 2028 3317 nullus
2058 3262 2114 3316 in
2149 3260 2274 3317 ﬁliis
2312 3259 2593 3315 hominum
2622 3259 2801 3314 bonus
2844 3260 3210 3328 reperiretur,
3247 3275 3416 3329 quare

1844 3371 1942 3426 pro
1973 3355 2170 3409 chorea
2203 3354 2472 3424 psalmum
2509 3351 2618 3404 dici
2650 3350 2933 3420 inscriptio
2967 3352 3269 3421 signiﬁcat?
3314 3349 3415 3406 Ve-

1844 3464 1964 3502 rum
2015 3447 2205 3511 dicas,
2254 3445 2381 3516 quia
2431 3459 2622 3500 omnes
2672 3443 3078 3499 declinaverant
3121 3460 3294 3514 usque
3345 3443 3415 3498 ad

1845 3553 2034 3604 unum,
2069 3553 2134 3592 ac
2158 3536 2398 3607 corrupti
2440 3543 2596 3590 erant
2626 3537 2720 3606 qui
2752 3536 2805 3601 in
2837 3544 2982 3590 terra
3015 3537 3376 3591 versabantur
3396 3575 3414 3600 ,

1840 3639 1895 3686 et
1923 3629 2315 3684 abominabiles
2347 3627 2474 3682 facti
2497 3635 2653 3682 erant
2686 3628 2740 3681 in
2774 3627 3189 3697 iniquitatibus;
3220 3629 3414 3681 merito

1841 3722 2158 3794 prophetam
2189 3723 2243 3775 in
2264 3720 2618 3791 sequentibus
2649 3729 2926 3790 precatum
2961 3720 3047 3774 his
3070 3719 3249 3774 verbis
3269 3735 3412 3784 esse,

1842 3816 1971 3882 Quis
1991 3813 2137 3866 dabit
2176 3828 2240 3866 ex
2271 3811 2400 3866 Sion
2427 3811 2677 3866 Salutare
2710 3809 2925 3865 Israel?
2951 3826 3067 3862 cum
3108 3811 3414 3864 converterit

1840 3909 2096 3962 Dominus
2123 3906 2478 3975 captivitatem
2527 3903 2688 3973 plebis
2715 3918 2846 3967 sum,
2888 3903 3173 3956 exsultabit
3212 3901 3412 3967 Iacob,

1839 4009 1889 4055 et
1927 3999 2193 4054 laetabitur
2233 3997 2427 4052 Israel.
2460 3995 2593 4050 Nam
2631 3995 2928 4066 prophetici
2961 3997 3188 4066 spiritus
3230 3997 3414 4050 amatu

1841 4100 2088 4157 noverat,
2121 4107 2216 4162 per
2252 4090 2503 4144 Salutare
2536 4089 2667 4143 illud
2688 4129 2702 4152 ,
2732 4090 3095 4158 captivitatem
3125 4091 3298 4160 plebis
3328 4106 3416 4146 re-

1841 4200 2120 4240 versuram
2154 4191 2208 4238 et
2235 4183 2574 4238 liberandam
2603 4197 2726 4237 esse
2752 4198 2816 4237 ex
2867 4183 3208 4242 inimicorum
3239 4182 3414 4237 domi-

1839 4287 1994 4334 natu.
2026 4277 2236 4344 Quibus
2267 4275 2533 4330 absolutis
2558 4314 2573 4336 ,
2626 4273 2720 4329 Dei
2755 4274 3013 4328 choream
3058 4291 3121 4329 ex
3158 4275 3346 4330 iisdem
3382 4291 3412 4330 a

1842 4372 2154 4442 captivitate
2184 4370 2428 4424 liberatis
2451 4366 2888 4423 constituendam
2915 4383 3057 4424 esse.
3091 4367 3221 4423 Jure
3251 4370 3413 4438 igitur

1840 4464 1954 4518 haec
1970 4463 2115 4518 dicta
2130 4462 2196 4517 ad
2227 4462 2387 4516 linem
2411 4462 2780 4524 remittuntur,
2804 4476 2898 4529 pro
2920 4459 3199 4525 .ilaheleth,
3219 4460 3270 4513 id
3301 4467 3406 4522 est,

1840 4572 1935 4625 pro
1965 4556 2152 4609 chorea
2205 4553 2350 4607 di'cta
2398 4562 2527 4608 sunt
2558 4573 2570 4607 :
2613 4569 2676 4606 ac
2706 4553 2748 4608 si
2780 4553 2983 4608 clarius
3019 4552 3408 4621 explicaretur,

1841 4665 1940 4720 pro
1973 4649 2040 4704 iis
2071 4648 2164 4717 qui
2197 4647 2461 4701 liberandi
2491 4653 2618 4701 sunt
2665 4661 2695 4698 a
2738 4645 3076 4716 captivitate;
3109 4658 3277 4713 quare
3306 4659 3410 4698 nos

1842 4741 1910 4795 ad
1941 4739 2351 4810 intelligentiam
2386 4738 2632 4792 remittit.
2666 4736 2816 4791 Dicta
2853 4743 3029 4789 autem
3054 4743 3138 4788 est
3171 4735 3408 4805 prophe-

1841 4833 1938 4897 tia,
1967 4832 2178 4894 Davidi,
2229 4832 2353 4903 quia
2390 4832 2457 4886 ab
2507 4832 2622 4901 ipso
2658 4829 2857 4884 Davide
2888 4830 3134 4898 prolata;
3171 4843 3410 4898 quapro-

1844 4934 1963 4996 pter
1995 4923 2138 4995 apud
2192 4925 2516 4994 interpretes
2541 4963 2554 4985 ,
2599 4921 2854 4987 Davidis,
2890 4921 3148 4990 inscripta
3188 4931 3288 4975 est.
3330 4920 3409 4976 Ac

1844 5017 1951 5072 dici
1982 5024 2160 5088 potest
2192 5015 2449 5070 Davidem
2473 5055 2489 5080 ,
2523 5015 2611 5084 qui
2647 5021 2772 5066 ante
2798 5012 3042 5077 dixerat,
3092 5010 3204 5082 Ego
3233 5021 3410 5066 autem

1843 5110 1979 5163 sicut
2010 5109 2147 5162 oliva
2198 5107 2477 5178 fructifera
2507 5108 2561 5160 in
2593 5105 2749 5159 domo
2782 5104 2902 5170 Dei,
2937 5105 3137 5173 speravi
3164 5107 3218 5157 in
3249 5105 3410 5158 mise-

1842 5201 2079 5256 ricordia
2109 5201 2229 5267 Dei,
2265 5202 2401 5256 bene
2431 5199 2647 5254 novisse
2686 5213 2744 5252 se
2777 5212 2885 5250 non
2915 5197 3021 5251 alio
3051 5198 3211 5250 modo
3242 5197 3409 5252 mise-

1841 5297 2136 5351 ricordiam
2181 5300 2606 5350 consecuturum
2637 5306 2791 5355 esse,
2848 5303 3010 5359 quam
3045 5304 3140 5360 per
3172 5290 3409 5345 salutare

1840 5385 1975 5440 illud
2004 5384 2148 5455 quod
2195 5384 2248 5438 in
2297 5382 2554 5437 vaticinio
2600 5380 2894 5435 ferebatur.
2941 5379 3304 5446 Quamobrem
3355 5381 3407 5433 in

1841 5476 2294 5548 quinquagesimo
2323 5473 2571 5528 dicebat:
2608 5471 2781 5526 Redde
2809 5472 2937 5525 mihi
2989 5471 3227 5525 lmtitiam
3248 5470 3406 5525 Salu-

1844 5571 1974 5624 taris
2007 5570 2083 5620 tui
2109 5569 2188 5632 7';
2232 5567 2285 5620 in
2317 5566 2420 5621 hoc
2449 5575 2652 5628 autem,
2681 5564 2811 5631 Quis
2827 5563 2972 5616 dabit
3000 5578 3064 5616 ea:
3092 5562 3219 5617 Sion
3249 5561 3407 5616 Salu-

1845 5670 1956 5714 tare
1990 5657 2203 5712 Israel?
2231 5655 2476 5728 llogabat
2516 5655 2715 5726 quippe
2743 5669 3030 5710 commune
3063 5654 3262 5708 bonum
3306 5651 3409 5706 sibi
