3822 6280
474 339 542 394 43
550 338 581 392 3

1179 333 1448 390 EUSEBll
1480 331 1843 390 CAESARIEN
1853 329 1956 385 SlS
1993 328 2030 384 Ο

2134 372 2143 384 .
2176 325 2358 382 PARS
2396 322 2569 382 ΙΠ.--
2596 324 3003 383 ΕΧΕΟΕἸῚΕᾹ.
3588 329 3665 385 4.36

474 471 690 527 quoque
736 453 969 524 erogari.
1031 452 1288 510 Decimus
1340 454 1537 509 tertius
1588 453 1750 507 etiam
1796 466 2030 522 magnan

2148 447 2252 501 τοῦ
2291 446 2586 514 Σωτηρίου
2602 462 2735 499 σου·
2771 446 2828 498 ὲν
2859 445 2915 497 δὲ
2930 444 3006 514 τῷ
3035 442 3373 515 προκειμένη-
3398 458 3411 471 ·
3430 441 3519 508 Τις
3534 440 3665 500 δώσει

473 564 597 603 cum
630 546 974 617 praecedenti,
1009 546 1219 601 scilicet
1240 562 1364 601 cum
1388 546 1731 610 duodecimo,
1767 546 1927 601 habet
1959 546 2043 600 af-

476 638 754 697 ﬁnitatem.
793 636 924 692 Nam
974 645 1261 708 postquam
1291 640 1503 709 rogavit
1539 639 1677 693 idem
1729 639 1782 693 in
1836 639 2043 694 duode-

473 732 635 793 cimo,
668 745 732 785 ac
773 729 931 794 dixit,
974 729 1278 800 Usquequo,
1332 730 1580 795 Domine,
1612 731 1931 785 oblivisceris
1962 748 2042 786 me

468 824 525 876 in
556 825 757 892 finem?
796 839 1058 892 usquequo
1101 824 1290 876 avertis
1351 824 1538 893 faciem
1587 835 1729 877 tuam
1772 842 1804 878 a
1847 842 1925 878 me
1959 825 2045 879 7'?

473 916 798 985 quibusdam
833 923 1020 985 postea
1054 914 1275 979 additis,
1319 916 1393 970 ita
1441 917 1682 970 claudit:
1719 915 1826 987 Ego
1870 926 2042 970 autem

470 1010 525 1060 in
557 1008 919 1062 misericordia
958 1015 1052 1060 tua
1080 1008 1300 1074 speravi.
1335 1006 1636 1061 Exsultabit
1666 1025 1755 1062 cor
1787 1026 1954 1063 meum
1985 1011 2040 1063 in

472 1102 717 1156 Salutari
762 1113 851 1156 tuo
871 1103 935 1159 τι.
964 1103 1029 1157 Et
1056 1106 1182 1173 quia
1212 1104 1266 1157 in
1295 1103 1617 1157 duodecimo
1633 1102 1881 1158 Salutare
1908 1106 2036 1160 illud

472 1197 882 1260 memoravit,in
911 1197 1125 1251 decimo
1150 1196 1308 1250 tertio
1339 1207 1735 1267 consequenter
1755 1199 1829 1250 ait
1856 1218 1869 1253 :
1909 1199 2038 1264 Quis

472 1288 618 1342 dabit
637 1304 703 1343 ea:
725 1288 854 1345 Sion
885 1288 1133 1343 Salutare
1170 1289 1381 1343 Israel?

2149 545 2218 596 ἐκ
2246 541 2398 596 Σιὼν
2446 542 2511 595 τὸ
2545 541 2847 609 Σωτήρων
2902 540 3006 593 τοῦ
3048 539 3283 608 Ἰσραήλ
3306 554 3324 601 ;
3376 537 3565 608 Ηῦχετο
3587 542 3664 613 γὰρ

2150 634 2243 687 καὶ
2273 632 2420 704 αὐτῷ
2445 632 2658 704 δοθῆναι
2684 633 2746 685 τέ)
2770 630 2945 686 κοινὸν
2962 633 3181 700 ἀγαθόν.
3213 632 3324 685 Καὶ
3355 632 3383 684 6
3411 637 3475 699 ιγ’
3505 631 3666 703 ﬁnal;

2147 724 2239 777 τὸν
2264 725 2368 797 πρὸ
2400 723 2586 788 αὐτοῦ,
2611 723 2752 792 λέγω
2776 723 2831 776 δὲ
2858 722 2949 776 τὸν
2975 724 3063 777 ιϐ’.
3091 718 3289 794 πολλὴν
3315 716 3459 793 εἶχεν
3489 724 3664 777 ἀκολου-

2146 817 2287 871 θίαν.
2320 817 2628 888 Εὐξάμενος
2654 815 2762 887 γὰρ
2810 818 2869 868 ὲν
2896 815 2973 885 τῷ
3005 815 3092 878 ιδ’,
3119 817 3148 868 6
3205 814 3367 878 αὐτὸς
3402 815 3493 867 καὶ
3519 815 3662 869 εἰπών·

2149 912 2302 978 ’Ἕως
2339 914 2500 974 πότε,
2535 910 2732 976 Κύριε,
2771 907 3039 974 ἐπιλήσῃ
3080 926 3196 976 μου
3249 910 3339 973 εὶς
3364 906 3665 975 τέλος;ἒως

2144 1004 2289 1056 πότε
2317 1000 2710 1069 ἀποστρέφεις
2756 999 2821 1052 τὸ
2881 1000 3202 1067 πρόσωπόν
3236 1013 3354 1052 σου
3398 996 3497 1052 ἀπ’
3525 997 3666 1066 inci};

2147 1094 2241 1147 καὶ
2273 1092 2340 1147 τὰ
2399 1093 2607 1156 τούτοις
2641 1091 2768 1162 ἑξῆς
2800 1090 3072 1159 συνάψας,
3141 1089 3399 1157 ἐπιλέγειο
3447 1087 3578 1157 Ἐγὼ
3617 1086 3665 1140 δὲ

2144 1183 2241 1235 ἐπὶ
2270 1182 2350 1249 τῷ
2372 1183 2527 1237 ἐλέει
2566 1198 2680 1236 σου
2716 1182 2965 1251 ἤλπισα.
3006 1181 3459 1250 Ἀγαλλιὰσεται
3493 1181 3528 1248 ἠ
3559 1197 3665 1247 παρα

2145 1276 2244 1329 δία
2267 1295 2385 1345 μου
2415 1277 2511 1330 ἐπὶ
2534 1277 2614 1342 τῷ
2647 1276 2915 1344 Σωτηρίῳ
2935 1290 3069 1329 σου.
3102 1275 3210 1328 Καὶ
3231 1274 3519 1346 ἐπειδήπερ
3541 1274 3666 1344 ἐμνη-

470 1366 700 1453 μόνευσε
732 1384 826 1439 τοῦ
864 1385 1137 1457 Σωτηρίου
1168 1386 1226 1439 έν
1257 1384 1336 1456 τῷ
1361 1384 1446 1452 ιϐ’,
1505 1387 1563 1439 ὲν
1609 1386 1685 1459 τῷ
1713 1395 1778 1457 ιγ’
1810 1355 2115 1456 ἀκολούθως
2151 1393 2315 1464 φησί·
2374 1395 2469 1461 Τίς
2527 1394 2705 1449 δώσει
2765 1395 2833 1448 ἐκ
2896 1393 3049 1448 Σιὼν
3116 1392 3182 1447 τὸ
3249 1390 3538 1460 Σωτήρων
3589 1390 3665 1445 τοῦ

474 1478 716 1546 Ἰσραήλ
738 1498 758 1546 ;

482 1481 564 1535 Ὶσ
680 1484 758 1546 .2;
894 1533 901 1539 .

482 1616 486 1620 .
539 1481 832 1645 Ιξζὲιὶριίο
864 1574 1067 1645 itaque,
1099 1590 1219 1644 quae
1270 1574 1436 1628 multa
1472 1582 1591 1647 eget
1642 1575 2033 1647 intelligentia,

465 1679 570 1734 pro
612 1665 810 1719 chorea
852 1664 1132 1720 dicebatur
1181 1679 1278 1734 per
1308 1662 1560 1721 Salutare
1616 1667 1670 1739 in
1722 1668 2036 1724 hominibus

2223 1578 2284 1632 'H
2327 1578 2426 1651 μὲν
2448 1574 2540 1633 οὖν
2567 1577 2884 1649 προγραφὴ,
2917 1575 3113 1647 πολλῆς
3162 1574 3427 1638 συνέσεως
3463 1576 3664 1647 δεομένη,

2143 1661 2283 1742 ὑπὲρ
2312 1671 2407 1741 τῆς
2447 1669 2661 1743 χορείας
2702 1670 2936 1738 ἐλέγετο,
2993 1668 3092 1739 τῆς
3147 1667 3445 1738 μελλούσης
3499 1668 3575 1721 διὰ
3598 1668 3666 1721 τοῦ

466 1758 872 1822 constituenda,
901 1772 966 1813 ac
996 1765 1119 1829 post
1150 1756 1451 1815 Salvatoris
1482 1761 1657 1815 nostri
1678 1760 1805 1817 Jesu
1837 1762 2030 1818 Christi

2142 1762 2415 1833 Σωτηρίου
2448 1762 2794 1815 συνίστασθαι
2829 1764 2886 1814 ὲν
2936 1759 3261 1832 ἀνθρώποις·
3299 1761 3420 1830 ἥτις
3450 1760 3666 1832 ἐργῳὲπ-

462 1850 759 1904 adventum
806 1864 970 1920 opere
1014 1849 1284 1920 perfecta;
1338 1866 1434 1921 per
1487 1867 1648 1921 quem
1697 1852 1753 1906 in
1785 1855 2041 1910 universo

466 1941 600 1997 orbe
632 1952 738 1996 una
762 1941 1010 1999 constitit
1044 1941 1152 1998 Deo
1174 1943 1394 2007 chorea,
1413 1945 1589 2014 qualis
1613 1945 1726 1998 visa
1759 1962 2037 2018 nunquam

462 2033 666 2097 fuerat,
699 2035 910 2091 scilicet
934 2034 1207 2091 catholica
1232 2034 1474 2091 Ecclesia
1503 2036 1617 2102 Dei,
1644 2054 1806 2107 supra
1833 2040 2039 2092 ﬁrmam

462 2124 909 2198 immobilemque
929 2128 1186 2183 salutaris
1216 2130 1363 2190 verbi
1395 2139 1604 2200 petram
1633 2130 1876 2185 fundata.
1909 2129 2040 2198 Qua:

464 2223 649 2271 autem
676 2217 836 2273 initio
879 2218 1177 2289 prophetia:
1208 2221 1501 2285 dicuntur,
1559 2222 1802 2277 omnium
1855 2225 1947 2292 qui
1983 2222 2036 2275 in

462 2315 612 2362 terra
664 2317 792 2365 sunt
826 2310 1108 2364 hominum
1143 2313 1303 2380 quasi
1353 2313 1717 2385 naufragium
1746 2315 2034 2369 inducunt.

460 2397 600 2454 Nam
631 2401 746 2456 ait:
793 2402 945 2456 Dixit
998 2403 1249 2471 insipiens
1299 2405 1353 2458 in
1403 2407 1556 2459 corde
1598 2424 1738 2460 suo:
1793 2405 1915 2461 Non
1956 2416 2034 2462 est

463 2490 627 2549 Deus.
660 2494 909 2565 Corrupti
962 2507 1087 2551 sunt
1139 2508 1188 2552 et
1233 2497 1611 2555 abominabiles
1661 2500 1791 2569 facti
1824 2512 1945 2555 sunt
1981 2502 2034 2556 in

460 2585 740 2657 iniquitate
770 2603 788 2640 :
820 2603 923 2640 non
966 2596 1042 2641 est
1076 2589 1166 2652 qui
1203 2588 1366 2656 faciat
1418 2588 1630 2646 bonum.
1673 2590 1871 2645 Eadem
1905 2608 2035 2646 vero

463 2678 521 2733 in
556 2694 653 2733 xm
713 2679 1023 2753 habentur,
1062 2681 1298 2737 maxime
1350 2682 1646 2738 sectu'idum
1712 2682 2032 2739 llebraicam

461 2770 742 2841 linguam,
785 2770 841 2824 in
879 2787 988 2841 qua
1033 2772 1221 2828 eadem
1275 2775 1460 2839 verba,
1498 2776 1699 2830 eaedem
1752 2776 1941 2832 littera:
1979 2780 2033 2833 in

458 2862 730 2919 ambobus
764 2863 990 2933 psalmis
1017 2863 1298 2932 feruntur;
1330 2870 1429 2921 etsi
1482 2868 1534 2921 in
1565 2870 1813 2925 versione
1845 2880 2033 2926 nostra

456 2953 726 3024 quasdam
753 2953 998 3011 diversas
1027 2972 1187 3014 voces
1237 2959 1491 3027 prtel'erre
1538 2961 1839 3016 videantur.
1896 2962 2031 3018 Nam

460 3061 559 3115 pro
589 3047 712 3112 illo,
747 3044 998 3115 Corrupti
1027 3057 1148 3102 sunt
1176 3059 1224 3103 et
1260 3050 1642 3105 abominabiles
1662 3053 1791 3121 facti
1822 3062 1945 3115 sunt
1976 3054 2031 3107 in

2140 1852 2395 1924 ετελέσθη
2431 1855 2570 1924 μετὰ
2618 1855 2716 1923 τὴν
2768 1853 3083 1922 ἐπιφάνειαν
3122 1851 3216 1905 τοῦ
3256 1852 3499 1923 Σωτῆρος
3549 1852 3666 1921 ἡμῶν

2153 1945 2324 2018 Ἰησοῦ
2362 1947 2618 2020 Χριστοῦ·
2649 1946 2715 2000 δι’
2746 1942 2804 2000 οῦ
2822 1946 2940 2000 καθ’
2971 1945 3096 2017 ὅλης
3124 1944 3222 2016 τῆς
3259 1944 3568 2017 οἰκουμένης
3596 1946 3667 2016 pia

2143 2040 2373 2112 συνέστη
2431 2040 2508 2111 τῷ
2545 2041 2662 2112 Θεῷ
2704 2041 2912 2113 χορεία,
2946 2040 3033 2092 οἵα
3083 2036 3441 2104 οὐδεπώποτε,
3490 2040 3521 2109 ὴ
3570 2038 3666 2090 καθ-

2142 2131 2297 2204 ολικὴ
2322 2130 2418 2185 τοῦ
2447 2131 2581 2185 Θεοῦ
2625 2132 2922 2203 Ἐκκλησία
2946 2131 3038 2184 ἐπὶ
3077 2130 3174 2201 τὴν
3204 2130 3418 2200 ἀρῤαγῆ
3442 2129 3528 2181 καὶ
3551 2127 3666 2182 ἄσει-

2141 2239 2263 2275 στον
2295 2222 2500 2296 πέτραν
2533 2222 2627 2276 τοῦ
2658 2223 2924 2294 σωτηρίου
2956 2221 3112 2290 λόγου
3143 2219 3586 2291 τεθεμελιωμένη.
3608 2220 3665 2270 Τὰ

2137 2315 2193 2368 δὲ
2221 2317 2278 2367 έν
2305 2317 2444 2387 ἀρχῇ
2491 2315 2589 2385 τῆς
2639 2314 2973 2386 προφητείας
3009 2312 3277 2383 λεγόμενα
3311 2313 3553 2365 ἁπάντων
3585 2311 3665 2363 τῶν

2138 2406 2230 2459 ἐπὶ
2265 2404 2368 2476 γῆς
2402 2404 2704 2478 ἀνθρώπων
2732 2405 2922 2477 ὥσπερ
2951 2422 3003 2458 τι
3033 2405 3289 2473 ναυάγιον
3320 2405 3537 2472 εἰσάγει.
3564 2398 3663 2456 Eis:

2134 2499 2264 2570 γάρ’
2298 2499 2492 2566 Φησὶν
2520 2497 2722 2567 ἄφρων
2771 2498 2842 2550 ἐν
2895 2496 3111 2565 καρδίᾳ
3140 2497 3347 2551 αὐτοῦ’
3406 2498 3515 2549 Οὐκ
3564 2496 3663 2549 ἐστι

2137 2591 2300 2656 Θεός.
2326 2588 2740 2658 Διεερθάρησαν
2763 2588 2861 2641 καὶ
2893 2586 3347 2655 ἑϐδελύχθησαν
3375 2582 3441 2639 ἐν
3465 2584 3663 2653 ἀνομίᾳ·

2134 2684 2245 2735 οὐκ
2271 2681 2402 2735 ἔστι
2441 2679 2626 2734 ποιῶν
2682 2680 2924 2749 ἀγαθόν.
2959 2678 3038 2731 Τὰ
3074 2677 3212 2732 αὺτὰ
3234 2678 3289 2731 δὲ
3313 2678 3405 2730 καὶ
3438 2678 3488 2729 ὲν
3525 2676 3593 2745 τῷ
3616 2679 3663 2740 ιγ’

2135 2772 2409 2845 ἐδηλοῦτο,
2441 2771 2674 2843 μάλιστα
2700 2770 2841 2825 κατὰ
2880 2771 2978 2840 τὴν
3027 2770 3321 2842 Ἐἦραῖκὴν
3343 2770 3596 2839 γλῶσσαν,
3622 2769 3666 2818 ἐν

2134 2860 2168 2940 ᾖ
2205 2869 2257 2919 αἱ
2284 2866 2445 2921 αὑταὶ
2472 2864 2644 2932 λέξεις
2671 2865 3001 2937 ὲμφέρονται
3058 2866 3151 2918 καὶ
3194 2864 3260 2918 τά
3290 2865 3426 2917 αὐτὰ
3466 2864 3663 2933 στοιχεῖα

2133 2961 2190 3012 ὲν
2224 2958 2585 3029 ἀμφοτέροις·
2628 2960 2675 3011 εί
2715 2960 2808 3011 καὶ
2834 2957 3068 3028 μάλιστα
3094 2957 3189 3027 τῆς
3211 2957 3339 3024 παρ’
3378 2958 3499 3027 ἡμῖν
3534 2957 3666 3025 ὲρμῃ·

2133 3051 2300 3114 νείας,
2357 3050 2529 3115 λέξεις
2566 3050 2716 3113 τινὰς
2757 3049 3161 3120 ἐνηλλαγμένας
3214 3049 3482 3120 περιέχειν
3531 3047 3661 3100 δοκεῖ.

460 3138 773 3208 iniquitate;
815 3139 1060 3195 decimus
1100 3143 1321 3205 tertius,
1372 3143 1623 3214 Corrupti
1668 3157 1790 3199 sunt
1833 3156 1881 3199 et
1938 3146 2030 3200 ab-

2145 3142 2288 3195 Ἀντὶ
2326 3141 2433 3213 γὰρ
2460 3140 2575 3205 τοῦ,
2624 3140 2968 3210 Διέφθειραν
3005 3139 3105 3194 καὶ
3143 3139 3582 3208 ἐϐδελύχθησαν
3613 3138 3666 3187 ἐν

456 3229 769 3284 ominabiles
801 3222 939 3300 'facti
980 3242 1102 3285 sunt
1141 3233 1414 3289 in'studiis
1450 3237 1495 3267 ⁷⁵
1526 3254 1539 3289 ;
1573 3253 1637 3291 ac
1680 3254 1898 3292 rursum
1934 3254 2031 3308 pro

457 3320 582 3382 illo,
627 3318 748 3375 Non
769 3332 845 3376 est
867 3323 956 3391 qui
985 3323 1150 3388 faciat
1178 3324 1388 3389 bonum,
1418 3328 1579 3382 habet
1611 3328 1700 3383 ille
1723 3369 1738 3391 ,
1794 3326 1915 3383 Non
1957 3340 2032 3384 est

454 3413 546 3482 qui
581 3412 745 3481 faciat
771 3413 1058 3469 bonitatem
1083 3416 1167 3471 7°:
1205 3432 1330 3470 nam
1362 3418 1651 3474 diversitas
1683 3419 1824 3489 apud
1858 3421 2021 3476 inter-

458 3509 641 3574 prctes
687 3506 862 3560 solum
909 3506 1099 3562 fertur.
1125 3505 1219 3564 His
1263 3525 1429 3579 porro
1472 3512 1814 3582 signiﬁcatur
1844 3517 2029 3586 lapsas

458 3610 688 3666 prorsus
715 3594 883 3651 fuisse
910 3612 1230 3656 communes
1270 3601 1338 3656 de
1366 3600 1476 3657 Deo
1504 3603 1891 3675 cogitationes;
1943 3616 2028 3661 at-

454 3702 564 3757 que
589 3690 807 3759 impiam
839 3689 1308 3762 irreligiosamque
1333 3696 1579 3749 omnium
1599 3697 1876 3753 hominum
1904 3716 2031 3756 sen-

456 3781 684 3837 tentiam
713 3792 839 3839 ante
857 3783 1157 3841 Salvatoris
1169 3787 1351 3844 nostri
1382 3788 1672 3844 adventum
1700 3792 2023 3849 obtinuisse.

454 3871 594 3926 Nam
654 3888 778 3928 cum
848 3874 989 3930 Deus
1047 3876 1101 3930 in
1160 3878 1545 3935 communibus
1607 3882 2028 3951 cogitationibus

457 3964 601 4018 bona
632 3967 956 4036 cognitionis
986 3984 1098 4023 suae
1147 3972 1353 4026 semina
1377 3971 1573 4042 jecerit
1602 4017 1616 4042 ,
1667 3991 1938 4046 quemque
1971 3978 2025 4032 in

457 4054 769 4113 hominibus
804 4058 1148 4128 insipientem
1191 4070 1341 4115 tanta
1394 4064 1679 4121 subversio
1724 4081 2028 4138 occupave-

457 4159 562 4214 rat,
594 4156 653 4203 ut
685 4150 905 4219 impiam
945 4155 1269 4209 sententiam
1314 4157 1369 4211 in
1400 4169 1580 4214 mente
1615 4175 1713 4214 sua
1748 4169 2024 4227 servaret,

457 4257 521 4295 ac
554 4242 763 4296 nullum
806 4259 949 4308 esse,
991 4261 1092 4301 nec
1120 4247 1178 4302 in
1227 4250 1482 4307 universo
1516 4254 1799 4308 exstitisse
1828 4253 2020 4320 Deum,

453 4336 738 4405 cogitaret.
780 4337 845 4393 Et
873 4340 965 4396 hic
996 4356 1130 4396 sane
1161 4358 1285 4397 vere
1319 4345 1510 4400 atheus
1549 4354 1603 4399 et
1636 4360 1860 4413 prorsus
1890 4348 2017 4402 tusi-

454 4428 610 4498 piens
646 4438 785 4497 erat,
816 4434 911 4503 qui
946 4451 1124 4506 neque
1150 4437 1545 4506 providentiam
1581 4439 1764 4492 omnia
1811 4441 2023 4509 prospi-

452 4521 710 4591 cientem,
739 4540 915 4596 neque
951 4540 1183 4583 mentem
1216 4530 1363 4584 illam
1402 4531 1795 4591 universalem,
1846 4547 2021 4602 neque

451 4613 814 4669 substantiam
851 4616 1033 4671 omnia
1066 4629 1479 4688 exsuperantem
1518 4622 1872 4690 omniumque
1903 4623 2023 4691 opi-

453 4704 646 4768 ﬁcem,
689 4706 956 4763 exsistere
1004 4708 1275 4764 deﬁniret.
1331 4709 1544 4779 Reliqui
1596 4725 1721 4765 vero
1768 4710 2019 4766 homines

451 4796 745 4852 multorum
765 4799 1049 4854 numinum
1067 4800 1239 4855 errori
1274 4817 1369 4872 per
1389 4802 1745 4858 idololatriam
1767 4820 1886 4860 sese
1907 4813 2021 4858 tra~

447 4888 664 4953 dentes,
697 4889 802 4943 alio
827 4889 1153 4960 insipientia:
1178 4893 1340 4946 modo
1370 4894 1423 4947 in
1453 4895 1654 4950 nullius
1685 4895 1778 4951 Dei
1812 4898 2017 4951 cultum

450 4980 685 5049 prolapsi
719 4986 880 5037 sunt:
914 4984 1005 5051 qui
1043 4982 1205 5037 etiam
1255 4999 1444 5053 sparsa
1486 4986 1574 5038 illa
1614 4987 1667 5038 iu
1718 5003 1776 5041 se
1805 4987 1872 5041 de
1916 4987 2021 5041 Deo

448 5085 580 5124 sana
612 5072 819 5126 semina
848 5074 1228 5127 exstinxerunt
1253 5114 1268 5136 ,
1311 5090 1374 5128 ac
1408 5085 1743 5129 mortuorum
1793 5078 2015 5131 simula-

444 5178 668 5217 crorum
719 5164 1112 5221 abominationi
1161 5182 1220 5221 se
1265 5165 1611 5231 dediderunt,
1642 5184 1762 5238 qua}
1812 5169 2016 5223 nullius

2132 3236 2368 3304 ἀνομίᾳ,
2396 3236 2424 3287 ὁ
2454 3241 2541 3303 ιγ’,
2568 3232 2984 3302 Διεςρθὰρησαν
3023 3234 3116 3287 καὶ
3149 3233 3586 3301 ἑϐδελύχθησαν
3612 3229 3664 3279 ὲο

2132 3325 2579 3395 ἑπιτηὸεύμιισιο
2608 3327 2700 3378 καὶ
2727 3325 2887 3377 πάλιν
2918 3327 3036 3378 ἀντὶ
3064 3323 3178 3388 τοῦ,
3213 3327 3335 3378 Οὐκ
3364 3326 3485 3378 ἐστι
3509 3319 3665 3375 ποιῶν

2130 3418 2374 3488 ἀγαθὸν,
2413 3421 2533 3471 Οὐκ
2562 3418 2693 3472 ἔστι
2748 3416 2934 3470 ποιῶν
2990 3417 3390 3486 χρηστότητα,
3435 3415 3660 3485 περιέχει’

2132 3508 2285 3579 ’παρςιί
2314 3508 2420 3578 γὰρ
2458 3509 2583 3572 τῦὺς
2613 3508 3055 3580 ἑρμηνεύσαντας
3087 3509 3120 3579 ή
3151 3507 3412 3579 ὲναλλαγὴ
3451 3506 3659 3576 φέρεται.

2130 3598 2391 3669 Σημαίνει
2422 3599 2477 3651 δὲ
2506 3598 2594 3653 διὰ
2643 3598 2846 3652 τούτων
2872 3599 2900 3651 6
2928 3597 3082 3667 λόγος
3128 3598 3225 3669 τὴν
3264 3597 3526 3651 ἔκπτωσιν
3580 3592 3663 3647 τῶν

2131 3691 2324 3745 κοινῶν
2375 3692 2502 3764 περὶ
2548 3691 2683 3744 Θεοῦ
2723 3690 2973 3754 ἐννοιῶν,
3039 3691 3132 3742 καὶ
3181 3689 3274 3743 τὸν
3322 3688 3541 3758 δυσσεϐῆ
3590 3684 3661 3737 καὶ

2131 3782 2287 3837 ἄθεον
2307 3784 2563 3854 λογισμὸν
2608 3784 2706 3854 τῆς
2739 3783 3157 3853 ἁνθρωπὸτητος
3188 3781 3406 3850 ἁπάσης
3445 3779 3540 3851 πρὸ
3584 3777 3660 3845 τῆς

2128 3874 2223 3928 τοῦ
2247 3877 2496 3947 Σωτῆρος
2524 3878 2556 3946 ὴ
2568 3875 2682 3947 μῶν
2716 3876 3036 3944 ἐπιφανείας
3069 3876 3521 3946 ἐπικρατήσαντα.
3577 3868 3659 3921 Τοῦ

2128 3966 2235 4038 γὰρ
2262 3966 2395 4020 Θεοῦ
2430 3969 2551 4030 ταῖς
2591 3968 2794 4030 κοιναῖς
2824 3967 3048 4030 ἐννοίαις
3081 3964 3263 4035 ἀγαθὰ
3288 3966 3559 4034 σπέρματα
3583 3959 3662 4027 τῆς

2128 4062 2257 4132 περὶ
2305 4059 2468 4113 αὑτοῦ
2507 4060 2760 4128 γνώσεως
2810 4058 3304 4130 καταϐαλλομένου,
3344 4056 3563 4124 τοσαύτη
3598 4067 3661 4112 τις

2128 4157 2390 4226 κατέσχεν
2408 4155 2705 4227 διαστροφὴ
2729 4155 2905 4208 πάντα
2938 4153 3028 4206 τὸν
3064 4154 3120 4205 ἐν
3144 4150 3448 4225 ἀνθρώποις
3468 4150 3656 4218 ἄφρονα.

2126 4249 2202 4313 ὡς
2221 4249 2379 4315 δόξαν
2420 4247 2578 4302 ἄθεον
2630 4248 2685 4300 ὲν
2710 4245 2787 4317 τῷ
2819 4244 3010 4299 ἑαυτοῦ
3076 4242 3323 4314 λογισμῷ
3374 4236 3657 4314 κτήσασθαι»

2126 4343 2219 4397 καὶ
2248 4343 2329 4396 ὅτι
2369 4342 2553 4414 μηδείς
2586 4342 2700 4394 ἐστι
2739 4339 2871 4410 μηδὲ
2916 4337 3216 4406 ὑφέστηκεν
3254 4336 3312 4388 ὲν
3339 4334 3417 4404 τῷ
3469 4327 3658 4385 παιηὶό

2126 4436 2255 4500 Θεὸς
2274 4434 2639 4506 διανοηθῆναι.
2690 4428 2859 4495 uino;
2916 4432 3011 4502 μὲν
3042 4426 3134 4484 οὖν
3183 4428 3397 4498 ἀληθῶς
3427 4426 3568 4486 sese;
3591 4436 3658 4480 τις

2124 4523 2192 4598 ἦν
2222 4527 2315 4580 καὶ
2368 4526 2641 4589 παντελῶς
2695 4525 2904 4595 ἄφρων,
2962 4521 3087 4575 οὔτε
3128 4522 3383 4593 πρόνοιαν
3424 4518 3484 4571 τά
3512 4514 3657 4569 πάντα

2125 4618 2429 4691 ἐφορῶσαν,
2465 4615 2589 4669 οὕτε
2612 4615 2735 4669 νοῦν
2755 4614 2847 4668 τὸν
2871 4613 3121 4676 καθόλου,
3143 4610 3265 4665 οὗτε
3323 4611 3419 4682 τὴν
3444 4607 3658 4662 idicem

2124 4708 2230 4762 τῶν
2263 4709 2397 4762 ὅλων
2420 4707 2606 4762 οὐσίαν
2661 4704 2757 4778 τὴν
2784 4704 3038 4759 ἁπάντων
3063 4702 3368 4774 ποιητικὴν,
3406 4697 3657 4768 ὑφεστάναι

2123 4805 2455 4876 ὁριζόμενος·
2513 4804 2561 4855 oi
2605 4802 2661 4855 δὲ
2716 4800 2892 4854 λοιποὶ
2935 4799 3040 4852 τῶν
3081 4796 3402 4868 ἀνθρώπων,
3451 4788 3657 4856 πολυθέίει

2126 4897 2299 4968 πλάνῃ
2332 4898 2395 4967 τῇ
2431 4894 2568 4949 κατὰ
2594 4895 2691 4966 τὴν
2715 4891 3151 4963 είδωλολατρείαν
3181 4890 3405 4952 ἑαυτοὺς
3428 4885 3655 4940 ἐκδόντες,

2125 4989 2295 5059 ἑτέρῳ
2323 4986 2631 5059 ἀφροσύνης
2676 4985 2859 5055 τρόπῳ
2892 4986 2969 5047 εἰς
3018 4981 3285 5052 ἀθεότητα
3322 4976 3656 5032 πεπτώκασιν·

2121 5081 2169 5133 οἳ
2200 5082 2293 5134 καὶ
2321 5081 2472 5134 αὐτοὶ
2506 5079 2817 5147 διέφθειραν
2850 5076 2917 5128 τὰ
2945 5073 3218 5144 σπαρέντα
3269 5074 3327 5125 ὲν
3366 5071 3531 5129 αὐτοῖς
3551 5062 3658 5131 ὑγιῆ

2121 5170 2248 5242 περὶ
2272 5169 2405 5222 Θεοῦ
2442 5170 2752 5239 σπέρματα,
2783 5165 2877 5219 καὶ
2932 5167 2997 5234 τῇ
3051 5162 3159 5215 τῶν
3196 5162 3404 5233 νεκρῶν
3459 5155 3658 5212 είδιὶιλων

2123 5261 2373 5333 βδελυρίᾳ
2395 5262 2618 5323 ἑαυτοὺς
2666 5257 3134 5332 παραδεδώκασιν,
3167 5255 3339 5325 ἄτιμα
3366 5254 3455 5307 καὶ
3473 5246 3658 5318 ἀληθῶς

2119 5350 2461 5423 βδελύγματα
2506 5351 2879 5414 σεϐασθέντες.
2937 5349 3026 5401 Διὸ
3077 5350 3308 5419 εἴρηται·
3352 5344 3658 5413 Διέφθειραι·

2117 5448 2213 5500 καὶ
2242 5444 2698 5513 ἑϐδελύχθησαν
2746 5442 2818 5495 ἐν
2877 5440 3112 5509 ἀνομίᾳ·
3174 5438 3203 5491 ὃ
3253 5437 3317 5509 δὴ
3365 5433 3656 5504 σαφέπερον

2118 5537 2462 5606 ἡρμήνευε-εν
2519 5537 2544 5587 6
2581 5521 2873 5605 Σύμμαχος
2915 5529 3100 5583 εἰπών·
3136 5526 3529 5597 Διεφθάρησαν
3568 5513 3653 5569 καί

2112 5628 2448 5697 βδελιιρίαν
2484 5626 2898 5693 ἐπετήδευσαν
2936 5622 3088 5692 μετὰ
3134 5620 3381 5683 ἀδικίας.
3450 5612 3653 5684 Ἐπετῄ-

428 5242 606 5322 pretii
626 5263 679 5309 et
702 5271 827 5311 vere
855 5258 1187 5314 exsecranda
1209 5268 1389 5321 erant,
1423 5262 1683 5314 colentes.
1717 5260 1896 5326 Quare
1927 5260 2015 5314 di-

427 5326 594 5434 ictum
630 5357 753 5401 est:
786 5350 1033 5419 Corrupti
1070 5363 1258 5406 suntet
1285 5341 1668 5407 abominabiles
1719 5355 1850 5422 facti
1891 5364 2016 5407 sunt

424 5437 496 5493 ‘in
532 5440 822 5509 iniquitate.
878 5442 1051 5508 Quod,
1080 5446 1283 5501 clarius
1330 5446 1718 5515 interpretatus
1764 5445 2013 5516 Symma-

416 5516 578 5619 lchus
611 5537 696 5584 est
728 5530 812 5586 his
840 5533 1057 5600 verbis,
1092 5533 1340 5604 Corrupti
1379 5549 1496 5591 sunt
1541 5546 1589 5591 et
1631 5535 2015 5590 abominationi

440 5624 754 5678 studuerunt
770 5624 1189 5692 cuminiquitate.
1208 5629 1611 5683 Abominationi
1637 5644 1871 5699 namque
1899 5637 2015 5683 stu-

511 5779 557 5810 ”
598 5775 741 5832 Psal.
774 5795 883 5850 xu,
919 5782 971 5835 1.
1046 5781 1092 5816 ⁷⁵
1130 5782 1260 5838 ibid.
1297 5782 1349 5837 6.
1427 5784 1473 5817 τ’
1513 5783 1657 5840 Psal.
1695 5799 1823 5851 xm,
1864 5784 1913 5839 l.
1993 5783 2030 5814 τε

2135 5781 2206 5837 id.
2242 5783 2293 5837 5.

1436 5944 1449 5951 ς
1518 5936 1597 5953 σθ.
1640 5942 1658 5952 λι
