3822 6280
250 265 370 320 εει
908 287 913 298 ·
1395 272 1759 327 COMMENTA

1990 274 1997 327 i
2040 274 2374 332 PSALMOS.
3395 272 3499 330 £38

242 385 445 460 δευσαν
488 380 599 453 γὰρ
644 382 741 453 τὴν
790 382 1091 453 βδελυρίαν,
1134 385 1197 437 τὰ
1230 387 1304 455 μὴ
1335 386 1459 439 ὄντα
1493 388 1567 450 ὡς
1600 388 1728 440 ὄντα

1988 398 2186 452 nerunt,
2220 390 2286 443 iis
2308 402 2429 457 qua:
2458 402 2565 441 non
2599 394 2776 451 erant,
2800 402 2862 441 ac
2884 387 2927 442 si
2958 387 3303 448 exsisterent,
3324 386 3496 441 simu~

244 479 760 548 εἰδωλοποιήσαντες
788 481 925 549 μετὰ
949 482 1047 551 τῆς
1063 482 1320 535 ἀνωτάτω
1358 482 1585 546 ἀδικίας.
1604 485 1699 546 Τίς
1722 502 1753 552 γ

1989 480 2078 534 cra
2109 480 2382 549 erigentes
2421 495 2544 533 cum
2597 495 2847 549 suprema
2901 480 3142 534 omnium
3192 477 3494 547 iniquitate.

241 567 312 621 ἂν
344 568 553 636 γένοιτο
586 570 795 641 ταύτης
817 572 976 641 ἑτέρα
1007 575 1205 643 χείρων
1242 575 1442 636 ἀδικία,
1472 578 1591 630 καθ’
1634 580 1698 649 ἢν
1726 597 1750 647 ς

1987 585 2114 639 aqua
2154 570 2297 625 enim
2334 570 2422 623 illa
2447 570 2684 625 deterior
2717 570 2995 640 iniquitas,
3028 586 3133 641 qua
3166 569 3411 653 dicentes
3441 585 3496 623 so

242 676 472 722 σκοντες
497 656 635 712 εἶναι
656 662 827 729 σοφοὶ,
850 663 1295 731 ἐμωράνθησαν,
1316 667 1411 720 καὶ
1433 668 1705 735 ἤλλαξαν
1721 688 1751 722 τ

1987 663 2204 732 ιρίρῐιιρε
2225 676 2368 726 esse,
2393 662 2543 715 stulti
2574 662 2706 731 facti
2735 670 2874 725 sunt,
2905 672 2952 714 et
3002 669 3329 715 mutaverunt
3377 659 3496 731 gloo

241 751 436 816 δόξαν
457 750 566 803 τοῦ
592 752 896 820 ἀφθάρτου
929 755 1076 807 Θεοῦ
1221 757 1535 825 ὁμοιώματι
1598 759 1750 812 εὶκόν

1985 769 2066 805 am
2125 752 2538 819 incorruptibilis
2597 752 2691 804 Dei
2734 752 2789 803 in
2822 749 3218 803 similitudinem
3247 747 3494 818 imaginis

240 843 515 912 φθαρτοῦ
577 844 913 911 ἀνθρώπου,
976 846 1073 899 καί
1139 842 1442 914 πετεινῶν,
1479 850 1577 902 καὶ
1630 868 1749 919 tet;

1984 844 2161 909 irrupti
2179 844 2424 906 hominis,
2447 852 2495 896 et
2515 842 2803 907 volucrum,
2821 850 2868 893 et
2886 840 3300 911 quadrupedum,
3317 851 3363 894 et
3382 856 3493 893 ser—

240 934 470 999 πόδων,
525 937 623 989 καί
674 936 966 1004 ἑρπετῶν,
1023 939 1165 993 κατὰ
1209 941 1300 994 τὸν
1370 942 1512 1011 ἱερὸν
1576 944 1749 996 Ἀπόσ-

1742 959 1828 995 eo-
1928 936 2179 1003 pentiam,
2205 936 2501 990 secundum
2547 942 2796 990 sanctum
2826 932 3144 1003 Apostolum
3174 932 3251 983 7"?

241 1025 333 1079 λον
356 1042 370 1087 ;

312 1112 439 1169 Εἶτ’
463 1118 769 1172 ἀκόλουθα
791 1118 1046 1187 δρῶντες
1066 1121 1189 1186 τοῖς
1211 1122 1409 1187 ἀθέοις
1430 1122 1526 1176 καὶ
1552 1123 1821 1191 διαστρό-

2004 1108 2206 1163 Deinde
2255 1119 2625 1177 consequenter
2681 1114 2887 1177 agentes
2949 1104 3017 1157 ad
3074 1103 3233 1172 impia
3283 1111 3332 1177 et
3379 1118 3496 1171 per-

238 1208 1112 1279 ςροιςὲαυτῶνέπιτηδεύμασιν,
1129 1214 1216 1276 εις
1235 1210 1358 1266 πᾶν
1392 1208 1551 1277 εἶδος
1571 1214 1715 1276 βίου
1733 1240 1747 1282 Α

1986 1218 2081 1254 τεα
2128 1200 2306 1253 studia
2356 1218 2474 1265 sua,
2526 1200 2578 1253 in
2630 1215 2833 1252 omnem
2880 1194 3230 1266 improbitatis
3278 1196 3495 1263 speciem

238 1300 497 1366 χθηρίας
529 1301 1029 1367 περιπεπτώκασι.
1060 1304 1150 1355 Διὸ
1167 1303 1474 1371 ὲπιλέγεται
1506 1304 1662 1372 ἑξῆς·
1711 1309 1747 1356 0

1989 1292 2070 1359 psi
2108 1302 2252 1346 sunt.
2294 1291 2473 1357 Quare
2500 1292 2698 1346 dehinc
2732 1291 3078 1361 subjungitur
3110 1306 3123 1341 :
3164 1286 3281 1341 Non
3310 1284 3498 1354 estqui

238 1388 376 1440 ἔστι
392 1388 580 1442 ποιῶν
590 1392 830 1459 ἀγαθόν.
849 1392 902 1442 Ὀ
917 1393 1061 1455 Θεὸς
1074 1392 1141 1445 ἐκ
1158 1392 1261 1445 τοῦ
1277 1392 1533 1460 οὐρανοῦ
1547 1392 1747 1459 stem)»;

1986 1383 2097 1434 'ciat
2142 1381 2355 1435 bonum.
2409 1382 2546 1435 Deus
2585 1382 2648 1435 de
2685 1382 2813 1436 ccelo
2854 1380 3117 1449 prospexit
3156 1394 3310 1446 super
3357 1375 3495 1445 ﬁlios

236 1477 334 1531 ἐπὶ
374 1482 513 1544 τοὺς
535 1481 704 1546 υἱοὺς
735 1479 851 1534 τῶν
883 1482 1227 1549 ἀνθρώπων,
1264 1483 1369 1536 τοῦ
1406 1482 1555 1537 ἰδεῖν
1592 1485 1645 1536 ει
1696 1482 1745 1535 ἐι

1986 1474 2202 1526 mtinum
2224 1514 2238 1536 ,
2267 1482 2323 1526 ut
2352 1473 2521 1528 rideat
2546 1476 2592 1527 si
2618 1483 2695 1527 est
2725 1473 3041 1543 intelligens,
3098 1482 3189 1553 aut
3231 1469 3495 1538 requirens

234 1572 480 1624 συνιὼν
510 1572 549 1638 ἢ
574 1572 831 1639 ἐκζητῶν
872 1572 978 1625 τὸν
1024 1575 1190 1625 Θεόν.
1238 1573 1463 1639 Πάντες
1489 1572 1743 1636 ἐξέκλινε

1988 1582 2121 1620 eum.
2176 1566 2368 1620 Omnes
2423 1567 2836 1627 declinaverunt,
2893 1563 3053 1617 simul
3100 1562 3310 1616 inutiles
3366 1558 3497 1628 facti

234 1660 361 1729 ἅμα
396 1662 828 1732 ἡχρειώθησαν,
883 1666 993 1717 οὐκ
1054 1664 1187 1717 ἐστι
1232 1664 1418 1717 ποιῶν
1457 1665 1743 1733 χρηστόττ

1984 1668 2076 1720 ml,
2107 1674 2209 1710 non
2240 1667 2319 1711 est
2359 1656 2448 1728 qui
2485 1658 2650 1725 faciat
2698 1656 2979 1709 bonitatem
3023 1671 3182 1723 usque
3213 1655 3279 1706 ad
3312 1667 3493 1706 unum.

233 1722 348 1818 ἕως
594 1755 652 1806 Ὁ
672 1722 786 1823 ’μὲν
809 1722 997 1824 ἃφρων
1022 1755 1210 1824 ἠπάτα
1248 1722 1661 1820 ἑαυτὺνί-λένων
1684 1755 1739 1805 ὲν

1988 1748 2202 1817 ιείρίεηε
2249 1763 2381 1803 sane
2431 1763 2551 1803 sese
2597 1747 2829 1815 decepit,
2877 1747 3063 1800 dicens
3107 1746 3161 1797 in
3207 1743 3368 1797 corde
3397 1758 3497 1795 suo

234 1844 444 1915 καρδία
483 1845 673 1898 ἑαυτοῦ
708 1845 781 1915 μὴ
815 1843 951 1899 εἶναι
980 1846 1133 1899 Θεόν·
1191 1847 1286 1899 καὶ
1339 1847 1389 1898 oi
1419 1845 1592 1899 λοιποὶ
1614 1845 1670 1899 δὲ
1701 1863 1739 1897 π

1987 1855 2042 1893 )η
2077 1854 2198 1895 esse
2246 1839 2414 1894 Deum
2454 1858 2464 1892 :
2509 1854 2573 1893 ac
2623 1838 2820 1908 reliqui
2869 1852 3060 1891 omnes
3102 1834 3496 1889 abominabiles

233 1952 324 1999 τες
351 1937 763 2030 ἐϐδελύχθησαν
815 1938 1096 2008 βδελυρίαν
1155 1937 1620 2007 ἐπιτηδεύσαντες.
1670 1938 1726 1989 ’0

1991 1936 2062 1988 cti
2087 1943 2233 2002 sunt,
2270 1934 2664 1988 abominationi
2695 1932 2996 1988 studentes.
3032 1932 3098 1984 At
3122 1945 3301 1985 sermo
3334 1943 3495 1989 verus

230 2026 452 2098 ἀληθὴς
486 2019 642 2095 λόγος
680 2029 769 2082 τὸν
802 2032 897 2081 ἐπὶ
939 2030 1156 2082 πάντων
1187 2028 1319 2081 Θεὸν
1363 2028 1456 2081 καὶ
1486 2027 1689 2098 Κύριον
1734 2049 1739 2072 ι

1987 2033 2093 2079 )cet
2122 2040 2269 2089 eum,
2304 2025 2397 2094 qui
2434 2039 2598 2093 supra
2641 2025 2823 2077 omnia
2853 2033 2955 2088 est,
2998 2022 3167 2076 Deum
3207 2035 3270 2074 ac
3315 2019 3496 2073 Domi-

231 2116 549 2184 ὑφεστάναι
584 2118 743 2186 μόνον
773 2119 867 2171 καὶ
895 2119 963 2171 τὰ
1014 2119 1187 2171 πάντα
1245 2118 1541 2188 περιέχειν,
1573 2117 1707 2170 ἀλλὰ
1735 2136 1740 2170 :

1984 2132 2084 2179 am,
2116 2131 2225 2170 non
2260 2116 2527 2171 exsistere
2556 2116 2719 2171 modo
2746 2123 2799 2170 et
2840 2115 3021 2168 omnia
3052 2112 3334 2181 complecti
3360 2129 3373 2178 ;
3398 2108 3493 2163 sed

230 2208 451 2278 ἔτειρᾷν
477 2210 570 2261 καὶ
594 2208 1039 2272 ἐπισκέπτεσθαι,
1074 2210 1133 2261 οὐ
1192 2208 1261 2261 τὰ
1287 2208 1512 2261 καθόλου
1539 2208 1679 2279 μέρη
1734 2229 1739 2241 ι

1989 2208 2093 2260 iam
2128 2206 2442 2276 prospicere
2461 2214 2515 2261 et
2553 2205 2925 2265 considerare,
2954 2221 3062 2258 non
3097 2204 3271 2258 solum
3306 2200 3495 2271 prmci-

231 2298 451 2359 ﬁJVtk
485 2298 664 2369 μόνον,
697 2298 831 2352 ἀλλὰ
863 2300 955 2351 καὶ
984 2299 1051 2351 τὰ
1078 2298 1221 2351 κατὰ
1243 2299 1429 2369 μέρος,
1465 2299 1560 2351 καὶ
1585 2300 1710 2361 τοὺς
1737 2320 1740 2348 ι

1986 2313 2068 2351 tas
2099 2295 2340 2351 universi
2375 2302 2580 2363 partes,
2605 2293 2701 2351 sed
2747 2295 2959 2364 singula
3008 2309 3245 2363 quoque,
3273 2300 3326 2345 et
3357 2292 3495 2343 lilios

230 2390 332 2459 τῆς
365 2391 476 2460 γῆς
497 2389 596 2453 τὰς
624 2390 904 2462 διατριϐὰς
934 2391 1287 2461 ποιουμένους
1307 2391 1455 2453 υἱοὺς
1484 2391 1594 2444 τῶν
1622 2390 1739 2461 ἀνθε

1985 2392 2210 2446 nninum
2236 2391 2291 2445 in
2316 2400 2461 2446 terra
2492 2394 2794 2444 versantes.
2825 2386 3028 2440 Deinde
3054 2384 3179 2453 quia
3222 2384 3346 2437 ﬁliis
3394 2382 3494 2436 hc-

231 2495 383 2539 πων,
416 2477 679 2532 διδάσκει.
726 2480 840 2532 Εἶτ’
872 2480 1168 2549 ἐπειδήπερ
1205 2480 1458 2549 πρόνοιαν
1511 2480 1736 2550 ποιούμε

1990 2484 2139 2537 inum
2167 2483 2533 2554 prospiciens,
2553 2496 2618 2536 ex
2636 2479 2855 2550 prapria
2876 2476 3247 2547 magnitudine
3269 2474 3496 2529 descen-

229 2566 343 2620 τῶν
374 2566 511 2619 υἱῶν
552 2567 665 2620 τῶν
723 2567 1045 2639 ἀνθρώπων,
1076 2568 1168 2621 τοῦ
1214 2567 1342 2620 ἰδίου
1400 2568 1659 2637 μεγέθους
1695 2569 1738 2621 ὑπ

1987 2589 2087 2637 :ns,
2116 2574 2275 2642 quasi
2303 2588 2366 2628 ex
2393 2573 2660 2627 altissimo
2689 2569 2973 2624 cacumine
3000 2568 3217 2621 virtutis
3247 2581 3360 2621 sua;
3380 2580 3496 2619 om-

230 2655 469 2719 σαίνων,
522 2659 619 2709 καὶ
673 2656 861 2727 ὥσπερ
890 2657 947 2721 ἐξ
994 2657 1333 2727 ὑψηλοτάτης
1377 2658 1682 2727 ἀκρωρείας
1732 2676 1739 2690 ·

1992 2664 2094 2718 bus
2125 2663 2543 2734 praeminente,
2576 2660 2859 2716 descendit
2903 2660 2969 2714 ad
3001 2675 3117 2722 eos,
3153 2660 3244 2726 qui
3267 2658 3321 2710 in
3352 2668 3495 2711 terra

230 2746 507 2799 ἀνωτάτω
542 2748 636 2799 καὶ
658 2748 797 2818 ὑπὲρ
832 2747 1009 2800 πάντα
1036 2747 1317 2818 δυνάμεως
1338 2747 1555 2808 ἑαυτοῦ,
1576 2748 1739 2818 καθίη

1985 2761 2124 2819 'ant,
2183 2754 2433 2811 homines
2479 2750 2968 2813 internoscendos,
3017 2751 3309 2821 explorans
3364 2761 3494 2803 num

230 2840 327 2890 ἐπὶ
354 2838 459 2907 τὴν
492 2838 760 2908 διάκρισιν
791 2839 901 2891 τῶν
930 2840 1021 2891 ἐπὶ
1048 2838 1152 2908 γῆς
1175 2838 1497 2909 ἀνθρώπιον,
1517 2841 1739 2892 ἐπισκοπ

1980 2844 2054 2899 ais
2095 2850 2243 2899 esset
2286 2844 2378 2913 qui
2409 2843 2764 2913 providentiae
2809 2854 2921 2896 suae
2965 2838 3489 2892 administrationem

230 2928 285 2979 ει
315 2927 428 2981 πού
473 2928 558 2990 τίς
600 2930 715 2982 ὲττι
742 2928 842 2997 τῆς
875 2928 1039 2982 αὐτοῦ
1092 2929 1347 3000 προνοίας
1402 2930 1501 3000 τὴν
1562 2929 1738 3000 διοίκη

1988 2935 2291 3004 telligeret,
2320 2942 2374 2989 et
2403 2948 2532 2989 num
2564 2933 2722 3003 quis,
2755 2929 3074 2999 postpositis
3105 2928 3360 2982 omnibus
3393 2926 3494 2979 hu-

231 3016 467 3082 συνιὼν,
522 3020 617 3071 καὶ
649 3018 701 3072 εί
725 3018 825 3072 πού
858 3037 960 3084 τις,
998 3019 1177 3073 πάντα
1228 3020 1454 3089 δεύτερα
1489 3018 1713 3090 θέμενος

1982 3043 2017 3081 lS
2050 3028 2173 3081 vitae
2204 3023 2455 3088 fallaciis,
2503 3022 2569 3076 ad
2608 3036 2668 3076 se
2712 3017 3134 3090 perquirendum
3168 3013 3491 3070 attenderet.

228 3108 331 3177 τῆς
365 3107 469 3160 τοῦ
495 3107 609 3178 βίου
638 3109 873 3180 ἀπάτης,
897 3110 995 3180 τὴν
1029 3111 1156 3179 περὶ
1186 3110 1349 3164 αὐτοῦ
1372 3108 1596 3181 ζήτησιν
1624 3112 1737 3164 ἀνεί

1982 3130 2179 3186 ιιιωιιιιο
2206 3109 2517 3183 huiusmodi
2550 3110 2820 3166 neminem
2851 3105 3137 3163 lustrando
3172 3105 3491 3164 invenisset,

228 3216 299 3268 φε
324 3242 337 3254 ,
388 3199 504 3252 Καὶ
534 3200 743 3271 ἐπειδὴ,
779 3200 977 3271 ζητῶν,
1006 3202 1199 3254 οὐδένα
1229 3201 1465 3253 τοιοῦτον
1512 3191 1690 3272 εὗρεν,

1983 3205 2078 3260 .tod
2118 3219 2310 3259 omnes
2350 3202 2719 3258 declinassent
2772 3206 2825 3253 et
2882 3198 3044 3251 simul
3085 3196 3306 3250 inutiles
3366 3193 3492 3247 facti

228 3290 456 3352 πάντας
480 3289 746 3353 ἐκκλῖναι,
776 3291 911 3360 ὁμοῦ
938 3308 997 3343 τε
1052 3292 1145 3345 καὶ
1174 3291 1314 3363 κατά
1352 3291 1413 3344 τὸ
1443 3291 1575 3344 αὐτὸ
1600 3292 1734 3369 ἁχρε

1990 3298 2183 3361 issent,
2214 3297 2289 3350 ita
2323 3300 2384 3348 ut
2413 3309 2482 3349 ne
2512 3294 2596 3347 vel
2624 3306 2793 3346 unum
2829 3290 2920 3359 qui
2948 3288 3152 3343 faceret
3176 3286 3377 3340 bonum
3410 3300 3496 3338 re-

228 3379 428 3450 θῆναι,
464 3381 541 3445 ὡς
567 3383 639 3452 μὴ
671 3381 927 3437 ποιοῦντα
950 3382 1154 3451 ἀγαθὸν
1180 3382 1285 3445 ἕως
1309 3382 1427 3445 ἑνὸς
1454 3383 1650 3454 εὑρεῖν·
1685 3384 1732 3435 εί

1986 3388 2170 3453 :riret;
2198 3386 2322 3455 jure
2350 3383 2720 3438 comminatur
2749 3382 2815 3435 iis
2843 3380 2936 3449 qui
2963 3393 3084 3434 sese
3116 3382 3495 3446 conruperant,

227 3488 342 3535 τως·
374 3473 667 3526 ὲπαπειλεῖ
692 3477 802 3538 τοῖς
832 3472 1203 3541 διαφθείρασιν
1235 3475 1449 3538 αὐτοὺς,
1484 3473 1552 3526 τὰ
1593 3473 1715 3545 ἑξῆς

1990 3494 2052 3532 Ia:
2075 3484 2381 3546 sequuntur
2410 3474 2696 3544 proferens
2731 3491 2744 3524 :
2783 3470 2971 3525 Nonne
3006 3472 3168 3523 scient
3207 3484 3382 3521 omnes
3412 3467 3499 3535 qni

226 3579 370 3629 γων·
414 3563 563 3631 Οὐχὶ
596 3563 927 3631 γνώσονται
976 3562 1199 3629 πάντες
1225 3567 1278 3617 οἱ
1313 3563 1682 3634 ἐργαζόμενοι
1707 3582 1735 3616 τ

1989 3576 2215 3622 terantur
2262 3567 2629 3635 iniquitatem,
2664 3564 2755 3633 qui
2789 3563 3040 3617 devorant
3085 3558 3283 3629 plebem
3330 3572 3498 3609 meam

226 3654 526 3723 ἀνομίαν,
556 3658 608 3708 οἱ
641 3656 948 3720 ἐσθίοντες
992 3655 1098 3709 τὸν
1143 3656 1297 3709 λαόν
1316 3673 1433 3723 μου
1472 3654 1695 3724 ,βρώσει
1724 3676 1735 3707 ι

1996 3661 2244 3714 mestione
2275 3659 2471 3726 panis?
2503 3658 2789 3711 Dominum
2824 3671 2927 3707 non
2959 3655 3325 3706 invocaverunt
3350 3664 3366 3701 :
3388 3646 3502 3699 illic

227 3765 339 3800 του
362 3762 386 3810 ;
438 3746 551 3799 Τὸν
569 3748 788 3811 Κύριον
826 3748 937 3799 οὐκ
987 3745 1456 3800 ἐπεκαλέσαντο·
1493 3746 1617 3800 ἐκεῖ
1650 3765 1736 3815 φοι

1985 3751 2323 3819 ερὲάαι·ει·ιιηι
2365 3750 2557 3801 timore
2614 3747 2703 3798 ubi
2746 3762 2851 3799 non
2896 3752 3010 3797 erat
3052 3744 3229 3795 timor.
3254 3741 3392 3807 Quia
3430 3754 3494 3791 ex

228 3834 541 3903 θήσονται
570 3835 730 3900 φόϐῳ
762 3829 832 3888 οὗ
865 3837 975 3895 οὐκ
1003 3831 1082 3903 ἦν
1117 3834 1324 3901 φόϐος.
1375 3834 1614 3903 Ἐπειδὴ,
1639 3834 1737 3887 διατ

1988 3838 2154 3907 'oprio
2175 3838 2452 3892 domicilio
2475 3836 2814 3905 prospiciens
2843 3833 3004 3896 Deus,
3032 3832 3083 3886 id
3114 3840 3219 3895 est,
3241 3846 3306 3884 ex
3336 3828 3497 3889 cmlo.

228 3925 342 3992 φας
384 3924 453 3975 ὲκ
484 3919 576 3973 τοῦ
605 3923 735 3975 ἰδίου
764 3923 1183 3994 κατοικητηρίου
1209 3924 1237 3974 ὁ
1285 3922 1436 3985 Θεὸς,
1470 3923 1737 3976 τουτέστιν

1990 3929 2022 3982 )ἱ
2042 3927 2299 3983 habitare
2322 3927 2523 3980 dicitur
2553 3932 2772 3993 propter
2795 3937 2890 3978 eos
2906 3922 2997 3993 qui
3028 3921 3101 3975 ibi
3132 3935 3356 3990 regnum
3379 3918 3499 3987 ejus

226 4012 328 4066 τοῦ
364 4011 624 4083 οὐρανοῦ,
659 4011 786 4064 ἔνθα
821 4017 1091 4079 κατοικεῖν
1120 4012 1337 4080 λέγεται
1381 4011 1469 4064 διὰ
1495 4013 1619 4074 τοὺς
1647 4014 1735 4065 αὐτ

1991 4016 2255 4078 ιεείᾱεηι,
2316 4030 2509 4069 omnes
2556 4014 2695 4067 lilios
2750 4012 3030 4067 hominum
3092 4009 3224 4064 vidit
3278 4009 3500 4063 inutiles

227 4103 561 4176 χωροῦντας
613 4102 778 4157 αὑτοῦ
830 4104 927 4173 τὴν
963 4103 1258 4173 βασιλείαν,
1312 4101 1517 4164 πάντας
1559 4098 1664 4154 εἶδε
1710 4121 1736 4155 τ

1991 4114 2127 4168 ctus,
2184 4122 2212 4157 a
2264 4113 2411 4159 recta
2444 4104 2534 4157 via
2580 4101 3071 4171 declinasse;jure
3118 4115 3218 4154 ceu
3277 4098 3500 4168 quidam

176 4182 179 4183 ν
228 4197 393 4259 υἱοὺς
420 4193 533 4246 τῶν
570 4193 871 4265 ἀνθρώπων
920 4193 1319 4263 ἀχρειιυθέντας
1377 4193 1470 4244 καὶ
1496 4192 1593 4262 τῆς
1621 4193 1678 4244 εὐ

1988 4206 2122 4252 ustor
2155 4196 2330 4252 bonus
2363 4211 2579 4266 gregem
2611 4211 2770 4250 suum
2799 4196 2853 4248 in
2884 4193 3199 4248 hominibus
3224 4193 3497 4247 exsisten-

230 4290 330 4342 καί
359 4286 538 4358 ὀρθῆς
562 4285 961 4347 ἀποκλίναντας
981 4285 1121 4337 ὀδοῦ·
1152 4284 1374 4347 είκότως
1401 4278 1489 4336 οἷά
1511 4300 1595 4345 τις
1628 4300 1739 4353 ποιε

1992 4305 2041 4342 m
2088 4303 2312 4353 curans,
2365 4288 2732 4359 perversionis
2770 4285 3091 4341 auctoribus
3140 4284 3501 4339 comminatur

230 4384 444 4447 α’·ττθὶς
479 4384 776 4455 κηδόμενος
820 4386 917 4455 τῆς
973 4387 1030 4437 ὲν
1062 4380 1368 4454 ἀνθρώποις
1390 4382 1554 4435 αὑτοῦ
1607 4382 1739 4451 ἀγέλ

1994 4395 2162 4435 cens:
2205 4378 2395 4434 Nonne
2441 4386 2749 4449 cognoscent
2786 4377 2875 4445 qui
2916 4384 3200 4445 operantur
3246 4372 3502 4441 iniquita-

230 4474 535 4528 ἐπαπειλεῖ
576 4478 689 4538 τοῖς
718 4477 910 4539 αἰτίοις
939 4477 1038 4546 τῆς
1066 4475 1414 4546 διαστροφῆς,
1455 4473 1645 4541 λέγων·
1683 4478 1739 4527 01

1991 4487 2059 4534 m,
2091 4470 2181 4539 qui
2231 4469 2484 4523 devorant
2524 4467 2723 4537 plebem
2757 4482 2926 4519 meam
2968 4466 3280 4519 comestione
3306 4461 3500 4530 panis!

229 4565 583 4635 γνώσονται
612 4569 664 4619 ol
685 4566 1056 4635 ἐργαζόμενοι
1078 4566 1194 4632 τὴν
1218 4566 1494 4633 ἀνομίαν,
1519 4567 1572 4617 ol
1597 4565 1738 4618 ἐσθί‹

1990 4569 2001 4612 L
2044 4560 2163 4614 haec
2195 4560 2450 4614 videntur
2487 4559 2617 4613 mihi
2657 4559 2723 4611 de
2763 4556 3094 4612 adversariis
3140 4554 3499 4623 potestatibus

231 4674 338 4725 τες
370 4656 487 4710 τὸν
520 4659 674 4712 λαόν
717 4676 835 4727 μου
875 4659 1101 4726 βρώσει
1167 4657 1384 4725 ἇρτου;
1431 4657 1541 4711 Καί
1570 4674 1658 4725 μοι
1684 4655 1740 4708 δο

1988 4650 2294 4704 ινὶεἰὺίιὶυηι
2315 4649 2658 4702 inimicorum
2688 4654 2741 4702 et
2766 4646 3002 4701 hostium
3033 4644 3247 4715 generis
3277 4642 3497 4696 humani

228 4747 419 4800 ταῦτα
450 4748 581 4817 περὶ
640 4748 920 4819 δυνάμεων
979 4748 1369 4818 ἀντικειμένων
1424 4745 1677 4814 λέγεσθαι
1719 4763 1737 4798 1

1993 4747 2089 4795 .cta
2119 4754 2262 4796 esse.
2302 4736 2367 4792 Hi
2390 4739 2533 4793 enim
2558 4737 2839 4791 hominum
2858 4751 3030 4806 genus
3060 4734 3240 4790 cibum
3281 4732 3385 4789 sibi
3422 4730 3502 4784 fec

230 4836 501 4907 ἀοράτων
562 4838 771 4908 ἐχθρῶν
827 4841 921 4892 καὶ
967 4838 1243 4908 πολεμίων
1271 4836 1363 4890 τοῦ
1389 4837 1579 4903 γένους
1603 4836 1695 4889 τοῦ
1730 4856 1739 4889 t

1991 4839 2158 4897 :runt,
2199 4846 2299 4886 ceu
2348 4832 2615 4886 immanes
2655 4830 2783 4886 feras
2841 4830 3052 4882 animas
3094 4840 3285 4881 eorum
3330 4823 3500 4877 devo-

232 4924 543 4997 θρωπεέου.
572 4921 730 4981 Οὗτοι
771 4929 878 4998 γὰρ
903 4926 964 4979 τὸ
1000 4927 1107 4979 τῶν
1132 4925 1433 4997 ἀνθρώπων
1475 4926 1632 4994 γένος
1659 4943 1741 4978 κα·

1991 4931 2141 4989 ιῃιοε,
2186 4931 2246 4976 ιιι
2288 4925 2344 4977 in
2382 4924 2682 4994 prophetiis
2722 4922 2927 4976 dictum
2963 4927 3045 4974 est
3078 4938 3091 4974 :
3119 4917 3223 4985 Qui
3249 4917 3500 4971 deuorant

231 5016 447 5086 δρωμα
478 5020 691 5084 ἑαυτοῖς
713 5022 1056 5089 ἐποιήσαντο,
1084 5016 1170 5074 οἷα
1193 5020 1355 5074 δεινοὶ
1383 5019 1547 5092 θῆρες
1589 5020 1687 5083 τὰς
1722 5023 1740 5088 ς

1216 5022 1355 5074 ἱεινοὶ
1383 5019 1547 5092 θῆρες
1589 5020 1687 5083 τὰς
1722 5019 1828 5088 ψυ-
1936 5016 2187 5086 populum
2214 5033 2383 5070 meum
2414 5026 2521 5069 toto
2550 5031 2638 5069 ore
2657 5015 2725 5069 ".

234 5107 343 5177 χὰς
421 5109 603 5164 αὐτῶν
666 5112 1059 5178 κατεσθίοντες,
1100 5110 1241 5166 κατὰ
1278 5112 1338 5165 τὸ
1391 5111 1677 5183 εἰρημένον
1709 5113 1767 5163 ὲν
1802 5108 2174 5180 προφητείαις·
2226 5111 2288 5161 Ol
2333 5106 2747 5170 κατεσθίοντες
2774 5103 2879 5156 τὸν
2904 5104 3059 5157 λαόν
3095 5118 3212 5171 μου
3263 5100 3383 5164 ὅλῳ
3424 5096 3503 5163 τῷ
3582 5168 3585 5171 Α

232 5200 523 5267 στόματι.
1728 5211 1730 5214 ’

310 5287 480 5345 Οὗτοι
510 5285 602 5345 οὖν
643 5295 799 5348 αὐτώ⁵
837 5294 933 5348 νῦν
969 5295 1089 5365 μὲν,
1138 5295 1333 5366 φησὶν,
1380 5294 1455 5358 ὠς
1486 5294 1587 5347 οὐκ
1616 5294 1682 5347 ἂν
1737 5294 1819 5346 τδι

2007 5289 2075 5344 Hi
2110 5291 2297 5361 igitur,
2329 5288 2526 5358 inquit,
2564 5294 2750 5359 utpote
2779 5286 2873 5356 qui
2904 5286 3069 5341 Deum
3094 5284 3367 5341 oboculos
3390 5296 3498 5335 non

234 5381 383 5436 Θεὸν
424 5382 532 5450 πρὸ
550 5381 845 5453 ὀφθαλμῶν
873 5383 1111 5453 θέμενοι,
1166 5384 1338 5438 ταῦτα
1371 5383 1512 5438 κατὰ
1557 5383 1649 5437 τοῦ
1698 5383 1743 5436 λι

1988 5391 2157 5443 mant,
2190 5381 2304 5451 jam
2348 5388 2542 5436 contra
2597 5379 2853 5451 populum
2907 5387 2962 5434 et
2997 5387 3186 5433 contra
3225 5389 3403 5432 meum
3445 5375 3497 5427 in

237 5474 341 5526 am,
366 5470 513 5525 κατὰ
537 5471 637 5542 τῆς
667 5474 806 5543 ἐμῆς
830 5475 906 5526 ηὲν
932 5472 1239 5544 ἀνθρώποις
1267 5473 1488 5541 λογικῆς
1523 5475 1721 5544 ἀγέλης

1987 5473 2244 5529 )minibus
2281 5473 2657 5528 rationabilem
2680 5486 2894 5543 gregem
2938 5471 3052 5527 haec
3079 5477 3323 5543 egerunt.
3356 5467 3496 5523 Num

321 5624 371 5655 ⁷⁷
417 5621 577 5677 Rom.
618 5645 668 5689 ι,
702 5623 796 5677 22.
870 5625 918 5655 ’⁸
957 5623 1063 5678 lsa.
1099 5641 1185 5685 ιι,
1222 5625 1305 5679 12.

573 5717 846 5779 ΡΑτιιοι..
873 5717 1264 5795 ῦιιαΧΧΙΙΙ.
3231 5723 3304 5785 15
