  <div class='ocr_page' id='page_1' title='image "/cluster/home/n/w/nwhite01/storage/ocr_20150623/23/mdp.39015078384396/237.png"; bbox 0 0 3822 6280; ppageno 0'>
   <div class='ocr_carea' id='block_1_1' title="bbox 401 223 504 282">
    <p class='ocr_par' dir='ltr' id='par_1_1' title="bbox 401 223 504 282">
     <span class='ocr_line' id='line_1_1' title="bbox 401 223 504 282; baseline 0 0"><span class='ocrx_word' id='word_1_1' title='bbox 401 223 504 282; x_wconf 70' lang='grc'><strong>459</strong></span> 
     </span>
    </p>
   </div>
   <div class='ocr_carea' id='block_1_2' title="bbox 1112 201 3617 270">
    <p class='ocr_par' dir='ltr' id='par_1_2' title="bbox 1112 201 3617 270">
     <span class='ocr_line' id='line_1_2' title="bbox 1112 201 3617 270; baseline -0.005 -2"><span class='ocrx_word' id='word_1_2' title='bbox 1112 209 1380 268; x_wconf 88' lang='lat' dir='ltr'><strong>EUSEBll</strong></span> <span class='ocrx_word' id='word_1_3' title='bbox 1415 202 1892 264; x_wconf 59' lang='lat' dir='ltr'><strong>CESARIENSIS</strong></span> <span class='ocrx_word' id='word_1_4' title='bbox 1915 201 2066 264; x_wconf 70' lang='lat' dir='ltr'><strong>ore.</strong></span> <span class='ocrx_word' id='word_1_5' title='bbox 2097 201 2278 260; x_wconf 59' lang='lat' dir='ltr'><strong>rans</strong></span> <span class='ocrx_word' id='word_1_6' title='bbox 2315 205 2400 263; x_wconf 89' lang='grc' dir='ltr'>ιιι.</span> <span class='ocrx_word' id='word_1_7' title='bbox 2440 237 2506 250; x_wconf 80' lang='grc'><strong>-</strong></span> <span class='ocrx_word' id='word_1_8' title='bbox 2541 208 2944 268; x_wconf 79' lang='lat' dir='ltr'><strong>EXEGETICA.</strong></span> <span class='ocrx_word' id='word_1_9' title='bbox 3533 216 3617 270; x_wconf 51' lang='lat' dir='ltr'><strong>to;</strong></span> 
     </span>
    </p>
   </div>
   <div class='ocr_carea' id='block_1_3' title="bbox 397 323 1944 414">
    <p class='ocr_par' dir='ltr' id='par_1_3' title="bbox 397 328 1944 414">
     <span class='ocr_line' id='line_1_3' title="bbox 397 328 1944 414; baseline -0.012 -16"><span class='ocrx_word' id='word_1_10' title='bbox 397 358 530 414; x_wconf 78' lang='lat' dir='ltr'><strong>ergo</strong></span> <span class='ocrx_word' id='word_1_11' title='bbox 565 353 783 410; x_wconf 83' lang='lat' dir='ltr'><strong>semper</strong></span> <span class='ocrx_word' id='word_1_12' title='bbox 821 337 900 393; x_wconf 86' lang='lat' dir='ltr'><strong>sic</strong></span> <span class='ocrx_word' id='word_1_13' title='bbox 935 343 1154 406; x_wconf 79' lang='lat' dir='ltr'><strong>agentes</strong></span> <span class='ocrx_word' id='word_1_14' title='bbox 1194 329 1658 402; x_wconf 85' lang='lat' dir='ltr'><strong>perseverabunt?</strong></span> <span class='ocrx_word' id='word_1_15' title='bbox 1689 328 1820 383; x_wconf 88' lang='lat' dir='ltr'><strong>Esto</strong></span> <span class='ocrx_word' id='word_1_16' title='bbox 1861 329 1944 397; x_wconf 78' lang='lat' dir='ltr'><strong>jan</strong></span> 
     </span>
    </p>
   </div>
   <div class='ocr_carea' id='block_1_4' title="bbox 2046 323 3619 414">
    <p class='ocr_par' dir='ltr' id='par_1_4' title="bbox 2046 323 3619 400">
     <span class='ocr_line' id='line_1_4' title="bbox 2046 323 3619 400; baseline 0.001 -20"><span class='ocrx_word' id='word_1_17' title='bbox 2046 369 2051 380; x_wconf 82' lang='lat'><strong>.</strong></span> <span class='ocrx_word' id='word_1_18' title='bbox 2080 323 2399 393; x_wconf 79' lang='grc' dir='ltr'>επράξαντο.</span> <span class='ocrx_word' id='word_1_19' title='bbox 2430 327 2575 396; x_wconf 89' lang='grc' dir='ltr'>Μήτι</span> <span class='ocrx_word' id='word_1_20' title='bbox 2598 324 2690 381; x_wconf 79' lang='grc' dir='ltr'><strong>οὖν</strong></span> <span class='ocrx_word' id='word_1_21' title='bbox 2720 331 2812 382; x_wconf 79' lang='grc' dir='ltr'><strong>καὶ</strong></span> <span class='ocrx_word' id='word_1_22' title='bbox 2828 330 2907 392; x_wconf 79' lang='grc' dir='ltr'><strong>είς</strong></span> <span class='ocrx_word' id='word_1_23' title='bbox 2929 329 2991 382; x_wconf 80' lang='grc' dir='ltr'><strong>τὸ</strong></span> <span class='ocrx_word' id='word_1_24' title='bbox 3009 328 3266 392; x_wconf 79' lang='grc' dir='ltr'>παντελὲς</span> <span class='ocrx_word' id='word_1_25' title='bbox 3281 328 3449 382; x_wconf 82' lang='grc' dir='ltr'>ταῦτα</span> <span class='ocrx_word' id='word_1_26' title='bbox 3469 331 3619 400; x_wconf 70' lang='grc' dir='ltr'>πράτ-</span> 
     </span>
    </p>
   </div>
   <div class='ocr_carea' id='block_1_5' title="bbox 402 419 1973 491">
    <p class='ocr_par' dir='ltr' id='par_1_5' title="bbox 402 419 1973 491">
     <span class='ocr_line' id='line_1_5' title="bbox 402 419 1973 491; baseline -0.011 -5"><span class='ocrx_word' id='word_1_27' title='bbox 402 435 574 490; x_wconf 89' lang='lat' dir='ltr'><strong>Deum</strong></span> <span class='ocrx_word' id='word_1_28' title='bbox 609 446 716 486; x_wconf 91' lang='lat' dir='ltr'><strong>non</strong></span> <span class='ocrx_word' id='word_1_29' title='bbox 751 429 1178 491; x_wconf 76' lang='lat' dir='ltr'><strong>invocaverunt,</strong></span> <span class='ocrx_word' id='word_1_30' title='bbox 1214 422 1323 478; x_wconf 90' lang='lat' dir='ltr'><strong>Deo</strong></span> <span class='ocrx_word' id='word_1_31' title='bbox 1353 421 1624 477; x_wconf 86' lang='lat' dir='ltr'><strong>contraria</strong></span> <span class='ocrx_word' id='word_1_32' title='bbox 1666 427 1719 474; x_wconf 88' lang='lat' dir='ltr'><strong>et</strong></span> <span class='ocrx_word' id='word_1_33' title='bbox 1755 419 1973 472; x_wconf 85' lang='lat' dir='ltr'><strong>inimica</strong></span> 
     </span>
    </p>
   </div>
   <div class='ocr_carea' id='block_1_6' title="bbox 399 510 1974 595">
    <p class='ocr_par' dir='ltr' id='par_1_6' title="bbox 399 510 1974 595">
     <span class='ocr_line' id='line_1_6' title="bbox 399 510 1974 595; baseline -0.013 -13"><span class='ocrx_word' id='word_1_34' title='bbox 399 527 632 595; x_wconf 76' lang='lat' dir='ltr'><strong>operati,</strong></span> <span class='ocrx_word' id='word_1_35' title='bbox 667 534 851 583; x_wconf 85' lang='lat' dir='ltr'><strong>annon</strong></span> <span class='ocrx_word' id='word_1_36' title='bbox 881 518 1119 588; x_wconf 87' lang='lat' dir='ltr'><strong>quodam</strong></span> <span class='ocrx_word' id='word_1_37' title='bbox 1156 524 1396 584; x_wconf 91' lang='lat' dir='ltr'><strong>tempore</strong></span> <span class='ocrx_word' id='word_1_38' title='bbox 1443 520 1775 584; x_wconf 74' lang='lat' dir='ltr'><strong>cognoscent</strong></span> <span class='ocrx_word' id='word_1_39' title='bbox 1813 510 1974 563; x_wconf 88' lang='lat' dir='ltr'><strong>ultio-</strong></span> 
     </span>
    </p>
   </div>
   <div class='ocr_carea' id='block_1_7' title="bbox 398 605 1972 688">
    <p class='ocr_par' dir='ltr' id='par_1_7' title="bbox 398 605 1972 688">
     <span class='ocr_line' id='line_1_7' title="bbox 398 605 1972 688; baseline -0.011 -16"><span class='ocrx_word' id='word_1_40' title='bbox 398 632 522 672; x_wconf 95' lang='lat' dir='ltr'><strong>nem</strong></span> <span class='ocrx_word' id='word_1_41' title='bbox 571 614 708 685; x_wconf 87' lang='lat' dir='ltr'><strong>ipsis</strong></span> <span class='ocrx_word' id='word_1_42' title='bbox 757 609 1131 666; x_wconf 78' lang='lat' dir='ltr'><strong>inferendam?</strong></span> <span class='ocrx_word' id='word_1_43' title='bbox 1174 606 1318 662; x_wconf 82' lang='lat' dir='ltr'><strong>Sane</strong></span> <span class='ocrx_word' id='word_1_44' title='bbox 1363 615 1576 688; x_wconf 87' lang='lat' dir='ltr'><strong>tempus</strong></span> <span class='ocrx_word' id='word_1_45' title='bbox 1620 606 1722 660; x_wconf 91' lang='lat' dir='ltr'><strong>erit</strong></span> <span class='ocrx_word' id='word_1_46' title='bbox 1761 605 1814 658; x_wconf 90' lang='lat' dir='ltr'><strong>in</strong></span> <span class='ocrx_word' id='word_1_47' title='bbox 1863 616 1972 674; x_wconf 91' lang='lat' dir='ltr'><strong>quo</strong></span> 
     </span>
    </p>
   </div>
   <div class='ocr_carea' id='block_1_8' title="bbox 396 694 1970 778">
    <p class='ocr_par' dir='ltr' id='par_1_8' title="bbox 396 694 1970 778">
     <span class='ocr_line' id='line_1_8' title="bbox 396 694 1970 778; baseline -0.008 -17"><span class='ocrx_word' id='word_1_48' title='bbox 396 706 749 776; x_wconf 90' lang='lat' dir='ltr'><strong>trepidabunt</strong></span> <span class='ocrx_word' id='word_1_49' title='bbox 799 704 1017 756; x_wconf 90' lang='lat' dir='ltr'><strong>timore.</strong></span> <span class='ocrx_word' id='word_1_50' title='bbox 1073 699 1360 778; x_wconf 82' lang='lat' dir='ltr'><strong>Quodnam</strong></span> <span class='ocrx_word' id='word_1_51' title='bbox 1391 697 1562 760; x_wconf 89' lang='lat' dir='ltr'><strong>illud,</strong></span> <span class='ocrx_word' id='word_1_52' title='bbox 1603 696 1710 752; x_wconf 86' lang='lat' dir='ltr'><strong>nisi</strong></span> <span class='ocrx_word' id='word_1_53' title='bbox 1752 694 1970 765; x_wconf 81' lang='lat' dir='ltr'><strong>quando</strong></span> 
     </span>
    </p>
   </div>
   <div class='ocr_carea' id='block_1_9' title="bbox 395 784 1970 855">
    <p class='ocr_par' dir='ltr' id='par_1_9' title="bbox 395 784 1970 855">
     <span class='ocr_line' id='line_1_9' title="bbox 395 784 1970 855; baseline -0.007 -5"><span class='ocrx_word' id='word_1_54' title='bbox 395 797 750 851; x_wconf 89' lang='lat' dir='ltr'><strong>illucescente</strong></span> <span class='ocrx_word' id='word_1_55' title='bbox 790 789 1053 855; x_wconf 90' lang='lat' dir='ltr'><strong>Salutari,</strong></span> <span class='ocrx_word' id='word_1_56' title='bbox 1084 789 1270 843; x_wconf 87' lang='lat' dir='ltr'><strong>nullus</strong></span> <span class='ocrx_word' id='word_1_57' title='bbox 1300 788 1444 842; x_wconf 88' lang='lat' dir='ltr'><strong>ultra</strong></span> <span class='ocrx_word' id='word_1_58' title='bbox 1479 793 1654 840; x_wconf 87' lang='lat' dir='ltr'><strong>metus</strong></span> <span class='ocrx_word' id='word_1_59' title='bbox 1679 784 1970 854; x_wconf 83' lang='lat' dir='ltr'><strong>pecoribus</strong></span> 
     </span>
    </p>
   </div>
   <div class='ocr_carea' id='block_1_10' title="bbox 394 877 1967 949">
    <p class='ocr_par' dir='ltr' id='par_1_10' title="bbox 394 877 1967 949">
     <span class='ocr_line' id='line_1_10' title="bbox 394 877 1967 949; baseline -0.006 -8"><span class='ocrx_word' id='word_1_60' title='bbox 394 886 530 942; x_wconf 84' lang='lat' dir='ltr'><strong>meis</strong></span> <span class='ocrx_word' id='word_1_61' title='bbox 566 885 780 949; x_wconf 87' lang='lat' dir='ltr'><strong>aderit,</strong></span> <span class='ocrx_word' id='word_1_62' title='bbox 813 884 932 937; x_wconf 90' lang='lat' dir='ltr'><strong>illas</strong></span> <span class='ocrx_word' id='word_1_63' title='bbox 978 888 1159 936; x_wconf 90' lang='lat' dir='ltr'><strong>autem</strong></span> <span class='ocrx_word' id='word_1_64' title='bbox 1203 879 1472 934; x_wconf 81' lang='lat' dir='ltr'><strong>immanes</strong></span> <span class='ocrx_word' id='word_1_65' title='bbox 1511 879 1675 940; x_wconf 81' lang='lat' dir='ltr'><strong>feras,</strong></span> <span class='ocrx_word' id='word_1_66' title='bbox 1720 877 1967 932; x_wconf 88' lang='lat' dir='ltr'><strong>occultos</strong></span> 
     </span>
    </p>
   </div>
   <div class='ocr_carea' id='block_1_11' title="bbox 393 967 1968 1038">
    <p class='ocr_par' dir='ltr' id='par_1_11' title="bbox 393 967 1968 1038">
     <span class='ocr_line' id='line_1_11' title="bbox 393 967 1968 1038; baseline -0.006 -8"><span class='ocrx_word' id='word_1_67' title='bbox 393 983 448 1031; x_wconf 90' lang='lat' dir='ltr'><strong>et</strong></span> <span class='ocrx_word' id='word_1_68' title='bbox 466 974 769 1030; x_wconf 85' lang='lat' dir='ltr'><strong>invisibiles</strong></span> <span class='ocrx_word' id='word_1_69' title='bbox 787 974 1062 1028; x_wconf 81' lang='lat' dir='ltr'><strong>daemones</strong></span> <span class='ocrx_word' id='word_1_70' title='bbox 1089 972 1252 1025; x_wconf 90' lang='lat' dir='ltr'><strong>timor</strong></span> <span class='ocrx_word' id='word_1_71' title='bbox 1277 969 1572 1038; x_wconf 86' lang='lat' dir='ltr'><strong>corripiet,</strong></span> <span class='ocrx_word' id='word_1_72' title='bbox 1602 968 1694 1022; x_wconf 88' lang='lat' dir='ltr'><strong>ubi</strong></span> <span class='ocrx_word' id='word_1_73' title='bbox 1730 984 1836 1022; x_wconf 91' lang='lat' dir='ltr'><strong>non</strong></span> <span class='ocrx_word' id='word_1_74' title='bbox 1865 967 1968 1023; x_wconf 90' lang='lat' dir='ltr'><strong>erit</strong></span> 
     </span>
    </p>
   </div>
   <div class='ocr_carea' id='block_1_12' title="bbox 394 1056 1968 1132">
    <p class='ocr_par' dir='ltr' id='par_1_12' title="bbox 394 1056 1968 1132">
     <span class='ocr_line' id='line_1_12' title="bbox 394 1056 1968 1132; baseline -0.003 -12"><span class='ocrx_word' id='word_1_75' title='bbox 394 1067 621 1122; x_wconf 87' lang='lat' dir='ltr'><strong>timendi</strong></span> <span class='ocrx_word' id='word_1_76' title='bbox 652 1065 841 1121; x_wconf 90' lang='lat' dir='ltr'><strong>locus?</strong></span> <span class='ocrx_word' id='word_1_77' title='bbox 881 1062 1037 1117; x_wconf 89' lang='lat' dir='ltr'><strong>Tunc</strong></span> <span class='ocrx_word' id='word_1_78' title='bbox 1082 1063 1225 1117; x_wconf 88' lang='lat' dir='ltr'><strong>enim</strong></span> <span class='ocrx_word' id='word_1_79' title='bbox 1280 1060 1348 1116; x_wconf 87' lang='lat' dir='ltr'><strong>iis</strong></span> <span class='ocrx_word' id='word_1_80' title='bbox 1389 1056 1608 1131; x_wconf 86' lang='lat' dir='ltr'><strong>quidem</strong></span> <span class='ocrx_word' id='word_1_81' title='bbox 1665 1063 1757 1132; x_wconf 89' lang='lat' dir='ltr'><strong>qui</strong></span> <span class='ocrx_word' id='word_1_82' title='bbox 1808 1061 1968 1116; x_wconf 84' lang='lat' dir='ltr'><strong>bonis</strong></span> 
     </span>
    </p>
   </div>
   <div class='ocr_carea' id='block_1_13' title="bbox 393 1145 1964 1229">
    <p class='ocr_par' dir='ltr' id='par_1_13' title="bbox 393 1145 1964 1229">
     <span class='ocr_line' id='line_1_13' title="bbox 393 1145 1964 1229; baseline -0.003 -16"><span class='ocrx_word' id='word_1_83' title='bbox 393 1166 556 1213; x_wconf 90' lang='lat' dir='ltr'><strong>erunt</strong></span> <span class='ocrx_word' id='word_1_84' title='bbox 599 1158 749 1229; x_wconf 79' lang='lat' dir='ltr'><strong>digni</strong></span> <span class='ocrx_word' id='word_1_85' title='bbox 791 1157 977 1212; x_wconf 89' lang='lat' dir='ltr'><strong>nullus</strong></span> <span class='ocrx_word' id='word_1_86' title='bbox 1025 1154 1129 1209; x_wconf 91' lang='lat' dir='ltr'><strong>crit</strong></span> <span class='ocrx_word' id='word_1_87' title='bbox 1160 1145 1371 1221; x_wconf 86' lang='lat' dir='ltr'><strong>metus;</strong></span> <span class='ocrx_word' id='word_1_88' title='bbox 1401 1155 1471 1209; x_wconf 83' lang='lat' dir='ltr'><strong>iis</strong></span> <span class='ocrx_word' id='word_1_89' title='bbox 1495 1150 1660 1220; x_wconf 74' lang='lat' dir='ltr'><strong>vero,</strong></span> <span class='ocrx_word' id='word_1_90' title='bbox 1715 1154 1809 1224; x_wconf 90' lang='lat' dir='ltr'><strong>qui</strong></span> <span class='ocrx_word' id='word_1_91' title='bbox 1851 1153 1964 1224; x_wconf 86' lang='lat' dir='ltr'><strong>jam</strong></span> 
     </span>
    </p>
   </div>
   <div class='ocr_carea' id='block_1_14' title="bbox 393 1245 1964 1321">
    <p class='ocr_par' dir='ltr' id='par_1_14' title="bbox 393 1245 1964 1321">
     <span class='ocr_line' id='line_1_14' title="bbox 393 1245 1964 1321; baseline -0.003 -17"><span class='ocrx_word' id='word_1_92' title='bbox 393 1260 586 1306; x_wconf 86' lang='lat' dir='ltr'><strong>contra</strong></span> <span class='ocrx_word' id='word_1_93' title='bbox 612 1250 870 1321; x_wconf 91' lang='lat' dir='ltr'><strong>populum</strong></span> <span class='ocrx_word' id='word_1_94' title='bbox 894 1264 1072 1303; x_wconf 92' lang='lat' dir='ltr'><strong>meum</strong></span> <span class='ocrx_word' id='word_1_95' title='bbox 1103 1248 1410 1313; x_wconf 80' lang='lat' dir='ltr'><strong>eriguntur,</strong></span> <span class='ocrx_word' id='word_1_96' title='bbox 1436 1245 1650 1314; x_wconf 78' lang='lat' dir='ltr'><strong>ingruet</strong></span> <span class='ocrx_word' id='word_1_97' title='bbox 1680 1246 1840 1299; x_wconf 85' lang='lat' dir='ltr'><strong>timor</strong></span> <span class='ocrx_word' id='word_1_98' title='bbox 1871 1245 1964 1299; x_wconf 70' lang='lat' dir='ltr'><strong>ira:</strong></span> 
     </span>
    </p>
   </div>
   <div class='ocr_carea' id='block_1_15' title="bbox 391 1336 1963 1413">
    <p class='ocr_par' dir='ltr' id='par_1_15' title="bbox 391 1336 1963 1413">
     <span class='ocr_line' id='line_1_15' title="bbox 391 1336 1963 1413; baseline -0.004 -18"><span class='ocrx_word' id='word_1_99' title='bbox 391 1344 544 1413; x_wconf 89' lang='lat' dir='ltr'><strong>ipsos</strong></span> <span class='ocrx_word' id='word_1_100' title='bbox 576 1343 864 1402; x_wconf 67' lang='lat' dir='ltr'><strong>invasurte,</strong></span> <span class='ocrx_word' id='word_1_101' title='bbox 899 1355 1019 1409; x_wconf 76' lang='lat' dir='ltr'><strong>quae</strong></span> <span class='ocrx_word' id='word_1_102' title='bbox 1049 1343 1280 1401; x_wconf 88' lang='lat' dir='ltr'><strong>instans,</strong></span> <span class='ocrx_word' id='word_1_103' title='bbox 1317 1336 1599 1406; x_wconf 74' lang='lat' dir='ltr'><strong>dissipabit</strong></span> <span class='ocrx_word' id='word_1_104' title='bbox 1625 1351 1744 1388; x_wconf 87' lang='lat' dir='ltr'><strong>ossa</strong></span> <span class='ocrx_word' id='word_1_105' title='bbox 1782 1349 1963 1388; x_wconf 83' lang='lat' dir='ltr'><strong>eorum</strong></span> 
     </span>
    </p>
   </div>
   <div class='ocr_carea' id='block_1_16' title="bbox 390 1420 1959 1502">
    <p class='ocr_par' dir='ltr' id='par_1_16' title="bbox 390 1420 1959 1502">
     <span class='ocr_line' id='line_1_16' title="bbox 390 1420 1959 1502; baseline -0.008 -16"><span class='ocrx_word' id='word_1_106' title='bbox 390 1433 481 1502; x_wconf 81' lang='lat' dir='ltr'><strong>qui</strong></span> <span class='ocrx_word' id='word_1_107' title='bbox 534 1430 830 1485; x_wconf 82' lang='lat' dir='ltr'><strong>hominibus</strong></span> <span class='ocrx_word' id='word_1_108' title='bbox 872 1428 1115 1498; x_wconf 83' lang='lat' dir='ltr'><strong>placent;</strong></span> <span class='ocrx_word' id='word_1_109' title='bbox 1166 1441 1272 1496; x_wconf 86' lang='lat' dir='ltr'><strong>qua</strong></span> <span class='ocrx_word' id='word_1_110' title='bbox 1343 1422 1778 1486; x_wconf 84' lang='lat' dir='ltr'><strong>confundentur;</strong></span> <span class='ocrx_word' id='word_1_111' title='bbox 1831 1420 1959 1490; x_wconf 89' lang='lat' dir='ltr'><strong>quia</strong></span> 
     </span>
    </p>
   </div>
   <div class='ocr_carea' id='block_1_17' title="bbox 390 1514 1959 1590">
    <p class='ocr_par' dir='ltr' id='par_1_17' title="bbox 390 1514 1959 1590">
     <span class='ocr_line' id='line_1_17' title="bbox 390 1514 1959 1590; baseline -0.008 -11"><span class='ocrx_word' id='word_1_112' title='bbox 390 1535 524 1580; x_wconf 89' lang='lat' dir='ltr'><strong>tunc</strong></span> <span class='ocrx_word' id='word_1_113' title='bbox 555 1524 800 1580; x_wconf 88' lang='lat' dir='ltr'><strong>omnium</strong></span> <span class='ocrx_word' id='word_1_114' title='bbox 832 1522 996 1590; x_wconf 83' lang='lat' dir='ltr'><strong>judex</strong></span> <span class='ocrx_word' id='word_1_115' title='bbox 1027 1521 1174 1590; x_wconf 91' lang='lat' dir='ltr'><strong>ipsos</strong></span> <span class='ocrx_word' id='word_1_116' title='bbox 1207 1517 1360 1572; x_wconf 88' lang='lat' dir='ltr'><strong>nihili</strong></span> <span class='ocrx_word' id='word_1_117' title='bbox 1396 1516 1577 1570; x_wconf 81' lang='lat' dir='ltr'><strong>faciet.</strong></span> <span class='ocrx_word' id='word_1_118' title='bbox 1601 1514 1705 1568; x_wconf 85' lang='lat' dir='ltr'><strong>Pro</strong></span> <span class='ocrx_word' id='word_1_119' title='bbox 1740 1515 1832 1568; x_wconf 88' lang='lat' dir='ltr'><strong>illo</strong></span> <span class='ocrx_word' id='word_1_120' title='bbox 1859 1528 1959 1567; x_wconf 88' lang='lat' dir='ltr'><strong>au-</strong></span> 
     </span>
    </p>
   </div>
   <div class='ocr_carea' id='block_1_18' title="bbox 2075 418 3621 487">
    <p class='ocr_par' dir='ltr' id='par_1_18' title="bbox 2075 418 3621 487">
     <span class='ocr_line' id='line_1_18' title="bbox 2075 418 3621 487; baseline 0.003 -18"><span class='ocrx_word' id='word_1_121' title='bbox 2075 435 2258 482; x_wconf 85' lang='grc' dir='ltr'>τοντες</span> <span class='ocrx_word' id='word_1_122' title='bbox 2279 419 2711 487; x_wconf 78' lang='grc' dir='ltr'>διατελέσουσιν;</span> <span class='ocrx_word' id='word_1_123' title='bbox 2769 421 2947 473; x_wconf 85' lang='grc' dir='ltr'><strong>Ἔστω</strong></span> <span class='ocrx_word' id='word_1_124' title='bbox 2988 419 3044 471; x_wconf 88' lang='grc' dir='ltr'>δὲ</span> <span class='ocrx_word' id='word_1_125' title='bbox 3090 418 3213 483; x_wconf 80' lang='grc' dir='ltr'>νῦν,</span> <span class='ocrx_word' id='word_1_126' title='bbox 3257 420 3348 472; x_wconf 81' lang='grc' dir='ltr'><strong>τὸν</strong></span> <span class='ocrx_word' id='word_1_127' title='bbox 3380 419 3508 472; x_wconf 77' lang='grc' dir='ltr'>Θεὸν</span> <span class='ocrx_word' id='word_1_128' title='bbox 3539 423 3621 475; x_wconf 74' lang='grc' dir='ltr'>οὐκ</span> 
     </span>
    </p>
   </div>
   <div class='ocr_carea' id='block_1_19' title="bbox 2077 510 3620 583">
    <p class='ocr_par' dir='ltr' id='par_1_19' title="bbox 2077 510 3620 583">
     <span class='ocr_line' id='line_1_19' title="bbox 2077 510 3620 583; baseline 0.003 -22"><span class='ocrx_word' id='word_1_129' title='bbox 2077 510 2498 575; x_wconf 89' lang='grc' dir='ltr'>ἐπεκαλέσαντο,</span> <span class='ocrx_word' id='word_1_130' title='bbox 2530 512 2788 566; x_wconf 87' lang='grc' dir='ltr'>τάναντία</span> <span class='ocrx_word' id='word_1_131' title='bbox 2816 511 2893 582; x_wconf 84' lang='grc' dir='ltr'>τῷ</span> <span class='ocrx_word' id='word_1_132' title='bbox 2930 511 3048 581; x_wconf 87' lang='grc' dir='ltr'>Θεῷ</span> <span class='ocrx_word' id='word_1_133' title='bbox 3081 512 3172 565; x_wconf 69' lang='grc' dir='ltr'><strong>καὶ</strong></span> <span class='ocrx_word' id='word_1_134' title='bbox 3204 511 3270 564; x_wconf 85' lang='grc' dir='ltr'>τὰ</span> <span class='ocrx_word' id='word_1_135' title='bbox 3301 511 3468 582; x_wconf 74' lang='grc' dir='ltr'>ἐχθρὰ</span> <span class='ocrx_word' id='word_1_136' title='bbox 3494 513 3620 583; x_wconf 81' lang='grc' dir='ltr'>αὐτῷ</span> 
     </span>
    </p>
   </div>
   <div class='ocr_carea' id='block_1_20' title="bbox 2074 602 3621 674">
    <p class='ocr_par' dir='ltr' id='par_1_20' title="bbox 2074 602 3621 674">
     <span class='ocr_line' id='line_1_20' title="bbox 2074 602 3621 674; baseline 0.002 -20"><span class='ocrx_word' id='word_1_137' title='bbox 2074 602 2441 674; x_wconf 82' lang='grc' dir='ltr'>ἐνεργοῦντες,</span> <span class='ocrx_word' id='word_1_138' title='bbox 2470 602 2543 674; x_wconf 81' lang='grc' dir='ltr'><strong>μὴ</strong></span> <span class='ocrx_word' id='word_1_139' title='bbox 2571 604 2692 673; x_wconf 74' lang='grc' dir='ltr'>οὐχὶ</span> <span class='ocrx_word' id='word_1_140' title='bbox 2723 603 3017 672; x_wconf 84' lang='grc' dir='ltr'>γνώσονται</span> <span class='ocrx_word' id='word_1_141' title='bbox 3044 602 3218 672; x_wconf 84' lang='grc' dir='ltr'>καιρῷ</span> <span class='ocrx_word' id='word_1_142' title='bbox 3244 620 3349 655; x_wconf 88' lang='grc' dir='ltr'>τινι</span> <span class='ocrx_word' id='word_1_143' title='bbox 3399 602 3493 674; x_wconf 76' lang='grc' dir='ltr'><strong>τήν</strong></span> <span class='ocrx_word' id='word_1_144' title='bbox 3541 605 3621 657; x_wconf 79' lang='grc' dir='ltr'>ἐπ-</span> 
     </span>
    </p>
   </div>
   <div class='ocr_carea' id='block_1_21' title="bbox 2072 692 3619 766">
    <p class='ocr_par' dir='ltr' id='par_1_21' title="bbox 2072 692 3619 766">
     <span class='ocr_line' id='line_1_21' title="bbox 2072 692 3619 766; baseline 0.003 -21"><span class='ocrx_word' id='word_1_145' title='bbox 2072 692 2434 766; x_wconf 86' lang='grc' dir='ltr'>ελευσομένην</span> <span class='ocrx_word' id='word_1_146' title='bbox 2457 695 2636 757; x_wconf 80' lang='grc' dir='ltr'>αὐτοῖς</span> <span class='ocrx_word' id='word_1_147' title='bbox 2661 695 2845 764; x_wconf 83' lang='grc' dir='ltr'>δίκην;</span> <span class='ocrx_word' id='word_1_148' title='bbox 2878 695 2986 748; x_wconf 72' lang='grc' dir='ltr'>Καὶ</span> <span class='ocrx_word' id='word_1_149' title='bbox 3021 696 3128 764; x_wconf 78' lang='grc' dir='ltr'><strong>μὴν</strong></span> <span class='ocrx_word' id='word_1_150' title='bbox 3157 694 3308 747; x_wconf 78' lang='grc' dir='ltr'>ἔσται</span> <span class='ocrx_word' id='word_1_151' title='bbox 3342 695 3544 764; x_wconf 72' lang='grc' dir='ltr'>καιρὸς,</span> <span class='ocrx_word' id='word_1_152' title='bbox 3574 697 3619 749; x_wconf 88' lang='grc' dir='ltr'><strong>ἐν</strong></span> 
     </span>
    </p>
   </div>
   <div class='ocr_carea' id='block_1_22' title="bbox 2069 778 3618 858">
    <p class='ocr_par' dir='ltr' id='par_1_22' title="bbox 2069 778 3618 858">
     <span class='ocr_line' id='line_1_22' title="bbox 2069 778 3618 858; baseline 0.001 -22"><span class='ocrx_word' id='word_1_153' title='bbox 2069 778 2113 852; x_wconf 79' lang='grc' dir='ltr'><strong>ᾧ</strong></span> <span class='ocrx_word' id='word_1_154' title='bbox 2143 786 2538 856; x_wconf 87' lang='grc' dir='ltr'>φοϐηθήσονται</span> <span class='ocrx_word' id='word_1_155' title='bbox 2590 786 2772 856; x_wconf 86' lang='grc' dir='ltr'>φόϐον,</span> <span class='ocrx_word' id='word_1_156' title='bbox 2828 787 2986 850; x_wconf 85' lang='grc' dir='ltr'>Ποῖος</span> <span class='ocrx_word' id='word_1_157' title='bbox 3047 786 3092 839; x_wconf 87' lang='grc' dir='ltr'>δ’</span> <span class='ocrx_word' id='word_1_158' title='bbox 3155 786 3220 840; x_wconf 80' lang='grc' dir='ltr'>ἂν</span> <span class='ocrx_word' id='word_1_159' title='bbox 3267 786 3351 856; x_wconf 81' lang='grc' dir='ltr'>εἴη</span> <span class='ocrx_word' id='word_1_160' title='bbox 3403 778 3554 849; x_wconf 73' lang='grc' dir='ltr'>οὗτος</span> <span class='ocrx_word' id='word_1_161' title='bbox 3592 788 3618 858; x_wconf 80' lang='grc' dir='ltr'><strong>ἢ</strong></span> 
     </span>
    </p>
   </div>
   <div class='ocr_carea' id='block_1_23' title="bbox 2069 875 3616 948">
    <p class='ocr_par' dir='ltr' id='par_1_23' title="bbox 2069 875 3616 948">
     <span class='ocr_line' id='line_1_23' title="bbox 2069 875 3616 948; baseline 0.001 -21"><span class='ocrx_word' id='word_1_162' title='bbox 2069 875 2273 940; x_wconf 86' lang='grc' dir='ltr'>ἐκεῖνος</span> <span class='ocrx_word' id='word_1_163' title='bbox 2314 876 2434 929; x_wconf 84' lang='grc' dir='ltr'>καθ’</span> <span class='ocrx_word' id='word_1_164' title='bbox 2459 877 2516 930; x_wconf 83' lang='grc' dir='ltr'>ὃν</span> <span class='ocrx_word' id='word_1_165' title='bbox 2560 876 2966 948; x_wconf 79' lang='grc' dir='ltr'>ἐπιλάμψαντος</span> <span class='ocrx_word' id='word_1_166' title='bbox 2995 875 3087 928; x_wconf 85' lang='grc' dir='ltr'>τοῦ</span> <span class='ocrx_word' id='word_1_167' title='bbox 3130 876 3424 947; x_wconf 84' lang='grc' dir='ltr'>Σωτηρίου,</span> <span class='ocrx_word' id='word_1_168' title='bbox 3458 875 3616 928; x_wconf 80' lang='grc' dir='ltr'>οὐκέτι</span> 
     </span>
    </p>
   </div>
   <div class='ocr_carea' id='block_1_24' title="bbox 2068 967 3616 1040">
    <p class='ocr_par' dir='ltr' id='par_1_24' title="bbox 2068 967 3616 1040">
     <span class='ocr_line' id='line_1_24' title="bbox 2068 967 3616 1040; baseline -0.001 -20"><span class='ocrx_word' id='word_1_169' title='bbox 2068 971 2180 1031; x_wconf 89' lang='grc' dir='ltr'>τοῖς</span> <span class='ocrx_word' id='word_1_170' title='bbox 2205 969 2357 1038; x_wconf 81' lang='grc' dir='ltr'>ἐμοῖς</span> <span class='ocrx_word' id='word_1_171' title='bbox 2402 967 2682 1040; x_wconf 87' lang='grc' dir='ltr'>θρέμμασι</span> <span class='ocrx_word' id='word_1_172' title='bbox 2722 968 2883 1038; x_wconf 89' lang='grc' dir='ltr'>φόϐος</span> <span class='ocrx_word' id='word_1_173' title='bbox 2924 969 3296 1038; x_wconf 74' lang='grc' dir='ltr'>ἐπιστήσεταιο</span> <span class='ocrx_word' id='word_1_174' title='bbox 3342 968 3534 1029; x_wconf 77' lang='grc' dir='ltr'>αὐτοὺς</span> <span class='ocrx_word' id='word_1_175' title='bbox 3573 968 3616 1019; x_wconf 77' lang='grc' dir='ltr'>δὲ</span> 
     </span>
    </p>
   </div>
   <div class='ocr_carea' id='block_1_25' title="bbox 2065 1059 3618 1131">
    <p class='ocr_par' dir='ltr' id='par_1_25' title="bbox 2065 1059 3618 1131">
     <span class='ocr_line' id='line_1_25' title="bbox 2065 1059 3618 1131; baseline 0.001 -22"><span class='ocrx_word' id='word_1_176' title='bbox 2065 1059 2190 1122; x_wconf 85' lang='grc' dir='ltr'>τοὺς</span> <span class='ocrx_word' id='word_1_177' title='bbox 2217 1059 2423 1122; x_wconf 82' lang='grc' dir='ltr'>δεινοὺς</span> <span class='ocrx_word' id='word_1_178' title='bbox 2457 1060 2628 1131; x_wconf 83' lang='grc' dir='ltr'>θῆρας</span> <span class='ocrx_word' id='word_1_179' title='bbox 2677 1061 2774 1114; x_wconf 76' lang='grc' dir='ltr'><strong>καὶ</strong></span> <span class='ocrx_word' id='word_1_180' title='bbox 2807 1061 2930 1124; x_wconf 80' lang='grc' dir='ltr'>τοὺς</span> <span class='ocrx_word' id='word_1_181' title='bbox 2978 1060 3202 1129; x_wconf 79' lang='grc' dir='ltr'>ἀφανεῖς</span> <span class='ocrx_word' id='word_1_182' title='bbox 3242 1059 3337 1112; x_wconf 62' lang='grc' dir='ltr'><strong>καὶ⁵</strong></span> <span class='ocrx_word' id='word_1_183' title='bbox 3380 1059 3618 1130; x_wconf 87' lang='grc' dir='ltr'>ἀοράτους</span> 
     </span>
    </p>
   </div>
   <div class='ocr_carea' id='block_1_26' title="bbox 2063 1141 3616 1219">
    <p class='ocr_par' dir='ltr' id='par_1_26' title="bbox 2063 1141 3616 1219">
     <span class='ocr_line' id='line_1_26' title="bbox 2063 1141 3616 1219; baseline 0.001 -20"><span class='ocrx_word' id='word_1_184' title='bbox 2063 1146 2321 1217; x_wconf 88' lang='grc' dir='ltr'>δαίμονας</span> <span class='ocrx_word' id='word_1_185' title='bbox 2355 1148 2516 1216; x_wconf 89' lang='grc' dir='ltr'>φόϐος</span> <span class='ocrx_word' id='word_1_186' title='bbox 2547 1149 2770 1219; x_wconf 85' lang='grc' dir='ltr'>λήψεται</span> <span class='ocrx_word' id='word_1_187' title='bbox 2821 1149 2936 1201; x_wconf 86' lang='grc' dir='ltr'>ἐκεῖ</span> <span class='ocrx_word' id='word_1_188' title='bbox 2993 1141 3053 1201; x_wconf 73' lang='grc' dir='ltr'>οὗ</span> <span class='ocrx_word' id='word_1_189' title='bbox 3105 1149 3203 1200; x_wconf 81' lang='grc' dir='ltr'><strong>οὐκ</strong></span> <span class='ocrx_word' id='word_1_190' title='bbox 3246 1147 3396 1201; x_wconf 75' lang='grc' dir='ltr'>ἔσται</span> <span class='ocrx_word' id='word_1_191' title='bbox 3440 1148 3616 1215; x_wconf 83' lang='grc' dir='ltr'>φόϐος;</span> 
     </span>
    </p>
   </div>
   <div class='ocr_carea' id='block_1_27' title="bbox 2065 1235 3618 1309">
    <p class='ocr_par' dir='ltr' id='par_1_27' title="bbox 2065 1235 3618 1309">
     <span class='ocr_line' id='line_1_27' title="bbox 2065 1235 3618 1309; baseline 0 -21"><span class='ocrx_word' id='word_1_192' title='bbox 2065 1237 2197 1289; x_wconf 87' lang='grc' dir='ltr'>Τότε</span> <span class='ocrx_word' id='word_1_193' title='bbox 2222 1236 2330 1309; x_wconf 82' lang='grc' dir='ltr'><strong>γὰρ</strong></span> <span class='ocrx_word' id='word_1_194' title='bbox 2359 1241 2470 1300; x_wconf 85' lang='grc' dir='ltr'>τοῖς</span> <span class='ocrx_word' id='word_1_195' title='bbox 2503 1239 2601 1308; x_wconf 86' lang='grc' dir='ltr'>μὲν</span> <span class='ocrx_word' id='word_1_196' title='bbox 2621 1237 2727 1291; x_wconf 87' lang='grc' dir='ltr'><strong>τῶν</strong></span> <span class='ocrx_word' id='word_1_197' title='bbox 2779 1237 2995 1306; x_wconf 81' lang='grc' dir='ltr'>ἀγαθῶν</span> <span class='ocrx_word' id='word_1_198' title='bbox 3026 1235 3197 1300; x_wconf 82' lang='grc' dir='ltr'>ἀξίοις</span> <span class='ocrx_word' id='word_1_199' title='bbox 3222 1237 3321 1288; x_wconf 77' lang='grc' dir='ltr'><strong>οὐκ</strong></span> <span class='ocrx_word' id='word_1_200' title='bbox 3361 1237 3509 1288; x_wconf 74' lang='grc' dir='ltr'>ἔσται</span> <span class='ocrx_word' id='word_1_201' title='bbox 3542 1237 3618 1306; x_wconf 80' lang='grc' dir='ltr'>φό-</span> 
     </span>
    </p>
   </div>
   <div class='ocr_carea' id='block_1_28' title="bbox 2062 1325 3616 1399">
    <p class='ocr_par' dir='ltr' id='par_1_28' title="bbox 2062 1325 3616 1399">
     <span class='ocr_line' id='line_1_28' title="bbox 2062 1325 3616 1399; baseline 0.001 -20"><span class='ocrx_word' id='word_1_202' title='bbox 2062 1327 2175 1392; x_wconf 88' lang='grc' dir='ltr'>ϐος,</span> <span class='ocrx_word' id='word_1_203' title='bbox 2201 1331 2311 1391; x_wconf 88' lang='grc' dir='ltr'>τοῖς</span> <span class='ocrx_word' id='word_1_204' title='bbox 2340 1328 2396 1382; x_wconf 85' lang='grc' dir='ltr'>δὲ</span> <span class='ocrx_word' id='word_1_205' title='bbox 2427 1328 2520 1381; x_wconf 84' lang='grc' dir='ltr'>νῦν</span> <span class='ocrx_word' id='word_1_206' title='bbox 2541 1325 2922 1399; x_wconf 75' lang='grc' dir='ltr'>ἐπαιρομένοις</span> <span class='ocrx_word' id='word_1_207' title='bbox 2944 1328 3084 1381; x_wconf 85' lang='grc' dir='ltr'>κατὰ</span> <span class='ocrx_word' id='word_1_208' title='bbox 3117 1327 3208 1382; x_wconf 82' lang='grc' dir='ltr'>τοῦ</span> <span class='ocrx_word' id='word_1_209' title='bbox 3230 1326 3359 1381; x_wconf 79' lang='grc' dir='ltr'>λαοῦ</span> <span class='ocrx_word' id='word_1_210' title='bbox 3395 1345 3495 1397; x_wconf 88' lang='grc' dir='ltr'><strong>μου</strong></span> <span class='ocrx_word' id='word_1_211' title='bbox 3521 1330 3616 1380; x_wconf 77' lang='grc' dir='ltr'>ἐπι-</span> 
     </span>
    </p>
   </div>
   <div class='ocr_carea' id='block_1_29' title="bbox 2060 1418 3615 1491">
    <p class='ocr_par' dir='ltr' id='par_1_29' title="bbox 2060 1418 3615 1491">
     <span class='ocr_line' id='line_1_29' title="bbox 2060 1418 3615 1491; baseline 0 -19"><span class='ocrx_word' id='word_1_212' title='bbox 2060 1422 2306 1473; x_wconf 86' lang='grc' dir='ltr'>πεσεῖται</span> <span class='ocrx_word' id='word_1_213' title='bbox 2345 1421 2506 1490; x_wconf 84' lang='grc' dir='ltr'>φόϐος</span> <span class='ocrx_word' id='word_1_214' title='bbox 2545 1423 2572 1473; x_wconf 93' lang='lat'><strong>6</strong></span> <span class='ocrx_word' id='word_1_215' title='bbox 2600 1421 2700 1491; x_wconf 83' lang='grc' dir='ltr'>τῆς</span> <span class='ocrx_word' id='word_1_216' title='bbox 2737 1420 3198 1490; x_wconf 88' lang='grc' dir='ltr'>μετελευσομένης</span> <span class='ocrx_word' id='word_1_217' title='bbox 3231 1419 3426 1483; x_wconf 80' lang='grc' dir='ltr'>αὐτοὺς</span> <span class='ocrx_word' id='word_1_218' title='bbox 3445 1418 3615 1490; x_wconf 82' lang='grc' dir='ltr'>ὀργῆς,</span> 
     </span>
    </p>
   </div>
   <div class='ocr_carea' id='block_1_30' title="bbox 2061 1512 3614 1583">
    <p class='ocr_par' dir='ltr' id='par_1_30' title="bbox 2061 1512 3614 1583">
     <span class='ocr_line' id='line_1_30' title="bbox 2061 1512 3614 1583; baseline 0.001 -19"><span class='ocrx_word' id='word_1_219' title='bbox 2061 1514 2182 1583; x_wconf 76' lang='grc' dir='ltr'>ἥτις</span> <span class='ocrx_word' id='word_1_220' title='bbox 2248 1513 2518 1566; x_wconf 78' lang='grc' dir='ltr'>ἐπιστᾶσα</span> <span class='ocrx_word' id='word_1_221' title='bbox 2593 1513 3014 1582; x_wconf 75' lang='grc' dir='ltr'>ϐιασκορπίσει</span> <span class='ocrx_word' id='word_1_222' title='bbox 3091 1512 3243 1566; x_wconf 83' lang='grc' dir='ltr'>ὀστᾶ</span> <span class='ocrx_word' id='word_1_223' title='bbox 3301 1513 3614 1580; x_wconf 37' lang='grc' dir='ltr'>’ἀνθρωπα-</span> 
     </span>
    </p>
   </div>
   <div class='ocr_carea' id='block_1_31' title="bbox 388 1599 1944 1681">
    <p class='ocr_par' dir='ltr' id='par_1_31' title="bbox 388 1604 1944 1681">
     <span class='ocr_line' id='line_1_31' title="bbox 388 1604 1944 1681; baseline -0.008 -11"><span class='ocrx_word' id='word_1_224' title='bbox 388 1623 518 1680; x_wconf 86' lang='lat' dir='ltr'><strong>tem,</strong></span> <span class='ocrx_word' id='word_1_225' title='bbox 550 1615 813 1681; x_wconf 78' lang='lat' dir='ltr'><strong>Quoniam</strong></span> <span class='ocrx_word' id='word_1_226' title='bbox 845 1612 979 1666; x_wconf 94' lang='lat' dir='ltr'><strong>Deus</strong></span> <span class='ocrx_word' id='word_1_227' title='bbox 1008 1610 1286 1678; x_wconf 78' lang='lat' dir='ltr'><strong>dissipavit</strong></span> <span class='ocrx_word' id='word_1_228' title='bbox 1337 1624 1458 1662; x_wconf 81' lang='lat' dir='ltr'><strong>ossa</strong></span> <span class='ocrx_word' id='word_1_229' title='bbox 1496 1623 1698 1669; x_wconf 85' lang='lat' dir='ltr'><strong>eorum,</strong></span> <span class='ocrx_word' id='word_1_230' title='bbox 1738 1606 1826 1677; x_wconf 86' lang='lat' dir='ltr'><strong>qui</strong></span> <span class='ocrx_word' id='word_1_231' title='bbox 1866 1604 1944 1657; x_wconf 87' lang='grc' dir='ltr'>Ιιο-</span> 
     </span>
    </p>
   </div>
   <div class='ocr_carea' id='block_1_32' title="bbox 2046 1599 3613 1681">
    <p class='ocr_par' dir='ltr' id='par_1_32' title="bbox 2055 1599 3613 1677">
     <span class='ocr_line' id='line_1_32' title="bbox 2055 1599 3613 1677; baseline 0 -21"><span class='ocrx_word' id='word_1_232' title='bbox 2055 1602 2314 1671; x_wconf 80' lang='grc' dir='ltr'>ρέσκων’</span> <span class='ocrx_word' id='word_1_233' title='bbox 2373 1605 2432 1657; x_wconf 84' lang='grc' dir='ltr'><strong>ἐν</strong></span> <span class='ocrx_word' id='word_1_234' title='bbox 2519 1603 2611 1657; x_wconf 75' lang='grc' dir='ltr'>καὶ</span> <span class='ocrx_word' id='word_1_235' title='bbox 2643 1603 3218 1675; x_wconf 88' lang='grc' dir='ltr'>καταισχυνθήσονται,</span> <span class='ocrx_word' id='word_1_236' title='bbox 3269 1602 3458 1674; x_wconf 83' lang='grc' dir='ltr'>ἐπειδὴ</span> <span class='ocrx_word' id='word_1_237' title='bbox 3512 1603 3613 1656; x_wconf 86' lang='grc' dir='ltr'>τότε</span> 
     </span>
    </p>
   </div>
   <div class='ocr_carea' id='block_1_33' title="bbox 387 1671 1944 1774">
    <p class='ocr_par' dir='ltr' id='par_1_33' title="bbox 387 1671 1944 1774">
     <span class='ocr_line' id='line_1_33' title="bbox 387 1671 1944 1774; baseline -0.007 -14"><span class='ocrx_word' id='word_1_238' title='bbox 387 1671 617 1762; x_wconf 60' lang='lat' dir='ltr'><strong>minibus</strong></span> <span class='ocrx_word' id='word_1_239' title='bbox 649 1706 875 1774; x_wconf 86' lang='lat' dir='ltr'><strong>placent,</strong></span> <span class='ocrx_word' id='word_1_240' title='bbox 914 1700 1274 1772; x_wconf 84' lang='lat' dir='ltr'><strong>Symmachus</strong></span> <span class='ocrx_word' id='word_1_241' title='bbox 1309 1699 1382 1752; x_wconf 90' lang='lat' dir='ltr'><strong>ita</strong></span> <span class='ocrx_word' id='word_1_242' title='bbox 1422 1700 1808 1766; x_wconf 80' lang='lat' dir='ltr'><strong>interpretatus</strong></span> <span class='ocrx_word' id='word_1_243' title='bbox 1833 1703 1944 1750; x_wconf 92' lang='lat' dir='ltr'><strong>est:</strong></span> 
     </span>
    </p>
   </div>
   <div class='ocr_carea' id='block_1_34' title="bbox 2046 1671 3615 1774">
    <p class='ocr_par' dir='ltr' id='par_1_34' title="bbox 2061 1671 3615 1766">
     <span class='ocr_line' id='line_1_34' title="bbox 2061 1671 3615 1766; baseline -0.002 -19"><span class='ocrx_word' id='word_1_244' title='bbox 2061 1695 2260 1758; x_wconf 84' lang='grc' dir='ltr'>αὐτοὺς</span> <span class='ocrx_word' id='word_1_245' title='bbox 2290 1696 2318 1747; x_wconf 91' lang='lat'><strong>6</strong></span> <span class='ocrx_word' id='word_1_246' title='bbox 2357 1671 2736 1748; x_wconf 39' lang='grc' dir='ltr'>τῶν-ἀπάντων</span> <span class='ocrx_word' id='word_1_247' title='bbox 2782 1671 3126 1761; x_wconf 27' lang='grc' dir='ltr'>ἐξονυδενῶσει</span> <span class='ocrx_word' id='word_1_248' title='bbox 3155 1694 3368 1766; x_wconf 86' lang='grc' dir='ltr'>κριτής.</span> <span class='ocrx_word' id='word_1_249' title='bbox 3409 1671 3547 1747; x_wconf 66' lang='grc' dir='ltr'>Ἀντί</span> <span class='ocrx_word' id='word_1_250' title='bbox 3568 1693 3615 1744; x_wconf 84' lang='grc' dir='ltr'><strong>δέ</strong></span> 
     </span>
    </p>
   </div>
   <div class='ocr_carea' id='block_1_35' title="bbox 389 1786 1955 1858">
    <p class='ocr_par' dir='ltr' id='par_1_35' title="bbox 389 1786 1955 1858">
     <span class='ocr_line' id='line_1_35' title="bbox 389 1786 1955 1858; baseline -0.008 -11"><span class='ocrx_word' id='word_1_251' title='bbox 389 1793 534 1847; x_wconf 85' lang='lat' dir='ltr'><strong>Nam</strong></span> <span class='ocrx_word' id='word_1_252' title='bbox 569 1794 706 1846; x_wconf 91' lang='lat' dir='ltr'><strong>Deus</strong></span> <span class='ocrx_word' id='word_1_253' title='bbox 732 1791 1013 1858; x_wconf 82' lang='lat' dir='ltr'><strong>dissipabit</strong></span> <span class='ocrx_word' id='word_1_254' title='bbox 1043 1805 1164 1843; x_wconf 88' lang='lat' dir='ltr'><strong>ossa</strong></span> <span class='ocrx_word' id='word_1_255' title='bbox 1210 1803 1390 1841; x_wconf 85' lang='lat' dir='ltr'><strong>eorum</strong></span> <span class='ocrx_word' id='word_1_256' title='bbox 1437 1786 1526 1856; x_wconf 87' lang='lat' dir='ltr'><strong>qui</strong></span> <span class='ocrx_word' id='word_1_257' title='bbox 1565 1793 1955 1839; x_wconf 81' lang='lat' dir='ltr'><strong>castrametan-</strong></span> 
     </span>
    </p>
   </div>
   <div class='ocr_carea' id='block_1_36' title="bbox 385 1874 1948 1952">
    <p class='ocr_par' dir='ltr' id='par_1_36' title="bbox 385 1874 1948 1952">
     <span class='ocr_line' id='line_1_36' title="bbox 385 1874 1948 1952; baseline -0.006 -14"><span class='ocrx_word' id='word_1_258' title='bbox 385 1894 472 1938; x_wconf 84' lang='lat' dir='ltr'><strong>tur</strong></span> <span class='ocrx_word' id='word_1_259' title='bbox 502 1887 645 1938; x_wconf 86' lang='lat' dir='ltr'><strong>circa</strong></span> <span class='ocrx_word' id='word_1_260' title='bbox 674 1894 721 1938; x_wconf 89' lang='lat' dir='ltr'><strong>te</strong></span> <span class='ocrx_word' id='word_1_261' title='bbox 747 1901 764 1938; x_wconf 91' lang='lat'><strong><em>:</em></strong></span> <span class='ocrx_word' id='word_1_262' title='bbox 787 1874 1130 1952; x_wconf 77' lang='lat' dir='ltr'><strong>confunderis</strong></span> <span class='ocrx_word' id='word_1_263' title='bbox 1160 1880 1283 1949; x_wconf 86' lang='lat' dir='ltr'><strong>quia</strong></span> <span class='ocrx_word' id='word_1_264' title='bbox 1320 1877 1460 1931; x_wconf 86' lang='lat' dir='ltr'><strong>Deus</strong></span> <span class='ocrx_word' id='word_1_265' title='bbox 1511 1876 1804 1944; x_wconf 87' lang='lat' dir='ltr'><strong>reprobavit</strong></span> <span class='ocrx_word' id='word_1_266' title='bbox 1842 1891 1948 1929; x_wconf 88' lang='lat' dir='ltr'><strong>eos.</strong></span> 
     </span>
    </p>
   </div>
   <div class='ocr_carea' id='block_1_37' title="bbox 380 1967 1948 2046">
    <p class='ocr_par' dir='ltr' id='par_1_37' title="bbox 380 1967 1948 2046">
     <span class='ocr_line' id='line_1_37' title="bbox 380 1967 1948 2046; baseline -0.005 -18"><span class='ocrx_word' id='word_1_267' title='bbox 380 1975 576 2046; x_wconf 83' lang='lat' dir='ltr'><strong>Aquila</strong></span> <span class='ocrx_word' id='word_1_268' title='bbox 629 1983 807 2034; x_wconf 86' lang='lat' dir='ltr'><strong>autem</strong></span> <span class='ocrx_word' id='word_1_269' title='bbox 884 1973 1062 2028; x_wconf 86' lang='lat' dir='ltr'><strong>cidem</strong></span> <span class='ocrx_word' id='word_1_270' title='bbox 1149 1969 1436 2026; x_wconf 60' lang='lat' dir='ltr'><strong>sententias</strong></span> <span class='ocrx_word' id='word_1_271' title='bbox 1481 1969 1650 2023; x_wconf 80' lang='lat' dir='ltr'><strong>haeret</strong></span> <span class='ocrx_word' id='word_1_272' title='bbox 1714 1967 1948 2022; x_wconf 87' lang='lat' dir='ltr'><strong>dicens:</strong></span> 
     </span>
    </p>
   </div>
   <div class='ocr_carea' id='block_1_38' title="bbox 382 2062 1954 2132">
    <p class='ocr_par' dir='ltr' id='par_1_38' title="bbox 382 2062 1954 2132">
     <span class='ocr_line' id='line_1_38' title="bbox 382 2062 1954 2132; baseline -0.004 -13"><span class='ocrx_word' id='word_1_273' title='bbox 382 2065 648 2132; x_wconf 72' lang='lat' dir='ltr'><strong>Quoniam</strong></span> <span class='ocrx_word' id='word_1_274' title='bbox 696 2064 836 2118; x_wconf 86' lang='lat' dir='ltr'><strong>Deus</strong></span> <span class='ocrx_word' id='word_1_275' title='bbox 887 2063 1162 2131; x_wconf 83' lang='lat' dir='ltr'><strong>dissipavit</strong></span> <span class='ocrx_word' id='word_1_276' title='bbox 1214 2077 1337 2117; x_wconf 85' lang='lat' dir='ltr'><strong>ossa</strong></span> <span class='ocrx_word' id='word_1_277' title='bbox 1382 2077 1562 2114; x_wconf 83' lang='lat' dir='ltr'><strong>eorum</strong></span> <span class='ocrx_word' id='word_1_278' title='bbox 1602 2062 1691 2129; x_wconf 85' lang='lat' dir='ltr'><strong>qui</strong></span> <span class='ocrx_word' id='word_1_279' title='bbox 1747 2069 1954 2114; x_wconf 83' lang='lat' dir='ltr'><strong>castra-</strong></span> 
     </span>
    </p>
   </div>
   <div class='ocr_carea' id='block_1_39' title="bbox 380 2152 1953 2223">
    <p class='ocr_par' dir='ltr' id='par_1_39' title="bbox 380 2152 1953 2223">
     <span class='ocr_line' id='line_1_39' title="bbox 380 2152 1953 2223; baseline -0.003 -12"><span class='ocrx_word' id='word_1_280' title='bbox 380 2159 565 2211; x_wconf 87' lang='lat' dir='ltr'><strong>ntetati</strong></span> <span class='ocrx_word' id='word_1_281' title='bbox 585 2166 706 2211; x_wconf 90' lang='lat' dir='ltr'><strong>sunt</strong></span> <span class='ocrx_word' id='word_1_282' title='bbox 729 2158 871 2209; x_wconf 86' lang='lat' dir='ltr'><strong>circa</strong></span> <span class='ocrx_word' id='word_1_283' title='bbox 895 2165 943 2208; x_wconf 91' lang='lat' dir='ltr'><strong>te</strong></span> <span class='ocrx_word' id='word_1_284' title='bbox 966 2172 982 2208; x_wconf 92' lang='lat'><strong><em>:</em></strong></span> <span class='ocrx_word' id='word_1_285' title='bbox 1006 2156 1254 2223; x_wconf 79' lang='lat' dir='ltr'><strong>confusus</strong></span> <span class='ocrx_word' id='word_1_286' title='bbox 1275 2169 1352 2218; x_wconf 87' lang='lat' dir='ltr'><strong>es,</strong></span> <span class='ocrx_word' id='word_1_287' title='bbox 1374 2154 1622 2223; x_wconf 87' lang='lat' dir='ltr'><strong>quoniam</strong></span> <span class='ocrx_word' id='word_1_288' title='bbox 1640 2152 1776 2207; x_wconf 85' lang='lat' dir='ltr'><strong>Deus</strong></span> <span class='ocrx_word' id='word_1_289' title='bbox 1809 2153 1953 2220; x_wconf 80' lang='lat' dir='ltr'><strong>obje-</strong></span> 
     </span>
    </p>
   </div>
   <div class='ocr_carea' id='block_1_40' title="bbox 380 2242 1951 2315">
    <p class='ocr_par' dir='ltr' id='par_1_40' title="bbox 380 2242 1951 2315">
     <span class='ocr_line' id='line_1_40' title="bbox 380 2242 1951 2315; baseline -0.003 -14"><span class='ocrx_word' id='word_1_290' title='bbox 380 2249 452 2302; x_wconf 84' lang='lat' dir='ltr'><strong>cit</strong></span> <span class='ocrx_word' id='word_1_291' title='bbox 484 2265 594 2303; x_wconf 88' lang='lat' dir='ltr'><strong>eos.</strong></span> <span class='ocrx_word' id='word_1_292' title='bbox 621 2247 903 2301; x_wconf 89' lang='lat' dir='ltr'><strong>Sermonis</strong></span> <span class='ocrx_word' id='word_1_293' title='bbox 929 2254 1108 2300; x_wconf 87' lang='lat' dir='ltr'><strong>autem</strong></span> <span class='ocrx_word' id='word_1_294' title='bbox 1153 2245 1425 2300; x_wconf 87' lang='lat' dir='ltr'><strong>sententia</strong></span> <span class='ocrx_word' id='word_1_295' title='bbox 1466 2242 1728 2307; x_wconf 89' lang='lat' dir='ltr'><strong>declarat,</strong></span> <span class='ocrx_word' id='word_1_296' title='bbox 1754 2243 1951 2315; x_wconf 68' lang='lat' dir='ltr'><strong>prazdi-</strong></span> 
     </span>
    </p>
   </div>
   <div class='ocr_carea' id='block_1_41' title="bbox 381 2326 1948 2403">
    <p class='ocr_par' dir='ltr' id='par_1_41' title="bbox 381 2326 1948 2403">
     <span class='ocr_line' id='line_1_41' title="bbox 381 2326 1948 2403; baseline -0.001 -15"><span class='ocrx_word' id='word_1_297' title='bbox 381 2342 594 2388; x_wconf 86' lang='lat' dir='ltr'><strong>ctornm</strong></span> <span class='ocrx_word' id='word_1_298' title='bbox 629 2334 811 2403; x_wconf 88' lang='lat' dir='ltr'><strong>populi</strong></span> <span class='ocrx_word' id='word_1_299' title='bbox 861 2332 1267 2400; x_wconf 88' lang='lat' dir='ltr'><strong>insidiatorum,</strong></span> <span class='ocrx_word' id='word_1_300' title='bbox 1290 2333 1547 2388; x_wconf 88' lang='lat' dir='ltr'><strong>videlicet</strong></span> <span class='ocrx_word' id='word_1_301' title='bbox 1595 2326 1948 2387; x_wconf 89' lang='lat' dir='ltr'><strong>invisibilium</strong></span> 
     </span>
    </p>
   </div>
   <div class='ocr_carea' id='block_1_42' title="bbox 377 2422 1951 2489">
    <p class='ocr_par' dir='ltr' id='par_1_42' title="bbox 377 2422 1951 2489">
     <span class='ocr_line' id='line_1_42' title="bbox 377 2422 1951 2489; baseline -0.001 -10"><span class='ocrx_word' id='word_1_302' title='bbox 377 2425 726 2480; x_wconf 90' lang='lat' dir='ltr'><strong>inimicorum</strong></span> <span class='ocrx_word' id='word_1_303' title='bbox 779 2435 834 2479; x_wconf 92' lang='lat' dir='ltr'><strong>et</strong></span> <span class='ocrx_word' id='word_1_304' title='bbox 881 2425 1222 2480; x_wconf 90' lang='lat' dir='ltr'><strong>occultorum</strong></span> <span class='ocrx_word' id='word_1_305' title='bbox 1275 2425 1537 2489; x_wconf 88' lang='lat' dir='ltr'><strong>hostium,</strong></span> <span class='ocrx_word' id='word_1_306' title='bbox 1579 2424 1810 2479; x_wconf 84' lang='lat' dir='ltr'><strong>virtutes</strong></span> <span class='ocrx_word' id='word_1_307' title='bbox 1855 2422 1951 2478; x_wconf 92' lang='lat' dir='ltr'><strong>de-</strong></span> 
     </span>
    </p>
   </div>
   <div class='ocr_carea' id='block_1_43' title="bbox 377 2514 1950 2584">
    <p class='ocr_par' dir='ltr' id='par_1_43' title="bbox 377 2514 1950 2584">
     <span class='ocr_line' id='line_1_43' title="bbox 377 2514 1950 2584; baseline -0.002 -14"><span class='ocrx_word' id='word_1_308' title='bbox 377 2515 570 2572; x_wconf 82' lang='lat' dir='ltr'><strong>lendas</strong></span> <span class='ocrx_word' id='word_1_309' title='bbox 593 2532 736 2572; x_wconf 88' lang='lat' dir='ltr'><strong>esse.</strong></span> <span class='ocrx_word' id='word_1_310' title='bbox 769 2515 904 2570; x_wconf 89' lang='lat' dir='ltr'><strong>Nam</strong></span> <span class='ocrx_word' id='word_1_311' title='bbox 942 2531 1069 2572; x_wconf 86' lang='lat' dir='ltr'><strong>ossa</strong></span> <span class='ocrx_word' id='word_1_312' title='bbox 1099 2516 1445 2570; x_wconf 88' lang='lat' dir='ltr'><strong>inimicorum</strong></span> <span class='ocrx_word' id='word_1_313' title='bbox 1485 2515 1771 2584; x_wconf 86' lang='lat' dir='ltr'><strong>dissipata,</strong></span> <span class='ocrx_word' id='word_1_314' title='bbox 1794 2514 1950 2567; x_wconf 84' lang='lat' dir='ltr'><strong>mali-</strong></span> 
     </span>
    </p>
   </div>
   <div class='ocr_carea' id='block_1_44' title="bbox 373 2607 1950 2677">
    <p class='ocr_par' dir='ltr' id='par_1_44' title="bbox 373 2607 1950 2677">
     <span class='ocr_line' id='line_1_44' title="bbox 373 2607 1950 2677; baseline 0 -16"><span class='ocrx_word' id='word_1_315' title='bbox 373 2607 464 2663; x_wconf 61' lang='lat' dir='ltr'><strong>tiae</strong></span> <span class='ocrx_word' id='word_1_316' title='bbox 507 2623 697 2662; x_wconf 91' lang='lat' dir='ltr'><strong>eorum</strong></span> <span class='ocrx_word' id='word_1_317' title='bbox 741 2609 972 2663; x_wconf 85' lang='lat' dir='ltr'><strong>virtutes</strong></span> <span class='ocrx_word' id='word_1_318' title='bbox 1009 2607 1242 2671; x_wconf 79' lang='lat' dir='ltr'><strong>fuerint,</strong></span> <span class='ocrx_word' id='word_1_319' title='bbox 1295 2622 1432 2677; x_wconf 88' lang='lat' dir='ltr'><strong>quas</strong></span> <span class='ocrx_word' id='word_1_320' title='bbox 1468 2613 1657 2660; x_wconf 91' lang='lat' dir='ltr'><strong>notato</strong></span> <span class='ocrx_word' id='word_1_321' title='bbox 1706 2612 1950 2674; x_wconf 87' lang='lat' dir='ltr'><strong>tempore</strong></span> 
     </span>
    </p>
   </div>
   <div class='ocr_carea' id='block_1_45' title="bbox 373 2696 1946 2770">
    <p class='ocr_par' dir='ltr' id='par_1_45' title="bbox 373 2696 1946 2770">
     <span class='ocr_line' id='line_1_45' title="bbox 373 2696 1946 2770; baseline -0.002 -17"><span class='ocrx_word' id='word_1_322' title='bbox 373 2698 541 2754; x_wconf 90' lang='lat' dir='ltr'><strong>Deum</strong></span> <span class='ocrx_word' id='word_1_323' title='bbox 573 2699 962 2770; x_wconf 87' lang='lat' dir='ltr'><strong>dissipaturnm</strong></span> <span class='ocrx_word' id='word_1_324' title='bbox 1000 2699 1385 2754; x_wconf 81' lang='lat' dir='ltr'><strong>comminatur.</strong></span> <span class='ocrx_word' id='word_1_325' title='bbox 1411 2696 1565 2751; x_wconf 86' lang='lat' dir='ltr'><strong>Tunc</strong></span> <span class='ocrx_word' id='word_1_326' title='bbox 1591 2711 1757 2766; x_wconf 88' lang='lat' dir='ltr'><strong>porro</strong></span> <span class='ocrx_word' id='word_1_327' title='bbox 1783 2696 1946 2750; x_wconf 88' lang='lat' dir='ltr'><strong>etiam</strong></span> 
     </span>
    </p>
   </div>
   <div class='ocr_carea' id='block_1_46' title="bbox 372 2789 1946 2860">
    <p class='ocr_par' dir='ltr' id='par_1_46' title="bbox 372 2789 1946 2860">
     <span class='ocr_line' id='line_1_46' title="bbox 372 2789 1946 2860; baseline 0 -16"><span class='ocrx_word' id='word_1_328' title='bbox 372 2789 797 2852; x_wconf 80' lang='lat' dir='ltr'><strong>confundentur,</strong></span> <span class='ocrx_word' id='word_1_329' title='bbox 827 2806 952 2844; x_wconf 91' lang='lat' dir='ltr'><strong>cum</strong></span> <span class='ocrx_word' id='word_1_330' title='bbox 995 2789 1138 2846; x_wconf 89' lang='lat' dir='ltr'><strong>Deus</strong></span> <span class='ocrx_word' id='word_1_331' title='bbox 1179 2806 1275 2845; x_wconf 89' lang='lat' dir='ltr'><strong>eos</strong></span> <span class='ocrx_word' id='word_1_332' title='bbox 1335 2790 1733 2860; x_wconf 87' lang='lat' dir='ltr'><strong>reprobaverit,</strong></span> <span class='ocrx_word' id='word_1_333' title='bbox 1758 2805 1823 2843; x_wconf 87' lang='lat' dir='ltr'><strong>ac</strong></span> <span class='ocrx_word' id='word_1_334' title='bbox 1852 2789 1946 2844; x_wconf 32' lang='lat' dir='ltr'><strong>des</strong></span> 
     </span>
    </p>
   </div>
   <div class='ocr_carea' id='block_1_47' title="bbox 371 2879 1945 2952">
    <p class='ocr_par' dir='ltr' id='par_1_47' title="bbox 371 2879 1945 2952">
     <span class='ocr_line' id='line_1_47' title="bbox 371 2879 1945 2952; baseline -0.001 -16"><span class='ocrx_word' id='word_1_335' title='bbox 371 2880 629 2951; x_wconf 86' lang='lat' dir='ltr'><strong>spexerit,</strong></span> <span class='ocrx_word' id='word_1_336' title='bbox 676 2881 811 2936; x_wconf 90' lang='lat' dir='ltr'><strong>nihil</strong></span> <span class='ocrx_word' id='word_1_337' title='bbox 849 2897 945 2936; x_wconf 90' lang='lat' dir='ltr'><strong>eos</strong></span> <span class='ocrx_word' id='word_1_338' title='bbox 981 2897 1106 2937; x_wconf 88' lang='lat' dir='ltr'><strong>esse</strong></span> <span class='ocrx_word' id='word_1_339' title='bbox 1147 2882 1531 2952; x_wconf 86' lang='lat' dir='ltr'><strong>comprobans.</strong></span> <span class='ocrx_word' id='word_1_340' title='bbox 1577 2879 1700 2935; x_wconf 69' lang='lat' dir='ltr'><strong>Haec</strong></span> <span class='ocrx_word' id='word_1_341' title='bbox 1749 2881 1945 2934; x_wconf 88' lang='lat' dir='ltr'><strong>merito</strong></span> 
     </span>
    </p>
   </div>
   <div class='ocr_carea' id='block_1_48' title="bbox 371 2972 1937 3039">
    <p class='ocr_par' dir='ltr' id='par_1_48' title="bbox 371 2972 1937 3039">
     <span class='ocr_line' id='line_1_48' title="bbox 371 2972 1937 3039; baseline 0 -13"><span class='ocrx_word' id='word_1_342' title='bbox 371 2975 757 3030; x_wconf 78' lang='lat' dir='ltr'><strong>interminatus</strong></span> <span class='ocrx_word' id='word_1_343' title='bbox 804 2981 887 3029; x_wconf 78' lang='lat' dir='ltr'><strong>est</strong></span> <span class='ocrx_word' id='word_1_344' title='bbox 934 2974 1215 3028; x_wconf 87' lang='lat' dir='ltr'><strong>hominum</strong></span> <span class='ocrx_word' id='word_1_345' title='bbox 1262 2983 1485 3027; x_wconf 86' lang='lat' dir='ltr'><strong>curator</strong></span> <span class='ocrx_word' id='word_1_346' title='bbox 1528 2972 1623 3028; x_wconf 90' lang='lat' dir='ltr'><strong>Dei</strong></span> <span class='ocrx_word' id='word_1_347' title='bbox 1676 2973 1937 3039; x_wconf 83' lang='lat' dir='ltr'><strong>verbum;</strong></span> 
     </span>
    </p>
   </div>
   <div class='ocr_carea' id='block_1_49' title="bbox 370 3064 1942 3136">
    <p class='ocr_par' dir='ltr' id='par_1_49' title="bbox 370 3064 1942 3136">
     <span class='ocr_line' id='line_1_49' title="bbox 370 3064 1942 3136; baseline 0 -18"><span class='ocrx_word' id='word_1_348' title='bbox 370 3065 629 3134; x_wconf 88' lang='lat' dir='ltr'><strong>quoniam</strong></span> <span class='ocrx_word' id='word_1_349' title='bbox 678 3065 1019 3136; x_wconf 85' lang='lat' dir='ltr'><strong>prospiciens</strong></span> <span class='ocrx_word' id='word_1_350' title='bbox 1065 3065 1131 3119; x_wconf 92' lang='lat' dir='ltr'><strong>de</strong></span> <span class='ocrx_word' id='word_1_351' title='bbox 1171 3065 1311 3119; x_wconf 69' lang='lat' dir='ltr'><strong>caelo</strong></span> <span class='ocrx_word' id='word_1_352' title='bbox 1361 3079 1526 3135; x_wconf 88' lang='lat' dir='ltr'><strong>super</strong></span> <span class='ocrx_word' id='word_1_353' title='bbox 1578 3064 1718 3119; x_wconf 84' lang='lat' dir='ltr'><strong>ﬁlios</strong></span> <span class='ocrx_word' id='word_1_354' title='bbox 1765 3065 1942 3118; x_wconf 86' lang='lat' dir='ltr'><strong>homi-</strong></span> 
     </span>
    </p>
   </div>
   <div class='ocr_carea' id='block_1_50' title="bbox 369 3154 1941 3224">
    <p class='ocr_par' dir='ltr' id='par_1_50' title="bbox 369 3154 1941 3224">
     <span class='ocr_line' id='line_1_50' title="bbox 369 3154 1941 3224; baseline 0.002 -16"><span class='ocrx_word' id='word_1_355' title='bbox 369 3169 521 3217; x_wconf 89' lang='lat' dir='ltr'><strong>num,</strong></span> <span class='ocrx_word' id='word_1_356' title='bbox 547 3170 611 3209; x_wconf 90' lang='lat' dir='ltr'><strong>ac</strong></span> <span class='ocrx_word' id='word_1_357' title='bbox 651 3154 991 3224; x_wconf 74' lang='lat' dir='ltr'><strong>perlustrans</strong></span> <span class='ocrx_word' id='word_1_358' title='bbox 1030 3168 1160 3208; x_wconf 91' lang='lat' dir='ltr'><strong>num</strong></span> <span class='ocrx_word' id='word_1_359' title='bbox 1200 3155 1324 3224; x_wconf 90' lang='lat' dir='ltr'><strong>quis</strong></span> <span class='ocrx_word' id='word_1_360' title='bbox 1365 3163 1509 3210; x_wconf 88' lang='lat' dir='ltr'><strong>esset</strong></span> <span class='ocrx_word' id='word_1_361' title='bbox 1556 3155 1700 3209; x_wconf 88' lang='lat' dir='ltr'><strong>inter</strong></span> <span class='ocrx_word' id='word_1_362' title='bbox 1729 3171 1822 3212; x_wconf 91' lang='lat' dir='ltr'><strong>eos</strong></span> <span class='ocrx_word' id='word_1_363' title='bbox 1858 3156 1941 3211; x_wconf 84' lang='lat' dir='ltr'><strong>in-</strong></span> 
     </span>
    </p>
   </div>
   <div class='ocr_carea' id='block_1_51' title="bbox 369 3244 1938 3316">
    <p class='ocr_par' dir='ltr' id='par_1_51' title="bbox 369 3244 1938 3316">
     <span class='ocr_line' id='line_1_51' title="bbox 369 3244 1938 3316; baseline 0.003 -17"><span class='ocrx_word' id='word_1_364' title='bbox 369 3245 618 3315; x_wconf 81' lang='lat' dir='ltr'><strong>telligens</strong></span> <span class='ocrx_word' id='word_1_365' title='bbox 653 3253 747 3299; x_wconf 86' lang='lat' dir='ltr'><strong>aut</strong></span> <span class='ocrx_word' id='word_1_366' title='bbox 775 3246 1058 3314; x_wconf 90' lang='lat' dir='ltr'><strong>requirens</strong></span> <span class='ocrx_word' id='word_1_367' title='bbox 1092 3244 1285 3310; x_wconf 89' lang='lat' dir='ltr'><strong>Deum,</strong></span> <span class='ocrx_word' id='word_1_368' title='bbox 1325 3247 1532 3301; x_wconf 91' lang='lat' dir='ltr'><strong>nullum</strong></span> <span class='ocrx_word' id='word_1_369' title='bbox 1568 3248 1806 3316; x_wconf 84' lang='lat' dir='ltr'><strong>invenit;</strong></span> <span class='ocrx_word' id='word_1_370' title='bbox 1844 3248 1938 3304; x_wconf 86' lang='lat' dir='ltr'><strong>sed</strong></span> 
     </span>
    </p>
   </div>
   <div class='ocr_carea' id='block_1_52' title="bbox 367 3333 1939 3408">
    <p class='ocr_par' dir='ltr' id='par_1_52' title="bbox 367 3333 1939 3408">
     <span class='ocr_line' id='line_1_52' title="bbox 367 3333 1939 3408; baseline 0.006 -20"><span class='ocrx_word' id='word_1_371' title='bbox 367 3333 726 3404; x_wconf 86' lang='lat' dir='ltr'><strong>deprehendit</strong></span> <span class='ocrx_word' id='word_1_372' title='bbox 757 3351 950 3391; x_wconf 88' lang='lat' dir='ltr'><strong>omnes</strong></span> <span class='ocrx_word' id='word_1_373' title='bbox 994 3336 1213 3393; x_wconf 84' lang='lat' dir='ltr'><strong>insidiis</strong></span> <span class='ocrx_word' id='word_1_374' title='bbox 1251 3338 1597 3408; x_wconf 84' lang='lat' dir='ltr'><strong>inimicorum</strong></span> <span class='ocrx_word' id='word_1_375' title='bbox 1631 3340 1939 3397; x_wconf 88' lang='lat' dir='ltr'><strong>declinasse</strong></span> 
     </span>
    </p>
   </div>
   <div class='ocr_carea' id='block_1_53' title="bbox 366 3411 1937 3489">
    <p class='ocr_par' dir='ltr' id='par_1_53' title="bbox 366 3411 1937 3489">
     <span class='ocr_line' id='line_1_53' title="bbox 366 3411 1937 3489; baseline 0.01 -17"><span class='ocrx_word' id='word_1_376' title='bbox 366 3434 430 3473; x_wconf 88' lang='lat' dir='ltr'><strong>ac</strong></span> <span class='ocrx_word' id='word_1_377' title='bbox 472 3421 692 3476; x_wconf 88' lang='lat' dir='ltr'><strong>inutiles</strong></span> <span class='ocrx_word' id='word_1_378' title='bbox 735 3422 909 3478; x_wconf 81' lang='lat' dir='ltr'><strong>factos</strong></span> <span class='ocrx_word' id='word_1_379' title='bbox 952 3440 1094 3489; x_wconf 90' lang='lat' dir='ltr'><strong>esse,</strong></span> <span class='ocrx_word' id='word_1_380' title='bbox 1126 3421 1197 3478; x_wconf 24' lang='lat' dir='ltr'><strong>’ut</strong></span> <span class='ocrx_word' id='word_1_381' title='bbox 1242 3441 1312 3481; x_wconf 90' lang='lat' dir='ltr'><strong>ne</strong></span> <span class='ocrx_word' id='word_1_382' title='bbox 1341 3411 1442 3482; x_wconf 77' lang='lat' dir='ltr'><strong>vel</strong></span> <span class='ocrx_word' id='word_1_383' title='bbox 1493 3443 1636 3484; x_wconf 87' lang='lat' dir='ltr'><strong>unus</strong></span> <span class='ocrx_word' id='word_1_384' title='bbox 1683 3431 1937 3487; x_wconf 87' lang='lat' dir='ltr'><strong>residuus</strong></span> 
     </span>
    </p>
   </div>
   <div class='ocr_carea' id='block_1_54' title="bbox 364 3512 1936 3591">
    <p class='ocr_par' dir='ltr' id='par_1_54' title="bbox 364 3512 1936 3591">
     <span class='ocr_line' id='line_1_54' title="bbox 364 3512 1936 3591; baseline 0.008 -25"><span class='ocrx_word' id='word_1_385' title='bbox 364 3515 511 3566; x_wconf 83' lang='lat' dir='ltr'><strong>esset</strong></span> <span class='ocrx_word' id='word_1_386' title='bbox 538 3512 697 3569; x_wconf 88' lang='lat' dir='ltr'><strong>bonis</strong></span> <span class='ocrx_word' id='word_1_387' title='bbox 728 3515 988 3584; x_wconf 89' lang='lat' dir='ltr'><strong>operibus</strong></span> <span class='ocrx_word' id='word_1_388' title='bbox 1015 3514 1255 3572; x_wconf 86' lang='lat' dir='ltr'><strong>deditus.</strong></span> <span class='ocrx_word' id='word_1_389' title='bbox 1295 3515 1487 3574; x_wconf 88' lang='lat' dir='ltr'><strong>Priora</strong></span> <span class='ocrx_word' id='word_1_390' title='bbox 1521 3520 1706 3591; x_wconf 89' lang='lat' dir='ltr'><strong>itaque</strong></span> <span class='ocrx_word' id='word_1_391' title='bbox 1741 3523 1936 3578; x_wconf 86' lang='lat' dir='ltr'><strong>tertius</strong></span> 
     </span>
    </p>
   </div>
   <div class='ocr_carea' id='block_1_55' title="bbox 363 3602 1936 3681">
    <p class='ocr_par' dir='ltr' id='par_1_55' title="bbox 363 3602 1936 3681">
     <span class='ocr_line' id='line_1_55' title="bbox 363 3602 1936 3681; baseline 0.006 -22"><span class='ocrx_word' id='word_1_392' title='bbox 363 3602 610 3659; x_wconf 92' lang='lat' dir='ltr'><strong>decimus</strong></span> <span class='ocrx_word' id='word_1_393' title='bbox 651 3605 815 3659; x_wconf 90' lang='lat' dir='ltr'><strong>etiam</strong></span> <span class='ocrx_word' id='word_1_394' title='bbox 853 3607 1234 3676; x_wconf 77' lang='lat' dir='ltr'><strong>complectitur</strong></span> <span class='ocrx_word' id='word_1_395' title='bbox 1267 3629 1277 3662; x_wconf 95' lang='lat'><strong>:</strong></span> <span class='ocrx_word' id='word_1_396' title='bbox 1305 3625 1426 3679; x_wconf 68' lang='lat' dir='ltr'><strong>quae</strong></span> <span class='ocrx_word' id='word_1_397' title='bbox 1468 3620 1773 3681; x_wconf 88' lang='lat' dir='ltr'><strong>sequuntur</strong></span> <span class='ocrx_word' id='word_1_398' title='bbox 1807 3627 1936 3668; x_wconf 86' lang='lat' dir='ltr'><strong>vero</strong></span> 
     </span>
    </p>
   </div>
   <div class='ocr_carea' id='block_1_56' title="bbox 363 3693 1935 3773">
    <p class='ocr_par' dir='ltr' id='par_1_56' title="bbox 363 3693 1935 3773">
     <span class='ocr_line' id='line_1_56' title="bbox 363 3693 1935 3773; baseline 0.007 -27"><span class='ocrx_word' id='word_1_399' title='bbox 363 3693 504 3748; x_wconf 90' lang='lat' dir='ltr'><strong>inter</strong></span> <span class='ocrx_word' id='word_1_400' title='bbox 532 3710 590 3750; x_wconf 88' lang='lat' dir='ltr'><strong>se</strong></span> <span class='ocrx_word' id='word_1_401' title='bbox 616 3695 893 3752; x_wconf 82' lang='lat' dir='ltr'><strong>dillerunt.</strong></span> <span class='ocrx_word' id='word_1_402' title='bbox 918 3697 1054 3751; x_wconf 89' lang='lat' dir='ltr'><strong>Nam</strong></span> <span class='ocrx_word' id='word_1_403' title='bbox 1080 3698 1134 3752; x_wconf 84' lang='lat' dir='ltr'><strong>in</strong></span> <span class='ocrx_word' id='word_1_404' title='bbox 1165 3698 1378 3755; x_wconf 84' lang='lat' dir='ltr'><strong>decimo</strong></span> <span class='ocrx_word' id='word_1_405' title='bbox 1401 3703 1562 3756; x_wconf 90' lang='lat' dir='ltr'><strong>tertio</strong></span> <span class='ocrx_word' id='word_1_406' title='bbox 1591 3702 1676 3757; x_wconf 86' lang='lat' dir='ltr'><strong>his</strong></span> <span class='ocrx_word' id='word_1_407' title='bbox 1705 3703 1935 3773; x_wconf 82' lang='lat' dir='ltr'><strong>subjun-</strong></span> 
     </span>
    </p>
   </div>
   <div class='ocr_carea' id='block_1_57' title="bbox 359 3783 1930 3860">
    <p class='ocr_par' dir='ltr' id='par_1_57' title="bbox 359 3783 1930 3860">
     <span class='ocr_line' id='line_1_57' title="bbox 359 3783 1930 3860; baseline 0.008 -24"><span class='ocrx_word' id='word_1_408' title='bbox 359 3783 506 3854; x_wconf 75' lang='lat' dir='ltr'><strong>gitur</strong></span> <span class='ocrx_word' id='word_1_409' title='bbox 528 3785 692 3840; x_wconf 91' lang='lat' dir='ltr'><strong>illud:</strong></span> <span class='ocrx_word' id='word_1_410' title='bbox 725 3786 988 3852; x_wconf 83' lang='lat' dir='ltr'><strong>Quoniam</strong></span> <span class='ocrx_word' id='word_1_411' title='bbox 1018 3787 1162 3844; x_wconf 85' lang='lat' dir='ltr'><strong>Deus</strong></span> <span class='ocrx_word' id='word_1_412' title='bbox 1193 3792 1249 3844; x_wconf 92' lang='lat' dir='ltr'><strong>in</strong></span> <span class='ocrx_word' id='word_1_413' title='bbox 1269 3793 1606 3860; x_wconf 85' lang='lat' dir='ltr'><strong>generatione</strong></span> <span class='ocrx_word' id='word_1_414' title='bbox 1645 3793 1800 3859; x_wconf 81' lang='lat' dir='ltr'><strong>justo</strong></span> <span class='ocrx_word' id='word_1_415' title='bbox 1830 3802 1930 3860; x_wconf 83' lang='lat' dir='ltr'><strong>est,</strong></span> 
     </span>
    </p>
   </div>
   <div class='ocr_carea' id='block_1_58' title="bbox 360 3876 1931 3954">
    <p class='ocr_par' dir='ltr' id='par_1_58' title="bbox 360 3876 1931 3954">
     <span class='ocr_line' id='line_1_58' title="bbox 360 3876 1931 3954; baseline 0.008 -27"><span class='ocrx_word' id='word_1_416' title='bbox 360 3876 640 3929; x_wconf 84' lang='lat' dir='ltr'><strong>consilium</strong></span> <span class='ocrx_word' id='word_1_417' title='bbox 678 3877 848 3946; x_wconf 85' lang='lat' dir='ltr'><strong>inopis</strong></span> <span class='ocrx_word' id='word_1_418' title='bbox 879 3880 1217 3948; x_wconf 81' lang='lat' dir='ltr'><strong>confudistis,</strong></span> <span class='ocrx_word' id='word_1_419' title='bbox 1248 3883 1498 3953; x_wconf 88' lang='lat' dir='ltr'><strong>quoniam</strong></span> <span class='ocrx_word' id='word_1_420' title='bbox 1533 3883 1790 3939; x_wconf 87' lang='lat' dir='ltr'><strong>Dominus</strong></span> <span class='ocrx_word' id='word_1_421' title='bbox 1813 3901 1931 3954; x_wconf 83' lang='lat' dir='ltr'><strong>spes</strong></span> 
     </span>
    </p>
   </div>
   <div class='ocr_carea' id='block_1_59' title="bbox 359 3965 1930 4043">
    <p class='ocr_par' dir='ltr' id='par_1_59' title="bbox 359 3965 1930 4043">
     <span class='ocr_line' id='line_1_59' title="bbox 359 3965 1930 4043; baseline 0.009 -26"><span class='ocrx_word' id='word_1_422' title='bbox 359 3965 474 4035; x_wconf 85' lang='lat' dir='ltr'><strong>ejus</strong></span> <span class='ocrx_word' id='word_1_423' title='bbox 501 3968 671 4033; x_wconf 83' lang='lat' dir='ltr'><strong>est&quot;;</strong></span> <span class='ocrx_word' id='word_1_424' title='bbox 719 3968 808 4023; x_wconf 90' lang='lat' dir='ltr'><strong>hic</strong></span> <span class='ocrx_word' id='word_1_425' title='bbox 839 3985 987 4034; x_wconf 86' lang='lat' dir='ltr'><strong>vero,</strong></span> <span class='ocrx_word' id='word_1_426' title='bbox 1024 3971 1287 4037; x_wconf 81' lang='lat' dir='ltr'><strong>Quoniam</strong></span> <span class='ocrx_word' id='word_1_427' title='bbox 1320 3973 1460 4028; x_wconf 87' lang='lat' dir='ltr'><strong>Deus</strong></span> <span class='ocrx_word' id='word_1_428' title='bbox 1495 3974 1771 4043; x_wconf 87' lang='lat' dir='ltr'><strong>dissipavit</strong></span> <span class='ocrx_word' id='word_1_429' title='bbox 1806 3993 1930 4030; x_wconf 74' lang='lat' dir='ltr'><strong>ossa</strong></span> 
     </span>
    </p>
   </div>
   <div class='ocr_carea' id='block_1_60' title="bbox 2053 1784 3614 1856">
    <p class='ocr_par' dir='ltr' id='par_1_60' title="bbox 2053 1784 3614 1856">
     <span class='ocr_line' id='line_1_60' title="bbox 2053 1784 3614 1856; baseline 0 -16"><span class='ocrx_word' id='word_1_430' title='bbox 2053 1787 2167 1840; x_wconf 80' lang='grc' dir='ltr'>τοῦ·</span> <span class='ocrx_word' id='word_1_431' title='bbox 2205 1789 2333 1840; x_wconf 85' lang='grc' dir='ltr'>Ὅτι</span> <span class='ocrx_word' id='word_1_432' title='bbox 2377 1790 2410 1840; x_wconf 87' lang='grc' dir='ltr'><strong>ό</strong></span> <span class='ocrx_word' id='word_1_433' title='bbox 2458 1787 2602 1853; x_wconf 84' lang='grc' dir='ltr'><strong>Θεὸς</strong></span> <span class='ocrx_word' id='word_1_434' title='bbox 2657 1787 3082 1856; x_wconf 81' lang='grc' dir='ltr'>διεσκόρπισεν</span> <span class='ocrx_word' id='word_1_435' title='bbox 3135 1784 3285 1841; x_wconf 88' lang='grc' dir='ltr'>ὀστᾶ</span> <span class='ocrx_word' id='word_1_436' title='bbox 3322 1787 3614 1854; x_wconf 74' lang='grc' dir='ltr'>ἀνθρωπα-</span> 
     </span>
    </p>
   </div>
   <div class='ocr_carea' id='block_1_61' title="bbox 2045 1877 3612 1952">
    <p class='ocr_par' dir='ltr' id='par_1_61' title="bbox 2045 1877 3612 1952">
     <span class='ocr_line' id='line_1_61' title="bbox 2045 1877 3612 1952; baseline -0.001 -21"><span class='ocrx_word' id='word_1_437' title='bbox 2045 1879 2308 1946; x_wconf 74' lang='grc' dir='ltr'>ρέσκων,</span> <span class='ocrx_word' id='word_1_438' title='bbox 2338 1878 2366 1928; x_wconf 98' lang='lat'><strong>6</strong></span> <span class='ocrx_word' id='word_1_439' title='bbox 2397 1878 2689 1948; x_wconf 86' lang='grc' dir='ltr'>Σύμμαχος</span> <span class='ocrx_word' id='word_1_440' title='bbox 2719 1877 2907 1932; x_wconf 80' lang='grc' dir='ltr'>τοῦτον</span> <span class='ocrx_word' id='word_1_441' title='bbox 2935 1880 3245 1952; x_wconf 80' lang='grc' dir='ltr'>ἡρμήνευσε</span> <span class='ocrx_word' id='word_1_442' title='bbox 3274 1878 3366 1932; x_wconf 84' lang='grc' dir='ltr'><strong>τὸν</strong></span> <span class='ocrx_word' id='word_1_443' title='bbox 3407 1878 3612 1946; x_wconf 74' lang='grc' dir='ltr'>τρόπον’</span> 
     </span>
    </p>
   </div>
   <div class='ocr_carea' id='block_1_62' title="bbox 2063 1967 3611 2039">
    <p class='ocr_par' dir='ltr' id='par_1_62' title="bbox 2063 1967 3611 2039">
     <span class='ocr_line' id='line_1_62' title="bbox 2063 1967 3611 2039; baseline 0 -18"><span class='ocrx_word' id='word_1_444' title='bbox 2063 1969 2116 2021; x_wconf 89' lang='lat'><strong>&#39;0</strong></span> <span class='ocrx_word' id='word_1_445' title='bbox 2149 1969 2260 2039; x_wconf 75' lang='grc' dir='ltr'>γὰρ</span> <span class='ocrx_word' id='word_1_446' title='bbox 2299 1967 2442 2035; x_wconf 86' lang='grc' dir='ltr'>Θεὸς</span> <span class='ocrx_word' id='word_1_447' title='bbox 2480 1969 2898 2038; x_wconf 82' lang='grc' dir='ltr'>διασκορπίσει</span> <span class='ocrx_word' id='word_1_448' title='bbox 2941 1968 3091 2024; x_wconf 86' lang='grc' dir='ltr'>ὀστᾶ</span> <span class='ocrx_word' id='word_1_449' title='bbox 3129 1969 3248 2023; x_wconf 79' lang='grc' dir='ltr'>τῶν</span> <span class='ocrx_word' id='word_1_450' title='bbox 3292 1970 3611 2038; x_wconf 69' lang='grc' dir='ltr'>παρεμϐαλ-</span> 
     </span>
    </p>
   </div>
   <div class='ocr_carea' id='block_1_63' title="bbox 2049 2052 3611 2130">
    <p class='ocr_par' dir='ltr' id='par_1_63' title="bbox 2049 2052 3611 2130">
     <span class='ocr_line' id='line_1_63' title="bbox 2049 2052 3611 2130; baseline -0.003 -16"><span class='ocrx_word' id='word_1_451' title='bbox 2049 2062 2284 2114; x_wconf 77' lang='grc' dir='ltr'>λόντων</span> <span class='ocrx_word' id='word_1_452' title='bbox 2326 2060 2459 2129; x_wconf 75' lang='grc' dir='ltr'>περὶ</span> <span class='ocrx_word' id='word_1_453' title='bbox 2517 2061 2608 2114; x_wconf 78' lang='grc' dir='ltr'>σέ·</span> <span class='ocrx_word' id='word_1_454' title='bbox 2673 2052 3208 2130; x_wconf 65' lang='grc' dir='ltr'>καταισχυνθήσῃ,</span> <span class='ocrx_word' id='word_1_455' title='bbox 3242 2060 3330 2113; x_wconf 79' lang='grc' dir='ltr'>ὅτι</span> <span class='ocrx_word' id='word_1_456' title='bbox 3393 2063 3428 2114; x_wconf 85' lang='grc' dir='ltr'><strong>ὀ</strong></span> <span class='ocrx_word' id='word_1_457' title='bbox 3485 2058 3611 2124; x_wconf 84' lang='grc' dir='ltr'>Θεὸς</span> 
     </span>
    </p>
   </div>
   <div class='ocr_carea' id='block_1_64' title="bbox 2049 2150 3610 2221">
    <p class='ocr_par' dir='ltr' id='par_1_64' title="bbox 2049 2150 3610 2221">
     <span class='ocr_line' id='line_1_64' title="bbox 2049 2150 3610 2221; baseline -0.002 -16"><span class='ocrx_word' id='word_1_458' title='bbox 2049 2150 2498 2220; x_wconf 74' lang='grc' dir='ltr'>ἀπεδοκίμασεν</span> <span class='ocrx_word' id='word_1_459' title='bbox 2521 2152 2760 2218; x_wconf 78' lang='grc' dir='ltr'>αὖτούς.</span> <span class='ocrx_word' id='word_1_460' title='bbox 2819 2153 2929 2205; x_wconf 79' lang='grc' dir='ltr'>Καὶ</span> <span class='ocrx_word' id='word_1_461' title='bbox 2989 2154 3018 2206; x_wconf 92' lang='lat'><strong>6</strong></span> <span class='ocrx_word' id='word_1_462' title='bbox 3059 2150 3286 2214; x_wconf 80' lang='grc' dir='ltr'>Ἀκύλας</span> <span class='ocrx_word' id='word_1_463' title='bbox 3312 2150 3371 2203; x_wconf 87' lang='grc' dir='ltr'><strong>δέ</strong></span> <span class='ocrx_word' id='word_1_464' title='bbox 3404 2151 3500 2221; x_wconf 86' lang='grc' dir='ltr'><strong>τῆς</strong></span> <span class='ocrx_word' id='word_1_465' title='bbox 3529 2150 3610 2204; x_wconf 53' lang='lat' dir='ltr'><strong>ab.</strong></span> 
     </span>
    </p>
   </div>
   <div class='ocr_carea' id='block_1_65' title="bbox 2048 2243 3609 2315">
    <p class='ocr_par' dir='ltr' id='par_1_65' title="bbox 2048 2243 3609 2315">
     <span class='ocr_line' id='line_1_65' title="bbox 2048 2243 3609 2315; baseline 0 -19"><span class='ocrx_word' id='word_1_466' title='bbox 2048 2245 2147 2315; x_wconf 86' lang='grc' dir='ltr'><strong>τῆς</strong></span> <span class='ocrx_word' id='word_1_467' title='bbox 2181 2244 2361 2314; x_wconf 78' lang='grc' dir='ltr'>ἔχεται</span> <span class='ocrx_word' id='word_1_468' title='bbox 2393 2244 2631 2308; x_wconf 84' lang='grc' dir='ltr'>διανοίας</span> <span class='ocrx_word' id='word_1_469' title='bbox 2657 2245 2852 2314; x_wconf 86' lang='grc' dir='ltr'>λέγων·</span> <span class='ocrx_word' id='word_1_470' title='bbox 2887 2247 3006 2298; x_wconf 87' lang='grc' dir='ltr'>’Ότι</span> <span class='ocrx_word' id='word_1_471' title='bbox 3029 2248 3060 2298; x_wconf 90' lang='grc' dir='ltr'><strong>ὀ</strong></span> <span class='ocrx_word' id='word_1_472' title='bbox 3094 2244 3237 2310; x_wconf 87' lang='grc' dir='ltr'>Θεὸς</span> <span class='ocrx_word' id='word_1_473' title='bbox 3261 2243 3609 2310; x_wconf 78' lang='grc' dir='ltr'>ἐσκόρπισεν</span> 
     </span>
    </p>
   </div>
   <div class='ocr_carea' id='block_1_66' title="bbox 2049 2333 3608 2406">
    <p class='ocr_par' dir='ltr' id='par_1_66' title="bbox 2049 2333 3608 2406">
     <span class='ocr_line' id='line_1_66' title="bbox 2049 2333 3608 2406; baseline 0.001 -19"><span class='ocrx_word' id='word_1_474' title='bbox 2049 2333 2200 2389; x_wconf 89' lang='grc' dir='ltr'>ὀστᾶ</span> <span class='ocrx_word' id='word_1_475' title='bbox 2228 2338 2798 2406; x_wconf 77' lang='grc' dir='ltr'>παρεμϐεϐληκότων</span> <span class='ocrx_word' id='word_1_476' title='bbox 2818 2353 2953 2391; x_wconf 90' lang='grc' dir='ltr'>σου·</span> <span class='ocrx_word' id='word_1_477' title='bbox 2986 2337 3285 2405; x_wconf 72' lang='grc' dir='ltr'>ᾔσχυνας,</span> <span class='ocrx_word' id='word_1_478' title='bbox 3315 2334 3405 2388; x_wconf 80' lang='grc' dir='ltr'>ὅτι</span> <span class='ocrx_word' id='word_1_479' title='bbox 3426 2339 3460 2389; x_wconf 84' lang='grc' dir='ltr'><em>ὁ</em></span> <span class='ocrx_word' id='word_1_480' title='bbox 3483 2335 3608 2400; x_wconf 83' lang='grc' dir='ltr'>Θεὸς</span> 
     </span>
    </p>
   </div>
   <div class='ocr_carea' id='block_1_67' title="bbox 2049 2426 3606 2498">
    <p class='ocr_par' dir='ltr' id='par_1_67' title="bbox 2049 2426 3606 2498">
     <span class='ocr_line' id='line_1_67' title="bbox 2049 2426 3606 2498; baseline 0.001 -18"><span class='ocrx_word' id='word_1_481' title='bbox 2049 2426 2376 2496; x_wconf 74' lang='grc' dir='ltr'>ἀπέρριψεν</span> <span class='ocrx_word' id='word_1_482' title='bbox 2406 2429 2645 2494; x_wconf 84' lang='grc' dir='ltr'>αὐτούς.</span> <span class='ocrx_word' id='word_1_483' title='bbox 2689 2429 2754 2482; x_wconf 85' lang='grc' dir='ltr'><strong>Ἦ</strong></span> <span class='ocrx_word' id='word_1_484' title='bbox 2793 2428 2864 2481; x_wconf 44' lang='grc' dir='ltr'><strong>γδέ</strong></span> <span class='ocrx_word' id='word_1_485' title='bbox 2906 2427 3000 2482; x_wconf 81' lang='grc' dir='ltr'>τοῦ</span> <span class='ocrx_word' id='word_1_486' title='bbox 3049 2428 3204 2497; x_wconf 88' lang='grc' dir='ltr'>λόγου</span> <span class='ocrx_word' id='word_1_487' title='bbox 3249 2426 3453 2481; x_wconf 85' lang='grc' dir='ltr'>διάνοια</span> <span class='ocrx_word' id='word_1_488' title='bbox 3492 2445 3606 2498; x_wconf 84' lang='grc' dir='ltr'>παρ-</span> 
     </span>
    </p>
   </div>
   <div class='ocr_carea' id='block_1_68' title="bbox 2052 2514 3606 2587">
    <p class='ocr_par' dir='ltr' id='par_1_68' title="bbox 2052 2514 3606 2587">
     <span class='ocr_line' id='line_1_68' title="bbox 2052 2514 3606 2587; baseline 0.003 -22"><span class='ocrx_word' id='word_1_489' title='bbox 2052 2515 2231 2586; x_wconf 84' lang='grc' dir='ltr'>ίστησι</span> <span class='ocrx_word' id='word_1_490' title='bbox 2254 2515 2361 2568; x_wconf 88' lang='grc' dir='ltr'><strong>τῶν</strong></span> <span class='ocrx_word' id='word_1_491' title='bbox 2395 2515 2795 2587; x_wconf 84' lang='grc' dir='ltr'>προλεχθέντων</span> <span class='ocrx_word' id='word_1_492' title='bbox 2829 2516 3124 2570; x_wconf 84' lang='grc' dir='ltr'>ἐπιϐούλων</span> <span class='ocrx_word' id='word_1_493' title='bbox 3145 2515 3237 2570; x_wconf 77' lang='grc' dir='ltr'>τοῦ</span> <span class='ocrx_word' id='word_1_494' title='bbox 3256 2516 3408 2580; x_wconf 83' lang='grc' dir='ltr'>λαοῦ,</span> <span class='ocrx_word' id='word_1_495' title='bbox 3425 2514 3606 2587; x_wconf 75' lang='grc' dir='ltr'>δηλαδὴ</span> 
     </span>
    </p>
   </div>
   <div class='ocr_carea' id='block_1_69' title="bbox 2047 2603 3605 2676">
    <p class='ocr_par' dir='ltr' id='par_1_69' title="bbox 2047 2603 3605 2676">
     <span class='ocr_line' id='line_1_69' title="bbox 2047 2603 3605 2676; baseline 0.001 -20"><span class='ocrx_word' id='word_1_496' title='bbox 2047 2603 2156 2657; x_wconf 89' lang='grc' dir='ltr'><strong>τῶν</strong></span> <span class='ocrx_word' id='word_1_497' title='bbox 2182 2605 2427 2675; x_wconf 85' lang='grc' dir='ltr'>ἀοράτων</span> <span class='ocrx_word' id='word_1_498' title='bbox 2473 2604 2681 2676; x_wconf 86' lang='grc' dir='ltr'>ἐχθρῶν</span> <span class='ocrx_word' id='word_1_499' title='bbox 2705 2607 2800 2658; x_wconf 74' lang='grc' dir='ltr'>καὶ</span> <span class='ocrx_word' id='word_1_500' title='bbox 2831 2605 2940 2658; x_wconf 88' lang='grc' dir='ltr'><strong>τῶν</strong></span> <span class='ocrx_word' id='word_1_501' title='bbox 2955 2606 3174 2674; x_wconf 85' lang='grc' dir='ltr'>ἀφανῶν</span> <span class='ocrx_word' id='word_1_502' title='bbox 3206 2605 3497 2676; x_wconf 85' lang='grc' dir='ltr'>πολεμίων,</span> <span class='ocrx_word' id='word_1_503' title='bbox 3522 2604 3605 2666; x_wconf 79' lang='grc' dir='ltr'>τὰς</span> 
     </span>
    </p>
   </div>
   <div class='ocr_carea' id='block_1_70' title="bbox 2046 2695 3604 2769">
    <p class='ocr_par' dir='ltr' id='par_1_70' title="bbox 2046 2695 3604 2769">
     <span class='ocr_line' id='line_1_70' title="bbox 2046 2695 3604 2769; baseline 0 -21"><span class='ocrx_word' id='word_1_504' title='bbox 2046 2695 2303 2767; x_wconf 84' lang='grc' dir='ltr'>δυνάμεις</span> <span class='ocrx_word' id='word_1_505' title='bbox 2325 2695 2837 2766; x_wconf 86' lang='grc' dir='ltr'>καθαιρεθήσεσθαι.</span> <span class='ocrx_word' id='word_1_506' title='bbox 2904 2699 3065 2751; x_wconf 86' lang='grc' dir='ltr'>Ὀστᾶ</span> <span class='ocrx_word' id='word_1_507' title='bbox 3102 2697 3210 2769; x_wconf 84' lang='grc' dir='ltr'>γὰρ</span> <span class='ocrx_word' id='word_1_508' title='bbox 3248 2695 3604 2767; x_wconf 77' lang='grc' dir='ltr'>διασκορπιζό·</span> 
     </span>
    </p>
   </div>
   <div class='ocr_carea' id='block_1_71' title="bbox 2049 2784 3603 2861">
    <p class='ocr_par' dir='ltr' id='par_1_71' title="bbox 2049 2784 3603 2861">
     <span class='ocr_line' id='line_1_71' title="bbox 2049 2784 3603 2861; baseline 0.001 -21"><span class='ocrx_word' id='word_1_509' title='bbox 2049 2805 2186 2858; x_wconf 86' lang='grc' dir='ltr'>μενα</span> <span class='ocrx_word' id='word_1_510' title='bbox 2208 2787 2316 2841; x_wconf 86' lang='grc' dir='ltr'><strong>τῶν</strong></span> <span class='ocrx_word' id='word_1_511' title='bbox 2346 2788 2555 2860; x_wconf 86' lang='grc' dir='ltr'>ἐχθρῶν</span> <span class='ocrx_word' id='word_1_512' title='bbox 2580 2784 2687 2842; x_wconf 83' lang='grc' dir='ltr'>εἶεν</span> <span class='ocrx_word' id='word_1_513' title='bbox 2714 2788 2780 2842; x_wconf 85' lang='grc' dir='ltr'>ἂν</span> <span class='ocrx_word' id='word_1_514' title='bbox 2807 2790 2863 2844; x_wconf 80' lang='grc' dir='ltr'>αἱ</span> <span class='ocrx_word' id='word_1_515' title='bbox 2884 2791 2982 2861; x_wconf 83' lang='grc' dir='ltr'>τῆς</span> <span class='ocrx_word' id='word_1_516' title='bbox 3012 2790 3208 2853; x_wconf 79' lang='grc' dir='ltr'>κακίας</span> <span class='ocrx_word' id='word_1_517' title='bbox 3251 2789 3427 2843; x_wconf 82' lang='grc' dir='ltr'>αὐτῶν</span> <span class='ocrx_word' id='word_1_518' title='bbox 3459 2790 3603 2842; x_wconf 81' lang='grc' dir='ltr'>δυνά-</span> 
     </span>
    </p>
   </div>
   <div class='ocr_carea' id='block_1_72' title="bbox 2049 2879 3587 2953">
    <p class='ocr_par' dir='ltr' id='par_1_72' title="bbox 2049 2879 3587 2953">
     <span class='ocr_line' id='line_1_72' title="bbox 2049 2879 3587 2953; baseline 0 -20"><span class='ocrx_word' id='word_1_519' title='bbox 2049 2899 2188 2953; x_wconf 86' lang='grc' dir='ltr'>μεις,</span> <span class='ocrx_word' id='word_1_520' title='bbox 2211 2881 2279 2945; x_wconf 77' lang='grc' dir='ltr'><strong>ἀς</strong></span> <span class='ocrx_word' id='word_1_521' title='bbox 2304 2881 2708 2952; x_wconf 78' lang='grc' dir='ltr'>διασκορπίζειν</span> <span class='ocrx_word' id='word_1_522' title='bbox 2737 2879 2877 2934; x_wconf 87' lang='grc' dir='ltr'><strong>κατά</strong></span> <span class='ocrx_word' id='word_1_523' title='bbox 2924 2881 3014 2935; x_wconf 79' lang='grc' dir='ltr'><strong>τὸν</strong></span> <span class='ocrx_word' id='word_1_524' title='bbox 3063 2882 3457 2952; x_wconf 88' lang='grc' dir='ltr'>σημαινόμενον</span> <span class='ocrx_word' id='word_1_525' title='bbox 3501 2897 3587 2936; x_wconf 84' lang='grc' dir='ltr'><strong>και</strong></span> 
     </span>
    </p>
   </div>
   <div class='ocr_carea' id='block_1_73' title="bbox 2049 2971 3601 3044">
    <p class='ocr_par' dir='ltr' id='par_1_73' title="bbox 2049 2971 3601 3044">
     <span class='ocr_line' id='line_1_73' title="bbox 2049 2971 3601 3044; baseline 0.001 -18"><span class='ocrx_word' id='word_1_526' title='bbox 2049 2973 2139 3043; x_wconf 83' lang='grc' dir='ltr'><strong>ρδν</strong></span> <span class='ocrx_word' id='word_1_527' title='bbox 2169 2974 2198 3024; x_wconf 90' lang='grc' dir='ltr'><strong>ό</strong></span> <span class='ocrx_word' id='word_1_528' title='bbox 2217 2972 2373 3041; x_wconf 87' lang='grc' dir='ltr'>λόγος</span> <span class='ocrx_word' id='word_1_529' title='bbox 2404 2972 2637 3025; x_wconf 80' lang='grc' dir='ltr'>ἀπειλεῖ.</span> <span class='ocrx_word' id='word_1_530' title='bbox 2661 2971 2792 3025; x_wconf 88' lang='grc' dir='ltr'>Τότε</span> <span class='ocrx_word' id='word_1_531' title='bbox 2824 2972 2880 3025; x_wconf 84' lang='grc' dir='ltr'>δὲ</span> <span class='ocrx_word' id='word_1_532' title='bbox 2912 2975 3005 3027; x_wconf 81' lang='grc' dir='ltr'><strong>καὶ</strong></span> <span class='ocrx_word' id='word_1_533' title='bbox 3048 2974 3601 3044; x_wconf 83' lang='grc' dir='ltr'>καταισχυνθήσονται,</span> 
     </span>
    </p>
   </div>
   <div class='ocr_carea' id='block_1_74' title="bbox 2043 3049 3599 3138">
    <p class='ocr_par' dir='ltr' id='par_1_74' title="bbox 2043 3049 3599 3138">
     <span class='ocr_line' id='line_1_74' title="bbox 2043 3049 3599 3138; baseline 0.001 -22"><span class='ocrx_word' id='word_1_534' title='bbox 2043 3064 2263 3118; x_wconf 84' lang='grc' dir='ltr'>ἐπειδὰν</span> <span class='ocrx_word' id='word_1_535' title='bbox 2283 3049 2660 3137; x_wconf 68' lang='grc' dir='ltr'>ἀποδοκιμάσῃ</span> <span class='ocrx_word' id='word_1_536' title='bbox 2688 3068 2884 3131; x_wconf 82' lang='grc' dir='ltr'>αὐτοὺς</span> <span class='ocrx_word' id='word_1_537' title='bbox 2909 3069 2937 3120; x_wconf 85' lang='lat'><strong>6</strong></span> <span class='ocrx_word' id='word_1_538' title='bbox 2955 3068 3085 3130; x_wconf 83' lang='grc' dir='ltr'>Θεὸς</span> <span class='ocrx_word' id='word_1_539' title='bbox 3107 3067 3140 3138; x_wconf 77' lang='grc' dir='ltr'>ἢ</span> <span class='ocrx_word' id='word_1_540' title='bbox 3171 3067 3513 3138; x_wconf 76' lang='grc' dir='ltr'>ἐξουθενήσῃ,</span> <span class='ocrx_word' id='word_1_541' title='bbox 3544 3067 3599 3118; x_wconf 70' lang='grc' dir='ltr'><strong>τὸ</strong></span> 
     </span>
    </p>
   </div>
   <div class='ocr_carea' id='block_1_75' title="bbox 2045 3153 3600 3229">
    <p class='ocr_par' dir='ltr' id='par_1_75' title="bbox 2045 3153 3600 3229">
     <span class='ocr_line' id='line_1_75' title="bbox 2045 3153 3600 3229; baseline -0.003 -18"><span class='ocrx_word' id='word_1_542' title='bbox 2045 3158 2214 3229; x_wconf 84' lang='grc' dir='ltr'>μηθὲν</span> <span class='ocrx_word' id='word_1_543' title='bbox 2245 3159 2444 3221; x_wconf 78' lang='grc' dir='ltr'>αὐτοὺς</span> <span class='ocrx_word' id='word_1_544' title='bbox 2480 3153 2619 3212; x_wconf 77' lang='grc' dir='ltr'>εἶναι</span> <span class='ocrx_word' id='word_1_545' title='bbox 2648 3159 2950 3223; x_wconf 81' lang='grc' dir='ltr'>ἀποδείξας.</span> <span class='ocrx_word' id='word_1_546' title='bbox 2987 3159 3170 3211; x_wconf 82' lang='grc' dir='ltr'>Ταῦτα</span> <span class='ocrx_word' id='word_1_547' title='bbox 3192 3157 3194 3159; x_wconf 63' lang='grc'><em>’</em></span> <span class='ocrx_word' id='word_1_548' title='bbox 3214 3156 3439 3221; x_wconf 88' lang='grc' dir='ltr'>εἰκότως</span> <span class='ocrx_word' id='word_1_549' title='bbox 3463 3157 3600 3228; x_wconf 74' lang='grc' dir='ltr'>ἠπεί-</span> 
     </span>
    </p>
   </div>
   <div class='ocr_carea' id='block_1_76' title="bbox 2038 3249 3597 3322">
    <p class='ocr_par' dir='ltr' id='par_1_76' title="bbox 2038 3249 3597 3322">
     <span class='ocr_line' id='line_1_76' title="bbox 2038 3249 3597 3322; baseline -0.001 -18"><span class='ocrx_word' id='word_1_550' title='bbox 2038 3250 2253 3322; x_wconf 86' lang='grc' dir='ltr'>λησεν,ὁ</span> <span class='ocrx_word' id='word_1_551' title='bbox 2277 3250 2386 3303; x_wconf 89' lang='grc' dir='ltr'><strong>τῶν</strong></span> <span class='ocrx_word' id='word_1_552' title='bbox 2433 3249 2732 3322; x_wconf 85' lang='grc' dir='ltr'>ἀνθρώπων</span> <span class='ocrx_word' id='word_1_553' title='bbox 2792 3250 3040 3321; x_wconf 81' lang='grc' dir='ltr'>κηδεμὼν</span> <span class='ocrx_word' id='word_1_554' title='bbox 3091 3249 3186 3303; x_wconf 80' lang='grc' dir='ltr'>τοῦ</span> <span class='ocrx_word' id='word_1_555' title='bbox 3239 3250 3374 3303; x_wconf 80' lang='grc' dir='ltr'>Θεοῦ</span> <span class='ocrx_word' id='word_1_556' title='bbox 3435 3250 3597 3318; x_wconf 71' lang='grc' dir='ltr'>λόγος’</span> 
     </span>
    </p>
   </div>
   <div class='ocr_carea' id='block_1_77' title="bbox 2039 3331 3600 3411">
    <p class='ocr_par' dir='ltr' id='par_1_77' title="bbox 2039 3331 3600 3411">
     <span class='ocr_line' id='line_1_77' title="bbox 2039 3331 3600 3411; baseline 0 -17"><span class='ocrx_word' id='word_1_557' title='bbox 2039 3341 2226 3411; x_wconf 84' lang='grc' dir='ltr'>ἐπειδὴ</span> <span class='ocrx_word' id='word_1_558' title='bbox 2249 3339 2515 3410; x_wconf 85' lang='grc' dir='ltr'>διακύψας</span> <span class='ocrx_word' id='word_1_559' title='bbox 2552 3344 2615 3394; x_wconf 88' lang='grc' dir='ltr'><strong>ἐκ</strong></span> <span class='ocrx_word' id='word_1_560' title='bbox 2663 3331 2761 3394; x_wconf 82' lang='grc' dir='ltr'><strong>τοῦ</strong></span> <span class='ocrx_word' id='word_1_561' title='bbox 2791 3341 3018 3410; x_wconf 81' lang='grc' dir='ltr'>οὐρανοῦ</span> <span class='ocrx_word' id='word_1_562' title='bbox 3046 3342 3138 3394; x_wconf 73' lang='grc' dir='ltr'>ἐπὶ</span> <span class='ocrx_word' id='word_1_563' title='bbox 3171 3344 3296 3406; x_wconf 81' lang='grc' dir='ltr'>τοὺς</span> <span class='ocrx_word' id='word_1_564' title='bbox 3335 3342 3478 3404; x_wconf 78' lang='grc' dir='ltr'>υἱοὺς</span> <span class='ocrx_word' id='word_1_565' title='bbox 3501 3340 3600 3394; x_wconf 85' lang='grc' dir='ltr'><strong>τῶν</strong></span> 
     </span>
    </p>
   </div>
   <div class='ocr_carea' id='block_1_78' title="bbox 2037 3430 3596 3502">
    <p class='ocr_par' dir='ltr' id='par_1_78' title="bbox 2037 3430 3596 3502">
     <span class='ocr_line' id='line_1_78' title="bbox 2037 3430 3596 3502; baseline -0.001 -16"><span class='ocrx_word' id='word_1_566' title='bbox 2037 3430 2360 3502; x_wconf 80' lang='grc' dir='ltr'>ἀνθρώπων,</span> <span class='ocrx_word' id='word_1_567' title='bbox 2395 3431 2634 3502; x_wconf 81' lang='grc' dir='ltr'>ζητήσας</span> <span class='ocrx_word' id='word_1_568' title='bbox 2678 3449 2736 3485; x_wconf 91' lang='grc' dir='ltr'><strong>τε</strong></span> <span class='ocrx_word' id='word_1_569' title='bbox 2787 3433 2845 3485; x_wconf 84' lang='grc' dir='ltr'><strong>ἐν</strong></span> <span class='ocrx_word' id='word_1_570' title='bbox 2883 3433 3064 3497; x_wconf 79' lang='grc' dir='ltr'>αὐτοῖς</span> <span class='ocrx_word' id='word_1_571' title='bbox 3091 3435 3139 3486; x_wconf 84' lang='grc' dir='ltr'><strong>εί</strong></span> <span class='ocrx_word' id='word_1_572' title='bbox 3186 3432 3300 3485; x_wconf 79' lang='grc' dir='ltr'>ἔστι</span> <span class='ocrx_word' id='word_1_573' title='bbox 3331 3431 3516 3485; x_wconf 82' lang='grc' dir='ltr'>συνιὼν</span> <span class='ocrx_word' id='word_1_574' title='bbox 3567 3431 3596 3500; x_wconf 84' lang='grc' dir='ltr'>ἢ</span> 
     </span>
    </p>
   </div>
   <div class='ocr_carea' id='block_1_79' title="bbox 2037 3516 3597 3596">
    <p class='ocr_par' dir='ltr' id='par_1_79' title="bbox 2037 3516 3597 3596">
     <span class='ocr_line' id='line_1_79' title="bbox 2037 3516 3597 3596; baseline -0.001 -21"><span class='ocrx_word' id='word_1_575' title='bbox 2037 3521 2214 3593; x_wconf 83' lang='grc' dir='ltr'>ζητῶν</span> <span class='ocrx_word' id='word_1_576' title='bbox 2246 3522 2514 3587; x_wconf 67' lang='grc' dir='ltr'>τὸνθεὸν,</span> <span class='ocrx_word' id='word_1_577' title='bbox 2545 3523 2734 3578; x_wconf 81' lang='grc' dir='ltr'>οὐδένα</span> <span class='ocrx_word' id='word_1_578' title='bbox 2766 3516 2913 3596; x_wconf 76' lang='grc' dir='ltr'>εὗρεο</span> <span class='ocrx_word' id='word_1_579' title='bbox 2945 3523 3208 3578; x_wconf 85' lang='grc' dir='ltr'>κατέλαϐε</span> <span class='ocrx_word' id='word_1_580' title='bbox 3247 3524 3303 3576; x_wconf 83' lang='grc' dir='ltr'>δὲ</span> <span class='ocrx_word' id='word_1_581' title='bbox 3329 3525 3449 3587; x_wconf 74' lang='grc' dir='ltr'>τοὺς</span> <span class='ocrx_word' id='word_1_582' title='bbox 3469 3523 3597 3575; x_wconf 80' lang='grc' dir='ltr'>πὰν-</span> 
     </span>
    </p>
   </div>
   <div class='ocr_carea' id='block_1_80' title="bbox 2033 3614 3597 3687">
    <p class='ocr_par' dir='ltr' id='par_1_80' title="bbox 2033 3614 3597 3687">
     <span class='ocr_line' id='line_1_80' title="bbox 2033 3614 3597 3687; baseline -0.001 -20"><span class='ocrx_word' id='word_1_583' title='bbox 2033 3631 2134 3679; x_wconf 86' lang='grc' dir='ltr'><strong>τας</strong></span> <span class='ocrx_word' id='word_1_584' title='bbox 2153 3616 2210 3682; x_wconf 84' lang='grc' dir='ltr'>ἐξ</span> <span class='ocrx_word' id='word_1_585' title='bbox 2235 3614 2529 3687; x_wconf 83' lang='grc' dir='ltr'>ἐπιϐουλῆς</span> <span class='ocrx_word' id='word_1_586' title='bbox 2556 3615 2766 3687; x_wconf 84' lang='grc' dir='ltr'>ἐχθρῶν</span> <span class='ocrx_word' id='word_1_587' title='bbox 2787 3615 3130 3679; x_wconf 87' lang='grc' dir='ltr'>ἐκκλίνοντας</span> <span class='ocrx_word' id='word_1_588' title='bbox 3168 3616 3259 3668; x_wconf 82' lang='grc' dir='ltr'><strong>καὶ</strong></span> <span class='ocrx_word' id='word_1_589' title='bbox 3287 3614 3597 3685; x_wconf 85' lang='grc' dir='ltr'>ἀχρειωθέν-</span> 
     </span>
    </p>
   </div>
   <div class='ocr_carea' id='block_1_81' title="bbox 2034 3705 3595 3779">
    <p class='ocr_par' dir='ltr' id='par_1_81' title="bbox 2034 3705 3595 3779">
     <span class='ocr_line' id='line_1_81' title="bbox 2034 3705 3595 3779; baseline -0.003 -20"><span class='ocrx_word' id='word_1_590' title='bbox 2034 3723 2152 3769; x_wconf 89' lang='grc' dir='ltr'>τας,</span> <span class='ocrx_word' id='word_1_591' title='bbox 2185 3707 2260 3770; x_wconf 86' lang='grc' dir='ltr'>ὼς</span> <span class='ocrx_word' id='word_1_592' title='bbox 2297 3707 2433 3778; x_wconf 88' lang='grc' dir='ltr'><strong>μηδέ</strong></span> <span class='ocrx_word' id='word_1_593' title='bbox 2466 3707 2570 3770; x_wconf 77' lang='grc' dir='ltr'>ἕως</span> <span class='ocrx_word' id='word_1_594' title='bbox 2604 3706 2722 3770; x_wconf 82' lang='grc' dir='ltr'>ἐνὸς</span> <span class='ocrx_word' id='word_1_595' title='bbox 2744 3707 3152 3779; x_wconf 81' lang='grc' dir='ltr'>περιλείπεσθαι</span> <span class='ocrx_word' id='word_1_596' title='bbox 3185 3705 3405 3774; x_wconf 82' lang='grc' dir='ltr'>ἀγαθῶν</span> <span class='ocrx_word' id='word_1_597' title='bbox 3430 3705 3595 3776; x_wconf 78' lang='grc' dir='ltr'>ἔργων</span> 
     </span>
    </p>
   </div>
   <div class='ocr_carea' id='block_1_82' title="bbox 2035 3784 3595 3868">
    <p class='ocr_par' dir='ltr' id='par_1_82' title="bbox 2035 3784 3595 3868">
     <span class='ocr_line' id='line_1_82' title="bbox 2035 3784 3595 3868; baseline -0.003 -18"><span class='ocrx_word' id='word_1_598' title='bbox 2035 3799 2286 3868; x_wconf 89' lang='grc' dir='ltr'>ποιητήν.</span> <span class='ocrx_word' id='word_1_599' title='bbox 2319 3784 2398 3849; x_wconf 71' lang='grc' dir='ltr'><strong>Τά</strong></span> <span class='ocrx_word' id='word_1_600' title='bbox 2431 3797 2530 3868; x_wconf 87' lang='grc' dir='ltr'><strong>μὲν</strong></span> <span class='ocrx_word' id='word_1_601' title='bbox 2553 3794 2645 3850; x_wconf 78' lang='grc' dir='ltr'>οὖν</span> <span class='ocrx_word' id='word_1_602' title='bbox 2668 3797 2857 3868; x_wconf 88' lang='grc' dir='ltr'>πρῶτα</span> <span class='ocrx_word' id='word_1_603' title='bbox 2887 3797 3086 3868; x_wconf 84' lang='grc' dir='ltr'>ὁμοίως</span> <span class='ocrx_word' id='word_1_604' title='bbox 3128 3797 3221 3850; x_wconf 71' lang='grc' dir='ltr'><strong>καὶ</strong></span> <span class='ocrx_word' id='word_1_605' title='bbox 3271 3799 3300 3849; x_wconf 91' lang='lat'><strong>6</strong></span> <span class='ocrx_word' id='word_1_606' title='bbox 3346 3805 3410 3866; x_wconf 88' lang='grc' dir='ltr'>ιγ’</span> <span class='ocrx_word' id='word_1_607' title='bbox 3448 3811 3595 3866; x_wconf 77' lang='grc' dir='ltr'>περι-</span> 
     </span>
    </p>
   </div>
   <div class='ocr_carea' id='block_1_83' title="bbox 2035 3885 3593 3959">
    <p class='ocr_par' dir='ltr' id='par_1_83' title="bbox 2035 3885 3593 3959">
     <span class='ocr_line' id='line_1_83' title="bbox 2035 3885 3593 3959; baseline -0.001 -20"><span class='ocrx_word' id='word_1_608' title='bbox 2035 3885 2168 3958; x_wconf 86' lang='grc' dir='ltr'>έχει·</span> <span class='ocrx_word' id='word_1_609' title='bbox 2197 3887 2572 3958; x_wconf 78' lang='grc' dir='ltr'>παρήλλακται</span> <span class='ocrx_word' id='word_1_610' title='bbox 2590 3887 2646 3940; x_wconf 86' lang='grc' dir='ltr'><strong>δέ</strong></span> <span class='ocrx_word' id='word_1_611' title='bbox 2669 3887 2736 3940; x_wconf 82' lang='grc' dir='ltr'>τὰ</span> <span class='ocrx_word' id='word_1_612' title='bbox 2762 3888 2906 3959; x_wconf 82' lang='grc' dir='ltr'>ἐξῆς.</span> <span class='ocrx_word' id='word_1_613' title='bbox 2925 3889 3012 3942; x_wconf 85' lang='grc' dir='ltr'>Ἐν</span> <span class='ocrx_word' id='word_1_614' title='bbox 3033 3888 3128 3958; x_wconf 80' lang='grc' dir='ltr'>μὲν</span> <span class='ocrx_word' id='word_1_615' title='bbox 3156 3887 3264 3958; x_wconf 84' lang='grc' dir='ltr'>γὰρ</span> <span class='ocrx_word' id='word_1_616' title='bbox 3283 3887 3359 3959; x_wconf 84' lang='grc' dir='ltr'>τῷ</span> <span class='ocrx_word' id='word_1_617' title='bbox 3388 3894 3449 3956; x_wconf 90' lang='grc' dir='ltr'>ιγ’</span> <span class='ocrx_word' id='word_1_618' title='bbox 3476 3903 3593 3938; x_wconf 68' lang='grc' dir='ltr'>συνςο</span> 
     </span>
    </p>
   </div>
   <div class='ocr_carea' id='block_1_84' title="bbox 2030 3973 3587 4045">
    <p class='ocr_par' dir='ltr' id='par_1_84' title="bbox 2030 3973 3587 4045">
     <span class='ocr_line' id='line_1_84' title="bbox 2030 3973 3587 4045; baseline 0.001 -19"><span class='ocrx_word' id='word_1_619' title='bbox 2030 3973 2201 4043; x_wconf 83' lang='grc' dir='ltr'>ἧπται</span> <span class='ocrx_word' id='word_1_620' title='bbox 2248 3975 2458 4038; x_wconf 85' lang='grc' dir='ltr'>τούτοις</span> <span class='ocrx_word' id='word_1_621' title='bbox 2513 3976 2593 4040; x_wconf 83' lang='grc' dir='ltr'><strong>τὸ,</strong></span> <span class='ocrx_word' id='word_1_622' title='bbox 2635 3976 2762 4028; x_wconf 85' lang='grc' dir='ltr'>’Ὀτι</span> <span class='ocrx_word' id='word_1_623' title='bbox 2806 3979 2838 4029; x_wconf 89' lang='grc' dir='ltr'><strong>ὀ</strong></span> <span class='ocrx_word' id='word_1_624' title='bbox 2869 3976 3011 4041; x_wconf 89' lang='grc' dir='ltr'>Θεὸς</span> <span class='ocrx_word' id='word_1_625' title='bbox 3037 3977 3109 4028; x_wconf 76' lang='grc' dir='ltr'>ἐν</span> <span class='ocrx_word' id='word_1_626' title='bbox 3159 3973 3336 4045; x_wconf 74' lang='grc' dir='ltr'>γενεᾷ</span> <span class='ocrx_word' id='word_1_627' title='bbox 3384 3974 3587 4039; x_wconf 78' lang='grc' dir='ltr'>δικαίᾳ.</span> 
     </span>
    </p>
   </div>
   <div class='ocr_carea' id='block_1_85' title="bbox 358 4053 1944 4135">
    <p class='ocr_par' dir='ltr' id='par_1_85' title="bbox 358 4057 1929 4135">
     <span class='ocr_line' id='line_1_85' title="bbox 358 4057 1929 4135; baseline 0.009 -29"><span class='ocrx_word' id='word_1_628' title='bbox 358 4069 538 4108; x_wconf 89' lang='lat' dir='ltr'><strong>eorum</strong></span> <span class='ocrx_word' id='word_1_629' title='bbox 565 4057 654 4126; x_wconf 88' lang='lat' dir='ltr'><strong>qui</strong></span> <span class='ocrx_word' id='word_1_630' title='bbox 690 4057 987 4112; x_wconf 86' lang='lat' dir='ltr'><strong>hominibus</strong></span> <span class='ocrx_word' id='word_1_631' title='bbox 1012 4060 1238 4128; x_wconf 84' lang='lat' dir='ltr'><strong>placent,</strong></span> <span class='ocrx_word' id='word_1_632' title='bbox 1269 4063 1478 4131; x_wconf 78' lang='lat' dir='ltr'><strong>confusi</strong></span> <span class='ocrx_word' id='word_1_633' title='bbox 1511 4074 1633 4118; x_wconf 87' lang='lat' dir='ltr'><strong>sunt</strong></span> <span class='ocrx_word' id='word_1_634' title='bbox 1677 4067 1929 4135; x_wconf 89' lang='lat' dir='ltr'><strong>quoniam</strong></span> 
     </span>
    </p>
   </div>
   <div class='ocr_carea' id='block_1_86' title="bbox 2046 4053 3587 4135">
    <p class='ocr_par' dir='ltr' id='par_1_86' title="bbox 2046 4053 3587 4134">
     <span class='ocr_line' id='line_1_86' title="bbox 2046 4053 3587 4134; baseline 0.002 -20"><span class='ocrx_word' id='word_1_635' title='bbox 2046 4063 2279 4132; x_wconf 76' lang='grc' dir='ltr'><strong>Βουλήν</strong></span> <span class='ocrx_word' id='word_1_636' title='bbox 2303 4065 2540 4134; x_wconf 83' lang='grc' dir='ltr'>πτωχοῦ</span> <span class='ocrx_word' id='word_1_637' title='bbox 2589 4053 3028 4133; x_wconf 64' lang='grc' dir='ltr'>κατοησχύι-ατε,</span> <span class='ocrx_word' id='word_1_638' title='bbox 3059 4066 3147 4119; x_wconf 86' lang='grc' dir='ltr'>ὅτι</span> <span class='ocrx_word' id='word_1_639' title='bbox 3188 4067 3401 4133; x_wconf 81' lang='grc' dir='ltr'>Κύριος</span> <span class='ocrx_word' id='word_1_640' title='bbox 3427 4065 3587 4128; x_wconf 75' lang='grc' dir='ltr'>ἐλπίς</span> 
     </span>
    </p>
   </div>
   <div class='ocr_carea' id='block_1_87' title="bbox 357 4139 1929 4226">
    <p class='ocr_par' dir='ltr' id='par_1_87' title="bbox 357 4139 1929 4226">
     <span class='ocr_line' id='line_1_87' title="bbox 357 4139 1929 4226; baseline 0.012 -33"><span class='ocrx_word' id='word_1_641' title='bbox 357 4139 499 4196; x_wconf 89' lang='lat' dir='ltr'><strong>Deus</strong></span> <span class='ocrx_word' id='word_1_642' title='bbox 553 4145 744 4221; x_wconf 80' lang='lat' dir='ltr'><strong>sprevit</strong></span> <span class='ocrx_word' id='word_1_643' title='bbox 783 4162 892 4202; x_wconf 89' lang='lat' dir='ltr'><strong>eos.</strong></span> <span class='ocrx_word' id='word_1_644' title='bbox 927 4146 1032 4203; x_wconf 86' lang='lat' dir='ltr'><strong>Sed</strong></span> <span class='ocrx_word' id='word_1_645' title='bbox 1063 4166 1183 4220; x_wconf 71' lang='lat' dir='ltr'><strong>qua:</strong></span> <span class='ocrx_word' id='word_1_646' title='bbox 1224 4153 1444 4207; x_wconf 89' lang='lat' dir='ltr'><strong>tertium</strong></span> <span class='ocrx_word' id='word_1_647' title='bbox 1484 4154 1756 4209; x_wconf 92' lang='lat' dir='ltr'><strong>decimum</strong></span> <span class='ocrx_word' id='word_1_648' title='bbox 1805 4171 1929 4226; x_wconf 90' lang='lat' dir='ltr'><strong>spe-</strong></span> 
     </span>
    </p>
   </div>
   <div class='ocr_carea' id='block_1_88' title="bbox 356 4236 1923 4312">
    <p class='ocr_par' dir='ltr' id='par_1_88' title="bbox 356 4236 1923 4312">
     <span class='ocr_line' id='line_1_88' title="bbox 356 4236 1923 4312; baseline 0.011 -26"><span class='ocrx_word' id='word_1_649' title='bbox 356 4238 508 4288; x_wconf 88' lang='lat' dir='ltr'><strong>ctant</strong></span> <span class='ocrx_word' id='word_1_650' title='bbox 537 4236 652 4291; x_wconf 91' lang='lat' dir='ltr'><strong>suis</strong></span> <span class='ocrx_word' id='word_1_651' title='bbox 680 4236 814 4292; x_wconf 92' lang='lat' dir='ltr'><strong>locis</strong></span> <span class='ocrx_word' id='word_1_652' title='bbox 837 4241 1057 4309; x_wconf 87' lang='lat' dir='ltr'><strong>propria</strong></span> <span class='ocrx_word' id='word_1_653' title='bbox 1076 4240 1522 4312; x_wconf 83' lang='lat' dir='ltr'><strong>interpretatione</strong></span> <span class='ocrx_word' id='word_1_654' title='bbox 1553 4247 1752 4301; x_wconf 89' lang='lat' dir='ltr'><strong>donata</strong></span> <span class='ocrx_word' id='word_1_655' title='bbox 1774 4255 1923 4304; x_wconf 91' lang='lat' dir='ltr'><strong>sunt.</strong></span> 
     </span>
    </p>
   </div>
   <div class='ocr_carea' id='block_1_89' title="bbox 2029 4155 3589 4224">
    <p class='ocr_par' dir='ltr' id='par_1_89' title="bbox 2029 4155 3589 4224">
     <span class='ocr_line' id='line_1_89' title="bbox 2029 4155 3589 4224; baseline 0.001 -18"><span class='ocrx_word' id='word_1_656' title='bbox 2029 4155 2218 4208; x_wconf 84' lang='grc' dir='ltr'>αὺτοῦ</span> <span class='ocrx_word' id='word_1_657' title='bbox 2258 4155 2452 4209; x_wconf 79' lang='grc' dir='ltr'>ἐστιν’</span> <span class='ocrx_word' id='word_1_658' title='bbox 2485 4155 2720 4210; x_wconf 78' lang='grc' dir='ltr'>ἐνταῦθα</span> <span class='ocrx_word' id='word_1_659' title='bbox 2745 4156 2823 4219; x_wconf 85' lang='grc' dir='ltr'><strong>δὲ,</strong></span> <span class='ocrx_word' id='word_1_660' title='bbox 2861 4159 2980 4210; x_wconf 85' lang='grc' dir='ltr'>’Ότι</span> <span class='ocrx_word' id='word_1_661' title='bbox 3009 4161 3042 4211; x_wconf 83' lang='grc' dir='ltr'><strong>ὀ</strong></span> <span class='ocrx_word' id='word_1_662' title='bbox 3091 4155 3236 4223; x_wconf 85' lang='grc' dir='ltr'>Θεὸς</span> <span class='ocrx_word' id='word_1_663' title='bbox 3268 4156 3589 4224; x_wconf 75' lang='grc' dir='ltr'>διεσκόρπι-</span> 
     </span>
    </p>
   </div>
   <div class='ocr_carea' id='block_1_90' title="bbox 2029 4243 3587 4316">
    <p class='ocr_par' dir='ltr' id='par_1_90' title="bbox 2029 4243 3587 4316">
     <span class='ocr_line' id='line_1_90' title="bbox 2029 4243 3587 4316; baseline 0.001 -20"><span class='ocrx_word' id='word_1_664' title='bbox 2029 4258 2143 4297; x_wconf 77' lang='grc' dir='ltr'>σεν</span> <span class='ocrx_word' id='word_1_665' title='bbox 2171 4243 2320 4299; x_wconf 84' lang='grc' dir='ltr'>ὀστᾶ</span> <span class='ocrx_word' id='word_1_666' title='bbox 2353 4243 2888 4315; x_wconf 62' lang='grc' dir='ltr'>ἀνθωπαρέσκων,</span> <span class='ocrx_word' id='word_1_667' title='bbox 2923 4249 3463 4316; x_wconf 71' lang='grc' dir='ltr'>κατῃσχύνθησαγ,</span> <span class='ocrx_word' id='word_1_668' title='bbox 3505 4247 3587 4299; x_wconf 83' lang='grc' dir='ltr'>ὅτι</span> 
     </span>
    </p>
   </div>
   <div class='ocr_carea' id='block_1_91' title="bbox 356 4319 1944 4408">
    <p class='ocr_par' dir='ltr' id='par_1_91' title="bbox 356 4319 1920 4408">
     <span class='ocr_line' id='line_1_91' title="bbox 356 4319 1920 4408; baseline 0.013 -34"><span class='ocrx_word' id='word_1_669' title='bbox 356 4319 488 4386; x_wconf 62' lang='lat' dir='ltr'><strong>Quae</strong></span> <span class='ocrx_word' id='word_1_670' title='bbox 514 4337 644 4379; x_wconf 88' lang='lat' dir='ltr'><strong>vero</strong></span> <span class='ocrx_word' id='word_1_671' title='bbox 669 4324 783 4394; x_wconf 84' lang='lat' dir='ltr'><strong>jam</strong></span> <span class='ocrx_word' id='word_1_672' title='bbox 817 4334 1141 4395; x_wconf 77' lang='lat' dir='ltr'><strong>tractantur,</strong></span> <span class='ocrx_word' id='word_1_673' title='bbox 1177 4348 1284 4402; x_wconf 89' lang='lat' dir='ltr'><strong>qua</strong></span> <span class='ocrx_word' id='word_1_674' title='bbox 1319 4336 1532 4393; x_wconf 88' lang='lat' dir='ltr'><strong>ratione</strong></span> <span class='ocrx_word' id='word_1_675' title='bbox 1561 4338 1920 4408; x_wconf 82' lang='lat' dir='ltr'><strong>explicaveri-</strong></span> 
     </span>
    </p>
   </div>
   <div class='ocr_carea' id='block_1_92' title="bbox 2046 4319 3586 4408">
    <p class='ocr_par' dir='ltr' id='par_1_92' title="bbox 2046 4329 3586 4408">
     <span class='ocr_line' id='line_1_92' title="bbox 2046 4329 3586 4408; baseline 0 -21"><span class='ocrx_word' id='word_1_676' title='bbox 2046 4338 2061 4388; x_wconf 73' lang='lat'><em>5</em></span> <span class='ocrx_word' id='word_1_677' title='bbox 2101 4333 2245 4401; x_wconf 85' lang='grc' dir='ltr'>Θεὸς</span> <span class='ocrx_word' id='word_1_678' title='bbox 2265 4335 2676 4402; x_wconf 65' lang='grc' dir='ltr'>ἐξουδέκωσεν</span> <span class='ocrx_word' id='word_1_679' title='bbox 2695 4340 2932 4404; x_wconf 85' lang='grc' dir='ltr'>αὐτούς.</span> <span class='ocrx_word' id='word_1_680' title='bbox 2975 4337 3133 4392; x_wconf 79' lang='grc' dir='ltr'>Ἀλλὰ</span> <span class='ocrx_word' id='word_1_681' title='bbox 3163 4329 3260 4408; x_wconf 84' lang='grc' dir='ltr'>μὲν</span> <span class='ocrx_word' id='word_1_682' title='bbox 3298 4340 3376 4400; x_wconf 84' lang='grc' dir='ltr'><strong>είς</strong></span> <span class='ocrx_word' id='word_1_683' title='bbox 3394 4337 3478 4391; x_wconf 83' lang='grc' dir='ltr'><strong>τὸν</strong></span> <span class='ocrx_word' id='word_1_684' title='bbox 3524 4341 3586 4403; x_wconf 63' lang='grc' dir='ltr'><strong>ιγ</strong></span> 
     </span>
    </p>
   </div>
   <div class='ocr_carea' id='block_1_93' title="bbox 355 4417 1282 4492">
    <p class='ocr_par' dir='ltr' id='par_1_93' title="bbox 355 4417 1282 4492">
     <span class='ocr_line' id='line_1_93' title="bbox 355 4417 1282 4492; baseline 0.011 -24"><span class='ocrx_word' id='word_1_685' title='bbox 355 4430 500 4484; x_wconf 87' lang='lat' dir='ltr'><strong>mus,</strong></span> <span class='ocrx_word' id='word_1_686' title='bbox 533 4417 730 4488; x_wconf 87' lang='lat' dir='ltr'><strong>cuique</strong></span> <span class='ocrx_word' id='word_1_687' title='bbox 756 4418 950 4491; x_wconf 83' lang='lat' dir='ltr'><strong>legenti</strong></span> <span class='ocrx_word' id='word_1_688' title='bbox 979 4423 1155 4492; x_wconf 88' lang='lat' dir='ltr'><strong>palam</strong></span> <span class='ocrx_word' id='word_1_689' title='bbox 1181 4434 1282 4483; x_wconf 89' lang='lat' dir='ltr'><strong>est.</strong></span> 
     </span>
    </p>
   </div>
   <div class='ocr_carea' id='block_1_94' title="bbox 427 4675 1924 4748">
    <p class='ocr_par' dir='ltr' id='par_1_94' title="bbox 427 4675 1924 4748">
     <span class='ocr_line' id='line_1_94' title="bbox 427 4675 1924 4748; baseline 0.012 -20"><span class='ocrx_word' id='word_1_690' title='bbox 427 4675 590 4734; x_wconf 76' lang='lat' dir='ltr'><strong>Vsus.</strong></span> <span class='ocrx_word' id='word_1_691' title='bbox 627 4677 676 4737; x_wconf 88' lang='lat'><strong>7.</strong></span> <span class='ocrx_word' id='word_1_692' title='bbox 698 4680 829 4748; x_wconf 84' lang='lat' dir='ltr'><strong>Quis</strong></span> <span class='ocrx_word' id='word_1_693' title='bbox 855 4681 1002 4737; x_wconf 88' lang='lat' dir='ltr'><strong>dabit</strong></span> <span class='ocrx_word' id='word_1_694' title='bbox 1029 4699 1094 4738; x_wconf 79' lang='lat' dir='ltr'><strong>ea:</strong></span> <span class='ocrx_word' id='word_1_695' title='bbox 1124 4682 1254 4740; x_wconf 84' lang='lat' dir='ltr'><strong>Sion</strong></span> <span class='ocrx_word' id='word_1_696' title='bbox 1282 4685 1533 4742; x_wconf 88' lang='lat' dir='ltr'><strong>Salutare</strong></span> <span class='ocrx_word' id='word_1_697' title='bbox 1563 4686 1778 4746; x_wconf 84' lang='lat' dir='ltr'><strong>Israel?</strong></span> <span class='ocrx_word' id='word_1_698' title='bbox 1805 4708 1924 4746; x_wconf 89' lang='lat' dir='ltr'><strong>cum</strong></span> 
     </span>
    </p>
   </div>
   <div class='ocr_carea' id='block_1_95' title="bbox 351 4761 1923 4847">
    <p class='ocr_par' dir='ltr' id='par_1_95' title="bbox 351 4761 1923 4847">
     <span class='ocr_line' id='line_1_95' title="bbox 351 4761 1923 4847; baseline 0.011 -27"><span class='ocrx_word' id='word_1_699' title='bbox 351 4771 660 4825; x_wconf 83' lang='lat' dir='ltr'><strong>converterit</strong></span> <span class='ocrx_word' id='word_1_700' title='bbox 694 4771 835 4828; x_wconf 87' lang='lat' dir='ltr'><strong>Deus</strong></span> <span class='ocrx_word' id='word_1_701' title='bbox 866 4761 1222 4842; x_wconf 64' lang='lat' dir='ltr'><strong>Captivitatem</strong></span> <span class='ocrx_word' id='word_1_702' title='bbox 1254 4778 1418 4846; x_wconf 86' lang='lat' dir='ltr'><strong>plebis</strong></span> <span class='ocrx_word' id='word_1_703' title='bbox 1453 4797 1600 4847; x_wconf 63' lang='lat' dir='ltr'><strong>suat,</strong></span> <span class='ocrx_word' id='word_1_704' title='bbox 1635 4784 1923 4839; x_wconf 71' lang='lat' dir='ltr'><strong>exsultabit</strong></span> 
     </span>
    </p>
   </div>
   <div class='ocr_carea' id='block_1_96' title="bbox 349 4855 1921 4943">
    <p class='ocr_par' dir='ltr' id='par_1_96' title="bbox 349 4855 1921 4943">
     <span class='ocr_line' id='line_1_96' title="bbox 349 4855 1921 4943; baseline 0.015 -32"><span class='ocrx_word' id='word_1_705' title='bbox 349 4855 516 4914; x_wconf 85' lang='lat' dir='ltr'><strong>Jacob</strong></span> <span class='ocrx_word' id='word_1_706' title='bbox 551 4873 602 4916; x_wconf 90' lang='lat' dir='ltr'><strong>et</strong></span> <span class='ocrx_word' id='word_1_707' title='bbox 635 4863 904 4920; x_wconf 77' lang='lat' dir='ltr'><strong>lwtabitur</strong></span> <span class='ocrx_word' id='word_1_708' title='bbox 938 4867 1134 4925; x_wconf 85' lang='lat' dir='ltr'><strong>Israel.</strong></span> <span class='ocrx_word' id='word_1_709' title='bbox 1169 4870 1308 4926; x_wconf 86' lang='lat' dir='ltr'><strong>Cum</strong></span> <span class='ocrx_word' id='word_1_710' title='bbox 1350 4869 1623 4943; x_wconf 86' lang='lat' dir='ltr'><strong>Propheta</strong></span> <span class='ocrx_word' id='word_1_711' title='bbox 1662 4891 1728 4930; x_wconf 81' lang='lat' dir='ltr'><strong>ex</strong></span> <span class='ocrx_word' id='word_1_712' title='bbox 1767 4892 1921 4933; x_wconf 88' lang='lat' dir='ltr'><strong>reve-</strong></span> 
     </span>
    </p>
   </div>
   <div class='ocr_carea' id='block_1_97' title="bbox 350 4950 1917 5036">
    <p class='ocr_par' dir='ltr' id='par_1_97' title="bbox 350 4950 1917 5036">
     <span class='ocr_line' id='line_1_97' title="bbox 350 4950 1917 5036; baseline 0.014 -34"><span class='ocrx_word' id='word_1_713' title='bbox 350 4950 552 5009; x_wconf 89' lang='lat' dir='ltr'><strong>latione</strong></span> <span class='ocrx_word' id='word_1_714' title='bbox 595 4953 833 5026; x_wconf 87' lang='lat' dir='ltr'><strong>Spiritus</strong></span> <span class='ocrx_word' id='word_1_715' title='bbox 881 4963 1057 5016; x_wconf 89' lang='lat' dir='ltr'><strong>sancti</strong></span> <span class='ocrx_word' id='word_1_716' title='bbox 1109 4977 1306 5034; x_wconf 79' lang='lat' dir='ltr'><strong>magna</strong></span> <span class='ocrx_word' id='word_1_717' title='bbox 1348 4967 1689 5036; x_wconf 83' lang='lat' dir='ltr'><strong>concepisset</strong></span> <span class='ocrx_word' id='word_1_718' title='bbox 1731 4968 1917 5024; x_wconf 90' lang='lat' dir='ltr'><strong>animo</strong></span> 
     </span>
    </p>
   </div>
   <div class='ocr_carea' id='block_1_98' title="bbox 351 5037 1920 5124">
    <p class='ocr_par' dir='ltr' id='par_1_98' title="bbox 351 5037 1920 5124">
     <span class='ocr_line' id='line_1_98' title="bbox 351 5037 1920 5124; baseline 0.013 -31"><span class='ocrx_word' id='word_1_719' title='bbox 351 5037 418 5094; x_wconf 88' lang='lat' dir='ltr'><strong>de</strong></span> <span class='ocrx_word' id='word_1_720' title='bbox 463 5045 709 5112; x_wconf 85' lang='lat' dir='ltr'><strong>pernicie</strong></span> <span class='ocrx_word' id='word_1_721' title='bbox 747 5048 1093 5105; x_wconf 83' lang='lat' dir='ltr'><strong>inimicorum</strong></span> <span class='ocrx_word' id='word_1_722' title='bbox 1138 5051 1365 5108; x_wconf 85' lang='lat' dir='ltr'><strong>humani</strong></span> <span class='ocrx_word' id='word_1_723' title='bbox 1419 5059 1673 5124; x_wconf 80' lang='lat' dir='ltr'><strong>generis,</strong></span> <span class='ocrx_word' id='word_1_724' title='bbox 1723 5058 1920 5114; x_wconf 89' lang='lat' dir='ltr'><strong>deinde</strong></span> 
     </span>
    </p>
   </div>
   <div class='ocr_carea' id='block_1_99' title="bbox 348 5129 1913 5208">
    <p class='ocr_par' dir='ltr' id='par_1_99' title="bbox 348 5129 1913 5208">
     <span class='ocr_line' id='line_1_99' title="bbox 348 5129 1913 5208; baseline 0.015 -26"><span class='ocrx_word' id='word_1_725' title='bbox 348 5129 554 5189; x_wconf 84' lang='lat' dir='ltr'><strong>addidit</strong></span> <span class='ocrx_word' id='word_1_726' title='bbox 596 5138 765 5206; x_wconf 88' lang='lat' dir='ltr'><strong>illud,</strong></span> <span class='ocrx_word' id='word_1_727' title='bbox 799 5140 931 5208; x_wconf 81' lang='lat' dir='ltr'><strong>Quis</strong></span> <span class='ocrx_word' id='word_1_728' title='bbox 972 5144 1120 5198; x_wconf 85' lang='lat' dir='ltr'><strong>dabit</strong></span> <span class='ocrx_word' id='word_1_729' title='bbox 1163 5162 1228 5200; x_wconf 80' lang='lat' dir='ltr'><strong>ex</strong></span> <span class='ocrx_word' id='word_1_730' title='bbox 1272 5147 1401 5203; x_wconf 88' lang='lat' dir='ltr'><strong>Sion</strong></span> <span class='ocrx_word' id='word_1_731' title='bbox 1430 5149 1729 5204; x_wconf 79' lang='lat' dir='ltr'><strong>Salutare?</strong></span> <span class='ocrx_word' id='word_1_732' title='bbox 1771 5167 1835 5205; x_wconf 86' lang='lat' dir='ltr'><strong>ac</strong></span> <span class='ocrx_word' id='word_1_733' title='bbox 1866 5151 1913 5206; x_wconf 86' lang='lat' dir='ltr'><strong>si</strong></span> 
     </span>
    </p>
   </div>
   <div class='ocr_carea' id='block_1_100' title="bbox 346 5219 1916 5310">
    <p class='ocr_par' dir='ltr' id='par_1_100' title="bbox 346 5219 1916 5310">
     <span class='ocr_line' id='line_1_100' title="bbox 346 5219 1916 5310; baseline 0.015 -36"><span class='ocrx_word' id='word_1_734' title='bbox 346 5219 588 5289; x_wconf 86' lang='lat' dir='ltr'><strong>diceret,</strong></span> <span class='ocrx_word' id='word_1_735' title='bbox 619 5230 743 5297; x_wconf 86' lang='lat' dir='ltr'><strong>quis</strong></span> <span class='ocrx_word' id='word_1_736' title='bbox 781 5231 933 5288; x_wconf 87' lang='lat' dir='ltr'><strong>dabit</strong></span> <span class='ocrx_word' id='word_1_737' title='bbox 963 5235 1078 5290; x_wconf 67' lang='lat' dir='ltr'><strong>haec</strong></span> <span class='ocrx_word' id='word_1_738' title='bbox 1101 5237 1214 5306; x_wconf 87' lang='lat' dir='ltr'><strong>jam</strong></span> <span class='ocrx_word' id='word_1_739' title='bbox 1247 5254 1410 5308; x_wconf 91' lang='lat' dir='ltr'><strong>opere</strong></span> <span class='ocrx_word' id='word_1_740' title='bbox 1451 5241 1757 5310; x_wconf 87' lang='lat' dir='ltr'><strong>compleri?</strong></span> <span class='ocrx_word' id='word_1_741' title='bbox 1796 5228 1916 5296; x_wconf 86' lang='lat' dir='ltr'><strong>Non</strong></span> 
     </span>
    </p>
   </div>
   <div class='ocr_carea' id='block_1_101' title="bbox 347 5317 1915 5390">
    <p class='ocr_par' dir='ltr' id='par_1_101' title="bbox 347 5317 1915 5390">
     <span class='ocr_line' id='line_1_101' title="bbox 347 5317 1915 5390; baseline 0.014 -22"><span class='ocrx_word' id='word_1_742' title='bbox 347 5317 492 5371; x_wconf 89' lang='lat' dir='ltr'><strong>enim</strong></span> <span class='ocrx_word' id='word_1_743' title='bbox 527 5319 632 5374; x_wconf 88' lang='lat' dir='ltr'><strong>alia</strong></span> <span class='ocrx_word' id='word_1_744' title='bbox 667 5324 879 5382; x_wconf 89' lang='lat' dir='ltr'><strong>ratione</strong></span> <span class='ocrx_word' id='word_1_745' title='bbox 911 5330 1162 5386; x_wconf 87' lang='lat' dir='ltr'><strong>liberatio</strong></span> <span class='ocrx_word' id='word_1_746' title='bbox 1212 5347 1242 5386; x_wconf 88' lang='lat' dir='ltr'><strong>a</strong></span> <span class='ocrx_word' id='word_1_747' title='bbox 1287 5335 1444 5389; x_wconf 89' lang='lat' dir='ltr'><strong>malis</strong></span> <span class='ocrx_word' id='word_1_748' title='bbox 1486 5345 1604 5388; x_wconf 88' lang='lat' dir='ltr'><strong>rata</strong></span> <span class='ocrx_word' id='word_1_749' title='bbox 1647 5335 1752 5389; x_wconf 87' lang='lat' dir='ltr'><strong>erit</strong></span> <span class='ocrx_word' id='word_1_750' title='bbox 1787 5334 1915 5390; x_wconf 85' lang='lat' dir='ltr'><strong>ﬁliis</strong></span> 
     </span>
    </p>
   </div>
   <div class='ocr_carea' id='block_1_102' title="bbox 332 5405 1909 5493">
    <p class='ocr_par' dir='ltr' id='par_1_102' title="bbox 332 5405 1909 5493">
     <span class='ocr_line' id='line_1_102' title="bbox 332 5405 1909 5493; baseline 0.014 -33"><span class='ocrx_word' id='word_1_751' title='bbox 332 5405 630 5464; x_wconf 60' lang='lat' dir='ltr'><strong>hominum</strong></span> <span class='ocrx_word' id='word_1_752' title='bbox 653 5453 668 5480; x_wconf 91' lang='lat'><strong>,</strong></span> <span class='ocrx_word' id='word_1_753' title='bbox 696 5415 800 5471; x_wconf 86' lang='lat' dir='ltr'><strong>nisi</strong></span> <span class='ocrx_word' id='word_1_754' title='bbox 827 5433 924 5488; x_wconf 90' lang='lat' dir='ltr'><strong>per</strong></span> <span class='ocrx_word' id='word_1_755' title='bbox 947 5421 1124 5475; x_wconf 86' lang='lat' dir='ltr'><strong>solum</strong></span> <span class='ocrx_word' id='word_1_756' title='bbox 1149 5423 1442 5480; x_wconf 87' lang='lat' dir='ltr'><strong>adventum</strong></span> <span class='ocrx_word' id='word_1_757' title='bbox 1474 5426 1746 5483; x_wconf 84' lang='lat' dir='ltr'><strong>Salutaris</strong></span> <span class='ocrx_word' id='word_1_758' title='bbox 1777 5425 1909 5493; x_wconf 86' lang='lat' dir='ltr'><strong>Dei,</strong></span> 
     </span>
    </p>
   </div>
   <div class='ocr_carea' id='block_1_103' title="bbox 411 5584 903 5657">
    <p class='ocr_par' dir='ltr' id='par_1_103' title="bbox 411 5584 903 5657">
     <span class='ocr_line' id='line_1_103' title="bbox 411 5584 903 5657; baseline 0.024 -19"><span class='ocrx_word' id='word_1_759' title='bbox 411 5584 457 5617; x_wconf 82' lang='lat'><strong>&quot;</strong></span> <span class='ocrx_word' id='word_1_760' title='bbox 501 5584 643 5642; x_wconf 83' lang='lat' dir='ltr'><strong>Psal.</strong></span> <span class='ocrx_word' id='word_1_761' title='bbox 680 5605 814 5657; x_wconf 81' lang='lat' dir='ltr'><strong>xm,</strong></span> <span class='ocrx_word' id='word_1_762' title='bbox 850 5592 903 5649; x_wconf 81' lang='lat'><em>6.</em></span> 
     </span>
    </p>
   </div>
   <div class='ocr_carea' id='block_1_104' title="bbox 2027 4424 3582 4500">
    <p class='ocr_par' dir='ltr' id='par_1_104' title="bbox 2027 4424 3582 4500">
     <span class='ocr_line' id='line_1_104' title="bbox 2027 4424 3582 4500; baseline 0.001 -22"><span class='ocrx_word' id='word_1_763' title='bbox 2027 4424 2236 4490; x_wconf 74' lang='grc' dir='ltr'>οἰκείας</span> <span class='ocrx_word' id='word_1_764' title='bbox 2263 4426 2452 4498; x_wconf 75' lang='grc' dir='ltr'>ἔτυχεν</span> <span class='ocrx_word' id='word_1_765' title='bbox 2477 4430 2772 4500; x_wconf 80' lang='grc' dir='ltr'>ἑρμηνείας</span> <span class='ocrx_word' id='word_1_766' title='bbox 2801 4429 2943 4483; x_wconf 83' lang='grc' dir='ltr'>κατὰ</span> <span class='ocrx_word' id='word_1_767' title='bbox 2968 4431 3092 4492; x_wconf 84' lang='grc' dir='ltr'>τοὺς</span> <span class='ocrx_word' id='word_1_768' title='bbox 3122 4428 3355 4492; x_wconf 88' lang='grc' dir='ltr'>οἰκείους</span> <span class='ocrx_word' id='word_1_769' title='bbox 3379 4429 3582 4488; x_wconf 83' lang='grc' dir='ltr'>τόπους⁶</span> 
     </span>
    </p>
   </div>
   <div class='ocr_carea' id='block_1_105' title="bbox 2025 4516 3582 4591">
    <p class='ocr_par' dir='ltr' id='par_1_105' title="bbox 2025 4516 3582 4591">
     <span class='ocr_line' id='line_1_105' title="bbox 2025 4516 3582 4591; baseline -0.001 -22"><span class='ocrx_word' id='word_1_770' title='bbox 2025 4516 2099 4570; x_wconf 82' lang='grc' dir='ltr'>τὰ</span> <span class='ocrx_word' id='word_1_771' title='bbox 2154 4517 2211 4570; x_wconf 84' lang='grc' dir='ltr'><strong>δέ</strong></span> <span class='ocrx_word' id='word_1_772' title='bbox 2267 4519 2627 4589; x_wconf 87' lang='grc' dir='ltr'>προκείμενα,</span> <span class='ocrx_word' id='word_1_773' title='bbox 2661 4521 2808 4584; x_wconf 82' lang='grc' dir='ltr'>ὅπως</span> <span class='ocrx_word' id='word_1_774' title='bbox 2842 4522 2972 4591; x_wconf 76' lang='grc' dir='ltr'>ἡμῖν</span> <span class='ocrx_word' id='word_1_775' title='bbox 3013 4518 3284 4590; x_wconf 86' lang='grc' dir='ltr'>παρέστη,</span> <span class='ocrx_word' id='word_1_776' title='bbox 3317 4519 3582 4590; x_wconf 86' lang='grc' dir='ltr'>πρόκειται</span> 
     </span>
    </p>
   </div>
   <div class='ocr_carea' id='block_1_106' title="bbox 2023 4610 2609 4680">
    <p class='ocr_par' dir='ltr' id='par_1_106' title="bbox 2023 4610 2609 4680">
     <span class='ocr_line' id='line_1_106' title="bbox 2023 4610 2609 4680; baseline 0.003 -19"><span class='ocrx_word' id='word_1_777' title='bbox 2023 4612 2140 4672; x_wconf 81' lang='grc' dir='ltr'>τοῖς</span> <span class='ocrx_word' id='word_1_778' title='bbox 2168 4610 2609 4680; x_wconf 73' lang='grc' dir='ltr'>ἐντυγχάνουσιν.</span> 
     </span>
    </p>
   </div>
   <div class='ocr_carea' id='block_1_107' title="bbox 2101 4697 3583 4771">
    <p class='ocr_par' dir='ltr' id='par_1_107' title="bbox 2101 4697 3583 4771">
     <span class='ocr_line' id='line_1_107' title="bbox 2101 4697 3583 4771; baseline -0.002 -17"><span class='ocrx_word' id='word_1_779' title='bbox 2101 4700 2196 4765; x_wconf 87' lang='grc' dir='ltr'>Τίς</span> <span class='ocrx_word' id='word_1_780' title='bbox 2223 4697 2399 4754; x_wconf 77' lang='grc' dir='ltr'>δώσει</span> <span class='ocrx_word' id='word_1_781' title='bbox 2419 4701 2487 4754; x_wconf 81' lang='grc' dir='ltr'><strong>ἐκ</strong></span> <span class='ocrx_word' id='word_1_782' title='bbox 2517 4699 2670 4754; x_wconf 76' lang='grc' dir='ltr'>Σιὼν</span> <span class='ocrx_word' id='word_1_783' title='bbox 2689 4701 2753 4755; x_wconf 86' lang='grc' dir='ltr'><strong>τὸ</strong></span> <span class='ocrx_word' id='word_1_784' title='bbox 2779 4700 3075 4769; x_wconf 72' lang='grc' dir='ltr'>Σωτήριον</span> <span class='ocrx_word' id='word_1_785' title='bbox 3092 4701 3198 4755; x_wconf 89' lang='grc' dir='ltr'>τοῦ</span> <span class='ocrx_word' id='word_1_786' title='bbox 3242 4702 3498 4771; x_wconf 72' lang='grc' dir='ltr'>Ἰσραήλ;</span> <span class='ocrx_word' id='word_1_787' title='bbox 3517 4699 3583 4753; x_wconf 78' lang='grc' dir='ltr'><strong>ἐν</strong></span> 
     </span>
    </p>
   </div>
   <div class='ocr_carea' id='block_1_108' title="bbox 2023 4786 3581 4860">
    <p class='ocr_par' dir='ltr' id='par_1_108' title="bbox 2023 4786 3581 4860">
     <span class='ocr_line' id='line_1_108' title="bbox 2023 4786 3581 4860; baseline 0.001 -20"><span class='ocrx_word' id='word_1_788' title='bbox 2023 4786 2102 4852; x_wconf 86' lang='grc' dir='ltr'>τῷ</span> <span class='ocrx_word' id='word_1_789' title='bbox 2137 4788 2496 4857; x_wconf 75' lang='grc' dir='ltr'>ἐπιστρέψαι</span> <span class='ocrx_word' id='word_1_790' title='bbox 2529 4788 2636 4843; x_wconf 83' lang='grc' dir='ltr'>τὸν</span> <span class='ocrx_word' id='word_1_791' title='bbox 2667 4789 2816 4843; x_wconf 77' lang='grc' dir='ltr'>Θεὸν</span> <span class='ocrx_word' id='word_1_792' title='bbox 2859 4789 2976 4858; x_wconf 81' lang='grc' dir='ltr'><strong>τὴν</strong></span> <span class='ocrx_word' id='word_1_793' title='bbox 3019 4792 3435 4860; x_wconf 68' lang='grc' dir='ltr'>αἰχμαλωσίαν</span> <span class='ocrx_word' id='word_1_794' title='bbox 3482 4787 3581 4842; x_wconf 86' lang='grc' dir='ltr'>τοῦ</span> 
     </span>
    </p>
   </div>
   <div class='ocr_carea' id='block_1_109' title="bbox 2021 4879 3583 4952">
    <p class='ocr_par' dir='ltr' id='par_1_109' title="bbox 2021 4879 3583 4952">
     <span class='ocr_line' id='line_1_109' title="bbox 2021 4879 3583 4952; baseline 0.003 -19"><span class='ocrx_word' id='word_1_795' title='bbox 2021 4880 2176 4934; x_wconf 74' lang='grc' dir='ltr'>λαοῦ</span> <span class='ocrx_word' id='word_1_796' title='bbox 2197 4879 2403 4944; x_wconf 85' lang='grc' dir='ltr'>αὐτοῦ,</span> <span class='ocrx_word' id='word_1_797' title='bbox 2425 4881 2852 4950; x_wconf 73' lang='grc' dir='ltr'>ἀγαλλιάσεται</span> <span class='ocrx_word' id='word_1_798' title='bbox 2879 4881 3106 4947; x_wconf 85' lang='grc' dir='ltr'>Ἰακὼϐ,</span> <span class='ocrx_word' id='word_1_799' title='bbox 3142 4883 3240 4936; x_wconf 75' lang='grc' dir='ltr'><strong>καί</strong></span> <span class='ocrx_word' id='word_1_800' title='bbox 3263 4879 3583 4952; x_wconf 52' lang='lat' dir='ltr'><strong>smnpm-015‘</strong></span> 
     </span>
    </p>
   </div>
   <div class='ocr_carea' id='block_1_110' title="bbox 2024 4970 3579 5045">
    <p class='ocr_par' dir='ltr' id='par_1_110' title="bbox 2024 4970 3579 5045">
     <span class='ocr_line' id='line_1_110' title="bbox 2024 4970 3579 5045; baseline 0 -21"><span class='ocrx_word' id='word_1_801' title='bbox 2024 4985 2193 5024; x_wconf 81' lang='grc' dir='ltr'>σεται</span> <span class='ocrx_word' id='word_1_802' title='bbox 2231 4970 2500 5040; x_wconf 77' lang='grc' dir='ltr'>Ἰσραήλ.</span> <span class='ocrx_word' id='word_1_803' title='bbox 2543 4973 2769 5040; x_wconf 81' lang='grc' dir='ltr'>Μεγάλα</span> <span class='ocrx_word' id='word_1_804' title='bbox 2794 4973 3120 5042; x_wconf 78' lang='grc' dir='ltr'>φαντασθεὶς</span> <span class='ocrx_word' id='word_1_805' title='bbox 3155 4974 3184 5025; x_wconf 91' lang='lat'><strong>6</strong></span> <span class='ocrx_word' id='word_1_806' title='bbox 3211 4974 3491 5045; x_wconf 84' lang='grc' dir='ltr'>Προφήτης</span> <span class='ocrx_word' id='word_1_807' title='bbox 3517 4970 3579 5020; x_wconf 79' lang='grc' dir='ltr'><strong>ἐκ</strong></span> 
     </span>
    </p>
   </div>
   <div class='ocr_carea' id='block_1_111' title="bbox 2019 5061 3578 5134">
    <p class='ocr_par' dir='ltr' id='par_1_111' title="bbox 2019 5061 3578 5134">
     <span class='ocr_line' id='line_1_111' title="bbox 2019 5061 3578 5134; baseline -0.001 -20"><span class='ocrx_word' id='word_1_808' title='bbox 2019 5062 2119 5133; x_wconf 82' lang='grc' dir='ltr'>τῆς</span> <span class='ocrx_word' id='word_1_809' title='bbox 2155 5061 2248 5115; x_wconf 80' lang='grc' dir='ltr'>τοῦ</span> <span class='ocrx_word' id='word_1_810' title='bbox 2276 5062 2431 5132; x_wconf 85' lang='grc' dir='ltr'>ἁγίου</span> <span class='ocrx_word' id='word_1_811' title='bbox 2454 5061 2769 5133; x_wconf 88' lang='grc' dir='ltr'>Πνεύματος</span> <span class='ocrx_word' id='word_1_812' title='bbox 2804 5064 3192 5134; x_wconf 81' lang='grc' dir='ltr'>ἀποκαλύψεως</span> <span class='ocrx_word' id='word_1_813' title='bbox 3227 5065 3350 5134; x_wconf 75' lang='grc' dir='ltr'>περὶ</span> <span class='ocrx_word' id='word_1_814' title='bbox 3375 5064 3467 5132; x_wconf 84' lang='grc' dir='ltr'>τῆς</span> <span class='ocrx_word' id='word_1_815' title='bbox 3485 5062 3578 5112; x_wconf 81' lang='grc' dir='ltr'>ἀπ-</span> 
     </span>
    </p>
   </div>
   <div class='ocr_carea' id='block_1_112' title="bbox 2019 5149 3578 5225">
    <p class='ocr_par' dir='ltr' id='par_1_112' title="bbox 2019 5149 3578 5225">
     <span class='ocr_line' id='line_1_112' title="bbox 2019 5149 3578 5225; baseline 0.004 -19"><span class='ocrx_word' id='word_1_816' title='bbox 2019 5152 2215 5217; x_wconf 86' lang='grc' dir='ltr'>ωλείας</span> <span class='ocrx_word' id='word_1_817' title='bbox 2239 5153 2348 5206; x_wconf 86' lang='grc' dir='ltr'><strong>τῶν</strong></span> <span class='ocrx_word' id='word_1_818' title='bbox 2379 5151 2588 5224; x_wconf 87' lang='grc' dir='ltr'>ἐχθρῶν</span> <span class='ocrx_word' id='word_1_819' title='bbox 2617 5153 2708 5206; x_wconf 80' lang='grc' dir='ltr'>τοῦ</span> <span class='ocrx_word' id='word_1_820' title='bbox 2747 5154 2855 5207; x_wconf 91' lang='grc' dir='ltr'><strong>τῶν</strong></span> <span class='ocrx_word' id='word_1_821' title='bbox 2895 5153 3196 5225; x_wconf 86' lang='grc' dir='ltr'>ἀνθρώπων</span> <span class='ocrx_word' id='word_1_822' title='bbox 3225 5155 3432 5222; x_wconf 83' lang='grc' dir='ltr'>γένους,</span> <span class='ocrx_word' id='word_1_823' title='bbox 3461 5149 3578 5218; x_wconf 76' lang='grc' dir='ltr'><strong>ἑξῆς</strong></span> 
     </span>
    </p>
   </div>
   <div class='ocr_carea' id='block_1_113' title="bbox 2021 5239 3575 5316">
    <p class='ocr_par' dir='ltr' id='par_1_113' title="bbox 2021 5239 3575 5316">
     <span class='ocr_line' id='line_1_113' title="bbox 2021 5239 3575 5316; baseline -0.007 -15"><span class='ocrx_word' id='word_1_824' title='bbox 2021 5246 2270 5316; x_wconf 78' lang='grc' dir='ltr'>ἐπήγαγε</span> <span class='ocrx_word' id='word_1_825' title='bbox 2294 5245 2378 5313; x_wconf 81' lang='grc' dir='ltr'><strong>τὸ,</strong></span> <span class='ocrx_word' id='word_1_826' title='bbox 2415 5239 2511 5312; x_wconf 83' lang='grc' dir='ltr'>Τίς</span> <span class='ocrx_word' id='word_1_827' title='bbox 2532 5245 2710 5300; x_wconf 83' lang='grc' dir='ltr'>δώσει</span> <span class='ocrx_word' id='word_1_828' title='bbox 2738 5246 2805 5299; x_wconf 79' lang='grc' dir='ltr'>ἐκ</span> <span class='ocrx_word' id='word_1_829' title='bbox 2835 5244 2982 5299; x_wconf 81' lang='grc' dir='ltr'>Σιὼν</span> <span class='ocrx_word' id='word_1_830' title='bbox 3003 5246 3066 5298; x_wconf 86' lang='grc' dir='ltr'><strong>τὸ</strong></span> <span class='ocrx_word' id='word_1_831' title='bbox 3093 5245 3419 5313; x_wconf 73' lang='grc' dir='ltr'>Σωτήριον;</span> <span class='ocrx_word' id='word_1_832' title='bbox 3451 5241 3575 5294; x_wconf 77' lang='grc' dir='ltr'>ὡσεὶ</span> 
     </span>
    </p>
   </div>
   <div class='ocr_carea' id='block_1_114' title="bbox 2017 5329 3573 5407">
    <p class='ocr_par' dir='ltr' id='par_1_114' title="bbox 2017 5329 3573 5407">
     <span class='ocr_line' id='line_1_114' title="bbox 2017 5329 3573 5407; baseline -0.001 -21"><span class='ocrx_word' id='word_1_833' title='bbox 2017 5334 2204 5403; x_wconf 79' lang='grc' dir='ltr'>ἐλεγεο</span> <span class='ocrx_word' id='word_1_834' title='bbox 2237 5336 2333 5399; x_wconf 91' lang='grc' dir='ltr'><strong>Τίς</strong></span> <span class='ocrx_word' id='word_1_835' title='bbox 2374 5333 2534 5389; x_wconf 84' lang='grc' dir='ltr'>δώσει</span> <span class='ocrx_word' id='word_1_836' title='bbox 2575 5336 2673 5407; x_wconf 81' lang='grc' dir='ltr'><strong>ήδη</strong></span> <span class='ocrx_word' id='word_1_837' title='bbox 2719 5335 2848 5388; x_wconf 84' lang='grc' dir='ltr'>ποτὲ</span> <span class='ocrx_word' id='word_1_838' title='bbox 2889 5334 3063 5388; x_wconf 82' lang='grc' dir='ltr'>ταῦτα</span> <span class='ocrx_word' id='word_1_839' title='bbox 3098 5335 3166 5388; x_wconf 80' lang='grc' dir='ltr'>δι’</span> <span class='ocrx_word' id='word_1_840' title='bbox 3207 5335 3383 5406; x_wconf 76' lang='grc' dir='ltr'>ἔργων</span> <span class='ocrx_word' id='word_1_841' title='bbox 3407 5329 3573 5403; x_wconf 73' lang='grc' dir='ltr'><strong>χωρῆ⁴</strong></span> 
     </span>
    </p>
   </div>
   <div class='ocr_carea' id='block_1_115' title="bbox 2019 5421 3574 5498">
    <p class='ocr_par' dir='ltr' id='par_1_115' title="bbox 2019 5421 3574 5498">
     <span class='ocr_line' id='line_1_115' title="bbox 2019 5421 3574 5498; baseline 0 -16"><span class='ocrx_word' id='word_1_842' title='bbox 2019 5443 2138 5493; x_wconf 87' lang='grc' dir='ltr'>σαι;</span> <span class='ocrx_word' id='word_1_843' title='bbox 2173 5427 2249 5481; x_wconf 83' lang='grc' dir='ltr'><strong>Οὐ</strong></span> <span class='ocrx_word' id='word_1_844' title='bbox 2277 5426 2386 5498; x_wconf 84' lang='grc' dir='ltr'>γὰρ</span> <span class='ocrx_word' id='word_1_845' title='bbox 2413 5425 2588 5491; x_wconf 80' lang='grc' dir='ltr'>ἄλλως</span> <span class='ocrx_word' id='word_1_846' title='bbox 2628 5426 2898 5482; x_wconf 85' lang='grc' dir='ltr'>σεσῶσθαι</span> <span class='ocrx_word' id='word_1_847' title='bbox 2921 5425 3108 5482; x_wconf 87' lang='grc' dir='ltr'>κακῶν</span> <span class='ocrx_word' id='word_1_848' title='bbox 3134 5425 3439 5497; x_wconf 84' lang='grc' dir='ltr'>ἐλευθερίαν</span> <span class='ocrx_word' id='word_1_849' title='bbox 3465 5421 3574 5482; x_wconf 78' lang='grc' dir='ltr'>τοῖς</span> 
     </span>
    </p>
   </div>
  </div>
