3822 6280
262 312 350 370 461

1349 295 1854 359 COMMENTARIA
1894 292 1957 355 IN
2000 290 2126 354 PSA
2139 290 2341 356 LMOS.

3356 302 3461 358 50!

263 427 382 487 υίοϊς
407 420 505 476 τῶν
535 419 826 492 ἀνθρώπων
850 420 882 489 ἢ
914 420 1005 474 διά
1036 421 1200 492 μόνης
1234 403 1333 491 τῆς
1358 422 1675 490 ἐπιφανείας
1700 418 1789 473 τοῦ

1898 418 1964 474 de
1989 434 2098 489 quo
2125 417 2293 473 multa
2328 416 2577 471 feruntur
2603 417 2657 477 in
2687 416 2938 474 omnibus
2973 414 3295 489 Scripturis.
3328 419 3459 474 Pro.

262 514 506 585 Σωτηρίου
522 510 611 565 τοῦ
625 510 777 576 Θεοῦ,
797 512 921 583 περὶ
937 506 999 567 οὗ
1012 512 1175 577 πολὺς
1188 516 1217 566 ὁ
1232 512 1384 582 λόγος
1399 513 1484 567 διὰ
1498 512 1685 567 πασῶν
1698 512 1792 581 φέ-

264 604 505 681 paranti»)
544 602 786 675 Γραφῶν.
818 604 1135 676 Ἐπεύχεται
1154 604 1332 657 τοίνυν
1351 604 1522 673 λέγων
1540 622 1553 635 ο
1579 605 1673 669 Τίς
1686 604 1794 657 δώ-

260 717 341 753 σει
361 698 421 751 ἐκ
434 697 578 751 Σιὼν
598 695 662 748 τὸ
685 694 983 763 Σωτήρων
1007 695 1111 748 τοῦ
1147 696 1393 764 Ἰσραήλ
1408 712 1424 759 ;
1440 695 1702 757 Πολλάκις
1734 695 1791 747 δὲ

261 790 370 857 ήμῖν
390 786 609 857 εἴρηται,
634 785 709 847 ὡς
730 787 759 837 ὁ
783 785 1012 854 Χριστὸς
1034 784 1126 838 τοῦ
1152 785 1307 849 Θεοῦ,
1327 787 1355 837 ὁ
1370 784 1557 855 Σωτὴρ
1574 783 1665 836 καὶ
1676 784 1788 835 Κύι

261 895 356 948 ριος
385 876 525 946 ήμῶν
549 875 731 927 τοῦτον
758 876 815 926 ὲν
837 877 954 937 ταῖς
978 876 1337 946 προφητείαις
1366 874 1788 945 προαγορεύεται

257 969 333 1021 τὸν
362 967 543 1036 τρόπον
562 983 573 993 ·
608 966 879 1035 Σωτήριον
911 965 1017 1036 γὰρ
1047 966 1207 1017 αὑτὸν
1242 964 1425 1018 καλεῖν
1451 963 1699 1016 εἰώθασιν
1721 979 1734 992 ο
1762 962 1790 1014 δ

259 1063 472 1119 καὶπᾶσι
487 1063 592 1122 τοῖς
608 1059 782 1112 ἔθνεσι
800 1058 1208 1129 γνωσθήσεσθαι
1236 1059 1642 1129 ’προεκήρυττον
1664 1055 1718 1107 έν
1729 1071 1786 1106 τε

258 1155 350 1214 τοῖς
363 1150 527 1213 ἄλλοις
542 1151 634 1202 καὶ
653 1150 710 1201 ὲν
725 1143 806 1212 οἷς
826 1149 1037 1221 εἴρηται
1054 1166 1065 1178 ·
1090 1151 1309 1217 ’ᾼσατε
1330 1147 1408 1213 τῷ
1426 1148 1618 1214 Κυρίῳ
1629 1140 1791 1213 ᾆσμα

256 1242 456 1305 καινὸν,
473 1240 653 1306 ᾅσατε
674 1238 751 1304 τῷ
767 1241 980 1307 Κιξρίῳ,
999 1237 1166 1293 πᾶσα
1188 1241 1224 1307 ἡ
1251 1238 1343 1307 γῆ.
1357 1240 1565 1308 ᾎσατε
1580 1236 1657 1301 τῷ
1680 1239 1791 1290 Κυ-

251 1333 362 1399 ρίῳ,
385 1330 749 1397 εὐλογήσατε
771 1329 838 1383 τὸ
865 1331 1054 1400 ὄνομα
1079 1330 1280 1385 αὑτοῦ.
1306 1329 1789 1398 Εὐαγγελίσασθε

254 1422 455 1489 ἡμέραν
498 1420 566 1482 ἐξ
614 1420 838 1489 ἡμέρας
876 1422 938 1474 τὸ
981 1420 1276 1488 Σωτήρων
1328 1419 1534 1474 αὑτοῦ.
1606 1419 1789 1487 Ἀναγε

253 1508 458 1577 τείλατε
480 1506 601 1573 τοῖς
626 1508 833 1561 ἔθνεσι
865 1507 979 1574 τὴν
1008 1508 1196 1572 δόξαν
1218 1506 1434 1560 αὐτοῦ·
1471 1506 1565 1559 καὶ
1596 1506 1787 1559 πάλιν·

256 1602 441 1667 ’ᾼσατε
487 1597 563 1663 τῷ
609 1599 807 1666 Κυρίῳ
840 1592 1005 1666 ᾆσμα
1065 1598 1307 1662 καινὸν,
1344 1598 1432 1651 ὅτι
1479 1599 1789 1667 θαυμαστὰ

249 1689 523 1756 ἐποίησεν.
568 1688 879 1758 Ἐγνιὶιρισε
903 1691 1119 1756 Κύριος
1146 1690 1212 1742 τὸ
1252 1686 1548 1756 Σωτήρων
1580 1688 1786 1752 αὐτοῦ,

1898 518 2058 566 eatur
2089 511 2273 579 itaque
2311 508 2537 563 dicens:
2582 509 2713 575 Quis
2751 507 2897 561 dabit
2937 525 3001 564 ex
3038 509 3167 565 Sion
3209 509 3461 566 Salutare

1900 603 2072 657 Israel
2096 604 2122 657 .’
2149 600 2474 677 Plerumque
2503 610 2682 655 autem
2712 601 2980 667 diximus,
3017 602 3295 658 Christum
3327 601 3457 667 Dei,

1901 692 2237 746 Salvatorem
2271 697 2323 744 et
2352 688 2637 743 Dominum
2666 700 2916 744 nostrum
2950 692 3051 745 hoc
3082 693 3135 745 in
3163 692 3461 765 prophetiis

1898 784 2059 838 modo
2088 781 2349 853 appellari
2374 798 2389 847 ;
2419 794 2542 834 nam
2572 780 2724 834 illum
2752 779 3002 836 Salutare
3029 793 3223 837 vocare
3246 785 3456 839 solent:

1895 875 2040 946 quod
2084 875 2152 929 ab
2190 873 2444 928 omnibus
2483 871 2735 941 gentibus
2781 872 3056 943 cognitum
3105 876 3168 927 iri
3210 890 3461 944 przenum

1895 966 2108 1018 tiabant
2154 964 2273 1017 sive
2316 964 2369 1017 in
2403 962 2559 1027 aliis,
2603 963 2717 1017 sive
2765 962 2817 1017 in
2872 964 2975 1018 hoc
3014 964 3160 1017 dicto
3192 984 3204 1017 :
3239 965 3462 1020 Caritate

1898 1054 2121 1108 Domino
2156 1055 2421 1108 canticum
2468 1070 2689 1116 novum,
2735 1063 2946 1107 cantate
2980 1053 3241 1119 Domino,
3293 1059 3460 1110 omnis

1895 1154 2058 1200 terra.
2093 1145 2319 1201 Cantate
2349 1144 2573 1198 Domino
2595 1184 2609 1208 ,
2643 1143 2925 1197 benedicite
2955 1146 3155 1197 nomini
3184 1146 3296 1215 ejus
3318 1188 3333 1212 ,
3366 1163 3462 1199 an-

1898 1240 2136 1293 nuntiate
2161 1238 2224 1292 de
2250 1238 2335 1291 die
2366 1239 2419 1291 in
2449 1238 2583 1291 diem
2619 1235 2869 1291 Salutare
2896 1237 3030 1306 ejus.
3056 1238 3380 1291 Annuntiate
3408 1239 3463 1291 in

1893 1329 2132 1399 gentibus
2164 1330 2388 1400 gloriam
2426 1329 2537 1397 ejus
2567 1329 2653 1381 ⁸⁰;
2690 1344 2753 1383 ac
2782 1344 2999 1384 rursum
3023 1368 3039 1393 ,
3082 1328 3309 1383 Cantate
3357 1328 3463 1382 Do-

1895 1421 2036 1474 mino
2063 1422 2331 1473 canticum
2361 1438 2549 1475 novum
2569 1459 2585 1486 ,
2618 1423 2744 1491 quia
2774 1422 3043 1476 mirabilia
3079 1422 3219 1492 fecit.
3260 1422 3464 1477 Notum

1896 1510 2017 1578 fecit
2053 1510 2308 1564 Dominus
2340 1510 2593 1566 Salutare
2625 1528 2779 1565 suum
2798 1552 2813 1577 ,
2844 1513 2898 1565 in
2929 1522 3203 1580 conspectu
3231 1514 3463 1583 gentium

1896 1602 2142 1657 revelavit
2164 1602 2436 1670 justitiam
2469 1619 2620 1655 suam
2650 1602 2689 1633 ⁸¹
2725 1618 2743 1664 ;
2785 1610 2840 1657 et
2892 1602 3062 1657 Isaias
3095 1622 3108 1657 :
3161 1602 3460 1666 Revelabit,

1899 1694 2110 1763 inquit,
2157 1693 2415 1747 Dominus
2460 1693 2731 1747 brachium
2775 1703 3019 1747 sanctum
3061 1711 3215 1746 suum
3248 1695 3303 1747 in
3341 1711 3464 1748 com

248 1779 496 1832 ἐναντίον
516 1779 634 1832 τῶν
664 1778 856 1833 ἐθνῶν
891 1779 1245 1848 ἁπεκάλυψε
1268 1778 1380 1847 τὴν
1400 1779 1789 1847 δικαιοσύνην

1898 1793 2071 1852 specta
2099 1784 2334 1837 omnium
2358 1784 2425 1848 ⁸⁸,
2455 1793 2509 1839 et
2536 1792 2749 1839 caetera.
2778 1783 2844 1836 Et
2865 1784 2978 1853 jam
3008 1799 3149 1854 saepe
3176 1785 3463 1840 verborum

250 1869 440 1923 αὐτοῦ’
467 1868 557 1923 καὶ
588 1871 618 1921 ὁ
658 1870 905 1933 Ἡσαΐας,
946 1861 1374 1938 Ἀποκαξλύψει,
1401 1871 1553 1939 φησὶ,
1578 1870 1790 1937 Κύριος

246 1960 337 2012 τὸν
357 1961 643 2029 βραχίονα
672 1962 777 2013 τὸν
801 1961 969 2030 ἅγιον
1015 1960 1202 2016 αὐτοῦ
1244 1960 1498 2014 ἐνώπιον
1554 1960 1791 2014 πάντων

246 2047 346 2100 τῶν
366 2049 564 2112 ἐθνῶν,
590 2052 687 2103 καὶ
712 2049 779 2103 τὰ
810 2051 955 2121 ἑξῆς.
1003 2052 1139 2123 Ἤδη
1170 2051 1225 2104 δὲ
1260 2051 1517 2114 πολλάκις
1548 2069 1787 2122 παρατε-

246 2136 447 2208 θείμεθα
471 2141 574 2195 τῶν
603 2141 778 2208 λόγων
829 2142 890 2194 τὸ
921 2143 1267 2212 ἀποτέλεσμα
1291 2183 1305 2207 ,
1346 2143 1788 2213 μαρτυρούμενον

246 2228 336 2282 ὑπὸ
359 2230 445 2284 τοῦ
476 2232 722 2302 Συμεῶν,
750 2226 827 2296 ὃς,
854 2232 944 2286 τὸν
978 2232 1205 2305 Σωτῆρα
1242 2234 1336 2287 καὶ
1379 2234 1582 2305 Κύριον
1631 2233 1788 2303 ήμῶν

256 2317 437 2386 Ἰησοῦν
462 2321 716 2390 Χριστὸν,
742 2320 819 2373 ἔτι
848 2321 1039 2392 νήπιον
1072 2321 1219 2383 ὄντα,
1254 2324 1374 2386 ταῖς
1405 2321 1673 2389 ἀγκάλαις
1692 2320 1786 2399 λατ

245 2407 355 2472 ὁὼν,
386 2410 696 2481 ἀνεφώνησε
721 2412 894 2479 λέγων
914 2429 925 2440 ·
967 2412 1090 2465 Νῦν
1115 2412 1401 2477 ἀπολύεις
1429 2412 1536 2465 τὸν
1562 2406 1787 2465 δοῦλόν

1897 1884 2149 1929 eventum
2180 1875 2556 1945 exposuimus,
2591 1875 2905 1930 testimonio
2938 1874 3211 1930 Simeonis
3242 1875 3461 1937 fultum,

1896 1966 1989 2033 qui
2026 1964 2362 2019 Salvatorem
2397 1972 2450 2019 et
2480 1963 2769 2019 Dominum
2813 1974 3059 2021 nostrum
3088 1964 3273 2021 Jesum
3303 1965 3464 2019 Chri-

1898 2064 2040 2110 stum
2073 2054 2252 2109 adhuc
2278 2054 2538 2109 infantem
2560 2095 2574 2119 ,
2608 2055 2663 2109 in
2695 2056 2840 2110 ulnis
2870 2057 3175 2127 accipiens,
3209 2056 3289 2111 sic
3319 2055 3466 2110 voci-

1896 2142 2103 2198 feratus
2134 2152 2250 2207 est,
2286 2142 2338 2195 Ν
2347 2160 2444 2196 unc
2479 2143 2703 2197 dimittis
2746 2161 2951 2199 servum
2991 2154 3175 2211 tuum,
3208 2144 3459 2207 Domine.

1893 2234 2181 2289 secundum
2210 2235 2419 2288 verbum
2449 2244 2595 2287 tuum
2627 2236 2681 2289 in
2705 2243 2832 2305 pace
2855 2252 2873 2289 :
2903 2238 3029 2306 quia
3056 2238 3295 2291 viderunt
3327 2236 3466 2289 oculi

1895 2326 1998 2379 mei
2029 2324 2279 2380 Salutare
2298 2365 2314 2391 ,
2344 2325 2481 2395 quod
2512 2328 2718 2395 parasti
2753 2336 2875 2380 ante
2889 2327 3079 2395 facient
3109 2328 3338 2381 omnium
3366 2342 3464 2395 po-

1891 2417 2137 2483 palorum
2162 2410 2231 2473 ⁸⁵.

242 2468 363 2561 σου,
382 2468 668 2565 Δέσποτα,
701 2468 849 2555 κατὰ
875 2502 939 2555 τὸ
971 2501 1157 2570 ὄνομά
1186 2517 1304 2556 σου
1430 2498 1657 2571 εἰρήνην
1695 2503 1784 2557 ὅτι
1821 2468 1986 2561 εἶξον
2016 2511 2069 2562 οἱ
2098 2468 2391 2577 ὀφθαλμοί
2406 2526 2524 2577 μου
2584 2508 2651 2562 τὸ
2703 2508 3029 2576 Σωτήριον,
3072 2509 3103 2563 ὃ
3138 2509 3469 2577 ἡτοίμασας

244 2589 371 2642 κατὰ
396 2591 716 2657 πρόσωπον
744 2590 986 2644 πάντων
1017 2590 1135 2644 τῶν
1164 2591 1372 2649 ἐθνῶν.

313 2703 457 2757 Ἀλλά
485 2705 660 2758 ταῦτα
696 2706 791 2775 μὲν
814 2706 871 2759 ὲν
904 2707 1255 2775 Εὐαγγελίοις
1284 2709 1604 2780 ἐπληροῦτο.
1636 2712 1701 2764 Oi’
1725 2728 1786 2778 γε

246 2794 335 2865 μήν
358 2797 566 2851 παλαιοὶ
594 2799 891 2869 προφῆται,
927 2800 987 2852 τὸ
1011 2800 1201 2870 μέλλον
1230 2802 1308 2871 τῷ
1339 2803 1611 2873 [Ινεύματι
1658 2820 1789 2875 προ-

241 2878 545 2957 θεωροῦντες
567 2929 581 2953 ,
608 2882 706 2943 καὶ
751 2890 858 2943 τῶν
888 2892 1107 2959 ἀγαθῶν
1137 2894 1217 2955 είς
1260 2894 1437 2963 ἔρωτα
1484 2895 1578 2946 καὶ
1629 2895 1789 2947 πόθον

241 2976 518 3047 ἐρχόμενοι,
553 2980 800 3057 έπεὸόων
824 2983 880 3034 ὲν
906 2982 1113 3051 εὐχαῖς,
1152 2984 1273 3034 τοτὲ
1311 2983 1408 3052 μὲν
1453 2986 1749 3051 φάσκοντες
1771 3000 1784 3016 ·

1970 2710 2073 2766 Sed
2108 2712 2221 2765 haec
2251 2710 2467 2780 quidem
2502 2711 2555 2765 in
2584 2707 2890 2781 Evangeliis
2922 2712 3139 2781 impleta
3170 2723 3316 2768 sunt.
3351 2702 3466 2766 Ana-

1896 2802 2033 2871 tiqui
2060 2816 2192 2855 vero
2218 2800 2492 2871 prophetae
2520 2798 2726 2869 Spiritu
2748 2800 2892 2869 quod
2927 2800 3166 2855 futurum
3193 2809 3310 2856 erat
3337 2811 3469 2870 praes

1896 2894 2175 2958 videntes,
2220 2902 2275 2948 et
2316 2894 2582 2948 bonorum
2629 2893 2906 2949 desiderio
2946 2904 3243 2964 umoreque
3284 2897 3466 2965 capti,

1896 2984 2205 3039 clamabant
2232 2983 2285 3037 in
2315 2983 2660 3038 orationibus
2680 3024 2696 3049 ,
2729 2982 2893 3038 modo
2921 2983 3140 3053 quidem
3176 2984 3308 3039 illud
3341 3001 3467 3055 pro-

240 3066 421 3129 Δεῖξον
446 3069 587 3138 ἡμῖν
606 3110 621 3134 ,
657 3056 857 3138 Κύριε,
884 3071 949 3125 τὸ
986 3073 1158 3138 ἔλεός
1184 3088 1299 3125 σου
1325 3112 1340 3135 ,
1372 3073 1467 3125 καὶ
1501 3071 1563 3125 τὸ
1595 3074 1789 3142 Σωτή-

1898 3076 2165 3138 ferentes,
2216 3073 2443 3130 Ostende
2490 3074 2677 3140 nobis,
2734 3074 2991 3137 Domine,
3046 3075 3468 3130 misericordiam

236 3158 352 3220 ριόν
384 3174 496 3214 σου
522 3160 683 3228 δῴης
700 3161 844 3230 ἡμῖν
861 3176 876 3192 ⁶
910 3163 1030 3215 τοτὲ
1054 3162 1111 3215 δὲ
1141 3163 1196 3215 ἐν
1226 3163 1355 3233 εὐχῇ
1380 3161 1623 3229 λέγοντες
1642 3181 1655 3191 ·
1699 3167 1791 3229 Τίς

237 3247 396 3304 δώσει
418 3253 485 3307 ἐκ
510 3255 666 3308 Σιὼν
701 3254 763 3307 τὸ
794 3250 1095 3323 Σωτήριον
1127 3248 1539 3324 τρῦ⁹’1σραήλ;
1578 3257 1643 3308 Τί
1686 3257 1793 3328 γὰρ

240 3342 322 3394 καὶ
373 3344 555 3414 ἔμελλε
608 3346 895 3414 γίγνεσθαι
945 3347 1299 3414 ἐπιφανέντος
1348 3346 1440 3400 τοῦ
1492 3348 1789 3419 Σωτηρίου,

240 3429 353 3501 ἑξῆς
380 3436 407 3487 ὀ
436 3434 589 3504 λόγος
625 3437 925 3508 παρίστησι
962 3438 1185 3505 φάσκων
1210 3453 1222 3465 ·
1269 3439 1364 3497 Ἐν
1411 3436 1490 3501 τῷ
1521 3438 1793 3505 ἐπιστρέ-

238 3523 335 3589 ψαι
359 3524 462 3578 τὸν
474 3528 697 3594 Κύριον
717 3525 830 3593 τὴν
853 3527 1271 3595 αἰχμαλωσίαν
1289 3527 1395 3580 τοῦ
1414 3527 1567 3580 λαοῦ
1583 3528 1789 3590 αὐτοῦ,

239 3609 645 3682 ἀγαλλιάσεται
678 3615 889 3680 Ἰακὼϐ,
911 3618 1008 3670 καὶ
1028 3616 1505 3684 εὐφρανθήσεται
1534 3616 1789 3684 Ἰσραήλ.

248 3702 394 3774 Ὁρᾷς
413 3745 427 3768 ,
459 3707 533 3769 ὡς
552 3748 566 3771 ,
602 3705 962 3774 ἐπιφανέντος
994 3704 1088 3758 τοῦ
1123 3706 1421 3777 Σωτηρίου,
1456 3706 1794 3776 ἐπιστροφὴν

240 3792 540 3861 γενήσεσθαι
572 3794 674 3863 τῆς
702 3792 1073 3863 αἰχμαλωσίας
1106 3793 1351 3856 θεσπίζει
1392 3794 1531 3847 κατὰ
1564 3793 1659 3864 τήν
1690 3812 1795 3847 σω-

238 3883 404 3952 τήριον
437 3884 618 3955 φωνὴν
654 3885 752 3953 τὴν
784 3886 1161 3956 ἐμφερομένην
1192 3887 1248 3937 ὲν
1273 3884 1350 3955 τῷ
1376 3885 1587 3954 λέγοντι
1622 3886 1679 3951 ἐξ
1706 3887 1796 3939 αὐ-

239 3968 320 4021 τοῦ
352 3971 638 4041 προσώπου
683 3972 963 4043 προφήτῃο
997 3972 1240 4040 Πνεῦμα
1280 3972 1500 4039 Κυρίου
1547 3970 1637 4023 ἐπ’
1668 3969 1791 4038 ἐμὲ,

238 4057 301 4115 οὗ
351 4062 578 4115 εἵνεκεν
618 4061 831 4132 ἔχρισε
864 4080 960 4131 με,
1013 4060 1492 4131 εὐαγγελίζεσθαι
1539 4061 1792 4130 πτωχοῖς

238 4151 563 4206 ἀπέσταλκέ
586 4170 685 4223 με,
715 4154 967 4222 κηρῦξαι
996 4156 1394 4223 αἰχμαλώτοις
1428 4153 1667 4221 ἄφεσιν,
1698 4171 1796 4207 τυ·

237 4243 397 4311 φυτοῖς
427 4246 801 4313 ἀνάϐλεψιν;
848 4246 914 4314 ἣν
944 4246 1082 4315 μετὰ
1124 4249 1312 4315 χεῖρας
1352 4244 1516 4307 αὐτὸς
1548 4248 1575 4297 ὁ
1606 4244 1796 4315 Σωτὴρ
1820 4232 1831 4242 ο

236 4332 324 4395 ἐπὶ,
346 4335 439 4406 τῆς
465 4336 792 4404 συναγωγῆς
841 4334 950 4388 τῶν
994 4335 1261 4389 Ἰουδαίων
1293 4333 1472 4387 λαϐὼν
1491 4375 1506 4398 ,
1561 4332 1655 4387 καὶ
1703 4335 1795 4387 τὸν

235 4395 641 4480 «miscemus
699 4395 1141 4497 επεσφραγίσατο
1195 4427 1399 4497 φήσας·
1444 4395 1712 4493 Σήμερον
1753 4427 1792 4492 ή
1828 4395 1870 4449 D

237 4510 429 4582 Γραφὴ
450 4516 601 4582 αὕτη
631 4515 1009 4583 πεπλήρωται
1043 4515 1113 4567 ἐν
1140 4514 1263 4580 τοῖς
1294 4514 1445 4567 ὠσὶν
1466 4512 1649 4583 ὑμῶν.
1687 4507 1799 4584 Τῆς

236 4598 317 4655 οὖν
346 4606 721 4675 αἰχμαλωσίας
762 4606 1067 4677 ἀνεθείσης,
1091 4608 1299 4677 χορεῖαι
1326 4604 1509 4657 λοιπὸν
1546 4602 1604 4669 ὲξ
1631 4604 1798 4673 αὐτῆς

240 4693 565 4750 συνίστανται
587 4737 603 4759 ,
634 4698 758 4759 τοὺς
801 4694 1003 4767 ὕμνους
1031 4697 1449 4766 άναπέμπουσαι
1483 4694 1558 4763 τῷ
1580 4693 1794 4746 ἐλευθε-

239 4787 369 4854 ρωτῇ
400 4785 627 4855 βασιλεῖ.
671 4787 808 4840 Τότε
855 4785 923 4837 δὲ
952 4787 1049 4839 καὶ
1087 4785 1517 4854 ἀγαλλιάσεται
1576 4783 1790 4847 Ἰακὼϐ,

237 4873 323 4927 καί
352 4875 828 4944 εὐφρανθήσεται
868 4876 1121 4943 Ἰσραήλ.
1149 4876 1282 4928 Τότε
1306 4875 1386 4941 δὲ,
1410 4875 1558 4937 πότε,
1589 4874 1622 4943 ἥ
1656 4874 1796 4927 κατὰ

234 4961 317 5021 τὸν
337 4964 525 5035 καιρὸν
558 4966 659 5034 τῆς
691 4965 1023 5036 δηλουμένης
1048 4964 1361 5036 ἐλευθερίας
1406 4963 1497 5017 τοῦ
1538 4963 1667 5017 λαοῦ
1701 4964 1793 5018 τοῦ

236 5048 378 5115 Θεοῦ,
406 5055 480 5117 ὡς
507 5058 649 5108 νοεῖν
684 5072 741 5108 σε
770 5055 954 5126 ἓτερον
993 5056 1090 5124 μὲν
1114 5052 1253 5109 εἶναι
1284 5057 1374 5109 τὸν
1399 5055 1791 5127 ἐλευθεροῦμε-

237 5154 316 5191 νον
340 5141 485 5207 λαὸν,
531 5143 626 5195 καὶ
681 5144 901 5214 ἑτέρους
943 5144 1069 5207 τοὺς
1101 5145 1193 5197 ἐπὶ
1224 5148 1292 5215 τῇ
1350 5144 1515 5197 αὐτοῦ
1552 5146 1795 5218 σωτηρίᾳ

235 5230 711 5304 ιύφραινομένους;
768 5234 939 5287 Τοῦτο
993 5234 1103 5305 γὰρ
1153 5237 1186 5306 ή
1235 5235 1442 5289 διάνοια
1504 5236 1795 5289 ὑποϐάλλει

235 5320 518 5387 φάσκοντος
544 5323 640 5376 τοῦ
662 5325 819 5391 λόγου
836 5342 850 5355 ·
901 5326 997 5379 Ἐν
1025 5324 1106 5390 τῷ
1131 5326 1487 5394 ἐπιστρέψαι
1516 5326 1621 5381 τὸν
1644 5329 1790 5380 Θεὸν

235 5408 339 5479 τὴν
364 5416 779 5483 αἰχμαλωσίαν
808 5417 915 5471 τοῦ
946 5416 1102 5472 λαοῦ
1144 5418 1360 5481 αὑτοῦ,
1412 5418 1503 5470 καὶ
1536 5416 1603 5469 τὰ
1645 5416 1790 5487 ἑξῆς.

365 5584 410 5619 ⁸⁸
450 5584 599 5643 Psal.
646 5602 767 5653 xcv.
824 5588 939 5649 1-3.

238 5653 277 5686 ⁸³
305 5655 406 5713 lsa.
439 5674 553 5747 ut,
594 5661 617 5714 1
652 5679 665 5729 ;
712 5660 843 5718 Luc.
880 5679 953 5730 ιν,
992 5664 1078 5731 18,
1107 5663 1188 5719 19.
1280 5663 1326 5695 ⁸⁸
1352 5662 1485 5716 Luc.
1520 5653 1595 5727 tv,
1629 5662 1719 5716 91.

1038 5594 1081 5626 ⁸¹
1124 5585 1267 5649 Psal.
1295 5608 1472 5653 xcvn.
1512 5591 1564 5655 1,
1603 5591 1659 5646 2.
1747 5592 1792 5623 ⁸³
1834 5582 1936 5648 lsa.
1971 5609 2081 5659 ιιι,
2121 5582 2206 5647 1ο.

1894 3174 2070 3230 tuam,
2097 3174 2147 3219 et
2174 3164 2426 3221 Salutare
2455 3176 2602 3219 tuum
2630 3164 2703 3217 da
2729 3164 2877 3218 nobis
2906 3164 2951 3195 “
2968 3181 2987 3228 ;
3018 3164 3179 3218 modo
3206 3173 3383 3219 autem
3412 3165 3466 3218 in

1892 3256 2137 3311 oratione
2180 3256 2424 3312 dicentes
2464 3273 2478 3309 :
2534 3255 2664 3322 Quis
2711 3253 2861 3307 dabit
2916 3269 2981 3307 ex
3055 3252 3183 3308 Sion
3215 3254 3466 3307 Salutare

1892 3344 2106 3402 Israel?
2127 3345 2267 3411 Quid
2281 3347 2423 3401 enim
2442 3356 2563 3416 post
2581 3345 2847 3401 Salutaris
2867 3345 3154 3401 adventum
3175 3358 3467 3401 evasurum

1892 3444 2067 3501 esset,
2101 3438 2154 3491 in
2186 3437 2545 3507 sequentibus
2576 3452 2760 3491 sermo
2792 3435 3035 3491 declarat
3068 3436 3255 3492 dicens
3282 3457 3294 3491 :
3335 3437 3469 3492 Cum

1891 3529 2198 3604 converterit
2229 3528 2486 3581 Dominus
2519 3528 2877 3596 captivitatem
2909 3527 3073 3596 plebis
3116 3543 3226 3581 sum
3245 3566 3260 3591 ,
3290 3528 3470 3581 exsulib

1896 3618 2025 3671 tabit
2068 3616 2234 3671 Jacob
2276 3626 2326 3671 et
2368 3617 2637 3672 laetabitur
2682 3616 2874 3671 Israel.
2926 3613 3117 3670 Viden’
3157 3622 3267 3685 q'uo
3309 3623 3469 3685 pacto

1894 3716 2017 3779 post
2071 3707 2341 3763 Salutaris
2390 3709 2715 3772 adventum,
2774 3708 3190 3762 conversionem
3241 3708 3469 3777 captivi-

1896 3796 2023 3850 tatis
2054 3793 2290 3848 l‘uturam
2320 3809 2443 3849 esse
2471 3795 2821 3857 vaticinatur,
2847 3794 3147 3848 secundum
3178 3794 3320 3847 illam
3347 3793 3469 3847 Sal-‘-

1895 3882 2099 3935 vatoris
2141 3897 2328 3937 vocem
2354 3921 2369 3946 ,
2414 3897 2535 3951 qua:
2576 3883 2631 3935 in
2674 3881 2935 3951 propheta
2977 3896 3042 3935 ex
3082 3882 3201 3951 ejus
3230 3898 3467 3951 persona

1896 3973 2150 4040 loquente
2180 3971 2350 4027 fertur
2378 3987 2390 4027 :
2419 3972 2648 4041 Spiritus
2678 3972 2889 4027 Domini
2916 3989 3072 4041 super
3102 3990 3182 4026 me
3202 4014 3216 4037 ,
3245 3990 3303 4027 eo
3329 3973 3467 4044 quod

1897 4064 2106 4116 unxerit
2139 4080 2253 4127 me,
2289 4064 2649 4133 euangelizare
2682 4063 2999 4133 pauperibus
3025 4065 3167 4118 misit
3198 4058 3305 4129 me,
3330 4081 3468 4134 ιιι-ανδ

1898 4153 2078 4208 dicare
2112 4155 2331 4223 captivis
2366 4155 2728 4209 dimissionem
2750 4196 2765 4220 ,
2807 4157 2959 4210 ctecis
2995 4157 3135 4210 visus
3176 4157 3470 4211 restitutioa»

1898 4259 2013 4296 nem
2049 4231 2348 4309 “ilQuam
2403 4244 2741 4314 prOphetiam
2793 4242 3044 4298 Salvator
3091 4244 3144 4298 in
3195 4259 3467 4316 synagoga

1897 4331 2245 4398 Judaaorum,
2291 4334 2544 4389 manibus
2596 4335 2911 4404 accipiens,
2958 4343 3244 4404 postquam
3292 4335 3469 4387 locum

1900 4424 2154 4495 legisset,
2190 4426 2497 4495 obsignavit
2532 4426 2762 4482 dicens:
2815 4426 2985 4481 Hodie
3031 4427 3142 4481 Ιιαξε
3190 4425 3469 4493 Scriptura

1900 4513 2118 4581 impleta
2165 4521 2242 4567 est
2287 4514 2343 4567 in
2393 4515 2611 4569 auribus
2658 4518 2842 4570 vestris
2877 4516 2941 4586 εξ.
2991 4515 3241 4570 Remissa
3286 4514 3469 4581 itaque

1900 4602 2257 4672 captivitate,
2311 4620 2378 4657 ex
2422 4619 2485 4659 ea
2534 4613 2723 4674 postea
2776 4606 2988 4661 chorea:
3041 4605 3469 4664 constituuntur,

1900 4706 2022 4761 quae
2051 4692 2283 4761 hymnos
2314 4693 2596 4749 liberatori
2632 4692 2764 4764 Regi
2797 4696 3069 4750 emittunt.
3114 4694 3258 4747 Tunc
3290 4692 3468 4746 exsul-

1903 4783 2035 4835 tabit
2058 4780 2247 4849 Jacob,
2273 4792 2322 4837 et
2350 4784 2619 4838 (celabitur
2648 4784 2840 4839 Israel.
2870 4784 3054 4849 Tunc,
3081 4784 3429 4854 quandonam
3451 4813 3471 4847 ,η

1903 4872 2011 4926 nisi
2042 4878 2285 4943 tempore
2316 4882 2629 4929 memorata
2656 4876 2804 4930 illius
2829 4874 3097 4931 libertatis
3129 4874 3313 4945 populi
3338 4872 3467 4938 Dei,

1903 4962 1977 5017 ita
2026 4970 2087 5016 ut
2135 4962 2409 5034 intelligas
2466 4965 2633 5019 alium
2674 4980 2795 5020 esse
2846 4966 3131 5019 liberatum
3176 4964 3471 5034 populum,

1903 5054 2042 5109 alios
2075 5068 2171 5109 eos
2201 5053 2294 5124 qui
2326 5054 2392 5109 de
2425 5055 2599 5125 ipsius
2633 5055 2808 5111 salute
2843 5056 3140 5110 laetantur?
3169 5054 3295 5109 llaec
3324 5053 3471 5109 enim

1904 5146 2172 5200 sententia
2218 5146 2597 5201 subindicatur
2637 5160 2761 5200 cum
2800 5145 3039 5200 dicitur:
3086 5143 3217 5201 Cum
3262 5159 3476 5198 conver-

1904 5236 2023 5289 terit
2076 5234 2218 5290 Deus
2270 5237 2625 5303 captivitatem
2673 5236 2838 5305 plebis
2884 5252 3025 5300 suaz,
3072 5244 3125 5290 et
3153 5242 3366 5289 cetera.
3406 5230 3473 5287 lli

1902 5341 2137 5397 namque
2159 5325 2488 5383 laetabuntur
2510 5340 2637 5380 cum
2661 5325 2990 5381 converterit
3012 5325 3271 5380 Dominus
3300 5323 3475 5394 capti—

1901 5418 2122 5471 vitatem
2158 5416 2332 5485 plebis
2362 5431 2493 5471 suae.
2532 5414 2627 5470 His
2653 5415 2839 5486 itaque
2870 5416 3011 5474 duos
3036 5416 3259 5476 ordines
3285 5414 3473 5470 decla-

2317 5578 2363 5624 ⁸³
2398 5590 2529 5648 Luc.
2571 5602 2609 5648 ιι
2634 5591 2770 5659 ,29.
2884 5593 2929 5627 “
2965 5586 3109 5650 Psal.
3150 5603 3379 5660 Lxxxtv,
3414 5590 3470 5650 8.
