3822 6280
363 281 470 344 465

1074 282 1345 340 EUSEBII
1383 274 1862 341 CESARIEN'SIS
1899 286 2053 343 OPP.
2089 284 2270 340 PARS
2299 285 2387 340 ιιι.
2424 315 2492 325 —
2531 282 2935 340 EXEGETICA.
3499 287 3584 343 lbi

363 413 484 470 rat,
517 402 680 456 alium
708 414 899 457 eorum
931 400 1022 468 qui
1055 398 1112 452 in
1155 398 1526 469 captivitatem
1567 400 1785 456 abducti
1827 406 1921 456 non

2038 392 2198 455 Οὗτοι
2232 398 2341 470 γὰρ
2382 372 2847 471 εὐφρανθήσονται
2886 399 2948 450 ἐν
2991 396 3069 468 τῷ
3108 397 3461 469 ἐπιστρέφειν
3492 400 3587 454 Κύ-

363 502 523 561 suut;
556 493 718 563 alium
749 500 938 546 eorum
954 489 1048 560 qui
1069 488 1288 545 abducti
1315 490 1532 558 quidem
1552 500 1700 554 sunt,
1719 492 1816 547 sed
1838 508 1934 563 per

364 560 613 641 Salutarc
639 560 945 638 libertatem
974 587 1102 637 sunt
1119 579 1419 637 consecuti.
1442 578 1601 636 Dicas
1624 581 1791 652 igitur
1811 560 1933 638 illos

359 676 491 730 olim
526 674 822 745 prophetas
844 711 858 737 ,
897 673 1079 743 justos
1104 711 1119 736 ,
1159 660 1536 743 patriarchas.
1569 682 1623 728 et
1667 678 1933 743 quotquot

362 768 431 822 ab
474 781 660 822 errore
689 764 1009 819 idololatriae
1041 763 1164 835 puri
1194 762 1447 827 fuerunt,
1478 763 1630 834 ipsos
1676 778 1799 819 esse
1839 764 1931 833 qui

362 857 418 912 in
468 858 842 927 captivitatem
894 869 925 910 a
984 854 1364 925 spiritualibus
1422 854 1662 910 inimicis
1710 854 1932 909 abducti

360 963 471 1003 non
504 959 632 1004 sunt
659 966 673 1002 :
709 962 805 1003 eos
836 962 968 1003 vero
998 948 1063 1001 ex
1099 947 1352 1017 gentibus
1380 947 1473 1016 qui
1508 945 1564 999 iu
1600 945 1807 1001 nullius
1836 945 1931 1002 Dei

362 1041 573 1097 cultum
621 1044 1116 1114 sese_vertcruut;
1164 1051 1259 1090 eos
1310 1037 1439 1090 item
1489 1036 1583 1104 qui
1634 1035 1929 1089 multorum

360 1130 648 1185 numinum
691 1128 865 1185 errori
907 1143 965 1183 se
1007 1126 1344 1193 subdidere;
1390 1126 1506 1181 sive
1540 1125 1705 1181 etiam
1739 1126 1833 1197 qui
1863 1142 1927 1182 ex

358 1220 779 1277 circumcisione
810 1219 1053 1290 peccatis
1083 1217 1200 1273 suis
1231 1216 1436 1272 venditi
1474 1225 1643 1279 sunt;
1677 1224 1842 1286 atque
1875 1217 1929 1270 in

358 1326 574 1367 summa
600 1314 824 1375 Omnes,
858 1308 927 1363 de
954 1309 1155 1378 quibus
1182 1307 1437 1376 superius
1465 1307 1669 1363 dictum
1698 1315 1811 1373 est,
1845 1307 1933 1363 Dio

358 1403 443 1455 scit
474 1402 727 1471 insipiens
760 1401 816 1455 in
845 1400 1002 1455 corde
1034 1415 1130 1454 suo
1156 1416 1174 1452 :
1218 1397 1343 1452 Non
1371 1397 1666 1463 estvDeas;
1699 1399 1933 1467 corrupti

358 1501 485 1548 sunt
521 1503 571 1547 et
614 1490 992 1548 abominabiles
1032 1491 1166 1560 facti
1200 1500 1323 1545 sunt
1358 1491 1417 1543 in
1451 1490 1766 1560 iniquitate,
1798 1504 1928 1555 eos,

358 1583 585 1654 inquam
607 1623 623 1648 ,
653 1597 776 1639 esse
800 1581 893 1651 qui
936 1581 1303 1650 captivitatem
1347 1579 1498 1651 passi
1540 1587 1689 1635 sunt.
1721 1577 1931 1644 Quibus

360 1690 459 1745 per
489 1675 783 1732 salutarem
816 1672 1113 1729 adventum
1141 1673 1392 1728 liberatis
1412 1713 1428 1739 ,
1460 1671 1665 1729 chorus
1694 1670 1932 1741 prophe-

2037 508 2150 563 ριον
2174 489 2271 561 τὴν
2296 489 2670 560 αἰχμαλωσίαν
2697 488 2792 543 τοῦ
2824 489 2950 542 λαοῦ
2982 488 3165 544 αὐτοῦ.
3198 490 3305 545 Δύο
3322 491 3501 545 τοίνυν
3516 491 3590 547 διὰ

2032 582 2237 636 τούτων
2278 581 2606 652 παρίσταται
2635 582 2910 651 τάγματα,
2945 580 3006 635 τὸ
3034 581 3132 652 μὲν
3161 580 3271 635 τῶν
3304 582 3383 653 μὴ
3406 582 3589 637 ὑποπε-

2034 673 2326 726 πτωκότων
2356 675 2424 744 τῇ
2450 672 2816 743 αἰχμαλωσίᾳ,
2844 672 2907 725 τὸ
2932 672 2988 725 δὲ
3007 673 3116 725 τῶν
3133 674 3589 731 ὑποπεπτωκότων

2038 762 2159 834 μὲν,
2185 761 2498 831 ἐλευθερίας
2533 761 2591 814 δέ
2625 761 3003 832 τετυχηκότων
3048 761 3137 815 διὰ
3176 762 3270 816 τοῦ
3302 762 3587 834 Σωτηρίου.

2047 854 2222 924 Ἐρεῖς
2265 848 2357 906 οὖν
2396 853 2524 916 τοὺς
2560 853 2657 923 μὲν
2692 852 2862 906 πάλαι
2896 855 3179 924 προφήτας
3207 854 3303 907 καὶ
3337 853 3586 917 δικαίους,

2032 944 2127 996 καὶ
2152 943 2515 1014 πατριάρχας,
2534 943 2628 995 καὶ
2657 944 2863 1006 πάντας
2877 944 3003 1008 τοὺς
3032 943 3303 1014 καθαροὺς
3333 943 3434 1013 τῆς
3455 943 3591 998 εἰδω-

2034 1034 2298 1106 λολάτρου
2334 1034 2542 1105 πλάνης
2572 1034 2918 1105 γενομένους,
2950 1035 3147 1099 αὐτοὺς
3185 1031 3324 1089 εἶναι
3370 1036 3491 1098 τοὺς
3524 1034 3589 1106 μὴ

2031 1126 2497 1188 ὑποπεπτωκότας
2537 1128 2604 1197 τῇ
2648 1125 2755 1179 τῶν
2800 1125 3007 1195 νοητῶν
3059 1126 3332 1196 πολεμίων
3375 1124 3586 1180 ἁλώσει·

2031 1216 2157 1277 τοὺς
2181 1215 2238 1267 δέ
2268 1212 2328 1278 ἐξ
2369 1214 2538 1267 ἐθνῶν
2578 1218 2658 1278 εἰς
2690 1215 2957 1285 ἀθεότητα
2999 1216 3455 1287 περιτραπέντας,
3478 1214 3590 1279 τούς

2030 1319 2091 1355 τε
2129 1305 2194 1373 τῇ
2226 1301 2469 1373 πολυθέῳ
2497 1302 2673 1374 πλάνῃ
2702 1303 3225 1369 καταδουλωθέντας,
3257 1305 3291 1375 ἢ
3340 1307 3438 1368 καὶ
3477 1305 3591 1367 τοὺς

2031 1395 2095 1446 ἐκ
2123 1395 2424 1464 περιτομῆς
2446 1395 2572 1459 τοὺς
2616 1398 2737 1458 ταῖς
2774 1394 2982 1448 ἑαυτῶν
3030 1395 3325 1468 ἁμαρτίαις
3371 1394 3589 1466 πραθένο

2030 1503 2150 1550 τας,
2173 1487 2267 1539 καὶ
2295 1486 2629 1553 ἁπαξαπλῶς
2649 1488 2927 1552 ἅπαντας,
2949 1489 3077 1559 περὶ
3100 1481 3177 1541 ὧν
3211 1486 3467 1559 ἀνωτέρω
3487 1486 3590 1542 ἐλέ-

2031 1592 2157 1644 γετο
2176 1593 2190 1606 ·
2235 1572 2424 1631 Εἶπεν
2449 1576 2654 1646 ἄφρων
2679 1577 2750 1632 ἐν
2781 1577 2995 1646 καρδίᾳ
3032 1577 3220 1639 αὑτοῦ
3239 1594 3255 1608 ο
3306 1579 3432 1631 Οὐκ
3472 1576 3590 1633 ἐστι

2034 1666 2200 1732 Θεὸς,
2254 1666 2590 1736 διέφθειραν
2617 1667 2714 1722 καὶ
2769 1668 3225 1736 ἐϐδελύχθησαν
3265 1669 3335 1722 ἐν
3357 1668 3591 1737 ἀνομίᾳ.

357 1765 505 1822 ticus
533 1765 627 1836 qui
658 1764 771 1834 iam
808 1756 1027 1818 olim'in
1068 1762 1179 1818 Deo
1210 1760 1514 1832 requievit,
1548 1760 1753 1831 quippe
1799 1775 1921 1830 pro-

2029 1757 2249 1824 τούτους
2276 1759 2563 1829 τυγχάνειν
2590 1760 2715 1821 τοὺς
2734 1760 2833 1829 τὴν
2853 1758 3226 1830 αἰχμαλωσίαν
3246 1759 3589 1822 πεπονθότας.

358 1854 477 1925 prie
501 1854 672 1911 Jacob
699 1863 752 1911 et
784 1853 951 1911 Israel
971 1893 986 1917 ,
1017 1855 1089 1910 ob
1118 1869 1207 1911 res
1239 1869 1337 1924 per
1366 1852 1588 1908 nomina
1615 1850 1921 1921 huiusmodi

2036 1844 2140 1902 ἸΓΩν
2172 1850 2640 1922 ἐλευθερουμένων
2679 1850 2769 1904 διὰ
2795 1850 2895 1921 τῆς
2923 1849 3019 1904 τοῦ
3050 1851 3331 1922 Σωτηρίου
3375 1850 3592 1920 ἐπιλάμ-

355 1944 724 2015 signiﬁcatas,
760 1946 1090 2016 appellatur,
1120 1944 1418 2000 exsultabit
1448 1951 1503 1999 et
1547 1942 1838 2006 lmtabitur,
1871 1947 1921 1995 ul

2033 1940 2199 2009 ψεως,
2228 1943 2259 1994 ό
2289 1941 2456 1995 πάλαι
2493 1941 2645 2013 παρὰ
2681 1941 2800 2012 Θεῷ
2830 1942 2930 2013 ἤδη
2973 1943 3429 2012 ἀναπεπαυμένος
3475 1958 3599 2011 προ-η

356 2037 595 2108 propriis
640 2038 904 2095 membris
944 2037 1252 2108 gratulatus
1295 2035 1364 2091 iis
1407 2034 1501 2106 qui
1538 2049 1635 2105 per
1678 2033 1921 2090 Salutarc

2036 2035 2262 2104 κρητικὸς
2289 2034 2471 2106 χορὸς,
2515 2033 2709 2089 Ἰακὼὸ
2740 2031 2835 2089 καὶ
2872 2026 3087 2107 Ἰσραὴλ
3117 2035 3323 2106 κυρίως
3353 2032 3593 2105 ὀνομαζό-

355 2127 661 2183 libertatem
686 2129 839 2182 nacti
871 2124 1023 2183 sunt.

2037 2141 2193 2195 μενος
2223 2124 2310 2178 διὰ
2338 2123 2409 2179 τά
2428 2126 2493 2178 ἐκ
2524 2125 2630 2178 τῶν
2644 2124 2921 2197 ὀνομάτων
2942 2126 3315 2196 σημαινόμενα
3347 2125 3594 2196 πράγμα-

353 2233 457 2285 τα,
503 2217 894 2288 ἀγαλλιάσεται
925 2218 1020 2273 καὶ
1045 2216 1511 2288 εὐφρανθήσεται,
1550 2216 1855 2289 συγχαίρων
1873 2215 1949 2281 ὼς
1985 2218 2201 2281 οἰκείοις
2232 2218 2415 2289 μέλεσι
2434 2222 2545 2283 τοῖς
2574 2219 2660 2272 διὰ
2685 2219 2778 2274 τοῦ
2809 2219 3084 2290 Σωτηρίου
3117 2216 3593 2295 ἐλευθερουμένοις.

354 2359 408 2412 1.
449 2357 515 2411 ΙΝ
556 2357 768 2412 FINEM
803 2359 873 2413 IN
913 2354 1196 2423 HYMNIS,
1227 2357 1706 2413 INTELLECTUS
1744 2356 1921 2412 DAVI-

2031 2362 2144 2414 ΕΙΣ
2198 2363 2284 2414 ΤΟ
2340 2361 2562 2415 ΤΕΛοΣ
2612 2364 2704 2415 ΕΝ
2759 2362 3059 2424 ΥΜΝυΙΣ,
3114 2357 3466 2413 ΣΥΝΕΣΕΩΣ
3521 2356 3594 2411 T0

424 2427 513 2495 Dl.
553 2428 608 2484 2.
651 2427 796 2483 CUM
838 2429 1222 2484 VENISSENT
1264 2428 1550 2490 ZIPHA‘ZI,
1596 2427 1681 2481 ET
1724 2426 1921 2482 DleS-

2038 2473 2045 2481 .
2104 2432 2302 2483 ΔΑΥΙΔ
2325 2471 2341 2495 ,
2378 2433 2470 2484 ΕΝ
2510 2433 2595 2484 ΤΩ
2634 2432 2883 2485 ΕΛΘΕῙΝ
2924 2431 3102 2484 ΤΟΥΣ
3139 2429 3452 2483 ΖΙΦΑΙΟΥΣ
3487 2426 3592 2482 ΚΑΙ

426 2494 604 2551 SENT
651 2496 745 2551 AD
800 2498 980 2553 SAUL
1022 2518 1036 2553 :
1079 2497 1311 2553 NONNE
1366 2496 1574 2551 DAV‘ID
1630 2496 1921 2554 ABSCON-

2101 2501 2338 2553 ΕΙΠΕῘΝ
2391 2501 2477 2553 ΤΩ
2511 2502 2784 2555 ’ΣΑΟΥΙὬ
2825 2500 2966 2555 υΥΚ
3017 2499 3173 2554 ΙΔΟΥ
3227 2499 3428 2552 ΔΑΥΙΔ
3483 2496 3592 2550 ΚΕ-

428 2564 634 2621 DlTUS
671 2565 804 2620 EST
843 2567 1030 2622 APUD
1068 2566 1244 2623 NOS?
1277 2566 1410 2621 Llll.
2104 2570 2415 2623 ΚΡΥΠΤΑΙ
2454 2572 2608 2624 ΠΔΡ’
2647 2571 2828 2625 ΒΜΙΝ
2847 2587 2862 2637 ;
2904 2571 3028 2624 Nl".

423 2676 593 2736 Vnus.
624 2679 679 2747 5,
705 2680 759 2735 ι.
800 2680 943 2735 Deus
978 2681 1035 2734 in
1078 2683 1287 2735 nomine
1325 2689 1415 2737 tuo
1449 2682 1653 2735 salvum
1688 2698 1770 2737 me
1807 2683 1921 2751 fac,

2078 2733 2089 2739 ,
2115 2677 2169 2730 '0
2200 2677 2363 2743 Θεὸς,
2386 2679 2456 2732 ἐν
2481 2679 2562 2745 τῷ
2590 2680 2834 2750 ὀνόματί
2860 2696 2977 2735 σου
3019 2680 3226 2735 σῶσον
3259 2698 3358 2751 με,
3400 2681 3499 2735 καὶ
3531 2681 3593 2734 ἐν

349 2778 400 2823 et
433 2771 489 2824 in
528 2772 720 2827 virtute
754 2781 848 2826 tua
880 2773 1069 2842 judice
1107 2756 1220 2830 me.
1257 2771 1429 2828 Sicuti
1473 2772 1717 2844 psalmos
1744 2773 1840 2844 qui
1869 2773 1921 2829 in

2034 2765 2109 2835 τῇ
2136 2767 2469 2838 δυναστείᾳ
2492 2786 2609 2826 σου
2640 2771 2847 2840 κρῗνόν
2861 2788 2957 2844 με.
2983 2772 3193 2843 Ὥσπερ
3225 2770 3593 2825 ἀπεδείκνυντο

355 2860 531 2929 prima
580 2871 731 2931 parte
783 2863 907 2919 libri
961 2872 1128 2931 sunt,
1174 2871 1297 2935 post
1336 2864 1551 2935 lapsum
1596 2865 1652 2919 in
1700 2879 1921 2921 uxorem

2032 2862 2082 2914 oi.
2138 2862 2282 2916 κατὰ
2328 2862 2389 2916 τὸ
2412 2863 2626 2936 πρῶτον
2673 2865 2837 2937 μέρος
2869 2865 2969 2935 τῆς
3001 2865 3182 2936 βίϐλου
3225 2865 3332 2921 τῶν
3357 2854 3617 2937 Ψαλμῶν

356 2950 504 3008 Uria:
531 2955 918 3022 pronuntiatos
950 2954 1125 3013 fuisse
1157 2972 1222 3011 ex
1259 2956 1599 3027 singulorum
1640 2955 1803 3010 titulo
1831 2955 1921 3011 de-

2036 2953 2173 3032 μετὰ
2204 2954 2266 3007 τὸ
2297 2958 2543 3027 πταῖσμα
2572 2957 2633 3011 τὸ
2667 2959 2745 3022 εἰς
2770 2956 2867 3030 τὴν
2898 2957 2992 3010 τοῦ
3024 2957 3219 3029 Οὐρίου
3263 2958 3483 3027 γεγονὸς
3508 2957 3592 3011 λε-

352 3050 717 3098 monstratum
774 3056 904 3110 est;
966 3047 1042 3101 ita
1096 3059 1245 3103 nunc
1298 3060 1518 3117 quoque
1581 3047 1921 3119 singulorum

2032 3045 2285 3115 λεγμένοι
2330 3047 2394 3100 ἐκ
2441 3048 2543 3118 τῆς
2588 3048 2672 3116 ἐφ’
2696 3048 2912 3119 ἑκάστῳ
2943 3050 3200 3120 κειμένης
3244 3048 3591 3120 προγραφῆς

352 3132 689 3207 psalmorum
758 3135 1181 3206 inscriptiones,
1246 3145 1430 3192 notam
1493 3139 1754 3208 temporis
1815 3153 1921 3209 quo

2030 3136 2173 3190 οὕτω
2198 3139 2294 3191 καὶ
2321 3137 2416 3191 νῦν
2453 3141 2508 3193 αι
2530 3138 2655 3192 καθ’
2678 3138 2907 3193 ’ἑκαστον
2929 3139 3141 3209 ψαλμὸν
3168 3140 3476 3211 προγραφαὶ
3495 3138 3590 3209 δη-

349 3223 564 3277 recitati
605 3231 754 3289 sunt,
798 3226 1115 3303 praeferunt.
1166 3225 1418 3283 Praesens
1458 3226 1642 3298 itaque
1679 3229 1921 3298 psalmus

2030 3229 2257 3283 λωτικαὶ
2287 3230 2615 3300 τυγχάνουσι
2643 3229 2737 3284 τοῦ
2781 3230 2974 3302 χρόνου
3007 3229 3128 3285 καθ’
3179 3230 3239 3284 ὃν
3283 3230 3587 3301 ἐλέχθησαν.

351 3327 454 3368 nos
491 3313 679 3368 statim
719 3315 948 3370 remittit
977 3316 1045 3371 ad
1074 3316 1312 3386 primum
1343 3314 1656 3387 Regnorum
1692 3319 1921 3384 librum,

2027 3319 2237 3374 Αὐτίκα
2271 3320 2400 3390 γοῦν
2425 3322 2520 3375 καὶ
2551 3322 2579 3374 ό
2616 3321 2971 3393 προκείμενος
3023 3321 3335 3393 ἀνέπεμψεν
3377 3321 3465 3374 ἐπὶ
3491 3320 3590 3392 τὴν

351 3410 414 3459 ut
448 3404 576 3459 inde
615 3404 933 3472 discamus,
980 3407 1178 3477 quibus
1223 3408 1291 3464 de
1336 3410 1505 3465 rebus
1558 3410 1707 3465 hunc
1765 3410 1917 3482 hym-

2028 3412 2250 3483 πρώτην
2279 3411 2457 3483 βίϐλον
2477 3413 2585 3467 τῶν
2613 3413 2907 3468 Βασιλειῶν
2924 3431 2938 3446 ο
2964 3415 3044 3478 ὼς
3068 3411 3142 3468 ’ἂν
3175 3414 3381 3468 ἐκεῖθεν
3408 3413 3589 3485 μάθοι-

350 3508 482 3547 num
513 3492 680 3549 David
709 3495 970 3551 emiserit.
1007 3496 1246 3553 Historia
1277 3514 1443 3569 porro
1475 3500 1556 3555 sic
1603 3499 1767 3563 habet
1803 3520 1816 3554 :
1857 3499 1921 3554 Et

2030 3518 2150 3579 μεν,
2183 3503 2267 3570 ἐφ’
2314 3503 2447 3565 οἵοις
2494 3502 2782 3574 πράγμασι
2813 3503 2906 3556 τὸν
2963 3502 3321 3574 προκείμενον
3354 3501 3514 3573 ὕμνον
3563 3502 3590 3554 ὁ

348 3583 495 3638 sedes
517 3583 742 3639 habebat
772 3585 944 3640 David
968 3587 1022 3641 in
1045 3587 1249 3641 deserto
1279 3587 1526 3644 Masedec
1557 3590 1611 3643 in
1639 3591 1877 3659 angustis
1903 3608 1921 3644 :

2026 3591 2191 3645 Δαυῒδ
2211 3592 2547 3663 ἀνέπεμψεν.
2571 3595 2724 3663 Ἔχει
2756 3595 2811 3647 δὲ
2836 3596 2867 3665 ἠ
2905 3595 3113 3665 ἱστορία
3145 3597 3331 3649 τοῦτον
3357 3596 3444 3649 τὸν
3469 3594 3590 3663 τρό-

345 3684 397 3728 et
423 3674 738 3731 morabatur
754 3677 809 3732 in
836 3688 1030 3744 monte,
1066 3679 1121 3733 in
1146 3678 1360 3735 deserto.
1385 3678 1518 3749 Ziph
1545 3681 1611 3737 ⁸⁷.
1636 3680 1842 3738 Deinde
1867 3692 1927 3737 ut

348 3769 489 3822 venit
516 3767 792 3824 Jonathan
822 3769 970 3839 ﬁlius
1014 3769 1152 3825 Saul
1199 3770 1271 3824 ad
1312 3772 1507 3839 ipsum,
1542 3780 1592 3825 et
1623 3771 1762 3825 dixit
1792 3772 1878 3827 illi
1906 3789 1924 3826 :

352 3857 436 3920 Ne
460 3861 680 3924 timeas;
701 3878 863 3932 neque
882 3863 1021 3916 enim
1049 3871 1095 3916 te
1125 3862 1349 3917 inveniet
1379 3881 1570 3918 manus
1600 3862 1733 3918 Saul
1756 3865 1925 3932 patris

347 3949 461 4019 mei
487 3964 504 4001 :
532 3959 583 4004 et
626 3959 681 4004 tu
706 3949 949 4020 regnabis
977 3967 1133 4020 super
1165 3951 1362 4017 Israel,
1387 3961 1436 4006 et
1460 3969 1552 4023 ego
1589 3969 1679 4008 ero
1713 3954 1809 4008 tibi
1841 3971 1924 4009 se-

341 4037 630 4100 cundus,“
654 4038 787 4094 Saul
811 4049 962 4108 pater
988 4058 1132 4095 meus
1154 4042 1252 4096 scit
1269 4043 1440 4096 hoc“.
1460 4042 1923 4112 Et-percusserunt

343 4127 500 4181 ambo
523 4127 692 4196 {cedite
720 4145 900 4183 coram
930 4128 1177 4194 Domino,
1203 4132 1499 4203 mansitque
1522 4131 1716 4200 David,
1745 4144 1795 4188 et
1823 4132 1923 4188 Jo-

342 4216 546 4272 nathaa
582 4217 713 4272 abiit
757 4220 812 4272 in
842 4219 1055 4274 domum
1091 4238 1265 4277 suam.
1301 4221 1513 4288 Quibus
1546 4225 1742 4280 deinde
1787 4225 1922 4281 sub-

337 4307 521 4379 jungit
547 4327 559 4362 :
593 4307 659 4361 Et
692 4310 1040 4365 ascenderunt
1066 4310 1268 4380 Ziphazi
1295 4328 1360 4367 es:
1379 4313 1534 4369 arido
1555 4315 1669 4369 loco
1694 4314 1763 4368 ad
1787 4315 1924 4371 Saut

339 4400 398 4454 in
423 4399 610 4454 collem
657 4399 887 4456 dicentes
918 4417 937 4456 :
973 4402 1161 4458 Nonne
1192 4420 1308 4458 ecce
1353 4404 1526 4459 David
1566 4405 1746 4459 latitat
1776 4406 1917 4474 apud

337 4507 435 4547 nos
481 4493 537 4547 in
575 4492 794 4548 Mesara
831 4496 887 4549 in
915 4497 1176 4566 angustis,
1201 4498 1258 4552 in
1296 4514 1431 4553 nova
1461 4498 1551 4552 8"i
1601 4498 1759 4565 Quod
1786 4514 1913 4555 cum

338 4581 623 4640 didicisset
670 4582 824 4650 Saul,
860 4586 929 4641 ad
975 4586 1233 4642 Davidem
1284 4587 1682 4658 insequendum
1721 4604 1914 4645 versus

337 4681 445 4730 est.
467 4673 697 4746 Jamque
718 4677 1026 4747 proximum
1057 4685 1175 4733 erat
1203 4685 1265 4732 ut
1305 4695 1431 4735 eum
1462 4686 1722 4750 caperet;
1778 4681 1915 4737 scri-

336 4770 490 4834 ptum
515 4767 660 4821 enim
690 4775 776 4823 est
800 4787 815 4822 :
846 4769 1002 4834 Quod
1025 4786 1145 4824 cum
1167 4769 1402 4825 audisset
1434 4768 1588 4836 Saul,
1611 4782 1911 4839 persecutus

333 4866 415 4911 est
449 4857 623 4914 David
663 4861 717 4913 in
767 4860 974 4915 deserto
1026 4861 1209 4917 Μαοη.
1258 4862 1330 4917 Et
1378 4864 1527 4918 ibant
1560 4864 1694 4921 Saul
1730 4872 1785 4920 et
1813 4866 1913 4920 viri

333 4948 449 5017 ejus
482 4965 550 5004 ex
576 4961 726 5019 parte
751 4955 945 5008 montis
973 4955 1131 5025 hujus
1160 4971 1179 5009 :
1209 4964 1261 5009 et
1297 4965 1413 5010 erat
1447 4955 1619 5011 David
1653 4958 1908 5025 obtectus,

333 5046 393 5090 ut
420 5039 589 5095 abiret
620 5057 653 5095 α
673 5040 812 5110 [acie
842 5041 1006 5106 Saul;
1029 5052 1079 5097 et
1104 5042 1241 5099 Saul
1268 5053 1319 5098 et
1352 5044 1453 5099 viri
1484 5045 1599 5115 ejus
1620 5055 1911 5102 castrame-

334 5124 587 5181 tabantur
610 5139 797 5184 contra
829 5130 1001 5186 David
1027 5143 1073 5187 et
1106 5133 1246 5189 viros
1275 5132 1412 5204 ejus,
1436 5143 1495 5187 ut
1526 5144 1767 5203 caperent
1796 5152 1904 5190 eos.

333 5213 405 5270 Et
438 5221 655 5275 nuntius
693 5223 831 5277 venit
869 5224 940 5279 ad
977 5225 1113 5281 Saul
1147 5226 1325 5281 dicens
1366 5240 1385 5279 :
1418 5225 1641 5281 Festina
1667 5236 1717 5280 et
1771 5228 1907 5294 veni,

330 5310 459 5377 quia
515 5310 818 5380 irruperunt
870 5316 1130 5387 ullopltyli
1170 5318 1227 5372 in
1280 5317 1517 5372 terram!
1527 5334 1531 5338 '
1563 5316 1633 5371 Et
1669 5330 1906 5373 reversus

329 5407 408 5452 est
434 5399 596 5469 Saul,
620 5402 876 5461 desistens
900 5410 1138 5478 persequi
1165 5409 1337 5464 David
1367 5423 1387 5462 .°
1411 5418 1461 5464 et
1484 5411 1713 5479 perrexit
1739 5410 1793 5463 in
1819 5425 1910 5463 oc-

330 5504 543 5545 cursum
584 5492 975 5567 allophytorum
1011 5500 1078 5553 ³⁸.
1116 5498 1243 5555 Hice
1274 5507 1405 5555 sunt
1454 5515 1577 5571 qua:
1621 5499 1907 5554 historiam

2026 3697 2125 3734 πον
2146 3698 2160 3711 ·
2190 3683 2299 3753 Kal
2330 3682 2572 3737 ἐκάθισε
2594 3683 2776 3736 Δαυῒδ
2806 3685 2876 3736 ἐν
2897 3683 2972 3753 τῇ
3004 3684 3201 3754 ἐρήμῳ
3227 3683 3494 3739 Μασεδὲκ
3527 3683 3591 3736 ἐν

2025 3769 2148 3835 τοῖς
2173 3770 2413 3837 στενοῖς
2430 3788 2444 3801 ’
2473 3771 2572 3823 καὶ
2596 3769 2851 3839 ἐκάθητο
2871 3772 2942 3826 ἐν
2962 3773 3044 3838 τῷ
3067 3772 3187 3841 ὄρει
3209 3773 3281 3826 ἐν
3303 3772 3377 3841 τῇ
3402 3771 3589 3841 ἐρήμῳ

2026 3861 2193 3930 Ζείςρ.
2223 3858 2337 3914 Εἶθ’
2364 3862 2442 3924 ὡς
2460 3858 2650 3932 ἦλθεν
2686 3863 2962 3918 Ἰωνάθαν
2982 3866 3014 3917 d
3046 3863 3176 3930 υἱὸς
3208 3864 3408 3918 Σαοὺλ
3446 3862 3584 3931 πρὸς

2023 3952 2229 4016 αὑτὸν,
2253 3954 2351 4007 καὶ
2375 3954 2545 4008 εἶπεν
2566 3954 2725 4019 αὐτῷ
2742 3971 2757 3985 ·
2781 3954 2879 4024 Μὴ
2904 3955 3112 4024 φοϐοῦ,
3135 3954 3225 4009 ὅτι
3255 3957 3330 4009 οὐ
3342 3954 3427 4025 μὴ
3448 3954 3582 4020 εὕρῃ

2023 4057 2098 4097 σε
2129 4044 2168 4112 -ἠ
2195 4045 2325 4112 χεὶρ
2358 4045 2557 4099 Σαοὺλ
2591 4043 2700 4098 τοῦ
2729 4046 2952 4113 πατρός
2971 4063 3111 4114 μου,
3138 4047 3239 4100 καὶ
3286 4045 3369 4101 σὺ
3411 4046 3581 4110 ﬁam-

2022 4136 2268 4201 λεύσεις
2288 4135 2386 4188 ἐπὶ
2431 4136 2697 4203 Ἰσραὴλ,
2729 4137 2827 4190 καὶ
2853 4135 2968 4206 ἐγὼ
2994 4137 3210 4206 ἔσομαί
3241 4152 3344 4192 σοι
3363 4140 3448 4203 εὶς
3467 4135 3584 4189 δεύ-

2019 4241 2215 4292 τερον,
2250 4225 2351 4278 καὶ
2381 4225 2582 4279 Σαοὺλ
2613 4229 2647 4280 ό
2675 4224 2868 4293 πατήρ
2885 4241 3001 4294 μου
3042 4221 3207 4279 οἶδεν
3237 4225 3446 4290 οὕτως.
3480 4220 3580 4278 Kal

2021 4314 2351 4369 συνέθεντο
2382 4315 2700 4384 ἀμφότεροι
2730 4314 3024 4383 διαθήκην
3054 4313 3312 4368 ἐνώπιον
3350 4308 3577 4383 Κύριον,

2021 4405 2123 4458 καὶ
2146 4404 2328 4459 Δαυῒδ
2348 4404 2626 4472 ἐκάθητο,
2653 4404 2754 4458 καὶ
2785 4403 3067 4459 Ἰωνάθαν
3086 4402 3358 4472 ἀπῆλθεν
3378 4408 3464 4470 εἰς
3482 4403 3580 4457 τὸν

1948 4475 1994 4534 ι)
2018 4492 2188 4551 οἶκον
2214 4496 2400 4552 αὑτοῦ
2421 4513 2435 4526 ι
2459 4491 2540 4559 οἷς
2569 4494 2699 4565 ἐξῆς
2730 4495 2999 4563 ἐπιλέγει·
3033 4494 3143 4549 Kal
3189 4495 3490 4564 ἀνέϐησαν
3523 4494 3577 4546 οι

2017 4587 2250 4657 Ζιφαῖοι
2273 4586 2478 4656 ἀκτῆς
2508 4585 2864 4656 αὐχμώδους
2902 4586 3053 4655 πρὸς
3094 4587 3296 4642 Σαοὺλ
3335 4587 3435 4641 ἐπὶ
3479 4587 3576 4639 ter

2008 4677 2263 4742 βουνὸν,
2281 4678 2561 4747 λέγοντες
2574 4694 2588 4709 ο
2606 4679 2727 4731 Οὐκ
2752 4676 2880 4732 ἰδοὺ
2901 4676 3081 4730 Aac-t6
3107 4677 3431 4746 κέκρυπται
3451 4673 3573 4742 παρ’

2013 4767 2161 4836 ἡμῖν
2189 4767 2262 4820 ἐν
2287 4767 2536 4835 Μεσαρᾶ
2554 4767 2624 4820 ἐν
2646 4765 2772 4832 τοῖς
2795 4766 3053 4832 στενοῖς.
3078 4767 3153 4820 ἐν
3176 4766 3249 4835 τῇ
3277 4766 3490 4835 καινῇ;
3514 4766 3573 4817 Ὃ

2013 4858 2078 4931 δὴ
2104 4858 2288 4930 μαθὼν
2313 4860 2488 4913 Σαοὺλ
2515 4861 2608 4913 ἐπὶ
2632 4858 2814 4924 δίωξιν
2861 4859 3074 4931 ἐτράπη
3108 4860 3200 4913 τοῦ
3233 4861 3415 4916 Δαυῖδ.
3445 4858 3571 4927 Ἤδη
3618 4856 3627 4861 ’

2011 4968 2073 5004 τε
2104 4950 2288 5004 λοιπὸν
2320 4951 2487 5020 ἐγγὺς
2516 4948 2586 5023 ἦν
2615 4952 2710 5005 τοῦ
2741 4952 2924 5007 λαϐεῖν
2946 4953 3111 5006 αὐτὸν
3130 4953 3463 5023 ὑποχείριον·
3485 4948 3573 5017 γέ-

2012 5060 2254 5114 γραπται
2275 5043 2385 5115 γάρ
2407 5061 2420 5074 ⁸
2448 5044 2561 5098 Καὶ
2587 5043 2818 5112 ἤκουσε
2845 5046 3043 5100 Σαοὺλ
3084 5046 3182 5099 καὶ
3233 5044 3574 5107 κατεδίωξεν

2012 5132 2205 5185 ὀπίσω
2236 5131 2415 5187 Δὰυῒδ
2448 5136 2537 5199 εὶς
2562 5134 2679 5202 τὴν
2698 5135 2924 5204 ἔρημον
2943 5134 3140 5189 Μαών.
3172 5134 3283 5188 Kal
3310 5134 3572 5201 πορεύονι

2012 5239 2105 5275 ται
2130 5224 2331 5278 Σαοὺλ
2378 5224 2475 5278 καὶ
2506 5227 2564 5279 ot
2597 5224 2812 5293 ἄνδρες
2857 5225 3043 5281 αὑτοῦ
3089 5226 3157 5279 ἐκ
3199 5224 3421 5295 μέρους
3470 5219 3570 5275 τοῦ

2010 5314 2190 5384 ὄρους
2233 5318 2450 5372 τούτου
2469 5334 2483 5347 ο
2531 5316 2629 5371 καὶ
2659 5316 2893 5387 ἐγένετο
2930 5317 3108 5371 Δαυῒδ
3150 5316 3570 5384 ausaade

2009 5408 2369 5475 πορεύεσθαι
2396 5407 2515 5461 ἀπὸ
2540 5407 2862 5477 προσώπου
2886 5409 3084 5461 Σαούλ
3107 5421 3122 5434 ο
3150 5406 3252 5460 καὶ
3272 5405 3461 5460 Σαοὺλ
3476 5397 3568 5456 καὶ

2008 5501 2063 5552 οι
2105 5497 2317 5568 ἄνδρες
2362 5498 2546 5553 αὑτοῦ
2600 5498 3053 5571 παρενέϐαλλον
3104 5498 3227 5568 ἐπὶ,
3252 5492 3433 5553 Δαυῖδ
3472 5491 3564 5547 καὶ

405 5664 490 5718 ⁸⁷1
522 5664 655 5736 Reg.
682 5667 952 5737 “111,14.
1022 5672 1067 5705 ⁸⁸
1107 5673 1242 5729 ibid.
1272 5673 1460 5729 i648.
1541 5674 1587 5708 ”
1625 5673 1758 5731 ibid.
1793 5675 1880 5731 19.
1955 5674 2002 5708 ⁸⁸
2041 5674 2170 5731 ibid.
2202 5673 2394 5732 23-28.
