3822 6280
251 394 347 447 465

1355 399 1862 456 COMMENTANA
1902 401 1968 456 IN
2009 401 2348 458 PSALMOS.

3370 413 3474 467 £66

249 518 376 582 τοὺς
396 516 613 585 ἄνδρας
643 517 850 580 αὐτοῦ,
871 518 1204 574 συλλαϐεῖν
1248 524 1490 588 αὐτούς.
1545 524 1658 577 Kal
1701 523 1782 592 ἀγ·

1907 534 2170 594 spectant.
2203 524 2415 592 Quibus
2447 523 2515 581 de
2539 526 2721 583 causis
2751 536 2969 598 ereptus
3001 529 3166 586 David
3201 547 3266 586 ex
3311 545 3472 587 manu

247 611 405 677 τελος
421 603 564 675 ἦλθε
582 607 732 675 πρὸς
752 608 949 662 Σαοὺλ
965 608 1161 676 λέγων
1177 627 1189 640 ⁸
1222 611 1454 664 Σπεῦδε
1475 613 1570 665 καί
1602 611 1799 678 δεῦρο,

1904 612 2087 671 Saulis
2134 617 2279 670 hunc
2321 615 2581 686 hymnum
2627 617 2830 687 scripto
2871 619 3116 683 tradidit,
3155 629 3353 679 notans
3382 637 3477 689 per

247 698 324 752 ὅτι
351 695 621 751 ἐπέθεντο
669 699 1007 767 ἀλλόφυλοι
1039 699 1138 752 ἐπὶ
1189 699 1302 767 τὴν
1347 698 1480 769 γῆν.
1549 701 1658 753 Kal
1693 702 1782 754 ἀν-

1901 705 2314 778 inscriptionem
2353 716 2569 779 tempus
2600 725 2664 762 ac
2701 723 2812 763 rem
2845 714 3039 781 ipsam.
3076 710 3254 777 Quare
3284 713 3350 766 ad
3391 713 3475 766 in-

244 788 478 860 ἐστρεψε
507 790 703 844 Σαοὺλ
719 789 808 858 μὴ
838 790 1225 844 καταδιώκειν
1245 793 1436 846 ὀπίσω
1457 792 1633 846 Δαυίό
1655 831 1668 854 ,
1700 793 1798 848 καί

242 881 508 950 ἐπορεύθη
529 883 615 948 είς
646 880 1028 950 συνάντησιν
1052 880 1183 950 τῶνξ
1205 883 1591 950 ἀλλοφύλων.
1613 884 1796 939 Ταῦτα

245 975 330 1044 μὲν
352 971 416 1026 τὰ
448 973 552 1026 ἀπὸ
585 973 685 1042 τῆς
725 974 986 1046 ἱστορίας.
1035 973 1148 1042 Ἐφ’
1185 970 1267 1037 οἷς
1312 974 1402 1042 τὸν
1433 975 1794 1045 προκείμενον

245 1066 392 1136 ὕμνον
420 1065 702 1128 διασωθεὶς
728 1067 792 1118 ἐκ
820 1066 1001 1137 χειρὸς
1028 1066 1198 1120 Σαοὺλ
1224 1067 1253 1118 ὁ
1287 1065 1449 1120 Δαυῒδ
1481 1069 1664 1136 γραφῇ
1694 1082 1795 1118 πα-

247 1155 524 1228 ραδίδωσιν,
544 1157 1026 1227 ἐπισημηνάμενος
1047 1157 1135 1210 τὸν
1158 1158 1347 1228 καιρὸν
1376 1157 1468 1210 καὶ
1491 1156 1551 1210 τὸ
1567 1159 1796 1227 πρᾶγμα

243 1247 462 1316 δηλώσας
513 1245 598 1298 διὰ
630 1247 729 1316 τῆς
765 1247 1112 1319 προγραφῆς.
1175 1248 1264 1300 Διὸ
1297 1248 1389 1300 καὶΙ
1442 1247 1534 1300 ἐπὶ
1583 1247 1795 1300 σύνεσιν

244 1335 368 1403 ἡμᾶς
394 1336 644 1404 παρορμᾷ
665 1334 772 1387 τῶν
791 1336 1202 1407 ἐμφερομένων,
1229 1335 1402 1403 λέγων
1427 1354 1439 1365 ⁸
1474 1339 1576 1400 Είς
1594 1336 1658 1387 τὸ
1700 1335 1794 1389 τέ-

237 1429 330 1489 ,ίος
351 1424 415 1476 ἐν
463 1425 668 1493 ὕμνοις
695 1427 1006 1492 συνέσεως
1038 1425 1116 1491 τῷ
1143 1427 1342 1482 Δαυτδ.
1396 1427 1550 1480 Κατὰ
1593 1427 1651 1480 δὲ
1698 1428 1788 1481 τὸν

248 1515 483 1568 ’Δκύλαψ
521 1515 604 1581 Τῷ
640 1518 924 1583 νικοποιῷ
970 1519 1041 1571 ἐν
1079 1518 1342 1588 ψαλμοῖς
1387 1520 1790 1588 ἐπιστήμονος

236 1603 327 1657 τοῦ
352 1605 548 1658 Δαυῒδι
578 1610 720 1660 κατὰ
745 1609 802 1660 δέ
829 1609 921 1661 τὸν
951 1609 1246 1680 Σύμμαχον
1265 1627 1278 1639 ·
1339 1611 1666 1664 Ἐπινίκιον
1693 1609 1791 1664 διὰ

236 1700 554 1770 ira/impium
580 1701 713 1768 περὶ
748 1701 1056 1767 συνέσεως
1085 1702 1190 1756 τοῦ
1208 1702 1408 1756 Δαυΐδ.
1453 1703 1667 1774 Ἐπειδὴ
1696 1703 1790 1755 καὶ

1896 795 2170 849 tellectuni
2202 797 2280 850 rei
2318 812 2438 865 qua:
2468 805 2723 851 narratur
2754 812 2854 852 nos
2907 807 3186 868 provocat,
3222 801 3412 855 dicens
3452 819 3463 853 :

1895 885 1961 940 In
1989 887 2168 955 ﬁnem,
2201 889 2255 941 in
2301 887 2530 958 hymnis,
2566 889 2860 944 intellectus
2897 891 3107 946 Davidi.
3162 891 3472 947 Secundum

1892 978 2140 1048 Aquilam
2172 994 2324 1042 vero,
2373 977 2613 1032 Victoria:
2645 982 2870 1043 auctori,
2908 981 2962 1034 in
2991 983 3230 1050 psalmis,
3260 983 3468 1037 scienti:

1891 1065 2147 1131 Doridis;
2205 1067 2506 1123 secundum
2558 1069 2943 1140 Symmachum
2991 1078 3194 1134 autent,
3260 1071 3472 1141 Trium-

1889 1155 2064 1224 phale,
2102 1171 2192 1224 per
2223 1157 2498 1224 psalteria,
2550 1157 2614 1212 de
2662 1158 3009 1228 intelligentia
3048 1158 3288 1216 Doridis.
3334 1159 3472 1227 Quia

1893 1248 2131 1320 fugiens,
2179 1257 2238 1304 et
2286 1248 2564 1304 desertum
2625 1256 3034 1315 transcurrens,
3084 1266 3182 1321 pro
3216 1252 3471 1322 praesidio

1893 1339 2133 1414 psalterii
2197 1341 2623 1395 instrumentum
2662 1355 2847 1394 secum
2901 1340 3112 1410 agebat,
3167 1341 3285 1410 ipso
3313 1359 3466 1408 usus,

1893 1440 2057 1501 atque
2091 1431 2322 1501 hymnos
2353 1446 2448 1499 per
2495 1430 2628 1483 illud
2679 1429 2788 1484 Deo
2821 1431 3076 1485 eniittens
3108 1450 3120 1483 :
3156 1431 3368 1486 cantica
3416 1439 3471 1487 et

1893 1522 2137 1592 psalmos
2170 1521 2484 1591 spirituales
2520 1535 2619 1590 pro
2663 1519 2936 1574 sacriﬁcio
2977 1522 3326 1590 persolvens;
3369 1536 3471 1590 pro

1892 1612 2245 1682 thymiamate
2277 1619 2458 1666 autem
2495 1612 2620 1664 boni
2647 1610 2854 1676 odoris,
2883 1626 2979 1681 per
2999 1612 3276 1668 orationes
3307 1611 3468 1682 spiri-

1893 1702 2042 1756 tuale
2071 1702 2438 1757 ministerium
2471 1701 2684 1758 obiens.

236 1784 426 1856 φεύγων
452 1792 542 1844 καὶ
577 1793 677 1863 τὴν
705 1793 910 1864 ἔρημον
946 1793 1312 1863 μεταδιώκων,
1347 1797 1467 1848 ἀντὶ
1507 1795 1872 1865 φυλακτηρίου
1936 1796 2171 1866 ἐπήγετο
2230 1794 2291 1846 τὸ
2351 1793 2444 1847 τοῦ
2508 1793 2804 1864 ψαλτηρίου
2828 1793 3077 1865 ὄργανον,
3121 1793 3268 1865 αύτῷ
3321 1792 3468 1865 χριῖιρ

235 1894 369 1946 μενος
422 1881 511 1932 καὶ
550 1885 664 1944 τοίς
699 1883 764 1935 δι’
829 1883 994 1936 αὐτοῦ
1042 1885 1122 1946 είς
1163 1883 1295 1936 Θεὸν
1365 1882 1840 1953 ἀναπεμπομένοις
1878 1881 2066 1952 ὕμνοις
2094 1898 2107 1912 ο
2163 1882 2258 1933 καὶ
2315 1881 2479 1951 ᾠδαῖς
2515 1881 2614 1950 μὲν
2669 1882 2762 1932 καὶ
2794 1880 3029 1951 ψαλμοῖς
3073 1884 3466 1952 πνευματικοῖς

233 1973 334 2026 ἀντὶ
363 1973 543 2037 θυσίας
569 1975 872 2046 χρώμενος,
907 1977 1028 2030 ἀντὶ
1065 1977 1120 2030 δὲ
1167 1976 1398 2040 εὐώδους
1441 1976 1783 2047 θυμιάματος
1819 1976 1886 2028 δι’
1926 1974 2100 2045 εὐχῶν
2140 1975 2236 2046 τὴν
2269 1974 2644 2045 πνευματικὴν
2694 1975 2968 2028 ἀποτελῶν
2997 1975 3355 2048 λειτουργίαν.

216 2130 223 2135 _
301 2065 388 2116 Ἐν
415 2063 492 2133 τῷ
509 2064 716 2118 ἐλθεῖν
741 2066 950 2119 τοίνυν
969 2066 1112 2132 τοὺς
1139 2067 1423 2135 Ζιφαίους
1465 2067 1560 2120 καὶ
1599 2064 1782 2119 εἰπεῖν

1965 2064 2097 2118 Cum
2122 2065 2375 2119 venissent
2407 2081 2529 2134 ergo
2560 2063 2781 2134 Zipha'i,
2819 2081 2879 2118 ac
2907 2065 3161 2119 dixissent
3187 2064 3256 2118 ad
3284 2063 3417 2119 Saul
3445 2079 3466 2118 :

230 2154 299 2221 τῷ
331 2159 519 2211 Σαούλ
539 2173 556 2188 ⁸
581 2160 709 2212 Οὐκ
740 2159 868 2212 ιδοὺ
891 2159 1072 2214 Δαυΐό
1105 2161 1431 2226 κέκρυπται
1458 2161 1596 2226 παρ’
1619 2157 1785 2226 ήμῖν;

230 2246 379 2299 Τοῦτο
402 2248 584 2318 μαθὼν
605 2252 635 2303 ὁ
669 2250 832 2304 Δαυῒδ
862 2251 980 2321 ἦτοι
1003 2251 1062 2315 ἐξ
1082 2231 1476 2320 ἀποκαλύψεως
1503 2251 1597 2304 τοῦ
1633 2250 1788 2303 πνεύ-

230 2354 376 2407 ματος
404 2338 492 2391 τοῦ
524 2339 867 2410 προφητικοῦ
903 2341 935 2410 ἢ
969 2341 1034 2393 ἐκ
1065 2357 1206 2405 τινος
1238 2341 1345 2394 τῶν
1389 2341 1489 2404 τὰς
1531 2341 1786 2404 τοιαύτας

229 2427 540 2495 ἀπαγγελίας
563 2430 838 2483 διακονεῖν
865 2431 1134 2484 εἰωθότων
1154 2472 1168 2496 ,
1216 2431 1274 2484 τὺ
1320 2432 1617 2505 ψαλτήριον
1646 2432 1785 2502 μετὰ

227 2519 391 2588 χεῖρας
413 2521 755 2591 παραχρῆμα
780 2521 981 2585 λαϐὼν,
1013 2524 1079 2576 δι’
1106 2522 1268 2576 αὑτοῦ
1285 2523 1362 2593 τῷ
1378 2523 1497 2593 Θεῷ
1517 2523 1612 2593 τὴν
1638 2524 1785 2592 λογι-

227 2609 313 2679 κὴν
333 2611 580 2682 ἀναφέρει
608 2613 802 2670 θυσίαν
817 2614 990 2681 λέγων
1007 2615 1073 2668 τὰ
1091 2615 1448 2686 προκείμενα,
1465 2615 1531 2667 δι’
1551 2609 1624 2668 ὧν
1647 2614 1788 2679 ἁξιοῖ

228 2699 440 2770 σωθῆναι
465 2702 568 2756 ὑπὸ
593 2703 692 2756 τοῦ
725 2703 880 2768 Θεοῦ,
905 2704 1005 2758 οὐκ
1033 2705 1205 2768 ἄλλως
1240 2705 1272 2776 ἢ
1301 2705 1388 2758 διὰ
1415 2706 1507 2759 τοῦ
1523 2707 1784 2777 ὀνόματος

225 2791 366 2845 αὑτοῦ
381 2809 392 2820 ·
414 2792 490 2845 διό
511 2809 699 2862 φησιν’
738 2795 798 2847 '0
828 2794 1071 2860 Θεὸς,ἐν
1091 2793 1170 2859 τῷ
1184 2797 1426 2864 ὀνόματί
1445 2813 1560 2849 σου
1579 2796 1785 2850 σῶσόν

223 2896 311 2947 με·
337 2881 444 2950 ᾔδει
462 2882 569 2952 γὰρ
585 2877 727 2935 εἷναί
747 2901 797 2936 τι
817 2884 987 2954 ὄνομα
1005 2885 1062 2936 τὸ
1085 2885 1222 2956 ὑπὲρ
1240 2889 1345 2938 πᾶν
1360 2886 1546 2956 ὄνομα.
1577 2888 1784 2958 ’Ὠσπερ

223 2973 316 3040 γάρ
331 2973 438 3025 ἐστί
461 2991 579 3026 τινα
598 2978 659 3028 ἐν
687 2978 808 3038 ταῖς
833 2976 1070 3046 ἐπῳδαῖς
1087 2977 1227 3030 κατά
1245 2977 1352 3030 τῶν
1384 2977 1602 3030 ἰοϐόλων
1631 2980 1787 3050 ἐρπεο

222 3061 314 3113 τῶν
337 3063 543 3133 ῥήματα
565 3065 664 3116 καὶ
691 3065 952 3134 ὀνόματα,
977 3067 1244 3137 τοσαύτην
1271 3068 1610 3138 ἐμφαίνοντα
1630 3068 1784 3122 δυνά-

226 3165 351 3217 μεως
374 3152 542 3220 ἰσχὺν,
576 3153 656 3215 ὡς
681 3154 1088 3224 κατακοιμίζειν
1122 3157 1266 3227 ἢκαὶ
1292 3159 1517 3229 νεκροῦν
1541 3158 1608 3210 τὰ
1627 3158 1785 3226 φοϐε-

223 3235 415 3307 ρώτατα
436 3239 541 3292 τῶν
567 3242 816 3313 ἑρπετῶν
835 3259 847 3272 °
883 3243 973 3299 τὸν
1005 3245 1167 3297 αὑτὸν
1188 3246 1387 3316 τρόπον
1426 3249 1516 3300 καὶ
1537 3248 1597 3299 τὸ
1615 3248 1782 3317 ὄνομα

221 3328 274 3380 τὸ
301 3331 429 3401 ὑπὲρ
461 3333 568 3385 πᾶν
604 3332 778 3403 ὄνομα
809 3333 1079 3403 ἠπίστατο
1114 3338 1379 3407 σωτήριον
1425 3340 1525 3408 μὲν
1575 3339 1780 3409 τυγχά-

221 3437 316 3474 νειν
355 3422 458 3476 τῶν
503 3425 780 3496 σωτηρίας
809 3425 992 3491 ἀξίων,
1019 3427 1125 3480 τῶν
1157 3428 1214 3480 δὲ
1244 3430 1455 3500 ἐχθρῶν
1485 3433 1580 3484 καὶ
1629 3435 1778 3486 ὲναν-
1808 3421 1848 3476 C

221 3513 333 3565 τίων
358 3513 632 3585 δυνάμεων
659 3515 1008 3570 ἀπελατικόν.
1049 3517 1332 3571 Ἐϐούλετο
1379 3520 1556 3572 τοίνυν
1603 3521 1779 3592 σωθῆ-

221 3619 295 3654 ναι
321 3605 373 3654 ἐν
401 3604 477 3674 τῷ
501 3606 728 3675 ὀνόματι
751 3604 844 3658 τοῦ
866 3603 1023 3668 Θεοῦ,
1051 3606 1144 3657 καὶ
1163 3607 1264 3659 οὐκ
1291 3607 1528 3678 ἀκρίτως
1550 3625 1608 3660 τε
1631 3608 1780 3660 ἐϐού-

220 3691 326 3746 λετο
342 3713 354 3725 ·
381 3696 489 3748 ἀλλ’
513 3699 562 3749 εί
585 3697 738 3763 ἄξιος
763 3698 1072 3769 εὑρίσκοιτο
1095 3699 1196 3768 τῆς
1217 3701 1510 3771 σωτηρίας.
1539 3702 1628 3753 Διὸ
1656 3703 1777 3755 ἐπι-

219 3782 372 3853 λέγει⁸
406 3789 511 3841 Kal
560 3789 632 3842 ἐν
683 3788 757 3856 τῇ
789 3789 1116 3857 δυναστείᾳ
1153 3807 1269 3844 σου
1326 3793 1546 3860 κρινεῖς
1585 3794 1774 3864 μοιοῆ

220 3874 345 3928 κατὰ
366 3878 483 3940 τοὺς
516 3877 739 3943 λοιποὺς
767 3881 1125 3950 ἐρμηνξυτὰς,
1173 3880 1441 3948 δικάσεις
1473 3900 1594 3952 μοι.
1638 3884 1778 3954 Πρό-

218 3979 356 4038 τερον
382 3967 488 4041 γὰρ
525 3969 669 4036 ἀξιοῖ
697 3969 974 4042 κρίνεσθαι
1005 3971 1098 4024 καὶ
1123 3971 1439 4036 δικάζεσθαι
1485 3973 1620 4044 πρὸς
1651 3975 1778 4036 τοὺς

220 4056 518 4124 ἐλαύνοντας
550 4062 584 4132 ἢ
610 4061 705 4115 καὶ
734 4061 1160 4132 διαϐεϐληκότας
1182 4064 1344 4116 αὐτόν
1362 4081 1374 4094 ·
1406 4061 1504 4117 εἶθ’
1529 4063 1700 4128 οὕτως
1728 4065 1776 4116 εί

219 4146 384 4215 φάνειε
409 4151 763 4223 ἀδικούμενος
790 4152 1124 4224 ἐκδικήσεως
1148 4156 1332 4224 τυχεῖν
1355 4155 1452 4225 τῆς
1496 4155 1648 4226 παρὰ
1681 4153 1776 4208 τοῦ

217 4239 408 4308 κριτοῦ,
439 4246 839 4316 μετερχομένω
868 4247 992 4309 τοὺς
1012 4245 1351 4308 ἀδικοῦντας.
1385 4245 1551 4299 Ταῦτ’
1582 4244 1774 4310 εἰπὼν,

218 4331 515 4403 προστίθησι
550 4334 725 4402 λέγων
748 4352 760 4364 ·
800 4336 852 4387 Ὁ
885 4336 1050 4399 Θεὸς,
1068 4335 1438 4389 εἰσάκουσον
1461 4335 1571 4403 τῆς
1591 4352 1778 4402 προσ-

217 4421 384 4491 ευχῆς
422 4443 562 4493 μου,
611 4424 889 4480 ἐνώτισαι
937 4427 1008 4480 τὰ
1046 4427 1287 4495 ῥήματα
1331 4427 1436 4480 τοῦ
1480 4429 1778 4495 στόματός

211 4528 346 4578 μου·
399 4515 586 4586 ὥσπερ
621 4516 984 4585 δικαιολογίαν
1032 4517 1350 4587 ποιούμενος
1409 4517 1639 4570 ἐνώπιον
1682 4516 1776 4570 τοῦ

221 4604 473 4673 κρίνοντος
507 4607 659 4677 αῦτῴ
687 4625 748 4659 τε
782 4609 873 4662 καὶ
904 4611 1016 4672 τοῖς
1045 4608 1318 4662 ἀδικοῦσιν
1347 4609 1530 4662 αὐτόν.
1555 4609 1665 4662 Kal
1693 4609 1778 4661 ἵνα

219 4710 274 4761 γε
306 4696 370 4749 τὰ
392 4699 488 4768 τῆς
514 4700 878 4768 δικαιολογίας
905 4701 1242 4771 παραδεχθῇ,
1289 4700 1384 4771 τὴν
1427 4701 1593 4770 εὐχὴν
1644 4702 1746 4752 ἀνα
1764 4731 1777 4740 ο

1890 2155 2080 2210 Nonne
2121 2173 2234 2210 ecce
2269 2156 2438 2210 David
2476 2155 2814 2210 absconditus
2855 2167 2933 2210 est
2983 2156 3122 2224 apud
3157 2158 3297 2211 nos?
3337 2155 3465 2212 “(ne

1887 2262 2011 2301 cum
2047 2246 2235 2310 David,
2262 2247 2378 2302 sive
2403 2263 2470 2302 ex
2513 2247 2843 2302 revelatione
2878 2247 3105 2318 spiritus
3138 2247 3462 2318 prophetici,

1888 2340 2002 2393 sive
2044 2353 2108 2393 ex
2158 2339 2416 2408 qquiam
2457 2339 2583 2392 talia
2633 2339 2887 2393 nuntiare
2937 2340 3100 2393 solito
3126 2338 3462 2400 edidicisset,

1887 2441 2115 2502 accepto
2149 2432 2332 2485 statim
2375 2446 2484 2499 prae
2535 2431 2789 2485 manibus
2842 2431 3121 2500 psalterio,
3181 2446 3276 2500 per
3329 2430 3465 2486 illud

1887 2521 1999 2576 Deo
2037 2523 2359 2577 rationabile
2416 2522 2747 2576 sacriﬁcium
2809 2520 2989 2584 oﬂ‘ert,
3043 2522 3155 2576 haec
3212 2523 3463 2590 loquens,

1887 2613 2084 2682 quibus
2109 2629 2139 2667 ιι
2169 2613 2278 2668 Deo
2306 2613 2535 2667 salutem
2561 2612 2825 2676 obtinere,
2860 2627 2969 2666 non
3003 2629 3096 2683 per
3117 2612 3261 2666 aliud
3291 2610 3466 2682 quod-

1885 2705 2053 2776 piam,
2090 2719 2254 2775 quam
2298 2719 2395 2774 per
2445 2719 2643 2759 nomen
2686 2703 2804 2773 ejus
2853 2705 3111 2773 postulat,
3143 2719 3313 2774 quare
3340 2703 3415 2767 ait
3447 2721 3462 2758 :

1887 2794 2047 2859 Deus,
2081 2797 2133 2848 in
2164 2796 2370 2849 nomine
2403 2804 2492 2850 tuo
2522 2795 2726 2848 salvum
2749 2811 2828 2848 me
2858 2794 2981 2862 fac;
3016 2809 3219 2864 gnarus
3253 2793 3464 2850 scilicet

1884 2901 2007 2940 esse
2039 2886 2312 2954 quoddam
2356 2899 2553 2938 nomen
2579 2925 2592 2949 ,
2637 2884 2780 2954 quod
2820 2893 2904 2938 est
2952 2900 3117 2954 super
3151 2899 3312 2940 omne
3367 2901 3466 2940 no-

1887 2992 2032 3031 men.
2073 2975 2721 3042 Quemadmodum'enim
2749 2976 2802 3028 in
2836 2973 3300 3029 incantationibus
3329 2990 3462 3030 con-

1884 3073 1968 3120 tra
2003 3067 2218 3136 reptilia
2255 3081 2548 3132 venenosa,
2583 3065 2828 3136 quadam
2879 3064 3154 3133 assignata
3199 3063 3464 3117 voeabula

1883 3167 1938 3214 et
1991 3158 2210 3212 nomina
2272 3167 2420 3220 sunt,
2475 3164 2624 3209 tanta
2658 3155 2706 3208 vi
2743 3154 3028 3225 potestatis
3078 3153 3365 3215 instructa,
3406 3159 3464 3204 ut

1887 3251 2160 3319 reptilium
2188 3247 2590 3303 terribilissima
2615 3246 2699 3300 vel
2727 3245 2946 3316 sopiant
2971 3245 3053 3299 vel
3080 3244 3460 3313 exstinguant;

1886 3342 1965 3395 sic
1994 3349 2048 3394 et
2091 3340 2181 3394 ille
2221 3339 2391 3410 probe
2436 3338 2644 3393 sciebat
2687 3353 2882 3391 nomen
2921 3335 3051 3389 illud
3104 3349 3266 3403 super
3303 3347 3464 3387 omne

1885 3447 2106 3495 nomen,
2144 3432 2384 3486 salutare
2413 3429 2632 3500 quidem
2685 3429 2752 3483 iis
2784 3442 2907 3483 esse
2949 3425 3042 3496 qui
3090 3425 3264 3480 salute
3313 3422 3462 3492 digni
3545 3417 3556 3424 ’

1886 3532 2052 3588 sunt,
2089 3523 2339 3576 inimicos
2382 3537 2510 3577 vero
2551 3529 2603 3575 et
2651 3518 2994 3573 adversarius
3035 3522 3332 3587 potestates
3377 3512 3464 3566 fu-

1883 3628 2032 3683 gare.
2062 3611 2292 3667 Volebat
2330 3612 2517 3682 itaque
2545 3611 2774 3665 salutem
2805 3609 2860 3664 in
2891 3608 3110 3662 nomine
3145 3605 3238 3660 Dei
3267 3617 3464 3659 conse-

1883 3705 2000 3773 qui,
2049 3705 2211 3775 idque
2236 3720 2346 3759 non
2379 3705 2499 3759 sine
2531 3702 2782 3757 examine
2809 3718 2822 3767 ;
2857 3700 2950 3755 sed
2987 3699 3033 3754 si
3060 3699 3257 3768 dignus
3287 3695 3464 3750 salute

1883 3793 2396 3861 deprehenderetur.
2439 3789 2807 3857 Quamobrem
2849 3787 3019 3852 addit,
3058 3785 3124 3839 Et
3169 3787 3224 3838 in
3271 3785 3463 3837 virtute

1883 3892 1976 3936 tua
2006 3882 2265 3947 iudidabis
2298 3881 2466 3945 mihi;
2503 3881 2618 3936 sive
2653 3878 2955 3934 secundum
3002 3876 3244 3946 reliquos
3284 3877 3442 3929 inter-

1883 3980 2065 4043 pretcs
2101 3991 2114 4027 :
2132 3975 2227 4040 jus
2269 3970 2409 4025 dices
2453 3969 2600 4022 mihi.
2637 3967 2773 4021 Nam
2826 3966 2979 4034 prius
3023 3971 3179 4034 rogat
3225 3960 3458 4031 judicari

1884 4081 1944 4121 se
1981 4073 2035 4118 et
2058 4064 2150 4131 jus
2190 4063 2299 4117 dici
2345 4061 2448 4116 sibi
2510 4059 2774 4113 adversus
2805 4055 3128 4124 impulsores
3155 4059 3210 4106 et
3252 4053 3461 4105 calum-

1883 4154 2126 4207 uiatores
2193 4170 2206 4206 :
2260 4166 2324 4203 ac
2354 4149 2550 4203 deinde
2595 4147 2642 4201 si
2680 4145 2880 4215 injuria
2912 4143 3136 4197 aii‘eetus
3161 4141 3458 4204 videretur,

1884 4257 1916 4296 a
1953 4241 2138 4311 judiee
2177 4239 2464 4300 vindicari,
2501 4239 2593 4306 qui
2626 4237 2827 4305 injuria
2860 4250 2918 4289 se
2948 4233 3247 4288 allicientes
3274 4231 3458 4285 adori-

1884 4340 2055 4387 retur.
2103 4330 2200 4384 liis
2233 4330 2395 4384 dictis
2444 4327 2682 4396 adjicit:
2718 4326 2880 4388 Deus,
2928 4323 3122 4379 exaudi
3167 4323 3459 4376 orationem

1883 4438 2076 4484 meam,
2109 4421 2329 4474 auribus
2359 4421 2566 4488 percipe
2602 4416 2757 4472 verba
2780 4418 2887 4470 oris
2919 4417 3060 4478 mei;
3094 4413 3256 4483 quasi
3282 4413 3463 4465 disce—

1883 4523 2046 4585 ptans
2073 4528 2171 4583 pro
2202 4526 2368 4566 causa
2397 4527 2495 4566 sua
2545 4511 2599 4563 in
2650 4515 2947 4578 conspectu
2988 4506 3073 4561 sui
3115 4512 3171 4557 et
3207 4501 3461 4555 inimico-

1884 4620 2006 4658 rum
2039 4619 2263 4658 suorum
2289 4602 2514 4671 iudicis.
2551 4601 2618 4655 Ut
2649 4610 2828 4655 autem
2855 4597 3101 4652 defensio
3126 4609 3223 4648 sua
3259 4591 3460 4645 admit-

1886 4703 2052 4756 tatur,
2089 4695 2420 4760 orationem,
2463 4707 2626 4762 quam
2655 4689 2904 4745 exaudiri
2939 4692 3118 4756 rogat,
3148 4683 3348 4737 emittit
3371 4680 3459 4733 di-

217 4783 425 4854 πέμπει,
441 4764 506 4859 ἦν
539 4792 634 4843 καὶ
655 4764 1072 4860 εἰσακουσθῆναι
1106 4764 1248 4854 ανξιοί
1265 4764 1437 4858 λέγων
1462 4807 1474 4820 ο
1609 4766 1782 4855 Θεὸς,-

1887 4799 2014 4838 cens
2057 4802 2070 4837 :
2119 4781 2284 4845 Deus,
2337 4781 2554 4845 exaudi,
2599 4789 2708 4835 etc.
2764 4777 2904 4845 Quid
2933 4791 3094 4846 porro
3143 4773 3248 4828 sibi
3301 4771 3460 4826 vellet

214 4873 580 4940 εἰσάκουσον,
610 4878 705 4931 καὶ
735 4879 801 4932 τὰ
833 4878 982 4948 ἐξῆς.
1015 4880 1078 4931 Τί
1100 4879 1143 4930 δ’
1168 4879 1232 4932 ἂν
1264 4879 1516 4932 ἐϐούλετο
1543 4881 1575 4949 ἡ
1603 4895 1772 4949 προσ-

215 4961 352 5032 ευχὴ,
393 4965 484 5018 καὶ
519 4965 679 5018 ποίαν
720 4965 1083 5034 δικαιολογίαν
1113 4963 1260 5036 εἶχε,
1301 4954 1426 5036 ἑξῆς
1477 4965 1771 5037 παρίστησι

215 5049 370 5119 λέγων
384 5072 398 5085 ο

267 5144 386 5198 Ὀτι
411 5147 714 5217 ἀλλότριοι
748 5148 1175 5216 ἐπανέστησαν
1212 5148 1303 5200 ἐπ’
1335 5147 1461 5216 ἐμὲ,
1499 5148 1596 5200 καὶ
1628 5163 1772 5214 κρα-

211 5235 346 5289 tutel
402 5236 702 5306 ἐζήτησαν
770 5241 887 5307 τὴν
944 5237 1157 5307 ψυχήν
1197 5255 1340 5306 μου,
1375 5237 1474 5290 καὶ
1521 5238 1593 5290 οὐ
1629 5253 1772 5304 προ-

214 5322 398 5380 έθεντο
418 5329 526 5382 τὸν
560 5329 706 5383 Θεὸν
727 5329 980 5383 ἐνώπιον
1012 5327 1229 5382 αὐτῶν.
1259 5326 1423 5380 Ταῦτ’
1452 5323 1521 5398 ἦν
1551 5326 1616 5380 τὰ
1675 5327 1773 5397 τῆς

213 5415 580 5490 δικαιολογίας.
615 5424 725 5476 Kal
749 5423 852 5493 ὅρα
885 5421 1002 5484 πῶς
1031 5421 1093 5473 οὐ
1145 5420 1235 5473 διὰ
1275 5419 1498 5492 μακρῶν
1543 5419 1774 5473 ἐκτείνει

216 5509 328 5572 τοὺς
341 5509 552 5580 λόγους,
579 5513 691 5566 ἀλλ’
722 5512 818 5566 ἅτε
855 5511 972 5582 Θεῷ
1006 5509 1083 5581 τῷ
1114 5509 1290 5564 πάντα
1327 5507 1489 5563 ετδότι
1525 5507 1772 5576 διαλεγό-

220 5613 384 5664 μενος,
419 5602 567 5672 αὐτῷ
597 5603 754 5672 μόνον
785 5601 1089 5674 ὑπόμνησιν
1118 5603 1367 5663 ποιεῖται,
1415 5599 1508 5670 τὴν
1556 5599 1771 5669 μακρὰν

218 5685 315 5739 τῶν
343 5693 676 5762 πραγμάτων
710 5691 1039 5746 ἀποσιωπῶν
1060 5691 1425 5744 διδατκαλίαν.
1454 5691 1678 5760 Μήποτε
1711 5689 1769 5740 δέ

224 5777 335 5835 τοὺς
361 5780 451 5834 ιιέν
467 5781 778 5842 ἁλλοτοίους
794 5782 1042 5841 ἠνίασετο
1063 5782 1186 5844 τοὺς
1210 5781 1464 5843 Ζιψαίους
1485 5782 1609 5843 τοὺς
1638 5778 1768 5842 ποὺς

1881 4875 2081 4937 oratio,
2113 4882 2166 4928 et
2194 4890 2357 4944 quam
2406 4873 2784 4928 defensionem
2829 4869 3162 4932 institueret,
3203 4863 3304 4919 sub
3344 4863 3460 4915 haec

1877 4966 2114 5036 explicat
2147 4965 2234 5020 bis
2261 4964 2443 5021 verbis
2471 4983 2483 5018 ε

1948 5141 2115 5197 Vens.
2153 5143 2288 5197 5-7.
2331 5142 2593 5208 Quoniam
2640 5138 2800 5192 alieni
2833 5137 3238 5189 insurrexerunt
3272 5128 3459 5182 adver-

1879 5250 1998 5287 sum
2032 5250 2133 5297 me,
2167 5242 2215 5287 et
2247 5233 2408 5301 fortes
2431 5231 2750 5301 quwsierunt
2779 5226 3012 5279 animam
3049 5237 3241 5286 meam,
3276 5229 3324 5274 et
3357 5235 3458 5273 non

1880 5332 2259 5393 proposuerunt
2312 5322 2480 5374 Deum
2532 5329 2654 5372 ante
2708 5324 3041 5386 conspectum
3100 5327 3267 5367 suum.
3337 5309 3460 5364 Haec

1881 5424 1999 5472 erat
2033 5415 2380 5485 disceptatio.
2419 5412 2498 5465 Ac
2535 5412 2658 5465 vide
2687 5410 2820 5464 mihi
2853 5422 2961 5478 quo
2989 5414 3151 5476 pacto
3196 5419 3305 5458 non
3337 5403 3459 5455 lon-
3487 5426 3496 5430 ·-

1887 5521 2012 5578 gum
2047 5505 2289 5575 proferat
2327 5519 2673 5569 sermonem;
2712 5502 2808 5557 sed
2849 5507 3038 5569 utpote
3067 5498 3236 5553 Deum
3282 5492 3456 5549 omni-

1885 5595 2057 5652 scium
2113 5593 2420 5663 alloquens,
2481 5607 2594 5647 rem
2658 5592 2763 5662 ipsi
2808 5591 2985 5646 solum
3040 5594 3453 5647 commemorat,

1883 5685 2213 5755 longamque
2265 5685 2469 5755 negotii
2513 5683 2929 5752 explicationem
2977 5677 3195 5735 silentio
3235 5674 3452 5745 premit.

1878 5775 2016 5830 Num
2070 5790 2194 5830 vero
2254 5790 2352 5844 per
2409 5775 2618 5830 alienos
2677 5773 2990 5830 subindicat
3040 5768 3312 5840 Ziphieos,
3357 5763 3451 5834 qui
