3822 6280
329 421 435 480 467

1029 419 1297 482 EUSEBII
1333 415 1809 475 CESARIENSIS
1846 411 1997 469 OPP.
2039 411 2218 468 PARS
2256 411 2339 466 Ill.
2370 441 2440 452 —
2479 407 2884 468 EXEGETLCA.

3476 403 3578 459 ιιιε

330 541 511 620 ipsum
536 539 681 610 apud
718 539 936 594 Saulem
969 538 1402 594 incusaverant?
1429 537 1505 590 Ac
1528 551 1623 606 per
1649 542 1818 589 tortes
1839 535 1902 584 il-

2009 531 2096 584 τὸν
2131 531 2301 584 Σαοὺλ
2343 526 2782 588 ἐνδιαϐάλλοντας
2809 524 3007 589 αὐτόν;
3042 522 3164 585 τοὺς
3191 521 3248 574 δέ
3298 523 3580 590 κραταιοὺς

331 625 416 691 lbs
447 632 685 691 animam
731 631 906 701 ipsius
957 639 1290 702 quaerentes,
1328 628 1544 682 Saulem
1585 635 1638 681 et
1682 624 1910 679 comites

329 723 471 791 ejus,
507 723 601 792 qui
637 721 805 778 Deum
835 738 942 777 non
983 729 1349 794 proponentes
1384 727 1509 774 ante
1555 724 1908 786 conspectum

329 829 515 877 suum,
567 813 1000 884 insequebantur
1038 830 1159 869 eum
1215 814 1307 882 qui
1360 811 1495 865 nihil
1551 809 1654 864 sibi
1699 805 1911 876 injuriae

327 903 638 972 intulisset;
673 921 737 960 ac
785 921 852 960 eo
885 921 1007 962 sese
1062 904 1342 967 fallebant,
1374 901 1521 973 quod
1559 907 1813 971 putarent
1851 910 1911 951 se

327 1011 492 1074 posse
527 1005 724 1075 praeter
754 997 847 1053 Dei
893 999 1224 1060 voluntatem
1261 993 1468 1064 aliquid
1505 993 1583 1046 illi
1615 990 1740 1044 mali
1769 988 1912 1043 inlli-

327 1086 499 1155 εει-εἳ
529 1087 586 1141 Id
615 1103 748 1141 sane
782 1098 900 1144 erat
933 1087 1214 1141 hominum
1244 1086 1336 1155 qui
1378 1099 1486 1138 non
1512 1088 1912 1157 proposuerant

327 1174 501 1234 Deum
538 1185 664 1232 ante
696 1185 1052 1248 conspectum
1085 1190 1268 1232 suum.
1401 1179 1403 1181 ’

402 1268 532 1324 Haec
570 1285 728 1338 porro
761 1271 958 1336 scripta
981 1277 1125 1332 sunt,
1157 1266 1333 1336 inquit
1367 1264 1679 1334 Apostolus,
1720 1264 1772 1315 iu
1810 1261 1908 1314 ad-

327 1361 669 1419 monitionem
723 1370 959 1414 nostram
1008 1359 1076 1418 9‘,
1133 1365 1190 1410 ut
1245 1357 1548 1409 imitatores
1597 1359 1909 1407 sanctorum

325 1448 647 1517 elﬁciamur,
681 1453 726 1506 si
754 1451 977 1526 quando
1007 1449 1062 1503 in
1114 1447 1317 1502 similia
1367 1445 1742 1500 inciderimus.
1790 1441 1910 1496 Non

325 1549 414 1598 est
452 1556 584 1597 sane
632 1549 871 1612 tempus,
905 1556 1014 1610 quo
1063 1539 1156 1610 qui
1205 1538 1396 1592 volunt
1446 1537 1533 1607 pie
1569 1536 1752 1590 vivere
1799 1547 1909 1586 non

328 1634 772 1702 persecutionem
806 1633 1104 1703 patiantur,
1142 1617 1196 1686 ei
1237 1646 1348 1684 non
1379 1628 1508 1683 odio
1559 1627 1761 1696 injuste
1813 1624 1912 1678 ha-

326 1721 562 1782 beantur
586 1723 654 1777 ab
679 1724 773 1786 iis,
804 1723 899 1792 qui
935 1723 1269 1778 contrariam
1303 1720 1427 1774 vitae
1454 1718 1720 1774 rationem
1754 1715 1911 1770 insti-

327 1821 570 1874 tuerunt.
597 1812 662 1868 Et
685 1829 815 1878 vero
839 1813 1148 1869 necessaria
1171 1812 1287 1871 haec
1310 1811 1468 1866 nobis
1491 1817 1619 1866 sunt
1646 1809 1712 1862 ad
1743 1806 1910 1862 disci-

327 1903 556 1973 plinam,
589 1912 648 1958 ut
680 1905 888 1960 scilicet
913 1921 1016 1959 nos
1044 1918 1262 1977 quoque
1285 1903 1384 1957 hac
1415 1917 1515 1956 ceu
1545 1899 1910 1954 incantatione

329 2007 583 2058 utamur;
625 1997 942 2068 hujusmodi
983 2012 1148 2052 voces
1191 1996 1300 2052 Deo
1331 1995 1663 2055 emittentes,
1695 2005 1817 2045 cum
1853 1990 1908 2044 in

326 2103 523 2143 manus
570 2089 922 2169 injmicorum
958 2087 1194 2162 delapsi,
1249 2102 1438 2144 eorum
1479 2083 1695 2144 insidiis
1733 2093 1784 2137 et
1815 2095 1908 2135 cae

326 2180 547 2262 lumniis
601 2197 726 2262 cum
779 2181 1022 2250 periculo
1077 2180 1421 2256 impetimur;
1488 2176 1732 2248 persuasi
1797 2189 1917 2228 non!

325 2251 539 2334 inutilia
576 2251 691 2325 fore
718 2271 983 2325 orationis
1019 2251 1204 2334 verba,
1241 2268 1336 2325 sed
1361 2267 1566 2322 auxilio
1593 2266 1751 2320 nobis
1786 2278 1906 2318 ma-

323 2376 437 2434 gno
464 2361 676 2427 futura,
713 2369 901 2432 utpote
931 2362 1028 2432 qui
1075 2362 1234 2432 primi
1271 2359 1508 2416 orationi
1553 2374 1652 2412 nos
1691 2356 1907 2410 dederi-

325 2468 472 2508 mus.
505 2451 629 2510 iiaec
666 2461 922 2522 precatus
975 2455 1157 2522 itaque
1191 2452 1384 2520 David,
1420 2451 1681 2506 continuo
1721 2447 1905 2519 propi-

322 2543 461 2597 tium
491 2543 682 2598 habuit
711 2543 903 2609 Deum,
936 2553 990 2600 et
1017 2545 1138 2616 ejus
1174 2560 1278 2615 ope
1317 2544 1577 2615 dignatus
1623 2551 1725 2597 est.
1770 2539 1905 2594 Nam

321 2647 448 2689 cum
482 2635 789 2704 proximum
825 2643 971 2691 esset
1011 2643 1071 2692 ut
1097 2643 1387 2705 caperetur
1425 2643 1479 2690 et
1518 2632 1700 2687 Saulis
1729 2633 1907 2687 mani-

322 2722 429 2787 bus
463 2724 793 2791 traderetur,
843 2726 1125 2801 insperato
1161 2733 1414 2781 servatur
1459 2740 1489 2778 a
1531 2723 1662 2788 Deo,
1711 2724 1908 2778 nuntio

323 2811 543 2874 Saulem
589 2816 655 2869 ad
691 2815 797 2868 alia
843 2817 1057 2887 negotia
1097 2816 1436 2884 abducente,
1486 2816 1785 2872 secundum
1823 2813 1902 2868 hi-

320 2908 549 2961 storiam
596 2906 710 2976 jam
763 2915 1096 2963 enarratam.
1141 2907 1627 2986 Quamobrempait
1671 2915 1902 2979 postea:

321 2994 456 3062 Ecce
481 2999 622 3051 enim
661 2996 804 3052 Deus
834 2998 1056 3068 adjuvat
1087 3015 1188 3062 me,
1224 2998 1485 3054 Dominus
1513 3007 1786 3067 susceptor
1830 3006 1906 3051 est

321 3089 514 3146 anima:
544 3104 691 3142 meae.
729 3087 941 3142 Atertet
971 3089 1117 3142 mala
1147 3090 1381 3143 inimicis
1413 3090 1564 3151 meis,
1604 3098 1652 3143 et
1683 3090 1736 3142 in
1772 3088 1907 3142 veri-

2011 622 2109 692 τὴν
2141 621 2318 692 ψυχὴν
2349 620 2512 675 αὑτοῦ
2541 618 2834 690 ζητοῦντας
2860 616 3020 668 αὐτὸν
3040 615 3130 666 τὸν
3155 613 3329 666 Σαοὺλ
3352 613 3582 675 καὶτοὺς

2015 713 2113 765 σὺν
2147 713 2296 782 αὐτῷ
2319 752 2333 773 ,
2366 713 2415 764 οἳ
2437 753 2450 777 ,
2484 711 2557 782 μὴ
2591 708 2914 781 προθέμενοι
2940 708 3034 760 τὸν
3075 705 3207 758 Θεὸν
3233 702 3460 756 ἐνώπιον
3485 703 3580 755 αὑ-

2011 803 2146 866 τῶν,
2179 804 2408 874 ἡλαυνον
2435 803 2528 856 τὸν
2554 801 2719 872 μηδὲν
2761 800 2958 861 αὐτοὺς
2984 795 3283 866 ἠδικηκότα
3309 835 3325 859 ,
3367 793 3584 858 ἑαυτοὺς

2013 893 2331 957 ἀπατῶντες
2355 893 2435 963 τῷ
2457 890 2721 962 νομίζειν,
2747 891 2827 944 ὃτι
2859 890 2950 942 καὶ
2965 887 3117 958 παρά
3141 887 3201 939 τὸ
3227 885 3472 956 βούλημα
3493 883 3585 938 τοῦ

2013 977 2150 1035 Θεοῦ
2179 979 2500 1049 δυνήσονται
2527 996 2578 1031 τι
2605 977 2725 1030 κατ’
2753 976 2918 1029 αὐτοῦ
2942 994 2956 1041 ;
2992 975 3161 1029 Τοῦτο
3193 975 3236 1028 δ’
3275 971 3348 1046 ἦν
3387 974 3586 1048 ἀνδρῶν

2016 1071 2090 1142 μὴ
2126 1071 2480 1141 προθεμένων
2511 1071 2603 1124 τὸν
2635 1071 2766 1124 Θεὸν
2789 1068 3017 1124 ἐνώπιον
3045 1067 3244 1124 αὐτῶν.

2096 1268 2354 1338 Ἔγγμπάφη
2381 1268 2449 1321 δὲ
2475 1269 2680 1332 ταῦτα,
2708 1270 2870 1340 φησὶν
2894 1269 2922 1321 ό
2963 1268 3282 1332 ’Δπόστολος
3301 1308 3317 1332 ,
3345 1269 3432 1334 εὶς
3450 1283 3585 1324 rav-

2013 1361 2226 1414 θεσίαν
2244 1359 2431 1430 ἡμῶν,
2463 1361 2536 1425 ὡς
2565 1361 2632 1414 ἂν
2657 1363 2890 1433 μιμηταὶ
2915 1360 3234 1431 γιγνοίμεθα
3264 1360 3374 1413 τῶν
3397 1361 3586 1428 ἁγίων,

2013 1451 2195 1503 εἴποτε
2229 1453 2342 1514 τοῖς
2373 1452 2580 1522 ὁμοίοις
2611 1452 3052 1522 περιπίπτοιμεν.
3078 1453 3191 1504 Οὐκ
3217 1451 3333 1503 ἔστι
3365 1451 3471 1520 γὰρ
3497 1451 3583 1506 ὅτε

2014 1542 2212 1602 πάντες
2244 1541 2291 1592 οἱ
2313 1539 2556 1603 θέλοντες
2584 1539 2822 1602 εὐσεϐῶς
2855 1540 2952 1610 ζῇν
2985 1540 3104 1609 οὐχὶ
3144 1539 3459 1604 διώκονται,
3494 1540 3585 1592 καὶ

2017 1629 2090 1701 μὴ
2122 1629 2404 1702 μισοῦνται
2438 1633 2594 1701 μῖσος
2626 1629 2809 1684 ἄδικον
2843 1629 2949 1682 ὑπὸ
2981 1630 3088 1682 τῶν
3110 1629 3200 1683 τὸν
3231 1629 3473 1683 ἐναντίον
3504 1630 3585 1680 αἱ-

2015 1737 2108 1792 ρου
2116 1721 2291 1791 μένων
2322 1721 2454 1790 βίον.
2488 1720 2598 1774 Καὶ
2621 1719 2893 1786 ἀναγκαῖά
2915 1735 2978 1787 γε
3005 1721 3137 1789 ἡμῖν
3156 1717 3230 1779 τὰ
3252 1716 3586 1787 προκείμενα

2015 1815 2096 1874 είς
2130 1811 2477 1866 διδασκαλίαν
2497 1829 2510 1842 ο
2547 1812 2619 1876 ὡς
2650 1810 2714 1864 ἂν
2749 1813 2843 1865 καὶ
2872 1812 3025 1865 αὐτοὶ
3045 1811 3200 1882 δίκην
3221 1811 3438 1881 ἐπῳδῆς
3467 1811 3586 1862 ἐαυ-

2011 1905 2124 1965 τοῖς
2158 1903 2448 1977 ἐπᾴδοιμεν
2475 1907 2574 1966 τάς
2589 1901 2844 1964 τοιαύτας
2874 1902 3058 1970 φωνὰς
3075 1901 3492 1970 ἀναπέμποντες
3511 1898 3586 1972 τῷ

2011 1993 2150 2064 Θεῷ,
2190 1993 2411 2047 ἐπειδὰν
2441 1993 2654 2064 ἐχθροῖς
2693 1993 3080 2064 περιπεσόντες
3110 1991 3586 2060 ἐπιϐουλευοίμεθα

2013 2086 2103 2138 ὑπ’
2146 2085 2352 2153 αὐτῶν,
2401 2087 2494 2140 καὶ
2545 2085 2987 2156 διαϐαλλοίμεθα,
3021 2086 3114 2139 καὶ
3152 2085 3583 2155 κινδυνεύοιμεν·

2011 2176 2367 2248 πεπεισμένοι
2400 2178 2498 2230 οὐκ
2529 2178 2673 2249 ἀργά
2699 2176 2917 2230 ἔσεσθαι
2943 2176 3008 2230 τά
3041 2177 3260 2248 ῥήματα
3291 2176 3389 2245 τῆς
3422 2191 3586 2247 προσ-

2011 2269 2192 2340 ευχῆς,
2220 2269 2285 2322 τά
2321 2271 2528 2340 μεγάλα
2562 2269 2617 2323 δέ
2652 2269 3051 2341 συμϐαλοῦνται
3081 2271 3234 2339 ἡμῖν,
3276 2268 3469 2339 ὥσπερ
3498 2261 3588 2321 οὖν

2011 2361 2105 2413 καὶ
2131 2361 2314 2424 αὐτοῖς
2340 2364 2453 2425 τοῖς
2481 2359 2718 2432 πρώτοις
2745 2361 3084 2432 εὐξαμένοις.
3114 2360 3321 2412 Λύτίκα
3348 2359 3483 2428 γοῦν
3505 2360 3584 2412 εὐ-

2013 2452 2241 2524 ξάμενος
2281 2455 2450 2507 ταῦτα
2491 2456 2518 2506 ὁ
2545 2453 2737 2518 Δαυτδ,
2764 2455 3103 2526 παραχρῆμα
3154 2453 3394 2522 ἐπηκόου
3432 2451 3585 2523 ἔτυχε

2007 2546 2100 2600 τοῦ
2154 2546 2311 2610 Θεοῦ,
2352 2546 2444 2600 καὶ
2491 2545 2731 2610 ἀξιοῦται
2776 2545 2878 2614 τῆς
2924 2547 3054 2616 παρ’
3104 2543 3264 2598 αὑτοῦ
3315 2543 3584 2613 βοηθείας.

2014 2636 2152 2706 Ἤδη
2209 2633 2317 2708 γ’ἀρ
2353 2634 2560 2707 μέλλων
2607 2634 2921 2689 ἁλίσκεσθαι
2966 2633 3059 2686 καὶ
3106 2636 3227 2696 ταῖς
3274 2632 3369 2685 τοῦ
3416 2631 3586 2685 Σαοὺλ

2009 2727 2163 2800 χερσὶ
2217 2725 2624 2798 παραδίδοσθαι,
2686 2723 3004 2796 παραδόξως
3061 2725 3124 2776 ἐκ
3153 2722 3287 2776 Θεοῦ
3333 2721 3583 2786 σώζεται,

2007 2819 2264 2889 ἀγγελίας
2294 2818 2380 2871 τὸν
2396 2817 2566 2870 Σαοὺλ
2593 2815 2988 2886 ἀπαγαγούσης
3011 2817 3094 2886 ἐφ’
3120 2816 3311 2887 ἐτέρας
3333 2813 3584 2884 ἀσχολίας

2009 2908 2152 2968 κατά
2200 2909 2294 2982 τὴν
2335 2907 2739 2980 παρατεθεῖσαν
2792 2906 3050 2978 ἱστορίαν.
3095 2905 3185 2958 Διὸ
3213 2905 3341 2974 ἑξῆς
3391 2919 3582 2973 φησιν·

2020 3001 2165 3057 Ἰδοὺ
2189 3001 2298 3072 γὰρ
2332 3003 2366 3053 ὁ
2395 2999 2538 3066 Θεὸς
2559 2997 2778 3066 βοηθεῖ
2785 3016 2906 3067 μοι,
2949 2999 3163 3065 Κύριος
3207 2994 3582 3062 dna-rinam

2007 3087 2114 3158 τῆς
2135 3088 2342 3158 ψυχῆς
2355 3107 2494 3158 μου.
2534 3088 2913 3158 Ἀποστρέψει
2935 3086 3006 3151 τὰ
3029 3087 3181 3142 κακὰ
3207 3085 3332 3151 τοῖς
3354 3084 3585 3155 ἐχθροῖς

320 3184 429 3241 tate
453 3188 544 3229 tua
575 3177 818 3246 disperde
843 3177 984 3232 illos.
1016 3177 1352 3247 Diapsalma.
1385 3177 1698 3249 Diapsalma
1733 3186 1904 3232 muta-

2009 3197 2142 3248 μου,
2167 3181 2265 3234 καὶ
2290 3181 2361 3233 ἐν
2378 3179 2452 3248 τῇ
2472 3181 2720 3252 ἀληθείᾳ
2739 3195 2855 3234 σου
2875 3178 3317 3247 ἐξολόθρευσον
3337 3179 3580 3244 αὐτούς.

319 3266 523 3328 tionem
557 3267 840 3322 sententiae
870 3269 1103 3323 induxit.
1132 3270 1225 3322 Illa
1256 3271 1401 3324 enim
1427 3286 1524 3325 ceu
1557 3270 1764 3325 orando
1794 3270 1904 3324 Deo

2009 3269 2340 3340 Διάψαιῳα.
2371 3271 2444 3324 Τὸ
2470 3270 2746 3341 διαψαλμα
2797 3269 3096 3341 μεταϐολὴν
3141 3269 3437 3340 εἰργάσατο
3488 3267 3584 3335 τῆς

315 3358 618 3426 emiserat;
668 3358 782 3413 haec
841 3375 967 3414 verr.
1020 3359 1178 3430 quasi
1229 3361 1547 3431 prophetico
1599 3361 1902 3431 subjungit,

318 3465 443 3524 quae
469 3451 701 3511 salutem
746 3453 993 3521 precanti
1042 3456 1446 3522 praenuntiant,
1482 3453 1721 3508 inimicis
1750 3469 1902 3516 vero,

319 3555 350 3606 e
381 3553 618 3609 quorum
654 3541 910 3596 manibus
957 3541 1096 3614 eripi
1143 3543 1376 3613 rogavit,
1409 3542 1730 3610 perniciem.
1775 3539 1904 3595 Hazc

320 3629 487 3700 igitur
526 3629 767 3701 Spiritus
820 3633 999 3690 sancti
1051 3631 1234 3698 amatu
1285 3632 1652 3698 vaticinatur;
1705 3631 1792 3686 his
1839 3647 1902 3685 ea

317 3719 638 3790 signiﬁcans
671 3738 792 3802 quae
815 3739 873 3779 se
901 3732 1215 3794 spectarent
1247 3743 1259 3777 :
1297 3721 1431 3777 Ecce
1457 3724 1598 3776 enim
1636 3722 1779 3777 Deus
1807 3721 1905 3776 ad-

313 3810 463 3879 juvat
493 3829 595 3876 me,
635 3811 890 3868 Dominus
935 3825 1206 3883 susceptor
1237 3825 1314 3871 est
1361 3817 1554 3870 anima:
1587 3831 1735 3870 meae.
1773 3813 1904 3880 Quae

320 3909 451 3960 vero
507 3905 574 3960 ad
631 3907 888 3964 inimicos
953 3889 1086 3964 suos
1119 3910 1414 3978 pertinent,
1464 3909 1677 3967 scilicet
1713 3910 1780 3964 ad
1815 3910 1904 3963 Zi-

322 3994 531 4062 pliaeos,
564 3994 658 4064 qui
696 3995 877 4065 ipsum
918 3997 1062 4066 apud
1103 3995 1323 4056 Saulem
1356 3999 1672 4056 calumniati
1730 4006 1899 4064 sunt;

319 4079 439 4139 sive
467 4078 536 4132 ad
568 4080 884 4148 spirituales
917 4085 1184 4153 quosdam
1215 4096 1268 4150 et
1292 4087 1542 4156 occultos
1571 4087 1779 4152 hostes,
1808 4089 1901 4156 qui

315 4169 438 4239 ejus
481 4171 782 4232 secundum
815 4171 983 4234 Deum
1028 4173 1299 4244 profectui
1356 4176 1695 4243 invidebant,
1738 4184 1902 4246 atque

320 4258 445 4325 ideo
470 4262 935 4334 conspirationem
973 4264 1238 4320 adversus
1278 4281 1401 4321 eum
1441 4266 1783 4330 conﬂabant,
1816 4267 1901 4320 his

317 4351 500 4414 verbis
533 4352 690 4417 eﬂ‘ert
727 4356 967 4408 :Avertet
1001 4355 1145 4409 mala
1173 4357 1398 4410 inimicis
1429 4358 1580 4421 meis,
1610 4367 1659 4411 et
1690 4357 1742 4410 in
1766 4358 1900 4424 veri-

318 4447 428 4508 tate
475 4451 570 4498 tua
615 4442 860 4513 disperde
906 4445 1049 4501 illos.
1105 4446 1419 4502 Secundum
1462 4463 1591 4502 vero
1648 4447 1901 4519 Symma-

2007 3363 2266 3425 διανοίας.
2296 3362 2375 3415 Τά
2420 3363 2520 3433 μὲν
2566 3361 2675 3434 γὰρ
2705 3362 2780 3425 ὡς
2819 3364 2876 3414 ἐν
2922 3365 3196 3432 προσευχῇ
3239 3360 3585 3430 ἀνεπέμπετο

2003 3452 2082 3524 τῷ
2103 3453 2222 3524 Θεῷ
2240 3471 2254 3484 ·
2282 3454 2350 3509 τὰ
2378 3455 2434 3506 δέ
2463 3454 2820 3524 προφητικῶς
2845 3453 3086 3522 ἐπιλέγει
3107 3493 3120 3516 ,
3156 3453 3223 3506 τά
3262 3452 3584 3513 θεσπίζοντα

2007 3543 2281 3613 σωτηρίαν
2316 3543 2413 3614 μὲν
2437 3541 2512 3612 τῷ
2545 3542 2847 3612 εὐξαμένῳ,
2881 3541 3086 3596 πτῶσιν
3119 3541 3175 3594 δὲ
3205 3544 3318 3604 τοῖς
3348 3539 3582 3614 ἐχθροῖς,

2008 3635 2099 3709 ἀφ’
2128 3629 2201 3688 ὦν
2225 3635 2487 3709 ῥωσθῆναι
2515 3634 2734 3707 ηὔξατο.
2761 3635 2924 3688 Ταῦτ’
2951 3630 3042 3687 οὖν
3074 3634 3133 3698 ἐξ
3155 3634 3306 3702 ἁγίου
3333 3633 3583 3706 Πνεῦμα-

2005 3742 2095 3788 τος
2134 3725 2495 3797 προφητεύει,
2554 3726 2624 3779 τὰ
2681 3726 2778 3795 μέν
2833 3726 2960 3796 περὶ
2993 3725 3153 3778 αὑτὸν
3200 3725 3480 3796 σημαίνων
3528 3725 3583 3777 ἐν

2003 3813 2214 3877 τούτοις
2239 3831 2252 3844 ·
2295 3813 2439 3868 Ἰδοὺ
2474 3815 2583 3885 γὰρ
2619 3818 2651 3868 ὀ
2675 3814 2818 3880 Θεὸς
2835 3813 3055 3882 βοηθεῖ
3071 3831 3193 3883 μοι,
3237 3815 3451 3880 Κύριος
3483 3813 3584 3867 ἀν-

2005 3905 2300 3974 τιλήπτωρ
2331 3905 2440 3974 τῆς
2466 3905 2671 3977 ψυχῆς
2687 3925 2806 3978 μου
2823 3922 2837 3936 ⁸
2863 3905 2930 3958 τά
2956 3905 3013 3958 δέ
3035 3906 3162 3976 περι⁹
3193 3904 3301 3957 τῶν
3329 3904 3582 3957 ἐναντίων

2004 3995 2174 4066 αὐτῷ,
2228 3997 2347 4066 ἦτοι
2380 3997 2509 4066 περὶ
2572 3997 2678 4050 τῶν
2714 3997 2954 4066 Ζιφαίων
3001 3995 3108 4049 τῶν
3150 3994 3583 4065 διαϐεϐληκότων

2005 4088 2165 4141 αὑτὸν
2214 4088 2352 4159 πρὸς
2401 4089 2492 4141 τὸν
2542 4089 2748 4152 Σαοὺλ,
2799 4089 2956 4160 ἢκαὶ
2989 4087 3194 4157 νοητῶν
3237 4087 3456 4158 τινωνῆ
3492 4087 3580 4139 καὶ

2004 4180 2224 4250 ἀφανῶν
2257 4180 2464 4253 ἐχθρῶν
2495 4181 2604 4234 τῶν
2637 4180 3105 4251 διαφθονουμένων
3139 4179 3302 4233 αὑτοῦ
3345 4183 3413 4250 τῇ
3441 4178 3582 4232 κατά

2003 4271 2134 4323 Θεὸν
2165 4275 2436 4343 προκοπῇ,
2464 4273 2556 4326 καὶ
2588 4272 2677 4328 διά
2708 4273 2864 4326 τοῦτο
2888 4271 3369 4343 συσκευαζομένων
3395 4271 3579 4331 αὑτὸν,

2003 4363 2061 4414 ἐν
2082 4361 2159 4431 τῷ
2181 4401 2194 4422 .
2233 4363 2616 4432 Ἀποστρέψει
2644 4363 2715 4418 τὰ
2746 4364 2903 4418 κακὰ
2924 4363 3046 4429 τοῖς
3059 4363 3295 4433 ἐχθροῖς
3317 4381 3456 4431 μου,
3484 4362 3577 4416 καί

2000 4452 2070 4506 ἐν
2101 4451 2176 4522 τῇ
2195 4453 2445 4522 ἀληθείᾳ
2472 4471 2588 4508 σου
2610 4447 3050 4523 ἐξολόθρευσον
3071 4458 3312 4520 αὐτούς.
3339 4456 3498 4508 Κατά
3526 4455 3578 4508 δὲ

316 4532 522 4587 chum:
563 4532 852 4601 Retribuat,
885 4537 1083 4606 inquit,
1115 4538 1260 4592 mala
1306 4540 1372 4592 iis
1420 4541 1508 4610 qui
1543 4539 1671 4592 mihi
1717 4557 1898 4594 muros

2009 4543 2095 4595 τὸν
2135 4545 2461 4616 Σύμμαχον·
2522 4545 2970 4609 Ἀνταποδώσει,
3028 4547 3192 4616 φησὶ,
3251 4547 3410 4599 κακὰ
3458 4545 3578 4610 τοῖς

315 4622 566 4690 auferunt
598 4641 616 4678 :
656 4627 710 4680 in
745 4630 962 4682 veritate
1021 4637 1113 4682 tua
1171 4629 1326 4683 silere
1380 4630 1467 4698 {ac
1513 4646 1620 4683 eos.
1659 4628 1725 4682 Et
1753 4631 1896 4696 vide,

315 4727 446 4779 num
507 4716 625 4770 haec
687 4732 812 4772 cum
869 4719 1098 4773 historia
1161 4721 1452 4789 quadrent.
1511 4719 1644 4777 Nam
1696 4721 1900 4792 Ziphtei

316 4804 496 4876 ipsum
531 4808 674 4878 apud
702 4826 763 4865 se
791 4811 1008 4866 latitare
1039 4809 1332 4873 volentem,
1365 4813 1525 4881 quasi
1558 4813 1900 4870 denudantes

315 4902 370 4950 ct
398 4913 585 4954 muros
619 4900 724 4969 ipsi
756 4902 1089 4965 auferentes,
1121 4903 1299 4971 ipsum
1327 4903 1618 4960 calumniis
1643 4912 1697 4960 et
1718 4905 1900 4960 verbis

315 4985 603 5046 diabolicis
648 4991 985 5061 impetebant
1034 4992 1180 5062 apud
1235 4990 1454 5048 Saulem
1493 5013 1506 5049 :
1549 5009 1720 5066 quare
1775 4996 1899 5050 illos

311 5079 439 5148 jure
460 5082 831 5146 subindicavit
861 5084 948 5139 his
974 5085 1158 5139 verbis
1194 5102 1208 5138 :
1238 5083 1508 5143 Retrihuet
1540 5087 1686 5140 mala
1715 5087 1781 5147 iis
1809 5087 1899 5155 qui

315 5171 446 5237 mihi
497 5189 675 5233 muros
725 5175 998 5244 auferunt,
1039 5185 1088 5230 et
1122 5176 1178 5228 in
1207 5177 1423 5242 veritate
1465 5186 1559 5229 tua
1611 5177 1767 5232 silere
1811 5176 1898 5245 {ac

315 5278 425 5318 eos.
459 5262 667 5319 Bonum
706 5267 842 5339 ipsis
891 5267 1166 5322 silentium
1200 5273 1305 5329 est,
1350 5275 1411 5322 ut
1464 5283 1533 5322 ne
1564 5267 1766 5329 talibus
1797 5266 1896 5332 ad-

317 5369 536 5412 versum
573 5371 659 5421 me
708 5360 1001 5426 calumniis
1053 5368 1298 5416 utantur.
1353 5360 1660 5415 Admodum
1715 5367 1898 5420 autem

317 5455 684 5515 congruenter
712 5446 882 5517 Deum
913 5458 1315 5520 susceptorem,
1352 5451 1467 5508 sive
1503 5451 1737 5518 fulcrum
1778 5450 1899 5506 ani-

317 5551 420 5603 mae
474 5552 612 5603 suae,
668 5540 972 5596 secundum
1032 5541 1422 5613 Symmachum
1483 5543 1712 5598 vocavit.
1757 5542 1894 5608 Quia

318 5625 463 5694 enim
508 5628 763 5701 superius
790 5627 960 5686 fortes
984 5631 1302 5706 quaerebant
1347 5631 1584 5701 animam
1614 5631 1768 5703 ejus;
1798 5645 1898 5685 ne.

392 5803 436 5839 "
478 5802 662 5872 lCor;
698 5823 752 5873 τε.
804 5808 863 5872 li,

2002 4634 2446 4704 ἀποτειχίζουσι
2469 4638 2571 4706 με,
2605 4637 2674 4688 ἐν
2701 4635 2776 4703 τῇ
2804 4635 3055 4703 ἀληθείᾳ
3082 4651 3197 4689 σου
3233 4633 3577 4700 ἀποσιώπη-

2003 4739 2119 4779 σον
2136 4728 2377 4799 αὐτούς.
2404 4728 2513 4782 Καὶ
2543 4727 2646 4798 ὅρα
2663 4727 2711 4779 εί
2740 4726 2815 4797 μὴ
2836 4728 3118 4796 συμφωνεῖ
3148 4724 3320 4778 ταῦτα
3342 4728 3408 4796 τῇ
3441 4727 3577 4778 ἱστο-

2005 4813 2116 4896 ρίᾳ.
2150 4814 2479 4885 Ἐπειδήπερ
2503 4815 2552 4866 oi
2579 4816 2790 4884 Ζιφαῖοι
2816 4814 3137 4888 βουλόμενον
3161 4814 3324 4867 αὑτὸν
3355 4814 3578 4886 κρύπτε-

2004 4903 2126 4958 σθαι
2152 4908 2280 4977 παρ’
2304 4906 2505 4972 αὐτοῖς,
2534 4905 2723 4978 ὥσπερ
2747 4906 3190 4977 ἀπογυμνοῦντες
3227 4909 3322 4960 καὶ
3361 4908 3575 4961 ἀποτει-

2001 4995 2262 5065 χίζοντες,
2291 4995 2564 5049 διέὸαλλον
2600 4997 2735 5067 πρὸς
2763 4997 2854 5051 τὸν
2889 4998 3083 5061 Σαοὺλ,
3121 4997 3298 5065 λόγοις
3343 4997 3574 5051 διαϐολι-

1953 5137 1960 5143 .
2002 5089 2117 5151 κοῖς
2147 5088 2267 5140 κατ’
2295 5086 2458 5141 αὐτοῦ
2486 5087 2790 5168 χρώμενοι·
2822 5088 3011 5160 διόπερ
3035 5089 3250 5152 αὐτοὺς,
3299 5087 3378 5151 ὡς
3411 5087 3572 5150 εἰκὸς.

1999 5179 2366 5249 αἰνιττόμενος
2393 5179 2575 5248 ἔλεγεν
2593 5195 2606 5210 ο
2657 5178 3082 5235 Ἆνταποδώσει
3103 5178 3258 5230 κακὰ
3281 5176 3404 5242 τοῖς
3434 5177 3574 5230 ἀπο-

1998 5267 2320 5336 τειχίζουσι
2347 5285 2444 5338 με,
2490 5268 2588 5322 καὶ
2611 5268 2680 5322 ἐν
2701 5267 2778 5335 τῇ
2801 5268 3053 5336 ἀληθείᾳ
3085 5281 3201 5320 σου
3226 5263 3572 5330 ἀποσιώπη·

1999 5373 2115 5414 σον
2131 5361 2371 5425 αὐτούς.
2409 5359 2563 5430 Καλὴ
2597 5359 2704 5431 γάρ
2733 5360 2917 5423 αὐτοῖς
2940 5361 2973 5428 ἡ
3003 5356 3200 5428 σιωπὴ,
3236 5357 3325 5408 ἵνα
3363 5356 3438 5426 μὴ
3462 5369 3571 5406 τοι-

1999 5450 2192 5516 αύταις
2220 5452 2458 5524 χρῶνται
2481 5452 2601 5504 κατ’
2633 5451 2776 5521 ⁴ἐμοῦ
2807 5449 3102 5519 διαϐολαῖς.
3120 5449 3331 5519 Σφόδρα
3358 5449 3416 5501 δὲ
3444 5463 3573 5501 κατ-

2000 5545 2244 5616 αλλὴλως
2274 5545 2364 5598 τὸν
2388 5543 2518 5597 Θεὸν
2551 5542 2940 5613 ἀντιλήπτορα,
2977 5541 3010 5610 ἢ
3035 5540 3387 5608 ὑπέρεισμα,
3437 5536 3575 5592 κατά

1999 5638 2089 5707 τὸν
2115 5636 2432 5710 Σύμμαχον,
2466 5633 2718 5712 ὠνόμασε
2738 5633 2838 5707 τῆς
2877 5631 3068 5698 ἑαυτοῦ
3101 5631 3298 5713 ψυχῆς.
3357 5625 3575 5699 Ἐπειδὴ
