3822 6280
209 418 307 473 λοι.)

1323 407 1822 462 COMMENTARIA
1862 408 1929 465 IN
1971 406 2309 463 PSALMOS.

3327 413 3432 460 470

212 530 311 600 γὰρ
338 527 591 598 ἀνωτέρω
619 528 664 579 οί
697 525 946 597 κραταιοὶ
971 522 1199 594 ἐζήτουν
1226 521 1321 591 τὴν
1362 522 1539 591 ψυχὴν
1574 522 1760 586 αὑτοῦ,

1874 539 1972 592 que
1998 523 2071 576 ita
2098 519 2315 589 corpori
2358 518 2588 574 insidias
2621 525 2832 574 struere
2861 520 3193 589 cogitabant,
3232 529 3287 572 ut
3316 521 3432 574 ani-

214 624 299 690 οὐχ
317 620 482 680 οὕτως
503 616 880 671 ὲπιϐουλεῦσαι
909 612 1074 668 αὑτοῦ
1106 611 1182 681 τῷ
1204 610 1415 681 σώματι
1444 612 1760 683 προῃρημέ-

215 729 302 772 νοι,
324 710 396 771 ὡς
421 711 488 778 τῇ
522 707 667 777 ψυχῇ
693 724 706 736 ο
734 707 961 767 είκότως
985 702 1077 756 καὶ
1103 700 1264 763 αὐτὸς
1287 702 1377 753 τὸν
1422 700 1626 770 Κύριον
1672 702 1764 754 ἀν-

213 798 489 867 τιλήπτορα
518 795 620 864 τῆς
642 793 835 848 ἑαυτοῦ
861 793 1037 863 ψυχῆς
1074 790 1374 862 ὠνόμαζεν.
1426 790 1625 859 Ἔμελε
1657 788 1764 860 γὰρ

215 886 347 955 αύτῷ
373 884 519 937 οὐδὲν
561 884 655 937 τοῦ
700 882 970 952 σώματος.
1003 882 1123 935 οὐδὲ
1151 882 1259 935 τῶν
1303 879 1461 943 ἐκτὸς
1496 878 1763 948 ὑπαρχόν-

214 994 327 1038 των,
355 975 471 1027 οὐδὲ
491 975 592 1043 τῆς
616 974 949 1044 προσκαίρου
976 973 1177 1044 ταύτης
1206 972 1371 1043 ζωῆς,
1402 969 1568 1040 μόνης
1587 969 1643 1022 δὲ
1669 969 1766 1040 τῆς

215 1066 390 1121 ἑαυτοῦ
414 1065 610 1134 ψυχῆς.

289 1156 596 1219 Ἑκουσίως
611 1154 774 1207 θύσω
795 1168 914 1217 σοι,
927 1151 1442 1223 ἐξομολογήσομαι
1465 1151 1543 1217 τῷ
1559 1152 1769 1217 ὀνόμα-

216 1248 267 1299 τί
287 1260 415 1306 σου.
438 1246 635 1310 Κύριε,
660 1244 749 1297 ὅτι
784 1245 1029 1311 ἀγαθόν.
1064 1244 1162 1296 Διά
1193 1243 1301 1296 τῶν
1329 1242 1557 1314 πρώτων
1587 1242 1769 1310 δέησιν

217 1338 298 1389 καὶ
324 1334 594 1405 ἱκετηρίαν
621 1334 949 1405 ἀναπέμψας
980 1334 1058 1403 τῷ
1090 1334 1230 1403 Θεῷ,
1259 1335 1351 1386 καὶ
1374 1333 1471 1401 τὴν
1502 1332 1768 1386 δικαιολο-

216 1424 325 1492 γίαν
346 1421 503 1474 αὑτοῦ
538 1420 827 1490 ἐκθέμενος
852 1459 867 1482 ,
900 1421 957 1473 ὲν
985 1422 1093 1483 τοῖς
1125 1418 1417 1489 δευτέροις,
1464 1415 1771 1487 πληρωθεὶς

214 1512 297 1565 τοῦ
322 1511 644 1582 πνεύματος,
678 1509 921 1574 θεσπίζει
960 1512 1027 1563 τά
1059 1527 1118 1562 τε
1150 1510 1278 1579 περὶ
1303 1508 1465 1562 αὑτὸν
1513 1507 1773 1579 μέλλοντα

215 1601 449 1666 ἔσεσθαι,
499 1601 569 1655 τά
626 1618 685 1654 τε
717 1604 831 1664 τοῖς
862 1600 1077 1672 ἐχθροῖς
1122 1599 1287 1655 αὑτοῦ
1342 1598 1766 1669 συμϐησόμενα·

215 1688 301 1745 εἷθ’
331 1692 449 1763 ἑξῆς
479 1692 573 1746 καὶ
600 1691 908 1755 ἀκολούθως
943 1695 1001 1744 έν
1045 1690 1125 1761 τῷ
1173 1692 1344 1762 τρίτῳ
1389 1689 1547 1761 μέρει
1583 1688 1773 1751 θυσίας

218 1783 297 1835 καὶ
320 1782 668 1853 εὐχαριστίας
698 1781 918 1835 ἀνύσειν
954 1780 1349 1848 ἐπαγγέλλεται
1392 1779 1468 1850 τῷ
1516 1778 1637 1849 Θεῷ
1685 1773 1772 1847 ἐφ’

213 1867 284 1934 οἷς
312 1867 365 1925 εὖ
398 1871 684 1925 τέπονθεν.
734 1872 818 1933 Ὠς
840 1871 949 1941 γὰρ
971 1870 1035 1941 δὴ
1070 1869 1353 1933 διασωθεὶς
1386 1869 1479 1922 καὶ
1522 1869 1621 1939 τῆς
1658 1867 1765 1922 τῶν

213 1962 398 2034 ἐχθρῶν
424 1962 714 2033 ἐπιϐουλῆς
734 1961 1193 2032 ἡλευθερωμένος,
1221 1962 1281 2014 ού
1308 1962 1488 2033 μόνον,
1516 1960 1650 2014 ἀλλά
1671 1960 1764 2014 καὶ

214 2046 302 2105 τὸν“
317 2053 524 2124 ὄλεθρον
553 2055 664 2106 τῶν
701 2052 912 2124 ὲχθρῶν
939 2052 1157 2117 ἐπιδὼν,
1184 2052 1331 2106 θύειν
1376 2052 1471 2106 καὶ
1516 2052 1764 2122 ἐξομολο-

217 2143 459 2213 γήσασθαι
504 2144 581 2214 τῷ
615 2145 841 2215 ὀνόματι
869 2143 961 2197 τοῦ
990 2144 1197 2215 Κυρίου
1249 2144 1618 2213 ὑπισχνεῖται·
1672 2142 1765 2195 καὶ

215 2235 365 2288 nisa
409 2236 664 2305 προλέγει
694 2233 964 2298 θεσπίζων
999 2234 1104 2305 πρὸ
1147 2234 1243 2303 τῆς
1270 2234 1377 2286 τῶν
1429 2233 1765 2303 πραγμάτων

217 2325 486 2388 ἐκϐάσεως.
519 2328 649 2380 Ὂτε
681 2327 789 2397 γὰρ
835 2326 883 2378 οί
918 2327 1128 2394 Ζίφαῖοι
1182 2324 1424 2387 ἐλθόντες
1482 2325 1619 2396 πρὸς
1672 2325 1765 2379 τὸν

216 2417 364 2469 Σαοὺλ
407 2413 579 2468 εἷπον·
638 2416 784 2469 Ἰδοὺ
834 2416 1013 2469 Δαυῒδ
1046 2417 1373 2483 κέκρυπται
1405 2416 1541 2483 παρ’
1582 2415 1726 2486 ἡμῖν
1747 2432 1761 2447 ·

215 2507 365 2585 ἀρχὴν
391 2508 459 2560 ἐτ’
489 2508 722 2579 ἐχούσης
752 2509 851 2579 τῆς
873 2510 991 2561 κατ’
1028 2506 1205 2560 αὐτῶν
1250 2508 1490 2571 ἱστορίας
1533 2509 1625 2561 καὶ
1658 2508 1765 2562 τῶν

214 2597 425 2670 licetbe
442 2598 587 2674 ἀρττ
599 2598 1037 2674 ᾶταϐεϐληκὸτων
1058 2598 1248 2662 αὑτὸν,
1282 2599 1401 2652 τότε
1435 2598 1499 2669 δὴ
1541 2598 1609 2652 τά
1636 2598 1762 2669 τέλη

218 2694 308 2747 τῶν
343 2696 676 2767 πραγμάτων
730 2696 892 2759 αὐτὸς
930 2694 1173 2757 θεσπίζει
1208 2735 1220 2758 ,
1251 2693 1319 2746 τὰ
1369 2690 1592 2760 ὕστερόν
1635 2707 1764 2744 ποτε

214 2786 524 2856 γενησόμενα
558 2786 956 2857 προλαμϐάνων
981 2786 1057 2849 ὡς
1083 2785 1185 2855 ἠδη
1208 2782 1489 2851 γεγονότα.
1534 2782 1625 2835 Διό
1659 2798 1762 2852 φη-

216 2891 314 2928 σιν·
344 2878 464 2930 ὀτι
494 2878 563 2931 ἐκ
615 2877 824 2943 πάσης
878 2878 1140 2945 θλίψεως
1167 2876 1398 2943 ἐρῤὐσω
1431 2894 1527 2947 με,
1566 2874 1662 2929 καὶ
1695 2875 1766 2927 ἐν

216 2966 321 3032 τοῖς
344 2967 570 3036 ἐχθροῖς
587 2986 711 3037 μου
740 2967 977 3021 ἐπεῖδεν
1010 2970 1042 3021 d
1068 2969 1374 3037 ὀφθαλμός
1395 2985 1534 3037 μου.
1579 2966 1765 3021 Ταῦτα

215 3055 307 3127 γὰρ
326 3057 539 3129 ὕστερον
576 3058 677 3129 μέν
708 3074 835 3111 ποτε
872 3058 1093 3126 γέγονεν
1112 3075 1125 3088 ο
1174 3058 1323 3128 ὅμως
1353 3058 1411 3110 δὲ
1461 3056 1763 3131 προγνώσει

215 3144 295 3196 τοῦ
320 3146 464 3213 ἁγίου
494 3146 813 3217 Πνεύματος
850 3146 925 3210 ὼς
969 3146 1067 3218 ἤδη
1108 3147 1246 3201 αύτά
1285 3146 1547 3216 γεγονότα
1581 3148 1762 3216 ἀπαγ-

216 3234 387 3301 γέλλει,
419 3238 509 3290 καὶ
538 3238 626 3291 ἐπ’
662 3239 848 3300 αὐτοῖς
872 3238 1217 3309 εὐχαριστεῖ,
1255 3239 1348 3292 καὶ
1386 3239 1766 3307 θύσειν-ἑπαγ-

217 3323 454 3389 γέλλεται,
505 3326 602 3379 καὶ
632 3324 1124 3396 ὲξομολογήσεσθαι
1178 3325 1257 3396 τῷ
1284 3326 1472 3398 Κυρίῳ
1496 3368 1510 3391 ,
1564 3326 1761 3393 λέγων’

226 3415 524 3485 Ἑκουσίως
581 3419 749 3473 θύσω
793 3431 911 3470 σοι.
961 3418 1018 3470 '0
1064 3417 1121 3470 δὲ
1182 3416 1433 3480 Ἀκύλας,
1478 3417 1571 3470 Ἐν
1597 3416 1768 3469 ἐκου-

215 3508 445 3576 σιασμῷ,
492 3510 648 3579 φησὶ,
677 3508 951 3564 θυσιάσω
996 3524 1116 3562 σοι.
1167 3508 1384 3577 Ἐπειδὴ
1432 3508 1541 3580 γὰρ
1583 3508 1767 3572 ἄοικος

218 3598 295 3649 καὶ
315 3599 493 3662 ἄπολις
534 3601 629 3653 καὶ
666 3600 910 3661 ἀνέστιος
933 3599 1029 3662 ὢν,
1060 3600 1118 3652 ὲν
1140 3602 1259 3661 ταῖς
1284 3600 1381 3669 ὲρή
1391 3616 1510 3669 μοις
1531 3601 1770 3651 ἐποιεῖτο

215 3687 302 3749 τὰς
329 3689 622 3760 διατριϐὰς,
653 3690 836 3743 καινὸν
863 3688 1054 3758 ἐξεῦρε
1100 3688 1299 3759 τρόπον
1353 3688 1561 3752 θυσίας.
1589 3689 1684 3751 Τίς
1722 3688 1767 3740 δ’

218 3771 275 3845 ἢν
299 3772 440 3841 οὗτος
466 3795 481 3844 ;
546 3780 644 3832 Ἐν
668 3776 1052 3845 ἐκουσιασμῷ
1070 3817 1084 3840 ,
1116 3778 1249 3847 φησὶ
1271 3816 1285 3839 ,
1340 3762 1765 3831 θυσιάσωσοι.

230 3866 393 3938 Ἀρκεῖ
422 3869 528 3939 γὰρ
562 3871 595 3939 ἡ
628 3868 945 3936 ἐκουσιότης
999 3867 1092 3918 καὶ
1133 3869 1165 3937 ἡ
1198 3866 1512 3937 προαίρεσις
1537 3905 1552 3931 ,
1601 3867 1667 3918 δι’
1701 3862 1770 3937 ἦς

218 3956 496 4029 ἀναπέμψω
528 3977 612 4012 σοι
637 3958 735 4029 τὴν
767 3957 974 4010 θυσίαν.
1012 3957 1086 4009 Ob
1131 3957 1239 4027 γὰρ
1273 3957 1455 4026 ἠγνόει
1496 3958 1586 4011 τὸν
1637 3959 1767 4011 Θεὸν

220 4051 628 4120 παραιτούμενον
661 4049 757 4119 μὲν
780 4048 875 4111 τὰς
894 4048 958 4100 δι’
984 4048 1235 4117 αἱμάτων
1256 4048 1349 4103 καὶ
1373 4048 1526 4112 ζώων
1554 4052 1768 4120 σφαγῆς

218 4137 406 4203 θυσίας,
436 4141 658 4211 λογικὴν
683 4141 738 4192 δὲ
771 4140 960 4193 θυσίαν
1003 4138 1101 4209 τὴν
1129 4138 1195 4191 δι’
1241 4138 1499 4201 αἰνέσεως
1530 4138 1768 4201 ἀσπαζό-

223 4246 387 4296 μενον,
421 4230 512 4283 ἀτε
547 4227 993 4301 προμεμαθηκὼς
1039 4228 1118 4291 τὸ,
1156 4227 1360 4281 Θῦσον
1390 4226 1469 4292 τῷ
1509 4227 1630 4292 Θεῷ
1666 4232 1767 4282 θυ-

220 4321 345 4371 σίαν
382 4321 682 4385 αἰνέσεως,
719 4322 817 4374 καί
843 4318 1070 4383 ἀπόδος
1094 4318 1173 4381 τῷ
1197 4319 1393 4385 Κυρίῳ
1447 4318 1554 4385 τὰς
1581 4319 1768 4386 εὐχάς

220 4423 338 4463 σου.
370 4412 578 4481 Ταύτην
612 4407 729 4474 οὖν,
762 4410 946 4480 φησὶν,
978 4408 1236 4470 ἑκουσίως
1263 4408 1410 4461 θύσω
1440 4426 1521 4462 σοι
1550 4411 1649 4480 τὴν
1676 4410 1767 4463 θυ-

1866 628 1997 678 mae;
2029 612 2226 666 merito
2254 610 2371 678 ipse
2394 608 2683 663 Dominum
2706 616 3077 677 susceptorem
3104 607 3300 662 animm
3323 622 3433 663 suae

1867 704 2221 771 nuncupavit.
2273 700 2417 754 Nihil
2464 699 2664 768 quippe
2694 698 2761 753 de
2791 713 3019 767 corpore
3044 714 3219 768 neque
3251 698 3317 753 de
3342 712 3433 751 re-

1868 796 1971 851 bus
2000 804 2155 849 extra
2200 794 2394 864 positis
2434 790 2700 848 sollicitus
2727 798 2866 854 erat,
2900 805 3074 871 neque
3111 789 3177 845 de
3227 799 3433 861 tempo-

1854 901 2032 941 ranea
2063 886 2166 941 hac
2198 886 2343 941 vita:
2376 884 2472 939 sed
2500 884 2566 937 de
2588 883 2769 937 anima
2795 892 3024 939 tantum.

1938 1149 2103 1205 Vsus.
2132 1147 2185 1211 8,
2217 1147 2270 1202 9.
2326 1148 2633 1201 Voluntaria
2659 1144 2973 1215 sacriﬁcabo
3009 1143 3123 1208 tibi,
3153 1142 3433 1211 conﬁtebor

1869 1240 2071 1294 nomini
2101 1250 2210 1302 tuo,
2244 1239 2483 1300 Domine,
2518 1239 2768 1308 quoniam
2798 1237 2990 1291 bonum
3020 1244 3116 1290 est.
3142 1234 3276 1289 Cum
3301 1234 3432 1303 prio

1870 1329 2023 1384 ribus
2048 1330 2230 1383 verbis
2264 1328 2705 1384 obsecrationem
2745 1336 2799 1383 et
2848 1325 3300 1397 supplicationem
3332 1323 3439 1378 Deo

1870 1422 2163 1482 emisisset,
2189 1435 2253 1474 ac
2275 1419 2727 1489 disceptationem
2760 1433 2914 1472 suam
2945 1417 3321 1486 exposuisset;
3355 1429 3437 1469 sc-

1870 1512 2089 1576 eundis,
2122 1527 2242 1581 qua:
2271 1511 2396 1574 sibi,
2430 1526 2553 1580 quae
2580 1509 2818 1564 inimicis
2850 1509 2963 1563 suis
2993 1514 3254 1563 eventura
3285 1511 3439 1559 erant

1873 1602 2067 1673 spiritu
2138 1604 2332 1673 plenus
2379 1601 2715 1655 vaticinatur
2752 1622 2764 1655 ;
2804 1600 3000 1655 deinde
3047 1608 3437 1667 consequenth

1876 1694 2037 1747 tertio
2087 1693 2208 1747 loco
2258 1692 2470 1747 hostias
2518 1699 2573 1747 et
2619 1692 2917 1761 gratiarum
2966 1689 3209 1744 actiones
3244 1704 3304 1743 se
3332 1685 3439 1741 Deo

1875 1798 1972 1852 pro
2001 1782 2276 1838 beneﬁciis
2298 1783 2704 1853 persoluturum
2733 1781 3039 1851 pollicetur.
3070 1778 3205 1833 Nam
3238 1786 3295 1831 ut
3325 1792 3437 1832 erc-

1873 1883 1998 1943 ptus
2025 1880 2079 1930 et
2106 1874 2172 1928 ab
2197 1873 2541 1927 inimicorum
2587 1871 2805 1928 insidiis
2831 1871 3135 1935 liberatus;
3168 1884 3341 1937 neque
3374 1867 3439 1919 ol'

1874 1964 1927 2017 id
1962 1964 2160 2025 solum,
2191 1963 2287 2019 sed
2312 1963 2438 2033 quia
2489 1962 2835 2017 inimicorum
2870 1961 3097 2016 exitium
3145 1956 3437 2027 prospicie-

1874 2056 1984 2118 bat,
2014 2070 2071 2110 se
2112 2055 2517 2109 immolaturum
2551 2060 2605 2108 et
2639 2052 3042 2108 confessionem
3094 2047 3298 2105 nomini
3337 2045 3436 2100 Do-

1873 2131 2026 2200 mini.
2058 2146 2330 2201 editurum
2384 2145 2654 2216 promittit
2708 2164 2721 2198 :
2784 2153 2947 2214 atque
2982 2143 3097 2197 haec
3136 2139 3438 2194 vaticinans

1873 2246 1998 2291 ante
2028 2252 2211 2291 rerum
2240 2243 2491 2291 eventum
2522 2235 2786 2305 praedicit.
2818 2233 2951 2287 Nam
2979 2248 3101 2287 cum
3141 2230 3340 2300 Ziphazi
3377 2229 3440 2285 ad
3486 2254 3493 2265 -

1874 2322 2091 2382 Sanlem
2143 2326 2464 2381 accedentes
2510 2325 2769 2380 dixerunt
2814 2342 2827 2378 :
2870 2322 3004 2376 Ecce
3029 2320 3199 2375 David
3222 2320 3438 2373 abscon-

1871 2419 2015 2472 ditus
2045 2428 2121 2472 est
2150 2417 2289 2486 apud
2320 2431 2451 2477 nos;
2481 2431 2607 2469 cum
2654 2430 2743 2469 res
2792 2415 2848 2468 in
2898 2412 3129 2467 historia
3185 2417 3441 2465 enarrata

1874 2511 2201 2580 inciperent,
2236 2517 2290 2564 et
2325 2509 2455 2563 dum
2488 2507 2668 2561 adhuc
2702 2505 2905 2577 Ziphaai
2941 2504 3121 2573 ipsum
3145 2502 3441 2558 calumnia-

1872 2610 2082 2664 rentur,
2116 2608 2247 2655 tunc
2278 2600 2396 2668 ipse
2444 2612 2625 2653 rerum
2659 2598 2864 2652 exitum
2915 2596 3285 2659 vaticinatur;
3330 2606 3441 2662 qua‘

1872 2702 2060 2763 postea
2095 2699 2357 2747 eventura
2388 2698 2547 2747 erant
2577 2690 2734 2759 quasi
2760 2680 2873 2757 jam
2908 2688 3050 2743 facta
3091 2696 3424 2756 praevertens

1872 2780 2052 2849 Quare
2080 2785 2154 2835 ait
2197 2800 2210 2835 :
2256 2780 2521 2847 Quoniam
2554 2795 2621 2833 ea:
2661 2781 2804 2834 omni
2837 2779 3177 2833 tribulatione
3208 2776 3442 2843 eripuist'

1872 2892 1971 2938 me,
2037 2883 2082 2928 et
2116 2888 2272 2941 super
2316 2872 2558 2925 inimicos
2592 2888 2732 2925 meos
2785 2870 3021 2938 despexit
3064 2868 3248 2921 oculus
3279 2882 3441 2920 meus.

1872 2964 1997 3019 Harc
2035 2964 2237 3035 quippe
2278 2972 2404 3033 post
2438 2963 2553 3017 haec
2591 2969 2743 3032 gesta
2779 2968 2938 3025 sunt;
2973 2958 3069 3013 sed
3112 2965 3293 3012 tamen
3326 2955 3441 3025 Spi-

1871 3054 2011 3110 ritus
2048 3052 2223 3109 sancti
2282 3051 2647 3122 praescientia,
2699 3060 2757 3104 ut
2784 3049 2897 3119 jam
2937 3048 3083 3103 edita
3114 3046 3349 3109 nuntiat,
3381 3045 3442 3099 de

1873 3147 2049 3216 iisque
2079 3144 2282 3214 gratias
2305 3144 2436 3213 agit,
2469 3157 2532 3196 ac
2563 3141 2999 3197 sacriﬁcaturum
3021 3137 3442 3193 confessionem-

1872 3253 1978 3308 que
2033 3236 2143 3291 Deo
2190 3236 2521 3291 emissurum
2554 3233 2863 3302 pollicetur,
2903 3229 3097 3284 dicens
3132 3246 3145 3283 :
3193 3227 3442 3281 Volunta-

1872 3335 1947 3387 rie
1974 3332 2288 3401 sacriﬁcabo
2325 3330 2455 3393 tibi;
2485 3328 2679 3399 Aquila
2712 3342 2841 3382 vero
2873 3325 2951 3379 ait
2976 3344 2989 3378 :
3018 3323 3215 3395 Sponte
3239 3322 3440 3389 sacriﬁ.

1868 3423 1998 3477 cabo
2032 3423 2145 3477 tibi.
2203 3421 2341 3488 Quia
2374 3420 2517 3476 enim
2568 3422 2686 3474 sine
2733 3417 2916 3481 domo,
2964 3416 3086 3471 sine
3139 3414 3291 3479 urbe,
3331 3412 3445 3467 sine

1870 3517 2004 3578 lare,
2038 3515 2092 3568 in
2141 3512 2622 3583 desertisagebat,
2674 3524 2877 3562 novum
2932 3505 3188 3561 sacriﬁcii
3229 3504 3446 3557 modum

1868 3605 2216 3677 excogitavit.
2252 3602 2517 3670 Quianam
2560 3601 2651 3655 ille
2696 3600 2856 3654 erat?
2889 3598 3103 3667 Sponte,
3130 3595 3328 3664 inquit,
3362 3610 3446 3645 sa.
3550 3610 3553 3611 ν

1869 3696 2119 3767 criﬁcabo
2156 3696 2270 3752 tibi.
2306 3694 2517 3749 Sullicit
2551 3693 2753 3762 quippe
2797 3691 3049 3743 voluntas
3095 3694 3147 3742 et
3193 3685 3445 3755 preposi-

1870 3795 2008 3849 tum,
2045 3801 2154 3855 quo
2193 3785 2286 3838 tibi
2333 3782 2664 3838 sacrificium
2714 3778 2958 3833 oderam.
2992 3776 3111 3829 Non
3164 3774 3444 3844 ignorabat

1870 3866 2163 3946 siquidem,
2198 3874 2366 3929 Deum
2406 3879 2668 3925 cruentas
2695 3877 2750 3922 et
2775 3866 3090 3921 animalium
3125 3880 3258 3919 nece
3298 3862 3450 3916 obla-

1868 3977 1953 4024 tas
2013 3967 2223 4021 hostias
2287 3965 2548 4025 abnuere,
2614 3960 2882 4015 rationale
2942 3973 3070 4012 vero
3116 3956 3448 4011 sacrificium

1870 4059 2047 4112 laudis
2075 4057 2410 4127 approbare;
2439 4060 2626 4123 utpote
2648 4052 2741 4122 qui
2768 4052 2880 4120 jam
2913 4049 3233 4104 edidicisset
3263 4046 3393 4100 illud
3433 4062 3447 4097 :

1873 4148 2104 4203 Immola
2133 4148 2243 4202 Deo
2274 4147 2600 4215 sacriﬁcium
2643 4142 2844 4205 laudis,
2876 4150 2925 4194 et
2974 4139 3129 4194 redde
3173 4138 3451 4193 Altissimo

1869 4249 1989 4294 vota
2024 4248 2115 4291 tua
2143 4241 2209 4290 θ’.
2246 4237 2418 4301 Hanc,
2447 4232 2956 4305 inquit,voluntarie
2984 4231 3077 4284 tibi
3103 4232 3334 4284 hostiam
3365 4244 3450 4283 sa-

1868 4326 2154 4389 criﬁcabo,
2190 4327 2362 4396 ipsam
2393 4326 2756 4387 voluntatem,
2791 4320 3133 4391 propositum
3169 4326 3222 4373 et
3268 4316 3449 4372 consi-

1872 4417 2003 4470 lium
2039 4430 2220 4475 meum
2253 4414 2352 4469 tibi
2385 4430 2699 4484 apponens;
2746 4427 2810 4466 ac
2840 4410 3142 4482 gratiarum
3178 4410 3447 4461 actionem

222 4499 344 4563 σίαν,
377 4502 502 4555 αὐτὸ
524 4502 586 4555 τὸ
611 4502 698 4555 ἐπ’
726 4501 849 4570 ἐμοί⁹
870 4498 1129 4567 ,ἑκούσιον
1172 4498 1266 4550 καὶ
1309 4498 1369 4551 τὸ
1420 4498 1634 4571 θέλημά
1663 4518 1765 4571 μου

1874 4521 1970 4573 pro
1999 4503 2178 4559 hostia
2210 4504 2307 4557 tibi
2338 4502 2591 4559 offerens.
2618 4502 2800 4569 Quare
2830 4502 3027 4559 deinde
3059 4499 3245 4557 subdit
3275 4515 3289 4551 ε
3316 4494 3449 4549 Con-

222 4592 302 4642 καὶ
319 4592 409 4663 τὴν
439 4593 574 4663 ἐμὴν
605 4590 921 4662 προαίρεσιν
957 4588 1228 4651 ἀνατιθείς
1262 4606 1366 4654 σοι,
1402 4590 1500 4661 τήν
1528 4608 1586 4643 τε
1610 4592 1769 4663 εὐχα-

224 4660 410 4747 ριστίαν
440 4660 606 4753 αύτὴν
627 4660 746 4735 ἀντὶ
771 4660 959 4743 θυσίας
1002 4696 1084 4732 σοι
1121 4680 1468 4750 προσφέρων.
1515 4682 1605 4734 Διὸ

221 4768 362 4823 ἀπτει
394 4772 514 4842 ἑξῆς
542 4772 747 4840 λέγων·
791 4769 1336 4839 Ἑξομολογήσομαι
1396 4770 1477 4835 τῷ
1527 4772 1774 4840 ὀνόματί

221 4872 339 4923 σου,
366 4864 553 4929 Κύριε,
575 4861 664 4915 ὅτι
688 4862 938 4930 ἀγαθόν’
974 4861 1284 4928 σαφέστατα
1338 4860 1431 4913 ἐπὶ
1463 4861 1554 4914 τοῦ
1582 4864 1776 4933 παρόν-

222 4951 407 5020 τοςτῆς
443 4951 876 5022 ὲξομολογήσεως
926 4951 1045 5004 ἀντὶ
1086 4951 1436 5022 εὐχαριστίας
1482 4952 1769 5024 παραλαμ-

222 5034 515 5111 ϐανομένης.
551 5043 665 5109 Ἐφ’
698 5036 778 5104 οἷς
807 5040 915 5111 γὰρ
945 5041 1009 5092 ὲκ
1030 5040 1210 5111 πάσης
1241 5041 1471 5109 θλίψεως
1498 5044 1763 5114 ἐῤῥύσθη,

225 5128 301 5179 καὶ
353 5131 405 5180 ὲν
451 5134 561 5194 τοῖς
623 5130 833 5201 ἐχθροῖς
890 5130 1054 5182 αὑτοῦ
1122 5130 1331 5183 ἐπεῖδεν
1393 5133 1421 5183 ό
1483 5131 1761 5203 ὀφθαλμὸς

1874 4595 2064 4666 ﬁtebor
2108 4595 2308 4649 nomini
2349 4605 2459 4661 tuo,
2517 4593 2761 4658 Domine,
2807 4595 3055 4663 quoniam
3106 4590 3296 4643 bonum
3348 4593 3446 4640 est.

1871 4686 2235 4757 Apertissime
2269 4694 2452 4740 autem
2488 4685 2542 4738 in
2585 4683 2840 4754 praesenti
2879 4680 3154 4737 confessio
3183 4692 3284 4747 pro
3323 4690 3447 4746 gra-

1873 4780 2073 4833 tiarum
2098 4778 2315 4832 actione
2345 4776 2633 4846 accipitur.
2661 4776 2799 4842 Quia
2830 4774 2976 4829 enim
3000 4789 3066 4827 ex
3096 4770 3243 4825 omni
3273 4770 3447 4825 tribu-

1873 4867 2077 4919 latione
2121 4873 2347 4935 ereptus
2400 4873 2504 4932 est,
2550 4873 2605 4919 ct
2661 4879 2825 4934 super
2878 4863 3129 4919 inimicos
3169 4876 3300 4915 suos
3352 4859 3448 4913 deo

1876 4958 2055 5025 spexit
2083 4957 2281 5012 oculus
2310 4957 2505 5031 ipsius,
2537 4956 2836 5027 gratiarum
2872 4956 3117 5009 actiones
3146 4951 3367 5013 emittit,
3396 4958 3447 5003 et

1872 5048 2179 5101 voluntaria
2252 5048 2525 5101 sacriﬁcia
2602 5060 2661 5101 se
2734 5046 3073 5102 redditurum
3128 5042 3237 5097 Deo
3289 5040 3448 5111 polli-

1870 5146 2045 5193 οριυν.

223 5217 386 5280 αὐτοῦ,
424 5221 511 5273 ἐπὶ
565 5222 771 5284 τούτοις
826 5221 1173 5292 εὐχαριστίας
1224 5223 1558 5293 ἀναπέμπει,
1620 5229 1712 5279 καὶ
1762 5226 1860 5292 τὰς
1914 5230 2008 5283 τοῦ
2048 5232 2409 5301 ἕκουσιασμοῦ
2460 5230 2646 5294 θυσίας
2701 5229 3090 5298 ἐπαγγέλλεται
3147 5225 3448 5287 ἀποδώσειν

225 5308 291 5376 τῷ
312 5311 438 5381 Θεῷ.
1252 5342 1253 5347 η

256 5398 350 5454 ΕΙΣ
384 5403 465 5455 το
503 5404 719 5457 rem}:
778 5405 1195 5529 13131113232,
1237 5408 1606 5473 ΣΥΝΕΣΕΩΣ,
1643 5410 1728 5461 το

298 5558 605 5624 Ἐνιὶγτισαι,
631 5566 663 5616 ό
688 5563 854 5627 Θεὸς,
877 5564 991 5631 τὴν
1017 5567 1369 5635 προσευχήν
1392 5584 1532 5635 μου,
1564 5567 1659 5623 καὶ
1676 5566 1763 5635 μὴ

230 5649 489 5720 ὐπερίὸῃς
516 5654 622 5720 τὴν
650 5655 864 5723 δέησίν
884 5677 1024 5728 μου.
1081 5659 1170 5723 Ὦς
1202 5661 1299 5731 μὲν
1334 5663 1469 5733 πρὸς
1493 5662 1590 5732 τὴν
1620 5664 1760 5716 ἱστο-

236 5792 243 5793 ν
292 5764 332 5794 ⁹’
368 5764 503 5823 Psal.
541 5785 684 5833 χιιι,
735 5773 818 5828 14.

1950 5415 1997 5468 Ι.
2042 5414 2108 5468 ΙΝ
2148 5414 2357 5469 FINEM
2386 5456 2399 5479 ,
2443 5415 2508 5467 IN
2562 5414 2858 5478 IIYMNIS,
2900 5413 3378 5471 INTELLECTUS

2446 5484 2677 5539 DAVIDI
2718 5484 2852 5539 LIV.

1946 5572 2109 5629 Vens.
2141 5575 2214 5628 2-
2238 5577 2290 5630 6.
2348 5577 2585 5640 Exaudi,
2640 5577 2802 5641 Deus,
2848 5580 3140 5632 orationem
3174 5594 3364 5640 meam,
3396 5586 3445 5630 et

1873 5680 1934 5717 ne
1961 5664 2260 5735 despexeris
2302 5669 2717 5739 deprecatione»:
2769 5689 2958 5727 meam.
3004 5671 3311 5725 Secundum
3362 5670 3447 5724 hie
