  <div class='ocr_page' id='page_1' title='image "/cluster/home/n/w/nwhite01/storage/ocr_20150623/23/mdp.39015078384396/243.png"; bbox 0 0 3822 6280; ppageno 0'>
   <div class='ocr_carea' id='block_1_1' title="bbox 306 385 470 444">
    <p class='ocr_par' dir='ltr' id='par_1_1' title="bbox 306 385 470 444">
     <span class='ocr_line' id='line_1_1' title="bbox 306 385 470 444; baseline -0.024 0"><span class='ocrx_word' id='word_1_1' title='bbox 306 418 313 425; x_wconf 92' lang='grc'><strong><em>-</em></strong></span> <span class='ocrx_word' id='word_1_2' title='bbox 374 385 470 444; x_wconf 74' lang='grc' dir='ltr'><strong>ΠΙ</strong></span> 
     </span>
    </p>
   </div>
   <div class='ocr_carea' id='block_1_2' title="bbox 1064 332 2979 475">
    <p class='ocr_par' dir='ltr' id='par_1_2' title="bbox 1064 332 2979 475">
     <span class='ocr_line' id='line_1_2' title="bbox 1064 332 2979 475; baseline 0.004 -38"><span class='ocrx_word' id='word_1_3' title='bbox 1064 332 1338 440; x_wconf 67' lang='lat' dir='ltr'><strong>russati</strong></span> <span class='ocrx_word' id='word_1_4' title='bbox 1376 378 1855 441; x_wconf 47' lang='lat' dir='ltr'><strong>cessaremus</strong></span> <span class='ocrx_word' id='word_1_5' title='bbox 1891 384 2041 441; x_wconf 69' lang='lat' dir='ltr'><strong>ore.</strong></span> <span class='ocrx_word' id='word_1_6' title='bbox 2083 375 2266 443; x_wconf 60' lang='lat' dir='ltr'><strong>psus</strong></span> <span class='ocrx_word' id='word_1_7' title='bbox 2302 386 2391 443; x_wconf 83' lang='lat' dir='ltr'><strong>ill.</strong></span> <span class='ocrx_word' id='word_1_8' title='bbox 2430 419 2501 475; x_wconf 86' lang='lat'><strong>—_</strong></span> <span class='ocrx_word' id='word_1_9' title='bbox 2540 356 2979 444; x_wconf 66' lang='lat' dir='ltr'><strong>exsomnes.</strong></span> 
     </span>
    </p>
   </div>
   <div class='ocr_carea' id='block_1_3' title="bbox 3507 390 3603 446">
    <p class='ocr_par' dir='ltr' id='par_1_3' title="bbox 3507 390 3603 446">
     <span class='ocr_line' id='line_1_3' title="bbox 3507 390 3603 446; baseline 0 -1"><span class='ocrx_word' id='word_1_10' title='bbox 3507 390 3603 446; x_wconf 63' lang='grc' dir='ltr'><strong>ΒΞ</strong></span> 
     </span>
    </p>
   </div>
   <div class='ocr_carea' id='block_1_4' title="bbox 371 503 1956 580">
    <p class='ocr_par' dir='ltr' id='par_1_4' title="bbox 371 503 1948 562">
     <span class='ocr_line' id='line_1_4' title="bbox 371 503 1948 562; baseline 0 0"><span class='ocrx_word' id='word_1_11' title='bbox 371 508 555 562; x_wconf 72' lang='lat' dir='ltr'><strong>storias</strong></span> <span class='ocrx_word' id='word_1_12' title='bbox 586 504 853 561; x_wconf 78' lang='lat' dir='ltr'><strong>rationem</strong></span> <span class='ocrx_word' id='word_1_13' title='bbox 883 504 999 560; x_wconf 80' lang='lat' dir='ltr'><strong>haec</strong></span> <span class='ocrx_word' id='word_1_14' title='bbox 1021 504 1278 559; x_wconf 82' lang='lat' dir='ltr'><strong>videntur</strong></span> <span class='ocrx_word' id='word_1_15' title='bbox 1307 520 1336 558; x_wconf 88' lang='lat' dir='ltr'><strong>a</strong></span> <span class='ocrx_word' id='word_1_16' title='bbox 1374 503 1579 560; x_wconf 80' lang='lat' dir='ltr'><strong>Davide</strong></span> <span class='ocrx_word' id='word_1_17' title='bbox 1601 505 1746 562; x_wconf 89' lang='lat' dir='ltr'><strong>dicta</strong></span> <span class='ocrx_word' id='word_1_18' title='bbox 1779 507 1948 562; x_wconf 81' lang='lat' dir='ltr'><strong>fuisse</strong></span> 
     </span>
    </p>
   </div>
   <div class='ocr_carea' id='block_1_5' title="bbox 2057 503 3607 580">
    <p class='ocr_par' dir='ltr' id='par_1_5' title="bbox 2057 507 3607 580">
     <span class='ocr_line' id='line_1_5' title="bbox 2057 507 3607 580; baseline 0.003 -22"><span class='ocrx_word' id='word_1_19' title='bbox 2057 507 2191 577; x_wconf 87' lang='grc' dir='ltr'>ρίαν,</span> <span class='ocrx_word' id='word_1_20' title='bbox 2218 507 2418 572; x_wconf 79' lang='grc' dir='ltr'>δόξειεν</span> <span class='ocrx_word' id='word_1_21' title='bbox 2451 508 2518 562; x_wconf 77' lang='grc' dir='ltr'><strong>ἂν</strong></span> <span class='ocrx_word' id='word_1_22' title='bbox 2557 508 2624 562; x_wconf 79' lang='grc' dir='ltr'>τὰ</span> <span class='ocrx_word' id='word_1_23' title='bbox 2669 508 3002 578; x_wconf 81' lang='grc' dir='ltr'><strong>προκείμενα</strong></span> <span class='ocrx_word' id='word_1_24' title='bbox 3048 508 3293 580; x_wconf 76' lang='grc' dir='ltr'>εἰρῆσθαι</span> <span class='ocrx_word' id='word_1_25' title='bbox 3331 507 3413 580; x_wconf 82' lang='grc' dir='ltr'>τῷ</span> <span class='ocrx_word' id='word_1_26' title='bbox 3454 509 3607 563; x_wconf 67' lang='grc' dir='ltr'>Δαυτδ</span> 
     </span>
    </p>
   </div>
   <div class='ocr_carea' id='block_1_6' title="bbox 370 595 1940 667">
    <p class='ocr_par' dir='ltr' id='par_1_6' title="bbox 370 595 1940 667">
     <span class='ocr_line' id='line_1_6' title="bbox 370 595 1940 667; baseline 0.001 -18"><span class='ocrx_word' id='word_1_27' title='bbox 370 610 482 667; x_wconf 84' lang='lat' dir='ltr'><strong>quo</strong></span> <span class='ocrx_word' id='word_1_28' title='bbox 516 603 766 666; x_wconf 87' lang='lat' dir='ltr'><strong>tempore</strong></span> <span class='ocrx_word' id='word_1_29' title='bbox 802 596 1017 667; x_wconf 76' lang='lat' dir='ltr'><strong>fugiens</strong></span> <span class='ocrx_word' id='word_1_30' title='bbox 1045 610 1076 648; x_wconf 90' lang='lat' dir='ltr'><strong>a</strong></span> <span class='ocrx_word' id='word_1_31' title='bbox 1113 596 1254 650; x_wconf 82' lang='lat' dir='ltr'><strong>facie</strong></span> <span class='ocrx_word' id='word_1_32' title='bbox 1289 595 1473 649; x_wconf 83' lang='lat' dir='ltr'><strong>Saulis</strong></span> <span class='ocrx_word' id='word_1_33' title='bbox 1502 597 1558 649; x_wconf 91' lang='lat' dir='ltr'><strong>in</strong></span> <span class='ocrx_word' id='word_1_34' title='bbox 1587 596 1808 651; x_wconf 88' lang='lat' dir='ltr'><strong>deserto</strong></span> <span class='ocrx_word' id='word_1_35' title='bbox 1849 611 1940 651; x_wconf 88' lang='lat' dir='ltr'><strong>se-</strong></span> 
     </span>
    </p>
   </div>
   <div class='ocr_carea' id='block_1_7' title="bbox 371 684 1942 756">
    <p class='ocr_par' dir='ltr' id='par_1_7' title="bbox 371 684 1942 756">
     <span class='ocr_line' id='line_1_7' title="bbox 371 684 1942 756; baseline -0.002 -15"><span class='ocrx_word' id='word_1_36' title='bbox 371 690 469 741; x_wconf 90' lang='lat' dir='ltr'><strong>des</strong></span> <span class='ocrx_word' id='word_1_37' title='bbox 493 686 745 741; x_wconf 87' lang='lat' dir='ltr'><strong>habebat.</strong></span> <span class='ocrx_word' id='word_1_38' title='bbox 776 687 833 741; x_wconf 89' lang='lat' dir='ltr'><strong>ln</strong></span> <span class='ocrx_word' id='word_1_39' title='bbox 867 685 1226 756; x_wconf 82' lang='lat' dir='ltr'><strong>sequentibus</strong></span> <span class='ocrx_word' id='word_1_40' title='bbox 1264 686 1446 755; x_wconf 83' lang='lat' dir='ltr'><strong>itaque</strong></span> <span class='ocrx_word' id='word_1_41' title='bbox 1483 687 1599 739; x_wconf 84' lang='lat' dir='ltr'><strong>ait:</strong></span> <span class='ocrx_word' id='word_1_42' title='bbox 1638 684 1773 739; x_wconf 83' lang='lat' dir='ltr'><strong>Ecce</strong></span> <span class='ocrx_word' id='word_1_43' title='bbox 1797 686 1942 739; x_wconf 83' lang='lat' dir='ltr'><strong>elon-</strong></span> 
     </span>
    </p>
   </div>
   <div class='ocr_carea' id='block_1_8' title="bbox 370 775 1945 848">
    <p class='ocr_par' dir='ltr' id='par_1_8' title="bbox 370 775 1945 848">
     <span class='ocr_line' id='line_1_8' title="bbox 370 775 1945 848; baseline -0.001 -17"><span class='ocrx_word' id='word_1_44' title='bbox 370 778 489 847; x_wconf 63' lang='grc' dir='ltr'>ναοί</span> <span class='ocrx_word' id='word_1_45' title='bbox 519 778 743 848; x_wconf 74' lang='lat' dir='ltr'><strong>fugiens,</strong></span> <span class='ocrx_word' id='word_1_46' title='bbox 767 785 818 831; x_wconf 87' lang='lat' dir='ltr'><strong>et</strong></span> <span class='ocrx_word' id='word_1_47' title='bbox 857 780 1031 831; x_wconf 82' lang='lat' dir='ltr'><strong>mansi</strong></span> <span class='ocrx_word' id='word_1_48' title='bbox 1078 777 1133 829; x_wconf 86' lang='lat' dir='ltr'><strong>in</strong></span> <span class='ocrx_word' id='word_1_49' title='bbox 1163 775 1465 830; x_wconf 82' lang='lat' dir='ltr'><strong>solitudine.</strong></span> <span class='ocrx_word' id='word_1_50' title='bbox 1505 776 1771 840; x_wconf 79' lang='lat' dir='ltr'><strong>Quoniam</strong></span> <span class='ocrx_word' id='word_1_51' title='bbox 1813 790 1945 830; x_wconf 80' lang='lat' dir='ltr'><strong>vero</strong></span> 
     </span>
    </p>
   </div>
   <div class='ocr_carea' id='block_1_9' title="bbox 376 865 1945 937">
    <p class='ocr_par' dir='ltr' id='par_1_9' title="bbox 376 865 1945 937">
     <span class='ocr_line' id='line_1_9' title="bbox 376 865 1945 937; baseline -0.001 -15"><span class='ocrx_word' id='word_1_52' title='bbox 376 867 507 922; x_wconf 85' lang='lat' dir='ltr'><strong>Saul</strong></span> <span class='ocrx_word' id='word_1_53' title='bbox 543 883 717 936; x_wconf 90' lang='lat' dir='ltr'><strong>usque</strong></span> <span class='ocrx_word' id='word_1_54' title='bbox 740 866 806 921; x_wconf 85' lang='lat' dir='ltr'><strong>ad</strong></span> <span class='ocrx_word' id='word_1_55' title='bbox 843 874 1072 921; x_wconf 86' lang='lat' dir='ltr'><strong>mortem</strong></span> <span class='ocrx_word' id='word_1_56' title='bbox 1100 867 1206 937; x_wconf 85' lang='lat' dir='ltr'><strong>ipsi</strong></span> <span class='ocrx_word' id='word_1_57' title='bbox 1248 865 1539 921; x_wconf 73' lang='lat' dir='ltr'><strong>insidiatus</strong></span> <span class='ocrx_word' id='word_1_58' title='bbox 1565 875 1651 922; x_wconf 86' lang='lat' dir='ltr'><strong>est</strong></span> <span class='ocrx_word' id='word_1_59' title='bbox 1680 881 1804 920; x_wconf 90' lang='lat' dir='ltr'><strong>eum</strong></span> <span class='ocrx_word' id='word_1_60' title='bbox 1848 867 1945 920; x_wconf 88' lang='lat' dir='ltr'><strong>ad-</strong></span> 
     </span>
    </p>
   </div>
   <div class='ocr_carea' id='block_1_10' title="bbox 374 956 1941 1027">
    <p class='ocr_par' dir='ltr' id='par_1_10' title="bbox 374 956 1941 1027">
     <span class='ocr_line' id='line_1_10' title="bbox 374 956 1941 1027; baseline 0.001 -16"><span class='ocrx_word' id='word_1_61' title='bbox 374 957 642 1012; x_wconf 79' lang='lat' dir='ltr'><strong>ministris</strong></span> <span class='ocrx_word' id='word_1_62' title='bbox 669 959 806 1019; x_wconf 85' lang='lat' dir='ltr'><strong>suis.</strong></span> <span class='ocrx_word' id='word_1_63' title='bbox 838 957 1046 1012; x_wconf 78' lang='lat' dir='ltr'><strong>dixisse</strong></span> <span class='ocrx_word' id='word_1_64' title='bbox 1068 956 1281 1012; x_wconf 85' lang='lat' dir='ltr'><strong>videtur</strong></span> <span class='ocrx_word' id='word_1_65' title='bbox 1309 973 1375 1011; x_wconf 83' lang='lat' dir='ltr'><strong>ex</strong></span> <span class='ocrx_word' id='word_1_66' title='bbox 1415 971 1650 1026; x_wconf 83' lang='lat' dir='ltr'><strong>persona</strong></span> <span class='ocrx_word' id='word_1_67' title='bbox 1683 958 1898 1027; x_wconf 79' lang='lat' dir='ltr'><strong>propria</strong></span> <span class='ocrx_word' id='word_1_68' title='bbox 1928 974 1941 1012; x_wconf 89' lang='lat'><strong>:</strong></span> 
     </span>
    </p>
   </div>
   <div class='ocr_carea' id='block_1_11' title="bbox 374 1044 1947 1111">
    <p class='ocr_par' dir='ltr' id='par_1_11' title="bbox 374 1044 1947 1111">
     <span class='ocr_line' id='line_1_11' title="bbox 374 1044 1947 1111; baseline -0.003 -7"><span class='ocrx_word' id='word_1_69' title='bbox 374 1044 732 1104; x_wconf 83' lang='lat' dir='ltr'><strong>Contristatus</strong></span> <span class='ocrx_word' id='word_1_70' title='bbox 761 1065 876 1103; x_wconf 86' lang='lat' dir='ltr'><strong>sunt</strong></span> <span class='ocrx_word' id='word_1_71' title='bbox 914 1050 969 1102; x_wconf 87' lang='lat' dir='ltr'><strong>in</strong></span> <span class='ocrx_word' id='word_1_72' title='bbox 1000 1049 1374 1102; x_wconf 73' lang='lat' dir='ltr'><strong>exercitatione</strong></span> <span class='ocrx_word' id='word_1_73' title='bbox 1404 1064 1539 1111; x_wconf 84' lang='lat' dir='ltr'><strong>mea,</strong></span> <span class='ocrx_word' id='word_1_74' title='bbox 1583 1057 1634 1101; x_wconf 89' lang='lat' dir='ltr'><strong>et</strong></span> <span class='ocrx_word' id='word_1_75' title='bbox 1666 1047 1947 1101; x_wconf 82' lang='lat' dir='ltr'><strong>conturba-</strong></span> 
     </span>
    </p>
   </div>
   <div class='ocr_carea' id='block_1_12' title="bbox 376 1137 1943 1206">
    <p class='ocr_par' dir='ltr' id='par_1_12' title="bbox 376 1137 1943 1206">
     <span class='ocr_line' id='line_1_12' title="bbox 376 1137 1943 1206; baseline 0 -16"><span class='ocrx_word' id='word_1_76' title='bbox 376 1147 460 1191; x_wconf 74' lang='lat' dir='ltr'><strong>tus</strong></span> <span class='ocrx_word' id='word_1_77' title='bbox 495 1154 613 1192; x_wconf 86' lang='lat' dir='ltr'><strong>sum</strong></span> <span class='ocrx_word' id='word_1_78' title='bbox 645 1155 677 1191; x_wconf 89' lang='lat' dir='ltr'><strong>a</strong></span> <span class='ocrx_word' id='word_1_79' title='bbox 721 1155 840 1194; x_wconf 82' lang='lat' dir='ltr'><strong>voce</strong></span> <span class='ocrx_word' id='word_1_80' title='bbox 871 1139 1074 1192; x_wconf 84' lang='lat' dir='ltr'><strong>inimici</strong></span> <span class='ocrx_word' id='word_1_81' title='bbox 1105 1148 1154 1191; x_wconf 89' lang='lat' dir='ltr'><strong>et</strong></span> <span class='ocrx_word' id='word_1_82' title='bbox 1188 1154 1219 1190; x_wconf 89' lang='lat' dir='ltr'><strong>a</strong></span> <span class='ocrx_word' id='word_1_83' title='bbox 1260 1138 1600 1192; x_wconf 79' lang='lat' dir='ltr'><strong>tribulatione</strong></span> <span class='ocrx_word' id='word_1_84' title='bbox 1629 1137 1943 1206; x_wconf 76' lang='lat' dir='ltr'><strong>peccatoris.</strong></span> 
     </span>
    </p>
   </div>
   <div class='ocr_carea' id='block_1_13' title="bbox 376 1225 1947 1296">
    <p class='ocr_par' dir='ltr' id='par_1_13' title="bbox 376 1225 1947 1296">
     <span class='ocr_line' id='line_1_13' title="bbox 376 1225 1947 1296; baseline -0.001 -15"><span class='ocrx_word' id='word_1_85' title='bbox 376 1225 639 1292; x_wconf 76' lang='lat' dir='ltr'><strong>Quoniam</strong></span> <span class='ocrx_word' id='word_1_86' title='bbox 676 1226 1066 1281; x_wconf 73' lang='lat' dir='ltr'><strong>declinaverunt</strong></span> <span class='ocrx_word' id='word_1_87' title='bbox 1099 1228 1154 1281; x_wconf 85' lang='lat' dir='ltr'><strong>in</strong></span> <span class='ocrx_word' id='word_1_88' title='bbox 1195 1243 1277 1281; x_wconf 85' lang='lat' dir='ltr'><strong>me</strong></span> <span class='ocrx_word' id='word_1_89' title='bbox 1319 1227 1671 1296; x_wconf 74' lang='lat' dir='ltr'><strong>iniquitatem,</strong></span> <span class='ocrx_word' id='word_1_90' title='bbox 1698 1236 1747 1280; x_wconf 92' lang='lat' dir='ltr'><strong>et</strong></span> <span class='ocrx_word' id='word_1_91' title='bbox 1776 1228 1833 1279; x_wconf 87' lang='lat' dir='ltr'><strong>in</strong></span> <span class='ocrx_word' id='word_1_92' title='bbox 1864 1227 1947 1279; x_wconf 87' lang='lat' dir='ltr'><strong>ira</strong></span> 
     </span>
    </p>
   </div>
   <div class='ocr_carea' id='block_1_14' title="bbox 373 1315 1950 1386">
    <p class='ocr_par' dir='ltr' id='par_1_14' title="bbox 373 1315 1950 1386">
     <span class='ocr_line' id='line_1_14' title="bbox 373 1315 1950 1386; baseline -0.004 -12"><span class='ocrx_word' id='word_1_93' title='bbox 373 1319 583 1374; x_wconf 77' lang='lat' dir='ltr'><strong>molesti</strong></span> <span class='ocrx_word' id='word_1_94' title='bbox 613 1327 765 1371; x_wconf 87' lang='lat' dir='ltr'><strong>erant</strong></span> <span class='ocrx_word' id='word_1_95' title='bbox 798 1318 944 1372; x_wconf 82' lang='lat' dir='ltr'><strong>mihi.</strong></span> <span class='ocrx_word' id='word_1_96' title='bbox 983 1317 1108 1371; x_wconf 66' lang='lat' dir='ltr'><strong>Haec</strong></span> <span class='ocrx_word' id='word_1_97' title='bbox 1151 1332 1285 1372; x_wconf 82' lang='lat' dir='ltr'><strong>sane</strong></span> <span class='ocrx_word' id='word_1_98' title='bbox 1316 1316 1535 1386; x_wconf 84' lang='lat' dir='ltr'><strong>quidem</strong></span> <span class='ocrx_word' id='word_1_99' title='bbox 1571 1315 1791 1371; x_wconf 85' lang='lat' dir='ltr'><strong>Davidis</strong></span> <span class='ocrx_word' id='word_1_100' title='bbox 1826 1331 1950 1386; x_wconf 78' lang='lat' dir='ltr'><strong>per-</strong></span> 
     </span>
    </p>
   </div>
   <div class='ocr_carea' id='block_1_15' title="bbox 376 1409 1947 1478">
    <p class='ocr_par' dir='ltr' id='par_1_15' title="bbox 376 1409 1947 1478">
     <span class='ocr_line' id='line_1_15' title="bbox 376 1409 1947 1478; baseline -0.004 -12"><span class='ocrx_word' id='word_1_101' title='bbox 376 1424 526 1466; x_wconf 60' lang='lat' dir='ltr'><strong>sona</strong></span> <span class='ocrx_word' id='word_1_102' title='bbox 555 1415 832 1478; x_wconf 87' lang='lat' dir='ltr'><strong>coaptare,</strong></span> <span class='ocrx_word' id='word_1_103' title='bbox 869 1423 975 1461; x_wconf 92' lang='lat' dir='ltr'><strong>non</strong></span> <span class='ocrx_word' id='word_1_104' title='bbox 1007 1409 1105 1463; x_wconf 85' lang='lat' dir='ltr'><strong>abs</strong></span> <span class='ocrx_word' id='word_1_105' title='bbox 1139 1422 1197 1462; x_wconf 92' lang='lat' dir='ltr'><strong>re</strong></span> <span class='ocrx_word' id='word_1_106' title='bbox 1245 1415 1421 1470; x_wconf 85' lang='lat' dir='ltr'><strong>esset;</strong></span> <span class='ocrx_word' id='word_1_107' title='bbox 1477 1416 1530 1461; x_wconf 88' lang='lat' dir='ltr'><strong>at</strong></span> <span class='ocrx_word' id='word_1_108' title='bbox 1576 1422 1684 1461; x_wconf 93' lang='lat' dir='ltr'><strong>non</strong></span> <span class='ocrx_word' id='word_1_109' title='bbox 1729 1421 1792 1460; x_wconf 88' lang='lat' dir='ltr'><strong>ea</strong></span> <span class='ocrx_word' id='word_1_110' title='bbox 1825 1421 1947 1476; x_wconf 67' lang='lat' dir='ltr'><strong>quae</strong></span> 
     </span>
    </p>
   </div>
   <div class='ocr_carea' id='block_1_16' title="bbox 374 1498 1952 1570">
    <p class='ocr_par' dir='ltr' id='par_1_16' title="bbox 374 1498 1952 1570">
     <span class='ocr_line' id='line_1_16' title="bbox 374 1498 1952 1570; baseline -0.004 -15"><span class='ocrx_word' id='word_1_111' title='bbox 374 1507 500 1570; x_wconf 86' lang='lat' dir='ltr'><strong>post</strong></span> <span class='ocrx_word' id='word_1_112' title='bbox 570 1498 854 1570; x_wconf 74' lang='lat' dir='ltr'><strong>subiungit</strong></span> <span class='ocrx_word' id='word_1_113' title='bbox 913 1518 925 1553; x_wconf 90' lang='lat'>:</span> <span class='ocrx_word' id='word_1_114' title='bbox 1000 1498 1268 1564; x_wconf 85' lang='lat' dir='ltr'><strong>Quoniam</strong></span> <span class='ocrx_word' id='word_1_115' title='bbox 1337 1498 1445 1551; x_wconf 76' lang='lat' dir='ltr'><strong>nidi</strong></span> <span class='ocrx_word' id='word_1_116' title='bbox 1516 1498 1848 1567; x_wconf 80' lang='lat' dir='ltr'><strong>iniquitatem</strong></span> <span class='ocrx_word' id='word_1_117' title='bbox 1902 1505 1952 1550; x_wconf 82' lang='lat' dir='ltr'><strong>et</strong></span> 
     </span>
    </p>
   </div>
   <div class='ocr_carea' id='block_1_17' title="bbox 376 1588 1953 1646">
    <p class='ocr_par' dir='ltr' id='par_1_17' title="bbox 376 1588 1953 1646">
     <span class='ocr_line' id='line_1_17' title="bbox 376 1588 1953 1646; baseline -0.003 0"><span class='ocrx_word' id='word_1_118' title='bbox 376 1590 850 1646; x_wconf 79' lang='lat' dir='ltr'><strong>contradictionem</strong></span> <span class='ocrx_word' id='word_1_119' title='bbox 933 1592 989 1643; x_wconf 88' lang='lat' dir='ltr'><strong>in</strong></span> <span class='ocrx_word' id='word_1_120' title='bbox 1060 1590 1274 1644; x_wconf 80' lang='lat' dir='ltr'><strong>civitate</strong></span> <span class='ocrx_word' id='word_1_121' title='bbox 1331 1588 1417 1642; x_wconf 85' lang='lat' dir='ltr'><strong>die</strong></span> <span class='ocrx_word' id='word_1_122' title='bbox 1495 1605 1558 1643; x_wconf 87' lang='lat' dir='ltr'><strong>ac</strong></span> <span class='ocrx_word' id='word_1_123' title='bbox 1623 1589 1953 1643; x_wconf 83' lang='lat' dir='ltr'><strong>nocte:cir—</strong></span> 
     </span>
    </p>
   </div>
   <div class='ocr_carea' id='block_1_18' title="bbox 375 1680 1955 1754">
    <p class='ocr_par' dir='ltr' id='par_1_18' title="bbox 375 1680 1955 1754">
     <span class='ocr_line' id='line_1_18' title="bbox 375 1680 1955 1754; baseline -0.003 -17"><span class='ocrx_word' id='word_1_124' title='bbox 375 1684 648 1739; x_wconf 80' lang='lat' dir='ltr'><strong>cumdabit</strong></span> <span class='ocrx_word' id='word_1_125' title='bbox 693 1700 808 1737; x_wconf 88' lang='lat' dir='ltr'><strong>eam</strong></span> <span class='ocrx_word' id='word_1_126' title='bbox 844 1700 1000 1754; x_wconf 78' lang='lat' dir='ltr'><strong>super</strong></span> <span class='ocrx_word' id='word_1_127' title='bbox 1030 1699 1209 1737; x_wconf 87' lang='lat' dir='ltr'><strong>muros</strong></span> <span class='ocrx_word' id='word_1_128' title='bbox 1254 1682 1391 1750; x_wconf 76' lang='lat' dir='ltr'><strong>ejus,</strong></span> <span class='ocrx_word' id='word_1_129' title='bbox 1426 1690 1476 1736; x_wconf 92' lang='lat' dir='ltr'><strong>et</strong></span> <span class='ocrx_word' id='word_1_130' title='bbox 1507 1683 1758 1751; x_wconf 80' lang='lat' dir='ltr'><strong>iniquitas</strong></span> <span class='ocrx_word' id='word_1_131' title='bbox 1789 1690 1839 1735; x_wconf 88' lang='lat' dir='ltr'><strong>et</strong></span> <span class='ocrx_word' id='word_1_132' title='bbox 1872 1680 1955 1734; x_wconf 86' lang='lat' dir='ltr'><strong>la-</strong></span> 
     </span>
    </p>
   </div>
   <div class='ocr_carea' id='block_1_19' title="bbox 377 1758 1954 1842">
    <p class='ocr_par' dir='ltr' id='par_1_19' title="bbox 377 1758 1954 1842">
     <span class='ocr_line' id='line_1_19' title="bbox 377 1758 1954 1842; baseline -0.002 -14"><span class='ocrx_word' id='word_1_133' title='bbox 377 1774 475 1828; x_wconf 79' lang='lat' dir='ltr'><strong>bor</strong></span> <span class='ocrx_word' id='word_1_134' title='bbox 517 1777 573 1827; x_wconf 84' lang='lat' dir='ltr'><strong>in</strong></span> <span class='ocrx_word' id='word_1_135' title='bbox 617 1773 786 1827; x_wconf 81' lang='lat' dir='ltr'><strong>medio</strong></span> <span class='ocrx_word' id='word_1_136' title='bbox 840 1773 973 1842; x_wconf 85' lang='lat' dir='ltr'><strong>ejus.</strong></span> <span class='ocrx_word' id='word_1_137' title='bbox 1031 1758 1113 1826; x_wconf 63' lang='lat' dir='ltr'><strong>&#39;Et</strong></span> <span class='ocrx_word' id='word_1_138' title='bbox 1144 1788 1247 1826; x_wconf 81' lang='lat' dir='ltr'><strong>non</strong></span> <span class='ocrx_word' id='word_1_139' title='bbox 1282 1771 1473 1840; x_wconf 73' lang='lat' dir='ltr'><strong>defecit</strong></span> <span class='ocrx_word' id='word_1_140' title='bbox 1518 1771 1581 1825; x_wconf 86' lang='lat' dir='ltr'><strong>de</strong></span> <span class='ocrx_word' id='word_1_141' title='bbox 1617 1771 1808 1840; x_wconf 77' lang='lat' dir='ltr'><strong>plateis</strong></span> <span class='ocrx_word' id='word_1_142' title='bbox 1839 1772 1954 1839; x_wconf 86' lang='lat' dir='ltr'><strong>ejus</strong></span> 
     </span>
    </p>
   </div>
   <div class='ocr_carea' id='block_1_20' title="bbox 374 1837 2027 1928">
    <p class='ocr_par' dir='ltr' id='par_1_20' title="bbox 374 1837 2027 1928">
     <span class='ocr_line' id='line_1_20' title="bbox 374 1837 2027 1928; baseline -0.004 -10"><span class='ocrx_word' id='word_1_143' title='bbox 374 1879 543 1919; x_wconf 72' lang='lat' dir='ltr'><strong>usura</strong></span> <span class='ocrx_word' id='word_1_144' title='bbox 585 1871 634 1917; x_wconf 82' lang='lat' dir='ltr'><strong>et</strong></span> <span class='ocrx_word' id='word_1_145' title='bbox 666 1837 874 1916; x_wconf 25' lang='lat' dir='ltr'><strong>dolus;</strong></span> <span class='ocrx_word' id='word_1_146' title='bbox 901 1863 1167 1928; x_wconf 83' lang='lat' dir='ltr'><strong>Quoniam</strong></span> <span class='ocrx_word' id='word_1_147' title='bbox 1215 1863 1262 1915; x_wconf 88' lang='lat' dir='ltr'><strong>si</strong></span> <span class='ocrx_word' id='word_1_148' title='bbox 1305 1837 1551 1915; x_wconf 81' lang='lat' dir='ltr'><strong>inimicus</strong></span> <span class='ocrx_word' id='word_1_149' title='bbox 1598 1837 1955 1914; x_wconf 71' lang='lat' dir='ltr'><strong>maledixisset</strong></span> <span class='ocrx_word' id='word_1_150' title='bbox 1989 1837 2027 1890; x_wconf 62' lang='grc' dir='ltr'><strong>Β</strong></span> 
     </span>
    </p>
   </div>
   <div class='ocr_carea' id='block_1_21' title="bbox 377 1948 1961 2021">
    <p class='ocr_par' dir='ltr' id='par_1_21' title="bbox 377 1948 1961 2021">
     <span class='ocr_line' id='line_1_21' title="bbox 377 1948 1961 2021; baseline -0.004 -15"><span class='ocrx_word' id='word_1_151' title='bbox 377 1952 530 2019; x_wconf 84' lang='lat' dir='ltr'><strong>mihi,</strong></span> <span class='ocrx_word' id='word_1_152' title='bbox 588 1955 959 2006; x_wconf 82' lang='lat' dir='ltr'><strong>sustinuissem</strong></span> <span class='ocrx_word' id='word_1_153' title='bbox 995 1953 1192 2021; x_wconf 80' lang='lat' dir='ltr'><strong>utique,</strong></span> <span class='ocrx_word' id='word_1_154' title='bbox 1229 1959 1283 2005; x_wconf 89' lang='lat' dir='ltr'><strong>et</strong></span> <span class='ocrx_word' id='word_1_155' title='bbox 1310 1959 1523 2004; x_wconf 60' lang='lat' dir='ltr'><strong>caetera.</strong></span> <span class='ocrx_word' id='word_1_156' title='bbox 1571 1948 1743 2014; x_wconf 85' lang='lat' dir='ltr'><strong>Quam</strong></span> <span class='ocrx_word' id='word_1_157' title='bbox 1773 1948 1961 2001; x_wconf 81' lang='lat' dir='ltr'><strong>civita-</strong></span> 
     </span>
    </p>
   </div>
   <div class='ocr_carea' id='block_1_22' title="bbox 378 2038 1955 2113">
    <p class='ocr_par' dir='ltr' id='par_1_22' title="bbox 378 2038 1955 2113">
     <span class='ocr_line' id='line_1_22' title="bbox 378 2038 1955 2113; baseline -0.003 -16"><span class='ocrx_word' id='word_1_158' title='bbox 378 2053 484 2097; x_wconf 90' lang='lat' dir='ltr'><strong>tem</strong></span> <span class='ocrx_word' id='word_1_159' title='bbox 517 2043 826 2113; x_wconf 76' lang='lat' dir='ltr'><strong>signiﬁcare</strong></span> <span class='ocrx_word' id='word_1_160' title='bbox 854 2043 1013 2109; x_wconf 83' lang='lat' dir='ltr'><strong>velit,</strong></span> <span class='ocrx_word' id='word_1_161' title='bbox 1044 2041 1099 2095; x_wconf 90' lang='lat' dir='ltr'><strong>in</strong></span> <span class='ocrx_word' id='word_1_162' title='bbox 1124 2056 1229 2111; x_wconf 88' lang='lat' dir='ltr'><strong>qua</strong></span> <span class='ocrx_word' id='word_1_163' title='bbox 1276 2042 1389 2095; x_wconf 66' lang='lat' dir='ltr'><strong>haec</strong></span> <span class='ocrx_word' id='word_1_164' title='bbox 1409 2042 1523 2094; x_wconf 83' lang='lat' dir='ltr'><strong>visa</strong></span> <span class='ocrx_word' id='word_1_165' title='bbox 1565 2040 1701 2107; x_wconf 89' lang='lat' dir='ltr'><strong>sint,</strong></span> <span class='ocrx_word' id='word_1_166' title='bbox 1732 2054 1852 2110; x_wconf 70' lang='lat' dir='ltr'><strong>quae</strong></span> <span class='ocrx_word' id='word_1_167' title='bbox 1877 2038 1955 2094; x_wconf 61' lang='lat' dir='ltr'><strong>via</strong></span> 
     </span>
    </p>
   </div>
   <div class='ocr_carea' id='block_1_23' title="bbox 377 2131 1955 2203">
    <p class='ocr_par' dir='ltr' id='par_1_23' title="bbox 377 2131 1955 2203">
     <span class='ocr_line' id='line_1_23' title="bbox 377 2131 1955 2203; baseline -0.004 -14"><span class='ocrx_word' id='word_1_168' title='bbox 377 2134 527 2190; x_wconf 81' lang='lat' dir='ltr'><strong>disse</strong></span> <span class='ocrx_word' id='word_1_169' title='bbox 567 2149 626 2188; x_wconf 84' lang='lat' dir='ltr'><strong>se</strong></span> <span class='ocrx_word' id='word_1_170' title='bbox 665 2142 1084 2196; x_wconf 86' lang='lat' dir='ltr'><strong>commemorat,</strong></span> <span class='ocrx_word' id='word_1_171' title='bbox 1141 2147 1255 2187; x_wconf 87' lang='lat' dir='ltr'><strong>non</strong></span> <span class='ocrx_word' id='word_1_172' title='bbox 1291 2139 1469 2203; x_wconf 81' lang='lat' dir='ltr'><strong>potest</strong></span> <span class='ocrx_word' id='word_1_173' title='bbox 1493 2132 1617 2202; x_wconf 88' lang='lat' dir='ltr'><strong>quis</strong></span> <span class='ocrx_word' id='word_1_174' title='bbox 1640 2147 1707 2186; x_wconf 79' lang='lat' dir='ltr'><strong>ex</strong></span> <span class='ocrx_word' id='word_1_175' title='bbox 1729 2131 1955 2186; x_wconf 82' lang='lat' dir='ltr'><strong>historia</strong></span> 
     </span>
    </p>
   </div>
   <div class='ocr_carea' id='block_1_24' title="bbox 378 2219 1957 2293">
    <p class='ocr_par' dir='ltr' id='par_1_24' title="bbox 378 2219 1957 2293">
     <span class='ocr_line' id='line_1_24' title="bbox 378 2219 1957 2293; baseline -0.005 -13"><span class='ocrx_word' id='word_1_176' title='bbox 378 2223 673 2293; x_wconf 78' lang='lat' dir='ltr'><strong>espiscari.</strong></span> <span class='ocrx_word' id='word_1_177' title='bbox 728 2223 866 2290; x_wconf 82' lang='lat' dir='ltr'><strong>Quis</strong></span> <span class='ocrx_word' id='word_1_178' title='bbox 912 2237 1044 2277; x_wconf 85' lang='lat' dir='ltr'><strong>vero</strong></span> <span class='ocrx_word' id='word_1_179' title='bbox 1081 2222 1172 2276; x_wconf 91' lang='lat' dir='ltr'><strong>ille</strong></span> <span class='ocrx_word' id='word_1_180' title='bbox 1211 2236 1371 2290; x_wconf 87' lang='lat' dir='ltr'><strong>quem</strong></span> <span class='ocrx_word' id='word_1_181' title='bbox 1412 2221 1494 2275; x_wconf 88' lang='lat' dir='ltr'><strong>sic</strong></span> <span class='ocrx_word' id='word_1_182' title='bbox 1531 2220 1845 2289; x_wconf 80' lang='lat' dir='ltr'><strong>alloquitur,</strong></span> <span class='ocrx_word' id='word_1_183' title='bbox 1878 2219 1957 2274; x_wconf 85' lang='lat' dir='ltr'><strong>Tu</strong></span> 
     </span>
    </p>
   </div>
   <div class='ocr_carea' id='block_1_25' title="bbox 378 2308 1959 2378">
    <p class='ocr_par' dir='ltr' id='par_1_25' title="bbox 378 2308 1959 2378">
     <span class='ocr_line' id='line_1_25' title="bbox 378 2308 1959 2378; baseline -0.003 -11"><span class='ocrx_word' id='word_1_184' title='bbox 378 2329 498 2367; x_wconf 69' lang='lat' dir='ltr'><strong>vero</strong></span> <span class='ocrx_word' id='word_1_185' title='bbox 538 2312 693 2365; x_wconf 78' lang='lat' dir='ltr'><strong>homo</strong></span> <span class='ocrx_word' id='word_1_186' title='bbox 736 2311 1003 2365; x_wconf 83' lang='lat' dir='ltr'><strong>unanimis</strong></span> <span class='ocrx_word' id='word_1_187' title='bbox 1024 2351 1040 2376; x_wconf 96' lang='lat'><strong>,</strong></span> <span class='ocrx_word' id='word_1_188' title='bbox 1076 2310 1188 2363; x_wconf 79' lang='lat' dir='ltr'><strong>dua:</strong></span> <span class='ocrx_word' id='word_1_189' title='bbox 1216 2326 1363 2363; x_wconf 83' lang='lat' dir='ltr'><strong>meus</strong></span> <span class='ocrx_word' id='word_1_190' title='bbox 1404 2319 1453 2363; x_wconf 88' lang='lat' dir='ltr'><strong>et</strong></span> <span class='ocrx_word' id='word_1_191' title='bbox 1483 2320 1638 2364; x_wconf 80' lang='lat' dir='ltr'><strong>notus</strong></span> <span class='ocrx_word' id='word_1_192' title='bbox 1665 2325 1840 2372; x_wconf 77' lang='lat' dir='ltr'><strong>mus,</strong></span> <span class='ocrx_word' id='word_1_193' title='bbox 1867 2308 1959 2378; x_wconf 81' lang='lat' dir='ltr'><strong>qui</strong></span> 
     </span>
    </p>
   </div>
   <div class='ocr_carea' id='block_1_26' title="bbox 362 2399 1959 2472">
    <p class='ocr_par' dir='ltr' id='par_1_26' title="bbox 362 2399 1959 2472">
     <span class='ocr_line' id='line_1_26' title="bbox 362 2399 1959 2472; baseline -0.003 -14"><span class='ocrx_word' id='word_1_194' title='bbox 362 2400 554 2458; x_wconf 78' lang='lat' dir='ltr'><strong>simul</strong></span> <span class='ocrx_word' id='word_1_195' title='bbox 584 2418 786 2457; x_wconf 82' lang='lat' dir='ltr'><strong>mecum</strong></span> <span class='ocrx_word' id='word_1_196' title='bbox 835 2402 1016 2457; x_wconf 85' lang='lat' dir='ltr'><strong>dulces</strong></span> <span class='ocrx_word' id='word_1_197' title='bbox 1066 2402 1312 2472; x_wconf 80' lang='lat' dir='ltr'><strong>cupiebas</strong></span> <span class='ocrx_word' id='word_1_198' title='bbox 1344 2402 1533 2458; x_wconf 77' lang='lat' dir='ltr'><strong>cibos?</strong></span> <span class='ocrx_word' id='word_1_199' title='bbox 1583 2401 1642 2455; x_wconf 88' lang='lat' dir='ltr'><strong>Si</strong></span> <span class='ocrx_word' id='word_1_200' title='bbox 1681 2400 1849 2465; x_wconf 89' lang='lat' dir='ltr'><strong>enim,</strong></span> <span class='ocrx_word' id='word_1_201' title='bbox 1879 2399 1959 2453; x_wconf 84' lang='lat' dir='ltr'><strong>in-</strong></span> 
     </span>
    </p>
   </div>
   <div class='ocr_carea' id='block_1_27' title="bbox 379 2494 1954 2566">
    <p class='ocr_par' dir='ltr' id='par_1_27' title="bbox 379 2494 1954 2566">
     <span class='ocr_line' id='line_1_27' title="bbox 379 2494 1954 2566; baseline -0.004 -16"><span class='ocrx_word' id='word_1_202' title='bbox 379 2495 522 2566; x_wconf 83' lang='lat' dir='ltr'><strong>quit,</strong></span> <span class='ocrx_word' id='word_1_203' title='bbox 548 2495 686 2560; x_wconf 65' lang='lat' dir='ltr'><strong>hac,</strong></span> <span class='ocrx_word' id='word_1_204' title='bbox 719 2495 943 2550; x_wconf 89' lang='lat' dir='ltr'><strong>inimico</strong></span> <span class='ocrx_word' id='word_1_205' title='bbox 966 2494 1252 2558; x_wconf 84' lang='lat' dir='ltr'><strong>inferente,</strong></span> <span class='ocrx_word' id='word_1_206' title='bbox 1276 2495 1415 2548; x_wconf 82' lang='lat' dir='ltr'><strong>mala</strong></span> <span class='ocrx_word' id='word_1_207' title='bbox 1434 2508 1726 2564; x_wconf 83' lang='lat' dir='ltr'><strong>perpessus</strong></span> <span class='ocrx_word' id='word_1_208' title='bbox 1742 2506 1954 2556; x_wconf 89' lang='lat' dir='ltr'><strong>essem;</strong></span> 
     </span>
    </p>
   </div>
   <div class='ocr_carea' id='block_1_28' title="bbox 381 2584 1954 2655">
    <p class='ocr_par' dir='ltr' id='par_1_28' title="bbox 381 2584 1954 2655">
     <span class='ocr_line' id='line_1_28' title="bbox 381 2584 1954 2655; baseline -0.003 -15"><span class='ocrx_word' id='word_1_209' title='bbox 381 2594 479 2641; x_wconf 84' lang='lat' dir='ltr'><strong>aut</strong></span> <span class='ocrx_word' id='word_1_210' title='bbox 523 2586 572 2641; x_wconf 92' lang='lat' dir='ltr'><strong>si</strong></span> <span class='ocrx_word' id='word_1_211' title='bbox 612 2586 738 2655; x_wconf 88' lang='lat' dir='ltr'><strong>quis</strong></span> <span class='ocrx_word' id='word_1_212' title='bbox 778 2586 904 2640; x_wconf 91' lang='lat' dir='ltr'><strong>odio</strong></span> <span class='ocrx_word' id='word_1_213' title='bbox 935 2600 1022 2641; x_wconf 90' lang='lat' dir='ltr'><strong>me</strong></span> <span class='ocrx_word' id='word_1_214' title='bbox 1058 2586 1259 2640; x_wconf 85' lang='lat' dir='ltr'><strong>habere</strong></span> <span class='ocrx_word' id='word_1_215' title='bbox 1287 2586 1569 2655; x_wconf 82' lang='lat' dir='ltr'><strong>professus</strong></span> <span class='ocrx_word' id='word_1_216' title='bbox 1596 2584 1954 2654; x_wconf 88' lang='lat' dir='ltr'><strong>designasset,</strong></span> 
     </span>
    </p>
   </div>
   <div class='ocr_carea' id='block_1_29' title="bbox 321 2675 1958 2746">
    <p class='ocr_par' dir='ltr' id='par_1_29' title="bbox 321 2675 1958 2746">
     <span class='ocr_line' id='line_1_29' title="bbox 321 2675 1958 2746; baseline -0.001 -15"><span class='ocrx_word' id='word_1_217' title='bbox 321 2683 328 2692; x_wconf 95' lang='lat'>&#39;</span> <span class='ocrx_word' id='word_1_218' title='bbox 381 2676 460 2731; x_wconf 84' lang='lat' dir='ltr'><strong>nil</strong></span> <span class='ocrx_word' id='word_1_219' title='bbox 488 2675 687 2731; x_wconf 87' lang='lat' dir='ltr'><strong>mirum</strong></span> <span class='ocrx_word' id='word_1_220' title='bbox 707 2685 875 2734; x_wconf 86' lang='lat' dir='ltr'><strong>esset.</strong></span> <span class='ocrx_word' id='word_1_221' title='bbox 910 2675 1066 2731; x_wconf 84' lang='lat' dir='ltr'><strong>Nunc</strong></span> <span class='ocrx_word' id='word_1_222' title='bbox 1094 2684 1277 2732; x_wconf 88' lang='lat' dir='ltr'><strong>autem</strong></span> <span class='ocrx_word' id='word_1_223' title='bbox 1303 2691 1481 2746; x_wconf 82' lang='lat' dir='ltr'><strong>neque</strong></span> <span class='ocrx_word' id='word_1_224' title='bbox 1509 2677 1755 2731; x_wconf 77' lang='lat' dir='ltr'><strong>infensus</strong></span> <span class='ocrx_word' id='word_1_225' title='bbox 1783 2689 1958 2744; x_wconf 86' lang='lat' dir='ltr'><strong>neque</strong></span> 
     </span>
    </p>
   </div>
   <div class='ocr_carea' id='block_1_30' title="bbox 382 2765 1960 2832">
    <p class='ocr_par' dir='ltr' id='par_1_30' title="bbox 382 2765 1960 2832">
     <span class='ocr_line' id='line_1_30' title="bbox 382 2765 1960 2832; baseline -0.001 -13"><span class='ocrx_word' id='word_1_226' title='bbox 382 2765 643 2821; x_wconf 83' lang='lat' dir='ltr'><strong>inimicus</strong></span> <span class='ocrx_word' id='word_1_227' title='bbox 662 2766 818 2832; x_wconf 90' lang='lat' dir='ltr'><strong>mihi,</strong></span> <span class='ocrx_word' id='word_1_228' title='bbox 835 2767 930 2822; x_wconf 88' lang='lat' dir='ltr'><strong>sed</strong></span> <span class='ocrx_word' id='word_1_229' title='bbox 958 2781 1190 2822; x_wconf 83' lang='lat' dir='ltr'><strong>consors</strong></span> <span class='ocrx_word' id='word_1_230' title='bbox 1211 2774 1266 2820; x_wconf 91' lang='lat' dir='ltr'><strong>et</strong></span> <span class='ocrx_word' id='word_1_231' title='bbox 1292 2766 1521 2830; x_wconf 87' lang='lat' dir='ltr'><strong>amicus,</strong></span> <span class='ocrx_word' id='word_1_232' title='bbox 1543 2766 1654 2820; x_wconf 89' lang='lat' dir='ltr'><strong>imo</strong></span> <span class='ocrx_word' id='word_1_233' title='bbox 1678 2778 1806 2819; x_wconf 81' lang='lat' dir='ltr'><strong>vero</strong></span> <span class='ocrx_word' id='word_1_234' title='bbox 1829 2779 1960 2818; x_wconf 89' lang='lat' dir='ltr'><strong>una-</strong></span> 
     </span>
    </p>
   </div>
   <div class='ocr_carea' id='block_1_31' title="bbox 382 2854 1958 2920">
    <p class='ocr_par' dir='ltr' id='par_1_31' title="bbox 382 2854 1958 2920">
     <span class='ocr_line' id='line_1_31' title="bbox 382 2854 1958 2920; baseline -0.002 -10"><span class='ocrx_word' id='word_1_235' title='bbox 382 2854 568 2918; x_wconf 83' lang='lat' dir='ltr'><strong>nimis,</strong></span> <span class='ocrx_word' id='word_1_236' title='bbox 601 2864 656 2910; x_wconf 88' lang='lat' dir='ltr'><strong>et</strong></span> <span class='ocrx_word' id='word_1_237' title='bbox 695 2855 806 2910; x_wconf 80' lang='lat' dir='ltr'><strong>dux</strong></span> <span class='ocrx_word' id='word_1_238' title='bbox 856 2870 885 2908; x_wconf 92' lang='lat' dir='ltr'><strong>a</strong></span> <span class='ocrx_word' id='word_1_239' title='bbox 932 2872 1019 2911; x_wconf 89' lang='lat' dir='ltr'><strong>me</strong></span> <span class='ocrx_word' id='word_1_240' title='bbox 1044 2856 1397 2920; x_wconf 88' lang='lat' dir='ltr'><strong>constitutus,</strong></span> <span class='ocrx_word' id='word_1_241' title='bbox 1443 2855 1720 2910; x_wconf 91' lang='lat' dir='ltr'><strong>communi</strong></span> <span class='ocrx_word' id='word_1_242' title='bbox 1768 2868 1958 2909; x_wconf 88' lang='lat' dir='ltr'><strong>mensa</strong></span> 
     </span>
    </p>
   </div>
   <div class='ocr_carea' id='block_1_32' title="bbox 382 2943 1956 3015">
    <p class='ocr_par' dir='ltr' id='par_1_32' title="bbox 382 2943 1956 3015">
     <span class='ocr_line' id='line_1_32' title="bbox 382 2943 1956 3015; baseline 0.001 -18"><span class='ocrx_word' id='word_1_243' title='bbox 382 2943 658 3014; x_wconf 79' lang='lat' dir='ltr'><strong>dignatus,</strong></span> <span class='ocrx_word' id='word_1_244' title='bbox 683 2953 736 2999; x_wconf 90' lang='lat' dir='ltr'><strong>et</strong></span> <span class='ocrx_word' id='word_1_245' title='bbox 778 2944 1033 3008; x_wconf 81' lang='lat' dir='ltr'><strong>fortasse,</strong></span> <span class='ocrx_word' id='word_1_246' title='bbox 1069 2946 1163 3015; x_wconf 88' lang='lat' dir='ltr'><strong>qui</strong></span> <span class='ocrx_word' id='word_1_247' title='bbox 1192 2961 1300 2999; x_wconf 89' lang='lat' dir='ltr'><strong>una</strong></span> <span class='ocrx_word' id='word_1_248' title='bbox 1348 2958 1561 3000; x_wconf 87' lang='lat' dir='ltr'><strong>mecum</strong></span> <span class='ocrx_word' id='word_1_249' title='bbox 1586 2945 1867 3015; x_wconf 83' lang='lat' dir='ltr'><strong>ingressus</strong></span> <span class='ocrx_word' id='word_1_250' title='bbox 1899 2945 1956 2998; x_wconf 93' lang='lat' dir='ltr'><strong>in</strong></span> 
     </span>
    </p>
   </div>
   <div class='ocr_carea' id='block_1_33' title="bbox 383 3032 1962 3101">
    <p class='ocr_par' dir='ltr' id='par_1_33' title="bbox 383 3032 1962 3101">
     <span class='ocr_line' id='line_1_33' title="bbox 383 3032 1962 3101; baseline 0.001 -13"><span class='ocrx_word' id='word_1_251' title='bbox 383 3032 607 3088; x_wconf 85' lang='lat' dir='ltr'><strong>domum</strong></span> <span class='ocrx_word' id='word_1_252' title='bbox 644 3033 735 3090; x_wconf 82' lang='lat' dir='ltr'><strong>Dei</strong></span> <span class='ocrx_word' id='word_1_253' title='bbox 779 3044 835 3090; x_wconf 86' lang='lat' dir='ltr'><strong>et</strong></span> <span class='ocrx_word' id='word_1_254' title='bbox 876 3037 1140 3091; x_wconf 83' lang='lat' dir='ltr'><strong>orationis</strong></span> <span class='ocrx_word' id='word_1_255' title='bbox 1187 3050 1419 3091; x_wconf 87' lang='lat' dir='ltr'><strong>consors</strong></span> <span class='ocrx_word' id='word_1_256' title='bbox 1457 3043 1608 3101; x_wconf 84' lang='lat' dir='ltr'><strong>erat,</strong></span> <span class='ocrx_word' id='word_1_257' title='bbox 1639 3037 1840 3091; x_wconf 85' lang='lat' dir='ltr'><strong>taliane</strong></span> <span class='ocrx_word' id='word_1_258' title='bbox 1869 3035 1962 3090; x_wconf 83' lang='lat' dir='ltr'><strong>ad-</strong></span> 
     </span>
    </p>
   </div>
   <div class='ocr_carea' id='block_1_34' title="bbox 382 3122 2027 3209">
    <p class='ocr_par' dir='ltr' id='par_1_34' title="bbox 382 3122 2027 3209">
     <span class='ocr_line' id='line_1_34' title="bbox 382 3122 2027 3209; baseline 0.002 -35"><span class='ocrx_word' id='word_1_259' title='bbox 382 3136 619 3178; x_wconf 83' lang='lat' dir='ltr'><strong>versum.</strong></span> <span class='ocrx_word' id='word_1_260' title='bbox 640 3136 728 3176; x_wconf 89' lang='lat' dir='ltr'><strong>me</strong></span> <span class='ocrx_word' id='word_1_261' title='bbox 768 3124 986 3193; x_wconf 84' lang='lat' dir='ltr'><strong>aggredi</strong></span> <span class='ocrx_word' id='word_1_262' title='bbox 1037 3138 1205 3180; x_wconf 88' lang='lat' dir='ltr'><strong>ausus</strong></span> <span class='ocrx_word' id='word_1_263' title='bbox 1234 3124 1331 3179; x_wconf 76' lang='lat' dir='ltr'><strong>es?</strong></span> <span class='ocrx_word' id='word_1_264' title='bbox 1359 3122 1484 3178; x_wconf 76' lang='lat' dir='ltr'><strong>Haec</strong></span> <span class='ocrx_word' id='word_1_265' title='bbox 1505 3122 1697 3193; x_wconf 66' lang='lat' dir='ltr'><strong>{autem</strong></span> <span class='ocrx_word' id='word_1_266' title='bbox 1738 3125 1956 3194; x_wconf 84' lang='lat' dir='ltr'><strong>prepria</strong></span> <span class='ocrx_word' id='word_1_267' title='bbox 1984 3151 2027 3209; x_wconf 65' lang='grc' dir='ltr'><strong>ρ</strong></span> 
     </span>
    </p>
   </div>
   <div class='ocr_carea' id='block_1_35' title="bbox 383 3212 1961 3283">
    <p class='ocr_par' dir='ltr' id='par_1_35' title="bbox 383 3212 1961 3283">
     <span class='ocr_line' id='line_1_35' title="bbox 383 3212 1961 3283; baseline 0.002 -18"><span class='ocrx_word' id='word_1_268' title='bbox 383 3226 619 3281; x_wconf 85' lang='lat' dir='ltr'><strong>persona</strong></span> <span class='ocrx_word' id='word_1_269' title='bbox 654 3212 836 3267; x_wconf 87' lang='lat' dir='ltr'><strong>dicere</strong></span> <span class='ocrx_word' id='word_1_270' title='bbox 857 3212 1134 3280; x_wconf 85' lang='lat' dir='ltr'><strong>Davldem,</strong></span> <span class='ocrx_word' id='word_1_271' title='bbox 1158 3228 1268 3267; x_wconf 91' lang='lat' dir='ltr'><strong>non</strong></span> <span class='ocrx_word' id='word_1_272' title='bbox 1292 3214 1450 3268; x_wconf 80' lang='lat' dir='ltr'><strong>video</strong></span> <span class='ocrx_word' id='word_1_273' title='bbox 1471 3228 1580 3283; x_wconf 90' lang='lat' dir='ltr'><strong>qua</strong></span> <span class='ocrx_word' id='word_1_274' title='bbox 1601 3215 1813 3269; x_wconf 88' lang='lat' dir='ltr'><strong>ratione</strong></span> <span class='ocrx_word' id='word_1_275' title='bbox 1833 3228 1961 3268; x_wconf 88' lang='lat' dir='ltr'><strong>eon-</strong></span> 
     </span>
    </p>
   </div>
   <div class='ocr_carea' id='block_1_36' title="bbox 386 3300 1962 3372">
    <p class='ocr_par' dir='ltr' id='par_1_36' title="bbox 386 3300 1962 3372">
     <span class='ocr_line' id='line_1_36' title="bbox 386 3300 1962 3372; baseline 0.002 -18"><span class='ocrx_word' id='word_1_276' title='bbox 386 3308 537 3354; x_wconf 81' lang='lat' dir='ltr'><strong>stare</strong></span> <span class='ocrx_word' id='word_1_277' title='bbox 584 3300 779 3369; x_wconf 83' lang='lat' dir='ltr'><strong>possit.</strong></span> <span class='ocrx_word' id='word_1_278' title='bbox 830 3300 1016 3370; x_wconf 86' lang='lat' dir='ltr'><strong>Neque</strong></span> <span class='ocrx_word' id='word_1_279' title='bbox 1061 3302 1207 3355; x_wconf 90' lang='lat' dir='ltr'><strong>enim</strong></span> <span class='ocrx_word' id='word_1_280' title='bbox 1254 3300 1383 3355; x_wconf 89' lang='lat' dir='ltr'><strong>Saul</strong></span> <span class='ocrx_word' id='word_1_281' title='bbox 1420 3302 1698 3356; x_wconf 84' lang='lat' dir='ltr'><strong>unanimis</strong></span> <span class='ocrx_word' id='word_1_282' title='bbox 1728 3302 1831 3372; x_wconf 90' lang='lat' dir='ltr'><strong>ipsi</strong></span> <span class='ocrx_word' id='word_1_283' title='bbox 1869 3309 1962 3357; x_wconf 87' lang='lat' dir='ltr'><strong>aut</strong></span> 
     </span>
    </p>
   </div>
   <div class='ocr_carea' id='block_1_37' title="bbox 385 3389 1961 3462">
    <p class='ocr_par' dir='ltr' id='par_1_37' title="bbox 385 3389 1961 3462">
     <span class='ocr_line' id='line_1_37' title="bbox 385 3389 1961 3462; baseline 0.003 -20"><span class='ocrx_word' id='word_1_284' title='bbox 385 3389 602 3444; x_wconf 76' lang='lat' dir='ltr'><strong>amicus</strong></span> <span class='ocrx_word' id='word_1_285' title='bbox 653 3396 804 3457; x_wconf 87' lang='lat' dir='ltr'><strong>erat;</strong></span> <span class='ocrx_word' id='word_1_286' title='bbox 849 3391 965 3445; x_wconf 81' lang='lat' dir='ltr'><strong>sive</strong></span> <span class='ocrx_word' id='word_1_287' title='bbox 1002 3391 1303 3447; x_wconf 88' lang='lat' dir='ltr'><strong>secundum</strong></span> <span class='ocrx_word' id='word_1_288' title='bbox 1352 3391 1761 3462; x_wconf 79' lang='lat' dir='ltr'><strong>Symmachum,</strong></span> <span class='ocrx_word' id='word_1_289' title='bbox 1805 3395 1961 3448; x_wconf 83' lang='lat' dir='ltr'><strong>unius</strong></span> 
     </span>
    </p>
   </div>
   <div class='ocr_carea' id='block_1_38' title="bbox 389 3475 1963 3542">
    <p class='ocr_par' dir='ltr' id='par_1_38' title="bbox 389 3475 1963 3542">
     <span class='ocr_line' id='line_1_38' title="bbox 389 3475 1963 3542; baseline 0.005 -12"><span class='ocrx_word' id='word_1_290' title='bbox 389 3477 576 3531; x_wconf 78' lang='lat' dir='ltr'><strong>utaris.</strong></span> <span class='ocrx_word' id='word_1_291' title='bbox 609 3475 869 3542; x_wconf 63' lang='lat' dir='ltr'><strong>Quanam</strong></span> <span class='ocrx_word' id='word_1_292' title='bbox 898 3493 1112 3533; x_wconf 87' lang='lat' dir='ltr'><strong>morum</strong></span> <span class='ocrx_word' id='word_1_293' title='bbox 1135 3480 1437 3535; x_wconf 87' lang='lat' dir='ltr'><strong>similitudo</strong></span> <span class='ocrx_word' id='word_1_294' title='bbox 1473 3480 1638 3536; x_wconf 83' lang='lat' dir='ltr'><strong>fuerit</strong></span> <span class='ocrx_word' id='word_1_295' title='bbox 1661 3483 1803 3537; x_wconf 91' lang='lat' dir='ltr'><strong>inter</strong></span> <span class='ocrx_word' id='word_1_296' title='bbox 1825 3484 1963 3538; x_wconf 90' lang='lat' dir='ltr'><strong>duo-</strong></span> 
     </span>
    </p>
   </div>
   <div class='ocr_carea' id='block_1_39' title="bbox 388 3569 1963 3639">
    <p class='ocr_par' dir='ltr' id='par_1_39' title="bbox 388 3569 1963 3639">
     <span class='ocr_line' id='line_1_39' title="bbox 388 3569 1963 3639; baseline 0.004 -16"><span class='ocrx_word' id='word_1_297' title='bbox 388 3582 512 3623; x_wconf 86' lang='lat' dir='ltr'><strong>rum</strong></span> <span class='ocrx_word' id='word_1_298' title='bbox 538 3569 729 3633; x_wconf 81' lang='lat' dir='ltr'><strong>vitam,</strong></span> <span class='ocrx_word' id='word_1_299' title='bbox 757 3571 852 3639; x_wconf 88' lang='lat' dir='ltr'><strong>qui</strong></span> <span class='ocrx_word' id='word_1_300' title='bbox 901 3576 1111 3624; x_wconf 88' lang='lat' dir='ltr'><strong>tantum</strong></span> <span class='ocrx_word' id='word_1_301' title='bbox 1140 3571 1284 3627; x_wconf 84' lang='lat' dir='ltr'><strong>inter</strong></span> <span class='ocrx_word' id='word_1_302' title='bbox 1306 3587 1366 3627; x_wconf 84' lang='lat' dir='ltr'><strong>se</strong></span> <span class='ocrx_word' id='word_1_303' title='bbox 1389 3571 1687 3627; x_wconf 79' lang='lat' dir='ltr'><strong>differunt?</strong></span> <span class='ocrx_word' id='word_1_304' title='bbox 1732 3572 1837 3628; x_wconf 88' lang='lat' dir='ltr'><strong>Sed</strong></span> <span class='ocrx_word' id='word_1_305' title='bbox 1864 3590 1963 3630; x_wconf 83' lang='lat' dir='ltr'><strong>ne-</strong></span> 
     </span>
    </p>
   </div>
   <div class='ocr_carea' id='block_1_40' title="bbox 386 3658 1963 3734">
    <p class='ocr_par' dir='ltr' id='par_1_40' title="bbox 386 3658 1963 3734">
     <span class='ocr_line' id='line_1_40' title="bbox 386 3658 1963 3734; baseline 0.005 -22"><span class='ocrx_word' id='word_1_306' title='bbox 386 3673 496 3728; x_wconf 89' lang='lat' dir='ltr'><strong>que</strong></span> <span class='ocrx_word' id='word_1_307' title='bbox 527 3659 804 3714; x_wconf 85' lang='lat' dir='ltr'><strong>unanimis</strong></span> <span class='ocrx_word' id='word_1_308' title='bbox 851 3658 1040 3715; x_wconf 84' lang='lat' dir='ltr'><strong>Davidi</strong></span> <span class='ocrx_word' id='word_1_309' title='bbox 1091 3676 1329 3730; x_wconf 83' lang='lat' dir='ltr'><strong>unquam</strong></span> <span class='ocrx_word' id='word_1_310' title='bbox 1361 3662 1463 3716; x_wconf 85' lang='lat' dir='ltr'><strong>fuit</strong></span> <span class='ocrx_word' id='word_1_311' title='bbox 1495 3660 1647 3728; x_wconf 85' lang='lat' dir='ltr'><strong>Saul,</strong></span> <span class='ocrx_word' id='word_1_312' title='bbox 1685 3679 1861 3734; x_wconf 89' lang='lat' dir='ltr'><strong>neque</strong></span> <span class='ocrx_word' id='word_1_313' title='bbox 1886 3666 1963 3719; x_wconf 81' lang='lat' dir='ltr'><strong>le-</strong></span> 
     </span>
    </p>
   </div>
   <div class='ocr_carea' id='block_1_41' title="bbox 386 3748 1962 3821">
    <p class='ocr_par' dir='ltr' id='par_1_41' title="bbox 386 3748 1962 3821">
     <span class='ocr_line' id='line_1_41' title="bbox 386 3748 1962 3821; baseline 0.005 -20"><span class='ocrx_word' id='word_1_314' title='bbox 386 3748 532 3818; x_wconf 87' lang='lat' dir='ltr'><strong>gitur</strong></span> <span class='ocrx_word' id='word_1_315' title='bbox 576 3748 790 3818; x_wconf 89' lang='lat' dir='ltr'><strong>uspiam</strong></span> <span class='ocrx_word' id='word_1_316' title='bbox 838 3749 897 3804; x_wconf 88' lang='lat' dir='ltr'><strong>in</strong></span> <span class='ocrx_word' id='word_1_317' title='bbox 942 3750 1194 3815; x_wconf 88' lang='lat' dir='ltr'><strong>historia,</strong></span> <span class='ocrx_word' id='word_1_318' title='bbox 1231 3751 1379 3821; x_wconf 85' lang='lat' dir='ltr'><strong>ipsos</strong></span> <span class='ocrx_word' id='word_1_319' title='bbox 1419 3767 1546 3806; x_wconf 88' lang='lat' dir='ltr'><strong>cum</strong></span> <span class='ocrx_word' id='word_1_320' title='bbox 1590 3768 1860 3810; x_wconf 77' lang='lat' dir='ltr'><strong>consensu</strong></span> <span class='ocrx_word' id='word_1_321' title='bbox 1905 3756 1962 3809; x_wconf 88' lang='lat' dir='ltr'><strong>in</strong></span> 
     </span>
    </p>
   </div>
   <div class='ocr_carea' id='block_1_42' title="bbox 360 3830 1960 3914">
    <p class='ocr_par' dir='ltr' id='par_1_42' title="bbox 360 3830 1960 3914">
     <span class='ocr_line' id='line_1_42' title="bbox 360 3830 1960 3914; baseline 0.003 -20"><span class='ocrx_word' id='word_1_322' title='bbox 360 3830 552 3894; x_wconf 80' lang='lat' dir='ltr'><strong>domo</strong></span> <span class='ocrx_word' id='word_1_323' title='bbox 577 3837 673 3895; x_wconf 82' lang='lat' dir='ltr'><strong>Dei</strong></span> <span class='ocrx_word' id='word_1_324' title='bbox 695 3840 1027 3897; x_wconf 83' lang='lat' dir='ltr'><strong>ambulasse.</strong></span> <span class='ocrx_word' id='word_1_325' title='bbox 1063 3839 1171 3896; x_wconf 88' lang='lat' dir='ltr'><strong>Sed</strong></span> <span class='ocrx_word' id='word_1_326' title='bbox 1193 3841 1359 3912; x_wconf 85' lang='lat' dir='ltr'><strong>liquet</strong></span> <span class='ocrx_word' id='word_1_327' title='bbox 1378 3839 1597 3898; x_wconf 84' lang='lat' dir='ltr'><strong>Saulem</strong></span> <span class='ocrx_word' id='word_1_328' title='bbox 1620 3859 1835 3914; x_wconf 82' lang='lat' dir='ltr'><strong>semper</strong></span> <span class='ocrx_word' id='word_1_329' title='bbox 1854 3844 1960 3899; x_wconf 85' lang='lat' dir='ltr'><strong>Da-</strong></span> 
     </span>
    </p>
   </div>
   <div class='ocr_carea' id='block_1_43' title="bbox 386 3929 1963 4005">
    <p class='ocr_par' dir='ltr' id='par_1_43' title="bbox 386 3929 1963 4005">
     <span class='ocr_line' id='line_1_43' title="bbox 386 3929 1963 4005; baseline 0.005 -23"><span class='ocrx_word' id='word_1_330' title='bbox 386 3929 497 3983; x_wconf 72' lang='grc' dir='ltr'>νῙῶ</span> <span class='ocrx_word' id='word_1_331' title='bbox 527 3937 714 3998; x_wconf 90' lang='lat' dir='ltr'><strong>aperte</strong></span> <span class='ocrx_word' id='word_1_332' title='bbox 756 3930 1043 3986; x_wconf 90' lang='lat' dir='ltr'><strong>inimicum</strong></span> <span class='ocrx_word' id='word_1_333' title='bbox 1078 3931 1281 3998; x_wconf 80' lang='lat' dir='ltr'><strong>fuisse;</strong></span> <span class='ocrx_word' id='word_1_334' title='bbox 1331 3932 1457 4000; x_wconf 88' lang='lat' dir='ltr'><strong>jure</strong></span> <span class='ocrx_word' id='word_1_335' title='bbox 1480 3947 1611 4002; x_wconf 87' lang='lat' dir='ltr'><strong>ergo</strong></span> <span class='ocrx_word' id='word_1_336' title='bbox 1644 3932 1886 4005; x_wconf 79' lang='lat' dir='ltr'><strong>fugiebat</strong></span> <span class='ocrx_word' id='word_1_337' title='bbox 1908 3942 1963 3991; x_wconf 89' lang='lat' dir='ltr'><strong>et.</strong></span> 
     </span>
    </p>
   </div>
   <div class='ocr_carea' id='block_1_44' title="bbox 389 4018 1963 4093">
    <p class='ocr_par' dir='ltr' id='par_1_44' title="bbox 389 4018 1963 4093">
     <span class='ocr_line' id='line_1_44' title="bbox 389 4018 1963 4093; baseline 0.005 -19"><span class='ocrx_word' id='word_1_338' title='bbox 389 4018 759 4075; x_wconf 80' lang='lat' dir='ltr'><strong>abscondebat</strong></span> <span class='ocrx_word' id='word_1_339' title='bbox 797 4036 859 4076; x_wconf 89' lang='lat' dir='ltr'><strong>se</strong></span> <span class='ocrx_word' id='word_1_340' title='bbox 904 4023 974 4078; x_wconf 89' lang='lat' dir='ltr'><strong>ab</strong></span> <span class='ocrx_word' id='word_1_341' title='bbox 1012 4023 1144 4087; x_wconf 89' lang='lat' dir='ltr'><strong>illo,</strong></span> <span class='ocrx_word' id='word_1_342' title='bbox 1187 4023 1343 4093; x_wconf 88' lang='lat' dir='ltr'><strong>quasi</strong></span> <span class='ocrx_word' id='word_1_343' title='bbox 1377 4039 1406 4077; x_wconf 86' lang='lat' dir='ltr'><strong>a</strong></span> <span class='ocrx_word' id='word_1_344' title='bbox 1433 4025 1963 4085; x_wconf 82' lang='lat' dir='ltr'><strong>manilestoinimico</strong></span> 
     </span>
    </p>
   </div>
   <div class='ocr_carea' id='block_1_45' title="bbox 388 4105 1966 4178">
    <p class='ocr_par' dir='ltr' id='par_1_45' title="bbox 388 4105 1966 4178">
     <span class='ocr_line' id='line_1_45' title="bbox 388 4105 1966 4178; baseline 0.01 -22"><span class='ocrx_word' id='word_1_345' title='bbox 388 4116 593 4159; x_wconf 84' lang='lat' dir='ltr'><strong>cavens</strong></span> <span class='ocrx_word' id='word_1_346' title='bbox 634 4105 759 4160; x_wconf 90' lang='lat' dir='ltr'><strong>sibi.</strong></span> <span class='ocrx_word' id='word_1_347' title='bbox 816 4105 923 4161; x_wconf 89' lang='lat' dir='ltr'><strong>Sed</strong></span> <span class='ocrx_word' id='word_1_348' title='bbox 949 4108 1114 4162; x_wconf 88' lang='lat' dir='ltr'><strong>etiam</strong></span> <span class='ocrx_word' id='word_1_349' title='bbox 1161 4125 1282 4178; x_wconf 70' lang='lat' dir='ltr'><strong>qua:</strong></span> <span class='ocrx_word' id='word_1_350' title='bbox 1310 4111 1378 4165; x_wconf 89' lang='lat' dir='ltr'><strong>de</strong></span> <span class='ocrx_word' id='word_1_351' title='bbox 1406 4121 1701 4167; x_wconf 86' lang='lat' dir='ltr'><strong>memorata</strong></span> <span class='ocrx_word' id='word_1_352' title='bbox 1730 4115 1863 4170; x_wconf 84' lang='lat' dir='ltr'><strong>urbe</strong></span> <span class='ocrx_word' id='word_1_353' title='bbox 1892 4114 1966 4171; x_wconf 82' lang='lat' dir='ltr'><strong>fe-</strong></span> 
     </span>
    </p>
   </div>
   <div class='ocr_carea' id='block_1_46' title="bbox 386 4196 1961 4267">
    <p class='ocr_par' dir='ltr' id='par_1_46' title="bbox 386 4196 1961 4267">
     <span class='ocr_line' id='line_1_46' title="bbox 386 4196 1961 4267; baseline 0.008 -20"><span class='ocrx_word' id='word_1_354' title='bbox 386 4201 607 4260; x_wconf 86' lang='lat' dir='ltr'><strong>runtur,</strong></span> <span class='ocrx_word' id='word_1_355' title='bbox 638 4211 980 4267; x_wconf 84' lang='lat' dir='ltr'><strong>nequaquam</strong></span> <span class='ocrx_word' id='word_1_356' title='bbox 1008 4196 1226 4256; x_wconf 87' lang='lat' dir='ltr'><strong>Davidis</strong></span> <span class='ocrx_word' id='word_1_357' title='bbox 1250 4201 1494 4258; x_wconf 83' lang='lat' dir='ltr'><strong>historiae</strong></span> <span class='ocrx_word' id='word_1_358' title='bbox 1521 4206 1866 4260; x_wconf 84' lang='lat' dir='ltr'><strong>conveniant.</strong></span> <span class='ocrx_word' id='word_1_359' title='bbox 1897 4206 1961 4260; x_wconf 89' lang='lat' dir='ltr'><strong>lu</strong></span> 
     </span>
    </p>
   </div>
   <div class='ocr_carea' id='block_1_47' title="bbox 387 4285 1959 4365">
    <p class='ocr_par' dir='ltr' id='par_1_47' title="bbox 387 4285 1959 4365">
     <span class='ocr_line' id='line_1_47' title="bbox 387 4285 1959 4365; baseline 0.01 -29"><span class='ocrx_word' id='word_1_360' title='bbox 387 4297 497 4353; x_wconf 86' lang='lat' dir='ltr'><strong>qua</strong></span> <span class='ocrx_word' id='word_1_361' title='bbox 528 4285 675 4339; x_wconf 89' lang='lat' dir='ltr'><strong>enim</strong></span> <span class='ocrx_word' id='word_1_362' title='bbox 722 4288 945 4343; x_wconf 88' lang='lat' dir='ltr'><strong>civitate</strong></span> <span class='ocrx_word' id='word_1_363' title='bbox 996 4288 1169 4356; x_wconf 88' lang='lat' dir='ltr'><strong>illam,</strong></span> <span class='ocrx_word' id='word_1_364' title='bbox 1204 4306 1368 4362; x_wconf 89' lang='lat' dir='ltr'><strong>quam</strong></span> <span class='ocrx_word' id='word_1_365' title='bbox 1416 4294 1574 4359; x_wconf 90' lang='lat' dir='ltr'><strong>dicit,</strong></span> <span class='ocrx_word' id='word_1_366' title='bbox 1620 4295 1959 4365; x_wconf 87' lang='lat' dir='ltr'><strong>iniquitatem</strong></span> 
     </span>
    </p>
   </div>
   <div class='ocr_carea' id='block_1_48' title="bbox 387 4372 2009 4447">
    <p class='ocr_par' dir='ltr' id='par_1_48' title="bbox 387 4372 2009 4447">
     <span class='ocr_line' id='line_1_48' title="bbox 387 4372 2009 4447; baseline 0.012 -24"><span class='ocrx_word' id='word_1_367' title='bbox 387 4372 526 4427; x_wconf 88' lang='lat' dir='ltr'><strong>vidit</strong></span> <span class='ocrx_word' id='word_1_368' title='bbox 551 4381 606 4429; x_wconf 89' lang='lat' dir='ltr'><strong>et</strong></span> <span class='ocrx_word' id='word_1_369' title='bbox 633 4376 1144 4447; x_wconf 86' lang='lat' dir='ltr'><strong>contradictionem,</strong></span> <span class='ocrx_word' id='word_1_370' title='bbox 1170 4396 1280 4436; x_wconf 88' lang='lat' dir='ltr'><strong>non</strong></span> <span class='ocrx_word' id='word_1_371' title='bbox 1309 4382 1398 4437; x_wconf 90' lang='lat' dir='ltr'><strong>die</strong></span> <span class='ocrx_word' id='word_1_372' title='bbox 1429 4384 1628 4446; x_wconf 86' lang='lat' dir='ltr'><strong>solum.</strong></span> <span class='ocrx_word' id='word_1_373' title='bbox 1661 4386 1757 4441; x_wconf 86' lang='lat' dir='ltr'><strong>sed</strong></span> <span class='ocrx_word' id='word_1_374' title='bbox 1797 4387 1960 4442; x_wconf 88' lang='lat' dir='ltr'><strong>etiam</strong></span> <span class='ocrx_word' id='word_1_375' title='bbox 1996 4404 2009 4413; x_wconf 57' lang='lat'><em>‘</em></span> 
     </span>
    </p>
   </div>
   <div class='ocr_carea' id='block_1_49' title="bbox 2041 596 3606 671">
    <p class='ocr_par' dir='ltr' id='par_1_49' title="bbox 2041 596 3606 671">
     <span class='ocr_line' id='line_1_49' title="bbox 2041 596 3606 671; baseline 0.002 -21"><span class='ocrx_word' id='word_1_376' title='bbox 2041 596 2163 650; x_wconf 79' lang='grc' dir='ltr'>καθ’</span> <span class='ocrx_word' id='word_1_377' title='bbox 2186 597 2280 661; x_wconf 80' lang='grc' dir='ltr'>οὓς</span> <span class='ocrx_word' id='word_1_378' title='bbox 2301 599 2659 670; x_wconf 75' lang='grc' dir='ltr'><strong>ἀπεδίδρασκε</strong></span> <span class='ocrx_word' id='word_1_379' title='bbox 2687 599 2926 670; x_wconf 87' lang='grc' dir='ltr'>χρόνους,</span> <span class='ocrx_word' id='word_1_380' title='bbox 2951 598 3163 668; x_wconf 82' lang='grc' dir='ltr'>φεύγων</span> <span class='ocrx_word' id='word_1_381' title='bbox 3191 598 3296 652; x_wconf 68' lang='grc' dir='ltr'><strong>ἀπὸ</strong></span> <span class='ocrx_word' id='word_1_382' title='bbox 3319 599 3606 671; x_wconf 75' lang='grc' dir='ltr'><strong>προσώπω</strong></span> 
     </span>
    </p>
   </div>
   <div class='ocr_carea' id='block_1_50' title="bbox 2046 689 3603 762">
    <p class='ocr_par' dir='ltr' id='par_1_50' title="bbox 2046 689 3603 762">
     <span class='ocr_line' id='line_1_50' title="bbox 2046 689 3603 762; baseline 0.001 -21"><span class='ocrx_word' id='word_1_383' title='bbox 2046 689 2251 753; x_wconf 79' lang='grc' dir='ltr'>Σαοὺλ,</span> <span class='ocrx_word' id='word_1_384' title='bbox 2303 691 2360 742; x_wconf 88' lang='grc' dir='ltr'><strong>ἐν</strong></span> <span class='ocrx_word' id='word_1_385' title='bbox 2382 693 2509 754; x_wconf 65' lang='grc' dir='ltr'>,ταῖς</span> <span class='ocrx_word' id='word_1_386' title='bbox 2545 692 2770 762; x_wconf 83' lang='grc' dir='ltr'>ἐρήμοις</span> <span class='ocrx_word' id='word_1_387' title='bbox 2812 689 2911 754; x_wconf 85' lang='grc' dir='ltr'><strong>τὰς</strong></span> <span class='ocrx_word' id='word_1_388' title='bbox 2944 689 3225 760; x_wconf 71' lang='grc' dir='ltr'>διατριϐὰς</span> <span class='ocrx_word' id='word_1_389' title='bbox 3272 690 3603 760; x_wconf 82' lang='grc' dir='ltr'>ποιούμενος.</span> 
     </span>
    </p>
   </div>
   <div class='ocr_carea' id='block_1_51' title="bbox 2043 775 3607 850">
    <p class='ocr_par' dir='ltr' id='par_1_51' title="bbox 2043 775 3607 850">
     <span class='ocr_line' id='line_1_51' title="bbox 2043 775 3607 850; baseline 0.002 -19"><span class='ocrx_word' id='word_1_390' title='bbox 2043 778 2204 847; x_wconf 87' lang='grc' dir='ltr'>Λέγει</span> <span class='ocrx_word' id='word_1_391' title='bbox 2226 779 2269 833; x_wconf 85' lang='grc' dir='ltr'><em>δ’</em></span> <span class='ocrx_word' id='word_1_392' title='bbox 2297 775 2390 833; x_wconf 79' lang='grc' dir='ltr'><strong>οὖν</strong></span> <span class='ocrx_word' id='word_1_393' title='bbox 2423 779 2551 849; x_wconf 79' lang='grc' dir='ltr'><strong>ἑξῆς</strong></span> <span class='ocrx_word' id='word_1_394' title='bbox 2585 779 2816 850; x_wconf 60' lang='grc' dir='ltr'>προϊών</span> <span class='ocrx_word' id='word_1_395' title='bbox 2874 778 3019 833; x_wconf 84' lang='grc' dir='ltr'><strong>Ἰδοὺ</strong></span> <span class='ocrx_word' id='word_1_396' title='bbox 3064 778 3369 848; x_wconf 82' lang='grc' dir='ltr'>ἐμάκρυνα</span> <span class='ocrx_word' id='word_1_397' title='bbox 3422 798 3607 850; x_wconf 65' lang='grc' dir='ltr'>φυγα-</span> 
     </span>
    </p>
   </div>
   <div class='ocr_carea' id='block_1_52' title="bbox 2042 868 3607 942">
    <p class='ocr_par' dir='ltr' id='par_1_52' title="bbox 2042 868 3607 942">
     <span class='ocr_line' id='line_1_52' title="bbox 2042 868 3607 942; baseline 0.001 -20"><span class='ocrx_word' id='word_1_398' title='bbox 2042 869 2251 930; x_wconf 84' lang='grc' dir='ltr'>δεύων.</span> <span class='ocrx_word' id='word_1_399' title='bbox 2308 870 2403 923; x_wconf 79' lang='grc' dir='ltr'>καὶ</span> <span class='ocrx_word' id='word_1_400' title='bbox 2445 872 2755 937; x_wconf 70' lang='grc' dir='ltr'>ηὐλίσθην</span> <span class='ocrx_word' id='word_1_401' title='bbox 2793 871 2864 923; x_wconf 82' lang='grc' dir='ltr'>ἐν</span> <span class='ocrx_word' id='word_1_402' title='bbox 2903 868 2979 938; x_wconf 77' lang='grc' dir='ltr'>τῇ</span> <span class='ocrx_word' id='word_1_403' title='bbox 3021 869 3249 939; x_wconf 81' lang='grc' dir='ltr'><strong>ἐρήμῳ.-</strong></span> <span class='ocrx_word' id='word_1_404' title='bbox 3281 872 3393 924; x_wconf 73' lang='grc' dir='ltr'>Καὶ</span> <span class='ocrx_word' id='word_1_405' title='bbox 3426 871 3607 942; x_wconf 77' lang='grc' dir='ltr'>ἐπειδὴ</span> 
     </span>
    </p>
   </div>
   <div class='ocr_carea' id='block_1_53' title="bbox 2050 959 3608 1033">
    <p class='ocr_par' dir='ltr' id='par_1_53' title="bbox 2050 959 3608 1033">
     <span class='ocr_line' id='line_1_53' title="bbox 2050 959 3608 1033; baseline -0.002 -18"><span class='ocrx_word' id='word_1_406' title='bbox 2050 962 2208 1033; x_wconf 83' lang='grc' dir='ltr'>μέχρι</span> <span class='ocrx_word' id='word_1_407' title='bbox 2234 961 2467 1015; x_wconf 81' lang='grc' dir='ltr'>θανάτου</span> <span class='ocrx_word' id='word_1_408' title='bbox 2495 960 2854 1015; x_wconf 81' lang='grc' dir='ltr'>ἐπεϐούλευεν</span> <span class='ocrx_word' id='word_1_409' title='bbox 2892 959 3039 1030; x_wconf 81' lang='grc' dir='ltr'>αὐτῷ</span> <span class='ocrx_word' id='word_1_410' title='bbox 3062 960 3232 1015; x_wconf 78' lang='grc' dir='ltr'>Σαοὺλ</span> <span class='ocrx_word' id='word_1_411' title='bbox 3269 961 3364 1015; x_wconf 79' lang='grc' dir='ltr'>καὶ</span> <span class='ocrx_word' id='word_1_412' title='bbox 3395 960 3448 1014; x_wconf 78' lang='grc' dir='ltr'>οξ</span> <span class='ocrx_word' id='word_1_413' title='bbox 3480 978 3608 1032; x_wconf 88' lang='grc' dir='ltr'>συμ-</span> 
     </span>
    </p>
   </div>
   <div class='ocr_carea' id='block_1_54' title="bbox 2046 1046 3608 1122">
    <p class='ocr_par' dir='ltr' id='par_1_54' title="bbox 2046 1046 3608 1122">
     <span class='ocr_line' id='line_1_54' title="bbox 2046 1046 3608 1122; baseline 0 -20"><span class='ocrx_word' id='word_1_414' title='bbox 2046 1051 2375 1120; x_wconf 82' lang='grc' dir='ltr'><strong>πράττοντες</strong></span> <span class='ocrx_word' id='word_1_415' title='bbox 2404 1050 2572 1120; x_wconf 83' lang='grc' dir='ltr'>αύτῷ,</span> <span class='ocrx_word' id='word_1_416' title='bbox 2605 1046 2756 1102; x_wconf 85' lang='grc' dir='ltr'>εἶπεν</span> <span class='ocrx_word' id='word_1_417' title='bbox 2781 1049 2848 1102; x_wconf 84' lang='grc' dir='ltr'>ἂν</span> <span class='ocrx_word' id='word_1_418' title='bbox 2878 1049 2934 1116; x_wconf 78' lang='grc' dir='ltr'><strong>ἐξ</strong></span> <span class='ocrx_word' id='word_1_419' title='bbox 2961 1051 3161 1103; x_wconf 80' lang='grc' dir='ltr'>οἰκείου</span> <span class='ocrx_word' id='word_1_420' title='bbox 3203 1049 3498 1122; x_wconf 82' lang='grc' dir='ltr'><strong>προσώπου</strong></span> <span class='ocrx_word' id='word_1_421' title='bbox 3520 1051 3608 1104; x_wconf 78' lang='grc' dir='ltr'>καὶ</span> 
     </span>
    </p>
   </div>
   <div class='ocr_carea' id='block_1_55' title="bbox 2044 1138 3607 1208">
    <p class='ocr_par' dir='ltr' id='par_1_55' title="bbox 2044 1138 3607 1208">
     <span class='ocr_line' id='line_1_55' title="bbox 2044 1138 3607 1208; baseline 0.001 -15"><span class='ocrx_word' id='word_1_422' title='bbox 2044 1140 2125 1203; x_wconf 79' lang='grc' dir='ltr'>τὸ,</span> <span class='ocrx_word' id='word_1_423' title='bbox 2168 1139 2515 1208; x_wconf 72' lang='grc' dir='ltr'>Ἔλυπήθην</span> <span class='ocrx_word' id='word_1_424' title='bbox 2538 1138 2703 1207; x_wconf 63' lang='lat' dir='ltr'><strong>ert-ﬁ</strong></span> <span class='ocrx_word' id='word_1_425' title='bbox 2734 1139 3063 1208; x_wconf 66' lang='grc' dir='ltr'><strong>ἀδολεσχίᾳ</strong></span> <span class='ocrx_word' id='word_1_426' title='bbox 3090 1157 3231 1207; x_wconf 82' lang='grc' dir='ltr'>μου,</span> <span class='ocrx_word' id='word_1_427' title='bbox 3271 1141 3368 1193; x_wconf 76' lang='grc' dir='ltr'>καὶ</span> <span class='ocrx_word' id='word_1_428' title='bbox 3402 1140 3607 1208; x_wconf 78' lang='grc' dir='ltr'>ἐταρά-</span> 
     </span>
    </p>
   </div>
   <div class='ocr_carea' id='block_1_56' title="bbox 2046 1230 3610 1301">
    <p class='ocr_par' dir='ltr' id='par_1_56' title="bbox 2046 1230 3610 1301">
     <span class='ocr_line' id='line_1_56' title="bbox 2046 1230 3610 1301; baseline -0.001 -16"><span class='ocrx_word' id='word_1_429' title='bbox 2046 1234 2201 1300; x_wconf 77' lang='grc' dir='ltr'>χθην</span> <span class='ocrx_word' id='word_1_430' title='bbox 2242 1230 2357 1285; x_wconf 75' lang='grc' dir='ltr'><strong>ἀπὸ</strong></span> <span class='ocrx_word' id='word_1_431' title='bbox 2382 1231 2587 1301; x_wconf 74' lang='grc' dir='ltr'><strong>φωνῆς</strong></span> <span class='ocrx_word' id='word_1_432' title='bbox 2611 1230 2828 1301; x_wconf 84' lang='grc' dir='ltr'><strong>ἐχθροῦ</strong></span> <span class='ocrx_word' id='word_1_433' title='bbox 2860 1232 2960 1284; x_wconf 79' lang='grc' dir='ltr'>καὶ</span> <span class='ocrx_word' id='word_1_434' title='bbox 2991 1231 3110 1285; x_wconf 83' lang='grc' dir='ltr'><strong>ἀπὸ</strong></span> <span class='ocrx_word' id='word_1_435' title='bbox 3147 1232 3406 1299; x_wconf 73' lang='grc' dir='ltr'><strong>θλίψεως</strong></span> <span class='ocrx_word' id='word_1_436' title='bbox 3434 1231 3610 1300; x_wconf 79' lang='grc' dir='ltr'>ἁμαρ·</span> 
     </span>
    </p>
   </div>
   <div class='ocr_carea' id='block_1_57' title="bbox 2047 1320 3611 1401">
    <p class='ocr_par' dir='ltr' id='par_1_57' title="bbox 2047 1320 3611 1401">
     <span class='ocr_line' id='line_1_57' title="bbox 2047 1320 3611 1401; baseline 0 -26"><span class='ocrx_word' id='word_1_437' title='bbox 2047 1320 2259 1375; x_wconf 70' lang='grc' dir='ltr'>τωλοῦ.</span> <span class='ocrx_word' id='word_1_438' title='bbox 2305 1323 2431 1374; x_wconf 87' lang='grc' dir='ltr'><strong>Ὅτι</strong></span> <span class='ocrx_word' id='word_1_439' title='bbox 2469 1321 2789 1385; x_wconf 73' lang='grc' dir='ltr'>ἐξέκλιναν</span> <span class='ocrx_word' id='word_1_440' title='bbox 2826 1322 2921 1401; x_wconf 56' lang='grc' dir='ltr'><strong>ἐξ*</strong></span> <span class='ocrx_word' id='word_1_441' title='bbox 2951 1321 3056 1391; x_wconf 77' lang='grc' dir='ltr'>ἐμε</span> <span class='ocrx_word' id='word_1_442' title='bbox 3093 1322 3365 1389; x_wconf 79' lang='grc' dir='ltr'>ἀνομίαν,</span> <span class='ocrx_word' id='word_1_443' title='bbox 3411 1322 3509 1374; x_wconf 70' lang='grc' dir='ltr'>καὶ</span> <span class='ocrx_word' id='word_1_444' title='bbox 3545 1321 3611 1375; x_wconf 80' lang='grc' dir='ltr'>ἐν</span> 
     </span>
    </p>
   </div>
   <div class='ocr_carea' id='block_1_58' title="bbox 2048 1407 3608 1482">
    <p class='ocr_par' dir='ltr' id='par_1_58' title="bbox 2048 1407 3608 1482">
     <span class='ocr_line' id='line_1_58' title="bbox 2048 1407 3608 1482; baseline -0.001 -18"><span class='ocrx_word' id='word_1_445' title='bbox 2048 1410 2193 1480; x_wconf 76' lang='grc' dir='ltr'>ὀργῇ</span> <span class='ocrx_word' id='word_1_446' title='bbox 2210 1413 2528 1465; x_wconf 83' lang='grc' dir='ltr'>ἐνεκότουν</span> <span class='ocrx_word' id='word_1_447' title='bbox 2539 1428 2658 1481; x_wconf 76' lang='grc' dir='ltr'>μοι.</span> <span class='ocrx_word' id='word_1_448' title='bbox 2690 1410 2876 1464; x_wconf 86' lang='grc' dir='ltr'>Ταῦτα</span> <span class='ocrx_word' id='word_1_449' title='bbox 2913 1410 3012 1481; x_wconf 79' lang='grc' dir='ltr'>μὲν</span> <span class='ocrx_word' id='word_1_450' title='bbox 3039 1407 3130 1464; x_wconf 80' lang='grc' dir='ltr'><strong>οὖν</strong></span> <span class='ocrx_word' id='word_1_451' title='bbox 3160 1411 3397 1482; x_wconf 67' lang='grc' dir='ltr'>ἁρμόσαι</span> <span class='ocrx_word' id='word_1_452' title='bbox 3418 1410 3498 1480; x_wconf 87' lang='grc' dir='ltr'>τῷ</span> <span class='ocrx_word' id='word_1_453' title='bbox 3524 1410 3608 1463; x_wconf 78' lang='grc' dir='ltr'><strong>τοῦ</strong></span> 
     </span>
    </p>
   </div>
   <div class='ocr_carea' id='block_1_59' title="bbox 2049 1499 3610 1572">
    <p class='ocr_par' dir='ltr' id='par_1_59' title="bbox 2049 1499 3610 1572">
     <span class='ocr_line' id='line_1_59' title="bbox 2049 1499 3610 1572; baseline 0 -19"><span class='ocrx_word' id='word_1_454' title='bbox 2049 1500 2208 1554; x_wconf 76' lang='grc' dir='ltr'><strong>Δαυῖδ</strong></span> <span class='ocrx_word' id='word_1_455' title='bbox 2239 1499 2512 1572; x_wconf 77' lang='grc' dir='ltr'><strong>προσώπῳ</strong></span> <span class='ocrx_word' id='word_1_456' title='bbox 2540 1501 2600 1554; x_wconf 85' lang='grc' dir='ltr'><strong>οὐ</strong></span> <span class='ocrx_word' id='word_1_457' title='bbox 2622 1500 2909 1571; x_wconf 83' lang='grc' dir='ltr'>δυσχερές·</span> <span class='ocrx_word' id='word_1_458' title='bbox 2940 1500 3002 1553; x_wconf 83' lang='grc' dir='ltr'><strong>ού</strong></span> <span class='ocrx_word' id='word_1_459' title='bbox 3036 1500 3140 1571; x_wconf 81' lang='grc' dir='ltr'>μὴν</span> <span class='ocrx_word' id='word_1_460' title='bbox 3163 1500 3347 1554; x_wconf 77' lang='grc' dir='ltr'>καὶτὰ</span> <span class='ocrx_word' id='word_1_461' title='bbox 3374 1499 3525 1572; x_wconf 77' lang='grc' dir='ltr'>ἑξῆς,</span> <span class='ocrx_word' id='word_1_462' title='bbox 3558 1502 3610 1554; x_wconf 79' lang='grc' dir='ltr'><strong>ἐν</strong></span> 
     </span>
    </p>
   </div>
   <div class='ocr_carea' id='block_1_60' title="bbox 2049 1583 3613 1658">
    <p class='ocr_par' dir='ltr' id='par_1_60' title="bbox 2049 1583 3613 1658">
     <span class='ocr_line' id='line_1_60' title="bbox 2049 1583 3613 1658; baseline -0.001 -17"><span class='ocrx_word' id='word_1_463' title='bbox 2049 1583 2129 1652; x_wconf 73' lang='grc' dir='ltr'>οἷς</span> <span class='ocrx_word' id='word_1_464' title='bbox 2152 1588 2423 1657; x_wconf 73' lang='grc' dir='ltr'><strong>ἐπιλέγει⁸</strong></span> <span class='ocrx_word' id='word_1_465' title='bbox 2463 1590 2591 1642; x_wconf 75' lang='grc' dir='ltr'>Ὀτι</span> <span class='ocrx_word' id='word_1_466' title='bbox 2619 1584 2782 1642; x_wconf 77' lang='grc' dir='ltr'>εἶδον</span> <span class='ocrx_word' id='word_1_467' title='bbox 2822 1589 3078 1657; x_wconf 82' lang='grc' dir='ltr'>ἀνομίαν</span> <span class='ocrx_word' id='word_1_468' title='bbox 3122 1589 3223 1642; x_wconf 81' lang='grc' dir='ltr'>καὶ</span> <span class='ocrx_word' id='word_1_469' title='bbox 3269 1589 3613 1658; x_wconf 69' lang='grc' dir='ltr'><strong>ἀντιλογίαν</strong></span> 
     </span>
    </p>
   </div>
   <div class='ocr_carea' id='block_1_61' title="bbox 2048 1672 3685 1748">
    <p class='ocr_par' dir='ltr' id='par_1_61' title="bbox 2048 1672 3685 1748">
     <span class='ocr_line' id='line_1_61' title="bbox 2048 1672 3685 1748; baseline 0.002 -16"><span class='ocrx_word' id='word_1_470' title='bbox 2048 1679 2120 1733; x_wconf 77' lang='grc' dir='ltr'>ἐν</span> <span class='ocrx_word' id='word_1_471' title='bbox 2146 1677 2221 1747; x_wconf 76' lang='grc' dir='ltr'>τῇ</span> <span class='ocrx_word' id='word_1_472' title='bbox 2252 1680 2423 1733; x_wconf 76' lang='grc' dir='ltr'>πόλει</span> <span class='ocrx_word' id='word_1_473' title='bbox 2447 1678 2670 1748; x_wconf 80' lang='grc' dir='ltr'>ἡμέρας</span> <span class='ocrx_word' id='word_1_474' title='bbox 2699 1679 2797 1732; x_wconf 77' lang='grc' dir='ltr'>καὶ</span> <span class='ocrx_word' id='word_1_475' title='bbox 2813 1680 3034 1746; x_wconf 78' lang='grc' dir='ltr'>νυκτός</span> <span class='ocrx_word' id='word_1_476' title='bbox 3052 1696 3066 1710; x_wconf 79' lang='lat'>&#39;</span> <span class='ocrx_word' id='word_1_477' title='bbox 3088 1680 3389 1734; x_wconf 69' lang='grc' dir='ltr'>κυκλώσει</span> <span class='ocrx_word' id='word_1_478' title='bbox 3426 1681 3615 1747; x_wconf 82' lang='grc' dir='ltr'>αὐτὴν</span> <span class='ocrx_word' id='word_1_479' title='bbox 3682 1672 3685 1673; x_wconf 32' lang='grc'><strong><em>⁷</em></strong></span> 
     </span>
    </p>
   </div>
   <div class='ocr_carea' id='block_1_62' title="bbox 2051 1767 3612 1838">
    <p class='ocr_par' dir='ltr' id='par_1_62' title="bbox 2051 1767 3612 1838">
     <span class='ocr_line' id='line_1_62' title="bbox 2051 1767 3612 1838; baseline 0.002 -18"><span class='ocrx_word' id='word_1_480' title='bbox 2051 1768 2148 1822; x_wconf 73' lang='grc' dir='ltr'><strong>ἐπὶ</strong></span> <span class='ocrx_word' id='word_1_481' title='bbox 2170 1768 2243 1821; x_wconf 85' lang='grc' dir='ltr'>τὰ</span> <span class='ocrx_word' id='word_1_482' title='bbox 2267 1768 2436 1836; x_wconf 84' lang='grc' dir='ltr'>τείχη</span> <span class='ocrx_word' id='word_1_483' title='bbox 2457 1770 2567 1822; x_wconf 84' lang='grc' dir='ltr'>αὐτ</span> <span class='ocrx_word' id='word_1_484' title='bbox 2576 1767 2665 1835; x_wconf 82' lang='grc' dir='ltr'><strong>ῆς,</strong></span> <span class='ocrx_word' id='word_1_485' title='bbox 2692 1767 2789 1820; x_wconf 75' lang='grc' dir='ltr'>καὶ</span> <span class='ocrx_word' id='word_1_486' title='bbox 2807 1767 3025 1836; x_wconf 78' lang='grc' dir='ltr'><strong>ἀνομία</strong></span> <span class='ocrx_word' id='word_1_487' title='bbox 3045 1769 3139 1821; x_wconf 78' lang='grc' dir='ltr'>καὶ</span> <span class='ocrx_word' id='word_1_488' title='bbox 3163 1769 3350 1833; x_wconf 78' lang='grc' dir='ltr'>κόπος</span> <span class='ocrx_word' id='word_1_489' title='bbox 3365 1768 3612 1838; x_wconf 76' lang='grc' dir='ltr'>ἐνμέσῳ</span> 
     </span>
    </p>
   </div>
   <div class='ocr_carea' id='block_1_63' title="bbox 2056 1858 3614 1927">
    <p class='ocr_par' dir='ltr' id='par_1_63' title="bbox 2056 1858 3614 1927">
     <span class='ocr_line' id='line_1_63' title="bbox 2056 1858 3614 1927; baseline 0.001 -15"><span class='ocrx_word' id='word_1_490' title='bbox 2056 1858 2261 1927; x_wconf 77' lang='grc' dir='ltr'>αὐτῆς.</span> <span class='ocrx_word' id='word_1_491' title='bbox 2289 1863 2398 1913; x_wconf 80' lang='grc' dir='ltr'><strong>Καὶ</strong></span> <span class='ocrx_word' id='word_1_492' title='bbox 2423 1862 2533 1913; x_wconf 82' lang='grc' dir='ltr'>οὐκ</span> <span class='ocrx_word' id='word_1_493' title='bbox 2554 1860 2832 1924; x_wconf 74' lang='grc' dir='ltr'><strong>ἐξέλιπεν</strong></span> <span class='ocrx_word' id='word_1_494' title='bbox 2859 1860 2928 1913; x_wconf 71' lang='grc' dir='ltr'>ἐκ</span> <span class='ocrx_word' id='word_1_495' title='bbox 2960 1859 3076 1914; x_wconf 78' lang='grc' dir='ltr'><strong>τῶν</strong></span> <span class='ocrx_word' id='word_1_496' title='bbox 3101 1859 3400 1914; x_wconf 71' lang='grc' dir='ltr'>πλατειῶν</span> <span class='ocrx_word' id='word_1_497' title='bbox 3430 1858 3614 1925; x_wconf 79' lang='grc' dir='ltr'>αὐτῆς</span> 
     </span>
    </p>
   </div>
   <div class='ocr_carea' id='block_1_64' title="bbox 2055 1948 3610 2018">
    <p class='ocr_par' dir='ltr' id='par_1_64' title="bbox 2055 1948 3610 2018">
     <span class='ocr_line' id='line_1_64' title="bbox 2055 1948 3610 2018; baseline 0.001 -17"><span class='ocrx_word' id='word_1_498' title='bbox 2055 1949 2231 2015; x_wconf 79' lang='grc' dir='ltr'>τόκος</span> <span class='ocrx_word' id='word_1_499' title='bbox 2286 1949 2386 2002; x_wconf 79' lang='grc' dir='ltr'>καὶ</span> <span class='ocrx_word' id='word_1_500' title='bbox 2441 1950 2640 2016; x_wconf 82' lang='grc' dir='ltr'><em>δόλος.</em></span> <span class='ocrx_word' id='word_1_501' title='bbox 2682 1951 2822 2014; x_wconf 85' lang='grc' dir='ltr'>Ὅτι,</span> <span class='ocrx_word' id='word_1_502' title='bbox 2878 1951 2931 2002; x_wconf 82' lang='grc' dir='ltr'><strong>εί</strong></span> <span class='ocrx_word' id='word_1_503' title='bbox 2954 1948 3166 2018; x_wconf 81' lang='grc' dir='ltr'>ἐχθρὸς</span> <span class='ocrx_word' id='word_1_504' title='bbox 3200 1948 3475 2003; x_wconf 77' lang='grc' dir='ltr'>ὠνειδισέ</span> <span class='ocrx_word' id='word_1_505' title='bbox 3523 1966 3610 2017; x_wconf 83' lang='grc' dir='ltr'><strong>με,</strong></span> 
     </span>
    </p>
   </div>
   <div class='ocr_carea' id='block_1_65' title="bbox 2055 2036 3615 2109">
    <p class='ocr_par' dir='ltr' id='par_1_65' title="bbox 2055 2036 3615 2109">
     <span class='ocr_line' id='line_1_65' title="bbox 2055 2036 3615 2109; baseline -0.001 -19"><span class='ocrx_word' id='word_1_506' title='bbox 2055 2036 2364 2106; x_wconf 73' lang='grc' dir='ltr'><strong>ὑπήνεγκα</strong></span> <span class='ocrx_word' id='word_1_507' title='bbox 2394 2037 2488 2102; x_wconf 83' lang='grc' dir='ltr'>ἂν,</span> <span class='ocrx_word' id='word_1_508' title='bbox 2519 2039 2613 2091; x_wconf 74' lang='grc' dir='ltr'>καὶ</span> <span class='ocrx_word' id='word_1_509' title='bbox 2638 2038 2708 2090; x_wconf 83' lang='grc' dir='ltr'>τὰ</span> <span class='ocrx_word' id='word_1_510' title='bbox 2738 2038 2882 2108; x_wconf 76' lang='grc' dir='ltr'>ἑξῆς.</span> <span class='ocrx_word' id='word_1_511' title='bbox 2917 2038 3082 2092; x_wconf 79' lang='grc' dir='ltr'>Ποίαν</span> <span class='ocrx_word' id='word_1_512' title='bbox 3109 2037 3218 2109; x_wconf 74' lang='grc' dir='ltr'><strong>γὰρ</strong></span> <span class='ocrx_word' id='word_1_513' title='bbox 3244 2037 3399 2090; x_wconf 84' lang='grc' dir='ltr'>πόλιν</span> <span class='ocrx_word' id='word_1_514' title='bbox 3441 2036 3615 2107; x_wconf 81' lang='grc' dir='ltr'>βούλε-</span> 
     </span>
    </p>
   </div>
   <div class='ocr_carea' id='block_1_66' title="bbox 2055 2124 3613 2201">
    <p class='ocr_par' dir='ltr' id='par_1_66' title="bbox 2055 2124 3613 2201">
     <span class='ocr_line' id='line_1_66' title="bbox 2055 2124 3613 2201; baseline 0.001 -21"><span class='ocrx_word' id='word_1_515' title='bbox 2055 2145 2144 2181; x_wconf 88' lang='grc' dir='ltr'><strong>ται</strong></span> <span class='ocrx_word' id='word_1_516' title='bbox 2170 2129 2469 2199; x_wconf 83' lang='grc' dir='ltr'>σημαίνειν,</span> <span class='ocrx_word' id='word_1_517' title='bbox 2503 2130 2587 2198; x_wconf 73' lang='grc' dir='ltr'><strong>ἐφ’</strong></span> <span class='ocrx_word' id='word_1_518' title='bbox 2604 2124 2674 2201; x_wconf 79' lang='grc' dir='ltr'>ἦς</span> <span class='ocrx_word' id='word_1_519' title='bbox 2700 2128 2871 2182; x_wconf 88' lang='grc' dir='ltr'>ταῦτα</span> <span class='ocrx_word' id='word_1_520' title='bbox 2893 2127 3163 2190; x_wconf 78' lang='grc' dir='ltr'><strong>τεθέαται,</strong></span> <span class='ocrx_word' id='word_1_521' title='bbox 3190 2128 3225 2181; x_wconf 75' lang='grc' dir='ltr'><strong>ἆ</strong></span> <span class='ocrx_word' id='word_1_522' title='bbox 3250 2143 3415 2197; x_wconf 77' lang='grc' dir='ltr'>φησιν</span> <span class='ocrx_word' id='word_1_523' title='bbox 3448 2128 3613 2197; x_wconf 81' lang='grc' dir='ltr'>ἐωρα·</span> 
     </span>
    </p>
   </div>
   <div class='ocr_carea' id='block_1_67' title="bbox 2057 2216 3612 2290">
    <p class='ocr_par' dir='ltr' id='par_1_67' title="bbox 2057 2216 3612 2290">
     <span class='ocr_line' id='line_1_67' title="bbox 2057 2216 3612 2290; baseline -0.001 -19"><span class='ocrx_word' id='word_1_524' title='bbox 2057 2218 2231 2283; x_wconf 81' lang='grc' dir='ltr'><strong>κέναι,</strong></span> <span class='ocrx_word' id='word_1_525' title='bbox 2251 2220 2350 2272; x_wconf 85' lang='grc' dir='ltr'><strong>οὐκ</strong></span> <span class='ocrx_word' id='word_1_526' title='bbox 2381 2219 2447 2272; x_wconf 79' lang='grc' dir='ltr'>ἂν</span> <span class='ocrx_word' id='word_1_527' title='bbox 2470 2218 2583 2288; x_wconf 75' lang='grc' dir='ltr'>ἔχοι</span> <span class='ocrx_word' id='word_1_528' title='bbox 2614 2236 2700 2282; x_wconf 88' lang='grc' dir='ltr'><strong>τις</strong></span> <span class='ocrx_word' id='word_1_529' title='bbox 2742 2220 2849 2272; x_wconf 81' lang='grc' dir='ltr'><strong>ἀπὸ</strong></span> <span class='ocrx_word' id='word_1_530' title='bbox 2877 2219 2976 2289; x_wconf 85' lang='grc' dir='ltr'><strong>τῆς</strong></span> <span class='ocrx_word' id='word_1_531' title='bbox 3024 2217 3260 2290; x_wconf 75' lang='grc' dir='ltr'>ἱστορίας</span> <span class='ocrx_word' id='word_1_532' title='bbox 3295 2221 3491 2273; x_wconf 73' lang='grc' dir='ltr'>εἰπεῖν.</span> <span class='ocrx_word' id='word_1_533' title='bbox 3525 2216 3612 2280; x_wconf 81' lang='grc' dir='ltr'>τίς</span> 
     </span>
    </p>
   </div>
   <div class='ocr_carea' id='block_1_68' title="bbox 2054 2304 3614 2381">
    <p class='ocr_par' dir='ltr' id='par_1_68' title="bbox 2054 2304 3614 2381">
     <span class='ocr_line' id='line_1_68' title="bbox 2054 2304 3614 2381; baseline -0.002 -18"><span class='ocrx_word' id='word_1_534' title='bbox 2054 2309 2111 2362; x_wconf 86' lang='grc' dir='ltr'><strong>δέ</strong></span> <span class='ocrx_word' id='word_1_535' title='bbox 2129 2304 2284 2373; x_wconf 76' lang='grc' dir='ltr'>οὗτος</span> <span class='ocrx_word' id='word_1_536' title='bbox 2307 2306 2373 2381; x_wconf 81' lang='grc' dir='ltr'>ἦν</span> <span class='ocrx_word' id='word_1_537' title='bbox 2405 2304 2450 2378; x_wconf 82' lang='grc' dir='ltr'>ᾧ</span> <span class='ocrx_word' id='word_1_538' title='bbox 2482 2309 2818 2380; x_wconf 75' lang='grc' dir='ltr'>προσεφώνει</span> <span class='ocrx_word' id='word_1_539' title='bbox 2846 2310 3020 2379; x_wconf 84' lang='grc' dir='ltr'>λέγων</span> <span class='ocrx_word' id='word_1_540' title='bbox 3038 2327 3052 2344; x_wconf 89' lang='grc'><strong>·</strong></span> <span class='ocrx_word' id='word_1_541' title='bbox 3085 2309 3168 2363; x_wconf 86' lang='grc' dir='ltr'><strong>Σὺ</strong></span> <span class='ocrx_word' id='word_1_542' title='bbox 3200 2308 3265 2363; x_wconf 78' lang='grc' dir='ltr'><em>δὲ</em></span> <span class='ocrx_word' id='word_1_543' title='bbox 3291 2352 3307 2373; x_wconf 90' lang='grc'><strong>,</strong></span> <span class='ocrx_word' id='word_1_544' title='bbox 3353 2308 3614 2377; x_wconf 76' lang='grc' dir='ltr'><strong>ἄνθρωπε</strong></span> 
     </span>
    </p>
   </div>
   <div class='ocr_carea' id='block_1_69' title="bbox 2059 2398 3613 2471">
    <p class='ocr_par' dir='ltr' id='par_1_69' title="bbox 2059 2398 3613 2471">
     <span class='ocr_line' id='line_1_69' title="bbox 2059 2398 3613 2471; baseline -0.001 -17"><span class='ocrx_word' id='word_1_545' title='bbox 2059 2402 2336 2469; x_wconf 72' lang='grc' dir='ltr'><strong>ὶσόψυχε,</strong></span> <span class='ocrx_word' id='word_1_546' title='bbox 2365 2401 2600 2470; x_wconf 71' lang='grc' dir='ltr'>ἡγεμών</span> <span class='ocrx_word' id='word_1_547' title='bbox 2618 2419 2738 2471; x_wconf 82' lang='grc' dir='ltr'><strong>μου</strong></span> <span class='ocrx_word' id='word_1_548' title='bbox 2764 2400 2864 2454; x_wconf 76' lang='grc' dir='ltr'>καὶ</span> <span class='ocrx_word' id='word_1_549' title='bbox 2889 2401 3118 2470; x_wconf 72' lang='grc' dir='ltr'>γνωστέ</span> <span class='ocrx_word' id='word_1_550' title='bbox 3142 2418 3281 2469; x_wconf 83' lang='grc' dir='ltr'>μου,</span> <span class='ocrx_word' id='word_1_551' title='bbox 3323 2400 3395 2466; x_wconf 85' lang='grc' dir='ltr'><strong>δς</strong></span> <span class='ocrx_word' id='word_1_552' title='bbox 3419 2400 3518 2453; x_wconf 70' lang='grc' dir='ltr'>ἐπὶ</span> <span class='ocrx_word' id='word_1_553' title='bbox 3551 2398 3613 2452; x_wconf 82' lang='grc' dir='ltr'>τὸ</span> 
     </span>
    </p>
   </div>
   <div class='ocr_carea' id='block_1_70' title="bbox 2055 2490 3611 2562">
    <p class='ocr_par' dir='ltr' id='par_1_70' title="bbox 2055 2490 3611 2562">
     <span class='ocr_line' id='line_1_70' title="bbox 2055 2490 3611 2562; baseline 0 -19"><span class='ocrx_word' id='word_1_554' title='bbox 2055 2491 2199 2544; x_wconf 79' lang='grc' dir='ltr'>αὐτὸ</span> <span class='ocrx_word' id='word_1_555' title='bbox 2237 2491 2573 2560; x_wconf 78' lang='grc' dir='ltr'>ὲγλύκανάς</span> <span class='ocrx_word' id='word_1_556' title='bbox 2612 2509 2713 2561; x_wconf 81' lang='grc' dir='ltr'><strong>μοι</strong></span> <span class='ocrx_word' id='word_1_557' title='bbox 2742 2490 3076 2560; x_wconf 70' lang='grc' dir='ltr'>ἐδέσματος</span> <span class='ocrx_word' id='word_1_558' title='bbox 3109 2492 3173 2545; x_wconf 78' lang='lat' dir='ltr'><strong>Ei</strong></span> <span class='ocrx_word' id='word_1_559' title='bbox 3225 2492 3322 2561; x_wconf 85' lang='grc' dir='ltr'>μὲν</span> <span class='ocrx_word' id='word_1_560' title='bbox 3369 2492 3483 2562; x_wconf 75' lang='grc' dir='ltr'>γὰρ</span> <span class='ocrx_word' id='word_1_561' title='bbox 3529 2490 3611 2544; x_wconf 75' lang='grc' dir='ltr'>ὑπ’</span> 
     </span>
    </p>
   </div>
   <div class='ocr_carea' id='block_1_71' title="bbox 2056 2578 3615 2654">
    <p class='ocr_par' dir='ltr' id='par_1_71' title="bbox 2056 2578 3615 2654">
     <span class='ocr_line' id='line_1_71' title="bbox 2056 2578 3615 2654; baseline -0.001 -21"><span class='ocrx_word' id='word_1_562' title='bbox 2056 2581 2250 2652; x_wconf 77' lang='grc' dir='ltr'>ἐχθροῦ</span> <span class='ocrx_word' id='word_1_563' title='bbox 2288 2581 2440 2635; x_wconf 88' lang='grc' dir='ltr'>ταῦτ’</span> <span class='ocrx_word' id='word_1_564' title='bbox 2486 2582 2742 2653; x_wconf 74' lang='grc' dir='ltr'>ἔπασχον,</span> <span class='ocrx_word' id='word_1_565' title='bbox 2796 2584 2982 2654; x_wconf 72' lang='grc' dir='ltr'>φησὶν,</span> <span class='ocrx_word' id='word_1_566' title='bbox 3006 2582 3041 2653; x_wconf 80' lang='grc' dir='ltr'><strong>ἢ</strong></span> <span class='ocrx_word' id='word_1_567' title='bbox 3087 2583 3134 2634; x_wconf 86' lang='grc' dir='ltr'><strong>εί</strong></span> <span class='ocrx_word' id='word_1_568' title='bbox 3167 2584 3320 2651; x_wconf 85' lang='grc' dir='ltr'>μῖσος</span> <span class='ocrx_word' id='word_1_569' title='bbox 3346 2578 3615 2649; x_wconf 79' lang='grc' dir='ltr'>ὁμολογῶν</span> 
     </span>
    </p>
   </div>
   <div class='ocr_carea' id='block_1_72' title="bbox 2055 2667 3610 2745">
    <p class='ocr_par' dir='ltr' id='par_1_72' title="bbox 2055 2667 3610 2745">
     <span class='ocr_line' id='line_1_72' title="bbox 2055 2667 3610 2745; baseline -0.001 -19"><span class='ocrx_word' id='word_1_570' title='bbox 2055 2689 2138 2736; x_wconf 90' lang='grc' dir='ltr'><strong>τις</strong></span> <span class='ocrx_word' id='word_1_571' title='bbox 2168 2672 2311 2743; x_wconf 81' lang='grc' dir='ltr'>ἔχειν</span> <span class='ocrx_word' id='word_1_572' title='bbox 2334 2673 2471 2745; x_wconf 88' lang='grc' dir='ltr'>πρός</span> <span class='ocrx_word' id='word_1_573' title='bbox 2508 2690 2575 2744; x_wconf 88' lang='grc' dir='ltr'><strong>με</strong></span> <span class='ocrx_word' id='word_1_574' title='bbox 2610 2672 2760 2727; x_wconf 87' lang='grc' dir='ltr'>ταῦτ’</span> <span class='ocrx_word' id='word_1_575' title='bbox 2790 2674 2983 2739; x_wconf 82' lang='grc' dir='ltr'>ἐποίει,</span> <span class='ocrx_word' id='word_1_576' title='bbox 3015 2673 3170 2726; x_wconf 67' lang='grc' dir='ltr'>οὐδὲν</span> <span class='ocrx_word' id='word_1_577' title='bbox 3190 2667 3259 2743; x_wconf 77' lang='grc' dir='ltr'>ἦν</span> <span class='ocrx_word' id='word_1_578' title='bbox 3288 2669 3610 2742; x_wconf 67' lang='grc' dir='ltr'>θαυμαστόν*</span> 
     </span>
    </p>
   </div>
   <div class='ocr_carea' id='block_1_73' title="bbox 2055 2761 3614 2835">
    <p class='ocr_par' dir='ltr' id='par_1_73' title="bbox 2055 2761 3614 2835">
     <span class='ocr_line' id='line_1_73' title="bbox 2055 2761 3614 2835; baseline -0.002 -19"><span class='ocrx_word' id='word_1_579' title='bbox 2055 2764 2173 2817; x_wconf 73' lang='grc' dir='ltr'>νυνὶ</span> <span class='ocrx_word' id='word_1_580' title='bbox 2193 2762 2259 2828; x_wconf 44' lang='grc' dir='ltr'>,δέ</span> <span class='ocrx_word' id='word_1_581' title='bbox 2296 2761 2420 2816; x_wconf 79' lang='grc' dir='ltr'>οὕτε</span> <span class='ocrx_word' id='word_1_582' title='bbox 2452 2764 2622 2834; x_wconf 82' lang='grc' dir='ltr'>μισῶν</span> <span class='ocrx_word' id='word_1_583' title='bbox 2643 2762 2766 2817; x_wconf 73' lang='grc' dir='ltr'>οὔτε</span> <span class='ocrx_word' id='word_1_584' title='bbox 2789 2762 3012 2835; x_wconf 75' lang='grc' dir='ltr'>ἐχθρὸς,</span> <span class='ocrx_word' id='word_1_585' title='bbox 3045 2763 3282 2833; x_wconf 81' lang='grc' dir='ltr'><strong>συνήθης</strong></span> <span class='ocrx_word' id='word_1_586' title='bbox 3322 2761 3383 2815; x_wconf 78' lang='grc' dir='ltr'><em>δὲ</em></span> <span class='ocrx_word' id='word_1_587' title='bbox 3424 2762 3501 2815; x_wconf 86' lang='grc' dir='ltr'>ὣν</span> <span class='ocrx_word' id='word_1_588' title='bbox 3529 2761 3614 2814; x_wconf 76' lang='grc' dir='ltr'><strong>καὶ</strong></span> 
     </span>
    </p>
   </div>
   <div class='ocr_carea' id='block_1_74' title="bbox 2057 2851 3612 2924">
    <p class='ocr_par' dir='ltr' id='par_1_74' title="bbox 2057 2851 3612 2924">
     <span class='ocr_line' id='line_1_74' title="bbox 2057 2851 3612 2924; baseline 0.001 -20"><span class='ocrx_word' id='word_1_589' title='bbox 2057 2853 2227 2923; x_wconf 73' lang='grc' dir='ltr'>φίλος,</span> <span class='ocrx_word' id='word_1_590' title='bbox 2266 2853 2515 2924; x_wconf 63' lang='grc' dir='ltr'>ἰσόψυχός</span> <span class='ocrx_word' id='word_1_591' title='bbox 2537 2871 2597 2907; x_wconf 89' lang='grc' dir='ltr'><strong>τε</strong></span> <span class='ocrx_word' id='word_1_592' title='bbox 2629 2855 2723 2908; x_wconf 62' lang='grc' dir='ltr'><strong>καὶ¹</strong></span> <span class='ocrx_word' id='word_1_593' title='bbox 2751 2852 2971 2924; x_wconf 81' lang='grc' dir='ltr'>ἡγεμὼν</span> <span class='ocrx_word' id='word_1_594' title='bbox 2999 2854 3090 2907; x_wconf 81' lang='grc' dir='ltr'><strong>ὑπ’</strong></span> <span class='ocrx_word' id='word_1_595' title='bbox 3117 2853 3250 2923; x_wconf 87' lang='grc' dir='ltr'>ἐμοῦ</span> <span class='ocrx_word' id='word_1_596' title='bbox 3283 2851 3612 2922; x_wconf 76' lang='grc' dir='ltr'>καθεσταμέ-</span> 
     </span>
    </p>
   </div>
   <div class='ocr_carea' id='block_1_75' title="bbox 2056 2943 3613 3015">
    <p class='ocr_par' dir='ltr' id='par_1_75' title="bbox 2056 2943 3613 3015">
     <span class='ocr_line' id='line_1_75' title="bbox 2056 2943 3613 3015; baseline -0.003 -17"><span class='ocrx_word' id='word_1_597' title='bbox 2056 2960 2166 3009; x_wconf 88' lang='grc' dir='ltr'>νος,</span> <span class='ocrx_word' id='word_1_598' title='bbox 2197 2945 2384 3013; x_wconf 77' lang='grc' dir='ltr'>κοινῆς</span> <span class='ocrx_word' id='word_1_599' title='bbox 2409 2961 2466 2998; x_wconf 79' lang='grc' dir='ltr'><strong>τε</strong></span> <span class='ocrx_word' id='word_1_600' title='bbox 2505 2944 2783 3015; x_wconf 78' lang='grc' dir='ltr'>τραπέζης</span> <span class='ocrx_word' id='word_1_601' title='bbox 2816 2944 3029 3015; x_wconf 81' lang='grc' dir='ltr'>ἀξίωμα</span> <span class='ocrx_word' id='word_1_602' title='bbox 3052 2944 3212 3014; x_wconf 74' lang='grc' dir='ltr'>ἔχων,</span> <span class='ocrx_word' id='word_1_603' title='bbox 3265 2943 3379 2995; x_wconf 75' lang='grc' dir='ltr'>ἴσον</span> <span class='ocrx_word' id='word_1_604' title='bbox 3414 2943 3543 3013; x_wconf 80' lang='grc' dir='ltr'>μιᾶς</span> <span class='ocrx_word' id='word_1_605' title='bbox 3562 2956 3613 2992; x_wconf 82' lang='grc' dir='ltr'><strong>τε</strong></span> 
     </span>
    </p>
   </div>
   <div class='ocr_carea' id='block_1_76' title="bbox 2058 3031 3613 3105">
    <p class='ocr_par' dir='ltr' id='par_1_76' title="bbox 2058 3031 3613 3105">
     <span class='ocr_line' id='line_1_76' title="bbox 2058 3031 3613 3105; baseline -0.003 -17"><span class='ocrx_word' id='word_1_606' title='bbox 2058 3036 2150 3088; x_wconf 79' lang='grc' dir='ltr'>καὶ</span> <span class='ocrx_word' id='word_1_607' title='bbox 2177 3035 2274 3105; x_wconf 79' lang='grc' dir='ltr'>τῆς</span> <span class='ocrx_word' id='word_1_608' title='bbox 2311 3035 2479 3104; x_wconf 78' lang='grc' dir='ltr'>αὐτῆς</span> <span class='ocrx_word' id='word_1_609' title='bbox 2524 3035 2581 3085; x_wconf 76' lang='grc' dir='ltr'><strong>ἐν</strong></span> <span class='ocrx_word' id='word_1_610' title='bbox 2608 3032 2686 3104; x_wconf 79' lang='grc' dir='ltr'>τῷ</span> <span class='ocrx_word' id='word_1_611' title='bbox 2707 3034 2842 3104; x_wconf 76' lang='grc' dir='ltr'>οἴκῳ</span> <span class='ocrx_word' id='word_1_612' title='bbox 2871 3034 2965 3087; x_wconf 86' lang='grc' dir='ltr'><strong>τοῦ</strong></span> <span class='ocrx_word' id='word_1_613' title='bbox 2993 3032 3129 3086; x_wconf 79' lang='grc' dir='ltr'>Θεοῦ</span> <span class='ocrx_word' id='word_1_614' title='bbox 3161 3032 3365 3085; x_wconf 79' lang='grc' dir='ltr'>εἰσόδου</span> <span class='ocrx_word' id='word_1_615' title='bbox 3407 3048 3497 3099; x_wconf 87' lang='grc' dir='ltr'><strong>μοι</strong></span> <span class='ocrx_word' id='word_1_616' title='bbox 3531 3031 3613 3083; x_wconf 74' lang='grc' dir='ltr'>καὶ</span> 
     </span>
    </p>
   </div>
   <div class='ocr_carea' id='block_1_77' title="bbox 2058 3123 3612 3195">
    <p class='ocr_par' dir='ltr' id='par_1_77' title="bbox 2058 3123 3612 3195">
     <span class='ocr_line' id='line_1_77' title="bbox 2058 3123 3612 3195; baseline -0.003 -17"><span class='ocrx_word' id='word_1_617' title='bbox 2058 3125 2225 3195; x_wconf 75' lang='grc' dir='ltr'>εὐχῆς</span> <span class='ocrx_word' id='word_1_618' title='bbox 2259 3124 2666 3195; x_wconf 83' lang='grc' dir='ltr'>κεκοινωνηκὼς</span> <span class='ocrx_word' id='word_1_619' title='bbox 2692 3165 2707 3189; x_wconf 95' lang='grc'><strong>,</strong></span> <span class='ocrx_word' id='word_1_620' title='bbox 2756 3124 2979 3178; x_wconf 89' lang='grc' dir='ltr'>τοιαῦτα</span> <span class='ocrx_word' id='word_1_621' title='bbox 3006 3126 3086 3188; x_wconf 84' lang='grc' dir='ltr'><strong>είς</strong></span> <span class='ocrx_word' id='word_1_622' title='bbox 3116 3124 3215 3194; x_wconf 81' lang='grc' dir='ltr'><strong>ἐμὲ</strong></span> <span class='ocrx_word' id='word_1_623' title='bbox 3244 3123 3612 3194; x_wconf 82' lang='grc' dir='ltr'>τετόλμηκας;</span> 
     </span>
    </p>
   </div>
   <div class='ocr_carea' id='block_1_78' title="bbox 2060 3211 3614 3285">
    <p class='ocr_par' dir='ltr' id='par_1_78' title="bbox 2060 3211 3614 3285">
     <span class='ocr_line' id='line_1_78' title="bbox 2060 3211 3614 3285; baseline -0.003 -17"><span class='ocrx_word' id='word_1_624' title='bbox 2060 3214 2245 3270; x_wconf 89' lang='grc' dir='ltr'>Ταῦτα</span> <span class='ocrx_word' id='word_1_625' title='bbox 2268 3216 2326 3270; x_wconf 77' lang='grc' dir='ltr'><strong>δέ</strong></span> <span class='ocrx_word' id='word_1_626' title='bbox 2359 3216 2450 3269; x_wconf 82' lang='grc' dir='ltr'>τὸν</span> <span class='ocrx_word' id='word_1_627' title='bbox 2481 3214 2642 3269; x_wconf 74' lang='grc' dir='ltr'>Δαυῒδ</span> <span class='ocrx_word' id='word_1_628' title='bbox 2665 3216 2842 3284; x_wconf 87' lang='grc' dir='ltr'>λέγειν</span> <span class='ocrx_word' id='word_1_629' title='bbox 2865 3213 2924 3280; x_wconf 81' lang='grc' dir='ltr'><strong>ἐξ</strong></span> <span class='ocrx_word' id='word_1_630' title='bbox 2950 3214 3149 3267; x_wconf 68' lang='grc' dir='ltr'>οἰκείου</span> <span class='ocrx_word' id='word_1_631' title='bbox 3177 3213 3489 3285; x_wconf 82' lang='grc' dir='ltr'>προσώπου,</span> <span class='ocrx_word' id='word_1_632' title='bbox 3525 3211 3614 3264; x_wconf 77' lang='grc' dir='ltr'><strong>οὐκ</strong></span> 
     </span>
    </p>
   </div>
   <div class='ocr_carea' id='block_1_79' title="bbox 2059 3298 3616 3375">
    <p class='ocr_par' dir='ltr' id='par_1_79' title="bbox 2059 3298 3616 3375">
     <span class='ocr_line' id='line_1_79' title="bbox 2059 3298 3616 3375; baseline -0.002 -20"><span class='ocrx_word' id='word_1_633' title='bbox 2059 3298 2153 3355; x_wconf 73' lang='grc' dir='ltr'><strong>οἶδ’</strong></span> <span class='ocrx_word' id='word_1_634' title='bbox 2174 3302 2229 3355; x_wconf 72' lang='grc' dir='ltr'>εἴ</span> <span class='ocrx_word' id='word_1_635' title='bbox 2250 3319 2371 3356; x_wconf 88' lang='grc' dir='ltr'>τινα</span> <span class='ocrx_word' id='word_1_636' title='bbox 2396 3302 2507 3372; x_wconf 68' lang='grc' dir='ltr'><strong>ἔχοι</strong></span> <span class='ocrx_word' id='word_1_637' title='bbox 2538 3302 2715 3371; x_wconf 84' lang='grc' dir='ltr'>λόγον.</span> <span class='ocrx_word' id='word_1_638' title='bbox 2745 3301 2883 3356; x_wconf 77' lang='grc' dir='ltr'>Οὔτε</span> <span class='ocrx_word' id='word_1_639' title='bbox 2910 3301 3018 3375; x_wconf 79' lang='grc' dir='ltr'>γὰρ</span> <span class='ocrx_word' id='word_1_640' title='bbox 3044 3303 3214 3356; x_wconf 76' lang='grc' dir='ltr'>Σαοὺλ</span> <span class='ocrx_word' id='word_1_641' title='bbox 3255 3302 3507 3373; x_wconf 71' lang='grc' dir='ltr'>ίσόψυχος</span> <span class='ocrx_word' id='word_1_642' title='bbox 3530 3301 3616 3352; x_wconf 79' lang='grc' dir='ltr'><strong>αὒ-</strong></span> 
     </span>
    </p>
   </div>
   <div class='ocr_carea' id='block_1_80' title="bbox 2058 3385 3607 3463">
    <p class='ocr_par' dir='ltr' id='par_1_80' title="bbox 2058 3385 3607 3463">
     <span class='ocr_line' id='line_1_80' title="bbox 2058 3385 3607 3463; baseline -0.001 -19"><span class='ocrx_word' id='word_1_643' title='bbox 2058 3391 2154 3444; x_wconf 89' lang='grc' dir='ltr'><strong>τοῦ</strong></span> <span class='ocrx_word' id='word_1_644' title='bbox 2187 3391 2220 3463; x_wconf 84' lang='grc' dir='ltr'>ἦ</span> <span class='ocrx_word' id='word_1_645' title='bbox 2251 3392 2422 3460; x_wconf 81' lang='grc' dir='ltr'>φίλος,</span> <span class='ocrx_word' id='word_1_646' title='bbox 2449 3392 2507 3461; x_wconf 81' lang='grc' dir='ltr'>ἢ,</span> <span class='ocrx_word' id='word_1_647' title='bbox 2537 3391 2679 3445; x_wconf 82' lang='grc' dir='ltr'>κατὰ</span> <span class='ocrx_word' id='word_1_648' title='bbox 2708 3392 2800 3445; x_wconf 77' lang='grc' dir='ltr'><strong>τὸν</strong></span> <span class='ocrx_word' id='word_1_649' title='bbox 2826 3392 3141 3463; x_wconf 82' lang='grc' dir='ltr'>Σύμμαχον,</span> <span class='ocrx_word' id='word_1_650' title='bbox 3177 3392 3504 3460; x_wconf 80' lang='grc' dir='ltr'><strong>ὁμότροπος</strong></span> <span class='ocrx_word' id='word_1_651' title='bbox 3529 3385 3607 3460; x_wconf 71' lang='grc' dir='ltr'>ἦν.</span> 
     </span>
    </p>
   </div>
   <div class='ocr_carea' id='block_1_81' title="bbox 2061 3481 3616 3554">
    <p class='ocr_par' dir='ltr' id='par_1_81' title="bbox 2061 3481 3616 3554">
     <span class='ocr_line' id='line_1_81' title="bbox 2061 3481 3616 3554; baseline 0 -20"><span class='ocrx_word' id='word_1_652' title='bbox 2061 3483 2195 3535; x_wconf 85' lang='grc' dir='ltr'>Ποία</span> <span class='ocrx_word' id='word_1_653' title='bbox 2237 3481 2347 3553; x_wconf 83' lang='grc' dir='ltr'>γὰρ</span> <span class='ocrx_word' id='word_1_654' title='bbox 2381 3485 2732 3554; x_wconf 84' lang='grc' dir='ltr'>ὁμοιοτροπία</span> <span class='ocrx_word' id='word_1_655' title='bbox 2762 3484 2956 3552; x_wconf 83' lang='grc' dir='ltr'>γένοιτ’</span> <span class='ocrx_word' id='word_1_656' title='bbox 3008 3482 3076 3537; x_wconf 75' lang='grc' dir='ltr'>ἂν</span> <span class='ocrx_word' id='word_1_657' title='bbox 3125 3484 3182 3536; x_wconf 87' lang='grc' dir='ltr'><strong>ἐν</strong></span> <span class='ocrx_word' id='word_1_658' title='bbox 3215 3485 3326 3544; x_wconf 78' lang='grc' dir='ltr'>τοῖς</span> <span class='ocrx_word' id='word_1_659' title='bbox 3354 3482 3616 3551; x_wconf 74' lang='grc' dir='ltr'><strong>ἑκατέρων</strong></span> 
     </span>
    </p>
   </div>
   <div class='ocr_carea' id='block_1_82' title="bbox 2062 3570 3615 3643">
    <p class='ocr_par' dir='ltr' id='par_1_82' title="bbox 2062 3570 3615 3643">
     <span class='ocr_line' id='line_1_82' title="bbox 2062 3570 3615 3643; baseline 0.001 -18"><span class='ocrx_word' id='word_1_660' title='bbox 2062 3570 2196 3641; x_wconf 83' lang='grc' dir='ltr'>βίοις</span> <span class='ocrx_word' id='word_1_661' title='bbox 2246 3573 2504 3643; x_wconf 80' lang='grc' dir='ltr'>πάμπολυ</span> <span class='ocrx_word' id='word_1_662' title='bbox 2538 3572 2973 3639; x_wconf 85' lang='grc' dir='ltr'>διαλλάττουσιν;</span> <span class='ocrx_word' id='word_1_663' title='bbox 3030 3572 3167 3624; x_wconf 78' lang='grc' dir='ltr'>Ἀλλ’</span> <span class='ocrx_word' id='word_1_664' title='bbox 3213 3574 3333 3625; x_wconf 76' lang='grc' dir='ltr'><strong>οὐδὲ</strong></span> <span class='ocrx_word' id='word_1_665' title='bbox 3380 3574 3615 3642; x_wconf 73' lang='grc' dir='ltr'>ἰσόψυχος</span> 
     </span>
    </p>
   </div>
   <div class='ocr_carea' id='block_1_83' title="bbox 2060 3660 3615 3735">
    <p class='ocr_par' dir='ltr' id='par_1_83' title="bbox 2060 3660 3615 3735">
     <span class='ocr_line' id='line_1_83' title="bbox 2060 3660 3615 3735; baseline -0.003 -19"><span class='ocrx_word' id='word_1_666' title='bbox 2060 3661 2279 3717; x_wconf 85' lang='grc' dir='ltr'>πώποτε</span> <span class='ocrx_word' id='word_1_667' title='bbox 2318 3664 2504 3733; x_wconf 88' lang='grc' dir='ltr'>γέγονε</span> <span class='ocrx_word' id='word_1_668' title='bbox 2536 3663 2614 3735; x_wconf 83' lang='grc' dir='ltr'><strong>τῷ</strong></span> <span class='ocrx_word' id='word_1_669' title='bbox 2643 3662 2806 3717; x_wconf 78' lang='grc' dir='ltr'>Δαυῒδ</span> <span class='ocrx_word' id='word_1_670' title='bbox 2830 3664 2859 3717; x_wconf 82' lang='grc' dir='ltr'>ὁ</span> <span class='ocrx_word' id='word_1_671' title='bbox 2889 3661 3059 3717; x_wconf 81' lang='grc' dir='ltr'>Σαοὺλ</span> <span class='ocrx_word' id='word_1_672' title='bbox 3076 3701 3092 3728; x_wconf 93' lang='grc'><strong>,</strong></span> <span class='ocrx_word' id='word_1_673' title='bbox 3122 3661 3242 3715; x_wconf 84' lang='grc' dir='ltr'><strong>ούδέ</strong></span> <span class='ocrx_word' id='word_1_674' title='bbox 3279 3663 3338 3715; x_wconf 83' lang='grc' dir='ltr'><strong>ἐν</strong></span> <span class='ocrx_word' id='word_1_675' title='bbox 3367 3661 3449 3732; x_wconf 83' lang='grc' dir='ltr'>τῷ</span> <span class='ocrx_word' id='word_1_676' title='bbox 3495 3660 3615 3729; x_wconf 74' lang='grc' dir='ltr'>οἴκῳ</span> 
     </span>
    </p>
   </div>
   <div class='ocr_carea' id='block_1_84' title="bbox 2059 3741 3613 3825">
    <p class='ocr_par' dir='ltr' id='par_1_84' title="bbox 2059 3741 3613 3825">
     <span class='ocr_line' id='line_1_84' title="bbox 2059 3741 3613 3825; baseline -0.003 -19"><span class='ocrx_word' id='word_1_677' title='bbox 2059 3753 2154 3806; x_wconf 90' lang='grc' dir='ltr'><strong>τοῦ</strong></span> <span class='ocrx_word' id='word_1_678' title='bbox 2183 3752 2318 3806; x_wconf 81' lang='grc' dir='ltr'>θεοῦ</span> <span class='ocrx_word' id='word_1_679' title='bbox 2352 3752 2688 3825; x_wconf 79' lang='grc' dir='ltr'>ἱστοροῦνται</span> <span class='ocrx_word' id='word_1_680' title='bbox 2719 3753 2937 3809; x_wconf 78' lang='grc' dir='ltr'>πώποτε</span> <span class='ocrx_word' id='word_1_681' title='bbox 2972 3741 3367 3825; x_wconf 81' lang='grc' dir='ltr'>πεπορευμένοι</span> <span class='ocrx_word' id='word_1_682' title='bbox 3408 3752 3466 3803; x_wconf 91' lang='grc' dir='ltr'><strong>ἐν</strong></span> <span class='ocrx_word' id='word_1_683' title='bbox 3495 3752 3613 3820; x_wconf 63' lang='grc' dir='ltr'>ὁμου</span> 
     </span>
    </p>
   </div>
   <div class='ocr_carea' id='block_1_85' title="bbox 2060 3843 3613 3919">
    <p class='ocr_par' dir='ltr' id='par_1_85' title="bbox 2060 3843 3613 3919">
     <span class='ocr_line' id='line_1_85' title="bbox 2060 3843 3613 3919; baseline -0.005 -18"><span class='ocrx_word' id='word_1_684' title='bbox 2060 3849 2197 3918; x_wconf 84' lang='grc' dir='ltr'>νοίᾳ.</span> <span class='ocrx_word' id='word_1_685' title='bbox 2234 3846 2532 3919; x_wconf 80' lang='grc' dir='ltr'>Προφανῶς</span> <span class='ocrx_word' id='word_1_686' title='bbox 2556 3847 2602 3899; x_wconf 86' lang='grc' dir='ltr'><em>δ’</em></span> <span class='ocrx_word' id='word_1_687' title='bbox 2631 3847 2823 3918; x_wconf 83' lang='grc' dir='ltr'>ἐχθρὸς</span> <span class='ocrx_word' id='word_1_688' title='bbox 2847 3849 2876 3900; x_wconf 89' lang='grc' dir='ltr'><strong>ὁ</strong></span> <span class='ocrx_word' id='word_1_689' title='bbox 2899 3846 3070 3900; x_wconf 82' lang='grc' dir='ltr'>Σαοὺλ</span> <span class='ocrx_word' id='word_1_690' title='bbox 3089 3846 3182 3898; x_wconf 88' lang='grc' dir='ltr'><strong>τοῦ</strong></span> <span class='ocrx_word' id='word_1_691' title='bbox 3209 3843 3369 3898; x_wconf 79' lang='grc' dir='ltr'><strong>Δαυῖδ</strong></span> <span class='ocrx_word' id='word_1_692' title='bbox 3399 3843 3613 3896; x_wconf 82' lang='grc' dir='ltr'>πάντοτε</span> 
     </span>
    </p>
   </div>
   <div class='ocr_carea' id='block_1_86' title="bbox 2061 3925 3614 4005">
    <p class='ocr_par' dir='ltr' id='par_1_86' title="bbox 2061 3925 3614 4005">
     <span class='ocr_line' id='line_1_86' title="bbox 2061 3925 3614 4005; baseline -0.006 -16"><span class='ocrx_word' id='word_1_693' title='bbox 2061 3936 2310 4005; x_wconf 67' lang='grc' dir='ltr'>φαίνεται</span> <span class='ocrx_word' id='word_1_694' title='bbox 2344 3934 2579 4004; x_wconf 79' lang='grc' dir='ltr'>γεγονώς</span> <span class='ocrx_word' id='word_1_695' title='bbox 2604 3952 2619 3966; x_wconf 74' lang='grc' dir='ltr'><strong>ο</strong></span> <span class='ocrx_word' id='word_1_696' title='bbox 2648 3935 2846 4003; x_wconf 72' lang='grc' dir='ltr'>ἔφευγε</span> <span class='ocrx_word' id='word_1_697' title='bbox 2869 3934 2915 3986; x_wconf 83' lang='grc' dir='ltr'><em>δ’</em></span> <span class='ocrx_word' id='word_1_698' title='bbox 2933 3929 3025 3987; x_wconf 82' lang='grc' dir='ltr'>οὖν</span> <span class='ocrx_word' id='word_1_699' title='bbox 3054 3933 3215 3986; x_wconf 80' lang='grc' dir='ltr'>αὐτὸν</span> <span class='ocrx_word' id='word_1_700' title='bbox 3245 3931 3502 3993; x_wconf 71' lang='grc' dir='ltr'>εἰκότως,</span> <span class='ocrx_word' id='word_1_701' title='bbox 3532 3925 3614 3980; x_wconf 74' lang='grc' dir='ltr'>καὶ</span> 
     </span>
    </p>
   </div>
   <div class='ocr_carea' id='block_1_87' title="bbox 2060 4018 3613 4096">
    <p class='ocr_par' dir='ltr' id='par_1_87' title="bbox 2060 4018 3613 4096">
     <span class='ocr_line' id='line_1_87' title="bbox 2060 4018 3613 4096; baseline -0.003 -19"><span class='ocrx_word' id='word_1_702' title='bbox 2060 4026 2384 4095; x_wconf 80' lang='grc' dir='ltr'>ἐκρύπτετο,</span> <span class='ocrx_word' id='word_1_703' title='bbox 2425 4025 2501 4088; x_wconf 84' lang='grc' dir='ltr'>ὡς</span> <span class='ocrx_word' id='word_1_704' title='bbox 2532 4025 2777 4096; x_wconf 82' lang='grc' dir='ltr'>φανερὸν</span> <span class='ocrx_word' id='word_1_705' title='bbox 2796 4024 2988 4096; x_wconf 82' lang='grc' dir='ltr'>ἐχθρὸν</span> <span class='ocrx_word' id='word_1_706' title='bbox 3017 4023 3433 4093; x_wconf 82' lang='grc' dir='ltr'>φυλαττόμενος.</span> <span class='ocrx_word' id='word_1_707' title='bbox 3488 4018 3613 4073; x_wconf 82' lang='grc' dir='ltr'>Ἀλλ’</span> 
     </span>
    </p>
   </div>
   <div class='ocr_carea' id='block_1_88' title="bbox 2061 4112 3615 4187">
    <p class='ocr_par' dir='ltr' id='par_1_88' title="bbox 2061 4112 3615 4187">
     <span class='ocr_line' id='line_1_88' title="bbox 2061 4112 3615 4187; baseline -0.004 -18"><span class='ocrx_word' id='word_1_708' title='bbox 2061 4116 2182 4169; x_wconf 84' lang='grc' dir='ltr'><strong>ούδέ</strong></span> <span class='ocrx_word' id='word_1_709' title='bbox 2205 4115 2273 4169; x_wconf 86' lang='grc' dir='ltr'><strong>τὰ</strong></span> <span class='ocrx_word' id='word_1_710' title='bbox 2296 4116 2422 4186; x_wconf 78' lang='grc' dir='ltr'>περὶ</span> <span class='ocrx_word' id='word_1_711' title='bbox 2448 4115 2550 4186; x_wconf 83' lang='grc' dir='ltr'>τῆς</span> <span class='ocrx_word' id='word_1_712' title='bbox 2581 4116 2878 4187; x_wconf 85' lang='grc' dir='ltr'>εἰρημένης</span> <span class='ocrx_word' id='word_1_713' title='bbox 2906 4116 3111 4179; x_wconf 86' lang='grc' dir='ltr'>πόλεως</span> <span class='ocrx_word' id='word_1_714' title='bbox 3131 4114 3439 4187; x_wconf 73' lang='grc' dir='ltr'>ἐφαρμόσαι</span> <span class='ocrx_word' id='word_1_715' title='bbox 3460 4112 3524 4167; x_wconf 78' lang='grc' dir='ltr'>ἄν</span> <span class='ocrx_word' id='word_1_716' title='bbox 3541 4126 3615 4174; x_wconf 83' lang='grc' dir='ltr'><strong>τις</strong></span> 
     </span>
    </p>
   </div>
   <div class='ocr_carea' id='block_1_89' title="bbox 2060 4199 3613 4278">
    <p class='ocr_par' dir='ltr' id='par_1_89' title="bbox 2060 4199 3613 4278">
     <span class='ocr_line' id='line_1_89' title="bbox 2060 4199 3613 4278; baseline -0.002 -19"><span class='ocrx_word' id='word_1_717' title='bbox 2060 4209 2126 4278; x_wconf 83' lang='grc' dir='ltr'>τῇ</span> <span class='ocrx_word' id='word_1_718' title='bbox 2150 4205 2291 4260; x_wconf 80' lang='grc' dir='ltr'>κατὰ</span> <span class='ocrx_word' id='word_1_719' title='bbox 2324 4206 2417 4261; x_wconf 83' lang='grc' dir='ltr'>τὸν</span> <span class='ocrx_word' id='word_1_720' title='bbox 2454 4205 2616 4259; x_wconf 83' lang='grc' dir='ltr'>Δαυῒδ</span> <span class='ocrx_word' id='word_1_721' title='bbox 2650 4206 2880 4278; x_wconf 76' lang='grc' dir='ltr'>ἱστορίᾳ.</span> <span class='ocrx_word' id='word_1_722' title='bbox 2923 4207 3012 4259; x_wconf 87' lang='grc' dir='ltr'>Ἐν</span> <span class='ocrx_word' id='word_1_723' title='bbox 3037 4205 3165 4276; x_wconf 78' lang='grc' dir='ltr'>ποίᾳ</span> <span class='ocrx_word' id='word_1_724' title='bbox 3195 4205 3304 4274; x_wconf 84' lang='grc' dir='ltr'>γὰρ</span> <span class='ocrx_word' id='word_1_725' title='bbox 3336 4199 3445 4257; x_wconf 84' lang='grc' dir='ltr'>εἶδε</span> <span class='ocrx_word' id='word_1_726' title='bbox 3478 4201 3613 4256; x_wconf 75' lang='grc' dir='ltr'>πόλει</span> 
     </span>
    </p>
   </div>
   <div class='ocr_carea' id='block_1_90' title="bbox 2059 4293 3610 4367">
    <p class='ocr_par' dir='ltr' id='par_1_90' title="bbox 2059 4293 3610 4367">
     <span class='ocr_line' id='line_1_90' title="bbox 2059 4293 3610 4367; baseline -0.002 -19"><span class='ocrx_word' id='word_1_727' title='bbox 2059 4295 2128 4366; x_wconf 80' lang='grc' dir='ltr'>ἥν</span> <span class='ocrx_word' id='word_1_728' title='bbox 2155 4312 2319 4366; x_wconf 87' lang='grc' dir='ltr'>φησιν</span> <span class='ocrx_word' id='word_1_729' title='bbox 2342 4295 2570 4367; x_wconf 80' lang='grc' dir='ltr'>ἀνομίαν</span> <span class='ocrx_word' id='word_1_730' title='bbox 2598 4296 2693 4348; x_wconf 77' lang='grc' dir='ltr'><strong>καὶ</strong></span> <span class='ocrx_word' id='word_1_731' title='bbox 2716 4295 3019 4364; x_wconf 85' lang='grc' dir='ltr'>ἀντιλογίαν</span> <span class='ocrx_word' id='word_1_732' title='bbox 3038 4335 3053 4360; x_wconf 92' lang='grc'><strong>,</strong></span> <span class='ocrx_word' id='word_1_733' title='bbox 3094 4297 3157 4349; x_wconf 88' lang='grc' dir='ltr'><strong>οὐ</strong></span> <span class='ocrx_word' id='word_1_734' title='bbox 3201 4295 3359 4365; x_wconf 85' lang='grc' dir='ltr'>μόνον</span> <span class='ocrx_word' id='word_1_735' title='bbox 3397 4293 3610 4365; x_wconf 77' lang='grc' dir='ltr'>ἡμέρας,</span> 
     </span>
    </p>
   </div>
   <div class='ocr_carea' id='block_1_91' title="bbox 2061 4382 3614 4453">
    <p class='ocr_par' dir='ltr' id='par_1_91' title="bbox 2061 4382 3614 4453">
     <span class='ocr_line' id='line_1_91' title="bbox 2061 4382 3614 4453; baseline -0.006 -11"><span class='ocrx_word' id='word_1_736' title='bbox 2061 4386 2198 4442; x_wconf 81' lang='grc' dir='ltr'>ἀλλὰ</span> <span class='ocrx_word' id='word_1_737' title='bbox 2226 4388 2321 4440; x_wconf 75' lang='grc' dir='ltr'>καὶ</span> <span class='ocrx_word' id='word_1_738' title='bbox 2341 4386 2554 4453; x_wconf 76' lang='grc' dir='ltr'>νυκτὸς,</span> <span class='ocrx_word' id='word_1_739' title='bbox 2579 4387 2748 4441; x_wconf 81' lang='grc' dir='ltr'>κόπον</span> <span class='ocrx_word' id='word_1_740' title='bbox 2779 4403 2839 4440; x_wconf 89' lang='grc' dir='ltr'><strong>τε</strong></span> <span class='ocrx_word' id='word_1_741' title='bbox 2879 4388 2974 4440; x_wconf 77' lang='grc' dir='ltr'>καὶ</span> <span class='ocrx_word' id='word_1_742' title='bbox 3007 4387 3189 4451; x_wconf 84' lang='grc' dir='ltr'>πόνον,</span> <span class='ocrx_word' id='word_1_743' title='bbox 3214 4383 3424 4439; x_wconf 78' lang='grc' dir='ltr'>ἀδικίαν</span> <span class='ocrx_word' id='word_1_744' title='bbox 3448 4400 3508 4437; x_wconf 88' lang='grc' dir='ltr'><strong>τε</strong></span> <span class='ocrx_word' id='word_1_745' title='bbox 3534 4382 3614 4434; x_wconf 79' lang='grc' dir='ltr'>καὶ</span> 
     </span>
    </p>
   </div>
   <div class='ocr_carea' id='block_1_92' title="bbox 386 4462 1956 4548">
    <p class='ocr_par' dir='ltr' id='par_1_92' title="bbox 386 4462 1956 4545">
     <span class='ocr_line' id='line_1_92' title="bbox 386 4462 1956 4545; baseline 0.01 -29"><span class='ocrx_word' id='word_1_746' title='bbox 386 4469 582 4532; x_wconf 85' lang='lat' dir='ltr'><strong>nocte;</strong></span> <span class='ocrx_word' id='word_1_747' title='bbox 636 4465 878 4522; x_wconf 87' lang='lat' dir='ltr'><strong>laborem</strong></span> <span class='ocrx_word' id='word_1_748' title='bbox 918 4462 1059 4524; x_wconf 74' lang='lat' dir='ltr'><strong>item</strong></span> <span class='ocrx_word' id='word_1_749' title='bbox 1100 4478 1156 4526; x_wconf 90' lang='lat' dir='ltr'><strong>et</strong></span> <span class='ocrx_word' id='word_1_750' title='bbox 1199 4472 1466 4536; x_wconf 85' lang='lat' dir='ltr'><strong>dolorem,</strong></span> <span class='ocrx_word' id='word_1_751' title='bbox 1519 4474 1864 4545; x_wconf 83' lang='lat' dir='ltr'><strong>iniquitatem</strong></span> <span class='ocrx_word' id='word_1_752' title='bbox 1907 4487 1956 4532; x_wconf 86' lang='lat' dir='ltr'><strong>et</strong></span> 
     </span>
    </p>
   </div>
   <div class='ocr_carea' id='block_1_93' title="bbox 2057 4462 3683 4548">
    <p class='ocr_par' dir='ltr' id='par_1_93' title="bbox 2059 4473 3683 4548">
     <span class='ocr_line' id='line_1_93' title="bbox 2059 4473 3683 4548; baseline -0.003 -16"><span class='ocrx_word' id='word_1_753' title='bbox 2059 4478 2216 4532; x_wconf 86' lang='grc' dir='ltr'>τόκον</span> <span class='ocrx_word' id='word_1_754' title='bbox 2246 4479 2311 4531; x_wconf 81' lang='grc' dir='ltr'>ὲκ</span> <span class='ocrx_word' id='word_1_755' title='bbox 2331 4477 2439 4531; x_wconf 85' lang='grc' dir='ltr'><strong>τῶν</strong></span> <span class='ocrx_word' id='word_1_756' title='bbox 2462 4478 2734 4532; x_wconf 79' lang='grc' dir='ltr'>πλατειῶν</span> <span class='ocrx_word' id='word_1_757' title='bbox 2755 4478 2927 4547; x_wconf 76' lang='grc' dir='ltr'>αὐτῆς</span> <span class='ocrx_word' id='word_1_758' title='bbox 2953 4477 3028 4548; x_wconf 84' lang='grc' dir='ltr'><strong>μὴ</strong></span> <span class='ocrx_word' id='word_1_759' title='bbox 3056 4475 3409 4539; x_wconf 75' lang='grc' dir='ltr'>ἐκλείποντας</span> <span class='ocrx_word' id='word_1_760' title='bbox 3438 4476 3500 4527; x_wconf 87' lang='grc' dir='ltr'><strong><em>Ἦ</em></strong></span> <span class='ocrx_word' id='word_1_761' title='bbox 3528 4473 3614 4543; x_wconf 79' lang='grc' dir='ltr'>μὲν</span> <span class='ocrx_word' id='word_1_762' title='bbox 3680 4506 3683 4507; x_wconf 53' lang='grc' dir='ltr'><strong>ν</strong></span> 
     </span>
    </p>
   </div>
   <div class='ocr_carea' id='block_1_94' title="bbox 386 4557 1960 4627">
    <p class='ocr_par' dir='ltr' id='par_1_94' title="bbox 386 4557 1960 4627">
     <span class='ocr_line' id='line_1_94' title="bbox 386 4557 1960 4627; baseline 0.01 -22"><span class='ocrx_word' id='word_1_763' title='bbox 386 4565 611 4607; x_wconf 84' lang='lat' dir='ltr'><strong>usu-ram</strong></span> <span class='ocrx_word' id='word_1_764' title='bbox 639 4569 707 4608; x_wconf 82' lang='lat' dir='ltr'><strong>ex</strong></span> <span class='ocrx_word' id='word_1_765' title='bbox 732 4557 924 4624; x_wconf 88' lang='lat' dir='ltr'><strong>plateis</strong></span> <span class='ocrx_word' id='word_1_766' title='bbox 952 4557 1075 4627; x_wconf 84' lang='lat' dir='ltr'><strong>ejus</strong></span> <span class='ocrx_word' id='word_1_767' title='bbox 1099 4573 1208 4613; x_wconf 90' lang='lat' dir='ltr'><strong>non</strong></span> <span class='ocrx_word' id='word_1_768' title='bbox 1245 4559 1623 4618; x_wconf 76' lang='lat' dir='ltr'><strong>deiicientem?</strong></span> <span class='ocrx_word' id='word_1_769' title='bbox 1665 4561 1801 4618; x_wconf 87' lang='lat' dir='ltr'><strong>Nam</strong></span> <span class='ocrx_word' id='word_1_770' title='bbox 1829 4564 1960 4622; x_wconf 86' lang='lat' dir='ltr'><strong>urbs</strong></span> 
     </span>
    </p>
   </div>
   <div class='ocr_carea' id='block_1_95' title="bbox 387 4641 1958 4717">
    <p class='ocr_par' dir='ltr' id='par_1_95' title="bbox 387 4641 1958 4717">
     <span class='ocr_line' id='line_1_95' title="bbox 387 4641 1958 4717; baseline 0.01 -24"><span class='ocrx_word' id='word_1_771' title='bbox 387 4641 608 4710; x_wconf 86' lang='lat' dir='ltr'><strong>quidem</strong></span> <span class='ocrx_word' id='word_1_772' title='bbox 640 4642 846 4711; x_wconf 79' lang='lat' dir='ltr'><strong>Saulis,</strong></span> <span class='ocrx_word' id='word_1_773' title='bbox 897 4644 1066 4703; x_wconf 74' lang='lat' dir='ltr'><strong>ﬂama</strong></span> <span class='ocrx_word' id='word_1_774' title='bbox 1110 4648 1396 4705; x_wconf 87' lang='lat' dir='ltr'><strong>dicebatur</strong></span> <span class='ocrx_word' id='word_1_775' title='bbox 1419 4668 1574 4717; x_wconf 87' lang='lat' dir='ltr'><strong>esse;</strong></span> <span class='ocrx_word' id='word_1_776' title='bbox 1623 4654 1958 4710; x_wconf 89' lang='lat' dir='ltr'><strong>domicilium</strong></span> 
     </span>
    </p>
   </div>
   <div class='ocr_carea' id='block_1_96' title="bbox 385 4730 2004 4801">
    <p class='ocr_par' dir='ltr' id='par_1_96' title="bbox 385 4730 2004 4801">
     <span class='ocr_line' id='line_1_96' title="bbox 385 4730 2004 4801; baseline 0.008 -15"><span class='ocrx_word' id='word_1_777' title='bbox 385 4731 527 4799; x_wconf 86' lang='lat' dir='ltr'><strong>ejus,</strong></span> <span class='ocrx_word' id='word_1_778' title='bbox 555 4730 755 4799; x_wconf 86' lang='lat' dir='ltr'><strong>Gabee,</strong></span> <span class='ocrx_word' id='word_1_779' title='bbox 783 4750 906 4789; x_wconf 91' lang='lat' dir='ltr'><strong>cum</strong></span> <span class='ocrx_word' id='word_1_780' title='bbox 940 4739 1180 4794; x_wconf 89' lang='lat' dir='ltr'><strong>nondum</strong></span> <span class='ocrx_word' id='word_1_781' title='bbox 1202 4738 1505 4797; x_wconf 85' lang='lat' dir='ltr'><strong>Jerusalem</strong></span> <span class='ocrx_word' id='word_1_782' title='bbox 1527 4741 1716 4800; x_wconf 83' lang='lat' dir='ltr'><strong>lsraeli</strong></span> <span class='ocrx_word' id='word_1_783' title='bbox 1745 4745 2004 4801; x_wconf 70' lang='lat' dir='ltr'><strong>subdita,-</strong></span> 
     </span>
    </p>
   </div>
   <div class='ocr_carea' id='block_1_97' title="bbox 386 4824 1440 4899">
    <p class='ocr_par' dir='ltr' id='par_1_97' title="bbox 386 4824 1440 4899">
     <span class='ocr_line' id='line_1_97' title="bbox 386 4824 1440 4899; baseline 0.008 -21"><span class='ocrx_word' id='word_1_784' title='bbox 386 4831 554 4890; x_wconf 82' lang='lat' dir='ltr'><strong>esset,</strong></span> <span class='ocrx_word' id='word_1_785' title='bbox 587 4824 680 4880; x_wconf 86' lang='lat' dir='ltr'><strong>sed</strong></span> <span class='ocrx_word' id='word_1_786' title='bbox 703 4826 769 4878; x_wconf 89' lang='lat' dir='ltr'><strong>ad</strong></span> <span class='ocrx_word' id='word_1_787' title='bbox 793 4826 1094 4898; x_wconf 77' lang='lat' dir='ltr'><strong>allopltylos</strong></span> <span class='ocrx_word' id='word_1_788' title='bbox 1124 4831 1440 4899; x_wconf 88' lang='lat' dir='ltr'><strong>pertineret.</strong></span> 
     </span>
    </p>
   </div>
   <div class='ocr_carea' id='block_1_98' title="bbox 455 4911 1962 4993">
    <p class='ocr_par' dir='ltr' id='par_1_98' title="bbox 455 4911 1962 4993">
     <span class='ocr_line' id='line_1_98' title="bbox 455 4911 1962 4993; baseline 0.009 -27"><span class='ocrx_word' id='word_1_789' title='bbox 455 4911 613 4978; x_wconf 83' lang='lat' dir='ltr'><strong>Quod</strong></span> <span class='ocrx_word' id='word_1_790' title='bbox 660 4923 841 4969; x_wconf 86' lang='lat' dir='ltr'><strong>autem</strong></span> <span class='ocrx_word' id='word_1_791' title='bbox 880 4917 1129 4973; x_wconf 87' lang='lat' dir='ltr'><strong>videatur</strong></span> <span class='ocrx_word' id='word_1_792' title='bbox 1168 4917 1343 4974; x_wconf 84' lang='lat' dir='ltr'><strong>David</strong></span> <span class='ocrx_word' id='word_1_793' title='bbox 1372 4920 1524 4977; x_wconf 88' lang='lat' dir='ltr'><strong>diras</strong></span> <span class='ocrx_word' id='word_1_794' title='bbox 1565 4922 1856 4993; x_wconf 78' lang='lat' dir='ltr'><strong>imprecari</strong></span> <span class='ocrx_word' id='word_1_795' title='bbox 1883 4925 1962 4979; x_wconf 91' lang='lat' dir='ltr'><strong>di-</strong></span> 
     </span>
    </p>
   </div>
   <div class='ocr_carea' id='block_1_99' title="bbox 386 5004 1967 5077">
    <p class='ocr_par' dir='ltr' id='par_1_99' title="bbox 386 5004 1967 5077">
     <span class='ocr_line' id='line_1_99' title="bbox 386 5004 1967 5077; baseline 0.008 -22"><span class='ocrx_word' id='word_1_796' title='bbox 386 5017 520 5059; x_wconf 83' lang='lat' dir='ltr'><strong>cens</strong></span> <span class='ocrx_word' id='word_1_797' title='bbox 554 5021 567 5058; x_wconf 90' lang='lat'>:</span> <span class='ocrx_word' id='word_1_798' title='bbox 612 5004 802 5061; x_wconf 82' lang='lat' dir='ltr'><strong>Veniat</strong></span> <span class='ocrx_word' id='word_1_799' title='bbox 830 5023 972 5062; x_wconf 87' lang='lat' dir='ltr'><strong>mors</strong></span> <span class='ocrx_word' id='word_1_800' title='bbox 1006 5023 1164 5077; x_wconf 77' lang='lat' dir='ltr'><strong>super</strong></span> <span class='ocrx_word' id='word_1_801' title='bbox 1196 5009 1341 5075; x_wconf 79' lang='lat' dir='ltr'><strong>illos,</strong></span> <span class='ocrx_word' id='word_1_802' title='bbox 1371 5020 1421 5065; x_wconf 89' lang='lat' dir='ltr'><strong>et</strong></span> <span class='ocrx_word' id='word_1_803' title='bbox 1454 5011 1770 5068; x_wconf 85' lang='lat' dir='ltr'><strong>descendant</strong></span> <span class='ocrx_word' id='word_1_804' title='bbox 1806 5019 1859 5067; x_wconf 89' lang='lat' dir='ltr'><strong>in</strong></span> <span class='ocrx_word' id='word_1_805' title='bbox 1885 5015 1967 5068; x_wconf 69' lang='grc' dir='ltr'><strong>εει-⁷</strong></span> 
     </span>
    </p>
   </div>
   <div class='ocr_carea' id='block_1_100' title="bbox 387 5091 1962 5174">
    <p class='ocr_par' dir='ltr' id='par_1_100' title="bbox 387 5091 1962 5174">
     <span class='ocr_line' id='line_1_100' title="bbox 387 5091 1962 5174; baseline 0.01 -29"><span class='ocrx_word' id='word_1_806' title='bbox 387 5091 593 5160; x_wconf 72' lang='lat' dir='ltr'><strong>[eruum</strong></span> <span class='ocrx_word' id='word_1_807' title='bbox 626 5097 879 5166; x_wconf 79' lang='lat' dir='ltr'><strong>viventes,</strong></span> <span class='ocrx_word' id='word_1_808' title='bbox 907 5114 1070 5169; x_wconf 91' lang='lat' dir='ltr'><strong>quam</strong></span> <span class='ocrx_word' id='word_1_809' title='bbox 1100 5099 1414 5157; x_wconf 81' lang='lat' dir='ltr'><strong>aliinitatem</strong></span> <span class='ocrx_word' id='word_1_810' title='bbox 1448 5103 1644 5159; x_wconf 85' lang='lat' dir='ltr'><strong>habeat</strong></span> <span class='ocrx_word' id='word_1_811' title='bbox 1669 5120 1793 5160; x_wconf 89' lang='lat' dir='ltr'><strong>cum</strong></span> <span class='ocrx_word' id='word_1_812' title='bbox 1825 5121 1962 5174; x_wconf 55' lang='lat' dir='ltr'><strong>prata</strong></span> 
     </span>
    </p>
   </div>
   <div class='ocr_carea' id='block_1_101' title="bbox 387 5185 1963 5264">
    <p class='ocr_par' dir='ltr' id='par_1_101' title="bbox 387 5185 1963 5264">
     <span class='ocr_line' id='line_1_101' title="bbox 387 5185 1963 5264; baseline 0.009 -28"><span class='ocrx_word' id='word_1_813' title='bbox 387 5185 534 5238; x_wconf 89' lang='lat' dir='ltr'><strong>clara</strong></span> <span class='ocrx_word' id='word_1_814' title='bbox 551 5185 644 5240; x_wconf 86' lang='lat' dir='ltr'><strong>illa</strong></span> <span class='ocrx_word' id='word_1_815' title='bbox 665 5188 785 5257; x_wconf 80' lang='lat' dir='ltr'><strong>ejus</strong></span> <span class='ocrx_word' id='word_1_816' title='bbox 807 5189 1190 5261; x_wconf 87' lang='lat' dir='ltr'><strong>celebrataque</strong></span> <span class='ocrx_word' id='word_1_817' title='bbox 1218 5193 1439 5257; x_wconf 84' lang='lat' dir='ltr'><strong>virtute,</strong></span> <span class='ocrx_word' id='word_1_818' title='bbox 1465 5209 1575 5264; x_wconf 89' lang='lat' dir='ltr'><strong>qua</strong></span> <span class='ocrx_word' id='word_1_819' title='bbox 1600 5195 1809 5251; x_wconf 86' lang='lat' dir='ltr'><strong>dixisse</strong></span> <span class='ocrx_word' id='word_1_820' title='bbox 1831 5197 1963 5251; x_wconf 85' lang='lat' dir='ltr'><strong>scri-</strong></span> 
     </span>
    </p>
   </div>
   <div class='ocr_carea' id='block_1_102' title="bbox 389 5268 1962 5350">
    <p class='ocr_par' dir='ltr' id='par_1_102' title="bbox 389 5268 1962 5350">
     <span class='ocr_line' id='line_1_102' title="bbox 389 5268 1962 5350; baseline 0.011 -29"><span class='ocrx_word' id='word_1_821' title='bbox 389 5268 537 5324; x_wconf 83' lang='lat' dir='ltr'><strong>bitur</strong></span> <span class='ocrx_word' id='word_1_822' title='bbox 568 5290 582 5324; x_wconf 89' lang='lat'><strong>:</strong></span> <span class='ocrx_word' id='word_1_823' title='bbox 612 5271 673 5327; x_wconf 87' lang='lat' dir='ltr'><strong>Si</strong></span> <span class='ocrx_word' id='word_1_824' title='bbox 699 5277 907 5332; x_wconf 84' lang='lat' dir='ltr'><strong>reddidi</strong></span> <span class='ocrx_word' id='word_1_825' title='bbox 930 5280 1338 5336; x_wconf 83' lang='lat' dir='ltr'><strong>retribuentibus</strong></span> <span class='ocrx_word' id='word_1_826' title='bbox 1363 5284 1491 5337; x_wconf 82' lang='lat' dir='ltr'><strong>mihi</strong></span> <span class='ocrx_word' id='word_1_827' title='bbox 1519 5284 1693 5350; x_wconf 85' lang='lat' dir='ltr'><strong>mala,</strong></span> <span class='ocrx_word' id='word_1_828' title='bbox 1722 5284 1962 5339; x_wconf 82' lang='lat' dir='ltr'><strong>decidant</strong></span> 
     </span>
    </p>
   </div>
   <div class='ocr_carea' id='block_1_103' title="bbox 389 5360 1963 5444">
    <p class='ocr_par' dir='ltr' id='par_1_103' title="bbox 389 5360 1963 5444">
     <span class='ocr_line' id='line_1_103' title="bbox 389 5360 1963 5444; baseline 0.012 -33"><span class='ocrx_word' id='word_1_829' title='bbox 389 5360 453 5414; x_wconf 66' lang='lat' dir='ltr'><strong>ab</strong></span> <span class='ocrx_word' id='word_1_830' title='bbox 481 5360 709 5418; x_wconf 78' lang='lat' dir='ltr'><strong>inimicis</strong></span> <span class='ocrx_word' id='word_1_831' title='bbox 748 5368 874 5421; x_wconf 86' lang='lat' dir='ltr'><strong>meis</strong></span> <span class='ocrx_word' id='word_1_832' title='bbox 905 5369 1126 5426; x_wconf 78' lang='lat' dir='ltr'><strong>inanis?</strong></span> <span class='ocrx_word' id='word_1_833' title='bbox 1184 5370 1323 5425; x_wconf 89' lang='lat' dir='ltr'><strong>Nam</strong></span> <span class='ocrx_word' id='word_1_834' title='bbox 1352 5374 1492 5428; x_wconf 82' lang='lat' dir='ltr'><strong>tales</strong></span> <span class='ocrx_word' id='word_1_835' title='bbox 1541 5374 1963 5444; x_wconf 75' lang='lat' dir='ltr'><strong>imprecationes</strong></span> 
     </span>
    </p>
   </div>
   <div class='ocr_carea' id='block_1_104' title="bbox 390 5450 1962 5530">
    <p class='ocr_par' dir='ltr' id='par_1_104' title="bbox 390 5450 1962 5530">
     <span class='ocr_line' id='line_1_104' title="bbox 390 5450 1962 5530; baseline 0.01 -28"><span class='ocrx_word' id='word_1_836' title='bbox 390 5450 445 5503; x_wconf 89' lang='lat' dir='ltr'><strong>in</strong></span> <span class='ocrx_word' id='word_1_837' title='bbox 470 5450 658 5508; x_wconf 82' lang='lat' dir='ltr'><strong>hostes</strong></span> <span class='ocrx_word' id='word_1_838' title='bbox 683 5454 877 5521; x_wconf 85' lang='lat' dir='ltr'><strong>edere,</strong></span> <span class='ocrx_word' id='word_1_839' title='bbox 915 5474 1024 5514; x_wconf 81' lang='lat' dir='ltr'><strong>non</strong></span> <span class='ocrx_word' id='word_1_840' title='bbox 1069 5460 1393 5530; x_wconf 72' lang='lat' dir='ltr'><strong>iniuriarum</strong></span> <span class='ocrx_word' id='word_1_841' title='bbox 1444 5463 1782 5519; x_wconf 86' lang='lat' dir='ltr'><strong>immemoris</strong></span> <span class='ocrx_word' id='word_1_842' title='bbox 1805 5463 1962 5518; x_wconf 89' lang='lat' dir='ltr'><strong>Davi—</strong></span> 
     </span>
    </p>
   </div>
   <div class='ocr_carea' id='block_1_105' title="bbox 388 5541 1963 5626">
    <p class='ocr_par' dir='ltr' id='par_1_105' title="bbox 388 5541 1963 5626">
     <span class='ocr_line' id='line_1_105' title="bbox 388 5541 1963 5626; baseline 0.009 -30"><span class='ocrx_word' id='word_1_843' title='bbox 388 5541 477 5598; x_wconf 87' lang='lat' dir='ltr'><strong>dis</strong></span> <span class='ocrx_word' id='word_1_844' title='bbox 502 5541 686 5599; x_wconf 78' lang='lat' dir='ltr'><strong>fuerit.</strong></span> <span class='ocrx_word' id='word_1_845' title='bbox 713 5544 838 5613; x_wconf 81' lang='lat' dir='ltr'><strong>Qui,</strong></span> <span class='ocrx_word' id='word_1_846' title='bbox 863 5556 924 5603; x_wconf 90' lang='lat' dir='ltr'><strong>ut</strong></span> <span class='ocrx_word' id='word_1_847' title='bbox 946 5549 1001 5604; x_wconf 90' lang='lat' dir='ltr'><strong>in</strong></span> <span class='ocrx_word' id='word_1_848' title='bbox 1026 5551 1254 5607; x_wconf 85' lang='lat' dir='ltr'><strong>historia</strong></span> <span class='ocrx_word' id='word_1_849' title='bbox 1284 5561 1560 5620; x_wconf 82' lang='lat' dir='ltr'><strong>narratur,</strong></span> <span class='ocrx_word' id='word_1_850' title='bbox 1590 5570 1807 5626; x_wconf 85' lang='lat' dir='ltr'><strong>semper</strong></span> <span class='ocrx_word' id='word_1_851' title='bbox 1829 5553 1963 5610; x_wconf 87' lang='lat' dir='ltr'><strong>Sau-</strong></span> 
     </span>
    </p>
   </div>
   <div class='ocr_carea' id='block_1_106' title="bbox 390 5631 1960 5716">
    <p class='ocr_par' dir='ltr' id='par_1_106' title="bbox 390 5631 1960 5716">
     <span class='ocr_line' id='line_1_106' title="bbox 390 5631 1960 5716; baseline 0.008 -29"><span class='ocrx_word' id='word_1_852' title='bbox 390 5631 496 5688; x_wconf 90' lang='lat' dir='ltr'><strong>lem</strong></span> <span class='ocrx_word' id='word_1_853' title='bbox 525 5633 582 5688; x_wconf 89' lang='lat' dir='ltr'><strong>in</strong></span> <span class='ocrx_word' id='word_1_854' title='bbox 606 5633 816 5692; x_wconf 88' lang='lat' dir='ltr'><strong>honore</strong></span> <span class='ocrx_word' id='word_1_855' title='bbox 842 5647 896 5693; x_wconf 88' lang='lat' dir='ltr'><strong>et</strong></span> <span class='ocrx_word' id='word_1_856' title='bbox 919 5640 1095 5709; x_wconf 87' lang='lat' dir='ltr'><strong>pretio</strong></span> <span class='ocrx_word' id='word_1_857' title='bbox 1139 5642 1348 5707; x_wconf 82' lang='lat' dir='ltr'><strong>habuit,</strong></span> <span class='ocrx_word' id='word_1_858' title='bbox 1388 5652 1449 5698; x_wconf 89' lang='lat' dir='ltr'><strong>ut</strong></span> <span class='ocrx_word' id='word_1_859' title='bbox 1479 5660 1548 5700; x_wconf 91' lang='lat' dir='ltr'><strong>ne</strong></span> <span class='ocrx_word' id='word_1_860' title='bbox 1579 5644 1803 5701; x_wconf 86' lang='lat' dir='ltr'><strong>auderet</strong></span> <span class='ocrx_word' id='word_1_861' title='bbox 1837 5646 1960 5716; x_wconf 87' lang='lat' dir='ltr'><strong>qui-</strong></span> 
     </span>
    </p>
   </div>
   <div class='ocr_carea' id='block_1_107' title="bbox 390 5720 1961 5808">
    <p class='ocr_par' dir='ltr' id='par_1_107' title="bbox 390 5720 1961 5808">
     <span class='ocr_line' id='line_1_107' title="bbox 390 5720 1961 5808; baseline 0.011 -32"><span class='ocrx_word' id='word_1_862' title='bbox 390 5720 511 5778; x_wconf 81' lang='lat' dir='ltr'><strong>dem</strong></span> <span class='ocrx_word' id='word_1_863' title='bbox 562 5724 665 5797; x_wconf 90' lang='lat' dir='ltr'><strong>ipsi</strong></span> <span class='ocrx_word' id='word_1_864' title='bbox 706 5741 901 5782; x_wconf 83' lang='lat' dir='ltr'><strong>manus</strong></span> <span class='ocrx_word' id='word_1_865' title='bbox 931 5727 1154 5796; x_wconf 75' lang='lat' dir='ltr'><strong>inferre,</strong></span> <span class='ocrx_word' id='word_1_866' title='bbox 1205 5732 1365 5787; x_wconf 87' lang='lat' dir='ltr'><strong>etiam</strong></span> <span class='ocrx_word' id='word_1_867' title='bbox 1390 5747 1516 5788; x_wconf 92' lang='lat' dir='ltr'><strong>cum</strong></span> <span class='ocrx_word' id='word_1_868' title='bbox 1549 5734 1697 5790; x_wconf 89' lang='lat' dir='ltr'><strong>illum</strong></span> <span class='ocrx_word' id='word_1_869' title='bbox 1727 5736 1783 5792; x_wconf 88' lang='lat' dir='ltr'><strong>in</strong></span> <span class='ocrx_word' id='word_1_870' title='bbox 1817 5745 1961 5808; x_wconf 84' lang='lat' dir='ltr'><strong>pote-</strong></span> 
     </span>
    </p>
   </div>
   <div class='ocr_carea' id='block_1_108' title="bbox 2061 4554 3615 4641">
    <p class='ocr_par' dir='ltr' id='par_1_108' title="bbox 2061 4554 3615 4641">
     <span class='ocr_line' id='line_1_108' title="bbox 2061 4554 3615 4641; baseline -0.005 -18"><span class='ocrx_word' id='word_1_871' title='bbox 2061 4569 2169 4641; x_wconf 78' lang='grc' dir='ltr'>γὰρ</span> <span class='ocrx_word' id='word_1_872' title='bbox 2201 4568 2356 4632; x_wconf 85' lang='grc' dir='ltr'>πόλις</span> <span class='ocrx_word' id='word_1_873' title='bbox 2400 4569 2494 4623; x_wconf 85' lang='grc' dir='ltr'><strong>τοῦ</strong></span> <span class='ocrx_word' id='word_1_874' title='bbox 2545 4568 2719 4623; x_wconf 86' lang='grc' dir='ltr'>Σαοὺλ</span> <span class='ocrx_word' id='word_1_875' title='bbox 2751 4569 2969 4637; x_wconf 76' lang='grc' dir='ltr'>ἐλέγετο</span> <span class='ocrx_word' id='word_1_876' title='bbox 2998 4554 3137 4621; x_wconf 70' lang='grc' dir='ltr'>εἶναι</span> <span class='ocrx_word' id='word_1_877' title='bbox 3165 4569 3200 4638; x_wconf 79' lang='grc' dir='ltr'><strong>ἠ</strong></span> <span class='ocrx_word' id='word_1_878' title='bbox 3242 4567 3418 4638; x_wconf 78' lang='grc' dir='ltr'>Ῥαμὰ</span> <span class='ocrx_word' id='word_1_879' title='bbox 3439 4606 3455 4632; x_wconf 86' lang='grc'><strong>,</strong></span> <span class='ocrx_word' id='word_1_880' title='bbox 3482 4564 3540 4618; x_wconf 82' lang='grc' dir='ltr'>τὸ</span> <span class='ocrx_word' id='word_1_881' title='bbox 3572 4563 3615 4615; x_wconf 78' lang='grc' dir='ltr'><em>δ’</em></span> 
     </span>
    </p>
   </div>
   <div class='ocr_carea' id='block_1_109' title="bbox 2059 4654 3614 4731">
    <p class='ocr_par' dir='ltr' id='par_1_109' title="bbox 2059 4654 3614 4731">
     <span class='ocr_line' id='line_1_109' title="bbox 2059 4654 3614 4731; baseline -0.005 -18"><span class='ocrx_word' id='word_1_882' title='bbox 2059 4661 2373 4731; x_wconf 76' lang='grc' dir='ltr'>οἰκητήριον</span> <span class='ocrx_word' id='word_1_883' title='bbox 2416 4658 2638 4730; x_wconf 78' lang='grc' dir='ltr'>αὑτοῦὴ</span> <span class='ocrx_word' id='word_1_884' title='bbox 2683 4658 2887 4723; x_wconf 77' lang='grc' dir='ltr'>Γαὸεέ,</span> <span class='ocrx_word' id='word_1_885' title='bbox 2936 4657 3088 4712; x_wconf 77' lang='grc' dir='ltr'>οὔπω</span> <span class='ocrx_word' id='word_1_886' title='bbox 3131 4659 3228 4727; x_wconf 81' lang='grc' dir='ltr'>τῆς</span> <span class='ocrx_word' id='word_1_887' title='bbox 3282 4654 3614 4726; x_wconf 69' lang='grc' dir='ltr'>Ἰερουσαλὴμ</span> 
     </span>
    </p>
   </div>
   <div class='ocr_carea' id='block_1_110' title="bbox 2061 4744 3613 4822">
    <p class='ocr_par' dir='ltr' id='par_1_110' title="bbox 2061 4744 3613 4822">
     <span class='ocr_line' id='line_1_110' title="bbox 2061 4744 3613 4822; baseline -0.004 -19"><span class='ocrx_word' id='word_1_888' title='bbox 2061 4751 2168 4804; x_wconf 72' lang='grc' dir='ltr'>ὑπὸ</span> <span class='ocrx_word' id='word_1_889' title='bbox 2214 4749 2294 4820; x_wconf 83' lang='grc' dir='ltr'>τῷ</span> <span class='ocrx_word' id='word_1_890' title='bbox 2359 4744 2575 4822; x_wconf 78' lang='grc' dir='ltr'>Ἰσραὴλ</span> <span class='ocrx_word' id='word_1_891' title='bbox 2637 4749 2936 4821; x_wconf 86' lang='grc' dir='ltr'>γενομένης</span> <span class='ocrx_word' id='word_1_892' title='bbox 2958 4788 2973 4813; x_wconf 94' lang='grc'><strong>,</strong></span> <span class='ocrx_word' id='word_1_893' title='bbox 3037 4747 3149 4802; x_wconf 85' lang='grc' dir='ltr'>ἀλλ’</span> <span class='ocrx_word' id='word_1_894' title='bbox 3204 4746 3285 4799; x_wconf 77' lang='grc' dir='ltr'><strong>ἐτι</strong></span> <span class='ocrx_word' id='word_1_895' title='bbox 3320 4745 3613 4814; x_wconf 69' lang='grc' dir='ltr'>ἀλλοφύλων</span> 
     </span>
    </p>
   </div>
   <div class='ocr_carea' id='block_1_111' title="bbox 2059 4836 2293 4909">
    <p class='ocr_par' dir='ltr' id='par_1_111' title="bbox 2059 4836 2293 4909">
     <span class='ocr_line' id='line_1_111' title="bbox 2059 4836 2293 4909; baseline 0.009 -17"><span class='ocrx_word' id='word_1_896' title='bbox 2059 4839 2245 4909; x_wconf 73' lang='grc' dir='ltr'>οὔσης.</span> <span class='ocrx_word' id='word_1_897' title='bbox 2282 4836 2293 4843; x_wconf 75' lang='grc'><em>’</em></span> 
     </span>
    </p>
   </div>
   <div class='ocr_carea' id='block_1_112' title="bbox 2131 4925 3614 5002">
    <p class='ocr_par' dir='ltr' id='par_1_112' title="bbox 2131 4925 3614 5002">
     <span class='ocr_line' id='line_1_112' title="bbox 2131 4925 3614 5002; baseline -0.004 -19"><span class='ocrx_word' id='word_1_898' title='bbox 2131 4932 2174 4983; x_wconf 86' lang='grc' dir='ltr'><strong>Τ</strong></span> <span class='ocrx_word' id='word_1_899' title='bbox 2176 4929 2205 4983; x_wconf 79' lang='grc' dir='ltr'><strong>δ</strong></span> <span class='ocrx_word' id='word_1_900' title='bbox 2227 4931 2272 4984; x_wconf 85' lang='grc' dir='ltr'><em>δ’</em></span> <span class='ocrx_word' id='word_1_901' title='bbox 2299 4931 2608 5002; x_wconf 80' lang='grc' dir='ltr'>ἐπαρᾶσθαι</span> <span class='ocrx_word' id='word_1_902' title='bbox 2629 4930 2805 4984; x_wconf 84' lang='grc' dir='ltr'>δοκεῖν</span> <span class='ocrx_word' id='word_1_903' title='bbox 2831 4929 2923 4983; x_wconf 84' lang='grc' dir='ltr'><strong>τὸν</strong></span> <span class='ocrx_word' id='word_1_904' title='bbox 2943 4928 3126 4991; x_wconf 79' lang='grc' dir='ltr'><strong>Δαυῖδ,</strong></span> <span class='ocrx_word' id='word_1_905' title='bbox 3148 4928 3241 4981; x_wconf 75' lang='grc' dir='ltr'>καὶ</span> <span class='ocrx_word' id='word_1_906' title='bbox 3268 4926 3468 4994; x_wconf 86' lang='grc' dir='ltr'>λέγειν·</span> <span class='ocrx_word' id='word_1_907' title='bbox 3498 4925 3614 4978; x_wconf 68' lang='lat' dir='ltr'><strong>‘EJ-</strong></span> 
     </span>
    </p>
   </div>
   <div class='ocr_carea' id='block_1_113' title="bbox 2061 5014 3613 5086">
    <p class='ocr_par' dir='ltr' id='par_1_113' title="bbox 2061 5014 3613 5086">
     <span class='ocr_line' id='line_1_113' title="bbox 2061 5014 3613 5086; baseline -0.003 -8"><span class='ocrx_word' id='word_1_908' title='bbox 2061 5023 2207 5078; x_wconf 83' lang='grc' dir='ltr'>θέτω</span> <span class='ocrx_word' id='word_1_909' title='bbox 2238 5019 2495 5086; x_wconf 83' lang='grc' dir='ltr'>θάνατος</span> <span class='ocrx_word' id='word_1_910' title='bbox 2519 5021 2612 5073; x_wconf 81' lang='grc' dir='ltr'><strong>ἐπ’</strong></span> <span class='ocrx_word' id='word_1_911' title='bbox 2637 5020 2885 5085; x_wconf 79' lang='grc' dir='ltr'>αὐτοὺς,</span> <span class='ocrx_word' id='word_1_912' title='bbox 2929 5019 3026 5073; x_wconf 80' lang='grc' dir='ltr'>καὶ</span> <span class='ocrx_word' id='word_1_913' title='bbox 3071 5016 3498 5081; x_wconf 77' lang='grc' dir='ltr'>καταϐήτωσαν</span> <span class='ocrx_word' id='word_1_914' title='bbox 3537 5014 3613 5077; x_wconf 77' lang='grc' dir='ltr'>εις</span> 
     </span>
    </p>
   </div>
   <div class='ocr_carea' id='block_1_114' title="bbox 2062 5105 3614 5180">
    <p class='ocr_par' dir='ltr' id='par_1_114' title="bbox 2062 5105 3614 5180">
     <span class='ocr_line' id='line_1_114' title="bbox 2062 5105 3614 5180; baseline -0.008 -14"><span class='ocrx_word' id='word_1_915' title='bbox 2062 5112 2209 5180; x_wconf 80' lang='grc' dir='ltr'>ᾅδου</span> <span class='ocrx_word' id='word_1_916' title='bbox 2241 5110 2452 5176; x_wconf 69' lang='grc' dir='ltr'>ζῶντες</span> <span class='ocrx_word' id='word_1_917' title='bbox 2476 5148 2492 5173; x_wconf 89' lang='grc'><strong>,</strong></span> <span class='ocrx_word' id='word_1_918' title='bbox 2522 5110 2681 5163; x_wconf 82' lang='grc' dir='ltr'>ποίαν</span> <span class='ocrx_word' id='word_1_919' title='bbox 2703 5109 2815 5180; x_wconf 75' lang='grc' dir='ltr'>ἔχοι</span> <span class='ocrx_word' id='word_1_920' title='bbox 2854 5108 3169 5178; x_wconf 80' lang='grc' dir='ltr'>συμφωνίαν</span> <span class='ocrx_word' id='word_1_921' title='bbox 3202 5106 3337 5177; x_wconf 73' lang='grc' dir='ltr'>πρὸς</span> <span class='ocrx_word' id='word_1_922' title='bbox 3356 5105 3417 5158; x_wconf 83' lang='grc' dir='ltr'><strong>τὸ</strong></span> <span class='ocrx_word' id='word_1_923' title='bbox 3446 5118 3614 5173; x_wconf 83' lang='grc' dir='ltr'>σεμνο·</span> 
     </span>
    </p>
   </div>
   <div class='ocr_carea' id='block_1_115' title="bbox 2060 5187 3612 5269">
    <p class='ocr_par' dir='ltr' id='par_1_115' title="bbox 2060 5187 3612 5269">
     <span class='ocr_line' id='line_1_115' title="bbox 2060 5187 3612 5269; baseline -0.008 -17"><span class='ocrx_word' id='word_1_924' title='bbox 2060 5200 2280 5269; x_wconf 81' lang='grc' dir='ltr'>λόγημα</span> <span class='ocrx_word' id='word_1_925' title='bbox 2309 5199 2407 5269; x_wconf 81' lang='grc' dir='ltr'>τῆς</span> <span class='ocrx_word' id='word_1_926' title='bbox 2434 5197 2778 5267; x_wconf 82' lang='grc' dir='ltr'>ὑμνουμένης</span> <span class='ocrx_word' id='word_1_927' title='bbox 2804 5194 2968 5248; x_wconf 87' lang='grc' dir='ltr'>αὐτοῦ</span> <span class='ocrx_word' id='word_1_928' title='bbox 3001 5194 3220 5267; x_wconf 68' lang='grc' dir='ltr'>ἀρετῆς,</span> <span class='ocrx_word' id='word_1_929' title='bbox 3256 5193 3341 5260; x_wconf 82' lang='grc' dir='ltr'><strong>ἐφ’</strong></span> <span class='ocrx_word' id='word_1_930' title='bbox 3365 5187 3434 5262; x_wconf 74' lang='grc' dir='ltr'>ἧς</span> <span class='ocrx_word' id='word_1_931' title='bbox 3457 5190 3612 5257; x_wconf 76' lang='grc' dir='ltr'>λέγων</span> 
     </span>
    </p>
   </div>
   <div class='ocr_carea' id='block_1_116' title="bbox 2060 5274 3613 5356">
    <p class='ocr_par' dir='ltr' id='par_1_116' title="bbox 2060 5274 3613 5356">
     <span class='ocr_line' id='line_1_116' title="bbox 2060 5274 3613 5356; baseline -0.009 -15"><span class='ocrx_word' id='word_1_932' title='bbox 2060 5286 2472 5356; x_wconf 80' lang='grc' dir='ltr'>ἀναγέγραπται</span> <span class='ocrx_word' id='word_1_933' title='bbox 2491 5301 2503 5312; x_wconf 94' lang='grc'><strong>·</strong></span> <span class='ocrx_word' id='word_1_934' title='bbox 2524 5286 2599 5336; x_wconf 79' lang='grc' dir='ltr'><strong>ΕΖ</strong></span> <span class='ocrx_word' id='word_1_935' title='bbox 2613 5281 3001 5337; x_wconf 79' lang='grc' dir='ltr'>ἀνταπέδωκα</span> <span class='ocrx_word' id='word_1_936' title='bbox 3014 5281 3138 5347; x_wconf 80' lang='grc' dir='ltr'>τοῖς</span> <span class='ocrx_word' id='word_1_937' title='bbox 3161 5274 3613 5336; x_wconf 68' lang='grc' dir='ltr'>ἀηαποδιδοῦσί</span> 
     </span>
    </p>
   </div>
   <div class='ocr_carea' id='block_1_117' title="bbox 2055 5364 3611 5444">
    <p class='ocr_par' dir='ltr' id='par_1_117' title="bbox 2055 5364 3611 5444">
     <span class='ocr_line' id='line_1_117' title="bbox 2055 5364 3611 5444; baseline -0.003 -17"><span class='ocrx_word' id='word_1_938' title='bbox 2055 5392 2155 5444; x_wconf 81' lang='grc' dir='ltr'>μοι</span> <span class='ocrx_word' id='word_1_939' title='bbox 2174 5378 2350 5441; x_wconf 74' lang='grc' dir='ltr'>κακὰ,</span> <span class='ocrx_word' id='word_1_940' title='bbox 2380 5364 2754 5439; x_wconf 74' lang='grc' dir='ltr'>ἀποπεσείην</span> <span class='ocrx_word' id='word_1_941' title='bbox 2791 5370 2905 5440; x_wconf 81' lang='grc' dir='ltr'>ἄρα</span> <span class='ocrx_word' id='word_1_942' title='bbox 2940 5370 3058 5425; x_wconf 77' lang='grc' dir='ltr'><strong>ἀπὸ</strong></span> <span class='ocrx_word' id='word_1_943' title='bbox 3099 5369 3216 5424; x_wconf 84' lang='grc' dir='ltr'><strong>τῶν</strong></span> <span class='ocrx_word' id='word_1_944' title='bbox 3255 5369 3483 5440; x_wconf 81' lang='grc' dir='ltr'>ἐχθρῶν</span> <span class='ocrx_word' id='word_1_945' title='bbox 3506 5381 3611 5436; x_wconf 85' lang='grc' dir='ltr'><strong>μου</strong></span> 
     </span>
    </p>
   </div>
   <div class='ocr_carea' id='block_1_118' title="bbox 2062 5457 3611 5535">
    <p class='ocr_par' dir='ltr' id='par_1_118' title="bbox 2062 5457 3611 5535">
     <span class='ocr_line' id='line_1_118' title="bbox 2062 5457 3611 5535; baseline -0.015 -3"><span class='ocrx_word' id='word_1_946' title='bbox 2062 5466 2274 5531; x_wconf 78' lang='grc' dir='ltr'>κενόςὶ</span> <span class='ocrx_word' id='word_1_947' title='bbox 2305 5464 2366 5517; x_wconf 70' lang='grc' dir='ltr'><strong>τὸ</strong></span> <span class='ocrx_word' id='word_1_948' title='bbox 2393 5464 2501 5535; x_wconf 69' lang='grc' dir='ltr'>γὰρ</span> <span class='ocrx_word' id='word_1_949' title='bbox 2526 5463 2782 5525; x_wconf 87' lang='grc' dir='ltr'>τοιαύτας</span> <span class='ocrx_word' id='word_1_950' title='bbox 2822 5462 2963 5533; x_wconf 67' lang='grc' dir='ltr'>ἀρὰς</span> <span class='ocrx_word' id='word_1_951' title='bbox 3000 5458 3359 5530; x_wconf 83' lang='grc' dir='ltr'>κατεύχεσθαι</span> <span class='ocrx_word' id='word_1_952' title='bbox 3394 5459 3499 5511; x_wconf 81' lang='grc' dir='ltr'>τῶν</span> <span class='ocrx_word' id='word_1_953' title='bbox 3530 5457 3611 5526; x_wconf 65' lang='lat' dir='ltr'><strong>ix-</strong></span> 
     </span>
    </p>
   </div>
   <div class='ocr_carea' id='block_1_119' title="bbox 2061 5549 3611 5629">
    <p class='ocr_par' dir='ltr' id='par_1_119' title="bbox 2061 5549 3611 5629">
     <span class='ocr_line' id='line_1_119' title="bbox 2061 5549 3611 5629; baseline -0.007 -18"><span class='ocrx_word' id='word_1_954' title='bbox 2061 5556 2225 5629; x_wconf 74' lang='grc' dir='ltr'>θρῶν,</span> <span class='ocrx_word' id='word_1_955' title='bbox 2256 5557 2355 5610; x_wconf 87' lang='grc' dir='ltr'><strong>ούκ</strong></span> <span class='ocrx_word' id='word_1_956' title='bbox 2382 5556 2448 5609; x_wconf 77' lang='grc' dir='ltr'><strong>ἂν</strong></span> <span class='ocrx_word' id='word_1_957' title='bbox 2475 5556 2562 5625; x_wconf 82' lang='grc' dir='ltr'>εἵη</span> <span class='ocrx_word' id='word_1_958' title='bbox 2588 5552 2681 5607; x_wconf 90' lang='grc' dir='ltr'><strong>τοῦ</strong></span> <span class='ocrx_word' id='word_1_959' title='bbox 2709 5551 3036 5619; x_wconf 79' lang='grc' dir='ltr'>ἀνεξικάκου·</span> <span class='ocrx_word' id='word_1_960' title='bbox 3066 5549 3227 5604; x_wconf 80' lang='grc' dir='ltr'>Δαυῒό</span> <span class='ocrx_word' id='word_1_961' title='bbox 3249 5591 3264 5613; x_wconf 93' lang='grc'><strong>,</strong></span> <span class='ocrx_word' id='word_1_962' title='bbox 3294 5550 3354 5612; x_wconf 81' lang='grc' dir='ltr'>ὃς</span> <span class='ocrx_word' id='word_1_963' title='bbox 3400 5549 3611 5603; x_wconf 76' lang='grc' dir='ltr'>πάντοτε</span> 
     </span>
    </p>
   </div>
   <div class='ocr_carea' id='block_1_120' title="bbox 2059 5636 3612 5718">
    <p class='ocr_par' dir='ltr' id='par_1_120' title="bbox 2059 5636 3612 5718">
     <span class='ocr_line' id='line_1_120' title="bbox 2059 5636 3612 5718; baseline -0.008 -17"><span class='ocrx_word' id='word_1_964' title='bbox 2059 5647 2235 5718; x_wconf 82' lang='grc' dir='ltr'>τιμῶν</span> <span class='ocrx_word' id='word_1_965' title='bbox 2277 5648 2372 5700; x_wconf 77' lang='grc' dir='ltr'><strong>καὶ</strong></span> <span class='ocrx_word' id='word_1_966' title='bbox 2411 5644 2571 5708; x_wconf 77' lang='grc' dir='ltr'>σέϐας</span> <span class='ocrx_word' id='word_1_967' title='bbox 2607 5644 2746 5715; x_wconf 70' lang='grc' dir='ltr'><strong>ἔχων</strong></span> <span class='ocrx_word' id='word_1_968' title='bbox 2794 5640 2889 5697; x_wconf 89' lang='grc' dir='ltr'><strong>τοῦ</strong></span> <span class='ocrx_word' id='word_1_969' title='bbox 2921 5642 3110 5702; x_wconf 81' lang='grc' dir='ltr'>Σαοὺλ,</span> <span class='ocrx_word' id='word_1_970' title='bbox 3148 5640 3225 5704; x_wconf 83' lang='grc' dir='ltr'>ὡς</span> <span class='ocrx_word' id='word_1_971' title='bbox 3271 5640 3406 5716; x_wconf 66' lang='grc' dir='ltr'>μηξὲ</span> <span class='ocrx_word' id='word_1_972' title='bbox 3428 5636 3612 5708; x_wconf 73' lang='grc' dir='ltr'>τολμᾷν</span> 
     </span>
    </p>
   </div>
   <div class='ocr_carea' id='block_1_121' title="bbox 2063 5728 3612 5810">
    <p class='ocr_par' dir='ltr' id='par_1_121' title="bbox 2063 5728 3612 5810">
     <span class='ocr_line' id='line_1_121' title="bbox 2063 5728 3612 5810; baseline -0.01 -15"><span class='ocrx_word' id='word_1_973' title='bbox 2063 5737 2383 5795; x_wconf 75' lang='grc' dir='ltr'>ἐπιϐάλλειν</span> <span class='ocrx_word' id='word_1_974' title='bbox 2401 5736 2549 5809; x_wconf 84' lang='grc' dir='ltr'>αύτῷ</span> <span class='ocrx_word' id='word_1_975' title='bbox 2571 5739 2776 5810; x_wconf 82' lang='grc' dir='ltr'>χεῖρας,</span> <span class='ocrx_word' id='word_1_976' title='bbox 2799 5736 2888 5788; x_wconf 81' lang='grc' dir='ltr'>ὅτε</span> <span class='ocrx_word' id='word_1_977' title='bbox 2912 5735 3007 5793; x_wconf 77' lang='grc' dir='ltr'>καί.</span> <span class='ocrx_word' id='word_1_978' title='bbox 3026 5751 3155 5789; x_wconf 87' lang='grc' dir='ltr'>ποτε</span> <span class='ocrx_word' id='word_1_979' title='bbox 3194 5733 3496 5805; x_wconf 78' lang='grc' dir='ltr'>ὑποχείριον</span> <span class='ocrx_word' id='word_1_980' title='bbox 3528 5728 3612 5782; x_wconf 76' lang='grc' dir='ltr'>αὐο</span> 
     </span>
    </p>
   </div>
  </div>
