3822 6280
166 395 263 452 ηδ

1285 390 1787 448 ΕΟΜΜΕΝΤΑΒΙΑ
1828 389 1891 444 ιΝ
1932 388 2270 446 PSALMOS.
2324 450 2329 453 ,

3302 399 3406 452 ιτι

168 510 250 562 τὸν
273 508 509 579 εἴληφεν,
560 511 621 577 ἐξ
653 512 818 581 αὐτῆς
845 512 1119 565 δείκνυται
1168 512 1268 580 τῆς
1297 510 1555 581 ἱστορίας.
1613 508 1722 562 Καὶ

1830 512 1963 559 state
1991 506 2199 560 babuit.
2268 505 2332 560 Et
2362 505 2415 559 in
2439 488 2794 575 sequentibus
2827 508 2977 563 addit
3012 530 3023 564 :
3057 508 3255 563 Molliti
3286 521 3409 562 sunt

170 597 359 670 προῖὼν
390 599 447 653 δὲ
477 601 719 669 ἐπιλέγει
742 617 755 630 ⁸
793 601 1251 667 Ἠπαὰὐνθησαν
1282 603 1336 653 οι
1354 601 1521 669 λόγοι
1542 598 1729 656 αὐτοῦ

171 688 308 754 ὑπὲρ
332 688 565 751 ἔλαιον,
592 691 689 743 καί
708 690 880 745 αὐτοί
910 692 1029 743 εισι
1073 689 1342 755 βολίδες.
1374 689 1507 741 Τίνα
1542 685 1635 741 οὖν
1664 688 1729 742 ἀν

170 796 243 841 τις
268 778 371 849 ἔχοι
409 778 583 845 δεῖξαι
612 782 699 832 τὸν
726 780 897 834 ταῦτα
923 781 1002 850 τῷ
1028 780 1188 833 Δαυῒδ
1218 780 1586 851 πεποιηκότα;
1642 778 1729 843 Ἐξ

171 864 506 922 ὦνάπάντων
538 871 777 941 ἡγοῦμαι
823 872 896 943 μὴ
948 872 1133 943 χώραν
1167 872 1311 943 ἔχειν
1356 870 1728 942 ἀναφέρεσθαι

171 961 231 1015 τὰ
263 962 596 1032 προκείμενα
629 965 719 1016 ἐπὶ
743 966 805 1016 τὸ
831 966 925 1018 τοῦ
956 966 1119 1021 Δαυῖδ
1148 968 1436 1038 πρόσωπον
1460 983 1474 997 ⁶
1513 982 1729 1037 προφη-

172 1057 282 1123 τικῇ
311 1055 364 1107 δὲ
392 1051 549 1125 οἶμαι
573 1058 797 1128 δυνάμει
823 1058 1071 1128 λελέχθαι
1107 1059 1243 1113 αὑτά
1268 1097 1281 1121 ,
1314 1048 1405 1112 κάὶ
1445 1060 1538 1111 ἐπὶ
1570 1060 1727 1129 μόνον

171 1143 251 1197 τὸν
279 1145 498 1217 Σωτῆρα
522 1149 622 1200 καὶ
652 1136 853 1217 Κύριον
878 1149 1033 1218 ἡμῶν
1056 1149 1405 1203 συνίστασθαι
1432 1149 1726 1219 πεπληρω-

174 1234 313 1301 μένα,
336 1237 443 1299 ὅτε,
476 1242 619 1290 κατά
637 1239 697 1291 τὸ
732 1241 863 1291 αὐτὸ
885 1241 1235 1309 συναχθέντες
1256 1242 1305 1293 οἱ
1332 1242 1425 1295 τοῦ
1462 1242 1727 1294 Ἰουδαίων

172 1323 334 1389 ἔθνους
389 1326 652 1397 ἄρχοντες
707 1331 798 1381 ἐπὶ
847 1330 948 1400 τῆς
1011 1331 1385 1401 Ἰερουσαλὴμ,
1452 1332 1726 1403 συνέδριον

171 1418 471 1486 ἐποιήσαντο
497 1420 597 1472 καὶ
628 1421 839 1490 σκέψιν,
883 1422 1031 1484 ὅπως
1063 1423 1227 1475 αὐτὸν
1256 1424 1592 1477 ἀπολέσωσιν
1614 1440 1627 1453 ·
1667 1426 1726 1477 ὲν

169 1501 207 1574 ᾧ
233 1510 275 1560 οἱ
306 1510 398 1578 μὲν
441 1510 674 1565 θάνατον
706 1512 870 1566 αὑτοῦ
921 1514 1392 1585 κατεψηφίσαντω
1435 1515 1616 1586 ἓτεροι
1669 1515 1727 1568 δὲ

171 1602 451 1670 ἀντέλεγον,
508 1605 587 1667 ὡς
638 1607 667 1657 ό
715 1606 1020 1675 Νικόδημος
1076 1606 1278 1674 λέγων·
1326 1606 1424 1673 Μὴ
1468 1610 1500 1659 ὀ
1544 1608 1727 1674 νόμος

173 1690 319 1758 ἡμῶν
338 1695 679 1760 κατακρίνει
707 1694 813 1746 τὸν
851 1695 1184 1762 ἄνθρωπον,
1220 1698 1272 1749 εί
1287 1696 1372 1763 μή
1404 1713 1457 1749 τι
1490 1696 1725 1763 ἀκούσῃ

171 1783 285 1847 παρ’
312 1784 531 1846 animi};
568 1785 734 1838 Ταῦτ’
781 1782 873 1839 οὗν
908 1786 1263 1856 προφητικῶς
1293 1788 1355 1839 τὸ
1408 1787 1630 1856 Πνεῦμα
1663 1787 1724 1840 τὸ

172 1869 304 1935 ἀγιον
334 1871 692 1935 ἀποθεσπίζει
724 1873 809 1925 διὰ
842 1874 950 1926 τῶν
976 1876 1348 1945 προκειμένων
1375 1876 1560 1942 λέγον·
1594 1877 1722 1929 Ὅτι

169 1955 309 2011 εἶδον
329 1961 585 2029 ἀνομίαν
609 1964 703 2017 καὶ
725 1965 1076 2034 ἀντιλογίαν
1101 1967 1172 2018 ἐν
1199 1965 1272 2033 τῇ
1298 1968 1469 2019 πόλει
1500 1966 1725 2036 ἡμέρας

170 2050 250 2101 καὶ
273 2053 503 2117 νυκτός.
538 2055 733 2123 Σαφῶς
755 2056 810 2109 δὲ
853 2058 946 2108 καὶ
980 2059 1011 2126 ἡ
1039 2057 1131 2109 τοῦ
1172 2059 1504 2125 Εὑαγγελίου
1537 2060 1722 2130 γραφὴ

173 2145 410 2213 μαρτυρΞί
454 2148 519 2215 τῇ
575 2148 918 2217 προφητεία,
958 2150 1049 2201 ἐπὶ
1079 2150 1171 2201 τὸν
1217 2150 1480 2220 προδότην
1522 2149 1722 2204 Ἰούδαν

170 2231 443 2285 ἐκλαϐοὖσα
467 2235 548 2296 τὸ,
575 2238 646 2288 El
679 2240 711 2289 ό
744 2237 956 2305 ἐχθρός
985 2237 1259 2290 ὠνείδισέ
1276 2255 1354 2306 με
1372 2280 1387 2301 ,
1412 2238 1722 2307 ὑπήνεγκα

168 2322 258 2372 ἀν’
291 2322 381 2375 καὶ
413 2327 465 2377 εί
488 2328 521 2377 ό
544 2324 748 2393 μισῶν
778 2344 875 2394 με,
907 2328 999 2379 ἐπ’
1030 2327 1135 2395 ἐμὲ
1171 2328 1723 2398 ἐμεταλορῤημόνηυ

168 2427 279 2476 σεν,
305 2414 562 2483 ἐκρύϐην
599 2415 677 2469 ἂν
703 2418 804 2470 ἀπ’
828 2417 1037 2471 αὐτοῦ.
1068 2419 1151 2471 Σὺ
1180 2418 1266 2482 δὲ,
1304 2420 1576 2487 ἄνθρωπε
1606 2423 1723 2474 ίσό-

170 2506 325 2572 ψυχε,
351 2506 440 2559 καὶ
468 2506 537 2558 τὰ
579 2506 728 2577 ἑξῆς.
778 2509 930 2561 Ἐπεὶ
959 2510 1139 2561 τοίνυν
1187 2512 1280 2562 καὶ¹
1320 2513 1351 2580 ή
1408 2512 1722 2581 σύμφρασις

169 2591 260 2643 τῶν
280 2593 444 2660 λόγων
480 2596 585 2649 οὐκ
632 2597 805 2659 ἄλλως
849 2598 1242 2669 πεπληρῶσθαι
1279 2600 1716 2671 ἀποδείκνυταιῆ

169 2681 242 2734 διὰ
259 2682 354 2735 τῶν
379 2686 455 2747 εἰς
477 2685 571 2737 τὸν
601 2685 827 2756 Σωτῆρα
850 2689 1277 2758 πεπραγμένων,
1302 2691 1336 2760 ἥ
1356 2706 1416 2741 τε
1449 2692 1720 2762 μαρτυρία

170 2772 252 2841 τῆς
275 2774 628 2846 εὺαΠελικῆς
657 2779 1012 2849 παραθέσεως
1038 2781 1130 2833 ἐπὶ
1167 2783 1257 2834 τὸν
1284 2783 1547 2853 προδότην
1594 2784 1721 2836 ἀνα-

171 2861 376 2931 φέρειτὺ
398 2864 695 2935 προλεχθὲν
735 2867 900 2936 μέρος
944 2866 1038 2919 τοῦ
1080 2867 1541 2938 ἀναγνώσματος’
1592 2868 1722 2921 ἀκό-

172 2948 331 3002 λουθον
355 2954 417 3005 ἂν
449 2954 532 3023 εἴη
562 2954 660 3006 καὶ
684 2956 830 3023 ἡμᾶς
859 2956 951 3008 ἐπὶ
976 2956 1068 3008 τὸν
1099 2958 1288 3028 καιρὸν
1321 2958 1412 3010 τοῦ
1441 2958 1717 3030 Σωτηρίου

150 3040 346 3103 πάθους
372 3042 467 3112 τῆν
493 3043 781 3113 παροῦσαν
805 3045 1063 3098 ἐκλαϐεῖν
1080 3047 1435 3116 προφητείαν,
1463 3048 1632 3112 δεῖξαί
1658 3066 1716 3101 τε

1832 613 2095 651 sermones
2110 596 2224 665 ejus
2242 613 2396 666 super
2420 596 2612 661 oleum,
2632 608 2680 651 et
2709 599 2807 666 ipsi
2823 610 2943 653 sunt
2961 599 3169 668 jacula.
3205 599 3409 666 Quem-

1830 699 1957 749 nam
1992 683 2237 753 proferre
2267 686 2394 755 quis
2425 688 2603 741 valeat
2631 688 2722 756 qui
2766 688 2879 741 haec
2914 689 2966 743 in
3004 689 3258 743 Davidem
3290 706 3412 757 ege-

1831 775 1934 828 rit?
1962 775 2037 828 Ex
2066 776 2267 844 quibus
2291 777 2547 831 omnibus
2578 784 2789 833 testimo
2820 794 2929 831 non
2964 795 3123 847 posse
3155 780 3221 833 ad
3252 778 3409 833 Davi-

1828 867 1914 922 dis
1942 884 2229 934 personam
2276 870 2389 924 luet:
2422 868 2649 936 referri;
2692 872 2785 925 sed
2840 872 3156 941 prophetica
3186 873 3238 925 vi
3267 874 3409 926 arbi-

1827 966 1944 1012 tror
1995 961 2140 1014 dicta
2192 973 2335 1023 esse,
2388 972 2441 1013 et
2490 962 2544 1014 in
2600 978 2707 1015 uno
2739 961 3021 1015 Salvatore
3077 972 3130 1016 et
3176 962 3406 1018 Domino

1826 1059 2018 1104 nostro
2046 1052 2336 1119 completa,
2367 1052 2589 1121 quando
2621 1051 2863 1108 Iudaicae
2892 1054 3069 1122 gentis
3106 1054 3404 1123 principes,

1828 1144 2215 1216 Hierosolyma)
2238 1146 2293 1199 in
2310 1162 2478 1200 unum
2500 1148 2838 1216 congregati,
2858 1161 3181 1201 consessum
3203 1161 3268 1200 ac
3281 1162 3409 1201 con-

1826 1238 2009 1291 silium
2063 1238 2337 1299 inierunt,
2365 1238 2638 1305 quomodo
2674 1254 2796 1293 eum
2830 1239 3121 1307 perderent
3158 1256 3170 1291 :
3219 1238 3271 1291 in
3298 1253 3408 1306 quo

1827 1328 1916 1380 alii
1946 1327 2165 1396 quidem
2204 1328 2403 1397 capitis
2430 1329 2794 1393 damnabant;
2829 1328 2921 1381 alii
2952 1328 3314 1390 obsistebant,
3350 1337 3409 1386 ut

1826 1418 2157 1477 Nicodemus
2177 1420 2269 1486 qui
2300 1418 2517 1471 dicebat
2548 1438 2561 1473 :
2600 1416 2855 1488 Nunquid
2882 1420 2965 1471 lea:
2990 1428 3176 1472 nostra
3195 1418 3407 1486 judicat

1826 1511 2108 1573 hominem,
2144 1512 2248 1564 nisi
2276 1512 2424 1579 prius
2451 1511 2680 1564 audierit
2716 1511 2779 1563 ab
2805 1514 2915 1578 ipso
2938 1512 3027 1567 "3’
3071 1510 3195 1564 Haec
3224 1512 3407 1580 itaque

1826 1604 2140 1673 prophetice
2173 1604 2411 1672 Spiritus
2455 1611 2683 1658 sanctus
2716 1604 2869 1658 hisce
2914 1604 3100 1658 verbis
3146 1603 3406 1657 vaticina-

1828 1708 1933 1756 tur.
1972 1697 2236 1763 Quoniam
2262 1697 2368 1749 vidi
2400 1697 2730 1765 iniquitatem
2756 1705 2804 1748 et
2848 1694 3317 1747 contradictionem
3350 1694 3407 1747 in

1827 1790 2037 1843 civitate
2072 1788 2158 1841 die
2201 1805 2263 1840 ac
2305 1798 2471 1841 nocte.
2519 1790 2718 1858 Aperte
2764 1801 2927 1855 porro
2960 1785 3234 1854 Evangelii
3273 1787 3409 1839 scri-

1825 1888 1981 1947 ptura
2010 1876 2349 1946 prophetiam
2376 1876 2591 1935 asserit,
2618 1874 2730 1928 haec
2755 1875 2821 1927 de.
2845 1873 3124 1942 proditore
3143 1871 3282 1926 Jnda
3300 1888 3409 1925 oc-

1824 1970 2031 2039 cipiens
2053 2009 2067 2031 ,
2119 1968 2181 2022 Si
2205 1968 2450 2020 inimicus
2476 1983 2619 2019 meus
2651 1964 3015 2037 maiedixisset
3058 1964 3210 2025 milii,
3248 1966 3410 2017 susti-

1824 2061 2051 2113 nuissem
2070 2060 2248 2128 utique
2275 2075 2291 2110 :
2322 2067 2371 2111 et
2396 2059 2442 2111 si
2468 2058 2512 2110 is
2534 2057 2623 2126 qui
2654 2057 2837 2110 oderat
2866 2071 2967 2119 me,
3000 2070 3155 2122 super
3181 2070 3262 2106 me
3288 2071 3406 2106 ma-

1822 2169 1927 2222 gna
1988 2153 2195 2205 locutus
2258 2151 2481 2219 fuisset,
2519 2134 2909 2202 abscondissem
2957 2165 3039 2202 me
3084 2147 3309 2216 forsitan
3339 2146 3406 2198 ab

1822 2259 1901 2296 eo.
1970 2242 2047 2296 Tu
2078 2258 2194 2296 vero
2224 2241 2379 2294 homo
2424 2240 2727 2301 unanimis,
2781 2246 3078 2293 etcagtera.
3134 2236 3405 2301 Quoniam

1822 2346 1954 2400 ergo
1981 2331 2273 2385 verborum
2312 2330 2509 2384 seriem
2543 2344 2649 2382 non
2679 2329 2785 2381 alio
2818 2327 3000 2391 modo,
3036 2342 3200 2396 quam
3228 2330 3281 2381 in
3310 2328 3408 2381 ad-

1823 2423 2010 2478 missis
2053 2431 2244 2476 contra
2305 2420 2644 2475 Salvatorem
2696 2418 3074 2479 facinoribus,
3129 2418 3405 2487 impletum

1821 2528 1945 2567 esse
1972 2512 2395 2581 comprobatur;
2443 2519 2609 2579 atque
2637 2508 2967 2579 evangelicae
3010 2507 3294 2564 sentcntiae
3326 2515 3409 2561 te-

1823 2604 2139 2657 stimonium
2196 2611 2553 2657 memoratam
2608 2602 2859 2656 lectionis
2895 2609 3105 2671 partem
3140 2601 3205 2654 ad
3231 2600 3404 2669 prodi~

1823 2704 1993 2747 torem
2025 2694 2220 2758 refert;
2252 2702 2680 2747 consentaneum
2715 2708 2849 2748 sane
2873 2693 3038 2746 fuerit
3058 2706 3161 2744 nos
3187 2705 3408 2759 quoque

1821 2780 1888 2834 de
1912 2789 2158 2850 tempore
2182 2779 2450 2834 Salutaris
2479 2780 2755 2849 passionis
2777 2781 2917 2832 hanc
2940 2778 3280 2848 prophetiam
3314 2792 3410 2830 ac-

1821 2880 2205 2938 cnpere,atque
2234 2878 2671 2923 commonstrare
2698 2868 2909 2937 singula
2945 2868 3019 2921 ibi
3055 2868 3239 2932 allata,
3270 2874 3409 2920 teni»

1814 2975 1952 3029 .pore
1979 2959 2303 3015 insidiarum
2333 2966 2527 3012 contra
2556 2958 2895 3012 Salvatorem
2924 2964 3176 3025 nostrum
3194 2996 3209 3020 ,
3246 2956 3406 3010 ﬁnem

1822 3047 2537 3118 accepisse.inscriptionis
2570 3049 2753 3116 itaque
2781 3048 2943 3102 verba
2966 3047 3079 3114 jam
3112 3047 3179 3099 ad
3206 3046 3409 3100 intelli-

170 3129 348 3184 ἕκαστα
377 3132 480 3184 τῶν
515 3136 577 3187 ὲν
611 3134 782 3206 ταύτῃ
804 3135 1117 3207 φερομένων
1145 3138 1202 3189 ἐν
1245 3137 1420 3207 καιρῷ
1450 3138 1548 3207 τῆς
1578 3138 1717 3192 κατὰ

1830 3142 2058 3210 gentiam
2092 3142 2364 3196 dictorum
2413 3155 2515 3194 nos
2563 3146 2881 3209 provocant,
2918 3146 3082 3208 atque
3131 3137 3199 3191 ad
3246 3138 3407 3191 ﬁnem

170 3219 248 3272 τοῦ
273 3222 506 3295 Σωτῆρος
530 3224 690 3294 ήμῶν
718 3224 1008 3295 ἐπιϐουλῆς
1038 3226 1223 3289 τέλους
1248 3229 1602 3297 τετυχηκότα.
1639 3229 1721 3282 Τὰ

1830 3232 2126 3295 remittunt,
2161 3232 2289 3300 quia
2325 3231 2439 3284 haec
2471 3232 2525 3283 in
2553 3229 3030 3283 consummatione
3060 3228 3245 3283 saeculi
3288 3228 3410 3296 ipso

174 3307 255 3374 μὲν
295 3306 380 3362 οὖν
422 3312 518 3381 τῆς
549 3313 877 3382 προγραφῆς
922 3315 1016 3366 καὶ
1063 3314 1157 3366 νῦν
1198 3317 1345 3385 ἡμᾶς
1378 3317 1471 3368 ἐπὶ
1507 3316 1722 3370 σύνεσιν

172 3397 390 3471 διεγείρει
418 3404 524 3455 τῶν
564 3404 978 3475 ἐμφερομένων,
1020 3406 1114 3457 καὶ
1142 3409 1222 3468 είς
1255 3407 1316 3459 τὸ
1347 3408 1499 3471 τέλος
1522 3408 1578 3461 δὲ
1614 3425 1721 3459 πα-

175 3491 440 3560 ραπέμπει,
474 3494 564 3547 διά
593 3496 653 3547 τὸ
682 3496 772 3546 ἐπὶ
795 3495 1073 3567 συντελείᾳ
1103 3495 1197 3547 τοῦ
1227 3496 1421 3559 αἰῶνος
1447 3498 1516 3550 δι’
1544 3496 1724 3568 ἔργων

175 3580 291 3633 αὐτά
316 3584 725 3655 πεπληρῶσθαι.
752 3586 981 3656 Εἴρηται
1038 3586 1095 3638 δὲ
1145 3587 1238 3639 καὶ
1278 3588 1347 3639 ἐν
1384 3588 1626 3655 ὕμνοις·
1660 3589 1714 3657 ἢ,

177 3669 294 3724 κατά
320 3675 402 3726 τὸν
442 3676 698 3741 Ἀκύλαν,
727 3680 796 3731 ἐν
832 3679 1091 3748 ψαλμοῖς
1116 3698 1129 3709 ο
1159 3681 1216 3750 ἢ,
1247 3681 1388 3734 κατά
1440 3684 1531 3734 τὸν
1570 3682 1716 3753 Σύμ-

178 3777 340 3830 μαχον,
371 3764 462 3819 διὰ
489 3769 842 3835 ψαλτηρίων
861 3785 873 3797 ·
910 3770 1099 3838 ἐπειδὴ
1127 3770 1186 3821 τὸ
1215 3770 1365 3832 τέλος
1392 3771 1483 3823 τοῦ
1516 3773 1721 3837 πάθους

1823 3337 1990 3391 opere
2025 3320 2267 3391 perfecta
2303 3328 2451 3375 sunt.
2518 3318 2732 3372 Dictum
2767 3333 2897 3372 vero
2926 3326 3046 3382 est,
3080 3319 3135 3370 in
3160 3317 3408 3386 hymnis;

1824 3414 1960 3476 sive,
1998 3413 2301 3468 secundum
2333 3412 2619 3480 Aquilam,
2658 3412 2712 3463 in
2740 3411 2999 3477 psalmis;
3035 3410 3185 3474 sive,
3211 3423 3412 3463 secun-

1827 3506 1956 3559 dum
1990 3504 2402 3574 Symmachum,
2436 3517 2529 3570 per
2556 3502 2814 3569 psalteria
2836 3541 2849 3564 ,
2890 3501 3018 3570 quia
3046 3500 3170 3553 ﬁnis
3198 3500 3412 3568 passio-

1826 3595 1913 3650 nis
1943 3595 2235 3654 Salutaris,
2266 3602 2487 3661 propter
2522 3592 2987 3645 resurrectionem
3022 3605 3085 3643 ac
3109 3590 3414 3657 redempto-

1828 3701 1948 3739 rum
1974 3686 2228 3747 salutem,
2264 3683 2502 3752 bymnis,
2527 3681 2802 3749 psalteriis
2824 3687 2878 3735 et
2909 3678 3142 3733 canticis
3166 3677 3413 3732 celebra-

1831 3785 1939 3828 tur.
1977 3774 2043 3827 Et
2076 3773 2192 3827 bac
2219 3771 2440 3840 quidem
2472 3771 2538 3823 de
2564 3770 2944 3837 inscriptione.

173 3854 251 3906 τοῦ
278 3857 540 3929 Σωτηρίου
568 3860 753 3931 ὓμνων
776 3863 869 3915 καὶ
892 3862 1229 3933 ψαλτηρίων,
1271 3864 1367 3917 καὶ
1398 3864 1550 3934 ᾠδῶν
1599 3872 1813 3938 μετεῖχε
1875 3870 1973 3937 τῆς
2022 3884 2083 3919 τε
2149 3866 2499 3925 ἀναστάσεως
2539 3863 2705 3916 αὐτοῦ
2769 3864 2929 3914 ἓνεκα
2964 3863 3059 3914 καὶ
3096 3861 3197 3931 τῆς
3237 3878 3411 3934 σωτη-

178 3945 278 4025 ρίας
304 3951 402 4005 τῶν
429 3954 493 4005 δι’
523 3956 697 4024 αὐτῆς
725 3955 1165 4026 λελυτρωμένων.
1209 3959 1319 4010 Καὶ
1360 3960 1581 4012 τοιαῦτα
1624 3963 1722 4031 μὲν
1761 3964 1827 4015 τὰ
1855 3964 1950 4031 τῆς
1973 3960 2323 4031 προγραφῆς.

234 4041 307 4094 Τὰ
329 4044 380 4097 δὲ
406 4048 501 4117 τῆς
523 4050 864 4117 προφητείας
898 4049 1207 4121 παρακαλεῖ
1228 4051 1319 4102 τὸν
1362 4051 1495 4103 Θεὸν
1539 4054 1727 4105 ἐνωτί-

180 4133 348 4187 σασθαι
377 4138 467 4189 τοῦ
498 4138 771 4207 λέγοντος,
801 4142 894 4192 καὶ
928 4141 1072 4193 τοῦτ’
1100 4142 1248 4211 αὐτῷ
1286 4142 1502 4214 πρῶτον
1551 4162 1728 4214 παρα-

181 4226 304 4289 σχεῖν
323 4243 336 4255 ’
366 4223 477 4279 εἶτα
507 4229 779 4299 δεύτερον,
811 4230 1013 4297 γνῶναι
1043 4232 1139 4302 τὴν
1168 4232 1255 4285 διὰ
1284 4234 1382 4304 τῆς
1416 4237 1725 4304 προσευχῆς

178 4310 610 4387 ἀναπεμπομένην
638 4317 819 4385 δέησιν
849 4319 942 4369 καὶ
976 4320 1256 4390 ἱκετηρίαν
1282 4359 1296 4383 ,
1335 4321 1408 4390 μὴ
1450 4322 1725 4390 ὑπεριδεῖν
1762 4306 1801 4357 ί)

180 4416 227 4451 τε
250 4404 403 4477 αὐτήν
424 4424 436 4436 ·
469 4408 565 4461 καὶ
587 4409 789 4479 τρίτον,
820 4411 918 4481 τὴν
948 4409 1282 4462 κατάστασιν
1310 4410 1605 4465 θεάσασθαι
1630 4412 1723 4466 τοῦ

179 4490 262 4561 τὴν
289 4500 585 4571 προσευχὴν
610 4500 1043 4571 ἀναπέμποντος,
1079 4502 1171 4554 καὶ
1196 4499 1367 4563 οὓτως
1396 4501 1555 4554 αὐτὸν
1595 4520 1724 4555 κατ-

183 4582 378 4646 αξιῶσαι
408 4591 505 4660 τῆς
545 4590 745 4643 ἑαυτοῦ
778 4593 977 4663 ἀκοῆς·
1014 4594 1094 4645 διὸ
1137 4592 1419 4662 ἐπιλέγει·
1451 4594 1725 4662 Πρόσχες

179 4690 261 4739 μοι
288 4679 376 4731 καὶ
409 4681 778 4735 είσάκουσόν
808 4701 946 4751 μου.
984 4684 1193 4755 Ὥσπερ
1225 4685 1332 4756 γὰρ
1369 4685 1608 4738 δυσωπεῖ
1634 4686 1725 4738 τὸν

182 4762 292 4818 θεὸν
339 4771 519 4824 ἑαυτὸν
568 4772 776 4837 δεικνὺς
809 4776 837 4825 ὁ
874 4774 970 4845 τὴν
1006 4777 1315 4846 προσευχὴν
1364 4776 1724 4847 ἀναπέμπων,

184 4856 261 4908 καὶ
299 4859 460 4928 λέγων
504 4864 583 4934 τῷ
618 4865 768 4934 Θεῷ’
808 4868 1080 4935 Πρόσχες
1115 4885 1218 4935 μοι
1241 4883 1253 4895 ⁸
1305 4867 1401 4939 τὴν
1435 4869 1491 4920 δὲ
1536 4869 1726 4921 ἑαυτοῦ

186 4947 479 5005 κατάστασιν
505 4955 803 5026 παρίστησι
833 4957 924 5008 καὶ
963 4958 1090 5025 ἑξῆς
1129 4957 1333 5025 λέγων·
1385 4960 1729 5026 Ἐλυπήθην

185 5034 243 5085 ἐν
267 5036 335 5107 τῇ
356 5042 681 5114 ἀδολεσχίᾳ
706 5064 847 5113 μου,
882 5047 979 5099 καὶ
1005 5048 1339 5117 ἐταράχθην
1368 5050 1486 5104 ἀπὸ
1527 5049 1729 5119 φωνῆς

187 5126 393 5197 ἐχθροῦ,
418 5137 512 5189 καί
536 5136 656 5189 ἀπὸ
686 5139 947 5205 θλίψεως
971 5140 1339 5208 ἀμαρτωλοῦ.
1370 5140 1478 5211 Τὴν
1509 5140 1617 5211 γὰρ
1640 5141 1731 5193 λύ-

189 5231 279 5286 πην
308 5223 487 5277 ἑαυτοῦ
516 5227 755 5280 δείκνυσι
783 5228 860 5298 τῷ
887 5228 1005 5299 Θεῷ
1035 5231 1127 5282 καὶ
1174 5231 1272 5302 τὴν
1312 5235 1556 5304 ταραχὴν
1577 5272 1592 5296 ,
1637 5235 1733 5286 καὶ

190 5306 244 5374 ἦν
264 5327 409 5380 φησιν
430 5318 739 5388 ἀδολεσχίαν
764 5361 780 5385 ,
814 5320 907 5373 καὶ
939 5320 1014 5383 ὡς
1044 5321 1170 5385 ἀξια
1220 5322 1319 5393 τῆς
1364 5324 1556 5377 ἑαυτοῦ
1592 5324 1733 5388 ,θεω-

193 5398 310 5465 ρίας.
338 5407 440 5471 Διὸ,
469 5410 697 5475 τούτοις,
739 5412 922 5482 φησὶν,
948 5413 1202 5483 πρόσχες,
1244 5416 1393 5478 ὅπως
1421 5415 1719 5487 ἐλυπήθην,

192 5488 315 5555 ὅπως
359 5498 677 5572 ἐταράχθην,
734 5503 883 5565 ὅπως
948 5503 1258 5573 ἀδολεσχίας
1326 5505 1691 5576 πεπλήρωμαι
1715 5524 1729 5536 ο

192 5575 557 5657 ἀποδεξάμενός
604 5609 661 5644 τε
705 5592 896 5659 ταῦτα,
940 5594 1243 5647 ὲπάκουσόν
1300 5612 1420 5667 μου.
1472 5596 1633 5676 Λέγει
1679 5596 1733 5649 δὲ

256 5736 295 5767 ’³
329 5739 475 5800 Joan.
502 5760 580 5801 vn
602 5785 619 5811 ,
653 5747 739 5803 51.

1902 4053 2055 4118 Quod
2085 4052 2423 4121 prophetiam
2456 4065 2586 4105 vero
2615 4055 2860 4120 spectat,
2899 4058 3053 4122 rogat
3087 4046 3256 4105 Deum
3279 4091 3294 4114 ,
3329 4047 3410 4105 uti

1833 4161 1892 4199 se
1923 4145 2229 4213 loquentem
2265 4142 2558 4205 exaudiat,
2593 4152 2647 4195 et
2678 4143 2781 4195 hoc
2808 4142 3041 4211 primum
3091 4142 3195 4196 sibi
3227 4141 3413 4195 confe-

1833 4246 1947 4301 rat;
1979 4235 2241 4296 secundo,
2273 4243 2331 4287 ut
2358 4234 2605 4288 attendat
2637 4234 3003 4288 obsecrationi
3042 4250 3105 4289 ac
3135 4232 3410 4303 supplica-

1834 4325 1967 4378 tioni
1998 4324 2067 4375 ab
2091 4339 2148 4377 se
2179 4338 2274 4391 per
2316 4324 2618 4376 orationem
2655 4322 2889 4385 emissae,
2928 4339 3029 4376 nec
3058 4337 3177 4375 eam
3227 4322 3411 4389 despi-

1829 4416 1967 4479 ciat;
2002 4415 2192 4477 tertio,
2228 4414 2439 4467 orantis
2484 4412 2733 4466 alTeclum
2777 4414 3120 4474 consideret,
3150 4419 3201 4465 et
3230 4414 3301 4464 ita
3327 4414 3411 4465 di-

1830 4513 2031 4574 gnetur
2066 4519 2250 4557 aurem
2285 4503 2523 4571 praebere
2546 4543 2560 4565 ,
2594 4518 2764 4571 quare
2794 4504 2874 4556 sic
2903 4504 3144 4565 claudit,
3188 4500 3406 4554 Intende

1831 4596 1958 4648 mu‘ti
2005 4605 2053 4648 et
2100 4594 2295 4647 exaudi
2347 4610 2447 4647 me.
2499 4593 2633 4647 Nam
2678 4594 2771 4663 qui
2814 4595 3114 4646 orationem
3154 4591 3403 4655 effundit,

1828 4688 1983 4756 quasi
2015 4686 2124 4739 Deo
2150 4700 2271 4739 sese
2298 4685 2745 4753 conspiciendum
2771 4685 3038 4752 praebens,
3071 4684 3323 4735 obsecrat
3351 4693 3404 4735 et

1830 4775 1907 4828 ait
1937 4776 2062 4844 ipsi,
2102 4773 2321 4826 Intende
2351 4774 2478 4826 mihi
2509 4790 2527 4826 :
2561 4782 2875 4840 statumque
2906 4788 3063 4825 suum
3097 4781 3285 4840 postea
3308 4773 3403 4826 de-

1831 4868 2004 4921 clarat
2048 4869 2235 4922 uiccns
2278 4885 2292 4922 :
2341 4866 2703 4919 Conlristatus
2747 4881 2861 4917 sum
2914 4865 2967 4915 in
3025 4864 3403 4917 exercitatione

1831 4975 1966 5020 mea,
1998 4968 2045 5011 et
2076 4958 2418 5012 conturbatus
2451 4973 2567 5011 sum
2595 4975 2628 5009 a
2662 4972 2778 5010 voce
2801 4956 3024 5017 inimici,
3050 4965 3098 5007 et
3130 4972 3162 5006 a
3189 4954 3413 5005 tribula-

1834 5051 1973 5103 tione
2015 5051 2325 5118 peccatoris.
2389 5049 2524 5102 Nam
2571 5049 2813 5101 dolorem
2844 5062 3003 5101 suum
3031 5045 3140 5098 Deo
3176 5046 3398 5098 exhibet

1836 5155 2052 5195 necnon
2108 5141 2580 5194 conturbationem
2605 5178 2620 5200 ,
2652 5147 2705 5192 et
2730 5153 2848 5191 eam
2876 5153 3037 5206 quam
3070 5144 3227 5190 vocat
3254 5151 3407 5190 exer-

1834 5232 2187 5296 citationem,
2234 5238 2420 5300 utpote
2470 5246 2588 5299 qua:
2632 5229 2798 5298 digna
2858 5230 2968 5283 sint
3022 5225 3411 5296 conspectibus

1817 5319 1976 5392 ‘ejus.
2014 5324 2216 5391 Quare,
2254 5323 2362 5386 his,
2396 5324 2595 5391 inquit,
2627 5321 2865 5383 intende,
2903 5320 3176 5390 quomodo
3209 5319 3404 5372 contri.

1836 5424 2014 5469 status
2046 5415 2171 5476 sim,
2209 5414 2486 5483 quomodo
2522 5413 2904 5477 conturbatus,
2940 5419 2995 5466 et
3024 5410 3413 5466 exercitatione

1837 5506 2075 5574 repletus
2112 5522 2125 5556 :
2163 5512 2326 5574 atque
2380 5504 2465 5558 his
2518 5503 2836 5572 acccptatis,
2881 5501 3078 5557 exaudi
3123 5515 3228 5554 me.
3290 5497 3415 5551 llaec

1843 5610 2007 5666 porro
2041 5585 2261 5666 Spiritu.
2285 5595 2470 5650 divino
2503 5595 2716 5651 afﬂatus
2759 5595 3018 5666 propheta
3054 5594 3220 5659 dicit,
3270 5591 3415 5645 futu-
