3822 6280
428 399 534 456 ιτε

1066 392 1332 449 EUSEBH
1368 391 1840 448 CESARIENSIS
1876 392 2026 448 OPP.
2067 391 2243 445 PARS
2279 388 2365 446 Ill.
2407 421 2474 430 —
2513 391 2919 447 EXEGE'HCA.

3548 381 3642 452 tu;

427 531 520 570 ros
564 512 873 568 Iudaeorum
917 516 1107 564 contra
1139 509 1333 564 Filium
1369 508 1458 564 Dei
1493 524 1660 566 ausus
1685 511 1842 580 quasi
1877 511 1971 578 jau

2091 508 2262 560 ταῦτα
2285 508 2558 576 Πνεύματι
2588 506 2718 577 θείῳ
2749 510 2777 561 6
2797 509 3108 578 προφήτης,
3141 508 3206 562 τὰ
3241 509 3381 562 κατά
3403 511 3496 564 τοῦ
3525 512 3642 566 Υίοῦ

426 607 721 674 praesentes
775 600 1114 669 prospiciens
1149 617 1162 652 :
1195 600 1397 668 quibus
1428 597 1694 654 confusus
1723 610 1775 652 et
1803 599 1995 651 turba-

427 705 514 747 tus
533 731 549 756 ,
584 691 773 747 dolore
801 698 855 745 et
886 691 1135 760 angustia
1155 729 1170 753 ,
1221 705 1383 758 quam
1425 687 1872 744 exercitationem
1903 703 1998 741 vo-

425 792 535 848 cat,
569 783 808 853 repletur
843 783 1092 852 degebat.
1126 781 1500 836 Contristatus
1529 794 1680 850 ergo,
1701 779 1997 834 conturba-

423 882 536 936 tus,
583 873 976 930 exercitatione
1005 880 1060 928 et
1089 871 1342 940 angustia
1395 871 1588 940 plenus
1614 876 1732 924 erat
1762 869 1833 924 oh
1865 869 1998 922 laci-

425 981 580 1031 nora,
611 980 731 1034 quae
759 979 881 1018 mox
921 973 1168 1018 recenset
1195 962 1386 1016 dicens
1435 979 1452 1016 :
1515 961 1634 1015 Vidi
1666 961 1995 1030 iniquitatem

421 1068 472 1112 et
505 1055 974 1110 contradictionem
1004 1055 1059 1107 in
1080 1054 1310 1115 civitate,
1336 1060 1392 1107 et
1413 1059 1633 1113 caetera,
1665 1066 1785 1120 quae
1809 1059 1993 1120 postea

423 1162 587 1216 opere
621 1145 887 1214 completa
919 1151 1067 1199 sunt.
1124 1143 1460 1197 Praevertens
1499 1141 1668 1212 igitur
1699 1142 1754 1196 in
1788 1141 1993 1210 Spiritu

421 1245 610 1292 sancto
627 1237 906 1306 propheta,
923 1233 1818 1298 contristabatur,conturbabatur,
1839 1247 1996 1286 exer—

420 1330 711 1391 citabatur,
739 1327 928 1381 dolore
954 1328 1148 1396 plenus
1178 1325 1232 1378 in
1264 1340 1360 1380 eos
1391 1325 1483 1394 qui
1515 1325 1643 1376 talia
1684 1323 1993 1394 aggressuri

420 1425 597 1471 erant.
614 1413 1162 1483 QuamobremIDeum
1182 1421 1356 1467 status
1378 1414 1460 1466 sui
1487 1414 1846 1481 inspectorem
1870 1427 1994 1467 esse

421 1515 578 1576 rogat
591 1507 778 1560 dicens
809 1523 822 1558 :
856 1503 1087 1566 Exaudi,
1118 1503 1276 1566 Deus,
1304 1504 1597 1558 orationem
1627 1519 1817 1564 meam,
1855 1512 1903 1556 et
1929 1519 1992 1556 ne

418 1595 713 1662 despexeris
739 1594 1153 1662 deprecationem
1177 1609 1342 1646 meam
1368 1609 1386 1644 :
1417 1591 1624 1644 intende
1667 1593 1793 1645 mihi
1821 1601 1870 1645 et
1899 1607 1992 1645 ea:-

417 1684 545 1738 audi
579 1702 678 1739 me.
732 1683 790 1738 In
825 1685 926 1738 hac
955 1684 1269 1738 conditione
1292 1699 1474 1737 rerum
1508 1683 1719 1752 positus
1739 1723 1754 1748 ,
1786 1683 1866 1738 sic
1891 1683 1989 1737 ἁθ-

2097 598 2188 650 τοῦ
2214 596 2348 649 Θεοῦ
2387 596 2644 666 μέλλοντα
2667 597 2772 650 ὑπὸ
2809 597 3073 650 Ἰουδαίων
3113 598 3430 668 τολμᾶσθαι,
3451 601 3525 664 ὡς
3554 602 3645 672 ἠδη

2098 689 2340 757 παρόντα
2361 688 2570 758 βλέπων
2589 705 2602 718 ·
2639 689 2724 758 ἐφ’
2750 683 2831 752 οἷς
2876 690 3234 760 συγχεόμενος
3266 692 3362 746 καὶ
3392 695 3647 762 ταραττό-

2099 795 2276 848 μενος,
2303 778 2478 850 λύπης
2497 795 2556 832 τε
2579 778 2949 848 πληρούμενος
2975 780 3069 832 καὶ
3089 780 3416 850 ἀμηχανίας,
3454 781 3520 851 ἢν
3539 782 3652 836 ἀδο-

2095 867 2312 938 λεσχίαν
2333 867 2600 938 ὠνόμασε,
2635 867 2878 922 διετέλει.
2924 867 3198 920 Ἐλυπεῖτο
3225 869 3354 936 γοῦν
3394 871 3490 922 καὶ
3533 871 3647 924 ἐτα-

2094 958 2342 1029 ράττετο,
2363 959 2456 1027 καὶ⁵
2481 957 3058 1028 ὴδολέσχειάμηχανῶν
3073 958 3166 1011 καὶ
3192 959 3408 1029 ἀπορῶν
3429 959 3525 1012 ἐπὶ
3548 964 3645 1023 τοῖς

2091 1048 2477 1119 τολμωμένοις,
2523 1049 2560 1102 ἃ.
2612 1050 2802 1120 μικρὸν
2849 1049 3072 1120 ὕστερον
3123 1049 3340 1116 διέξεισι
3399 1051 3642 1118 φάσκωνο

2092 1135 2273 1194 Εἶδον
2293 1139 2548 1208 ἀνομίαν
2575 1140 2673 1192 καί
2695 1141 3040 1209 ἀντιλογίαν
3056 1141 3126 1193 ἐν
3151 1139 3225 1207 τῇ
3252 1142 3447 1202 πόλει,
3477 1141 3569 1192 καὶ
3588 1141 3645 1194 τὰ

2093 1232 2247 1302 ἐξῆςο
2303 1233 2466 1303 ἅπερ,
2521 1231 2746 1302 ὕστερόν
2795 1250 2921 1286 ποτε
2969 1233 3033 1285 δι’
3073 1232 3246 1302 ἔργων
3278 1232 3642 1302 κεχωρηκότα,

2092 1323 2375 1392 προλαᾶυν
2422 1323 2500 1393 τῷ
2546 1323 2822 1393 Πνεύματι
2872 1322 2950 1392 τῷ
2983 1321 3120 1392 ἀγίῳ
3142 1323 3171 1374 ὁ
3201 1323 3505 1391 προφήτης.
3533 1321 3644 1373 ἐλυο

2091 1416 2243 1465 πεῖτο
2267 1414 2362 1466 καὶ
2389 1412 2714 1483 ἐταράττετο
2755 1413 2846 1467 καὶ
2866 1412 3140 1482 ἠδολέσχει
3162 1451 3178 1476 ,
3221 1411 3460 1482 ἀθυμίας
3495 1413 3643 1482 ἐμπι-

2090 1505 2360 1575 πλάμενος
2384 1509 2474 1559 ἐπὶ
2504 1509 2614 1570 τοῖς
2667 1505 2734 1558 τὰ
2764 1505 2987 1557 τοιαῦτα
3005 1503 3260 1573 τολμῶσι.
3305 1502 3396 1554 Διὸ
3439 1503 3531 1555 καὶ
3565 1503 3642 1555 τὸν

2088 1595 2218 1647 Θεὸν
2237 1596 2476 1667 ἐπόπτην
2504 1597 2602 1665 τῆς
2625 1595 2816 1648 ἑαυτοῦ
2844 1590 3224 1656 καταστάσεως
3259 1592 3512 1662 γενέσθαι
3548 1610 3640 1646 πα-

2093 1686 2316 1757 ρακαλεῖ
2342 1687 2512 1754 λέγων
2531 1704 2543 1717 ·
2581 1687 2899 1750 Ἑνώτισιιι,
2921 1689 2954 1740 ὀ
2975 1685 3137 1751 Θεὸς,
3161 1684 3278 1752 τὴν
3302 1683 3642 1754 προσευχήν

418 1775 546 1830 inde
576 1776 902 1845 precabatur
938 1795 951 1829 :
997 1774 1278 1842 Prwcipita
1298 1813 1312 1838 ,
1342 1772 1580 1836 Domine,
1610 1784 1658 1828 et
1686 1774 1858 1828 divide
1885 1774 1971 1828 lin.

2083 1793 2222 1844 μου,
2258 1777 2354 1830 καὶ
2377 1777 2462 1846 μὴ
2493 1777 2782 1846 ὺπερίδῃς
2813 1776 2926 1844 τὴν
2955 1775 3170 1843 δέησίν
3197 1792 3316 1843 μου
3335 1791 3350 1804 °
3386 1775 3639 1842 πρόσχες

414 1880 548 1935 guas
576 1842 776 1919 eorum.
820 1864 984 1930 Queis
1021 1872 1175 1934 rogat
1205 1879 1394 1918 eorum
1423 1872 1613 1918 contra
1647 1863 1971 1920 Salvatorem

2084 1842 2182 1938 μοι
2210 1868 2308 1922 καὶ
2339 1842 2703 1923 είσᾶκουσόν
2717 1842 2880 1936 μου..
2920 1867 3008 1919 Ἐν
3051 1842 3274 1937 τοιαύτῃ
3319 1865 3377 1918 δὲ
3415 1862 3641 1932 γεγονὼς

414 1951 764 2006 concordiam
795 1951 1072 2020 dissipari,
1110 1952 1422 2021 superbiam
1449 1958 1504 2006 et
1545 1954 1866 2022 arrogantiae
1896 1961 1977 2023 tu-

414 2057 622 2096 morem
649 2043 897 2112 deprimi,
931 2058 998 2096 ne
1029 2042 1144 2111 ipse
1168 2050 1513 2108 attereretur,
1535 2053 1590 2097 et
1623 2044 1763 2097 mala
1793 2058 1982 2098 eorum

413 2141 762 2201 augerentur.
811 2132 944 2186 Cum
972 2147 1138 2201 porro
1173 2132 1371 2186 rationi
1396 2141 1760 2188 consentanea
1797 2142 1985 2203 postu-

413 2223 583 2288 laret,
631 2223 975 2294 supplicabat
1003 2238 1072 2276 ne
1101 2222 1510 2291 despiceretur;
1558 2225 1652 2278 sed
1695 2225 1858 2278 etiam
1886 2224 1983 2278 do-

411 2313 547 2376 lore,
597 2313 1041 2383 perturbatione,
1091 2313 1484 2368 exercitatione
1525 2315 1855 2382 repleliatur,
1899 2315 1984 2369 di-

409 2418 564 2469 cens,
598 2405 642 2457 Α
673 2419 791 2457 voce
816 2403 1016 2456 inimici
1041 2411 1092 2456 et
1121 2420 1153 2456 a
1173 2402 1514 2458 tribulatione
1534 2405 1845 2472 peccatoris,
1872 2405 1981 2458 ini-

411 2494 538 2548 mici
585 2494 798 2548 scilicet
843 2501 898 2549 et
944 2494 1248 2562 peccatoris
1297 2495 1483 2563 populi
1537 2514 1550 2548 ε
1601 2509 1726 2549 nam
1762 2496 1979 2564 spiritui

410 2581 730 2652 prophetico
753 2583 1057 2636 molestiam
1081 2582 1387 2637 inferebant
1409 2584 1500 2652 qui
1532 2584 1660 2638 talia
1681 2585 1978 2640 audebant.

409 2671 616 2727 Deinde
663 2673 944 2743 subjungit
989 2692 1002 2727 :
1058 2673 1321 2739 Quoniam
1375 2675 1772 2728 declinaverunt
1819 2677 1870 2728 in
1901 2694 1981 2730 me

408 2764 760 2833 iniquitatem,
793 2774 839 2816 et
865 2765 919 2816 in
947 2765 1028 2816 ira
1056 2765 1260 2818 molesti
1279 2774 1429 2816 erant
1463 2765 1609 2827 mihi,
1641 2781 1762 2834 qua:
1789 2774 1980 2820 contra

410 2853 749 2908 Salvatorem
802 2862 953 2922 gesta
1003 2863 1132 2908 sunt
1179 2863 1232 2908 ut
1286 2857 1503 2924 propria
1530 2855 1636 2910 sibi
1671 2857 1976 2915 ascrihens.

403 2942 582 3013 Atque
610 2957 676 2997 ex
703 2941 1002 2998 Salvatoris
1037 2959 1266 3014 persona
1289 2952 1519 3015 possunt
1548 2962 1670 3000 cum
1705 2948 1809 3000 alia
1843 2947 1975 3013 dici,

405 3045 520 3088 tum
553 3034 682 3088 illud
716 3053 729 3088 :
759 3035 1449 3104 Quoniam‘declinaverunt
1499 3038 1552 3090 in
1604 3053 1682 3090 me
1727 3038 1980 3107 iniquita-

405 3134 507 3178 tsm
528 3163 544 3188 ,
588 3133 638 3178 et
668 3126 726 3177 in
758 3126 842 3177 ira
868 3125 1075 3178 molesti
1102 3137 1253 3180 erant
1283 3128 1437 3190 mihi;
1481 3128 1598 3181 sive
1617 3166 1632 3190 ,
1675 3128 1975 3183 secundum

407 3213 814 3284 Symmachum,
851 3216 1112 3280 Quoniam
1135 3219 1512 3284 inscripserunt
1542 3229 1726 3272 contra
1765 3235 1844 3272 me
1875 3221 1978 3272 im-

402 3304 670 3372 pietatem,
701 3313 750 3356 et
785 3320 902 3357 cum
929 3307 1011 3358 ira
1039 3309 1294 3361 contrarii
1325 3309 1472 3375 fuere
1504 3308 1650 3361 mihi.
1673 3309 1780 3363 Cor
1808 3327 1977 3363 meum

327 3403 333 3414 '
401 3392 776 3447 conturbatum
802 3404 879 3448 est
912 3396 968 3448 in
994 3411 1096 3459 me,
1127 3405 1178 3450 et
1207 3397 1435 3464 formido
1466 3400 1651 3452 mortis
1676 3399 1862 3452 cecidit
1885 3417 1978 3454 su-

403 3498 496 3552 per
523 3501 622 3546 me,
647 3492 702 3539 et
725 3492 938 3540 caetera.
985 3485 1109 3541 Haec
1138 3489 1319 3541 omnia
1343 3503 1563 3556 passum
1596 3505 1655 3545 se
1685 3491 1976 3547 conlitetur

403 3575 690 3645 propheta,
719 3577 864 3646 quod
894 3577 1089 3647 spiritu
1125 3579 1441 3648 prophetico
1470 3581 1824 3649 praevidisset,
1861 3598 1975 3638 me-

402 3673 669 3721 moratam
720 3677 907 3737 postea
970 3669 1244 3724 civitatem
1311 3670 1624 3740 iniquitate,
1693 3671 1972 3728 contradi-

399 3757 604 3822 ctione,
638 3758 842 3823 labore,
868 3759 1056 3815 dolore
1087 3769 1141 3815 et
1176 3761 1445 3830 injustitia
1481 3763 1776 3832 repletam;
1807 3773 1970 3834 atque

401 3851 711 3918 unanimem
744 3852 895 3906 illum
920 3859 974 3908 et
996 3861 1184 3907 notum
1213 3853 1505 3917 Salvatori,
1529 3857 1643 3924 pari
1673 3863 1837 3925 atque
1867 3857 1971 3910 ini-

400 3941 524 3994 mici
561 3947 615 3994 et
642 3942 828 3999 hostes
859 3943 1041 3996 animo
1088 3944 1436 3998 instructum.
1500 3943 1664 3998 Suam
1701 3947 1847 4000 enim
1881 3947 1966 4000 his

396 4029 466 4082 de
494 4030 659 4083 rebus
687 4031 1217 4086 commiscrationem
1255 4031 1362 4087 Deo
1384 4034 1656 4097 declarat,
1684 4043 1846 4104 atque
1876 4051 1964 4088 ra-

397 4119 531 4172 tioni
557 4128 978 4174 consentaneam
1011 4121 1468 4188 perturbationem
1515 4137 1676 4190 quam
1721 4123 1966 4190 patieba-

396 4218 505 4273 tur,
540 4210 606 4264 de
634 4225 744 4280 qua
777 4212 1030 4280 superius
1052 4213 1267 4280 dicebat
1311 4232 1323 4267 :
1362 4213 1720 4268 Contristatus
1762 4231 1879 4268 sum
1908 4217 1963 4268 in

390 4302 763 4355 exercitatione
804 4318 950 4366 mea,
981 4311 1030 4356 et
1069 4302 1411 4357 conturbatus
1441 4320 1589 4367 sum;
1614 4311 1667 4358 et
1691 4304 1802 4373 jam
1839 4320 1952 4358 rur-

390 4405 511 4444 sum
540 4408 556 4443 :
591 4389 697 4445 Cor
725 4407 896 4444 meum
915 4392 1282 4446 conturbatum
1309 4402 1386 4446 est
1416 4395 1469 4446 in
1502 4409 1615 4456 me;
1659 4396 1956 4448 secundum

2089 1960 2439 2024 καταστάσει,
2466 1959 2616 2028 ἠξίου
2648 1958 2820 2026 λέγων
2847 1957 2999 2027 ἐξῆςο
3036 1956 3511 2017 Καταπόντισον,
3540 1954 3640 2006 Κύ-

2081 2066 2194 2116 ριε,
2229 2050 2327 2104 καὶ
2367 2048 2676 2103 καταδίελε
2725 2049 2830 2112 τὰς
2886 2045 3171 2115 γλώσσας
3222 2042 3451 2099 αὐτῶν·
3484 2043 3549 2094 δι’
3574 2035 3638 2093 ὧν

2091 2140 2298 2192 ἱκέτευε
2324 2139 2425 2210 τὴν
2463 2140 2776 2209 συμφωνίαν
2810 2137 2986 2192 αὐτῶν
3005 2137 3104 2208 τὴν
3125 2135 3262 2188 κατά
3283 2133 3379 2188 τοῦ
3403 2132 3637 2202 Σωτῆρος

2085 2227 2549 2296 διασκεδασθῆναι,
2585 2229 2682 2297 τήν
2720 2243 2780 2278 τε
2829 2223 3202 2296 μεγαλαυχίαν
3223 2222 3404 2276 αὐτῶν
3451 2222 3542 2273 καὶ
3585 2218 3637 2270 τὺ

2085 2319 2184 2388 τῆς
2223 2316 2535 2381 ἀλαζονείας
2571 2316 2793 2386 ἔπαρμα
2832 2313 3266 2383 ταπεινωθῆναι,
3309 2311 3451 2382 πρὸς
3483 2311 3542 2362 τὸ
3574 2311 3637 2380 μὴ

2086 2407 2476 2478 ἐπιτρίὸεσθαι,
2511 2409 2602 2461 καὶ
2625 2407 2806 2472 αὔξειν
2835 2407 3009 2460 αὐτῶν
3024 2406 3092 2460 τὰ
3113 2405 3280 2458 κακά.
3311 2401 3523 2470 Εὐλογα
3542 2401 3638 2454 τοί-

2086 2514 2179 2550 νυν
2212 2497 2395 2559 αἰτῶν,
2425 2495 2512 2550 διά
2539 2498 2638 2566 τῆς
2663 2498 2898 2567 δεήσεως
2920 2495 3068 2564 ἠξίου
3102 2493 3176 2565 μὴ
3209 2491 3635 2564 ὑπεροραθῆναι·

2085 2585 2220 2640 ἀλλὰ
2249 2587 2342 2639 καὶ
2386 2585 2563 2656 λύπης
2586 2586 2886 2657 ἐπληροῦτο
2915 2585 3006 2638 καὶ
3039 2585 3308 2655 ταραχῆς,
3346 2583 3442 2636 καὶ
3472 2581 3638 2634 ἀδολε-

2087 2677 2262 2745 σχίας,
2290 2677 2512 2744 φάσκων
2532 2693 2546 2706 ·
2595 2676 2728 2730 Ἀπὸ
2758 2674 2958 2743 φωνῆς
2996 2673 3214 2743 ἐχθροῦ
3246 2673 3342 2727 καὶ
3379 2673 3500 2726 ἀπὸ
3527 2671 3636 2724 θλί-

2084 2769 2244 2832 ⁸ςινεως
2277 2763 2627 2832 ἀμαρτωλοῦ
2650 2803 2664 2826 ,
2705 2762 2896 2834 ἐχθροῦ
2948 2761 3146 2832 δηλαδὴ
3189 2761 3281 2813 καὶ
3328 2756 3636 2830 ἀμαρτωλοῦ

2085 2854 2241 2907 λαοῦ’
2283 2853 2458 2923 θλίψιν
2507 2854 2612 2925 γὰρ
2638 2857 2892 2925 παρεῖχον
2925 2852 3001 2922 τῷ
3031 2851 3296 2922 πνεύματι
3327 2850 3405 2921 τῷ
3437 2864 3635 2920 προφη-

2081 2942 2218 3012 τικῷ
2257 2944 2306 2995 οί
2329 2945 2396 2996 τὰ
2425 2943 2649 2996 τοιαῦτα
2679 2942 3002 3012 τολμῶντες.
3048 2936 3160 2996 Εἶτ’
3199 2939 3440 3008 ἐπιλέγει
3485 2939 3634 3007 ἐξῆςο

2087 3034 2212 3086 ’Ὁτι
2235 3032 2552 3096 ἐξέκλιναν
2574 3033 2666 3086 ἐπ’
2686 3032 2790 3101 ἐμὲ
2812 3032 3086 3102 ἀνομίαν,
3122 3030 3221 3084 καί
3270 3031 3342 3085 ἐν
3377 3027 3524 3098 ὀργῇ
3549 3028 3634 3080 ἐν·

2082 3125 2334 3179 εκότουν
2367 3142 2487 3192 μοι,
2515 3123 2934 3193 ίδιοποιούμενον
2984 3122 3052 3176 τά
3090 3121 3231 3176 κατὰ
3268 3115 3360 3174 τοῦ
3398 3119 3633 3188 Σωτῆρος

2078 3214 2470 3284 τετολμημένα.
2507 3217 2615 3267 Καὶ
2637 3215 2701 3266 ἐκ
2720 3211 3008 3284 προσώπου
3033 3211 3088 3264 δὲ
3109 3213 3203 3263 τοῦ
3225 3210 3477 3280 Σωτῆρος
3494 3208 3633 3260 δύνα-

2077 3322 2163 3359 ται
2183 3305 2432 3371 λέγεσθαι
2465 3305 2534 3358 τά
2556 3321 2614 3356 τε
2639 3304 2770 3358 ἄλλα
2802 3303 2895 3356 καὶ
2925 3301 3016 3354 τό·
3057 3302 3175 3353 Ὅτι
3204 3299 3528 3362 ἐξέκλιναν
3549 3294 3630 3348 ἐπ’

2074 3392 2178 3460 ἐμὲ
2197 3393 2469 3461 ἀνομίαν,
2484 3392 2581 3445 καὶ
2598 3392 2670 3444 ἐν
2686 3389 2830 3460 ὀργῇ
2851 3390 3171 3443 ἐνεκότουν
3185 3404 3287 3457 μοι
3301 3405 3315 3417 ο
3339 3387 3373 3458 ἢ
3397 3385 3534 3438 κατὰ
3553 3383 3630 3436 τὸν

2075 3485 2393 3554 Σύμμαχονο
2439 3484 2566 3536 ’Ότι
2592 3482 2938 3550 ἐπέγραψαν
2982 3481 3107 3534 κατ’
3145 3477 3292 3546 ἐμοῦ
3339 3478 3626 3537 ἀσέϐειαν,

2075 3574 2172 3628 καὶ
2195 3574 2321 3642 μετ’
2357 3571 2538 3641 ὀργῆς
2553 3570 3010 3638 ἠναντιώθησαν
3030 3587 3150 3638 μοι.
3195 3569 3263 3621 Ἦ
3285 3566 3498 3635 καρδία
3518 3584 3627 3636 μου

2071 3662 2360 3731 ἐταράχθη
2388 3663 2457 3714 ἐν
2480 3662 2630 3730 ἐμοὶ,
2667 3661 2763 3714 καὶ
2815 3660 3006 3714 δειλία
3039 3658 3296 3714 θανάτου
3340 3659 3627 3712 ἐπέπεσεν

2070 3753 2160 3806 ἐπ’
2181 3753 2304 3822 ἐμὲ,
2349 3753 2442 3804 καὶ
2471 3751 2538 3804 τὰ
2595 3750 2776 3804 λοιπά.
2811 3751 2996 3804 Πάντα
3046 3749 3220 3803 ταῦτα
3258 3748 3576 3802 πεπονθέναι
3601 3749 3625 3798 ὁ

2070 3844 2353 3915 προφήτης
2395 3843 2665 3912 ὁμολογεῖ,
2708 3842 2796 3896 διὰ
2825 3843 2886 3894 τὸ
2923 3840 3332 3913 προεωρακέναι
3367 3840 3445 3908 τῷ
3477 3838 3624 3891 πνεύ·

2069 3951 2198 4002 ματι
2222 3932 2298 4003 τῷ
2327 3931 2646 4002 προφητικῷ
2673 3931 2770 4002 τὴν
2809 3931 2936 4000 ἑξῆς
2967 3929 3298 4000 δηλουμένην
3324 3928 3477 3983 πόλιν
3507 3929 3620 3980 ἀνο-

2069 4025 2197 4093 μίας
2229 4023 2606 4093 πληρουμένην
2641 4022 2734 4074 καὶ
2768 4021 3101 4088 ἀντιλογίας,
3147 4020 3240 4072 καὶ
3274 4019 3479 4082 κόπου,
3535 4017 3619 4068 καὶ

2065 4114 2248 4178 πόνου,
2302 4114 2395 4165 καὶ
2443 4113 2682 4176 ἀδικίας·
2735 4112 2829 4164 καὶ⁹
2860 4111 2949 4162 τὸν
2979 4111 3227 4180 ἰσόψυχον
3253 4109 3348 4163 καὶ
3392 4107 3618 4176 γνωστὸν

2061 4202 2154 4254 τοῦ
2187 4205 2435 4274 Σωτῆρος
2487 4202 2643 4273 ἡμῶν
2669 4202 2739 4255 τὰ
2777 4201 2985 4272 ἐχθρῶν
3025 4202 3184 4254 αὐτὸν
3218 4201 3311 4253 καὶ
3358 4199 3618 4268 πολεμίων

2061 4288 2360 4342 δατιθέντα.
2429 4290 2551 4341 Ἐπὶ
2580 4290 2785 4352 τούτοις
2816 4289 2923 4359 γάρ
2949 4289 3045 4360 τὴν
3082 4288 3422 4358 συμπάθειαν
3461 4283 3614 4339 αὐτοῦ

2060 4378 2298 4432 δείκνυσι
2327 4380 2404 4450 τῷ
2425 4380 2563 4450 Θεῷ,
2595 4382 2688 4433 καὶ
2713 4383 2776 4450 ἢν
2805 4379 3092 4449 ὑπέμεινεν
3115 4378 3333 4447 εὔλογον
3359 4379 3610 4451 ταραχήν

385 4481 638 4550 Aquilam
667 4497 792 4537 vero
821 4483 917 4549 ait,
953 4481 1058 4537 Cor
1087 4467 1256 4538 meum
1276 4485 1556 4553 parturivit
1587 4485 1641 4536 in
1671 4485 1954 4538 visceribus

2073 4469 2186 4538 περὶ
2235 4463 2303 4538 ἦς
2352 4469 2446 4522 καὶ
2495 4469 2751 4539 ἀνωτέρω
2784 4468 2997 4536 ἐλεγενο
3064 4467 3404 4534 Ἐλυπήθην
3440 4469 3510 4520 ἐν
3546 4465 3612 4534 τῇ

385 4571 550 4634 meis;
580 4572 880 4627 secundum
911 4588 1040 4627 vero
1065 4573 1474 4643 Symmachum,
1525 4572 1631 4627 Cor
1667 4589 1835 4626 meum
1864 4589 1958 4630 ea:-

383 4660 689 4730 agitabatur
719 4663 863 4715 intra
885 4678 984 4715 me.
1023 4660 1129 4716 Sed
1161 4664 1322 4716 etiam
1337 4662 1572 4716 formido
1591 4664 1782 4718 mortis
1808 4664 1954 4718 ceci-

380 4749 462 4803 dit
491 4765 656 4820 super
699 4767 824 4806 eum
844 4790 860 4814 ,
911 4752 964 4806 id
993 4760 1099 4815 est,
1129 4750 1396 4807 Salutaris
1427 4753 1640 4818 mortis,
1669 4753 1739 4807 ob
1765 4768 1950 4823 quam,

379 4835 649 4908 Propheta
698 4841 936 4897 humana
984 4842 1314 4912 cogitatione
1359 4851 1700 4910 commotus,
1737 4843 1852 4899 sive
1882 4843 1954 4898 ob

378 4938 606 4983 mortem
655 4931 985 4995 animarum,
1041 4947 1163 5002 quae
1215 4947 1312 5003 pro
1363 4932 1456 4985 tali
1518 4948 1658 4989 ausu
1698 4935 1952 5006 periturae

376 5027 552 5083 erant,
607 5021 802 5076 timore
841 5023 1169 5092 replebatur.
1227 5022 1340 5077 [mo
1387 5039 1516 5077 vero
1563 5025 1728 5079 timor
1755 5032 1808 5079 et
1841 5033 1951 5079 tre-

379 5119 519 5174 tnor,
551 5108 621 5162 ob
644 5109 862 5178 pietatis
891 5111 1264 5172 eminentiam,
1303 5111 1500 5165 cecidit
1526 5126 1691 5180 super
1715 5112 1948 5182 prophe-

376 5203 508 5258 tam,
539 5213 663 5252 cum
695 5199 903 5254 videret
929 5200 1190 5254 Dilectum
1228 5199 1318 5255 Dei
1358 5202 1485 5255 talia
1518 5202 1589 5256 ab
1632 5203 1814 5271 impiis
1847 5216 1948 5272 pa-

369 5285 616 5340 tientem.
667 5287 925 5345 Tenebrae
974 5298 1155 5344 autem
1197 5298 1562 5345 contexeruut
1601 5306 1762 5353 eum,
1807 5292 1941 5354 sive,

371 5373 668 5428 secundum
717 5375 1010 5445 Aquilam,
1063 5379 1397 5441 convolutio;
1448 5387 1583 5443 aut,
1641 5380 1941 5434 secundum

371 5460 779 5532 Symmachum,
811 5468 1016 5535 horror,
1048 5477 1234 5540 utpote
1283 5471 1377 5539 qui
1403 5468 1677 5526 liorreuda
1703 5485 1767 5524 ac
1790 5478 1942 5524 tene-

367 5553 481 5608 bris
509 5554 669 5625 digna
695 5565 887 5612 contra
933 5559 1267 5615 Salvatorem
1299 5568 1450 5631 gesta
1480 5569 1746 5616 ccrnerct.
1813 5559 1939 5615 Haec

367 5657 531 5712 porro
557 5644 702 5700 dicta
745 5662 933 5701 eorum
965 5650 1234 5718 exemplo,
1269 5665 1390 5720 quae
1418 5651 1579 5705 nobis
1621 5651 1675 5704 in
1705 5650 1936 5706 somniis

363 5734 702 5801 contingunt,
734 5735 1025 5802 intelligas.
1073 5735 1207 5790 Nam
1232 5738 1550 5805 plerumque
1573 5735 1931 5802 somniantes,

2057 4557 2387 4628 ἀδολεσχίᾳ
2424 4577 2574 4627 μου,
2623 4559 2718 4611 καὶ
2751 4556 3115 4626 ἐταράχθηνο
3167 4558 3259 4610 καὶ
3307 4557 3401 4609 νῦν
3434 4557 3608 4610 πάλιν·

2069 4643 2136 4696 Ἠ
2159 4645 2373 4713 καρδία
2383 4664 2500 4715 μου
2519 4645 2811 4713 ἐταράχθη
2827 4645 2896 4697 ἐν
2914 4645 3046 4712 ἐμοί
3063 4661 3076 4674 ο
3105 4644 3249 4697 κατά
3273 4643 3328 4696 δὲ
3348 4645 3438 4696 τὸν
3466 4641 3612 4696 Ἀκύο

2057 4736 2178 4799 λαν,
2222 4737 2291 4790 Ἠ
2317 4736 2529 4802 καρδία
2552 4753 2694 4804 μου,
2737 4736 2920 4804 φησὶν,
2950 4734 3245 4802 ὠδίνησεν
3288 4734 3358 4787 ἐν
3392 4731 3610 4802 ἐγκάτῳ

2046 4845 2198 4896 μου·
2237 4826 2376 4879 κατά
2409 4826 2466 4878 δὲ
2500 4825 2590 4878 τὸν
2636 4824 2929 4895 Σύμμαχον
2957 4841 2971 4855 ·
3033 4825 3093 4880 Ἠ
3133 4824 3345 4891 καρδία
3382 4841 3501 4891 μου
3541 4822 3610 4874 δι-

2051 4916 2396 4985 εστρωφᾶτο
2421 4917 2600 4971 ἔνδον
2615 4935 2757 4986 μου.
2777 4915 2934 4968 ’Δλλά
2957 4915 3048 4968 καὶ
3073 4915 3243 4968 δειλία
3257 4915 3481 4968 θανάτου
3503 4917 3608 4966 είσ-

2051 5008 2246 5060 έπεσεν
2278 5009 2365 5060 ἐπ’
2398 5008 2558 5059 αὐτόν
2579 5023 2593 5037 ’
2628 5008 2745 5076 ἦτοι
2791 5005 2882 5058 τοῦ
2920 5005 3192 5076 Σωτηρίου
3233 4999 3492 5066 θανάτου,
3530 5004 3606 5070 ἐφ’

2045 5091 2090 5164 ᾧ
2118 5097 2316 5161 δειλίας
2331 5099 2359 5149 ό
2381 5098 2664 5168 προφήτης
2689 5096 3008 5166 ἐπληροῦτο,
3027 5095 3347 5165 ἀνθρωπίνῳ
3375 5091 3605 5162 λογισμῷ

2047 5189 2388 5258 κινούμενος,
2436 5189 2468 5258 ἢ
2502 5188 2598 5240 τοῦ
2623 5187 2728 5240 τῶν
2760 5187 2944 5256 ψυχῶν
2981 5186 3209 5239 θανάτου
3248 5186 3355 5239 τῶν
3387 5185 3604 5240 ἀπόλλυ-

2047 5280 2166 5332 σθαι
2192 5280 2490 5350 μελλόντων
2516 5280 2601 5332 διὰ
2627 5279 2693 5350 τᾲ
2717 5279 2938 5332 τοιαῦτα
2961 5278 3299 5348 τολμήματα.
3341 5276 3495 5329 Ἀλλά
3519 5275 3603 5327 καὶ

2044 5345 2208 5438 φόϐος
2239 5371 2333 5424 καὶ
2359 5371 2560 5441 τρόμος
2588 5345 2989 5440 δι’ὶύπερϐολὴν
3024 5345 3309 5432 εύλαϐείας
3343 5369 3598 5420 ἐπέπιπτε

2041 5461 2118 5532 τῷ
2157 5464 2429 5535 προφήτῃ,
2453 5461 2648 5532 ὁρῶντι
2665 5461 2754 5514 τὸν
2783 5462 3089 5531 Ἀγαπητὺν
3115 5461 3208 5514 τοῦ
3235 5460 3369 5513 Θεοῦ
3390 5457 3601 5512 τοιαῦτα

2043 5555 2147 5607 ὑπὸ
2175 5553 2281 5606 τῶν
2301 5553 2511 5606 ἀσεϐῶν
2545 5551 2840 5620 πάσχοντα.
2886 5551 3182 5604 Ἐκάλυπτέ
3212 5567 3270 5603 τε
3302 5549 3462 5602 αὑτὸν
3484 5544 3598 5598 σκόσ

2039 5663 2150 5708 τος,
2189 5643 2244 5713 ἢ,
2278 5643 2416 5696 κατά
2447 5644 2538 5696 τὸν
2575 5644 2832 5708 Ἀκύλαν,
2867 5641 3232 5707 είλίνδησις·
3256 5641 3313 5710 ἢ,
3342 5640 3478 5695 κατά
3513 5637 3595 5688 τὸν

2019 5735 2353 5804 Σύμμαχον,
2387 5737 2566 5802 φρίκη
2591 5750 2604 5764 ·
2635 5733 2834 5788 ὡσανεὶ
2860 5732 3062 5804 φρικτὰ
3095 5733 3186 5786 καὶ
3215 5733 3437 5795 σκότους
3473 5728 3593 5796 ἀλη-
