3822 6280
118 401 213 453 ιη

1245 401 1750 461 COMMENTARIA
1787 403 1854 459 IN
1894 402 2236 459 PSALMOS.

3256 407 3361 462 4⁸78

114 512 216 574 θῶς
244 511 375 577 ἀξια
399 513 469 568 τά
507 514 652 568 κατά
668 515 759 569 τοῦ
786 515 1035 588 Σωτῆρος
1061 516 1314 589 δρώμενα
1354 517 1679 587 θεωροῦντα.

1792 532 1848 571 ac
1861 515 2105 583 quaedam
2119 511 2383 569 terribilia
2398 512 2859 573 cernentes,verbi
2882 513 3058 583 gratia
3077 514 3362 586 insequen-

115 601 336 673 Νοήσεις
358 603 417 656 δὲ
435 604 506 657 τά
527 604 795 675 λεγόμενα
822 608 886 660 ὲκ
927 604 1367 677 παραδείγματος
1406 605 1512 658 τῶν
1547 605 1689 660 κατά

114 692 230 754 τοὺς
276 692 527 765 ὀνείρους
569 696 703 765 ἡμῖν
760 696 1192 767 συμϐαινόντων·
1253 695 1375 748 ὶπεὶ
1433 695 1691 760 πολλάκις

115 783 539 855 ὀνειρώττοντες,
582 786 816 842 κᾶπειτά
840 805 961 842 τινα
998 787 1231 859 ὁρῶντες
1256 787 1479 859 φοϐερὰ,
1528 787 1562 858 ἡ
1595 786 1693 857 θῆ-

117 892 210 946 ρας
232 874 551 939 διιὲικοντας,
579 876 614 946 ἢ
634 877 913 948 ὲρπετά,ἢ
946 877 1234 947 πολεμίους
1255 878 1508 940 ἐπιόντας
1535 879 1687 948 ἡμῖν,

116 964 488 1037 θορυϐούμεθα
510 966 607 1037 τὴν
645 967 822 1038 ψυχὴν
853 968 949 1021 καὶ
979 967 1326 1039 ὲξιστάμεθα,
1361 967 1562 1038 τρόμου
1591 969 1685 1021 καὶ

115 1056 366 1124 ἀγωνίας,
384 1059 480 1110 καὶ
510 1057 735 1129 ἱδρῶτος
762 1059 1191 1129 ἐμπιπλάμενοι.
1218 1058 1374 1111 Κατὰ
1403 1058 1489 1110 τὸν
1520 1059 1683 1112 αὐτὸν

116 1147 236 1218 γὰρ,
273 1144 451 1218 οἶμαι,
491 1150 692 1220 τρόπον
741 1150 832 1203 καὶ
877 1151 978 1220 τὴν
1022 1151 1115 1204 τοῦ
1182 1152 1462 1222 προφήτου
1503 1150 1681 1221 ψυχὴν

116 1240 215 1292 τῶν
272 1240 500 1310 μηδέπω
554 1241 870 1313 παρόντων,
933 1241 1231 1313 μελλόντων
1280 1241 1337 1295 δὲ
1397 1242 1679 1309 γίγνεσθαι

1793 615 1875 662 tes
1896 606 2058 669 feras,
2086 605 2166 660 vel
2205 603 2418 673 reptilia
2439 602 2556 667 ,vel
2580 601 2831 657 inimicos
2870 604 3160 669 irruentes,
3178 607 3365 662 animo

1792 698 2079 753 turbamur
2105 706 2159 752 et
2178 695 2647 765 obstupescimus,
2686 705 2918 759 terrore,
2955 697 3365 753 concertatione

1790 805 1854 843 ac
1878 788 2080 844 sudore
2110 787 2322 858 repleti.
2385 785 2589 841 Eodem
2617 785 2859 839 arbitror
2899 787 3062 841 modo
3088 790 3365 858 propheta:

1790 878 2050 940 animam,
2086 892 2208 947 qua:
2236 877 2477 931 nondum
2509 875 2857 945 praesentium
2881 914 2894 937 ,
2929 875 3022 929 sed
3055 875 3364 932 futurarum

1790 984 1973 1024 rerum
2006 969 2531 1038 contemplationem
2563 982 2882 1036 expressam
2917 967 3220 1035 pr0phetici
3253 969 3365 1037 spi-

1789 1059 1928 1114 ritus
1959 1058 2161 1113 lumine
2188 1059 2244 1113 in
2275 1059 2474 1114 mentis
2489 1058 2665 1113 oculis
2691 1056 3049 1127 percipiebat,
3070 1057 3365 1121 turbatam,
3434 1082 3441 1085 -

1789 1160 1949 1221 atque
1978 1151 2049 1206 ob
2088 1151 2354 1205 malorum
2398 1165 2517 1218 quae
2547 1148 2761 1203 videbat
2795 1148 3270 1218 exsuperantiam,
3297 1148 3367 1201 tio

1788 1256 1957 1302 more,
1983 1248 2129 1295 metu
2160 1247 2477 1309 terroreque
2506 1240 2766 1308 repletam
2793 1253 2935 1294 esse.

117 1330 467 1399 πραγμάτων,
526 1331 624 1402 τὴν
658 1332 889 1401 θεωρίαν
933 1334 1073 1401 φωτὶ⁸
1113 1332 1207 1384 τοῦ
1251 1330 1590 1403 προφητικοῦ
1648 1330 1957 1402 πνεύματος
2016 1333 2129 1394 τοῖς
2171 1332 2269 1401 τῆς
2322 1329 2557 1393 διανοίας
2610 1327 2909 1398 ὀφθαλμοῖς
2959 1326 3367 1397 ὲντυπουμένην

116 1419 316 1487 ὁρῶντα
328 1420 677 1490 τεταράχθαι,
704 1422 799 1475 καὶ
816 1420 979 1490 φόϐου
1010 1420 1101 1473 καὶ
1122 1421 1349 1484 δειλίας,
1376 1423 1471 1474 καὶ
1495 1423 1698 1493 τρόμου
1738 1420 2130 1490 πεπληρῶσθαι
2161 1421 2250 1475 διὰ
2277 1422 2375 1493 τὴν
2413 1422 2522 1476 τῶν
2555 1420 2942 1492 θεωρουμένων
2965 1419 3151 1474 κακῶν
3193 1421 3365 1491 ὑπερ-

117 1510 287 1581 ϐολήν.

180 1599 291 1656 Εἶθ’
316 1604 509 1673 ῶσπερ
543 1605 706 1674 μέσος
726 1602 1063 1675 ἀποληφθεὶς
1088 1604 1197 1657 τῶν
1219 1601 1390 1657 ταῦτα
1409 1598 1684 1672 δρώντων,

122 1692 381 1763 μηδεμίαν
420 1711 480 1747 τε
513 1694 652 1764 ἔχων
684 1694 995 1766 ἀποφυγὴν,
1032 1694 1167 1765 μηδὲ
1189 1694 1312 1747 ὅποι
1338 1692 1524 1752 κλίνας
1555 1690 1685 1741 ἑαυ-

118 1782 200 1835 τὸν
218 1782 375 1845 ὲκτὸς
397 1782 509 1835 τῶν
541 1784 727 1838 κακῶν
775 1785 1003 1851 γένοιτο,
1033 1782 1250 1854 εῠχεται
1286 1780 1556 1853 μετέωρος
1584 1779 1684 1851 ἀρ-

120 1871 287 1940 θῆναι,
324 1874 526 1943 πτηνός
552 1891 611 1927 τε
654 1874 719 1927 δι’
754 1874 914 1944 ἀέρος
957 1876 1237 1943 ἐκφυγεῖν.
1278 1871 1370 1925 Διὸ
1409 1869 1682 1936 ἐπιλέγει·

179 2048 285 2101 Καὶ
306 2043 467 2102 εἶπασ
492 2049 588 2114 Τίς
601 2048 778 2102 δώσει
793 2066 897 2117 μοι
910 2047 1205 2117 πτέρυγας
1225 2046 1306 2112 ὡς
1314 2042 1686 2113 περιστερᾶς,

119 2140 209 2195 καὶ
254 2139 732 2208 πετασθήσομαι,
760 2141 858 2193 καὶ
910 2140 1307 2203 καταπαύσω;
1354 2137 1687 2208 Περιστερᾶς

118 2231 218 2301 γὰρ
243 2231 398 2299 δίκην
429 2230 641 2283 ἀκάκου
676 2230 954 2302 πτέρυγας
994 2230 1253 2299 ὲκφεῦξαι
1285 2229 1379 2282 καὶ
1411 2227 1687 2297 πετασθῆ-

120 2338 219 2382 ναι,
251 2320 327 2382 ὡς
358 2319 427 2373 ἂν
460 2320 622 2389 φύγοι
652 2322 721 2375 τά
755 2322 922 2386 κακὰ,
956 2320 1130 2391 ἠξίου.
1167 2320 1372 2375 Οὐκοῦν
1418 2321 1509 2375 καὶ
1560 2321 1687 2391 περ)⁸

121 2409 293 2461 τούτου
319 2410 581 2481 ἀνωτέρω
601 2410 753 2478 ἐλεγε
785 2411 876 2475 τὸ,
926 2410 1227 2464 Ἐνώτισαι
1251 2453 1266 2477 ,
1310 2414 1342 2465 ὀ
1373 2410 1537 2476 Θεὸς,
1574 2408 1687 2476 τὴν

121 2498 459 2566 προσευχήν
477 2518 618 2568 μου,
651 2500 725 2564 ὡς
760 2501 827 2554 ἀν
854 2500 1004 2571 τύχοι
1027 2501 1315 2572 πτερύγων
1359 2502 1686 2571 περιστερᾶς

50 2662 51 2665 η
123 2598 207 2649 καί
230 2596 552 2666 πετασθείη·
587 2596 764 2666 μόνως
809 2596 918 2666 γὰρ
944 2595 1146 2659 οὕτως,
1194 2595 1288 2649 καὶ
1327 2596 1447 2648 οὐδὲ
1489 2595 1683 2660 ἄλλως,

124 2687 300 2758 πόρρω
331 2687 574 2755 γίνεσθαι
596 2691 695 2759 τῆς
724 2688 832 2741 τῶν
859 2687 1073 2741 ἀσεϐῶν
1104 2688 1308 2751 πόλεως
1354 2683 1466 2748 οἷός
1506 2704 1565 2739 τε
1594 2683 1681 2757 ἦν.

125 2780 268 2833 Κατά
295 2779 352 2831 δὲ
370 2780 458 2833 τὸν
485 2779 781 2849 Σύμμαχον
804 2793 819 2807 ⁸
854 2780 962 2833 Καὶ
982 2776 1182 2832 εἷπον·
1220 2780 1313 2843 Τίς
1358 2777 1538 2831 δώσει
1581 2796 1684 2846 μοι

124 2869 400 2937 πτέρυγας
433 2872 514 2936 ὡς
540 2870 912 2938 περιστερᾶς,
943 2868 1313 2937 πετασθῆναι
1340 2909 1354 2931 ,
1386 2869 1483 2921 καὶ
1515 2868 1684 2935 ἐδρα-

124 2960 332 3024 adiit-at
348 2978 367 3024 ;
386 2962 590 3029 Πόρῥω
617 2962 695 3015 ἂν
719 2962 981 3029 ἐποίησα
1003 2960 1117 3028 τὴν
1144 2959 1528 3030 ἀναχώρησιν
1541 2976 1682 3028 μου,

124 3046 435 3117 ηὐλιζόμην
456 3050 534 3103 ἂν
559 3051 629 3103 ἐν
655 3050 731 3118 τῇ
768 3049 985 3119 ἐρήμῳ.
1016 3049 1306 3119 Ἐξαίφνης
1352 3050 1418 3101 ἀν
1451 3049 1685 3118 ἐποίησα

1860 1595 2066 1652 Deinde
2092 1599 2249 1667 quasi
2278 1597 2491 1653 medius
2521 1598 2854 1668 interceptus
2882 1601 2974 1657 ille
3005 1601 3147 1657 inter
3173 1604 3366 1660 talium

1790 1686 2093 1743 facinorum
2129 1696 2403 1754 auctores,
2454 1706 2577 1745 cum
2614 1692 2822 1745 nullum
2856 1692 3163 1765 perfugium
3200 1696 3373 1752 hahe-

1789 1786 1893 1841 ret,
1943 1794 2121 1848 neque
2167 1795 2276 1849 quo
2320 1780 2622 1836 declinaret
2670 1782 2739 1835 ab
2772 1782 3155 1852 ingruentibus
3184 1789 3362 1851 malis,

1789 1872 2045 1934 precatur
2068 1882 2128 1921 se
2151 1867 2439 1921 sublimem
2473 1868 2694 1933 elevari,
2730 1876 2893 1939 atque
2918 1872 3157 1930 volucris
3190 1874 3366 1932 instar

1789 1971 1887 2026 per
1912 1971 2091 2012 aerem
2119 1956 2376 2028 ell‘ugere.
2409 1958 2775 2024 Quamobrem
2806 1962 2882 2015 ait
2916 1981 2930 2016 :

1858 2043 2024 2101 Vens.
2059 2046 2237 2101 7-12.
2278 2046 2346 2100 Et
2370 2046 2485 2101 dixi
2516 2064 2534 2101 :
2555 2048 2685 2114 Quis
2701 2048 2847 2102 dabit
2878 2052 3005 2104 mihi
3027 2067 3226 2121 pennas
3254 2054 3364 2109 sic-

1788 2144 1845 2188 ut
1879 2137 2154 2209 columbae,
2182 2147 2233 2192 et
2264 2137 2469 2203 volabo,
2500 2148 2548 2192 et
2575 2141 2898 2208 requiescam
2918 2145 2944 2197 Ρ
2962 2142 3175 2199 Pennas
3191 2145 3367 2199 instar

1787 2224 2050 2279 columbae
2080 2224 2315 2279 innoxiae
2346 2226 2413 2280 ad
2446 2226 2760 2295 fugiendum
2792 2236 2844 2283 et
2882 2230 3175 2285 volandum
3214 2242 3363 2301 pete-

1788 2314 1905 2381 bat,
1948 2322 2006 2368 ut
2035 2316 2195 2371 malis
2221 2332 2280 2372 se
2310 2318 2636 2387 proriperet.
2694 2318 2927 2390 Ideoque
2974 2322 3231 2390 superius
3264 2323 3368 2378 hac

1786 2407 1854 2463 de
1884 2422 2050 2463 causa
2073 2409 2309 2472 dicebat,
2351 2408 2595 2473 Exaudi,
2630 2408 2770 2464 Deus
2791 2454 2806 2475 ,
2840 2414 3133 2467 orationem
3173 2430 3364 2475 meam,

1785 2510 1846 2556 ut
1871 2501 1986 2557 alas
2012 2502 2280 2558 columbae
2308 2503 2605 2567 obtineret,
2649 2512 2703 2557 et
2743 2506 2952 2561 volaret
2984 2524 2999 2560 :
3032 2506 3139 2561 hoc
3166 2506 3370 2577 quippe

1786 2590 1949 2645 modo
1977 2598 2210 2656 tantum,
2245 2600 2300 2647 et
2322 2608 2431 2647 non
2455 2595 2583 2658 alio,
2610 2609 2639 2647 a
2662 2594 2885 2649 civitate
2919 2596 3211 2667 impiorum
3242 2612 3371 2666 pro-

1785 2679 1876 2732 cul
1923 2679 2179 2734 recedere
2214 2688 2447 2749 poterat.
2490 2682 2803 2737 Secundum
2850 2683 3238 2754 Symmachum
3269 2701 3370 2740 au-

1784 2773 1892 2821 tem
1928 2785 1941 2820 :
1982 2766 2047 2822 Et
2076 2768 2191 2822 dixi
2223 2784 2241 2821 :
2273 2767 2405 2835 Quis
2430 2770 2579 2823 dabit
2601 2770 2729 2823 mihi
2747 2787 2946 2838 pennas
2963 2774 3097 2825 sicut
3114 2772 3370 2829 columba

1787 2858 1856 2910 ad
1885 2857 2166 2911 volandum
2194 2868 2245 2913 et
2284 2860 2659 2915 insidendum?
2705 2860 2881 2930 Longe
2921 2862 3164 2930 fecissem
3199 2878 3359 2918 seces-

1785 2949 1986 3002 sionem
2027 2964 2220 3011 meam,
2267 2950 2580 3003 mansissem
2611 2951 2667 3004 in
2695 2950 3002 3007 solitudine.
3064 2950 3366 3007 Confestim

1785 3035 2097 3106 eﬂ‘ugissem
2128 3038 2376 3092 elevante
2405 3054 2491 3092 me
2523 3039 2748 3107 spiritu;
2781 3040 2941 3109 longe
2969 3040 3171 3110 quippe
3200 3040 3368 3095 fecis-

123 3136 213 3206 τὴν
236 3137 479 3206 ἔκφευξίν
505 3156 606 3208 μου
643 3140 751 3193 ἀπὸ
775 3140 1084 3210 πνεύματος
1113 3141 1429 3210 ἐπαίροντος
1451 3156 1463 3168 ·
1495 3137 1685 3209 πόρρω

1792 3142 1901 3182 sem
1936 3127 2303 3181 secessionem
2344 3142 2542 3192 meam,
2578 3128 2677 3205 ait,
2737 3129 2783 3182 si
2830 3131 2947 3185 alas
2987 3131 3366 3193 obtinuissem.

123 3227 223 3296 γὰρ
252 3228 313 3281 ἂν
340 3229 585 3299 ἐποίησα,
621 3232 773 3299 φησὶ,
803 3230 901 3301 τὴν
927 3228 1273 3301 ἀναχώρησίν
1309 3245 1408 3298 μου
1431 3268 1445 3287 ,
1480 3229 1529 3280 εἰ
1564 3227 1685 3280 ἐτυ-

1792 3216 2003 3287 l'ugiens
2033 3218 2193 3272 abiis
2224 3218 2316 3288 qui
2342 3218 2457 3287 jam
2490 3218 2635 3271 dicta
2686 3219 2906 3289 aggredi
2940 3220 3247 3281 audebant,
3285 3228 3369 3273 at-

127 3335 210 3388 χον
230 3322 528 3390 πτερύγων,
556 3322 771 3389 φεύγων
794 3323 920 3383 τοὺς
943 3322 1011 3375 τά
1038 3319 1403 3391 προλεχθέντα
1445 3317 1687 3387 τολμῶν-

126 3426 233 3473 τας,
270 3413 360 3465 καί
383 3413 480 3475 τὰς
522 3414 761 3483 ἐρήμους
800 3414 995 3483 μᾶλλον
1022 3413 1117 3482 τῆς
1141 3412 1439 3483 εἰρημένης
1479 3411 1686 3472 πόλεως

126 3502 436 3572 προετίμων.
467 3502 653 3565 Οὕτως
678 3520 738 3554 τε
769 3504 827 3555 ὲν
850 3506 914 3574 τῇ
956 3505 1147 3573 ἐρήμῳ
1190 3500 1458 3569 γεγονὼς,
1503 3514 1686 3568 προσ·-

127 3588 403 3659 εδεχόμην
433 3590 510 3644 ἃν
536 3590 640 3643 τὸν
674 3590 936 3652 σώζοντά
965 3608 1041 3659 με
1082 3591 1198 3645 ἀπὸ
1246 3587 1356 3656 τῆς
1384 3589 1684 3658 γενομένης

133 3696 215 3747 μοι
256 3681 647 3749 Mirati-vlla;-
669 3721 684 3743 ,
720 3680 818 3733 καὶ
851 3681 971 3734 ἀπὸ
994 3680 1104 3746 τῆς
1149 3679 1565 3748 καταλαϐούσης
1618 3695 1686 3747 με

129 3769 466 3838 καταιγίδος.
494 3771 967 3834 Καταπόντισον,
1000 3771 1194 3837 Κύριε,
1236 3770 1333 3822 καὶ
1375 3768 1687 3822 καταδίελε

130 3862 227 3927 τὰς
243 3862 519 3929 γλώσσας
542 3860 760 3923 αὐτῶν,
796 3862 887 3914 καὶ
919 3860 1155 3929 τάὲξῆς.
1184 3860 1294 3929 Τὴν
1328 3858 1502 3911 αἰτίαν
1528 3857 1591 3908 δι’
1621 3857 1687 3927 ἦν

130 3951 317 4020 abicito
336 3951 621 4021 πτερύγων
646 3953 850 4019 τυχεῖν,
882 3949 958 4011 ὡς
978 3948 1043 4002 ἂν
1066 3947 1356 4017 πετασθείη
1387 3946 1479 3999 καὶ
1502 3944 1684 4014 φύγοι,

131 4042 319 4112 ἔρημόν
337 4059 393 4094 τε
430 4041 630 4112 μᾶλλον
655 4044 823 4093 οἰκεῖν
856 4039 1070 4093 ἑλέσθαι
1120 4039 1153 4109 ἢ
1203 4040 1300 4109 τὴν
1353 4037 1687 4109 δηλουμένην

130 4134 290 4197 πόλιν,
320 4134 404 4187 διὰ
430 4133 537 4187 τῶν
579 4133 951 4203 προκειμένων
975 4132 1213 4187 διδάσκει
1232 4128 1404 4198 λέγων
1422 4145 1434 4157 ο
1474 4127 1686 4197 Ἐπειδὴ

130 4224 247 4275 τάδε
273 4225 359 4277 καὶ
384 4225 508 4278 τάδε
543 4223 846 4295 προγνώσει
868 4223 962 4276 τοῦ
1008 4220 1343 4292 προφητικοῦ
1381 4219 1688 4288 πνεύματος

132 4314 421 4388 ἰθεασάμην
452 4315 878 4388 πραχθησόμενα
906 4317 963 4367 ὲν
990 4316 1055 4385 τῇ
1088 4312 1270 4385 πόλει,
1306 4310 1497 4364 τούτου
1528 4310 1687 4379 χάριν

134 4406 360 4459 ἐντεῦθεν
420 4407 517 4477 ήδη
547 4406 769 4475 φεύγειν
813 4405 1162 4474 διανενόημαι
1194 4402 1308 4472 ,τὴν
1360 4400 1468 4452 τῶν
1497 4398 1687 4452 κακῶν

1785 3322 1892 3375 que
1920 3306 2245 3362 solitudines
2272 3308 2511 3377 praefata:
2533 3302 2740 3362 civitaii
2767 3311 3165 3365 autetulissem.
3199 3310 3291 3364 Sic
3314 3312 3371 3367 in

1786 3398 2006 3453 deserto
2049 3398 2387 3456 constitutus
2439 3399 2815 3468 exspectabam
2852 3418 3006 3466 eum,
3047 3403 3135 3471 qui
3161 3401 3370 3455 salvum

1786 3504 1867 3543 me
1896 3489 2028 3558 facit
2064 3506 2097 3543 a
2122 3490 2571 3559 pusillanimitate
2616 3506 2736 3561 qua:
2769 3507 2857 3545 me
2899 3492 3223 3557 invadebat,
3252 3502 3301 3546 et
3335 3511 3370 3547 a

1789 3587 2092 3650 tempestate
2137 3597 2259 3651 quae
2306 3597 2394 3636 me
2439 3582 2822 3651 interceperat,
2888 3575 3213 3651 Priecipita,
3258 3582 3363 3637 Do-

1788 3674 1949 3736 mine,
1973 3682 2021 3727 et
2054 3672 2226 3726 divide
2258 3672 2465 3741 linguas
2507 3688 2713 3736 eorum,
2755 3678 2810 3727 et
2850 3681 3065 3725 caetera.
3133 3671 3367 3726 Causam

1788 3762 1963 3831 aperit
2008 3776 2109 3816 cur
2152 3761 2267 3815 alas
2316 3761 2566 3815 obtinere
2592 3761 2866 3831 rogaverit
2896 3758 2963 3811 ad
2993 3759 3284 3813 volandum
3313 3768 3370 3813 et

1787 3850 2175 3921 eﬂ‘ugiendum,
2200 3858 2254 3905 et
2277 3868 2375 3905 cur
2401 3852 2717 3905 solitudinis
2745 3848 3137 3902 habitationem
3163 3864 3364 3903 memo-

1787 3949 1919 3993 ratae
1971 3939 2181 3993 civitati
2234 3939 2570 4002 antetulerit,
2622 3937 2708 3991 his
2756 3944 2917 3990 utens
2970 3936 3370 4003 verbiszQuo-

1788 4028 1934 4079 niam
1960 4026 2076 4081 haec
2114 4035 2168 4081 et
2207 4027 2300 4081 illa
2334 4043 2399 4082 ex
2432 4027 2736 4097 prophetici
2767 4025 2997 4095 Spiritus
3012 4028 3359 4096 praescientia

1790 4118 1842 4171 in
1873 4118 2094 4172 civitate
2116 4118 2352 4187 gerenda
2376 4133 2499 4173 esse
2525 4118 2752 4188 cognovi
2777 4135 2791 4183 ;
2821 4116 2943 4171 ideo
2975 4118 3103 4171 hinc
3134 4116 3371 4187 eliugere

1788 4216 1842 4264 et
1875 4209 2139 4263 malorum
2176 4208 2511 4263 multitudini
2533 4225 2617 4264 me
2636 4206 2939 4263 subducere
2972 4209 3226 4278 cogitavi.
3246 4207 3368 4262 Pri-

1789 4315 1933 4354 mam
1959 4300 2101 4356 enim
2136 4301 2467 4371 impietatem
2509 4300 2816 4355 futurorum
2850 4301 3096 4366 ejusdem
3129 4300 3369 4355 civitatis

1790 4389 2128 4455 incolarum,
2175 4406 2242 4444 ex
2292 4390 2478 4459 lingua
2526 4406 2716 4445 eorum
2764 4389 3133 4459 profecturam
3187 4389 3367 4443 video.

135 4495 341 4567 πληθύν.
374 4498 594 4567 Πρῶτον
626 4498 734 4567 γὰρ
763 4496 1014 4565 ἀσέϐημα
1038 4493 1145 4546 τῶν
1178 4491 1274 4562 τὴν
1304 4487 1685 4560 προλεχθεῖσαν

1792 4482 1993 4536 Omnes
2022 4481 2222 4551 quippe
2257 4481 2312 4535 in
2337 4482 2479 4534 malo
2500 4480 2930 4544 consentientes,
2950 4481 3188 4550 linguam
3213 4494 3365 4534 suam

137 4587 273 4640 πόλιν
317 4589 652 4657 οἰκησάντων
687 4587 798 4656 ὁρῶ
839 4586 900 4639 τὸ
934 4587 997 4637 ὲκ
1046 4584 1146 4652 τῆς
1190 4581 1436 4651 γλώττης
1482 4578 1683 4633 αὐτῶν.

138 4676 322 4741 Πάντες
351 4679 455 4749 γὰρ
488 4676 699 4742 ὥξυναν
725 4675 930 4730 ἑαυτῶν
962 4674 1052 4727 ἐπὶ
1096 4670 1251 4741 κακῷ
1292 4670 1687 4739 συμφωνήσαν-

137 4782 216 4830 τες
240 4769 331 4832 τὰς
357 4769 605 4836 γλώττας
626 4768 770 4822 κατά
792 4768 887 4820 τοῦ
918 4766 1047 4821 Υἱοῦ
1097 4763 1193 4817 τοῦ
1241 4761 1377 4841 Θεοῦ
1404 4779 1416 4791 ο
1450 4759 1551 4823 διὸ,
1608 4757 1684 4828 μὴ

140 4856 295 4927 φέρων
319 4860 496 4913 αὐτῶν
517 4859 615 4929 τὴν
643 4859 920 4930 μοχθηρὰν
951 4855 1155 4925 ταύτην
1198 4855 1293 4907 καὶ
1324 4850 1497 4920 ἀσεϐῆ
1550 4864 1687 4918 συμ-

141 4948 339 5016 φωνίαν,
360 4948 589 5019 εὔχομαι
633 4948 833 5016 λέγων·
862 4943 929 4999 Ὦ
973 4947 1149 5013 Κύριε
1170 4985 1185 5009 ,
1242 4942 1686 5007 καταπόντισον

141 5039 223 5090 καί
246 5040 551 5093 natabula
580 5038 685 5103 τὰς
716 5037 999 5107 γλώσσας
1026 5033 1241 5090 αὐτῶν.
1277 5034 1370 5094 Ἣ,
1418 5030 1560 5083 κατά
1595 5029 1687 5081 τὸν

143 5125 430 5199 Σύμμαχον·
465 5126 1027 5193 Καταποντισθῆναι
1057 5124 1317 5191 ποίησον
1343 5161 1357 5185 ,
1387 5120 1684 5181 Δέσποτα,

142 5218 223 5270 καὶ
262 5220 623 5289 ἀσύμφωνον
665 5220 929 5285 ποίησον
977 5214 1092 5283 τὴν
1134 5214 1424 5284 γλῶσσαν
1464 5209 1684 5263 αὐτῶν.

143 5305 235 5375 Τῆς
255 5309 355 5379 γὰρ
387 5307 667 5379 μοχθηρᾶς
701 5307 1017 5377 συμφωνίας
1050 5304 1183 5358 πολὺ
1213 5305 1456 5374 κρεῖττον
1493 5298 1686 5368 γένοιτ’

142 5393 196 5447 ἂν
224 5400 253 5468 ἡ
277 5399 594 5468 ἀσυμφωνία
612 5439 626 5461 ,
658 5397 993 5468 ἀτονωτέραν
1024 5395 1117 5447 καὶ
1154 5391 1545 5459 ἀσθενεστέραν
1585 5405 1687 5441 κα-

144 5487 246 5540 κίαν
273 5490 709 5562 ἀπεργαζομένη.
734 5488 903 5542 Τοῦτο
931 5488 1027 5557 μὲν
1053 5481 1146 5538 οὖν
1168 5484 1230 5535 τὸ
1253 5481 1468 5552 πρῶτον
1500 5474 1567 5548 ἦν
1591 5478 1687 5532 αὐ-

144 5576 232 5628 τῶν
258 5582 439 5633 κακόν.
478 5580 544 5633 οῖ
564 5597 623 5635 τε
656 5578 765 5650 γὰρ
787 5578 882 5631 τοῦ
905 5578 1089 5641 ἔθνους
1116 5572 1455 5645 προεστῶτες
1479 5608 1494 5633 ν
1525 5582 1687 5638 νομο-

144 5663 422 5724 διδάσκαλοι
456 5672 550 5725 καὶ
598 5670 897 5741 ἀρχιερεῖς,
934 5670 1028 5723 καὶ
1064 5669 1239 5721 λοιποὶ
1284 5666 1543 5736 ἄρχοντες
1595 5660 1687 5714 τοῦ

146 5754 274 5826 λαοῦ,
300 5762 477 5836 δολίως
499 5761 645 5834 αὐτῷ
674 5764 1009 5834 προσιόντες,
1037 5760 1311 5831 πειράζειν
1345 5757 1508 5819 αὐτὸν
1538 5751 1689 5807 ἐτόλ-

1791 4581 2128 4626 exaeuerunt
2191 4578 2384 4625 contra
2422 4568 2634 4626 .Filium
2697 4568 2792 4622 Dei
2858 4587 2871 4622 :
2930 4584 3102 4638 quare
3145 4566 3367 4635 impiam

1791 4678 1979 4717 eorum
2021 4669 2074 4716 et
2122 4663 2445 4716 sceleratam
2482 4659 2830 4715 concordiam
2864 4675 2973 4712 non
3011 4657 3212 4720 ferens,
3253 4656 3369 4709 haec

1793 4768 1987 4821 precor
2020 4770 2032 4805 :
2067 4750 2111 4806 0
2140 4751 2383 4810 Domine,
2433 4750 2708 4819 prmctpita
2755 4757 2803 4801 et
2829 4748 3001 4799 divide
3034 4746 3243 4814 linguas
3280 4761 3370 4799 eo-

1792 4859 1947 4907 rum;
1992 4844 2127 4906 sive,
2181 4841 2479 4898 secundum
2537 4839 2941 4911 Symmachum,
2980 4835 3091 4890 Fac
3116 4835 3367 4904 demergi,

1792 4934 2038 4998 Domine,
2060 4944 2108 4988 et
2129 4934 2423 4989 discordem
2449 4950 2578 5002 pone
2605 4933 2840 4999 linguam
2859 4945 3061 4983 eorum.
3079 4926 3215 4981 Nam
3246 4941 3370 4982 sce-

1793 5027 1962 5079 lerata
1989 5024 2281 5079 concordia
2312 5024 2483 5077 multo
2506 5020 2850 5092 praestantior
2876 5016 3153 5072 discordia
3184 5015 3367 5077 fuerit,

1793 5129 1915 5182 quae
1968 5112 2324 5168 inﬁrmiorem
2379 5110 2811 5177 debilioremque
2854 5106 3119 5160 malitiam
3156 5103 3368 5158 reddat.

1795 5204 1910 5260 Hoc
1939 5205 2172 5274 primum
2191 5204 2455 5257 malorum
2478 5201 2653 5255 inerat
2683 5198 2836 5268 ipsis.
2864 5195 2997 5249 Nam
3018 5195 3372 5264 magistratus

1795 5297 1994 5367 gentis,
2016 5297 2149 5365 legis
2171 5295 2424 5349 doctores
2442 5330 2456 5355 ,
2476 5289 2751 5362 principes
2782 5286 3126 5341 sacerdotum
3153 5299 3215 5338 ac
3242 5284 3372 5338 reli-

1795 5387 1886 5457 qui
1906 5384 2085 5456 populi
2101 5383 2376 5454 principes
2399 5382 2465 5435 ad
2482 5395 2604 5435 eum
2623 5393 2746 5432 cum
2762 5377 2886 5432 dolo
2902 5374 3370 5442 adeuntes,ipsum

1796 5486 2005 5532 tentare
2033 5477 2324 5536 audebant,
2354 5471 2698 5526 occasionem
2728 5474 3033 5537 captantes,
3059 5472 3113 5519 et
3146 5465 3372 5519 insidias

1794 5570 1850 5624 in
1876 5584 1999 5625 eum
2031 5578 2325 5624 struentes.
2389 5563 2543 5631 Quod
2582 5562 2722 5615 alius
2751 5574 2968 5629 quoque
2991 5555 3372 5611 subindicabat

1796 5661 2060 5730 psalmus,
2109 5675 2177 5714 ex
2205 5656 2451 5727 ejusdem
2484 5666 2717 5724 persona
2747 5651 2877 5730 talia
2906 5648 3050 5702 fatus
3076 5665 3089 5700 :
3124 5644 3369 5700 Circum-

1797 5728 2050 5806 dcderunt
2091 5766 2172 5804 me
2208 5751 2349 5804 tauri
2387 5746 2564 5811 multi,
2603 5743 2755 5799 vituli
2792 5728 3007 5813 pingues
3060 5735 3370 5789 obsederunt
