3822 6280
459 382 566 436 Πθ
1130 377 1402 434 EUSEBII
1440 376 2089 468 CAESARIENSIS’OPP.
2133 375 2314 431 PARS
2351 375 2440 430 Ill.
2483 406 2552 418 —
2592 372 3002 430 EXEGETICA.
3503 353 3510 356 ’
3587 373 3670 428 480

458 516 557 553 me.
609 498 937 566 Aperuerunt
967 509 1122 562 super
1152 511 1232 548 me
1259 481 1316 548 os
1361 512 1516 549 suum
1545 497 1680 549 sicut
1713 496 1794 551 leo
1824 498 1967 566 rapie

2160 512 2278 557 ιων,
2323 493 2490 557 λαϐὰς
2539 491 2848 564 Θηρώμενοι
2873 531 2887 553 ,
2933 489 3028 542 καὶ
3060 486 3357 549 ἐπιϐουλὰς
3401 488 3514 539 κατ’
3539 488 3669 540 σὺτοῦ

454 596 505 640 et
537 585 747 655 rugiens
766 587 834 637 ⁸⁵.
855 583 986 636 Nam
1008 583 1077 637 ibi
1106 599 1324 653 quoque
1351 583 1626 653 principes
1641 585 1821 654 populi
1838 587 1963 640 adut

2162 587 2618 656 πυσκευαζόμενοι.
2656 586 2721 639 Ὃ
2768 583 2832 656 δὴ
2864 584 2959 639 καὶ
2995 582 3180 652 ἔτερος
3211 581 3462 650 ᾐνίττετο
3497 577 3671 648 ψαλμλις

452 676 648 730 brahat
694 693 706 729 :
761 673 1123 745 quamobrem
1163 688 1356 728 rursus
1403 688 1466 728 os
1512 688 1704 727 eorum
1747 689 1961 729 memor:

2171 675 2382 741 ξαὺτοῠ
2403 676 2694 748 προσώπου
2719 679 2897 748 φήσας
2915 695 2930 708 ·
2956 669 3452 744 Περιεκύκνέαισάν
3475 688 3547 744 με
3567 670 3674 724 ταί-

453 765 526 820 cb
568 765 800 819 consilia
848 770 903 818 et
950 761 1181 818 insidias
1229 776 1419 817 eorum
1468 761 1758 818 adversum
1787 778 1848 818 se
1888 774 1962 821 stt

2162 785 2228 820 ›οι
2256 769 2493 832 πολλοὶ,
2516 769 2738 836 μόσχοι
2775 769 2985 834 πίονες
3023 767 3349 835 περιέσχον
3384 783 3481 832 με.
3515 769 3671 820 Ἦνοι-

453 864 596 910 etas.
2139 859 2256 924 ξαν
2281 860 2373 912 ἐπ’
2402 860 2507 928 ἐμὲ
2537 859 2604 912 τὸ
2649 862 2844 928 στόμα
2874 858 3074 912 αὐτῶν
3115 859 3196 924 ὡς
3242 858 3401 912 λέων
3441 855 3674 923 ἁρπάζων

454 949 552 1002 καὶ
586 948 942 1018 όιρυόμενος.
968 948 1146 1001 Κάκεῖ
1175 948 1284 1021 γάρ
1320 951 1446 1014 τοὺς
1482 949 1750 1020 ἄρχοντας
1790 950 2034 1022 ᾐνίττετο
2061 953 2156 1006 τοῦ
2189 955 2318 1008 λαοῦ
2346 972 2358 986 ο
2388 956 2469 1010 διδ
2525 957 2686 1010 πάλιν
2741 956 2836 1010 τοῦ
2865 956 3132 1027 πόματος
3161 954 3341 1008 αὐτῶν
3375 954 3674 1023 ἐμνημόνευτ

453 1040 542 1094 διὰ
573 1040 670 1103 τὰς
703 1041 822 1092 κατ’
848 1039 1012 1094 αὑτοῦ
1045 1040 1334 1103 ἐπιϐουλάς
1362 1058 1422 1094 τε
1452 1043 1544 1094 καὶ
1579 1041 1818 1109 σκέψεις.

529 1129 594 1185 Et
613 1146 746 1186 sane
773 1131 1082 1201 cujusmodi
1114 1148 1277 1188 voces
1301 1135 1364 1186 ad
1396 1132 1649 1188 Pontium
1682 1133 1918 1188 Pilatum
1942 1141 2031 1189 to-

2203 1135 2313 1188 Kal
2327 1137 2355 1187 ό
2378 1137 2484 1198 πᾶς
2499 1136 2557 1188 δέ
2573 1135 2679 1188 τῶν
2707 1135 2970 1188 Ἰουδαίων
2984 1134 3112 1196 λαὸς
3133 1133 3324 1196 ὁποίας
3344 1133 3437 1185 ἐπὶ
3462 1132 3550 1184 τοῦ
3567 1134 3669 1186 Πον-

452 1229 544 1276 tus
576 1219 888 1275 Judzeorum
923 1224 1158 1292 populus
1197 1233 1388 1278 contra
1432 1240 1556 1279 eum
1602 1225 1856 1290 ediderit,
1901 1242 1961 1280 na

2169 1226 2246 1278 ίου
2275 1226 2505 1279 Πιλάτου
2536 1229 2654 1280 κατ’
2673 1225 2836 1279 αὑτοῦ
2860 1228 3174 1296 προσήκατο
3193 1224 3401 1294 φωνὰς.
3421 1226 3605 1294 ἱστορεὶ
3621 1226 3673 1278 τὰ

455 1320 579 1366 rant
635 1313 954 1382 Evangelia.
1016 1314 1170 1380 Quod
1219 1314 1348 1369 item
1419 1316 1474 1370 in
1531 1317 1795 1372 vicesimo
1853 1319 1964 1388 prin

2165 1320 2458 1390 Ξὺαγγέλια.
2500 1321 2564 1373 Ὃ
2601 1319 2663 1388 δὴ
2697 1319 2790 1372 καὶ
2821 1318 2952 1370 αὐτὸ
2983 1317 3220 1386 παρίστη
3249 1318 3305 1368 ἐν
3333 1319 3434 1369 xa'
3457 1315 3674 1385 ψαλμῷό

453 1404 663 1472 psalmo
690 1404 1004 1458 declarabat
1027 1405 1217 1460 dicens
1245 1424 1258 1459 :
1284 1406 1550 1473 Quoniam
1570 1407 1962 1462 circumdederu

2166 1409 2330 1462 ίπώνο
2378 1411 2504 1463 Ὅτι
2547 1408 2900 1462 ἐκύκλωσαν
2937 1426 3014 1476 με
3043 1408 3224 1473 κύνες
3254 1407 3474 1462 πολλοὶ
3498 1447 3512 1470 ,
3554 1423 3673 1460 συν-

451 1511 533 1549 me
583 1513 735 1550 canes
791 1495 975 1557 multi,
1034 1497 1315 1551 concilium
1363 1499 1775 1568 malignautium
1828 1500 1960 1554 obsei

2163 1500 2331 1569 ιτωγὴ
2376 1499 2872 1567 πονηρευομένων
2923 1498 3247 1566 περιέσχον
3271 1514 3368 1566 με.
3399 1499 3508 1549 Kal
3535 1497 3672 1548 ταῦτα

453 1603 532 1640 me
553 1587 618 1640 ".
651 1585 716 1639 Et
739 1585 853 1640 haec
873 1589 1054 1640 omnia
1083 1587 1136 1641 in
1169 1597 1466 1643 memorata
1497 1590 1630 1644 urbe
1662 1591 1959 1661 gerebantu

2163 1593 2307 1648 πάντα
2333 1594 2390 1647 ἐν
2408 1596 2472 1664 τῇ
2495 1591 2792 1663 δηλουμένη
2817 1591 3116 1662 ἐπράττετο
3141 1589 3327 1646 πόλει·
3357 1588 3438 1641 διὸ
3463 1587 3672 1640 λέλεκται

421 1693 620 1750 quare
663 1679 718 1732 in
765 1679 1017 1748 prmsenti
1056 1680 1281 1745 dicitur,
1332 1680 1640 1751 Prazcipita,
1684 1683 1928 1747 Domine,

2166 1705 2186 1740 ν
2215 1690 2324 1749 τοῖς
2355 1687 2766 1757 προκειμένοις·
2817 1687 3305 1745 Καταπόντισον,
3354 1683 3554 1748 Κύριε,
3599 1681 3675 1733 uti

451 1771 626 1824 divide
659 1770 865 1839 linguas
910 1787 1112 1824 eorum.
1163 1771 1366 1828 Deinde
1397 1775 1681 1844 subju‘ngit
1713 1794 1724 1828 :
1751 1775 1960 1840 Quonia

2165 1778 2439 1832 αταδίελε
2469 1777 2574 1844 τὰς
2598 1776 2882 1847 γλώσσας
2903 1775 3118 1829 αὐτῶν.
3149 1770 3262 1828 Εἶτ’
3286 1774 3523 1840 ἐπιλέγει
3545 1789 3558 1802 ·
3582 1773 3673 1824 Ὀτι

450 1863 556 1916 vidi
596 1864 926 1931 iniquitatem
967 1871 1016 1916 et
1060 1864 1534 1918 contradictionem
1565 1866 1621 1917 in
1661 1867 1912 1920 civitate:
1939 1883 1959 1918 ι

2163 1865 2288 1922 ἴδον
2316 1869 2574 1937 ἀνομίαν
2600 1868 2696 1921 καὶ
2735 1867 3086 1936 ἀντιλογίαν
3121 1867 3192 1918 ἐν
3217 1863 3292 1933 τῇ
3323 1866 3527 1917 πόλει·
3561 1861 3672 1931 ὴμέ-

450 1968 512 2004 ac
565 1939 714 2005 nocte
751 1953 1105 2007 circumdabit
1138 1971 1276 2020 eam,
1320 1962 1376 2010 et
1414 1963 1638 2021 caetera;
1685 1972 1785 2026 pro
1821 1957 1956 2027 quib

2162 1976 2232 2026 ας
2254 1960 2349 2013 καὶ
2379 1958 2602 2024 νυκτὸς
2627 1957 2926 2011 κυκλώσει
2949 1955 3143 2022 αὐτὴν
3158 1995 3172 2019 ,
3201 1954 3297 2008 καὶ
3314 1953 3386 2006 τὰ
3409 1953 3559 2023 ἑξῆς·
3583 1951 3671 2004 ἀνθ’

451 2041 812 2112 Symmachus
835 2045 915 2098 sic
940 2045 1332 2113 interpretatus
1360 2055 1444 2101 est
1468 2066 1480 2099 :
1508 2046 1772 2112 Quoniam
1795 2049 1902 2101 vidi
1919 2049 1960 2102 vi

2162 2067 2200 2102 ιν
2227 2051 2256 2102 δ
2296 2049 2591 2120 Σύμμαχος
2624 2047 2812 2101 τοῦτον
2845 2049 3154 2118 ἡρμήνευσε
3191 2046 3283 2098 τὸν
3306 2044 3508 2114 τρόπον
3527 2060 3541 2072 ·
3573 2043 3671 2094 Ὀτι

449 2133 646 2187 lentam
677 2135 1008 2204 iniquitatem
1038 2143 1086 2188 et
1124 2135 1444 2202 injustitiam
1487 2137 1542 2190 in
1589 2138 1818 2201 civitate,
1841 2138 1926 2192 die

2162 2141 2426 2209 dedipnaa
2467 2141 2674 2204 ,ϐίαιον
2726 2139 2970 2193 ἀδικίαν
3022 2136 3123 2190 καὶ
3175 2133 3589 2190 ἀδικασίανέν
3618 2131 3671 2199 τῇ

447 2235 595 2279 nocte
617 2225 1027 2279 circumdantem
1056 2242 1232 2280 nturos
1254 2227 1390 2295 ejus,
1413 2227 1652 2282 dolorem
1683 2239 1733 2282 et
1757 2231 1956 2283 miseria

2164 2232 2294 2285 ξόλει
2320 2271 2334 2295 ,
2393 2230 2619 2299 ἡμέρας
2649 2231 2746 2284 καί
2781 2228 3005 2294 νυκτὸς
3037 2227 3384 2281 κυκλοῦντα
3410 2222 3589 2290 αὐτῆς
3621 2224 3673 2276 τὰ

447 2322 590 2376 intra
622 2325 813 2390 ipsam,
847 2323 1210 2390 improbitates
1253 2323 1398 2376 intra
1438 2325 1630 2391 ipsam.
1668 2325 1952 2393 inseparab

2163 2325 2313 2393 είχη,
2341 2323 2567 2390 ὀδύνην
2585 2322 2680 2375 καὶ
2710 2321 3108 2388 ταλαιπωρίαν
3129 2317 3310 2372 ἔνδον
3331 2315 3536 2383 αὐτῆς,
3558 2317 3672 2380 ἐπη-

448 2430 482 2466 α
509 2413 701 2481 plateis
728 2413 842 2480 ejus
877 2412 1134 2465 damnum
1184 2423 1231 2466 et
1263 2414 1545 2468 insultum.
1586 2415 1898 2484 lniquitatis
1927 2433 1956 2470 a

2165 2415 2286 2479 είας
2311 2413 2490 2467 ἔνδον
2513 2409 2704 2478 αὐτῆς
2730 2451 2744 2475 ,
2767 2407 3103 2478 ἀχώριστον
3127 2407 3244 2460 ἀπὸ
3273 2405 3394 2459 τῶν
3415 2403 3674 2458 πλατειῶν

449 2508 557 2555 tem
606 2516 768 2568 opera
809 2508 987 2564 erant,
1027 2501 1268 2556 admissa
1311 2502 1365 2556 in
1417 2502 1756 2557 Salvatorem
1792 2507 1958 2560 sceler

2165 2505 2315 2573 ὺτῆς
2361 2503 2574 2573 (mular-
2604 2501 2702 2555 καὶ
2731 2501 3023 2554 ἐπίθεσιν.
3102 2497 3358 2568 Ἀνομίας
3389 2497 3446 2550 δέ
3478 2497 3599 2566 ἔργα
3622 2491 3673 2564 ἦν

445 2600 500 2645 et
531 2591 767 2644 violenta
816 2607 942 2644 vere
978 2591 1257 2660 iniquitas.
1289 2591 1424 2646 Nam
1463 2610 1558 2662 pro
1583 2611 1642 2646 eo
1693 2603 1747 2646 ut
1787 2611 1866 2648 me
1898 2597 1954 2648 di

2165 2597 2194 2651 ὰ
2221 2596 2360 2650 κατὰ
2387 2593 2480 2646 τοῦ
2511 2593 2760 2662 Σωτῆρος
2787 2589 3134 2660 τολμώμενα.
3161 2589 3256 2640 καὶ
3289 2588 3465 2657 βίαιος
3486 2587 3556 2649 ὼς
3576 2586 3674 2654 ἁλη-

445 2689 642 2751 gerent,
672 2681 867 2751 inquit,
889 2681 1232 2735 detrahebant
1263 2684 1426 2746 milii;
1461 2694 1510 2737 et
1535 2674 1822 2752 posuerunt
1849 2686 1954 2738 adn

2166 2689 2235 2752 ὣς
2260 2686 2459 2740 ἀδικία.
2504 2685 2652 2738 Ἀντὶ
2672 2684 2777 2754 γὰρ
2801 2680 2908 2736 τοῦ
2939 2679 3196 2750 ἀγαπᾷν,
3213 2681 3396 2750 φησὶν,
3415 2677 3675 2731 ἐνδιέόαλ-

445 2789 563 2826 sum
610 2791 689 2827 me
739 2774 882 2826 mala
942 2790 1036 2842 pro
1088 2772 1258 2837 bonis,
1302 2784 1352 2828 et
1392 2777 1570 2829 odium
1608 2794 1705 2845 pro
1747 2777 1954 2831 dilectio

2162 2781 2240 2832 du
2265 2793 2368 2847 με’
2406 2777 2503 2829 καὶ
2535 2775 2740 2829 ἔθεντο
2774 2775 2903 2826 κατ’
2933 2770 3076 2841 ἐμοῦ
3104 2771 3258 2824 κακὰ
3289 2770 3424 2823 ἀντὶ
3454 2769 3671 2838 ἀγαθῶν.

446 2881 560 2918 mea
584 2864 651 2919 “.
685 2863 1062 2919 Contradictio
1109 2873 1290 2918 autem
1334 2872 1388 2920 et
1422 2866 1693 2934 injuslitia
1729 2867 1870 2937 apud
1903 2868 1955 2920 ill

2166 2868 2222 2923 al
2240 2869 2419 2938 μῖσος
2437 2866 2570 2921 ἀντὶ
2590 2865 2700 2933 τῆς
2720 2863 3075 2934 ἀγαπήσεώς
3096 2879 3227 2929 μου.
3260 2856 3675 2929 Ἀντιλογίαδὲῆν

335 2945 338 2948 ’
443 2965 582 3020 erat,
615 2957 803 3012 multis
840 2956 1072 3011 testibus
1110 2966 1302 3010 contra
1335 2973 1459 3010 cum
1493 2957 1844 3012 accedentibu

2165 2959 2384 3021 ναύτοῖς
2413 2958 2506 3010 καὶ
2528 2955 2780 3010 ἀδικασία
2807 2993 2821 3016 ,
2853 2953 3063 3006 πολλῶν
3091 2951 3385 3022 μαρτύρων
3404 2950 3674 3021 παριόντων

448 3046 630 3116 Iiilque
671 3062 859 3100 verum
911 3053 1004 3098 aut
1054 3054 1486 3101 consentaneum
1537 3049 1866 3125 dicentibus.
1899 3048 1957 3103 li:

2164 3048 2246 3098 ατ⁹
2262 3045 2448 3109 αὐτοῦ,
2471 3045 2564 3097 καὶ
2586 3043 2753 3115 μηδὲν
2771 3043 2969 3114 ἀληθὲς
2983 3041 3273 3112 σύμφωνον
3287 3040 3567 3108 λεγόντων.
3588 3038 3673 3091 Kal

446 3150 576 3189 vero
617 3149 722 3186 non
757 3133 845 3187 die
889 3134 1087 3188 solum.
1145 3138 1238 3188 sed
1281 3144 1448 3188 noctu
1502 3151 1720 3205 quoque
1759 3139 1954 3206 gereba

2167 3135 2298 3188 αὕτα
2333 3135 2631 3206 ἐπράττετο
2675 3135 2735 3186 οὐ
2769 3133 2835 3186 δι’
2869 3132 3080 3202 ἡμέρας
3115 3130 3300 3200 μόνον,
3338 3129 3474 3183 ἀλλὰ
3500 3129 3584 3182 καὶ
3609 3127 3676 3179 διὰ

448 3235 555 3277 tur.
591 3223 683 3277 Sic
707 3224 853 3278 enim
874 3233 1038 3276 noctu
1066 3239 1283 3289 quoque
1305 3223 1502 3278 Petrus
1527 3225 1778 3295 abnegat,
1806 3243 1957 3296 quan

2168 3225 2350 3288 υκτός.
2387 3223 2542 3278 Οὕτω
2563 3223 2670 3294 γὰρ
2693 3223 2748 3276 ἐν
2770 3223 2923 3275 νυκτὶ
2940 3221 3142 3290 Πέτρος
3168 3221 3444 3290 ἀρνεῖται,
3472 3219 3552 3271 ὅτε
3580 3216 3677 3277 Ἰού,

443 3312 615 3366 ludas
663 3326 787 3366 cum
835 3312 1059 3366 laternis
1109 3322 1162 3363 et
1209 3312 1554 3380 lampadibus
1599 3314 1852 3367 accessit.
1907 3313 1952 3366 N

2167 3331 2218 3377 ις
2249 3302 2384 3384 μετὰ
2417 3311 2598 3382 φανῶν
2623 3315 2716 3366 καὶ
2745 3312 3045 3382 λαμπάδων
3073 3310 3252 3380 ἐπῄει.
3302 3308 3461 3362 Ἀλλὰ
3489 3310 3574 3362 καὶ
3601 3303 3676 3369 νὺξ

446 3403 575 3456 item
610 3411 728 3456 erat
761 3419 885 3456 cum
925 3403 1088 3457 modo
1109 3406 1176 3456 ad
1205 3403 1440 3466 Annam,
1475 3404 1636 3458 modo
1667 3404 1734 3457 ad
1763 3404 1955 3474 Caipha

2164 3422 2192 3456 ν
2235 3405 2322 3456 ὅτε
2350 3405 2561 3473 ἀπῆγον
2590 3403 2750 3456 αὑτὸν
2780 3403 2907 3456 ποτέ
2942 3403 3040 3473 μὲν
3069 3403 3205 3472 πρὸς
3233 3402 3463 3463 Ἅνναν,
3495 3399 3610 3451 ποτέ
3630 3397 3673 3448 δὲ

447 3493 795 3546 adducebant
817 3509 963 3557 eum,
993 3495 1162 3550 nullis
1193 3510 1300 3547 non
1325 3495 1674 3549 contumeliis
1704 3495 1956 3550 alliciente

2163 3497 2220 3547 al
2261 3495 2398 3566 πρὸς
2429 3493 2680 3562 Καϊάφαν
2705 3534 2718 3557 ,
2769 3493 2958 3564 ὕϐρεσι
3003 3492 3280 3556 παντοίαις
3332 3490 3672 3562 ἀτιμάζοντες.

452 3578 608 3633 Mane
637 3590 812 3634 autem
841 3582 1006 3650 facto,
1039 3582 1262 3652 ligantes
1286 3583 1620 3636 adduxerunt
1644 3592 1828 3636 euntet
1853 3593 1961 3636 traa

2162 3589 2355 3654 {ptume
2371 3603 2434 3639 τε
2462 3585 2808 3656 γενομένης,
2827 3583 3126 3650 δήσαντες
3149 3585 3337 3638 αὐτὸν
3361 3583 3578 3654 ἤγαγον
3597 3582 3671 3634 καὶ

449 3670 635 3726 derunt
671 3671 847 3725 Pilato
869 3674 934 3735 ⁹⁷,
954 3682 1007 3726 et
1040 3681 1236 3727 caetera
1261 3688 1380 3742 quae
1406 3675 1713 3741 passionem
1747 3684 1958 3743 spectat

2162 3677 2478 3747 ςαρέδωκαν
2497 3676 2752 3740 Πιλὰτῳ,
2777 3677 2844 3728 τά
2870 3692 2925 3727 τε
2958 3675 3098 3728 κατὰ
3129 3675 3190 3727 τὸ
3221 3675 3392 3737 πάθος
3427 3676 3671 3743 ἐνήργουν.

447 3772 701 3833 egerunt.
735 3761 866 3828 Quae
913 3765 1095 3817 omnia
1147 3765 1342 3832 spiritu
1374 3765 1720 3832 prospiciens
1761 3765 1956 3834 proplie

2158 3771 2198 3821 Λ
2228 3768 2292 3839 δὴ
2323 3769 2500 3821 πάντα
2529 3766 2606 3837 τῷ
2654 3765 2921 3835 πνεύματι
2953 3764 3186 3836 προϊδὼν
3220 3767 3248 3817 ὁ
3276 3767 3580 3836 προφήτης,
3602 3764 3667 3814 ἀν-

448 3856 529 3909 sic
561 3853 961 3909 vociferabatur
989 3874 1002 3910 :
1037 3857 1298 3920 Quoniam
1331 3856 1436 3910 vidi
1463 3857 1790 3926 iniquitatem
1823 3867 1870 3910 et
1899 3875 1957 3910 co

2166 3859 2322 3929 ρώνει
2351 3859 2542 3927 λέγων·
2599 3859 2729 3911 "Oct
2769 3853 2932 3910 εἶδον
2957 3858 3211 3926 ἀνομίαν
3235 3857 3335 3910 καὶ
3361 3856 3675 3922 ἀντιλογίαν

449 3945 814 3999 tradictionem
866 3948 920 3999 in
955 3947 1187 4011 civitate,
1232 3947 1316 4001 die
1357 3965 1420 4001 ac
1456 3956 1602 4002 nocte
1631 3948 1958 4002 circumdant

2162 3968 2194 4004 ν
2219 3942 2291 4017 τῇ
2309 3951 2480 4002 πόλει
2497 3949 2720 4018 ἡμέρας
2745 3949 2841 4001 καὶ
2870 3947 3089 4013 νυκτὸς
3114 3948 3459 4002 avia/toﬁna
3485 3945 3671 4010 absim

449 4038 640 4105 ipsam,
677 4038 979 4092 secundum
1013 4039 1422 4109 Symmachum.
1457 4040 1520 4093 Et
1561 4043 1676 4095 hinc
1708 4041 1928 4111 quidem

2163 4041 2266 4096 ατὰ
2286 4041 2376 4094 τὸν
2395 4040 2710 4112 Σύμμαχον.
2739 4041 2848 4092 Καὶ
2867 4038 3037 4091 ταῦτα
3067 4041 3164 4109 μὲν
3193 4041 3249 4092 ἐν
3271 4041 3336 4110 τῇ
3368 4040 3542 4091 πόλει·
3567 4036 3672 4105 περὶ

449 4129 688 4183 civitate.
733 4131 894 4185 Circa
936 4146 1124 4186 muros
1156 4131 1279 4201 ejus
1328 4141 1518 4186 autem.
1549 4133 1810 4201 iniquitas
1860 4136 1954 4189 etl

2164 4132 2182 4184 ὲ
2213 4132 2280 4184 τὰ
2301 4131 2452 4202 τείχη
2483 4130 2655 4200 αὐτῆς
2683 4130 2881 4201 ἀνομία
2902 4130 2995 4184 καὶ
3014 4129 3199 4192 κόπος,
3223 4128 3278 4198 ἢ,
3297 4129 3437 4181 κατά
3457 4127 3541 4179 τὸν
3560 4124 3673 4192 Σύμ-

450 4221 579 4283 bor;
611 4221 724 4274 sive
755 4221 1055 4275 secundum
1079 4221 1490 4292 Symmachum,
1517 4225 1671 4277 dolor
1695 4234 1743 4277 et
1767 4225 1959 4279 miserit

2169 4241 2298 4293 αχον
2322 4263 2336 4287 ,
2387 4221 2572 4290 ὀδύνη
2605 4223 2704 4275 καὶ
2736 4224 3119 4290 ταλαιπωρία.
3147 4219 3409 4294 Σημαίνει
3441 4217 3494 4270 δὲ
3516 4216 3578 4269 τὰ
3606 4216 3675 4266 tx-

449 4307 830 4378 signiﬁcatque
855 4325 918 4364 ea
947 4326 1067 4379 qua:
1105 4319 1258 4365 extra
1290 4296 1479 4366 urbem
1511 4325 1664 4384 gesta
1711 4323 1863 4377 sunt,
1897 4331 1958 4369 cu

2164 4314 2214 4379 δς
2243 4314 2343 4383 τῆς
2372 4313 2579 4376 πόλεως
2609 4313 2971 4384 πεπραγμένα
2992 4352 3004 4376 ,
3044 4313 3278 4382 ὁπηνίκα
3307 4305 3673 4378 κατεξαγαγόν-

447 4402 740 4456 educenles
798 4403 973 4471 ipsum
999 4405 1345 4458 adduxerunt
1371 4405 1424 4458 in
1461 4405 1642 4459 locum
1669 4407 1873 4460 dictum
1896 4407 1956 4461 Gt

2158 4422 2213 4469 ες
2259 4405 2418 4459 αὑτὸν
2451 4405 2654 4476 ῆγαγον
2686 4405 2767 4467 είς
2796 4404 2886 4458 τὸν
2936 4404 3225 4473 λεγόμενον
3256 4405 3419 4457 τόπον
3445 4401 3667 4469 Γολγοθά.

447 4493 630 4561 gotha.
674 4493 740 4545 Et
773 4509 894 4562 qua:
936 4493 1074 4549 loris
1124 4504 1244 4548 acta
1289 4503 1418 4550 sunt
1472 4497 1602 4550 talia
1641 4507 1818 4564 erant,
1861 4500 1956 4568 ple!

2162 4501 2232 4553 Lal
2250 4500 2317 4553 τὰ
2348 4499 2444 4568 μὲν
2471 4497 2576 4564 ἔξω
2597 4497 2820 4550 τοιαῦτα
2840 4493 2929 4567 ἦν,
2960 4495 3134 4567 μεστὰ
3159 4496 3374 4566 ἀληθῶς
3398 4496 3576 4564 ὀδύνης
3596 4493 3671 4546 καὶ

446 4594 579 4633 sane
613 4581 803 4635 dolore
845 4597 908 4636 ac
943 4583 1162 4637 miseria
1193 4601 1351 4653 :quae
1383 4601 1509 4639 vero
1544 4586 1712 4649 intus,
1755 4588 1955 4657 improl

2160 4587 2489 4658 ιλαιπωρίας
2513 4603 2525 4616 ⁸
2548 4587 2708 4639 πάλιν
2724 4587 2778 4639 δέ
2795 4587 2860 4639 τὰ
2878 4585 3022 4637 ἔνδον
3038 4573 3207 4655 αὐτῆς
3228 4626 3240 4645 ,
3263 4584 3535 4654 ἐπηρείας,
3559 4580 3669 4650 φησὶ

447 4678 580 4731 tate.
617 4670 816 4740 inquit,
843 4671 1045 4726 damno
1074 4679 1128 4727 et
1161 4666 1366 4728 insultu
1394 4675 1593 4743 repleta
1623 4676 1765 4743 vidi;
1797 4679 1956 4745 injusl

2158 4682 2211 4733 al
2263 4679 2464 4748 ζημίας
2495 4679 2588 4731 καὶ
2635 4677 2930 4740 ἐπιθέσεως
2977 4671 3116 4729 εἶδον
3164 4675 3369 4746 μεστά·
3408 4673 3579 4727 ἀδικία
3621 4685 3667 4720 τι

448 4758 520 4810 tia
545 4758 673 4811 item
703 4761 758 4812 in
790 4759 970 4814 tnedio
994 4761 1136 4829 ejus,
1167 4773 1216 4815 et
1245 4779 1348 4815 non
1385 4764 1572 4832 defecit
1603 4781 1667 4818 ea:
1688 4765 1876 4834 plateis
1906 4768 1954 4836 ej

2157 4784 2184 4818 ν
2209 4767 2266 4817 ἐν
2294 4765 2440 4834 μέσῳ
2468 4765 2639 4832 αὐτῆς
2660 4803 2676 4827 ,
2717 4764 2813 4816 καὶ
2845 4765 2957 4817 οὐκ
2988 4763 3267 4826 ἐξέλιπεν
3302 4763 3370 4815 ἐκ
3403 4761 3514 4815 τῶν
3538 4763 3666 4812 πλο-

447 4863 611 4902 usura
627 4859 676 4902 et
707 4849 898 4913 dolus;
923 4866 1021 4920 pro
1049 4867 1159 4921 quo
1181 4854 1398 4921 Aquila,
1432 4854 1661 4908 debitum
1688 4867 1736 4910 et
1767 4857 1956 4910 insultu

2158 4854 2290 4909 ειῶν
2304 4853 2489 4921 αὐτῆς
2516 4856 2691 4920 τόκος
2707 4854 2808 4907 καὶ
2822 4854 3004 4918 δόλος
3023 4871 3034 4884 ⁸
3057 4853 3174 4906 ἀνθ’
3191 4847 3252 4905 οὗ
3272 4855 3300 4904 ὁ
3322 4854 3417 4923 μὲν
3445 4851 3667 4909 Ἀκύλας.

446 4937 840 5008 interpretatus
863 4951 982 5006 est;
1016 4941 1378 5013 Symmachus
1405 4961 1556 5008 vero,
1581 4945 1834 5000 damnum
1863 4961 1913 5001 et
1936 4950 1955 5001 i

2157 4947 2360 5012 φλημα
2389 4944 2486 4997 καὶ
2518 4944 2807 5006 ἐπίθεσιν,
2841 4945 3182 5013 ἡρμήνευσεν
3200 4960 3214 4974 ·
3251 4946 3280 4995 ὁ
3306 4942 3362 4994 δέ
3387 4941 3666 5011 Σύμμαχος,

447 5027 669 5086 sultum.
703 5028 861 5084 Omni
896 5033 1097 5102 quippe
1129 5034 1395 5088 malorum
1431 5051 1628 5106 genere
1659 5038 1951 5107 implebant

2158 5035 2332 5103 ημίαν
2346 5036 2442 5087 καὶ
2465 5035 2754 5088 ἐπίθεσιν.
2781 5033 3004 5086 Πάντων
3024 5033 3130 5102 γὰρ
3150 5032 3324 5101 πεπλή
3334 5048 3496 5102 ρωντο
3509 5028 3667 5082 κακῶν

449 5119 543 5189 qui
573 5121 803 5177 insidias
831 5123 886 5176 in
915 5122 1253 5179 Salvatorem
1283 5133 1530 5182 nostrum
1561 5137 1900 5184 struxerunt.

2156 5125 2170 5176 ἱ
2205 5124 2302 5194 τὴν
2343 5124 2485 5178 κατά
2521 5125 2612 5179 τοῦ
2643 5125 2892 5194 Σωτῆρος
2929 5123 3397 5194 ἡμῶκὲπιϐουλὴν
3431 5133 3665 5176 συσκευα-

2127 5215 2367 5285 σάμενοι.

522 5294 688 5352 Vens.
721 5301 907 5355 {3-15.
972 5301 1236 5368 Quoniam
1283 5303 1329 5356 si
1371 5305 1616 5358 inimicus
1664 5321 1808 5357 meus
1857 5305 2023 5359 male-

2199 5308 2346 5368 Ὅτι,
2381 5310 2429 5359 ει
2454 5307 2664 5375 ἐχθρὸς
2693 5307 2964 5361 ὠνείδισέ
2995 5326 3101 5375 με,
3133 5307 3438 5376 ὑπήνεγκα
3467 5304 3558 5367 ἂν,
3587 5297 3665 5352 καὶ

449 5384 672 5441 dixisset
711 5389 861 5456 milii,
901 5394 1267 5446 sustinuissent
1295 5395 1504 5464 utique;
1531 5404 1578 5448 et
1608 5396 1654 5448 si
1683 5396 1749 5458 is,
1784 5397 1872 5464 qui
1905 5412 1958 5447 oa

2158 5399 2175 5450 ί
2203 5401 2235 5451 ό
2259 5397 2456 5466 μισῶν
2481 5417 2556 5467 με
2584 5400 2674 5451 ἐπ’
2707 5399 2812 5468 ἐμὲ
2837 5399 3493 5468 ἐμεγαλορῤημὸνησεν,
3521 5391 3665 5458 expu-

436 5486 538 5530 χιιι
573 5495 672 5542 me,
706 5495 860 5547 super
887 5498 966 5535 me
1007 5499 1196 5549 magna
1231 5483 1435 5538 loculus
1471 5486 1676 5554 luisset,
1709 5484 1945 5537 abscond:

2154 5490 2242 5554 ῗην
2266 5487 2343 5541 ἂν
2373 5489 2699 5542 ἀπἀὺτοῦ.
2723 5489 2806 5542 Σὺ
2838 5473 2925 5554 si,
2956 5489 3225 5556 ἄνθρωπε
3257 5487 3525 5554 ἰσόψυχε.
3555 5483 3663 5547 ἠγε-

452 5585 560 5626 sem
583 5586 662 5624 me
678 5571 905 5640 forsitan
934 5572 998 5626 ab
1023 5590 1104 5629 eo.
1131 5573 1210 5628 Tu
1239 5592 1376 5638 vero,
1406 5577 1557 5632 homo
1595 5576 1881 5642 unanimis,
1910 5577 1961 5629 di

2151 5577 2251 5632 ιών
2297 5597 2415 5648 μου
2447 5579 2543 5633 καὶ
2577 5579 2804 5647 γνωστέ
2824 5597 2963 5648 μου,
2998 5580 3065 5644 ὃς
3093 5579 3190 5632 ἐπὶ
3216 5578 3280 5633 τὸ
3319 5574 3461 5631 αὐτὸ
3480 5573 3660 5627 ἐλίπο-

519 5749 567 5782 “
605 5747 752 5806 Psal.
785 5767 911 5815 xxi,
945 5753 1033 5818 l3,
1065 5754 1147 5808 14.
1226 5755 1270 5784 ⁸⁵
1309 5754 1441 5819 ibid.
1483 5757 1564 5811 l7.
1642 5757 1686 5789 ⁹⁶
1728 5756 1874 5813 Psal.
1908 5774 2028 5812 cvm

1483 5757 1564 5811 l7.
1642 5757 1686 5789 ’⁸
1728 5756 1874 5813 Psal.
1908 5774 2072 5824 cvm,
2105 5759 2237 5825 4,5.
2315 5760 2358 5791 9’
2404 5758 2592 5814 Matth.
2635 5775 2802 5822 urit,
2853 5759 2901 5826 Ι,
2938 5757 2991 5812 2.
