3822 6280
141 318 230 376 481

1255 320 1751 379 COMMENTARIA
1792 325 1858 380 IN
1898 328 2238 389 PSALMOS.

3268 356 3373 410 ιδι

140 435 243 501 vde
282 451 387 503 μοι
431 435 726 503 ἐδέσματα
752 475 765 499 ,
818 437 886 490 ἐν
936 455 1014 503 τῳ
1062 440 1203 504 οἴκῳ
1236 442 1339 496 τοῦ
1376 443 1522 496 Θεοῦ
1568 444 1693 496 ἐπο-

1807 463 1949 501 meus
1976 459 2025 502 et
2055 461 2208 504 notus
2242 468 2386 507 meus
2414 470 2432 507 :
2456 459 2545 524 qui
2572 460 2732 513 simul
2762 478 2956 517 mecum
3003 466 3180 523 dulces
3210 473 3373 539 capie-

134 529 422 596 ρεύθημεν
445 528 516 580 ὲν
542 531 803 597 ὁμονοίᾳ.
845 530 938 592 Εἰς
966 530 1159 584 ἐαυτοῦ
1190 534 1477 604 πρόσωπον
1505 535 1703 587 ἀναλα-

141 618 241 672 ϐὼν
281 621 310 670 6
340 620 633 690 Προφήτης
663 620 729 673 τὰ
757 622 897 674 κατὰ
921 622 1016 675 τοῦ
1048 623 1295 694 Σωτῆρος
1324 626 1479 696 ήμῶν
1503 626 1703 699 τολμη-

142 712 404 782 θησόμενα
429 752 443 777 ,
500 714 723 776 εἰκότως
751 714 952 783 ἔφασκε
1004 719 1332 789 τεταράχθαι
1385 722 1477 773 καὶ
1504 720 1702 784 δειλίας

141 806 355 859 θανάτου
390 806 798 877 πεπληρῶσθαι.
853 808 1103 862 Μάλιστα
1140 811 1236 880 μὲν
1269 810 1376 881 γὰρ
1410 812 1502 864 καὶ
1532 815 1697 878 πᾶσα,

142 894 307 966 φησὶν,
341 898 373 966 ἡ
400 897 555 959 πόλις
576 898 899 969 πεπλήρωτο
923 900 1149 969 ἀνομίας
1173 903 1267 953 καὶ
1290 903 1612 972 ἀντιλογίας,
1640 905 1700 956 οὐ

138 987 198 1038 δι’
225 988 434 1058 ἡμέρας
464 989 643 1057 μόνον,
696 989 828 1043 ἀλλά
859 992 951 1043 καὶ
984 991 1070 1043 διά
1102 994 1295 1056 νυκτός
1320 1011 1332 1023 ·
1380 994 1445 1046 τά
1475 996 1518 1048 δ’
1546 997 1700 1059 ἐκτὸς

140 1079 225 1147 τῆς
251 1078 456 1141 πόλεως
483 1080 627 1149 ἀμφὶ
660 1080 727 1132 τὰ
761 1081 909 1152 τείχη
941 1083 1109 1153 αὐτῆς
1141 1085 1369 1154 ἀνομίας
1401 1084 1608 1156 ἔμπλεα
1633 1083 1699 1157 ἦν

138 1169 221 1219 καὶ
243 1167 437 1237 ὀδύνης
462 1170 556 1221 καὶ
580 1169 980 1241 ταλαιπωρίαςο
1047 1174 1107 1225 ού
1146 1175 1249 1246 μὴν
1272 1175 1407 1228 ἀλλά
1439 1178 1532 1229 καὶ
1561 1179 1697 1231 πάν-

136 1275 230 1309 των
254 1257 433 1311 αὐτῶν
461 1260 515 1311 ai
540 1259 708 1329 ψυχαὶ
736 1260 937 1331 ζημίας
970 1263 1261 1335 ἐτύγχανον
1293 1268 1385 1319 καὶ
1407 1268 1700 1332 ἐπιθέσεως

142 1349 339 1416 μεσταί.
394 1350 467 1401 To
492 1350 548 1402 δὲ
573 1353 788 1404 πάντων
816 1354 1085 1423 χείριστον
1108 1395 1121 1419 ,
1177 1357 1257 1408 δτι
1291 1358 1384 1409 καὶ
1416 1358 1521 1409 τῶν
1550 1359 1699 1428 ἐμῶν

138 1438 391 1508 ίσοψύχων
410 1435 518 1504 εἷς,
551 1441 661 1493 τῶν
684 1459 742 1493 τε
772 1443 973 1513 σφόδρα
1002 1447 1292 1516 γνωρίμων
1326 1450 1417 1500 καὶ
1444 1451 1698 1517 γνωστῶν

137 1529 244 1598 ἐμοὶ
267 1569 282 1591 ,
327 1531 549 1584 τοιαῦτα
578 1534 698 1585 κατ’
726 1533 859 1603 ἐμου
894 1536 1288 1607 πεπαρῴνηκεν
1313 1579 1326 1600 ,
1354 1540 1429 1602 ὡς
1452 1540 1698 1612 ἀφόρητα

138 1613 256 1668 εἶναι
288 1657 301 1678 ,
339 1619 432 1670 καὶ
477 1621 578 1671 οὐκ
606 1621 777 1673 οἰστά.
853 1622 935 1674 Τά
969 1624 1065 1692 μὲν
1098 1625 1206 1695 γὰρ
1252 1627 1342 1679 ὑπ’
1367 1628 1575 1699 ἐχθρῶν
1604 1632 1698 1684 καὶ

135 1708 523 1777 ὁμολογούντων
552 1710 917 1764 ἐναντιοῦσθαι
944 1714 1037 1766 καὶ
1070 1719 1246 1784 μισεῖν
1275 1721 1337 1770 ἐκ
1366 1719 1458 1771 τοῦ
1494 1738 1697 1793 προφα-

1803 541 1897 590 bas
1926 539 2092 604 cibos,
2126 542 2183 594 in
2212 541 2367 595 domo
2402 544 2499 599 Dei
2530 548 2910 608 ambulavimus
2941 573 3056 609 cum
3091 575 3370 618 consensu.

1804 629 1880 683 Ad
1932 632 2015 685 sui
2067 648 2356 702 personam
2399 638 2642 695 referens
2682 641 2951 715 PrOpheta
3001 651 3371 712 admittendos

1801 730 1993 774 contra
2028 721 2362 781 Salvatorem
2401 737 2646 785 nostrum
2678 749 2864 797 ausus,
2898 738 3022 807 jure
3055 743 3129 795 ait
3170 760 3230 799 se
3256 756 3370 799 tur-

1801 808 1988 863 batum
2031 820 2085 866 et
2126 814 2416 871 formidine
2457 821 2648 875 mortis
2681 825 2946 892 repletum
2975 843 3115 884 esse.
3151 830 3213 885 Et
3241 850 3367 889 vero

1807 906 1941 963 tota,
1995 900 2193 972 inquit,
2247 907 2442 963 civitas
2487 911 2773 980 iniquitate
2828 924 2881 970 et
2932 922 3368 980 contradictione

1802 992 1959 1059 plena
1994 1004 2131 1060 erat,
2180 1012 2285 1050 non
2320 999 2406 1053 die
2447 1003 2647 1067 solum,
2688 1007 2780 1060 sed
2815 1009 2978 1062 etiam
3029 1024 3205 1067 nocte.
3239 1014 3369 1081 Quze

1800 1092 1979 1137 autem
2011 1092 2163 1138 extra
2194 1087 2490 1155 civitatem,
2520 1096 2665 1148 circa
2689 1112 2874 1153 muros
2897 1100 3034 1168 ejus,
3060 1102 3365 1173 iniquitate,

1801 1170 1986 1227 dolore
2017 1184 2068 1228 et
2108 1178 2329 1232 miseria
2374 1183 2575 1250 repleta
2610 1196 2799 1255 erant;
2839 1190 2949 1243 imo
2979 1194 3141 1246 etiam
3175 1211 3364 1251 eorum

1800 1265 2041 1317 omnium
2076 1268 2269 1322 animae
2297 1272 2496 1327 damno
2528 1285 2581 1330 et
2608 1278 2812 1333 insultu
2858 1282 3087 1339 referteo.
3122 1286 3189 1340 At
3219 1287 3365 1357 quod

1799 1353 2040 1405 omnium
2069 1358 2365 1423 pessimum
2406 1374 2542 1427 erat,
2576 1381 2718 1420 unus
2744 1386 2806 1423 ex
2851 1373 2917 1427 iis
2951 1376 3040 1443 qui
3080 1380 3369 1443 unanimes

1796 1450 1851 1494 et
1893 1443 2183 1499 admodum
2234 1451 2350 1503 noti
2396 1454 2529 1507 mihi
2574 1467 2750 1525 erant,
2788 1464 2990 1519 talibus
3042 1476 3230 1522 contra
3278 1486 3366 1527 me

1798 1530 2166 1591 debacchatus
2191 1547 2293 1602 est,
2322 1558 2442 1612 quae
2467 1545 2826 1605 intolerabilia
2856 1563 2909 1607 et
2941 1556 3254 1613 nullatenus
3287 1560 3367 1616 fe-

1798 1623 1966 1678 renda
2006 1628 2134 1681 sint.
2170 1629 2380 1686 Etenim
2408 1636 2475 1690 ab
2514 1637 2751 1695 inimicis
2780 1650 2832 1697 et
2864 1646 2929 1697 iis
2964 1648 3055 1716 qui
3102 1665 3160 1703 se
3186 1653 3362 1719 palam

1800 1713 2143 1774 adversarios
2190 1728 2244 1775 et
2292 1724 2536 1782 infensos
2582 1745 2703 1784 esse
2746 1734 3090 1802 profitentur,
3140 1739 3363 1795 ferenda

136 1798 261 1861 νοὸς,
280 1800 435 1853 ama:
458 1800 525 1853 ἂν
539 1802 777 1867 γένοιντό
795 1819 922 1854 ποτε
939 1819 951 1831 ·
978 1778 1099 1855 ἐπεὶ
1118 1808 1209 1858 καὶ
1230 1778 1693 1883 προφυλάττεσθαι

2448 1778 2465 1781 νγ
2512 1778 2531 1782 -
2588 1778 2701 1784 η--
2746 1778 3090 1802 τ.ν...ν......,
3140 1778 3363 1795 mu“...

1801 1799 2026 1859 forsitan
2058 1820 2262 1875 essent,
2298 1815 2425 1881 quia
2463 1816 2713 1872 inimicos
2757 1837 2953 1879 cavere
3000 1827 3067 1881 ab
3097 1827 3273 1898 iisque
3303 1846 3363 1884 se

135 1889 245 1950 τοὺς
272 1889 497 1960 ἐχθροὺς
528 1891 867 1960 κρύπτεσθαί
899 1910 958 1945 τε
990 1894 1084 1946 ἀπ’
1117 1896 1294 1949 αὐτῶν
1327 1897 1569 1962 δυνατὸν,
1602 1901 1695 1953 καὶ

138 1980 287 2049 μηδὲν
317 1979 466 2045 ξένον
492 1981 743 2051 ἡγεῖσθαι
766 1984 893 2045 τοὺς
920 1984 1031 2037 τῶν
1071 1984 1282 2055 ἐχθρῶν
1323 1987 1656 2058 ὀνειδισμούς
1676 2006 1690 2021 ⁸

134 2071 245 2123 ὅταν
273 2072 329 2124 δὲ
367 2071 517 2139 φίλος
551 2073 802 2142 ἰσόψυχος
826 2113 839 2135 ν
876 2074 1003 2127 ὅταν
1033 2078 1061 2129 ὁ
1094 2078 1195 2147 τῆς
1224 2081 1351 2149 παρ’
1380 2081 1501 2149 99-0)-
1530 2083 1694 2153 τιμῆς

133 2176 185 2212 τε
214 2161 304 2214 καὶ
324 2161 553 2232 ἐκλογῆς
578 2161 987 2232 κατηξιωμένος
1004 2205 1017 2229 ,
1048 2166 1173 2218 ὅταν
1194 2168 1567 2239 ὁμοτράπεζος
1592 2188 1694 2237 μα-

135 2248 289 2320 θητὴς
305 2290 319 2313 ,
346 2251 472 2303 ὅταν
500 2254 528 2303 6
554 2254 919 2307 συνεισελθὼν·
942 2257 1064 2325 ἐμοὶ
1098 2257 1358 2321 πολλάκις
1385 2261 1463 2321 εἰς
1485 2260 1576 2311 τὸν
1599 2259 1692 2311 τοῦ

133 2339 255 2393 Θεοῦ
281 2337 447 2404 οἶκον,
482 2344 1033 2414 συμπροσευξάμενός
1059 2364 1119 2399 τε
1147 2348 1240 2400 καὶ
1268 2350 1532 2420 μυστικῆς
1562 2351 1695 2404 ἀπο-

134 2429 320 2493 λαύσας
347 2433 583 2503 τροφῆς,
620 2434 794 2501 λόγων
824 2451 881 2487 τε
916 2438 1241 2508 ἀπορρήτων
1286 2440 1394 2492 τῶν
1435 2442 1563 2511 περὶ
1594 2442 1694 2511 τῆς

136 2522 391 2591 βασιλείας
412 2525 519 2579 τῶν
545 2526 788 2596 οὐρανῶν
822 2529 1134 2598 μετασχὼν,
1166 2530 1390 2585 τοιαῦτα
1413 2534 1531 2587 κατ’
1558 2533 1691 2604 ἐμοῦ

132 2611 261 2682 δρῶν
279 2652 293 2674 ,
323 2615 498 2667 οὐκέτ’
523 2616 587 2668 ἂν
616 2616 824 2684 γένοιτο
851 2620 1071 2674 ἀνεκτά.
1104 2622 1289 2676 Ταῦτα
1310 2624 1365 2676 δὲ
1388 2625 1693 2689 ἀκολούθως

135 2703 263 2771 μετὰ
288 2705 351 2757 τὰ
386 2707 753 2777 προλεχθέντα
787 2712 914 2781 περὶ
943 2710 1050 2763 τῶν
1083 2712 1139 2764 ἐν
1162 2716 1227 2783 τῇ
1262 2714 1410 2766 πόλει
1433 2716 1695 2786 τετολμη-

135 2794 319 2861 μένων,
352 2796 496 2859 ἰδίως
531 2800 662 2869 περὶ
702 2800 795 2853 τοῦ
844 2801 1102 2871 προδότου
1145 2804 1311 2857 Ἰούδα
1355 2796 1689 2869 ἐθεσπίζετο.

138 2886 195 2937 ’Δ
210 2886 270 2956 δὴ
288 2888 378 2940 καὶ
402 2887 541 2941 αὐτὰ
559 2888 746 2943 τοῦτον
769 2893 797 2943 ὁ
814 2891 1104 2963 Σύμμαχος
1126 2895 1435 2966 ἡρμήνευσε
1457 2896 1546 2949 τὸν
1567 2897 1662 2965 τρό
1676 2927 1691 2937 ο

132 2993 253 3028 των*
290 2981 368 3033 Οὐ
422 2980 534 3049 γὰρ
567 2981 781 3050 ἐχθρὸς
808 2984 1255 3052 προεπηλάκωέ
1280 3004 1389 3055 με,
1444 2988 1543 3040 ἵνα
1580 2989 1693 3052 βα-

131 3067 345 3132 στάξω·
404 3070 546 3124 οὐδὲ
575 3072 672 3126 διὰ
717 3074 941 3143 μίσους
965 3093 1069 3143 μοι
1098 3077 1190 3129 ἐπ’
1220 3077 1324 3146 ἐμὲ
1363 3079 1694 3149 ἐμεγάλυνε

131 3162 495 3230 πτερνισμὺν,
532 3164 632 3217 ἵνα
666 3166 963 3234 κρύϐωμαι
990 3168 1196 3224 αὐτόν.
1245 3168 1419 3224 Ἀλλὰ
1450 3170 1551 3234 σὺ,
1587 3170 1691 3225 ἄν·

130 3253 328 3319 θρωπε,
356 3257 743 3324 ὀμοιότροπός
774 3273 881 3327 μοι
903 3296 919 3322 ,
969 3258 1370 3333 συνήθηςνκαὶ
1404 3261 1691 3332 γνώριμός

128 3363 216 3413 μοι
238 3385 251 3408 ,
279 3348 493 3414 clareq-
532 3349 1066 3421 ἐκοινολονούμεθα
1097 3352 1384 3422 γλυκεῖαν
1414 3355 1688 3423 ὁμιλίαν-ο

130 3436 192 3485 ἐν
223 3436 295 3501 τῷ
321 3440 461 3502 οἴκῳ
497 3440 605 3492 τοῦ
636 3440 783 3494 Θεοῦ
816 3443 1307 3513 ἀναστρεφόμεθα
1340 3444 1692 3499 συνδιαιτώο

128 3543 295 3592 μενοι.
696 3554 699 3555 ν

208 3620 445 3675 Ἐλθέτω
475 3623 731 3690 θάνατος
758 3624 850 3678 ἐπ’
871 3626 1111 3691 αὐτοὺς,
1144 3627 1241 3680 καὶ
1264 3628 1693 3696 καταϐήτωσαν

132 3713 211 3775 εἷς
239 3712 376 3776 ᾅδου
416 3713 627 3782 ζῶντες
653 3733 666 3746 ’
704 3716 791 3769 ὅτι
820 3720 1075 3785 πονηρία
1096 3719 1165 3772 ἐν
1204 3719 1332 3784 ταῖς
1357 3720 1693 3787 παροικίαις

131 3802 331 3867 αὐτῶν,
351 3806 420 3857 ἐν
437 3806 607 3874 μέσῳ
627 3807 843 3861 αὐτῶν.
881 3809 1019 3879 Ἤδη
1045 3810 1301 3873 πολλάκις
1329 3814 1459 3882 ἡμῖν
1486 3813 1579 3864 καὶ
1606 3812 1692 3863 διὰ

133 3893 233 3945 τῶν
283 3895 583 3967 ἔμπροσθεν
635 3899 1050 3964 ἀποδέδεικται,
1101 3903 1183 3954 ὅτι
1229 3903 1296 3955 τὰ
1348 3903 1690 3975 προρρητικά

134 3988 497 4059 προστακτικῷ
518 3990 704 4061 τρόπῳ
725 3983 845 4055 ἐθός
864 3997 927 4064 τῇ
951 3993 1071 4064 θείᾳ
1087 3994 1273 4065 Γραφῇ
1288 3994 1655 4064 προφέρεσθαι
1675 4011 1688 4024 ο

136 4076 221 4125 καὶ
250 4078 472 4131 ἐνταῦθα
507 4082 687 4134 τοίνυν
719 4083 838 4135 ἀντὶ
878 4085 968 4137 τοῦ
991 4124 1004 4147 ,
1064 4086 1401 4140 Ἐλεύσεται
1438 4084 1690 4151 θάνατος

136 4168 219 4219 ἐπ’
253 4156 464 4238 αὐτοὺς
489 4213 503 4235 ,
553 4175 650 4227 καὶ
692 4175 1132 4242 καταϐήσονται
1166 4179 1252 4241 εἰς
1284 4175 1431 4242 ᾅδου
1458 4174 1689 4241 ζῶντες,

136 4262 533 4326 προστακτικῶς
578 4264 791 4334 εἴρηται
841 4264 907 4317 τὰ
939 4266 1293 4336 προκείμενα.
1348 4265 1604 4330 Θεσπίζει
1635 4265 1691 4317 δὲ

140 4348 191 4399 τὸ
226 4349 435 4422 Πνεῦμα
470 4355 530 4405 τὸ
562 4354 715 4420 ἆγιον
760 4356 826 4407 τὰ
861 4357 1247 4427 συμϐησόμενα
1292 4360 1403 4420 τοῖς
1453 4357 1520 4409 τὰ
1552 4374 1687 4429 προ-

1795 1895 2074 1949 occultare
2113 1899 2167 1951 in
2198 1912 2449 1972 promptu
2480 1916 2582 1973 est,
2622 1920 2783 1981 atque
2820 1917 3110 1983 opprobria
3154 1895 3362 1974 inimici

1797 2000 1906 2039 non
1935 2004 2032 2055 pro
2061 2006 2119 2045 re
2148 1993 2321 2047 aliena
2364 2006 2417 2050 et
2448 1998 2703 2055 inusitata
2740 2004 3025 2062 habentur.
3058 2008 3125 2062 At
3157 2026 3279 2063 cum
3316 2014 3362 2068 is

1796 2081 1888 2147 qui
1917 2082 2125 2138 amicus
2157 2088 2453 2154 unanimis,
2501 2107 2624 2146 cum
2658 2095 2703 2149 is
2737 2098 2829 2166 qui
2863 2114 2893 2151 a
2937 2115 3023 2155 me
3071 2101 3277 2157 honore
3307 2112 3361 2158 et

1795 2170 2058 2228 electione
2090 2174 2344 2245 dignatus
2386 2188 2489 2243 est,
2519 2197 2642 2237 cum
2691 2201 2893 2242 mensa:
2921 2205 3149 2246 consors
3185 2176 3360 2249 disci-

1793 2260 1978 2328 pulus,
2022 2265 2192 2333 quiin
2230 2268 2449 2323 domum
2494 2271 2587 2327 Dei
2636 2290 2777 2344 smpe
2827 2295 3036 2333 mecum
3079 2282 3360 2351 ingressus

1793 2361 1898 2416 est,
1944 2361 2106 2423 atque
2150 2372 2258 2411 una
2309 2371 2583 2428 precatus,
2631 2369 2861 2436 mystico
2910 2371 3033 2426 cibo
3080 2391 3234 2437 usus,
3266 2376 3359 2447 qui

1795 2458 1994 2499 arcana
2035 2446 2102 2502 de
2146 2464 2314 2521 regno
2359 2453 2621 2507 caelorum
2670 2458 2836 2512 verba
2885 2475 3190 2530 acceperat,
3233 2467 3361 2519 talia

1794 2544 1984 2590 contra
2018 2554 2102 2593 me
2124 2544 2331 2610 egerit;
2359 2559 2420 2597 ea
2453 2561 2583 2600 sane
2621 2564 2728 2602 non
2760 2550 3004 2605 ferenda.
3041 2553 3165 2609 Haec
3198 2564 3362 2625 pOrro

1794 2637 2193 2696 consequenter
2218 2640 2339 2701 post
2385 2650 2448 2687 ea
2482 2653 2603 2704 quae
2647 2639 2712 2693 de
2756 2638 3095 2699 facinoribus
3138 2647 3193 2700 in
3226 2648 3365 2702 civi-

1794 2726 1905 2773 tate
1925 2720 2184 2775 admissis
2206 2724 2466 2791 praedicta
2498 2736 2645 2791 sunt,
2678 2730 2744 2783 de
2765 2734 3043 2799 proditore
3070 2734 3207 2789 Juda
3235 2752 3357 2806 spe-

1788 2809 1975 2862 ciatim
2024 2812 2443 2869 vaticinabatur.
2495 2815 2625 2881 Qum
2658 2817 3016 2888 Symmachus
3050 2823 3152 2877 hoc
3198 2834 3359 2893 pacto

1796 2900 2182 2969 interpretatus
2214 2912 2335 2959 estz
2385 2904 2507 2958 Non
2537 2907 2777 2965 inimicus
2813 2913 3121 2980 vituperavit
3159 2932 3259 2980 me,
3304 2927 3357 2970 ut

1793 2993 1993 3060 feram;
2031 3011 2192 3064 neque
2226 3011 2316 3061 per
2347 2996 2524 3050 odium
2567 3001 2666 3053 mei
2714 3004 3067 3072 magniﬁcavit
3107 3021 3261 3074 super
3282 3025 3363 3062 me

1721 3112 1761 3167 ο
1794 3086 2294 3154 supplantationem,
2335 3097 2391 3141 ut
2416 3089 2711 3144 abscondar
2751 3092 2815 3146 ab
2857 3111 2937 3149 eo.
2981 3093 3083 3148 Sed
3117 3105 3170 3148 tu
3197 3093 3361 3150 'homo

1796 3178 1952 3230 unius
1988 3180 2172 3241 moris,
2202 3179 2491 3246 familiaris
2521 3191 2568 3234 et
2599 3192 2753 3236 notus
2785 3185 2935 3246 mihi,
2964 3186 3225 3255 quidulce
3253 3189 3363 3241 col-

1795 3266 2026 3336 loquium
2058 3271 2403 3324 miscebamus
2439 3288 2456 3323 :
2489 3273 2544 3325 in
2584 3273 2741 3328 domo
2774 3275 2871 3329 Dei
2902 3293 3171 3331 versamur
3202 3278 3367 3335 simul

1791 3362 2032 3417 virentes.

1867 3628 2032 3685 Vens.
2064 3629 2152 3685 16.
2201 3629 2387 3683 Veniat
2418 3647 2556 3683 mors
2602 3649 2756 3699 super
2780 3634 2921 3697 illos,
2962 3644 3010 3685 et
3046 3633 3365 3687 descendant

1794 3722 1847 3773 in
1880 3722 2144 3788 infernum
2184 3723 2444 3774 virentes:
2496 3724 2743 3790 quoniam
2785 3724 3013 3791 nequitia
3056 3724 3109 3774 in
3153 3724 3365 3778 habita-

1794 3808 2022 3861 tionibus
2070 3826 2271 3869 eorum,
2305 3811 2359 3862 in
2411 3810 2581 3863 medio
2618 3826 2820 3865 eorum.
2865 3808 2983 3862 Jam
3036 3813 3290 3893 superius
3331 3828 3360 3867 a

1790 3899 1952 3953 nobis
1986 3900 2306 3968 plerumque
2348 3900 2781 3953 demonstratum
2829 3909 2933 3963 est,
2970 3900 3151 3955 futura
3187 3905 3361 3973 impe-

1792 3989 1967 4042 rativo
2013 3989 2174 4042 modo
2217 3989 2455 4043 divinam
2495 3989 2836 4060 Scripturam
2867 3991 3111 4059 proferre
3146 3996 3362 4061 solere;

1795 4078 1883 4131 hic
1912 4078 2079 4148 igitur
2101 4079 2220 4131 loco
2254 4078 2421 4141 illius,
2463 4079 2637 4132 Veniet
2671 4096 2809 4134 mors
2840 4095 2994 4148 super
3019 4082 3162 4144 illos,
3195 4093 3244 4136 et
3274 4083 3366 4138 de-

1793 4170 2036 4222 scendent
2089 4170 2142 4223 in
2188 4170 2450 4237 infernum
2498 4171 2740 4234 viventes,
2795 4172 2982 4225 eadem
3044 4174 3366 4241 imperativo

1794 4260 1955 4314 modo
1993 4261 2134 4315 dicta
2159 4275 2304 4316 sunt.
2335 4260 2674 4316 Vaticinatur
2698 4278 2857 4331 porro
2883 4262 3119 4333 Spiritus
3142 4273 3366 4320 sanctus

1794 4370 1916 4425 qua:
1948 4361 2209 4409 eventura
2237 4354 2346 4408 sint
2369 4353 2458 4416 iis,
2496 4355 2587 4423 qui
2622 4370 2787 4423 supra
2815 4364 3123 4415 memorata
3143 4356 3363 4425 aggredi

140 4439 367 4510 λεχθέντα
399 4446 808 4516 τετολμηκὸσιν.
880 4448 936 4500 '0
976 4448 1105 4510 γοῦν
1150 4448 1377 4511 Ἀκύλας
1409 4448 1693 4520 ὀρθότερον

1800 4441 1918 4495 ausi
1956 4449 2106 4495 sunt.
2160 4440 2355 4509 Aquila
2406 4452 2553 4494 certe
2601 4441 2806 4495 rectius
2852 4442 3238 4510 interpretatus
3280 4449 3365 4495 est

140 4531 453 4603 ήρμήνευσεν
500 4536 699 4589 εἰπών’
765 4536 996 4601 Ἐπάξει
1030 4540 1291 4593 θάνατον
1322 4540 1414 4592 ἐπ’
1447 4542 1688 4606 αὐτούς.

142 4619 224 4684 Τίς
250 4624 301 4677 δὲ
325 4625 552 4679 θάνατον
581 4627 770 4693 ἐπάξει
818 4630 904 4681 ἐπ’
934 4631 1130 4693 αὐτοὺς
1158 4631 1190 4702 ἢ
1219 4634 1285 4684 τὰ
1316 4630 1452 4702 ἔργα
1478 4631 1688 4697 αὑτῶν;

144 4711 270 4765 Δίιτᾶ
291 4716 391 4787 γὰρ
419 4720 603 4782 αὐτοῖς
624 4720 773 4772 αἴτια
795 4720 1083 4790 γεγένηται
1116 4721 1366 4780 θανάτου,
1393 4723 1425 4792 ἢ
1448 4725 1476 4775 6
1498 4723 1690 4793 κρίνας

144 4804 312 4870 αὐτοὺς
327 4809 554 4863 θανάτου
578 4811 760 4877 ἀξίους
780 4813 865 4865 διὰ
888 4815 985 4877 τάς
1004 4815 1218 4877 ἀσεϐεῖς
1240 4814 1467 4883 πράξεις
1488 4813 1685 4866 αὐτῶν.

142 4891 355 4962 Θάνατος
390 4901 446 4953 δέ
479 4904 606 4965 τοὺς
642 4902 856 4967 ἀσεϐεῖς
893 4906 1284 4977 μετερχόμενος
1324 4908 1421 4975 οὐχ
1454 4908 1481 4958 6
1513 4906 1691 4969 κοινὸς

147 4980 201 5034 ἂν
223 4984 416 5055 λέγοιτο
435 5009 446 5020 ·
473 4987 626 5056 οὗτος
651 4992 758 5064 γὰρ
786 4996 881 5047 καὶ
906 4998 1031 5059 τοὺς
1055 4997 1294 5060 δικαίους
1324 4997 1569 5060 ἅπαντας
1598 5014 1691 5067 με·

144 5068 342 5137 τῆλθεν·
384 5079 433 5130 οἳ
480 5080 575 5131 καὶ
620 5082 756 5150 μετά
786 5082 876 5136 τὸν
924 5085 1098 5137 κοινὸν
1126 5085 1350 5139 θάνατον
1379 5085 1514 5149 ζῶσι
1542 5087 1690 5156 παρὰ

144 5158 210 5228 τῷ
224 5160 359 5235 Θεῷ·
388 5167 576 5240 ὥσπερ
598 5166 691 5223 οὖν
713 5171 946 5238 ἐδίδαξεν
964 5177 992 5227 ὁ
1017 5175 1205 5246 Σωτὴρ
1230 5176 1396 5230 εἰπών
1412 5194 1425 5207 ·
1463 5177 1523 5229 '0
1547 5176 1690 5241 Θεὸς

155 5250 410 5327 Ἀϐραὰμ,
441 5261 539 5314 καὶ
574 5266 608 5316 ὁ
633 5265 775 5331 Θεὸς
818 5266 1021 5320 Ἰσαὰκ
1040 5307 1054 5331 ,
1086 5269 1182 5322 καὶ
1217 5272 1249 5321 ὁ
1277 5269 1421 5334 Θεὸς
1466 5269 1688 5331 Ἰακὼϐ,

146 5345 239 5397 οὐκ
273 5349 397 5403 ἐστι
446 5355 591 5419 Θεὸς
616 5356 845 5423 νεκρῶν·
868 5399 881 5420 ,
917 5358 1076 5412 ἀλλὰ
1110 5358 1367 5419 ζώντων·
1425 5360 1611 5431 ψυχῶν
1636 5360 1692 5413 δὲ

144 5431 347 5518 θάνατος
378 5445 470 5497 καὶ
508 5445 661 5516 παρὰ
686 5448 762 5517 τῷ
802 5446 1050 5521 Ἐζεκιὴλ
1077 5450 1369 5521 δεδήλωται
1397 5452 1657 5521 φάσκοντι
1675 5467 1687 5481 ⁸

147 5527 301 5600 Ψυχὴ
357 5534 787 5604 ἁμαρτάνουσα
813 5580 827 5603 ,
880 5540 1032 5608 αὔτῆ
1084 5543 1483 5597 ἀποθανεῖται.
1544 5543 1696 5597 Ἐπεὶ

204 5710 245 5740 ’⁸
282 5711 466 5767 Matth.
503 5724 662 5779 χχιι,
698 5714 785 5770 52.
862 5719 905 5751 ”
949 5717 1145 5772 Ezech.
1181 5733 1347 5785 xvnt,
1385 5720 1440 5775 4.

1800 4535 1887 4589 his
1914 4533 2096 4588 verbis
2126 4553 2137 4587 :
2168 4531 2388 4586 Inducet
2422 4545 2639 4586 mortem
2673 4548 2828 4601 super
2847 4548 2952 4585 eos.
2984 4530 3117 4613 Quis
3145 4530 3364 4584 inducet

1797 4633 2028 4680 mortem
2059 4639 2223 4695 super
2247 4639 2366 4687 eos,
2399 4624 2503 4678 nisi
2546 4639 2710 4692 opera
2742 4623 3021 4693 ipsorum?
3049 4620 3175 4675 Hzcc
3217 4621 3363 4675 enim

1796 4719 1931 4788 ipsis
1973 4718 2164 4772 mortis
2214 4731 2379 4771 causa
2431 4724 2594 4771 erunt
2647 4716 2847 4785 potius,
2881 4728 3042 4781 quam
3094 4712 3139 4765 is
3170 4712 3261 4781 qui
3294 4712 3365 4763 ob

1799 4811 1963 4877 impia
2010 4816 2387 4878 gesta‘morte
2419 4808 2612 4877 dignos
2650 4806 2933 4883 judicavit.
2988 4802 3133 4857 Mors
3182 4812 3364 4856 autem

1800 4901 1997 4970 impios
2029 4900 2313 4962 invadens,
2346 4914 2456 4952 non
2494 4896 2801 4952 communis
2847 4892 3201 4959 aestimanda;
3238 4907 3362 4944 nam

1795 5005 1859 5045 ea
1883 4992 2063 5060 justos
2094 5004 2309 5059 quoque
2333 5002 2526 5042 omnes
2554 4987 2706 5051 adiit,
2737 4985 2829 5054 qui
2858 4984 3019 5039 etiam
3064 4988 3186 5052 post
3216 4995 3369 5034 com-

1799 5098 2017 5137 munem
2061 5088 2292 5136 mortem
2345 5080 2535 5133 vivunt
2573 5077 2715 5147 apud
2757 5074 2957 5141 Deum;
3008 5070 3367 5142 quemadmo-

1796 5175 1924 5229 dum
1963 5174 2147 5228 docuit
2175 5171 2424 5226 Salvator
2454 5171 2640 5224 dicens
2670 5186 2683 5221 :
2710 5168 2847 5221 Deus
2886 5164 3177 5226 Abraham,
3225 5160 3367 5214 Deus

1800 5267 1980 5329 Isaae,
2017 5276 2065 5320 et
2095 5266 2233 5320 Deus
2265 5263 2453 5327 Iacob,
2497 5278 2599 5315 non
2628 5269 2705 5312 est
2731 5259 2872 5312 Deus
2902 5265 3252 5316 mortuorum,
3276 5250 3366 5306 sed

1799 5360 2032 5413 vivorum
2052 5359 2103 5407 ⁹⁸ν
2139 5367 2234 5412 :et
2285 5353 2427 5424 apud
2477 5350 2812 5406 Ezechieiem
2859 5363 3008 5402 mors
3062 5346 3367 5400 animarum

1800 5451 2107 5507 declaratur
2137 5449 2221 5503 his
2252 5447 2433 5502 verbis
2470 5444 2702 5498 :Anima
2750 5459 2866 5511 qua:
2908 5439 3218 5509 peccaverit,
3253 5436 3369 5504 ipsa

1801 5543 2055 5597 morietur
2076 5542 2143 5594 ”.
2171 5537 2439 5607 Quoniam
2471 5536 2635 5608 igitur
2671 5535 2730 5600 ii,
2768 5534 2836 5589 de
2876 5532 3074 5603 quibus
3115 5542 3302 5601 supra,
3336 5540 3369 5581 ι
