3822 6280
491 285 596 338 483

1171 274 1438 337 EUSEBH
1475 281 1948 338 CESARIENSIS
1985 283 2132 338 OI'P.
2179 283 2358 339 PARS
2394 283 2483 339 111.
2523 314 2591 326 --
2626 281 3038 338 EXEGETICA.
3612 289 3690 347 181

475 400 602 462 vita
657 393 868 466 seipsos
908 401 1286 464 segregarunt,
1325 392 1685 464 Salvatorque
1732 404 1919 451 noster
1947 393 2042 449 vit:

2160 396 2338 449 τοίνυν
2371 396 2594 458 ἑαυτοὺς
2625 393 2722 465 τῆς
2755 392 2900 465 ζωῆς
2921 395 2971 447 oi
3001 392 3319 466 δηλούμενοι
3347 395 3688 465 κεχωρικασινι

489 495 607 546 erat
631 506 645 554 ;
678 501 802 540 nam
831 485 971 556 quod
1005 486 1206 555 factum
1235 497 1313 540 est
1347 487 1402 540 in
1429 487 1544 555 ipso
1576 487 1684 541 vita
1711 498 1849 550 erat,
1871 497 1919 541 et
1950 488 2057 542 vita

485 587 602 632 erat
634 577 726 629 lux
747 576 1017 628 hominum
1044 578 1057 606 ¹
1086 595 1099 643 ;
1131 577 1253 646 jure
1290 591 1414 630 cum
1443 593 1565 632 sese
1592 578 1660 632 ab
1686 579 1805 648 ipso
1839 592 2058 647 separa-

488 668 685 731 verint,
727 667 890 719 morti
939 666 1135 721 anima:
1189 665 1377 720 traditi
1417 672 1546 720 sunt
1572 686 1584 720 :
1613 681 1723 721 non
1751 667 1896 736 quod
1939 667 2057 736 ipsa

486 764 872 828 corrumpatur
901 765 996 812 aut
1027 759 1292 817 deleatur.
1330 757 1385 811 in
1417 758 1648 812 nihilum
1684 758 1931 826 redacta;
1962 758 2055 814 sed

483 848 632 919 quod
671 849 858 904 vivens
905 849 996 902 illa
1039 859 1093 903 et
1135 848 1430 902 immortali
1481 854 1674 902 natura
1712 850 1957 919 praedita,
2002 849 2055 903 in

485 938 746 1011 praedicta
773 947 948 994 morte
975 945 1246 994 versetur.
1275 937 1457 1004 Quare
1489 938 1695 993 dictum
1719 947 1803 994 est
1832 958 1844 993 :
1877 939 1943 992 Et
1965 938 2056 992 de-

485 1032 738 1084 scendunt
761 1032 814 1084 in
847 1033 1109 1101 infernum
1142 1033 1380 1086 uiuentes.
1419 1030 1536 1086 Non
1564 1033 1710 1086 enim
1745 1032 2053 1086 animarum

483 1122 913 1177 destructionem
949 1123 1033 1176 his
1085 1123 1425 1192 signiﬁcabat
1459 1141 1472 1176 :
1513 1122 1698 1177 Veniat
1723 1140 1865 1178 mors
1901 1139 2055 1191 super

481 1213 641 1278 iltos;
694 1215 788 1269 sed
844 1215 1243 1283 separationem
1303 1231 1334 1268 a
1384 1215 1516 1275 vita,
1574 1230 1695 1284 qua:
1754 1215 2052 1270 secundum

483 1301 652 1358 Deum
691 1311 793 1368 est,
841 1311 895 1358 et
927 1304 1324 1359 habitationem
1370 1304 1426 1358 in
1473 1302 1708 1358 inferno.
1741 1303 1880 1359 Num
1917 1304 2054 1358 forte

482 1393 716 1457 dicatur,
757 1394 864 1448 alio
901 1392 1072 1448 modo
1099 1395 1345 1450 viventes
1375 1397 1526 1464 ipsos
1570 1397 1624 1449 in
1655 1395 1928 1450 infernum
1961 1395 2056 1449 de-

481 1484 784 1547 scendisse,
818 1485 872 1538 in
899 1482 1091 1540 notitia
1120 1485 1330 1540 scilicet
1363 1492 1677 1554 peccantes,
1709 1499 1774 1538 ac
1815 1484 2053 1539 scientes

479 1577 699 1646 quidem
744 1575 1082 1631 Salvatoretn
1123 1591 1246 1632 esse
1289 1574 1568 1631 Christum
1628 1575 1754 1638 Dei,
1803 1575 1897 1630 sed
1943 1589 2051 1630 non

478 1683 603 1722 esse
639 1668 999 1724 simulantes?
1030 1669 1210 1733 Quare
1264 1667 1490 1736 perinde
1537 1677 1700 1738 atque
1743 1667 1954 1721 Dathan
1996 1675 2052 1721 et

2155 483 2224 558 ἦν
2254 489 2310 541 δὲ
2332 489 2361 540 ὁ
2388 487 2577 558 Σωτὴρ
2604 485 2758 557 ἡμῶν
2789 489 2823 557 ἡ
2846 485 2992 557 ζωή·
3030 488 3099 539 ὀ
3119 485 3328 556 γέγονε
3347 487 3458 557 γὰρ
3479 486 3550 540 ἐν
3569 491 3689 556 αὐτῷ

2158 578 2272 646 ζωὴ
2306 577 2385 649 ἦν
2408 619 2422 643 ,
2474 580 2572 633 καὶ
2620 582 2660 647 ἡ
2701 577 2811 647 ζωὴ
2860 575 2939 648 ἦν
2966 583 3031 632 τὸ
3067 577 3191 647 φῶς
3225 577 3348 632 τῶν
3372 577 3685 645 ἀνθρώπων·

2158 671 2409 734 εἰκότως,
2435 669 2840 740 ἀποτμηθέντες
2870 667 3066 740 αὐτοῦ,
3095 668 3173 738 τῷ
3198 669 3301 738 τῆς
3321 669 3496 740 ψυχῆς
3518 669 3688 741 θανάτῳ

2158 760 2529 831 παρεδόθησαν
2548 777 2562 790 υ
2581 761 2678 830 οὐχ
2697 757 2836 813 ὥστε
2855 758 3128 829 φθαρῆναι
3142 759 3311 831 αὐτὴν
3329 761 3422 812 καὶ
3437 761 3688 829 ἀφανισθῆ-

2157 868 2241 905 ναι
2270 853 2351 915 είς
2373 851 2434 904 τὸ
2464 851 2538 922 μὴ
2559 850 2617 904 ὃν
2638 851 2965 921 χωρήσασαν
2985 886 3002 912 ,
3035 848 3148 901 ἀλλ’
3181 847 3323 901 ὥστε
3355 848 3536 912 ζῶσαν
3559 850 3688 921 αὐτὴν

2156 944 2250 998 καὶ
2281 943 2544 998 ἀθάνατον
2575 944 2674 1014 τὴν
2705 941 2890 994 οὐσίαν
2924 939 3268 1010 κεκτημένην
3299 941 3357 993 ὲν
3383 939 3461 1009 τῷ
3485 939 3687 1009 λεχθέντι

2157 1033 2371 1103 θανάτῳ
2401 1033 2630 1101 διάγειν.
2696 1032 2788 1086 Διὸ
2822 1031 3074 1084 λέλεκται
3097 1049 3110 1060 ·
3164 1031 3274 1084 Καὶ
3299 1030 3688 1098 καταϐήτωσαν

2154 1128 2238 1190 εὶς
2271 1125 2417 1191 ᾅδου
2449 1124 2677 1190 ζῶντες.
2727 1125 2799 1177 Ob
2856 1123 2946 1176 τὸν
2977 1121 3282 1192 ἀφανισμὸν
3311 1121 3494 1192 ψυχῶν
3539 1121 3687 1192 ἐδήλου

2155 1216 2328 1285 λέγων
2348 1234 2361 1245 ·
2403 1214 2658 1270 Ἐλθέτω
2682 1213 2938 1279 θάνατος
2959 1213 3051 1266 ἐπ’
3077 1212 3298 1278 αὐτοὺς
3317 1251 3332 1275 ,
3356 1211 3489 1265 ἀλλὰ
3509 1211 3592 1264 τὸν
3608 1213 3688 1264 ἀπὸ

2155 1308 2254 1376 τῆς
2281 1305 2420 1360 κατὰ
2448 1304 2580 1358 Θεὸν
2610 1302 2754 1375 ζωῆς
2783 1303 3058 1374 χωρισμὸν
3079 1340 3094 1364 ,
3123 1302 3218 1355 καὶ
3251 1302 3350 1372 τὴν
3375 1303 3454 1364 είς
3479 1301 3567 1353 τὸν
3587 1301 3688 1371 ᾲδην

2155 1398 2490 1468 κατοίκησιν.
2540 1397 2763 1467 Μήποτε
2805 1395 2861 1447 δὲ
2894 1393 2987 1448 καὶ
3019 1393 3192 1457 ἄλλως
3236 1393 3435 1457 ζῶντες
3464 1395 3544 1454 είς
3588 1391 3686 1462 ᾅδου

2153 1487 2423 1556 κατῄεσαν
2447 1523 2460 1546 ,
2496 1487 2552 1537 ὲν
2582 1482 2781 1552 γνώσει
2803 1483 3205 1554 ἁμαρτάνοντες
3223 1523 3239 1548 ,
3271 1482 3366 1534 καὶ
3393 1481 3584 1543 εἰδότες
3614 1480 3688 1549 μὲν

2151 1577 2243 1632 τὸν
2273 1577 2498 1648 Σωτῆρα
2523 1576 2598 1638 ὼς
2628 1575 2789 1638 αὐτὸς
2814 1570 2866 1626 εἷ
2889 1575 2920 1626 6
2950 1574 3182 1645 Χριστὸς
3213 1572 3305 1625 τοῦ
3334 1571 3468 1625 Θεοῦ
3490 1611 3506 1636 ,
3559 1585 3688 1641 προσ-

2154 1669 2463 1739 ποιούμενοι
2487 1667 2543 1720 δὲ
2573 1666 2646 1737 μὴ
2677 1661 2852 1730 εἷναι;
2881 1663 2972 1716 Διὸ
2993 1664 3084 1717 καὶ
3111 1663 3312 1733 ὁμοίιος
3335 1665 3451 1724 τοῖς
3475 1662 3596 1733 περὶ
3607 1663 3687 1713 Δα-

478 1757 684 1811 Abiron
705 1758 726 1788 ¹
752 1758 900 1826 ipsos
937 1757 1338 1827 deglutiendos,
1371 1765 1534 1827 atque
1577 1759 1633 1812 in
1663 1756 1936 1811 infernum
1969 1757 2042 1811 vi-

2149 1759 2248 1814 θὰν
2277 1760 2375 1812 καὶ
2418 1758 2663 1830 Ἀσηρὼν
2717 1754 3193 1827 καταποθήσεσθαι
3223 1756 3317 1808 καὶ
3366 1755 3587 1818 αὐτοὺς,
3628 1753 3688 1815 εἰς

477 1856 665 1899 ventes
699 1845 1064 1900 descensuros
1105 1862 1229 1900 esse
1263 1846 1608 1915 praenuntiat.
1659 1844 1765 1899 Pro
1814 1847 1906 1900 illo
1947 1861 2048 1900 au-

477 1944 605 2003 tem,
634 1936 900 2006 Nequitia:
926 1938 981 1990 in
1008 1936 1425 1991 habitationibus
1453 1953 1656 2000 eorum,
1684 1940 1737 1991 in
1768 1938 1937 1993 medio
1964 1955 2052 1991 eo-

476 2043 638 2091 rum;
667 2041 794 2081 nam
837 2037 1140 2084 conventus
1167 2036 1220 2084 et
1245 2029 1478 2083 concilia
1505 2029 1772 2084 adversus
1807 2028 2051 2084 Salvato-

474 2133 590 2172 rem
627 2119 874 2188 improba
915 2119 1088 2183 fuere,
1123 2118 1320 2189 Aquila
1365 2120 1498 2173 dicit
1529 2139 1542 2174 :
1578 2120 1841 2186 Quoniam
1875 2121 2051 2189 nequi-

474 2210 566 2262 tia
591 2209 643 2261 in
670 2212 1062 2264 conversatione
1085 2226 1286 2266 eorum.
1313 2211 1452 2277 Quia
1481 2226 1612 2281 ergo
1642 2227 1748 2266 non
1785 2227 1883 2281 pro
1902 2212 2049 2266 bono

473 2303 903 2368 conveniebant,
955 2312 1009 2356 et
1054 2302 1504 2356 conversationes
1551 2302 1896 2372 conciliaque
1944 2302 2050 2356 im-

475 2387 643 2455 proba
675 2387 908 2454 inibant,
936 2387 1060 2457 jure
1086 2389 1420 2444 vaticinatur
1456 2389 1559 2458 quir
1600 2388 1725 2445 linis
1763 2402 1858 2445 eos
1893 2403 2048 2445 exce-

471 2484 670 2545 pturus
706 2479 800 2533 sit.

545 2673 710 2730 Vsus.
746 2671 928 2731 17-20.
970 2675 1082 2748 Ego
1122 2676 1194 2730 ad
1223 2675 1387 2730 Deum
1410 2676 1659 2743 clamaui,
1691 2685 1741 2730 et
1787 2676 2044 2730 Dominus

469 2767 694 2820 saluauit
729 2784 828 2834 me,
855 2777 909 2822 et
937 2776 1154 2823 caztera.
1189 2767 1436 2830 Etiamsi,
1479 2767 1678 2836 inquit,
1706 2767 1898 2837 spiritu
1927 2781 2048 2837 pro-

469 2858 687 2928 phetico
740 2859 1070 2923 illustrante,
1124 2858 1363 2912 futuram
1406 2858 1460 2912 in
1503 2865 1803 2912 memorata
1827 2858 2045 2912 civitate

468 2949 810 3018 iniquitatem
849 2951 1208 3021 prospiciens,
1255 2950 1551 3004 admodum
1585 2951 1950 3005 contristatus
1986 2949 2042 3003 in

467 3044 863 3098 exercitatione
889 3059 1028 3109 mea,
1056 3053 1111 3099 et
1141 3045 1502 3099 conturbatus
1537 3043 1678 3110 sim;
1706 3050 1944 3099 attamen
1981 3041 2046 3098 ﬁ-

2156 1849 2283 1920 ᾷδου
2312 1865 2373 1900 τε
2403 1847 2611 1912 ζῶντας
2642 1844 3043 1917 καταϐήσεσθαι
3076 1844 3456 1916 προαγορεύει.
3493 1844 3625 1896 Ἀντί
3645 1842 3687 1896 δὲ

2154 1939 2249 1992 τοῦ
2269 1982 2284 2005 ,
2318 1939 2603 2007 Πονηρίαι
2633 1938 2702 1991 ἐν
2725 1935 2854 2002 ταῖς
2885 1935 3216 2003 παροικιαις
3247 1931 3445 1988 αὐτῶν
3471 1929 3688 2000 ἐνμέσῳ

2153 2026 2380 2083 αὐτῶν·
2415 2027 2525 2080 τῶν
2575 2026 2684 2098 γὰρ
2733 2023 2874 2079 κατὰ
2911 2021 3007 2076 τοῦ
3045 2022 3296 2094 Σωτῆρος
3329 2020 3622 2090 γενομένων
3647 2021 3687 2073 αι

2156 2117 2445 2179 συστάσεις
2477 2115 2572 2169 καὶ
2595 2118 2652 2168 al.
2685 2116 2828 2167 κατά
2874 2112 2936 2164 τὺ
2967 2111 3100 2164 αὐτὸ
3124 2110 3328 2164 σύνοδοι
3363 2109 3590 2180 πονηραὶ
3615 2123 3687 2176 τι·

2154 2209 2344 2277 γόνασι
2365 2245 2379 2270 ,
2407 2207 2488 2260 διὸ
2515 2207 2611 2260 καὶ
2639 2207 2668 2258 6
2707 2203 2939 2266 Ἀκύλας
2967 2202 3132 2273 φησίν
3152 2220 3165 2232 ⁸
3199 2202 3316 2256 Ὅτι
3350 2202 3615 2268 πονηρίαι
3636 2199 3691 2253 ἐν

2151 2295 2471 2366 συστροφῇ
2527 2295 2750 2350 αὐτῶν.
2821 2294 2973 2348 Ἐπεὶ
3037 2293 3214 2346 τοίνυν
3277 2293 3379 2345 οὐκ
3419 2292 3509 2344 ἐπὶ
3569 2288 3687 2360 καλῷ

2154 2388 2502 2458 συνήρχοντο,
2560 2385 2866 2458 συστροφάς
2912 2401 2975 2437 τε
3021 2384 3116 2438 καὶ
3153 2382 3440 2446 συστάσεις
3481 2381 3688 2452 πονηρὰς

2151 2478 2431 2532 ἐποιοῦντο
2449 2519 2464 2544 ,
2521 2477 2745 2541 είκότως
2800 2477 3084 2532 ἐθέσπισεν
3124 2475 3307 2531 ὁποῖον
3365 2473 3558 2538 αὐτοὺς
3596 2472 3686 2525 δια-

2152 2566 2379 2639 λήψεται
2411 2570 2582 2632 τέλος.

2234 2681 2382 2750 Ἐγὼ
2409 2681 2557 2750 πρὸς
2581 2682 2729 2735 Θεὸν
2755 2679 3066 2749 ἐκέκραξα,
3098 2677 3196 2732 καί
3226 2682 3259 2733 ό
3288 2683 3502 2748 Κυριος
3523 2676 3688 2732 ἐσωσέ

2145 2789 2221 2842 με
2242 2813 2257 2839 ,
2287 2773 2381 2826 καὶ
2415 2773 2482 2825 τὰ
2511 2771 2657 2842 ἑξῆς.
2695 2773 2756 2824 Ei
2786 2773 2878 2825 καὶ
2904 2771 2973 2824 τὰ
3003 2771 3256 2842 μάλιστα,
3289 2771 3444 2841 φησὶ,
3467 2771 3540 2842 τῷ
3562 2767 3689 2822 πνεύ-

2153 2882 2283 2936 ματι
2328 2865 2405 2936 τῷ
2437 2864 2758 2936 προφητικῷ
2784 2865 2883 2936 τὴν
2915 2863 3211 2935 μέλλουσαν
3242 2861 3559 2934 γενήσεσθαι
3587 2863 3686 2914 ἀνο-

2152 2953 2279 3026 μίαν
2313 2957 2370 3008 ὲν
2392 2958 2456 3026 τῇ
2481 2954 2836 3027 προλεχθείσῃ
2868 2953 3020 3006 πόλει
3048 2952 3410 3022 θεασάμενος,
3441 2949 3685 3021 ὲλυπήθηι

2147 3047 2204 3099 ἐν
2237 3050 2301 3118 τῇ
2349 3026 2632 3118 ἀδολεσχίᾳ
2680 3062 2778 3117 μου
2800 3085 2814 3110 ,
2851 3047 2943 3098 καὶ
2973 3043 3305 3116 ἐταράχθηνο
3340 3044 3488 3113 ὅμως
3515 3041 3559 3094 δ’
3588 3026 3680 3103 οὖν.

469 3149 594 3187 nem
621 3134 937 3203 exitumque
976 3150 1159 3189 rerum
1201 3135 1574 3204 conspicatus,
1616 3135 1754 3190 bene
1786 3135 1912 3189 novi
1952 3149 2040 3191 me

2147 3137 2209 3189 τὰ
2243 3136 2369 3206 τέλη
2403 3134 2628 3191 συνιδὼν
2655 3134 2763 3187 τῶν
2793 3132 3162 3204 πραγμάτων,
3193 3126 3250 3183 εὖ
3284 3127 3402 3195 οἷδ’,
3440 3129 3516 3182 δτι
3536 3167 3551 3190 ,
3581 3125 3684 3197 30!;-

467 3227 794 3280 clamantem
826 3227 893 3280 ad
925 3225 1113 3289 Deum,
1147 3241 1256 3279 non
1282 3227 1601 3281 derelictum
1628 3226 1728 3291 iri;
1766 3227 1861 3281 sed
1890 3242 2042 3281 com-

471 3316 655 3371 munis
701 3314 1000 3371 Salvatoris
1029 3318 1206 3386 gratia
1237 3317 1305 3371 ad
1331 3333 1416 3373 me
1450 3333 1626 3387 usque
1668 3318 2038 3388 perveniente,

469 3405 698 3460 salutem
739 3421 1020 3476 assequar.
1060 3407 1181 3462 llaec
1225 3416 1406 3462 autem
1435 3407 1706 3478 Propheta
1740 3409 2041 3464 secundum

465 3493 610 3548 LXX
635 3495 786 3562 dicit,
819 3497 964 3567 quod
994 3496 1235 3552 futurum
1260 3505 1380 3553 erat
1405 3499 1560 3568 quasi
1589 3499 1922 3568 praeteritum
1947 3515 2042 3554 ex-

465 3585 678 3655 plicans
701 3602 716 3650 ;
744 3600 914 3654 quare
941 3589 1149 3640 dictum
1192 3597 1276 3641 est
1303 3605 1314 3638 :
1339 3587 1450 3658 Ego
1493 3587 1562 3642 ad
1595 3588 1760 3644 Deum
1788 3591 2037 3656 clamaui,

463 3683 513 3727 et
542 3673 799 3727 Dominus
831 3674 1053 3729 saluauit
1088 3691 1168 3728 me
1201 3691 1219 3728 :
1246 3682 1300 3728 at
1344 3677 1645 3731 secundum
1678 3680 1917 3749 reliquos
1953 3680 2041 3734 in-

465 3773 753 3837 terpretes,
787 3767 902 3821 hate
936 3767 1118 3822 futura
1149 3769 1496 3824 vaticinatur.
1530 3770 1724 3839 Aquila
1753 3779 1901 3824 certe
1924 3771 2035 3824 ait:

466 3857 579 3928 Ego
602 3859 670 3911 ad
695 3859 862 3924 Deum
884 3862 1095 3926 vocabo,
1120 3870 1168 3913 et
1192 3859 1448 3914 Dominus
1472 3861 1698 3915 saluabit
1725 3878 1836 3924 me;
1861 3861 2040 3926 Theo-

462 3952 620 4006 dotio
664 3960 847 4006 autem
883 3951 1030 4022 :Ego
1067 3951 1136 4005 ad
1169 3951 1336 4006 Deum
1372 3953 1635 4017 clamabo,
1685 3963 1733 4005 et
1778 3952 2038 4006 Dominus

464 4041 689 4096 saluabit
751 4057 851 4095 me.
897 4040 1034 4095 Cum
1082 4042 1225 4095 enim
1273 4043 1402 4097 talia
1456 4053 1648 4097 contra
1697 4041 2037 4096 Salvatorem

2147 3244 2246 3290 σας
2277 3227 2414 3298 πρὸς
2439 3226 2530 3281 τὸν
2555 3226 2722 3288 Θεὸν,
2771 3225 2832 3278 οὐ
2866 3223 3368 3295 καταλειφθήσομαι
3389 3261 3405 3286 ,
3457 3220 3682 3289 τεύξομαι

2141 3319 2198 3372 δὲ
2233 3318 2538 3389 σωτηρίας,
2581 3317 2683 3387 τῆς
2729 3315 2824 3369 τοῦ
2855 3315 3031 3368 κοινοῦ
3070 3315 3318 3386 Σωτῆρος
3348 3314 3560 3384 χάριτος
3606 3311 3686 3364 καὶ

2145 3411 2335 3483 μέχρις
2363 3408 2497 3481 ἐμοῦ
2531 3408 2943 3478 διαδησομένης.
2979 3407 3141 3475 Λέγει
3167 3406 3226 3459 δὲ
3251 3403 3424 3458 ταῦτα
3454 3405 3482 3457 6
3509 3402 3684 3472 προφή-

2141 3518 2240 3572 της
2258 3540 2272 3557 .
2302 3499 2442 3554 κατὰ
2467 3501 2563 3570 μὲν
2593 3501 2720 3562 τοὺς
2751 3499 3176 3569 Ἐϐδομήκοντα,
3199 3496 3258 3549 τὸ
3289 3495 3478 3567 μέλλον
3495 3491 3682 3546 ἔσεσθαι

2140 3590 2218 3653 ὡς
2250 3591 2577 3662 παρῳχηκὺς
2602 3587 2916 3660 ἑρμηνεύων
2935 3603 2948 3617 ·
2981 3586 3061 3640 διὸ
3089 3586 3356 3639 λέλεκται’
3403 3582 3535 3652 Ἐγὼ
3555 3578 3683 3647 πρὸς

2139 3680 2245 3733 τὸν
2264 3680 2420 3733 Θεὸν
2442 3679 2756 3748 ἐκέκραξα,
2786 3678 2884 3732 καὶ
2909 3680 2942 3731 ό
2975 3677 3186 3745 Κύριος
3209 3674 3408 3729 ἐσωσέ
3429 3689 3532 3744 με’
3561 3668 3684 3725 κατὰ

2137 3770 2196 3823 δὲ
2220 3771 2347 3833 τοὺς
2368 3761 2585 3833 λοιποὺς
2609 3767 2948 3840 ἑρμηνευτὰς
2971 3808 2986 3832 ,
3019 3764 3358 3838 μελλητικῶς
3382 3761 3682 3836 προφητεύει

2139 3862 2232 3911 καὶ
2263 3859 2456 3914 ταῦτα.
2511 3860 2570 3914 '0
2601 3859 2730 3926 γοῦν
2776 3857 3005 3920 Ἀκύλας
3033 3857 3194 3928 φησίν
3213 3873 3228 3888 ·
3265 3854 3414 3924 Ἐγὼ
3432 3853 3570 3922 πρὸς
3592 3850 3685 3904 τὸν

2139 3951 2289 4004 Θεὸν
2307 3951 2563 4017 καλέσω,
2579 3952 2676 4004 καὶ
2693 3953 2907 4018 Κύριος
2926 3949 3111 4004 σώσει
3123 3962 3220 4017 με·
3238 3947 3333 4000 καὶ
3345 3949 3376 4000 6
3389 3943 3654 3999 Θεοδοτίων
3668 3955 3680 3971 ⁶

2149 4043 2297 4112 Ἐγὼ
2313 4044 2463 4111 πρὸς
2482 4044 2587 4097 τὸν
2603 4044 2746 4098 Θεὸν
2765 4041 3122 4110 κεκράξομαι
3136 4077 3151 4104 ,
3173 4039 3271 4093 καὶ
3293 4040 3506 4106 Κύριος
3522 4034 3682 4090 σώσει

465 4131 828 4200 perpetranda
853 4133 982 4197 sint,
1007 4149 1106 4204 ego
1133 4135 1224 4204 qui
1249 4137 1399 4204 prius
1417 4134 1682 4198 dixeram,
1743 4133 1846 4188 Cor
1870 4148 2038 4186 meum

2147 4152 2226 4198 us.
2285 4135 2405 4188 Τῶν
2450 4136 2559 4206 γὰρ
2597 4135 2740 4189 κατὰ
2787 4133 2882 4186 τοῦ
2925 4132 3179 4204 Σωτῆρος
3223 4128 3684 4202 τολμηθησομένων

463 4221 835 4273 conturbatum
864 4233 940 4276 est
970 4225 1024 4278 in
1050 4240 1150 4289 me,
1179 4236 1223 4278 et
1253 4224 1483 4293 formido
1509 4224 1695 4278 mortis
1730 4223 1915 4276 cecidit
1943 4239 2036 4276 su-

459 4327 552 4379 per
585 4328 665 4366 me
687 4327 707 4365 .’
735 4314 891 4367 timor
923 4325 972 4369 et
1005 4325 1200 4369 tremor
1225 4325 1471 4370 uenerunt
1511 4331 1669 4386 super
1703 4332 1806 4380 me,
1838 4328 1887 4369 et
1913 4331 2036 4369 σοι·

2137 4225 2389 4279 τοιούτων
2413 4226 2580 4279 ὄντων
2596 4268 2611 4292 ,
2638 4225 2748 4293 ἐγὼ
2773 4227 2800 4278 6
2829 4223 3090 4294 πρότερον
3112 4220 3348 4292 εἰρηκὼς
3369 4261 3384 4283 ,
3415 4222 3482 4274 Ἦ
3495 4217 3684 4286 καρδία

2130 4334 2252 4388 μου
2275 4316 2568 4386 ἐταράχθη
2595 4318 2666 4370 ἐν
2693 4314 2843 4384 ἐμοὶ,
2873 4313 2972 4367 καί
2993 4313 3188 4366 δειλία
3215 4310 3475 4366 θανάτου
3494 4307 3681 4362 ἐπέπε-

461 4414 703 4458 texerunt
734 4421 814 4459 me
847 4407 1098 4471 tenebrw;
1130 4407 1246 4461 hate
1279 4422 1477 4476 passus
1506 4407 1576 4460 ob
1602 4406 2030 4477 speculationem

2147 4423 2252 4461 σεν
2273 4407 2365 4460 ἐπ’
2382 4406 2514 4476 ἐμέ·
2562 4407 2745 4475 φόϐος
2767 4405 2864 4458 καὶ
2891 4405 3106 4473 τρόμος
3124 4399 3313 4473 ἦλθεν
3334 4403 3428 4456 ἐπ’
3446 4400 3538 4470 ἐμὲ
3556 4440 3571 4465 ,
3594 4397 3681 4452 καί

460 4496 823 4550 revelatarum
868 4514 1077 4563 rerum,
1131 4498 1199 4553 ad
1249 4498 1417 4554 Deum
1471 4498 1724 4554 clamavi.
1768 4497 1863 4552 Ille
1909 4513 2034 4554 vero

2147 4497 2405 4566 ἐκάλυψέ
2419 4515 2496 4567 με
2517 4499 2736 4563 σκότος
2751 4533 2766 4560 ,
2791 4495 2964 4550 ταῦτα
2989 4493 3173 4550 παθὼν
3197 4495 3286 4549 διὰ
3312 4495 3414 4566 τὴν
3439 4493 3536 4547 τῶν
3561 4493 3682 4544 ἀπο·

459 4598 570 4638 non
617 4585 946 4656 deSpiciens,
980 4586 1237 4658 dignatus
1269 4593 1355 4641 est
1400 4587 1514 4641 haec
1549 4587 1682 4641 mihi
1733 4589 2032 4657 conspicua

458 4689 684 4744 ponere,
728 4684 786 4732 ut
816 4678 1061 4734 tristiora
1095 4680 1246 4749 prius
1275 4678 1671 4746 declaraverat,
1711 4679 1792 4736 sic
1824 4681 2031 4736 laetiora

452 4765 567 4835 jam
600 4767 830 4833 obtulit;
872 4783 1067 4838 nempe
1115 4767 1423 4822 Saluatoris
1455 4771 1942 4835 resurrectionem,
1977 4780 2032 4826 et

455 4858 578 4926 ejus
613 4858 755 4929 apud
789 4856 1008 4914 Patrem
1046 4860 1296 4930 gloriam.
1330 4859 1512 4929 Atque
1548 4859 1662 4914 haec
1687 4861 1900 4928 videns,
1935 4877 2027 4919 sa-

457 4946 624 5001 lutem
653 4956 848 5003 nactus
889 4963 1009 5002 sum
1037 4967 1050 5002 :
1077 4962 1249 5018 quare
1275 4948 1417 5012 dico,
1453 4946 1563 5019 Ego
1594 4950 1662 5002 ad
1707 4949 1877 5004 Deum
1910 4951 2027 5004 cla-

454 5038 614 5102 mari,
644 5047 692 5092 et
725 5038 977 5093 Dominus
1000 5039 1223 5094 saluauit
1248 5055 1348 5094 me.
1375 5037 1622 5096 Salutem
1647 5057 1776 5096 vero
1803 5051 2023 5109 nactus,

451 5129 692 5184 nondum
745 5139 924 5186 tamen
981 5132 1226 5203 quiesco,
1285 5148 1460 5202 neque
1509 5148 1728 5189 cessare
1765 5149 2023 5204 possum;

450 5221 546 5275 sed
582 5222 816 5290 praedico
838 5221 1201 5292 omnibusque
1233 5223 1547 5279 hominibus
1570 5225 1856 5288 annuntio,
1890 5237 2020 5278 nar-

448 5326 580 5366 rans
622 5313 854 5384 singulis
904 5315 1098 5369 diebus
1133 5321 1188 5368 et
1217 5315 1388 5377 boris.
1429 5323 1596 5385 atque
1626 5317 1881 5371 omnibus
1935 5333 2021 5372 rc-

448 5404 708 5457 nuntians
751 5405 1023 5460 mirabilia
1060 5414 1114 5460 et
1149 5406 1439 5476 stupenda,
1471 5422 1592 5476 quas
1637 5408 1692 5461 in
1742 5418 1935 5463 sancto
1965 5417 2018 5465 et

2135 4588 2513 4658 καλυφθέντων
2548 4605 2638 4659 μοι
2669 4587 2796 4640 θέαν
2821 4627 2836 4650 ,
2865 4587 3002 4658 πρὸς
3032 4585 3122 4639 τὸν
3145 4585 3277 4638 Θεὸν
3314 4581 3586 4657 ἐκέκραξα.
3629 4581 3680 4630 '0

2133 4682 2210 4744 δὲ,
2249 4682 2323 4752 μὴ
2349 4680 2590 4753 παριδών
2625 4698 2712 4751 με,
2748 4678 3048 4750 κατηξίωσε
3072 4678 3284 4749 φανερά
3319 4695 3410 4748 μοι
3438 4670 3679 4738 καταστῆ-

2135 4790 2256 4839 σαι,
2280 4772 2468 4845 ὥσπερ
2487 4773 2556 4826 τὰ
2580 4770 2876 4843 σκυθρωπὰ
2902 4769 3165 4841 πρότερον
3189 4769 3400 4822 ἐδείκνυ
3420 4809 3435 4831 ,
3452 4767 3576 4820 οὕτω
3595 4763 3679 4815 καὶ

2132 4865 2201 4918 τὰ
2232 4865 2558 4936 φαιδρότερα
2580 4880 2594 4894 ·
2629 4862 2771 4930 λέγω
2796 4861 2854 4914 δὲ
2884 4861 2979 4914 καὶ
3013 4860 3111 4932 τὴν
3142 4860 3439 4913 ἀνάστασιν
3464 4855 3544 4910 τοῦ
3572 4854 3675 4906 Eo»

2131 4955 2296 5027 τῆρος
2325 4956 2418 5008 καὶ
2453 4955 2548 5026 τὴν
2580 4953 2730 5024 παρὰ
2761 4951 2839 5022 τῷ
2872 4951 3047 5022 Πατςὶι
3072 4949 3248 5016 δόξαν.
3306 4951 3419 5004 Καὶ
3446 4946 3599 5001 ταῦτα
3625 4942 3677 4994 δὲ

2136 5043 2258 5096 ἰδὼν
2279 5083 2292 5108 ,
2324 5043 2530 5114 ἐσώθην
2551 5060 2564 5072 ‘
2593 5043 2673 5096 διό
2703 5057 2843 5112 φημι
2863 5057 2879 5072 ο
2924 5039 3070 5110 Ἐγὼ
3098 5040 3247 5107 πρὸς
3273 5038 3381 5092 τὸν
3408 5037 3542 5092 Θεὸν
3560 5033 3678 5088 ἐκέ-

2131 5133 2341 5202 κραξα,
2370 5136 2468 5189 καὶ
2488 5136 2703 5202 Κύριος
2725 5132 2921 5186 ἐσωσέ
2939 5148 3035 5201 με.
3055 5130 3255 5194 mea;
3281 5130 3339 5183 δὲ
3362 5129 3528 5182 οὐκέτι
3551 5126 3673 5195 iupe-

2131 5227 2215 5297 μῶ
2241 5269 2255 5292 ,
2291 5226 2409 5280 οὐδὲ
2435 5225 2662 5298 ἡσυχίαν
2682 5225 2834 5292 ἄγειν
2861 5223 3094 5293 δύναμαι
3111 5238 3126 5252 ο
3177 5220 3314 5275 ἀλλὰ
3335 5220 3569 5291 κηρύττω
3590 5214 3674 5267 καὶ

2127 5319 2332 5381 πάντας
2358 5315 2678 5387 ἀνθρώπους
2718 5313 3175 5384 εὐαγγελίζομαι,
3223 5309 3560 5381 διηγούμενος
3592 5308 3672 5372 ἐφ’

2127 5410 2361 5479 ἑκάστης
2391 5409 2496 5479 ήμέ
2507 5424 2603 5480 ρας
2635 5407 2729 5461 καὶ
2756 5405 2904 5478 ὧρας
2927 5445 2946 5471 ,λ
2977 5403 3335 5474 ἀπαγγέλλων
3364 5419 3421 5456 τε
3450 5404 3523 5463 είς
3545 5398 3672 5451 πάν-

446 5493 767 5564 propbetico
799 5495 995 5566 spiritu
1025 5498 1424 5566 contemplatus
1470 5505 1624 5552 sum.”
1646 5497 2017 5580 Quamobrem

2147 5517 2222 5563 τας
2252 5491 2405 5570 ειπερ
2425 5501 2482 5554 ἐν
2517 5501 2655 5570 ἁγίῳ
2684 5499 2952 5571 πνεύματι
2979 5497 3057 5567 τῷ
3085 5495 3406 5569 προφητικῷ
3427 5491 3667 5560 τεθέαμαι

520 5650 534 5680 ¹
576 5647 734 5701 Joan.
772 5663 822 5712 ι,
861 5648 914 5715 3,
941 5649 992 5703 ι.
1072 5649 1092 5679 ²
1130 5647 1288 5702 Num.
1321 5664 1483 5716 XXVI,
1517 5651 1597 5722 9.]
