3822 6280
158 294 268 353 485

1288 291 1790 354 COMMENTARIA
1830 291 1895 347 IN
1922 295 2265 358 PSALMOS.

3294 324 3401 381 486

160 419 457 490 θαυμαστὰ
486 418 582 474 καὶ
606 417 898 489 παράδοξα.
953 420 1042 473 Διό
1075 436 1243 490 φημι·
1306 421 1592 488 Ἑσπέρας
1628 420 1715 473 κα]

1830 418 1953 472 dico
1981 440 1992 473 :
2025 420 2240 491 Vespere
2267 434 2317 480 et
2347 443 2496 481 mane
2523 440 2571 483 et
2595 434 2827 501 meridie,
2860 440 3092 496 narrabo
3119 451 3170 497 et
3193 414 3400 501 annun-

52 580 54 587 ν
160 514 311 579 πρωὶ
346 512 448 566 καί
473 513 842 581 μεσημϐρίας
870 510 1230 580 διηγήσομαι
1264 512 1360 567 καὶ
1394 512 1728 581 ἀπαγγελῶ.

174 606 343 675 Ἑμοῦ
370 605 426 659 δὲ
456 604 624 659 ταῦτα
654 604 880 674 βοῶντος
908 607 985 668 εἰς
1010 606 1215 667 πάντας
1242 606 1386 671 ἐξότε
1416 608 1509 661 καὶ
1542 607 1733 677 μέχρις

163 695 404 765 ἑσπέρας
424 736 441 757 ,
475 697 533 749 ἐν
573 698 722 769 αύτῷ
758 715 818 752 τε
849 697 927 767 τῷ
964 698 1313 767 ἀκμαιοτάτῳ
1342 698 1481 766 φωτὶ
1509 698 1607 769 τῆς
1645 714 1735 767 με·

164 784 472 855 σημϐρινῆς
525 786 740 857 ἡμέρας
769 786 837 839 τὰ
890 787 1132 857 σωτήρια
1181 786 1310 855 τέλη
1341 786 1729 858 κηρύττοντος,

162 876 579 929 εὶσακούσεται
598 878 708 944 τῆς
733 878 937 946 φωνῆς
954 895 1071 946 μου
1090 880 1118 930 6
1142 877 1342 949 ταύτης
1362 877 1462 946 τῆς
1482 877 1737 947 γνώσεως

162 963 530 1029 καταξιώσας·
551 966 645 1019 καὶ
664 967 844 1019 οὐκέτι
871 967 969 1037 μὲν
983 966 1339 1035 ταράττεσθαι
1361 968 1416 1021 ἐν
1440 968 1561 1037 ἐμοὶ
1583 966 1730 1020 ἐάσει

162 1052 257 1121 τὴν
286 1052 516 1128 καρδίαν
552 1072 653 1124 μου
672 1094 688 1118 ,
732 1054 852 1108 οὐδὲ
884 1054 980 1124 τὴν
1007 1053 1203 1107 δειλίαν
1230 1056 1321 1108 τοῦ
1356 1054 1581 1108 θανάτου
1611 1058 1731 1107 ἐπι-

162 1143 375 1197 κεῖσθαι
408 1162 518 1218 μοι.
549 1144 731 1199 Ταῦτα
748 1147 804 1199 δέ
820 1135 994 1199 πάντα
1014 1146 1348 1217 παραγαγὼν
1370 1187 1384 1210 ,
1405 1149 1497 1200 καὶ
1516 1148 1731 1201 διασκε-

161 1236 325 1298 δάσας
349 1236 449 1307 τῆς
484 1239 621 1308 ἐμῆς
660 1237 866 1307 ψυχῆς,
902 1237 1230 1308 λυτρώσεται
1258 1239 1424 1310 αὐτὴν
1450 1241 1507 1292 ἐν
1540 1240 1728 1311 εἰρήνῃ

161 1326 264 1381 ἀπὸ
282 1328 391 1381 τῶν
408 1328 653 1400 θορυϐεῖν
672 1330 841 1399 αὐτὴν
858 1330 1162 1383 ἐθελόντων.
1188 1331 1278 1382 Διό
1310 1348 1468 1399 φημι·
1500 1330 1728 1398 Λυτρώ-

160 1433 323 1473 σεται
351 1419 466 1486 τὴν
486 1419 693 1487 ψυχήν
713 1436 833 1488 μου
859 1419 927 1472 ἐν
955 1422 1159 1488 εἰρήνῃ
1186 1420 1304 1473 ἀπὸ
1334 1420 1452 1473 τῶν
1477 1421 1729 1491 ἐγγιζὶῖν-

159 1526 274 1562 των
299 1526 401 1578 μοι
423 1526 438 1539 ·
472 1509 557 1561 ὅτι
583 1510 652 1562 ἐν
697 1509 951 1575 πολλοῖς
977 1507 1139 1578 ἦσαν
1183 1510 1303 1563 σὺν
1332 1510 1491 1578 ἐμοί’
1524 1509 1637 1562 ἀνθ’
1667 1506 1727 1564 οὗ

159 1599 416 1665 ἐξέδωκεν
428 1602 456 1653 6
471 1600 761 1669 Σύμμαχος
777 1617 791 1630 ·
812 1600 1147 1653 Πολλοστοί
1162 1599 1271 1669 τὰρ
1286 1599 1561 1670 ἐγένοντο
1581 1600 1728 1667 πρὸς

1834 507 1997 565 tiabo.
2045 509 2127 566 Me
2175 523 2355 568 autem
2402 518 2530 571 talia
2579 523 2834 579 omnibus
2874 526 3143 584 clamante
3185 548 3250 587 ex
3297 536 3400 590 hac

1834 592 1965 685 hora
1998 611 2169 667 usque
2209 600 2275 653 ad
2309 618 2612 673 vesperam,
2655 616 2817 678 atque
2851 613 2905 667 in
2953 618 3396 685 splendidissima

1832 681 1957 738 luce
1997 695 2061 776 et
2116 688 2169 741 in
2219 692 2445 747 meridie
2482 695 2775 752 salutarem
2827 681 2999 756 ﬁnem.
3042 711 3392 776 praedicante,

1829 775 2075 831 exaudiet
2112 795 2285 834 vocem
2314 798 2504 849 meam,
2549 788 2642 855 qui
2674 790 2767 843 tali
2799 807 2883 847 me
2911 796 3104 851 notitia
3134 800 3394 871 dignatus

1830 874 1913 919 est
1941 886 1951 896 ·
1979 884 2153 938 neque
2204 871 2345 926 sinet
2379 875 2519 929 ultra
2550 879 2755 933 turbari
2806 882 2861 936 in
2912 900 2998 938 me
3048 903 3145 941 cor
3190 908 3389 956 meum,

1830 970 2007 1026 neque
2060 958 2403 1017 formidinem
2444 968 2636 1024 mortis
2677 970 2883 1029 instare
2913 978 3065 1036 mihi.
3108 979 3204 1036 His
3229 998 3397 1051 porro

1829 1047 2084 1102 omnibus
2111 1050 2361 1108 abductis
2378 1062 2430 1108 et
2449 1055 2730 1128 dissipatis
2767 1077 2833 1117 ex
2871 1066 3051 1121 anima
3078 1047 3395 1133 mem-redi-

1829 1143 1937 1188 met
1969 1151 2086 1190 eain
2128 1140 2182 1191 in
2226 1156 2357 1209 pace
2423 1145 2490 1198 ab
2526 1146 2594 1200 iis
2638 1150 2730 1219 qui
2773 1167 2891 1206 eam
2937 1161 3263 1216 conturbare
3305 1178 3397 1216 vo-

1830 1224 2046 1281 luerint.
2080 1228 2261 1294 Quare
2282 1234 2406 1289 dico
2432 1255 2444 1289 :
2474 1235 2703 1293 Redimet
2738 1244 2789 1295 in
2811 1260 2938 1312 pace
2967 1251 3198 1303 animam
3224 1269 3392 1307 meam

1830 1312 1893 1365 ab
1924 1315 2011 1378 iis,
2051 1318 2140 1385 qui
2183 1324 2607 1393 appropinquant
2630 1330 2793 1394 mihi;
2822 1338 3069 1402 quoniam
3101 1339 3234 1393 inter
3254 1342 3392 1394 mul-

1830 1412 1907 1456 tos
1938 1416 2089 1458 erant
2112 1412 2443 1468 mecum.Pro
2468 1432 2577 1484 quo
2609 1417 2967 1489 Symmachus
2996 1428 3166 1483 edidit
3190 1445 3205 1481 ι
3229 1429 3392 1485 Multi

1825 1493 1964 1545 enim
2014 1498 2324 1555 accedebant
2358 1503 2427 1555 ad
2464 1522 2563 1560 me.
2595 1506 2739 1561 Nam
2779 1513 2868 1581 qui
2901 1517 3112 1572 turbare
3151 1520 3390 1574 volebant

1828 1586 2060 1637 animam
2112 1605 2300 1652 meam.
2345 1595 2548 1647 minimi
2579 1598 2793 1665 quidam
2841 1617 3013 1670 erant,
3054 1624 3182 1677 quos
3221 1609 3385 1675 Deus,

158 1690 275 1759 ἐμέ.
340 1694 404 1744 Ol
430 1691 539 1760 γὰρ
585 1692 856 1758 θορυϐεῖν
889 1690 1197 1756 ἐθέλοντές
1220 1709 1337 1759 μου
1366 1692 1481 1759 τὴν
1516 1690 1715 1760 ψυχήν

1827 1676 1916 1743 qui
1968 1687 2087 1732 ante
2127 1682 2323 1736 swcuia
2368 1695 2467 1750 est,
2516 1686 2834 1755 humiliabit,
2880 1676 3164 1752 clamorem
3216 1717 3388 1756 meum

1826 1765 2110 1795 .mngu-Hn..-

153 1798 267 1847 μου
292 1780 544 1849 ,βραχεῖς
586 1797 746 1846 τινες
776 1777 970 1850 ἦσαν,
1004 1781 1111 1846 οὓς
1142 1785 1174 1835 ὀ
1204 1782 1348 1847 Θεὸς
1377 1787 1409 1835 ὁ
1440 1783 1554 1851 πρὸ
1606 1782 1723 1836 τῶν
1758 1765 1797 1795 D
1824 1765 2131 1820 επαυάίεηε-

156 1870 382 1924 αἰώνων
410 1870 696 1940 ὑπάρχων
724 1870 1071 1924 ταπεινώσει
1094 1911 1109 1936 ,
1144 1871 1253 1941 τῆς
1281 1872 1430 1941 ἐμῆς
1458 1872 1719 1944 κραυγῆς

156 1961 519 2025 ἐπακούσας.

221 2050 406 2104 Ταῦτα
441 2052 540 2122 μὲν
563 2046 656 2106 οὖν
689 2051 762 2115 ὼς
794 2052 887 2105 τοῦ
920 2054 1201 2125 Προφήτου
1233 2051 1292 2118 ἐξ
1322 2054 1522 2107 οἰκείου
1553 2068 1724 2126 προσ-

155 2142 300 2196 ώπου
329 2143 431 2206 τὰς
465 2144 827 2215 προκειμένας
862 2145 1043 2211 φωνὰς
1069 2145 1555 2216 προενηνεγμένου.
1584 2147 1645 2198 Εἰ
1666 2147 1723 2199 δὲ

156 2232 212 2297 ἔξ
238 2233 406 2286 αὑτοῦ
431 2234 525 2287 τοῦ
555 2235 805 2304 Σωτῆρος
827 2235 997 2289 ταῦτα
1029 2235 1236 2302 λέγοιτο
1268 2235 1354 2288 διὰ
1385 2236 1477 2288 τοῦ
1510 2252 1723 2307 προφη-

154 2322 300 2376 τικοῦ
330 2322 658 2392 πνεύματος,
689 2322 984 2393 ἐπειδήπερ
1016 2322 1074 2387 ἐξ
1106 2323 1270 2376 αὑτοῦ
1301 2323 1514 2392 ἐλέγετο
1543 2325 1623 2386 τὸ,
1656 2327 1724 2379 El

151 2412 363 2482 ἐχθρὸς
404 2412 678 2466 ὠνείδισέ
702 2431 778 2482 με
802 2453 815 2478 ,
850 2412 1160 2483 ὑπήνεγκα
1191 2414 1267 2466 ἂν
1290 2456 1305 2477 ,
1353 2415 1446 2467 καὶ
1478 2416 1545 2469 τὰ
1576 2417 1720 2486 έξῆς,

153 2503 456 2566 ἀκολούθως
489 2506 583 2556 καὶ
619 2503 789 2557 ταῦτα
831 2505 1053 2575 φήσειεν
1099 2503 1166 2557 ἂν
1206 2503 1233 2553 6
1264 2504 1483 2573 Σωτήρ·
1546 2506 1665 2556 ’ὐτι
1693 2506 1721 2556 6

156 2594 245 2664 μὲν
270 2594 371 2647 οὐκ
398 2594 589 2666 ἐχθρὸς
607 2634 622 2658 ,
654 2594 789 2648 ἀλλὰ
820 2594 970 2662 φίλος
990 2610 1005 2624 ·
1038 2594 1131 2647 καὶ
1156 2594 1252 2663 οὐχ
1282 2594 1310 2645 ὁ
1347 2593 1518 2663 μισῶν
1542 2632 1557 2656 ,
1605 2593 1719 2645 ἀλλ’

152 2686 180 2736 6
212 2684 389 2755 μικρῷ
422 2684 655 2755 πρόσθεν
693 2684 949 2753 ἀγαπῶν,
976 2683 1204 2738 τοιαῦτα
1228 2684 1346 2737 κατ’
1375 2683 1508 2754 ἐμοῦ
1539 2684 1719 2735 τετόλ-

158 2778 344 2846 μηκεν.
414 2774 556 2845 Ἐγὼ
596 2776 651 2829 δὲ
686 2776 843 2829 πλέον
887 2776 1039 2828 ούδέν
1072 2775 1335 2846 ἔπραττον
1356 2818 1371 2842 ,
1408 2775 1521 2829 ἀλλ’
1552 2775 1719 2829 ἐϐόων

156 2866 287 2937 πρὸς
318 2867 408 2918 τὸν
435 2867 566 2919 Θεόν
585 2884 598 2896 ’
627 2863 770 2936 εἶχόν
802 2884 860 2919 τε
891 2867 1052 2919 αὑτὸν
1080 2863 1166 2919 οἷα
1209 2867 1428 2937 Πατέρα
1456 2867 1712 2936 ἐπήκοον.

166 2955 318 3009 Ἀλλὰ
346 2956 440 3009 καὶ
467 2958 515 3009 οἱ
544 2958 640 3026 μὲν
664 2956 1016 3009 ἐπεϐούλευον
1038 2956 1182 3026 ἐμοὶ,
1201 2961 1228 3008 6
1253 2956 1309 3007 δέ
1332 2954 1499 3019 ἔσωζέ
1528 2971 1614 3024 με’
1639 2955 1718 3007 διὸ

152 3046 211 3097 οὐ
244 3046 515 3117 παύσομαι
549 3046 784 3115 ἑσπέρας
812 3045 907 3099 κοιλ⁵
936 3046 1080 3115 πρωὶ
1119 3045 1212 3097 καὶ
1246 3044 1589 3115 μεσημϐρίας
1620 3042 1717 3106 τὰς
1743 3078 1787 3137 C

150 3135 245 3189 τοῦ
268 3136 472 3207 [ἰατρὸς
493 3136 692 3207 ἀρετάς
720 3136 1071 3206 διηγούμενος
1099 3137 1177 3198 εἰς
1210 3135 1441 3199 πάντας,
1475 3137 1714 3187 εἰσακου-

154 3226 276 3277 στόν
320 3243 377 3278 τε
432 3228 596 3279 πᾶσιν
644 3226 947 3296 ἀνθρώποις
996 3227 1277 3297 κηρύττων
1336 3226 1395 3278 τὸ
1452 3228 1713 3297 σωτήριον

152 3314 468 3385 Εὑαγγέλιον
487 3334 499 3348 ·
537 3321 629 3371 καὶ
659 3318 861 3388 ταύτης
898 3335 997 3387 μου
1029 3319 1125 3389 τῆς
1151 3319 1331 3388 φωνῆς
1354 3318 1658 3380 ἐπακούσας
1684 3319 1713 3369 6

152 3406 333 3478 Πατὴρ
351 3448 366 3472 ,
395 3407 757 3475 λυτρώσεται
781 3408 849 3461 ἐν
866 3406 1073 3475 εἰρήνῃ
1096 3406 1209 3475 τὴν
1228 3405 1438 3474 ψυχήν
1452 3424 1570 3474 μου
1594 3405 1711 3459 ἀπὸ

149 3497 268 3551 τῶν
285 3499 625 3568 ἐγγιζόντων
644 3516 766 3568 μοι,
804 3497 1080 3550 τουτέστιν
1102 3497 1210 3549 ἀπὸ
1230 3496 1336 3549 τῶν
1360 3495 1587 3565 ἐγγύθεν
1616 3495 1711 3549 καὶ

151 3591 209 3644 οὐ
224 3590 494 3661 πόρρωθέν
520 3606 586 3659 με
626 3588 1000 3658 πολεμούντων
1015 3603 1030 3617 ’
1047 3583 1383 3657 οἴτινεςῆσαν
1402 3585 1679 3640 πολλοστοί
1691 3602 1707 3617 ·

150 3684 243 3747 οῦς
286 3685 373 3737 καὶ
418 3681 742 3737 ταπεινώσει
772 3684 800 3734 6
832 3681 1199 3753 προϋπάρχων
1229 3680 1334 3751 πρὸ
1360 3681 1467 3733 τῶν
1499 3681 1710 3735 αἰώνων

151 3774 296 3837 Θεός.
326 3774 454 3827 Οὐδὲ
479 3773 588 3844 γὰρ
616 3775 649 3844 ἡ
674 3774 810 3843 πρὸς
832 3774 1008 3840 ὀλίγον
1029 3773 1209 3834 αὐτοῖς
1237 3772 1498 3843 γενομένη
1523 3773 1709 3826 εὐκαι-

154 3870 276 3939 ρία,
324 3869 439 3922 καθ’
469 3870 536 3939 ἢν
590 3867 1042 3938 ἐμεγαλαύχησαν
1065 3906 1080 3930 ,
1133 3866 1225 3918 καὶ
1259 3866 1578 3937 ἐπλήρωσαν
1611 3867 1709 3937 τὴν

152 3962 351 4015 ἑαυτῶν
402 3962 555 4015 πόλιν
592 3961 821 4032 ἀνομίας
870 3961 962 4013 καὶ
1012 3958 1351 4024 ἀντιλογίας,
1406 3960 1710 4027 παραμενεῖ

153 4055 358 4116 αὐτοῖς·
396 4055 518 4107 ὅσον
547 4053 604 4105 δὲ
629 4051 781 4105 οὔπω
808 4048 1302 4119 ταπεινωθήσονται
1319 4086 1333 4111 ,
1369 4048 1465 4117 τῆς
1490 4050 1554 4099 ἐκ
1573 4045 1707 4097 Θεοῦ

154 4145 315 4215 ὀργῆς
344 4144 802 4215 μετελευσομένης
838 4142 1035 4204 αὐτοὺς
1060 4140 1153 4193 καὶ
1183 4140 1282 4209 τὴν
1306 4137 1457 4190 πόλιν
1497 4138 1704 4200 αὐτῶν,

151 4235 226 4297 ὡς
252 4238 336 4289 καὶ
359 4237 447 4289 τὸν
473 4238 530 4289 ἐν
560 4235 697 4304 αὐτῇ
742 4232 1022 4302 διαϐόητον
1050 4229 1182 4283 νεὼν
1228 4228 1585 4298 ἀφανισθῆναι
1615 4228 1708 4280 καὶ

155 4330 318 4381 πᾶσαν
349 4328 443 4397 τὴν
481 4329 540 4380 ἐν
580 4324 727 4395 αύτῷ
758 4323 1178 4393 ἐπιτελουμένην
1205 4320 1456 4392 λατρείαν
1486 4319 1710 4373 καταλυ-

1895 2047 2020 2103 iiaec
2053 2051 2238 2122 itaque
2275 2058 2434 2127 quasi
2467 2074 2495 2112 a
2530 2058 2798 2127 Propheta
2836 2065 2979 2122 dicta
3021 2068 3243 2137 fuerint,
3284 2090 3384 2130 ceu

1824 2151 1888 2227 ex
1941 2141 2160 2207 propria
2206 2158 2437 2211 persona
2486 2163 2649 2203 voces
2697 2155 3001 2221 propositas
3054 2160 3382 2227 proferente.

1825 2226 1980 2291 Quod
2020 2230 2063 2283 si
2096 2231 2165 2284 ab
2198 2233 2317 2302 ipso
2360 2233 2645 2293 Salvatore
2674 2256 2770 2307 per
2800 2226 3175 2311 propheticum
3221 2250 3387 2318 spiri-

1827 2328 1938 2372 tum
1973 2319 2086 2374 haac
2109 2322 2255 2377 dicta
2287 2326 2521 2391 fuerint;
2557 2329 2823 2396 siquidem
2858 2349 2922 2386 ex
2954 2334 3126 2404 ipsius
3152 2353 3385 2407 persona

1824 2407 2107 2463 dicebatur
2139 2411 2291 2477 illud,
2319 2412 2378 2468 Si
2413 2416 2659 2472 inimicus
2696 2422 3055 2478 maledixisset
3084 2429 3233 2496 mihi,
3268 2446 3388 2483 sus-

1826 2497 2097 2553 tinuissem
2150 2504 2347 2573 utique,
2409 2513 2465 2562 et
2513 2516 2739 2578 caetera;
2808 2528 3207 2585 consequenter
3253 2536 3387 2576 sane

1824 2587 1939 2643 haec
1974 2589 2225 2647 Salvator
2256 2596 2456 2652 dixerit
2489 2618 2503 2653 :
2530 2599 2796 2665 Quoniam
2830 2620 2938 2659 non
2970 2608 3249 2676 inimicus,
3287 2610 3385 2667 sed

1824 2681 2063 2747 amicus;
2098 2699 2207 2737 non
2239 2687 2330 2754 qui
2365 2688 2489 2743 odio
2532 2690 2774 2745 haberet.
2812 2696 2905 2748 sed
2938 2696 3030 2756 qui
3062 2698 3223 2764 paulo
3259 2708 3388 2755 ante

1822 2768 2091 2841 diligeret,
2126 2775 2254 2828 talia
2281 2786 2470 2831 contra
2507 2796 2593 2835 me
2618 2796 2786 2836 ausus
2817 2792 2919 2837 est.
2953 2785 3061 2855 Ego
3092 2796 3271 2847 autem
3298 2791 3387 2843 ni-

1820 2859 1895 2912 hil
1936 2862 2058 2928 plus
2102 2865 2345 2933 agebam,
2378 2882 2536 2934 quam
2566 2870 2708 2938 quod
2754 2871 3051 2925 clamabam
3083 2874 3150 2926 ad
3185 2874 3385 2943 Deum;

1819 2961 2054 3019 emtique
2094 2960 2281 3020 utpote
2315 2952 2549 3020 Patrem,
2594 2957 2887 3025 propitium
2941 2959 3226 3014 habebam.
3279 2962 3385 3018 Sed

1820 3039 1897 3093 illi
1944 3042 2161 3110 quidem
2211 3043 2611 3100 insidiabantur
2661 3048 2823 3115 mihi;
2872 3050 2962 3104 hic
2988 3066 3119 3106 vero
3171 3053 3385 3108 salvum

1821 3128 2054 3185 faciebat
2088 3148 2173 3187 me
2207 3151 2220 3187 :
2248 3150 2417 3203 quare
2449 3151 2695 3204 vespere,
2728 3152 2887 3192 mane
2917 3147 2972 3192 et
3016 3139 3241 3194 meridie
3273 3157 3385 3195 non

1820 3221 1981 3275 ﬁnem
2030 3221 2226 3276 faciam
2276 3223 2455 3278 Patris
2497 3226 2727 3279 virtutes
2775 3226 3064 3282 enarrandi
3094 3230 3382 3297 omnibus;

1818 3320 1981 3382 atque
2022 3315 2261 3370 salutare
2302 3315 2653 3385 Evangelium
2699 3316 2766 3369 ad
2810 3333 2973 3374 aures
3004 3320 3382 3375 universorum

1815 3403 2098 3459 hominum
2145 3405 2472 3475 praedicandi
2516 3425 2530 3461 :
2571 3422 2801 3476 eamque
2846 3424 3036 3462 vocem
3086 3412 3384 3465 exaudiens

1816 3495 2001 3564 Pater,
2047 3496 2264 3551 redimet
2294 3500 2349 3551 in
2396 3514 2523 3567 pace
2567 3499 2803 3552 animam
2852 3517 3021 3553 meam
3067 3501 3130 3553 ab
3173 3504 3257 3565 iis,
3292 3504 3380 3571 qui

1817 3591 2236 3659 appropinquant
2266 3591 2416 3656 mihi,
2449 3590 2499 3644 id
2534 3598 2618 3644 est
2654 3590 2724 3644 ab
2756 3591 2823 3646 iis
2852 3593 2943 3660 qui
2980 3593 3249 3662 proxime,
3270 3608 3380 3647 non

1816 3680 2030 3748 procul,
2071 3682 2390 3750 impugnant
2436 3695 2558 3746 me;
2591 3681 2742 3733 multi
2786 3696 2916 3734 sane
2953 3696 3204 3747 numero,
3239 3698 3379 3750 quos

1817 3768 2124 3823 humiliabit
2163 3772 2255 3839 qui
2289 3777 2373 3823 est
2414 3777 2541 3823 ante
2572 3770 2769 3824 saecula
2817 3769 2978 3825 Deus.
3012 3769 3200 3839 Neque
3230 3786 3377 3825 enim

1815 3857 1906 3911 illa
1929 3858 1996 3911 ad
2022 3859 2185 3912 breve
2208 3866 2419 3926 tempus
2450 3858 2586 3926 ipsis
2612 3857 2735 3909 data
2757 3857 3159 3925 opportunitas,
3190 3856 3245 3911 in
3270 3873 3376 3927 qua

1815 3948 2029 4016 gloriati
2061 3956 2209 4007 sunt,
2248 3954 2302 4000 et
2326 3947 2598 4000 civitatem
2636 3928 2790 4000 suam
2832 3947 3120 4015 iniquitate
3150 3957 3205 4001 et
3242 3962 3377 4000 con-

1813 4040 2136 4095 tradictione
2158 4039 2522 4108 repleverunt,
2547 4037 2642 4092 diu
2668 4040 3033 4107 permanebit;
3059 4039 3155 4094 sed
3180 4056 3378 4109 prope-

1814 4131 1957 4185 diem
1984 4130 2437 4193 humiliabuntur,
2472 4130 2552 4185 ira
2586 4128 2682 4182 Dei
2713 4129 2864 4197 ipsos
2893 4137 2946 4183 et
2976 4131 3252 4184 civitatem
3282 4147 3377 4186 eo-

1812 4237 1934 4275 rum
1964 4221 2271 4283 invadente,
2305 4220 2377 4273 ita
2415 4227 2474 4273 ut
2505 4220 2767 4289 templum
2799 4221 2931 4275 illud
2972 4221 3185 4292 insigne
3223 4222 3277 4275 in
3312 4238 3375 4276 ea

1812 4310 2048 4380 positum
2079 4309 2349 4373 diruatur,
2390 4317 2443 4362 et
2468 4309 2647 4364 cultus
2685 4309 2882 4364 ibidem
2916 4313 3145 4379 persolvi
3180 4313 3376 4367 solitus

157 4417 319 4488 θῆναι.
345 4396 527 4482 Οῦτως
560 4412 673 4479 οὖν,
704 4416 801 4486 τῆς
836 4414 973 4484 ἐμῆς
1006 4410 1317 4474 ἐπακούσας
1343 4413 1370 4463 ὁ
1393 4409 1525 4473 Θεὸς
1556 4407 1705 4479 βοῆς»

1821 4396 1879 4451 de
1927 4398 2106 4452 medio
2140 4397 2381 4453 tollatur.
2417 4396 2508 4451 Sic
2541 4398 2727 4468 itaque
2775 4397 2921 4454 Deus
2958 4416 3045 4455 me
3077 4401 3373 4455 exaudiens

154 4509 457 4561 ταπεινώσει
480 4506 694 4568 αύτούς.

228 4600 302 4651 οὐ
347 4596 455 4666 γάρ
504 4598 678 4649 ἐστιν
717 4591 920 4656 αὐτοῖς
963 4587 1375 4656 ἀντάλλαγμα,
1440 4586 1538 4638 καὶ
1597 4586 1707 4638 οὐκ

157 4690 524 4760 ἐφοϐήθησαν
572 4689 680 4743 τὸν
720 4688 888 4749 Θεὸν,
924 4686 1017 4738 καὶ
1062 4683 1128 4735 τὰ
1177 4682 1323 4751 ἑξῆς.
1369 4677 1705 4733 Ταπεινώσει

157 4781 271 4846 τοὺς
298 4781 684 4855 προλεχθέντας
729 4777 942 4838 ἀσεϐεῖς
975 4777 1003 4828 6
1037 4771 1403 4845 προῢπάρχων
1449 4770 1556 4840 πρὸ
1597 4769 1706 4821 τῶν

158 4872 348 4927 αἰώνων
378 4873 541 4935 Θεός·
593 4868 805 4923 ἔσονταί
840 4883 901 4919 τε
946 4865 1192 4918 ταπεινοὶ
1236 4863 1327 4916 καὶ
1365 4859 1705 4931 διαμενοῦσιν

161 4963 245 5016 ἐπὶ
277 4967 527 5035 μήκιστον
547 4961 780 5016 τοιοῦτοι
804 4976 816 4989 ·
846 4957 966 5011 ἐπεὶ
994 4955 1178 5026 μηδεὶς
1202 4952 1353 5005 ἔσται
1382 4954 1409 5005 6
1441 4951 1579 5021 ὑπὲρ
1608 4949 1703 5003 αύ-

158 5054 257 5106 1th
276 5056 438 5121 διδοὺς
466 5053 841 5121 ἀντάλλαγμα.
880 5046 1061 5112 "Anne
1088 5047 1197 5117 γάρ
1224 5045 1253 5096 6
1286 5044 1414 5107 Υἱὸς
1448 5041 1542 5095 τοῦ
1568 5040 1703 5095 Θεοῦ

158 5141 332 5216 λύτρον
352 5146 541 5200 ἐαυτὸν
560 5144 732 5208 διδοὺς
755 5143 847 5196 καὶ
867 5141 1217 5208 ἀντάλλαγμα
1243 5136 1381 5207 ὑπὲρ
1404 5135 1511 5188 τῶν
1535 5135 1707 5206 ἀμαρ-

158 5236 344 5302 τωλῶν,
364 5238 488 5301 τοὺς
518 5237 617 5306 μὲν
645 5236 723 5299 εἰς
746 5232 906 5287 αὐτὸν
934 5227 1360 5290 πεπιστευκότας
1383 5226 1702 5297 ἐξηγόρασε,

160 5324 355 5380 πάντων
376 5344 437 5380 τε
457 5326 655 5388 αὐτοὺς
676 5323 785 5377 τῶν
816 5321 1094 5394 προτέρων
1120 5317 1531 5389 ἁμαρτημάτων
1559 5316 1705 5385 ἠλευ-

162 5414 407 5486 οέρωσενο
442 5419 569 5481 τοὺς
603 5416 661 5468 δέ
696 5415 846 5469 εἴασε
878 5411 1187 5473 ταπεινοὺς,
1244 5408 1367 5460 ἐπεὶ
1414 5408 1488 5477 μὴ
1531 5422 1702 5476 προσ-

160 5508 341 5578 ﬁxam
384 5512 481 5582 τὴν
512 5509 651 5579 ὑπὲρ
698 5505 875 5560 αὐτῶν
905 5502 1147 5557 δοθεῖσαν
1183 5500 1366 5569 τιμὴν⁷
1405 5497 1539 5568 μηδὲ
1581 5496 1702 5548 ἐπί-

168 5612 373 5652 στευσαν
410 5601 489 5662 εἰς
530 5598 593 5651 τὸ
629 5596 807 5668 τίμιον
840 5591 979 5664 αἷμα
1015 5591 1109 5644 τοῦ
1156 5589 1370 5643 πάντων
1400 5586 1701 5659 ἀνθρώπων

170 5688 429 5754 Δυτρωτοῦ
458 5691 550 5744 καὶ
583 5688 848 5757 Σωτῆρος.
885 5686 973 5738 Διό
1016 5698 1146 5751 φησι
1181 5682 1308 5749 περὶ
1350 5677 1527 5733 αὐτῶν
1554 5679 1580 5729 6
1614 5678 1699 5729 λόο

1810 4487 2117 4541 bumiliabit
2145 4502 2260 4541 eos.

1883 4574 2045 4631 Vens.
2078 4576 2168 4638 21,
2195 4576 2286 4630 22.
2325 4575 2449 4629 Non
2487 4576 2625 4629 enim
2653 4584 2730 4630 est
2762 4577 2870 4630 illis
2901 4578 3240 4631 commutatio
3260 4616 3275 4639 ,
3321 4585 3372 4628 et

1808 4684 1912 4722 non
1941 4668 2223 4720 timuerunt
2279 4665 2465 4730 Deum,
2497 4674 2550 4721 et
2578 4673 2794 4720 caetera.
2824 4666 3146 4721 Memoratos
3178 4667 3371 4736 impios

1805 4758 2116 4813 humiliabit
2143 4758 2234 4826 qui
2264 4764 2348 4812 est
2390 4764 2514 4810 ante
2543 4758 2739 4811 saecula
2777 4755 2940 4821 Deus,
2972 4764 3241 4826 eruntque
3273 4758 3372 4812 hu-

1806 4850 1984 4912 miles,
2010 4864 2075 4902 ac
2104 4848 2240 4902 tales
2292 4846 2385 4900 diu
2442 4846 2858 4915 permanebunt,
2899 4848 3027 4914 quia
3056 4846 3240 4902 nullus
3267 4848 3371 4901 erit

1806 4940 1900 5010 qui
1932 4939 2021 4994 det
2060 4954 2159 5008 pro
2197 4936 2304 4991 illis
2332 4937 2834 4990 commutationem.
2878 4935 3011 4990 Nam
3046 4951 3170 4990 cum
3204 4938 3370 4992 semel

1805 5030 1900 5086 Dei
1934 5029 2104 5086 Filius
2128 5044 2247 5084 sese
2278 5027 2488 5082 dederit
2510 5027 2563 5079 in
2592 5025 3019 5094 redemptionem
3051 5033 3105 5081 et
3125 5041 3371 5080 commu-

1804 5123 2061 5178 tationem
2113 5138 2211 5191 pro
2262 5118 2674 5190 peccatoribus;
2728 5130 2825 5170 eos
2851 5118 3068 5185 quidem
3097 5118 3188 5186 qui
3224 5116 3277 5170 in
3311 5133 3371 5173 se

1804 5199 2152 5271 crediderunt
2182 5212 2400 5275 exemit,
2427 5220 2586 5279 atque
2619 5223 2649 5261 ιι
2684 5205 2927 5275 pristinis
2957 5207 3172 5261 delictis
3200 5207 3370 5261 omni-

1805 5308 1908 5361 bus
1958 5305 2245 5370 liberavit;
2298 5303 2435 5356 alios
2492 5314 2621 5354 vero
2678 5298 2898 5367 reliquit
2945 5298 3208 5367 abiectos,
3242 5297 3369 5367 quia

1804 5400 2036 5469 pretium
2073 5412 2169 5467 pro
2200 5411 2258 5450 se
2285 5392 2471 5446 datum
2498 5406 2606 5445 non
2649 5388 3008 5451 admiserunt,
3037 5405 3210 5458 neque
3242 5403 3367 5443 cre‘

1804 5489 2059 5544 diderunt
2102 5489 2155 5541 in
2185 5485 2481 5555 pretiosum
2528 5481 2847 5550 sanguinem
2884 5478 3261 5549 Redemptoris
3312 5489 3367 5533 et

1807 5578 2103 5632 Salvatoris
2137 5574 2378 5629 omnium
2414 5573 2713 5626 hominum.
2760 5567 3123 5639 Quamobrem
3161 5569 3227 5623 de
3261 5569 3366 5621 illis

1804 5669 2034 5725 dicitur:
2071 5665 2190 5720 Non
2215 5663 2350 5719 enim
2378 5673 2453 5717 est
2481 5662 2587 5717 illis
2604 5661 2962 5714 commutatio.
2982 5657 3159 5723 Quare
3183 5664 3363 5711 autem
