3822 6280
137 357 232 413 ιιι)

1238 349 1744 407 COMMENTARIA
1781 350 1848 407 IN
1886 351 2226 406 PSALMOS.

3240 359 3344 412 ‘90

138 472 223 526 καὶ
253 465 524 537 ὑποκρίσει
569 464 935 531 ἀπαλύνοντες
983 465 1192 520 ἑαυτῶν
1235 467 1360 531 τοὺς
1402 467 1592 538 λόγους
1623 468 1685 521 ἐκ

1800 469 1933 527 tione
1963 470 2270 526 mollientes
2303 471 2476 541 palam
2535 487 2814 530 sermones
2847 489 3000 541 suos,
3043 475 3169 531 dum
3203 476 3346 532 intus

141 562 224 617 τοῦ
263 557 505 629 φανεροῦ,
541 557 740 612 ἔσωθεν
781 559 838 613 δὲ
883 559 1079 623 αὐτοὺς
1125 560 1502 625 ἀκοντίσαντες
1548 562 1686 633 ὑπὲρ

145 653 357 726 βολίδας,
403 649 538 704 ἀλλά
585 651 678 705 καὶ
718 651 879 715 αὐτὸς
921 654 949 706 ὁ
988 651 1252 723 προδότης
1297 653 1534 721 γεγονὼς
1593 654 1686 706 τοῦ

145 747 390 817 Σωτῆρος,
422 743 610 798 ὁποίου
636 744 823 809 τέλους
861 744 1140 809 τεύξονται
1172 744 1496 816 δεδήλωται·
1528 747 1590 799 σὺ
1631 745 1687 798 δὲ

143 843 168 894 6
211 837 395 891 τούτων
439 835 809 908 ἀκροώμενος,
863 837 1247 908 σωφρονισθείς
1289 837 1396 891 ἀπὸ
1439 835 1532 890 τοῦ
1581 835 1690 890 τῶν

148 926 560 999 προλελεγμένων
614 928 826 992 τέλους,
879 928 972 981 καὶ
1018 929 1046 981 ὁ
1099 927 1175 998 τῷ
1233 929 1690 999 προφητευομένῳ

147 1023 248 1074 ὅλον
277 1019 460 1074 σαυτὸν
501 1020 794 1084 ἐπιδιδοὺς,
829 1020 1038 1093 θάρσει,
1069 1020 1168 1091 τὴν
1204 1018 1400 1072 σαυτοῦ
1435 1019 1692 1091 φροντίδα

151 1112 411 1184 ἐπιρρίψας
445 1113 532 1165 ἐπ’
581 1112 765 1176 αὐτὸν,
800 1106 886 1164 οἷα
929 1113 1107 1183 Καινῇ
1137 1111 1380 1185 Διαθήκῃ
1425 1111 1692 1183 μαθητευ-

153 1205 264 1269 θεὶς,
295 1206 355 1258 δι’
381 1198 446 1276 ἦς
476 1205 638 1269 αὐτὸς
674 1207 703 1259 ὁ
728 1203 916 1277 Σωτὴρ
944 1205 1188 1259 παιδεύει
1211 1205 1384 1274 λέγων
1404 1224 1417 1237 ’
1453 1204 1550 1272 Μὴ
1596 1221 1694 1274 με·

152 1296 442 1367 ριμνήσητε
490 1297 550 1351 τί
601 1296 846 1367 φάγητε,
885 1295 1040 1366 μηδὲ
1086 1297 1143 1350 τι
1194 1297 1395 1364 πίητε·
1441 1296 1553 1361 καὶ,
1593 1295 1691 1363 Μὴ

158 1389 424 1456 κτήσησθε
464 1388 700 1457 χρυσὸν
738 1387 894 1458 μηδὲ
945 1388 1222 1459 ἄργυρον,
1265 1388 1420 1458 μηδὲ
1465 1389 1694 1459 χαλκὸν

158 1485 231 1549 εἰς
278 1480 580 1548 τὰςηζώνας
625 1480 810 1551 ὑμῶν.
848 1479 1009 1535 Ταῦτ’
1045 1479 1136 1536 οῦν
1182 1481 1441 1550 φυλάξας,
1474 1481 1694 1550 ἑπίρῤι-

161 1578 260 1644 ψον
282 1573 369 1627 ἐπί
400 1573 618 1641 Κύριον
644 1572 759 1641 τὴν
793 1574 1087 1643 μέριμνάν
1118 1588 1255 1638 σου,
1282 1572 1377 1625 καί
1417 1573 1598 1638 αὐτός
1621 1587 1695 1625 σε

162 1665 442 1735 διαθρέψει,
472 1665 561 1718 τὸν
595 1664 759 1738 ἄρτον
805 1683 887 1719 σοι
920 1665 1094 1729 διδοὺς
1137 1666 1228 1718 τὸν
1271 1664 1563 1728 ἐπιούσιον,
1601 1663 1695 1718 καὶ

162 1740 241 1827 ⁸ἷτὴν
278 1757 483 1827 λογικὴν
533 1756 628 1808 καὶ
671 1756 992 1828 ἐπουράνιον
1048 1755 1288 1828 τροφήν·
1337 1753 1595 1826 ἐπαρκῶν
1638 1753 1692 1806 δὲ

162 1854 234 1907 καὶ
250 1853 307 1906 τὰ
321 1853 449 1925 πρὸς
464 1854 555 1907 τὸν
579 1853 690 1923 βίον
706 1851 960 1924 χρειώδη.
981 1849 1168 1921 Τούτῳ
1184 1847 1259 1922 (I)
1277 1848 1384 1920 γὰρ
1424 1847 1693 1920 ἐπήγγελ-

156 1961 230 1997 ται
264 1945 454 2014 φήσας⁶
506 1941 640 2000 Οἵδε
681 1947 792 2014 γὰρ
833 1946 866 1998 ό
905 1941 1108 2011 Πατὴρ
1140 1942 1306 2011 ὑμῶν
1349 1943 1382 1993 ὁ
1415 1939 1692 2008 οὐράνιος

151 2030 229 2090 ὧν
247 2038 440 2106 χρείαν
466 2037 635 2106 ἔχετε
665 2036 778 2104 πρὸ
809 2033 916 2089 τοῦ
947 2051 1002 2088 τι
1029 2033 1212 2088 αὐτὸν
1242 2031 1481 2100 αἰτῆσαι
1515 2030 1689 2102 ὑμᾶς.

156 2129 318 2194 Αὐτός
351 2141 423 2183 σε
463 2128 532 2182 δὲ
571 2125 896 2196 διαθρέψει,
945 2126 1019 2190 ὡς
1079 2125 1174 2180 καὶ
1226 2124 1402 2178 πάντα
1447 2123 1652 2178 δίκαιον
1675 2140 1690 2154 ·

150 2219 314 2274 οὐδένα
348 2220 454 2292 γὰρ
498 2219 718 2273 πώποτε
766 2218 874 2271 τῶν
906 2217 1128 2270 δικαίων
1161 2214 1570 2278 καταλέλοιπεν,
1620 2213 1696 2278 ώς

155 2313 410 2386 ὑπομεῖναι
443 2315 605 2370 αὐτὸν
639 2314 802 2368 σάλον
840 2312 978 2384 πρὸς
1019 2311 1079 2365 τὸ
1126 2308 1450 2380 σαλευθῆναι
1487 2308 1581 2362 καὶ
1613 2309 1700 2361 ἐκ·

156 2409 331 2461 πεσεῖν.
360 2407 448 2460 Διὸ
481 2406 729 2461 λέλεκται
760 2404 888 2476 ἑξῆς
911 2421 924 2435 °
960 2405 1042 2458 Οὐ
1066 2402 1245 2457 δώσει
1277 2404 1362 2468 είς
1383 2401 1490 2455 τὸν
1514 2400 1700 2455 αἰῶνα

151 2497 325 2552 σάλον
361 2497 438 2564 τῷ
484 2497 725 2564 δικαίῳ·
773 2497 808 2566 ἢ
854 2496 997 2550 κατὰ
1046 2496 1138 2550 τὸν
1185 2494 1514 2566 Σύμμαχον·
1575 2495 1698 2546 Οὐκ

155 2587 375 2643 ἐκδώσει
416 2591 503 2655 εἰς
530 2589 718 2642 αἰῶνα
759 2586 1116 2656 κλεισθῆναι
1166 2585 1416 2641 δίκαιον.
1474 2583 1565 2638 Διὸ
1613 2584 1703 2637 λέ-

157 2677 316 2734 λεκται
358 2683 414 2733 ἐν
456 2680 662 2751 ἑτέροις
686 2697 699 2709 ·
750 2677 1044 2747 Νεώτερος
1085 2677 1398 2747 ἐγενόμην,
1447 2676 1544 2731 καί
1592 2676 1702 2746 γὰρ

153 2772 412 2841 ἐγήρασα,
451 2774 551 2829 καί
581 2774 692 2827 οὐκ
732 2768 896 2826 εἶδον
921 2770 1153 2826 δίκαιον
1176 2768 1702 2841 ἐγκαταλελειμμέ-

157 2879 268 2926 νον,
299 2864 434 2918 οὐδὲ
459 2864 528 2918 τὸ
554 2863 794 2934 σπέρμα
815 2862 1001 2921 αὐτοῦ
1032 2862 1245 2931 ζητοῦν
1269 2862 1507 2930 ἄρτους.
1536 2859 1701 2914 Ταῦτ’

155 2953 320 3017 εἰπὼν,
349 2955 474 3026 ἑξῆς
515 2955 712 3025 ἐπάγει
743 2955 874 3027 περὶ
918 2955 1025 3009 τῶν
1072 2954 1371 3008 ἐπιϐούλων
1400 2952 1496 3007 τοῦ
1523 2953 1704 3026 Σωτῆ-

161 3063 237 3114 ρος
257 3047 329 3111 τὸ,
359 3048 442 3102 Σὺ
475 3048 546 3101 δὲ
588 3051 620 3102 ό
665 3048 810 3114 Θεὸς
848 3046 1123 3114 κατάξεις
1153 3046 1375 3114 αὐτοὺς
1400 3048 1486 3115 εἰς
1520 3045 1705 3116 φρέαρ

1725 1814 1768 1870 Β

1788 570 2112 618 exacuerent
2147 562 2268 632 plus
2292 579 2453 632 quam
2484 564 2622 629 tela,
2655 565 2764 618 imo
2797 567 2958 620 etiam
3009 567 3125 638 ipse
3161 568 3347 623 Salva-

1788 651 1923 708 loris
1952 653 2218 722 proditor,
2254 669 2413 724 quem
2449 655 2610 710 linem
2653 658 2865 712 nacturi
2893 658 3001 712 sint
3042 661 3147 725 iam
3179 660 3352 715 decla-

1788 750 1963 797 ratum
1993 751 2112 811 est;
2149 755 2205 799 tu
2237 761 2367 800 vero
2393 746 2485 816 qui
2526 745 2640 801 hare
2669 748 2967 809 auscultas.
2994 764 3182 804 eorum
3214 766 3353 819 quos

1789 835 2128 890 narravimus
2157 838 2303 891 exitu
2340 837 2579 907 prudens
2603 837 2830 893 eﬂ‘ectus
2854 880 2869 904 ,
2915 846 2967 892 et
3002 840 3250 909 quisquis
3299 841 3348 896 ei

1790 925 1881 994 qui
1924 925 1979 978 in
2009 925 2265 980 valicinio
2301 926 2470 980 fertur
2521 933 2574 981 te
2629 934 2803 981 totum
2836 927 3071 992 dedisti,
3118 929 3348 992 conﬁde,

1789 1015 2012 1070 edoctus
2031 1030 2057 1068 a
2074 1013 2223 1070 Novo
2251 1015 2598 1070 Testamento
2628 1032 2814 1072 curam
2833 1025 2982 1070 tuam
3016 1032 3179 1087 super
3203 1017 3354 1071 illum

1786 1105 2016 1174 jactare,
2050 1105 2140 1160 ubi
2174 1107 2291 1176 ipse
2325 1105 2574 1162 Salvator
2622 1108 2766 1164 hanc
2803 1108 3108 1163 doctrinam
3150 1107 3351 1162 tradit:

1796 1195 1976 1252 Nolite
2007 1197 2224 1250 solliciti
2253 1215 2365 1252 esse
2391 1199 2513 1269 quid
2547 1199 2893 1265 manducetis,
2931 1211 3022 1254 aut
3056 1198 3180 1271 quid
3211 1198 3357 1252 biba-

1796 1288 1863 1341 tis
1895 1290 1915 1320 ⁸
1943 1306 1957 1352 ;
2013 1297 2066 1343 et
2109 1307 2122 1343 :
2167 1287 2346 1343 Nolite
2369 1290 2634 1360 possidere
2671 1308 2858 1346 aurum
2879 1332 2894 1357 ,
2927 1308 3017 1346 nec
3055 1302 3355 1362 argentum,

1793 1397 1954 1451 neque
1986 1398 2056 1436 ws
2086 1383 2140 1435 in
2189 1383 2333 1436 zonis
2363 1392 2546 1439 vestris
2581 1385 2620 1440 ⁸.
2653 1382 2778 1441 Haec
2809 1385 2992 1456 itaque
3020 1400 3144 1440 cum
3173 1398 3361 1440 serva.

1793 1475 1959 1538 veris,
1987 1475 2140 1544 jacta
2174 1490 2328 1544 super
2353 1474 2635 1530 Dominum
2662 1493 2842 1531 curam
2870 1487 3036 1542 tuam,
3078 1488 3127 1531 et
3165 1479 3274 1547 ipse
3310 1484 3361 1531 te

1794 1567 2024 1621 enutriet
2053 1606 2066 1630 ,
2117 1567 2254 1622 dans
2285 1568 2381 1622 tibi
2430 1583 2622 1638 panem
2658 1569 3234 1640 supersubstantialem
3260 1609 3275 1634 ,
3309 1580 3364 1624 et

1795 1659 2114 1714 rationalem
2179 1659 2567 1731 caelestemque
2638 1661 2869 1729 cibum;
2938 1662 3362 1718 subministrans

1798 1766 2016 1822 quoque
2048 1767 2109 1807 ea
2152 1767 2273 1822 quae
2311 1762 2438 1808 sunt
2465 1753 2530 1808 ad
2559 1754 2721 1808 vitam
2753 1754 3101 1810 necessaria:
3140 1755 3192 1809 id
3218 1755 3363 1810 enim

1795 1842 2070 1911 pollicitus
2092 1842 2176 1899 his
2209 1843 2390 1898 verbis
2421 1852 2506 1899 est
2533 1863 2544 1897 :
2575 1842 2686 1898 Scit
2724 1847 2862 1899 enim
2898 1845 3062 1900 Pater
3086 1855 3251 1901 vester
3272 1863 3368 1901 εα-

1794 1933 1939 1986 lestis
1963 1949 2184 2002 quorum
2214 1949 2341 2003 opus
2379 1934 2601 1999 habetis,
2628 1945 2903 2007 antequam
2925 1938 3048 2008 quid
3069 1954 3153 1992 vos
3176 1939 3365 2006 petatis

1796 2022 1861 2078 ab
1891 2025 2002 2094 ipso
2031 2027 2074 2081 ⁷.
2107 2024 2227 2095 Ipse
2264 2035 2310 2082 te
2329 2029 2573 2091 enutriet,
2609 2038 2668 2083 ut
2712 2037 2765 2084 et
2799 2031 3096 2100 quemlibet
3129 2030 3364 2101 justum;

1796 2119 2066 2175 neminem
2097 2121 2241 2176 enim
2282 2120 2557 2191 justorum
2601 2137 2840 2192 unquam
2897 2123 2970 2176 ita
3016 2122 3267 2193 reliquit,
3307 2131 3368 2177 ut

1797 2212 2203 2269 ﬂuctuationem
2248 2223 2545 2285 pateretur,
2585 2229 2647 2269 ac
2697 2215 2978 2270 vacillaret
3031 2223 3086 2270 et
3127 2213 3364 2270 caderet.

1798 2305 1979 2372 Quare
2003 2307 2104 2362 sub
2133 2306 2249 2362 haec
2275 2307 2480 2362 dictum
2517 2315 2638 2362 est:
2683 2306 2803 2362 Non
2845 2307 2991 2361 dabit
3023 2308 3078 2361 in
3117 2315 3370 2361 (sternam

1799 2380 2195 2466 ﬂuctuationem
2215 2397 2391 2462 iusto;
2417 2397 2530 2453 sive
2553 2405 2613 2454 ut
2641 2396 3037 2468 Symmachus:
3071 2395 3193 2450 Non
3223 2396 3371 2450 dabit

1801 2489 1856 2542 in
1884 2498 2135 2544 wternum
2157 2489 2333 2543 claudi
2348 2489 2575 2559 justum.
2604 2487 2728 2544 Ideo
2759 2488 2886 2542 alibi
2910 2487 3110 2542 dicitur
3135 2505 3150 2542 :
3179 2485 3372 2541 Iunior

1801 2577 1901 2646 fui,
1928 2579 2116 2632 etenim
2146 2580 2324 2645 senui,
2368 2589 2418 2632 et
2461 2595 2563 2632 non
2616 2579 2722 2632 vidi
2768 2578 2975 2647 justum
3029 2576 3371 2642 derelictum,

1803 2683 1894 2722 nec
1923 2685 2093 2722 semen
2122 2669 2236 2739 ejus
2265 2685 2499 2740 quwrens
2548 2685 2707 2738 panes
2755 2670 2798 2722 ³.
2857 2666 2951 2724 His
2984 2668 3209 2738 prolatis
3233 2708 3248 2732 ,
3305 2665 3375 2723 de

1803 2757 2215 2816 insidiatoribus
2241 2759 2542 2816 Salvatoris
2561 2761 2664 2816 hoc
2687 2761 2875 2830 adjicit
2899 2779 2911 2814 :
2949 2759 3026 2813 Tu
3047 2775 3183 2826 vero,
3214 2757 3371 2824 Deus,

1803 2851 2024 2907 deduces
2065 2869 2153 2907 eos
2200 2854 2254 2907 in
2292 2862 2506 2922 puteum
2554 2853 2833 2915 interitus;
2872 2851 3015 2916 sive,
3072 2849 3374 2906 secundum

1806 2941 2212 3014 Symmachum,
2247 2943 2326 2998 Tu
2356 2961 2494 3009 vero,
2527 2943 2702 3008 Deus,
2746 2942 2956 3012 dejicies
2987 2957 3072 2995 eos
3100 2942 3153 2994 in
3197 2941 3375 2993 lacum

1803 3035 2048 3090 interitus
2079 3037 2140 3090 ει
2195 3035 2264 3092 de
2310 3051 2419 3106 quo
2459 3037 2578 3090 lacu
2632 3043 2885 3092 sexcenta
2939 3031 3189 3102 superius
3231 3031 3374 3086 diota

157 3137 448 3208 διαφθορᾶς
471 3157 484 3170 ·
520 3139 554 3211 ἧ
589 3139 732 3195 κατὰ
758 3140 849 3194 τὸν
887 3140 1214 3212 Σύμμαχον·
1249 3140 1334 3195 Σὺ
1373 3141 1442 3194 δὲ
1485 3143 1518 3195 ὁ
1560 3142 1700 3208 Θεὸς

1809 3136 1971 3193 sunt,
2007 3129 2237 3198 exempli
2267 3127 2480 3200 gratia:
2516 3127 2839 3197 Exspectans
2872 3124 3161 3194 exspectavi
3191 3122 3377 3177 Domi-

159 3228 502 3299 κατένέγκεις
542 3231 764 3297 αὐτοὺς
795 3233 881 3298 εἰς
907 3231 1140 3286 λάκκον
1181 3230 1535 3301 διαφθορᾶς’
1583 3233 1700 3303 περῖ

1805 3238 1949 3286 num,
1977 3230 2025 3275 et
2049 3221 2275 3276 intendit
2303 3221 2451 3286 mihi,
2469 3231 2517 3275 et
2545 3220 2724 3275 eduxit
2754 3236 2835 3274 me
2859 3218 2921 3272 de
2943 3219 3059 3271 lacu
3084 3217 3306 3270 miseria:
3327 3224 3377 3268 et

156 3312 208 3372 οῦ
231 3319 416 3376 λάκκου
451 3323 622 3394 μυρία
650 3323 740 3376 διὰ
766 3321 874 3376 τῶν
907 3322 1212 3396 ἔμπροσθεν
1246 3313 1493 3395 εἴρηται·
1517 3321 1700 3395 ὥσπερ

1810 3311 1874 3365 de
1901 3315 2010 3364 tuto
2031 3311 2180 3380 [απ-ξε
2216 3312 2290 3379 ¹⁰;
2313 3325 2378 3365 ac
2407 3325 2626 3365 rursum
2659 3325 2672 3360 :
2706 3305 2999 3379 Nequando
3026 3316 3199 3360 taceas
3223 3321 3256 3357 a
3275 3319 3376 3366 me,

162 3412 210 3464 ἐν
248 3413 344 3484 τῷ-
402 3415 736 3485 ’Υπομένων
783 3415 1074 3486 ὑπέμεινα
1129 3415 1236 3470 τὸν
1293 3417 1513 3484 Κύριον
1534 3456 1549 3482 ,
1611 3415 1708 3470 καί

159 3507 439 3577 προσέσχε
468 3526 590 3577 μοι,
636 3509 736 3562 καὶ
774 3507 1036 3579 ἀνήγαγε
1062 3525 1138 3578 με
1161 3509 1230 3562 ἐκ
1251 3509 1482 3564 λάκκου
1511 3512 1710 3564 ταλαι-

160 3600 374 3668 πωρίας,
422 3601 524 3654 καί
555 3601 675 3656 ἀπὸ
708 3601 906 3670 πηλοῦ
954 3602 1121 3669 ἰλύος
1142 3619 1155 3632 ο
1209 3603 1302 3656 καὶ
1339 3602 1500 3656 πάλιν
1523 3620 1536 3632 ·
1588 3602 1711 3671 Μή-

163 3704 284 3743 ποτε
317 3692 795 3762 παρασιωπήσῃς
820 3693 920 3766 ἀπ’
948 3693 1113 3763 ἐμοῦ,
1145 3695 1244 3748 καί
1274 3695 1712 3764 όμοιωθήσομαι

162 3781 266 3848 τοῖς
303 3785 763 3839 καταϐαίνουσιν
805 3788 892 3852 εἰς
923 3785 1181 3840 λάκκον’
1222 3787 1316 3840 καὶ
1366 3782 1552 3850 αὖθις·
1594 3785 1710 3838 Κύ-

161 3887 252 3935 ριε,
275 3873 565 3944 ἀνήγαγες
600 3875 671 3940 ἐξ
702 3875 849 3942 ᾅδου
889 3876 1005 3945 τὴν
1042 3876 1256 3945 ψυχήν
1295 3894 1434 3946 μου,
1470 3875 1713 3942 ἕσωσάς

161 3977 222 4028 με
246 3963 354 4018 ἀπὸ
390 3965 510 4019 τῶν
556 3967 1036 4021 καταϐαινόντων
1071 3969 1156 4031 εἰς
1201 3965 1452 4020 λάκκον.
1514 3965 1652 4019 Ἀλλ’
1685 3968 1713 4018 ὁ

166 4053 248 4120 μὲν
275 4055 474 4120 δίκαιος
502 4056 823 4121 διασώζεται
857 4057 992 4129 πρὸς
1022 4058 1082 4110 τὸ
1118 4056 1192 4128 μὴ
1225 4056 1614 4128 κατενεχθῆναι
1635 4057 1714 4120 εἰς

163 4143 240 4196 τδν
263 4146 581 4219 δηλούμενον
604 4148 806 4202 λάκκον
825 4167 836 4178 ·
868 4151 918 4202 οἱ
945 4149 1002 4202 δὲ
1033 4149 1248 4213 ἀσεϐεῖς
1280 4149 1431 4203 κάτω
1461 4149 1713 4220 φέρονται

165 4237 231 4299 είς
252 4239 423 4303 αὐτὸν,
450 4239 554 4294 ὑπὸ
579 4241 672 4294 τοῦ
698 4239 834 4294 Θεοῦ
857 4242 1442 4314 καταρασσόμενοι.ξώς
1471 4243 1552 4306 εἰς
1584 4259 1715 4296 κατ-

165 4326 364 4400 άλληλον
401 4333 584 4396 αὐτοῖς
623 4334 842 4404 χωρίον.
877 4333 1092 4387 Λάκκον
1132 4334 1189 4387 δὲ
1213 4333 1590 4405 ταλαιπωρίας
1624 4334 1714 4390 καὶ

1808 3412 1858 3458 et
1885 3402 2221 3459 assimilabor
2245 3401 2674 3458 descendentibus
2703 3401 2758 3455 in
2797 3400 2970 3454 lacum
3015 3399 3091 3461 ";
3153 3396 3382 3450 iterum-

1809 3513 1953 3568 que:
1987 3495 2227 3561 Domine,
2261 3495 2490 3552 eduxisti
2527 3495 2591 3549 ab
2636 3494 2844 3563 inferno,
2882 3492 3114 3545 animam
3172 3505 3338 3542 meam
3361 3527 3376 3549 ,

1811 3588 2032 3643 salvasti
2064 3605 2144 3642 me
2178 3605 2210 3642 α
2237 3585 2664 3642 descendentibus
2708 3583 2764 3638 in
2814 3584 3006 3637 lacum.
3057 3579 3162 3634 Sed
3197 3579 3381 3650 justus

1812 3681 2030 3751 quidam
2055 3682 2287 3746 eruitur,
2317 3687 2378 3734 ut
2404 3695 2473 3734 ne
2520 3678 2576 3732 in
2625 3684 2982 3733 memoratum
3015 3674 3192 3728 lacum
3232 3670 3382 3726 defe-

1812 3780 1998 3841 ratur;
2029 3772 2178 3843 impii
2209 3785 2338 3826 vero
2384 3770 2438 3824 in
2464 3770 2640 3840 ipsum
2672 3766 3023 3837 dejiciuntur,
3051 3779 3082 3818 a
3107 3763 3217 3819 Deo
3250 3778 3386 3834 prae-

1813 3866 2024 3936 cipitati
2052 3863 2210 3935 quasi
2259 3862 2316 3917 in
2360 3869 2745 3932 congruentem
2779 3858 2882 3914 sibi
2914 3857 3115 3911 locum.
3176 3853 3381 3908 Lacum

1816 3966 1994 4012 autem
2025 3957 2288 4019 miseriae,
2321 3954 2491 4009 lutum
2527 3952 2674 4007 faecis
2727 3957 2782 4006 et
2830 3957 3052 4020 puteum
3085 3947 3340 4003 interitus
3363 3986 3380 4009 ,

1817 4051 2007 4105 mortis
2049 4049 2226 4104 locum
2258 4062 2456 4104 vocare
2509 4045 2644 4101 solet
2681 4043 2980 4114 Scriptura,
3015 4041 3070 4096 in
3101 4055 3260 4111 quem
3294 4037 3388 4093 de-

1812 4143 2077 4212 jiciuntur
2126 4140 2320 4195 animae
2353 4137 2674 4210 impiorum,
2719 4137 2892 4192 instar
2929 4148 3119 4189 eorum
3174 4131 3268 4202 qui
3315 4130 3387 4184 ab

1817 4235 1928 4290 alto
1962 4234 2081 4288 loco
2134 4233 2191 4287 in
2235 4233 2435 4296 lacum,
2463 4243 2727 4301 aquarum
2777 4225 3208 4298 praecipitantur.
3247 4223 3386 4289 Quia

1818 4342 1946 4383 vero
1978 4325 2230 4396 superius
2254 4323 2554 4378 Salvatoris
2579 4322 2758 4378 nostri
2782 4319 3162 4375 interfectores
3187 4330 3387 4372 memo-

170 4422 311 4489 πηλὸν
355 4425 519 4489 ἰλύος,
564 4427 656 4482 καὶ
691 4427 869 4500 φρέαρ
894 4427 1192 4498 διαφθορᾶς
1227 4427 1319 4480 τὸν
1343 4427 1435 4480 τοῦ
1481 4427 1700 4481 θανάτοι

1817 4421 1981 4485 ravit,
2005 4423 2404 4488 consequenter
2431 4415 2542 4485 jam
2572 4413 2639 4469 de
2665 4412 2859 4469 iisdem
2885 4411 2958 4464 ait
2983 4428 2996 4463 :
3039 4409 3152 4462 Viri
3181 4408 3390 4477 sangui-

168 4509 308 4568 τόπον
336 4517 519 4571 καλεῖν
570 4518 756 4573 εἴωθεν
785 4520 814 4571 ὁ
858 4519 1013 4588 λόγος
1032 4537 1044 4550 ·
1074 4520 1153 4584 είς
1195 4519 1253 4573 ὃν
1287 4519 1700 4573 καταϐάλλονται

1821 4529 1945 4566 num
1975 4521 2024 4566 et
2050 4509 2222 4565 dolosi
2253 4525 2358 4563 non
2380 4505 2736 4560 dimidiabunt
2765 4504 2874 4558 dies
2905 4516 3060 4566 suos;
3105 4499 3250 4562 sive,
3303 4512 3392 4552 se-

169 4601 301 4683 ὂίκην
337 4607 445 4663 τῶν
494 4607 700 4663 ἄνωθεν
740 4587 1198 4682 καταφερομένων
1240 4612 1297 4664 ἐν
1338 4611 1450 4674 τοῖς
1493 4610 1700 4675 λάκκοις

1821 4602 2060 4658 cundum
2096 4600 2515 4673 Symmachum,
2555 4595 2899 4668 Sanguinarii
2925 4604 2971 4649 et
2996 4592 3167 4646 dolosi
3189 4606 3292 4644 non
3317 4587 3395 4639 di-

171 4681 350 4749 ὑδάτων
393 4699 449 4751 αἱ
495 4698 605 4752 τῶν
649 4700 858 4753 ἀσεϐῶν
890 4679 1078 4771 ψυχαί.
1132 4702 1243 4755 Καὶ
1283 4701 1580 4773 ἐπειδήπερ
1629 4701 1700 4754 διέ

1820 4694 2118 4750 midiabunt
2147 4691 2259 4748 dies
2283 4708 2439 4756 suos;
2477 4691 2562 4747 vel
2609 4688 2907 4745 secundum
2961 4683 3244 4754 Aquilam,
3267 4679 3394 4773 fin

169 4779 261 4835 τῶν
298 4783 597 4858 ἔμπροσθεν
640 4789 766 4853 τοὺς
809 4770 1071 4858 φονευτὰς
1117 4789 1210 4843 τοῦ
1258 4770 1512 4863 Σωτῆρος
1553 4770 1700 4862 -ἡμῶι

1823 4786 2134 4859 sanguinum
2161 4793 2210 4838 et
2228 4784 2454 4838 insultas
2475 4799 2578 4836 non
2595 4777 2944 4835 dimidiabunt
2965 4775 3073 4829 dies
3098 4789 3243 4828 suos.
3267 4770 3394 4825 Haec

173 4871 352 4943 ἐδήλου,
383 4879 692 4944 ἀκολούθως
726 4881 818 4933 καὶ
849 4880 945 4936 νῦν
973 4881 1104 4954 περὶ
1146 4880 1258 4936 τῶν
1289 4882 1467 4936 αὐτῶν
1517 4898 1700 4954 φησιν

1822 4888 1882 4933 ιιι
1913 4879 2134 4949 impleta
2165 4876 2389 4942 fuerint,
2423 4874 2714 4945 intelliges,
2745 4871 2789 4926 si
2821 4863 3390 4954 perpendam-statim,

175 4961 384 5035 Ἄνδρες
412 4970 672 5039 αἱμάτων
699 4971 794 5026 καὶ
825 4951 1168 5041 δολιότητος
1189 4991 1202 5003 ’
1235 4975 1307 5028 οὐ
1333 4974 1420 5044 μὴ
1466 4951 1700 5044 ήμιισεύ-

1824 4984 1928 5043 nec
1952 4967 2136 5037 elapso
2163 4965 2334 5020 multo
2352 4975 2596 5035 tempore
2624 4961 2694 5015 ab
2717 4957 2926 5014 insidiis
2947 4962 3135 5009 contra
3149 4951 3395 5006 Salvato-

172 5069 306 5111 σωσι
342 5063 444 5128 τὰς
475 5063 697 5132 ἡμέρας
734 5065 932 5120 αὐτῶν
951 5081 964 5095 ·
1009 5066 1041 5138 ἢ
1077 5065 1218 5120 κατά
1249 5043 1345 5120 τὸν
1379 5043 1700 5138 Σύμμαχον

1824 5075 1939 5114 rem
1963 5067 2232 5126 nostrum,
2256 5065 2429 5112 totum
2452 5069 2622 5126 genus
2661 5054 3086 5106 memoratarum
3111 5043 3394 5098 hominum

177 5147 461 5218 Μιαιεοόνοι
504 5131 607 5210 καί
637 5155 830 5210 δόλιοι
859 5158 972 5226 οὐχ
1006 5131 1386 5226 ἧμισεύσωσι

1826 5151 2084 5223 perniciei
2117 5151 2366 5206 funditus
2394 5147 2656 5202 traditum
2677 5158 2830 5208 esse,
2865 5137 3153 5194 invadente
3193 5148 3288 5227 eos
3317 5131 3398 5187 ira

171 5251 269 5303 ρας
293 5244 480 5297 αὐτῶν
498 5263 510 5276 ·
540 5247 574 5318 ἦ
601 5246 743 5300 κατὰ
767 5246 858 5301 τὸν
893 5222 1119 5300 ’Ᾱκύλαν
1140 5265 1152 5278 ·
1194 5247 1434 5317 Ἄνδρες
1459 5222 1700 5319 αἱμάτων

1827 5222 1882 5298 in
1933 5242 2218 5299 obsidione
2271 5239 2535 5297 Romanis
2579 5236 2780 5292 bellum
2841 5227 3198 5287 inferentibus
3230 5222 3394 5319 facta.

178 5328 261 5381 καὶ
298 5313 606 5404 ἐπιθέσεως
648 5339 762 5406 οὐχ
799 5337 1212 5405 ὴμισεύσωσιν
1241 5313 1465 5410 ἡμέρας
1501 5313 1698 5397 αὐτῶν

1828 5333 1942 5392 Imo
1983 5335 2150 5393 etiam
2193 5334 2246 5389 in
2308 5329 2563 5404 praesenti
2595 5338 2839 5396 tempore
2877 5319 3122 5376 mortalis
3171 5313 3400 5385 hujusce

179 5415 386 5508 Νοήσεις
415 5427 467 5480 δέ
496 5429 644 5492 ὅπως
687 5428 1020 5501 ἐπληροῦντο
1046 5433 1142 5486 καὶ
1177 5432 1350 5485 ταῦτα
1394 5432 1695 5502 ἐπιστήσας

1829 5433 1974 5494 vitae,
2003 5443 2128 5482 cum
2150 5441 2218 5482 ne
2251 5423 2535 5480 dimidium
2569 5419 2788 5493 quidem
2821 5414 3032 5470 dierum
3067 5413 3399 5508 exegissent,

181 5505 246 5572 ὼς
275 5521 597 5592 παραχρῆμα
631 5521 726 5574 καὶ
754 5499 868 5592 μετ’
897 5522 959 5576 οὐ
994 5523 1159 5578 πολὺν
1205 5524 1394 5596 χρόνον
1435 5530 1534 5594 της
1578 5499 1700 5582 κατέ

1830 5519 2142 5591 hujusmodi
2177 5516 2438 5588 perniciei
2468 5513 2568 5570 viri
2625 5512 2702 5567 illi
2739 5505 3064 5580 sanguinem
3119 5509 3174 5557 et
3221 5499 3404 5596 dolosi

243 5623 262 5654 '
298 5624 478 5686 Matth.
506 5591 566 5686 vr
601 5632 692 5688 25.
758 5591 800 5664 γ’
838 5633 1034 5689 Matth.
1068 5591 1253 5702 x,9.m
1300 5637 1320 5667 ⁷
1359 5591 1502 5690 Luc;
1528 5597 1739 5698 until):
1853 5633 1876 5663 ⁸
1914 5630 2060 5687 Psal.
2096 5627 2386 5697 xxxvt,25.
2419 5597 2421 5599 ί
2452 5665 2460 5695 -,
2486 5627 2508 5658 ’
2546 5622 2692 5681 Psal.
2728 5633 2970 5685 Lxxxvn,
3005 5615 3061 5672 7.
3167 5613 3210 5645 ¹⁰
3249 5591 3402 5702 Psat'

185 5703 349 5760 um,
405 5701 454 5754 1.
529 5705 570 5735 η
609 5702 750 5757 Psal.
789 5719 949 5768 xxxx,
984 5704 1040 5758 ι.

249 5784 320 5855 (1)
354 5792 556 5856 τούτῳ.
597 5793 868 5864 lnterpres
893 5795 1091 5866 legisse
1121 5792 1338 5850 videtur
1372 5807 1547 5846 τουτο.
1593 5788 1751 5844 Εοιτ.

497 5887 762 5951 ΡΑτιιοι..
796 5890 912 5951 Gn.
947 5887 1186 5950 XXIII.

1853 5633 1876 5663 ⁸
1914 5630 2060 5687 Psal.
2096 5645 2281 5697 xxxvi,
2297 5627 2386 5686 25.

3042 5873 3115 5931 16
