  <div class='ocr_page' id='page_1' title='image "/cluster/home/n/w/nwhite01/storage/ocr_20150623/23/mdp.39015078384396/253.png"; bbox 0 0 3822 6280; ppageno 0'>
   <div class='ocr_carea' id='block_1_1' title="bbox 468 385 3665 462">
    <p class='ocr_par' dir='ltr' id='par_1_1' title="bbox 468 385 3665 462">
     <span class='ocr_line' id='line_1_1' title="bbox 468 385 3665 462; baseline -0.007 0"><span class='ocrx_word' id='word_1_1' title='bbox 468 407 564 462; x_wconf 71' lang='lat' dir='ltr'><strong>tsi</strong></span> <span class='ocrx_word' id='word_1_2' title='bbox 1143 395 1415 457; x_wconf 85' lang='lat' dir='ltr'><strong>EUSEBll</strong></span> <span class='ocrx_word' id='word_1_3' title='bbox 1453 392 1930 451; x_wconf 59' lang='lat' dir='ltr'><strong>cmsamsssrs</strong></span> <span class='ocrx_word' id='word_1_4' title='bbox 1970 390 2118 446; x_wconf 82' lang='lat' dir='ltr'><strong>OPP.</strong></span> <span class='ocrx_word' id='word_1_5' title='bbox 2161 389 2339 444; x_wconf 67' lang='lat' dir='ltr'><strong>rans</strong></span> <span class='ocrx_word' id='word_1_6' title='bbox 2376 387 2461 444; x_wconf 90' lang='grc' dir='ltr'>ιιι.</span> <span class='ocrx_word' id='word_1_7' title='bbox 2503 419 2573 430; x_wconf 85' lang='grc'><strong>-</strong></span> <span class='ocrx_word' id='word_1_8' title='bbox 2609 385 3015 443; x_wconf 78' lang='lat' dir='ltr'><strong>EXEGETICA.</strong></span> <span class='ocrx_word' id='word_1_9' title='bbox 3572 386 3665 441; x_wconf 66' lang='lat' dir='ltr'><strong>to:</strong></span> 
     </span>
    </p>
   </div>
   <div class='ocr_carea' id='block_1_2' title="bbox 471 499 2025 586">
    <p class='ocr_par' dir='ltr' id='par_1_2' title="bbox 471 512 2025 586">
     <span class='ocr_line' id='line_1_2' title="bbox 471 512 2025 586; baseline -0.008 -10"><span class='ocrx_word' id='word_1_10' title='bbox 471 520 656 577; x_wconf 89' lang='lat' dir='ltr'><strong>traditi</strong></span> <span class='ocrx_word' id='word_1_11' title='bbox 682 526 827 576; x_wconf 84' lang='lat' dir='ltr'><strong>sunt.</strong></span> <span class='ocrx_word' id='word_1_12' title='bbox 859 517 987 573; x_wconf 78' lang='lat' dir='ltr'><strong>Post</strong></span> <span class='ocrx_word' id='word_1_13' title='bbox 1016 525 1243 572; x_wconf 88' lang='lat' dir='ltr'><strong>mortem</strong></span> <span class='ocrx_word' id='word_1_14' title='bbox 1291 530 1421 571; x_wconf 85' lang='lat' dir='ltr'><strong>vero</strong></span> <span class='ocrx_word' id='word_1_15' title='bbox 1447 530 1695 586; x_wconf 80' lang='lat' dir='ltr'><strong>quaenam</strong></span> <span class='ocrx_word' id='word_1_16' title='bbox 1737 512 1884 582; x_wconf 87' lang='lat' dir='ltr'><strong>ipsos</strong></span> <span class='ocrx_word' id='word_1_17' title='bbox 1913 526 2025 564; x_wconf 89' lang='lat' dir='ltr'><strong>ma-</strong></span> 
     </span>
    </p>
   </div>
   <div class='ocr_carea' id='block_1_3' title="bbox 2132 499 3666 586">
    <p class='ocr_par' dir='ltr' id='par_1_3' title="bbox 2132 499 3666 579">
     <span class='ocr_line' id='line_1_3' title="bbox 2132 499 3666 579; baseline -0.007 -18"><span class='ocrx_word' id='word_1_18' title='bbox 2132 507 2218 562; x_wconf 81' lang='grc' dir='ltr'>τοῦ</span> <span class='ocrx_word' id='word_1_19' title='bbox 2266 509 2513 579; x_wconf 79' lang='grc' dir='ltr'><strong>Σωτῆρος</strong></span> <span class='ocrx_word' id='word_1_20' title='bbox 2555 506 2708 577; x_wconf 79' lang='grc' dir='ltr'>ἡμῶν</span> <span class='ocrx_word' id='word_1_21' title='bbox 2753 503 3036 576; x_wconf 70' lang='grc' dir='ltr'>ἐπιϐουλῆς</span> <span class='ocrx_word' id='word_1_22' title='bbox 3072 503 3237 576; x_wconf 75' lang='grc' dir='ltr'>ἄρδην</span> <span class='ocrx_word' id='word_1_23' title='bbox 3280 500 3339 554; x_wconf 84' lang='grc' dir='ltr'><strong>τὸ</strong></span> <span class='ocrx_word' id='word_1_24' title='bbox 3372 500 3483 553; x_wconf 76' lang='grc' dir='ltr'>πᾶν</span> <span class='ocrx_word' id='word_1_25' title='bbox 3528 499 3666 566; x_wconf 70' lang='grc' dir='ltr'>γένος</span> 
     </span>
    </p>
   </div>
   <div class='ocr_carea' id='block_1_4' title="bbox 469 588 2025 678">
    <p class='ocr_par' dir='ltr' id='par_1_4' title="bbox 469 601 2024 678">
     <span class='ocr_line' id='line_1_4' title="bbox 469 601 2024 678; baseline -0.01 -9"><span class='ocrx_word' id='word_1_26' title='bbox 469 621 650 678; x_wconf 90' lang='lat' dir='ltr'><strong>neant,</strong></span> <span class='ocrx_word' id='word_1_27' title='bbox 669 622 793 668; x_wconf 85' lang='lat' dir='ltr'><strong>ante</strong></span> <span class='ocrx_word' id='word_1_28' title='bbox 817 612 1148 667; x_wconf 79' lang='lat' dir='ltr'><strong>declaratum</strong></span> <span class='ocrx_word' id='word_1_29' title='bbox 1171 615 1256 664; x_wconf 89' lang='lat' dir='ltr'><strong>est</strong></span> <span class='ocrx_word' id='word_1_30' title='bbox 1274 608 1361 664; x_wconf 87' lang='lat' dir='ltr'><strong>his</strong></span> <span class='ocrx_word' id='word_1_31' title='bbox 1377 607 1586 662; x_wconf 81' lang='lat' dir='ltr'><strong>verbis:</strong></span> <span class='ocrx_word' id='word_1_32' title='bbox 1612 604 1689 660; x_wconf 84' lang='lat' dir='ltr'><strong>Tu</strong></span> <span class='ocrx_word' id='word_1_33' title='bbox 1710 620 1850 666; x_wconf 77' lang='lat' dir='ltr'><strong>vero,</strong></span> <span class='ocrx_word' id='word_1_34' title='bbox 1866 601 2024 664; x_wconf 80' lang='lat' dir='ltr'><strong>Deus,</strong></span> 
     </span>
    </p>
   </div>
   <div class='ocr_carea' id='block_1_5' title="bbox 2132 588 3667 678">
    <p class='ocr_par' dir='ltr' id='par_1_5' title="bbox 2132 588 3667 671">
     <span class='ocr_line' id='line_1_5' title="bbox 2132 588 3667 671; baseline -0.008 -18"><span class='ocrx_word' id='word_1_35' title='bbox 2132 601 2233 654; x_wconf 86' lang='grc' dir='ltr'><strong>τῶν</strong></span> <span class='ocrx_word' id='word_1_36' title='bbox 2281 598 2682 671; x_wconf 83' lang='grc' dir='ltr'>προλεχθέντων</span> <span class='ocrx_word' id='word_1_37' title='bbox 2724 594 2924 668; x_wconf 84' lang='grc' dir='ltr'><strong>ὀλέθρῳ</strong></span> <span class='ocrx_word' id='word_1_38' title='bbox 2981 592 3271 665; x_wconf 84' lang='grc' dir='ltr'><strong>παρεδόθη,</strong></span> <span class='ocrx_word' id='word_1_39' title='bbox 3323 588 3667 662; x_wconf 78' lang='grc' dir='ltr'>μετελθούσης</span> 
     </span>
    </p>
   </div>
   <div class='ocr_carea' id='block_1_6' title="bbox 467 679 2025 777">
    <p class='ocr_par' dir='ltr' id='par_1_6' title="bbox 467 696 2025 777">
     <span class='ocr_line' id='line_1_6' title="bbox 467 696 2025 777; baseline -0.009 -14"><span class='ocrx_word' id='word_1_40' title='bbox 467 709 685 765; x_wconf 83' lang='lat' dir='ltr'><strong>deduces</strong></span> <span class='ocrx_word' id='word_1_41' title='bbox 734 726 821 765; x_wconf 88' lang='lat' dir='ltr'><strong>eos</strong></span> <span class='ocrx_word' id='word_1_42' title='bbox 864 710 917 763; x_wconf 88' lang='lat' dir='ltr'><strong>in</strong></span> <span class='ocrx_word' id='word_1_43' title='bbox 961 715 1173 777; x_wconf 71' lang='lat' dir='ltr'><strong>puteum</strong></span> <span class='ocrx_word' id='word_1_44' title='bbox 1221 706 1481 759; x_wconf 87' lang='lat' dir='ltr'><strong>interitus.</strong></span> <span class='ocrx_word' id='word_1_45' title='bbox 1522 701 1647 757; x_wconf 64' lang='lat' dir='ltr'><strong>Haec</strong></span> <span class='ocrx_word' id='word_1_46' title='bbox 1686 699 1902 770; x_wconf 86' lang='lat' dir='ltr'><strong>quidem</strong></span> <span class='ocrx_word' id='word_1_47' title='bbox 1951 696 2025 750; x_wconf 89' lang='lat' dir='ltr'><strong>illi</strong></span> 
     </span>
    </p>
   </div>
   <div class='ocr_carea' id='block_1_7' title="bbox 2132 679 3670 777">
    <p class='ocr_par' dir='ltr' id='par_1_7' title="bbox 2132 679 3670 760">
     <span class='ocr_line' id='line_1_7' title="bbox 2132 679 3670 760; baseline -0.008 -16"><span class='ocrx_word' id='word_1_48' title='bbox 2132 691 2322 755; x_wconf 80' lang='grc' dir='ltr'>αὐτοὺς</span> <span class='ocrx_word' id='word_1_49' title='bbox 2348 690 2446 760; x_wconf 79' lang='grc' dir='ltr'>τῆς</span> <span class='ocrx_word' id='word_1_50' title='bbox 2468 689 2632 759; x_wconf 83' lang='grc' dir='ltr'>ὀργῆς</span> <span class='ocrx_word' id='word_1_51' title='bbox 2654 688 2711 741; x_wconf 76' lang='grc' dir='ltr'>ἐν</span> <span class='ocrx_word' id='word_1_52' title='bbox 2743 688 2807 757; x_wconf 77' lang='grc' dir='ltr'>τῇ</span> <span class='ocrx_word' id='word_1_53' title='bbox 2835 683 3213 757; x_wconf 77' lang='grc' dir='ltr'>καταλαϐούσῃ</span> <span class='ocrx_word' id='word_1_54' title='bbox 3243 681 3439 744; x_wconf 75' lang='grc' dir='ltr'>αὐτοὺς</span> <span class='ocrx_word' id='word_1_55' title='bbox 3473 679 3670 751; x_wconf 84' lang='grc' dir='ltr'>πολιορ-</span> 
     </span>
    </p>
   </div>
   <div class='ocr_carea' id='block_1_8' title="bbox 465 769 2025 875">
    <p class='ocr_par' dir='ltr' id='par_1_8' title="bbox 465 769 2025 875">
     <span class='ocr_line' id='line_1_8' title="bbox 465 769 2025 875; baseline -0.012 -17"><span class='ocrx_word' id='word_1_56' title='bbox 465 803 783 875; x_wconf 89' lang='lat' dir='ltr'><strong>patientur:</strong></span> <span class='ocrx_word' id='word_1_57' title='bbox 824 800 935 870; x_wconf 85' lang='lat' dir='ltr'><strong>Ego</strong></span> <span class='ocrx_word' id='word_1_58' title='bbox 961 769 972 777; x_wconf 44' lang='lat'>&#39;</span> <span class='ocrx_word' id='word_1_59' title='bbox 997 808 1172 853; x_wconf 87' lang='lat' dir='ltr'><strong>autem</strong></span> <span class='ocrx_word' id='word_1_60' title='bbox 1229 798 1446 868; x_wconf 76' lang='lat' dir='ltr'><strong>sperabo</strong></span> <span class='ocrx_word' id='word_1_61' title='bbox 1484 794 1539 849; x_wconf 89' lang='lat' dir='ltr'><strong>in</strong></span> <span class='ocrx_word' id='word_1_62' title='bbox 1570 803 1650 857; x_wconf 87' lang='lat' dir='ltr'><strong>te;</strong></span> <span class='ocrx_word' id='word_1_63' title='bbox 1690 769 1803 847; x_wconf 82' lang='lat' dir='ltr'><strong>sive</strong></span> <span class='ocrx_word' id='word_1_64' title='bbox 1836 791 1882 845; x_wconf 92' lang='lat' dir='ltr'><strong>is</strong></span> <span class='ocrx_word' id='word_1_65' title='bbox 1938 786 2025 875; x_wconf 83' lang='lat' dir='ltr'><strong>qui</strong></span> 
     </span>
    </p>
   </div>
   <div class='ocr_carea' id='block_1_9' title="bbox 2132 769 3670 875">
    <p class='ocr_par' dir='ltr' id='par_1_9' title="bbox 2132 769 3670 854">
     <span class='ocr_line' id='line_1_9' title="bbox 2132 769 3670 854; baseline -0.01 -18"><span class='ocrx_word' id='word_1_66' title='bbox 2132 782 2219 854; x_wconf 71' lang='grc' dir='ltr'><strong>κίᾳ</strong></span> <span class='ocrx_word' id='word_1_67' title='bbox 2261 780 2402 835; x_wconf 86' lang='grc' dir='ltr'><strong>κατά</strong></span> <span class='ocrx_word' id='word_1_68' title='bbox 2450 780 2540 833; x_wconf 80' lang='grc' dir='ltr'>τὸν</span> <span class='ocrx_word' id='word_1_69' title='bbox 2579 777 2880 849; x_wconf 76' lang='grc' dir='ltr'>Ῥωμαϊκὸν</span> <span class='ocrx_word' id='word_1_70' title='bbox 2926 775 3178 847; x_wconf 85' lang='grc' dir='ltr'>πόλεμον.</span> <span class='ocrx_word' id='word_1_71' title='bbox 3236 775 3347 828; x_wconf 74' lang='grc' dir='ltr'>Καὶ</span> <span class='ocrx_word' id='word_1_72' title='bbox 3394 771 3539 833; x_wconf 82' lang='grc' dir='ltr'>τέως</span> <span class='ocrx_word' id='word_1_73' title='bbox 3585 769 3670 840; x_wconf 82' lang='grc' dir='ltr'>μὲν</span> 
     </span>
    </p>
   </div>
   <div class='ocr_carea' id='block_1_10' title="bbox 465 858 2025 964">
    <p class='ocr_par' dir='ltr' id='par_1_10' title="bbox 465 870 2025 964">
     <span class='ocr_line' id='line_1_10' title="bbox 465 870 2025 964; baseline -0.011 -15"><span class='ocrx_word' id='word_1_74' title='bbox 465 896 796 949; x_wconf 81' lang='lat' dir='ltr'><strong>vaticinatur</strong></span> <span class='ocrx_word' id='word_1_75' title='bbox 856 892 1162 964; x_wconf 83' lang='lat' dir='ltr'><strong>PrOpbeta,</strong></span> <span class='ocrx_word' id='word_1_76' title='bbox 1231 889 1346 946; x_wconf 83' lang='lat' dir='ltr'><strong>sive</strong></span> <span class='ocrx_word' id='word_1_77' title='bbox 1396 888 1442 943; x_wconf 92' lang='lat' dir='ltr'><strong>is</strong></span> <span class='ocrx_word' id='word_1_78' title='bbox 1506 884 1601 957; x_wconf 89' lang='lat' dir='ltr'><strong>qui</strong></span> <span class='ocrx_word' id='word_1_79' title='bbox 1657 884 1714 939; x_wconf 90' lang='lat' dir='ltr'><strong>in</strong></span> <span class='ocrx_word' id='word_1_80' title='bbox 1771 870 2025 937; x_wconf 89' lang='lat' dir='ltr'><strong>vaticinio</strong></span> 
     </span>
    </p>
   </div>
   <div class='ocr_carea' id='block_1_11' title="bbox 2132 858 3670 964">
    <p class='ocr_par' dir='ltr' id='par_1_11' title="bbox 2132 858 3670 943">
     <span class='ocr_line' id='line_1_11' title="bbox 2132 858 3670 943; baseline -0.01 -15"><span class='ocrx_word' id='word_1_81' title='bbox 2132 874 2265 928; x_wconf 87' lang='grc' dir='ltr'><strong>κατά</strong></span> <span class='ocrx_word' id='word_1_82' title='bbox 2301 872 2390 926; x_wconf 81' lang='grc' dir='ltr'>τὸν</span> <span class='ocrx_word' id='word_1_83' title='bbox 2416 871 2656 943; x_wconf 89' lang='grc' dir='ltr'>παρόντα</span> <span class='ocrx_word' id='word_1_84' title='bbox 2683 868 2890 940; x_wconf 83' lang='grc' dir='ltr'>καιρὸν,</span> <span class='ocrx_word' id='word_1_85' title='bbox 2924 867 3129 921; x_wconf 75' lang='grc' dir='ltr'>καὶτὸν</span> <span class='ocrx_word' id='word_1_86' title='bbox 3167 865 3355 937; x_wconf 81' lang='grc' dir='ltr'>θνητὸν</span> <span class='ocrx_word' id='word_1_87' title='bbox 3387 867 3446 917; x_wconf 84' lang='grc' dir='ltr'>ὲν</span> <span class='ocrx_word' id='word_1_88' title='bbox 3478 858 3670 931; x_wconf 81' lang='grc' dir='ltr'>ἀνθρώ-</span> 
     </span>
    </p>
   </div>
   <div class='ocr_carea' id='block_1_12' title="bbox 469 954 3671 1042">
    <p class='ocr_par' dir='ltr' id='par_1_12' title="bbox 469 954 3671 1042">
     <span class='ocr_line' id='line_1_12' title="bbox 469 954 3671 1042; baseline -0.012 -1"><span class='ocrx_word' id='word_1_89' title='bbox 469 985 667 1042; x_wconf 78' lang='lat' dir='ltr'><strong>fertur.</strong></span> <span class='ocrx_word' id='word_1_90' title='bbox 969 954 988 964; x_wconf 50' lang='lat'><strong>-</strong></span> <span class='ocrx_word' id='word_1_91' title='bbox 1147 954 1156 958; x_wconf 24' lang='grc' dir='ltr'><strong><em>ν</em></strong></span> <span class='ocrx_word' id='word_1_92' title='bbox 1522 954 1535 957; x_wconf 28' lang='grc' dir='ltr'>ν</span> <span class='ocrx_word' id='word_1_93' title='bbox 2126 984 2246 1029; x_wconf 86' lang='grc' dir='ltr'><strong>ποις</strong></span> <span class='ocrx_word' id='word_1_94' title='bbox 2276 965 2406 1035; x_wconf 87' lang='grc' dir='ltr'>βίον,</span> <span class='ocrx_word' id='word_1_95' title='bbox 2440 962 2571 1035; x_wconf 84' lang='grc' dir='ltr'>μηδὲ</span> <span class='ocrx_word' id='word_1_96' title='bbox 2590 960 2979 1033; x_wconf 87' lang='grc' dir='ltr'>ἡμισεύσαντες</span> <span class='ocrx_word' id='word_1_97' title='bbox 2997 957 3094 1021; x_wconf 81' lang='grc' dir='ltr'>τὰς</span> <span class='ocrx_word' id='word_1_98' title='bbox 3126 958 3334 1029; x_wconf 82' lang='grc' dir='ltr'>ἡμέρας</span> <span class='ocrx_word' id='word_1_99' title='bbox 3367 954 3548 1009; x_wconf 78' lang='grc' dir='ltr'>αὐτῶν</span> <span class='ocrx_word' id='word_1_100' title='bbox 3574 969 3671 1004; x_wconf 81' lang='grc' dir='ltr'>τοι-</span> 
     </span>
    </p>
   </div>
   <div class='ocr_carea' id='block_1_13' title="bbox 470 1048 3672 1150">
    <p class='ocr_par' dir='ltr' id='par_1_13' title="bbox 470 1048 3672 1150">
     <span class='ocr_line' id='line_1_13' title="bbox 470 1048 3672 1150; baseline -0.011 -18"><span class='ocrx_word' id='word_1_101' title='bbox 470 1078 606 1149; x_wconf 80' lang='grc' dir='ltr'>αύτῃ</span> <span class='ocrx_word' id='word_1_102' title='bbox 677 1077 1047 1150; x_wconf 79' lang='grc' dir='ltr'><strong>παρεδόθησαν</strong></span> <span class='ocrx_word' id='word_1_103' title='bbox 1087 1073 1330 1143; x_wconf 76' lang='grc' dir='ltr'><strong>ἀπωλείᾳ</strong></span> <span class='ocrx_word' id='word_1_104' title='bbox 1360 1071 1409 1125; x_wconf 91' lang='grc' dir='ltr'>οἱ</span> <span class='ocrx_word' id='word_1_105' title='bbox 1453 1068 1643 1142; x_wconf 78' lang='grc' dir='ltr'>ἄνδρες</span> <span class='ocrx_word' id='word_1_106' title='bbox 1677 1067 1922 1137; x_wconf 81' lang='grc' dir='ltr'>αἰμάτων</span> <span class='ocrx_word' id='word_1_107' title='bbox 1972 1062 2066 1117; x_wconf 73' lang='grc' dir='ltr'><strong>καὶ</strong></span> <span class='ocrx_word' id='word_1_108' title='bbox 2102 1059 2433 1150; x_wconf 82' lang='grc' dir='ltr'>δολιότητος·</span> <span class='ocrx_word' id='word_1_109' title='bbox 2484 1055 2620 1150; x_wconf 85' lang='grc' dir='ltr'><strong>μετά</strong></span> <span class='ocrx_word' id='word_1_110' title='bbox 2679 1054 2747 1150; x_wconf 31' lang='grc' dir='ltr'><strong>’δὲ</strong></span> <span class='ocrx_word' id='word_1_111' title='bbox 2794 1053 2892 1124; x_wconf 87' lang='grc' dir='ltr'><strong>τὴν</strong></span> <span class='ocrx_word' id='word_1_112' title='bbox 2943 1051 3174 1150; x_wconf 59' lang='grc' dir='ltr'>ενταῦθα</span> <span class='ocrx_word' id='word_1_113' title='bbox 3214 1048 3672 1150; x_wconf 51' lang='grc' dir='ltr'>τελευξὴν,</span> 
     </span>
    </p>
   </div>
   <div class='ocr_carea' id='block_1_14' title="bbox 469 1135 3673 1238">
    <p class='ocr_par' dir='ltr' id='par_1_14' title="bbox 469 1135 3673 1238">
     <span class='ocr_line' id='line_1_14' title="bbox 469 1135 3673 1238; baseline -0.011 -16"><span class='ocrx_word' id='word_1_114' title='bbox 469 1135 665 1233; x_wconf 56' lang='grc' dir='ltr'>αὐτοὺς</span> <span class='ocrx_word' id='word_1_115' title='bbox 710 1135 1026 1235; x_wconf 66' lang='grc' dir='ltr'>διαδέξεται,</span> <span class='ocrx_word' id='word_1_116' title='bbox 1063 1135 1456 1238; x_wconf 78' lang='grc' dir='ltr'>προδεδήλωται</span> <span class='ocrx_word' id='word_1_117' title='bbox 1505 1135 1591 1215; x_wconf 56' lang='lat' dir='ltr'><strong>aia:</strong></span> <span class='ocrx_word' id='word_1_118' title='bbox 1628 1135 1751 1222; x_wconf 70' lang='grc' dir='ltr'>τοῦ,</span> <span class='ocrx_word' id='word_1_119' title='bbox 1776 1157 1858 1212; x_wconf 86' lang='grc' dir='ltr'><strong>Σὺ</strong></span> <span class='ocrx_word' id='word_1_120' title='bbox 1900 1154 1965 1208; x_wconf 82' lang='grc' dir='ltr'>δὲ</span> <span class='ocrx_word' id='word_1_121' title='bbox 1994 1156 2027 1207; x_wconf 87' lang='grc' dir='ltr'><strong>ό</strong></span> <span class='ocrx_word' id='word_1_122' title='bbox 2065 1151 2207 1216; x_wconf 81' lang='grc' dir='ltr'>Θεὸς</span> <span class='ocrx_word' id='word_1_123' title='bbox 2228 1148 2502 1214; x_wconf 80' lang='grc' dir='ltr'><strong>κατάξεις</strong></span> <span class='ocrx_word' id='word_1_124' title='bbox 2521 1145 2739 1213; x_wconf 84' lang='grc' dir='ltr'>αὐτοὺς</span> <span class='ocrx_word' id='word_1_125' title='bbox 2760 1147 2844 1212; x_wconf 84' lang='grc' dir='ltr'>εὶς</span> <span class='ocrx_word' id='word_1_126' title='bbox 2866 1143 3047 1214; x_wconf 73' lang='grc' dir='ltr'>φρέαρ</span> <span class='ocrx_word' id='word_1_127' title='bbox 3083 1138 3448 1238; x_wconf 57' lang='grc' dir='ltr'>διαφθορᾶς.</span> <span class='ocrx_word' id='word_1_128' title='bbox 3480 1135 3673 1238; x_wconf 35' lang='grc' dir='ltr'>,Ταῦτα</span> 
     </span>
    </p>
   </div>
   <div class='ocr_carea' id='block_1_15' title="bbox 473 1231 3674 1333">
    <p class='ocr_par' dir='ltr' id='par_1_15' title="bbox 473 1231 3674 1333">
     <span class='ocr_line' id='line_1_15' title="bbox 473 1231 3674 1333; baseline -0.011 -17"><span class='ocrx_word' id='word_1_129' title='bbox 473 1265 572 1333; x_wconf 86' lang='grc' dir='ltr'><strong>μὲν</strong></span> <span class='ocrx_word' id='word_1_130' title='bbox 599 1231 691 1319; x_wconf 75' lang='grc' dir='ltr'><strong>ούν</strong></span> <span class='ocrx_word' id='word_1_131' title='bbox 724 1231 919 1318; x_wconf 80' lang='grc' dir='ltr'>ἐκεῖνοι</span> <span class='ocrx_word' id='word_1_132' title='bbox 953 1231 1228 1317; x_wconf 72' lang='grc' dir='ltr'>πείσονται</span> <span class='ocrx_word' id='word_1_133' title='bbox 1248 1231 1288 1290; x_wconf 27' lang='grc'><strong>’⁷</strong></span> <span class='ocrx_word' id='word_1_134' title='bbox 1311 1258 1451 1330; x_wconf 63' lang='grc' dir='ltr'>Ἐγὼ</span> <span class='ocrx_word' id='word_1_135' title='bbox 1478 1256 1547 1311; x_wconf 82' lang='grc' dir='ltr'>δὲ</span> <span class='ocrx_word' id='word_1_136' title='bbox 1572 1254 1755 1311; x_wconf 76' lang='grc' dir='ltr'>ἐλπιῶ</span> <span class='ocrx_word' id='word_1_137' title='bbox 1791 1251 1887 1305; x_wconf 79' lang='grc' dir='ltr'><strong>ἐπὶ</strong></span> <span class='ocrx_word' id='word_1_138' title='bbox 1924 1248 2023 1303; x_wconf 68' lang='grc' dir='ltr'>σέο</span> <span class='ocrx_word' id='word_1_139' title='bbox 2063 1248 2181 1319; x_wconf 73' lang='grc' dir='ltr'>ητοι</span> <span class='ocrx_word' id='word_1_140' title='bbox 2203 1247 2232 1300; x_wconf 90' lang='grc' dir='ltr'><strong>ό</strong></span> <span class='ocrx_word' id='word_1_141' title='bbox 2254 1244 2424 1300; x_wconf 82' lang='grc' dir='ltr'>ταῦτα</span> <span class='ocrx_word' id='word_1_142' title='bbox 2457 1241 2721 1306; x_wconf 78' lang='grc' dir='ltr'><strong>θεσπίζων</strong></span> <span class='ocrx_word' id='word_1_143' title='bbox 2743 1236 3098 1312; x_wconf 76' lang='grc' dir='ltr'>προφήτης,ἢ</span> <span class='ocrx_word' id='word_1_144' title='bbox 3125 1236 3217 1290; x_wconf 76' lang='grc' dir='ltr'><strong>καὶ</strong></span> <span class='ocrx_word' id='word_1_145' title='bbox 3242 1232 3407 1295; x_wconf 78' lang='grc' dir='ltr'>αὐτὸς</span> <span class='ocrx_word' id='word_1_146' title='bbox 3470 1231 3501 1283; x_wconf 84' lang='grc' dir='ltr'>ὁ</span> <span class='ocrx_word' id='word_1_147' title='bbox 3559 1243 3674 1299; x_wconf 87' lang='grc' dir='ltr'>προ-</span> 
     </span>
    </p>
   </div>
   <div class='ocr_carea' id='block_1_16' title="bbox 469 1358 854 1430">
    <p class='ocr_par' dir='ltr' id='par_1_16' title="bbox 469 1358 854 1430">
     <span class='ocr_line' id='line_1_16' title="bbox 469 1358 854 1430; baseline 0.005 -18"><span class='ocrx_word' id='word_1_148' title='bbox 469 1358 854 1430; x_wconf 85' lang='grc' dir='ltr'>φητευόμενος.</span> 
     </span>
    </p>
   </div>
   <div class='ocr_carea' id='block_1_17' title="bbox 467 1463 2015 1540">
    <p class='ocr_par' dir='ltr' id='par_1_17' title="bbox 467 1463 2015 1540">
     <span class='ocr_line' id='line_1_17' title="bbox 467 1463 2015 1540; baseline -0.006 -9"><span class='ocrx_word' id='word_1_149' title='bbox 467 1475 522 1531; x_wconf 79' lang='grc' dir='ltr'><strong>ι.</strong></span> <span class='ocrx_word' id='word_1_150' title='bbox 563 1474 631 1530; x_wconf 86' lang='lat' dir='ltr'><strong>lN</strong></span> <span class='ocrx_word' id='word_1_151' title='bbox 670 1475 904 1539; x_wconf 85' lang='lat' dir='ltr'><strong>FINEM,</strong></span> <span class='ocrx_word' id='word_1_152' title='bbox 958 1474 1095 1532; x_wconf 79' lang='lat' dir='ltr'><strong>pne</strong></span> <span class='ocrx_word' id='word_1_153' title='bbox 1150 1473 1442 1535; x_wconf 89' lang='lat' dir='ltr'><strong>POPULO,</strong></span> <span class='ocrx_word' id='word_1_154' title='bbox 1491 1470 1609 1540; x_wconf 77' lang='lat' dir='ltr'><strong>om</strong></span> <span class='ocrx_word' id='word_1_155' title='bbox 1647 1471 1691 1525; x_wconf 84' lang='lat' dir='ltr'><strong>A</strong></span> <span class='ocrx_word' id='word_1_156' title='bbox 1729 1463 2015 1540; x_wconf 36' lang='lat' dir='ltr'><strong>sacris</strong></span> 
     </span>
    </p>
   </div>
   <div class='ocr_carea' id='block_1_18' title="bbox 539 1534 2019 1609">
    <p class='ocr_par' dir='ltr' id='par_1_18' title="bbox 539 1534 2019 1609">
     <span class='ocr_line' id='line_1_18' title="bbox 539 1534 2019 1609; baseline -0.005 -11"><span class='ocrx_word' id='word_1_157' title='bbox 539 1545 765 1600; x_wconf 83' lang='lat' dir='ltr'><strong>LONGE</strong></span> <span class='ocrx_word' id='word_1_158' title='bbox 801 1534 1072 1603; x_wconf 82' lang='lat' dir='ltr'><strong>FACTUS</strong></span> <span class='ocrx_word' id='word_1_159' title='bbox 1118 1547 1272 1609; x_wconf 86' lang='lat' dir='ltr'><strong>EST.</strong></span> <span class='ocrx_word' id='word_1_160' title='bbox 1314 1534 1536 1598; x_wconf 71' lang='grc' dir='ltr'>ιιΑνιιῑ</span> <span class='ocrx_word' id='word_1_161' title='bbox 1560 1542 1625 1596; x_wconf 87' lang='lat' dir='ltr'><strong>IN</strong></span> <span class='ocrx_word' id='word_1_162' title='bbox 1664 1537 1893 1594; x_wconf 85' lang='lat' dir='ltr'><strong>TITULI</strong></span> <span class='ocrx_word' id='word_1_163' title='bbox 1926 1534 2019 1609; x_wconf 84' lang='lat' dir='ltr'><strong>l_N-</strong></span> 
     </span>
    </p>
   </div>
   <div class='ocr_carea' id='block_1_19' title="bbox 542 1605 2019 1678">
    <p class='ocr_par' dir='ltr' id='par_1_19' title="bbox 542 1605 2019 1678">
     <span class='ocr_line' id='line_1_19' title="bbox 542 1605 2019 1678; baseline -0.007 -9"><span class='ocrx_word' id='word_1_164' title='bbox 542 1615 1016 1678; x_wconf 76' lang='lat' dir='ltr'><strong>SCIlIPTlONEM,</strong></span> <span class='ocrx_word' id='word_1_165' title='bbox 1076 1605 1681 1673; x_wconf 62' lang='lat' dir='ltr'><strong>CUM‘TENUERUNT</strong></span> <span class='ocrx_word' id='word_1_166' title='bbox 1718 1610 1861 1665; x_wconf 81' lang='lat' dir='ltr'><strong>EUM</strong></span> <span class='ocrx_word' id='word_1_167' title='bbox 1899 1605 2019 1660; x_wconf 83' lang='lat' dir='ltr'><strong>AL-</strong></span> 
     </span>
    </p>
   </div>
   <div class='ocr_carea' id='block_1_20' title="bbox 451 1684 1297 1753">
    <p class='ocr_par' dir='ltr' id='par_1_20' title="bbox 451 1684 1297 1753">
     <span class='ocr_line' id='line_1_20' title="bbox 451 1684 1297 1753; baseline 0.002 -14"><span class='ocrx_word' id='word_1_168' title='bbox 451 1725 453 1728; x_wconf 53' lang='grc' dir='ltr'>ι</span> <span class='ocrx_word' id='word_1_169' title='bbox 496 1684 835 1753; x_wconf 67' lang='grc' dir='ltr'>;·ιΟΡΗῩιΙ</span> <span class='ocrx_word' id='word_1_170' title='bbox 856 1686 924 1741; x_wconf 84' lang='grc' dir='ltr'>ΙΝ</span> <span class='ocrx_word' id='word_1_171' title='bbox 956 1686 1159 1743; x_wconf 87' lang='lat' dir='ltr'><strong>GETH.</strong></span> <span class='ocrx_word' id='word_1_172' title='bbox 1190 1687 1297 1743; x_wconf 84' lang='lat' dir='ltr'><strong>LV.</strong></span> 
     </span>
    </p>
   </div>
   <div class='ocr_carea' id='block_1_21' title="bbox 537 1797 2026 1873">
    <p class='ocr_par' dir='ltr' id='par_1_21' title="bbox 537 1797 2026 1873">
     <span class='ocr_line' id='line_1_21' title="bbox 537 1797 2026 1873; baseline 0.001 -21"><span class='ocrx_word' id='word_1_173' title='bbox 537 1797 702 1855; x_wconf 72' lang='lat' dir='ltr'><strong>Vsus.</strong></span> <span class='ocrx_word' id='word_1_174' title='bbox 744 1799 865 1855; x_wconf 75' lang='grc'>2-4.</span> <span class='ocrx_word' id='word_1_175' title='bbox 908 1799 1155 1857; x_wconf 73' lang='lat' dir='ltr'><strong>Miserere</strong></span> <span class='ocrx_word' id='word_1_176' title='bbox 1181 1803 1302 1868; x_wconf 89' lang='lat' dir='ltr'><strong>mei,</strong></span> <span class='ocrx_word' id='word_1_177' title='bbox 1332 1800 1472 1856; x_wconf 88' lang='lat' dir='ltr'><strong>Deus</strong></span> <span class='ocrx_word' id='word_1_178' title='bbox 1498 1844 1512 1870; x_wconf 88' lang='lat'><strong>,</strong></span> <span class='ocrx_word' id='word_1_179' title='bbox 1540 1801 1785 1873; x_wconf 89' lang='lat' dir='ltr'><strong>quoniam</strong></span> <span class='ocrx_word' id='word_1_180' title='bbox 1814 1817 2026 1855; x_wconf 66' lang='lat' dir='ltr'><strong>concut-</strong></span> 
     </span>
    </p>
   </div>
   <div class='ocr_carea' id='block_1_22' title="bbox 2123 1440 3674 1509">
    <p class='ocr_par' dir='ltr' id='par_1_22' title="bbox 2123 1440 3674 1509">
     <span class='ocr_line' id='line_1_22' title="bbox 2123 1440 3674 1509; baseline -0.008 -2"><span class='ocrx_word' id='word_1_181' title='bbox 2123 1453 2233 1509; x_wconf 83' lang='grc' dir='ltr'><strong>ΕΙΣ</strong></span> <span class='ocrx_word' id='word_1_182' title='bbox 2255 1451 2341 1503; x_wconf 80' lang='grc' dir='ltr'>Τυ</span> <span class='ocrx_word' id='word_1_183' title='bbox 2371 1448 2589 1502; x_wconf 87' lang='grc' dir='ltr'><strong>ΤΕΛοΣ</strong></span> <span class='ocrx_word' id='word_1_184' title='bbox 2614 1447 2795 1499; x_wconf 85' lang='grc' dir='ltr'><strong>ΥΠΕΡ</strong></span> <span class='ocrx_word' id='word_1_185' title='bbox 2826 1443 2961 1497; x_wconf 85' lang='grc' dir='ltr'><strong>ΤΟΥ</strong></span> <span class='ocrx_word' id='word_1_186' title='bbox 2983 1442 3185 1504; x_wconf 83' lang='grc' dir='ltr'>ΛΑΟΥ,</span> <span class='ocrx_word' id='word_1_187' title='bbox 3218 1442 3353 1497; x_wconf 85' lang='grc' dir='ltr'><strong>ΤΟΥ</strong></span> <span class='ocrx_word' id='word_1_188' title='bbox 3378 1440 3524 1495; x_wconf 86' lang='grc' dir='ltr'><strong>ΑΠΟ</strong></span> <span class='ocrx_word' id='word_1_189' title='bbox 3555 1442 3674 1495; x_wconf 74' lang='grc' dir='ltr'><strong>ΤΩΝ</strong></span> 
     </span>
    </p>
   </div>
   <div class='ocr_carea' id='block_1_23' title="bbox 2192 1512 3675 1575">
    <p class='ocr_par' dir='ltr' id='par_1_23' title="bbox 2192 1512 3675 1575">
     <span class='ocr_line' id='line_1_23' title="bbox 2192 1512 3675 1575; baseline -0.008 0"><span class='ocrx_word' id='word_1_190' title='bbox 2192 1520 2391 1575; x_wconf 80' lang='grc' dir='ltr'><strong>ΑΓΙΩΝ</strong></span> <span class='ocrx_word' id='word_1_191' title='bbox 2436 1513 3101 1575; x_wconf 80' lang='grc' dir='ltr'><strong>ΜΕΜΑΚΡΥΜΜΕΝΟΥ,</strong></span> <span class='ocrx_word' id='word_1_192' title='bbox 3147 1514 3282 1567; x_wconf 81' lang='grc' dir='ltr'><strong>ΤΟΥ</strong></span> <span class='ocrx_word' id='word_1_193' title='bbox 3325 1512 3531 1565; x_wconf 81' lang='grc' dir='ltr'><strong>ΔΑΥΙΔ</strong></span> <span class='ocrx_word' id='word_1_194' title='bbox 3584 1512 3675 1564; x_wconf 78' lang='grc' dir='ltr'><strong>ΕΙΣ</strong></span> 
     </span>
    </p>
   </div>
   <div class='ocr_carea' id='block_1_24' title="bbox 2196 1581 3675 1649">
    <p class='ocr_par' dir='ltr' id='par_1_24' title="bbox 2196 1581 3675 1649">
     <span class='ocr_line' id='line_1_24' title="bbox 2196 1581 3675 1649; baseline -0.005 -5"><span class='ocrx_word' id='word_1_195' title='bbox 2196 1587 2739 1649; x_wconf 68' lang='grc' dir='ltr'><strong>ΣΤΗΛΟΓΡΑΦΙΑΝ,</strong></span> <span class='ocrx_word' id='word_1_196' title='bbox 2766 1585 2987 1637; x_wconf 87' lang='grc' dir='ltr'><strong>υΠΟΤΕ</strong></span> <span class='ocrx_word' id='word_1_197' title='bbox 3008 1583 3426 1636; x_wconf 80' lang='grc' dir='ltr'><strong>ΕΚΡΑΤΗΣΑΝ</strong></span> <span class='ocrx_word' id='word_1_198' title='bbox 3458 1581 3675 1636; x_wconf 77' lang='grc' dir='ltr'><strong>ΑΥΤυΝ</strong></span> 
     </span>
    </p>
   </div>
   <div class='ocr_carea' id='block_1_25' title="bbox 2199 1653 3140 1716">
    <p class='ocr_par' dir='ltr' id='par_1_25' title="bbox 2199 1653 3140 1716">
     <span class='ocr_line' id='line_1_25' title="bbox 2199 1653 3140 1716; baseline -0.012 0"><span class='ocrx_word' id='word_1_199' title='bbox 2199 1664 2263 1716; x_wconf 89' lang='lat' dir='ltr'><strong>Ol</strong></span> <span class='ocrx_word' id='word_1_200' title='bbox 2296 1658 2685 1713; x_wconf 82' lang='grc' dir='ltr'><strong>ΑΛΛΟΦΥΛΟΙ</strong></span> <span class='ocrx_word' id='word_1_201' title='bbox 2724 1656 2813 1708; x_wconf 84' lang='grc' dir='ltr'><strong>ΕΝ</strong></span> <span class='ocrx_word' id='word_1_202' title='bbox 2840 1655 2877 1706; x_wconf 93' lang='grc' dir='ltr'><strong>Γ</strong></span> <span class='ocrx_word' id='word_1_203' title='bbox 2881 1653 2988 1707; x_wconf 88' lang='grc' dir='ltr'><strong>ΕΘ.</strong></span> <span class='ocrx_word' id='word_1_204' title='bbox 3015 1654 3140 1707; x_wconf 86' lang='lat' dir='ltr'><strong>NE&#39;.</strong></span> 
     </span>
    </p>
   </div>
   <div class='ocr_carea' id='block_1_26' title="bbox 2215 1786 3676 1871">
    <p class='ocr_par' dir='ltr' id='par_1_26' title="bbox 2215 1786 3676 1871">
     <span class='ocr_line' id='line_1_26' title="bbox 2215 1786 3676 1871; baseline -0.01 -16"><span class='ocrx_word' id='word_1_205' title='bbox 2215 1800 2501 1871; x_wconf 72' lang='grc' dir='ltr'>Ἐλέησόν</span> <span class='ocrx_word' id='word_1_206' title='bbox 2521 1815 2617 1868; x_wconf 86' lang='grc' dir='ltr'><strong>με,</strong></span> <span class='ocrx_word' id='word_1_207' title='bbox 2656 1799 2689 1851; x_wconf 86' lang='grc' dir='ltr'><strong>ό</strong></span> <span class='ocrx_word' id='word_1_208' title='bbox 2739 1795 2900 1862; x_wconf 82' lang='grc' dir='ltr'>Θεὸς,</span> <span class='ocrx_word' id='word_1_209' title='bbox 2940 1793 3030 1848; x_wconf 84' lang='grc' dir='ltr'>ὅτι</span> <span class='ocrx_word' id='word_1_210' title='bbox 3061 1788 3443 1858; x_wconf 78' lang='grc' dir='ltr'>κατεπάτησέ</span> <span class='ocrx_word' id='word_1_211' title='bbox 3477 1804 3556 1858; x_wconf 79' lang='grc' dir='ltr'><strong>με</strong></span> <span class='ocrx_word' id='word_1_212' title='bbox 3589 1786 3676 1840; x_wconf 80' lang='grc' dir='ltr'><strong>ἄν·</strong></span> 
     </span>
    </p>
   </div>
   <div class='ocr_carea' id='block_1_27' title="bbox 467 1878 2025 1965">
    <p class='ocr_par' dir='ltr' id='par_1_27' title="bbox 467 1891 2023 1964">
     <span class='ocr_line' id='line_1_27' title="bbox 467 1891 2023 1964; baseline 0.005 -20"><span class='ocrx_word' id='word_1_213' title='bbox 467 1891 602 1945; x_wconf 82' lang='lat' dir='ltr'><strong>cavit</strong></span> <span class='ocrx_word' id='word_1_214' title='bbox 630 1907 711 1945; x_wconf 89' lang='lat' dir='ltr'><strong>me</strong></span> <span class='ocrx_word' id='word_1_215' title='bbox 749 1891 902 1946; x_wconf 82' lang='lat' dir='ltr'><strong>homo</strong></span> <span class='ocrx_word' id='word_1_216' title='bbox 926 1933 940 1959; x_wconf 88' lang='lat'><strong>,</strong></span> <span class='ocrx_word' id='word_1_217' title='bbox 973 1902 1085 1948; x_wconf 90' lang='lat' dir='ltr'><strong>tota</strong></span> <span class='ocrx_word' id='word_1_218' title='bbox 1134 1893 1219 1948; x_wconf 86' lang='lat' dir='ltr'><strong>die</strong></span> <span class='ocrx_word' id='word_1_219' title='bbox 1262 1897 1571 1964; x_wconf 79' lang='lat' dir='ltr'><strong>impugnans</strong></span> <span class='ocrx_word' id='word_1_220' title='bbox 1625 1894 1892 1950; x_wconf 83' lang='lat' dir='ltr'><strong>tribulavit</strong></span> <span class='ocrx_word' id='word_1_221' title='bbox 1924 1913 2023 1952; x_wconf 87' lang='lat' dir='ltr'><strong>me.</strong></span> 
     </span>
    </p>
   </div>
   <div class='ocr_carea' id='block_1_28' title="bbox 2132 1878 3673 1965">
    <p class='ocr_par' dir='ltr' id='par_1_28' title="bbox 2132 1878 3673 1965">
     <span class='ocr_line' id='line_1_28' title="bbox 2132 1878 3673 1965; baseline -0.014 -13"><span class='ocrx_word' id='word_1_222' title='bbox 2132 1899 2375 1965; x_wconf 79' lang='grc' dir='ltr'>θρωπος,</span> <span class='ocrx_word' id='word_1_223' title='bbox 2411 1893 2562 1959; x_wconf 68' lang='grc' dir='ltr'>ὅλην</span> <span class='ocrx_word' id='word_1_224' title='bbox 2605 1888 2719 1957; x_wconf 79' lang='grc' dir='ltr'><strong>τὴν</strong></span> <span class='ocrx_word' id='word_1_225' title='bbox 2763 1886 2986 1958; x_wconf 76' lang='grc' dir='ltr'>ἡμέραν</span> <span class='ocrx_word' id='word_1_226' title='bbox 3029 1883 3303 1954; x_wconf 80' lang='grc' dir='ltr'>πολεμῶν</span> <span class='ocrx_word' id='word_1_227' title='bbox 3331 1878 3551 1948; x_wconf 70' lang='grc' dir='ltr'>ἕθλιψέ</span> <span class='ocrx_word' id='word_1_228' title='bbox 3590 1894 3673 1947; x_wconf 82' lang='grc' dir='ltr'><strong>με.</strong></span> 
     </span>
    </p>
   </div>
   <div class='ocr_carea' id='block_1_29' title="bbox 464 1981 2024 2058">
    <p class='ocr_par' dir='ltr' id='par_1_29' title="bbox 464 1981 2024 2058">
     <span class='ocr_line' id='line_1_29' title="bbox 464 1981 2024 2058; baseline 0.004 -23"><span class='ocrx_word' id='word_1_229' title='bbox 464 1981 706 2053; x_wconf 89' lang='lat' dir='ltr'><strong>Populus</strong></span> <span class='ocrx_word' id='word_1_230' title='bbox 740 1986 889 2055; x_wconf 89' lang='lat' dir='ltr'><strong>quia</strong></span> <span class='ocrx_word' id='word_1_231' title='bbox 936 1987 1141 2042; x_wconf 88' lang='lat' dir='ltr'><strong>sanctis</strong></span> <span class='ocrx_word' id='word_1_232' title='bbox 1173 1987 1331 2058; x_wconf 85' lang='lat' dir='ltr'><strong>longe</strong></span> <span class='ocrx_word' id='word_1_233' title='bbox 1383 1986 1561 2043; x_wconf 85' lang='lat' dir='ltr'><strong>factus</strong></span> <span class='ocrx_word' id='word_1_234' title='bbox 1604 1997 1720 2054; x_wconf 86' lang='lat' dir='ltr'><strong>est,</strong></span> <span class='ocrx_word' id='word_1_235' title='bbox 1762 1994 2024 2058; x_wconf 88' lang='lat' dir='ltr'><strong>quantum</strong></span> 
     </span>
    </p>
   </div>
   <div class='ocr_carea' id='block_1_30' title="bbox 466 2073 2025 2151">
    <p class='ocr_par' dir='ltr' id='par_1_30' title="bbox 466 2073 2025 2151">
     <span class='ocr_line' id='line_1_30' title="bbox 466 2073 2025 2151; baseline 0.005 -24"><span class='ocrx_word' id='word_1_236' title='bbox 466 2073 536 2128; x_wconf 87' lang='lat' dir='ltr'><strong>ad</strong></span> <span class='ocrx_word' id='word_1_237' title='bbox 568 2074 876 2142; x_wconf 87' lang='lat' dir='ltr'><strong>historiam,</strong></span> <span class='ocrx_word' id='word_1_238' title='bbox 904 2078 1123 2133; x_wconf 83' lang='lat' dir='ltr'><strong>videtur</strong></span> <span class='ocrx_word' id='word_1_239' title='bbox 1167 2079 1214 2134; x_wconf 90' lang='lat' dir='ltr'><strong>is</strong></span> <span class='ocrx_word' id='word_1_240' title='bbox 1254 2094 1377 2135; x_wconf 88' lang='lat' dir='ltr'><strong>esse</strong></span> <span class='ocrx_word' id='word_1_241' title='bbox 1405 2081 1499 2151; x_wconf 92' lang='lat' dir='ltr'><strong>qui</strong></span> <span class='ocrx_word' id='word_1_242' title='bbox 1525 2094 1650 2135; x_wconf 91' lang='lat' dir='ltr'><strong>cum</strong></span> <span class='ocrx_word' id='word_1_243' title='bbox 1707 2078 1908 2135; x_wconf 90' lang='lat' dir='ltr'><strong>Davide</strong></span> <span class='ocrx_word' id='word_1_244' title='bbox 1937 2078 2025 2135; x_wconf 83' lang='lat' dir='ltr'><strong>fu-</strong></span> 
     </span>
    </p>
   </div>
   <div class='ocr_carea' id='block_1_31' title="bbox 465 2165 2027 2238">
    <p class='ocr_par' dir='ltr' id='par_1_31' title="bbox 465 2165 2027 2238">
     <span class='ocr_line' id='line_1_31' title="bbox 465 2165 2027 2238; baseline 0.004 -18"><span class='ocrx_word' id='word_1_245' title='bbox 465 2166 644 2238; x_wconf 77' lang='lat' dir='ltr'><strong>giebat</strong></span> <span class='ocrx_word' id='word_1_246' title='bbox 673 2182 703 2221; x_wconf 87' lang='lat' dir='ltr'><strong>a</strong></span> <span class='ocrx_word' id='word_1_247' title='bbox 727 2165 867 2223; x_wconf 86' lang='lat' dir='ltr'><strong>facie</strong></span> <span class='ocrx_word' id='word_1_248' title='bbox 895 2167 1109 2235; x_wconf 80' lang='lat' dir='ltr'><strong>Saulis;</strong></span> <span class='ocrx_word' id='word_1_249' title='bbox 1143 2177 1495 2226; x_wconf 89' lang='lat' dir='ltr'><strong>erantautem</strong></span> <span class='ocrx_word' id='word_1_250' title='bbox 1525 2171 1627 2227; x_wconf 88' lang='lat' dir='ltr'><strong>viri</strong></span> <span class='ocrx_word' id='word_1_251' title='bbox 1655 2186 1880 2227; x_wconf 89' lang='lat' dir='ltr'><strong>numero</strong></span> <span class='ocrx_word' id='word_1_252' title='bbox 1904 2187 2027 2227; x_wconf 78' lang='lat' dir='ltr'><strong>sex-</strong></span> 
     </span>
    </p>
   </div>
   <div class='ocr_carea' id='block_1_32' title="bbox 466 2258 2027 2331">
    <p class='ocr_par' dir='ltr' id='par_1_32' title="bbox 466 2258 2027 2331">
     <span class='ocr_line' id='line_1_32' title="bbox 466 2258 2027 2331; baseline 0.001 -18"><span class='ocrx_word' id='word_1_253' title='bbox 466 2258 632 2322; x_wconf 87' lang='lat' dir='ltr'><strong>centi,</strong></span> <span class='ocrx_word' id='word_1_254' title='bbox 665 2265 726 2312; x_wconf 93' lang='lat' dir='ltr'><strong>ut</strong></span> <span class='ocrx_word' id='word_1_255' title='bbox 778 2265 1009 2313; x_wconf 84' lang='lat' dir='ltr'><strong>testatur</strong></span> <span class='ocrx_word' id='word_1_256' title='bbox 1060 2258 1366 2331; x_wconf 76' lang='lat' dir='ltr'><strong>Regnorum</strong></span> <span class='ocrx_word' id='word_1_257' title='bbox 1423 2262 1713 2331; x_wconf 89' lang='lat' dir='ltr'><strong>scriptura.</strong></span> <span class='ocrx_word' id='word_1_258' title='bbox 1762 2261 2027 2328; x_wconf 86' lang='lat' dir='ltr'><strong>Quoniam</strong></span> 
     </span>
    </p>
   </div>
   <div class='ocr_carea' id='block_1_33' title="bbox 464 2348 2026 2426">
    <p class='ocr_par' dir='ltr' id='par_1_33' title="bbox 464 2348 2026 2426">
     <span class='ocr_line' id='line_1_33' title="bbox 464 2348 2026 2426; baseline 0.003 -24"><span class='ocrx_word' id='word_1_259' title='bbox 464 2363 597 2403; x_wconf 76' lang='lat' dir='ltr'><strong>vero</strong></span> <span class='ocrx_word' id='word_1_260' title='bbox 625 2349 711 2403; x_wconf 89' lang='lat' dir='ltr'><strong>bis</strong></span> <span class='ocrx_word' id='word_1_261' title='bbox 739 2350 881 2420; x_wconf 92' lang='lat' dir='ltr'><strong>apud</strong></span> <span class='ocrx_word' id='word_1_262' title='bbox 902 2348 1149 2408; x_wconf 71' lang='lat' dir='ltr'><strong>Gethaaos</strong></span> <span class='ocrx_word' id='word_1_263' title='bbox 1183 2352 1483 2424; x_wconf 88' lang='lat' dir='ltr'><strong>allophylos</strong></span> <span class='ocrx_word' id='word_1_264' title='bbox 1513 2353 1648 2422; x_wconf 81' lang='lat' dir='ltr'><strong>fuit;</strong></span> <span class='ocrx_word' id='word_1_265' title='bbox 1682 2354 1879 2426; x_wconf 90' lang='lat' dir='ltr'><strong>primo,</strong></span> <span class='ocrx_word' id='word_1_266' title='bbox 1901 2369 2026 2409; x_wconf 91' lang='lat' dir='ltr'><strong>cum</strong></span> 
     </span>
    </p>
   </div>
   <div class='ocr_carea' id='block_1_34' title="bbox 467 2439 2025 2513">
    <p class='ocr_par' dir='ltr' id='par_1_34' title="bbox 467 2439 2025 2513">
     <span class='ocr_line' id='line_1_34' title="bbox 467 2439 2025 2513; baseline 0.002 -18"><span class='ocrx_word' id='word_1_267' title='bbox 467 2439 619 2495; x_wconf 88' lang='lat' dir='ltr'><strong>solus</strong></span> <span class='ocrx_word' id='word_1_268' title='bbox 646 2440 1014 2511; x_wconf 88' lang='lat' dir='ltr'><strong>deprehensus</strong></span> <span class='ocrx_word' id='word_1_269' title='bbox 1040 2443 1179 2497; x_wconf 89' lang='lat' dir='ltr'><strong>intra</strong></span> <span class='ocrx_word' id='word_1_270' title='bbox 1202 2451 1407 2513; x_wconf 86' lang='lat' dir='ltr'><strong>portas,</strong></span> <span class='ocrx_word' id='word_1_271' title='bbox 1436 2445 1701 2499; x_wconf 80' lang='lat' dir='ltr'><strong>insaniam</strong></span> <span class='ocrx_word' id='word_1_272' title='bbox 1732 2445 2025 2513; x_wconf 75' lang='lat' dir='ltr'><strong>simulavit,</strong></span> 
     </span>
    </p>
   </div>
   <div class='ocr_carea' id='block_1_35' title="bbox 468 2530 2028 2606">
    <p class='ocr_par' dir='ltr' id='par_1_35' title="bbox 468 2530 2028 2606">
     <span class='ocr_line' id='line_1_35' title="bbox 468 2530 2028 2606; baseline 0.003 -22"><span class='ocrx_word' id='word_1_273' title='bbox 468 2530 688 2600; x_wconf 83' lang='lat' dir='ltr'><strong>quando</strong></span> <span class='ocrx_word' id='word_1_274' title='bbox 714 2546 812 2587; x_wconf 91' lang='lat' dir='ltr'><strong>ceu</strong></span> <span class='ocrx_word' id='word_1_275' title='bbox 848 2542 1101 2603; x_wconf 83' lang='lat' dir='ltr'><strong>tympano</strong></span> <span class='ocrx_word' id='word_1_276' title='bbox 1132 2534 1384 2604; x_wconf 86' lang='lat' dir='ltr'><strong>pulsabat</strong></span> <span class='ocrx_word' id='word_1_277' title='bbox 1430 2535 1486 2589; x_wconf 92' lang='lat' dir='ltr'><strong>in</strong></span> <span class='ocrx_word' id='word_1_278' title='bbox 1536 2536 1707 2606; x_wconf 89' lang='lat' dir='ltr'><strong>portis</strong></span> <span class='ocrx_word' id='word_1_279' title='bbox 1755 2535 1907 2590; x_wconf 87' lang='lat' dir='ltr'><strong>urbis</strong></span> <span class='ocrx_word' id='word_1_280' title='bbox 1929 2575 1943 2600; x_wconf 90' lang='lat'><strong>,</strong></span> <span class='ocrx_word' id='word_1_281' title='bbox 1973 2542 2028 2590; x_wconf 92' lang='lat' dir='ltr'><strong>et</strong></span> 
     </span>
    </p>
   </div>
   <div class='ocr_carea' id='block_1_36' title="bbox 466 2620 2027 2695">
    <p class='ocr_par' dir='ltr' id='par_1_36' title="bbox 466 2620 2027 2695">
     <span class='ocr_line' id='line_1_36' title="bbox 466 2620 2027 2695; baseline 0.003 -18"><span class='ocrx_word' id='word_1_282' title='bbox 466 2620 771 2678; x_wconf 82' lang='lat' dir='ltr'><strong>deﬂuebant</strong></span> <span class='ocrx_word' id='word_1_283' title='bbox 826 2625 1008 2680; x_wconf 81' lang='lat' dir='ltr'><strong>salivae</strong></span> <span class='ocrx_word' id='word_1_284' title='bbox 1058 2625 1177 2695; x_wconf 85' lang='lat' dir='ltr'><strong>ejus</strong></span> <span class='ocrx_word' id='word_1_285' title='bbox 1234 2626 1292 2681; x_wconf 90' lang='lat' dir='ltr'><strong>in</strong></span> <span class='ocrx_word' id='word_1_286' title='bbox 1334 2628 1557 2682; x_wconf 89' lang='lat' dir='ltr'><strong>barbam</strong></span> <span class='ocrx_word' id='word_1_287' title='bbox 1588 2628 1670 2694; x_wconf 81' lang='grc'><strong>¹¹;</strong></span> <span class='ocrx_word' id='word_1_288' title='bbox 1716 2627 1851 2683; x_wconf 88' lang='lat' dir='ltr'><strong>alias</strong></span> <span class='ocrx_word' id='word_1_289' title='bbox 1897 2642 2027 2682; x_wconf 87' lang='lat' dir='ltr'><strong>vero</strong></span> 
     </span>
    </p>
   </div>
   <div class='ocr_carea' id='block_1_37' title="bbox 467 2717 2027 2791">
    <p class='ocr_par' dir='ltr' id='par_1_37' title="bbox 467 2717 2027 2791">
     <span class='ocr_line' id='line_1_37' title="bbox 467 2717 2027 2791; baseline 0.001 -19"><span class='ocrx_word' id='word_1_290' title='bbox 467 2718 686 2788; x_wconf 85' lang='lat' dir='ltr'><strong>quando</strong></span> <span class='ocrx_word' id='word_1_291' title='bbox 711 2734 833 2773; x_wconf 91' lang='lat' dir='ltr'><strong>cum</strong></span> <span class='ocrx_word' id='word_1_292' title='bbox 860 2720 1129 2775; x_wconf 83' lang='lat' dir='ltr'><strong>sexcentis</strong></span> <span class='ocrx_word' id='word_1_293' title='bbox 1147 2719 1280 2775; x_wconf 80' lang='lat' dir='ltr'><strong>viris</strong></span> <span class='ocrx_word' id='word_1_294' title='bbox 1303 2720 1369 2774; x_wconf 87' lang='lat' dir='ltr'><strong>ad</strong></span> <span class='ocrx_word' id='word_1_295' title='bbox 1414 2735 1594 2791; x_wconf 82' lang='lat' dir='ltr'><strong>regem</strong></span> <span class='ocrx_word' id='word_1_296' title='bbox 1645 2717 1781 2774; x_wconf 83' lang='lat' dir='ltr'><strong>Gctli</strong></span> <span class='ocrx_word' id='word_1_297' title='bbox 1833 2717 2027 2775; x_wconf 60' lang='lat' dir='ltr'><strong>confuv</strong></span> 
     </span>
    </p>
   </div>
   <div class='ocr_carea' id='block_1_38' title="bbox 469 2808 2028 2882">
    <p class='ocr_par' dir='ltr' id='par_1_38' title="bbox 469 2808 2028 2882">
     <span class='ocr_line' id='line_1_38' title="bbox 469 2808 2028 2882; baseline 0.002 -19"><span class='ocrx_word' id='word_1_298' title='bbox 469 2809 547 2880; x_wconf 73' lang='lat' dir='ltr'><strong>git</strong></span> <span class='ocrx_word' id='word_1_299' title='bbox 566 2808 631 2873; x_wconf 82' lang='grc'>¹³,</span> <span class='ocrx_word' id='word_1_300' title='bbox 673 2810 764 2879; x_wconf 92' lang='lat' dir='ltr'><strong>qui</strong></span> <span class='ocrx_word' id='word_1_301' title='bbox 782 2810 1079 2882; x_wconf 79' lang='lat' dir='ltr'><strong>assignavit</strong></span> <span class='ocrx_word' id='word_1_302' title='bbox 1098 2812 1175 2867; x_wconf 90' lang='lat' dir='ltr'><strong>illi</strong></span> <span class='ocrx_word' id='word_1_303' title='bbox 1202 2812 1256 2866; x_wconf 88' lang='lat' dir='ltr'><strong>in</strong></span> <span class='ocrx_word' id='word_1_304' title='bbox 1279 2812 1648 2867; x_wconf 84' lang='lat' dir='ltr'><strong>habitaculum</strong></span> <span class='ocrx_word' id='word_1_305' title='bbox 1672 2809 2028 2867; x_wconf 85' lang='lat' dir='ltr'><strong>Sicela.Vide-</strong></span> 
     </span>
    </p>
   </div>
   <div class='ocr_carea' id='block_1_39' title="bbox 469 2900 2028 2973">
    <p class='ocr_par' dir='ltr' id='par_1_39' title="bbox 469 2900 2028 2973">
     <span class='ocr_line' id='line_1_39' title="bbox 469 2900 2028 2973; baseline 0.001 -20"><span class='ocrx_word' id='word_1_306' title='bbox 469 2911 559 2954; x_wconf 89' lang='lat' dir='ltr'><strong>tur</strong></span> <span class='ocrx_word' id='word_1_307' title='bbox 583 2916 823 2971; x_wconf 60' lang='lat' dir='ltr'><strong>praesens</strong></span> <span class='ocrx_word' id='word_1_308' title='bbox 864 2902 1149 2973; x_wconf 85' lang='lat' dir='ltr'><strong>inscriptio</strong></span> <span class='ocrx_word' id='word_1_309' title='bbox 1170 2902 1284 2959; x_wconf 66' lang='lat' dir='ltr'><strong>haec</strong></span> <span class='ocrx_word' id='word_1_310' title='bbox 1297 2902 1482 2957; x_wconf 90' lang='lat' dir='ltr'><strong>Davidi</strong></span> <span class='ocrx_word' id='word_1_311' title='bbox 1497 2903 1789 2968; x_wconf 85' lang='lat' dir='ltr'><strong>ascribere,</strong></span> <span class='ocrx_word' id='word_1_312' title='bbox 1811 2900 2028 2972; x_wconf 89' lang='lat' dir='ltr'><strong>quando</strong></span> 
     </span>
    </p>
   </div>
   <div class='ocr_carea' id='block_1_40' title="bbox 373 2993 2026 3068">
    <p class='ocr_par' dir='ltr' id='par_1_40' title="bbox 373 2993 2026 3068">
     <span class='ocr_line' id='line_1_40' title="bbox 373 2993 2026 3068; baseline 0.001 -20"><span class='ocrx_word' id='word_1_313' title='bbox 373 3056 386 3068; x_wconf 45' lang='lat'><em>.</em></span> <span class='ocrx_word' id='word_1_314' title='bbox 466 3008 592 3048; x_wconf 90' lang='lat' dir='ltr'><strong>cum</strong></span> <span class='ocrx_word' id='word_1_315' title='bbox 616 2993 889 3050; x_wconf 87' lang='lat' dir='ltr'><strong>sexcentis</strong></span> <span class='ocrx_word' id='word_1_316' title='bbox 906 2996 1041 3051; x_wconf 86' lang='lat' dir='ltr'><strong>viris</strong></span> <span class='ocrx_word' id='word_1_317' title='bbox 1066 3011 1250 3051; x_wconf 89' lang='lat' dir='ltr'><strong>secum</strong></span> <span class='ocrx_word' id='word_1_318' title='bbox 1270 2994 1599 3067; x_wconf 82' lang='lat' dir='ltr'><strong>fugientibus</strong></span> <span class='ocrx_word' id='word_1_319' title='bbox 1616 2994 1756 3066; x_wconf 90' lang='lat' dir='ltr'><strong>apud</strong></span> <span class='ocrx_word' id='word_1_320' title='bbox 1779 2993 2026 3049; x_wconf 63' lang='lat' dir='ltr'><strong>Getbwos</strong></span> 
     </span>
    </p>
   </div>
   <div class='ocr_carea' id='block_1_41' title="bbox 468 3085 2028 3158">
    <p class='ocr_par' dir='ltr' id='par_1_41' title="bbox 468 3085 2028 3158">
     <span class='ocr_line' id='line_1_41' title="bbox 468 3085 2028 3158; baseline 0 -18"><span class='ocrx_word' id='word_1_321' title='bbox 468 3086 915 3156; x_wconf 79' lang='lat' dir='ltr'><strong>peregrinabatur</strong></span> <span class='ocrx_word' id='word_1_322' title='bbox 942 3126 958 3153; x_wconf 92' lang='lat'><strong>,</strong></span> <span class='ocrx_word' id='word_1_323' title='bbox 989 3086 1081 3157; x_wconf 88' lang='lat' dir='ltr'><strong>qui</strong></span> <span class='ocrx_word' id='word_1_324' title='bbox 1112 3087 1288 3157; x_wconf 89' lang='lat' dir='ltr'><strong>ipsum</strong></span> <span class='ocrx_word' id='word_1_325' title='bbox 1324 3094 1651 3158; x_wconf 78' lang='lat' dir='ltr'><strong>exceperunt</strong></span> <span class='ocrx_word' id='word_1_326' title='bbox 1689 3094 1744 3142; x_wconf 92' lang='lat' dir='ltr'><strong>et</strong></span> <span class='ocrx_word' id='word_1_327' title='bbox 1784 3085 1925 3157; x_wconf 89' lang='lat' dir='ltr'><strong>apud</strong></span> <span class='ocrx_word' id='word_1_328' title='bbox 1967 3100 2028 3140; x_wconf 87' lang='lat' dir='ltr'><strong>se</strong></span> 
     </span>
    </p>
   </div>
   <div class='ocr_carea' id='block_1_42' title="bbox 470 3176 2026 3251">
    <p class='ocr_par' dir='ltr' id='par_1_42' title="bbox 470 3176 2026 3251">
     <span class='ocr_line' id='line_1_42' title="bbox 470 3176 2026 3251; baseline 0.001 -21"><span class='ocrx_word' id='word_1_329' title='bbox 470 3185 529 3231; x_wconf 89' lang='lat' dir='ltr'><strong>ut</strong></span> <span class='ocrx_word' id='word_1_330' title='bbox 558 3178 790 3232; x_wconf 87' lang='lat' dir='ltr'><strong>amicum</strong></span> <span class='ocrx_word' id='word_1_331' title='bbox 818 3178 1167 3234; x_wconf 88' lang='lat' dir='ltr'><strong>detinuerunt</strong></span> <span class='ocrx_word' id='word_1_332' title='bbox 1189 3219 1204 3243; x_wconf 92' lang='lat'><strong>,</strong></span> <span class='ocrx_word' id='word_1_333' title='bbox 1248 3195 1356 3250; x_wconf 86' lang='lat' dir='ltr'><strong>quo</strong></span> <span class='ocrx_word' id='word_1_334' title='bbox 1408 3187 1647 3251; x_wconf 91' lang='lat' dir='ltr'><strong>tempore</strong></span> <span class='ocrx_word' id='word_1_335' title='bbox 1677 3193 1708 3232; x_wconf 88' lang='lat' dir='ltr'><strong>a</strong></span> <span class='ocrx_word' id='word_1_336' title='bbox 1736 3193 1861 3244; x_wconf 69' lang='lat' dir='ltr'><strong>rege</strong></span> <span class='ocrx_word' id='word_1_337' title='bbox 1889 3176 2026 3233; x_wconf 88' lang='lat' dir='ltr'><strong>Geth</strong></span> 
     </span>
    </p>
   </div>
   <div class='ocr_carea' id='block_1_43' title="bbox 2127 1973 3676 2055">
    <p class='ocr_par' dir='ltr' id='par_1_43' title="bbox 2127 1973 3676 2055">
     <span class='ocr_line' id='line_1_43' title="bbox 2127 1973 3676 2055; baseline -0.012 -11"><span class='ocrx_word' id='word_1_338' title='bbox 2127 1990 2267 2053; x_wconf 82' lang='grc' dir='ltr'>Λαδς</span> <span class='ocrx_word' id='word_1_339' title='bbox 2298 1988 2404 2042; x_wconf 79' lang='grc' dir='ltr'><strong>ἀπὸ</strong></span> <span class='ocrx_word' id='word_1_340' title='bbox 2446 1986 2553 2040; x_wconf 85' lang='grc' dir='ltr'><strong>τῶν</strong></span> <span class='ocrx_word' id='word_1_341' title='bbox 2589 1985 2759 2053; x_wconf 81' lang='grc' dir='ltr'>ἁγίων</span> <span class='ocrx_word' id='word_1_342' title='bbox 2790 1980 3267 2055; x_wconf 85' lang='grc' dir='ltr'>μεμακρυμμένος,</span> <span class='ocrx_word' id='word_1_343' title='bbox 3296 1978 3423 2031; x_wconf 83' lang='grc' dir='ltr'>ὅσον</span> <span class='ocrx_word' id='word_1_344' title='bbox 3466 1976 3560 2027; x_wconf 73' lang='grc' dir='ltr'>ἐπὶ</span> <span class='ocrx_word' id='word_1_345' title='bbox 3592 1973 3676 2043; x_wconf 75' lang='grc' dir='ltr'>τῆς</span> 
     </span>
    </p>
   </div>
   <div class='ocr_carea' id='block_1_44' title="bbox 2128 2064 3676 2155">
    <p class='ocr_par' dir='ltr' id='par_1_44' title="bbox 2128 2064 3676 2155">
     <span class='ocr_line' id='line_1_44' title="bbox 2128 2064 3676 2155; baseline -0.014 -18"><span class='ocrx_word' id='word_1_346' title='bbox 2128 2081 2383 2155; x_wconf 76' lang='grc' dir='ltr'>ἱστορίας,</span> <span class='ocrx_word' id='word_1_347' title='bbox 2414 2079 2587 2133; x_wconf 78' lang='grc' dir='ltr'>ἔοικεν</span> <span class='ocrx_word' id='word_1_348' title='bbox 2632 2075 2767 2129; x_wconf 78' lang='grc' dir='ltr'>εἶναι</span> <span class='ocrx_word' id='word_1_349' title='bbox 2814 2077 2842 2128; x_wconf 88' lang='grc' dir='ltr'>ὁ</span> <span class='ocrx_word' id='word_1_350' title='bbox 2871 2076 2966 2128; x_wconf 81' lang='grc' dir='ltr'><strong>σὺν</strong></span> <span class='ocrx_word' id='word_1_351' title='bbox 3010 2071 3088 2142; x_wconf 82' lang='grc' dir='ltr'><strong>τῷ</strong></span> <span class='ocrx_word' id='word_1_352' title='bbox 3134 2068 3292 2123; x_wconf 82' lang='grc' dir='ltr'>Δαυῒδ</span> <span class='ocrx_word' id='word_1_353' title='bbox 3332 2065 3555 2138; x_wconf 81' lang='grc' dir='ltr'>φεύγων</span> <span class='ocrx_word' id='word_1_354' title='bbox 3585 2064 3676 2117; x_wconf 76' lang='grc' dir='ltr'>ἀπὸ</span> 
     </span>
    </p>
   </div>
   <div class='ocr_carea' id='block_1_45' title="bbox 2127 2155 3676 2247">
    <p class='ocr_par' dir='ltr' id='par_1_45' title="bbox 2127 2155 3676 2247">
     <span class='ocr_line' id='line_1_45' title="bbox 2127 2155 3676 2247; baseline -0.014 -18"><span class='ocrx_word' id='word_1_355' title='bbox 2127 2172 2415 2247; x_wconf 78' lang='grc' dir='ltr'>προσώπου</span> <span class='ocrx_word' id='word_1_356' title='bbox 2457 2170 2627 2224; x_wconf 89' lang='grc' dir='ltr'>Σαούλ</span> <span class='ocrx_word' id='word_1_357' title='bbox 2646 2186 2659 2200; x_wconf 82' lang='grc'><em>’</em></span> <span class='ocrx_word' id='word_1_358' title='bbox 2695 2165 2834 2241; x_wconf 80' lang='grc' dir='ltr'>ἦσαν</span> <span class='ocrx_word' id='word_1_359' title='bbox 2866 2166 2921 2218; x_wconf 87' lang='grc' dir='ltr'>δὲ</span> <span class='ocrx_word' id='word_1_360' title='bbox 2950 2164 3040 2218; x_wconf 79' lang='grc' dir='ltr'><strong>τὸν</strong></span> <span class='ocrx_word' id='word_1_361' title='bbox 3070 2161 3296 2234; x_wconf 84' lang='grc' dir='ltr'>ἀριθμὸν</span> <span class='ocrx_word' id='word_1_362' title='bbox 3335 2158 3537 2229; x_wconf 84' lang='grc' dir='ltr'>ἄνδρες</span> <span class='ocrx_word' id='word_1_363' title='bbox 3568 2155 3676 2247; x_wconf 54' lang='lat' dir='ltr'><strong>Egn-</strong></span> 
     </span>
    </p>
   </div>
   <div class='ocr_carea' id='block_1_46' title="bbox 2127 2245 3677 2335">
    <p class='ocr_par' dir='ltr' id='par_1_46' title="bbox 2127 2245 3677 2335">
     <span class='ocr_line' id='line_1_46' title="bbox 2127 2245 3677 2335; baseline -0.015 -15"><span class='ocrx_word' id='word_1_364' title='bbox 2127 2245 2317 2328; x_wconf 84' lang='grc' dir='ltr'>κόσιοι,</span> <span class='ocrx_word' id='word_1_365' title='bbox 2339 2263 2475 2335; x_wconf 84' lang='grc' dir='ltr'><strong>ὼςή</strong></span> <span class='ocrx_word' id='word_1_366' title='bbox 2511 2260 2700 2332; x_wconf 80' lang='grc' dir='ltr'>Γραφὴ</span> <span class='ocrx_word' id='word_1_367' title='bbox 2742 2257 3006 2331; x_wconf 81' lang='grc' dir='ltr'>μαρτυρεῖ</span> <span class='ocrx_word' id='word_1_368' title='bbox 3034 2254 3142 2307; x_wconf 85' lang='grc' dir='ltr'><strong>τῶν</strong></span> <span class='ocrx_word' id='word_1_369' title='bbox 3181 2248 3500 2304; x_wconf 85' lang='grc' dir='ltr'>Βασιλειῶν.</span> <span class='ocrx_word' id='word_1_370' title='bbox 3543 2245 3677 2299; x_wconf 77' lang='grc' dir='ltr'>Ἐπεὶ</span> 
     </span>
    </p>
   </div>
   <div class='ocr_carea' id='block_1_47' title="bbox 2126 2336 3674 2424">
    <p class='ocr_par' dir='ltr' id='par_1_47' title="bbox 2126 2336 3674 2424">
     <span class='ocr_line' id='line_1_47' title="bbox 2126 2336 3674 2424; baseline -0.014 -13"><span class='ocrx_word' id='word_1_371' title='bbox 2126 2358 2182 2412; x_wconf 86' lang='grc' dir='ltr'>δὲ</span> <span class='ocrx_word' id='word_1_372' title='bbox 2214 2357 2298 2421; x_wconf 76' lang='grc' dir='ltr'><strong>δὶς</strong></span> <span class='ocrx_word' id='word_1_373' title='bbox 2328 2355 2546 2424; x_wconf 83' lang='grc' dir='ltr'>γέγονεν</span> <span class='ocrx_word' id='word_1_374' title='bbox 2580 2349 2731 2423; x_wconf 88' lang='grc' dir='ltr'><strong>παρά</strong></span> <span class='ocrx_word' id='word_1_375' title='bbox 2759 2351 2871 2413; x_wconf 89' lang='grc' dir='ltr'>τοῖς</span> <span class='ocrx_word' id='word_1_376' title='bbox 2900 2348 2956 2400; x_wconf 80' lang='grc' dir='ltr'>ἐν</span> <span class='ocrx_word' id='word_1_377' title='bbox 2986 2346 3085 2398; x_wconf 82' lang='grc' dir='ltr'><strong>Γὲθ</strong></span> <span class='ocrx_word' id='word_1_378' title='bbox 3126 2341 3479 2411; x_wconf 77' lang='grc' dir='ltr'>ἀλλοφύλοιςο</span> <span class='ocrx_word' id='word_1_379' title='bbox 3524 2336 3674 2399; x_wconf 73' lang='grc' dir='ltr'>ἅπαξ,</span> 
     </span>
    </p>
   </div>
   <div class='ocr_carea' id='block_1_48' title="bbox 2126 2429 3677 2516">
    <p class='ocr_par' dir='ltr' id='par_1_48' title="bbox 2126 2429 3677 2516">
     <span class='ocr_line' id='line_1_48' title="bbox 2126 2429 3677 2516; baseline -0.014 -17"><span class='ocrx_word' id='word_1_380' title='bbox 2126 2447 2214 2500; x_wconf 81' lang='grc' dir='ltr'><strong>ὅτε</strong></span> <span class='ocrx_word' id='word_1_381' title='bbox 2256 2444 2417 2516; x_wconf 82' lang='grc' dir='ltr'>μόνος</span> <span class='ocrx_word' id='word_1_382' title='bbox 2456 2438 2786 2509; x_wconf 73' lang='grc' dir='ltr'>ἀποληφθεὶς</span> <span class='ocrx_word' id='word_1_383' title='bbox 2828 2435 2957 2488; x_wconf 81' lang='grc' dir='ltr'>εἵσω</span> <span class='ocrx_word' id='word_1_384' title='bbox 3012 2432 3223 2496; x_wconf 82' lang='grc' dir='ltr'>πυλῶν,</span> <span class='ocrx_word' id='word_1_385' title='bbox 3273 2429 3473 2502; x_wconf 80' lang='grc' dir='ltr'>μανίαν</span> <span class='ocrx_word' id='word_1_386' title='bbox 3527 2443 3677 2498; x_wconf 84' lang='grc' dir='ltr'>προσ-</span> 
     </span>
    </p>
   </div>
   <div class='ocr_carea' id='block_1_49' title="bbox 2127 2518 3678 2608">
    <p class='ocr_par' dir='ltr' id='par_1_49' title="bbox 2127 2518 3678 2608">
     <span class='ocr_line' id='line_1_49' title="bbox 2127 2518 3678 2608; baseline -0.014 -17"><span class='ocrx_word' id='word_1_387' title='bbox 2127 2535 2475 2608; x_wconf 85' lang='grc' dir='ltr'>εποιήθη,ὃτε</span> <span class='ocrx_word' id='word_1_388' title='bbox 2503 2533 2596 2587; x_wconf 77' lang='grc' dir='ltr'>καὶ</span> <span class='ocrx_word' id='word_1_389' title='bbox 2625 2526 2988 2601; x_wconf 77' lang='grc' dir='ltr'>ὲτυμπὰνιζεν</span> <span class='ocrx_word' id='word_1_390' title='bbox 3017 2528 3072 2580; x_wconf 82' lang='grc' dir='ltr'><strong>ἐν</strong></span> <span class='ocrx_word' id='word_1_391' title='bbox 3099 2528 3218 2588; x_wconf 85' lang='grc' dir='ltr'>ταῖς</span> <span class='ocrx_word' id='word_1_392' title='bbox 3245 2523 3445 2585; x_wconf 85' lang='grc' dir='ltr'>πύλαις</span> <span class='ocrx_word' id='word_1_393' title='bbox 3473 2521 3573 2592; x_wconf 78' lang='grc' dir='ltr'>τῆς</span> <span class='ocrx_word' id='word_1_394' title='bbox 3596 2518 3678 2570; x_wconf 78' lang='grc' dir='ltr'>πό-</span> 
     </span>
    </p>
   </div>
   <div class='ocr_carea' id='block_1_50' title="bbox 2126 2612 3678 2697">
    <p class='ocr_par' dir='ltr' id='par_1_50' title="bbox 2126 2612 3678 2697">
     <span class='ocr_line' id='line_1_50' title="bbox 2126 2612 3678 2697; baseline -0.011 -15"><span class='ocrx_word' id='word_1_395' title='bbox 2126 2630 2280 2691; x_wconf 83' lang='grc' dir='ltr'>λεως,</span> <span class='ocrx_word' id='word_1_396' title='bbox 2307 2628 2401 2681; x_wconf 72' lang='grc' dir='ltr'>καὶ</span> <span class='ocrx_word' id='word_1_397' title='bbox 2439 2625 2693 2697; x_wconf 73' lang='grc' dir='ltr'>κατέρρει</span> <span class='ocrx_word' id='word_1_398' title='bbox 2734 2622 2799 2676; x_wconf 86' lang='grc' dir='ltr'>τὰ</span> <span class='ocrx_word' id='word_1_399' title='bbox 2840 2621 2989 2675; x_wconf 82' lang='grc' dir='ltr'>σίελα</span> <span class='ocrx_word' id='word_1_400' title='bbox 3017 2618 3178 2672; x_wconf 75' lang='grc' dir='ltr'>αὑτοῦ</span> <span class='ocrx_word' id='word_1_401' title='bbox 3210 2617 3298 2670; x_wconf 75' lang='grc' dir='ltr'><strong>ἐπὶ</strong></span> <span class='ocrx_word' id='word_1_402' title='bbox 3328 2615 3422 2668; x_wconf 83' lang='grc' dir='ltr'><strong>τὸν</strong></span> <span class='ocrx_word' id='word_1_403' title='bbox 3456 2612 3678 2681; x_wconf 73' lang='grc' dir='ltr'>πώγωνα</span> 
     </span>
    </p>
   </div>
   <div class='ocr_carea' id='block_1_51' title="bbox 2127 2701 3679 2782">
    <p class='ocr_par' dir='ltr' id='par_1_51' title="bbox 2127 2701 3679 2782">
     <span class='ocr_line' id='line_1_51' title="bbox 2127 2701 3679 2782; baseline -0.014 -8"><span class='ocrx_word' id='word_1_404' title='bbox 2127 2718 2315 2774; x_wconf 81' lang='grc' dir='ltr'>αύτοῦ-</span> <span class='ocrx_word' id='word_1_405' title='bbox 2342 2718 2526 2772; x_wconf 84' lang='grc' dir='ltr'>ἇλλοτε</span> <span class='ocrx_word' id='word_1_406' title='bbox 2556 2716 2632 2782; x_wconf 83' lang='grc' dir='ltr'><strong>δὲ,</strong></span> <span class='ocrx_word' id='word_1_407' title='bbox 2666 2716 2752 2768; x_wconf 81' lang='grc' dir='ltr'>ὅτε</span> <span class='ocrx_word' id='word_1_408' title='bbox 2786 2714 2879 2767; x_wconf 79' lang='grc' dir='ltr'><strong>σὺν</strong></span> <span class='ocrx_word' id='word_1_409' title='bbox 2912 2711 3163 2780; x_wconf 83' lang='grc' dir='ltr'>ἀνδράσιν</span> <span class='ocrx_word' id='word_1_410' title='bbox 3192 2715 3237 2779; x_wconf 82' lang='grc' dir='ltr'><strong>χ’</strong></span> <span class='ocrx_word' id='word_1_411' title='bbox 3271 2705 3586 2777; x_wconf 77' lang='grc' dir='ltr'>προσέφυγε</span> <span class='ocrx_word' id='word_1_412' title='bbox 3613 2701 3679 2771; x_wconf 78' lang='grc' dir='ltr'><strong>τῷ</strong></span> 
     </span>
    </p>
   </div>
   <div class='ocr_carea' id='block_1_52' title="bbox 2129 2794 3678 2881">
    <p class='ocr_par' dir='ltr' id='par_1_52' title="bbox 2129 2794 3678 2881">
     <span class='ocr_line' id='line_1_52' title="bbox 2129 2794 3678 2881; baseline -0.012 -18"><span class='ocrx_word' id='word_1_413' title='bbox 2129 2808 2337 2881; x_wconf 83' lang='grc' dir='ltr'>βασιλεῖ</span> <span class='ocrx_word' id='word_1_414' title='bbox 2377 2808 2475 2878; x_wconf 77' lang='grc' dir='ltr'>τῆς</span> <span class='ocrx_word' id='word_1_415' title='bbox 2515 2806 2637 2871; x_wconf 85' lang='grc' dir='ltr'>Γὲθ,</span> <span class='ocrx_word' id='word_1_416' title='bbox 2669 2802 2910 2875; x_wconf 72' lang='grc' dir='ltr'>ἀφώρισε</span> <span class='ocrx_word' id='word_1_417' title='bbox 2954 2819 3010 2855; x_wconf 86' lang='grc' dir='ltr'><strong>τε</strong></span> <span class='ocrx_word' id='word_1_418' title='bbox 3050 2798 3197 2869; x_wconf 77' lang='grc' dir='ltr'>αύτῷ</span> <span class='ocrx_word' id='word_1_419' title='bbox 3227 2798 3549 2868; x_wconf 74' lang='grc' dir='ltr'>οἰκητήριον</span> <span class='ocrx_word' id='word_1_420' title='bbox 3591 2794 3678 2862; x_wconf 71' lang='grc' dir='ltr'><strong>τὴν</strong></span> 
     </span>
    </p>
   </div>
   <div class='ocr_carea' id='block_1_53' title="bbox 2126 2883 3679 2962">
    <p class='ocr_par' dir='ltr' id='par_1_53' title="bbox 2126 2883 3679 2962">
     <span class='ocr_line' id='line_1_53' title="bbox 2126 2883 3679 2962; baseline -0.012 -11"><span class='ocrx_word' id='word_1_421' title='bbox 2126 2897 2339 2951; x_wconf 77' lang='grc' dir='ltr'>Σίκελα.</span> <span class='ocrx_word' id='word_1_422' title='bbox 2380 2895 2541 2949; x_wconf 81' lang='grc' dir='ltr'>Ταῦτ’</span> <span class='ocrx_word' id='word_1_423' title='bbox 2568 2894 2741 2948; x_wconf 76' lang='grc' dir='ltr'>ἔοικεν</span> <span class='ocrx_word' id='word_1_424' title='bbox 2768 2895 2800 2962; x_wconf 85' lang='grc' dir='ltr'>ὴ</span> <span class='ocrx_word' id='word_1_425' title='bbox 2832 2890 3160 2962; x_wconf 82' lang='grc' dir='ltr'>προκειμένη</span> <span class='ocrx_word' id='word_1_426' title='bbox 3196 2885 3573 2957; x_wconf 62' lang='grc' dir='ltr'>στηλογραφία</span> <span class='ocrx_word' id='word_1_427' title='bbox 3610 2883 3679 2934; x_wconf 78' lang='grc' dir='ltr'>εἰ-</span> 
     </span>
    </p>
   </div>
   <div class='ocr_carea' id='block_1_54' title="bbox 2130 2973 3680 3063">
    <p class='ocr_par' dir='ltr' id='par_1_54' title="bbox 2130 2973 3680 3063">
     <span class='ocr_line' id='line_1_54' title="bbox 2130 2973 3680 3063; baseline -0.014 -17"><span class='ocrx_word' id='word_1_428' title='bbox 2130 2990 2324 3063; x_wconf 81' lang='grc' dir='ltr'>ρῆσθαι</span> <span class='ocrx_word' id='word_1_429' title='bbox 2348 2988 2425 3059; x_wconf 83' lang='grc' dir='ltr'>τῷ</span> <span class='ocrx_word' id='word_1_430' title='bbox 2458 2987 2637 3053; x_wconf 80' lang='grc' dir='ltr'>Δαυῒδ,</span> <span class='ocrx_word' id='word_1_431' title='bbox 2663 2985 2783 3039; x_wconf 79' lang='grc' dir='ltr'>καθ’</span> <span class='ocrx_word' id='word_1_432' title='bbox 2809 2984 2868 3038; x_wconf 82' lang='grc' dir='ltr'>ὃν</span> <span class='ocrx_word' id='word_1_433' title='bbox 2902 2982 3086 3054; x_wconf 77' lang='grc' dir='ltr'>καιρὸν</span> <span class='ocrx_word' id='word_1_434' title='bbox 3104 2981 3220 3049; x_wconf 76' lang='grc' dir='ltr'><strong>ἅμα</strong></span> <span class='ocrx_word' id='word_1_435' title='bbox 3248 2981 3359 3041; x_wconf 81' lang='grc' dir='ltr'>τοῖς</span> <span class='ocrx_word' id='word_1_436' title='bbox 3387 2984 3438 3047; x_wconf 85' lang='grc' dir='ltr'><strong>χ’</strong></span> <span class='ocrx_word' id='word_1_437' title='bbox 3461 2979 3574 3037; x_wconf 82' lang='grc' dir='ltr'>τοῖς</span> <span class='ocrx_word' id='word_1_438' title='bbox 3597 2973 3680 3026; x_wconf 71' lang='grc' dir='ltr'><strong>σὺν</strong></span> 
     </span>
    </p>
   </div>
   <div class='ocr_carea' id='block_1_55' title="bbox 2125 3069 3680 3155">
    <p class='ocr_par' dir='ltr' id='par_1_55' title="bbox 2125 3069 3680 3155">
     <span class='ocr_line' id='line_1_55' title="bbox 2125 3069 3680 3155; baseline -0.009 -17"><span class='ocrx_word' id='word_1_439' title='bbox 2125 3083 2273 3155; x_wconf 81' lang='grc' dir='ltr'>αὐτῷ</span> <span class='ocrx_word' id='word_1_440' title='bbox 2318 3084 2606 3154; x_wconf 81' lang='grc' dir='ltr'>φεύγουσιν</span> <span class='ocrx_word' id='word_1_441' title='bbox 2647 3082 2906 3151; x_wconf 78' lang='grc' dir='ltr'>ἐπεδήμει</span> <span class='ocrx_word' id='word_1_442' title='bbox 2949 3081 3060 3141; x_wconf 86' lang='grc' dir='ltr'>τοῖς</span> <span class='ocrx_word' id='word_1_443' title='bbox 3105 3078 3160 3129; x_wconf 82' lang='grc' dir='ltr'>ὲν</span> <span class='ocrx_word' id='word_1_444' title='bbox 3192 3076 3290 3129; x_wconf 80' lang='grc' dir='ltr'>Γὲθ</span> <span class='ocrx_word' id='word_1_445' title='bbox 3316 3092 3328 3104; x_wconf 93' lang='grc'><strong>·</strong></span> <span class='ocrx_word' id='word_1_446' title='bbox 3367 3069 3680 3138; x_wconf 75' lang='grc' dir='ltr'>ὑπεδέξαντό</span> 
     </span>
    </p>
   </div>
   <div class='ocr_carea' id='block_1_56' title="bbox 2127 3163 3680 3242">
    <p class='ocr_par' dir='ltr' id='par_1_56' title="bbox 2127 3163 3680 3242">
     <span class='ocr_line' id='line_1_56' title="bbox 2127 3163 3680 3242; baseline -0.009 -13"><span class='ocrx_word' id='word_1_447' title='bbox 2127 3193 2186 3229; x_wconf 88' lang='grc' dir='ltr'><strong>τε</strong></span> <span class='ocrx_word' id='word_1_448' title='bbox 2228 3176 2389 3230; x_wconf 79' lang='grc' dir='ltr'>αὐτὸν</span> <span class='ocrx_word' id='word_1_449' title='bbox 2439 3174 2528 3228; x_wconf 58' lang='grc' dir='ltr'>καὶ</span> <span class='ocrx_word' id='word_1_450' title='bbox 2578 3173 2840 3242; x_wconf 80' lang='grc' dir='ltr'>κατέσχον</span> <span class='ocrx_word' id='word_1_451' title='bbox 2885 3170 3013 3241; x_wconf 86' lang='grc' dir='ltr'>παρ’</span> <span class='ocrx_word' id='word_1_452' title='bbox 3044 3169 3253 3229; x_wconf 78' lang='grc' dir='ltr'>ἑαυτοῖς</span> <span class='ocrx_word' id='word_1_453' title='bbox 3282 3164 3355 3228; x_wconf 85' lang='grc' dir='ltr'>ὡς</span> <span class='ocrx_word' id='word_1_454' title='bbox 3388 3164 3565 3233; x_wconf 70' lang='grc' dir='ltr'>φίλον,</span> <span class='ocrx_word' id='word_1_455' title='bbox 3602 3163 3680 3215; x_wconf 78' lang='grc' dir='ltr'>ὅτε</span> 
     </span>
    </p>
   </div>
   <div class='ocr_carea' id='block_1_57' title="bbox 468 3251 2025 3350">
    <p class='ocr_par' dir='ltr' id='par_1_57' title="bbox 468 3264 2019 3350">
     <span class='ocr_line' id='line_1_57' title="bbox 468 3264 2019 3350; baseline -0.002 -29"><span class='ocrx_word' id='word_1_456' title='bbox 468 3268 525 3321; x_wconf 88' lang='lat' dir='ltr'><strong>in</strong></span> <span class='ocrx_word' id='word_1_457' title='bbox 557 3269 730 3336; x_wconf 90' lang='lat' dir='ltr'><strong>pretio</strong></span> <span class='ocrx_word' id='word_1_458' title='bbox 774 3267 992 3350; x_wconf 83' lang='lat' dir='ltr'><strong>habitus</strong></span> <span class='ocrx_word' id='word_1_459' title='bbox 1022 3274 1125 3322; x_wconf 90' lang='lat' dir='ltr'><strong>est.</strong></span> <span class='ocrx_word' id='word_1_460' title='bbox 1167 3266 1347 3332; x_wconf 86' lang='lat' dir='ltr'><strong>Quare</strong></span> <span class='ocrx_word' id='word_1_461' title='bbox 1378 3265 1662 3334; x_wconf 79' lang='lat' dir='ltr'><strong>inscriptio</strong></span> <span class='ocrx_word' id='word_1_462' title='bbox 1693 3265 1774 3320; x_wconf 92' lang='lat' dir='ltr'><strong>sic</strong></span> <span class='ocrx_word' id='word_1_463' title='bbox 1819 3264 1980 3319; x_wconf 86' lang='lat' dir='ltr'><strong>habet</strong></span> <span class='ocrx_word' id='word_1_464' title='bbox 2006 3283 2019 3318; x_wconf 87' lang='lat'><strong>:</strong></span> 
     </span>
    </p>
   </div>
   <div class='ocr_carea' id='block_1_58' title="bbox 2132 3251 3680 3350">
    <p class='ocr_par' dir='ltr' id='par_1_58' title="bbox 2132 3254 3680 3337">
     <span class='ocr_line' id='line_1_58' title="bbox 2132 3254 3680 3337; baseline -0.009 -17"><span class='ocrx_word' id='word_1_465' title='bbox 2132 3268 2218 3322; x_wconf 75' lang='grc' dir='ltr'><strong>καὶ</strong></span> <span class='ocrx_word' id='word_1_466' title='bbox 2238 3267 2403 3337; x_wconf 86' lang='grc' dir='ltr'>τιμῆς</span> <span class='ocrx_word' id='word_1_467' title='bbox 2428 3263 2670 3329; x_wconf 79' lang='grc' dir='ltr'>ἀξιοῦται</span> <span class='ocrx_word' id='word_1_468' title='bbox 2698 3262 2847 3333; x_wconf 83' lang='grc' dir='ltr'><strong>παρά</strong></span> <span class='ocrx_word' id='word_1_469' title='bbox 2878 3260 2954 3331; x_wconf 83' lang='grc' dir='ltr'>τῷ</span> <span class='ocrx_word' id='word_1_470' title='bbox 2981 3258 3189 3330; x_wconf 84' lang='grc' dir='ltr'>βασιλεῖ</span> <span class='ocrx_word' id='word_1_471' title='bbox 3216 3256 3337 3309; x_wconf 81' lang='grc' dir='ltr'>Γέθ.</span> <span class='ocrx_word' id='word_1_472' title='bbox 3369 3255 3465 3308; x_wconf 75' lang='grc' dir='ltr'><strong>Διὸ</strong></span> <span class='ocrx_word' id='word_1_473' title='bbox 3497 3255 3565 3308; x_wconf 70' lang='grc' dir='ltr'>τὰ</span> <span class='ocrx_word' id='word_1_474' title='bbox 3594 3254 3680 3322; x_wconf 75' lang='grc' dir='ltr'>τῆς</span> 
     </span>
    </p>
   </div>
   <div class='ocr_carea' id='block_1_59' title="bbox 468 3355 2024 3430">
    <p class='ocr_par' dir='ltr' id='par_1_59' title="bbox 468 3355 2024 3430">
     <span class='ocr_line' id='line_1_59' title="bbox 468 3355 2024 3430; baseline -0.003 -17"><span class='ocrx_word' id='word_1_475' title='bbox 468 3357 537 3413; x_wconf 84' lang='lat' dir='ltr'><strong>In</strong></span> <span class='ocrx_word' id='word_1_476' title='bbox 565 3360 743 3429; x_wconf 78' lang='lat' dir='ltr'><strong>ﬁnem,</strong></span> <span class='ocrx_word' id='word_1_477' title='bbox 767 3376 861 3429; x_wconf 87' lang='lat' dir='ltr'><strong>pro</strong></span> <span class='ocrx_word' id='word_1_478' title='bbox 888 3360 1103 3430; x_wconf 85' lang='lat' dir='ltr'><strong>populo,</strong></span> <span class='ocrx_word' id='word_1_479' title='bbox 1135 3360 1225 3429; x_wconf 85' lang='lat' dir='ltr'><strong>qui</strong></span> <span class='ocrx_word' id='word_1_480' title='bbox 1259 3376 1291 3413; x_wconf 91' lang='lat' dir='ltr'><strong>a</strong></span> <span class='ocrx_word' id='word_1_481' title='bbox 1323 3360 1518 3414; x_wconf 78' lang='lat' dir='ltr'><strong>sanctis</strong></span> <span class='ocrx_word' id='word_1_482' title='bbox 1544 3357 1695 3427; x_wconf 89' lang='lat' dir='ltr'><strong>longe</strong></span> <span class='ocrx_word' id='word_1_483' title='bbox 1725 3355 1895 3425; x_wconf 81' lang='lat' dir='ltr'><strong>factus</strong></span> <span class='ocrx_word' id='word_1_484' title='bbox 1927 3364 2024 3421; x_wconf 88' lang='lat' dir='ltr'><strong>est,</strong></span> 
     </span>
    </p>
   </div>
   <div class='ocr_carea' id='block_1_60' title="bbox 466 3449 2028 3519">
    <p class='ocr_par' dir='ltr' id='par_1_60' title="bbox 466 3449 2028 3519">
     <span class='ocr_line' id='line_1_60' title="bbox 466 3449 2028 3519; baseline -0.004 -15"><span class='ocrx_word' id='word_1_485' title='bbox 466 3449 661 3504; x_wconf 83' lang='lat' dir='ltr'><strong>Davidi</strong></span> <span class='ocrx_word' id='word_1_486' title='bbox 698 3451 753 3503; x_wconf 88' lang='lat' dir='ltr'><strong>in</strong></span> <span class='ocrx_word' id='word_1_487' title='bbox 789 3450 931 3504; x_wconf 82' lang='lat' dir='ltr'><strong>tituli</strong></span> <span class='ocrx_word' id='word_1_488' title='bbox 958 3449 1375 3519; x_wconf 82' lang='lat' dir='ltr'><strong>inscriptionem,</strong></span> <span class='ocrx_word' id='word_1_489' title='bbox 1425 3465 1543 3503; x_wconf 88' lang='lat' dir='ltr'><strong>cum</strong></span> <span class='ocrx_word' id='word_1_490' title='bbox 1595 3454 1865 3501; x_wconf 86' lang='lat' dir='ltr'><strong>tenuerunt</strong></span> <span class='ocrx_word' id='word_1_491' title='bbox 1910 3461 2028 3499; x_wconf 86' lang='lat' dir='ltr'><strong>eum</strong></span> 
     </span>
    </p>
   </div>
   <div class='ocr_carea' id='block_1_61' title="bbox 468 3536 2023 3614">
    <p class='ocr_par' dir='ltr' id='par_1_61' title="bbox 468 3536 2023 3614">
     <span class='ocr_line' id='line_1_61' title="bbox 468 3536 2023 3614; baseline -0.006 -17"><span class='ocrx_word' id='word_1_492' title='bbox 468 3542 721 3614; x_wconf 84' lang='lat' dir='ltr'><strong>allopltyli</strong></span> <span class='ocrx_word' id='word_1_493' title='bbox 742 3544 799 3596; x_wconf 85' lang='lat' dir='ltr'><strong>in</strong></span> <span class='ocrx_word' id='word_1_494' title='bbox 832 3540 981 3598; x_wconf 78' lang='lat' dir='ltr'><strong>Geth.</strong></span> <span class='ocrx_word' id='word_1_495' title='bbox 1012 3539 1319 3597; x_wconf 89' lang='lat' dir='ltr'><strong>Secundum</strong></span> <span class='ocrx_word' id='word_1_496' title='bbox 1350 3538 1597 3611; x_wconf 85' lang='lat' dir='ltr'><strong>Aquilam</strong></span> <span class='ocrx_word' id='word_1_497' title='bbox 1640 3552 1768 3593; x_wconf 79' lang='lat' dir='ltr'><strong>vero</strong></span> <span class='ocrx_word' id='word_1_498' title='bbox 1789 3536 2023 3592; x_wconf 89' lang='lat' dir='ltr'><strong>dicitur:</strong></span> 
     </span>
    </p>
   </div>
   <div class='ocr_carea' id='block_1_62' title="bbox 478 3629 2027 3702">
    <p class='ocr_par' dir='ltr' id='par_1_62' title="bbox 478 3629 2027 3702">
     <span class='ocr_line' id='line_1_62' title="bbox 478 3629 2027 3702; baseline -0.005 -14"><span class='ocrx_word' id='word_1_499' title='bbox 478 3632 721 3688; x_wconf 74' lang='lat' dir='ltr'><strong>Victoria:</strong></span> <span class='ocrx_word' id='word_1_500' title='bbox 747 3633 951 3687; x_wconf 84' lang='lat' dir='ltr'><strong>auctori</strong></span> <span class='ocrx_word' id='word_1_501' title='bbox 981 3649 1076 3702; x_wconf 87' lang='lat' dir='ltr'><strong>pro</strong></span> <span class='ocrx_word' id='word_1_502' title='bbox 1096 3630 1335 3686; x_wconf 83' lang='lat' dir='ltr'><strong>columba</strong></span> <span class='ocrx_word' id='word_1_503' title='bbox 1359 3639 1525 3691; x_wconf 87' lang='lat' dir='ltr'><strong>muta.</strong></span> <span class='ocrx_word' id='word_1_504' title='bbox 1555 3629 2027 3700; x_wconf 87' lang='lat' dir='ltr'><strong>peregrinationum</strong></span> 
     </span>
    </p>
   </div>
   <div class='ocr_carea' id='block_1_63' title="bbox 465 3721 2028 3796">
    <p class='ocr_par' dir='ltr' id='par_1_63' title="bbox 465 3721 2028 3796">
     <span class='ocr_line' id='line_1_63' title="bbox 465 3721 2028 3796; baseline -0.005 -14"><span class='ocrx_word' id='word_1_505' title='bbox 465 3726 687 3782; x_wconf 78' lang='lat' dir='ltr'><strong>Daridis</strong></span> <span class='ocrx_word' id='word_1_506' title='bbox 717 3726 931 3781; x_wconf 80' lang='lat' dir='ltr'><strong>humilis</strong></span> <span class='ocrx_word' id='word_1_507' title='bbox 964 3725 1208 3796; x_wconf 78' lang='lat' dir='ltr'><strong>perfecti,</strong></span> <span class='ocrx_word' id='word_1_508' title='bbox 1254 3742 1370 3779; x_wconf 91' lang='lat' dir='ltr'><strong>cum</strong></span> <span class='ocrx_word' id='word_1_509' title='bbox 1414 3731 1688 3780; x_wconf 83' lang='lat' dir='ltr'><strong>tenuerunt</strong></span> <span class='ocrx_word' id='word_1_510' title='bbox 1726 3739 1840 3777; x_wconf 87' lang='lat' dir='ltr'><strong>eum</strong></span> <span class='ocrx_word' id='word_1_511' title='bbox 1889 3721 2028 3791; x_wconf 78' lang='lat' dir='ltr'><strong>Phy-</strong></span> 
     </span>
    </p>
   </div>
   <div class='ocr_carea' id='block_1_64' title="bbox 468 3817 2029 3892">
    <p class='ocr_par' dir='ltr' id='par_1_64' title="bbox 468 3817 2029 3892">
     <span class='ocr_line' id='line_1_64' title="bbox 468 3817 2029 3892; baseline -0.004 -15"><span class='ocrx_word' id='word_1_512' title='bbox 468 3822 624 3877; x_wconf 69' lang='lat' dir='ltr'><strong>listazi</strong></span> <span class='ocrx_word' id='word_1_513' title='bbox 652 3823 703 3876; x_wconf 90' lang='lat' dir='ltr'><strong>in</strong></span> <span class='ocrx_word' id='word_1_514' title='bbox 726 3820 885 3886; x_wconf 82' lang='lat' dir='ltr'><strong>Ceth;</strong></span> <span class='ocrx_word' id='word_1_515' title='bbox 911 3821 1208 3878; x_wconf 90' lang='lat' dir='ltr'><strong>secundum</strong></span> <span class='ocrx_word' id='word_1_516' title='bbox 1229 3818 1611 3892; x_wconf 87' lang='lat' dir='ltr'><strong>Symmachum</strong></span> <span class='ocrx_word' id='word_1_517' title='bbox 1632 3833 1793 3873; x_wconf 85' lang='lat' dir='ltr'><strong>vero:</strong></span> <span class='ocrx_word' id='word_1_518' title='bbox 1825 3817 2029 3871; x_wconf 86' lang='lat' dir='ltr'><strong>Trium-</strong></span> 
     </span>
    </p>
   </div>
   <div class='ocr_carea' id='block_1_65' title="bbox 466 3908 2028 3986">
    <p class='ocr_par' dir='ltr' id='par_1_65' title="bbox 466 3908 2028 3986">
     <span class='ocr_line' id='line_1_65' title="bbox 466 3908 2028 3986; baseline -0.006 -17"><span class='ocrx_word' id='word_1_519' title='bbox 466 3915 620 3986; x_wconf 83' lang='lat' dir='ltr'><strong>phale</strong></span> <span class='ocrx_word' id='word_1_520' title='bbox 650 3931 743 3983; x_wconf 90' lang='lat' dir='ltr'><strong>pro</strong></span> <span class='ocrx_word' id='word_1_521' title='bbox 777 3912 1039 3979; x_wconf 83' lang='lat' dir='ltr'><strong>columba,</strong></span> <span class='ocrx_word' id='word_1_522' title='bbox 1070 3928 1165 3982; x_wconf 88' lang='lat' dir='ltr'><strong>pro</strong></span> <span class='ocrx_word' id='word_1_523' title='bbox 1193 3919 1339 3983; x_wconf 87' lang='lat' dir='ltr'><strong>gente</strong></span> <span class='ocrx_word' id='word_1_524' title='bbox 1360 3911 1569 3981; x_wconf 76' lang='lat' dir='ltr'><strong>repulsa</strong></span> <span class='ocrx_word' id='word_1_525' title='bbox 1592 3908 1832 3974; x_wconf 88' lang='lat' dir='ltr'><strong>Davidis,</strong></span> <span class='ocrx_word' id='word_1_526' title='bbox 1861 3908 2028 3961; x_wconf 84' lang='lat' dir='ltr'><strong>humi-</strong></span> 
     </span>
    </p>
   </div>
   <div class='ocr_carea' id='block_1_66' title="bbox 468 3999 2027 4074">
    <p class='ocr_par' dir='ltr' id='par_1_66' title="bbox 468 3999 2027 4074">
     <span class='ocr_line' id='line_1_66' title="bbox 468 3999 2027 4074; baseline -0.001 -17"><span class='ocrx_word' id='word_1_527' title='bbox 468 4006 535 4059; x_wconf 89' lang='lat' dir='ltr'><strong>lis</strong></span> <span class='ocrx_word' id='word_1_528' title='bbox 569 4016 617 4059; x_wconf 86' lang='lat' dir='ltr'><strong>et</strong></span> <span class='ocrx_word' id='word_1_529' title='bbox 650 4005 935 4073; x_wconf 80' lang='lat' dir='ltr'><strong>inculpati:</strong></span> <span class='ocrx_word' id='word_1_530' title='bbox 966 4002 1175 4074; x_wconf 85' lang='lat' dir='ltr'><strong>quando</strong></span> <span class='ocrx_word' id='word_1_531' title='bbox 1222 4002 1554 4057; x_wconf 86' lang='lat' dir='ltr'><strong>detinuerunt</strong></span> <span class='ocrx_word' id='word_1_532' title='bbox 1584 4017 1699 4055; x_wconf 90' lang='lat' dir='ltr'><strong>eum</strong></span> <span class='ocrx_word' id='word_1_533' title='bbox 1751 3999 2027 4070; x_wconf 76' lang='lat' dir='ltr'><strong>Pliylistwi</strong></span> 
     </span>
    </p>
   </div>
   <div class='ocr_carea' id='block_1_67' title="bbox 466 4092 2026 4164">
    <p class='ocr_par' dir='ltr' id='par_1_67' title="bbox 466 4092 2026 4164">
     <span class='ocr_line' id='line_1_67' title="bbox 466 4092 2026 4164; baseline -0.001 -14"><span class='ocrx_word' id='word_1_534' title='bbox 466 4097 523 4150; x_wconf 87' lang='lat' dir='ltr'><strong>in</strong></span> <span class='ocrx_word' id='word_1_535' title='bbox 552 4095 701 4150; x_wconf 85' lang='lat' dir='ltr'><strong>Geth.</strong></span> <span class='ocrx_word' id='word_1_536' title='bbox 734 4095 933 4162; x_wconf 89' lang='lat' dir='ltr'><strong>Quinta</strong></span> <span class='ocrx_word' id='word_1_537' title='bbox 963 4102 1142 4149; x_wconf 88' lang='lat' dir='ltr'><strong>autem</strong></span> <span class='ocrx_word' id='word_1_538' title='bbox 1173 4094 1340 4149; x_wconf 86' lang='lat' dir='ltr'><strong>editio</strong></span> <span class='ocrx_word' id='word_1_539' title='bbox 1369 4113 1383 4149; x_wconf 90' lang='lat'><strong>:</strong></span> <span class='ocrx_word' id='word_1_540' title='bbox 1420 4092 1664 4148; x_wconf 78' lang='lat' dir='ltr'><strong>Victoria:</strong></span> <span class='ocrx_word' id='word_1_541' title='bbox 1693 4096 1900 4148; x_wconf 82' lang='lat' dir='ltr'><strong>auctori</strong></span> <span class='ocrx_word' id='word_1_542' title='bbox 1931 4110 2026 4164; x_wconf 90' lang='lat' dir='ltr'><strong>pro</strong></span> 
     </span>
    </p>
   </div>
   <div class='ocr_carea' id='block_1_68' title="bbox 468 4184 2028 4257">
    <p class='ocr_par' dir='ltr' id='par_1_68' title="bbox 468 4184 2028 4257">
     <span class='ocr_line' id='line_1_68' title="bbox 468 4184 2028 4257; baseline -0.003 -16"><span class='ocrx_word' id='word_1_543' title='bbox 468 4187 709 4242; x_wconf 88' lang='lat' dir='ltr'><strong>columba</strong></span> <span class='ocrx_word' id='word_1_544' title='bbox 740 4186 998 4256; x_wconf 72' lang='lat' dir='ltr'><strong>impedita:</strong></span> <span class='ocrx_word' id='word_1_545' title='bbox 1029 4187 1239 4257; x_wconf 65' lang='lat' dir='ltr'><strong>linguae,</strong></span> <span class='ocrx_word' id='word_1_546' title='bbox 1267 4185 1690 4240; x_wconf 87' lang='lat' dir='ltr'><strong>absconditorum</strong></span> <span class='ocrx_word' id='word_1_547' title='bbox 1726 4184 1938 4252; x_wconf 87' lang='lat' dir='ltr'><strong>Davidi,</strong></span> <span class='ocrx_word' id='word_1_548' title='bbox 1970 4187 2028 4238; x_wconf 87' lang='lat' dir='ltr'><strong>in</strong></span> 
     </span>
    </p>
   </div>
   <div class='ocr_carea' id='block_1_69' title="bbox 470 4276 2028 4349">
    <p class='ocr_par' dir='ltr' id='par_1_69' title="bbox 470 4276 2028 4349">
     <span class='ocr_line' id='line_1_69' title="bbox 470 4276 2028 4349; baseline -0.003 -16"><span class='ocrx_word' id='word_1_549' title='bbox 470 4279 611 4333; x_wconf 88' lang='lat' dir='ltr'><strong>tituli</strong></span> <span class='ocrx_word' id='word_1_550' title='bbox 640 4279 1053 4348; x_wconf 84' lang='lat' dir='ltr'><strong>inscriptionem,</strong></span> <span class='ocrx_word' id='word_1_551' title='bbox 1075 4278 1284 4349; x_wconf 85' lang='lat' dir='ltr'><strong>quando</strong></span> <span class='ocrx_word' id='word_1_552' title='bbox 1310 4286 1582 4333; x_wconf 87' lang='lat' dir='ltr'><strong>tenuerunt</strong></span> <span class='ocrx_word' id='word_1_553' title='bbox 1608 4293 1725 4332; x_wconf 87' lang='lat' dir='ltr'><strong>eum</strong></span> <span class='ocrx_word' id='word_1_554' title='bbox 1767 4276 2028 4346; x_wconf 81' lang='lat' dir='ltr'><strong>allophyli</strong></span> 
     </span>
    </p>
   </div>
   <div class='ocr_carea' id='block_1_70' title="bbox 467 4367 2027 4438">
    <p class='ocr_par' dir='ltr' id='par_1_70' title="bbox 467 4367 2027 4438">
     <span class='ocr_line' id='line_1_70' title="bbox 467 4367 2027 4438; baseline -0.002 -14"><span class='ocrx_word' id='word_1_555' title='bbox 467 4372 523 4427; x_wconf 87' lang='lat' dir='ltr'><strong>in</strong></span> <span class='ocrx_word' id='word_1_556' title='bbox 560 4369 689 4426; x_wconf 78' lang='lat' dir='ltr'><strong>Getli</strong></span> <span class='ocrx_word' id='word_1_557' title='bbox 716 4386 734 4434; x_wconf 90' lang='lat'><em>;</em></span> <span class='ocrx_word' id='word_1_558' title='bbox 766 4369 1065 4426; x_wconf 91' lang='lat' dir='ltr'><strong>Theodotio</strong></span> <span class='ocrx_word' id='word_1_559' title='bbox 1095 4371 1214 4426; x_wconf 94' lang='lat' dir='ltr'><strong>loco</strong></span> <span class='ocrx_word' id='word_1_560' title='bbox 1250 4370 1425 4436; x_wconf 90' lang='lat' dir='ltr'><strong>illius,</strong></span> <span class='ocrx_word' id='word_1_561' title='bbox 1466 4368 1571 4423; x_wconf 89' lang='lat' dir='ltr'><strong>Pro</strong></span> <span class='ocrx_word' id='word_1_562' title='bbox 1602 4367 1821 4437; x_wconf 82' lang='lat' dir='ltr'><strong>populo,</strong></span> <span class='ocrx_word' id='word_1_563' title='bbox 1874 4369 1962 4438; x_wconf 89' lang='lat' dir='ltr'><strong>qui</strong></span> <span class='ocrx_word' id='word_1_564' title='bbox 1994 4385 2027 4421; x_wconf 88' lang='lat' dir='ltr'><strong>a</strong></span> 
     </span>
    </p>
   </div>
   <div class='ocr_carea' id='block_1_71' title="bbox 466 4459 2024 4533">
    <p class='ocr_par' dir='ltr' id='par_1_71' title="bbox 466 4459 2024 4533">
     <span class='ocr_line' id='line_1_71' title="bbox 466 4459 2024 4533; baseline -0.001 -17"><span class='ocrx_word' id='word_1_565' title='bbox 466 4464 665 4517; x_wconf 84' lang='lat' dir='ltr'><strong>sanctis</strong></span> <span class='ocrx_word' id='word_1_566' title='bbox 697 4461 849 4533; x_wconf 88' lang='lat' dir='ltr'><strong>longe</strong></span> <span class='ocrx_word' id='word_1_567' title='bbox 878 4462 1050 4532; x_wconf 78' lang='lat' dir='ltr'><strong>factus</strong></span> <span class='ocrx_word' id='word_1_568' title='bbox 1077 4477 1176 4524; x_wconf 83' lang='lat' dir='ltr'><strong>est.</strong></span> <span class='ocrx_word' id='word_1_569' title='bbox 1202 4462 1406 4532; x_wconf 86' lang='lat' dir='ltr'><strong>pariter</strong></span> <span class='ocrx_word' id='word_1_570' title='bbox 1448 4475 1571 4515; x_wconf 91' lang='lat' dir='ltr'><strong>cum</strong></span> <span class='ocrx_word' id='word_1_571' title='bbox 1607 4459 1749 4526; x_wconf 87' lang='lat' dir='ltr'><strong>aliis,</strong></span> <span class='ocrx_word' id='word_1_572' title='bbox 1794 4474 1888 4529; x_wconf 91' lang='lat' dir='ltr'><strong>pro</strong></span> <span class='ocrx_word' id='word_1_573' title='bbox 1934 4476 2024 4514; x_wconf 87' lang='lat' dir='ltr'><strong>co-</strong></span> 
     </span>
    </p>
   </div>
   <div class='ocr_carea' id='block_1_72' title="bbox 466 4551 2025 4625">
    <p class='ocr_par' dir='ltr' id='par_1_72' title="bbox 466 4551 2025 4625">
     <span class='ocr_line' id='line_1_72' title="bbox 466 4551 2025 4625; baseline -0.001 -18"><span class='ocrx_word' id='word_1_574' title='bbox 466 4553 647 4608; x_wconf 89' lang='lat' dir='ltr'><strong>lumba</strong></span> <span class='ocrx_word' id='word_1_575' title='bbox 692 4554 1075 4625; x_wconf 88' lang='lat' dir='ltr'><strong>interpretatus</strong></span> <span class='ocrx_word' id='word_1_576' title='bbox 1107 4561 1210 4609; x_wconf 88' lang='lat' dir='ltr'><strong>est.</strong></span> <span class='ocrx_word' id='word_1_577' title='bbox 1243 4551 1498 4608; x_wconf 89' lang='lat' dir='ltr'><strong>Fortasse</strong></span> <span class='ocrx_word' id='word_1_578' title='bbox 1526 4567 1657 4607; x_wconf 88' lang='lat' dir='ltr'><strong>vero</strong></span> <span class='ocrx_word' id='word_1_579' title='bbox 1684 4553 1776 4623; x_wconf 89' lang='lat' dir='ltr'><strong>qui</strong></span> <span class='ocrx_word' id='word_1_580' title='bbox 1814 4553 2025 4607; x_wconf 87' lang='lat' dir='ltr'><strong>colum-</strong></span> 
     </span>
    </p>
   </div>
   <div class='ocr_carea' id='block_1_73' title="bbox 466 4644 2025 4716">
    <p class='ocr_par' dir='ltr' id='par_1_73' title="bbox 466 4644 2025 4716">
     <span class='ocr_line' id='line_1_73' title="bbox 466 4644 2025 4716; baseline -0.001 -16"><span class='ocrx_word' id='word_1_581' title='bbox 466 4645 591 4707; x_wconf 87' lang='lat' dir='ltr'><strong>bam</strong></span> <span class='ocrx_word' id='word_1_582' title='bbox 626 4653 851 4711; x_wconf 86' lang='lat' dir='ltr'><strong>mutam,</strong></span> <span class='ocrx_word' id='word_1_583' title='bbox 880 4654 972 4701; x_wconf 85' lang='lat' dir='ltr'><strong>aut</strong></span> <span class='ocrx_word' id='word_1_584' title='bbox 1001 4646 1194 4716; x_wconf 69' lang='lat' dir='ltr'><strong>lingua:</strong></span> <span class='ocrx_word' id='word_1_585' title='bbox 1218 4644 1487 4716; x_wconf 76' lang='lat' dir='ltr'><strong>impeditae</strong></span> <span class='ocrx_word' id='word_1_586' title='bbox 1513 4645 1820 4710; x_wconf 90' lang='lat' dir='ltr'><strong>ediderunt,</strong></span> <span class='ocrx_word' id='word_1_587' title='bbox 1849 4646 2025 4716; x_wconf 88' lang='lat' dir='ltr'><strong>ipsum</strong></span> 
     </span>
    </p>
   </div>
   <div class='ocr_carea' id='block_1_74' title="bbox 466 4733 2028 4807">
    <p class='ocr_par' dir='ltr' id='par_1_74' title="bbox 466 4733 2028 4807">
     <span class='ocr_line' id='line_1_74' title="bbox 466 4733 2028 4807; baseline -0.003 -17"><span class='ocrx_word' id='word_1_588' title='bbox 466 4735 723 4794; x_wconf 88' lang='lat' dir='ltr'><strong>Davidem</strong></span> <span class='ocrx_word' id='word_1_589' title='bbox 752 4737 893 4807; x_wconf 89' lang='lat' dir='ltr'><strong>apud</strong></span> <span class='ocrx_word' id='word_1_590' title='bbox 943 4736 1241 4807; x_wconf 81' lang='lat' dir='ltr'><strong>allophylos</strong></span> <span class='ocrx_word' id='word_1_591' title='bbox 1287 4743 1590 4790; x_wconf 81' lang='lat' dir='ltr'><strong>versantem</strong></span> <span class='ocrx_word' id='word_1_592' title='bbox 1647 4733 2028 4799; x_wconf 88' lang='lat' dir='ltr'><strong>subiudicant;</strong></span> 
     </span>
    </p>
   </div>
   <div class='ocr_carea' id='block_1_75' title="bbox 467 4825 2029 4897">
    <p class='ocr_par' dir='ltr' id='par_1_75' title="bbox 467 4825 2029 4897">
     <span class='ocr_line' id='line_1_75' title="bbox 467 4825 2029 4897; baseline -0.004 -14"><span class='ocrx_word' id='word_1_593' title='bbox 467 4828 560 4884; x_wconf 87' lang='lat' dir='ltr'><strong>ubi</strong></span> <span class='ocrx_word' id='word_1_594' title='bbox 594 4837 858 4885; x_wconf 87' lang='lat' dir='ltr'><strong>consueto</strong></span> <span class='ocrx_word' id='word_1_595' title='bbox 906 4843 1056 4883; x_wconf 91' lang='lat' dir='ltr'><strong>more</strong></span> <span class='ocrx_word' id='word_1_596' title='bbox 1096 4842 1207 4881; x_wconf 90' lang='lat' dir='ltr'><strong>non</strong></span> <span class='ocrx_word' id='word_1_597' title='bbox 1262 4833 1473 4896; x_wconf 85' lang='lat' dir='ltr'><strong>poterat</strong></span> <span class='ocrx_word' id='word_1_598' title='bbox 1506 4825 1562 4880; x_wconf 89' lang='lat' dir='ltr'><strong>in</strong></span> <span class='ocrx_word' id='word_1_599' title='bbox 1603 4825 1807 4897; x_wconf 91' lang='lat' dir='ltr'><strong>Spiritu</strong></span> <span class='ocrx_word' id='word_1_600' title='bbox 1841 4832 2029 4881; x_wconf 88' lang='lat' dir='ltr'><strong>sancto</strong></span> 
     </span>
    </p>
   </div>
   <div class='ocr_carea' id='block_1_76' title="bbox 464 4914 2030 4993">
    <p class='ocr_par' dir='ltr' id='par_1_76' title="bbox 464 4914 2030 4993">
     <span class='ocr_line' id='line_1_76' title="bbox 464 4914 2030 4993; baseline -0.004 -18"><span class='ocrx_word' id='word_1_601' title='bbox 464 4921 778 4993; x_wconf 88' lang='lat' dir='ltr'><strong>prophetias</strong></span> <span class='ocrx_word' id='word_1_602' title='bbox 793 4935 967 4989; x_wconf 88' lang='lat' dir='ltr'><strong>neque</strong></span> <span class='ocrx_word' id='word_1_603' title='bbox 983 4917 1313 4975; x_wconf 86' lang='lat' dir='ltr'><strong>conﬁdenter</strong></span> <span class='ocrx_word' id='word_1_604' title='bbox 1328 4917 1555 4988; x_wconf 85' lang='lat' dir='ltr'><strong>hymnos</strong></span> <span class='ocrx_word' id='word_1_605' title='bbox 1573 4916 1832 4987; x_wconf 82' lang='lat' dir='ltr'><strong>proferre.</strong></span> <span class='ocrx_word' id='word_1_606' title='bbox 1852 4914 2030 4982; x_wconf 87' lang='lat' dir='ltr'><strong>Quare</strong></span> 
     </span>
    </p>
   </div>
   <div class='ocr_carea' id='block_1_77' title="bbox 466 5011 2027 5083">
    <p class='ocr_par' dir='ltr' id='par_1_77' title="bbox 466 5011 2027 5083">
     <span class='ocr_line' id='line_1_77' title="bbox 466 5011 2027 5083; baseline -0.005 -14"><span class='ocrx_word' id='word_1_607' title='bbox 466 5014 774 5075; x_wconf 84' lang='lat' dir='ltr'><strong>columbam</strong></span> <span class='ocrx_word' id='word_1_608' title='bbox 792 5014 989 5083; x_wconf 69' lang='lat' dir='ltr'><strong>lingua:</strong></span> <span class='ocrx_word' id='word_1_609' title='bbox 1005 5011 1274 5081; x_wconf 86' lang='lat' dir='ltr'><strong>impeditae</strong></span> <span class='ocrx_word' id='word_1_610' title='bbox 1289 5012 1403 5066; x_wconf 86' lang='lat' dir='ltr'><strong>sive</strong></span> <span class='ocrx_word' id='word_1_611' title='bbox 1418 5018 1624 5064; x_wconf 84' lang='lat' dir='ltr'><strong>mutam</strong></span> <span class='ocrx_word' id='word_1_612' title='bbox 1643 5023 1857 5080; x_wconf 87' lang='lat' dir='ltr'><strong>quoque</strong></span> <span class='ocrx_word' id='word_1_613' title='bbox 1874 5024 2027 5062; x_wconf 82' lang='lat' dir='ltr'><strong>voca-</strong></span> 
     </span>
    </p>
   </div>
   <div class='ocr_carea' id='block_1_78' title="bbox 470 5100 2019 5175">
    <p class='ocr_par' dir='ltr' id='par_1_78' title="bbox 470 5100 2019 5175">
     <span class='ocr_line' id='line_1_78' title="bbox 470 5100 2019 5175; baseline -0.005 -15"><span class='ocrx_word' id='word_1_614' title='bbox 470 5105 604 5160; x_wconf 82' lang='lat' dir='ltr'><strong>bant</strong></span> <span class='ocrx_word' id='word_1_615' title='bbox 626 5105 827 5175; x_wconf 92' lang='lat' dir='ltr'><strong>ipsum.</strong></span> <span class='ocrx_word' id='word_1_616' title='bbox 848 5101 906 5158; x_wconf 91' lang='lat' dir='ltr'><strong>In</strong></span> <span class='ocrx_word' id='word_1_617' title='bbox 927 5102 1250 5173; x_wconf 70' lang='lat' dir='ltr'><strong>prmcedcnti</strong></span> <span class='ocrx_word' id='word_1_618' title='bbox 1272 5116 1402 5155; x_wconf 89' lang='lat' dir='ltr'><strong>sane</strong></span> <span class='ocrx_word' id='word_1_619' title='bbox 1416 5101 1627 5171; x_wconf 84' lang='lat' dir='ltr'><strong>psalmo</strong></span> <span class='ocrx_word' id='word_1_620' title='bbox 1654 5100 1861 5153; x_wconf 88' lang='lat' dir='ltr'><strong>dictum</strong></span> <span class='ocrx_word' id='word_1_621' title='bbox 1894 5106 1977 5155; x_wconf 87' lang='lat' dir='ltr'><strong>est</strong></span> <span class='ocrx_word' id='word_1_622' title='bbox 2004 5118 2019 5152; x_wconf 73' lang='grc' dir='ltr'><strong>τ</strong></span> 
     </span>
    </p>
   </div>
   <div class='ocr_carea' id='block_1_79' title="bbox 471 5190 2024 5263">
    <p class='ocr_par' dir='ltr' id='par_1_79' title="bbox 471 5190 2024 5263">
     <span class='ocr_line' id='line_1_79' title="bbox 471 5190 2024 5263; baseline -0.003 -15"><span class='ocrx_word' id='word_1_623' title='bbox 471 5195 603 5262; x_wconf 84' lang='lat' dir='ltr'><strong>Quis</strong></span> <span class='ocrx_word' id='word_1_624' title='bbox 652 5195 799 5250; x_wconf 86' lang='lat' dir='ltr'><strong>dabit</strong></span> <span class='ocrx_word' id='word_1_625' title='bbox 828 5194 956 5248; x_wconf 78' lang='lat' dir='ltr'><strong>mihi</strong></span> <span class='ocrx_word' id='word_1_626' title='bbox 984 5210 1180 5263; x_wconf 87' lang='lat' dir='ltr'><strong>pennas</strong></span> <span class='ocrx_word' id='word_1_627' title='bbox 1239 5194 1375 5248; x_wconf 85' lang='lat' dir='ltr'><strong>sicut</strong></span> <span class='ocrx_word' id='word_1_628' title='bbox 1411 5192 1704 5248; x_wconf 63' lang='lat' dir='ltr'><strong>columbis?</strong></span> <span class='ocrx_word' id='word_1_629' title='bbox 1737 5190 1805 5244; x_wconf 87' lang='lat' dir='ltr'><strong>Et</strong></span> <span class='ocrx_word' id='word_1_630' title='bbox 1844 5190 2024 5245; x_wconf 84' lang='lat' dir='ltr'><strong>volabo</strong></span> 
     </span>
    </p>
   </div>
   <div class='ocr_carea' id='block_1_80' title="bbox 465 5282 2024 5354">
    <p class='ocr_par' dir='ltr' id='par_1_80' title="bbox 465 5282 2024 5354">
     <span class='ocr_line' id='line_1_80' title="bbox 465 5282 2024 5354; baseline -0.003 -17"><span class='ocrx_word' id='word_1_631' title='bbox 465 5293 514 5337; x_wconf 83' lang='lat' dir='ltr'><strong>et</strong></span> <span class='ocrx_word' id='word_1_632' title='bbox 560 5286 898 5353; x_wconf 84' lang='lat' dir='ltr'><strong>requiescam.</strong></span> <span class='ocrx_word' id='word_1_633' title='bbox 953 5283 1122 5354; x_wconf 88' lang='lat' dir='ltr'><strong>Longe</strong></span> <span class='ocrx_word' id='word_1_634' title='bbox 1163 5283 1395 5352; x_wconf 76' lang='lat' dir='ltr'><strong>fecissem</strong></span> <span class='ocrx_word' id='word_1_635' title='bbox 1443 5282 1781 5337; x_wconf 85' lang='lat' dir='ltr'><strong>secessionem</strong></span> <span class='ocrx_word' id='word_1_636' title='bbox 1826 5297 2024 5346; x_wconf 89' lang='lat' dir='ltr'><strong>meam,</strong></span> 
     </span>
    </p>
   </div>
   <div class='ocr_carea' id='block_1_81' title="bbox 468 5371 2022 5443">
    <p class='ocr_par' dir='ltr' id='par_1_81' title="bbox 468 5371 2022 5443">
     <span class='ocr_line' id='line_1_81' title="bbox 468 5371 2022 5443; baseline 0.001 -19"><span class='ocrx_word' id='word_1_637' title='bbox 468 5372 786 5427; x_wconf 82' lang='lat' dir='ltr'><strong>habitassem</strong></span> <span class='ocrx_word' id='word_1_638' title='bbox 825 5375 879 5427; x_wconf 89' lang='lat' dir='ltr'><strong>in</strong></span> <span class='ocrx_word' id='word_1_639' title='bbox 925 5372 1125 5427; x_wconf 85' lang='lat' dir='ltr'><strong>deserto</strong></span> <span class='ocrx_word' id='word_1_640' title='bbox 1158 5373 1236 5437; x_wconf 72' lang='lat'><strong>“,</strong></span> <span class='ocrx_word' id='word_1_641' title='bbox 1270 5372 1565 5429; x_wconf 87' lang='lat' dir='ltr'><strong>secundum</strong></span> <span class='ocrx_word' id='word_1_642' title='bbox 1618 5371 2022 5443; x_wconf 80' lang='lat' dir='ltr'><strong>Symmachum.</strong></span> 
     </span>
    </p>
   </div>
   <div class='ocr_carea' id='block_1_82' title="bbox 474 5462 2026 5537">
    <p class='ocr_par' dir='ltr' id='par_1_82' title="bbox 474 5462 2026 5537">
     <span class='ocr_line' id='line_1_82' title="bbox 474 5462 2026 5537; baseline 0 -20"><span class='ocrx_word' id='word_1_643' title='bbox 474 5463 739 5528; x_wconf 88' lang='lat' dir='ltr'><strong>Quoniam</strong></span> <span class='ocrx_word' id='word_1_644' title='bbox 789 5465 955 5536; x_wconf 84' lang='lat' dir='ltr'><strong>igitur</strong></span> <span class='ocrx_word' id='word_1_645' title='bbox 984 5465 1218 5537; x_wconf 86' lang='lat' dir='ltr'><strong>Spiritus</strong></span> <span class='ocrx_word' id='word_1_646' title='bbox 1250 5476 1490 5531; x_wconf 90' lang='lat' dir='ltr'><strong>sanctus,</strong></span> <span class='ocrx_word' id='word_1_647' title='bbox 1523 5464 1615 5534; x_wconf 90' lang='lat' dir='ltr'><strong>qui</strong></span> <span class='ocrx_word' id='word_1_648' title='bbox 1658 5465 1712 5519; x_wconf 88' lang='lat' dir='ltr'><strong>in</strong></span> <span class='ocrx_word' id='word_1_649' title='bbox 1757 5462 2026 5533; x_wconf 81' lang='lat' dir='ltr'><strong>PrOpheta</strong></span> 
     </span>
    </p>
   </div>
   <div class='ocr_carea' id='block_1_83' title="bbox 467 5549 2025 5624">
    <p class='ocr_par' dir='ltr' id='par_1_83' title="bbox 467 5549 2025 5624">
     <span class='ocr_line' id='line_1_83' title="bbox 467 5549 2025 5624; baseline -0.001 -18"><span class='ocrx_word' id='word_1_650' title='bbox 467 5554 831 5623; x_wconf 79' lang='lat' dir='ltr'><strong>operabatur,</strong></span> <span class='ocrx_word' id='word_1_651' title='bbox 878 5556 1078 5624; x_wconf 89' lang='lat' dir='ltr'><strong>quique</strong></span> <span class='ocrx_word' id='word_1_652' title='bbox 1124 5556 1177 5609; x_wconf 91' lang='lat' dir='ltr'><strong>in</strong></span> <span class='ocrx_word' id='word_1_653' title='bbox 1211 5554 1471 5609; x_wconf 70' lang='lat' dir='ltr'><strong>columba:</strong></span> <span class='ocrx_word' id='word_1_654' title='bbox 1528 5554 1707 5623; x_wconf 87' lang='lat' dir='ltr'><strong>specie</strong></span> <span class='ocrx_word' id='word_1_655' title='bbox 1740 5552 1792 5605; x_wconf 91' lang='lat' dir='ltr'><strong>in</strong></span> <span class='ocrx_word' id='word_1_656' title='bbox 1829 5549 2025 5605; x_wconf 86' lang='lat' dir='ltr'><strong>Serva-</strong></span> 
     </span>
    </p>
   </div>
   <div class='ocr_carea' id='block_1_84' title="bbox 468 5642 2028 5711">
    <p class='ocr_par' dir='ltr' id='par_1_84' title="bbox 468 5642 2028 5711">
     <span class='ocr_line' id='line_1_84' title="bbox 468 5642 2028 5711; baseline -0.002 -13"><span class='ocrx_word' id='word_1_657' title='bbox 468 5652 641 5699; x_wconf 86' lang='lat' dir='ltr'><strong>torem</strong></span> <span class='ocrx_word' id='word_1_658' title='bbox 696 5642 1043 5702; x_wconf 85' lang='lat' dir='ltr'><strong>descendisse</strong></span> <span class='ocrx_word' id='word_1_659' title='bbox 1091 5655 1385 5711; x_wconf 91' lang='lat' dir='ltr'><strong>narratur,</strong></span> <span class='ocrx_word' id='word_1_660' title='bbox 1451 5659 1575 5699; x_wconf 89' lang='lat' dir='ltr'><strong>cum</strong></span> <span class='ocrx_word' id='word_1_661' title='bbox 1624 5643 1890 5698; x_wconf 87' lang='lat' dir='ltr'><strong>delicatus</strong></span> <span class='ocrx_word' id='word_1_662' title='bbox 1944 5643 2028 5710; x_wconf 84' lang='lat' dir='ltr'><strong>in-</strong></span> 
     </span>
    </p>
   </div>
   <div class='ocr_carea' id='block_1_85' title="bbox 2127 3346 3681 3430">
    <p class='ocr_par' dir='ltr' id='par_1_85' title="bbox 2127 3346 3681 3430">
     <span class='ocr_line' id='line_1_85' title="bbox 2127 3346 3681 3430; baseline -0.009 -18"><span class='ocrx_word' id='word_1_663' title='bbox 2127 3357 2447 3430; x_wconf 80' lang='grc' dir='ltr'>προγραφῆς</span> <span class='ocrx_word' id='word_1_664' title='bbox 2474 3355 2741 3427; x_wconf 79' lang='grc' dir='ltr'>περιέχει·</span> <span class='ocrx_word' id='word_1_665' title='bbox 2772 3355 2876 3419; x_wconf 74' lang='grc' dir='ltr'>Εἰς</span> <span class='ocrx_word' id='word_1_666' title='bbox 2898 3350 2964 3405; x_wconf 86' lang='grc' dir='ltr'>τὸ</span> <span class='ocrx_word' id='word_1_667' title='bbox 2991 3351 3178 3417; x_wconf 81' lang='grc' dir='ltr'>τέλος,</span> <span class='ocrx_word' id='word_1_668' title='bbox 3197 3347 3347 3417; x_wconf 82' lang='grc' dir='ltr'>ὑπὲρ</span> <span class='ocrx_word' id='word_1_669' title='bbox 3378 3347 3489 3401; x_wconf 79' lang='grc' dir='ltr'>τοῦ</span> <span class='ocrx_word' id='word_1_670' title='bbox 3518 3346 3681 3409; x_wconf 75' lang='grc' dir='ltr'>λαοῦ,</span> 
     </span>
    </p>
   </div>
   <div class='ocr_carea' id='block_1_86' title="bbox 2125 3434 3677 3513">
    <p class='ocr_par' dir='ltr' id='par_1_86' title="bbox 2125 3434 3677 3513">
     <span class='ocr_line' id='line_1_86' title="bbox 2125 3434 3677 3513; baseline -0.01 -11"><span class='ocrx_word' id='word_1_671' title='bbox 2125 3448 2231 3502; x_wconf 85' lang='grc' dir='ltr'>τοῦ</span> <span class='ocrx_word' id='word_1_672' title='bbox 2276 3445 2394 3501; x_wconf 77' lang='grc' dir='ltr'>ἀπὸ</span> <span class='ocrx_word' id='word_1_673' title='bbox 2445 3444 2555 3499; x_wconf 79' lang='grc' dir='ltr'>τῶν</span> <span class='ocrx_word' id='word_1_674' title='bbox 2597 3444 2777 3513; x_wconf 77' lang='grc' dir='ltr'>ἁγίων</span> <span class='ocrx_word' id='word_1_675' title='bbox 2818 3437 3333 3511; x_wconf 77' lang='grc' dir='ltr'>μεμακρυμμένου,</span> <span class='ocrx_word' id='word_1_676' title='bbox 3383 3435 3464 3506; x_wconf 82' lang='grc' dir='ltr'>τῷ</span> <span class='ocrx_word' id='word_1_677' title='bbox 3510 3434 3677 3496; x_wconf 61' lang='lat' dir='ltr'><strong>Accii),</strong></span> 
     </span>
    </p>
   </div>
   <div class='ocr_carea' id='block_1_87' title="bbox 2128 3527 3679 3611">
    <p class='ocr_par' dir='ltr' id='par_1_87' title="bbox 2128 3527 3679 3611">
     <span class='ocr_line' id='line_1_87' title="bbox 2128 3527 3679 3611; baseline -0.011 -17"><span class='ocrx_word' id='word_1_678' title='bbox 2128 3538 2514 3611; x_wconf 79' lang='grc' dir='ltr'>στηλογραφία,</span> <span class='ocrx_word' id='word_1_679' title='bbox 2544 3537 2632 3590; x_wconf 81' lang='grc' dir='ltr'>ὅτε</span> <span class='ocrx_word' id='word_1_680' title='bbox 2671 3535 2979 3606; x_wconf 76' lang='grc' dir='ltr'>ἐκράτησαν</span> <span class='ocrx_word' id='word_1_681' title='bbox 3025 3531 3186 3585; x_wconf 76' lang='grc' dir='ltr'>αὑτὸν</span> <span class='ocrx_word' id='word_1_682' title='bbox 3233 3531 3280 3582; x_wconf 83' lang='grc' dir='ltr'><strong>οἰ</strong></span> <span class='ocrx_word' id='word_1_683' title='bbox 3308 3527 3596 3596; x_wconf 78' lang='grc' dir='ltr'>ἀλλόφυλοι</span> <span class='ocrx_word' id='word_1_684' title='bbox 3630 3528 3679 3577; x_wconf 80' lang='grc' dir='ltr'>ὲν</span> 
     </span>
    </p>
   </div>
   <div class='ocr_carea' id='block_1_88' title="bbox 2128 3617 3680 3697">
    <p class='ocr_par' dir='ltr' id='par_1_88' title="bbox 2128 3617 3680 3697">
     <span class='ocr_line' id='line_1_88' title="bbox 2128 3617 3680 3697; baseline -0.009 -12"><span class='ocrx_word' id='word_1_685' title='bbox 2128 3632 2251 3685; x_wconf 85' lang='grc' dir='ltr'>Γέθ.</span> <span class='ocrx_word' id='word_1_686' title='bbox 2299 3629 2456 3684; x_wconf 83' lang='grc' dir='ltr'>Κατὰ</span> <span class='ocrx_word' id='word_1_687' title='bbox 2502 3628 2558 3681; x_wconf 80' lang='grc' dir='ltr'><strong>δὲ</strong></span> <span class='ocrx_word' id='word_1_688' title='bbox 2607 3627 2697 3680; x_wconf 84' lang='grc' dir='ltr'><strong>τὸν</strong></span> <span class='ocrx_word' id='word_1_689' title='bbox 2736 3626 2964 3679; x_wconf 86' lang='grc' dir='ltr'>Ἀκύλαν</span> <span class='ocrx_word' id='word_1_690' title='bbox 3005 3623 3214 3697; x_wconf 71' lang='grc' dir='ltr'>εἴρηται</span> <span class='ocrx_word' id='word_1_691' title='bbox 3241 3641 3255 3653; x_wconf 91' lang='grc'><strong>·</strong></span> <span class='ocrx_word' id='word_1_692' title='bbox 3295 3621 3379 3688; x_wconf 86' lang='grc' dir='ltr'><strong>Τῷ</strong></span> <span class='ocrx_word' id='word_1_693' title='bbox 3409 3617 3680 3684; x_wconf 74' lang='grc' dir='ltr'>νικοποιῷ</span> 
     </span>
    </p>
   </div>
   <div class='ocr_carea' id='block_1_89' title="bbox 2125 3707 3682 3789">
    <p class='ocr_par' dir='ltr' id='par_1_89' title="bbox 2125 3707 3682 3789">
     <span class='ocr_line' id='line_1_89' title="bbox 2125 3707 3682 3789; baseline -0.009 -14"><span class='ocrx_word' id='word_1_694' title='bbox 2125 3721 2275 3789; x_wconf 83' lang='grc' dir='ltr'>ὑπὲρ</span> <span class='ocrx_word' id='word_1_695' title='bbox 2303 3714 2656 3787; x_wconf 75' lang='grc' dir='ltr'>περιστερᾶς</span> <span class='ocrx_word' id='word_1_696' title='bbox 2683 3715 2934 3779; x_wconf 76' lang='grc' dir='ltr'>ἀλάλου,</span> <span class='ocrx_word' id='word_1_697' title='bbox 2964 3712 3332 3784; x_wconf 81' lang='grc' dir='ltr'>μακρυσμῶν</span> <span class='ocrx_word' id='word_1_698' title='bbox 3372 3709 3481 3764; x_wconf 83' lang='grc' dir='ltr'>τοῦ</span> <span class='ocrx_word' id='word_1_699' title='bbox 3513 3707 3682 3763; x_wconf 78' lang='grc' dir='ltr'><strong>Λαινῒὸ</strong></span> 
     </span>
    </p>
   </div>
   <div class='ocr_carea' id='block_1_90' title="bbox 2126 3801 3680 3875">
    <p class='ocr_par' dir='ltr' id='par_1_90' title="bbox 2126 3801 3680 3875">
     <span class='ocr_line' id='line_1_90' title="bbox 2126 3801 3680 3875; baseline -0.009 -10"><span class='ocrx_word' id='word_1_700' title='bbox 2126 3811 2426 3875; x_wconf 80' lang='grc' dir='ltr'>ταπεινοῦ,</span> <span class='ocrx_word' id='word_1_701' title='bbox 2451 3811 2702 3873; x_wconf 76' lang='grc' dir='ltr'>τελείου,</span> <span class='ocrx_word' id='word_1_702' title='bbox 2744 3810 2813 3862; x_wconf 79' lang='grc' dir='ltr'><strong>ἐν</strong></span> <span class='ocrx_word' id='word_1_703' title='bbox 2841 3806 2921 3873; x_wconf 82' lang='grc' dir='ltr'>τῷ</span> <span class='ocrx_word' id='word_1_704' title='bbox 2964 3803 3258 3874; x_wconf 79' lang='grc' dir='ltr'>κρατῆσαι</span> <span class='ocrx_word' id='word_1_705' title='bbox 3297 3801 3485 3857; x_wconf 77' lang='grc' dir='ltr'>αὐτὸν</span> <span class='ocrx_word' id='word_1_706' title='bbox 3517 3803 3680 3854; x_wconf 75' lang='grc' dir='ltr'>Φυλι-</span> 
     </span>
    </p>
   </div>
   <div class='ocr_carea' id='block_1_91' title="bbox 2126 3890 3679 3968">
    <p class='ocr_par' dir='ltr' id='par_1_91' title="bbox 2126 3890 3679 3968">
     <span class='ocr_line' id='line_1_91' title="bbox 2126 3890 3679 3968; baseline -0.01 -10"><span class='ocrx_word' id='word_1_707' title='bbox 2126 3903 2371 3968; x_wconf 83' lang='grc' dir='ltr'>σταίους</span> <span class='ocrx_word' id='word_1_708' title='bbox 2400 3902 2469 3956; x_wconf 80' lang='grc' dir='ltr'><strong>ἐν</strong></span> <span class='ocrx_word' id='word_1_709' title='bbox 2493 3901 2611 3957; x_wconf 84' lang='grc' dir='ltr'>Γέθ</span> <span class='ocrx_word' id='word_1_710' title='bbox 2634 3919 2647 3932; x_wconf 88' lang='grc'><strong>·</strong></span> <span class='ocrx_word' id='word_1_711' title='bbox 2683 3899 2824 3955; x_wconf 85' lang='grc' dir='ltr'><strong>κατά</strong></span> <span class='ocrx_word' id='word_1_712' title='bbox 2864 3899 2919 3952; x_wconf 83' lang='grc' dir='ltr'><strong>δὲ</strong></span> <span class='ocrx_word' id='word_1_713' title='bbox 2969 3897 3061 3950; x_wconf 82' lang='grc' dir='ltr'><strong>τὸν</strong></span> <span class='ocrx_word' id='word_1_714' title='bbox 3098 3895 3423 3966; x_wconf 84' lang='grc' dir='ltr'>Σύμμαχον·</span> <span class='ocrx_word' id='word_1_715' title='bbox 3473 3890 3679 3945; x_wconf 73' lang='grc' dir='ltr'><strong>Ἐπιγί-</strong></span> 
     </span>
    </p>
   </div>
   <div class='ocr_carea' id='block_1_92' title="bbox 2125 3985 3682 4064">
    <p class='ocr_par' dir='ltr' id='par_1_92' title="bbox 2125 3985 3682 4064">
     <span class='ocr_line' id='line_1_92' title="bbox 2125 3985 3682 4064; baseline -0.01 -14"><span class='ocrx_word' id='word_1_716' title='bbox 2125 4013 2258 4050; x_wconf 83' lang='grc' dir='ltr'>κιον</span> <span class='ocrx_word' id='word_1_717' title='bbox 2280 3995 2430 4064; x_wconf 78' lang='grc' dir='ltr'>ὑπὲρ</span> <span class='ocrx_word' id='word_1_718' title='bbox 2458 3992 2569 4063; x_wconf 80' lang='grc' dir='ltr'>τῆς</span> <span class='ocrx_word' id='word_1_719' title='bbox 2611 3990 2979 4061; x_wconf 81' lang='grc' dir='ltr'>περιστερᾶς,</span> <span class='ocrx_word' id='word_1_720' title='bbox 3009 3988 3158 4057; x_wconf 78' lang='grc' dir='ltr'>ὑπὲρ</span> <span class='ocrx_word' id='word_1_721' title='bbox 3181 3987 3287 4041; x_wconf 86' lang='grc' dir='ltr'>τοῦ</span> <span class='ocrx_word' id='word_1_722' title='bbox 3319 3986 3521 4055; x_wconf 67' lang='grc' dir='ltr'>φύλου</span> <span class='ocrx_word' id='word_1_723' title='bbox 3543 3985 3682 4038; x_wconf 66' lang='lat' dir='ltr'><strong>axu-</strong></span> 
     </span>
    </p>
   </div>
   <div class='ocr_carea' id='block_1_93' title="bbox 2125 4078 3681 4158">
    <p class='ocr_par' dir='ltr' id='par_1_93' title="bbox 2125 4078 3681 4158">
     <span class='ocr_line' id='line_1_93' title="bbox 2125 4078 3681 4158; baseline -0.008 -15"><span class='ocrx_word' id='word_1_724' title='bbox 2125 4087 2352 4158; x_wconf 81' lang='grc' dir='ltr'>σμένον</span> <span class='ocrx_word' id='word_1_725' title='bbox 2395 4086 2500 4141; x_wconf 86' lang='grc' dir='ltr'>τοῦ</span> <span class='ocrx_word' id='word_1_726' title='bbox 2536 4084 2735 4148; x_wconf 81' lang='grc' dir='ltr'>Δαυῒδ,</span> <span class='ocrx_word' id='word_1_727' title='bbox 2783 4083 2886 4137; x_wconf 85' lang='grc' dir='ltr'>τοῦ</span> <span class='ocrx_word' id='word_1_728' title='bbox 2943 4081 3404 4149; x_wconf 64' lang='grc' dir='ltr'>ταπεινόφρονος</span> <span class='ocrx_word' id='word_1_729' title='bbox 3447 4078 3547 4131; x_wconf 74' lang='grc' dir='ltr'>καὶ</span> <span class='ocrx_word' id='word_1_730' title='bbox 3592 4078 3681 4145; x_wconf 78' lang='grc' dir='ltr'>ἀμ·</span> 
     </span>
    </p>
   </div>
   <div class='ocr_carea' id='block_1_94' title="bbox 2124 4166 3675 4247">
    <p class='ocr_par' dir='ltr' id='par_1_94' title="bbox 2124 4166 3675 4247">
     <span class='ocr_line' id='line_1_94' title="bbox 2124 4166 3675 4247; baseline -0.008 -15"><span class='ocrx_word' id='word_1_731' title='bbox 2124 4179 2303 4247; x_wconf 82' lang='grc' dir='ltr'>ὠμου,</span> <span class='ocrx_word' id='word_1_732' title='bbox 2332 4176 2428 4230; x_wconf 78' lang='grc' dir='ltr'>ὅτε</span> <span class='ocrx_word' id='word_1_733' title='bbox 2458 4176 2755 4245; x_wconf 78' lang='grc' dir='ltr'><strong>κατέσχον</strong></span> <span class='ocrx_word' id='word_1_734' title='bbox 2771 4172 2955 4228; x_wconf 73' lang='grc' dir='ltr'>αὐτὸν</span> <span class='ocrx_word' id='word_1_735' title='bbox 2981 4175 3034 4225; x_wconf 85' lang='grc' dir='ltr'>οἱ</span> <span class='ocrx_word' id='word_1_736' title='bbox 3073 4169 3413 4225; x_wconf 75' lang='grc' dir='ltr'>Φυλισταῖοι</span> <span class='ocrx_word' id='word_1_737' title='bbox 3441 4169 3511 4221; x_wconf 80' lang='grc' dir='ltr'><strong>ἐν</strong></span> <span class='ocrx_word' id='word_1_738' title='bbox 3538 4166 3675 4220; x_wconf 86' lang='grc' dir='ltr'><strong>Γέθ·</strong></span> 
     </span>
    </p>
   </div>
   <div class='ocr_carea' id='block_1_95' title="bbox 2123 4257 3681 4341">
    <p class='ocr_par' dir='ltr' id='par_1_95' title="bbox 2123 4257 3681 4341">
     <span class='ocr_line' id='line_1_95' title="bbox 2123 4257 3681 4341; baseline -0.01 -19"><span class='ocrx_word' id='word_1_739' title='bbox 2123 4273 2156 4341; x_wconf 81' lang='grc' dir='ltr'>ἡ</span> <span class='ocrx_word' id='word_1_740' title='bbox 2190 4269 2246 4321; x_wconf 81' lang='grc' dir='ltr'>δὲ</span> <span class='ocrx_word' id='word_1_741' title='bbox 2272 4268 2493 4339; x_wconf 82' lang='grc' dir='ltr'>πέμπτη</span> <span class='ocrx_word' id='word_1_742' title='bbox 2530 4267 2765 4330; x_wconf 74' lang='grc' dir='ltr'>ἔκδοσιςο</span> <span class='ocrx_word' id='word_1_743' title='bbox 2809 4264 2890 4330; x_wconf 81' lang='grc' dir='ltr'><strong>Τῷ</strong></span> <span class='ocrx_word' id='word_1_744' title='bbox 2914 4260 3196 4328; x_wconf 74' lang='grc' dir='ltr'>νικοποιῷ</span> <span class='ocrx_word' id='word_1_745' title='bbox 3227 4260 3378 4328; x_wconf 81' lang='grc' dir='ltr'>ὑπὲρ</span> <span class='ocrx_word' id='word_1_746' title='bbox 3398 4257 3508 4327; x_wconf 82' lang='grc' dir='ltr'>τῆς</span> <span class='ocrx_word' id='word_1_747' title='bbox 3535 4275 3681 4325; x_wconf 65' lang='grc' dir='ltr'>περι-</span> 
     </span>
    </p>
   </div>
   <div class='ocr_carea' id='block_1_96' title="bbox 2126 4350 3676 4429">
    <p class='ocr_par' dir='ltr' id='par_1_96' title="bbox 2126 4350 3676 4429">
     <span class='ocr_line' id='line_1_96' title="bbox 2126 4350 3676 4429; baseline -0.008 -15"><span class='ocrx_word' id='word_1_748' title='bbox 2126 4357 2343 4428; x_wconf 82' lang='grc' dir='ltr'>στερᾶς</span> <span class='ocrx_word' id='word_1_749' title='bbox 2387 4357 2494 4428; x_wconf 81' lang='grc' dir='ltr'>τῆς</span> <span class='ocrx_word' id='word_1_750' title='bbox 2525 4357 2876 4429; x_wconf 75' lang='grc' dir='ltr'>μογιλάλου,</span> <span class='ocrx_word' id='word_1_751' title='bbox 2898 4354 3317 4425; x_wconf 71' lang='grc' dir='ltr'><strong>κεκρυμμένων</strong></span> <span class='ocrx_word' id='word_1_752' title='bbox 3365 4350 3445 4418; x_wconf 83' lang='grc' dir='ltr'>τῷ</span> <span class='ocrx_word' id='word_1_753' title='bbox 3486 4350 3676 4411; x_wconf 80' lang='grc' dir='ltr'>Δαυῒὸ,</span> 
     </span>
    </p>
   </div>
   <div class='ocr_carea' id='block_1_97' title="bbox 2125 4443 3679 4520">
    <p class='ocr_par' dir='ltr' id='par_1_97' title="bbox 2125 4443 3679 4520">
     <span class='ocr_line' id='line_1_97' title="bbox 2125 4443 3679 4520; baseline -0.007 -15"><span class='ocrx_word' id='word_1_754' title='bbox 2125 4454 2212 4518; x_wconf 76' lang='grc' dir='ltr'>εὶς</span> <span class='ocrx_word' id='word_1_755' title='bbox 2258 4451 2726 4520; x_wconf 65' lang='grc' dir='ltr'>στηλοποαφίαν,</span> <span class='ocrx_word' id='word_1_756' title='bbox 2779 4451 2956 4504; x_wconf 80' lang='grc' dir='ltr'>ὁπότε</span> <span class='ocrx_word' id='word_1_757' title='bbox 3006 4445 3347 4515; x_wconf 74' lang='grc' dir='ltr'>ἐκράτησαν</span> <span class='ocrx_word' id='word_1_758' title='bbox 3400 4443 3587 4498; x_wconf 73' lang='grc' dir='ltr'>αὐτὸν</span> <span class='ocrx_word' id='word_1_759' title='bbox 3633 4444 3679 4494; x_wconf 79' lang='lat' dir='ltr'><strong>ot</strong></span> 
     </span>
    </p>
   </div>
   <div class='ocr_carea' id='block_1_98' title="bbox 2127 4529 3678 4609">
    <p class='ocr_par' dir='ltr' id='par_1_98' title="bbox 2127 4529 3678 4609">
     <span class='ocr_line' id='line_1_98' title="bbox 2127 4529 3678 4609; baseline -0.008 -15"><span class='ocrx_word' id='word_1_760' title='bbox 2127 4540 2463 4609; x_wconf 65' lang='grc' dir='ltr'>ἀλλόφυλοι</span> <span class='ocrx_word' id='word_1_761' title='bbox 2498 4541 2567 4593; x_wconf 84' lang='grc' dir='ltr'><strong>ἐν</strong></span> <span class='ocrx_word' id='word_1_762' title='bbox 2603 4539 2746 4593; x_wconf 89' lang='grc' dir='ltr'><strong>Γέθ·</strong></span> <span class='ocrx_word' id='word_1_763' title='bbox 2794 4540 2887 4593; x_wconf 71' lang='grc' dir='ltr'>καὶ</span> <span class='ocrx_word' id='word_1_764' title='bbox 2924 4540 2952 4591; x_wconf 85' lang='grc' dir='ltr'>ὁ</span> <span class='ocrx_word' id='word_1_765' title='bbox 2995 4534 3285 4589; x_wconf 87' lang='grc' dir='ltr'>Θεοδοτίων</span> <span class='ocrx_word' id='word_1_766' title='bbox 3326 4533 3383 4587; x_wconf 80' lang='grc' dir='ltr'>δὲ</span> <span class='ocrx_word' id='word_1_767' title='bbox 3427 4533 3546 4586; x_wconf 77' lang='grc' dir='ltr'>ἀντὶ</span> <span class='ocrx_word' id='word_1_768' title='bbox 3572 4529 3678 4592; x_wconf 76' lang='grc' dir='ltr'>τοῦ,</span> 
     </span>
    </p>
   </div>
   <div class='ocr_carea' id='block_1_99' title="bbox 2058 4607 3677 4700">
    <p class='ocr_par' dir='ltr' id='par_1_99' title="bbox 2058 4607 3677 4700">
     <span class='ocr_line' id='line_1_99' title="bbox 2058 4607 3677 4700; baseline -0.005 -15"><span class='ocrx_word' id='word_1_769' title='bbox 2058 4607 2100 4663; x_wconf 80' lang='lat' dir='ltr'><strong>D</strong></span> <span class='ocrx_word' id='word_1_770' title='bbox 2141 4607 2304 4700; x_wconf 75' lang='grc' dir='ltr'><strong>Ὑπὲρ</strong></span> <span class='ocrx_word' id='word_1_771' title='bbox 2342 4631 2446 4685; x_wconf 85' lang='grc' dir='ltr'>τοῦ</span> <span class='ocrx_word' id='word_1_772' title='bbox 2486 4630 2640 4685; x_wconf 76' lang='grc' dir='ltr'>λαοῦ</span> <span class='ocrx_word' id='word_1_773' title='bbox 2670 4631 2786 4685; x_wconf 75' lang='grc' dir='ltr'>ἀπὸ</span> <span class='ocrx_word' id='word_1_774' title='bbox 2825 4631 2943 4687; x_wconf 79' lang='grc' dir='ltr'><strong>τῶν</strong></span> <span class='ocrx_word' id='word_1_775' title='bbox 2971 4630 3153 4699; x_wconf 74' lang='grc' dir='ltr'>ἁγίων</span> <span class='ocrx_word' id='word_1_776' title='bbox 3172 4623 3677 4697; x_wconf 62' lang='grc' dir='ltr'>μεμακρυμμέωυ,</span> 
     </span>
    </p>
   </div>
   <div class='ocr_carea' id='block_1_100' title="bbox 2128 4716 3677 4793">
    <p class='ocr_par' dir='ltr' id='par_1_100' title="bbox 2128 4716 3677 4793">
     <span class='ocr_line' id='line_1_100' title="bbox 2128 4716 3677 4793; baseline -0.008 -16"><span class='ocrx_word' id='word_1_777' title='bbox 2128 4724 2279 4792; x_wconf 79' lang='grc' dir='ltr'>ὑπὲρ</span> <span class='ocrx_word' id='word_1_778' title='bbox 2306 4723 2414 4792; x_wconf 84' lang='grc' dir='ltr'>τῆς</span> <span class='ocrx_word' id='word_1_779' title='bbox 2441 4723 2807 4793; x_wconf 79' lang='grc' dir='ltr'>περιστερᾶς,</span> <span class='ocrx_word' id='word_1_780' title='bbox 2840 4721 3038 4792; x_wconf 77' lang='grc' dir='ltr'>ὁμοίως</span> <span class='ocrx_word' id='word_1_781' title='bbox 3066 4722 3176 4785; x_wconf 86' lang='grc' dir='ltr'>τοῖς</span> <span class='ocrx_word' id='word_1_782' title='bbox 3208 4719 3411 4782; x_wconf 75' lang='grc' dir='ltr'>λοιποῖς</span> <span class='ocrx_word' id='word_1_783' title='bbox 3438 4716 3677 4781; x_wconf 79' lang='grc' dir='ltr'><strong>ἐξέδωκε.</strong></span> 
     </span>
    </p>
   </div>
   <div class='ocr_carea' id='block_1_101' title="bbox 2130 4803 3677 4885">
    <p class='ocr_par' dir='ltr' id='par_1_101' title="bbox 2130 4803 3677 4885">
     <span class='ocr_line' id='line_1_101' title="bbox 2130 4803 3677 4885; baseline -0.007 -17"><span class='ocrx_word' id='word_1_784' title='bbox 2130 4815 2280 4885; x_wconf 82' lang='grc' dir='ltr'><strong>Τάχα</strong></span> <span class='ocrx_word' id='word_1_785' title='bbox 2329 4814 2386 4867; x_wconf 81' lang='grc' dir='ltr'>δέ</span> <span class='ocrx_word' id='word_1_786' title='bbox 2434 4832 2536 4868; x_wconf 88' lang='grc' dir='ltr'><strong>που</strong></span> <span class='ocrx_word' id='word_1_787' title='bbox 2580 4815 2906 4867; x_wconf 75' lang='grc' dir='ltr'>αἰνίττονται</span> <span class='ocrx_word' id='word_1_788' title='bbox 2957 4814 3006 4865; x_wconf 82' lang='grc' dir='ltr'><strong>οἰ</strong></span> <span class='ocrx_word' id='word_1_789' title='bbox 3062 4810 3387 4882; x_wconf 79' lang='grc' dir='ltr'>περιστερὰν</span> <span class='ocrx_word' id='word_1_790' title='bbox 3434 4803 3677 4872; x_wconf 80' lang='grc' dir='ltr'>ἄλαλονῆ</span> 
     </span>
    </p>
   </div>
   <div class='ocr_carea' id='block_1_102' title="bbox 2133 4893 3678 4977">
    <p class='ocr_par' dir='ltr' id='par_1_102' title="bbox 2133 4893 3678 4977">
     <span class='ocr_line' id='line_1_102' title="bbox 2133 4893 3678 4977; baseline -0.008 -19"><span class='ocrx_word' id='word_1_791' title='bbox 2133 4905 2416 4976; x_wconf 87' lang='grc' dir='ltr'>μογιλάλον</span> <span class='ocrx_word' id='word_1_792' title='bbox 2447 4906 2726 4977; x_wconf 78' lang='grc' dir='ltr'>εἰρηκότες</span> <span class='ocrx_word' id='word_1_793' title='bbox 2755 4903 2915 4957; x_wconf 82' lang='grc' dir='ltr'>αὐτὸν</span> <span class='ocrx_word' id='word_1_794' title='bbox 2945 4902 3035 4955; x_wconf 79' lang='grc' dir='ltr'><strong>τὸν</strong></span> <span class='ocrx_word' id='word_1_795' title='bbox 3064 4901 3222 4954; x_wconf 80' lang='grc' dir='ltr'><strong>Δαυῖδ</strong></span> <span class='ocrx_word' id='word_1_796' title='bbox 3264 4898 3415 4967; x_wconf 85' lang='grc' dir='ltr'><strong>παρά</strong></span> <span class='ocrx_word' id='word_1_797' title='bbox 3456 4900 3566 4959; x_wconf 79' lang='grc' dir='ltr'>τοῖς</span> <span class='ocrx_word' id='word_1_798' title='bbox 3589 4893 3678 4948; x_wconf 88' lang='grc' dir='ltr'>ἀλ-</span> 
     </span>
    </p>
   </div>
   <div class='ocr_carea' id='block_1_103' title="bbox 2128 4984 3679 5068">
    <p class='ocr_par' dir='ltr' id='par_1_103' title="bbox 2128 4984 3679 5068">
     <span class='ocr_line' id='line_1_103' title="bbox 2128 4984 3679 5068; baseline -0.008 -17"><span class='ocrx_word' id='word_1_799' title='bbox 2128 4997 2378 5068; x_wconf 84' lang='grc' dir='ltr'>λοφύλοις</span> <span class='ocrx_word' id='word_1_800' title='bbox 2404 4998 2551 5062; x_wconf 75' lang='grc' dir='ltr'>ὄντα,</span> <span class='ocrx_word' id='word_1_801' title='bbox 2581 4996 2673 5050; x_wconf 80' lang='grc' dir='ltr'><strong>καί</strong></span> <span class='ocrx_word' id='word_1_802' title='bbox 2708 4996 2780 5067; x_wconf 84' lang='grc' dir='ltr'>μὴ</span> <span class='ocrx_word' id='word_1_803' title='bbox 2805 4995 3095 5065; x_wconf 82' lang='grc' dir='ltr'>δυνάμενον</span> <span class='ocrx_word' id='word_1_804' title='bbox 3120 4992 3297 5045; x_wconf 81' lang='grc' dir='ltr'>λαλεῖν</span> <span class='ocrx_word' id='word_1_805' title='bbox 3331 4988 3570 5060; x_wconf 80' lang='grc' dir='ltr'>συνήθως</span> <span class='ocrx_word' id='word_1_806' title='bbox 3589 4984 3679 5048; x_wconf 65' lang='grc' dir='ltr'>τὰς</span> 
     </span>
    </p>
   </div>
   <div class='ocr_carea' id='block_1_104' title="bbox 2131 5075 3678 5160">
    <p class='ocr_par' dir='ltr' id='par_1_104' title="bbox 2131 5075 3678 5160">
     <span class='ocr_line' id='line_1_104' title="bbox 2131 5075 3678 5160; baseline -0.01 -16"><span class='ocrx_word' id='word_1_807' title='bbox 2131 5094 2189 5144; x_wconf 87' lang='grc' dir='ltr'>ὲν</span> <span class='ocrx_word' id='word_1_808' title='bbox 2223 5092 2363 5160; x_wconf 80' lang='grc' dir='ltr'>ἁγίῳ</span> <span class='ocrx_word' id='word_1_809' title='bbox 2400 5089 2676 5160; x_wconf 86' lang='grc' dir='ltr'>Πνεύματι</span> <span class='ocrx_word' id='word_1_810' title='bbox 2711 5086 3062 5158; x_wconf 80' lang='grc' dir='ltr'>προφητείας,</span> <span class='ocrx_word' id='word_1_811' title='bbox 3109 5083 3239 5156; x_wconf 75' lang='grc' dir='ltr'>μηδὲ</span> <span class='ocrx_word' id='word_1_812' title='bbox 3278 5083 3374 5136; x_wconf 78' lang='grc' dir='ltr'><strong>σὺν</strong></span> <span class='ocrx_word' id='word_1_813' title='bbox 3412 5075 3678 5150; x_wconf 64' lang='grc' dir='ltr'>παρρησίᾳ</span> 
     </span>
    </p>
   </div>
   <div class='ocr_carea' id='block_1_105' title="bbox 2131 5172 3679 5253">
    <p class='ocr_par' dir='ltr' id='par_1_105' title="bbox 2131 5172 3679 5253">
     <span class='ocr_line' id='line_1_105' title="bbox 2131 5172 3679 5253; baseline -0.01 -17"><span class='ocrx_word' id='word_1_814' title='bbox 2131 5183 2253 5246; x_wconf 78' lang='grc' dir='ltr'>τοὺς</span> <span class='ocrx_word' id='word_1_815' title='bbox 2275 5182 2474 5253; x_wconf 75' lang='grc' dir='ltr'>ὕμνους</span> <span class='ocrx_word' id='word_1_816' title='bbox 2486 5179 2886 5251; x_wconf 75' lang='grc' dir='ltr'>προσφέρεσθαι</span> <span class='ocrx_word' id='word_1_817' title='bbox 2906 5177 3002 5247; x_wconf 81' lang='grc'><strong>(1).</strong></span> <span class='ocrx_word' id='word_1_818' title='bbox 3023 5175 3113 5229; x_wconf 81' lang='grc' dir='ltr'><strong>Διὸ</strong></span> <span class='ocrx_word' id='word_1_819' title='bbox 3132 5172 3416 5247; x_wconf 83' lang='grc' dir='ltr'>μογιλάλον</span> <span class='ocrx_word' id='word_1_820' title='bbox 3440 5184 3679 5241; x_wconf 58' lang='grc' dir='ltr'>πριστε-</span> 
     </span>
    </p>
   </div>
   <div class='ocr_carea' id='block_1_106' title="bbox 2134 5258 3678 5346">
    <p class='ocr_par' dir='ltr' id='par_1_106' title="bbox 2134 5258 3678 5346">
     <span class='ocr_line' id='line_1_106' title="bbox 2134 5258 3678 5346; baseline -0.011 -18"><span class='ocrx_word' id='word_1_821' title='bbox 2134 5274 2232 5346; x_wconf 75' lang='grc' dir='ltr'><strong>ρὰν</strong></span> <span class='ocrx_word' id='word_1_822' title='bbox 2260 5275 2295 5345; x_wconf 74' lang='grc' dir='ltr'><strong>ἢ</strong></span> <span class='ocrx_word' id='word_1_823' title='bbox 2333 5274 2427 5326; x_wconf 69' lang='grc' dir='ltr'><strong>καὶ</strong></span> <span class='ocrx_word' id='word_1_824' title='bbox 2471 5272 2664 5326; x_wconf 82' lang='grc' dir='ltr'>ἄλαλον</span> <span class='ocrx_word' id='word_1_825' title='bbox 2698 5270 2858 5323; x_wconf 80' lang='grc' dir='ltr'>αὑτὸν</span> <span class='ocrx_word' id='word_1_826' title='bbox 2901 5268 3198 5338; x_wconf 80' lang='grc' dir='ltr'>ὠνόμαζον.</span> <span class='ocrx_word' id='word_1_827' title='bbox 3244 5265 3351 5318; x_wconf 80' lang='grc' dir='ltr'><strong>Καὶ</strong></span> <span class='ocrx_word' id='word_1_828' title='bbox 3392 5267 3447 5316; x_wconf 88' lang='grc' dir='ltr'>ἐν</span> <span class='ocrx_word' id='word_1_829' title='bbox 3470 5260 3549 5332; x_wconf 81' lang='grc' dir='ltr'><strong>τῷ</strong></span> <span class='ocrx_word' id='word_1_830' title='bbox 3580 5258 3678 5329; x_wconf 72' lang='grc' dir='ltr'>πρὸ</span> 
     </span>
    </p>
   </div>
   <div class='ocr_carea' id='block_1_107' title="bbox 2130 5352 3679 5434">
    <p class='ocr_par' dir='ltr' id='par_1_107' title="bbox 2130 5352 3679 5434">
     <span class='ocr_line' id='line_1_107' title="bbox 2130 5352 3679 5434; baseline -0.01 -15"><span class='ocrx_word' id='word_1_831' title='bbox 2130 5366 2315 5419; x_wconf 86' lang='grc' dir='ltr'>τούτου</span> <span class='ocrx_word' id='word_1_832' title='bbox 2345 5365 2401 5418; x_wconf 84' lang='grc' dir='ltr'><strong>δὲ</strong></span> <span class='ocrx_word' id='word_1_833' title='bbox 2431 5363 2629 5434; x_wconf 72' lang='grc' dir='ltr'>ψαλμῷ</span> <span class='ocrx_word' id='word_1_834' title='bbox 2653 5361 2867 5415; x_wconf 77' lang='grc' dir='ltr'>λέλεκτο</span> <span class='ocrx_word' id='word_1_835' title='bbox 2886 5377 2899 5391; x_wconf 79' lang='grc'><strong><em>⁸</em></strong></span> <span class='ocrx_word' id='word_1_836' title='bbox 2937 5360 3031 5425; x_wconf 86' lang='grc' dir='ltr'><strong>Τίς</strong></span> <span class='ocrx_word' id='word_1_837' title='bbox 3062 5358 3238 5411; x_wconf 80' lang='grc' dir='ltr'>δώσει</span> <span class='ocrx_word' id='word_1_838' title='bbox 3270 5372 3371 5426; x_wconf 84' lang='grc' dir='ltr'><strong>μοι</strong></span> <span class='ocrx_word' id='word_1_839' title='bbox 3394 5352 3679 5418; x_wconf 71' lang='grc' dir='ltr'>πτέρυγας</span> 
     </span>
    </p>
   </div>
   <div class='ocr_carea' id='block_1_108' title="bbox 2130 5443 3680 5525">
    <p class='ocr_par' dir='ltr' id='par_1_108' title="bbox 2130 5443 3680 5525">
     <span class='ocr_line' id='line_1_108' title="bbox 2130 5443 3680 5525; baseline -0.01 -15"><span class='ocrx_word' id='word_1_840' title='bbox 2130 5458 2271 5512; x_wconf 77' lang='grc' dir='ltr'>ὡσεὶ</span> <span class='ocrx_word' id='word_1_841' title='bbox 2300 5454 2686 5525; x_wconf 78' lang='grc' dir='ltr'>περιστερᾱς;</span> <span class='ocrx_word' id='word_1_842' title='bbox 2712 5454 2819 5507; x_wconf 77' lang='grc' dir='ltr'><strong>Καὶ</strong></span> <span class='ocrx_word' id='word_1_843' title='bbox 2850 5449 3293 5519; x_wconf 80' lang='grc' dir='ltr'>πετασθήσομαι</span> <span class='ocrx_word' id='word_1_844' title='bbox 3328 5447 3367 5515; x_wconf 76' lang='grc' dir='ltr'><em>ἢ</em></span> <span class='ocrx_word' id='word_1_845' title='bbox 3392 5444 3485 5500; x_wconf 73' lang='grc' dir='ltr'>καὶ</span> <span class='ocrx_word' id='word_1_846' title='bbox 3517 5443 3680 5511; x_wconf 69' lang='grc' dir='ltr'>ἐδραο</span> 
     </span>
    </p>
   </div>
   <div class='ocr_carea' id='block_1_109' title="bbox 2132 5531 3680 5619">
    <p class='ocr_par' dir='ltr' id='par_1_109' title="bbox 2132 5531 3680 5619">
     <span class='ocr_line' id='line_1_109' title="bbox 2132 5531 3680 5619; baseline -0.014 -15"><span class='ocrx_word' id='word_1_847' title='bbox 2132 5550 2449 5619; x_wconf 80' lang='grc' dir='ltr'>σθήσομαι.</span> <span class='ocrx_word' id='word_1_848' title='bbox 2502 5549 2699 5615; x_wconf 72' lang='grc' dir='ltr'><strong>Πόρῤω</strong></span> <span class='ocrx_word' id='word_1_849' title='bbox 2744 5544 2819 5599; x_wconf 73' lang='grc' dir='ltr'><strong>ἂν</strong></span> <span class='ocrx_word' id='word_1_850' title='bbox 2861 5544 3117 5611; x_wconf 74' lang='grc' dir='ltr'>ἐποίησα</span> <span class='ocrx_word' id='word_1_851' title='bbox 3165 5541 3280 5609; x_wconf 74' lang='grc' dir='ltr'><strong>τὴν</strong></span> <span class='ocrx_word' id='word_1_852' title='bbox 3311 5531 3680 5606; x_wconf 49' lang='grc' dir='ltr'>ἀναχώρησιν</span> 
     </span>
    </p>
   </div>
   <div class='ocr_carea' id='block_1_110' title="bbox 2126 5625 3680 5713">
    <p class='ocr_par' dir='ltr' id='par_1_110' title="bbox 2126 5625 3680 5713">
     <span class='ocr_line' id='line_1_110' title="bbox 2126 5625 3680 5713; baseline -0.012 -16"><span class='ocrx_word' id='word_1_853' title='bbox 2126 5659 2261 5713; x_wconf 85' lang='grc' dir='ltr'>μου,</span> <span class='ocrx_word' id='word_1_854' title='bbox 2292 5639 2615 5712; x_wconf 71' lang='grc' dir='ltr'>ηὐλιζὸμην</span> <span class='ocrx_word' id='word_1_855' title='bbox 2646 5637 2720 5695; x_wconf 78' lang='grc' dir='ltr'><strong>ἂν</strong></span> <span class='ocrx_word' id='word_1_856' title='bbox 2745 5639 2815 5691; x_wconf 70' lang='grc' dir='ltr'><strong><em>ἐν</em></strong></span> <span class='ocrx_word' id='word_1_857' title='bbox 2841 5635 2915 5705; x_wconf 78' lang='grc' dir='ltr'>τῇ</span> <span class='ocrx_word' id='word_1_858' title='bbox 2935 5634 3152 5705; x_wconf 71' lang='grc' dir='ltr'>ἐρήμῳ,</span> <span class='ocrx_word' id='word_1_859' title='bbox 3181 5631 3321 5690; x_wconf 80' lang='grc' dir='ltr'>κα,τά</span> <span class='ocrx_word' id='word_1_860' title='bbox 3351 5630 3436 5684; x_wconf 81' lang='grc' dir='ltr'><strong>τὸν</strong></span> <span class='ocrx_word' id='word_1_861' title='bbox 3458 5625 3680 5698; x_wconf 78' lang='grc' dir='ltr'>Σύμμαο</span> 
     </span>
    </p>
   </div>
   <div class='ocr_carea' id='block_1_111' title="bbox 543 5739 2025 5827">
    <p class='ocr_par' dir='ltr' id='par_1_111' title="bbox 543 5739 2019 5827">
     <span class='ocr_line' id='line_1_111' title="bbox 543 5739 2019 5827; baseline -0.001 -18"><span class='ocrx_word' id='word_1_862' title='bbox 543 5757 586 5788; x_wconf 83' lang='lat'>&quot;</span> <span class='ocrx_word' id='word_1_863' title='bbox 625 5755 643 5809; x_wconf 79' lang='grc' dir='ltr'><strong>ἰ</strong></span> <span class='ocrx_word' id='word_1_864' title='bbox 680 5754 815 5826; x_wconf 80' lang='lat' dir='ltr'><strong>Reg.</strong></span> <span class='ocrx_word' id='word_1_865' title='bbox 852 5773 980 5822; x_wconf 69' lang='grc' dir='ltr'><strong>χιι,</strong></span> <span class='ocrx_word' id='word_1_866' title='bbox 1019 5758 1105 5811; x_wconf 76' lang='grc'>13.</span> <span class='ocrx_word' id='word_1_867' title='bbox 1183 5758 1226 5788; x_wconf 90' lang='grc'><strong>¹³</strong></span> <span class='ocrx_word' id='word_1_868' title='bbox 1264 5739 1447 5827; x_wconf 65' lang='grc' dir='ltr'>ῐῖὶεε.</span> <span class='ocrx_word' id='word_1_869' title='bbox 1486 5772 1665 5820; x_wconf 73' lang='lat' dir='ltr'><strong>xxwr,</strong></span> <span class='ocrx_word' id='word_1_870' title='bbox 1701 5756 1757 5808; x_wconf 75' lang='grc'>2.</span> <span class='ocrx_word' id='word_1_871' title='bbox 1833 5756 1877 5786; x_wconf 78' lang='grc'><strong>¹⁸</strong></span> <span class='ocrx_word' id='word_1_872' title='bbox 1916 5754 2019 5810; x_wconf 89' lang='lat' dir='ltr'><strong>Psa</strong></span> 
     </span>
    </p>
   </div>
   <div class='ocr_carea' id='block_1_112' title="bbox 2132 5739 2397 5827">
    <p class='ocr_par' dir='ltr' id='par_1_112' title="bbox 2134 5754 2397 5821">
     <span class='ocr_line' id='line_1_112' title="bbox 2134 5754 2397 5821; baseline -0.004 -12"><span class='ocrx_word' id='word_1_873' title='bbox 2134 5772 2222 5821; x_wconf 77' lang='grc' dir='ltr'><strong>ιν,</strong></span> <span class='ocrx_word' id='word_1_874' title='bbox 2257 5756 2310 5820; x_wconf 87' lang='lat' dir='ltr'><strong>&#39;l,</strong></span> <span class='ocrx_word' id='word_1_875' title='bbox 2345 5754 2397 5810; x_wconf 92' lang='lat'><strong>8.</strong></span> 
     </span>
    </p>
   </div>
   <div class='ocr_carea' id='block_1_113' title="bbox 542 5843 2025 5918">
    <p class='ocr_par' dir='ltr' id='par_1_113' title="bbox 542 5848 2017 5918">
     <span class='ocr_line' id='line_1_113' title="bbox 542 5848 2017 5918; baseline -0.003 -12"><span class='ocrx_word' id='word_1_876' title='bbox 542 5852 618 5917; x_wconf 79' lang='grc' dir='ltr'><strong>(Ι)</strong></span> <span class='ocrx_word' id='word_1_877' title='bbox 652 5850 1119 5918; x_wconf 63' lang='grc' dir='ltr'>Προσφέρεσθαι.</span> <span class='ocrx_word' id='word_1_878' title='bbox 1153 5849 1315 5905; x_wconf 76' lang='lat' dir='ltr'><strong>Forte</strong></span> <span class='ocrx_word' id='word_1_879' title='bbox 1344 5848 1726 5917; x_wconf 60' lang='grc' dir='ltr'>προςὲρεσθαι,</span> <span class='ocrx_word' id='word_1_880' title='bbox 1762 5857 1819 5904; x_wconf 93' lang='lat' dir='ltr'><strong>ut</strong></span> <span class='ocrx_word' id='word_1_881' title='bbox 1855 5856 1908 5904; x_wconf 86' lang='lat' dir='ltr'><strong>ct</strong></span> <span class='ocrx_word' id='word_1_882' title='bbox 1945 5849 2017 5902; x_wconf 84' lang='lat' dir='ltr'><strong>int</strong></span> 
     </span>
    </p>
   </div>
   <div class='ocr_carea' id='block_1_114' title="bbox 2132 5843 2870 5918">
    <p class='ocr_par' dir='ltr' id='par_1_114' title="bbox 2132 5843 2870 5909">
     <span class='ocr_line' id='line_1_114' title="bbox 2132 5843 2870 5909; baseline -0.004 -8"><span class='ocrx_word' id='word_1_883' title='bbox 2132 5864 2210 5903; x_wconf 85' lang='lat' dir='ltr'><strong>res</strong></span> <span class='ocrx_word' id='word_1_884' title='bbox 2236 5846 2428 5909; x_wconf 66' lang='lat' dir='ltr'><strong>legisse</strong></span> <span class='ocrx_word' id='word_1_885' title='bbox 2457 5844 2685 5902; x_wconf 81' lang='lat' dir='ltr'><strong>videtur.</strong></span> <span class='ocrx_word' id='word_1_886' title='bbox 2716 5843 2870 5900; x_wconf 74' lang='grc' dir='ltr'>ῖιειτ.</span> 
     </span>
    </p>
   </div>
   <div class='ocr_carea' id='block_1_115' title="bbox 3819 1956 3822 3819">
    <p class='ocr_par' dir='ltr' id='par_1_115' title="bbox 3819 2798 3822 3819">
     <span class='ocr_line' id='line_1_115' title="bbox 3819 2798 3822 2973; baseline 0 0"><span class='ocrx_word' id='word_1_887' title='bbox 3819 2798 3822 2973; x_wconf 87' lang='grc'><strong>1</strong></span> 
     </span>
     <span class='ocr_line' id='line_1_116' title="bbox 3819 3606 3822 3819; baseline 0 0"><span class='ocrx_word' id='word_1_888' title='bbox 3819 3606 3822 3819; x_wconf 87' lang='grc' dir='ltr'><strong>Ι</strong></span> 
     </span>
    </p>
   </div>
  </div>
